{"id": "battle-gen9randombattle-743", "formatid": "gen9randombattle", "format": "[Gen 9] Random Battle", "players": ["p0x7436017", "p0y743295a"], "log": "|init|battle\n|title|p0x7436017 vs. p0y743295a\n|j|\u2606p0x7436017\n|j|\u2606p0y743295a\n|t:|1783547731\n|gametype|singles\n|player|p1|p0x7436017|266|\n|player|p2|p0y743295a|101|\n|gen|9\n|tier|[Gen 9] Random Battle\n|rule|Species Clause: Limit one of each Pok\u00e9mon\n|rule|HP Percentage Mod: HP is shown in percentages\n|rule|Sleep Clause Mod: Limit one foe put to sleep\n|rule|Illusion Level Mod: Illusion disguises the Pok\u00e9mon's true level\n|\n|t:|1783547731\n|teamsize|p1|6\n|teamsize|p2|6\n|start\n|switch|p1a: Tauros|Tauros-Paldea-Combat, L82, M|257/257\n|switch|p2a: Slowking|Slowking, L88, M|100/100\n|-ability|p1a: Tauros|Intimidate|boost\n|-unboost|p2a: Slowking|atk|1\n|turn|1\n|inactive|Battle timer is ON: inactive players will automatically lose when time's up. (requested by p0x7436017)\n|inactive|p0y743295a also wants the timer to be on.\n|\n|t:|1783547733\n|move|p1a: Tauros|Bulk Up|p1a: Tauros\n|-boost|p1a: Tauros|atk|1\n|-boost|p1a: Tauros|def|1\n|move|p2a: Slowking|Scald|p1a: Tauros\n|-damage|p1a: Tauros|142/257\n|-status|p1a: Tauros|brn\n|\n|-damage|p1a: Tauros|126/257 brn|[from] brn\n|upkeep\n|turn|2\n|inactive|Time left: 300 sec this turn | 300 sec total\n|\n|t:|1783547734\n|move|p1a: Tauros|Bulk Up|p1a: Tauros\n|-boost|p1a: Tauros|atk|1\n|-boost|p1a: Tauros|def|1\n|move|p2a: Slowking|Scald|p1a: Tauros\n|-damage|p1a: Tauros|11/257 brn\n|\n|-damage|p1a: Tauros|0 fnt|[from] brn\n|faint|p1a: Tauros\n|upkeep\n|inactive|Time left: 300 sec this turn | 300 sec total | 5 sec grace\n|\n|t:|1783547735\n|switch|p1a: Okidogi|Okidogi, L77, M|262/262\n|turn|3\n|inactive|Time left: 300 sec this turn | 300 sec total\n|\n|t:|1783547736\n|switch|p2a: Hippowdon|Hippowdon, L82, M|100/100\n|-weather|Sandstorm|[from] ability: Sand Stream|[of] p2a: Hippowdon\n|move|p1a: Okidogi|Knock Off|p2a: Hippowdon\n|-damage|p2a: Hippowdon|83/100\n|-damage|p1a: Okidogi|219/262|[from] item: Rocky Helmet|[of] p2a: Hippowdon\n|-status|p2a: Hippowdon|tox|[from] ability: Toxic Chain|[of] p1a: Okidogi\n|-enditem|p2a: Hippowdon|Rocky Helmet|[from] move: Knock Off|[of] p1a: Okidogi\n|\n|-weather|Sandstorm|[upkeep]\n|-damage|p1a: Okidogi|203/262|[from] Sandstorm\n|-heal|p1a: Okidogi|219/262|[from] item: Leftovers\n|-damage|p2a: Hippowdon|77/100 tox|[from] psn\n|upkeep\n|turn|4\n|inactive|Time left: 300 sec this turn | 300 sec total\n|\n|t:|1783547738\n|move|p1a: Okidogi|Bulk Up|p1a: Okidogi\n|-boost|p1a: Okidogi|atk|1\n|-boost|p1a: Okidogi|def|1\n|move|p2a: Hippowdon|Earthquake|p1a: Okidogi\n|-supereffective|p1a: Okidogi\n|-damage|p1a: Okidogi|75/262\n|\n|-weather|Sandstorm|[upkeep]\n|-damage|p1a: Okidogi|59/262|[from] Sandstorm\n|-heal|p1a: Okidogi|75/262|[from] item: Leftovers\n|-damage|p2a: Hippowdon|64/100 tox|[from] psn\n|upkeep\n|turn|5\n|inactive|Time left: 300 sec this turn | 300 sec total\n|\n|t:|1783547739\n|-terastallize|p1a: Okidogi|Dark\n|move|p1a: Okidogi|Drain Punch|p2a: Hippowdon\n|-damage|p2a: Hippowdon|33/100 tox\n|-heal|p1a: Okidogi|124/262|[from] drain|[of] p2a: Hippowdon\n|move|p2a: Hippowdon|Earthquake|p1a: Okidogi\n|-damage|p1a: Okidogi|58/262\n|\n|-weather|Sandstorm|[upkeep]\n|-damage|p1a: Okidogi|42/262|[from] Sandstorm\n|-heal|p1a: Okidogi|58/262|[from] item: Leftovers\n|-damage|p2a: Hippowdon|15/100 tox|[from] psn\n|upkeep\n|turn|6\n|inactive|Time left: 300 sec this turn | 300 sec total\n|\n|t:|1783547740\n|move|p1a: Okidogi|Drain Punch|p2a: Hippowdon\n|-damage|p2a: Hippowdon|0 fnt\n|-heal|p1a: Okidogi|81/262|[from] drain|[of] p2a: Hippowdon\n|faint|p2a: Hippowdon\n|\n|-weather|Sandstorm|[upkeep]\n|-damage|p1a: Okidogi|65/262|[from] Sandstorm\n|-heal|p1a: Okidogi|81/262|[from] item: Leftovers\n|upkeep\n|\n|t:|1783547741\n|switch|p2a: Hydreigon|Hydreigon, L79, M|100/100\n|turn|7\n|inactive|Time left: 300 sec this turn | 300 sec total\n|\n|t:|1783547742\n|move|p2a: Hydreigon|Fire Blast|p1a: Okidogi\n|-damage|p1a: Okidogi|0 fnt\n|faint|p1a: Okidogi\n|\n|-weather|none\n|upkeep\n|inactive|Time left: 300 sec this turn | 300 sec total | 5 sec grace\n|\n|t:|1783547743\n|switch|p1a: Pincurchin|Pincurchin, F|258/258\n|-fieldstart|move: Electric Terrain|[from] ability: Electric Surge|[of] p1a: Pincurchin\n|turn|8\n|inactive|Time left: 300 sec this turn | 300 sec total\n|\n|t:|1783547744\n|move|p2a: Hydreigon|Fire Blast|p1a: Pincurchin\n|-damage|p1a: Pincurchin|144/258\n|-status|p1a: Pincurchin|brn\n|move|p1a: Pincurchin|Zing Zap|p2a: Hydreigon\n|-resisted|p2a: Hydreigon\n|-damage|p2a: Hydreigon|84/100\n|\n|-heal|p1a: Pincurchin|160/258 brn|[from] item: Leftovers\n|-damage|p1a: Pincurchin|144/258 brn|[from] brn\n|upkeep\n|turn|9\n|inactive|Time left: 300 sec this turn | 300 sec total\n|\n|t:|1783547746\n|move|p2a: Hydreigon|Fire Blast|p1a: Pincurchin\n|-damage|p1a: Pincurchin|42/258 brn\n|move|p1a: Pincurchin|Recover|p1a: Pincurchin\n|-heal|p1a: Pincurchin|171/258 brn\n|\n|-heal|p1a: Pincurchin|187/258 brn|[from] item: Leftovers\n|-damage|p1a: Pincurchin|171/258 brn|[from] brn\n|upkeep\n|turn|10\n|inactive|Time left: 300 sec this turn | 300 sec total\n|\n|t:|1783547747\n|move|p2a: Hydreigon|Fire Blast|p1a: Pincurchin\n|-damage|p1a: Pincurchin|70/258 brn\n|move|p1a: Pincurchin|Recover|p1a: Pincurchin\n|-heal|p1a: Pincurchin|199/258 brn\n|\n|-heal|p1a: Pincurchin|215/258 brn|[from] item: Leftovers\n|-damage|p1a: Pincurchin|199/258 brn|[from] brn\n|upkeep\n|turn|11\n|inactive|Time left: 300 sec this turn | 300 sec total\n|\n|t:|1783547748\n|move|p2a: Hydreigon|Fire Blast|p1a: Pincurchin|[miss]\n|-miss|p2a: Hydreigon|p1a: Pincurchin\n|move|p1a: Pincurchin|Zing Zap|p2a: Hydreigon\n|-resisted|p2a: Hydreigon\n|-damage|p2a: Hydreigon|69/100\n|\n|-heal|p1a: Pincurchin|215/258 brn|[from] item: Leftovers\n|-damage|p1a: Pincurchin|199/258 brn|[from] brn\n|upkeep\n|turn|12\n|inactive|Time left: 300 sec this turn | 300 sec total\n|\n|t:|1783547749\n|move|p2a: Hydreigon|Fire Blast|p1a: Pincurchin\n|-damage|p1a: Pincurchin|94/258 brn\n|move|p1a: Pincurchin|Recover|p1a: Pincurchin\n|-heal|p1a: Pincurchin|223/258 brn\n|\n|-heal|p1a: Pincurchin|239/258 brn|[from] item: Leftovers\n|-damage|p1a: Pincurchin|223/258 brn|[from] brn\n|-fieldend|move: Electric Terrain\n|upkeep\n|turn|13\n|inactive|Time left: 300 sec this turn | 300 sec total\n|\n|t:|1783547750\n|move|p2a: Hydreigon|Fire Blast|p1a: Pincurchin\n|-damage|p1a: Pincurchin|116/258 brn\n|move|p1a: Pincurchin|Recover|p1a: Pincurchin\n|-heal|p1a: Pincurchin|245/258 brn\n|\n|-heal|p1a: Pincurchin|258/258 brn|[from] item: Leftovers\n|-damage|p1a: Pincurchin|242/258 brn|[from] brn\n|upkeep\n|turn|14\n|inactive|Time left: 300 sec this turn | 300 sec total\n|\n|t:|1783547752\n|move|p2a: Hydreigon|Fire Blast|p1a: Pincurchin\n|-damage|p1a: Pincurchin|135/258 brn\n|move|p1a: Pincurchin|Recover|p1a: Pincurchin\n|-heal|p1a: Pincurchin|258/258 brn\n|\n|-damage|p1a: Pincurchin|242/258 brn|[from] brn\n|upkeep\n|turn|15\n|inactive|Time left: 300 sec this turn | 300 sec total\n|\n|t:|1783547753\n|-activate|p2a: Hydreigon|move: Struggle\n|move|p2a: Hydreigon|Struggle|p1a: Pincurchin\n|-damage|p1a: Pincurchin|218/258 brn\n|-damage|p2a: Hydreigon|44/100|[from] recoil\n|move|p1a: Pincurchin|Zing Zap|p2a: Hydreigon\n|-resisted|p2a: Hydreigon\n|-damage|p2a: Hydreigon|32/100\n|\n|-heal|p1a: Pincurchin|234/258 brn|[from] item: Leftovers\n|-damage|p1a: Pincurchin|218/258 brn|[from] brn\n|upkeep\n|turn|16\n|inactive|Time left: 300 sec this turn | 300 sec total\n|\n|t:|1783547754\n|switch|p2a: Tinkaton|Tinkaton, L82, F|100/100\n|-ability|p2a: Tinkaton|Mold Breaker\n|move|p1a: Pincurchin|Zing Zap|p2a: Tinkaton\n|-damage|p2a: Tinkaton|76/100\n|\n|-heal|p2a: Tinkaton|82/100|[from] item: Leftovers\n|-heal|p1a: Pincurchin|234/258 brn|[from] item: Leftovers\n|-damage|p1a: Pincurchin|218/258 brn|[from] brn\n|upkeep\n|turn|17\n|inactive|Time left: 300 sec this turn | 300 sec total\n|\n|t:|1783547755\n|move|p2a: Tinkaton|Swords Dance|p2a: Tinkaton\n|-boost|p2a: Tinkaton|atk|2\n|move|p1a: Pincurchin|Curse|p1a: Pincurchin\n|-unboost|p1a: Pincurchin|spe|1\n|-boost|p1a: Pincurchin|atk|1\n|-boost|p1a: Pincurchin|def|1\n|\n|-heal|p2a: Tinkaton|88/100|[from] item: Leftovers\n|-heal|p1a: Pincurchin|234/258 brn|[from] item: Leftovers\n|-damage|p1a: Pincurchin|218/258 brn|[from] brn\n|upkeep\n|turn|18\n|inactive|Time left: 300 sec this turn | 300 sec total\n|\n|t:|1783547755\n|move|p2a: Tinkaton|Swords Dance|p2a: Tinkaton\n|-boost|p2a: Tinkaton|atk|2\n|move|p1a: Pincurchin|Curse|p1a: Pincurchin\n|-unboost|p1a: Pincurchin|spe|1\n|-boost|p1a: Pincurchin|atk|1\n|-boost|p1a: Pincurchin|def|1\n|\n|-heal|p2a: Tinkaton|94/100|[from] item: Leftovers\n|-heal|p1a: Pincurchin|234/258 brn|[from] item: Leftovers\n|-damage|p1a: Pincurchin|218/258 brn|[from] brn\n|upkeep\n|turn|19\n|inactive|Time left: 300 sec this turn | 300 sec total\n|\n|t:|1783547756\n|move|p2a: Tinkaton|Gigaton Hammer|p1a: Pincurchin\n|-resisted|p1a: Pincurchin\n|-damage|p1a: Pincurchin|146/258 brn\n|move|p1a: Pincurchin|Zing Zap|p2a: Tinkaton\n|-damage|p2a: Tinkaton|40/100\n|\n|-heal|p2a: Tinkaton|46/100|[from] item: Leftovers\n|-heal|p1a: Pincurchin|162/258 brn|[from] item: Leftovers\n|-damage|p1a: Pincurchin|146/258 brn|[from] brn\n|upkeep\n|turn|20\n|inactive|Time left: 300 sec this turn | 300 sec total\n|\n|t:|1783547757\n|move|p2a: Tinkaton|Protect|p2a: Tinkaton\n|-singleturn|p2a: Tinkaton|Protect\n|move|p1a: Pincurchin|Zing Zap|p2a: Tinkaton\n|-activate|p2a: Tinkaton|move: Protect\n|\n|-heal|p2a: Tinkaton|53/100|[from] item: Leftovers\n|-heal|p1a: Pincurchin|162/258 brn|[from] item: Leftovers\n|-damage|p1a: Pincurchin|146/258 brn|[from] brn\n|upkeep\n|turn|21\n|inactive|Time left: 300 sec this turn | 300 sec total\n|\n|t:|1783547758\n|move|p2a: Tinkaton|Play Rough|p1a: Pincurchin\n|-damage|p1a: Pincurchin|62/258 brn\n|move|p1a: Pincurchin|Zing Zap|p2a: Tinkaton\n|-damage|p2a: Tinkaton|0 fnt\n|faint|p2a: Tinkaton\n|\n|-heal|p1a: Pincurchin|78/258 brn|[from] item: Leftovers\n|-damage|p1a: Pincurchin|62/258 brn|[from] brn\n|upkeep\n|\n|t:|1783547759\n|switch|p2a: Rabsca|Rabsca, L91, M|100/100\n|turn|22\n|inactive|Time left: 300 sec this turn | 300 sec total\n|\n|t:|1783547760\n|switch|p1a: Mandibuzz|Mandibuzz, L85, F|326/326\n|move|p2a: Rabsca|Psychic|p1a: Mandibuzz\n|-immune|p1a: Mandibuzz\n|\n|upkeep\n|turn|23\n|inactive|Time left: 300 sec this turn | 300 sec total\n|\n|t:|1783547761\n|move|p1a: Mandibuzz|Brave Bird|p2a: Rabsca\n|-supereffective|p2a: Rabsca\n|-damage|p2a: Rabsca|39/100\n|-damage|p1a: Mandibuzz|268/326|[from] Recoil\n|move|p2a: Rabsca|Bug Buzz|p1a: Mandibuzz\n|-damage|p1a: Mandibuzz|138/326\n|\n|upkeep\n|turn|24\n|inactive|Time left: 300 sec this turn | 300 sec total\n|\n|t:|1783547762\n|-terastallize|p2a: Rabsca|Steel\n|move|p1a: Mandibuzz|Foul Play|p2a: Rabsca\n|-damage|p2a: Rabsca|23/100\n|move|p2a: Rabsca|Bug Buzz|p1a: Mandibuzz\n|-damage|p1a: Mandibuzz|23/326\n|\n|upkeep\n|turn|25\n|inactive|Time left: 300 sec this turn | 300 sec total\n|\n|t:|1783547763\n|move|p1a: Mandibuzz|Foul Play|p2a: Rabsca\n|-damage|p2a: Rabsca|6/100\n|move|p2a: Rabsca|Recover|p2a: Rabsca\n|-heal|p2a: Rabsca|56/100\n|\n|upkeep\n|turn|26\n|inactive|Time left: 300 sec this turn | 300 sec total\n|\n|t:|1783547764\n|move|p1a: Mandibuzz|Foul Play|p2a: Rabsca\n|-damage|p2a: Rabsca|41/100\n|move|p2a: Rabsca|Bug Buzz|p1a: Mandibuzz\n|-damage|p1a: Mandibuzz|0 fnt\n|faint|p1a: Mandibuzz\n|\n|upkeep\n|inactive|Time left: 300 sec this turn | 300 sec total | 5 sec grace\n|\n|t:|1783547765\n|switch|p1a: Arceus|Arceus-Grass, L73|296/296\n|turn|27\n|inactive|Time left: 300 sec this turn | 300 sec total\n|\n|t:|1783547766\n|move|p1a: Arceus|Fire Blast|p2a: Rabsca\n|-supereffective|p2a: Rabsca\n|-damage|p2a: Rabsca|0 fnt\n|faint|p2a: Rabsca\n|\n|upkeep\n|\n|t:|1783547767\n|switch|p2a: Flamigo|Flamigo, L82, M|100/100\n|turn|28\n|inactive|Time left: 300 sec this turn | 300 sec total\n|\n|t:|1783547768\n|switch|p1a: Pincurchin|Pincurchin, F|62/258 brn\n|-fieldstart|move: Electric Terrain|[from] ability: Electric Surge|[of] p1a: Pincurchin\n|move|p2a: Flamigo|Swords Dance|p2a: Flamigo\n|-boost|p2a: Flamigo|atk|2\n|\n|-heal|p1a: Pincurchin|78/258 brn|[from] item: Leftovers\n|-damage|p1a: Pincurchin|62/258 brn|[from] brn\n|upkeep\n|turn|29\n|inactive|Time left: 300 sec this turn | 300 sec total\n|\n|t:|1783547769\n|move|p2a: Flamigo|Throat Chop|p1a: Pincurchin\n|-damage|p1a: Pincurchin|0 fnt\n|faint|p1a: Pincurchin\n|-damage|p2a: Flamigo|91/100|[from] item: Life Orb\n|\n|upkeep\n|inactive|Time left: 300 sec this turn | 300 sec total | 5 sec grace\n|\n|t:|1783547770\n|switch|p1a: Calyrex|Calyrex-Ice, L72|263/263\n|-ability|p1a: Calyrex|As One\n|-ability|p1a: Calyrex|Unnerve\n|turn|30\n|inactive|Time left: 300 sec this turn | 300 sec total\n|\n|t:|1783547771\n|move|p2a: Flamigo|Close Combat|p1a: Calyrex\n|-damage|p1a: Calyrex|2/263\n|-unboost|p2a: Flamigo|def|1\n|-unboost|p2a: Flamigo|spd|1\n|-damage|p2a: Flamigo|81/100|[from] item: Life Orb\n|move|p1a: Calyrex|Glacial Lance|p2a: Flamigo\n|-supereffective|p2a: Flamigo\n|-damage|p2a: Flamigo|0 fnt\n|faint|p2a: Flamigo\n|-ability|p1a: Calyrex|Chilling Neigh|boost\n|-boost|p1a: Calyrex|atk|1\n|\n|upkeep\n|\n|t:|1783547772\n|switch|p2a: Slowking|Slowking, L88, M|100/100\n|turn|31\n|inactive|Time left: 300 sec this turn | 300 sec total\n|\n|t:|1783547773\n|switch|p1a: Arceus|Arceus-Grass, L73|296/296\n|move|p2a: Slowking|Future Sight|p1a: Arceus\n|-start|p2a: Slowking|move: Future Sight\n|\n|upkeep\n|turn|32\n|inactive|Time left: 300 sec this turn | 300 sec total\n|\n|t:|1783547774\n|move|p1a: Arceus|Calm Mind|p1a: Arceus\n|-boost|p1a: Arceus|spa|1\n|-boost|p1a: Arceus|spd|1\n|move|p2a: Slowking|Scald|p1a: Arceus\n|-resisted|p1a: Arceus\n|-damage|p1a: Arceus|268/296\n|\n|-fieldend|move: Electric Terrain\n|upkeep\n|turn|33\n|inactive|Time left: 300 sec this turn | 300 sec total\n|\n|t:|1783547775\n|move|p1a: Arceus|Calm Mind|p1a: Arceus\n|-boost|p1a: Arceus|spa|1\n|-boost|p1a: Arceus|spd|1\n|move|p2a: Slowking|Scald|p1a: Arceus\n|-resisted|p1a: Arceus\n|-damage|p1a: Arceus|247/296\n|\n|-end|p1a: Arceus|move: Future Sight\n|-damage|p1a: Arceus|180/296\n|upkeep\n|turn|34\n|inactive|Time left: 300 sec this turn | 300 sec total\n|\n|t:|1783547776\n|move|p1a: Arceus|Judgment|p2a: Slowking\n|-supereffective|p2a: Slowking\n|-damage|p2a: Slowking|0 fnt\n|faint|p2a: Slowking\n|\n|upkeep\n|\n|t:|1783547777\n|switch|p2a: Hydreigon|Hydreigon, L79, M|32/100\n|turn|35\n|inactive|Time left: 300 sec this turn | 300 sec total\n|\n|t:|1783547778\n|move|p1a: Arceus|Judgment|p2a: Hydreigon\n|-resisted|p2a: Hydreigon\n|-damage|p2a: Hydreigon|0 fnt\n|faint|p2a: Hydreigon\n|\n|win|p0x7436017", "uploadtime": 1783547778, "views": 0, "rating": 0, "private": 0, "password": null, "_winner": "p0x7436017", "_our_name": "p0x7436017"}