{"id": "battle-gen9randombattle-2018", "formatid": "gen9randombattle", "format": "[Gen 9] Random Battle", "players": ["p0x20184c79", "p0y20181f5a"], "log": "|init|battle\n|title|p0x20184c79 vs. p0y20181f5a\n|j|\u2606p0x20184c79\n|j|\u2606p0y20181f5a\n|t:|1783562632\n|gametype|singles\n|player|p1|p0x20184c79|102|\n|player|p2|p0y20181f5a|170|\n|gen|9\n|tier|[Gen 9] Random Battle\n|rule|Species Clause: Limit one of each Pok\u00e9mon\n|rule|HP Percentage Mod: HP is shown in percentages\n|rule|Sleep Clause Mod: Limit one foe put to sleep\n|rule|Illusion Level Mod: Illusion disguises the Pok\u00e9mon's true level\n|\n|t:|1783562632\n|teamsize|p1|6\n|teamsize|p2|6\n|start\n|switch|p1a: Flareon|Flareon, L90, F|100/100\n|switch|p2a: Ampharos|Ampharos, L88, F|302/302\n|turn|1\n|inactive|Battle timer is ON: inactive players will automatically lose when time's up. (requested by p0x20184c79)\n|inactive|Time left: 300 sec this turn | 300 sec total | 60 sec grace\n|inactive|p0y20181f5a also wants the timer to be on.\n|\n|t:|1783562634\n|move|p1a: Flareon|Trailblaze|p2a: Ampharos\n|-damage|p2a: Ampharos|252/302\n|-boost|p1a: Flareon|spe|1\n|move|p2a: Ampharos|Thunderbolt|p1a: Flareon\n|-damage|p1a: Flareon|51/100\n|-damage|p2a: Ampharos|222/302|[from] item: Life Orb\n|\n|-status|p1a: Flareon|tox|[from] item: Toxic Orb\n|upkeep\n|turn|2\n|inactive|Time left: 300 sec this turn | 300 sec total\n|\n|t:|1783562635\n|switch|p2a: Wyrdeer|Wyrdeer, L87, F|321/321\n|-ability|p2a: Wyrdeer|Intimidate|boost\n|-unboost|p1a: Flareon|atk|1\n|move|p1a: Flareon|Flare Blitz|p2a: Wyrdeer\n|-damage|p2a: Wyrdeer|101/321\n|-damage|p1a: Flareon|24/100 tox|[from] Recoil\n|\n|-heal|p2a: Wyrdeer|121/321|[from] item: Leftovers\n|-damage|p1a: Flareon|18/100 tox|[from] psn\n|upkeep\n|turn|3\n|inactive|Time left: 300 sec this turn | 300 sec total\n|\n|t:|1783562635\n|switch|p2a: Ting-Lu|Ting-Lu, L78|370/370\n|-ability|p2a: Ting-Lu|Vessel of Ruin\n|move|p1a: Flareon|Facade|p2a: Ting-Lu\n|-damage|p2a: Ting-Lu|255/370\n|\n|-heal|p2a: Ting-Lu|278/370|[from] item: Leftovers\n|-damage|p1a: Flareon|5/100 tox|[from] psn\n|upkeep\n|turn|4\n|inactive|Time left: 300 sec this turn | 300 sec total\n|\n|t:|1783562637\n|move|p1a: Flareon|Flare Blitz|p2a: Ting-Lu\n|-damage|p2a: Ting-Lu|118/370\n|-damage|p1a: Flareon|0 fnt|[from] Recoil\n|faint|p1a: Flareon\n|move|p2a: Ting-Lu|Stealth Rock|p1: Flareon\n|-sidestart|p1: p0x20184c79|move: Stealth Rock\n|\n|-heal|p2a: Ting-Lu|141/370|[from] item: Leftovers\n|upkeep\n|\n|t:|1783562638\n|switch|p1a: Reuniclus|Reuniclus, L88, F|100/100\n|turn|5\n|inactive|Time left: 300 sec this turn | 300 sec total\n|\n|t:|1783562639\n|move|p2a: Ting-Lu|Throat Chop|p1a: Reuniclus\n|-supereffective|p1a: Reuniclus\n|-damage|p1a: Reuniclus|49/100\n|-start|p1a: Reuniclus|Throat Chop|[silent]\n|move|p1a: Reuniclus|Focus Blast|p2a: Ting-Lu\n|-supereffective|p2a: Ting-Lu\n|-damage|p2a: Ting-Lu|0 fnt\n|faint|p2a: Ting-Lu\n|\n|upkeep\n|inactive|Time left: 300 sec this turn | 300 sec total | 5 sec grace\n|\n|t:|1783562640\n|switch|p2a: Metagross|Metagross, L79|256/256\n|turn|6\n|inactive|Time left: 300 sec this turn | 300 sec total\n|\n|t:|1783562641\n|switch|p1a: Dondozo|Dondozo, L78, M|100/100\n|-damage|p1a: Dondozo|88/100|[from] Stealth Rock\n|move|p2a: Metagross|Heavy Slam|p1a: Dondozo\n|-resisted|p1a: Dondozo\n|-damage|p1a: Dondozo|74/100\n|\n|-heal|p1a: Dondozo|80/100|[from] item: Leftovers\n|upkeep\n|turn|7\n|inactive|Time left: 300 sec this turn | 300 sec total\n|\n|t:|1783562642\n|move|p2a: Metagross|Heavy Slam|p1a: Dondozo\n|-resisted|p1a: Dondozo\n|-damage|p1a: Dondozo|68/100\n|move|p1a: Dondozo|Wave Crash|p2a: Metagross\n|-damage|p2a: Metagross|168/256\n|-damage|p1a: Dondozo|60/100|[from] Recoil\n|\n|-heal|p1a: Dondozo|66/100|[from] item: Leftovers\n|upkeep\n|turn|8\n|inactive|Time left: 300 sec this turn | 300 sec total\n|\n|t:|1783562643\n|move|p2a: Metagross|Heavy Slam|p1a: Dondozo\n|-resisted|p1a: Dondozo\n|-damage|p1a: Dondozo|52/100\n|move|p1a: Dondozo|Wave Crash|p2a: Metagross\n|-crit|p2a: Metagross\n|-damage|p2a: Metagross|24/256\n|-damage|p1a: Dondozo|39/100|[from] Recoil\n|\n|-heal|p1a: Dondozo|45/100|[from] item: Leftovers\n|upkeep\n|turn|9\n|inactive|Time left: 300 sec this turn | 300 sec total\n|\n|t:|1783562644\n|move|p2a: Metagross|Heavy Slam|p1a: Dondozo\n|-resisted|p1a: Dondozo\n|-damage|p1a: Dondozo|33/100\n|move|p1a: Dondozo|Wave Crash|p2a: Metagross\n|-damage|p2a: Metagross|0 fnt\n|faint|p2a: Metagross\n|-damage|p1a: Dondozo|30/100|[from] Recoil\n|\n|-heal|p1a: Dondozo|36/100|[from] item: Leftovers\n|upkeep\n|inactive|Time left: 300 sec this turn | 300 sec total | 5 sec grace\n|\n|t:|1783562645\n|switch|p2a: Ampharos|Ampharos, L88, F|222/302\n|turn|10\n|inactive|Time left: 300 sec this turn | 300 sec total\n|\n|t:|1783562646\n|switch|p1a: Blissey|Blissey, L85, F|100/100\n|-damage|p1a: Blissey|88/100|[from] Stealth Rock\n|move|p2a: Ampharos|Thunderbolt|p1a: Blissey\n|-damage|p1a: Blissey|70/100\n|-damage|p2a: Ampharos|192/302|[from] item: Life Orb\n|\n|-heal|p1a: Blissey|76/100|[from] item: Leftovers\n|upkeep\n|turn|11\n|inactive|Time left: 300 sec this turn | 300 sec total\n|\n|t:|1783562646\n|move|p2a: Ampharos|Agility|p2a: Ampharos\n|-boost|p2a: Ampharos|spe|2\n|move|p1a: Blissey|Seismic Toss|p2a: Ampharos\n|-damage|p2a: Ampharos|107/302\n|\n|-heal|p1a: Blissey|82/100|[from] item: Leftovers\n|upkeep\n|turn|12\n|inactive|Time left: 300 sec this turn | 300 sec total\n|\n|t:|1783562647\n|switch|p2a: Wyrdeer|Wyrdeer, L87, F|121/321\n|-ability|p2a: Wyrdeer|Intimidate|boost\n|-unboost|p1a: Blissey|atk|1\n|move|p1a: Blissey|Seismic Toss|p2a: Wyrdeer\n|-damage|p2a: Wyrdeer|36/321\n|\n|-heal|p2a: Wyrdeer|56/321|[from] item: Leftovers\n|-heal|p1a: Blissey|88/100|[from] item: Leftovers\n|upkeep\n|turn|13\n|inactive|Time left: 300 sec this turn | 300 sec total\n|\n|t:|1783562648\n|move|p2a: Wyrdeer|Megahorn|p1a: Blissey\n|-damage|p1a: Blissey|39/100\n|move|p1a: Blissey|Seismic Toss|p2a: Wyrdeer\n|-damage|p2a: Wyrdeer|0 fnt\n|faint|p2a: Wyrdeer\n|\n|-heal|p1a: Blissey|45/100|[from] item: Leftovers\n|upkeep\n|inactive|Time left: 300 sec this turn | 300 sec total | 5 sec grace\n|\n|t:|1783562649\n|switch|p2a: Clodsire|Clodsire, L81, M|343/343\n|turn|14\n|inactive|Time left: 300 sec this turn | 300 sec total\n|\n|t:|1783562650\n|switch|p1a: Reuniclus|Reuniclus, L88, F|49/100\n|move|p2a: Clodsire|Earthquake|p1a: Reuniclus\n|-damage|p1a: Reuniclus|21/100\n|\n|upkeep\n|turn|15\n|inactive|Time left: 300 sec this turn | 300 sec total\n|\n|t:|1783562651\n|-terastallize|p2a: Clodsire|Steel\n|move|p1a: Reuniclus|Recover|p1a: Reuniclus\n|-heal|p1a: Reuniclus|71/100\n|move|p2a: Clodsire|Earthquake|p1a: Reuniclus\n|-damage|p1a: Reuniclus|45/100\n|\n|upkeep\n|turn|16\n|inactive|Time left: 300 sec this turn | 300 sec total\n|\n|t:|1783562652\n|move|p1a: Reuniclus|Recover|p1a: Reuniclus\n|-heal|p1a: Reuniclus|95/100\n|move|p2a: Clodsire|Earthquake|p1a: Reuniclus\n|-damage|p1a: Reuniclus|67/100\n|\n|upkeep\n|turn|17\n|inactive|Time left: 300 sec this turn | 300 sec total\n|\n|t:|1783562653\n|move|p1a: Reuniclus|Focus Blast|p2a: Clodsire|[miss]\n|-miss|p1a: Reuniclus|p2a: Clodsire\n|move|p2a: Clodsire|Earthquake|p1a: Reuniclus\n|-damage|p1a: Reuniclus|39/100\n|\n|upkeep\n|turn|18\n|inactive|Time left: 300 sec this turn | 300 sec total\n|\n|t:|1783562654\n|move|p1a: Reuniclus|Recover|p1a: Reuniclus\n|-heal|p1a: Reuniclus|89/100\n|move|p2a: Clodsire|Earthquake|p1a: Reuniclus\n|-damage|p1a: Reuniclus|61/100\n|\n|upkeep\n|turn|19\n|inactive|Time left: 300 sec this turn | 300 sec total\n|\n|t:|1783562655\n|move|p1a: Reuniclus|Focus Blast|p2a: Clodsire\n|-supereffective|p2a: Clodsire\n|-crit|p2a: Clodsire\n|-damage|p2a: Clodsire|0 fnt\n|faint|p2a: Clodsire\n|\n|upkeep\n|inactive|Time left: 300 sec this turn | 300 sec total | 5 sec grace\n|\n|t:|1783562655\n|switch|p2a: Ampharos|Ampharos, L88, F|107/302\n|turn|20\n|inactive|Time left: 300 sec this turn | 300 sec total\n|\n|t:|1783562656\n|move|p2a: Ampharos|Thunderbolt|p1a: Reuniclus\n|-damage|p1a: Reuniclus|14/100\n|-status|p1a: Reuniclus|par\n|-damage|p2a: Ampharos|77/302|[from] item: Life Orb\n|move|p1a: Reuniclus|Recover|p1a: Reuniclus\n|-heal|p1a: Reuniclus|64/100 par\n|\n|upkeep\n|turn|21\n|inactive|Time left: 300 sec this turn | 300 sec total\n|\n|t:|1783562658\n|move|p2a: Ampharos|Thunderbolt|p1a: Reuniclus\n|-damage|p1a: Reuniclus|21/100 par\n|-damage|p2a: Ampharos|47/302|[from] item: Life Orb\n|move|p1a: Reuniclus|Psychic|p2a: Ampharos\n|-damage|p2a: Ampharos|0 fnt\n|faint|p2a: Ampharos\n|\n|upkeep\n|inactive|Time left: 300 sec this turn | 300 sec total | 5 sec grace\n|\n|t:|1783562659\n|switch|p2a: Arceus|Arceus-Ice, L72|291/291\n|turn|22\n|inactive|Time left: 300 sec this turn | 300 sec total\n|\n|t:|1783562659\n|move|p2a: Arceus|Calm Mind|p2a: Arceus\n|-boost|p2a: Arceus|spa|1\n|-boost|p2a: Arceus|spd|1\n|move|p1a: Reuniclus|Recover|p1a: Reuniclus\n|-heal|p1a: Reuniclus|71/100 par\n|\n|upkeep\n|turn|23\n|inactive|Time left: 300 sec this turn | 300 sec total\n|\n|t:|1783562661\n|move|p2a: Arceus|Judgment|p1a: Reuniclus\n|-damage|p1a: Reuniclus|23/100 par\n|move|p1a: Reuniclus|Focus Blast|p2a: Arceus\n|-supereffective|p2a: Arceus\n|-damage|p2a: Arceus|119/291\n|\n|upkeep\n|turn|24\n|inactive|Time left: 300 sec this turn | 300 sec total\n|\n|t:|1783562662\n|move|p2a: Arceus|Recover|p2a: Arceus\n|-heal|p2a: Arceus|265/291\n|move|p1a: Reuniclus|Focus Blast|p2a: Arceus\n|-supereffective|p2a: Arceus\n|-damage|p2a: Arceus|93/291\n|\n|upkeep\n|turn|25\n|inactive|Time left: 300 sec this turn | 300 sec total\n|\n|t:|1783562663\n|move|p2a: Arceus|Recover|p2a: Arceus\n|-heal|p2a: Arceus|239/291\n|move|p1a: Reuniclus|Focus Blast|p2a: Arceus\n|-supereffective|p2a: Arceus\n|-damage|p2a: Arceus|60/291\n|-unboost|p2a: Arceus|spd|1\n|\n|upkeep\n|turn|26\n|inactive|Time left: 300 sec this turn | 300 sec total\n|\n|t:|1783562664\n|move|p2a: Arceus|Judgment|p1a: Reuniclus\n|-damage|p1a: Reuniclus|0 fnt\n|faint|p1a: Reuniclus\n|\n|upkeep\n|\n|t:|1783562664\n|switch|p1a: Lokix|Lokix, L82, M|100/100\n|-damage|p1a: Lokix|76/100|[from] Stealth Rock\n|turn|27\n|inactive|Time left: 300 sec this turn | 300 sec total\n|\n|t:|1783562665\n|move|p1a: Lokix|First Impression|p2a: Arceus\n|-damage|p2a: Arceus|0 fnt\n|faint|p2a: Arceus\n|-damage|p1a: Lokix|66/100|[from] item: Life Orb\n|\n|win|p0x20184c79", "uploadtime": 1783562665, "views": 0, "rating": 0, "private": 0, "password": null, "_winner": "p0x20184c79", "_our_name": "p0y20181f5a"}