{"id": "battle-gen9randombattle-173", "formatid": "gen9randombattle", "format": "[Gen 9] Random Battle", "players": ["p0x1739daf", "p0y173377c"], "log": "|init|battle\n|title|p0x1739daf vs. p0y173377c\n|j|\u2606p0x1739daf\n|j|\u2606p0y173377c\n|t:|1783535759\n|gametype|singles\n|player|p1|p0x1739daf|102|\n|player|p2|p0y173377c|2|\n|gen|9\n|tier|[Gen 9] Random Battle\n|rule|Species Clause: Limit one of each Pok\u00e9mon\n|rule|HP Percentage Mod: HP is shown in percentages\n|rule|Sleep Clause Mod: Limit one foe put to sleep\n|rule|Illusion Level Mod: Illusion disguises the Pok\u00e9mon's true level\n|\n|t:|1783535759\n|teamsize|p1|6\n|teamsize|p2|6\n|start\n|switch|p1a: Vivillon|Vivillon-Marine, L83, F|100/100\n|switch|p2a: Thundurus|Thundurus, L80, M|258/258\n|turn|1\n|inactive|Battle timer is ON: inactive players will automatically lose when time's up. (requested by p0x1739daf)\n|inactive|Time left: 300 sec this turn | 300 sec total | 60 sec grace\n|inactive|p0y173377c also wants the timer to be on.\n|\n|t:|1783535761\n|switch|p1a: Lunala|Lunala, L70|100/100\n|move|p2a: Thundurus|Acrobatics|p1a: Lunala\n|-damage|p1a: Lunala|78/100\n|\n|-heal|p1a: Lunala|84/100|[from] item: Leftovers\n|upkeep\n|turn|2\n|inactive|Time left: 300 sec this turn | 300 sec total\n|\n|t:|1783535762\n|move|p2a: Thundurus|Knock Off|p1a: Lunala\n|-supereffective|p1a: Lunala\n|-damage|p1a: Lunala|0 fnt\n|-enditem|p1a: Lunala|Leftovers|[from] move: Knock Off|[of] p2a: Thundurus\n|faint|p1a: Lunala\n|\n|upkeep\n|\n|t:|1783535763\n|switch|p1a: Mamoswine|Mamoswine, L81, M|100/100\n|turn|3\n|inactive|Time left: 300 sec this turn | 300 sec total\n|\n|t:|1783535765\n|move|p2a: Thundurus|Acrobatics|p1a: Mamoswine\n|-damage|p1a: Mamoswine|57/100\n|move|p1a: Mamoswine|Icicle Crash|p2a: Thundurus\n|-supereffective|p2a: Thundurus\n|-damage|p2a: Thundurus|0 fnt\n|faint|p2a: Thundurus\n|-damage|p1a: Mamoswine|47/100|[from] item: Life Orb\n|\n|upkeep\n|inactive|Time left: 300 sec this turn | 300 sec total | 5 sec grace\n|\n|t:|1783535766\n|switch|p2a: Keldeo|Keldeo-Resolute, L79|273/273\n|turn|4\n|inactive|Time left: 300 sec this turn | 300 sec total\n|\n|t:|1783535767\n|switch|p1a: Venusaur|Venusaur, L84, M|100/100\n|move|p2a: Keldeo|Surf|p1a: Venusaur\n|-resisted|p1a: Venusaur\n|-damage|p1a: Venusaur|81/100\n|\n|-heal|p1a: Venusaur|88/100|[from] item: Leftovers\n|upkeep\n|turn|5\n|inactive|Time left: 300 sec this turn | 300 sec total\n|\n|t:|1783535768\n|move|p2a: Keldeo|Calm Mind|p2a: Keldeo\n|-boost|p2a: Keldeo|spa|1\n|-boost|p2a: Keldeo|spd|1\n|move|p1a: Venusaur|Giga Drain|p2a: Keldeo\n|-supereffective|p2a: Keldeo\n|-damage|p2a: Keldeo|147/273\n|-heal|p1a: Venusaur|100/100|[from] drain|[of] p2a: Keldeo\n|\n|-heal|p2a: Keldeo|164/273|[from] item: Leftovers\n|upkeep\n|turn|6\n|inactive|Time left: 300 sec this turn | 300 sec total\n|\n|t:|1783535769\n|move|p2a: Keldeo|Calm Mind|p2a: Keldeo\n|-boost|p2a: Keldeo|spa|1\n|-boost|p2a: Keldeo|spd|1\n|move|p1a: Venusaur|Leech Seed|p2a: Keldeo\n|-start|p2a: Keldeo|move: Leech Seed\n|\n|-heal|p2a: Keldeo|181/273|[from] item: Leftovers\n|-damage|p2a: Keldeo|147/273|[from] Leech Seed|[of] p1a: Venusaur\n|upkeep\n|turn|7\n|inactive|Time left: 300 sec this turn | 300 sec total\n|\n|t:|1783535770\n|move|p2a: Keldeo|Calm Mind|p2a: Keldeo\n|-boost|p2a: Keldeo|spa|1\n|-boost|p2a: Keldeo|spd|1\n|move|p1a: Venusaur|Giga Drain|p2a: Keldeo\n|-supereffective|p2a: Keldeo\n|-damage|p2a: Keldeo|79/273\n|\n|-heal|p2a: Keldeo|96/273|[from] item: Leftovers\n|-damage|p2a: Keldeo|62/273|[from] Leech Seed|[of] p1a: Venusaur\n|upkeep\n|turn|8\n|inactive|Time left: 300 sec this turn | 300 sec total\n|\n|t:|1783535771\n|move|p2a: Keldeo|Surf|p1a: Venusaur\n|-resisted|p1a: Venusaur\n|-damage|p1a: Venusaur|60/100\n|move|p1a: Venusaur|Giga Drain|p2a: Keldeo\n|-supereffective|p2a: Keldeo\n|-damage|p2a: Keldeo|0 fnt\n|-heal|p1a: Venusaur|71/100|[from] drain|[of] p2a: Keldeo\n|faint|p2a: Keldeo\n|\n|-heal|p1a: Venusaur|77/100|[from] item: Leftovers\n|upkeep\n|inactive|Time left: 300 sec this turn | 300 sec total | 5 sec grace\n|\n|t:|1783535772\n|switch|p2a: Incineroar|Incineroar, L82, F|290/290\n|-ability|p2a: Incineroar|Intimidate|boost\n|-unboost|p1a: Venusaur|atk|1\n|turn|9\n|inactive|Time left: 300 sec this turn | 300 sec total\n|\n|t:|1783535773\n|move|p1a: Venusaur|Sludge Bomb|p2a: Incineroar\n|-damage|p2a: Incineroar|185/290\n|-status|p2a: Incineroar|psn\n|move|p2a: Incineroar|Flare Blitz|p1a: Venusaur\n|-supereffective|p1a: Venusaur\n|-damage|p1a: Venusaur|0 fnt\n|faint|p1a: Venusaur\n|-damage|p2a: Incineroar|116/290 psn|[from] Recoil\n|\n|-damage|p2a: Incineroar|80/290 psn|[from] psn\n|upkeep\n|\n|t:|1783535774\n|switch|p1a: Vivillon|Vivillon-Marine, L83, F|100/100\n|turn|10\n|inactive|Time left: 300 sec this turn | 300 sec total\n|\n|t:|1783535775\n|move|p1a: Vivillon|Hurricane|p2a: Incineroar\n|-damage|p2a: Incineroar|0 fnt\n|faint|p2a: Incineroar\n|\n|upkeep\n|inactive|Time left: 300 sec this turn | 300 sec total | 5 sec grace\n|\n|t:|1783535776\n|switch|p2a: Vespiquen|Vespiquen, L99, F|299/299\n|-ability|p2a: Vespiquen|Pressure\n|turn|11\n|inactive|Time left: 300 sec this turn | 300 sec total\n|\n|t:|1783535777\n|move|p1a: Vivillon|Quiver Dance|p1a: Vivillon\n|-boost|p1a: Vivillon|spa|1\n|-boost|p1a: Vivillon|spd|1\n|-boost|p1a: Vivillon|spe|1\n|move|p2a: Vespiquen|Hurricane|p1a: Vivillon|[miss]\n|-miss|p2a: Vespiquen|p1a: Vivillon\n|\n|upkeep\n|turn|12\n|inactive|Time left: 300 sec this turn | 300 sec total\n|\n|t:|1783535778\n|move|p1a: Vivillon|Quiver Dance|p1a: Vivillon\n|-boost|p1a: Vivillon|spa|1\n|-boost|p1a: Vivillon|spd|1\n|-boost|p1a: Vivillon|spe|1\n|move|p2a: Vespiquen|Hurricane|p1a: Vivillon|[miss]\n|-miss|p2a: Vespiquen|p1a: Vivillon\n|\n|upkeep\n|turn|13\n|inactive|Time left: 300 sec this turn | 300 sec total\n|\n|t:|1783535779\n|-terastallize|p2a: Vespiquen|Steel\n|move|p1a: Vivillon|Hurricane|p2a: Vespiquen\n|-resisted|p2a: Vespiquen\n|-damage|p2a: Vespiquen|215/299\n|-start|p2a: Vespiquen|confusion\n|-activate|p2a: Vespiquen|confusion\n|move|p2a: Vespiquen|Hurricane|p1a: Vivillon\n|-supereffective|p1a: Vivillon\n|-damage|p1a: Vivillon|24/100\n|-start|p1a: Vivillon|confusion\n|\n|upkeep\n|turn|14\n|inactive|Time left: 300 sec this turn | 300 sec total\n|\n|t:|1783535780\n|-activate|p1a: Vivillon|confusion\n|move|p1a: Vivillon|Sleep Powder|p2a: Vespiquen\n|-status|p2a: Vespiquen|slp|[from] move: Sleep Powder\n|cant|p2a: Vespiquen|slp\n|\n|upkeep\n|turn|15\n|inactive|Time left: 300 sec this turn | 300 sec total\n|\n|t:|1783535781\n|-activate|p1a: Vivillon|confusion\n|move|p1a: Vivillon|Hurricane|p2a: Vespiquen\n|-resisted|p2a: Vespiquen\n|-damage|p2a: Vespiquen|140/299 slp\n|-curestatus|p2a: Vespiquen|slp|[msg]\n|-activate|p2a: Vespiquen|confusion\n|move|p2a: Vespiquen|Hurricane|p1a: Vivillon\n|-supereffective|p1a: Vivillon\n|-damage|p1a: Vivillon|0 fnt\n|faint|p1a: Vivillon\n|\n|upkeep\n|\n|t:|1783535782\n|switch|p1a: Mamoswine|Mamoswine, L81, M|47/100\n|turn|16\n|inactive|Time left: 300 sec this turn | 300 sec total\n|\n|t:|1783535783\n|switch|p2a: Comfey|Comfey, L85, M|225/225\n|move|p1a: Mamoswine|Earthquake|p2a: Comfey\n|-damage|p2a: Comfey|61/225\n|-damage|p1a: Mamoswine|37/100|[from] item: Life Orb\n|\n|-heal|p2a: Comfey|75/225|[from] item: Leftovers\n|upkeep\n|turn|17\n|inactive|Time left: 300 sec this turn | 300 sec total\n|\n|t:|1783535784\n|switch|p1a: Cinccino|Cinccino, L83, F|100/100\n|move|p2a: Comfey|Giga Drain|p1a: Cinccino\n|-damage|p1a: Cinccino|75/100\n|-heal|p2a: Comfey|108/225|[from] drain|[of] p1a: Cinccino\n|\n|-heal|p2a: Comfey|122/225|[from] item: Leftovers\n|upkeep\n|turn|18\n|inactive|Time left: 300 sec this turn | 300 sec total\n|\n|t:|1783535785\n|move|p2a: Comfey|Draining Kiss|p1a: Cinccino\n|-damage|p1a: Cinccino|48/100\n|-heal|p2a: Comfey|175/225|[from] drain|[of] p1a: Cinccino\n|move|p1a: Cinccino|Tidy Up|p1a: Cinccino\n|-boost|p1a: Cinccino|atk|1\n|-boost|p1a: Cinccino|spe|1\n|\n|-heal|p2a: Comfey|189/225|[from] item: Leftovers\n|upkeep\n|turn|19\n|inactive|Time left: 300 sec this turn | 300 sec total\n|\n|t:|1783535786\n|-terastallize|p1a: Cinccino|Normal\n|move|p2a: Comfey|Draining Kiss|p1a: Cinccino\n|-damage|p1a: Cinccino|24/100\n|-heal|p2a: Comfey|225/225|[from] drain|[of] p1a: Cinccino\n|move|p1a: Cinccino|Tail Slap|p2a: Comfey\n|-damage|p2a: Comfey|145/225\n|-damage|p2a: Comfey|69/225\n|-damage|p2a: Comfey|0 fnt\n|faint|p2a: Comfey\n|-hitcount|p2: Comfey|3\n|\n|upkeep\n|inactive|Time left: 300 sec this turn | 300 sec total | 5 sec grace\n|\n|t:|1783535787\n|switch|p2a: Vespiquen|Vespiquen, L99, F, tera:Steel|140/299\n|-ability|p2a: Vespiquen|Pressure\n|turn|20\n|inactive|Time left: 300 sec this turn | 300 sec total\n|\n|t:|1783535788\n|move|p1a: Cinccino|Tail Slap|p2a: Vespiquen\n|-resisted|p2a: Vespiquen\n|-damage|p2a: Vespiquen|111/299\n|-resisted|p2a: Vespiquen\n|-damage|p2a: Vespiquen|84/299\n|-resisted|p2a: Vespiquen\n|-damage|p2a: Vespiquen|57/299\n|-resisted|p2a: Vespiquen\n|-damage|p2a: Vespiquen|25/299\n|-hitcount|p2a: Vespiquen|4\n|move|p2a: Vespiquen|Roost|p2a: Vespiquen\n|-heal|p2a: Vespiquen|175/299\n|\n|upkeep\n|turn|21\n|inactive|Time left: 300 sec this turn | 300 sec total\n|\n|t:|1783535789\n|move|p1a: Cinccino|Tail Slap|p2a: Vespiquen\n|-resisted|p2a: Vespiquen\n|-damage|p2a: Vespiquen|146/299\n|-resisted|p2a: Vespiquen\n|-damage|p2a: Vespiquen|119/299\n|-resisted|p2a: Vespiquen\n|-damage|p2a: Vespiquen|91/299\n|-resisted|p2a: Vespiquen\n|-damage|p2a: Vespiquen|64/299\n|-resisted|p2a: Vespiquen\n|-damage|p2a: Vespiquen|33/299\n|-hitcount|p2a: Vespiquen|5\n|move|p2a: Vespiquen|Roost|p2a: Vespiquen\n|-heal|p2a: Vespiquen|183/299\n|\n|upkeep\n|turn|22\n|inactive|Time left: 300 sec this turn | 300 sec total\n|\n|t:|1783535790\n|move|p1a: Cinccino|Tail Slap|p2a: Vespiquen\n|-resisted|p2a: Vespiquen\n|-damage|p2a: Vespiquen|151/299\n|-resisted|p2a: Vespiquen\n|-damage|p2a: Vespiquen|122/299\n|-resisted|p2a: Vespiquen\n|-damage|p2a: Vespiquen|92/299\n|-resisted|p2a: Vespiquen\n|-damage|p2a: Vespiquen|60/299\n|-hitcount|p2a: Vespiquen|4\n|move|p2a: Vespiquen|Roost|p2a: Vespiquen\n|-heal|p2a: Vespiquen|210/299\n|\n|upkeep\n|turn|23\n|inactive|Time left: 300 sec this turn | 300 sec total\n|\n|t:|1783535791\n|move|p1a: Cinccino|Tail Slap|p2a: Vespiquen\n|-resisted|p2a: Vespiquen\n|-damage|p2a: Vespiquen|183/299\n|-resisted|p2a: Vespiquen\n|-damage|p2a: Vespiquen|154/299\n|-resisted|p2a: Vespiquen\n|-damage|p2a: Vespiquen|124/299\n|-resisted|p2a: Vespiquen\n|-damage|p2a: Vespiquen|97/299\n|-resisted|p2a: Vespiquen\n|-damage|p2a: Vespiquen|66/299\n|-hitcount|p2a: Vespiquen|5\n|move|p2a: Vespiquen|Roost|p2a: Vespiquen\n|-heal|p2a: Vespiquen|216/299\n|\n|upkeep\n|turn|24\n|inactive|Time left: 300 sec this turn | 300 sec total\n|\n|t:|1783535792\n|move|p1a: Cinccino|Tail Slap|p2a: Vespiquen|[miss]\n|-miss|p1a: Cinccino|p2a: Vespiquen\n|move|p2a: Vespiquen|Roost|p2a: Vespiquen\n|-heal|p2a: Vespiquen|299/299\n|\n|upkeep\n|turn|25\n|inactive|Time left: 300 sec this turn | 300 sec total\n|\n|t:|1783535793\n|move|p1a: Cinccino|Tail Slap|p2a: Vespiquen\n|-resisted|p2a: Vespiquen\n|-damage|p2a: Vespiquen|269/299\n|-resisted|p2a: Vespiquen\n|-crit|p2a: Vespiquen\n|-damage|p2a: Vespiquen|229/299\n|-resisted|p2a: Vespiquen\n|-damage|p2a: Vespiquen|199/299\n|-resisted|p2a: Vespiquen\n|-damage|p2a: Vespiquen|171/299\n|-resisted|p2a: Vespiquen\n|-damage|p2a: Vespiquen|143/299\n|-hitcount|p2a: Vespiquen|5\n|move|p2a: Vespiquen|Roost|p2a: Vespiquen\n|-heal|p2a: Vespiquen|293/299\n|\n|upkeep\n|turn|26\n|inactive|Time left: 300 sec this turn | 300 sec total\n|\n|t:|1783535795\n|move|p1a: Cinccino|Tail Slap|p2a: Vespiquen\n|-resisted|p2a: Vespiquen\n|-damage|p2a: Vespiquen|266/299\n|-resisted|p2a: Vespiquen\n|-damage|p2a: Vespiquen|238/299\n|-resisted|p2a: Vespiquen\n|-damage|p2a: Vespiquen|211/299\n|-resisted|p2a: Vespiquen\n|-damage|p2a: Vespiquen|182/299\n|-resisted|p2a: Vespiquen\n|-damage|p2a: Vespiquen|152/299\n|-hitcount|p2a: Vespiquen|5\n|move|p2a: Vespiquen|Roost|p2a: Vespiquen\n|-heal|p2a: Vespiquen|299/299\n|\n|upkeep\n|turn|27\n|inactive|Time left: 300 sec this turn | 300 sec total\n|\n|t:|1783535796\n|move|p1a: Cinccino|Tail Slap|p2a: Vespiquen\n|-resisted|p2a: Vespiquen\n|-damage|p2a: Vespiquen|269/299\n|-resisted|p2a: Vespiquen\n|-damage|p2a: Vespiquen|242/299\n|-resisted|p2a: Vespiquen\n|-damage|p2a: Vespiquen|215/299\n|-resisted|p2a: Vespiquen\n|-damage|p2a: Vespiquen|186/299\n|-resisted|p2a: Vespiquen\n|-damage|p2a: Vespiquen|155/299\n|-hitcount|p2a: Vespiquen|5\n|move|p2a: Vespiquen|Spikes|p1a: Cinccino\n|-sidestart|p1: p0x1739daf|Spikes\n|\n|upkeep\n|turn|28\n|inactive|Time left: 300 sec this turn | 300 sec total\n|\n|t:|1783535797\n|move|p1a: Cinccino|Tidy Up|p1a: Cinccino\n|-sideend|p1: p0x1739daf|Spikes\n|-activate|p1a: Cinccino|move: Tidy Up\n|-boost|p1a: Cinccino|atk|1\n|-boost|p1a: Cinccino|spe|1\n|move|p2a: Vespiquen|Roost|p2a: Vespiquen\n|-heal|p2a: Vespiquen|299/299\n|\n|upkeep\n|turn|29\n|inactive|Time left: 300 sec this turn | 300 sec total\n|\n|t:|1783535798\n|move|p1a: Cinccino|Triple Axel|p2a: Vespiquen\n|-resisted|p2a: Vespiquen\n|-damage|p2a: Vespiquen|283/299\n|-resisted|p2a: Vespiquen\n|-damage|p2a: Vespiquen|250/299\n|-resisted|p2a: Vespiquen\n|-damage|p2a: Vespiquen|207/299\n|-hitcount|p2a: Vespiquen|3\n|move|p2a: Vespiquen|Spikes|p1a: Cinccino\n|-sidestart|p1: p0x1739daf|Spikes\n|\n|upkeep\n|turn|30\n|inactive|Time left: 300 sec this turn | 300 sec total\n|\n|t:|1783535799\n|move|p1a: Cinccino|Triple Axel|p2a: Vespiquen\n|-resisted|p2a: Vespiquen\n|-damage|p2a: Vespiquen|192/299\n|-resisted|p2a: Vespiquen\n|-damage|p2a: Vespiquen|162/299\n|-resisted|p2a: Vespiquen\n|-damage|p2a: Vespiquen|112/299\n|-hitcount|p2a: Vespiquen|3\n|move|p2a: Vespiquen|Spikes|p1a: Cinccino\n|-sidestart|p1: p0x1739daf|Spikes\n|\n|upkeep\n|turn|31\n|inactive|Time left: 300 sec this turn | 300 sec total\n|\n|t:|1783535800\n|switch|p2a: Glimmora|Glimmora, L75, M|248/248\n|move|p1a: Cinccino|Bullet Seed|p2a: Glimmora\n|-damage|p2a: Glimmora|189/248\n|-activate|p2a: Glimmora|ability: Toxic Debris\n|-sidestart|p1: p0x1739daf|move: Toxic Spikes\n|-damage|p2a: Glimmora|130/248\n|-activate|p2a: Glimmora|ability: Toxic Debris\n|-sidestart|p1: p0x1739daf|move: Toxic Spikes\n|-damage|p2a: Glimmora|71/248\n|-damage|p2a: Glimmora|17/248\n|-damage|p2a: Glimmora|0 fnt\n|faint|p2a: Glimmora\n|-hitcount|p2: Glimmora|5\n|\n|upkeep\n|inactive|Time left: 300 sec this turn | 300 sec total | 5 sec grace\n|\n|t:|1783535800\n|switch|p2a: Vespiquen|Vespiquen, L99, F, tera:Steel|112/299\n|-ability|p2a: Vespiquen|Pressure\n|turn|32\n|inactive|Time left: 300 sec this turn | 300 sec total\n|\n|t:|1783535801\n|move|p1a: Cinccino|Bullet Seed|p2a: Vespiquen\n|-resisted|p2a: Vespiquen\n|-damage|p2a: Vespiquen|91/299\n|-resisted|p2a: Vespiquen\n|-damage|p2a: Vespiquen|72/299\n|-resisted|p2a: Vespiquen\n|-damage|p2a: Vespiquen|51/299\n|-resisted|p2a: Vespiquen\n|-damage|p2a: Vespiquen|32/299\n|-hitcount|p2a: Vespiquen|4\n|move|p2a: Vespiquen|U-turn|p1a: Cinccino\n|-damage|p1a: Cinccino|0 fnt\n|faint|p1a: Cinccino\n|\n|upkeep\n|\n|t:|1783535802\n|switch|p1a: Mamoswine|Mamoswine, L81, M|37/100\n|-damage|p1a: Mamoswine|21/100|[from] Spikes\n|-status|p1a: Mamoswine|tox\n|turn|33\n|inactive|Time left: 300 sec this turn | 300 sec total\n|\n|t:|1783535803\n|move|p1a: Mamoswine|Earthquake|p2a: Vespiquen\n|-supereffective|p2a: Vespiquen\n|-damage|p2a: Vespiquen|0 fnt\n|faint|p2a: Vespiquen\n|-damage|p1a: Mamoswine|11/100 tox|[from] item: Life Orb\n|\n|win|p0x1739daf", "uploadtime": 1783535803, "views": 0, "rating": 0, "private": 0, "password": null, "_winner": "p0x1739daf", "_our_name": "p0y173377c"}