{"id": "battle-gen9randombattle-2661", "formatid": "gen9randombattle", "format": "[Gen 9] Random Battle", "players": ["p0x266134f6", "p0y266162bd"], "log": "|init|battle\n|title|p0x266134f6 vs. p0y266162bd\n|j|\u2606p0x266134f6\n|j|\u2606p0y266162bd\n|t:|1783570701\n|gametype|singles\n|player|p1|p0x266134f6|170|\n|player|p2|p0y266162bd|266|\n|gen|9\n|tier|[Gen 9] Random Battle\n|rule|Species Clause: Limit one of each Pok\u00e9mon\n|rule|HP Percentage Mod: HP is shown in percentages\n|rule|Sleep Clause Mod: Limit one foe put to sleep\n|rule|Illusion Level Mod: Illusion disguises the Pok\u00e9mon's true level\n|\n|t:|1783570701\n|teamsize|p1|6\n|teamsize|p2|6\n|start\n|switch|p1a: Rotom|Rotom-Frost, L87|229/229\n|switch|p2a: Hitmonlee|Hitmonlee, L85, M|100/100\n|turn|1\n|inactive|Battle timer is ON: inactive players will automatically lose when time's up. (requested by p0y266162bd)\n|inactive|Time left: 300 sec this turn | 300 sec total | 60 sec grace\n|inactive|p0x266134f6 also wants the timer to be on.\n|\n|t:|1783570703\n|move|p1a: Rotom|Will-O-Wisp|p2a: Hitmonlee|[miss]\n|-miss|p1a: Rotom|p2a: Hitmonlee\n|move|p2a: Hitmonlee|High Jump Kick|p1a: Rotom\n|-supereffective|p1a: Rotom\n|-damage|p1a: Rotom|0 fnt\n|faint|p1a: Rotom\n|\n|upkeep\n|inactive|Time left: 300 sec this turn | 300 sec total | 65 sec grace\n|\n|t:|1783570704\n|switch|p1a: Zamazenta|Zamazenta-Crowned, L68|238/238\n|-ability|p1a: Zamazenta|Dauntless Shield|boost\n|-boost|p1a: Zamazenta|def|1\n|turn|2\n|inactive|Time left: 300 sec this turn | 300 sec total\n|\n|t:|1783570705\n|-terastallize|p1a: Zamazenta|Fighting\n|move|p1a: Zamazenta|Body Press|p2a: Hitmonlee\n|-damage|p2a: Hitmonlee|7/100\n|move|p2a: Hitmonlee|High Jump Kick|p1a: Zamazenta\n|-damage|p1a: Zamazenta|63/238\n|\n|upkeep\n|turn|3\n|inactive|Time left: 300 sec this turn | 300 sec total\n|\n|t:|1783570706\n|move|p1a: Zamazenta|Body Press|p2a: Hitmonlee\n|-damage|p2a: Hitmonlee|0 fnt\n|faint|p2a: Hitmonlee\n|\n|upkeep\n|\n|t:|1783570707\n|switch|p2a: Cinderace|Cinderace, L77, F|100/100\n|turn|4\n|inactive|Time left: 300 sec this turn | 300 sec total\n|\n|t:|1783570708\n|switch|p1a: Ursaluna|Ursaluna, L79, M|335/335\n|move|p2a: Cinderace|Pyro Ball|p1a: Ursaluna\n|-damage|p1a: Ursaluna|154/335\n|\n|-status|p1a: Ursaluna|brn|[from] item: Flame Orb\n|upkeep\n|turn|5\n|inactive|Time left: 300 sec this turn | 300 sec total\n|\n|t:|1783570709\n|switch|p1a: Dondozo|Dondozo, L78, M|362/362\n|move|p2a: Cinderace|Pyro Ball|p1a: Dondozo\n|-resisted|p1a: Dondozo\n|-damage|p1a: Dondozo|275/362\n|\n|-heal|p1a: Dondozo|297/362|[from] item: Leftovers\n|upkeep\n|turn|6\n|inactive|Time left: 300 sec this turn | 300 sec total\n|\n|t:|1783570710\n|switch|p2a: Phione|Phione, L91|100/100\n|move|p1a: Dondozo|Wave Crash|p2a: Phione\n|-resisted|p2a: Phione\n|-damage|p2a: Phione|80/100\n|-damage|p1a: Dondozo|278/362|[from] Recoil\n|\n|-heal|p2a: Phione|87/100|[from] item: Leftovers\n|-heal|p1a: Dondozo|300/362|[from] item: Leftovers\n|upkeep\n|turn|7\n|inactive|Time left: 300 sec this turn | 300 sec total\n|\n|t:|1783570711\n|move|p2a: Phione|Grass Knot|p1a: Dondozo\n|-supereffective|p1a: Dondozo\n|-damage|p1a: Dondozo|86/362\n|move|p1a: Dondozo|Curse|p1a: Dondozo\n|-unboost|p1a: Dondozo|spe|1\n|-boost|p1a: Dondozo|atk|1\n|-boost|p1a: Dondozo|def|1\n|\n|-heal|p2a: Phione|93/100|[from] item: Leftovers\n|-heal|p1a: Dondozo|108/362|[from] item: Leftovers\n|upkeep\n|turn|8\n|inactive|Time left: 300 sec this turn | 300 sec total\n|\n|t:|1783570712\n|switch|p1a: Zebstrika|Zebstrika, L87, F|272/272\n|move|p2a: Phione|Grass Knot|p1a: Zebstrika\n|-ability|p1a: Zebstrika|Sap Sipper|boost\n|-boost|p1a: Zebstrika|atk|1\n|\n|-heal|p2a: Phione|99/100|[from] item: Leftovers\n|upkeep\n|turn|9\n|inactive|Time left: 300 sec this turn | 300 sec total\n|\n|t:|1783570713\n|switch|p2a: Magcargo|Magcargo, L95, M|100/100\n|move|p1a: Zebstrika|Supercell Slam|p2a: Magcargo\n|-damage|p2a: Magcargo|48/100\n|-damage|p1a: Zebstrika|245/272|[from] item: Life Orb\n|\n|upkeep\n|turn|10\n|inactive|Time left: 300 sec this turn | 300 sec total\n|\n|t:|1783570714\n|-terastallize|p2a: Magcargo|Grass\n|move|p1a: Zebstrika|High Horsepower|p2a: Magcargo\n|-resisted|p2a: Magcargo\n|-damage|p2a: Magcargo|30/100\n|-damage|p1a: Zebstrika|218/272|[from] item: Life Orb\n|move|p2a: Magcargo|Recover|p2a: Magcargo\n|-heal|p2a: Magcargo|80/100\n|\n|upkeep\n|turn|11\n|inactive|Time left: 300 sec this turn | 300 sec total\n|\n|t:|1783570715\n|move|p1a: Zebstrika|Overheat|p2a: Magcargo\n|-supereffective|p2a: Magcargo\n|-damage|p2a: Magcargo|0 fnt\n|-unboost|p1a: Zebstrika|spa|2\n|faint|p2a: Magcargo\n|-damage|p1a: Zebstrika|191/272|[from] item: Life Orb\n|\n|upkeep\n|\n|t:|1783570716\n|switch|p2a: Alomomola|Alomomola, L87, F|100/100\n|turn|12\n|inactive|Time left: 300 sec this turn | 300 sec total\n|\n|t:|1783570716\n|move|p2a: Alomomola|Protect|p2a: Alomomola\n|-singleturn|p2a: Alomomola|Protect\n|move|p1a: Zebstrika|Supercell Slam|p2a: Alomomola\n|-activate|p2a: Alomomola|move: Protect\n|-damage|p1a: Zebstrika|55/272|[from] supercellslam\n|\n|upkeep\n|turn|13\n|inactive|Time left: 300 sec this turn | 300 sec total\n|\n|t:|1783570717\n|move|p2a: Alomomola|Protect||[still]\n|-fail|p2a: Alomomola\n|move|p1a: Zebstrika|Supercell Slam|p2a: Alomomola\n|-supereffective|p2a: Alomomola\n|-damage|p2a: Alomomola|0 fnt\n|faint|p2a: Alomomola\n|-damage|p1a: Zebstrika|28/272|[from] item: Life Orb\n|\n|upkeep\n|\n|t:|1783570718\n|switch|p2a: Cinderace|Cinderace, L77, F|100/100\n|turn|14\n|inactive|Time left: 300 sec this turn | 300 sec total\n|\n|t:|1783570719\n|switch|p2a: Staraptor|Staraptor, L79, F|100/100\n|move|p1a: Zebstrika|Supercell Slam|p2a: Staraptor\n|-supereffective|p2a: Staraptor\n|-damage|p2a: Staraptor|0 fnt\n|faint|p2a: Staraptor\n|-damage|p1a: Zebstrika|1/272|[from] item: Life Orb\n|\n|upkeep\n|\n|t:|1783570720\n|switch|p2a: Phione|Phione, L91|99/100\n|turn|15\n|inactive|Time left: 300 sec this turn | 300 sec total\n|\n|t:|1783570721\n|move|p1a: Zebstrika|Supercell Slam|p2a: Phione\n|-supereffective|p2a: Phione\n|-damage|p2a: Phione|0 fnt\n|faint|p2a: Phione\n|-damage|p1a: Zebstrika|0 fnt|[from] item: Life Orb\n|faint|p1a: Zebstrika\n|\n|upkeep\n|inactive|Time left: 300 sec this turn | 300 sec total | 5 sec grace\n|\n|t:|1783570721\n|switch|p1a: Whiscash|Whiscash, L88, M|337/337\n|switch|p2a: Cinderace|Cinderace, L77, F|100/100\n|turn|16\n|inactive|Time left: 300 sec this turn | 300 sec total\n|\n|t:|1783570722\n|move|p2a: Cinderace|High Jump Kick|p1a: Whiscash\n|-start|p2a: Cinderace|typechange|Fighting|[from] ability: Libero\n|-damage|p1a: Whiscash|130/337\n|move|p1a: Whiscash|Liquidation|p2a: Cinderace\n|-damage|p2a: Cinderace|44/100\n|-damage|p1a: Whiscash|97/337|[from] item: Life Orb\n|\n|upkeep\n|turn|17\n|inactive|Time left: 300 sec this turn | 300 sec total\n|\n|t:|1783570723\n|move|p2a: Cinderace|High Jump Kick|p1a: Whiscash\n|-damage|p1a: Whiscash|0 fnt\n|faint|p1a: Whiscash\n|\n|upkeep\n|inactive|Time left: 300 sec this turn | 300 sec total | 5 sec grace\n|\n|t:|1783570724\n|switch|p1a: Ursaluna|Ursaluna, L79, M|154/335 brn\n|turn|18\n|inactive|Time left: 300 sec this turn | 300 sec total\n|\n|t:|1783570725\n|switch|p1a: Dondozo|Dondozo, L78, M|108/362\n|move|p2a: Cinderace|High Jump Kick|p1a: Dondozo\n|-damage|p1a: Dondozo|0 fnt\n|faint|p1a: Dondozo\n|\n|upkeep\n|inactive|Time left: 300 sec this turn | 300 sec total | 5 sec grace\n|\n|t:|1783570726\n|switch|p1a: Ursaluna|Ursaluna, L79, M|154/335 brn\n|turn|19\n|inactive|Time left: 300 sec this turn | 300 sec total\n|\n|t:|1783570727\n|switch|p1a: Zamazenta|Zamazenta-Crowned, L68, tera:Fighting|63/238\n|move|p2a: Cinderace|High Jump Kick|p1a: Zamazenta\n|-damage|p1a: Zamazenta|0 fnt\n|faint|p1a: Zamazenta\n|\n|upkeep\n|inactive|Time left: 300 sec this turn | 300 sec total | 5 sec grace\n|\n|t:|1783570728\n|switch|p1a: Ursaluna|Ursaluna, L79, M|154/335 brn\n|turn|20\n|inactive|Time left: 300 sec this turn | 300 sec total\n|\n|t:|1783570729\n|move|p2a: Cinderace|High Jump Kick|p1a: Ursaluna\n|-supereffective|p1a: Ursaluna\n|-damage|p1a: Ursaluna|0 fnt\n|faint|p1a: Ursaluna\n|\n|win|p0y266162bd", "uploadtime": 1783570729, "views": 0, "rating": 0, "private": 0, "password": null, "_winner": "p0y266162bd", "_our_name": "p0x266134f6"}