{"id": "battle-gen9randombattle-1589", "formatid": "gen9randombattle", "format": "[Gen 9] Random Battle", "players": ["p0x158909eb", "p0y158933e5"], "log": "|init|battle\n|title|p0x158909eb vs. p0y158933e5\n|j|\u2606p0x158909eb\n|j|\u2606p0y158933e5\n|t:|1783557620\n|gametype|singles\n|player|p1|p0x158909eb|102|\n|player|p2|p0y158933e5|1|\n|gen|9\n|tier|[Gen 9] Random Battle\n|rule|Species Clause: Limit one of each Pok\u00e9mon\n|rule|HP Percentage Mod: HP is shown in percentages\n|rule|Sleep Clause Mod: Limit one foe put to sleep\n|rule|Illusion Level Mod: Illusion disguises the Pok\u00e9mon's true level\n|\n|t:|1783557620\n|teamsize|p1|6\n|teamsize|p2|6\n|start\n|switch|p1a: Garchomp|Garchomp, L74, M|282/282\n|switch|p2a: Mimikyu|Mimikyu, L79, M|100/100\n|turn|1\n|inactive|Battle timer is ON: inactive players will automatically lose when time's up. (requested by p0x158909eb)\n|inactive|p0y158933e5 also wants the timer to be on.\n|\n|t:|1783557621\n|move|p2a: Mimikyu|Swords Dance|p2a: Mimikyu\n|-boost|p2a: Mimikyu|atk|2\n|move|p1a: Garchomp|Stealth Rock|p2a: Mimikyu\n|-sidestart|p2: p0y158933e5|move: Stealth Rock\n|\n|upkeep\n|turn|2\n|inactive|Time left: 300 sec this turn | 300 sec total\n|\n|t:|1783557622\n|move|p2a: Mimikyu|Play Rough|p1a: Garchomp\n|-supereffective|p1a: Garchomp\n|-damage|p1a: Garchomp|0 fnt\n|-damage|p2a: Mimikyu|88/100|[from] ability: Rough Skin|[of] p1a: Garchomp\n|-damage|p2a: Mimikyu|71/100|[from] item: Rocky Helmet|[of] p1a: Garchomp\n|faint|p1a: Garchomp\n|-damage|p2a: Mimikyu|62/100|[from] item: Life Orb\n|\n|upkeep\n|inactive|Time left: 300 sec this turn | 300 sec total | 5 sec grace\n|\n|t:|1783557623\n|switch|p1a: Gouging Fire|Gouging Fire, L74|277/277\n|turn|3\n|inactive|Time left: 300 sec this turn | 300 sec total\n|\n|t:|1783557624\n|move|p2a: Mimikyu|Play Rough|p1a: Gouging Fire\n|-damage|p1a: Gouging Fire|96/277\n|-damage|p2a: Mimikyu|52/100|[from] item: Life Orb\n|move|p1a: Gouging Fire|Heat Crash|p2a: Mimikyu\n|-activate|p2a: Mimikyu|ability: Disguise\n|-damage|p2a: Mimikyu|52/100\n|detailschange|p2a: Mimikyu|Mimikyu-Busted, L79, M\n|-damage|p2a: Mimikyu|39/100|[from] pokemon: Mimikyu-Busted\n|\n|upkeep\n|turn|4\n|inactive|Time left: 300 sec this turn | 300 sec total\n|\n|t:|1783557625\n|move|p2a: Mimikyu|Shadow Claw|p1a: Gouging Fire\n|-damage|p1a: Gouging Fire|0 fnt\n|faint|p1a: Gouging Fire\n|-end|p1a: Gouging Fire|Protosynthesis|[silent]\n|-damage|p2a: Mimikyu|30/100|[from] item: Life Orb\n|\n|upkeep\n|inactive|Time left: 300 sec this turn | 300 sec total | 5 sec grace\n|\n|t:|1783557626\n|switch|p1a: Diancie|Diancie, L82|216/216\n|turn|5\n|inactive|Time left: 300 sec this turn | 300 sec total\n|\n|t:|1783557628\n|move|p2a: Mimikyu|Play Rough|p1a: Diancie|[miss]\n|-miss|p2a: Mimikyu|p1a: Diancie\n|move|p1a: Diancie|Diamond Storm|p2a: Mimikyu\n|-damage|p2a: Mimikyu|0 fnt\n|-boost|p1a: Diancie|def|2\n|faint|p2a: Mimikyu\n|\n|upkeep\n|\n|t:|1783557629\n|switch|p2a: Gholdengo|Gholdengo, L77|100/100\n|-damage|p2a: Gholdengo|94/100|[from] Stealth Rock\n|turn|6\n|inactive|Time left: 300 sec this turn | 300 sec total\n|\n|t:|1783557630\n|-terastallize|p1a: Diancie|Fighting\n|move|p2a: Gholdengo|Make It Rain|p1a: Diancie\n|-damage|p1a: Diancie|159/216\n|-unboost|p2a: Gholdengo|spa|1\n|move|p1a: Diancie|Earth Power|p2a: Gholdengo\n|-supereffective|p2a: Gholdengo\n|-damage|p2a: Gholdengo|45/100\n|\n|-heal|p2a: Gholdengo|51/100|[from] item: Leftovers\n|upkeep\n|turn|7\n|inactive|Time left: 300 sec this turn | 300 sec total\n|\n|t:|1783557631\n|move|p2a: Gholdengo|Nasty Plot|p2a: Gholdengo\n|-boost|p2a: Gholdengo|spa|2\n|move|p1a: Diancie|Earth Power|p2a: Gholdengo\n|-supereffective|p2a: Gholdengo\n|-damage|p2a: Gholdengo|4/100\n|\n|-heal|p2a: Gholdengo|10/100|[from] item: Leftovers\n|upkeep\n|turn|8\n|inactive|Time left: 300 sec this turn | 300 sec total\n|\n|t:|1783557632\n|move|p2a: Gholdengo|Make It Rain|p1a: Diancie\n|-damage|p1a: Diancie|69/216\n|-unboost|p2a: Gholdengo|spa|1\n|move|p1a: Diancie|Diamond Storm|p2a: Gholdengo\n|-resisted|p2a: Gholdengo\n|-damage|p2a: Gholdengo|0 fnt\n|faint|p2a: Gholdengo\n|\n|upkeep\n|\n|t:|1783557633\n|switch|p2a: Flamigo|Flamigo, L82, F|100/100\n|-damage|p2a: Flamigo|88/100|[from] Stealth Rock\n|turn|9\n|inactive|Time left: 300 sec this turn | 300 sec total\n|\n|t:|1783557634\n|move|p2a: Flamigo|Brave Bird|p1a: Diancie\n|-supereffective|p1a: Diancie\n|-damage|p1a: Diancie|0 fnt\n|faint|p1a: Diancie\n|-damage|p2a: Flamigo|80/100|[from] Recoil\n|-damage|p2a: Flamigo|70/100|[from] item: Life Orb\n|\n|upkeep\n|inactive|Time left: 300 sec this turn | 300 sec total | 5 sec grace\n|\n|t:|1783557635\n|switch|p1a: Veluza|Veluza, L85, F|292/292\n|turn|10\n|inactive|Time left: 300 sec this turn | 300 sec total\n|\n|t:|1783557636\n|switch|p2a: Leafeon|Leafeon, L88, M|100/100\n|-damage|p2a: Leafeon|88/100|[from] Stealth Rock\n|move|p1a: Veluza|Psycho Cut|p2a: Leafeon\n|-damage|p2a: Leafeon|54/100\n|\n|upkeep\n|turn|11\n|inactive|Time left: 300 sec this turn | 300 sec total\n|\n|t:|1783557637\n|switch|p1a: Beartic|Beartic, L91, M|321/321\n|move|p2a: Leafeon|Leaf Blade|p1a: Beartic\n|-damage|p1a: Beartic|164/321\n|-damage|p2a: Leafeon|44/100|[from] item: Life Orb\n|\n|upkeep\n|turn|12\n|inactive|Time left: 300 sec this turn | 300 sec total\n|\n|t:|1783557638\n|move|p2a: Leafeon|Leaf Blade|p1a: Beartic\n|-damage|p1a: Beartic|11/321\n|-damage|p2a: Leafeon|35/100|[from] item: Life Orb\n|move|p1a: Beartic|Icicle Crash|p2a: Leafeon\n|-supereffective|p2a: Leafeon\n|-damage|p2a: Leafeon|0 fnt\n|faint|p2a: Leafeon\n|\n|upkeep\n|\n|t:|1783557639\n|switch|p2a: Hitmonchan|Hitmonchan, L87, M|100/100\n|-damage|p2a: Hitmonchan|94/100|[from] Stealth Rock\n|turn|13\n|inactive|Time left: 300 sec this turn | 300 sec total\n|\n|t:|1783557639\n|move|p2a: Hitmonchan|Bulk Up|p2a: Hitmonchan\n|-boost|p2a: Hitmonchan|atk|1\n|-boost|p2a: Hitmonchan|def|1\n|move|p1a: Beartic|Close Combat|p2a: Hitmonchan\n|-damage|p2a: Hitmonchan|54/100\n|-unboost|p1a: Beartic|def|1\n|-unboost|p1a: Beartic|spd|1\n|\n|-heal|p2a: Hitmonchan|60/100|[from] item: Leftovers\n|upkeep\n|turn|14\n|inactive|Time left: 300 sec this turn | 300 sec total\n|\n|t:|1783557641\n|move|p2a: Hitmonchan|Bulk Up|p2a: Hitmonchan\n|-boost|p2a: Hitmonchan|atk|1\n|-boost|p2a: Hitmonchan|def|1\n|move|p1a: Beartic|Earthquake|p2a: Hitmonchan\n|-damage|p2a: Hitmonchan|37/100\n|\n|-heal|p2a: Hitmonchan|43/100|[from] item: Leftovers\n|upkeep\n|turn|15\n|inactive|Time left: 300 sec this turn | 300 sec total\n|\n|t:|1783557642\n|move|p2a: Hitmonchan|Knock Off|p1a: Beartic\n|-damage|p1a: Beartic|0 fnt\n|-enditem|p1a: Beartic|Heavy-Duty Boots|[from] move: Knock Off|[of] p2a: Hitmonchan\n|faint|p1a: Beartic\n|\n|-heal|p2a: Hitmonchan|49/100|[from] item: Leftovers\n|upkeep\n|inactive|Time left: 300 sec this turn | 300 sec total | 5 sec grace\n|\n|t:|1783557643\n|switch|p1a: Donphan|Donphan, L84, F|288/288\n|turn|16\n|inactive|Time left: 300 sec this turn | 300 sec total\n|\n|t:|1783557643\n|move|p2a: Hitmonchan|Drain Punch|p1a: Donphan\n|-damage|p1a: Donphan|111/288\n|-heal|p2a: Hitmonchan|88/100|[from] drain|[of] p1a: Donphan\n|move|p1a: Donphan|Rapid Spin|p2a: Hitmonchan\n|-damage|p2a: Hitmonchan|79/100\n|-boost|p1a: Donphan|spe|1\n|\n|-heal|p2a: Hitmonchan|85/100|[from] item: Leftovers\n|upkeep\n|turn|17\n|inactive|Time left: 300 sec this turn | 300 sec total\n|\n|t:|1783557644\n|-terastallize|p2a: Hitmonchan|Poison\n|move|p1a: Donphan|Earthquake|p2a: Hitmonchan\n|-supereffective|p2a: Hitmonchan\n|-crit|p2a: Hitmonchan\n|-damage|p2a: Hitmonchan|0 fnt\n|faint|p2a: Hitmonchan\n|\n|upkeep\n|\n|t:|1783557646\n|switch|p2a: Dachsbun|Dachsbun, L92, M|100/100\n|-damage|p2a: Dachsbun|88/100|[from] Stealth Rock\n|turn|18\n|inactive|Time left: 300 sec this turn | 300 sec total\n|\n|t:|1783557646\n|move|p2a: Dachsbun|Play Rough|p1a: Donphan\n|-damage|p1a: Donphan|38/288\n|move|p1a: Donphan|Rapid Spin|p2a: Dachsbun\n|-damage|p2a: Dachsbun|76/100\n|-boost|p1a: Donphan|spe|1\n|\n|-heal|p2a: Dachsbun|82/100|[from] item: Leftovers\n|upkeep\n|turn|19\n|inactive|Time left: 300 sec this turn | 300 sec total\n|\n|t:|1783557648\n|move|p1a: Donphan|Earthquake|p2a: Dachsbun\n|-damage|p2a: Dachsbun|48/100\n|move|p2a: Dachsbun|Wish|p2a: Dachsbun\n|\n|-heal|p2a: Dachsbun|54/100|[from] item: Leftovers\n|upkeep\n|turn|20\n|inactive|Time left: 300 sec this turn | 300 sec total\n|\n|t:|1783557649\n|switch|p1a: Veluza|Veluza, L85, F|292/292\n|move|p2a: Dachsbun|Protect||[still]\n|-fail|p2a: Dachsbun\n|\n|-heal|p2a: Dachsbun|100/100|[from] move: Wish|[wisher] Dachsbun\n|upkeep\n|turn|21\n|inactive|Time left: 300 sec this turn | 300 sec total\n|\n|t:|1783557650\n|move|p2a: Dachsbun|Play Rough|p1a: Veluza\n|-damage|p1a: Veluza|183/292\n|move|p1a: Veluza|Fillet Away|p1a: Veluza\n|-boost|p1a: Veluza|atk|2\n|-boost|p1a: Veluza|spa|2\n|-boost|p1a: Veluza|spe|2\n|-damage|p1a: Veluza|37/292\n|-enditem|p1a: Veluza|Sitrus Berry|[eat]\n|-heal|p1a: Veluza|110/292|[from] item: Sitrus Berry\n|\n|upkeep\n|turn|22\n|inactive|Time left: 300 sec this turn | 300 sec total\n|\n|t:|1783557651\n|switch|p2a: Flamigo|Flamigo, L82, F|70/100\n|-damage|p2a: Flamigo|58/100|[from] Stealth Rock\n|move|p1a: Veluza|Aqua Cutter|p2a: Flamigo\n|-damage|p2a: Flamigo|0 fnt\n|faint|p2a: Flamigo\n|\n|upkeep\n|\n|t:|1783557652\n|switch|p2a: Dachsbun|Dachsbun, L92, M|100/100\n|-damage|p2a: Dachsbun|88/100|[from] Stealth Rock\n|turn|23\n|inactive|Time left: 300 sec this turn | 300 sec total\n|\n|t:|1783557653\n|move|p1a: Veluza|Aqua Cutter|p2a: Dachsbun\n|-damage|p2a: Dachsbun|22/100\n|move|p2a: Dachsbun|Wish|p2a: Dachsbun\n|\n|-heal|p2a: Dachsbun|28/100|[from] item: Leftovers\n|upkeep\n|turn|24\n|inactive|Time left: 300 sec this turn | 300 sec total\n|\n|t:|1783557655\n|move|p2a: Dachsbun|Protect|p2a: Dachsbun\n|-singleturn|p2a: Dachsbun|Protect\n|move|p1a: Veluza|Aqua Cutter|p2a: Dachsbun\n|-activate|p2a: Dachsbun|move: Protect\n|\n|-heal|p2a: Dachsbun|78/100|[from] move: Wish|[wisher] Dachsbun\n|-heal|p2a: Dachsbun|84/100|[from] item: Leftovers\n|upkeep\n|turn|25\n|inactive|Time left: 300 sec this turn | 300 sec total\n|\n|t:|1783557656\n|move|p1a: Veluza|Aqua Cutter|p2a: Dachsbun\n|-damage|p2a: Dachsbun|19/100\n|move|p2a: Dachsbun|Wish|p2a: Dachsbun\n|\n|-heal|p2a: Dachsbun|25/100|[from] item: Leftovers\n|upkeep\n|turn|26\n|inactive|Time left: 300 sec this turn | 300 sec total\n|\n|t:|1783557657\n|move|p2a: Dachsbun|Protect|p2a: Dachsbun\n|-singleturn|p2a: Dachsbun|Protect\n|move|p1a: Veluza|Psycho Cut|p2a: Dachsbun\n|-activate|p2a: Dachsbun|move: Protect\n|\n|-heal|p2a: Dachsbun|75/100|[from] move: Wish|[wisher] Dachsbun\n|-heal|p2a: Dachsbun|81/100|[from] item: Leftovers\n|upkeep\n|turn|27\n|inactive|Time left: 300 sec this turn | 300 sec total\n|\n|t:|1783557658\n|move|p1a: Veluza|Aqua Cutter|p2a: Dachsbun\n|-damage|p2a: Dachsbun|12/100\n|move|p2a: Dachsbun|Wish|p2a: Dachsbun\n|\n|-heal|p2a: Dachsbun|18/100|[from] item: Leftovers\n|upkeep\n|turn|28\n|inactive|Time left: 300 sec this turn | 300 sec total\n|\n|t:|1783557659\n|move|p2a: Dachsbun|Protect|p2a: Dachsbun\n|-singleturn|p2a: Dachsbun|Protect\n|move|p1a: Veluza|Night Slash|p2a: Dachsbun\n|-activate|p2a: Dachsbun|move: Protect\n|\n|-heal|p2a: Dachsbun|68/100|[from] move: Wish|[wisher] Dachsbun\n|-heal|p2a: Dachsbun|74/100|[from] item: Leftovers\n|upkeep\n|turn|29\n|inactive|Time left: 300 sec this turn | 300 sec total\n|\n|t:|1783557660\n|move|p1a: Veluza|Aqua Cutter|p2a: Dachsbun\n|-damage|p2a: Dachsbun|8/100\n|move|p2a: Dachsbun|Play Rough|p1a: Veluza\n|-damage|p1a: Veluza|0 fnt\n|faint|p1a: Veluza\n|\n|-heal|p2a: Dachsbun|13/100|[from] item: Leftovers\n|upkeep\n|inactive|Time left: 300 sec this turn | 300 sec total | 5 sec grace\n|\n|t:|1783557661\n|switch|p1a: Donphan|Donphan, L84, F|38/288\n|turn|30\n|inactive|Time left: 300 sec this turn | 300 sec total\n|\n|t:|1783557662\n|move|p1a: Donphan|Ice Shard|p2a: Dachsbun\n|-damage|p2a: Dachsbun|3/100\n|move|p2a: Dachsbun|Body Press|p1a: Donphan\n|-damage|p1a: Donphan|0 fnt\n|faint|p1a: Donphan\n|\n|win|p0y158933e5", "uploadtime": 1783557662, "views": 0, "rating": 0, "private": 0, "password": null, "_winner": "p0y158933e5", "_our_name": "p0x158909eb"}