{"id": "battle-gen9randombattle-1791", "formatid": "gen9randombattle", "format": "[Gen 9] Random Battle", "players": ["p0x1791f323", "p0y17912adb"], "log": "|init|battle\n|title|p0x1791f323 vs. p0y17912adb\n|j|\u2606p0x1791f323\n|j|\u2606p0y17912adb\n|t:|1783560754\n|gametype|singles\n|player|p1|p0x1791f323|1|\n|player|p2|p0y17912adb|266|\n|gen|9\n|tier|[Gen 9] Random Battle\n|rule|Species Clause: Limit one of each Pok\u00e9mon\n|rule|HP Percentage Mod: HP is shown in percentages\n|rule|Sleep Clause Mod: Limit one foe put to sleep\n|rule|Illusion Level Mod: Illusion disguises the Pok\u00e9mon's true level\n|\n|t:|1783560754\n|teamsize|p1|6\n|teamsize|p2|6\n|start\n|switch|p1a: Krookodile|Krookodile, L79, F|280/280\n|switch|p2a: Cinccino|Cinccino, L83, F|100/100\n|-ability|p1a: Krookodile|Intimidate|boost\n|-unboost|p2a: Cinccino|atk|1\n|turn|1\n|inactive|Battle timer is ON: inactive players will automatically lose when time's up. (requested by p0x1791f323)\n|inactive|p0y17912adb also wants the timer to be on.\n|\n|t:|1783560755\n|switch|p2a: Greedent|Greedent, L86, F|100/100\n|move|p1a: Krookodile|Knock Off|p2a: Greedent\n|-damage|p2a: Greedent|63/100\n|-enditem|p2a: Greedent|Sitrus Berry|[from] move: Knock Off|[of] p1a: Krookodile\n|-damage|p1a: Krookodile|252/280|[from] item: Life Orb\n|\n|upkeep\n|turn|2\n|inactive|Time left: 300 sec this turn | 300 sec total\n|\n|t:|1783560756\n|move|p1a: Krookodile|Stealth Rock|p2a: Greedent\n|-sidestart|p2: p0y17912adb|move: Stealth Rock\n|move|p2a: Greedent|Swords Dance|p2a: Greedent\n|-boost|p2a: Greedent|atk|2\n|\n|upkeep\n|turn|3\n|inactive|Time left: 300 sec this turn | 300 sec total\n|\n|t:|1783560757\n|move|p1a: Krookodile|Earthquake|p2a: Greedent\n|-damage|p2a: Greedent|24/100\n|-damage|p1a: Krookodile|224/280|[from] item: Life Orb\n|move|p2a: Greedent|Double-Edge|p1a: Krookodile\n|-damage|p1a: Krookodile|0 fnt\n|faint|p1a: Krookodile\n|-damage|p2a: Greedent|3/100|[from] Recoil\n|\n|upkeep\n|inactive|Time left: 300 sec this turn | 300 sec total | 5 sec grace\n|\n|t:|1783560758\n|switch|p1a: Excadrill|Excadrill, L79, M|303/303\n|-ability|p1a: Excadrill|Mold Breaker\n|turn|4\n|inactive|Time left: 300 sec this turn | 300 sec total\n|\n|t:|1783560760\n|move|p1a: Excadrill|Iron Head|p2a: Greedent\n|-damage|p2a: Greedent|0 fnt\n|faint|p2a: Greedent\n|\n|upkeep\n|\n|t:|1783560761\n|switch|p2a: Blastoise|Blastoise, L80, F|100/100\n|-damage|p2a: Blastoise|88/100|[from] Stealth Rock\n|turn|5\n|inactive|Time left: 300 sec this turn | 300 sec total\n|\n|t:|1783560762\n|move|p1a: Excadrill|Earthquake|p2a: Blastoise\n|-damage|p2a: Blastoise|46/100\n|move|p2a: Blastoise|Shell Smash|p2a: Blastoise\n|-unboost|p2a: Blastoise|def|1\n|-unboost|p2a: Blastoise|spd|1\n|-boost|p2a: Blastoise|atk|2\n|-boost|p2a: Blastoise|spa|2\n|-boost|p2a: Blastoise|spe|2\n|-enditem|p2a: Blastoise|White Herb\n|-clearnegativeboost|p2a: Blastoise|[silent]\n|\n|upkeep\n|turn|6\n|inactive|Time left: 300 sec this turn | 300 sec total\n|\n|t:|1783560763\n|-terastallize|p1a: Excadrill|Water\n|move|p2a: Blastoise|Hydro Pump|p1a: Excadrill|[miss]\n|-miss|p2a: Blastoise|p1a: Excadrill\n|move|p1a: Excadrill|Earthquake|p2a: Blastoise\n|-damage|p2a: Blastoise|0 fnt\n|faint|p2a: Blastoise\n|\n|upkeep\n|\n|t:|1783560764\n|switch|p2a: Cinccino|Cinccino, L83, F|100/100\n|-damage|p2a: Cinccino|88/100|[from] Stealth Rock\n|turn|7\n|inactive|Time left: 300 sec this turn | 300 sec total\n|\n|t:|1783560765\n|move|p2a: Cinccino|Tidy Up|p2a: Cinccino\n|-sideend|p2: p0y17912adb|Stealth Rock\n|-activate|p2a: Cinccino|move: Tidy Up\n|-boost|p2a: Cinccino|atk|1\n|-boost|p2a: Cinccino|spe|1\n|move|p1a: Excadrill|Earthquake|p2a: Cinccino\n|-damage|p2a: Cinccino|21/100\n|\n|upkeep\n|turn|8\n|inactive|Time left: 300 sec this turn | 300 sec total\n|\n|t:|1783560766\n|switch|p1a: Victreebel|Victreebel, L90, F|290/290\n|move|p2a: Cinccino|Tail Slap|p1a: Victreebel|[miss]\n|-miss|p2a: Cinccino|p1a: Victreebel\n|\n|upkeep\n|turn|9\n|inactive|Time left: 300 sec this turn | 300 sec total\n|\n|t:|1783560767\n|move|p1a: Victreebel|Sucker Punch|p2a: Cinccino\n|-damage|p2a: Cinccino|0 fnt\n|faint|p2a: Cinccino\n|-damage|p1a: Victreebel|261/290|[from] item: Life Orb\n|\n|upkeep\n|\n|t:|1783560768\n|switch|p2a: Vespiquen|Vespiquen, L99, F|100/100\n|-ability|p2a: Vespiquen|Pressure\n|turn|10\n|inactive|Time left: 300 sec this turn | 300 sec total\n|\n|t:|1783560769\n|switch|p1a: Excadrill|Excadrill, L79, M, tera:Water|303/303\n|-ability|p1a: Excadrill|Mold Breaker\n|move|p2a: Vespiquen|Air Slash|p1a: Excadrill\n|-damage|p1a: Excadrill|213/303\n|\n|upkeep\n|turn|11\n|inactive|Time left: 300 sec this turn | 300 sec total\n|\n|t:|1783560770\n|move|p1a: Excadrill|Rock Slide|p2a: Vespiquen\n|-supereffective|p2a: Vespiquen\n|-damage|p2a: Vespiquen|40/100\n|cant|p2a: Vespiquen|flinch\n|\n|upkeep\n|turn|12\n|inactive|Time left: 300 sec this turn | 300 sec total\n|\n|t:|1783560771\n|move|p1a: Excadrill|Rock Slide|p2a: Vespiquen|[miss]\n|-miss|p1a: Excadrill|p2a: Vespiquen\n|move|p2a: Vespiquen|Roost|p2a: Vespiquen\n|-heal|p2a: Vespiquen|90/100\n|-singleturn|p2a: Vespiquen|move: Roost\n|\n|upkeep\n|turn|13\n|inactive|Time left: 300 sec this turn | 300 sec total\n|\n|t:|1783560772\n|move|p1a: Excadrill|Rock Slide|p2a: Vespiquen\n|-supereffective|p2a: Vespiquen\n|-damage|p2a: Vespiquen|32/100\n|move|p2a: Vespiquen|U-turn|p1a: Excadrill\n|-damage|p1a: Excadrill|84/303\n|\n|t:|1783560772\n|switch|p2a: Grimmsnarl|Grimmsnarl, L83, M|100/100|[from] U-turn\n|\n|upkeep\n|turn|14\n|inactive|Time left: 300 sec this turn | 300 sec total\n|\n|t:|1783560773\n|move|p2a: Grimmsnarl|Reflect|p2a: Grimmsnarl\n|-sidestart|p2: p0y17912adb|Reflect\n|move|p1a: Excadrill|Iron Head|p2a: Grimmsnarl\n|-supereffective|p2a: Grimmsnarl\n|-damage|p2a: Grimmsnarl|55/100\n|\n|upkeep\n|turn|15\n|inactive|Time left: 300 sec this turn | 300 sec total\n|\n|t:|1783560774\n|move|p1a: Excadrill|Iron Head|p2a: Grimmsnarl\n|-supereffective|p2a: Grimmsnarl\n|-damage|p2a: Grimmsnarl|10/100\n|move|p2a: Grimmsnarl|Spirit Break|p1a: Excadrill\n|-damage|p1a: Excadrill|0 fnt\n|faint|p1a: Excadrill\n|\n|upkeep\n|inactive|Time left: 300 sec this turn | 300 sec total | 5 sec grace\n|\n|t:|1783560775\n|switch|p1a: Pelipper|Pelipper, L86, F|243/243\n|-weather|RainDance|[from] ability: Drizzle|[of] p1a: Pelipper\n|turn|16\n|inactive|Time left: 300 sec this turn | 300 sec total\n|\n|t:|1783560776\n|move|p2a: Grimmsnarl|Thunder Wave|p1a: Pelipper\n|-status|p1a: Pelipper|par\n|cant|p1a: Pelipper|par\n|\n|-weather|RainDance|[upkeep]\n|upkeep\n|turn|17\n|inactive|Time left: 300 sec this turn | 300 sec total\n|\n|t:|1783560777\n|move|p2a: Grimmsnarl|Spirit Break|p1a: Pelipper\n|-damage|p1a: Pelipper|162/243 par\n|-unboost|p1a: Pelipper|spa|1\n|move|p1a: Pelipper|Hurricane|p2a: Grimmsnarl\n|-damage|p2a: Grimmsnarl|0 fnt\n|faint|p2a: Grimmsnarl\n|\n|-weather|RainDance|[upkeep]\n|upkeep\n|\n|t:|1783560778\n|switch|p2a: Vespiquen|Vespiquen, L99, F|32/100\n|-ability|p2a: Vespiquen|Pressure\n|turn|18\n|inactive|Time left: 300 sec this turn | 300 sec total\n|\n|t:|1783560779\n|switch|p1a: Scream Tail|Scream Tail, L84|330/330\n|move|p2a: Vespiquen|Roost|p2a: Vespiquen\n|-heal|p2a: Vespiquen|82/100\n|-singleturn|p2a: Vespiquen|move: Roost\n|\n|-weather|RainDance|[upkeep]\n|upkeep\n|turn|19\n|inactive|Time left: 300 sec this turn | 300 sec total\n|\n|t:|1783560779\n|move|p1a: Scream Tail|Thunder Wave|p2a: Vespiquen\n|-status|p2a: Vespiquen|par\n|move|p2a: Vespiquen|Roost|p2a: Vespiquen\n|-heal|p2a: Vespiquen|100/100 par\n|-singleturn|p2a: Vespiquen|move: Roost\n|\n|-weather|RainDance|[upkeep]\n|upkeep\n|turn|20\n|inactive|Time left: 300 sec this turn | 300 sec total\n|\n|t:|1783560780\n|move|p1a: Scream Tail|Protect|p1a: Scream Tail\n|-singleturn|p1a: Scream Tail|Protect\n|move|p2a: Vespiquen|Toxic|p1a: Scream Tail\n|-activate|p1a: Scream Tail|move: Protect\n|\n|-weather|none\n|upkeep\n|turn|21\n|inactive|Time left: 300 sec this turn | 300 sec total\n|\n|t:|1783560781\n|move|p1a: Scream Tail|Wish|p1a: Scream Tail\n|move|p2a: Vespiquen|Toxic|p1a: Scream Tail\n|-status|p1a: Scream Tail|tox\n|\n|-damage|p1a: Scream Tail|310/330 tox|[from] psn\n|-sideend|p2: p0y17912adb|Reflect\n|upkeep\n|turn|22\n|inactive|Time left: 300 sec this turn | 300 sec total\n|\n|t:|1783560782\n|-end|p1a: Scream Tail|Protosynthesis|[silent]\n|switch|p1a: Pelipper|Pelipper, L86, F|162/243 par\n|-weather|RainDance|[from] ability: Drizzle|[of] p1a: Pelipper\n|move|p2a: Vespiquen|U-turn|p1a: Pelipper\n|-resisted|p1a: Pelipper\n|-damage|p1a: Pelipper|125/243 par\n|\n|t:|1783560783\n|switch|p2a: Volcanion|Volcanion, L79|100/100|[from] U-turn\n|\n|-weather|RainDance|[upkeep]\n|-heal|p1a: Pelipper|243/243 par|[from] move: Wish|[wisher] Scream Tail\n|upkeep\n|turn|23\n|inactive|Time left: 300 sec this turn | 300 sec total\n|\n|t:|1783560784\n|move|p2a: Volcanion|Steam Eruption|p1a: Pelipper\n|-resisted|p1a: Pelipper\n|-damage|p1a: Pelipper|136/243 par\n|move|p1a: Pelipper|Hurricane|p2a: Volcanion\n|-damage|p2a: Volcanion|52/100\n|\n|-weather|RainDance|[upkeep]\n|upkeep\n|turn|24\n|inactive|Time left: 300 sec this turn | 300 sec total\n|\n|t:|1783560785\n|move|p2a: Volcanion|Steam Eruption|p1a: Pelipper\n|-resisted|p1a: Pelipper\n|-damage|p1a: Pelipper|23/243 par\n|move|p1a: Pelipper|Roost|p1a: Pelipper\n|-heal|p1a: Pelipper|145/243 par\n|-singleturn|p1a: Pelipper|move: Roost\n|\n|-weather|RainDance|[upkeep]\n|upkeep\n|turn|25\n|inactive|Time left: 300 sec this turn | 300 sec total\n|\n|t:|1783560786\n|move|p2a: Volcanion|Steam Eruption|p1a: Pelipper\n|-resisted|p1a: Pelipper\n|-damage|p1a: Pelipper|40/243 par\n|move|p1a: Pelipper|Hurricane|p2a: Volcanion\n|-damage|p2a: Volcanion|0 fnt\n|faint|p2a: Volcanion\n|\n|-weather|RainDance|[upkeep]\n|upkeep\n|\n|t:|1783560787\n|switch|p2a: Vespiquen|Vespiquen, L99, F|100/100 par\n|-ability|p2a: Vespiquen|Pressure\n|turn|26\n|inactive|Time left: 300 sec this turn | 300 sec total\n|\n|t:|1783560788\n|cant|p1a: Pelipper|par\n|move|p2a: Vespiquen|Air Slash|p1a: Pelipper\n|-damage|p1a: Pelipper|0 fnt\n|faint|p1a: Pelipper\n|\n|-weather|none\n|upkeep\n|inactive|Time left: 300 sec this turn | 300 sec total | 5 sec grace\n|\n|t:|1783560789\n|switch|p1a: Scream Tail|Scream Tail, L84|310/330 tox\n|turn|27\n|inactive|Time left: 300 sec this turn | 300 sec total\n|\n|t:|1783560790\n|move|p1a: Scream Tail|Wish|p1a: Scream Tail\n|move|p2a: Vespiquen|Air Slash|p1a: Scream Tail\n|-damage|p1a: Scream Tail|229/330 tox\n|\n|-heal|p1a: Scream Tail|249/330 tox|[from] item: Leftovers\n|-damage|p1a: Scream Tail|229/330 tox|[from] psn\n|upkeep\n|turn|28\n|inactive|Time left: 300 sec this turn | 300 sec total\n|\n|t:|1783560791\n|move|p1a: Scream Tail|Play Rough|p2a: Vespiquen\n|-damage|p2a: Vespiquen|81/100 par\n|cant|p2a: Vespiquen|par\n|\n|-heal|p1a: Scream Tail|330/330 tox|[from] move: Wish|[wisher] Scream Tail\n|-damage|p1a: Scream Tail|290/330 tox|[from] psn\n|upkeep\n|turn|29\n|inactive|Time left: 300 sec this turn | 300 sec total\n|\n|t:|1783560792\n|move|p1a: Scream Tail|Wish|p1a: Scream Tail\n|move|p2a: Vespiquen|Air Slash|p1a: Scream Tail\n|-damage|p1a: Scream Tail|220/330 tox\n|\n|-heal|p1a: Scream Tail|240/330 tox|[from] item: Leftovers\n|-damage|p1a: Scream Tail|180/330 tox|[from] psn\n|upkeep\n|turn|30\n|inactive|Time left: 300 sec this turn | 300 sec total\n|\n|t:|1783560793\n|move|p1a: Scream Tail|Play Rough|p2a: Vespiquen|[miss]\n|-miss|p1a: Scream Tail|p2a: Vespiquen\n|move|p2a: Vespiquen|Roost|p2a: Vespiquen\n|-heal|p2a: Vespiquen|100/100 par\n|-singleturn|p2a: Vespiquen|move: Roost\n|\n|-heal|p1a: Scream Tail|330/330 tox|[from] move: Wish|[wisher] Scream Tail\n|-damage|p1a: Scream Tail|250/330 tox|[from] psn\n|upkeep\n|turn|31\n|inactive|Time left: 300 sec this turn | 300 sec total\n|\n|t:|1783560794\n|-end|p1a: Scream Tail|Protosynthesis|[silent]\n|switch|p1a: Phione|Phione, L91|293/293\n|move|p2a: Vespiquen|Toxic|p1a: Phione\n|-status|p1a: Phione|tox\n|\n|-damage|p1a: Phione|275/293 tox|[from] psn\n|upkeep\n|turn|32\n|inactive|Time left: 300 sec this turn | 300 sec total\n|\n|t:|1783560795\n|move|p1a: Phione|Rest|p1a: Phione\n|-status|p1a: Phione|slp|[from] move: Rest\n|-heal|p1a: Phione|293/293 slp|[silent]\n|move|p2a: Vespiquen|Air Slash|p1a: Phione\n|-damage|p1a: Phione|191/293 slp\n|\n|-heal|p1a: Phione|209/293 slp|[from] item: Leftovers\n|upkeep\n|turn|33\n|inactive|Time left: 300 sec this turn | 300 sec total\n|\n|t:|1783560796\n|cant|p1a: Phione|slp\n|move|p2a: Vespiquen|Air Slash|p1a: Phione\n|-damage|p1a: Phione|113/293 slp\n|\n|-heal|p1a: Phione|131/293 slp|[from] item: Leftovers\n|upkeep\n|turn|34\n|inactive|Time left: 300 sec this turn | 300 sec total\n|\n|t:|1783560797\n|cant|p1a: Phione|slp\n|move|p2a: Vespiquen|Air Slash|p1a: Phione\n|-damage|p1a: Phione|44/293 slp\n|\n|-heal|p1a: Phione|62/293 slp|[from] item: Leftovers\n|upkeep\n|turn|35\n|inactive|Time left: 300 sec this turn | 300 sec total\n|\n|t:|1783560798\n|-curestatus|p1a: Phione|slp|[msg]\n|move|p1a: Phione|Rest|p1a: Phione\n|-status|p1a: Phione|slp|[from] move: Rest\n|-heal|p1a: Phione|293/293 slp|[silent]\n|move|p2a: Vespiquen|U-turn|p1a: Phione\n|-damage|p1a: Phione|197/293 slp\n|\n|-heal|p1a: Phione|215/293 slp|[from] item: Leftovers\n|upkeep\n|turn|36\n|inactive|Time left: 300 sec this turn | 300 sec total\n|\n|t:|1783560800\n|cant|p1a: Phione|slp\n|move|p1a: Phione|Sleep Talk|p1a: Phione\n|move|p1a: Phione|Scald|p2a: Vespiquen|[from] move: Sleep Talk\n|-damage|p2a: Vespiquen|77/100 par\n|move|p2a: Vespiquen|U-turn|p1a: Phione\n|-damage|p1a: Phione|122/293 slp\n|\n|-heal|p1a: Phione|140/293 slp|[from] item: Leftovers\n|upkeep\n|turn|37\n|inactive|Time left: 300 sec this turn | 300 sec total\n|\n|t:|1783560801\n|cant|p1a: Phione|slp\n|move|p2a: Vespiquen|U-turn|p1a: Phione\n|-damage|p1a: Phione|50/293 slp\n|\n|-heal|p1a: Phione|68/293 slp|[from] item: Leftovers\n|upkeep\n|turn|38\n|inactive|Time left: 300 sec this turn | 300 sec total\n|\n|t:|1783560802\n|-curestatus|p1a: Phione|slp|[msg]\n|move|p1a: Phione|Rest|p1a: Phione\n|-status|p1a: Phione|slp|[from] move: Rest\n|-heal|p1a: Phione|293/293 slp|[silent]\n|cant|p2a: Vespiquen|par\n|\n|upkeep\n|turn|39\n|inactive|Time left: 300 sec this turn | 300 sec total\n|\n|t:|1783560803\n|cant|p1a: Phione|slp\n|move|p1a: Phione|Sleep Talk|p1a: Phione\n|move|p1a: Phione|Scald|p2a: Vespiquen|[from] move: Sleep Talk\n|-damage|p2a: Vespiquen|53/100 par\n|cant|p2a: Vespiquen|par\n|\n|upkeep\n|turn|40\n|inactive|Time left: 300 sec this turn | 300 sec total\n|\n|t:|1783560804\n|cant|p1a: Phione|slp\n|move|p1a: Phione|Sleep Talk|p1a: Phione\n|move|p1a: Phione|Take Heart|p1a: Phione|[from] move: Sleep Talk\n|-boost|p1a: Phione|spa|1\n|-boost|p1a: Phione|spd|1\n|-curestatus|p1a: Phione|slp|[msg]\n|move|p2a: Vespiquen|Roost|p2a: Vespiquen\n|-heal|p2a: Vespiquen|100/100 par\n|-singleturn|p2a: Vespiquen|move: Roost\n|\n|upkeep\n|turn|41\n|inactive|Time left: 300 sec this turn | 300 sec total\n|\n|t:|1783560805\n|move|p1a: Phione|Scald|p2a: Vespiquen\n|-damage|p2a: Vespiquen|67/100 par\n|cant|p2a: Vespiquen|par\n|\n|upkeep\n|turn|42\n|inactive|Time left: 300 sec this turn | 300 sec total\n|\n|t:|1783560806\n|move|p1a: Phione|Scald|p2a: Vespiquen\n|-damage|p2a: Vespiquen|34/100 par\n|move|p2a: Vespiquen|Roost|p2a: Vespiquen\n|-heal|p2a: Vespiquen|84/100 par\n|-singleturn|p2a: Vespiquen|move: Roost\n|\n|upkeep\n|turn|43\n|inactive|Time left: 300 sec this turn | 300 sec total\n|\n|t:|1783560806\n|move|p1a: Phione|Scald|p2a: Vespiquen\n|-damage|p2a: Vespiquen|50/100 par\n|move|p2a: Vespiquen|Roost|p2a: Vespiquen\n|-heal|p2a: Vespiquen|99/100 par\n|-singleturn|p2a: Vespiquen|move: Roost\n|\n|upkeep\n|turn|44\n|inactive|Time left: 300 sec this turn | 300 sec total\n|\n|t:|1783560807\n|move|p1a: Phione|Scald|p2a: Vespiquen\n|-damage|p2a: Vespiquen|70/100 par\n|move|p2a: Vespiquen|Toxic|p1a: Phione\n|-status|p1a: Phione|tox\n|\n|-damage|p1a: Phione|275/293 tox|[from] psn\n|upkeep\n|turn|45\n|inactive|Time left: 300 sec this turn | 300 sec total\n|\n|t:|1783560808\n|move|p1a: Phione|Scald|p2a: Vespiquen\n|-damage|p2a: Vespiquen|36/100 par\n|cant|p2a: Vespiquen|par\n|\n|-heal|p1a: Phione|293/293 tox|[from] item: Leftovers\n|-damage|p1a: Phione|257/293 tox|[from] psn\n|upkeep\n|turn|46\n|inactive|Time left: 300 sec this turn | 300 sec total\n|\n|t:|1783560809\n|move|p1a: Phione|Scald|p2a: Vespiquen\n|-damage|p2a: Vespiquen|3/100 par\n|cant|p2a: Vespiquen|par\n|\n|-heal|p1a: Phione|275/293 tox|[from] item: Leftovers\n|-damage|p1a: Phione|221/293 tox|[from] psn\n|upkeep\n|turn|47\n|inactive|Time left: 300 sec this turn | 300 sec total\n|\n|t:|1783560810\n|-terastallize|p2a: Vespiquen|Steel\n|move|p1a: Phione|Scald|p2a: Vespiquen\n|-damage|p2a: Vespiquen|0 fnt\n|faint|p2a: Vespiquen\n|\n|win|p0x1791f323", "uploadtime": 1783560810, "views": 0, "rating": 0, "private": 0, "password": null, "_winner": "p0x1791f323", "_our_name": "p0x1791f323"}