{"id": "battle-gen9randombattle-683", "formatid": "gen9randombattle", "format": "[Gen 9] Random Battle", "players": ["p0x6830a47", "p0y683575f"], "log": "|init|battle\n|title|p0x6830a47 vs. p0y683575f\n|j|\u2606p0x6830a47\n|j|\u2606p0y683575f\n|t:|1783547040\n|gametype|singles\n|player|p1|p0x6830a47|1|\n|player|p2|p0y683575f|101|\n|gen|9\n|tier|[Gen 9] Random Battle\n|rule|Species Clause: Limit one of each Pok\u00e9mon\n|rule|HP Percentage Mod: HP is shown in percentages\n|rule|Sleep Clause Mod: Limit one foe put to sleep\n|rule|Illusion Level Mod: Illusion disguises the Pok\u00e9mon's true level\n|\n|t:|1783547040\n|teamsize|p1|6\n|teamsize|p2|6\n|start\n|switch|p1a: Florges|Florges-White, L85, F|271/271\n|switch|p2a: Armarouge|Armarouge, L80, M|100/100\n|turn|1\n|inactive|Battle timer is ON: inactive players will automatically lose when time's up. (requested by p0y683575f)\n|inactive|Time left: 300 sec this turn | 300 sec total | 60 sec grace\n|\n|t:|1783547042\n|move|p1a: Florges|Moonblast|p2a: Armarouge\n|-resisted|p2a: Armarouge\n|-damage|p2a: Armarouge|77/100\n|move|p2a: Armarouge|Meteor Beam||[still]\n|-prepare|p2a: Armarouge|Meteor Beam\n|-boost|p2a: Armarouge|spa|1\n|-enditem|p2a: Armarouge|Power Herb\n|-anim|p2a: Armarouge|Meteor Beam|p1a: Florges\n|-damage|p1a: Florges|176/271\n|\n|-heal|p1a: Florges|192/271|[from] item: Leftovers\n|upkeep\n|turn|2\n|inactive|Time left: 300 sec this turn | 300 sec total\n|inactive|p0x6830a47 also wants the timer to be on.\n|\n|t:|1783547043\n|-terastallize|p1a: Florges|Ground\n|move|p1a: Florges|Tera Blast|p2a: Armarouge|[anim] Tera Blast Ground\n|-supereffective|p2a: Armarouge\n|-damage|p2a: Armarouge|0 fnt\n|faint|p2a: Armarouge\n|\n|-heal|p1a: Florges|208/271|[from] item: Leftovers\n|upkeep\n|\n|t:|1783547043\n|switch|p2a: Goodra|Goodra, L85, M|100/100\n|turn|3\n|inactive|Time left: 300 sec this turn | 300 sec total\n|\n|t:|1783547045\n|move|p2a: Goodra|Power Whip|p1a: Florges\n|-supereffective|p1a: Florges\n|-damage|p1a: Florges|0 fnt\n|faint|p1a: Florges\n|\n|upkeep\n|inactive|Time left: 300 sec this turn | 300 sec total | 5 sec grace\n|\n|t:|1783547046\n|switch|p1a: Poliwrath|Poliwrath, L88, M|302/302\n|turn|4\n|inactive|Time left: 300 sec this turn | 300 sec total\n|\n|t:|1783547047\n|switch|p2a: Articuno|Articuno-Galar, L84|100/100\n|move|p1a: Poliwrath|Bulk Up|p1a: Poliwrath\n|-boost|p1a: Poliwrath|atk|1\n|-boost|p1a: Poliwrath|def|1\n|\n|upkeep\n|turn|5\n|inactive|Time left: 300 sec this turn | 300 sec total\n|\n|t:|1783547048\n|move|p2a: Articuno|Freezing Glare|p1a: Poliwrath\n|-supereffective|p1a: Poliwrath\n|-damage|p1a: Poliwrath|98/302\n|move|p1a: Poliwrath|Knock Off|p2a: Articuno\n|-supereffective|p2a: Articuno\n|-damage|p2a: Articuno|27/100\n|-enditem|p2a: Articuno|Heavy-Duty Boots|[from] move: Knock Off|[of] p1a: Poliwrath\n|\n|-heal|p1a: Poliwrath|116/302|[from] item: Leftovers\n|upkeep\n|turn|6\n|inactive|Time left: 300 sec this turn | 300 sec total\n|\n|t:|1783547050\n|switch|p1a: Flareon|Flareon, L90, M|263/263\n|move|p2a: Articuno|Freezing Glare|p1a: Flareon\n|-damage|p1a: Flareon|170/263\n|\n|-status|p1a: Flareon|tox|[from] item: Toxic Orb\n|upkeep\n|turn|7\n|inactive|Time left: 300 sec this turn | 300 sec total\n|\n|t:|1783547051\n|move|p2a: Articuno|Freezing Glare|p1a: Flareon\n|-damage|p1a: Flareon|83/263 tox\n|move|p1a: Flareon|Facade|p2a: Articuno\n|-damage|p2a: Articuno|0 fnt\n|faint|p2a: Articuno\n|\n|-damage|p1a: Flareon|67/263 tox|[from] psn\n|upkeep\n|\n|t:|1783547052\n|switch|p2a: Revavroom|Revavroom, L79, F|100/100\n|turn|8\n|inactive|Time left: 300 sec this turn | 300 sec total\n|\n|t:|1783547053\n|move|p2a: Revavroom|Gunk Shot|p1a: Flareon\n|-damage|p1a: Flareon|0 fnt\n|faint|p1a: Flareon\n|-damage|p2a: Revavroom|91/100|[from] item: Life Orb\n|\n|upkeep\n|inactive|Time left: 300 sec this turn | 300 sec total | 5 sec grace\n|\n|t:|1783547054\n|switch|p1a: Poliwrath|Poliwrath, L88, M|116/302\n|turn|9\n|inactive|Time left: 300 sec this turn | 300 sec total\n|\n|t:|1783547055\n|move|p2a: Revavroom|Gunk Shot|p1a: Poliwrath\n|-damage|p1a: Poliwrath|0 fnt\n|faint|p1a: Poliwrath\n|-damage|p2a: Revavroom|81/100|[from] item: Life Orb\n|\n|upkeep\n|inactive|Time left: 300 sec this turn | 300 sec total | 5 sec grace\n|\n|t:|1783547056\n|switch|p1a: Minun|Minun, L95, M|268/268\n|turn|10\n|inactive|Time left: 300 sec this turn | 300 sec total\n|\n|t:|1783547057\n|move|p1a: Minun|Thunderbolt|p2a: Revavroom\n|-damage|p2a: Revavroom|17/100\n|-damage|p1a: Minun|242/268|[from] item: Life Orb\n|move|p2a: Revavroom|Shift Gear|p2a: Revavroom\n|-boost|p2a: Revavroom|spe|2\n|-boost|p2a: Revavroom|atk|1\n|\n|upkeep\n|turn|11\n|inactive|Time left: 300 sec this turn | 300 sec total\n|\n|t:|1783547058\n|switch|p1a: Carbink|Carbink, L90|236/236\n|move|p2a: Revavroom|High Horsepower|p1a: Carbink\n|-supereffective|p1a: Carbink\n|-damage|p1a: Carbink|80/236\n|-damage|p2a: Revavroom|7/100|[from] item: Life Orb\n|\n|upkeep\n|turn|12\n|inactive|Time left: 300 sec this turn | 300 sec total\n|\n|t:|1783547059\n|move|p2a: Revavroom|Gunk Shot|p1a: Carbink\n|-damage|p1a: Carbink|0 fnt\n|faint|p1a: Carbink\n|-damage|p2a: Revavroom|0 fnt|[from] item: Life Orb\n|faint|p2a: Revavroom\n|\n|upkeep\n|inactive|Time left: 300 sec this turn | 300 sec total | 5 sec grace\n|\n|t:|1783547060\n|switch|p2a: Goodra|Goodra, L85, M|100/100\n|switch|p1a: Minun|Minun, L95, M|242/268\n|turn|13\n|inactive|Time left: 300 sec this turn | 300 sec total\n|\n|t:|1783547061\n|switch|p1a: Exeggutor|Exeggutor, L89, F|312/312\n|move|p2a: Goodra|Earthquake|p1a: Exeggutor\n|-resisted|p1a: Exeggutor\n|-damage|p1a: Exeggutor|273/312\n|\n|upkeep\n|turn|14\n|inactive|Time left: 300 sec this turn | 300 sec total\n|\n|t:|1783547062\n|move|p2a: Goodra|Sludge Bomb|p1a: Exeggutor\n|-supereffective|p1a: Exeggutor\n|-damage|p1a: Exeggutor|119/312\n|-enditem|p1a: Exeggutor|Sitrus Berry|[eat]\n|-heal|p1a: Exeggutor|197/312|[from] item: Sitrus Berry\n|move|p1a: Exeggutor|Psychic Noise|p2a: Goodra\n|-damage|p2a: Goodra|84/100\n|-start|p2a: Goodra|move: Heal Block\n|\n|upkeep\n|turn|15\n|inactive|Time left: 300 sec this turn | 300 sec total\n|\n|t:|1783547064\n|switch|p1a: Minun|Minun, L95, M|242/268\n|move|p2a: Goodra|Sludge Bomb|p1a: Minun\n|-damage|p1a: Minun|175/268\n|\n|-end|p2a: Goodra|move: Heal Block\n|upkeep\n|turn|16\n|inactive|Time left: 300 sec this turn | 300 sec total\n|\n|t:|1783547065\n|switch|p1a: Exeggutor|Exeggutor, L89, F|197/312\n|move|p2a: Goodra|Sludge Bomb|p1a: Exeggutor\n|-supereffective|p1a: Exeggutor\n|-damage|p1a: Exeggutor|41/312\n|\n|-item|p1a: Exeggutor|Sitrus Berry|[from] ability: Harvest\n|upkeep\n|-enditem|p1a: Exeggutor|Sitrus Berry|[eat]\n|-heal|p1a: Exeggutor|119/312|[from] item: Sitrus Berry\n|turn|17\n|inactive|Time left: 300 sec this turn | 300 sec total\n|\n|t:|1783547066\n|switch|p1a: Minun|Minun, L95, M|175/268\n|move|p2a: Goodra|Sludge Bomb|p1a: Minun\n|-damage|p1a: Minun|111/268\n|\n|upkeep\n|turn|18\n|inactive|Time left: 300 sec this turn | 300 sec total\n|\n|t:|1783547067\n|switch|p1a: Exeggutor|Exeggutor, L89, F|119/312\n|move|p2a: Goodra|Sludge Bomb|p1a: Exeggutor\n|-supereffective|p1a: Exeggutor\n|-damage|p1a: Exeggutor|0 fnt\n|faint|p1a: Exeggutor\n|\n|upkeep\n|inactive|Time left: 300 sec this turn | 300 sec total | 5 sec grace\n|\n|t:|1783547068\n|switch|p1a: Minun|Minun, L95, M|111/268\n|turn|19\n|inactive|Time left: 300 sec this turn | 300 sec total\n|\n|t:|1783547069\n|-terastallize|p2a: Goodra|Steel\n|move|p1a: Minun|Thunderbolt|p2a: Goodra\n|-damage|p2a: Goodra|65/100\n|-damage|p1a: Minun|85/268|[from] item: Life Orb\n|move|p2a: Goodra|Earthquake|p1a: Minun\n|-supereffective|p1a: Minun\n|-damage|p1a: Minun|0 fnt\n|faint|p1a: Minun\n|\n|win|p0y683575f", "uploadtime": 1783547069, "views": 0, "rating": 0, "private": 0, "password": null, "_winner": "p0y683575f", "_our_name": "p0x6830a47"}