{"id": "battle-gen9randombattle-1318", "formatid": "gen9randombattle", "format": "[Gen 9] Random Battle", "players": ["p0x13181915", "p0y131892bd"], "log": "|init|battle\n|title|p0x13181915 vs. p0y131892bd\n|j|\u2606p0x13181915\n|j|\u2606p0y131892bd\n|t:|1783555292\n|gametype|singles\n|player|p1|p0x13181915|1|\n|player|p2|p0y131892bd|101|\n|gen|9\n|tier|[Gen 9] Random Battle\n|rule|Species Clause: Limit one of each Pok\u00e9mon\n|rule|HP Percentage Mod: HP is shown in percentages\n|rule|Sleep Clause Mod: Limit one foe put to sleep\n|rule|Illusion Level Mod: Illusion disguises the Pok\u00e9mon's true level\n|\n|t:|1783555292\n|teamsize|p1|6\n|teamsize|p2|6\n|start\n|switch|p1a: Scyther|Scyther, L82, M|249/249\n|switch|p2a: Masquerain|Masquerain, L87, F|100/100\n|-ability|p2a: Masquerain|Intimidate|boost\n|-unboost|p1a: Scyther|atk|1\n|turn|1\n|inactive|Battle timer is ON: inactive players will automatically lose when time's up. (requested by p0x13181915)\n|\n|t:|1783555293\n|move|p1a: Scyther|U-turn|p2a: Masquerain\n|-resisted|p2a: Masquerain\n|-damage|p2a: Masquerain|89/100\n|inactive|Time left: 300 sec this turn | 300 sec total | 65 sec grace\n|inactive|p0y131892bd also wants the timer to be on.\n|\n|t:|1783555295\n|switch|p1a: Espeon|Espeon, L84, M|246/246|[from] U-turn\n|move|p2a: Masquerain|Sticky Web|p1a: Espeon\n|move|p1a: Espeon|Sticky Web|p2a: Masquerain|[from] ability: Magic Bounce\n|-sidestart|p2: p0y131892bd|move: Sticky Web\n|\n|upkeep\n|turn|2\n|inactive|Time left: 300 sec this turn | 300 sec total\n|\n|t:|1783555296\n|move|p1a: Espeon|Calm Mind|p1a: Espeon\n|-boost|p1a: Espeon|spa|1\n|-boost|p1a: Espeon|spd|1\n|move|p2a: Masquerain|Bug Buzz|p1a: Espeon\n|-supereffective|p1a: Espeon\n|-damage|p1a: Espeon|108/246\n|\n|upkeep\n|turn|3\n|inactive|Time left: 300 sec this turn | 300 sec total\n|\n|t:|1783555297\n|-terastallize|p2a: Masquerain|Steel\n|move|p1a: Espeon|Psyshock|p2a: Masquerain\n|-resisted|p2a: Masquerain\n|-crit|p2a: Masquerain\n|-damage|p2a: Masquerain|11/100\n|-damage|p1a: Espeon|84/246|[from] item: Life Orb\n|move|p2a: Masquerain|Bug Buzz|p1a: Espeon\n|-supereffective|p1a: Espeon\n|-damage|p1a: Espeon|0 fnt\n|faint|p1a: Espeon\n|\n|upkeep\n|inactive|Time left: 300 sec this turn | 300 sec total | 5 sec grace\n|\n|t:|1783555298\n|switch|p1a: Kyurem|Kyurem, L77|319/319\n|-ability|p1a: Kyurem|Pressure\n|turn|4\n|inactive|Time left: 300 sec this turn | 300 sec total\n|\n|t:|1783555300\n|switch|p2a: Eiscue|Eiscue, L88, F|100/100\n|-activate|p2a: Eiscue|move: Sticky Web\n|-unboost|p2a: Eiscue|spe|1\n|move|p1a: Kyurem|Icicle Spear|p2a: Eiscue\n|-activate|p2a: Eiscue|ability: Ice Face\n|-damage|p2a: Eiscue|100/100\n|detailschange|p2a: Eiscue|Eiscue-Noice, L88, F\n|-resisted|p2a: Eiscue\n|-damage|p2a: Eiscue|94/100\n|-resisted|p2a: Eiscue\n|-damage|p2a: Eiscue|89/100\n|-resisted|p2a: Eiscue\n|-damage|p2a: Eiscue|83/100\n|-resisted|p2a: Eiscue\n|-damage|p2a: Eiscue|77/100\n|-hitcount|p2a: Eiscue|5\n|\n|upkeep\n|turn|5\n|inactive|Time left: 300 sec this turn | 300 sec total\n|\n|t:|1783555301\n|move|p1a: Kyurem|Scale Shot|p2a: Eiscue\n|-damage|p2a: Eiscue|65/100\n|-damage|p2a: Eiscue|54/100\n|-damage|p2a: Eiscue|43/100\n|-enditem|p2a: Eiscue|Sitrus Berry|[eat]\n|-heal|p2a: Eiscue|68/100|[from] item: Sitrus Berry\n|-damage|p2a: Eiscue|56/100\n|-hitcount|p2a: Eiscue|4\n|-unboost|p1a: Kyurem|def|1\n|-boost|p1a: Kyurem|spe|1\n|move|p2a: Eiscue|Ice Spinner|p1a: Kyurem\n|-damage|p1a: Kyurem|199/319\n|\n|upkeep\n|turn|6\n|inactive|Time left: 300 sec this turn | 300 sec total\n|\n|t:|1783555302\n|move|p1a: Kyurem|Dragon Dance|p1a: Kyurem\n|-boost|p1a: Kyurem|atk|1\n|-boost|p1a: Kyurem|spe|1\n|move|p2a: Eiscue|Ice Spinner|p1a: Kyurem\n|-damage|p1a: Kyurem|66/319\n|\n|upkeep\n|turn|7\n|inactive|Time left: 300 sec this turn | 300 sec total\n|\n|t:|1783555303\n|move|p1a: Kyurem|Scale Shot|p2a: Eiscue\n|-crit|p2a: Eiscue\n|-damage|p2a: Eiscue|30/100\n|-damage|p2a: Eiscue|14/100\n|-damage|p2a: Eiscue|0 fnt\n|faint|p2a: Eiscue\n|-hitcount|p2: Eiscue|3\n|-unboost|p1a: Kyurem|def|1\n|-boost|p1a: Kyurem|spe|1\n|\n|upkeep\n|\n|t:|1783555304\n|switch|p2a: Slowbro|Slowbro-Galar, L87, M|100/100\n|-activate|p2a: Slowbro|move: Sticky Web\n|-unboost|p2a: Slowbro|spe|1\n|turn|8\n|inactive|Time left: 300 sec this turn | 300 sec total\n|\n|t:|1783555305\n|move|p1a: Kyurem|Icicle Spear|p2a: Slowbro\n|-damage|p2a: Slowbro|86/100\n|-damage|p2a: Slowbro|73/100\n|-damage|p2a: Slowbro|61/100\n|-damage|p2a: Slowbro|48/100\n|-damage|p2a: Slowbro|35/100\n|-hitcount|p2a: Slowbro|5\n|move|p2a: Slowbro|Foul Play|p1a: Kyurem\n|-damage|p1a: Kyurem|0 fnt\n|faint|p1a: Kyurem\n|\n|upkeep\n|inactive|Time left: 300 sec this turn | 300 sec total | 5 sec grace\n|\n|t:|1783555306\n|switch|p1a: Pecharunt|Pecharunt, L77|262/262\n|turn|9\n|inactive|Time left: 300 sec this turn | 300 sec total\n|\n|t:|1783555307\n|move|p1a: Pecharunt|Shadow Ball|p2a: Slowbro\n|-supereffective|p2a: Slowbro\n|-damage|p2a: Slowbro|0 fnt\n|faint|p2a: Slowbro\n|\n|upkeep\n|\n|t:|1783555308\n|switch|p2a: Masquerain|Masquerain, L87, F, tera:Steel|11/100\n|-ability|p2a: Masquerain|Intimidate|boost\n|-unboost|p1a: Pecharunt|atk|1\n|turn|10\n|inactive|Time left: 300 sec this turn | 300 sec total\n|\n|t:|1783555309\n|move|p2a: Masquerain|Sticky Web|p1a: Pecharunt\n|-sidestart|p1: p0x13181915|move: Sticky Web\n|move|p1a: Pecharunt|Shadow Ball|p2a: Masquerain\n|-damage|p2a: Masquerain|0 fnt\n|faint|p2a: Masquerain\n|\n|upkeep\n|\n|t:|1783555310\n|switch|p2a: Reshiram|Reshiram, L76|100/100\n|-ability|p2a: Reshiram|Turboblaze\n|turn|11\n|inactive|Time left: 300 sec this turn | 300 sec total\n|\n|t:|1783555311\n|move|p2a: Reshiram|Dragon Dance|p2a: Reshiram\n|-boost|p2a: Reshiram|atk|1\n|-boost|p2a: Reshiram|spe|1\n|move|p1a: Pecharunt|Malignant Chain|p2a: Reshiram\n|-damage|p2a: Reshiram|74/100\n|-status|p2a: Reshiram|tox\n|-start|p2a: Reshiram|confusion|[from] ability: Poison Puppeteer|[of] p1a: Pecharunt\n|\n|-damage|p2a: Reshiram|68/100 tox|[from] psn\n|upkeep\n|turn|12\n|inactive|Time left: 300 sec this turn | 300 sec total\n|\n|t:|1783555312\n|-activate|p2a: Reshiram|confusion\n|move|p2a: Reshiram|Outrage|p1a: Pecharunt\n|-damage|p1a: Pecharunt|130/262\n|-damage|p2a: Reshiram|51/100 tox|[from] item: Rocky Helmet|[of] p1a: Pecharunt\n|move|p1a: Pecharunt|Malignant Chain|p2a: Reshiram\n|-damage|p2a: Reshiram|23/100 tox\n|\n|-damage|p2a: Reshiram|11/100 tox|[from] psn\n|upkeep\n|turn|13\n|inactive|Time left: 300 sec this turn | 300 sec total\n|\n|t:|1783555313\n|-end|p2a: Reshiram|confusion\n|move|p2a: Reshiram|Outrage|p1a: Pecharunt|[from] lockedmove\n|-damage|p1a: Pecharunt|7/262\n|-damage|p2a: Reshiram|0 fnt|[from] item: Rocky Helmet|[of] p1a: Pecharunt\n|faint|p2a: Reshiram\n|move|p1a: Pecharunt|Recover|p1a: Pecharunt\n|-heal|p1a: Pecharunt|138/262\n|\n|upkeep\n|\n|t:|1783555314\n|switch|p2a: Gothitelle|Gothitelle, L90, M|100/100\n|-activate|p2a: Gothitelle|move: Sticky Web\n|-unboost|p2a: Gothitelle|spe|1\n|turn|14\n|inactive|Time left: 300 sec this turn | 300 sec total\n|\n|t:|1783555315\n|-terastallize|p1a: Pecharunt|Dark\n|move|p1a: Pecharunt|Shadow Ball|p2a: Gothitelle\n|-supereffective|p2a: Gothitelle\n|-damage|p2a: Gothitelle|62/100\n|move|p2a: Gothitelle|Calm Mind|p2a: Gothitelle\n|-boost|p2a: Gothitelle|spa|1\n|-boost|p2a: Gothitelle|spd|1\n|\n|-heal|p2a: Gothitelle|69/100|[from] item: Leftovers\n|upkeep\n|turn|15\n|inactive|Time left: 300 sec this turn | 300 sec total\n|\n|t:|1783555316\n|move|p1a: Pecharunt|Parting Shot|p2a: Gothitelle\n|-unboost|p2a: Gothitelle|atk|1\n|-unboost|p2a: Gothitelle|spa|1\n|inactive|Time left: 300 sec this turn | 300 sec total | 5 sec grace\n|\n|t:|1783555317\n|switch|p1a: Sableye|Sableye, L88, M|231/231|[from] Parting Shot\n|-activate|p1a: Sableye|move: Sticky Web\n|-unboost|p1a: Sableye|spe|1\n|move|p2a: Gothitelle|Calm Mind|p2a: Gothitelle\n|-boost|p2a: Gothitelle|spa|1\n|-boost|p2a: Gothitelle|spd|1\n|\n|-heal|p2a: Gothitelle|75/100|[from] item: Leftovers\n|upkeep\n|turn|16\n|inactive|Time left: 300 sec this turn | 300 sec total\n|\n|t:|1783555318\n|move|p2a: Gothitelle|Thunderbolt|p1a: Sableye\n|-damage|p1a: Sableye|101/231\n|move|p1a: Sableye|Knock Off|p2a: Gothitelle\n|-supereffective|p2a: Gothitelle\n|-damage|p2a: Gothitelle|19/100\n|-enditem|p2a: Gothitelle|Leftovers|[from] move: Knock Off|[of] p1a: Sableye\n|\n|-heal|p1a: Sableye|115/231|[from] item: Leftovers\n|upkeep\n|turn|17\n|inactive|Time left: 300 sec this turn | 300 sec total\n|\n|t:|1783555319\n|move|p1a: Sableye|Recover|p1a: Sableye\n|-heal|p1a: Sableye|231/231\n|move|p2a: Gothitelle|Thunderbolt|p1a: Sableye\n|-damage|p1a: Sableye|93/231\n|\n|-heal|p1a: Sableye|107/231|[from] item: Leftovers\n|upkeep\n|turn|18\n|inactive|Time left: 300 sec this turn | 300 sec total\n|\n|t:|1783555320\n|move|p2a: Gothitelle|Thunderbolt|p1a: Sableye\n|-damage|p1a: Sableye|0 fnt\n|faint|p1a: Sableye\n|\n|upkeep\n|inactive|Time left: 300 sec this turn | 300 sec total | 5 sec grace\n|\n|t:|1783555321\n|switch|p1a: Scyther|Scyther, L82, M|249/249\n|turn|19\n|inactive|Time left: 300 sec this turn | 300 sec total\n|\n|t:|1783555322\n|switch|p2a: Dialga|Dialga-Origin, L73|100/100\n|-activate|p2a: Dialga|move: Sticky Web\n|-unboost|p2a: Dialga|spe|1\n|-ability|p2a: Dialga|Pressure\n|move|p1a: Scyther|U-turn|p2a: Dialga\n|-resisted|p2a: Dialga\n|-damage|p2a: Dialga|86/100\n|inactive|Time left: 300 sec this turn | 300 sec total | 5 sec grace\n|\n|t:|1783555323\n|switch|p1a: Arcanine|Arcanine, L84, F|288/288|[from] U-turn\n|-ability|p1a: Arcanine|Intimidate|boost\n|-unboost|p2a: Dialga|atk|1\n|\n|upkeep\n|turn|20\n|inactive|Time left: 300 sec this turn | 300 sec total\n|\n|t:|1783555323\n|move|p1a: Arcanine|Flare Blitz|p2a: Dialga\n|-crit|p2a: Dialga\n|-damage|p2a: Dialga|16/100\n|-damage|p1a: Arcanine|226/288|[from] Recoil\n|move|p2a: Dialga|Thunder Wave|p1a: Arcanine\n|-status|p1a: Arcanine|par\n|\n|upkeep\n|turn|21\n|inactive|Time left: 300 sec this turn | 300 sec total\n|\n|t:|1783555324\n|move|p2a: Dialga|Draco Meteor|p1a: Arcanine\n|-damage|p1a: Arcanine|43/288 par\n|-unboost|p2a: Dialga|spa|2\n|cant|p1a: Arcanine|par\n|\n|upkeep\n|turn|22\n|inactive|Time left: 300 sec this turn | 300 sec total\n|\n|t:|1783555325\n|move|p2a: Dialga|Thunder Wave|p1a: Arcanine\n|-fail|p1a: Arcanine|par\n|move|p1a: Arcanine|Flare Blitz|p2a: Dialga\n|-damage|p2a: Dialga|0 fnt\n|faint|p2a: Dialga\n|-damage|p1a: Arcanine|29/288 par|[from] Recoil\n|\n|upkeep\n|\n|t:|1783555326\n|switch|p2a: Gothitelle|Gothitelle, L90, M|19/100\n|-activate|p2a: Gothitelle|move: Sticky Web\n|-unboost|p2a: Gothitelle|spe|1\n|turn|23\n|inactive|Time left: 300 sec this turn | 300 sec total\n|\n|t:|1783555326\n|move|p2a: Gothitelle|Calm Mind|p2a: Gothitelle\n|-boost|p2a: Gothitelle|spa|1\n|-boost|p2a: Gothitelle|spd|1\n|move|p1a: Arcanine|Flare Blitz|p2a: Gothitelle\n|-damage|p2a: Gothitelle|0 fnt\n|faint|p2a: Gothitelle\n|-damage|p1a: Arcanine|12/288 par|[from] Recoil\n|\n|win|p0x13181915", "uploadtime": 1783555326, "views": 0, "rating": 0, "private": 0, "password": null, "_winner": "p0x13181915", "_our_name": "p0x13181915"}