{"id": "battle-gen9randombattle-935", "formatid": "gen9randombattle", "format": "[Gen 9] Random Battle", "players": ["p0x935abbf", "p0y93563b0"], "log": "|init|battle\n|title|p0x935abbf vs. p0y93563b0\n|j|\u2606p0x935abbf\n|j|\u2606p0y93563b0\n|t:|1783550734\n|gametype|singles\n|player|p1|p0x935abbf|170|\n|player|p2|p0y93563b0|265|\n|gen|9\n|tier|[Gen 9] Random Battle\n|rule|Species Clause: Limit one of each Pok\u00e9mon\n|rule|HP Percentage Mod: HP is shown in percentages\n|rule|Sleep Clause Mod: Limit one foe put to sleep\n|rule|Illusion Level Mod: Illusion disguises the Pok\u00e9mon's true level\n|\n|t:|1783550734\n|teamsize|p1|6\n|teamsize|p2|6\n|start\n|switch|p1a: Terrakion|Terrakion, L79|273/273\n|switch|p2a: Coalossal|Coalossal, L89, M|100/100\n|turn|1\n|inactive|Battle timer is ON: inactive players will automatically lose when time's up. (requested by p0y93563b0)\n|inactive|Time left: 300 sec this turn | 300 sec total | 60 sec grace\n|\n|t:|1783550735\n|switch|p2a: Conkeldurr|Conkeldurr, L80, F|100/100\n|move|p1a: Terrakion|Earthquake|p2a: Conkeldurr\n|-damage|p2a: Conkeldurr|59/100\n|\n|-status|p2a: Conkeldurr|brn|[from] item: Flame Orb\n|upkeep\n|turn|2\n|inactive|Time left: 300 sec this turn | 300 sec total\n|inactive|p0x935abbf also wants the timer to be on.\n|\n|t:|1783550736\n|-terastallize|p1a: Terrakion|Ground\n|move|p1a: Terrakion|Earthquake|p2a: Conkeldurr\n|-damage|p2a: Conkeldurr|0 fnt\n|faint|p2a: Conkeldurr\n|\n|upkeep\n|\n|t:|1783550737\n|switch|p2a: Sunflora|Sunflora, F|100/100\n|turn|3\n|inactive|Time left: 300 sec this turn | 300 sec total\n|\n|t:|1783550739\n|switch|p1a: Frosmoth|Frosmoth, L82, M|249/249\n|move|p2a: Sunflora|Dazzling Gleam|p1a: Frosmoth\n|-damage|p1a: Frosmoth|189/249\n|\n|upkeep\n|turn|4\n|inactive|Time left: 300 sec this turn | 300 sec total\n|\n|t:|1783550740\n|move|p1a: Frosmoth|Ice Beam|p2a: Sunflora\n|-supereffective|p2a: Sunflora\n|-damage|p2a: Sunflora|43/100\n|-status|p2a: Sunflora|frz\n|cant|p2a: Sunflora|frz\n|\n|upkeep\n|turn|5\n|inactive|Time left: 300 sec this turn | 300 sec total\n|\n|t:|1783550741\n|switch|p2a: Palkia|Palkia, L75|100/100\n|-ability|p2a: Palkia|Pressure\n|move|p1a: Frosmoth|Quiver Dance|p1a: Frosmoth\n|-boost|p1a: Frosmoth|spa|1\n|-boost|p1a: Frosmoth|spd|1\n|-boost|p1a: Frosmoth|spe|1\n|\n|upkeep\n|turn|6\n|inactive|Time left: 300 sec this turn | 300 sec total\n|\n|t:|1783550742\n|-terastallize|p2a: Palkia|Fire\n|move|p1a: Frosmoth|Ice Beam|p2a: Palkia\n|-resisted|p2a: Palkia\n|-damage|p2a: Palkia|71/100\n|-status|p2a: Palkia|frz\n|cant|p2a: Palkia|frz\n|\n|upkeep\n|turn|7\n|inactive|Time left: 300 sec this turn | 300 sec total\n|\n|t:|1783550743\n|switch|p2a: Coalossal|Coalossal, L89, M|100/100\n|move|p1a: Frosmoth|Quiver Dance|p1a: Frosmoth\n|-boost|p1a: Frosmoth|spa|1\n|-boost|p1a: Frosmoth|spd|1\n|-boost|p1a: Frosmoth|spe|1\n|\n|upkeep\n|turn|8\n|inactive|Time left: 300 sec this turn | 300 sec total\n|\n|t:|1783550744\n|move|p1a: Frosmoth|Ice Beam|p2a: Coalossal\n|-resisted|p2a: Coalossal\n|-damage|p2a: Coalossal|71/100\n|move|p2a: Coalossal|Stone Edge|p1a: Frosmoth\n|-supereffective|p1a: Frosmoth\n|-damage|p1a: Frosmoth|0 fnt\n|faint|p1a: Frosmoth\n|\n|upkeep\n|inactive|Time left: 300 sec this turn | 300 sec total | 5 sec grace\n|\n|t:|1783550745\n|switch|p1a: Terrakion|Terrakion, L79, tera:Ground|273/273\n|turn|9\n|inactive|Time left: 300 sec this turn | 300 sec total\n|\n|t:|1783550746\n|switch|p2a: Sunflora|Sunflora, F|43/100 frz\n|move|p1a: Terrakion|Earthquake|p2a: Sunflora\n|-resisted|p2a: Sunflora\n|-damage|p2a: Sunflora|11/100 frz\n|\n|upkeep\n|turn|10\n|inactive|Time left: 300 sec this turn | 300 sec total\n|\n|t:|1783550747\n|move|p1a: Terrakion|Earthquake|p2a: Sunflora\n|-resisted|p2a: Sunflora\n|-damage|p2a: Sunflora|0 fnt\n|faint|p2a: Sunflora\n|\n|upkeep\n|\n|t:|1783550748\n|switch|p2a: Rabsca|Rabsca, L91, F|100/100\n|turn|11\n|inactive|Time left: 300 sec this turn | 300 sec total\n|\n|t:|1783550749\n|switch|p1a: Wigglytuff|Wigglytuff, L96, M|424/424\n|move|p2a: Rabsca|Psychic|p1a: Wigglytuff\n|-damage|p1a: Wigglytuff|243/424\n|-unboost|p1a: Wigglytuff|spd|1\n|-ability|p1a: Wigglytuff|Competitive|boost\n|-boost|p1a: Wigglytuff|spa|2\n|\n|-heal|p1a: Wigglytuff|269/424|[from] item: Leftovers\n|upkeep\n|turn|12\n|inactive|Time left: 300 sec this turn | 300 sec total\n|\n|t:|1783550750\n|move|p1a: Wigglytuff|Fire Blast|p2a: Rabsca\n|-supereffective|p2a: Rabsca\n|-damage|p2a: Rabsca|0 fnt\n|faint|p2a: Rabsca\n|\n|-heal|p1a: Wigglytuff|295/424|[from] item: Leftovers\n|upkeep\n|\n|t:|1783550751\n|switch|p2a: Mamoswine|Mamoswine, L81, F|100/100\n|turn|13\n|inactive|Time left: 300 sec this turn | 300 sec total\n|\n|t:|1783550752\n|move|p2a: Mamoswine|Icicle Crash|p1a: Wigglytuff\n|-damage|p1a: Wigglytuff|75/424\n|move|p1a: Wigglytuff|Dazzling Gleam|p2a: Mamoswine\n|-damage|p2a: Mamoswine|10/100\n|\n|-heal|p1a: Wigglytuff|101/424|[from] item: Leftovers\n|upkeep\n|turn|14\n|inactive|Time left: 300 sec this turn | 300 sec total\n|\n|t:|1783550753\n|switch|p1a: Basculegion|Basculegion-F, L83, F|335/335\n|move|p2a: Mamoswine|Icicle Crash|p1a: Basculegion\n|-resisted|p1a: Basculegion\n|-damage|p1a: Basculegion|241/335\n|\n|upkeep\n|turn|15\n|inactive|Time left: 300 sec this turn | 300 sec total\n|\n|t:|1783550754\n|move|p1a: Basculegion|Flip Turn|p2a: Mamoswine\n|-supereffective|p2a: Mamoswine\n|-damage|p2a: Mamoswine|0 fnt\n|faint|p2a: Mamoswine\n|inactive|Time left: 300 sec this turn | 300 sec total | 5 sec grace\n|\n|t:|1783550755\n|switch|p1a: Terrakion|Terrakion, L79, tera:Ground|273/273|[from] Flip Turn\n|\n|upkeep\n|\n|t:|1783550756\n|switch|p2a: Palkia|Palkia, L75, tera:Fire|71/100 frz\n|-ability|p2a: Palkia|Pressure\n|turn|16\n|inactive|Time left: 300 sec this turn | 300 sec total\n|\n|t:|1783550757\n|move|p1a: Terrakion|Earthquake|p2a: Palkia\n|-supereffective|p2a: Palkia\n|-damage|p2a: Palkia|0 fnt\n|faint|p2a: Palkia\n|\n|upkeep\n|\n|t:|1783550758\n|switch|p2a: Coalossal|Coalossal, L89, M|71/100\n|turn|17\n|inactive|Time left: 300 sec this turn | 300 sec total\n|\n|t:|1783550758\n|move|p1a: Terrakion|Earthquake|p2a: Coalossal\n|-supereffective|p2a: Coalossal\n|-damage|p2a: Coalossal|0 fnt\n|faint|p2a: Coalossal\n|\n|win|p0x935abbf", "uploadtime": 1783550758, "views": 0, "rating": 0, "private": 0, "password": null, "_winner": "p0x935abbf", "_our_name": "p0x935abbf"}