{"id": "battle-gen9randombattle-81", "formatid": "gen9randombattle", "format": "[Gen 9] Random Battle", "players": ["p0x081e96b", "p0y081131b"], "log": "|init|battle\n|title|p0x081e96b vs. p0y081131b\n|j|\u2606p0x081e96b\n|j|\u2606p0y081131b\n|t:|1783534180\n|gametype|singles\n|player|p1|p0x081e96b|266|\n|player|p2|p0y081131b|265|\n|gen|9\n|tier|[Gen 9] Random Battle\n|rule|Species Clause: Limit one of each Pok\u00e9mon\n|rule|HP Percentage Mod: HP is shown in percentages\n|rule|Sleep Clause Mod: Limit one foe put to sleep\n|rule|Illusion Level Mod: Illusion disguises the Pok\u00e9mon's true level\n|\n|t:|1783534180\n|teamsize|p1|6\n|teamsize|p2|6\n|start\n|switch|p1a: Groudon|Groudon, L72|263/263\n|switch|p2a: Diancie|Diancie, L82|100/100\n|-weather|SunnyDay|[from] ability: Drought|[of] p1a: Groudon\n|turn|1\n|inactive|Battle timer is ON: inactive players will automatically lose when time's up. (requested by p0x081e96b)\n|inactive|p0y081131b also wants the timer to be on.\n|\n|t:|1783534181\n|move|p1a: Groudon|Swords Dance|p1a: Groudon\n|-boost|p1a: Groudon|atk|2\n|move|p2a: Diancie|Diamond Storm|p1a: Groudon|[miss]\n|-miss|p2a: Diancie|p1a: Groudon\n|\n|-weather|SunnyDay|[upkeep]\n|upkeep\n|turn|2\n|inactive|Time left: 300 sec this turn | 300 sec total\n|\n|t:|1783534182\n|switch|p2a: Skarmory|Skarmory, L80, F|100/100\n|move|p1a: Groudon|Precipice Blades|p2a: Skarmory\n|-immune|p2a: Skarmory\n|\n|-weather|SunnyDay|[upkeep]\n|upkeep\n|turn|3\n|inactive|Time left: 300 sec this turn | 300 sec total\n|\n|t:|1783534183\n|move|p1a: Groudon|Heat Crash|p2a: Skarmory\n|-supereffective|p2a: Skarmory\n|-ability|p2a: Skarmory|Sturdy\n|-damage|p2a: Skarmory|1/100\n|move|p2a: Skarmory|Spikes|p1a: Groudon\n|-sidestart|p1: p0x081e96b|Spikes\n|\n|-weather|SunnyDay|[upkeep]\n|-heal|p2a: Skarmory|7/100|[from] item: Leftovers\n|upkeep\n|turn|4\n|inactive|Time left: 300 sec this turn | 300 sec total\n|\n|t:|1783534185\n|move|p1a: Groudon|Heat Crash|p2a: Skarmory\n|-supereffective|p2a: Skarmory\n|-crit|p2a: Skarmory\n|-damage|p2a: Skarmory|0 fnt\n|faint|p2a: Skarmory\n|\n|-weather|SunnyDay|[upkeep]\n|upkeep\n|\n|t:|1783534186\n|switch|p2a: Tatsugiri|Tatsugiri, L87, F|100/100\n|turn|5\n|inactive|Time left: 300 sec this turn | 300 sec total\n|\n|t:|1783534187\n|move|p2a: Tatsugiri|Draco Meteor|p1a: Groudon\n|-damage|p1a: Groudon|55/263\n|-unboost|p2a: Tatsugiri|spa|2\n|move|p1a: Groudon|Precipice Blades|p2a: Tatsugiri\n|-damage|p2a: Tatsugiri|0 fnt\n|faint|p2a: Tatsugiri\n|\n|-weather|none\n|-heal|p1a: Groudon|71/263|[from] item: Leftovers\n|upkeep\n|\n|t:|1783534188\n|switch|p2a: Koraidon|Koraidon, L64|100/100\n|-weather|SunnyDay|[from] ability: Orichalcum Pulse|[of] p2a: Koraidon\n|-activate|p2a: Koraidon|Orichalcum Pulse|[source]\n|turn|6\n|inactive|Time left: 300 sec this turn | 300 sec total\n|\n|t:|1783534189\n|switch|p1a: Avalugg|Avalugg, L88, M|310/310\n|move|p2a: Koraidon|Collision Course|p1a: Avalugg\n|-supereffective|p1a: Avalugg\n|-damage|p1a: Avalugg|154/310\n|\n|-weather|SunnyDay|[upkeep]\n|upkeep\n|turn|7\n|inactive|Time left: 300 sec this turn | 300 sec total\n|\n|t:|1783534190\n|move|p2a: Koraidon|Swords Dance|p2a: Koraidon\n|-boost|p2a: Koraidon|atk|2\n|move|p1a: Avalugg|Recover|p1a: Avalugg\n|-heal|p1a: Avalugg|309/310\n|\n|-weather|SunnyDay|[upkeep]\n|upkeep\n|turn|8\n|inactive|Time left: 300 sec this turn | 300 sec total\n|\n|t:|1783534191\n|-terastallize|p2a: Koraidon|Fire\n|-terastallize|p1a: Avalugg|Fighting\n|move|p2a: Koraidon|Flare Blitz|p1a: Avalugg\n|-damage|p1a: Avalugg|108/310\n|-damage|p2a: Koraidon|72/100|[from] Recoil\n|move|p1a: Avalugg|Body Press|p2a: Koraidon\n|-damage|p2a: Koraidon|6/100\n|\n|-weather|SunnyDay|[upkeep]\n|upkeep\n|turn|9\n|inactive|Time left: 300 sec this turn | 300 sec total\n|\n|t:|1783534192\n|move|p2a: Koraidon|Scale Shot|p1a: Avalugg\n|-damage|p1a: Avalugg|80/310\n|-damage|p1a: Avalugg|52/310\n|-damage|p1a: Avalugg|21/310\n|-damage|p1a: Avalugg|0 fnt\n|faint|p1a: Avalugg\n|-hitcount|p1: Avalugg|4\n|-unboost|p2a: Koraidon|def|1\n|-boost|p2a: Koraidon|spe|1\n|\n|-weather|SunnyDay|[upkeep]\n|upkeep\n|inactive|Time left: 300 sec this turn | 300 sec total | 5 sec grace\n|\n|t:|1783534193\n|switch|p1a: Flareon|Flareon, L90, M|263/263\n|-damage|p1a: Flareon|231/263|[from] Spikes\n|turn|10\n|inactive|Time left: 300 sec this turn | 300 sec total\n|\n|t:|1783534194\n|move|p1a: Flareon|Quick Attack|p2a: Koraidon\n|-damage|p2a: Koraidon|0 fnt\n|faint|p2a: Koraidon\n|\n|-weather|none\n|-status|p1a: Flareon|tox|[from] item: Toxic Orb\n|upkeep\n|\n|t:|1783534195\n|switch|p2a: Diancie|Diancie, L82|100/100\n|turn|11\n|inactive|Time left: 300 sec this turn | 300 sec total\n|\n|t:|1783534196\n|switch|p1a: Polteageist|Polteageist-Antique, L78|222/222\n|-damage|p1a: Polteageist|195/222|[from] Spikes\n|move|p2a: Diancie|Diamond Storm|p1a: Polteageist\n|-damage|p1a: Polteageist|57/222\n|-boost|p2a: Diancie|def|2\n|\n|upkeep\n|turn|12\n|inactive|Time left: 300 sec this turn | 300 sec total\n|\n|t:|1783534197\n|move|p1a: Polteageist|Strength Sap|p2a: Diancie\n|-fail|p2a: Diancie|unboost|[from] ability: Clear Body|[of] p2a: Diancie\n|-heal|p1a: Polteageist|222/222\n|move|p2a: Diancie|Diamond Storm|p1a: Polteageist\n|-crit|p1a: Polteageist\n|-damage|p1a: Polteageist|6/222\n|\n|upkeep\n|turn|13\n|inactive|Time left: 300 sec this turn | 300 sec total\n|\n|t:|1783534198\n|move|p1a: Polteageist|Strength Sap|p2a: Diancie\n|-fail|p2a: Diancie|unboost|[from] ability: Clear Body|[of] p2a: Diancie\n|-heal|p1a: Polteageist|217/222\n|move|p2a: Diancie|Diamond Storm|p1a: Polteageist\n|-damage|p1a: Polteageist|84/222\n|-start|p2a: Diancie|Disable|Diamond Storm|[from] ability: Cursed Body|[of] p1a: Polteageist\n|\n|upkeep\n|turn|14\n|inactive|Time left: 300 sec this turn | 300 sec total\n|\n|t:|1783534200\n|move|p1a: Polteageist|Strength Sap|p2a: Diancie\n|-fail|p2a: Diancie|unboost|[from] ability: Clear Body|[of] p2a: Diancie\n|-heal|p1a: Polteageist|222/222\n|move|p2a: Diancie|Moonblast|p1a: Polteageist\n|-damage|p1a: Polteageist|141/222\n|\n|upkeep\n|turn|15\n|inactive|Time left: 300 sec this turn | 300 sec total\n|\n|t:|1783534201\n|move|p1a: Polteageist|Shell Smash|p1a: Polteageist\n|-unboost|p1a: Polteageist|def|1\n|-unboost|p1a: Polteageist|spd|1\n|-boost|p1a: Polteageist|atk|2\n|-boost|p1a: Polteageist|spa|2\n|-boost|p1a: Polteageist|spe|2\n|-enditem|p1a: Polteageist|White Herb\n|-clearnegativeboost|p1a: Polteageist|[silent]\n|move|p2a: Diancie|Moonblast|p1a: Polteageist\n|-damage|p1a: Polteageist|54/222\n|\n|upkeep\n|turn|16\n|inactive|Time left: 300 sec this turn | 300 sec total\n|\n|t:|1783534202\n|move|p1a: Polteageist|Strength Sap|p2a: Diancie\n|-fail|p2a: Diancie|unboost|[from] ability: Clear Body|[of] p2a: Diancie\n|-heal|p1a: Polteageist|222/222\n|move|p2a: Diancie|Moonblast|p1a: Polteageist\n|-damage|p1a: Polteageist|141/222\n|\n|-end|p2a: Diancie|Disable\n|upkeep\n|turn|17\n|inactive|Time left: 300 sec this turn | 300 sec total\n|\n|t:|1783534203\n|move|p1a: Polteageist|Stored Power|p2a: Diancie\n|-damage|p2a: Diancie|55/100\n|move|p2a: Diancie|Diamond Storm|p1a: Polteageist\n|-damage|p1a: Polteageist|9/222\n|-boost|p2a: Diancie|def|2\n|\n|upkeep\n|turn|18\n|inactive|Time left: 300 sec this turn | 300 sec total\n|\n|t:|1783534204\n|move|p1a: Polteageist|Strength Sap|p2a: Diancie\n|-fail|p2a: Diancie|unboost|[from] ability: Clear Body|[of] p2a: Diancie\n|-heal|p1a: Polteageist|220/222\n|move|p2a: Diancie|Diamond Storm|p1a: Polteageist\n|-damage|p1a: Polteageist|73/222\n|\n|upkeep\n|turn|19\n|inactive|Time left: 300 sec this turn | 300 sec total\n|\n|t:|1783534205\n|move|p1a: Polteageist|Strength Sap|p2a: Diancie\n|-fail|p2a: Diancie|unboost|[from] ability: Clear Body|[of] p2a: Diancie\n|-heal|p1a: Polteageist|222/222\n|move|p2a: Diancie|Moonblast|p1a: Polteageist\n|-damage|p1a: Polteageist|141/222\n|\n|upkeep\n|turn|20\n|inactive|Time left: 300 sec this turn | 300 sec total\n|\n|t:|1783534206\n|move|p1a: Polteageist|Shadow Ball|p2a: Diancie\n|-damage|p2a: Diancie|17/100\n|move|p2a: Diancie|Diamond Storm|p1a: Polteageist\n|-damage|p1a: Polteageist|0 fnt\n|-boost|p2a: Diancie|def|2\n|faint|p1a: Polteageist\n|\n|upkeep\n|inactive|Time left: 300 sec this turn | 300 sec total | 5 sec grace\n|\n|t:|1783534208\n|switch|p1a: Groudon|Groudon, L72|71/263\n|-damage|p1a: Groudon|39/263|[from] Spikes\n|-weather|SunnyDay|[from] ability: Drought|[of] p1a: Groudon\n|turn|21\n|inactive|Time left: 300 sec this turn | 300 sec total\n|\n|t:|1783534209\n|move|p1a: Groudon|Precipice Blades|p2a: Diancie|[miss]\n|-miss|p1a: Groudon|p2a: Diancie\n|move|p2a: Diancie|Body Press|p1a: Groudon\n|-damage|p1a: Groudon|0 fnt\n|faint|p1a: Groudon\n|\n|-weather|SunnyDay|[upkeep]\n|upkeep\n|inactive|Time left: 300 sec this turn | 300 sec total | 5 sec grace\n|\n|t:|1783534210\n|switch|p1a: Flareon|Flareon, L90, M|231/263 tox\n|-damage|p1a: Flareon|199/263 tox|[from] Spikes\n|turn|22\n|inactive|Time left: 300 sec this turn | 300 sec total\n|\n|t:|1783534211\n|move|p1a: Flareon|Flare Blitz|p2a: Diancie\n|-resisted|p2a: Diancie\n|-damage|p2a: Diancie|0 fnt\n|faint|p2a: Diancie\n|-damage|p1a: Flareon|187/263 tox|[from] Recoil\n|\n|-weather|SunnyDay|[upkeep]\n|-damage|p1a: Flareon|171/263 tox|[from] psn\n|upkeep\n|\n|t:|1783534212\n|switch|p2a: Glimmora|Glimmora, L75, F|100/100\n|turn|23\n|inactive|Time left: 300 sec this turn | 300 sec total\n|\n|t:|1783534213\n|switch|p1a: Baxcalibur|Baxcalibur, L75, F|295/295\n|-damage|p1a: Baxcalibur|259/295|[from] Spikes\n|move|p2a: Glimmora|Sludge Wave|p1a: Baxcalibur\n|-damage|p1a: Baxcalibur|145/295\n|\n|-weather|SunnyDay|[upkeep]\n|upkeep\n|turn|24\n|inactive|Time left: 300 sec this turn | 300 sec total\n|\n|t:|1783534214\n|switch|p2a: Oranguru|Oranguru, L92, M|100/100\n|move|p1a: Baxcalibur|Earthquake|p2a: Oranguru\n|-damage|p2a: Oranguru|75/100\n|\n|-weather|SunnyDay|[upkeep]\n|-heal|p2a: Oranguru|81/100|[from] item: Leftovers\n|upkeep\n|turn|25\n|inactive|Time left: 300 sec this turn | 300 sec total\n|\n|t:|1783534215\n|move|p1a: Baxcalibur|Icicle Spear|p2a: Oranguru\n|-damage|p2a: Oranguru|72/100\n|-damage|p2a: Oranguru|61/100\n|-damage|p2a: Oranguru|51/100\n|-damage|p2a: Oranguru|42/100\n|-damage|p2a: Oranguru|33/100\n|-hitcount|p2a: Oranguru|5\n|move|p2a: Oranguru|Focus Blast|p1a: Baxcalibur\n|-supereffective|p1a: Baxcalibur\n|-damage|p1a: Baxcalibur|0 fnt\n|faint|p1a: Baxcalibur\n|\n|-weather|none\n|-heal|p2a: Oranguru|39/100|[from] item: Leftovers\n|upkeep\n|inactive|Time left: 300 sec this turn | 300 sec total | 5 sec grace\n|\n|t:|1783534217\n|switch|p1a: Camerupt|Camerupt, L91, F|275/275\n|-damage|p1a: Camerupt|241/275|[from] Spikes\n|turn|26\n|inactive|Time left: 300 sec this turn | 300 sec total\n|\n|t:|1783534218\n|move|p2a: Oranguru|Psychic|p1a: Camerupt\n|-damage|p1a: Camerupt|136/275\n|move|p1a: Camerupt|Stealth Rock|p2a: Oranguru\n|-sidestart|p2: p0y081131b|move: Stealth Rock\n|\n|-heal|p2a: Oranguru|45/100|[from] item: Leftovers\n|-heal|p1a: Camerupt|153/275|[from] item: Leftovers\n|upkeep\n|turn|27\n|inactive|Time left: 300 sec this turn | 300 sec total\n|\n|t:|1783534219\n|move|p2a: Oranguru|Psychic|p1a: Camerupt\n|-damage|p1a: Camerupt|32/275\n|move|p1a: Camerupt|Overheat|p2a: Oranguru\n|-damage|p2a: Oranguru|1/100\n|-unboost|p1a: Camerupt|spa|2\n|\n|-heal|p2a: Oranguru|7/100|[from] item: Leftovers\n|-heal|p1a: Camerupt|49/275|[from] item: Leftovers\n|upkeep\n|turn|28\n|inactive|Time left: 300 sec this turn | 300 sec total\n|\n|t:|1783534220\n|switch|p1a: Flareon|Flareon, L90, M|171/263 tox\n|-damage|p1a: Flareon|139/263 tox|[from] Spikes\n|move|p2a: Oranguru|Psychic|p1a: Flareon\n|-damage|p1a: Flareon|54/263 tox\n|\n|-heal|p2a: Oranguru|13/100|[from] item: Leftovers\n|-damage|p1a: Flareon|38/263 tox|[from] psn\n|upkeep\n|turn|29\n|inactive|Time left: 300 sec this turn | 300 sec total\n|\n|t:|1783534221\n|switch|p2a: Glimmora|Glimmora, L75, F|100/100\n|-damage|p2a: Glimmora|88/100|[from] Stealth Rock\n|move|p1a: Flareon|Quick Attack|p2a: Glimmora\n|-resisted|p2a: Glimmora\n|-damage|p2a: Glimmora|74/100\n|-activate|p2a: Glimmora|ability: Toxic Debris\n|-sidestart|p1: p0x081e96b|move: Toxic Spikes\n|\n|-damage|p1a: Flareon|6/263 tox|[from] psn\n|upkeep\n|turn|30\n|inactive|Time left: 300 sec this turn | 300 sec total\n|\n|t:|1783534222\n|move|p2a: Glimmora|Sludge Wave|p1a: Flareon\n|-damage|p1a: Flareon|0 fnt\n|faint|p1a: Flareon\n|\n|upkeep\n|inactive|Time left: 300 sec this turn | 300 sec total | 5 sec grace\n|\n|t:|1783534223\n|switch|p1a: Camerupt|Camerupt, L91, F|49/275\n|-damage|p1a: Camerupt|15/275|[from] Spikes\n|-status|p1a: Camerupt|psn\n|turn|31\n|inactive|Time left: 300 sec this turn | 300 sec total\n|\n|t:|1783534223\n|move|p2a: Glimmora|Mortal Spin|p1a: Camerupt\n|-resisted|p1a: Camerupt\n|-damage|p1a: Camerupt|5/275 psn\n|-sideend|p2: p0y081131b|Stealth Rock|[from] move: Mortal Spin|[of] p2a: Glimmora\n|move|p1a: Camerupt|Earthquake|p2a: Glimmora\n|-supereffective|p2a: Glimmora\n|-damage|p2a: Glimmora|0 fnt\n|-activate|p2a: Glimmora|ability: Toxic Debris\n|-sidestart|p1: p0x081e96b|move: Toxic Spikes\n|faint|p2a: Glimmora\n|\n|-heal|p1a: Camerupt|22/275 psn|[from] item: Leftovers\n|-damage|p1a: Camerupt|0 fnt|[from] psn\n|faint|p1a: Camerupt\n|\n|win|p0y081131b", "uploadtime": 1783534223, "views": 0, "rating": 0, "private": 0, "password": null, "_winner": "p0y081131b", "_our_name": "p0x081e96b"}