{"id": "battle-gen9randombattle-1126", "formatid": "gen9randombattle", "format": "[Gen 9] Random Battle", "players": ["p0x112645c9", "p0y11264994"], "log": "|init|battle\n|title|p0x112645c9 vs. p0y11264994\n|j|\u2606p0x112645c9\n|j|\u2606p0y11264994\n|t:|1783552198\n|gametype|singles\n|player|p1|p0x112645c9|101|\n|player|p2|p0y11264994|266|\n|gen|9\n|tier|[Gen 9] Random Battle\n|rule|Species Clause: Limit one of each Pok\u00e9mon\n|rule|HP Percentage Mod: HP is shown in percentages\n|rule|Sleep Clause Mod: Limit one foe put to sleep\n|rule|Illusion Level Mod: Illusion disguises the Pok\u00e9mon's true level\n|\n|t:|1783552198\n|teamsize|p1|6\n|teamsize|p2|6\n|start\n|switch|p1a: Talonflame|Talonflame, L83, F|265/265\n|switch|p2a: Ambipom|Ambipom, L84, M|100/100\n|turn|1\n|inactive|Battle timer is ON: inactive players will automatically lose when time's up. (requested by p0y11264994)\n|inactive|Time left: 300 sec this turn | 300 sec total | 60 sec grace\n|inactive|p0x112645c9 also wants the timer to be on.\n|\n|t:|1783552200\n|move|p1a: Talonflame|Flare Blitz|p2a: Ambipom\n|-damage|p2a: Ambipom|52/100\n|-damage|p1a: Talonflame|223/265|[from] Recoil\n|move|p2a: Ambipom|Triple Axel|p1a: Talonflame\n|-damage|p1a: Talonflame|181/265\n|-damage|p1a: Talonflame|99/265\n|-hitcount|p1a: Talonflame|2\n|\n|upkeep\n|turn|2\n|inactive|Time left: 300 sec this turn | 300 sec total\n|\n|t:|1783552201\n|move|p1a: Talonflame|Brave Bird|p2a: Ambipom\n|-crit|p2a: Ambipom\n|-damage|p2a: Ambipom|0 fnt\n|faint|p2a: Ambipom\n|-damage|p1a: Talonflame|54/265|[from] Recoil\n|\n|upkeep\n|\n|t:|1783552202\n|switch|p2a: Dragonite|Dragonite, L74, F|100/100\n|turn|3\n|inactive|Time left: 300 sec this turn | 300 sec total\n|\n|t:|1783552204\n|move|p1a: Talonflame|Flare Blitz|p2a: Dragonite\n|-resisted|p2a: Dragonite\n|-damage|p2a: Dragonite|88/100\n|-damage|p1a: Talonflame|44/265|[from] Recoil\n|move|p2a: Dragonite|Dragon Dance|p2a: Dragonite\n|-boost|p2a: Dragonite|atk|1\n|-boost|p2a: Dragonite|spe|1\n|\n|upkeep\n|turn|4\n|inactive|Time left: 300 sec this turn | 300 sec total\n|\n|t:|1783552205\n|move|p1a: Talonflame|Brave Bird|p2a: Dragonite\n|-damage|p2a: Dragonite|43/100\n|-damage|p1a: Talonflame|5/265|[from] Recoil\n|move|p2a: Dragonite|Dragon Dance|p2a: Dragonite\n|-boost|p2a: Dragonite|atk|1\n|-boost|p2a: Dragonite|spe|1\n|\n|upkeep\n|turn|5\n|inactive|Time left: 300 sec this turn | 300 sec total\n|\n|t:|1783552206\n|move|p2a: Dragonite|Roost|p2a: Dragonite\n|-heal|p2a: Dragonite|93/100\n|-singleturn|p2a: Dragonite|move: Roost\n|move|p1a: Talonflame|Brave Bird|p2a: Dragonite\n|-damage|p2a: Dragonite|50/100\n|-damage|p1a: Talonflame|0 fnt|[from] Recoil\n|faint|p1a: Talonflame\n|\n|upkeep\n|inactive|Time left: 300 sec this turn | 300 sec total | 5 sec grace\n|\n|t:|1783552207\n|switch|p1a: Pecharunt|Pecharunt, L77|262/262\n|turn|6\n|inactive|Time left: 300 sec this turn | 300 sec total\n|\n|t:|1783552208\n|-terastallize|p2a: Dragonite|Ground\n|move|p2a: Dragonite|Outrage|p1a: Pecharunt\n|-damage|p1a: Pecharunt|87/262\n|-damage|p2a: Dragonite|33/100|[from] item: Rocky Helmet|[of] p1a: Pecharunt\n|move|p1a: Pecharunt|Malignant Chain|p2a: Dragonite\n|-resisted|p2a: Dragonite\n|-damage|p2a: Dragonite|18/100\n|-status|p2a: Dragonite|tox\n|-start|p2a: Dragonite|confusion|[from] ability: Poison Puppeteer|[of] p1a: Pecharunt\n|\n|-damage|p2a: Dragonite|12/100 tox|[from] psn\n|upkeep\n|turn|7\n|inactive|Time left: 300 sec this turn | 300 sec total\n|\n|t:|1783552209\n|switch|p1a: Dondozo|Dondozo, L78, M|362/362\n|-activate|p2a: Dragonite|confusion\n|move|p2a: Dragonite|Outrage|p1a: Dondozo|[from] lockedmove\n|-damage|p1a: Dondozo|253/362\n|\n|-heal|p1a: Dondozo|275/362|[from] item: Leftovers\n|-damage|p2a: Dragonite|0 fnt|[from] psn\n|faint|p2a: Dragonite\n|upkeep\n|\n|t:|1783552210\n|switch|p2a: Thundurus|Thundurus, L80, M|100/100\n|turn|8\n|inactive|Time left: 300 sec this turn | 300 sec total\n|\n|t:|1783552211\n|-terastallize|p1a: Dondozo|Dragon\n|move|p2a: Thundurus|Thunderbolt|p1a: Dondozo\n|-resisted|p1a: Dondozo\n|-damage|p1a: Dondozo|205/362\n|move|p1a: Dondozo|Wave Crash|p2a: Thundurus\n|-damage|p2a: Thundurus|42/100\n|-damage|p1a: Dondozo|155/362|[from] Recoil\n|\n|-heal|p1a: Dondozo|177/362|[from] item: Leftovers\n|upkeep\n|turn|9\n|inactive|Time left: 300 sec this turn | 300 sec total\n|\n|t:|1783552213\n|move|p2a: Thundurus|Acrobatics|p1a: Dondozo\n|-damage|p1a: Dondozo|66/362\n|move|p1a: Dondozo|Wave Crash|p2a: Thundurus\n|-damage|p2a: Thundurus|0 fnt\n|faint|p2a: Thundurus\n|-damage|p1a: Dondozo|30/362|[from] Recoil\n|\n|-heal|p1a: Dondozo|52/362|[from] item: Leftovers\n|upkeep\n|\n|t:|1783552214\n|switch|p2a: Iron Thorns|Iron Thorns, L83|100/100\n|-enditem|p2a: Iron Thorns|Booster Energy\n|-activate|p2a: Iron Thorns|ability: Quark Drive|[fromitem]\n|-start|p2a: Iron Thorns|quarkdriveatk\n|turn|10\n|inactive|Time left: 300 sec this turn | 300 sec total\n|\n|t:|1783552215\n|switch|p1a: Chesnaught|Chesnaught, L84, M|285/285\n|move|p2a: Iron Thorns|Dragon Dance|p2a: Iron Thorns\n|-boost|p2a: Iron Thorns|atk|1\n|-boost|p2a: Iron Thorns|spe|1\n|\n|upkeep\n|turn|11\n|inactive|Time left: 300 sec this turn | 300 sec total\n|\n|t:|1783552216\n|move|p2a: Iron Thorns|Ice Punch|p1a: Chesnaught\n|-supereffective|p1a: Chesnaught\n|-damage|p1a: Chesnaught|77/285\n|move|p1a: Chesnaught|Body Press|p2a: Iron Thorns\n|-supereffective|p2a: Iron Thorns\n|-damage|p2a: Iron Thorns|44/100\n|\n|-heal|p1a: Chesnaught|94/285|[from] item: Leftovers\n|upkeep\n|turn|12\n|inactive|Time left: 300 sec this turn | 300 sec total\n|\n|t:|1783552217\n|move|p2a: Iron Thorns|Ice Punch|p1a: Chesnaught\n|-supereffective|p1a: Chesnaught\n|-damage|p1a: Chesnaught|0 fnt\n|faint|p1a: Chesnaught\n|\n|upkeep\n|inactive|Time left: 300 sec this turn | 300 sec total | 5 sec grace\n|\n|t:|1783552218\n|switch|p1a: Pecharunt|Pecharunt, L77|87/262\n|turn|13\n|inactive|Time left: 300 sec this turn | 300 sec total\n|\n|t:|1783552219\n|move|p2a: Iron Thorns|Stone Edge|p1a: Pecharunt|[miss]\n|-miss|p2a: Iron Thorns|p1a: Pecharunt\n|move|p1a: Pecharunt|Recover|p1a: Pecharunt\n|-heal|p1a: Pecharunt|218/262\n|\n|upkeep\n|turn|14\n|inactive|Time left: 300 sec this turn | 300 sec total\n|\n|t:|1783552220\n|move|p2a: Iron Thorns|Stone Edge|p1a: Pecharunt\n|-damage|p1a: Pecharunt|32/262\n|move|p1a: Pecharunt|Malignant Chain|p2a: Iron Thorns\n|-resisted|p2a: Iron Thorns\n|-damage|p2a: Iron Thorns|30/100\n|\n|upkeep\n|turn|15\n|inactive|Time left: 300 sec this turn | 300 sec total\n|\n|t:|1783552221\n|move|p2a: Iron Thorns|Stone Edge|p1a: Pecharunt\n|-damage|p1a: Pecharunt|0 fnt\n|faint|p1a: Pecharunt\n|\n|upkeep\n|inactive|Time left: 300 sec this turn | 300 sec total | 5 sec grace\n|\n|t:|1783552222\n|switch|p1a: Dondozo|Dondozo, L78, M, tera:Dragon|52/362\n|turn|16\n|inactive|Time left: 300 sec this turn | 300 sec total\n|\n|t:|1783552223\n|move|p2a: Iron Thorns|Ice Punch|p1a: Dondozo\n|-supereffective|p1a: Dondozo\n|-damage|p1a: Dondozo|0 fnt\n|faint|p1a: Dondozo\n|\n|upkeep\n|inactive|Time left: 300 sec this turn | 300 sec total | 5 sec grace\n|\n|t:|1783552224\n|switch|p1a: Froslass|Froslass, L87, F|263/263\n|turn|17\n|inactive|Time left: 300 sec this turn | 300 sec total\n|\n|t:|1783552225\n|move|p2a: Iron Thorns|Stone Edge|p1a: Froslass\n|-supereffective|p1a: Froslass\n|-crit|p1a: Froslass\n|-damage|p1a: Froslass|0 fnt\n|-start|p2a: Iron Thorns|Disable|Stone Edge|[from] ability: Cursed Body|[of] p1a: Froslass\n|faint|p1a: Froslass\n|\n|upkeep\n|inactive|Time left: 300 sec this turn | 300 sec total | 5 sec grace\n|\n|t:|1783552227\n|switch|p1a: Quaquaval|Quaquaval, L79, M|264/264\n|turn|18\n|inactive|Time left: 300 sec this turn | 300 sec total\n|\n|t:|1783552227\n|move|p2a: Iron Thorns|Wild Charge|p1a: Quaquaval\n|-supereffective|p1a: Quaquaval\n|-damage|p1a: Quaquaval|0 fnt\n|faint|p1a: Quaquaval\n|-damage|p2a: Iron Thorns|8/100|[from] Recoil\n|\n|win|p0y11264994", "uploadtime": 1783552227, "views": 0, "rating": 0, "private": 0, "password": null, "_winner": "p0y11264994", "_our_name": "p0x112645c9"}