{"id": "battle-gen9randombattle-684", "formatid": "gen9randombattle", "format": "[Gen 9] Random Battle", "players": ["p0x684c890", "p0y6842a4e"], "log": "|init|battle\n|title|p0x684c890 vs. p0y6842a4e\n|j|\u2606p0x684c890\n|j|\u2606p0y6842a4e\n|t:|1783547044\n|gametype|singles\n|player|p1|p0x684c890|2|\n|player|p2|p0y6842a4e|266|\n|gen|9\n|tier|[Gen 9] Random Battle\n|rule|Species Clause: Limit one of each Pok\u00e9mon\n|rule|HP Percentage Mod: HP is shown in percentages\n|rule|Sleep Clause Mod: Limit one foe put to sleep\n|rule|Illusion Level Mod: Illusion disguises the Pok\u00e9mon's true level\n|\n|t:|1783547044\n|teamsize|p1|6\n|teamsize|p2|6\n|start\n|switch|p1a: Meloetta|Meloetta, L82|100/100\n|switch|p2a: Cinccino|Cinccino, L83, F|260/260\n|turn|1\n|inactive|Battle timer is ON: inactive players will automatically lose when time's up. (requested by p0x684c890)\n|inactive|Time left: 300 sec this turn | 300 sec total | 60 sec grace\n|inactive|p0y6842a4e also wants the timer to be on.\n|\n|t:|1783547045\n|move|p2a: Cinccino|Tail Slap|p1a: Meloetta\n|-crit|p1a: Meloetta\n|-damage|p1a: Meloetta|76/100\n|-damage|p1a: Meloetta|62/100\n|-damage|p1a: Meloetta|48/100\n|-damage|p1a: Meloetta|33/100\n|-damage|p1a: Meloetta|18/100\n|-hitcount|p1a: Meloetta|5\n|move|p1a: Meloetta|Psyshock|p2a: Cinccino\n|-damage|p2a: Cinccino|61/260\n|\n|upkeep\n|turn|2\n|inactive|Time left: 300 sec this turn | 300 sec total\n|\n|t:|1783547047\n|switch|p1a: Delphox|Delphox, L84, M|100/100\n|move|p2a: Cinccino|Triple Axel|p1a: Delphox\n|-resisted|p1a: Delphox\n|-damage|p1a: Delphox|96/100\n|-resisted|p1a: Delphox\n|-damage|p1a: Delphox|87/100\n|-resisted|p1a: Delphox\n|-damage|p1a: Delphox|73/100\n|-hitcount|p1a: Delphox|3\n|\n|upkeep\n|turn|3\n|inactive|Time left: 300 sec this turn | 300 sec total\n|\n|t:|1783547048\n|move|p2a: Cinccino|Tail Slap|p1a: Delphox\n|-damage|p1a: Delphox|57/100\n|-damage|p1a: Delphox|40/100\n|-damage|p1a: Delphox|24/100\n|-damage|p1a: Delphox|8/100\n|-hitcount|p1a: Delphox|4\n|move|p1a: Delphox|Psyshock|p2a: Cinccino\n|-damage|p2a: Cinccino|0 fnt\n|faint|p2a: Cinccino\n|\n|upkeep\n|inactive|Time left: 300 sec this turn | 300 sec total | 5 sec grace\n|\n|t:|1783547049\n|switch|p2a: Bruxish|Bruxish, L85, F|254/254\n|turn|4\n|inactive|Time left: 300 sec this turn | 300 sec total\n|\n|t:|1783547050\n|move|p2a: Bruxish|Psychic Fangs|p1a: Delphox\n|-resisted|p1a: Delphox\n|-damage|p1a: Delphox|0 fnt\n|faint|p1a: Delphox\n|\n|upkeep\n|\n|t:|1783547051\n|switch|p1a: Salamence|Salamence, L77, F|100/100\n|-ability|p1a: Salamence|Intimidate|boost\n|-unboost|p2a: Bruxish|atk|1\n|turn|5\n|inactive|Time left: 300 sec this turn | 300 sec total\n|\n|t:|1783547053\n|switch|p2a: Hatterene|Hatterene, L85, F|236/236\n|move|p1a: Salamence|Dragon Dance|p1a: Salamence\n|-boost|p1a: Salamence|atk|1\n|-boost|p1a: Salamence|spe|1\n|\n|upkeep\n|turn|6\n|inactive|Time left: 300 sec this turn | 300 sec total\n|\n|t:|1783547054\n|move|p1a: Salamence|Dragon Dance|p1a: Salamence\n|-boost|p1a: Salamence|atk|1\n|-boost|p1a: Salamence|spe|1\n|move|p2a: Hatterene|Draining Kiss|p1a: Salamence\n|-supereffective|p1a: Salamence\n|-damage|p1a: Salamence|34/100\n|\n|upkeep\n|turn|7\n|inactive|Time left: 300 sec this turn | 300 sec total\n|\n|t:|1783547055\n|move|p1a: Salamence|Dual Wingbeat|p2a: Hatterene\n|-damage|p2a: Hatterene|155/236\n|-damage|p2a: Hatterene|64/236\n|-hitcount|p2a: Hatterene|2\n|move|p2a: Hatterene|Draining Kiss|p1a: Salamence\n|-supereffective|p1a: Salamence\n|-damage|p1a: Salamence|0 fnt\n|-heal|p2a: Hatterene|132/236|[from] drain|[of] p1a: Salamence\n|faint|p1a: Salamence\n|\n|-heal|p2a: Hatterene|146/236|[from] item: Leftovers\n|upkeep\n|\n|t:|1783547056\n|switch|p1a: Ursaluna|Ursaluna-Bloodmoon, L79, M|100/100\n|turn|8\n|inactive|Time left: 300 sec this turn | 300 sec total\n|\n|t:|1783547057\n|move|p1a: Ursaluna|Blood Moon|p2a: Hatterene\n|-damage|p2a: Hatterene|0 fnt\n|faint|p2a: Hatterene\n|\n|upkeep\n|inactive|Time left: 300 sec this turn | 300 sec total | 5 sec grace\n|\n|t:|1783547058\n|switch|p2a: Baxcalibur|Baxcalibur, L75, M|295/295\n|turn|9\n|inactive|Time left: 300 sec this turn | 300 sec total\n|\n|t:|1783547059\n|move|p2a: Baxcalibur|Swords Dance|p2a: Baxcalibur\n|-boost|p2a: Baxcalibur|atk|2\n|move|p1a: Ursaluna|Earth Power|p2a: Baxcalibur\n|-damage|p2a: Baxcalibur|169/295\n|-unboost|p2a: Baxcalibur|spd|1\n|\n|upkeep\n|turn|10\n|inactive|Time left: 300 sec this turn | 300 sec total\n|\n|t:|1783547060\n|-terastallize|p1a: Ursaluna|Ghost\n|move|p2a: Baxcalibur|Icicle Spear|p1a: Ursaluna\n|-damage|p1a: Ursaluna|85/100\n|-damage|p1a: Ursaluna|69/100\n|-damage|p1a: Ursaluna|53/100\n|-crit|p1a: Ursaluna\n|-damage|p1a: Ursaluna|30/100\n|-hitcount|p1a: Ursaluna|4\n|move|p1a: Ursaluna|Earth Power|p2a: Baxcalibur\n|-damage|p2a: Baxcalibur|0 fnt\n|faint|p2a: Baxcalibur\n|\n|-heal|p1a: Ursaluna|36/100|[from] item: Leftovers\n|upkeep\n|inactive|Time left: 300 sec this turn | 300 sec total | 5 sec grace\n|\n|t:|1783547061\n|switch|p2a: Bruxish|Bruxish, L85, F|254/254\n|turn|11\n|inactive|Time left: 300 sec this turn | 300 sec total\n|\n|t:|1783547062\n|switch|p1a: Meloetta|Meloetta, L82|18/100\n|move|p2a: Bruxish|Psychic Fangs|p1a: Meloetta\n|-resisted|p1a: Meloetta\n|-damage|p1a: Meloetta|0 fnt\n|faint|p1a: Meloetta\n|\n|upkeep\n|\n|t:|1783547063\n|switch|p1a: Drifblim|Drifblim, L86, M|100/100\n|turn|12\n|inactive|Time left: 300 sec this turn | 300 sec total\n|\n|t:|1783547063\n|move|p2a: Bruxish|Psychic Fangs|p1a: Drifblim\n|-damage|p1a: Drifblim|40/100\n|-enditem|p1a: Drifblim|Sitrus Berry|[eat]\n|-heal|p1a: Drifblim|65/100|[from] item: Sitrus Berry\n|move|p1a: Drifblim|Strength Sap|p2a: Bruxish\n|-unboost|p2a: Bruxish|atk|1\n|-heal|p1a: Drifblim|100/100\n|\n|upkeep\n|turn|13\n|inactive|Time left: 300 sec this turn | 300 sec total\n|\n|t:|1783547064\n|switch|p2a: Appletun|Appletun, L92, F|352/352\n|move|p1a: Drifblim|Calm Mind|p1a: Drifblim\n|-boost|p1a: Drifblim|spa|1\n|-boost|p1a: Drifblim|spd|1\n|\n|upkeep\n|turn|14\n|inactive|Time left: 300 sec this turn | 300 sec total\n|\n|t:|1783547065\n|move|p1a: Drifblim|Air Slash|p2a: Appletun\n|-supereffective|p2a: Appletun\n|-damage|p2a: Appletun|130/352\n|cant|p2a: Appletun|flinch\n|\n|-heal|p2a: Appletun|152/352|[from] item: Leftovers\n|upkeep\n|turn|15\n|inactive|Time left: 300 sec this turn | 300 sec total\n|\n|t:|1783547066\n|-terastallize|p2a: Appletun|Steel\n|move|p1a: Drifblim|Air Slash|p2a: Appletun\n|-resisted|p2a: Appletun\n|-damage|p2a: Appletun|97/352\n|move|p2a: Appletun|Leech Seed|p1a: Drifblim\n|-start|p1a: Drifblim|move: Leech Seed\n|\n|-heal|p2a: Appletun|119/352|[from] item: Leftovers\n|-damage|p1a: Drifblim|88/100|[from] Leech Seed|[of] p2a: Appletun\n|-heal|p2a: Appletun|168/352|[silent]\n|upkeep\n|turn|16\n|inactive|Time left: 300 sec this turn | 300 sec total\n|\n|t:|1783547067\n|move|p1a: Drifblim|Calm Mind|p1a: Drifblim\n|-boost|p1a: Drifblim|spa|1\n|-boost|p1a: Drifblim|spd|1\n|move|p2a: Appletun|Recover|p2a: Appletun\n|-heal|p2a: Appletun|344/352\n|\n|-heal|p2a: Appletun|352/352|[from] item: Leftovers\n|-damage|p1a: Drifblim|76/100|[from] Leech Seed|[of] p2a: Appletun\n|upkeep\n|turn|17\n|inactive|Time left: 300 sec this turn | 300 sec total\n|\n|t:|1783547068\n|move|p1a: Drifblim|Calm Mind|p1a: Drifblim\n|-boost|p1a: Drifblim|spa|1\n|-boost|p1a: Drifblim|spd|1\n|move|p2a: Appletun|Apple Acid|p1a: Drifblim\n|-resisted|p1a: Drifblim\n|-damage|p1a: Drifblim|68/100\n|-unboost|p1a: Drifblim|spd|1\n|\n|-damage|p1a: Drifblim|56/100|[from] Leech Seed|[of] p2a: Appletun\n|upkeep\n|turn|18\n|inactive|Time left: 300 sec this turn | 300 sec total\n|\n|t:|1783547069\n|move|p1a: Drifblim|Strength Sap|p2a: Appletun\n|-unboost|p2a: Appletun|atk|1\n|-heal|p1a: Drifblim|97/100\n|move|p2a: Appletun|Apple Acid|p1a: Drifblim\n|-resisted|p1a: Drifblim\n|-damage|p1a: Drifblim|88/100\n|-unboost|p1a: Drifblim|spd|1\n|\n|-damage|p1a: Drifblim|76/100|[from] Leech Seed|[of] p2a: Appletun\n|upkeep\n|turn|19\n|inactive|Time left: 300 sec this turn | 300 sec total\n|\n|t:|1783547070\n|move|p1a: Drifblim|Calm Mind|p1a: Drifblim\n|-boost|p1a: Drifblim|spa|1\n|-boost|p1a: Drifblim|spd|1\n|move|p2a: Appletun|Apple Acid|p1a: Drifblim\n|-resisted|p1a: Drifblim\n|-damage|p1a: Drifblim|67/100\n|-unboost|p1a: Drifblim|spd|1\n|\n|-damage|p1a: Drifblim|55/100|[from] Leech Seed|[of] p2a: Appletun\n|upkeep\n|turn|20\n|inactive|Time left: 300 sec this turn | 300 sec total\n|\n|t:|1783547071\n|move|p1a: Drifblim|Shadow Ball|p2a: Appletun\n|-damage|p2a: Appletun|118/352\n|move|p2a: Appletun|Draco Meteor|p1a: Drifblim\n|-damage|p1a: Drifblim|19/100\n|-unboost|p2a: Appletun|spa|2\n|\n|-heal|p2a: Appletun|140/352|[from] item: Leftovers\n|-damage|p1a: Drifblim|6/100|[from] Leech Seed|[of] p2a: Appletun\n|-heal|p2a: Appletun|189/352|[silent]\n|upkeep\n|turn|21\n|inactive|Time left: 300 sec this turn | 300 sec total\n|\n|t:|1783547072\n|switch|p2a: Appletun|Appletun, L92, F|235/235\n|move|p1a: Drifblim|Shadow Ball|p2a: Appletun\n|-resisted|p2a: Appletun\n|-crit|p2a: Appletun\n|-damage|p2a: Appletun|0 fnt\n|replace|p2a: Zoroark|Zoroark, L83, F\n|-end|p2a: Zoroark|Illusion\n|-hint|Illusion Level Mod is active, so this Pok\u00e9mon's true level was hidden.\n|faint|p2a: Zoroark\n|\n|upkeep\n|inactive|Time left: 300 sec this turn | 300 sec total | 5 sec grace\n|\n|t:|1783547073\n|switch|p2a: Appletun|Appletun, L92, F, tera:Steel|189/352\n|turn|22\n|inactive|Time left: 300 sec this turn | 300 sec total\n|\n|t:|1783547074\n|switch|p2a: Bruxish|Bruxish, L85, F|254/254\n|move|p1a: Drifblim|Shadow Ball|p2a: Bruxish\n|-supereffective|p2a: Bruxish\n|-damage|p2a: Bruxish|0 fnt\n|faint|p2a: Bruxish\n|\n|upkeep\n|inactive|Time left: 300 sec this turn | 300 sec total | 5 sec grace\n|\n|t:|1783547074\n|switch|p2a: Appletun|Appletun, L92, F, tera:Steel|189/352\n|turn|23\n|inactive|Time left: 300 sec this turn | 300 sec total\n|\n|t:|1783547075\n|move|p1a: Drifblim|Shadow Ball|p2a: Appletun\n|-damage|p2a: Appletun|0 fnt\n|faint|p2a: Appletun\n|\n|win|p0x684c890", "uploadtime": 1783547075, "views": 0, "rating": 0, "private": 0, "password": null, "_winner": "p0x684c890", "_our_name": "p0y6842a4e"}