{"id": "battle-gen9randombattle-59", "formatid": "gen9randombattle", "format": "[Gen 9] Random Battle", "players": ["p0x059a911", "p0y05923a8"], "log": "|init|battle\n|title|p0x059a911 vs. p0y05923a8\n|j|\u2606p0x059a911\n|j|\u2606p0y05923a8\n|t:|1783539867\n|gametype|singles\n|player|p1|p0x059a911|266|\n|player|p2|p0y05923a8|1|\n|gen|9\n|tier|[Gen 9] Random Battle\n|rule|Species Clause: Limit one of each Pok\u00e9mon\n|rule|HP Percentage Mod: HP is shown in percentages\n|rule|Sleep Clause Mod: Limit one foe put to sleep\n|rule|Illusion Level Mod: Illusion disguises the Pok\u00e9mon's true level\n|\n|t:|1783539867\n|teamsize|p1|6\n|teamsize|p2|6\n|start\n|switch|p1a: Roaring Moon|Roaring Moon, L72|100/100\n|switch|p2a: Glalie|Glalie, L96, F|309/309\n|turn|1\n|inactive|Battle timer is ON: inactive players will automatically lose when time's up. (requested by p0x059a911)\n|inactive|Time left: 300 sec this turn | 300 sec total | 60 sec grace\n|inactive|p0y05923a8 also wants the timer to be on.\n|\n|t:|1783539869\n|move|p1a: Roaring Moon|Outrage|p2a: Glalie\n|-damage|p2a: Glalie|182/309\n|move|p2a: Glalie|Freeze-Dry|p1a: Roaring Moon\n|-supereffective|p1a: Roaring Moon\n|-damage|p1a: Roaring Moon|38/100\n|\n|upkeep\n|turn|2\n|inactive|Time left: 300 sec this turn | 300 sec total\n|\n|t:|1783539870\n|switch|p2a: Diancie|Diancie, L82|216/216\n|move|p1a: Roaring Moon|Outrage|p2a: Diancie|[from] lockedmove\n|-immune|p2a: Diancie\n|\n|upkeep\n|turn|3\n|inactive|Time left: 300 sec this turn | 300 sec total\n|\n|t:|1783539871\n|move|p1a: Roaring Moon|Earthquake|p2a: Diancie\n|-supereffective|p2a: Diancie\n|-damage|p2a: Diancie|116/216\n|move|p2a: Diancie|Diamond Storm|p1a: Roaring Moon\n|-damage|p1a: Roaring Moon|0 fnt\n|faint|p1a: Roaring Moon\n|-end|p1a: Roaring Moon|Protosynthesis|[silent]\n|\n|upkeep\n|\n|t:|1783539872\n|switch|p1a: Iron Leaves|Iron Leaves, L80|100/100\n|turn|4\n|inactive|Time left: 300 sec this turn | 300 sec total\n|\n|t:|1783539874\n|switch|p2a: Moltres|Moltres, L81|278/278\n|move|p1a: Iron Leaves|Leaf Blade|p2a: Moltres\n|-resisted|p2a: Moltres\n|-damage|p2a: Moltres|232/278\n|\n|upkeep\n|turn|5\n|inactive|Time left: 300 sec this turn | 300 sec total\n|\n|t:|1783539875\n|-end|p1a: Iron Leaves|Quark Drive|[silent]\n|switch|p1a: Garganacl|Garganacl, L80, M|100/100\n|move|p2a: Moltres|Brave Bird|p1a: Garganacl\n|-resisted|p1a: Garganacl\n|-damage|p1a: Garganacl|85/100\n|-damage|p2a: Moltres|217/278|[from] Recoil\n|\n|-heal|p1a: Garganacl|91/100|[from] item: Leftovers\n|upkeep\n|turn|6\n|inactive|Time left: 300 sec this turn | 300 sec total\n|\n|t:|1783539876\n|switch|p2a: Gogoat|Gogoat, L88, M|360/360\n|move|p1a: Garganacl|Salt Cure|p2a: Gogoat\n|-damage|p2a: Gogoat|308/360\n|-start|p2a: Gogoat|Salt Cure\n|\n|-heal|p2a: Gogoat|330/360|[from] item: Leftovers\n|-heal|p1a: Garganacl|97/100|[from] item: Leftovers\n|-damage|p2a: Gogoat|285/360|[from] Salt Cure\n|upkeep\n|turn|7\n|inactive|Time left: 300 sec this turn | 300 sec total\n|\n|t:|1783539877\n|switch|p1a: Munkidori|Munkidori, L79, M|100/100\n|move|p2a: Gogoat|Bulk Up|p2a: Gogoat\n|-boost|p2a: Gogoat|atk|1\n|-boost|p2a: Gogoat|def|1\n|\n|-heal|p2a: Gogoat|307/360|[from] item: Leftovers\n|-damage|p2a: Gogoat|262/360|[from] Salt Cure\n|upkeep\n|turn|8\n|inactive|Time left: 300 sec this turn | 300 sec total\n|\n|t:|1783539878\n|-terastallize|p2a: Gogoat|Ground\n|move|p1a: Munkidori|Sludge Wave|p2a: Gogoat\n|-resisted|p2a: Gogoat\n|-damage|p2a: Gogoat|193/360\n|-damage|p1a: Munkidori|91/100|[from] item: Life Orb\n|move|p2a: Gogoat|Earthquake|p1a: Munkidori\n|-supereffective|p1a: Munkidori\n|-damage|p1a: Munkidori|0 fnt\n|faint|p1a: Munkidori\n|\n|-heal|p2a: Gogoat|215/360|[from] item: Leftovers\n|-damage|p2a: Gogoat|170/360|[from] Salt Cure\n|upkeep\n|\n|t:|1783539879\n|switch|p1a: Iron Leaves|Iron Leaves, L80|100/100\n|turn|9\n|inactive|Time left: 300 sec this turn | 300 sec total\n|\n|t:|1783539880\n|move|p1a: Iron Leaves|Psyblade|p2a: Gogoat\n|-damage|p2a: Gogoat|46/360\n|move|p2a: Gogoat|Milk Drink|p2a: Gogoat\n|-heal|p2a: Gogoat|226/360\n|\n|-heal|p2a: Gogoat|248/360|[from] item: Leftovers\n|-damage|p2a: Gogoat|203/360|[from] Salt Cure\n|upkeep\n|turn|10\n|inactive|Time left: 300 sec this turn | 300 sec total\n|\n|t:|1783539881\n|move|p1a: Iron Leaves|Psyblade|p2a: Gogoat\n|-damage|p2a: Gogoat|88/360\n|move|p2a: Gogoat|Milk Drink|p2a: Gogoat\n|-heal|p2a: Gogoat|268/360\n|\n|-heal|p2a: Gogoat|290/360|[from] item: Leftovers\n|-damage|p2a: Gogoat|245/360|[from] Salt Cure\n|upkeep\n|turn|11\n|inactive|Time left: 300 sec this turn | 300 sec total\n|\n|t:|1783539882\n|move|p1a: Iron Leaves|Psyblade|p2a: Gogoat\n|-damage|p2a: Gogoat|125/360\n|move|p2a: Gogoat|Milk Drink|p2a: Gogoat\n|-heal|p2a: Gogoat|305/360\n|\n|-heal|p2a: Gogoat|327/360|[from] item: Leftovers\n|-damage|p2a: Gogoat|282/360|[from] Salt Cure\n|upkeep\n|turn|12\n|inactive|Time left: 300 sec this turn | 300 sec total\n|\n|t:|1783539883\n|move|p1a: Iron Leaves|Psyblade|p2a: Gogoat\n|-damage|p2a: Gogoat|149/360\n|move|p2a: Gogoat|Milk Drink|p2a: Gogoat\n|-heal|p2a: Gogoat|329/360\n|\n|-heal|p2a: Gogoat|351/360|[from] item: Leftovers\n|-damage|p2a: Gogoat|306/360|[from] Salt Cure\n|upkeep\n|turn|13\n|inactive|Time left: 300 sec this turn | 300 sec total\n|\n|t:|1783539884\n|move|p1a: Iron Leaves|Psyblade|p2a: Gogoat\n|-damage|p2a: Gogoat|186/360\n|move|p2a: Gogoat|Milk Drink|p2a: Gogoat\n|-heal|p2a: Gogoat|360/360\n|\n|-damage|p2a: Gogoat|315/360|[from] Salt Cure\n|upkeep\n|turn|14\n|inactive|Time left: 300 sec this turn | 300 sec total\n|\n|t:|1783539886\n|move|p1a: Iron Leaves|Psyblade|p2a: Gogoat\n|-damage|p2a: Gogoat|189/360\n|move|p2a: Gogoat|Milk Drink|p2a: Gogoat\n|-heal|p2a: Gogoat|360/360\n|\n|-damage|p2a: Gogoat|315/360|[from] Salt Cure\n|upkeep\n|turn|15\n|inactive|Time left: 300 sec this turn | 300 sec total\n|\n|t:|1783539886\n|move|p1a: Iron Leaves|Psyblade|p2a: Gogoat\n|-damage|p2a: Gogoat|197/360\n|move|p2a: Gogoat|Bulk Up|p2a: Gogoat\n|-boost|p2a: Gogoat|atk|1\n|-boost|p2a: Gogoat|def|1\n|\n|-heal|p2a: Gogoat|219/360|[from] item: Leftovers\n|-damage|p2a: Gogoat|174/360|[from] Salt Cure\n|upkeep\n|turn|16\n|inactive|Time left: 300 sec this turn | 300 sec total\n|\n|t:|1783539888\n|move|p1a: Iron Leaves|Psyblade|p2a: Gogoat\n|-crit|p2a: Gogoat\n|-damage|p2a: Gogoat|0 fnt\n|faint|p2a: Gogoat\n|\n|upkeep\n|inactive|Time left: 300 sec this turn | 300 sec total | 5 sec grace\n|\n|t:|1783539888\n|switch|p2a: Moltres|Moltres, L81|217/278\n|turn|17\n|inactive|Time left: 300 sec this turn | 300 sec total\n|\n|t:|1783539890\n|move|p1a: Iron Leaves|Psyblade|p2a: Moltres\n|-damage|p2a: Moltres|76/278\n|move|p2a: Moltres|Fire Blast|p1a: Iron Leaves\n|-supereffective|p1a: Iron Leaves\n|-damage|p1a: Iron Leaves|21/100\n|\n|upkeep\n|turn|18\n|inactive|Time left: 300 sec this turn | 300 sec total\n|\n|t:|1783539891\n|move|p1a: Iron Leaves|Psyblade|p2a: Moltres\n|-damage|p2a: Moltres|0 fnt\n|faint|p2a: Moltres\n|\n|upkeep\n|inactive|Time left: 300 sec this turn | 300 sec total | 5 sec grace\n|\n|t:|1783539892\n|switch|p2a: Gyarados|Gyarados, L79, M|280/280\n|turn|19\n|inactive|Time left: 300 sec this turn | 300 sec total\n|\n|t:|1783539893\n|move|p1a: Iron Leaves|Psyblade|p2a: Gyarados\n|-damage|p2a: Gyarados|115/280\n|move|p2a: Gyarados|Dragon Dance|p2a: Gyarados\n|-boost|p2a: Gyarados|atk|1\n|-boost|p2a: Gyarados|spe|1\n|\n|upkeep\n|turn|20\n|inactive|Time left: 300 sec this turn | 300 sec total\n|\n|t:|1783539894\n|move|p2a: Gyarados|Waterfall|p1a: Iron Leaves\n|-resisted|p1a: Iron Leaves\n|-damage|p1a: Iron Leaves|0 fnt\n|faint|p1a: Iron Leaves\n|-end|p1a: Iron Leaves|Quark Drive|[silent]\n|-ability|p2a: Gyarados|Moxie|boost\n|-boost|p2a: Gyarados|atk|1\n|\n|upkeep\n|\n|t:|1783539895\n|switch|p1a: Regieleki|Regieleki, L79|100/100\n|turn|21\n|inactive|Time left: 300 sec this turn | 300 sec total\n|\n|t:|1783539896\n|switch|p2a: Diancie|Diancie, L82|116/216\n|move|p1a: Regieleki|Volt Switch|p2a: Diancie\n|-damage|p2a: Diancie|71/216\n|\n|t:|1783539896\n|switch|p1a: Zamazenta|Zamazenta, L71|100/100|[from] Volt Switch\n|-ability|p1a: Zamazenta|Dauntless Shield|boost\n|-boost|p1a: Zamazenta|def|1\n|\n|upkeep\n|turn|22\n|inactive|Time left: 300 sec this turn | 300 sec total\n|\n|t:|1783539897\n|move|p1a: Zamazenta|Body Press|p2a: Diancie\n|-damage|p2a: Diancie|0 fnt\n|faint|p2a: Diancie\n|\n|upkeep\n|inactive|Time left: 300 sec this turn | 300 sec total | 5 sec grace\n|\n|t:|1783539898\n|switch|p2a: Keldeo|Keldeo-Resolute, L79|273/273\n|turn|23\n|inactive|Time left: 300 sec this turn | 300 sec total\n|\n|t:|1783539899\n|move|p1a: Zamazenta|Body Press|p2a: Keldeo\n|-damage|p2a: Keldeo|164/273\n|move|p2a: Keldeo|Hydro Pump|p1a: Zamazenta\n|-damage|p1a: Zamazenta|52/100\n|\n|-heal|p2a: Keldeo|181/273|[from] item: Leftovers\n|upkeep\n|turn|24\n|inactive|Time left: 300 sec this turn | 300 sec total\n|\n|t:|1783539900\n|move|p1a: Zamazenta|Body Press|p2a: Keldeo\n|-damage|p2a: Keldeo|64/273\n|move|p2a: Keldeo|Hydro Pump|p1a: Zamazenta\n|-damage|p1a: Zamazenta|2/100\n|\n|-heal|p2a: Keldeo|81/273|[from] item: Leftovers\n|upkeep\n|turn|25\n|inactive|Time left: 300 sec this turn | 300 sec total\n|\n|t:|1783539901\n|move|p1a: Zamazenta|Rest|p1a: Zamazenta\n|-status|p1a: Zamazenta|slp|[from] move: Rest\n|-heal|p1a: Zamazenta|100/100 slp|[silent]\n|-enditem|p1a: Zamazenta|Chesto Berry|[eat]\n|-curestatus|p1a: Zamazenta|slp|[msg]\n|move|p2a: Keldeo|Substitute|p2a: Keldeo\n|-start|p2a: Keldeo|Substitute\n|-damage|p2a: Keldeo|13/273\n|\n|-heal|p2a: Keldeo|30/273|[from] item: Leftovers\n|upkeep\n|turn|26\n|inactive|Time left: 300 sec this turn | 300 sec total\n|\n|t:|1783539901\n|move|p1a: Zamazenta|Body Press|p2a: Keldeo\n|-end|p2a: Keldeo|Substitute\n|move|p2a: Keldeo|Hydro Pump|p1a: Zamazenta\n|-damage|p1a: Zamazenta|47/100\n|\n|-heal|p2a: Keldeo|47/273|[from] item: Leftovers\n|upkeep\n|turn|27\n|inactive|Time left: 300 sec this turn | 300 sec total\n|\n|t:|1783539902\n|move|p1a: Zamazenta|Body Press|p2a: Keldeo\n|-damage|p2a: Keldeo|0 fnt\n|faint|p2a: Keldeo\n|\n|upkeep\n|inactive|Time left: 300 sec this turn | 300 sec total | 5 sec grace\n|\n|t:|1783539903\n|switch|p2a: Gyarados|Gyarados, L79, M|115/280\n|turn|28\n|inactive|Time left: 300 sec this turn | 300 sec total\n|\n|t:|1783539904\n|move|p1a: Zamazenta|Body Press|p2a: Gyarados\n|-resisted|p2a: Gyarados\n|-damage|p2a: Gyarados|52/280\n|move|p2a: Gyarados|Dragon Dance|p2a: Gyarados\n|-boost|p2a: Gyarados|atk|1\n|-boost|p2a: Gyarados|spe|1\n|\n|upkeep\n|turn|29\n|inactive|Time left: 300 sec this turn | 300 sec total\n|\n|t:|1783539905\n|move|p2a: Gyarados|Waterfall|p1a: Zamazenta\n|-damage|p1a: Zamazenta|12/100\n|move|p1a: Zamazenta|Body Press|p2a: Gyarados\n|-resisted|p2a: Gyarados\n|-damage|p2a: Gyarados|0 fnt\n|faint|p2a: Gyarados\n|\n|upkeep\n|inactive|Time left: 300 sec this turn | 300 sec total | 5 sec grace\n|\n|t:|1783539906\n|switch|p2a: Glalie|Glalie, L96, F|182/309\n|turn|30\n|inactive|Time left: 300 sec this turn | 300 sec total\n|\n|t:|1783539907\n|move|p1a: Zamazenta|Body Press|p2a: Glalie\n|-supereffective|p2a: Glalie\n|-damage|p2a: Glalie|0 fnt\n|faint|p2a: Glalie\n|\n|win|p0x059a911", "uploadtime": 1783539907, "views": 0, "rating": 0, "private": 0, "password": null, "_winner": "p0x059a911", "_our_name": "p0y05923a8"}