{"id": "battle-gen9randombattle-1978", "formatid": "gen9randombattle", "format": "[Gen 9] Random Battle", "players": ["p0x1978c304", "p0y1978e808"], "log": "|init|battle\n|title|p0x1978c304 vs. p0y1978e808\n|j|\u2606p0x1978c304\n|j|\u2606p0y1978e808\n|t:|1783562881\n|gametype|singles\n|player|p1|p0x1978c304|170|\n|player|p2|p0y1978e808|2|\n|gen|9\n|tier|[Gen 9] Random Battle\n|rule|Species Clause: Limit one of each Pok\u00e9mon\n|rule|HP Percentage Mod: HP is shown in percentages\n|rule|Sleep Clause Mod: Limit one foe put to sleep\n|rule|Illusion Level Mod: Illusion disguises the Pok\u00e9mon's true level\n|\n|t:|1783562881\n|teamsize|p1|6\n|teamsize|p2|6\n|start\n|switch|p1a: Regigigas|Regigigas, L84|322/322\n|switch|p2a: Avalugg|Avalugg-Hisui, L90, F|100/100\n|-start|p1a: Regigigas|ability: Slow Start\n|turn|1\n|inactive|Battle timer is ON: inactive players will automatically lose when time's up. (requested by p0x1978c304)\n|inactive|p0y1978e808 also wants the timer to be on.\n|\n|t:|1783562883\n|switch|p1a: Necrozma|Necrozma-Dawn-Wings, L76|272/272\n|move|p2a: Avalugg|Avalanche|p1a: Necrozma\n|-damage|p1a: Necrozma|190/272\n|\n|-heal|p1a: Necrozma|207/272|[from] item: Leftovers\n|upkeep\n|turn|2\n|inactive|Time left: 300 sec this turn | 300 sec total\n|\n|t:|1783562885\n|move|p1a: Necrozma|Moongeist Beam|p2a: Avalugg\n|-damage|p2a: Avalugg|30/100\n|move|p2a: Avalugg|Stone Edge|p1a: Necrozma\n|-damage|p1a: Necrozma|62/272\n|\n|-heal|p1a: Necrozma|79/272|[from] item: Leftovers\n|upkeep\n|turn|3\n|inactive|Time left: 300 sec this turn | 300 sec total\n|\n|t:|1783562886\n|switch|p2a: Smeargle|Smeargle, L95, M|100/100\n|move|p1a: Necrozma|Photon Geyser|p2a: Smeargle\n|-damage|p2a: Smeargle|33/100\n|\n|-heal|p1a: Necrozma|96/272|[from] item: Leftovers\n|upkeep\n|turn|4\n|inactive|Time left: 300 sec this turn | 300 sec total\n|\n|t:|1783562887\n|move|p2a: Smeargle|Sticky Web|p1a: Necrozma\n|-sidestart|p1: p0x1978c304|move: Sticky Web\n|move|p1a: Necrozma|Photon Geyser|p2a: Smeargle\n|-damage|p2a: Smeargle|0 fnt\n|faint|p2a: Smeargle\n|\n|-heal|p1a: Necrozma|113/272|[from] item: Leftovers\n|upkeep\n|\n|t:|1783562888\n|switch|p2a: Ninetales|Ninetales, L85, M|100/100\n|-weather|SunnyDay|[from] ability: Drought|[of] p2a: Ninetales\n|turn|5\n|inactive|Time left: 300 sec this turn | 300 sec total\n|\n|t:|1783562890\n|move|p2a: Ninetales|Fire Blast|p1a: Necrozma|[miss]\n|-miss|p2a: Ninetales|p1a: Necrozma\n|move|p1a: Necrozma|Moongeist Beam|p2a: Ninetales\n|-damage|p2a: Ninetales|56/100\n|\n|-weather|SunnyDay|[upkeep]\n|-heal|p1a: Necrozma|130/272|[from] item: Leftovers\n|upkeep\n|turn|6\n|inactive|Time left: 300 sec this turn | 300 sec total\n|\n|t:|1783562891\n|move|p2a: Ninetales|Fire Blast|p1a: Necrozma\n|-damage|p1a: Necrozma|0 fnt\n|faint|p1a: Necrozma\n|\n|-weather|SunnyDay|[upkeep]\n|upkeep\n|inactive|Time left: 300 sec this turn | 300 sec total | 5 sec grace\n|\n|t:|1783562892\n|switch|p1a: Sandaconda|Sandaconda, L84, F|258/258\n|-activate|p1a: Sandaconda|move: Sticky Web\n|-unboost|p1a: Sandaconda|spe|1\n|turn|7\n|inactive|Time left: 300 sec this turn | 300 sec total\n|\n|t:|1783562893\n|-terastallize|p2a: Ninetales|Grass\n|move|p2a: Ninetales|Solar Beam||[still]\n|-prepare|p2a: Ninetales|Solar Beam\n|-anim|p2a: Ninetales|Solar Beam|p1a: Sandaconda\n|-supereffective|p1a: Sandaconda\n|-damage|p1a: Sandaconda|6/258\n|move|p1a: Sandaconda|Earthquake|p2a: Ninetales\n|-resisted|p2a: Ninetales\n|-damage|p2a: Ninetales|31/100\n|\n|-weather|SunnyDay|[upkeep]\n|upkeep\n|turn|8\n|inactive|Time left: 300 sec this turn | 300 sec total\n|\n|t:|1783562894\n|move|p2a: Ninetales|Solar Beam||[still]\n|-prepare|p2a: Ninetales|Solar Beam\n|-anim|p2a: Ninetales|Solar Beam|p1a: Sandaconda\n|-supereffective|p1a: Sandaconda\n|-damage|p1a: Sandaconda|0 fnt\n|faint|p1a: Sandaconda\n|\n|-weather|SunnyDay|[upkeep]\n|upkeep\n|inactive|Time left: 300 sec this turn | 300 sec total | 5 sec grace\n|\n|t:|1783562895\n|switch|p1a: Breloom|Breloom, L83, F|235/235\n|-activate|p1a: Breloom|move: Sticky Web\n|-unboost|p1a: Breloom|spe|1\n|turn|9\n|inactive|Time left: 300 sec this turn | 300 sec total\n|\n|t:|1783562896\n|move|p1a: Breloom|Mach Punch|p2a: Ninetales\n|-damage|p2a: Ninetales|0 fnt\n|faint|p2a: Ninetales\n|-damage|p1a: Breloom|212/235|[from] item: Life Orb\n|\n|-weather|none\n|upkeep\n|\n|t:|1783562897\n|switch|p2a: Medicham|Medicham, L86, F|100/100\n|turn|10\n|inactive|Time left: 300 sec this turn | 300 sec total\n|\n|t:|1783562898\n|move|p2a: Medicham|Close Combat|p1a: Breloom\n|-damage|p1a: Breloom|0 fnt\n|-unboost|p2a: Medicham|def|1\n|-unboost|p2a: Medicham|spd|1\n|faint|p1a: Breloom\n|\n|upkeep\n|inactive|Time left: 300 sec this turn | 300 sec total | 5 sec grace\n|\n|t:|1783562899\n|switch|p1a: Delibird|Delibird, M|252/252\n|turn|11\n|inactive|Time left: 300 sec this turn | 300 sec total\n|\n|t:|1783562900\n|switch|p2a: Avalugg|Avalugg-Hisui, L90, F|30/100\n|move|p1a: Delibird|Brave Bird|p2a: Avalugg\n|-resisted|p2a: Avalugg\n|-damage|p2a: Avalugg|16/100\n|-damage|p1a: Delibird|238/252|[from] Recoil\n|\n|upkeep\n|turn|12\n|inactive|Time left: 300 sec this turn | 300 sec total\n|\n|t:|1783562901\n|move|p1a: Delibird|Drill Run|p2a: Avalugg\n|-supereffective|p2a: Avalugg\n|-damage|p2a: Avalugg|0 fnt\n|faint|p2a: Avalugg\n|\n|upkeep\n|\n|t:|1783562902\n|switch|p2a: Gardevoir|Gardevoir, L83, F|100/100\n|-ability|p2a: Gardevoir|Hustle|Trace|[from] ability: Trace|[of] p1a: Delibird\n|turn|13\n|inactive|Time left: 300 sec this turn | 300 sec total\n|\n|t:|1783562903\n|move|p2a: Gardevoir|Moonblast|p1a: Delibird\n|-damage|p1a: Delibird|82/252\n|move|p1a: Delibird|Ice Spinner|p2a: Gardevoir\n|-damage|p2a: Gardevoir|37/100\n|\n|upkeep\n|turn|14\n|inactive|Time left: 300 sec this turn | 300 sec total\n|\n|t:|1783562904\n|switch|p1a: Regigigas|Regigigas, L84|322/322\n|-activate|p1a: Regigigas|move: Sticky Web\n|-unboost|p1a: Regigigas|spe|1\n|-start|p1a: Regigigas|ability: Slow Start\n|move|p2a: Gardevoir|Moonblast|p1a: Regigigas\n|-damage|p1a: Regigigas|225/322\n|\n|-heal|p1a: Regigigas|245/322|[from] item: Leftovers\n|upkeep\n|turn|15\n|inactive|Time left: 300 sec this turn | 300 sec total\n|\n|t:|1783562905\n|move|p2a: Gardevoir|Moonblast|p1a: Regigigas\n|-damage|p1a: Regigigas|140/322\n|move|p1a: Regigigas|Body Slam|p2a: Gardevoir\n|-damage|p2a: Gardevoir|5/100\n|-status|p2a: Gardevoir|par\n|\n|-heal|p1a: Regigigas|160/322|[from] item: Leftovers\n|upkeep\n|turn|16\n|inactive|Time left: 300 sec this turn | 300 sec total\n|\n|t:|1783562907\n|move|p2a: Gardevoir|Moonblast|p1a: Regigigas\n|-damage|p1a: Regigigas|49/322\n|-unboost|p1a: Regigigas|spa|1\n|move|p1a: Regigigas|Body Slam|p2a: Gardevoir\n|-crit|p2a: Gardevoir\n|-damage|p2a: Gardevoir|0 fnt\n|faint|p2a: Gardevoir\n|\n|-heal|p1a: Regigigas|69/322|[from] item: Leftovers\n|upkeep\n|\n|t:|1783562908\n|switch|p2a: Cinccino|Cinccino, L83, M|100/100\n|turn|17\n|inactive|Time left: 300 sec this turn | 300 sec total\n|\n|t:|1783562909\n|move|p2a: Cinccino|Bullet Seed|p1a: Regigigas\n|-damage|p1a: Regigigas|49/322\n|-damage|p1a: Regigigas|28/322\n|-damage|p1a: Regigigas|4/322\n|-damage|p1a: Regigigas|0 fnt\n|faint|p1a: Regigigas\n|-end|p1a: Regigigas|Slow Start|[silent]\n|-hitcount|p1: Regigigas|4\n|\n|upkeep\n|inactive|Time left: 300 sec this turn | 300 sec total | 5 sec grace\n|\n|t:|1783562910\n|switch|p1a: Skuntank|Skuntank, L84, F|310/310\n|-activate|p1a: Skuntank|move: Sticky Web\n|-unboost|p1a: Skuntank|spe|1\n|turn|18\n|inactive|Time left: 300 sec this turn | 300 sec total\n|\n|t:|1783562911\n|move|p2a: Cinccino|Tail Slap|p1a: Skuntank\n|-damage|p1a: Skuntank|267/310\n|-damage|p1a: Skuntank|224/310\n|-damage|p1a: Skuntank|179/310\n|-damage|p1a: Skuntank|133/310\n|-damage|p1a: Skuntank|90/310\n|-hitcount|p1a: Skuntank|5\n|move|p1a: Skuntank|Knock Off|p2a: Cinccino\n|-damage|p2a: Cinccino|39/100\n|-enditem|p2a: Cinccino|Loaded Dice|[from] move: Knock Off|[of] p1a: Skuntank\n|-damage|p1a: Skuntank|59/310|[from] item: Life Orb\n|\n|upkeep\n|turn|19\n|inactive|Time left: 300 sec this turn | 300 sec total\n|\n|t:|1783562912\n|move|p2a: Cinccino|Triple Axel|p1a: Skuntank|[miss]\n|-miss|p2a: Cinccino|p1a: Skuntank\n|move|p1a: Skuntank|Fire Blast|p2a: Cinccino\n|-damage|p2a: Cinccino|0 fnt\n|faint|p2a: Cinccino\n|-damage|p1a: Skuntank|28/310|[from] item: Life Orb\n|\n|upkeep\n|\n|t:|1783562913\n|switch|p2a: Medicham|Medicham, L86, F|100/100\n|turn|20\n|inactive|Time left: 300 sec this turn | 300 sec total\n|\n|t:|1783562914\n|-terastallize|p1a: Skuntank|Dark\n|move|p2a: Medicham|Bullet Punch|p1a: Skuntank\n|-damage|p1a: Skuntank|0 fnt\n|-damage|p2a: Medicham|76/100|[from] ability: Aftermath|[of] p1a: Skuntank\n|faint|p1a: Skuntank\n|\n|upkeep\n|inactive|Time left: 300 sec this turn | 300 sec total | 5 sec grace\n|\n|t:|1783562915\n|switch|p1a: Delibird|Delibird, M|82/252\n|turn|21\n|inactive|Time left: 300 sec this turn | 300 sec total\n|\n|t:|1783562916\n|move|p2a: Medicham|Bullet Punch|p1a: Delibird\n|-supereffective|p1a: Delibird\n|-damage|p1a: Delibird|0 fnt\n|faint|p1a: Delibird\n|\n|win|p0y1978e808", "uploadtime": 1783562916, "views": 0, "rating": 0, "private": 0, "password": null, "_winner": "p0y1978e808", "_our_name": "p0x1978c304"}