{"id": "battle-gen9randombattle-1625", "formatid": "gen9randombattle", "format": "[Gen 9] Random Battle", "players": ["p0x16253431", "p0y16250988"], "log": "|init|battle\n|title|p0x16253431 vs. p0y16250988\n|j|\u2606p0x16253431\n|j|\u2606p0y16250988\n|t:|1783558799\n|gametype|singles\n|player|p1|p0x16253431|102|\n|player|p2|p0y16250988|102|\n|gen|9\n|tier|[Gen 9] Random Battle\n|rule|Species Clause: Limit one of each Pok\u00e9mon\n|rule|HP Percentage Mod: HP is shown in percentages\n|rule|Sleep Clause Mod: Limit one foe put to sleep\n|rule|Illusion Level Mod: Illusion disguises the Pok\u00e9mon's true level\n|\n|t:|1783558799\n|teamsize|p1|6\n|teamsize|p2|6\n|start\n|switch|p1a: Lapras|Lapras, L87, F|100/100\n|switch|p2a: Typhlosion|Typhlosion, L84, M|267/267\n|turn|1\n|inactive|Battle timer is ON: inactive players will automatically lose when time's up. (requested by p0y16250988)\n|inactive|p0x16253431 also wants the timer to be on.\n|\n|t:|1783558800\n|move|p2a: Typhlosion|Eruption|p1a: Lapras\n|-damage|p1a: Lapras|36/100\n|move|p1a: Lapras|Sparkling Aria|p2a: Typhlosion\n|-supereffective|p2a: Typhlosion\n|-damage|p2a: Typhlosion|75/267\n|\n|upkeep\n|turn|2\n|inactive|Time left: 300 sec this turn | 300 sec total\n|\n|t:|1783558801\n|move|p2a: Typhlosion|Eruption|p1a: Lapras\n|-crit|p1a: Lapras\n|-damage|p1a: Lapras|0 fnt\n|faint|p1a: Lapras\n|\n|upkeep\n|\n|t:|1783558802\n|switch|p1a: Golurk|Golurk, L87|100/100\n|turn|3\n|inactive|Time left: 300 sec this turn | 300 sec total\n|\n|t:|1783558803\n|move|p2a: Typhlosion|Eruption|p1a: Golurk\n|-damage|p1a: Golurk|64/100\n|move|p1a: Golurk|Poltergeist|p2a: Typhlosion\n|-activate|p2a: Typhlosion|move: Poltergeist|Choice Specs\n|-damage|p2a: Typhlosion|0 fnt\n|faint|p2a: Typhlosion\n|\n|upkeep\n|inactive|Time left: 300 sec this turn | 300 sec total | 5 sec grace\n|\n|t:|1783558804\n|switch|p2a: Bombirdier|Bombirdier, L85, M|258/258\n|turn|4\n|inactive|Time left: 300 sec this turn | 300 sec total\n|\n|t:|1783558805\n|switch|p1a: Gyarados|Gyarados, L79, M|100/100\n|-ability|p1a: Gyarados|Intimidate|boost\n|-unboost|p2a: Bombirdier|atk|1\n|move|p2a: Bombirdier|Knock Off|p1a: Gyarados\n|-damage|p1a: Gyarados|68/100\n|-enditem|p1a: Gyarados|Heavy-Duty Boots|[from] move: Knock Off|[of] p2a: Bombirdier\n|\n|upkeep\n|turn|5\n|inactive|Time left: 300 sec this turn | 300 sec total\n|\n|t:|1783558806\n|move|p2a: Bombirdier|Brave Bird|p1a: Gyarados\n|-damage|p1a: Gyarados|33/100\n|-damage|p2a: Bombirdier|225/258|[from] Recoil\n|move|p1a: Gyarados|Dragon Dance|p1a: Gyarados\n|-boost|p1a: Gyarados|atk|1\n|-boost|p1a: Gyarados|spe|1\n|\n|upkeep\n|turn|6\n|inactive|Time left: 300 sec this turn | 300 sec total\n|\n|t:|1783558807\n|move|p1a: Gyarados|Waterfall|p2a: Bombirdier\n|-damage|p2a: Bombirdier|83/258\n|move|p2a: Bombirdier|Brave Bird|p1a: Gyarados\n|-damage|p1a: Gyarados|0 fnt\n|faint|p1a: Gyarados\n|-damage|p2a: Bombirdier|53/258|[from] Recoil\n|\n|upkeep\n|\n|t:|1783558808\n|switch|p1a: Appletun|Appletun, L92, F|100/100\n|turn|7\n|inactive|Time left: 300 sec this turn | 300 sec total\n|\n|t:|1783558809\n|move|p2a: Bombirdier|Roost|p2a: Bombirdier\n|-heal|p2a: Bombirdier|182/258\n|-singleturn|p2a: Bombirdier|move: Roost\n|move|p1a: Appletun|Apple Acid|p2a: Bombirdier\n|-damage|p2a: Bombirdier|83/258\n|-unboost|p2a: Bombirdier|spd|1\n|\n|upkeep\n|turn|8\n|inactive|Time left: 300 sec this turn | 300 sec total\n|\n|t:|1783558810\n|switch|p2a: Goodra|Goodra, L85, M|292/292\n|move|p1a: Appletun|Dragon Pulse|p2a: Goodra\n|-supereffective|p2a: Goodra\n|-damage|p2a: Goodra|194/292\n|\n|upkeep\n|turn|9\n|inactive|Time left: 300 sec this turn | 300 sec total\n|\n|t:|1783558811\n|move|p2a: Goodra|Knock Off|p1a: Appletun\n|-damage|p1a: Appletun|79/100\n|-enditem|p1a: Appletun|Leftovers|[from] move: Knock Off|[of] p2a: Goodra\n|move|p1a: Appletun|Dragon Pulse|p2a: Goodra\n|-supereffective|p2a: Goodra\n|-damage|p2a: Goodra|108/292\n|\n|upkeep\n|turn|10\n|inactive|Time left: 300 sec this turn | 300 sec total\n|\n|t:|1783558813\n|move|p2a: Goodra|Draco Meteor|p1a: Appletun\n|-supereffective|p1a: Appletun\n|-damage|p1a: Appletun|0 fnt\n|-unboost|p2a: Goodra|spa|2\n|faint|p1a: Appletun\n|\n|upkeep\n|\n|t:|1783558814\n|switch|p1a: Toucannon|Toucannon, L88, F|100/100\n|turn|11\n|inactive|Time left: 300 sec this turn | 300 sec total\n|\n|t:|1783558815\n|-singleturn|p1a: Toucannon|move: Beak Blast\n|move|p2a: Goodra|Knock Off|p1a: Toucannon\n|-damage|p1a: Toucannon|74/100\n|-status|p2a: Goodra|brn\n|-enditem|p1a: Toucannon|Heavy-Duty Boots|[from] move: Knock Off|[of] p2a: Goodra\n|move|p1a: Toucannon|Beak Blast|p2a: Goodra\n|-damage|p2a: Goodra|0 fnt\n|faint|p2a: Goodra\n|\n|upkeep\n|inactive|Time left: 300 sec this turn | 300 sec total | 5 sec grace\n|\n|t:|1783558816\n|switch|p2a: Ceruledge|Ceruledge, L78, M|245/245\n|turn|12\n|inactive|Time left: 300 sec this turn | 300 sec total\n|\n|t:|1783558817\n|-singleturn|p1a: Toucannon|move: Beak Blast\n|move|p2a: Ceruledge|Swords Dance|p2a: Ceruledge\n|-boost|p2a: Ceruledge|atk|2\n|move|p1a: Toucannon|Beak Blast|p2a: Ceruledge\n|-damage|p2a: Ceruledge|92/245\n|-ability|p2a: Ceruledge|Weak Armor|boost\n|-unboost|p2a: Ceruledge|def|1\n|-boost|p2a: Ceruledge|spe|2\n|\n|upkeep\n|turn|13\n|inactive|Time left: 300 sec this turn | 300 sec total\n|\n|t:|1783558818\n|-singleturn|p1a: Toucannon|move: Beak Blast\n|move|p2a: Ceruledge|Bitter Blade|p1a: Toucannon\n|-damage|p1a: Toucannon|0 fnt\n|-heal|p2a: Ceruledge|197/245|[from] drain|[of] p1a: Toucannon\n|faint|p1a: Toucannon\n|\n|upkeep\n|\n|t:|1783558819\n|switch|p1a: Piloswine|Piloswine, L85, F|100/100\n|turn|14\n|inactive|Time left: 300 sec this turn | 300 sec total\n|\n|t:|1783558820\n|-terastallize|p2a: Ceruledge|Ghost\n|-terastallize|p1a: Piloswine|Dragon\n|move|p2a: Ceruledge|Poltergeist|p1a: Piloswine|[miss]\n|-miss|p2a: Ceruledge|p1a: Piloswine\n|move|p1a: Piloswine|Earthquake|p2a: Ceruledge\n|-damage|p2a: Ceruledge|8/245\n|-ability|p2a: Ceruledge|Weak Armor|boost\n|-unboost|p2a: Ceruledge|def|1\n|-boost|p2a: Ceruledge|spe|2\n|\n|upkeep\n|turn|15\n|inactive|Time left: 300 sec this turn | 300 sec total\n|\n|t:|1783558821\n|move|p2a: Ceruledge|Poltergeist|p1a: Piloswine\n|-activate|p1a: Piloswine|move: Poltergeist|Eviolite\n|-damage|p1a: Piloswine|23/100\n|move|p1a: Piloswine|Roar|p2a: Ceruledge\n|drag|p2a: Jolteon|Jolteon, L84, F|246/246\n|\n|upkeep\n|turn|16\n|inactive|Time left: 300 sec this turn | 300 sec total\n|\n|t:|1783558822\n|switch|p2a: Bombirdier|Bombirdier, L85, M|83/258\n|move|p1a: Piloswine|Icicle Crash|p2a: Bombirdier|[miss]\n|-miss|p1a: Piloswine|p2a: Bombirdier\n|\n|upkeep\n|turn|17\n|inactive|Time left: 300 sec this turn | 300 sec total\n|\n|t:|1783558823\n|move|p2a: Bombirdier|Knock Off|p1a: Piloswine\n|-damage|p1a: Piloswine|0 fnt\n|-enditem|p1a: Piloswine|Eviolite|[from] move: Knock Off|[of] p2a: Bombirdier\n|faint|p1a: Piloswine\n|\n|upkeep\n|\n|t:|1783558824\n|switch|p1a: Golurk|Golurk, L87|64/100\n|turn|18\n|inactive|Time left: 300 sec this turn | 300 sec total\n|\n|t:|1783558825\n|move|p2a: Bombirdier|Knock Off|p1a: Golurk\n|-supereffective|p1a: Golurk\n|-damage|p1a: Golurk|0 fnt\n|-enditem|p1a: Golurk|Choice Band|[from] move: Knock Off|[of] p2a: Bombirdier\n|faint|p1a: Golurk\n|\n|win|p0y16250988", "uploadtime": 1783558825, "views": 0, "rating": 0, "private": 0, "password": null, "_winner": "p0y16250988", "_our_name": "p0y16250988"}