{"id": "battle-gen9randombattle-1925", "formatid": "gen9randombattle", "format": "[Gen 9] Random Battle", "players": ["p0x19252a73", "p0y19250660"], "log": "|init|battle\n|title|p0x19252a73 vs. p0y19250660\n|j|\u2606p0x19252a73\n|j|\u2606p0y19250660\n|t:|1783561544\n|gametype|singles\n|player|p1|p0x19252a73|101|\n|player|p2|p0y19250660|170|\n|gen|9\n|tier|[Gen 9] Random Battle\n|rule|Species Clause: Limit one of each Pok\u00e9mon\n|rule|HP Percentage Mod: HP is shown in percentages\n|rule|Sleep Clause Mod: Limit one foe put to sleep\n|rule|Illusion Level Mod: Illusion disguises the Pok\u00e9mon's true level\n|\n|t:|1783561544\n|teamsize|p1|6\n|teamsize|p2|6\n|start\n|switch|p1a: Hoopa|Hoopa-Unbound, L80|259/259\n|switch|p2a: Dewgong|Dewgong, L94, M|100/100\n|turn|1\n|inactive|Battle timer is ON: inactive players will automatically lose when time's up. (requested by p0x19252a73)\n|inactive|p0y19250660 also wants the timer to be on.\n|\n|t:|1783561545\n|move|p2a: Dewgong|Ice Beam|p1a: Hoopa\n|-damage|p1a: Hoopa|183/259\n|move|p1a: Hoopa|Hyperspace Fury|p2a: Dewgong\n|-damage|p2a: Dewgong|35/100\n|-unboost|p1a: Hoopa|def|1\n|\n|upkeep\n|turn|2\n|inactive|Time left: 300 sec this turn | 300 sec total\n|\n|t:|1783561547\n|move|p2a: Dewgong|Knock Off|p1a: Hoopa\n|-damage|p1a: Hoopa|47/259\n|-enditem|p1a: Hoopa|Choice Band|[from] move: Knock Off|[of] p2a: Dewgong\n|move|p1a: Hoopa|Hyperspace Fury|p2a: Dewgong\n|-damage|p2a: Dewgong|0 fnt\n|-unboost|p1a: Hoopa|def|1\n|faint|p2a: Dewgong\n|-item|p1a: Hoopa|Assault Vest|[from] ability: Magician|[of] p2: Dewgong\n|\n|upkeep\n|\n|t:|1783561547\n|switch|p2a: Persian|Persian, L92, F|100/100\n|turn|3\n|inactive|Time left: 300 sec this turn | 300 sec total\n|\n|t:|1783561548\n|switch|p1a: Porygon2|Porygon2, L81|270/270\n|-ability|p1a: Porygon2|Download|boost\n|-boost|p1a: Porygon2|atk|1\n|move|p2a: Persian|Knock Off|p1a: Porygon2\n|-damage|p1a: Porygon2|203/270\n|-enditem|p1a: Porygon2|Eviolite|[from] move: Knock Off|[of] p2a: Persian\n|\n|upkeep\n|turn|4\n|inactive|Time left: 300 sec this turn | 300 sec total\n|\n|t:|1783561549\n|switch|p2a: Araquanid|Araquanid, L82, M|100/100\n|move|p1a: Porygon2|Recover|p1a: Porygon2\n|-heal|p1a: Porygon2|270/270\n|\n|upkeep\n|turn|5\n|inactive|Time left: 300 sec this turn | 300 sec total\n|\n|t:|1783561550\n|move|p1a: Porygon2|Tri Attack|p2a: Araquanid\n|-damage|p2a: Araquanid|77/100\n|move|p2a: Araquanid|Sticky Web|p1a: Porygon2\n|-sidestart|p1: p0x19252a73|move: Sticky Web\n|\n|upkeep\n|turn|6\n|inactive|Time left: 300 sec this turn | 300 sec total\n|\n|t:|1783561551\n|move|p1a: Porygon2|Tri Attack|p2a: Araquanid\n|-damage|p2a: Araquanid|49/100\n|-status|p2a: Araquanid|par\n|move|p2a: Araquanid|Liquidation|p1a: Porygon2\n|-damage|p1a: Porygon2|131/270\n|-unboost|p1a: Porygon2|def|1\n|\n|upkeep\n|turn|7\n|inactive|Time left: 300 sec this turn | 300 sec total\n|\n|t:|1783561552\n|move|p1a: Porygon2|Recover|p1a: Porygon2\n|-heal|p1a: Porygon2|266/270\n|move|p2a: Araquanid|Liquidation|p1a: Porygon2\n|-damage|p1a: Porygon2|44/270\n|-unboost|p1a: Porygon2|def|1\n|\n|upkeep\n|turn|8\n|inactive|Time left: 300 sec this turn | 300 sec total\n|\n|t:|1783561553\n|move|p1a: Porygon2|Tri Attack|p2a: Araquanid\n|-damage|p2a: Araquanid|22/100 par\n|move|p2a: Araquanid|Liquidation|p1a: Porygon2\n|-damage|p1a: Porygon2|0 fnt\n|faint|p1a: Porygon2\n|\n|upkeep\n|inactive|Time left: 300 sec this turn | 300 sec total | 5 sec grace\n|\n|t:|1783561554\n|switch|p1a: Hoopa|Hoopa-Unbound, L80|47/259\n|-activate|p1a: Hoopa|move: Sticky Web\n|-unboost|p1a: Hoopa|spe|1\n|turn|9\n|inactive|Time left: 300 sec this turn | 300 sec total\n|\n|t:|1783561555\n|move|p1a: Hoopa|Hyperspace Fury|p2a: Araquanid\n|-damage|p2a: Araquanid|0 fnt\n|-unboost|p1a: Hoopa|def|1\n|faint|p2a: Araquanid\n|\n|upkeep\n|\n|t:|1783561556\n|switch|p2a: Persian|Persian, L92, F|100/100\n|turn|10\n|inactive|Time left: 300 sec this turn | 300 sec total\n|\n|t:|1783561556\n|move|p2a: Persian|Knock Off|p1a: Hoopa\n|-damage|p1a: Hoopa|0 fnt\n|-enditem|p1a: Hoopa|Assault Vest|[from] move: Knock Off|[of] p2a: Persian\n|faint|p1a: Hoopa\n|\n|upkeep\n|inactive|Time left: 300 sec this turn | 300 sec total | 5 sec grace\n|\n|t:|1783561557\n|switch|p1a: Bastiodon|Bastiodon, L89, F|252/252\n|-activate|p1a: Bastiodon|move: Sticky Web\n|-unboost|p1a: Bastiodon|spe|1\n|turn|11\n|inactive|Time left: 300 sec this turn | 300 sec total\n|\n|t:|1783561558\n|switch|p2a: Hippowdon|Hippowdon, L82, M|100/100\n|-weather|Sandstorm|[from] ability: Sand Stream|[of] p2a: Hippowdon\n|move|p1a: Bastiodon|Iron Defense|p1a: Bastiodon\n|-boost|p1a: Bastiodon|def|2\n|\n|-weather|Sandstorm|[upkeep]\n|upkeep\n|turn|12\n|inactive|Time left: 300 sec this turn | 300 sec total\n|\n|t:|1783561559\n|move|p2a: Hippowdon|Curse|p2a: Hippowdon\n|-unboost|p2a: Hippowdon|spe|1\n|-boost|p2a: Hippowdon|atk|1\n|-boost|p2a: Hippowdon|def|1\n|move|p1a: Bastiodon|Body Press|p2a: Hippowdon\n|-damage|p2a: Hippowdon|68/100\n|\n|-weather|Sandstorm|[upkeep]\n|-heal|p2a: Hippowdon|74/100|[from] item: Leftovers\n|upkeep\n|turn|13\n|inactive|Time left: 300 sec this turn | 300 sec total\n|\n|t:|1783561561\n|-terastallize|p1a: Bastiodon|Fighting\n|move|p2a: Hippowdon|Earthquake|p1a: Bastiodon\n|-damage|p1a: Bastiodon|206/252\n|move|p1a: Bastiodon|Body Press|p2a: Hippowdon\n|-damage|p2a: Hippowdon|22/100\n|\n|-weather|Sandstorm|[upkeep]\n|-damage|p1a: Bastiodon|191/252|[from] Sandstorm\n|-heal|p2a: Hippowdon|28/100|[from] item: Leftovers\n|upkeep\n|turn|14\n|inactive|Time left: 300 sec this turn | 300 sec total\n|\n|t:|1783561562\n|move|p2a: Hippowdon|Slack Off|p2a: Hippowdon\n|-heal|p2a: Hippowdon|79/100\n|move|p1a: Bastiodon|Body Press|p2a: Hippowdon\n|-damage|p2a: Hippowdon|24/100\n|\n|-weather|Sandstorm|[upkeep]\n|-damage|p1a: Bastiodon|176/252|[from] Sandstorm\n|-heal|p2a: Hippowdon|30/100|[from] item: Leftovers\n|upkeep\n|turn|15\n|inactive|Time left: 300 sec this turn | 300 sec total\n|\n|t:|1783561563\n|move|p2a: Hippowdon|Slack Off|p2a: Hippowdon\n|-heal|p2a: Hippowdon|81/100\n|move|p1a: Bastiodon|Body Press|p2a: Hippowdon\n|-damage|p2a: Hippowdon|33/100\n|\n|-weather|none\n|-heal|p2a: Hippowdon|39/100|[from] item: Leftovers\n|upkeep\n|turn|16\n|inactive|Time left: 300 sec this turn | 300 sec total\n|\n|t:|1783561564\n|move|p2a: Hippowdon|Slack Off|p2a: Hippowdon\n|-heal|p2a: Hippowdon|89/100\n|move|p1a: Bastiodon|Body Press|p2a: Hippowdon\n|-damage|p2a: Hippowdon|37/100\n|\n|-heal|p2a: Hippowdon|43/100|[from] item: Leftovers\n|upkeep\n|turn|17\n|inactive|Time left: 300 sec this turn | 300 sec total\n|\n|t:|1783561565\n|move|p2a: Hippowdon|Slack Off|p2a: Hippowdon\n|-heal|p2a: Hippowdon|93/100\n|move|p1a: Bastiodon|Body Press|p2a: Hippowdon\n|-damage|p2a: Hippowdon|46/100\n|\n|-heal|p2a: Hippowdon|52/100|[from] item: Leftovers\n|upkeep\n|turn|18\n|inactive|Time left: 300 sec this turn | 300 sec total\n|\n|t:|1783561566\n|move|p2a: Hippowdon|Slack Off|p2a: Hippowdon\n|-heal|p2a: Hippowdon|100/100\n|move|p1a: Bastiodon|Body Press|p2a: Hippowdon\n|-damage|p2a: Hippowdon|46/100\n|\n|-heal|p2a: Hippowdon|53/100|[from] item: Leftovers\n|upkeep\n|turn|19\n|inactive|Time left: 300 sec this turn | 300 sec total\n|\n|t:|1783561566\n|move|p2a: Hippowdon|Slack Off|p2a: Hippowdon\n|-heal|p2a: Hippowdon|100/100\n|move|p1a: Bastiodon|Body Press|p2a: Hippowdon\n|-damage|p2a: Hippowdon|48/100\n|\n|-heal|p2a: Hippowdon|54/100|[from] item: Leftovers\n|upkeep\n|turn|20\n|inactive|Time left: 300 sec this turn | 300 sec total\n|\n|t:|1783561567\n|move|p2a: Hippowdon|Slack Off|p2a: Hippowdon\n|-heal|p2a: Hippowdon|100/100\n|move|p1a: Bastiodon|Body Press|p2a: Hippowdon\n|-crit|p2a: Hippowdon\n|-damage|p2a: Hippowdon|0 fnt\n|faint|p2a: Hippowdon\n|\n|upkeep\n|\n|t:|1783561568\n|switch|p2a: Regigigas|Regigigas, L84|100/100\n|-start|p2a: Regigigas|ability: Slow Start\n|turn|21\n|inactive|Time left: 300 sec this turn | 300 sec total\n|\n|t:|1783561569\n|move|p2a: Regigigas|Substitute|p2a: Regigigas\n|-start|p2a: Regigigas|Substitute\n|-damage|p2a: Regigigas|76/100\n|move|p1a: Bastiodon|Body Press|p2a: Regigigas\n|-supereffective|p2a: Regigigas\n|-end|p2a: Regigigas|Substitute\n|\n|-heal|p2a: Regigigas|82/100|[from] item: Leftovers\n|upkeep\n|turn|22\n|inactive|Time left: 300 sec this turn | 300 sec total\n|\n|t:|1783561570\n|move|p2a: Regigigas|Protect|p2a: Regigigas\n|-singleturn|p2a: Regigigas|Protect\n|move|p1a: Bastiodon|Body Press|p2a: Regigigas\n|-activate|p2a: Regigigas|move: Protect\n|\n|-heal|p2a: Regigigas|88/100|[from] item: Leftovers\n|upkeep\n|turn|23\n|inactive|Time left: 300 sec this turn | 300 sec total\n|\n|t:|1783561571\n|move|p2a: Regigigas|Substitute|p2a: Regigigas\n|-start|p2a: Regigigas|Substitute\n|-damage|p2a: Regigigas|63/100\n|move|p1a: Bastiodon|Body Press|p2a: Regigigas\n|-supereffective|p2a: Regigigas\n|-end|p2a: Regigigas|Substitute\n|\n|-heal|p2a: Regigigas|69/100|[from] item: Leftovers\n|upkeep\n|turn|24\n|inactive|Time left: 300 sec this turn | 300 sec total\n|\n|t:|1783561572\n|move|p2a: Regigigas|Protect|p2a: Regigigas\n|-singleturn|p2a: Regigigas|Protect\n|move|p1a: Bastiodon|Body Press|p2a: Regigigas\n|-activate|p2a: Regigigas|move: Protect\n|\n|-heal|p2a: Regigigas|76/100|[from] item: Leftovers\n|upkeep\n|turn|25\n|inactive|Time left: 300 sec this turn | 300 sec total\n|\n|t:|1783561573\n|move|p2a: Regigigas|Substitute|p2a: Regigigas\n|-start|p2a: Regigigas|Substitute\n|-damage|p2a: Regigigas|51/100\n|move|p1a: Bastiodon|Body Press|p2a: Regigigas\n|-supereffective|p2a: Regigigas\n|-end|p2a: Regigigas|Substitute\n|\n|-heal|p2a: Regigigas|57/100|[from] item: Leftovers\n|-end|p2a: Regigigas|Slow Start\n|upkeep\n|turn|26\n|inactive|Time left: 300 sec this turn | 300 sec total\n|\n|t:|1783561574\n|move|p2a: Regigigas|Protect|p2a: Regigigas\n|-singleturn|p2a: Regigigas|Protect\n|move|p1a: Bastiodon|Body Press|p2a: Regigigas\n|-activate|p2a: Regigigas|move: Protect\n|\n|-heal|p2a: Regigigas|63/100|[from] item: Leftovers\n|upkeep\n|turn|27\n|inactive|Time left: 300 sec this turn | 300 sec total\n|\n|t:|1783561575\n|move|p2a: Regigigas|Knock Off|p1a: Bastiodon\n|-resisted|p1a: Bastiodon\n|-damage|p1a: Bastiodon|161/252\n|-enditem|p1a: Bastiodon|Chesto Berry|[from] move: Knock Off|[of] p2a: Regigigas\n|move|p1a: Bastiodon|Body Press|p2a: Regigigas\n|-supereffective|p2a: Regigigas\n|-damage|p2a: Regigigas|0 fnt\n|faint|p2a: Regigigas\n|-end|p2a: Regigigas|Slow Start|[silent]\n|\n|upkeep\n|\n|t:|1783561576\n|switch|p2a: Frosmoth|Frosmoth, L82, M|100/100\n|turn|28\n|inactive|Time left: 300 sec this turn | 300 sec total\n|\n|t:|1783561577\n|move|p2a: Frosmoth|Quiver Dance|p2a: Frosmoth\n|-boost|p2a: Frosmoth|spa|1\n|-boost|p2a: Frosmoth|spd|1\n|-boost|p2a: Frosmoth|spe|1\n|move|p1a: Bastiodon|Foul Play|p2a: Frosmoth\n|-damage|p2a: Frosmoth|79/100\n|\n|upkeep\n|turn|29\n|inactive|Time left: 300 sec this turn | 300 sec total\n|\n|t:|1783561578\n|move|p2a: Frosmoth|Quiver Dance|p2a: Frosmoth\n|-boost|p2a: Frosmoth|spa|1\n|-boost|p2a: Frosmoth|spd|1\n|-boost|p2a: Frosmoth|spe|1\n|move|p1a: Bastiodon|Foul Play|p2a: Frosmoth\n|-damage|p2a: Frosmoth|60/100\n|\n|upkeep\n|turn|30\n|inactive|Time left: 300 sec this turn | 300 sec total\n|\n|t:|1783561579\n|move|p2a: Frosmoth|Giga Drain|p1a: Bastiodon\n|-damage|p1a: Bastiodon|76/252\n|-heal|p2a: Frosmoth|77/100|[from] drain|[of] p1a: Bastiodon\n|move|p1a: Bastiodon|Foul Play|p2a: Frosmoth\n|-damage|p2a: Frosmoth|57/100\n|\n|upkeep\n|turn|31\n|inactive|Time left: 300 sec this turn | 300 sec total\n|\n|t:|1783561580\n|move|p2a: Frosmoth|Quiver Dance|p2a: Frosmoth\n|-boost|p2a: Frosmoth|spa|1\n|-boost|p2a: Frosmoth|spd|1\n|-boost|p2a: Frosmoth|spe|1\n|move|p1a: Bastiodon|Foul Play|p2a: Frosmoth\n|-damage|p2a: Frosmoth|36/100\n|\n|upkeep\n|turn|32\n|inactive|Time left: 300 sec this turn | 300 sec total\n|\n|t:|1783561581\n|move|p2a: Frosmoth|Giga Drain|p1a: Bastiodon\n|-damage|p1a: Bastiodon|0 fnt\n|-heal|p2a: Frosmoth|51/100|[from] drain|[of] p1a: Bastiodon\n|faint|p1a: Bastiodon\n|\n|upkeep\n|inactive|Time left: 300 sec this turn | 300 sec total | 5 sec grace\n|\n|t:|1783561582\n|switch|p1a: Scovillain|Scovillain, L91, F|266/266\n|-activate|p1a: Scovillain|move: Sticky Web\n|-unboost|p1a: Scovillain|spe|1\n|turn|33\n|inactive|Time left: 300 sec this turn | 300 sec total\n|\n|t:|1783561583\n|move|p2a: Frosmoth|Ice Beam|p1a: Scovillain\n|-damage|p1a: Scovillain|0 fnt\n|faint|p1a: Scovillain\n|\n|upkeep\n|inactive|Time left: 300 sec this turn | 300 sec total | 5 sec grace\n|\n|t:|1783561584\n|switch|p1a: Tornadus|Tornadus-Therian, L79, M|254/254\n|turn|34\n|inactive|Time left: 300 sec this turn | 300 sec total\n|\n|t:|1783561585\n|-terastallize|p2a: Frosmoth|Water\n|move|p2a: Frosmoth|Ice Beam|p1a: Tornadus\n|-supereffective|p1a: Tornadus\n|-damage|p1a: Tornadus|0 fnt\n|faint|p1a: Tornadus\n|\n|upkeep\n|inactive|Time left: 300 sec this turn | 300 sec total | 5 sec grace\n|\n|t:|1783561586\n|switch|p1a: Amoonguss|Amoonguss, L82, F|321/321\n|-activate|p1a: Amoonguss|move: Sticky Web\n|-unboost|p1a: Amoonguss|spe|1\n|turn|35\n|inactive|Time left: 300 sec this turn | 300 sec total\n|\n|t:|1783561587\n|move|p2a: Frosmoth|Ice Beam|p1a: Amoonguss\n|-supereffective|p1a: Amoonguss\n|-damage|p1a: Amoonguss|0 fnt\n|faint|p1a: Amoonguss\n|\n|win|p0y19250660", "uploadtime": 1783561587, "views": 0, "rating": 0, "private": 0, "password": null, "_winner": "p0y19250660", "_our_name": "p0x19252a73"}