{"id": "battle-gen9randombattle-1876", "formatid": "gen9randombattle", "format": "[Gen 9] Random Battle", "players": ["p0x1876c300", "p0y18763477"], "log": "|init|battle\n|title|p0x1876c300 vs. p0y18763477\n|j|\u2606p0x1876c300\n|j|\u2606p0y18763477\n|t:|1783560963\n|gametype|singles\n|player|p1|p0x1876c300|101|\n|player|p2|p0y18763477|265|\n|gen|9\n|tier|[Gen 9] Random Battle\n|rule|Species Clause: Limit one of each Pok\u00e9mon\n|rule|HP Percentage Mod: HP is shown in percentages\n|rule|Sleep Clause Mod: Limit one foe put to sleep\n|rule|Illusion Level Mod: Illusion disguises the Pok\u00e9mon's true level\n|\n|t:|1783560963\n|teamsize|p1|6\n|teamsize|p2|6\n|start\n|switch|p1a: Cacturne|Cacturne, L92, M|278/278\n|switch|p2a: Goodra|Goodra-Hisui, L82, M|100/100\n|turn|1\n|inactive|Battle timer is ON: inactive players will automatically lose when time's up. (requested by p0y18763477)\n|inactive|Time left: 300 sec this turn | 300 sec total | 60 sec grace\n|inactive|p0x1876c300 also wants the timer to be on.\n|\n|t:|1783560965\n|switch|p2a: Bombirdier|Bombirdier, L85, M|100/100\n|move|p1a: Cacturne|Knock Off|p2a: Bombirdier\n|-resisted|p2a: Bombirdier\n|-damage|p2a: Bombirdier|68/100\n|-enditem|p2a: Bombirdier|Heavy-Duty Boots|[from] move: Knock Off|[of] p1a: Cacturne\n|-damage|p1a: Cacturne|251/278|[from] item: Life Orb\n|\n|upkeep\n|turn|2\n|inactive|Time left: 300 sec this turn | 300 sec total\n|\n|t:|1783560966\n|switch|p1a: Gyarados|Gyarados, L79, F|280/280\n|move|p2a: Bombirdier|Brave Bird|p1a: Gyarados\n|-damage|p1a: Gyarados|135/280\n|-damage|p2a: Bombirdier|50/100|[from] Recoil\n|\n|upkeep\n|turn|3\n|inactive|Time left: 300 sec this turn | 300 sec total\n|\n|t:|1783560967\n|switch|p1a: Delibird|Delibird, M|252/252\n|move|p2a: Bombirdier|Brave Bird|p1a: Delibird\n|-damage|p1a: Delibird|57/252\n|-damage|p2a: Bombirdier|25/100|[from] Recoil\n|\n|upkeep\n|turn|4\n|inactive|Time left: 300 sec this turn | 300 sec total\n|\n|t:|1783560969\n|move|p1a: Delibird|Ice Spinner|p2a: Bombirdier\n|-supereffective|p2a: Bombirdier\n|-damage|p2a: Bombirdier|0 fnt\n|faint|p2a: Bombirdier\n|\n|upkeep\n|\n|t:|1783560970\n|switch|p2a: Manaphy|Manaphy, L78|100/100\n|turn|5\n|inactive|Time left: 300 sec this turn | 300 sec total\n|\n|t:|1783560971\n|move|p1a: Delibird|Brave Bird|p2a: Manaphy|[miss]\n|-miss|p1a: Delibird|p2a: Manaphy\n|move|p2a: Manaphy|Tail Glow|p2a: Manaphy\n|-boost|p2a: Manaphy|spa|3\n|\n|upkeep\n|turn|6\n|inactive|Time left: 300 sec this turn | 300 sec total\n|\n|t:|1783560971\n|move|p1a: Delibird|Brave Bird|p2a: Manaphy\n|-damage|p2a: Manaphy|40/100\n|-damage|p1a: Delibird|0 fnt|[from] Recoil\n|faint|p1a: Delibird\n|move|p2a: Manaphy|Ice Beam|p1: Delibird|[notarget]\n|-fail|p2a: Manaphy\n|\n|-heal|p2a: Manaphy|46/100|[from] item: Leftovers\n|upkeep\n|inactive|Time left: 300 sec this turn | 300 sec total | 5 sec grace\n|\n|t:|1783560972\n|switch|p1a: Toxicroak|Toxicroak, L84, M|277/277\n|turn|7\n|inactive|Time left: 300 sec this turn | 300 sec total\n|\n|t:|1783560973\n|move|p2a: Manaphy|Ice Beam|p1a: Toxicroak\n|-damage|p1a: Toxicroak|106/277\n|move|p1a: Toxicroak|Close Combat|p2a: Manaphy\n|-damage|p2a: Manaphy|0 fnt\n|-unboost|p1a: Toxicroak|def|1\n|-unboost|p1a: Toxicroak|spd|1\n|faint|p2a: Manaphy\n|-damage|p1a: Toxicroak|79/277|[from] item: Life Orb\n|\n|upkeep\n|\n|t:|1783560974\n|switch|p2a: Iron Boulder|Iron Boulder, L77|100/100\n|turn|8\n|inactive|Time left: 300 sec this turn | 300 sec total\n|\n|t:|1783560975\n|move|p1a: Toxicroak|Sucker Punch|p2a: Iron Boulder\n|-supereffective|p2a: Iron Boulder\n|-damage|p2a: Iron Boulder|44/100\n|-damage|p1a: Toxicroak|52/277|[from] item: Life Orb\n|move|p2a: Iron Boulder|Mighty Cleave|p1a: Toxicroak\n|-resisted|p1a: Toxicroak\n|-damage|p1a: Toxicroak|0 fnt\n|faint|p1a: Toxicroak\n|-damage|p2a: Iron Boulder|34/100|[from] item: Life Orb\n|\n|upkeep\n|inactive|Time left: 300 sec this turn | 300 sec total | 5 sec grace\n|\n|t:|1783560976\n|switch|p1a: Falinks|Falinks, L84|246/246\n|turn|9\n|inactive|Time left: 300 sec this turn | 300 sec total\n|\n|t:|1783560977\n|move|p2a: Iron Boulder|Zen Headbutt|p1a: Falinks\n|-supereffective|p1a: Falinks\n|-damage|p1a: Falinks|41/246\n|-damage|p2a: Iron Boulder|24/100|[from] item: Life Orb\n|cant|p1a: Falinks|flinch\n|\n|upkeep\n|turn|10\n|inactive|Time left: 300 sec this turn | 300 sec total\n|\n|t:|1783560978\n|move|p2a: Iron Boulder|Mighty Cleave|p1a: Falinks\n|-resisted|p1a: Falinks\n|-damage|p1a: Falinks|0 fnt\n|faint|p1a: Falinks\n|-damage|p2a: Iron Boulder|14/100|[from] item: Life Orb\n|\n|upkeep\n|inactive|Time left: 300 sec this turn | 300 sec total | 5 sec grace\n|\n|t:|1783560979\n|switch|p1a: Salazzle|Salazzle, L83, F|249/249\n|turn|11\n|inactive|Time left: 300 sec this turn | 300 sec total\n|\n|t:|1783560980\n|-end|p2a: Iron Boulder|Quark Drive|[silent]\n|switch|p2a: Goodra|Goodra-Hisui, L82, M|100/100\n|move|p1a: Salazzle|Flamethrower|p2a: Goodra\n|-crit|p2a: Goodra\n|-damage|p2a: Goodra|75/100\n|\n|upkeep\n|turn|12\n|inactive|Time left: 300 sec this turn | 300 sec total\n|\n|t:|1783560981\n|move|p1a: Salazzle|Toxic|p2a: Goodra\n|-status|p2a: Goodra|tox\n|move|p2a: Goodra|Draco Meteor|p1a: Salazzle\n|-damage|p1a: Salazzle|60/249\n|-unboost|p2a: Goodra|spa|2\n|\n|-heal|p1a: Salazzle|75/249|[from] item: Leftovers\n|-damage|p2a: Goodra|69/100 tox|[from] psn\n|upkeep\n|turn|13\n|inactive|Time left: 300 sec this turn | 300 sec total\n|\n|t:|1783560982\n|switch|p2a: Pincurchin|Pincurchin, M|100/100\n|-fieldstart|move: Electric Terrain|[from] ability: Electric Surge|[of] p2a: Pincurchin\n|move|p1a: Salazzle|Flamethrower|p2a: Pincurchin\n|-damage|p2a: Pincurchin|66/100\n|\n|-heal|p1a: Salazzle|90/249|[from] item: Leftovers\n|-heal|p2a: Pincurchin|72/100|[from] item: Leftovers\n|upkeep\n|turn|14\n|inactive|Time left: 300 sec this turn | 300 sec total\n|\n|t:|1783560983\n|switch|p1a: Cacturne|Cacturne, L92, M|251/278\n|move|p2a: Pincurchin|Discharge|p1a: Cacturne\n|-resisted|p1a: Cacturne\n|-damage|p1a: Cacturne|159/278\n|\n|-heal|p2a: Pincurchin|78/100|[from] item: Leftovers\n|upkeep\n|turn|15\n|inactive|Time left: 300 sec this turn | 300 sec total\n|\n|t:|1783560984\n|move|p1a: Cacturne|Knock Off|p2a: Pincurchin\n|-damage|p2a: Pincurchin|26/100\n|-enditem|p2a: Pincurchin|Leftovers|[from] move: Knock Off|[of] p1a: Cacturne\n|-damage|p1a: Cacturne|132/278|[from] item: Life Orb\n|move|p2a: Pincurchin|Discharge|p1a: Cacturne\n|-resisted|p1a: Cacturne\n|-damage|p1a: Cacturne|45/278\n|\n|upkeep\n|turn|16\n|inactive|Time left: 300 sec this turn | 300 sec total\n|\n|t:|1783560985\n|move|p1a: Cacturne|Knock Off|p2a: Pincurchin\n|-damage|p2a: Pincurchin|0 fnt\n|faint|p2a: Pincurchin\n|-damage|p1a: Cacturne|18/278|[from] item: Life Orb\n|\n|upkeep\n|\n|t:|1783560985\n|switch|p2a: Iron Boulder|Iron Boulder, L77|14/100\n|-activate|p2a: Iron Boulder|ability: Quark Drive\n|-start|p2a: Iron Boulder|quarkdrivespe\n|turn|17\n|inactive|Time left: 300 sec this turn | 300 sec total\n|\n|t:|1783560986\n|move|p1a: Cacturne|Sucker Punch|p2a: Iron Boulder\n|-supereffective|p2a: Iron Boulder\n|-damage|p2a: Iron Boulder|0 fnt\n|faint|p2a: Iron Boulder\n|-end|p2a: Iron Boulder|Quark Drive|[silent]\n|-damage|p1a: Cacturne|0 fnt|[from] item: Life Orb\n|faint|p1a: Cacturne\n|\n|-fieldend|move: Electric Terrain\n|upkeep\n|inactive|Time left: 300 sec this turn | 300 sec total | 5 sec grace\n|\n|t:|1783560987\n|switch|p2a: Goodra|Goodra-Hisui, L82, M|69/100 tox\n|switch|p1a: Salazzle|Salazzle, L83, F|90/249\n|turn|18\n|inactive|Time left: 300 sec this turn | 300 sec total\n|\n|t:|1783560988\n|move|p1a: Salazzle|Protect|p1a: Salazzle\n|-singleturn|p1a: Salazzle|Protect\n|move|p2a: Goodra|Draco Meteor|p1a: Salazzle\n|-activate|p1a: Salazzle|move: Protect\n|\n|-heal|p1a: Salazzle|105/249|[from] item: Leftovers\n|-damage|p2a: Goodra|63/100 tox|[from] psn\n|upkeep\n|turn|19\n|inactive|Time left: 300 sec this turn | 300 sec total\n|\n|t:|1783560988\n|move|p1a: Salazzle|Substitute|p1a: Salazzle\n|-start|p1a: Salazzle|Substitute\n|-damage|p1a: Salazzle|43/249\n|move|p2a: Goodra|Draco Meteor|p1a: Salazzle\n|-end|p1a: Salazzle|Substitute\n|-unboost|p2a: Goodra|spa|2\n|\n|-heal|p1a: Salazzle|58/249|[from] item: Leftovers\n|-damage|p2a: Goodra|51/100 tox|[from] psn\n|upkeep\n|turn|20\n|inactive|Time left: 300 sec this turn | 300 sec total\n|\n|t:|1783560989\n|switch|p1a: Gyarados|Gyarados, L79, F|135/280\n|switch|p2a: Arceus|Arceus-Psychic, L70|100/100\n|\n|upkeep\n|turn|21\n|inactive|Time left: 300 sec this turn | 300 sec total\n|\n|t:|1783560990\n|move|p2a: Arceus|Cosmic Power|p2a: Arceus\n|-boost|p2a: Arceus|def|1\n|-boost|p2a: Arceus|spd|1\n|move|p1a: Gyarados|Dragon Dance|p1a: Gyarados\n|-boost|p1a: Gyarados|atk|1\n|-boost|p1a: Gyarados|spe|1\n|\n|upkeep\n|turn|22\n|inactive|Time left: 300 sec this turn | 300 sec total\n|\n|t:|1783560991\n|move|p1a: Gyarados|Dragon Dance|p1a: Gyarados\n|-boost|p1a: Gyarados|atk|1\n|-boost|p1a: Gyarados|spe|1\n|move|p2a: Arceus|Cosmic Power|p2a: Arceus\n|-boost|p2a: Arceus|def|1\n|-boost|p2a: Arceus|spd|1\n|\n|upkeep\n|turn|23\n|inactive|Time left: 300 sec this turn | 300 sec total\n|\n|t:|1783560992\n|move|p1a: Gyarados|Waterfall|p2a: Arceus\n|-damage|p2a: Arceus|72/100\n|cant|p2a: Arceus|flinch\n|\n|upkeep\n|turn|24\n|inactive|Time left: 300 sec this turn | 300 sec total\n|\n|t:|1783560993\n|-terastallize|p1a: Gyarados|Flying\n|move|p1a: Gyarados|Tera Blast|p2a: Arceus|[anim] Tera Blast Flying\n|-damage|p2a: Arceus|29/100\n|move|p2a: Arceus|Stored Power|p1a: Gyarados\n|-damage|p1a: Gyarados|32/280\n|\n|upkeep\n|turn|25\n|inactive|Time left: 300 sec this turn | 300 sec total\n|\n|t:|1783560994\n|move|p1a: Gyarados|Waterfall|p2a: Arceus\n|-damage|p2a: Arceus|0 fnt\n|faint|p2a: Arceus\n|-ability|p1a: Gyarados|Moxie|boost\n|-boost|p1a: Gyarados|atk|1\n|\n|upkeep\n|\n|t:|1783560995\n|switch|p2a: Goodra|Goodra-Hisui, L82, M|51/100 tox\n|turn|26\n|inactive|Time left: 300 sec this turn | 300 sec total\n|\n|t:|1783560995\n|move|p1a: Gyarados|Earthquake|p2a: Goodra\n|-supereffective|p2a: Goodra\n|-damage|p2a: Goodra|0 fnt\n|faint|p2a: Goodra\n|\n|win|p0x1876c300", "uploadtime": 1783560995, "views": 0, "rating": 0, "private": 0, "password": null, "_winner": "p0x1876c300", "_our_name": "p0x1876c300"}