{"id": "battle-gen9randombattle-2168", "formatid": "gen9randombattle", "format": "[Gen 9] Random Battle", "players": ["p0x21686ad7", "p0y2168e9af"], "log": "|init|battle\n|title|p0x21686ad7 vs. p0y2168e9af\n|j|\u2606p0x21686ad7\n|j|\u2606p0y2168e9af\n|t:|1783565106\n|gametype|singles\n|player|p1|p0x21686ad7|101|\n|player|p2|p0y2168e9af|170|\n|gen|9\n|tier|[Gen 9] Random Battle\n|rule|Species Clause: Limit one of each Pok\u00e9mon\n|rule|HP Percentage Mod: HP is shown in percentages\n|rule|Sleep Clause Mod: Limit one foe put to sleep\n|rule|Illusion Level Mod: Illusion disguises the Pok\u00e9mon's true level\n|\n|t:|1783565106\n|teamsize|p1|6\n|teamsize|p2|6\n|start\n|switch|p1a: Sylveon|Sylveon, L85, M|100/100\n|switch|p2a: Quaquaval|Quaquaval, L79, M|264/264\n|turn|1\n|inactive|Battle timer is ON: inactive players will automatically lose when time's up. (requested by p0x21686ad7)\n|inactive|Time left: 300 sec this turn | 300 sec total | 60 sec grace\n|inactive|p0y2168e9af also wants the timer to be on.\n|\n|t:|1783565107\n|switch|p2a: Lugia|Lugia, L73|275/275\n|move|p1a: Sylveon|Hyper Voice|p2a: Lugia\n|-damage|p2a: Lugia|226/275\n|\n|upkeep\n|turn|2\n|inactive|Time left: 300 sec this turn | 300 sec total\n|\n|t:|1783565109\n|move|p2a: Lugia|Calm Mind|p2a: Lugia\n|-boost|p2a: Lugia|spa|1\n|-boost|p2a: Lugia|spd|1\n|move|p1a: Sylveon|Calm Mind|p1a: Sylveon\n|-boost|p1a: Sylveon|spa|1\n|-boost|p1a: Sylveon|spd|1\n|\n|upkeep\n|turn|3\n|inactive|Time left: 300 sec this turn | 300 sec total\n|\n|t:|1783565110\n|move|p2a: Lugia|Calm Mind|p2a: Lugia\n|-boost|p2a: Lugia|spa|1\n|-boost|p2a: Lugia|spd|1\n|move|p1a: Sylveon|Calm Mind|p1a: Sylveon\n|-boost|p1a: Sylveon|spa|1\n|-boost|p1a: Sylveon|spd|1\n|\n|upkeep\n|turn|4\n|inactive|Time left: 300 sec this turn | 300 sec total\n|\n|t:|1783565111\n|move|p2a: Lugia|Calm Mind|p2a: Lugia\n|-boost|p2a: Lugia|spa|1\n|-boost|p2a: Lugia|spd|1\n|move|p1a: Sylveon|Hyper Voice|p2a: Lugia\n|-damage|p2a: Lugia|147/275\n|\n|upkeep\n|turn|5\n|inactive|Time left: 300 sec this turn | 300 sec total\n|\n|t:|1783565112\n|move|p2a: Lugia|Recover|p2a: Lugia\n|-heal|p2a: Lugia|275/275\n|move|p1a: Sylveon|Hyper Voice|p2a: Lugia\n|-damage|p2a: Lugia|234/275\n|\n|upkeep\n|turn|6\n|inactive|Time left: 300 sec this turn | 300 sec total\n|\n|t:|1783565113\n|move|p2a: Lugia|Calm Mind|p2a: Lugia\n|-boost|p2a: Lugia|spa|1\n|-boost|p2a: Lugia|spd|1\n|move|p1a: Sylveon|Calm Mind|p1a: Sylveon\n|-boost|p1a: Sylveon|spa|1\n|-boost|p1a: Sylveon|spd|1\n|\n|upkeep\n|turn|7\n|inactive|Time left: 300 sec this turn | 300 sec total\n|\n|t:|1783565114\n|move|p2a: Lugia|Aeroblast|p1a: Sylveon\n|-crit|p1a: Sylveon\n|-damage|p1a: Sylveon|17/100\n|move|p1a: Sylveon|Hyper Voice|p2a: Lugia\n|-damage|p2a: Lugia|159/275\n|\n|-heal|p1a: Sylveon|23/100|[from] item: Leftovers\n|upkeep\n|turn|8\n|inactive|Time left: 300 sec this turn | 300 sec total\n|\n|t:|1783565115\n|move|p1a: Sylveon|Protect|p1a: Sylveon\n|-singleturn|p1a: Sylveon|Protect\n|move|p2a: Lugia|Aeroblast|p1a: Sylveon\n|-activate|p1a: Sylveon|move: Protect\n|\n|-heal|p1a: Sylveon|29/100|[from] item: Leftovers\n|upkeep\n|turn|9\n|inactive|Time left: 300 sec this turn | 300 sec total\n|\n|t:|1783565116\n|move|p2a: Lugia|Aeroblast|p1a: Sylveon\n|-damage|p1a: Sylveon|5/100\n|move|p1a: Sylveon|Wish|p1a: Sylveon\n|\n|-heal|p1a: Sylveon|11/100|[from] item: Leftovers\n|upkeep\n|turn|10\n|inactive|Time left: 300 sec this turn | 300 sec total\n|\n|t:|1783565117\n|move|p1a: Sylveon|Protect|p1a: Sylveon\n|-singleturn|p1a: Sylveon|Protect\n|move|p2a: Lugia|Aeroblast|p1a: Sylveon\n|-activate|p1a: Sylveon|move: Protect\n|\n|-heal|p1a: Sylveon|61/100|[from] move: Wish|[wisher] Sylveon\n|-heal|p1a: Sylveon|67/100|[from] item: Leftovers\n|upkeep\n|turn|11\n|inactive|Time left: 300 sec this turn | 300 sec total\n|\n|t:|1783565118\n|move|p2a: Lugia|Recover|p2a: Lugia\n|-heal|p2a: Lugia|275/275\n|move|p1a: Sylveon|Hyper Voice|p2a: Lugia\n|-damage|p2a: Lugia|235/275\n|\n|-heal|p1a: Sylveon|73/100|[from] item: Leftovers\n|upkeep\n|turn|12\n|inactive|Time left: 300 sec this turn | 300 sec total\n|\n|t:|1783565119\n|move|p2a: Lugia|Aeroblast|p1a: Sylveon\n|-damage|p1a: Sylveon|52/100\n|move|p1a: Sylveon|Calm Mind|p1a: Sylveon\n|-boost|p1a: Sylveon|spa|1\n|-boost|p1a: Sylveon|spd|1\n|\n|-heal|p1a: Sylveon|58/100|[from] item: Leftovers\n|upkeep\n|turn|13\n|inactive|Time left: 300 sec this turn | 300 sec total\n|\n|t:|1783565120\n|move|p2a: Lugia|Aeroblast|p1a: Sylveon\n|-damage|p1a: Sylveon|40/100\n|move|p1a: Sylveon|Hyper Voice|p2a: Lugia\n|-damage|p2a: Lugia|142/275\n|\n|-heal|p1a: Sylveon|46/100|[from] item: Leftovers\n|upkeep\n|turn|14\n|inactive|Time left: 300 sec this turn | 300 sec total\n|\n|t:|1783565121\n|move|p2a: Lugia|Recover|p2a: Lugia\n|-heal|p2a: Lugia|275/275\n|move|p1a: Sylveon|Hyper Voice|p2a: Lugia\n|-damage|p2a: Lugia|227/275\n|\n|-heal|p1a: Sylveon|52/100|[from] item: Leftovers\n|upkeep\n|turn|15\n|inactive|Time left: 300 sec this turn | 300 sec total\n|\n|t:|1783565122\n|move|p2a: Lugia|Aeroblast|p1a: Sylveon\n|-damage|p1a: Sylveon|32/100\n|move|p1a: Sylveon|Wish|p1a: Sylveon\n|\n|-heal|p1a: Sylveon|38/100|[from] item: Leftovers\n|upkeep\n|turn|16\n|inactive|Time left: 300 sec this turn | 300 sec total\n|\n|t:|1783565123\n|move|p2a: Lugia|Aeroblast|p1a: Sylveon\n|-damage|p1a: Sylveon|18/100\n|move|p1a: Sylveon|Hyper Voice|p2a: Lugia\n|-crit|p2a: Lugia\n|-damage|p2a: Lugia|0 fnt\n|faint|p2a: Lugia\n|\n|-heal|p1a: Sylveon|68/100|[from] move: Wish|[wisher] Sylveon\n|-heal|p1a: Sylveon|74/100|[from] item: Leftovers\n|upkeep\n|inactive|Time left: 300 sec this turn | 300 sec total | 5 sec grace\n|\n|t:|1783565124\n|switch|p2a: Mimikyu|Mimikyu, L79, F|216/216\n|turn|17\n|inactive|Time left: 300 sec this turn | 300 sec total\n|\n|t:|1783565125\n|move|p2a: Mimikyu|Swords Dance|p2a: Mimikyu\n|-boost|p2a: Mimikyu|atk|2\n|move|p1a: Sylveon|Hyper Voice|p2a: Mimikyu\n|-activate|p2a: Mimikyu|ability: Disguise\n|-damage|p2a: Mimikyu|216/216\n|detailschange|p2a: Mimikyu|Mimikyu-Busted, L79, F\n|-damage|p2a: Mimikyu|189/216|[from] pokemon: Mimikyu-Busted\n|\n|-heal|p1a: Sylveon|80/100|[from] item: Leftovers\n|upkeep\n|turn|18\n|inactive|Time left: 300 sec this turn | 300 sec total\n|\n|t:|1783565126\n|-terastallize|p2a: Mimikyu|Ghost\n|move|p1a: Sylveon|Protect|p1a: Sylveon\n|-singleturn|p1a: Sylveon|Protect\n|move|p2a: Mimikyu|Shadow Claw|p1a: Sylveon\n|-activate|p1a: Sylveon|move: Protect\n|\n|-heal|p1a: Sylveon|86/100|[from] item: Leftovers\n|upkeep\n|turn|19\n|inactive|Time left: 300 sec this turn | 300 sec total\n|\n|t:|1783565127\n|move|p1a: Sylveon|Protect||[still]\n|-fail|p1a: Sylveon\n|move|p2a: Mimikyu|Shadow Claw|p1a: Sylveon\n|-crit|p1a: Sylveon\n|-damage|p1a: Sylveon|0 fnt\n|faint|p1a: Sylveon\n|-damage|p2a: Mimikyu|168/216|[from] item: Life Orb\n|\n|upkeep\n|\n|t:|1783565127\n|switch|p1a: Glastrier|Glastrier, L86|100/100\n|turn|20\n|inactive|Time left: 300 sec this turn | 300 sec total\n|\n|t:|1783565128\n|move|p2a: Mimikyu|Shadow Claw|p1a: Glastrier\n|-damage|p1a: Glastrier|53/100\n|-damage|p2a: Mimikyu|147/216|[from] item: Life Orb\n|move|p1a: Glastrier|Icicle Crash|p2a: Mimikyu\n|-damage|p2a: Mimikyu|0 fnt\n|faint|p2a: Mimikyu\n|-ability|p1a: Glastrier|Chilling Neigh|boost\n|-boost|p1a: Glastrier|atk|1\n|\n|upkeep\n|inactive|Time left: 300 sec this turn | 300 sec total | 5 sec grace\n|\n|t:|1783565129\n|switch|p2a: Quaquaval|Quaquaval, L79, M|264/264\n|turn|21\n|inactive|Time left: 300 sec this turn | 300 sec total\n|\n|t:|1783565130\n|-terastallize|p1a: Glastrier|Fighting\n|move|p2a: Quaquaval|Close Combat|p1a: Glastrier\n|-damage|p1a: Glastrier|9/100\n|-unboost|p2a: Quaquaval|def|1\n|-unboost|p2a: Quaquaval|spd|1\n|move|p1a: Glastrier|Close Combat|p2a: Quaquaval\n|-damage|p2a: Quaquaval|0 fnt\n|-unboost|p1a: Glastrier|def|1\n|-unboost|p1a: Glastrier|spd|1\n|faint|p2a: Quaquaval\n|-ability|p1a: Glastrier|Chilling Neigh|boost\n|-boost|p1a: Glastrier|atk|1\n|\n|upkeep\n|inactive|Time left: 300 sec this turn | 300 sec total | 5 sec grace\n|\n|t:|1783565131\n|switch|p2a: Iron Thorns|Iron Thorns, L83|302/302\n|-enditem|p2a: Iron Thorns|Booster Energy\n|-activate|p2a: Iron Thorns|ability: Quark Drive|[fromitem]\n|-start|p2a: Iron Thorns|quarkdriveatk\n|turn|22\n|inactive|Time left: 300 sec this turn | 300 sec total\n|\n|t:|1783565132\n|move|p2a: Iron Thorns|Ice Punch|p1a: Glastrier\n|-damage|p1a: Glastrier|0 fnt\n|faint|p1a: Glastrier\n|\n|upkeep\n|\n|t:|1783565132\n|switch|p1a: Heatran|Heatran, L79, M|100/100\n|-item|p1a: Heatran|Air Balloon\n|turn|23\n|inactive|Time left: 300 sec this turn | 300 sec total\n|\n|t:|1783565134\n|move|p2a: Iron Thorns|Stone Edge|p1a: Heatran\n|-damage|p1a: Heatran|42/100\n|-enditem|p1a: Heatran|Air Balloon\n|move|p1a: Heatran|Earth Power|p2a: Iron Thorns\n|-supereffective|p2a: Iron Thorns\n|-damage|p2a: Iron Thorns|30/302\n|\n|upkeep\n|turn|24\n|inactive|Time left: 300 sec this turn | 300 sec total\n|\n|t:|1783565135\n|move|p1a: Heatran|Earth Power|p2a: Iron Thorns\n|-supereffective|p2a: Iron Thorns\n|-damage|p2a: Iron Thorns|0 fnt\n|faint|p2a: Iron Thorns\n|-end|p2a: Iron Thorns|Quark Drive|[silent]\n|\n|upkeep\n|inactive|Time left: 300 sec this turn | 300 sec total | 5 sec grace\n|\n|t:|1783565136\n|switch|p2a: Glalie|Glalie, L96, F|309/309\n|turn|25\n|inactive|Time left: 300 sec this turn | 300 sec total\n|\n|t:|1783565137\n|switch|p1a: Umbreon|Umbreon, L84, M|100/100\n|move|p2a: Glalie|Earthquake|p1a: Umbreon\n|-damage|p1a: Umbreon|78/100\n|\n|-heal|p1a: Umbreon|84/100|[from] item: Leftovers\n|upkeep\n|turn|26\n|inactive|Time left: 300 sec this turn | 300 sec total\n|\n|t:|1783565138\n|move|p2a: Glalie|Spikes|p1a: Umbreon\n|-sidestart|p1: p0x21686ad7|Spikes\n|move|p1a: Umbreon|Toxic|p2a: Glalie\n|-status|p2a: Glalie|tox\n|\n|-heal|p1a: Umbreon|90/100|[from] item: Leftovers\n|-damage|p2a: Glalie|290/309 tox|[from] psn\n|upkeep\n|turn|27\n|inactive|Time left: 300 sec this turn | 300 sec total\n|\n|t:|1783565139\n|switch|p2a: Rhydon|Rhydon, L85, F|317/317\n|move|p1a: Umbreon|Foul Play|p2a: Rhydon\n|-damage|p2a: Rhydon|254/317\n|\n|-heal|p1a: Umbreon|96/100|[from] item: Leftovers\n|upkeep\n|turn|28\n|inactive|Time left: 300 sec this turn | 300 sec total\n|\n|t:|1783565140\n|move|p1a: Umbreon|Toxic|p2a: Rhydon\n|-status|p2a: Rhydon|tox\n|move|p2a: Rhydon|Megahorn|p1a: Umbreon\n|-supereffective|p1a: Umbreon\n|-damage|p1a: Umbreon|34/100\n|\n|-heal|p1a: Umbreon|40/100|[from] item: Leftovers\n|-damage|p2a: Rhydon|235/317 tox|[from] psn\n|upkeep\n|turn|29\n|inactive|Time left: 300 sec this turn | 300 sec total\n|\n|t:|1783565141\n|move|p1a: Umbreon|Protect|p1a: Umbreon\n|-singleturn|p1a: Umbreon|Protect\n|move|p2a: Rhydon|Megahorn|p1a: Umbreon\n|-activate|p1a: Umbreon|move: Protect\n|\n|-heal|p1a: Umbreon|46/100|[from] item: Leftovers\n|-damage|p2a: Rhydon|197/317 tox|[from] psn\n|upkeep\n|turn|30\n|inactive|Time left: 300 sec this turn | 300 sec total\n|\n|t:|1783565142\n|move|p1a: Umbreon|Wish|p1a: Umbreon\n|move|p2a: Rhydon|Megahorn|p1a: Umbreon\n|-supereffective|p1a: Umbreon\n|-damage|p1a: Umbreon|0 fnt\n|faint|p1a: Umbreon\n|\n|-damage|p2a: Rhydon|140/317 tox|[from] psn\n|upkeep\n|\n|t:|1783565143\n|switch|p1a: Calyrex|Calyrex, L93|100/100\n|-ability|p1a: Calyrex|Unnerve\n|-damage|p1a: Calyrex|88/100|[from] Spikes\n|turn|31\n|inactive|Time left: 300 sec this turn | 300 sec total\n|\n|t:|1783565144\n|switch|p2a: Glalie|Glalie, L96, F|290/309 tox\n|move|p1a: Calyrex|Giga Drain|p2a: Glalie\n|-damage|p2a: Glalie|212/309 tox\n|-heal|p1a: Calyrex|99/100|[from] drain|[of] p2a: Glalie\n|\n|-heal|p1a: Calyrex|100/100|[from] move: Wish|[wisher] Umbreon\n|-damage|p2a: Glalie|193/309 tox|[from] psn\n|upkeep\n|turn|32\n|inactive|Time left: 300 sec this turn | 300 sec total\n|\n|t:|1783565145\n|move|p2a: Glalie|Freeze-Dry|p1a: Calyrex\n|-supereffective|p1a: Calyrex\n|-damage|p1a: Calyrex|48/100\n|-status|p1a: Calyrex|frz\n|cant|p1a: Calyrex|frz\n|\n|-heal|p1a: Calyrex|55/100 frz|[from] item: Leftovers\n|-damage|p2a: Glalie|155/309 tox|[from] psn\n|upkeep\n|turn|33\n|inactive|Time left: 300 sec this turn | 300 sec total\n|\n|t:|1783565146\n|move|p2a: Glalie|Freeze-Dry|p1a: Calyrex\n|-supereffective|p1a: Calyrex\n|-damage|p1a: Calyrex|9/100 frz\n|-curestatus|p1a: Calyrex|frz|[msg]\n|move|p1a: Calyrex|Psyshock|p2a: Glalie\n|-damage|p2a: Glalie|73/309 tox\n|\n|-heal|p1a: Calyrex|16/100|[from] item: Leftovers\n|-damage|p2a: Glalie|16/309 tox|[from] psn\n|upkeep\n|turn|34\n|inactive|Time left: 300 sec this turn | 300 sec total\n|\n|t:|1783565148\n|move|p2a: Glalie|Earthquake|p1a: Calyrex\n|-resisted|p1a: Calyrex\n|-damage|p1a: Calyrex|4/100\n|move|p1a: Calyrex|Giga Drain|p2a: Glalie\n|-damage|p2a: Glalie|0 fnt\n|-heal|p1a: Calyrex|7/100|[from] drain|[of] p2a: Glalie\n|faint|p2a: Glalie\n|\n|-heal|p1a: Calyrex|13/100|[from] item: Leftovers\n|upkeep\n|inactive|Time left: 300 sec this turn | 300 sec total | 5 sec grace\n|\n|t:|1783565149\n|switch|p2a: Rhydon|Rhydon, L85, F|140/317 tox\n|turn|35\n|inactive|Time left: 300 sec this turn | 300 sec total\n|\n|t:|1783565150\n|move|p1a: Calyrex|Giga Drain|p2a: Rhydon\n|-supereffective|p2a: Rhydon\n|-damage|p2a: Rhydon|0 fnt\n|-heal|p1a: Calyrex|34/100|[from] drain|[of] p2a: Rhydon\n|faint|p2a: Rhydon\n|\n|win|p0x21686ad7", "uploadtime": 1783565150, "views": 0, "rating": 0, "private": 0, "password": null, "_winner": "p0x21686ad7", "_our_name": "p0y2168e9af"}