{"id": "battle-gen9randombattle-172", "formatid": "gen9randombattle", "format": "[Gen 9] Random Battle", "players": ["p0x1725c5b", "p0y172e096"], "log": "|init|battle\n|title|p0x1725c5b vs. p0y172e096\n|j|\u2606p0x1725c5b\n|j|\u2606p0y172e096\n|t:|1783541120\n|gametype|singles\n|player|p1|p0x1725c5b|170|\n|player|p2|p0y172e096|265|\n|gen|9\n|tier|[Gen 9] Random Battle\n|rule|Species Clause: Limit one of each Pok\u00e9mon\n|rule|HP Percentage Mod: HP is shown in percentages\n|rule|Sleep Clause Mod: Limit one foe put to sleep\n|rule|Illusion Level Mod: Illusion disguises the Pok\u00e9mon's true level\n|\n|t:|1783541120\n|teamsize|p1|6\n|teamsize|p2|6\n|start\n|switch|p1a: Roaring Moon|Roaring Moon, L72|270/270\n|switch|p2a: Altaria|Altaria, L89, M|100/100\n|turn|1\n|inactive|Battle timer is ON: inactive players will automatically lose when time's up. (requested by p0x1725c5b)\n|inactive|p0y172e096 also wants the timer to be on.\n|\n|t:|1783541121\n|move|p1a: Roaring Moon|Outrage|p2a: Altaria\n|-supereffective|p2a: Altaria\n|-damage|p2a: Altaria|0 fnt\n|faint|p2a: Altaria\n|\n|upkeep\n|\n|t:|1783541123\n|switch|p2a: Dragapult|Dragapult, L77, M|100/100\n|turn|2\n|inactive|Time left: 300 sec this turn | 300 sec total\n|\n|t:|1783541124\n|move|p2a: Dragapult|Dragon Darts|p1a: Roaring Moon\n|-supereffective|p1a: Roaring Moon\n|-damage|p1a: Roaring Moon|75/270\n|-anim|p2a: Dragapult|Dragon Darts|p1a: Roaring Moon\n|-supereffective|p1a: Roaring Moon\n|-crit|p1a: Roaring Moon\n|-damage|p1a: Roaring Moon|0 fnt\n|faint|p1a: Roaring Moon\n|-end|p1a: Roaring Moon|Protosynthesis|[silent]\n|-damage|p2a: Dragapult|91/100|[from] item: Life Orb\n|\n|upkeep\n|inactive|Time left: 300 sec this turn | 300 sec total | 5 sec grace\n|\n|t:|1783541124\n|switch|p1a: Iron Bundle|Iron Bundle, L78|215/215\n|turn|3\n|inactive|Time left: 300 sec this turn | 300 sec total\n|\n|t:|1783541125\n|switch|p2a: Misdreavus|Misdreavus, L90, F|100/100\n|move|p1a: Iron Bundle|Ice Beam|p2a: Misdreavus\n|-damage|p2a: Misdreavus|65/100\n|\n|upkeep\n|turn|4\n|inactive|Time left: 300 sec this turn | 300 sec total\n|\n|t:|1783541126\n|move|p1a: Iron Bundle|Ice Beam|p2a: Misdreavus\n|-damage|p2a: Misdreavus|25/100\n|move|p2a: Misdreavus|Shadow Ball|p1a: Iron Bundle\n|-damage|p1a: Iron Bundle|83/215\n|\n|upkeep\n|turn|5\n|inactive|Time left: 300 sec this turn | 300 sec total\n|\n|t:|1783541127\n|switch|p2a: Registeel|Registeel, L81|100/100\n|move|p1a: Iron Bundle|Ice Beam|p2a: Registeel\n|-resisted|p2a: Registeel\n|-crit|p2a: Registeel\n|-damage|p2a: Registeel|73/100\n|\n|upkeep\n|turn|6\n|inactive|Time left: 300 sec this turn | 300 sec total\n|\n|t:|1783541129\n|-end|p1a: Iron Bundle|Quark Drive|[silent]\n|switch|p1a: Leavanny|Leavanny, L86, M|269/269\n|move|p2a: Registeel|Body Press|p1a: Leavanny\n|-resisted|p1a: Leavanny\n|-crit|p1a: Leavanny\n|-damage|p1a: Leavanny|214/269\n|\n|upkeep\n|turn|7\n|inactive|Time left: 300 sec this turn | 300 sec total\n|\n|t:|1783541130\n|move|p1a: Leavanny|Sticky Web|p2a: Registeel\n|-sidestart|p2: p0y172e096|move: Sticky Web\n|move|p2a: Registeel|Iron Head|p1a: Leavanny\n|-damage|p1a: Leavanny|147/269\n|\n|upkeep\n|turn|8\n|inactive|Time left: 300 sec this turn | 300 sec total\n|\n|t:|1783541130\n|move|p1a: Leavanny|Knock Off|p2a: Registeel\n|-damage|p2a: Registeel|52/100\n|-enditem|p2a: Registeel|Chesto Berry|[from] move: Knock Off|[of] p1a: Leavanny\n|move|p2a: Registeel|Iron Defense|p2a: Registeel\n|-boost|p2a: Registeel|def|2\n|\n|upkeep\n|turn|9\n|inactive|Time left: 300 sec this turn | 300 sec total\n|\n|t:|1783541131\n|move|p1a: Leavanny|Lunge|p2a: Registeel\n|-resisted|p2a: Registeel\n|-damage|p2a: Registeel|46/100\n|move|p2a: Registeel|Body Press|p1a: Leavanny\n|-resisted|p1a: Leavanny\n|-damage|p1a: Leavanny|71/269\n|\n|upkeep\n|turn|10\n|inactive|Time left: 300 sec this turn | 300 sec total\n|\n|t:|1783541132\n|move|p1a: Leavanny|Lunge|p2a: Registeel\n|-resisted|p2a: Registeel\n|-damage|p2a: Registeel|38/100\n|move|p2a: Registeel|Body Press|p1a: Leavanny\n|-resisted|p1a: Leavanny\n|-damage|p1a: Leavanny|0 fnt\n|faint|p1a: Leavanny\n|\n|upkeep\n|inactive|Time left: 300 sec this turn | 300 sec total | 5 sec grace\n|\n|t:|1783541133\n|switch|p1a: Iron Bundle|Iron Bundle, L78|83/215\n|turn|11\n|inactive|Time left: 300 sec this turn | 300 sec total\n|\n|t:|1783541134\n|move|p1a: Iron Bundle|Hydro Pump|p2a: Registeel|[miss]\n|-miss|p1a: Iron Bundle|p2a: Registeel\n|move|p2a: Registeel|Body Press|p1a: Iron Bundle\n|-supereffective|p1a: Iron Bundle\n|-damage|p1a: Iron Bundle|0 fnt\n|faint|p1a: Iron Bundle\n|-end|p1a: Iron Bundle|Quark Drive|[silent]\n|\n|upkeep\n|inactive|Time left: 300 sec this turn | 300 sec total | 5 sec grace\n|\n|t:|1783541135\n|switch|p1a: Emboar|Emboar, L84, M|322/322\n|turn|12\n|inactive|Time left: 300 sec this turn | 300 sec total\n|\n|t:|1783541136\n|-terastallize|p2a: Registeel|Fighting\n|move|p1a: Emboar|Flare Blitz|p2a: Registeel\n|-damage|p2a: Registeel|15/100\n|-status|p2a: Registeel|brn\n|-damage|p1a: Emboar|302/322|[from] Recoil\n|move|p2a: Registeel|Body Press|p1a: Emboar\n|-damage|p1a: Emboar|153/322\n|\n|-damage|p2a: Registeel|9/100 brn|[from] brn\n|upkeep\n|turn|13\n|inactive|Time left: 300 sec this turn | 300 sec total\n|\n|t:|1783541137\n|move|p1a: Emboar|Flare Blitz|p2a: Registeel\n|-crit|p2a: Registeel\n|-damage|p2a: Registeel|0 fnt\n|faint|p2a: Registeel\n|-damage|p1a: Emboar|146/322|[from] Recoil\n|\n|upkeep\n|\n|t:|1783541138\n|switch|p2a: Azelf|Azelf, L82|100/100\n|turn|14\n|inactive|Time left: 300 sec this turn | 300 sec total\n|\n|t:|1783541139\n|move|p2a: Azelf|Psychic|p1a: Emboar\n|-supereffective|p1a: Emboar\n|-damage|p1a: Emboar|0 fnt\n|faint|p1a: Emboar\n|-damage|p2a: Azelf|91/100|[from] item: Life Orb\n|\n|upkeep\n|inactive|Time left: 300 sec this turn | 300 sec total | 5 sec grace\n|\n|t:|1783541140\n|switch|p1a: Lycanroc|Lycanroc, L86, F|269/269\n|turn|15\n|inactive|Time left: 300 sec this turn | 300 sec total\n|\n|t:|1783541141\n|move|p1a: Lycanroc|Crunch|p2a: Azelf\n|-supereffective|p2a: Azelf\n|-damage|p2a: Azelf|0 fnt\n|faint|p2a: Azelf\n|\n|upkeep\n|\n|t:|1783541142\n|switch|p2a: Lumineon|Lumineon, L93, F|100/100\n|turn|16\n|inactive|Time left: 300 sec this turn | 300 sec total\n|\n|t:|1783541143\n|-terastallize|p1a: Lycanroc|Fighting\n|move|p1a: Lycanroc|Crunch|p2a: Lumineon\n|-damage|p2a: Lumineon|61/100\n|-unboost|p2a: Lumineon|def|1\n|move|p2a: Lumineon|Hydro Pump|p1a: Lycanroc|[miss]\n|-miss|p2a: Lumineon|p1a: Lycanroc\n|\n|upkeep\n|turn|17\n|inactive|Time left: 300 sec this turn | 300 sec total\n|\n|t:|1783541144\n|move|p1a: Lycanroc|Crunch|p2a: Lumineon\n|-damage|p2a: Lumineon|2/100\n|-unboost|p2a: Lumineon|def|1\n|move|p2a: Lumineon|Hydro Pump|p1a: Lycanroc\n|-damage|p1a: Lycanroc|130/269\n|\n|upkeep\n|turn|18\n|inactive|Time left: 300 sec this turn | 300 sec total\n|\n|t:|1783541146\n|switch|p2a: Dragapult|Dragapult, L77, M|91/100\n|-activate|p2a: Dragapult|move: Sticky Web\n|-fail|p2a: Dragapult|unboost|[from] ability: Clear Body|[of] p2a: Dragapult\n|move|p1a: Lycanroc|Crunch|p2a: Dragapult\n|-supereffective|p2a: Dragapult\n|-crit|p2a: Dragapult\n|-damage|p2a: Dragapult|0 fnt\n|faint|p2a: Dragapult\n|\n|upkeep\n|\n|t:|1783541147\n|switch|p2a: Misdreavus|Misdreavus, L90, F|25/100\n|turn|19\n|inactive|Time left: 300 sec this turn | 300 sec total\n|\n|t:|1783541148\n|move|p1a: Lycanroc|Crunch|p2a: Misdreavus\n|-supereffective|p2a: Misdreavus\n|-damage|p2a: Misdreavus|0 fnt\n|faint|p2a: Misdreavus\n|\n|upkeep\n|\n|t:|1783541149\n|switch|p2a: Lumineon|Lumineon, L93, F|2/100\n|turn|20\n|inactive|Time left: 300 sec this turn | 300 sec total\n|\n|t:|1783541150\n|move|p1a: Lycanroc|Crunch|p2a: Lumineon\n|-damage|p2a: Lumineon|0 fnt\n|faint|p2a: Lumineon\n|\n|win|p0x1725c5b", "uploadtime": 1783541150, "views": 0, "rating": 0, "private": 0, "password": null, "_winner": "p0x1725c5b", "_our_name": "p0x1725c5b"}