{"id": "battle-gen9randombattle-2544", "formatid": "gen9randombattle", "format": "[Gen 9] Random Battle", "players": ["p0x25442049", "p0y2544273e"], "log": "|init|battle\n|title|p0x25442049 vs. p0y2544273e\n|j|\u2606p0x25442049\n|j|\u2606p0y2544273e\n|t:|1783568475\n|gametype|singles\n|player|p1|p0x25442049|101|\n|player|p2|p0y2544273e|2|\n|gen|9\n|tier|[Gen 9] Random Battle\n|rule|Species Clause: Limit one of each Pok\u00e9mon\n|rule|HP Percentage Mod: HP is shown in percentages\n|rule|Sleep Clause Mod: Limit one foe put to sleep\n|rule|Illusion Level Mod: Illusion disguises the Pok\u00e9mon's true level\n|\n|t:|1783568475\n|teamsize|p1|6\n|teamsize|p2|6\n|start\n|switch|p1a: Ninetales|Ninetales-Alola, L78, F|100/100\n|switch|p2a: Honchkrow|Honchkrow, L86, F|312/312\n|-weather|Snowscape|[from] ability: Snow Warning|[of] p1a: Ninetales\n|turn|1\n|inactive|Battle timer is ON: inactive players will automatically lose when time's up. (requested by p0y2544273e)\n|\n|t:|1783568476\n|move|p1a: Ninetales|Aurora Veil|p1a: Ninetales\n|-sidestart|p1: p0x25442049|move: Aurora Veil\n|move|p2a: Honchkrow|Thunder Wave|p1a: Ninetales\n|-status|p1a: Ninetales|par\n|\n|-weather|Snowscape|[upkeep]\n|upkeep\n|turn|2\n|inactive|Time left: 300 sec this turn | 300 sec total\n|inactive|p0x25442049 also wants the timer to be on.\n|\n|t:|1783568478\n|switch|p2a: Articuno|Articuno, L86|295/295\n|-ability|p2a: Articuno|Pressure\n|cant|p1a: Ninetales|par\n|\n|-weather|Snowscape|[upkeep]\n|upkeep\n|turn|3\n|inactive|Time left: 300 sec this turn | 300 sec total\n|\n|t:|1783568479\n|switch|p1a: Kommo-o|Kommo-o, L77, F|100/100\n|move|p2a: Articuno|Freeze-Dry|p1a: Kommo-o\n|-supereffective|p1a: Kommo-o\n|-damage|p1a: Kommo-o|72/100\n|\n|-weather|Snowscape|[upkeep]\n|upkeep\n|turn|4\n|inactive|Time left: 300 sec this turn | 300 sec total\n|\n|t:|1783568480\n|move|p2a: Articuno|Brave Bird|p1a: Kommo-o\n|-supereffective|p1a: Kommo-o\n|-damage|p1a: Kommo-o|32/100\n|-damage|p2a: Articuno|263/295|[from] Recoil\n|move|p1a: Kommo-o|Clangorous Soul||[still]\n|-fail|p1a: Kommo-o\n|\n|-weather|Snowscape|[upkeep]\n|upkeep\n|turn|5\n|inactive|Time left: 300 sec this turn | 300 sec total\n|\n|t:|1783568481\n|switch|p1a: Chandelure|Chandelure, L83, F|100/100\n|move|p2a: Articuno|Freeze-Dry|p1a: Chandelure\n|-resisted|p1a: Chandelure\n|-crit|p1a: Chandelure\n|-damage|p1a: Chandelure|76/100\n|\n|-weather|none\n|upkeep\n|turn|6\n|inactive|Time left: 300 sec this turn | 300 sec total\n|\n|t:|1783568482\n|switch|p2a: Coalossal|Coalossal, L89, F|341/341\n|move|p1a: Chandelure|Fire Blast|p2a: Coalossal\n|-resisted|p2a: Coalossal\n|-damage|p2a: Coalossal|304/341\n|\n|upkeep\n|turn|7\n|inactive|Time left: 300 sec this turn | 300 sec total\n|\n|t:|1783568484\n|move|p1a: Chandelure|Fire Blast|p2a: Coalossal\n|-resisted|p2a: Coalossal\n|-damage|p2a: Coalossal|265/341\n|move|p2a: Coalossal|Stone Edge|p1a: Chandelure\n|-supereffective|p1a: Chandelure\n|-crit|p1a: Chandelure\n|-damage|p1a: Chandelure|0 fnt\n|faint|p1a: Chandelure\n|\n|upkeep\n|\n|t:|1783568485\n|switch|p1a: Ogerpon|Ogerpon-Wellspring, L76, F|100/100\n|turn|8\n|inactive|Time left: 300 sec this turn | 300 sec total\n|\n|t:|1783568486\n|switch|p2a: Virizion|Virizion, L82|283/283\n|move|p1a: Ogerpon|Ivy Cudgel|p2a: Virizion|[anim] Ivy Cudgel Water\n|-resisted|p2a: Virizion\n|-damage|p2a: Virizion|213/283\n|\n|-sideend|p1: p0x25442049|move: Aurora Veil\n|upkeep\n|turn|9\n|inactive|Time left: 300 sec this turn | 300 sec total\n|\n|t:|1783568487\n|move|p2a: Virizion|Swords Dance|p2a: Virizion\n|-boost|p2a: Virizion|atk|2\n|move|p1a: Ogerpon|Play Rough|p2a: Virizion\n|-supereffective|p2a: Virizion\n|-damage|p2a: Virizion|47/283\n|\n|upkeep\n|turn|10\n|inactive|Time left: 300 sec this turn | 300 sec total\n|\n|t:|1783568488\n|switch|p1a: Slowbro|Slowbro, L85, M|100/100\n|move|p2a: Virizion|Close Combat|p1a: Slowbro\n|-resisted|p1a: Slowbro\n|-damage|p1a: Slowbro|62/100\n|-unboost|p2a: Virizion|def|1\n|-unboost|p2a: Virizion|spd|1\n|-damage|p2a: Virizion|0 fnt|[from] item: Rocky Helmet|[of] p1a: Slowbro\n|faint|p2a: Virizion\n|\n|upkeep\n|inactive|Time left: 300 sec this turn | 300 sec total | 5 sec grace\n|\n|t:|1783568489\n|switch|p2a: Sceptile|Sceptile, L87, M|264/264\n|turn|11\n|inactive|Time left: 300 sec this turn | 300 sec total\n|\n|t:|1783568490\n|switch|p1a: Rayquaza|Rayquaza, L72|100/100\n|-ability|p1a: Rayquaza|Air Lock\n|move|p2a: Sceptile|Swords Dance|p2a: Sceptile\n|-boost|p2a: Sceptile|atk|2\n|\n|upkeep\n|turn|12\n|inactive|Time left: 300 sec this turn | 300 sec total\n|\n|t:|1783568491\n|-terastallize|p1a: Rayquaza|Normal\n|move|p2a: Sceptile|Rock Slide|p1a: Rayquaza\n|-damage|p1a: Rayquaza|45/100\n|-damage|p2a: Sceptile|238/264|[from] item: Life Orb\n|cant|p1a: Rayquaza|flinch\n|\n|upkeep\n|turn|13\n|inactive|Time left: 300 sec this turn | 300 sec total\n|\n|t:|1783568492\n|move|p1a: Rayquaza|Extreme Speed|p2a: Sceptile\n|-damage|p2a: Sceptile|133/264\n|move|p2a: Sceptile|Leaf Blade|p1a: Rayquaza\n|-damage|p1a: Rayquaza|0 fnt\n|faint|p1a: Rayquaza\n|-damage|p2a: Sceptile|107/264|[from] item: Life Orb\n|\n|upkeep\n|\n|t:|1783568493\n|switch|p1a: Ninetales|Ninetales-Alola, L78, F|100/100 par\n|-weather|Snowscape|[from] ability: Snow Warning|[of] p1a: Ninetales\n|turn|14\n|inactive|Time left: 300 sec this turn | 300 sec total\n|\n|t:|1783568494\n|move|p2a: Sceptile|Rock Slide|p1a: Ninetales\n|-supereffective|p1a: Ninetales\n|-damage|p1a: Ninetales|16/100 par\n|-damage|p2a: Sceptile|81/264|[from] item: Life Orb\n|cant|p1a: Ninetales|flinch\n|\n|-weather|Snowscape|[upkeep]\n|upkeep\n|turn|15\n|inactive|Time left: 300 sec this turn | 300 sec total\n|\n|t:|1783568495\n|move|p2a: Sceptile|Leaf Blade|p1a: Ninetales\n|-damage|p1a: Ninetales|0 fnt\n|faint|p1a: Ninetales\n|-damage|p2a: Sceptile|55/264|[from] item: Life Orb\n|\n|-weather|Snowscape|[upkeep]\n|upkeep\n|\n|t:|1783568496\n|switch|p1a: Slowbro|Slowbro, L85, M|96/100\n|turn|16\n|inactive|Time left: 300 sec this turn | 300 sec total\n|\n|t:|1783568498\n|move|p2a: Sceptile|Leaf Blade|p1a: Slowbro\n|-supereffective|p1a: Slowbro\n|-damage|p1a: Slowbro|0 fnt\n|-damage|p2a: Sceptile|11/264|[from] item: Rocky Helmet|[of] p1a: Slowbro\n|faint|p1a: Slowbro\n|-damage|p2a: Sceptile|0 fnt|[from] item: Life Orb\n|faint|p2a: Sceptile\n|\n|-weather|Snowscape|[upkeep]\n|upkeep\n|inactive|Time left: 300 sec this turn | 300 sec total | 5 sec grace\n|\n|t:|1783568499\n|switch|p2a: Articuno|Articuno, L86|263/295\n|switch|p1a: Kommo-o|Kommo-o, L77, F|32/100\n|-ability|p2a: Articuno|Pressure\n|turn|17\n|inactive|Time left: 300 sec this turn | 300 sec total\n|\n|t:|1783568500\n|move|p2a: Articuno|Freeze-Dry|p1a: Kommo-o\n|-supereffective|p1a: Kommo-o\n|-damage|p1a: Kommo-o|0 fnt\n|faint|p1a: Kommo-o\n|\n|-weather|Snowscape|[upkeep]\n|upkeep\n|\n|t:|1783568501\n|switch|p1a: Ogerpon|Ogerpon-Wellspring, L76, F|100/100\n|turn|18\n|inactive|Time left: 300 sec this turn | 300 sec total\n|\n|t:|1783568502\n|-terastallize|p2a: Articuno|Steel\n|move|p1a: Ogerpon|Ivy Cudgel|p2a: Articuno|[anim] Ivy Cudgel Water\n|-damage|p2a: Articuno|160/295\n|move|p2a: Articuno|Brave Bird|p1a: Ogerpon\n|-supereffective|p1a: Ogerpon\n|-damage|p1a: Ogerpon|0 fnt\n|faint|p1a: Ogerpon\n|-damage|p2a: Articuno|78/295|[from] Recoil\n|\n|win|p0y2544273e", "uploadtime": 1783568502, "views": 0, "rating": 0, "private": 0, "password": null, "_winner": "p0y2544273e", "_our_name": "p0y2544273e"}