{"id": "battle-gen9randombattle-2760", "formatid": "gen9randombattle", "format": "[Gen 9] Random Battle", "players": ["p0x27607c79", "p0y27607612"], "log": "|init|battle\n|title|p0x27607c79 vs. p0y27607612\n|j|\u2606p0x27607c79\n|j|\u2606p0y27607612\n|t:|1783570803\n|gametype|singles\n|player|p1|p0x27607c79|169|\n|player|p2|p0y27607612|1|\n|gen|9\n|tier|[Gen 9] Random Battle\n|rule|Species Clause: Limit one of each Pok\u00e9mon\n|rule|HP Percentage Mod: HP is shown in percentages\n|rule|Sleep Clause Mod: Limit one foe put to sleep\n|rule|Illusion Level Mod: Illusion disguises the Pok\u00e9mon's true level\n|\n|t:|1783570803\n|teamsize|p1|6\n|teamsize|p2|6\n|start\n|switch|p1a: Bombirdier|Bombirdier, L85, F|100/100\n|switch|p2a: Wyrdeer|Wyrdeer, L87, F|321/321\n|-ability|p2a: Wyrdeer|Intimidate|boost\n|-unboost|p1a: Bombirdier|atk|1\n|turn|1\n|inactive|Battle timer is ON: inactive players will automatically lose when time's up. (requested by p0y27607612)\n|inactive|p0x27607c79 also wants the timer to be on.\n|\n|t:|1783570805\n|move|p1a: Bombirdier|Knock Off|p2a: Wyrdeer\n|-supereffective|p2a: Wyrdeer\n|-damage|p2a: Wyrdeer|159/321\n|-enditem|p2a: Wyrdeer|Assault Vest|[from] move: Knock Off|[of] p1a: Bombirdier\n|move|p2a: Wyrdeer|Body Slam|p1a: Bombirdier\n|-damage|p1a: Bombirdier|61/100\n|\n|upkeep\n|turn|2\n|inactive|Time left: 300 sec this turn | 300 sec total\n|\n|t:|1783570806\n|switch|p2a: Groudon|Groudon, L72|263/263\n|-weather|SunnyDay|[from] ability: Drought|[of] p2a: Groudon\n|move|p1a: Bombirdier|Stealth Rock|p2a: Groudon\n|-sidestart|p2: p0y27607612|move: Stealth Rock\n|\n|-weather|SunnyDay|[upkeep]\n|upkeep\n|turn|3\n|inactive|Time left: 300 sec this turn | 300 sec total\n|\n|t:|1783570807\n|move|p1a: Bombirdier|Roost|p1a: Bombirdier\n|-heal|p1a: Bombirdier|100/100\n|-singleturn|p1a: Bombirdier|move: Roost\n|move|p2a: Groudon|Swords Dance|p2a: Groudon\n|-boost|p2a: Groudon|atk|2\n|\n|-weather|SunnyDay|[upkeep]\n|upkeep\n|turn|4\n|inactive|Time left: 300 sec this turn | 300 sec total\n|\n|t:|1783570808\n|switch|p1a: Iron Thorns|Iron Thorns, L83|100/100\n|-item|p1a: Iron Thorns|Air Balloon\n|move|p2a: Groudon|Heat Crash|p1a: Iron Thorns\n|-resisted|p1a: Iron Thorns\n|-damage|p1a: Iron Thorns|74/100\n|-enditem|p1a: Iron Thorns|Air Balloon\n|\n|-weather|SunnyDay|[upkeep]\n|upkeep\n|turn|5\n|inactive|Time left: 300 sec this turn | 300 sec total\n|\n|t:|1783570809\n|move|p2a: Groudon|Precipice Blades|p1a: Iron Thorns\n|-supereffective|p1a: Iron Thorns\n|-damage|p1a: Iron Thorns|0 fnt\n|faint|p1a: Iron Thorns\n|-end|p1a: Iron Thorns|Quark Drive|[silent]\n|\n|-weather|SunnyDay|[upkeep]\n|upkeep\n|\n|t:|1783570810\n|switch|p1a: Shiftry|Shiftry, L89, M|100/100\n|turn|6\n|inactive|Time left: 300 sec this turn | 300 sec total\n|\n|t:|1783570811\n|move|p1a: Shiftry|Knock Off|p2a: Groudon\n|-damage|p2a: Groudon|129/263\n|-enditem|p2a: Groudon|Leftovers|[from] move: Knock Off|[of] p1a: Shiftry\n|-damage|p1a: Shiftry|91/100|[from] item: Life Orb\n|move|p2a: Groudon|Heat Crash|p1a: Shiftry\n|-supereffective|p1a: Shiftry\n|-damage|p1a: Shiftry|0 fnt\n|faint|p1a: Shiftry\n|\n|-weather|none\n|upkeep\n|\n|t:|1783570812\n|switch|p1a: Zacian|Zacian, L69|100/100\n|-ability|p1a: Zacian|Intrepid Sword|boost\n|-boost|p1a: Zacian|atk|1\n|turn|7\n|inactive|Time left: 300 sec this turn | 300 sec total\n|\n|t:|1783570813\n|-terastallize|p1a: Zacian|Fighting\n|move|p1a: Zacian|Close Combat|p2a: Groudon\n|-damage|p2a: Groudon|0 fnt\n|-unboost|p1a: Zacian|def|1\n|-unboost|p1a: Zacian|spd|1\n|faint|p2a: Groudon\n|\n|upkeep\n|inactive|Time left: 300 sec this turn | 300 sec total | 5 sec grace\n|\n|t:|1783570814\n|switch|p2a: Pelipper|Pelipper, L86, F|243/243\n|-weather|RainDance|[from] ability: Drizzle|[of] p2a: Pelipper\n|turn|8\n|inactive|Time left: 300 sec this turn | 300 sec total\n|\n|t:|1783570814\n|switch|p1a: Hypno|Hypno, L95, F|100/100\n|move|p2a: Pelipper|Hydro Pump|p1a: Hypno\n|-damage|p1a: Hypno|60/100\n|\n|-weather|RainDance|[upkeep]\n|-heal|p1a: Hypno|66/100|[from] item: Leftovers\n|upkeep\n|turn|9\n|inactive|Time left: 300 sec this turn | 300 sec total\n|\n|t:|1783570815\n|move|p1a: Hypno|Psychic Noise|p2a: Pelipper\n|-damage|p2a: Pelipper|143/243\n|-start|p2a: Pelipper|move: Heal Block\n|move|p2a: Pelipper|Knock Off|p1a: Hypno\n|-supereffective|p1a: Hypno\n|-damage|p1a: Hypno|34/100\n|-enditem|p1a: Hypno|Leftovers|[from] move: Knock Off|[of] p2a: Pelipper\n|\n|-weather|RainDance|[upkeep]\n|upkeep\n|turn|10\n|inactive|Time left: 300 sec this turn | 300 sec total\n|\n|t:|1783570816\n|move|p1a: Hypno|Psychic Noise|p2a: Pelipper\n|-damage|p2a: Pelipper|40/243\n|move|p2a: Pelipper|Hurricane|p1a: Hypno\n|-damage|p1a: Hypno|7/100\n|\n|-weather|RainDance|[upkeep]\n|-end|p2a: Pelipper|move: Heal Block\n|upkeep\n|turn|11\n|inactive|Time left: 300 sec this turn | 300 sec total\n|\n|t:|1783570817\n|switch|p2a: Dewgong|Dewgong, L94, M|322/322\n|move|p1a: Hypno|Psychic Noise|p2a: Dewgong\n|-damage|p2a: Dewgong|247/322\n|-start|p2a: Dewgong|move: Heal Block\n|\n|-weather|RainDance|[upkeep]\n|upkeep\n|turn|12\n|inactive|Time left: 300 sec this turn | 300 sec total\n|\n|t:|1783570818\n|move|p2a: Dewgong|Flip Turn|p1a: Hypno\n|-damage|p1a: Hypno|0 fnt\n|faint|p1a: Hypno\n|inactive|Time left: 300 sec this turn | 300 sec total | 5 sec grace\n|\n|t:|1783570819\n|switch|p2a: Iron Hands|Iron Hands, L79|373/373|[from] Flip Turn\n|-damage|p2a: Iron Hands|350/373|[from] Stealth Rock\n|\n|-weather|none\n|upkeep\n|\n|t:|1783570820\n|switch|p1a: Polteageist|Polteageist, L78|100/100\n|turn|13\n|inactive|Time left: 300 sec this turn | 300 sec total\n|\n|t:|1783570820\n|move|p1a: Polteageist|Shell Smash|p1a: Polteageist\n|-unboost|p1a: Polteageist|def|1\n|-unboost|p1a: Polteageist|spd|1\n|-boost|p1a: Polteageist|atk|2\n|-boost|p1a: Polteageist|spa|2\n|-boost|p1a: Polteageist|spe|2\n|-enditem|p1a: Polteageist|White Herb\n|-clearnegativeboost|p1a: Polteageist|[silent]\n|move|p2a: Iron Hands|Heavy Slam|p1a: Polteageist\n|-damage|p1a: Polteageist|42/100\n|\n|upkeep\n|turn|14\n|inactive|Time left: 300 sec this turn | 300 sec total\n|\n|t:|1783570821\n|-terastallize|p2a: Iron Hands|Electric\n|move|p1a: Polteageist|Strength Sap|p2a: Iron Hands\n|-unboost|p2a: Iron Hands|atk|1\n|-heal|p1a: Polteageist|100/100\n|move|p2a: Iron Hands|Wild Charge|p1a: Polteageist\n|-damage|p1a: Polteageist|42/100\n|-damage|p2a: Iron Hands|317/373|[from] Recoil\n|\n|upkeep\n|turn|15\n|inactive|Time left: 300 sec this turn | 300 sec total\n|\n|t:|1783570822\n|move|p1a: Polteageist|Strength Sap|p2a: Iron Hands\n|-unboost|p2a: Iron Hands|atk|1\n|-heal|p1a: Polteageist|100/100\n|move|p2a: Iron Hands|Wild Charge|p1a: Polteageist\n|-damage|p1a: Polteageist|50/100\n|-damage|p2a: Iron Hands|289/373|[from] Recoil\n|\n|upkeep\n|turn|16\n|inactive|Time left: 300 sec this turn | 300 sec total\n|\n|t:|1783570823\n|move|p1a: Polteageist|Strength Sap|p2a: Iron Hands\n|-unboost|p2a: Iron Hands|atk|1\n|-heal|p1a: Polteageist|100/100\n|move|p2a: Iron Hands|Volt Switch|p1a: Polteageist\n|-damage|p1a: Polteageist|77/100\n|-start|p2a: Iron Hands|Disable|Volt Switch|[from] ability: Cursed Body|[of] p1a: Polteageist\n|inactive|Time left: 300 sec this turn | 300 sec total | 5 sec grace\n|\n|t:|1783570824\n|-end|p2a: Iron Hands|Quark Drive|[silent]\n|switch|p2a: Dewgong|Dewgong, L94, M|247/322|[from] Volt Switch\n|\n|upkeep\n|turn|17\n|inactive|Time left: 300 sec this turn | 300 sec total\n|\n|t:|1783570825\n|move|p1a: Polteageist|Stored Power|p2a: Dewgong\n|-damage|p2a: Dewgong|56/322\n|move|p2a: Dewgong|Encore|p1a: Polteageist\n|-start|p1a: Polteageist|Encore\n|\n|upkeep\n|turn|18\n|inactive|Time left: 300 sec this turn | 300 sec total\n|\n|t:|1783570826\n|move|p1a: Polteageist|Stored Power|p2a: Dewgong\n|-damage|p2a: Dewgong|0 fnt\n|faint|p2a: Dewgong\n|\n|upkeep\n|inactive|Time left: 300 sec this turn | 300 sec total | 5 sec grace\n|\n|t:|1783570827\n|switch|p2a: Iron Hands|Iron Hands, L79, tera:Electric|289/373\n|-damage|p2a: Iron Hands|243/373|[from] Stealth Rock\n|turn|19\n|inactive|Time left: 300 sec this turn | 300 sec total\n|\n|t:|1783570828\n|move|p1a: Polteageist|Stored Power|p2a: Iron Hands\n|-damage|p2a: Iron Hands|62/373\n|move|p2a: Iron Hands|Wild Charge|p1a: Polteageist\n|-damage|p1a: Polteageist|0 fnt\n|faint|p1a: Polteageist\n|-damage|p2a: Iron Hands|19/373|[from] Recoil\n|\n|upkeep\n|\n|t:|1783570829\n|switch|p1a: Zacian|Zacian, L69, tera:Fighting|100/100\n|turn|20\n|inactive|Time left: 300 sec this turn | 300 sec total\n|\n|t:|1783570830\n|move|p1a: Zacian|Play Rough|p2a: Iron Hands\n|-damage|p2a: Iron Hands|0 fnt\n|faint|p2a: Iron Hands\n|-end|p2a: Iron Hands|Quark Drive|[silent]\n|\n|upkeep\n|inactive|Time left: 300 sec this turn | 300 sec total | 5 sec grace\n|\n|t:|1783570831\n|switch|p2a: Scovillain|Scovillain, L91, M|266/266\n|turn|21\n|inactive|Time left: 300 sec this turn | 300 sec total\n|\n|t:|1783570832\n|switch|p1a: Bombirdier|Bombirdier, L85, F|100/100\n|move|p2a: Scovillain|Fire Blast|p1a: Bombirdier\n|-damage|p1a: Bombirdier|47/100\n|\n|upkeep\n|turn|22\n|inactive|Time left: 300 sec this turn | 300 sec total\n|\n|t:|1783570833\n|move|p1a: Bombirdier|Brave Bird|p2a: Scovillain\n|-supereffective|p2a: Scovillain\n|-damage|p2a: Scovillain|0 fnt\n|faint|p2a: Scovillain\n|-damage|p1a: Bombirdier|13/100|[from] Recoil\n|\n|upkeep\n|inactive|Time left: 300 sec this turn | 300 sec total | 5 sec grace\n|\n|t:|1783570834\n|switch|p2a: Pelipper|Pelipper, L86, F|40/243\n|-weather|RainDance|[from] ability: Drizzle|[of] p2a: Pelipper\n|turn|23\n|inactive|Time left: 300 sec this turn | 300 sec total\n|\n|t:|1783570835\n|move|p1a: Bombirdier|Brave Bird|p2a: Pelipper\n|-damage|p2a: Pelipper|0 fnt\n|faint|p2a: Pelipper\n|-damage|p1a: Bombirdier|7/100|[from] Recoil\n|\n|-weather|RainDance|[upkeep]\n|upkeep\n|inactive|Time left: 300 sec this turn | 300 sec total | 5 sec grace\n|\n|t:|1783570836\n|switch|p2a: Wyrdeer|Wyrdeer, L87, F|159/321\n|-damage|p2a: Wyrdeer|119/321|[from] Stealth Rock\n|-ability|p2a: Wyrdeer|Intimidate|boost\n|-unboost|p1a: Bombirdier|atk|1\n|turn|24\n|inactive|Time left: 300 sec this turn | 300 sec total\n|\n|t:|1783570837\n|move|p1a: Bombirdier|Brave Bird|p2a: Wyrdeer\n|-damage|p2a: Wyrdeer|16/321\n|-damage|p1a: Bombirdier|0 fnt|[from] Recoil\n|faint|p1a: Bombirdier\n|move|p2a: Wyrdeer|Psychic Noise|p1: Bombirdier|[notarget]\n|-fail|p2a: Wyrdeer\n|\n|-weather|RainDance|[upkeep]\n|upkeep\n|\n|t:|1783570837\n|switch|p1a: Zacian|Zacian, L69, tera:Fighting|100/100\n|turn|25\n|inactive|Time left: 300 sec this turn | 300 sec total\n|\n|t:|1783570838\n|move|p1a: Zacian|Close Combat|p2a: Wyrdeer\n|-damage|p2a: Wyrdeer|0 fnt\n|-unboost|p1a: Zacian|def|1\n|-unboost|p1a: Zacian|spd|1\n|faint|p2a: Wyrdeer\n|\n|win|p0x27607c79", "uploadtime": 1783570838, "views": 0, "rating": 0, "private": 0, "password": null, "_winner": "p0x27607c79", "_our_name": "p0y27607612"}