{"id": "battle-gen9randombattle-175", "formatid": "gen9randombattle", "format": "[Gen 9] Random Battle", "players": ["p0x175f83a", "p0y175c576"], "log": "|init|battle\n|title|p0x175f83a vs. p0y175c576\n|j|\u2606p0x175f83a\n|j|\u2606p0y175c576\n|t:|1783541158\n|gametype|singles\n|player|p1|p0x175f83a|266|\n|player|p2|p0y175c576|2|\n|gen|9\n|tier|[Gen 9] Random Battle\n|rule|Species Clause: Limit one of each Pok\u00e9mon\n|rule|HP Percentage Mod: HP is shown in percentages\n|rule|Sleep Clause Mod: Limit one foe put to sleep\n|rule|Illusion Level Mod: Illusion disguises the Pok\u00e9mon's true level\n|\n|t:|1783541158\n|teamsize|p1|6\n|teamsize|p2|6\n|start\n|switch|p1a: Hoopa|Hoopa, L85|100/100\n|switch|p2a: Staraptor|Staraptor, L79, F|263/263\n|turn|1\n|inactive|Battle timer is ON: inactive players will automatically lose when time's up. (requested by p0x175f83a)\n|inactive|Time left: 300 sec this turn | 300 sec total | 60 sec grace\n|\n|t:|1783541160\n|switch|p1a: Probopass|Probopass, L91, M|100/100\n|move|p2a: Staraptor|Brave Bird|p1a: Probopass\n|-resisted|p1a: Probopass\n|-damage|p1a: Probopass|87/100\n|-damage|p2a: Staraptor|252/263|[from] Recoil\n|\n|-heal|p1a: Probopass|93/100|[from] item: Leftovers\n|upkeep\n|turn|2\n|inactive|Time left: 300 sec this turn | 300 sec total\n|inactive|p0y175c576 also wants the timer to be on.\n|\n|t:|1783541161\n|switch|p2a: Chimecho|Chimecho, L93, M|290/290\n|move|p1a: Probopass|Iron Defense|p1a: Probopass\n|-boost|p1a: Probopass|def|2\n|\n|-heal|p1a: Probopass|99/100|[from] item: Leftovers\n|upkeep\n|turn|3\n|inactive|Time left: 300 sec this turn | 300 sec total\n|\n|t:|1783541162\n|move|p2a: Chimecho|Calm Mind|p2a: Chimecho\n|-boost|p2a: Chimecho|spa|1\n|-boost|p2a: Chimecho|spd|1\n|move|p1a: Probopass|Body Press|p2a: Chimecho\n|-resisted|p2a: Chimecho\n|-damage|p2a: Chimecho|209/290\n|\n|-heal|p2a: Chimecho|227/290|[from] item: Leftovers\n|-heal|p1a: Probopass|100/100|[from] item: Leftovers\n|upkeep\n|turn|4\n|inactive|Time left: 300 sec this turn | 300 sec total\n|\n|t:|1783541162\n|move|p2a: Chimecho|Calm Mind|p2a: Chimecho\n|-boost|p2a: Chimecho|spa|1\n|-boost|p2a: Chimecho|spd|1\n|move|p1a: Probopass|Body Press|p2a: Chimecho\n|-resisted|p2a: Chimecho\n|-damage|p2a: Chimecho|142/290\n|\n|-heal|p2a: Chimecho|160/290|[from] item: Leftovers\n|upkeep\n|turn|5\n|inactive|Time left: 300 sec this turn | 300 sec total\n|\n|t:|1783541163\n|move|p2a: Chimecho|Recover|p2a: Chimecho\n|-heal|p2a: Chimecho|290/290\n|move|p1a: Probopass|Body Press|p2a: Chimecho\n|-resisted|p2a: Chimecho\n|-damage|p2a: Chimecho|203/290\n|\n|-heal|p2a: Chimecho|221/290|[from] item: Leftovers\n|upkeep\n|turn|6\n|inactive|Time left: 300 sec this turn | 300 sec total\n|\n|t:|1783541164\n|move|p2a: Chimecho|Calm Mind|p2a: Chimecho\n|-boost|p2a: Chimecho|spa|1\n|-boost|p2a: Chimecho|spd|1\n|move|p1a: Probopass|Body Press|p2a: Chimecho\n|-resisted|p2a: Chimecho\n|-damage|p2a: Chimecho|127/290\n|\n|-heal|p2a: Chimecho|145/290|[from] item: Leftovers\n|upkeep\n|turn|7\n|inactive|Time left: 300 sec this turn | 300 sec total\n|\n|t:|1783541165\n|move|p2a: Chimecho|Recover|p2a: Chimecho\n|-heal|p2a: Chimecho|290/290\n|move|p1a: Probopass|Body Press|p2a: Chimecho\n|-resisted|p2a: Chimecho\n|-damage|p2a: Chimecho|209/290\n|\n|-heal|p2a: Chimecho|227/290|[from] item: Leftovers\n|upkeep\n|turn|8\n|inactive|Time left: 300 sec this turn | 300 sec total\n|\n|t:|1783541166\n|move|p2a: Chimecho|Dazzling Gleam|p1a: Probopass\n|-resisted|p1a: Probopass\n|-damage|p1a: Probopass|79/100\n|move|p1a: Probopass|Body Press|p2a: Chimecho\n|-resisted|p2a: Chimecho\n|-damage|p2a: Chimecho|146/290\n|\n|-heal|p2a: Chimecho|164/290|[from] item: Leftovers\n|-heal|p1a: Probopass|86/100|[from] item: Leftovers\n|upkeep\n|turn|9\n|inactive|Time left: 300 sec this turn | 300 sec total\n|\n|t:|1783541167\n|move|p2a: Chimecho|Recover|p2a: Chimecho\n|-heal|p2a: Chimecho|290/290\n|move|p1a: Probopass|Body Press|p2a: Chimecho\n|-resisted|p2a: Chimecho\n|-damage|p2a: Chimecho|194/290\n|\n|-heal|p2a: Chimecho|212/290|[from] item: Leftovers\n|-heal|p1a: Probopass|92/100|[from] item: Leftovers\n|upkeep\n|turn|10\n|inactive|Time left: 300 sec this turn | 300 sec total\n|\n|t:|1783541168\n|move|p2a: Chimecho|Dazzling Gleam|p1a: Probopass\n|-resisted|p1a: Probopass\n|-damage|p1a: Probopass|71/100\n|move|p1a: Probopass|Body Press|p2a: Chimecho\n|-resisted|p2a: Chimecho\n|-damage|p2a: Chimecho|120/290\n|\n|-heal|p2a: Chimecho|138/290|[from] item: Leftovers\n|-heal|p1a: Probopass|78/100|[from] item: Leftovers\n|upkeep\n|turn|11\n|inactive|Time left: 300 sec this turn | 300 sec total\n|\n|t:|1783541170\n|move|p2a: Chimecho|Recover|p2a: Chimecho\n|-heal|p2a: Chimecho|283/290\n|move|p1a: Probopass|Body Press|p2a: Chimecho\n|-resisted|p2a: Chimecho\n|-damage|p2a: Chimecho|198/290\n|\n|-heal|p2a: Chimecho|216/290|[from] item: Leftovers\n|-heal|p1a: Probopass|84/100|[from] item: Leftovers\n|upkeep\n|turn|12\n|inactive|Time left: 300 sec this turn | 300 sec total\n|\n|t:|1783541171\n|move|p2a: Chimecho|Psyshock|p1a: Probopass\n|-resisted|p1a: Probopass\n|-damage|p1a: Probopass|68/100\n|move|p1a: Probopass|Body Press|p2a: Chimecho\n|-resisted|p2a: Chimecho\n|-damage|p2a: Chimecho|122/290\n|\n|-heal|p2a: Chimecho|140/290|[from] item: Leftovers\n|-heal|p1a: Probopass|74/100|[from] item: Leftovers\n|upkeep\n|turn|13\n|inactive|Time left: 300 sec this turn | 300 sec total\n|\n|t:|1783541172\n|move|p2a: Chimecho|Recover|p2a: Chimecho\n|-heal|p2a: Chimecho|285/290\n|move|p1a: Probopass|Body Press|p2a: Chimecho\n|-resisted|p2a: Chimecho\n|-damage|p2a: Chimecho|200/290\n|\n|-heal|p2a: Chimecho|218/290|[from] item: Leftovers\n|-heal|p1a: Probopass|81/100|[from] item: Leftovers\n|upkeep\n|turn|14\n|inactive|Time left: 300 sec this turn | 300 sec total\n|\n|t:|1783541173\n|move|p2a: Chimecho|Psyshock|p1a: Probopass\n|-resisted|p1a: Probopass\n|-damage|p1a: Probopass|65/100\n|move|p1a: Probopass|Body Press|p2a: Chimecho\n|-resisted|p2a: Chimecho\n|-damage|p2a: Chimecho|122/290\n|\n|-heal|p2a: Chimecho|140/290|[from] item: Leftovers\n|-heal|p1a: Probopass|71/100|[from] item: Leftovers\n|upkeep\n|turn|15\n|inactive|Time left: 300 sec this turn | 300 sec total\n|\n|t:|1783541175\n|move|p2a: Chimecho|Recover|p2a: Chimecho\n|-heal|p2a: Chimecho|285/290\n|move|p1a: Probopass|Body Press|p2a: Chimecho\n|-resisted|p2a: Chimecho\n|-damage|p2a: Chimecho|197/290\n|\n|-heal|p2a: Chimecho|215/290|[from] item: Leftovers\n|-heal|p1a: Probopass|77/100|[from] item: Leftovers\n|upkeep\n|turn|16\n|inactive|Time left: 300 sec this turn | 300 sec total\n|\n|t:|1783541176\n|move|p2a: Chimecho|Dazzling Gleam|p1a: Probopass\n|-resisted|p1a: Probopass\n|-damage|p1a: Probopass|57/100\n|move|p1a: Probopass|Body Press|p2a: Chimecho\n|-resisted|p2a: Chimecho\n|-damage|p2a: Chimecho|129/290\n|\n|-heal|p2a: Chimecho|147/290|[from] item: Leftovers\n|-heal|p1a: Probopass|63/100|[from] item: Leftovers\n|upkeep\n|turn|17\n|inactive|Time left: 300 sec this turn | 300 sec total\n|\n|t:|1783541178\n|move|p2a: Chimecho|Recover|p2a: Chimecho\n|-heal|p2a: Chimecho|290/290\n|move|p1a: Probopass|Body Press|p2a: Chimecho\n|-resisted|p2a: Chimecho\n|-damage|p2a: Chimecho|200/290\n|\n|-heal|p2a: Chimecho|218/290|[from] item: Leftovers\n|-heal|p1a: Probopass|69/100|[from] item: Leftovers\n|upkeep\n|turn|18\n|inactive|Time left: 300 sec this turn | 300 sec total\n|\n|t:|1783541179\n|move|p2a: Chimecho|Dazzling Gleam|p1a: Probopass\n|-resisted|p1a: Probopass\n|-damage|p1a: Probopass|48/100\n|move|p1a: Probopass|Body Press|p2a: Chimecho\n|-resisted|p2a: Chimecho\n|-damage|p2a: Chimecho|123/290\n|\n|-heal|p2a: Chimecho|141/290|[from] item: Leftovers\n|-heal|p1a: Probopass|55/100|[from] item: Leftovers\n|upkeep\n|turn|19\n|inactive|Time left: 300 sec this turn | 300 sec total\n|\n|t:|1783541180\n|move|p2a: Chimecho|Psyshock|p1a: Probopass\n|-resisted|p1a: Probopass\n|-damage|p1a: Probopass|41/100\n|move|p1a: Probopass|Iron Defense|p1a: Probopass\n|-boost|p1a: Probopass|def|2\n|\n|-heal|p2a: Chimecho|159/290|[from] item: Leftovers\n|-heal|p1a: Probopass|47/100|[from] item: Leftovers\n|upkeep\n|turn|20\n|inactive|Time left: 300 sec this turn | 300 sec total\n|\n|t:|1783541181\n|move|p2a: Chimecho|Recover|p2a: Chimecho\n|-heal|p2a: Chimecho|290/290\n|move|p1a: Probopass|Flash Cannon|p2a: Chimecho\n|-damage|p2a: Chimecho|259/290\n|\n|-heal|p2a: Chimecho|277/290|[from] item: Leftovers\n|-heal|p1a: Probopass|53/100|[from] item: Leftovers\n|upkeep\n|turn|21\n|inactive|Time left: 300 sec this turn | 300 sec total\n|\n|t:|1783541183\n|move|p2a: Chimecho|Psyshock|p1a: Probopass\n|-resisted|p1a: Probopass\n|-damage|p1a: Probopass|44/100\n|move|p1a: Probopass|Flash Cannon|p2a: Chimecho\n|-damage|p2a: Chimecho|247/290\n|-unboost|p2a: Chimecho|spd|1\n|\n|-heal|p2a: Chimecho|265/290|[from] item: Leftovers\n|-heal|p1a: Probopass|50/100|[from] item: Leftovers\n|upkeep\n|turn|22\n|inactive|Time left: 300 sec this turn | 300 sec total\n|\n|t:|1783541184\n|move|p2a: Chimecho|Dazzling Gleam|p1a: Probopass\n|-resisted|p1a: Probopass\n|-damage|p1a: Probopass|30/100\n|move|p1a: Probopass|Power Gem|p2a: Chimecho\n|-damage|p2a: Chimecho|231/290\n|\n|-heal|p2a: Chimecho|249/290|[from] item: Leftovers\n|-heal|p1a: Probopass|36/100|[from] item: Leftovers\n|upkeep\n|turn|23\n|inactive|Time left: 300 sec this turn | 300 sec total\n|\n|t:|1783541185\n|move|p2a: Chimecho|Psyshock|p1a: Probopass\n|-resisted|p1a: Probopass\n|-damage|p1a: Probopass|27/100\n|move|p1a: Probopass|Power Gem|p2a: Chimecho\n|-damage|p2a: Chimecho|210/290\n|\n|-heal|p2a: Chimecho|228/290|[from] item: Leftovers\n|-heal|p1a: Probopass|33/100|[from] item: Leftovers\n|upkeep\n|turn|24\n|inactive|Time left: 300 sec this turn | 300 sec total\n|\n|t:|1783541187\n|move|p2a: Chimecho|Dazzling Gleam|p1a: Probopass\n|-resisted|p1a: Probopass\n|-damage|p1a: Probopass|13/100\n|move|p1a: Probopass|Flash Cannon|p2a: Chimecho\n|-damage|p2a: Chimecho|191/290\n|\n|-heal|p2a: Chimecho|209/290|[from] item: Leftovers\n|-heal|p1a: Probopass|20/100|[from] item: Leftovers\n|upkeep\n|turn|25\n|inactive|Time left: 300 sec this turn | 300 sec total\n|\n|t:|1783541189\n|move|p2a: Chimecho|Dazzling Gleam|p1a: Probopass\n|-resisted|p1a: Probopass\n|-damage|p1a: Probopass|0 fnt\n|faint|p1a: Probopass\n|\n|-heal|p2a: Chimecho|227/290|[from] item: Leftovers\n|upkeep\n|\n|t:|1783541190\n|switch|p1a: Chesnaught|Chesnaught, L84, F|100/100\n|turn|26\n|inactive|Time left: 300 sec this turn | 300 sec total\n|\n|t:|1783541191\n|-terastallize|p1a: Chesnaught|Steel\n|move|p2a: Chimecho|Dazzling Gleam|p1a: Chesnaught\n|-resisted|p1a: Chesnaught\n|-damage|p1a: Chesnaught|69/100\n|move|p1a: Chesnaught|Trailblaze|p2a: Chimecho\n|-damage|p2a: Chimecho|170/290\n|-boost|p1a: Chesnaught|spe|1\n|\n|-heal|p1a: Chesnaught|75/100|[from] item: Leftovers\n|-heal|p2a: Chimecho|188/290|[from] item: Leftovers\n|upkeep\n|turn|27\n|inactive|Time left: 300 sec this turn | 300 sec total\n|\n|t:|1783541192\n|move|p1a: Chesnaught|Iron Defense|p1a: Chesnaught\n|-boost|p1a: Chesnaught|def|2\n|move|p2a: Chimecho|Psyshock|p1a: Chesnaught\n|-resisted|p1a: Chesnaught\n|-damage|p1a: Chesnaught|58/100\n|\n|-heal|p1a: Chesnaught|64/100|[from] item: Leftovers\n|-heal|p2a: Chimecho|206/290|[from] item: Leftovers\n|upkeep\n|turn|28\n|inactive|Time left: 300 sec this turn | 300 sec total\n|\n|t:|1783541193\n|move|p1a: Chesnaught|Body Press|p2a: Chimecho\n|-resisted|p2a: Chimecho\n|-damage|p2a: Chimecho|111/290\n|move|p2a: Chimecho|Dazzling Gleam|p1a: Chesnaught\n|-resisted|p1a: Chesnaught\n|-damage|p1a: Chesnaught|33/100\n|\n|-heal|p1a: Chesnaught|39/100|[from] item: Leftovers\n|-heal|p2a: Chimecho|129/290|[from] item: Leftovers\n|upkeep\n|turn|29\n|inactive|Time left: 300 sec this turn | 300 sec total\n|\n|t:|1783541195\n|-terastallize|p2a: Chimecho|Fairy\n|move|p1a: Chesnaught|Body Press|p2a: Chimecho\n|-resisted|p2a: Chimecho\n|-damage|p2a: Chimecho|27/290\n|move|p2a: Chimecho|Dazzling Gleam|p1a: Chesnaught\n|-resisted|p1a: Chesnaught\n|-damage|p1a: Chesnaught|0 fnt\n|faint|p1a: Chesnaught\n|\n|-heal|p2a: Chimecho|45/290|[from] item: Leftovers\n|upkeep\n|\n|t:|1783541196\n|switch|p1a: Talonflame|Talonflame, L83, F|100/100\n|turn|30\n|inactive|Time left: 300 sec this turn | 300 sec total\n|\n|t:|1783541197\n|move|p1a: Talonflame|Flare Blitz|p2a: Chimecho\n|-damage|p2a: Chimecho|0 fnt\n|faint|p2a: Chimecho\n|-damage|p1a: Talonflame|95/100|[from] Recoil\n|\n|upkeep\n|inactive|Time left: 300 sec this turn | 300 sec total | 5 sec grace\n|\n|t:|1783541198\n|switch|p2a: Staraptor|Staraptor, L79, F|252/263\n|turn|31\n|inactive|Time left: 300 sec this turn | 300 sec total\n|\n|t:|1783541199\n|switch|p1a: Duraludon|Duraludon, L82, M|100/100\n|move|p2a: Staraptor|Brave Bird|p1a: Duraludon\n|-resisted|p1a: Duraludon\n|-damage|p1a: Duraludon|74/100\n|-damage|p2a: Staraptor|230/263|[from] Recoil\n|\n|upkeep\n|turn|32\n|inactive|Time left: 300 sec this turn | 300 sec total\n|\n|t:|1783541200\n|switch|p2a: Tatsugiri|Tatsugiri, L87, F|260/260\n|move|p1a: Duraludon|Flash Cannon|p2a: Tatsugiri\n|-resisted|p2a: Tatsugiri\n|-damage|p2a: Tatsugiri|215/260\n|\n|upkeep\n|turn|33\n|inactive|Time left: 300 sec this turn | 300 sec total\n|\n|t:|1783541201\n|move|p2a: Tatsugiri|Draco Meteor|p1a: Duraludon\n|-damage|p1a: Duraludon|0 fnt\n|-unboost|p2a: Tatsugiri|spa|2\n|faint|p1a: Duraludon\n|\n|upkeep\n|\n|t:|1783541201\n|switch|p1a: Hoopa|Hoopa, L85|100/100\n|turn|34\n|inactive|Time left: 300 sec this turn | 300 sec total\n|\n|t:|1783541202\n|switch|p2a: Dachsbun|Dachsbun, L92, M|254/254\n|move|p1a: Hoopa|Nasty Plot|p1a: Hoopa\n|-boost|p1a: Hoopa|spa|2\n|\n|upkeep\n|turn|35\n|inactive|Time left: 300 sec this turn | 300 sec total\n|\n|t:|1783541203\n|move|p2a: Dachsbun|Play Rough|p1a: Hoopa\n|-damage|p1a: Hoopa|54/100\n|move|p1a: Hoopa|Psychic|p2a: Dachsbun\n|-damage|p2a: Dachsbun|0 fnt\n|faint|p2a: Dachsbun\n|-damage|p1a: Hoopa|44/100|[from] item: Life Orb\n|\n|upkeep\n|inactive|Time left: 300 sec this turn | 300 sec total | 5 sec grace\n|\n|t:|1783541204\n|switch|p2a: Staraptor|Staraptor, L79, F|230/263\n|turn|36\n|inactive|Time left: 300 sec this turn | 300 sec total\n|\n|t:|1783541205\n|move|p2a: Staraptor|Brave Bird|p1a: Hoopa\n|-damage|p1a: Hoopa|0 fnt\n|faint|p1a: Hoopa\n|-damage|p2a: Staraptor|190/263|[from] Recoil\n|\n|upkeep\n|\n|t:|1783541205\n|switch|p1a: Talonflame|Talonflame, L83, F|95/100\n|turn|37\n|inactive|Time left: 300 sec this turn | 300 sec total\n|\n|t:|1783541206\n|switch|p1a: Baxcalibur|Baxcalibur, L75, M|100/100\n|move|p2a: Staraptor|Brave Bird|p1a: Baxcalibur\n|-damage|p1a: Baxcalibur|13/100\n|-damage|p2a: Staraptor|105/263|[from] Recoil\n|\n|upkeep\n|turn|38\n|inactive|Time left: 300 sec this turn | 300 sec total\n|\n|t:|1783541207\n|move|p1a: Baxcalibur|Ice Shard|p2a: Staraptor\n|-supereffective|p2a: Staraptor\n|-damage|p2a: Staraptor|0 fnt\n|faint|p2a: Staraptor\n|\n|upkeep\n|inactive|Time left: 300 sec this turn | 300 sec total | 5 sec grace\n|\n|t:|1783541208\n|switch|p2a: Abomasnow|Abomasnow, L84, F|287/287\n|-weather|Snowscape|[from] ability: Snow Warning|[of] p2a: Abomasnow\n|turn|39\n|inactive|Time left: 300 sec this turn | 300 sec total\n|\n|t:|1783541209\n|move|p1a: Baxcalibur|Ice Shard|p2a: Abomasnow\n|-damage|p2a: Abomasnow|235/287\n|move|p2a: Abomasnow|Aurora Veil|p2a: Abomasnow\n|-sidestart|p2: p0y175c576|move: Aurora Veil\n|\n|-weather|Snowscape|[upkeep]\n|upkeep\n|turn|40\n|inactive|Time left: 300 sec this turn | 300 sec total\n|\n|t:|1783541210\n|switch|p1a: Talonflame|Talonflame, L83, F|95/100\n|switch|p2a: Tatsugiri|Tatsugiri, L87, F|215/260\n|\n|-weather|Snowscape|[upkeep]\n|upkeep\n|turn|41\n|inactive|Time left: 300 sec this turn | 300 sec total\n|\n|t:|1783541211\n|move|p1a: Talonflame|Swords Dance|p1a: Talonflame\n|-boost|p1a: Talonflame|atk|2\n|move|p2a: Tatsugiri|Surf|p1a: Talonflame\n|-supereffective|p1a: Talonflame\n|-damage|p1a: Talonflame|0 fnt\n|faint|p1a: Talonflame\n|\n|-weather|Snowscape|[upkeep]\n|upkeep\n|\n|t:|1783541212\n|switch|p1a: Baxcalibur|Baxcalibur, L75, M|13/100\n|turn|42\n|inactive|Time left: 300 sec this turn | 300 sec total\n|\n|t:|1783541213\n|move|p2a: Tatsugiri|Surf|p1a: Baxcalibur\n|-resisted|p1a: Baxcalibur\n|-damage|p1a: Baxcalibur|0 fnt\n|faint|p1a: Baxcalibur\n|\n|win|p0y175c576", "uploadtime": 1783541213, "views": 0, "rating": 0, "private": 0, "password": null, "_winner": "p0y175c576", "_our_name": "p0y175c576"}