{"id": "battle-gen9randombattle-1416", "formatid": "gen9randombattle", "format": "[Gen 9] Random Battle", "players": ["p0x14160e1d", "p0y14160718"], "log": "|init|battle\n|title|p0x14160e1d vs. p0y14160718\n|j|\u2606p0x14160e1d\n|j|\u2606p0y14160718\n|t:|1783556495\n|gametype|singles\n|player|p1|p0x14160e1d|169|\n|player|p2|p0y14160718|169|\n|gen|9\n|tier|[Gen 9] Random Battle\n|rule|Species Clause: Limit one of each Pok\u00e9mon\n|rule|HP Percentage Mod: HP is shown in percentages\n|rule|Sleep Clause Mod: Limit one foe put to sleep\n|rule|Illusion Level Mod: Illusion disguises the Pok\u00e9mon's true level\n|\n|t:|1783556495\n|teamsize|p1|6\n|teamsize|p2|6\n|start\n|switch|p1a: Glalie|Glalie, L96, F|100/100\n|switch|p2a: Donphan|Donphan, L84, M|288/288\n|turn|1\n|inactive|Battle timer is ON: inactive players will automatically lose when time's up. (requested by p0x14160e1d)\n|inactive|Time left: 300 sec this turn | 300 sec total | 60 sec grace\n|\n|t:|1783556496\n|move|p1a: Glalie|Freeze-Dry|p2a: Donphan\n|-supereffective|p2a: Donphan\n|-damage|p2a: Donphan|132/288\n|move|p2a: Donphan|Earthquake|p1a: Glalie\n|-damage|p1a: Glalie|59/100\n|\n|upkeep\n|turn|2\n|inactive|Time left: 300 sec this turn | 300 sec total\n|inactive|p0y14160718 also wants the timer to be on.\n|\n|t:|1783556497\n|switch|p2a: Bisharp|Bisharp, L79, M|232/232\n|move|p1a: Glalie|Freeze-Dry|p2a: Bisharp\n|-resisted|p2a: Bisharp\n|-damage|p2a: Bisharp|196/232\n|\n|upkeep\n|turn|3\n|inactive|Time left: 300 sec this turn | 300 sec total\n|\n|t:|1783556498\n|move|p1a: Glalie|Freeze-Dry|p2a: Bisharp\n|-resisted|p2a: Bisharp\n|-damage|p2a: Bisharp|159/232\n|move|p2a: Bisharp|Iron Head|p1a: Glalie\n|-supereffective|p1a: Glalie\n|-damage|p1a: Glalie|2/100\n|\n|upkeep\n|turn|4\n|inactive|Time left: 300 sec this turn | 300 sec total\n|\n|t:|1783556499\n|move|p1a: Glalie|Spikes|p2a: Bisharp\n|-sidestart|p2: p0y14160718|Spikes\n|move|p2a: Bisharp|Stealth Rock|p1a: Glalie\n|-sidestart|p1: p0x14160e1d|move: Stealth Rock\n|\n|upkeep\n|turn|5\n|inactive|Time left: 300 sec this turn | 300 sec total\n|\n|t:|1783556500\n|move|p1a: Glalie|Spikes|p2a: Bisharp\n|-sidestart|p2: p0y14160718|Spikes\n|move|p2a: Bisharp|Iron Head|p1a: Glalie\n|-supereffective|p1a: Glalie\n|-damage|p1a: Glalie|0 fnt\n|faint|p1a: Glalie\n|\n|upkeep\n|\n|t:|1783556501\n|switch|p1a: Hitmonchan|Hitmonchan, L87, M|100/100\n|-damage|p1a: Hitmonchan|94/100|[from] Stealth Rock\n|turn|6\n|inactive|Time left: 300 sec this turn | 300 sec total\n|\n|t:|1783556502\n|move|p1a: Hitmonchan|Drain Punch|p2a: Bisharp\n|-supereffective|p2a: Bisharp\n|-damage|p2a: Bisharp|0 fnt\n|-heal|p1a: Hitmonchan|100/100|[from] drain|[of] p2a: Bisharp\n|faint|p2a: Bisharp\n|\n|upkeep\n|inactive|Time left: 300 sec this turn | 300 sec total | 5 sec grace\n|\n|t:|1783556503\n|switch|p2a: Rhyperior|Rhyperior, L82, F|323/323\n|-damage|p2a: Rhyperior|270/323|[from] Spikes\n|turn|7\n|inactive|Time left: 300 sec this turn | 300 sec total\n|\n|t:|1783556504\n|move|p1a: Hitmonchan|Bulk Up|p1a: Hitmonchan\n|-boost|p1a: Hitmonchan|atk|1\n|-boost|p1a: Hitmonchan|def|1\n|move|p2a: Rhyperior|Earthquake|p1a: Hitmonchan\n|-damage|p1a: Hitmonchan|59/100\n|\n|-heal|p1a: Hitmonchan|65/100|[from] item: Leftovers\n|upkeep\n|turn|8\n|inactive|Time left: 300 sec this turn | 300 sec total\n|\n|t:|1783556505\n|move|p1a: Hitmonchan|Knock Off|p2a: Rhyperior\n|-damage|p2a: Rhyperior|188/323\n|-enditem|p2a: Rhyperior|Assault Vest|[from] move: Knock Off|[of] p1a: Hitmonchan\n|move|p2a: Rhyperior|Dragon Tail|p1a: Hitmonchan\n|-damage|p1a: Hitmonchan|48/100\n|drag|p1a: Golem|Golem-Alola, L93, M|100/100\n|-damage|p1a: Golem|88/100|[from] Stealth Rock\n|\n|upkeep\n|turn|9\n|inactive|Time left: 300 sec this turn | 300 sec total\n|\n|t:|1783556506\n|switch|p1a: Wyrdeer|Wyrdeer, L87, M|100/100\n|-damage|p1a: Wyrdeer|88/100|[from] Stealth Rock\n|-ability|p1a: Wyrdeer|Intimidate|boost\n|-unboost|p2a: Rhyperior|atk|1\n|move|p2a: Rhyperior|Earthquake|p1a: Wyrdeer\n|-damage|p1a: Wyrdeer|59/100\n|\n|upkeep\n|turn|10\n|inactive|Time left: 300 sec this turn | 300 sec total\n|\n|t:|1783556507\n|move|p1a: Wyrdeer|Psychic Noise|p2a: Rhyperior\n|-damage|p2a: Rhyperior|53/323\n|-start|p2a: Rhyperior|move: Heal Block\n|move|p2a: Rhyperior|Earthquake|p1a: Wyrdeer\n|-damage|p1a: Wyrdeer|29/100\n|\n|upkeep\n|turn|11\n|inactive|Time left: 300 sec this turn | 300 sec total\n|\n|t:|1783556508\n|move|p1a: Wyrdeer|Psychic Noise|p2a: Rhyperior\n|-damage|p2a: Rhyperior|0 fnt\n|faint|p2a: Rhyperior\n|\n|upkeep\n|inactive|Time left: 300 sec this turn | 300 sec total | 5 sec grace\n|\n|t:|1783556509\n|switch|p2a: Inteleon|Inteleon, L81, F|246/246\n|-damage|p2a: Inteleon|205/246|[from] Spikes\n|turn|12\n|inactive|Time left: 300 sec this turn | 300 sec total\n|\n|t:|1783556510\n|switch|p1a: Victreebel|Victreebel, L90, M|100/100\n|-damage|p1a: Victreebel|88/100|[from] Stealth Rock\n|move|p2a: Inteleon|Scald|p1a: Victreebel\n|-resisted|p1a: Victreebel\n|-damage|p1a: Victreebel|63/100\n|-status|p1a: Victreebel|brn\n|\n|-damage|p1a: Victreebel|57/100 brn|[from] brn\n|upkeep\n|turn|13\n|inactive|Time left: 300 sec this turn | 300 sec total\n|\n|t:|1783556511\n|move|p2a: Inteleon|Scald|p1a: Victreebel\n|-resisted|p1a: Victreebel\n|-damage|p1a: Victreebel|30/100 brn\n|move|p1a: Victreebel|Power Whip|p2a: Inteleon\n|-supereffective|p2a: Inteleon\n|-damage|p2a: Inteleon|0 fnt\n|faint|p2a: Inteleon\n|-damage|p1a: Victreebel|20/100 brn|[from] item: Life Orb\n|\n|-damage|p1a: Victreebel|14/100 brn|[from] brn\n|upkeep\n|inactive|Time left: 300 sec this turn | 300 sec total | 5 sec grace\n|\n|t:|1783556512\n|switch|p2a: Palkia|Palkia-Origin, L72|249/249\n|-damage|p2a: Palkia|208/249|[from] Spikes\n|-ability|p2a: Palkia|Pressure\n|turn|14\n|inactive|Time left: 300 sec this turn | 300 sec total\n|\n|t:|1783556513\n|move|p1a: Victreebel|Sucker Punch|p2a: Palkia\n|-damage|p2a: Palkia|169/249\n|-damage|p1a: Victreebel|4/100 brn|[from] item: Life Orb\n|move|p2a: Palkia|Spacial Rend|p1a: Victreebel\n|-damage|p1a: Victreebel|0 fnt\n|faint|p1a: Victreebel\n|\n|upkeep\n|\n|t:|1783556514\n|switch|p1a: Whiscash|Whiscash, L88, M|100/100\n|-damage|p1a: Whiscash|94/100|[from] Stealth Rock\n|turn|15\n|inactive|Time left: 300 sec this turn | 300 sec total\n|\n|t:|1783556515\n|move|p2a: Palkia|Spacial Rend|p1a: Whiscash\n|-damage|p1a: Whiscash|47/100\n|move|p1a: Whiscash|Dragon Dance|p1a: Whiscash\n|-boost|p1a: Whiscash|atk|1\n|-boost|p1a: Whiscash|spe|1\n|\n|upkeep\n|turn|16\n|inactive|Time left: 300 sec this turn | 300 sec total\n|\n|t:|1783556516\n|move|p1a: Whiscash|Earthquake|p2a: Palkia\n|-damage|p2a: Palkia|0 fnt\n|faint|p2a: Palkia\n|-damage|p1a: Whiscash|37/100|[from] item: Life Orb\n|\n|upkeep\n|inactive|Time left: 300 sec this turn | 300 sec total | 5 sec grace\n|\n|t:|1783556517\n|switch|p2a: Komala|Komala, L87, F|255/255\n|-damage|p2a: Komala|213/255|[from] Spikes\n|-ability|p2a: Komala|Comatose\n|turn|17\n|inactive|Time left: 300 sec this turn | 300 sec total\n|\n|t:|1783556518\n|-terastallize|p2a: Komala|Ghost\n|move|p1a: Whiscash|Earthquake|p2a: Komala\n|-damage|p2a: Komala|0 fnt\n|faint|p2a: Komala\n|-damage|p1a: Whiscash|28/100|[from] item: Life Orb\n|\n|upkeep\n|inactive|Time left: 300 sec this turn | 300 sec total | 5 sec grace\n|\n|t:|1783556519\n|switch|p2a: Donphan|Donphan, L84, M|132/288\n|-damage|p2a: Donphan|84/288|[from] Spikes\n|turn|18\n|inactive|Time left: 300 sec this turn | 300 sec total\n|\n|t:|1783556520\n|move|p1a: Whiscash|Liquidation|p2a: Donphan\n|-supereffective|p2a: Donphan\n|-damage|p2a: Donphan|0 fnt\n|faint|p2a: Donphan\n|-damage|p1a: Whiscash|18/100|[from] item: Life Orb\n|\n|win|p0x14160e1d", "uploadtime": 1783556520, "views": 0, "rating": 0, "private": 0, "password": null, "_winner": "p0x14160e1d", "_our_name": "p0y14160718"}