{"id": "battle-gen9randombattle-2879", "formatid": "gen9randombattle", "format": "[Gen 9] Random Battle", "players": ["p0x28792ad4", "p0y2879346e"], "log": "|init|battle\n|title|p0x28792ad4 vs. p0y2879346e\n|j|\u2606p0x28792ad4\n|j|\u2606p0y2879346e\n|t:|1783572206\n|gametype|singles\n|player|p1|p0x28792ad4|102|\n|player|p2|p0y2879346e|265|\n|gen|9\n|tier|[Gen 9] Random Battle\n|rule|Species Clause: Limit one of each Pok\u00e9mon\n|rule|HP Percentage Mod: HP is shown in percentages\n|rule|Sleep Clause Mod: Limit one foe put to sleep\n|rule|Illusion Level Mod: Illusion disguises the Pok\u00e9mon's true level\n|\n|t:|1783572206\n|teamsize|p1|6\n|teamsize|p2|6\n|start\n|switch|p1a: Kyurem|Kyurem, L77|319/319\n|switch|p2a: Abomasnow|Abomasnow, L84, F|100/100\n|-ability|p1a: Kyurem|Pressure\n|-weather|Snowscape|[from] ability: Snow Warning|[of] p2a: Abomasnow\n|turn|1\n|inactive|Battle timer is ON: inactive players will automatically lose when time's up. (requested by p0y2879346e)\n|inactive|Time left: 300 sec this turn | 300 sec total | 60 sec grace\n|inactive|p0x28792ad4 also wants the timer to be on.\n|\n|t:|1783572208\n|move|p1a: Kyurem|Outrage|p2a: Abomasnow\n|-damage|p2a: Abomasnow|67/100\n|move|p2a: Abomasnow|Aurora Veil|p2a: Abomasnow\n|-sidestart|p2: p0y2879346e|move: Aurora Veil\n|\n|-weather|Snowscape|[upkeep]\n|upkeep\n|turn|2\n|inactive|Time left: 300 sec this turn | 300 sec total\n|\n|t:|1783572209\n|move|p1a: Kyurem|Outrage|p2a: Abomasnow|[from] lockedmove\n|-damage|p2a: Abomasnow|50/100\n|move|p2a: Abomasnow|Blizzard|p1a: Kyurem\n|-damage|p1a: Kyurem|198/319\n|\n|-weather|Snowscape|[upkeep]\n|upkeep\n|turn|3\n|inactive|Time left: 300 sec this turn | 300 sec total\n|\n|t:|1783572210\n|move|p1a: Kyurem|Outrage|p2a: Abomasnow|[from] lockedmove\n|-damage|p2a: Abomasnow|31/100\n|-start|p1a: Kyurem|confusion|[fatigue]\n|move|p2a: Abomasnow|Blizzard|p1a: Kyurem\n|-damage|p1a: Kyurem|71/319\n|\n|-weather|Snowscape|[upkeep]\n|upkeep\n|turn|4\n|inactive|Time left: 300 sec this turn | 300 sec total\n|\n|t:|1783572211\n|switch|p1a: Probopass|Probopass, L91, F|257/257\n|move|p2a: Abomasnow|Blizzard|p1a: Probopass\n|-resisted|p1a: Probopass\n|-damage|p1a: Probopass|224/257\n|\n|-weather|Snowscape|[upkeep]\n|upkeep\n|turn|5\n|inactive|Time left: 300 sec this turn | 300 sec total\n|\n|t:|1783572213\n|move|p2a: Abomasnow|Earthquake|p1a: Probopass\n|-supereffective|p1a: Probopass\n|-damage|p1a: Probopass|60/257\n|move|p1a: Probopass|Power Gem|p2a: Abomasnow\n|-supereffective|p2a: Abomasnow\n|-damage|p2a: Abomasnow|3/100\n|\n|-weather|none\n|upkeep\n|turn|6\n|inactive|Time left: 300 sec this turn | 300 sec total\n|\n|t:|1783572214\n|move|p2a: Abomasnow|Earthquake|p1a: Probopass\n|-supereffective|p1a: Probopass\n|-damage|p1a: Probopass|0 fnt\n|faint|p1a: Probopass\n|\n|upkeep\n|inactive|Time left: 300 sec this turn | 300 sec total | 5 sec grace\n|\n|t:|1783572215\n|switch|p1a: Enamorus|Enamorus, L79, F|247/247\n|turn|7\n|inactive|Time left: 300 sec this turn | 300 sec total\n|\n|t:|1783572216\n|switch|p2a: Gengar|Gengar, L81, F|100/100\n|move|p1a: Enamorus|Superpower|p2a: Gengar\n|-immune|p2a: Gengar\n|\n|upkeep\n|turn|8\n|inactive|Time left: 300 sec this turn | 300 sec total\n|\n|t:|1783572217\n|switch|p1a: Houndstone|Houndstone, L86, F|264/264\n|move|p2a: Gengar|Sludge Wave|p1a: Houndstone\n|-resisted|p1a: Houndstone\n|-damage|p1a: Houndstone|209/264\n|\n|-sideend|p2: p0y2879346e|move: Aurora Veil\n|upkeep\n|turn|9\n|inactive|Time left: 300 sec this turn | 300 sec total\n|\n|t:|1783572218\n|switch|p2a: Lugia|Lugia, L73|100/100\n|move|p1a: Houndstone|Poltergeist|p2a: Lugia\n|-activate|p2a: Lugia|move: Poltergeist|Heavy-Duty Boots\n|-supereffective|p2a: Lugia\n|-damage|p2a: Lugia|62/100\n|\n|upkeep\n|turn|10\n|inactive|Time left: 300 sec this turn | 300 sec total\n|\n|t:|1783572219\n|move|p2a: Lugia|Recover|p2a: Lugia\n|-heal|p2a: Lugia|100/100\n|move|p1a: Houndstone|Poltergeist|p2a: Lugia\n|-activate|p2a: Lugia|move: Poltergeist|Heavy-Duty Boots\n|-supereffective|p2a: Lugia\n|-damage|p2a: Lugia|59/100\n|\n|upkeep\n|turn|11\n|inactive|Time left: 300 sec this turn | 300 sec total\n|\n|t:|1783572219\n|move|p2a: Lugia|Recover|p2a: Lugia\n|-heal|p2a: Lugia|100/100\n|move|p1a: Houndstone|Poltergeist|p2a: Lugia\n|-activate|p2a: Lugia|move: Poltergeist|Heavy-Duty Boots\n|-supereffective|p2a: Lugia\n|-damage|p2a: Lugia|64/100\n|\n|upkeep\n|turn|12\n|inactive|Time left: 300 sec this turn | 300 sec total\n|\n|t:|1783572220\n|move|p2a: Lugia|Recover|p2a: Lugia\n|-heal|p2a: Lugia|100/100\n|move|p1a: Houndstone|Poltergeist|p2a: Lugia\n|-activate|p2a: Lugia|move: Poltergeist|Heavy-Duty Boots\n|-supereffective|p2a: Lugia\n|-damage|p2a: Lugia|60/100\n|\n|upkeep\n|turn|13\n|inactive|Time left: 300 sec this turn | 300 sec total\n|\n|t:|1783572221\n|move|p2a: Lugia|Recover|p2a: Lugia\n|-heal|p2a: Lugia|100/100\n|move|p1a: Houndstone|Poltergeist|p2a: Lugia|[miss]\n|-miss|p1a: Houndstone|p2a: Lugia\n|\n|upkeep\n|turn|14\n|inactive|Time left: 300 sec this turn | 300 sec total\n|\n|t:|1783572222\n|move|p2a: Lugia|Calm Mind|p2a: Lugia\n|-boost|p2a: Lugia|spa|1\n|-boost|p2a: Lugia|spd|1\n|move|p1a: Houndstone|Poltergeist|p2a: Lugia\n|-activate|p2a: Lugia|move: Poltergeist|Heavy-Duty Boots\n|-supereffective|p2a: Lugia\n|-damage|p2a: Lugia|58/100\n|\n|upkeep\n|turn|15\n|inactive|Time left: 300 sec this turn | 300 sec total\n|\n|t:|1783572222\n|move|p2a: Lugia|Recover|p2a: Lugia\n|-heal|p2a: Lugia|100/100\n|move|p1a: Houndstone|Poltergeist|p2a: Lugia\n|-activate|p2a: Lugia|move: Poltergeist|Heavy-Duty Boots\n|-supereffective|p2a: Lugia\n|-damage|p2a: Lugia|64/100\n|\n|upkeep\n|turn|16\n|inactive|Time left: 300 sec this turn | 300 sec total\n|\n|t:|1783572223\n|move|p1a: Houndstone|Shadow Sneak|p2a: Lugia\n|-supereffective|p2a: Lugia\n|-damage|p2a: Lugia|36/100\n|move|p2a: Lugia|Recover|p2a: Lugia\n|-heal|p2a: Lugia|86/100\n|\n|upkeep\n|turn|17\n|inactive|Time left: 300 sec this turn | 300 sec total\n|\n|t:|1783572224\n|move|p2a: Lugia|Recover|p2a: Lugia\n|-heal|p2a: Lugia|100/100\n|move|p1a: Houndstone|Poltergeist|p2a: Lugia\n|-activate|p2a: Lugia|move: Poltergeist|Heavy-Duty Boots\n|-supereffective|p2a: Lugia\n|-damage|p2a: Lugia|64/100\n|\n|upkeep\n|turn|18\n|inactive|Time left: 300 sec this turn | 300 sec total\n|\n|t:|1783572225\n|move|p1a: Houndstone|Shadow Sneak|p2a: Lugia\n|-supereffective|p2a: Lugia\n|-damage|p2a: Lugia|37/100\n|move|p2a: Lugia|Recover|p2a: Lugia\n|-heal|p2a: Lugia|87/100\n|\n|upkeep\n|turn|19\n|inactive|Time left: 300 sec this turn | 300 sec total\n|\n|t:|1783572225\n|move|p1a: Houndstone|Shadow Sneak|p2a: Lugia\n|-supereffective|p2a: Lugia\n|-damage|p2a: Lugia|61/100\n|move|p2a: Lugia|Calm Mind|p2a: Lugia\n|-boost|p2a: Lugia|spa|1\n|-boost|p2a: Lugia|spd|1\n|\n|upkeep\n|turn|20\n|inactive|Time left: 300 sec this turn | 300 sec total\n|\n|t:|1783572226\n|move|p1a: Houndstone|Shadow Sneak|p2a: Lugia\n|-supereffective|p2a: Lugia\n|-damage|p2a: Lugia|34/100\n|move|p2a: Lugia|Aeroblast|p1a: Houndstone\n|-damage|p1a: Houndstone|122/264\n|\n|upkeep\n|turn|21\n|inactive|Time left: 300 sec this turn | 300 sec total\n|\n|t:|1783572227\n|move|p1a: Houndstone|Shadow Sneak|p2a: Lugia\n|-supereffective|p2a: Lugia\n|-damage|p2a: Lugia|4/100\n|move|p2a: Lugia|Aeroblast|p1a: Houndstone\n|-damage|p1a: Houndstone|31/264\n|\n|upkeep\n|turn|22\n|inactive|Time left: 300 sec this turn | 300 sec total\n|\n|t:|1783572228\n|move|p1a: Houndstone|Shadow Sneak|p2a: Lugia\n|-supereffective|p2a: Lugia\n|-damage|p2a: Lugia|0 fnt\n|faint|p2a: Lugia\n|\n|upkeep\n|\n|t:|1783572229\n|switch|p2a: Vivillon|Vivillon-Modern, L83, F|100/100\n|turn|23\n|inactive|Time left: 300 sec this turn | 300 sec total\n|\n|t:|1783572230\n|move|p2a: Vivillon|Quiver Dance|p2a: Vivillon\n|-boost|p2a: Vivillon|spa|1\n|-boost|p2a: Vivillon|spd|1\n|-boost|p2a: Vivillon|spe|1\n|move|p1a: Houndstone|Play Rough|p2a: Vivillon\n|-damage|p2a: Vivillon|60/100\n|\n|upkeep\n|turn|24\n|inactive|Time left: 300 sec this turn | 300 sec total\n|\n|t:|1783572232\n|move|p1a: Houndstone|Shadow Sneak|p2a: Vivillon\n|-damage|p2a: Vivillon|35/100\n|move|p2a: Vivillon|Bug Buzz|p1a: Houndstone\n|-resisted|p1a: Houndstone\n|-damage|p1a: Houndstone|0 fnt\n|faint|p1a: Houndstone\n|\n|upkeep\n|inactive|Time left: 300 sec this turn | 300 sec total | 5 sec grace\n|\n|t:|1783572233\n|switch|p1a: Regirock|Regirock, L83|268/268\n|turn|25\n|inactive|Time left: 300 sec this turn | 300 sec total\n|\n|t:|1783572234\n|move|p2a: Vivillon|Sleep Powder|p1a: Regirock\n|-status|p1a: Regirock|slp|[from] move: Sleep Powder\n|-enditem|p1a: Regirock|Chesto Berry|[eat]\n|-curestatus|p1a: Regirock|slp|[msg]\n|move|p1a: Regirock|Stone Edge|p2a: Vivillon|[miss]\n|-miss|p1a: Regirock|p2a: Vivillon\n|\n|upkeep\n|turn|26\n|inactive|Time left: 300 sec this turn | 300 sec total\n|\n|t:|1783572235\n|move|p2a: Vivillon|Sleep Powder|p1a: Regirock\n|-status|p1a: Regirock|slp|[from] move: Sleep Powder\n|cant|p1a: Regirock|slp\n|\n|upkeep\n|turn|27\n|inactive|Time left: 300 sec this turn | 300 sec total\n|\n|t:|1783572236\n|move|p2a: Vivillon|Hurricane|p1a: Regirock\n|-resisted|p1a: Regirock\n|-damage|p1a: Regirock|187/268 slp\n|cant|p1a: Regirock|slp\n|\n|upkeep\n|turn|28\n|inactive|Time left: 300 sec this turn | 300 sec total\n|\n|t:|1783572237\n|move|p2a: Vivillon|Bug Buzz|p1a: Regirock\n|-damage|p1a: Regirock|61/268 slp\n|cant|p1a: Regirock|slp\n|\n|upkeep\n|turn|29\n|inactive|Time left: 300 sec this turn | 300 sec total\n|\n|t:|1783572238\n|move|p2a: Vivillon|Hurricane|p1a: Regirock\n|-resisted|p1a: Regirock\n|-damage|p1a: Regirock|0 fnt\n|faint|p1a: Regirock\n|\n|upkeep\n|inactive|Time left: 300 sec this turn | 300 sec total | 5 sec grace\n|\n|t:|1783572239\n|switch|p1a: Enamorus|Enamorus, L79, F|247/247\n|turn|30\n|inactive|Time left: 300 sec this turn | 300 sec total\n|\n|t:|1783572240\n|move|p2a: Vivillon|Sleep Powder|p1a: Enamorus\n|-status|p1a: Enamorus|slp|[from] move: Sleep Powder\n|cant|p1a: Enamorus|slp\n|\n|upkeep\n|turn|31\n|inactive|Time left: 300 sec this turn | 300 sec total\n|\n|t:|1783572241\n|move|p2a: Vivillon|Hurricane|p1a: Enamorus\n|-damage|p1a: Enamorus|72/247 slp\n|cant|p1a: Enamorus|slp\n|\n|-heal|p1a: Enamorus|87/247 slp|[from] item: Leftovers\n|upkeep\n|turn|32\n|inactive|Time left: 300 sec this turn | 300 sec total\n|\n|t:|1783572242\n|move|p2a: Vivillon|Hurricane|p1a: Enamorus\n|-damage|p1a: Enamorus|0 fnt\n|faint|p1a: Enamorus\n|\n|upkeep\n|inactive|Time left: 300 sec this turn | 300 sec total | 5 sec grace\n|\n|t:|1783572243\n|switch|p1a: Oricorio|Oricorio-Pa'u, L87, M|272/272\n|turn|33\n|inactive|Time left: 300 sec this turn | 300 sec total\n|\n|t:|1783572244\n|move|p2a: Vivillon|Sleep Powder|p1a: Oricorio\n|-status|p1a: Oricorio|slp|[from] move: Sleep Powder\n|cant|p1a: Oricorio|slp\n|\n|upkeep\n|turn|34\n|inactive|Time left: 300 sec this turn | 300 sec total\n|\n|t:|1783572245\n|move|p2a: Vivillon|Hurricane|p1a: Oricorio\n|-damage|p1a: Oricorio|82/272 slp\n|-curestatus|p1a: Oricorio|slp|[msg]\n|move|p1a: Oricorio|Hurricane|p2a: Vivillon|[miss]\n|-miss|p1a: Oricorio|p2a: Vivillon\n|\n|upkeep\n|turn|35\n|inactive|Time left: 300 sec this turn | 300 sec total\n|\n|t:|1783572246\n|move|p2a: Vivillon|Bug Buzz|p1a: Oricorio\n|-damage|p1a: Oricorio|0 fnt\n|faint|p1a: Oricorio\n|\n|upkeep\n|inactive|Time left: 300 sec this turn | 300 sec total | 5 sec grace\n|\n|t:|1783572247\n|switch|p1a: Kyurem|Kyurem, L77|71/319\n|-ability|p1a: Kyurem|Pressure\n|turn|36\n|inactive|Time left: 300 sec this turn | 300 sec total\n|\n|t:|1783572248\n|move|p2a: Vivillon|Bug Buzz|p1a: Kyurem\n|-damage|p1a: Kyurem|0 fnt\n|faint|p1a: Kyurem\n|\n|win|p0y2879346e", "uploadtime": 1783572248, "views": 0, "rating": 0, "private": 0, "password": null, "_winner": "p0y2879346e", "_our_name": "p0x28792ad4"}