{"id": "battle-gen9randombattle-25", "formatid": "gen9randombattle", "format": "[Gen 9] Random Battle", "players": ["p0x025fe74", "p0y025092c"], "log": "|init|battle\n|title|p0x025fe74 vs. p0y025092c\n|j|\u2606p0x025fe74\n|j|\u2606p0y025092c\n|t:|1783539714\n|gametype|singles\n|player|p1|p0x025fe74|265|\n|player|p2|p0y025092c|170|\n|gen|9\n|tier|[Gen 9] Random Battle\n|rule|Species Clause: Limit one of each Pok\u00e9mon\n|rule|HP Percentage Mod: HP is shown in percentages\n|rule|Sleep Clause Mod: Limit one foe put to sleep\n|rule|Illusion Level Mod: Illusion disguises the Pok\u00e9mon's true level\n|\n|t:|1783539714\n|teamsize|p1|6\n|teamsize|p2|6\n|start\n|switch|p1a: Giratina|Giratina, L75, shiny|349/349\n|switch|p2a: Palafin|Palafin, L77, F|100/100\n|-ability|p1a: Giratina|Pressure\n|turn|1\n|inactive|Battle timer is ON: inactive players will automatically lose when time's up. (requested by p0x025fe74)\n|inactive|p0y025092c also wants the timer to be on.\n|\n|t:|1783539716\n|move|p2a: Palafin|Wave Crash|p1a: Giratina\n|-resisted|p1a: Giratina\n|-damage|p1a: Giratina|298/349\n|-damage|p2a: Palafin|94/100|[from] Recoil\n|move|p1a: Giratina|Dragon Pulse|p2a: Palafin\n|-damage|p2a: Palafin|56/100\n|\n|-heal|p1a: Giratina|319/349|[from] item: Leftovers\n|upkeep\n|turn|2\n|inactive|Time left: 300 sec this turn | 300 sec total\n|\n|t:|1783539717\n|detailschange|p2a: Palafin|Palafin-Hero, L77, F\n|switch|p2a: Mimikyu|Mimikyu, L79, M|100/100\n|move|p1a: Giratina|Calm Mind|p1a: Giratina\n|-boost|p1a: Giratina|spa|1\n|-boost|p1a: Giratina|spd|1\n|\n|-heal|p1a: Giratina|340/349|[from] item: Leftovers\n|upkeep\n|turn|3\n|inactive|Time left: 300 sec this turn | 300 sec total\n|\n|t:|1783539719\n|move|p2a: Mimikyu|Swords Dance|p2a: Mimikyu\n|-boost|p2a: Mimikyu|atk|2\n|move|p1a: Giratina|Calm Mind|p1a: Giratina\n|-boost|p1a: Giratina|spa|1\n|-boost|p1a: Giratina|spd|1\n|\n|-heal|p1a: Giratina|349/349|[from] item: Leftovers\n|upkeep\n|turn|4\n|inactive|Time left: 300 sec this turn | 300 sec total\n|\n|t:|1783539720\n|-terastallize|p1a: Giratina|Fairy\n|move|p2a: Mimikyu|Play Rough|p1a: Giratina|[miss]\n|-miss|p2a: Mimikyu|p1a: Giratina\n|move|p1a: Giratina|Dragon Pulse|p2a: Mimikyu\n|-immune|p2a: Mimikyu\n|\n|upkeep\n|turn|5\n|inactive|Time left: 300 sec this turn | 300 sec total\n|\n|t:|1783539721\n|move|p2a: Mimikyu|Swords Dance|p2a: Mimikyu\n|-boost|p2a: Mimikyu|atk|2\n|move|p1a: Giratina|Dragon Pulse|p2a: Mimikyu\n|-immune|p2a: Mimikyu\n|\n|upkeep\n|turn|6\n|inactive|Time left: 300 sec this turn | 300 sec total\n|\n|t:|1783539722\n|move|p2a: Mimikyu|Play Rough|p1a: Giratina\n|-damage|p1a: Giratina|64/349\n|-damage|p2a: Mimikyu|91/100|[from] item: Life Orb\n|move|p1a: Giratina|Rest|p1a: Giratina\n|-status|p1a: Giratina|slp|[from] move: Rest\n|-heal|p1a: Giratina|349/349 slp|[silent]\n|\n|upkeep\n|turn|7\n|inactive|Time left: 300 sec this turn | 300 sec total\n|\n|t:|1783539723\n|move|p2a: Mimikyu|Play Rough|p1a: Giratina\n|-damage|p1a: Giratina|94/349 slp\n|-damage|p2a: Mimikyu|81/100|[from] item: Life Orb\n|cant|p1a: Giratina|slp\n|\n|-heal|p1a: Giratina|115/349 slp|[from] item: Leftovers\n|upkeep\n|turn|8\n|inactive|Time left: 300 sec this turn | 300 sec total\n|\n|t:|1783539724\n|move|p2a: Mimikyu|Play Rough|p1a: Giratina\n|-damage|p1a: Giratina|0 fnt\n|faint|p1a: Giratina\n|-damage|p2a: Mimikyu|71/100|[from] item: Life Orb\n|\n|upkeep\n|inactive|Time left: 300 sec this turn | 300 sec total | 5 sec grace\n|\n|t:|1783539725\n|switch|p1a: Tinkaton|Tinkaton, L82, F|274/274\n|-ability|p1a: Tinkaton|Mold Breaker\n|turn|9\n|inactive|Time left: 300 sec this turn | 300 sec total\n|\n|t:|1783539726\n|move|p1a: Tinkaton|Encore|p2a: Mimikyu\n|-start|p2a: Mimikyu|Encore\n|move|p2a: Mimikyu|Play Rough|p1a: Tinkaton|[miss]\n|-miss|p2a: Mimikyu|p1a: Tinkaton\n|\n|upkeep\n|turn|10\n|inactive|Time left: 300 sec this turn | 300 sec total\n|\n|t:|1783539727\n|move|p1a: Tinkaton|Play Rough|p2a: Mimikyu|[miss]\n|-miss|p1a: Tinkaton|p2a: Mimikyu\n|move|p2a: Mimikyu|Play Rough|p1a: Tinkaton\n|-resisted|p1a: Tinkaton\n|-damage|p1a: Tinkaton|99/274\n|-damage|p2a: Mimikyu|62/100|[from] item: Life Orb\n|\n|-heal|p1a: Tinkaton|116/274|[from] item: Leftovers\n|upkeep\n|turn|11\n|inactive|Time left: 300 sec this turn | 300 sec total\n|\n|t:|1783539728\n|move|p1a: Tinkaton|Gigaton Hammer|p2a: Mimikyu\n|-supereffective|p2a: Mimikyu\n|-damage|p2a: Mimikyu|0 fnt\n|faint|p2a: Mimikyu\n|\n|-heal|p1a: Tinkaton|133/274|[from] item: Leftovers\n|upkeep\n|\n|t:|1783539729\n|switch|p2a: Falinks|Falinks, L84|100/100\n|turn|12\n|inactive|Time left: 300 sec this turn | 300 sec total\n|\n|t:|1783539731\n|move|p1a: Tinkaton|Play Rough|p2a: Falinks\n|-supereffective|p2a: Falinks\n|-damage|p2a: Falinks|48/100\n|move|p2a: Falinks|No Retreat|p2a: Falinks\n|-boost|p2a: Falinks|atk|1\n|-boost|p2a: Falinks|def|1\n|-boost|p2a: Falinks|spa|1\n|-boost|p2a: Falinks|spd|1\n|-boost|p2a: Falinks|spe|1\n|-start|p2a: Falinks|move: No Retreat\n|\n|-heal|p1a: Tinkaton|150/274|[from] item: Leftovers\n|upkeep\n|turn|13\n|inactive|Time left: 300 sec this turn | 300 sec total\n|\n|t:|1783539732\n|move|p2a: Falinks|Close Combat|p1a: Tinkaton\n|-damage|p1a: Tinkaton|0 fnt\n|-unboost|p2a: Falinks|def|1\n|-unboost|p2a: Falinks|spd|1\n|faint|p1a: Tinkaton\n|-damage|p2a: Falinks|39/100|[from] item: Life Orb\n|\n|upkeep\n|inactive|Time left: 300 sec this turn | 300 sec total | 5 sec grace\n|\n|t:|1783539733\n|switch|p1a: Reshiram|Reshiram, L76|277/277\n|-ability|p1a: Reshiram|Turboblaze\n|turn|14\n|inactive|Time left: 300 sec this turn | 300 sec total\n|\n|t:|1783539734\n|move|p2a: Falinks|Close Combat|p1a: Reshiram\n|-damage|p1a: Reshiram|46/277\n|-unboost|p2a: Falinks|def|1\n|-unboost|p2a: Falinks|spd|1\n|-damage|p2a: Falinks|29/100|[from] item: Life Orb\n|move|p1a: Reshiram|Earth Power|p2a: Falinks\n|-damage|p2a: Falinks|0 fnt\n|faint|p2a: Falinks\n|\n|upkeep\n|\n|t:|1783539735\n|switch|p2a: Palafin|Palafin-Hero, L77, F|56/100\n|-activate|p2a: Palafin|ability: Zero to Hero\n|turn|15\n|inactive|Time left: 300 sec this turn | 300 sec total\n|\n|t:|1783539736\n|move|p2a: Palafin|Close Combat|p1a: Reshiram\n|-damage|p1a: Reshiram|0 fnt\n|-unboost|p2a: Palafin|def|1\n|-unboost|p2a: Palafin|spd|1\n|faint|p1a: Reshiram\n|\n|upkeep\n|inactive|Time left: 300 sec this turn | 300 sec total | 5 sec grace\n|\n|t:|1783539737\n|switch|p1a: Golurk|Golurk, L87|297/297\n|turn|16\n|inactive|Time left: 300 sec this turn | 300 sec total\n|\n|t:|1783539738\n|switch|p2a: Mew|Mew, L82|100/100\n|move|p1a: Golurk|Dynamic Punch|p2a: Mew\n|-resisted|p2a: Mew\n|-damage|p2a: Mew|79/100\n|-start|p2a: Mew|confusion\n|\n|-heal|p2a: Mew|85/100|[from] item: Leftovers\n|upkeep\n|turn|17\n|inactive|Time left: 300 sec this turn | 300 sec total\n|\n|t:|1783539740\n|-activate|p2a: Mew|confusion\n|move|p2a: Mew|Will-O-Wisp|p1a: Golurk\n|-status|p1a: Golurk|brn\n|move|p1a: Golurk|Dynamic Punch|p2a: Mew\n|-resisted|p2a: Mew\n|-damage|p2a: Mew|74/100\n|\n|-heal|p2a: Mew|80/100|[from] item: Leftovers\n|-damage|p1a: Golurk|279/297 brn|[from] brn\n|upkeep\n|turn|18\n|inactive|Time left: 300 sec this turn | 300 sec total\n|\n|t:|1783539741\n|-activate|p2a: Mew|confusion\n|-damage|p2a: Mew|73/100|[from] confusion\n|move|p1a: Golurk|Dynamic Punch|p2a: Mew\n|-resisted|p2a: Mew\n|-damage|p2a: Mew|63/100\n|\n|-heal|p2a: Mew|69/100|[from] item: Leftovers\n|-damage|p1a: Golurk|261/297 brn|[from] brn\n|upkeep\n|turn|19\n|inactive|Time left: 300 sec this turn | 300 sec total\n|\n|t:|1783539742\n|-activate|p2a: Mew|confusion\n|-damage|p2a: Mew|63/100|[from] confusion\n|move|p1a: Golurk|Dynamic Punch|p2a: Mew\n|-resisted|p2a: Mew\n|-damage|p2a: Mew|53/100\n|\n|-heal|p2a: Mew|59/100|[from] item: Leftovers\n|-damage|p1a: Golurk|243/297 brn|[from] brn\n|upkeep\n|turn|20\n|inactive|Time left: 300 sec this turn | 300 sec total\n|\n|t:|1783539744\n|-end|p2a: Mew|confusion\n|move|p2a: Mew|Stealth Rock|p1a: Golurk\n|-sidestart|p1: p0x025fe74|move: Stealth Rock\n|move|p1a: Golurk|Dynamic Punch|p2a: Mew\n|-resisted|p2a: Mew\n|-damage|p2a: Mew|48/100\n|-start|p2a: Mew|confusion\n|\n|-heal|p2a: Mew|55/100|[from] item: Leftovers\n|-damage|p1a: Golurk|225/297 brn|[from] brn\n|upkeep\n|turn|21\n|inactive|Time left: 300 sec this turn | 300 sec total\n|\n|t:|1783539746\n|-activate|p2a: Mew|confusion\n|-damage|p2a: Mew|48/100|[from] confusion\n|move|p1a: Golurk|Dynamic Punch|p2a: Mew\n|-resisted|p2a: Mew\n|-damage|p2a: Mew|38/100\n|\n|-heal|p2a: Mew|44/100|[from] item: Leftovers\n|-damage|p1a: Golurk|207/297 brn|[from] brn\n|upkeep\n|turn|22\n|inactive|Time left: 300 sec this turn | 300 sec total\n|\n|t:|1783539747\n|-end|p2a: Mew|confusion\n|move|p2a: Mew|Psychic Noise|p1a: Golurk\n|-damage|p1a: Golurk|128/297 brn\n|-start|p1a: Golurk|move: Heal Block\n|move|p1a: Golurk|Dynamic Punch|p2a: Mew\n|-resisted|p2a: Mew\n|-damage|p2a: Mew|33/100\n|-start|p2a: Mew|confusion\n|\n|-heal|p2a: Mew|39/100|[from] item: Leftovers\n|-damage|p1a: Golurk|110/297 brn|[from] brn\n|upkeep\n|turn|23\n|inactive|Time left: 300 sec this turn | 300 sec total\n|\n|t:|1783539749\n|switch|p2a: Palafin|Palafin-Hero, L77, F|56/100\n|move|p1a: Golurk|Dynamic Punch|p2a: Palafin\n|-damage|p2a: Palafin|32/100\n|-start|p2a: Palafin|confusion\n|\n|-damage|p1a: Golurk|92/297 brn|[from] brn\n|-end|p1a: Golurk|move: Heal Block\n|upkeep\n|turn|24\n|inactive|Time left: 300 sec this turn | 300 sec total\n|\n|t:|1783539750\n|-activate|p2a: Palafin|confusion\n|move|p2a: Palafin|Wave Crash|p1a: Golurk\n|-supereffective|p1a: Golurk\n|-damage|p1a: Golurk|0 fnt\n|faint|p1a: Golurk\n|-damage|p2a: Palafin|21/100|[from] Recoil\n|\n|upkeep\n|inactive|Time left: 300 sec this turn | 300 sec total | 5 sec grace\n|\n|t:|1783539751\n|switch|p1a: Klawf|Klawf, L90, M|272/272\n|-damage|p1a: Klawf|238/272|[from] Stealth Rock\n|turn|25\n|inactive|Time left: 300 sec this turn | 300 sec total\n|\n|t:|1783539752\n|-activate|p2a: Palafin|confusion\n|move|p2a: Palafin|Wave Crash|p1a: Klawf\n|-supereffective|p1a: Klawf\n|-damage|p1a: Klawf|0 fnt\n|faint|p1a: Klawf\n|-damage|p2a: Palafin|0 fnt|[from] Recoil\n|faint|p2a: Palafin\n|\n|upkeep\n|inactive|Time left: 300 sec this turn | 300 sec total | 5 sec grace\n|\n|t:|1783539753\n|switch|p2a: Typhlosion|Typhlosion, L84, F|100/100\n|switch|p1a: Hitmonlee|Hitmonlee, L85, M|224/224\n|-damage|p1a: Hitmonlee|210/224|[from] Stealth Rock\n|turn|26\n|inactive|Time left: 300 sec this turn | 300 sec total\n|\n|t:|1783539754\n|-terastallize|p2a: Typhlosion|Fire\n|move|p2a: Typhlosion|Eruption|p1a: Hitmonlee\n|-damage|p1a: Hitmonlee|26/224\n|move|p1a: Hitmonlee|Poison Jab|p2a: Typhlosion\n|-damage|p2a: Typhlosion|74/100\n|-status|p2a: Typhlosion|psn\n|\n|-damage|p2a: Typhlosion|62/100 psn|[from] psn\n|upkeep\n|turn|27\n|inactive|Time left: 300 sec this turn | 300 sec total\n|\n|t:|1783539755\n|move|p2a: Typhlosion|Eruption|p1a: Hitmonlee\n|-damage|p1a: Hitmonlee|0 fnt\n|faint|p1a: Hitmonlee\n|\n|win|p0y025092c", "uploadtime": 1783539755, "views": 0, "rating": 0, "private": 0, "password": null, "_winner": "p0y025092c", "_our_name": "p0x025fe74"}