{"id": "battle-gen9randombattle-1705", "formatid": "gen9randombattle", "format": "[Gen 9] Random Battle", "players": ["p0x17051e3f", "p0y17052293"], "log": "|init|battle\n|title|p0x17051e3f vs. p0y17052293\n|j|\u2606p0x17051e3f\n|j|\u2606p0y17052293\n|t:|1783558962\n|gametype|singles\n|player|p1|p0x17051e3f|265|\n|player|p2|p0y17052293|1|\n|gen|9\n|tier|[Gen 9] Random Battle\n|rule|Species Clause: Limit one of each Pok\u00e9mon\n|rule|HP Percentage Mod: HP is shown in percentages\n|rule|Sleep Clause Mod: Limit one foe put to sleep\n|rule|Illusion Level Mod: Illusion disguises the Pok\u00e9mon's true level\n|\n|t:|1783558962\n|teamsize|p1|6\n|teamsize|p2|6\n|start\n|switch|p1a: Feraligatr|Feraligatr, L79, F|100/100\n|switch|p2a: Snorlax|Snorlax, L82, F|397/397\n|turn|1\n|inactive|Battle timer is ON: inactive players will automatically lose when time's up. (requested by p0x17051e3f)\n|inactive|Time left: 300 sec this turn | 300 sec total | 60 sec grace\n|inactive|p0y17052293 also wants the timer to be on.\n|\n|t:|1783558963\n|move|p1a: Feraligatr|Dragon Dance|p1a: Feraligatr\n|-boost|p1a: Feraligatr|atk|1\n|-boost|p1a: Feraligatr|spe|1\n|move|p2a: Snorlax|Body Slam|p1a: Feraligatr\n|-damage|p1a: Feraligatr|64/100\n|\n|upkeep\n|turn|2\n|inactive|Time left: 300 sec this turn | 300 sec total\n|\n|t:|1783558964\n|move|p1a: Feraligatr|Liquidation|p2a: Snorlax\n|-damage|p2a: Snorlax|144/397\n|move|p2a: Snorlax|Body Slam|p1a: Feraligatr\n|-damage|p1a: Feraligatr|30/100\n|\n|-heal|p2a: Snorlax|168/397|[from] item: Leftovers\n|upkeep\n|turn|3\n|inactive|Time left: 300 sec this turn | 300 sec total\n|\n|t:|1783558965\n|move|p1a: Feraligatr|Liquidation|p2a: Snorlax\n|-damage|p2a: Snorlax|0 fnt\n|faint|p2a: Snorlax\n|\n|upkeep\n|inactive|Time left: 300 sec this turn | 300 sec total | 5 sec grace\n|\n|t:|1783558967\n|switch|p2a: Wugtrio|Wugtrio, L91, F|212/212\n|turn|4\n|inactive|Time left: 300 sec this turn | 300 sec total\n|\n|t:|1783558968\n|switch|p1a: Scrafty|Scrafty, L83, M|100/100\n|-ability|p1a: Scrafty|Intimidate|boost\n|-unboost|p2a: Wugtrio|atk|1\n|move|p2a: Wugtrio|Throat Chop|p1a: Scrafty\n|-resisted|p1a: Scrafty\n|-damage|p1a: Scrafty|95/100\n|-start|p1a: Scrafty|Throat Chop|[silent]\n|\n|-heal|p1a: Scrafty|100/100|[from] item: Leftovers\n|upkeep\n|turn|5\n|inactive|Time left: 300 sec this turn | 300 sec total\n|\n|t:|1783558969\n|switch|p2a: Fezandipiti|Fezandipiti, L82, M|278/278\n|move|p1a: Scrafty|Dragon Dance|p1a: Scrafty\n|-boost|p1a: Scrafty|atk|1\n|-boost|p1a: Scrafty|spe|1\n|\n|-end|p1a: Scrafty|Throat Chop|[silent]\n|upkeep\n|turn|6\n|inactive|Time left: 300 sec this turn | 300 sec total\n|\n|t:|1783558971\n|-terastallize|p1a: Scrafty|Poison\n|move|p1a: Scrafty|Knock Off|p2a: Fezandipiti\n|-resisted|p2a: Fezandipiti\n|-damage|p2a: Fezandipiti|198/278\n|-enditem|p2a: Fezandipiti|Leftovers|[from] move: Knock Off|[of] p1a: Scrafty\n|move|p2a: Fezandipiti|Moonblast|p1a: Scrafty\n|-resisted|p1a: Scrafty\n|-damage|p1a: Scrafty|87/100\n|-unboost|p1a: Scrafty|spa|1\n|\n|-heal|p1a: Scrafty|94/100|[from] item: Leftovers\n|upkeep\n|turn|7\n|inactive|Time left: 300 sec this turn | 300 sec total\n|\n|t:|1783558972\n|move|p1a: Scrafty|Dragon Dance|p1a: Scrafty\n|-boost|p1a: Scrafty|atk|1\n|-boost|p1a: Scrafty|spe|1\n|move|p2a: Fezandipiti|Roost|p2a: Fezandipiti\n|-heal|p2a: Fezandipiti|278/278\n|-singleturn|p2a: Fezandipiti|move: Roost\n|\n|-heal|p1a: Scrafty|99/100|[from] item: Leftovers\n|upkeep\n|turn|8\n|inactive|Time left: 300 sec this turn | 300 sec total\n|\n|t:|1783558973\n|move|p1a: Scrafty|Knock Off|p2a: Fezandipiti\n|-resisted|p2a: Fezandipiti\n|-damage|p2a: Fezandipiti|210/278\n|move|p2a: Fezandipiti|Moonblast|p1a: Scrafty\n|-resisted|p1a: Scrafty\n|-damage|p1a: Scrafty|88/100\n|\n|-heal|p1a: Scrafty|94/100|[from] item: Leftovers\n|upkeep\n|turn|9\n|inactive|Time left: 300 sec this turn | 300 sec total\n|\n|t:|1783558974\n|move|p1a: Scrafty|Poison Jab|p2a: Fezandipiti\n|-damage|p2a: Fezandipiti|26/278\n|move|p2a: Fezandipiti|Roost|p2a: Fezandipiti\n|-heal|p2a: Fezandipiti|165/278\n|-singleturn|p2a: Fezandipiti|move: Roost\n|\n|-heal|p1a: Scrafty|99/100|[from] item: Leftovers\n|upkeep\n|turn|10\n|inactive|Time left: 300 sec this turn | 300 sec total\n|\n|t:|1783558975\n|move|p1a: Scrafty|Poison Jab|p2a: Fezandipiti\n|-damage|p2a: Fezandipiti|3/278\n|move|p2a: Fezandipiti|Moonblast|p1a: Scrafty\n|-resisted|p1a: Scrafty\n|-damage|p1a: Scrafty|89/100\n|-unboost|p1a: Scrafty|spa|1\n|\n|-heal|p1a: Scrafty|95/100|[from] item: Leftovers\n|upkeep\n|turn|11\n|inactive|Time left: 300 sec this turn | 300 sec total\n|\n|t:|1783558976\n|move|p1a: Scrafty|Knock Off|p2a: Fezandipiti\n|-resisted|p2a: Fezandipiti\n|-damage|p2a: Fezandipiti|0 fnt\n|faint|p2a: Fezandipiti\n|\n|-heal|p1a: Scrafty|100/100|[from] item: Leftovers\n|upkeep\n|inactive|Time left: 300 sec this turn | 300 sec total | 5 sec grace\n|\n|t:|1783558977\n|switch|p2a: Dachsbun|Dachsbun, L92, F|254/254\n|turn|12\n|inactive|Time left: 300 sec this turn | 300 sec total\n|\n|t:|1783558978\n|move|p2a: Dachsbun|Protect|p2a: Dachsbun\n|-singleturn|p2a: Dachsbun|Protect\n|move|p1a: Scrafty|Knock Off|p2a: Dachsbun\n|-activate|p2a: Dachsbun|move: Protect\n|\n|upkeep\n|turn|13\n|inactive|Time left: 300 sec this turn | 300 sec total\n|\n|t:|1783558979\n|move|p2a: Dachsbun|Protect||[still]\n|-fail|p2a: Dachsbun\n|move|p1a: Scrafty|Poison Jab|p2a: Dachsbun\n|-supereffective|p2a: Dachsbun\n|-damage|p2a: Dachsbun|14/254\n|-status|p2a: Dachsbun|psn\n|\n|-heal|p2a: Dachsbun|29/254 psn|[from] item: Leftovers\n|-damage|p2a: Dachsbun|0 fnt|[from] psn\n|faint|p2a: Dachsbun\n|upkeep\n|inactive|Time left: 300 sec this turn | 300 sec total | 5 sec grace\n|\n|t:|1783558980\n|switch|p2a: Raikou|Raikou, L81|278/278\n|-ability|p2a: Raikou|Pressure\n|turn|14\n|inactive|Time left: 300 sec this turn | 300 sec total\n|\n|t:|1783558981\n|move|p1a: Scrafty|Knock Off|p2a: Raikou\n|-damage|p2a: Raikou|62/278\n|-enditem|p2a: Raikou|Choice Specs|[from] move: Knock Off|[of] p1a: Scrafty\n|move|p2a: Raikou|Thunderbolt|p1a: Scrafty\n|-damage|p1a: Scrafty|68/100\n|\n|-heal|p1a: Scrafty|74/100|[from] item: Leftovers\n|upkeep\n|turn|15\n|inactive|Time left: 300 sec this turn | 300 sec total\n|\n|t:|1783558981\n|move|p1a: Scrafty|Drain Punch|p2a: Raikou\n|-damage|p2a: Raikou|0 fnt\n|-heal|p1a: Scrafty|87/100|[from] drain|[of] p2a: Raikou\n|faint|p2a: Raikou\n|\n|-heal|p1a: Scrafty|93/100|[from] item: Leftovers\n|upkeep\n|inactive|Time left: 300 sec this turn | 300 sec total | 5 sec grace\n|\n|t:|1783558982\n|switch|p2a: Wugtrio|Wugtrio, L91, F|212/212\n|turn|16\n|inactive|Time left: 300 sec this turn | 300 sec total\n|\n|t:|1783558983\n|-terastallize|p2a: Wugtrio|Water\n|move|p2a: Wugtrio|Aqua Jet|p1a: Scrafty\n|-damage|p1a: Scrafty|55/100\n|move|p1a: Scrafty|Knock Off|p2a: Wugtrio\n|-damage|p2a: Wugtrio|0 fnt\n|-ability|p2a: Wugtrio|Gooey\n|-unboost|p1a: Scrafty|spe|1\n|-enditem|p2a: Wugtrio|Choice Band|[from] move: Knock Off|[of] p1a: Scrafty\n|faint|p2a: Wugtrio\n|\n|-heal|p1a: Scrafty|62/100|[from] item: Leftovers\n|upkeep\n|inactive|Time left: 300 sec this turn | 300 sec total | 5 sec grace\n|\n|t:|1783558984\n|switch|p2a: Mismagius|Mismagius, L86, F|243/243\n|turn|17\n|inactive|Time left: 300 sec this turn | 300 sec total\n|\n|t:|1783558984\n|move|p2a: Mismagius|Shadow Ball|p1a: Scrafty\n|-damage|p1a: Scrafty|14/100\n|move|p1a: Scrafty|Knock Off|p2a: Mismagius\n|-supereffective|p2a: Mismagius\n|-damage|p2a: Mismagius|0 fnt\n|-enditem|p2a: Mismagius|Choice Specs|[from] move: Knock Off|[of] p1a: Scrafty\n|faint|p2a: Mismagius\n|\n|win|p0x17051e3f", "uploadtime": 1783558984, "views": 0, "rating": 0, "private": 0, "password": null, "_winner": "p0x17051e3f", "_our_name": "p0y17052293"}