{"id": "battle-gen9randombattle-2675", "formatid": "gen9randombattle", "format": "[Gen 9] Random Battle", "players": ["p0x2675c340", "p0y2675daa9"], "log": "|init|battle\n|title|p0x2675c340 vs. p0y2675daa9\n|j|\u2606p0x2675c340\n|j|\u2606p0y2675daa9\n|t:|1783570869\n|gametype|singles\n|player|p1|p0x2675c340|102|\n|player|p2|p0y2675daa9|266|\n|gen|9\n|tier|[Gen 9] Random Battle\n|rule|Species Clause: Limit one of each Pok\u00e9mon\n|rule|HP Percentage Mod: HP is shown in percentages\n|rule|Sleep Clause Mod: Limit one foe put to sleep\n|rule|Illusion Level Mod: Illusion disguises the Pok\u00e9mon's true level\n|\n|t:|1783570869\n|teamsize|p1|6\n|teamsize|p2|6\n|start\n|switch|p1a: Hariyama|Hariyama, L87, M|392/392\n|switch|p2a: Galvantula|Galvantula, L82, F|100/100\n|turn|1\n|inactive|Battle timer is ON: inactive players will automatically lose when time's up. (requested by p0x2675c340)\n|inactive|p0y2675daa9 also wants the timer to be on.\n|\n|t:|1783570871\n|move|p1a: Hariyama|Fake Out|p2a: Galvantula\n|-damage|p2a: Galvantula|82/100\n|cant|p2a: Galvantula|flinch\n|\n|-status|p1a: Hariyama|brn|[from] item: Flame Orb\n|upkeep\n|turn|2\n|inactive|Time left: 300 sec this turn | 300 sec total\n|\n|t:|1783570872\n|move|p2a: Galvantula|Sticky Web|p1a: Hariyama\n|-sidestart|p1: p0x2675c340|move: Sticky Web\n|move|p1a: Hariyama|Facade|p2a: Galvantula\n|-damage|p2a: Galvantula|0 fnt\n|faint|p2a: Galvantula\n|\n|-damage|p1a: Hariyama|368/392 brn|[from] brn\n|upkeep\n|\n|t:|1783570873\n|switch|p2a: Rabsca|Rabsca, L91, F|100/100\n|turn|3\n|inactive|Time left: 300 sec this turn | 300 sec total\n|\n|t:|1783570874\n|move|p1a: Hariyama|Knock Off|p2a: Rabsca\n|-supereffective|p2a: Rabsca\n|-damage|p2a: Rabsca|15/100\n|-enditem|p2a: Rabsca|Heavy-Duty Boots|[from] move: Knock Off|[of] p1a: Hariyama\n|move|p2a: Rabsca|Psychic|p1a: Hariyama\n|-supereffective|p1a: Hariyama\n|-damage|p1a: Hariyama|50/392 brn\n|\n|-damage|p1a: Hariyama|26/392 brn|[from] brn\n|upkeep\n|turn|4\n|inactive|Time left: 300 sec this turn | 300 sec total\n|\n|t:|1783570875\n|move|p1a: Hariyama|Knock Off|p2a: Rabsca\n|-supereffective|p2a: Rabsca\n|-damage|p2a: Rabsca|0 fnt\n|faint|p2a: Rabsca\n|\n|-damage|p1a: Hariyama|2/392 brn|[from] brn\n|upkeep\n|\n|t:|1783570875\n|switch|p2a: Swampert|Swampert, L83, F|100/100\n|turn|5\n|inactive|Time left: 300 sec this turn | 300 sec total\n|\n|t:|1783570877\n|switch|p1a: Ursaluna|Ursaluna, L79, F|335/335\n|-activate|p1a: Ursaluna|move: Sticky Web\n|-unboost|p1a: Ursaluna|spe|1\n|move|p2a: Swampert|Earthquake|p1a: Ursaluna\n|-damage|p1a: Ursaluna|218/335\n|\n|-status|p1a: Ursaluna|brn|[from] item: Flame Orb\n|upkeep\n|turn|6\n|inactive|Time left: 300 sec this turn | 300 sec total\n|\n|t:|1783570878\n|-terastallize|p1a: Ursaluna|Normal\n|move|p2a: Swampert|Ice Beam|p1a: Ursaluna\n|-damage|p1a: Ursaluna|147/335 brn\n|move|p1a: Ursaluna|Facade|p2a: Swampert\n|-damage|p2a: Swampert|0 fnt\n|faint|p2a: Swampert\n|\n|-damage|p1a: Ursaluna|127/335 brn|[from] brn\n|upkeep\n|\n|t:|1783570879\n|switch|p2a: Infernape|Infernape, L82, F|100/100\n|turn|7\n|inactive|Time left: 300 sec this turn | 300 sec total\n|\n|t:|1783570880\n|switch|p1a: Tentacruel|Tentacruel, L84, F|272/272\n|-activate|p1a: Tentacruel|move: Sticky Web\n|-unboost|p1a: Tentacruel|spe|1\n|move|p2a: Infernape|Close Combat|p1a: Tentacruel\n|-resisted|p1a: Tentacruel\n|-damage|p1a: Tentacruel|194/272\n|-unboost|p2a: Infernape|def|1\n|-unboost|p2a: Infernape|spd|1\n|\n|upkeep\n|turn|8\n|inactive|Time left: 300 sec this turn | 300 sec total\n|\n|t:|1783570881\n|switch|p2a: Haxorus|Haxorus, L77, F|100/100\n|-ability|p2a: Haxorus|Mold Breaker\n|move|p1a: Tentacruel|Rapid Spin|p2a: Haxorus\n|-damage|p2a: Haxorus|88/100\n|-boost|p1a: Tentacruel|spe|1\n|-sideend|p1: p0x2675c340|Sticky Web|[from] move: Rapid Spin|[of] p1a: Tentacruel\n|\n|upkeep\n|turn|9\n|inactive|Time left: 300 sec this turn | 300 sec total\n|\n|t:|1783570882\n|switch|p1a: Registeel|Registeel, L81|262/262\n|move|p2a: Haxorus|Swords Dance|p2a: Haxorus\n|-boost|p2a: Haxorus|atk|2\n|\n|upkeep\n|turn|10\n|inactive|Time left: 300 sec this turn | 300 sec total\n|\n|t:|1783570883\n|move|p2a: Haxorus|Earthquake|p1a: Registeel\n|-supereffective|p1a: Registeel\n|-damage|p1a: Registeel|28/262\n|move|p1a: Registeel|Body Press|p2a: Haxorus\n|-damage|p2a: Haxorus|56/100\n|\n|upkeep\n|turn|11\n|inactive|Time left: 300 sec this turn | 300 sec total\n|\n|t:|1783570884\n|move|p2a: Haxorus|Scale Shot|p1a: Registeel\n|-resisted|p1a: Registeel\n|-damage|p1a: Registeel|7/262\n|-resisted|p1a: Registeel\n|-damage|p1a: Registeel|0 fnt\n|faint|p1a: Registeel\n|-hitcount|p1: Registeel|2\n|-unboost|p2a: Haxorus|def|1\n|-boost|p2a: Haxorus|spe|1\n|\n|upkeep\n|inactive|Time left: 300 sec this turn | 300 sec total | 5 sec grace\n|\n|t:|1783570886\n|switch|p1a: Hariyama|Hariyama, L87, M|2/392 brn\n|turn|12\n|inactive|Time left: 300 sec this turn | 300 sec total\n|\n|t:|1783570887\n|move|p1a: Hariyama|Fake Out|p2a: Haxorus\n|-damage|p2a: Haxorus|20/100\n|cant|p2a: Haxorus|flinch\n|\n|-damage|p1a: Hariyama|0 fnt|[from] brn\n|faint|p1a: Hariyama\n|upkeep\n|inactive|Time left: 300 sec this turn | 300 sec total | 5 sec grace\n|\n|t:|1783570887\n|switch|p1a: Tentacruel|Tentacruel, L84, F|194/272\n|turn|13\n|inactive|Time left: 300 sec this turn | 300 sec total\n|\n|t:|1783570888\n|move|p2a: Haxorus|Earthquake|p1a: Tentacruel\n|-supereffective|p1a: Tentacruel\n|-damage|p1a: Tentacruel|0 fnt\n|faint|p1a: Tentacruel\n|\n|upkeep\n|inactive|Time left: 300 sec this turn | 300 sec total | 5 sec grace\n|\n|t:|1783570889\n|switch|p1a: Skuntank|Skuntank, L84, F|310/310\n|turn|14\n|inactive|Time left: 300 sec this turn | 300 sec total\n|\n|t:|1783570890\n|move|p2a: Haxorus|Earthquake|p1a: Skuntank\n|-supereffective|p1a: Skuntank\n|-damage|p1a: Skuntank|0 fnt\n|faint|p1a: Skuntank\n|\n|upkeep\n|inactive|Time left: 300 sec this turn | 300 sec total | 5 sec grace\n|\n|t:|1783570891\n|switch|p1a: Ursaluna|Ursaluna, L79, F, tera:Normal|127/335 brn\n|turn|15\n|inactive|Time left: 300 sec this turn | 300 sec total\n|\n|t:|1783570892\n|move|p2a: Haxorus|Earthquake|p1a: Ursaluna\n|-damage|p1a: Ursaluna|0 fnt\n|faint|p1a: Ursaluna\n|\n|upkeep\n|inactive|Time left: 300 sec this turn | 300 sec total | 5 sec grace\n|\n|t:|1783570893\n|switch|p1a: Hydrapple|Hydrapple, L83, M|312/312\n|turn|16\n|inactive|Time left: 300 sec this turn | 300 sec total\n|\n|t:|1783570894\n|-terastallize|p2a: Haxorus|Steel\n|move|p2a: Haxorus|Scale Shot|p1a: Hydrapple|[miss]\n|-miss|p2a: Haxorus|p1a: Hydrapple\n|move|p1a: Hydrapple|Fickle Beam|p2a: Haxorus|[anim] Fickle Beam All Out\n|-activate|p1a: Hydrapple|move: Fickle Beam\n|-resisted|p2a: Haxorus\n|-damage|p2a: Haxorus|0 fnt\n|faint|p2a: Haxorus\n|\n|upkeep\n|\n|t:|1783570894\n|switch|p2a: Tentacruel|Tentacruel, L84, F|100/100\n|turn|17\n|inactive|Time left: 300 sec this turn | 300 sec total\n|\n|t:|1783570895\n|move|p2a: Tentacruel|Sludge Bomb|p1a: Hydrapple\n|-supereffective|p1a: Hydrapple\n|-damage|p1a: Hydrapple|192/312\n|-status|p1a: Hydrapple|psn\n|move|p1a: Hydrapple|Fickle Beam|p2a: Tentacruel\n|-damage|p2a: Tentacruel|74/100\n|\n|-heal|p2a: Tentacruel|80/100|[from] item: Leftovers\n|-damage|p1a: Hydrapple|153/312 psn|[from] psn\n|upkeep\n|turn|18\n|inactive|Time left: 300 sec this turn | 300 sec total\n|\n|t:|1783570896\n|move|p2a: Tentacruel|Sludge Bomb|p1a: Hydrapple\n|-supereffective|p1a: Hydrapple\n|-damage|p1a: Hydrapple|39/312 psn\n|move|p1a: Hydrapple|Earth Power|p2a: Tentacruel\n|-supereffective|p2a: Tentacruel\n|-damage|p2a: Tentacruel|40/100\n|\n|-heal|p2a: Tentacruel|46/100|[from] item: Leftovers\n|-damage|p1a: Hydrapple|0 fnt|[from] psn\n|faint|p1a: Hydrapple\n|\n|win|p0y2675daa9", "uploadtime": 1783570896, "views": 0, "rating": 0, "private": 0, "password": null, "_winner": "p0y2675daa9", "_our_name": "p0x2675c340"}