{"id": "battle-gen9randombattle-2683", "formatid": "gen9randombattle", "format": "[Gen 9] Random Battle", "players": ["p0x26837ab0", "p0y26831f46"], "log": "|init|battle\n|title|p0x26837ab0 vs. p0y26831f46\n|j|\u2606p0x26837ab0\n|j|\u2606p0y26831f46\n|t:|1783569970\n|gametype|singles\n|player|p1|p0x26837ab0|169|\n|player|p2|p0y26831f46|2|\n|gen|9\n|tier|[Gen 9] Random Battle\n|rule|Species Clause: Limit one of each Pok\u00e9mon\n|rule|HP Percentage Mod: HP is shown in percentages\n|rule|Sleep Clause Mod: Limit one foe put to sleep\n|rule|Illusion Level Mod: Illusion disguises the Pok\u00e9mon's true level\n|\n|t:|1783569970\n|teamsize|p1|6\n|teamsize|p2|6\n|start\n|switch|p1a: Dugtrio|Dugtrio, L84, F|100/100\n|switch|p2a: Sunflora|Sunflora, M|312/312\n|turn|1\n|inactive|Battle timer is ON: inactive players will automatically lose when time's up. (requested by p0x26837ab0)\n|inactive|Time left: 300 sec this turn | 300 sec total | 60 sec grace\n|inactive|p0y26831f46 also wants the timer to be on.\n|\n|t:|1783569971\n|switch|p1a: Trevenant|Trevenant, L89, F|100/100\n|move|p2a: Sunflora|Solar Beam||[still]\n|-prepare|p2a: Sunflora|Solar Beam\n|\n|upkeep\n|turn|2\n|inactive|Time left: 300 sec this turn | 300 sec total\n|\n|t:|1783569972\n|move|p1a: Trevenant|Poltergeist|p2a: Sunflora\n|-activate|p2a: Sunflora|move: Poltergeist|Life Orb\n|-damage|p2a: Sunflora|75/312\n|move|p2a: Sunflora|Solar Beam|p1a: Trevenant|[from] lockedmove\n|-resisted|p1a: Trevenant\n|-damage|p1a: Trevenant|60/100\n|-damage|p2a: Sunflora|44/312|[from] item: Life Orb\n|\n|upkeep\n|turn|3\n|inactive|Time left: 300 sec this turn | 300 sec total\n|\n|t:|1783569973\n|move|p1a: Trevenant|Poltergeist|p2a: Sunflora\n|-activate|p2a: Sunflora|move: Poltergeist|Life Orb\n|-damage|p2a: Sunflora|0 fnt\n|faint|p2a: Sunflora\n|\n|upkeep\n|inactive|Time left: 300 sec this turn | 300 sec total | 5 sec grace\n|\n|t:|1783569974\n|switch|p2a: Iron Moth|Iron Moth, L78|253/253\n|turn|4\n|inactive|Time left: 300 sec this turn | 300 sec total\n|\n|t:|1783569975\n|move|p2a: Iron Moth|Fiery Dance|p1a: Trevenant\n|-supereffective|p1a: Trevenant\n|-damage|p1a: Trevenant|0 fnt\n|faint|p1a: Trevenant\n|\n|upkeep\n|\n|t:|1783569976\n|switch|p1a: Dugtrio|Dugtrio, L84, F|100/100\n|turn|5\n|inactive|Time left: 300 sec this turn | 300 sec total\n|\n|t:|1783569977\n|move|p1a: Dugtrio|Earthquake|p2a: Iron Moth\n|-supereffective|p2a: Iron Moth\n|-damage|p2a: Iron Moth|0 fnt\n|faint|p2a: Iron Moth\n|-end|p2a: Iron Moth|Quark Drive|[silent]\n|\n|upkeep\n|inactive|Time left: 300 sec this turn | 300 sec total | 5 sec grace\n|\n|t:|1783569978\n|switch|p2a: Rotom|Rotom, L88|231/231\n|turn|6\n|inactive|Time left: 300 sec this turn | 300 sec total\n|\n|t:|1783569979\n|switch|p1a: Meowscarada|Meowscarada, L78, F|100/100\n|move|p2a: Rotom|Nasty Plot|p2a: Rotom\n|-boost|p2a: Rotom|spa|2\n|\n|upkeep\n|turn|7\n|inactive|Time left: 300 sec this turn | 300 sec total\n|\n|t:|1783569980\n|switch|p2a: Iron Valiant|Iron Valiant, L78|244/244\n|move|p1a: Meowscarada|Knock Off|p2a: Iron Valiant\n|-start|p1a: Meowscarada|typechange|Dark|[from] ability: Protean\n|-resisted|p2a: Iron Valiant\n|-damage|p2a: Iron Valiant|203/244\n|-enditem|p2a: Iron Valiant|Life Orb|[from] move: Knock Off|[of] p1a: Meowscarada\n|\n|upkeep\n|turn|8\n|inactive|Time left: 300 sec this turn | 300 sec total\n|\n|t:|1783569980\n|switch|p1a: Zacian|Zacian, L69|100/100\n|-ability|p1a: Zacian|Intrepid Sword|boost\n|-boost|p1a: Zacian|atk|1\n|move|p2a: Iron Valiant|Spirit Break|p1a: Zacian\n|-damage|p1a: Zacian|61/100\n|-unboost|p1a: Zacian|spa|1\n|\n|upkeep\n|turn|9\n|inactive|Time left: 300 sec this turn | 300 sec total\n|\n|t:|1783569981\n|-end|p2a: Iron Valiant|Quark Drive|[silent]\n|switch|p2a: Duraludon|Duraludon, L82, F|249/249\n|move|p1a: Zacian|Play Rough|p2a: Duraludon\n|-damage|p2a: Duraludon|153/249\n|-unboost|p2a: Duraludon|atk|1\n|\n|upkeep\n|turn|10\n|inactive|Time left: 300 sec this turn | 300 sec total\n|\n|t:|1783569982\n|move|p1a: Zacian|Play Rough|p2a: Duraludon|[miss]\n|-miss|p1a: Zacian|p2a: Duraludon\n|move|p2a: Duraludon|Flash Cannon|p1a: Zacian\n|-supereffective|p1a: Zacian\n|-damage|p1a: Zacian|0 fnt\n|faint|p1a: Zacian\n|\n|upkeep\n|\n|t:|1783569983\n|switch|p1a: Skeledirge|Skeledirge, L79, M|100/100\n|turn|11\n|inactive|Time left: 300 sec this turn | 300 sec total\n|\n|t:|1783569984\n|move|p2a: Duraludon|Draco Meteor|p1a: Skeledirge\n|-damage|p1a: Skeledirge|33/100\n|-unboost|p2a: Duraludon|spa|2\n|move|p1a: Skeledirge|Torch Song|p2a: Duraludon\n|-crit|p2a: Duraludon\n|-damage|p2a: Duraludon|17/249\n|-boost|p1a: Skeledirge|spa|1\n|\n|upkeep\n|turn|12\n|inactive|Time left: 300 sec this turn | 300 sec total\n|\n|t:|1783569985\n|move|p2a: Duraludon|Draco Meteor|p1a: Skeledirge\n|-damage|p1a: Skeledirge|0 fnt\n|-unboost|p2a: Duraludon|spa|2\n|faint|p1a: Skeledirge\n|\n|upkeep\n|\n|t:|1783569986\n|switch|p1a: Meowscarada|Meowscarada, L78, F|100/100\n|turn|13\n|inactive|Time left: 300 sec this turn | 300 sec total\n|\n|t:|1783569987\n|switch|p2a: Iron Valiant|Iron Valiant, L78|203/244\n|move|p1a: Meowscarada|Triple Axel|p2a: Iron Valiant\n|-start|p1a: Meowscarada|typechange|Ice|[from] ability: Protean\n|-damage|p2a: Iron Valiant|169/244\n|-damage|p2a: Iron Valiant|105/244\n|-damage|p2a: Iron Valiant|6/244\n|-hitcount|p2a: Iron Valiant|3\n|\n|upkeep\n|turn|14\n|inactive|Time left: 300 sec this turn | 300 sec total\n|\n|t:|1783569988\n|move|p1a: Meowscarada|Triple Axel|p2a: Iron Valiant\n|-damage|p2a: Iron Valiant|0 fnt\n|faint|p2a: Iron Valiant\n|-end|p2a: Iron Valiant|Quark Drive|[silent]\n|-hitcount|p2: Iron Valiant|1\n|\n|upkeep\n|inactive|Time left: 300 sec this turn | 300 sec total | 5 sec grace\n|\n|t:|1783569989\n|switch|p2a: Froslass|Froslass, L87, F|263/263\n|turn|15\n|inactive|Time left: 300 sec this turn | 300 sec total\n|\n|t:|1783569990\n|move|p2a: Froslass|Will-O-Wisp|p1a: Meowscarada\n|-status|p1a: Meowscarada|brn\n|move|p1a: Meowscarada|Triple Axel|p2a: Froslass\n|-resisted|p2a: Froslass\n|-damage|p2a: Froslass|254/263\n|-start|p1a: Meowscarada|Disable|Triple Axel|[from] ability: Cursed Body|[of] p2a: Froslass\n|-resisted|p2a: Froslass\n|-damage|p2a: Froslass|238/263\n|-resisted|p2a: Froslass\n|-damage|p2a: Froslass|211/263\n|-hitcount|p2a: Froslass|3\n|\n|-damage|p1a: Meowscarada|94/100 brn|[from] brn\n|upkeep\n|turn|16\n|inactive|Time left: 300 sec this turn | 300 sec total\n|\n|t:|1783569991\n|switch|p1a: Talonflame|Talonflame, L83, M|100/100\n|move|p2a: Froslass|Triple Axel|p1a: Talonflame\n|-damage|p1a: Talonflame|91/100\n|-status|p2a: Froslass|brn|[from] ability: Flame Body|[of] p1a: Talonflame\n|-damage|p1a: Talonflame|84/100\n|-damage|p1a: Talonflame|70/100\n|-hitcount|p1a: Talonflame|3\n|\n|-damage|p2a: Froslass|195/263 brn|[from] brn\n|upkeep\n|turn|17\n|inactive|Time left: 300 sec this turn | 300 sec total\n|\n|t:|1783569992\n|move|p1a: Talonflame|Swords Dance|p1a: Talonflame\n|-boost|p1a: Talonflame|atk|2\n|move|p2a: Froslass|Triple Axel|p1a: Talonflame\n|-damage|p1a: Talonflame|65/100\n|-damage|p1a: Talonflame|57/100\n|-damage|p1a: Talonflame|45/100\n|-hitcount|p1a: Talonflame|3\n|\n|-damage|p2a: Froslass|179/263 brn|[from] brn\n|upkeep\n|turn|18\n|inactive|Time left: 300 sec this turn | 300 sec total\n|\n|t:|1783569993\n|move|p1a: Talonflame|Brave Bird|p2a: Froslass\n|-damage|p2a: Froslass|0 fnt\n|faint|p2a: Froslass\n|-damage|p1a: Talonflame|23/100|[from] Recoil\n|\n|upkeep\n|inactive|Time left: 300 sec this turn | 300 sec total | 5 sec grace\n|\n|t:|1783569994\n|switch|p2a: Duraludon|Duraludon, L82, F|17/249\n|turn|19\n|inactive|Time left: 300 sec this turn | 300 sec total\n|\n|t:|1783569995\n|move|p1a: Talonflame|Flare Blitz|p2a: Duraludon\n|-damage|p2a: Duraludon|0 fnt\n|faint|p2a: Duraludon\n|-damage|p1a: Talonflame|21/100|[from] Recoil\n|\n|upkeep\n|inactive|Time left: 300 sec this turn | 300 sec total | 5 sec grace\n|\n|t:|1783569996\n|switch|p2a: Rotom|Rotom, L88|231/231\n|turn|20\n|inactive|Time left: 300 sec this turn | 300 sec total\n|\n|t:|1783569996\n|-terastallize|p1a: Talonflame|Ground\n|-terastallize|p2a: Rotom|Ghost\n|move|p1a: Talonflame|Flare Blitz|p2a: Rotom\n|-damage|p2a: Rotom|0 fnt\n|faint|p2a: Rotom\n|-damage|p1a: Talonflame|0 fnt|[from] Recoil\n|faint|p1a: Talonflame\n|\n|win|p0x26837ab0", "uploadtime": 1783569996, "views": 0, "rating": 0, "private": 0, "password": null, "_winner": "p0x26837ab0", "_our_name": "p0y26831f46"}