{"id": "battle-gen9randombattle-2502", "formatid": "gen9randombattle", "format": "[Gen 9] Random Battle", "players": ["p0x25027141", "p0y250241d6"], "log": "|init|battle\n|title|p0x25027141 vs. p0y250241d6\n|j|\u2606p0x25027141\n|j|\u2606p0y250241d6\n|t:|1783568999\n|gametype|singles\n|player|p1|p0x25027141|169|\n|player|p2|p0y250241d6|101|\n|gen|9\n|tier|[Gen 9] Random Battle\n|rule|Species Clause: Limit one of each Pok\u00e9mon\n|rule|HP Percentage Mod: HP is shown in percentages\n|rule|Sleep Clause Mod: Limit one foe put to sleep\n|rule|Illusion Level Mod: Illusion disguises the Pok\u00e9mon's true level\n|\n|t:|1783568999\n|teamsize|p1|6\n|teamsize|p2|6\n|start\n|switch|p1a: Skuntank|Skuntank, L84, F|310/310\n|switch|p2a: Florges|Florges-White, L85, F|100/100\n|turn|1\n|inactive|Battle timer is ON: inactive players will automatically lose when time's up. (requested by p0y250241d6)\n|inactive|Time left: 300 sec this turn | 300 sec total | 60 sec grace\n|\n|t:|1783569000\n|move|p1a: Skuntank|Gunk Shot|p2a: Florges\n|-supereffective|p2a: Florges\n|-damage|p2a: Florges|0 fnt\n|faint|p2a: Florges\n|\n|upkeep\n|inactive|p0x25027141 also wants the timer to be on.\n|\n|t:|1783569001\n|switch|p2a: Glastrier|Glastrier, L86|100/100\n|turn|2\n|inactive|Time left: 300 sec this turn | 300 sec total\n|\n|t:|1783569002\n|switch|p1a: Pelipper|Pelipper, L86, M|243/243\n|-weather|RainDance|[from] ability: Drizzle|[of] p1a: Pelipper\n|move|p2a: Glastrier|High Horsepower|p1a: Pelipper\n|-immune|p1a: Pelipper\n|\n|-weather|RainDance|[upkeep]\n|upkeep\n|turn|3\n|inactive|Time left: 300 sec this turn | 300 sec total\n|\n|t:|1783569003\n|move|p1a: Pelipper|Surf|p2a: Glastrier\n|-damage|p2a: Glastrier|58/100\n|move|p2a: Glastrier|High Horsepower|p1a: Pelipper\n|-immune|p1a: Pelipper\n|\n|-weather|RainDance|[upkeep]\n|upkeep\n|turn|4\n|inactive|Time left: 300 sec this turn | 300 sec total\n|\n|t:|1783569004\n|switch|p2a: Groudon|Groudon, L72|100/100\n|-weather|SunnyDay|[from] ability: Drought|[of] p2a: Groudon\n|move|p1a: Pelipper|Hurricane|p2a: Groudon\n|-damage|p2a: Groudon|49/100\n|\n|-weather|SunnyDay|[upkeep]\n|-heal|p2a: Groudon|55/100|[from] item: Leftovers\n|upkeep\n|turn|5\n|inactive|Time left: 300 sec this turn | 300 sec total\n|\n|t:|1783569005\n|move|p2a: Groudon|Spikes|p1a: Pelipper\n|-sidestart|p1: p0x25027141|Spikes\n|move|p1a: Pelipper|Hurricane|p2a: Groudon|[miss]\n|-miss|p1a: Pelipper|p2a: Groudon\n|\n|-weather|SunnyDay|[upkeep]\n|-heal|p2a: Groudon|61/100|[from] item: Leftovers\n|upkeep\n|turn|6\n|inactive|Time left: 300 sec this turn | 300 sec total\n|\n|t:|1783569006\n|move|p2a: Groudon|Spikes|p1a: Pelipper\n|-sidestart|p1: p0x25027141|Spikes\n|move|p1a: Pelipper|Surf|p2a: Groudon\n|-supereffective|p2a: Groudon\n|-damage|p2a: Groudon|22/100\n|\n|-weather|SunnyDay|[upkeep]\n|-heal|p2a: Groudon|28/100|[from] item: Leftovers\n|upkeep\n|turn|7\n|inactive|Time left: 300 sec this turn | 300 sec total\n|\n|t:|1783569007\n|move|p2a: Groudon|Spikes|p1a: Pelipper\n|-sidestart|p1: p0x25027141|Spikes\n|move|p1a: Pelipper|Surf|p2a: Groudon\n|-supereffective|p2a: Groudon\n|-damage|p2a: Groudon|0 fnt\n|faint|p2a: Groudon\n|\n|-weather|SunnyDay|[upkeep]\n|upkeep\n|\n|t:|1783569008\n|switch|p2a: Glastrier|Glastrier, L86|58/100\n|turn|8\n|inactive|Time left: 300 sec this turn | 300 sec total\n|\n|t:|1783569009\n|move|p1a: Pelipper|Hurricane|p2a: Glastrier|[miss]\n|-miss|p1a: Pelipper|p2a: Glastrier\n|move|p2a: Glastrier|Icicle Crash|p1a: Pelipper\n|-damage|p1a: Pelipper|68/243\n|\n|-weather|none\n|upkeep\n|turn|9\n|inactive|Time left: 300 sec this turn | 300 sec total\n|\n|t:|1783569010\n|move|p1a: Pelipper|Roost|p1a: Pelipper\n|-heal|p1a: Pelipper|190/243\n|-singleturn|p1a: Pelipper|move: Roost\n|move|p2a: Glastrier|Icicle Crash|p1a: Pelipper\n|-resisted|p1a: Pelipper\n|-damage|p1a: Pelipper|106/243\n|\n|upkeep\n|turn|10\n|inactive|Time left: 300 sec this turn | 300 sec total\n|\n|t:|1783569011\n|move|p1a: Pelipper|Roost|p1a: Pelipper\n|-heal|p1a: Pelipper|228/243\n|-singleturn|p1a: Pelipper|move: Roost\n|move|p2a: Glastrier|Icicle Crash|p1a: Pelipper\n|-resisted|p1a: Pelipper\n|-damage|p1a: Pelipper|147/243\n|\n|upkeep\n|turn|11\n|inactive|Time left: 300 sec this turn | 300 sec total\n|\n|t:|1783569012\n|switch|p1a: Skeledirge|Skeledirge, L79, F|294/294\n|move|p2a: Glastrier|Icicle Crash|p1a: Skeledirge\n|-resisted|p1a: Skeledirge\n|-damage|p1a: Skeledirge|198/294\n|\n|upkeep\n|turn|12\n|inactive|Time left: 300 sec this turn | 300 sec total\n|\n|t:|1783569014\n|move|p1a: Skeledirge|Torch Song|p2a: Glastrier\n|-supereffective|p2a: Glastrier\n|-damage|p2a: Glastrier|18/100\n|-boost|p1a: Skeledirge|spa|1\n|move|p2a: Glastrier|Icicle Crash|p1a: Skeledirge\n|-resisted|p1a: Skeledirge\n|-damage|p1a: Skeledirge|108/294\n|\n|upkeep\n|turn|13\n|inactive|Time left: 300 sec this turn | 300 sec total\n|\n|t:|1783569015\n|switch|p2a: Excadrill|Excadrill, L79, F|100/100\n|-ability|p2a: Excadrill|Mold Breaker\n|move|p1a: Skeledirge|Torch Song|p2a: Excadrill\n|-supereffective|p2a: Excadrill\n|-damage|p2a: Excadrill|25/100\n|-boost|p1a: Skeledirge|spa|1\n|\n|upkeep\n|turn|14\n|inactive|Time left: 300 sec this turn | 300 sec total\n|\n|t:|1783569016\n|switch|p1a: Pelipper|Pelipper, L86, M|147/243\n|-weather|RainDance|[from] ability: Drizzle|[of] p1a: Pelipper\n|move|p2a: Excadrill|Earthquake|p1a: Pelipper\n|-immune|p1a: Pelipper\n|\n|-weather|RainDance|[upkeep]\n|upkeep\n|turn|15\n|inactive|Time left: 300 sec this turn | 300 sec total\n|\n|t:|1783569016\n|move|p2a: Excadrill|Rock Slide|p1a: Pelipper\n|-supereffective|p1a: Pelipper\n|-damage|p1a: Pelipper|39/243\n|cant|p1a: Pelipper|flinch\n|\n|-weather|RainDance|[upkeep]\n|upkeep\n|turn|16\n|inactive|Time left: 300 sec this turn | 300 sec total\n|\n|t:|1783569018\n|switch|p1a: Ariados|Ariados, L95, F|287/287\n|move|p2a: Excadrill|Iron Head|p1a: Ariados\n|-damage|p1a: Ariados|181/287\n|\n|-weather|RainDance|[upkeep]\n|upkeep\n|turn|17\n|inactive|Time left: 300 sec this turn | 300 sec total\n|\n|t:|1783569018\n|move|p1a: Ariados|Sucker Punch|p2a: Excadrill\n|-damage|p2a: Excadrill|0 fnt\n|faint|p2a: Excadrill\n|\n|-weather|RainDance|[upkeep]\n|upkeep\n|\n|t:|1783569019\n|switch|p2a: Mewtwo|Mewtwo, L72|100/100\n|-ability|p2a: Mewtwo|Pressure\n|turn|18\n|inactive|Time left: 300 sec this turn | 300 sec total\n|\n|t:|1783569020\n|-terastallize|p1a: Ariados|Ghost\n|move|p2a: Mewtwo|Psystrike|p1a: Ariados\n|-damage|p1a: Ariados|24/287\n|-damage|p2a: Mewtwo|91/100|[from] item: Life Orb\n|move|p1a: Ariados|Megahorn|p2a: Mewtwo\n|-supereffective|p2a: Mewtwo\n|-damage|p2a: Mewtwo|0 fnt\n|faint|p2a: Mewtwo\n|\n|-weather|none\n|upkeep\n|\n|t:|1783569021\n|switch|p2a: Ditto|Ditto, L87|100/100\n|-transform|p2a: Ditto|p1a: Ariados|[from] ability: Imposter\n|-start|p2a: Ditto|typechange|Bug/Poison|[silent]\n|turn|19\n|inactive|Time left: 300 sec this turn | 300 sec total\n|\n|t:|1783569022\n|switch|p1a: Skeledirge|Skeledirge, L79, F|108/294\n|move|p2a: Ditto|Poison Jab|p1a: Skeledirge\n|-resisted|p1a: Skeledirge\n|-damage|p1a: Skeledirge|61/294\n|\n|upkeep\n|turn|20\n|inactive|Time left: 300 sec this turn | 300 sec total\n|\n|t:|1783569023\n|switch|p2a: Glastrier|Glastrier, L86|18/100\n|move|p1a: Skeledirge|Slack Off|p1a: Skeledirge\n|-heal|p1a: Skeledirge|208/294\n|\n|upkeep\n|turn|21\n|inactive|Time left: 300 sec this turn | 300 sec total\n|\n|t:|1783569024\n|switch|p2a: Ditto|Ditto, L87|100/100\n|-transform|p2a: Ditto|p1a: Skeledirge|[from] ability: Imposter\n|move|p1a: Skeledirge|Torch Song|p2a: Ditto\n|-resisted|p2a: Ditto\n|-damage|p2a: Ditto|80/100\n|-boost|p1a: Skeledirge|spa|1\n|\n|upkeep\n|turn|22\n|inactive|Time left: 300 sec this turn | 300 sec total\n|\n|t:|1783569025\n|-terastallize|p2a: Ditto|Steel\n|move|p2a: Ditto|Shadow Ball|p1a: Skeledirge\n|-supereffective|p1a: Skeledirge\n|-crit|p1a: Skeledirge\n|-damage|p1a: Skeledirge|0 fnt\n|faint|p1a: Skeledirge\n|\n|upkeep\n|inactive|Time left: 300 sec this turn | 300 sec total | 5 sec grace\n|\n|t:|1783569026\n|switch|p1a: Urshifu|Urshifu-Rapid-Strike, L75, F|274/274\n|-damage|p1a: Urshifu|206/274|[from] Spikes\n|turn|23\n|inactive|Time left: 300 sec this turn | 300 sec total\n|\n|t:|1783569027\n|move|p2a: Ditto|Shadow Ball|p1a: Urshifu\n|-damage|p1a: Urshifu|79/274\n|move|p1a: Urshifu|Close Combat|p2a: Ditto\n|-supereffective|p2a: Ditto\n|-damage|p2a: Ditto|0 fnt\n|-unboost|p1a: Urshifu|def|1\n|-unboost|p1a: Urshifu|spd|1\n|faint|p2a: Ditto\n|\n|upkeep\n|\n|t:|1783569028\n|switch|p2a: Glastrier|Glastrier, L86|18/100\n|turn|24\n|inactive|Time left: 300 sec this turn | 300 sec total\n|\n|t:|1783569029\n|move|p1a: Urshifu|Close Combat|p2a: Glastrier\n|-supereffective|p2a: Glastrier\n|-damage|p2a: Glastrier|0 fnt\n|-unboost|p1a: Urshifu|def|1\n|-unboost|p1a: Urshifu|spd|1\n|faint|p2a: Glastrier\n|\n|win|p0x25027141", "uploadtime": 1783569029, "views": 0, "rating": 0, "private": 0, "password": null, "_winner": "p0x25027141", "_our_name": "p0x25027141"}