{"id": "battle-gen9randombattle-1123", "formatid": "gen9randombattle", "format": "[Gen 9] Random Battle", "players": ["p0x1123a17c", "p0y112363db"], "log": "|init|battle\n|title|p0x1123a17c vs. p0y112363db\n|j|\u2606p0x1123a17c\n|j|\u2606p0y112363db\n|t:|1783552172\n|gametype|singles\n|player|p1|p0x1123a17c|101|\n|player|p2|p0y112363db|1|\n|gen|9\n|tier|[Gen 9] Random Battle\n|rule|Species Clause: Limit one of each Pok\u00e9mon\n|rule|HP Percentage Mod: HP is shown in percentages\n|rule|Sleep Clause Mod: Limit one foe put to sleep\n|rule|Illusion Level Mod: Illusion disguises the Pok\u00e9mon's true level\n|\n|t:|1783552172\n|teamsize|p1|6\n|teamsize|p2|6\n|start\n|switch|p1a: Dachsbun|Dachsbun, L92, F|254/254\n|switch|p2a: Bastiodon|Bastiodon, L89, M|100/100\n|turn|1\n|inactive|Battle timer is ON: inactive players will automatically lose when time's up. (requested by p0x1123a17c)\n|inactive|p0y112363db also wants the timer to be on.\n|\n|t:|1783552174\n|move|p1a: Dachsbun|Body Press|p2a: Bastiodon\n|-supereffective|p2a: Bastiodon\n|-damage|p2a: Bastiodon|35/100\n|move|p2a: Bastiodon|Iron Defense|p2a: Bastiodon\n|-boost|p2a: Bastiodon|def|2\n|\n|upkeep\n|turn|2\n|inactive|Time left: 300 sec this turn | 300 sec total\n|\n|t:|1783552175\n|move|p1a: Dachsbun|Body Press|p2a: Bastiodon\n|-supereffective|p2a: Bastiodon\n|-damage|p2a: Bastiodon|0 fnt\n|faint|p2a: Bastiodon\n|\n|upkeep\n|\n|t:|1783552176\n|switch|p2a: Lurantis|Lurantis, L87, F|100/100\n|turn|3\n|inactive|Time left: 300 sec this turn | 300 sec total\n|\n|t:|1783552177\n|move|p1a: Dachsbun|Body Press|p2a: Lurantis\n|-damage|p2a: Lurantis|71/100\n|move|p2a: Lurantis|Leaf Storm|p1a: Dachsbun|[miss]\n|-miss|p2a: Lurantis|p1a: Dachsbun\n|\n|-heal|p2a: Lurantis|77/100|[from] item: Leftovers\n|upkeep\n|turn|4\n|inactive|Time left: 300 sec this turn | 300 sec total\n|\n|t:|1783552178\n|move|p1a: Dachsbun|Play Rough|p2a: Lurantis\n|-damage|p2a: Lurantis|41/100\n|move|p2a: Lurantis|Leaf Storm|p1a: Dachsbun\n|-damage|p1a: Dachsbun|124/254\n|-boost|p2a: Lurantis|spa|2\n|\n|-heal|p1a: Dachsbun|139/254|[from] item: Leftovers\n|-heal|p2a: Lurantis|47/100|[from] item: Leftovers\n|upkeep\n|turn|5\n|inactive|Time left: 300 sec this turn | 300 sec total\n|\n|t:|1783552180\n|move|p1a: Dachsbun|Play Rough|p2a: Lurantis\n|-damage|p2a: Lurantis|10/100\n|move|p2a: Lurantis|Synthesis|p2a: Lurantis\n|-heal|p2a: Lurantis|60/100\n|\n|-heal|p1a: Dachsbun|154/254|[from] item: Leftovers\n|-heal|p2a: Lurantis|66/100|[from] item: Leftovers\n|upkeep\n|turn|6\n|inactive|Time left: 300 sec this turn | 300 sec total\n|\n|t:|1783552181\n|switch|p1a: Typhlosion|Typhlosion-Hisui, L83, M|257/257\n|move|p2a: Lurantis|Superpower|p1a: Typhlosion\n|-immune|p1a: Typhlosion\n|\n|-heal|p2a: Lurantis|72/100|[from] item: Leftovers\n|upkeep\n|turn|7\n|inactive|Time left: 300 sec this turn | 300 sec total\n|\n|t:|1783552182\n|-terastallize|p2a: Lurantis|Fighting\n|move|p1a: Typhlosion|Fire Blast|p2a: Lurantis\n|-damage|p2a: Lurantis|21/100\n|move|p2a: Lurantis|Leaf Storm|p1a: Typhlosion\n|-resisted|p1a: Typhlosion\n|-crit|p1a: Typhlosion\n|-damage|p1a: Typhlosion|62/257\n|-boost|p2a: Lurantis|spa|2\n|\n|-heal|p2a: Lurantis|27/100|[from] item: Leftovers\n|upkeep\n|turn|8\n|inactive|Time left: 300 sec this turn | 300 sec total\n|\n|t:|1783552183\n|move|p1a: Typhlosion|Fire Blast|p2a: Lurantis\n|-damage|p2a: Lurantis|0 fnt\n|faint|p2a: Lurantis\n|\n|upkeep\n|\n|t:|1783552184\n|switch|p2a: Bellibolt|Bellibolt, L84, F|100/100\n|turn|9\n|inactive|Time left: 300 sec this turn | 300 sec total\n|\n|t:|1783552185\n|move|p1a: Typhlosion|Fire Blast|p2a: Bellibolt\n|-damage|p2a: Bellibolt|34/100\n|-status|p2a: Bellibolt|brn\n|-start|p2a: Bellibolt|Charge|Fire Blast|[from] ability: Electromorphosis\n|move|p2a: Bellibolt|Thunderbolt|p1a: Typhlosion\n|-damage|p1a: Typhlosion|0 fnt\n|faint|p1a: Typhlosion\n|-end|p2a: Bellibolt|Charge|[silent]\n|\n|-heal|p2a: Bellibolt|40/100 brn|[from] item: Leftovers\n|-damage|p2a: Bellibolt|34/100 brn|[from] brn\n|upkeep\n|inactive|Time left: 300 sec this turn | 300 sec total | 5 sec grace\n|\n|t:|1783552186\n|switch|p1a: Mamoswine|Mamoswine, L81, M|311/311\n|turn|10\n|inactive|Time left: 300 sec this turn | 300 sec total\n|\n|t:|1783552187\n|switch|p2a: Eiscue|Eiscue, L88, M|100/100\n|move|p1a: Mamoswine|Icicle Crash|p2a: Eiscue\n|-activate|p2a: Eiscue|ability: Ice Face\n|-damage|p2a: Eiscue|100/100\n|detailschange|p2a: Eiscue|Eiscue-Noice, L88, M\n|-damage|p1a: Mamoswine|280/311|[from] item: Life Orb\n|\n|upkeep\n|turn|11\n|inactive|Time left: 300 sec this turn | 300 sec total\n|\n|t:|1783552187\n|move|p2a: Eiscue|Liquidation|p1a: Mamoswine\n|-supereffective|p1a: Mamoswine\n|-damage|p1a: Mamoswine|142/311\n|move|p1a: Mamoswine|Earthquake|p2a: Eiscue\n|-damage|p2a: Eiscue|28/100\n|-enditem|p2a: Eiscue|Sitrus Berry|[eat]\n|-heal|p2a: Eiscue|52/100|[from] item: Sitrus Berry\n|-damage|p1a: Mamoswine|111/311|[from] item: Life Orb\n|\n|upkeep\n|turn|12\n|inactive|Time left: 300 sec this turn | 300 sec total\n|\n|t:|1783552188\n|switch|p1a: Vaporeon|Vaporeon, L86, F|364/364\n|move|p2a: Eiscue|Iron Head|p1a: Vaporeon\n|-resisted|p1a: Vaporeon\n|-damage|p1a: Vaporeon|331/364\n|\n|-heal|p1a: Vaporeon|353/364|[from] item: Leftovers\n|upkeep\n|turn|13\n|inactive|Time left: 300 sec this turn | 300 sec total\n|\n|t:|1783552189\n|switch|p2a: Scream Tail|Scream Tail, L84|100/100\n|move|p1a: Vaporeon|Scald|p2a: Scream Tail\n|-damage|p2a: Scream Tail|77/100\n|-status|p2a: Scream Tail|brn\n|\n|-heal|p2a: Scream Tail|84/100 brn|[from] item: Leftovers\n|-heal|p1a: Vaporeon|364/364|[from] item: Leftovers\n|-damage|p2a: Scream Tail|77/100 brn|[from] brn\n|upkeep\n|turn|14\n|inactive|Time left: 300 sec this turn | 300 sec total\n|\n|t:|1783552191\n|move|p2a: Scream Tail|Wish|p2a: Scream Tail\n|move|p1a: Vaporeon|Calm Mind|p1a: Vaporeon\n|-boost|p1a: Vaporeon|spa|1\n|-boost|p1a: Vaporeon|spd|1\n|\n|-heal|p2a: Scream Tail|84/100 brn|[from] item: Leftovers\n|-damage|p2a: Scream Tail|77/100 brn|[from] brn\n|upkeep\n|turn|15\n|inactive|Time left: 300 sec this turn | 300 sec total\n|\n|t:|1783552191\n|move|p2a: Scream Tail|Thunder Wave|p1a: Vaporeon\n|-status|p1a: Vaporeon|par\n|move|p1a: Vaporeon|Scald|p2a: Scream Tail\n|-damage|p2a: Scream Tail|43/100 brn\n|\n|-heal|p2a: Scream Tail|93/100 brn|[from] move: Wish|[wisher] Scream Tail\n|-heal|p2a: Scream Tail|99/100 brn|[from] item: Leftovers\n|-damage|p2a: Scream Tail|93/100 brn|[from] brn\n|upkeep\n|turn|16\n|inactive|Time left: 300 sec this turn | 300 sec total\n|\n|t:|1783552192\n|move|p2a: Scream Tail|Wish|p2a: Scream Tail\n|move|p1a: Vaporeon|Calm Mind|p1a: Vaporeon\n|-boost|p1a: Vaporeon|spa|1\n|-boost|p1a: Vaporeon|spd|1\n|\n|-heal|p2a: Scream Tail|99/100 brn|[from] item: Leftovers\n|-damage|p2a: Scream Tail|93/100 brn|[from] brn\n|upkeep\n|turn|17\n|inactive|Time left: 300 sec this turn | 300 sec total\n|\n|t:|1783552193\n|-end|p2a: Scream Tail|Protosynthesis|[silent]\n|switch|p2a: Bellibolt|Bellibolt, L84, F|34/100 brn\n|cant|p1a: Vaporeon|par\n|\n|-heal|p2a: Bellibolt|85/100 brn|[from] move: Wish|[wisher] Scream Tail\n|-heal|p2a: Bellibolt|92/100 brn|[from] item: Leftovers\n|-damage|p2a: Bellibolt|85/100 brn|[from] brn\n|upkeep\n|turn|18\n|inactive|Time left: 300 sec this turn | 300 sec total\n|\n|t:|1783552194\n|move|p2a: Bellibolt|Thunderbolt|p1a: Vaporeon\n|-supereffective|p1a: Vaporeon\n|-damage|p1a: Vaporeon|268/364 par\n|move|p1a: Vaporeon|Scald|p2a: Bellibolt\n|-damage|p2a: Bellibolt|24/100 brn\n|-start|p2a: Bellibolt|Charge|Scald|[from] ability: Electromorphosis\n|\n|-heal|p2a: Bellibolt|30/100 brn|[from] item: Leftovers\n|-heal|p1a: Vaporeon|290/364 par|[from] item: Leftovers\n|-damage|p2a: Bellibolt|24/100 brn|[from] brn\n|upkeep\n|turn|19\n|inactive|Time left: 300 sec this turn | 300 sec total\n|\n|t:|1783552195\n|move|p2a: Bellibolt|Thunderbolt|p1a: Vaporeon\n|-supereffective|p1a: Vaporeon\n|-damage|p1a: Vaporeon|104/364 par\n|-end|p2a: Bellibolt|Charge|[silent]\n|move|p1a: Vaporeon|Scald|p2a: Bellibolt\n|-damage|p2a: Bellibolt|0 fnt\n|faint|p2a: Bellibolt\n|\n|-heal|p1a: Vaporeon|126/364 par|[from] item: Leftovers\n|upkeep\n|\n|t:|1783552196\n|switch|p2a: Heracross|Heracross, L80, M|100/100\n|turn|20\n|inactive|Time left: 300 sec this turn | 300 sec total\n|\n|t:|1783552197\n|switch|p1a: Dachsbun|Dachsbun, L92, F|154/254\n|move|p2a: Heracross|Earthquake|p1a: Dachsbun\n|-damage|p1a: Dachsbun|67/254\n|\n|-heal|p1a: Dachsbun|82/254|[from] item: Leftovers\n|upkeep\n|turn|21\n|inactive|Time left: 300 sec this turn | 300 sec total\n|\n|t:|1783552198\n|move|p1a: Dachsbun|Play Rough|p2a: Heracross\n|-supereffective|p2a: Heracross\n|-damage|p2a: Heracross|17/100\n|move|p2a: Heracross|Earthquake|p1a: Dachsbun\n|-damage|p1a: Dachsbun|0 fnt\n|faint|p1a: Dachsbun\n|-ability|p2a: Heracross|Moxie|boost\n|-boost|p2a: Heracross|atk|1\n|\n|upkeep\n|inactive|Time left: 300 sec this turn | 300 sec total | 5 sec grace\n|\n|t:|1783552199\n|switch|p1a: Iron Treads|Iron Treads, L77|265/265\n|turn|22\n|inactive|Time left: 300 sec this turn | 300 sec total\n|\n|t:|1783552201\n|switch|p2a: Scream Tail|Scream Tail, L84|93/100 brn\n|move|p1a: Iron Treads|Iron Head|p2a: Scream Tail\n|-supereffective|p2a: Scream Tail\n|-damage|p2a: Scream Tail|47/100 brn\n|\n|-heal|p2a: Scream Tail|53/100 brn|[from] item: Leftovers\n|-damage|p2a: Scream Tail|47/100 brn|[from] brn\n|upkeep\n|turn|23\n|inactive|Time left: 300 sec this turn | 300 sec total\n|\n|t:|1783552202\n|move|p2a: Scream Tail|Wish|p2a: Scream Tail\n|move|p1a: Iron Treads|Iron Head|p2a: Scream Tail\n|-supereffective|p2a: Scream Tail\n|-damage|p2a: Scream Tail|0 fnt\n|faint|p2a: Scream Tail\n|-end|p2a: Scream Tail|Protosynthesis|[silent]\n|\n|upkeep\n|\n|t:|1783552203\n|switch|p2a: Eiscue|Eiscue-Noice, L88, M|52/100\n|turn|24\n|inactive|Time left: 300 sec this turn | 300 sec total\n|\n|t:|1783552204\n|move|p2a: Eiscue|Iron Head|p1a: Iron Treads\n|-resisted|p1a: Iron Treads\n|-damage|p1a: Iron Treads|241/265\n|move|p1a: Iron Treads|Iron Head|p2a: Eiscue\n|-supereffective|p2a: Eiscue\n|-damage|p2a: Eiscue|0 fnt\n|faint|p2a: Eiscue\n|\n|upkeep\n|\n|t:|1783552205\n|switch|p2a: Heracross|Heracross, L80, M|17/100\n|turn|25\n|inactive|Time left: 300 sec this turn | 300 sec total\n|\n|t:|1783552206\n|move|p1a: Iron Treads|Earthquake|p2a: Heracross\n|-resisted|p2a: Heracross\n|-damage|p2a: Heracross|0 fnt\n|faint|p2a: Heracross\n|\n|win|p0x1123a17c", "uploadtime": 1783552206, "views": 0, "rating": 0, "private": 0, "password": null, "_winner": "p0x1123a17c", "_our_name": "p0x1123a17c"}