{"id": "battle-gen9randombattle-1396", "formatid": "gen9randombattle", "format": "[Gen 9] Random Battle", "players": ["p0x1396ef33", "p0y13960262"], "log": "|init|battle\n|title|p0x1396ef33 vs. p0y13960262\n|j|\u2606p0x1396ef33\n|j|\u2606p0y13960262\n|t:|1783555296\n|gametype|singles\n|player|p1|p0x1396ef33|1|\n|player|p2|p0y13960262|169|\n|gen|9\n|tier|[Gen 9] Random Battle\n|rule|Species Clause: Limit one of each Pok\u00e9mon\n|rule|HP Percentage Mod: HP is shown in percentages\n|rule|Sleep Clause Mod: Limit one foe put to sleep\n|rule|Illusion Level Mod: Illusion disguises the Pok\u00e9mon's true level\n|\n|t:|1783555296\n|teamsize|p1|6\n|teamsize|p2|6\n|start\n|switch|p1a: Golduck|Golduck, L90, M|290/290\n|switch|p2a: Greninja|Greninja, L80, M|100/100\n|-ability|p1a: Golduck|Cloud Nine\n|turn|1\n|inactive|Battle timer is ON: inactive players will automatically lose when time's up. (requested by p0x1396ef33)\n|inactive|p0y13960262 also wants the timer to be on.\n|\n|t:|1783555297\n|move|p2a: Greninja|Dark Pulse|p1a: Golduck\n|-damage|p1a: Golduck|173/290\n|-damage|p2a: Greninja|91/100|[from] item: Life Orb\n|move|p1a: Golduck|Hydro Pump|p2a: Greninja\n|-resisted|p2a: Greninja\n|-damage|p2a: Greninja|49/100\n|-damage|p1a: Golduck|144/290|[from] item: Life Orb\n|\n|upkeep\n|turn|2\n|inactive|Time left: 300 sec this turn | 300 sec total\n|\n|t:|1783555298\n|switch|p1a: Eiscue|Eiscue, L88, F|274/274\n|move|p2a: Greninja|Dark Pulse|p1a: Eiscue\n|-damage|p1a: Eiscue|183/274\n|-damage|p2a: Greninja|39/100|[from] item: Life Orb\n|\n|upkeep\n|turn|3\n|inactive|Time left: 300 sec this turn | 300 sec total\n|\n|t:|1783555299\n|move|p2a: Greninja|Dark Pulse|p1a: Eiscue\n|-damage|p1a: Eiscue|89/274\n|-enditem|p1a: Eiscue|Sitrus Berry|[eat]\n|-heal|p1a: Eiscue|157/274|[from] item: Sitrus Berry\n|-damage|p2a: Greninja|29/100|[from] item: Life Orb\n|move|p1a: Eiscue|Ice Spinner|p2a: Greninja\n|-resisted|p2a: Greninja\n|-damage|p2a: Greninja|8/100\n|\n|upkeep\n|turn|4\n|inactive|Time left: 300 sec this turn | 300 sec total\n|\n|t:|1783555301\n|switch|p2a: Blastoise|Blastoise, L80, F|100/100\n|move|p1a: Eiscue|Ice Spinner|p2a: Blastoise\n|-resisted|p2a: Blastoise\n|-crit|p2a: Blastoise\n|-damage|p2a: Blastoise|78/100\n|\n|upkeep\n|turn|5\n|inactive|Time left: 300 sec this turn | 300 sec total\n|\n|t:|1783555302\n|switch|p1a: Ampharos|Ampharos, L88, F|302/302\n|move|p2a: Blastoise|Shell Smash|p2a: Blastoise\n|-unboost|p2a: Blastoise|def|1\n|-unboost|p2a: Blastoise|spd|1\n|-boost|p2a: Blastoise|atk|2\n|-boost|p2a: Blastoise|spa|2\n|-boost|p2a: Blastoise|spe|2\n|-enditem|p2a: Blastoise|White Herb\n|-clearnegativeboost|p2a: Blastoise|[silent]\n|\n|upkeep\n|turn|6\n|inactive|Time left: 300 sec this turn | 300 sec total\n|\n|t:|1783555303\n|move|p2a: Blastoise|Ice Beam|p1a: Ampharos\n|-damage|p1a: Ampharos|229/302\n|move|p1a: Ampharos|Thunderbolt|p2a: Blastoise\n|-supereffective|p2a: Blastoise\n|-damage|p2a: Blastoise|0 fnt\n|faint|p2a: Blastoise\n|\n|upkeep\n|\n|t:|1783555304\n|switch|p2a: Piloswine|Piloswine, L85, F|100/100\n|turn|7\n|inactive|Time left: 300 sec this turn | 300 sec total\n|\n|t:|1783555305\n|move|p1a: Ampharos|Focus Blast|p2a: Piloswine|[miss]\n|-miss|p1a: Ampharos|p2a: Piloswine\n|move|p2a: Piloswine|Stealth Rock|p1a: Ampharos\n|-sidestart|p1: p0x1396ef33|move: Stealth Rock\n|\n|upkeep\n|turn|8\n|inactive|Time left: 300 sec this turn | 300 sec total\n|\n|t:|1783555306\n|move|p1a: Ampharos|Focus Blast|p2a: Piloswine|[miss]\n|-miss|p1a: Ampharos|p2a: Piloswine\n|move|p2a: Piloswine|Earthquake|p1a: Ampharos\n|-supereffective|p1a: Ampharos\n|-damage|p1a: Ampharos|5/302\n|\n|upkeep\n|turn|9\n|inactive|Time left: 300 sec this turn | 300 sec total\n|\n|t:|1783555307\n|move|p1a: Ampharos|Focus Blast|p2a: Piloswine|[miss]\n|-miss|p1a: Ampharos|p2a: Piloswine\n|move|p2a: Piloswine|Earthquake|p1a: Ampharos\n|-supereffective|p1a: Ampharos\n|-damage|p1a: Ampharos|0 fnt\n|faint|p1a: Ampharos\n|\n|upkeep\n|inactive|Time left: 300 sec this turn | 300 sec total | 5 sec grace\n|\n|t:|1783555308\n|switch|p1a: Golduck|Golduck, L90, M|144/290\n|-damage|p1a: Golduck|108/290|[from] Stealth Rock\n|-ability|p1a: Golduck|Cloud Nine\n|turn|10\n|inactive|Time left: 300 sec this turn | 300 sec total\n|\n|t:|1783555309\n|move|p1a: Golduck|Hydro Pump|p2a: Piloswine\n|-supereffective|p2a: Piloswine\n|-damage|p2a: Piloswine|6/100\n|-damage|p1a: Golduck|79/290|[from] item: Life Orb\n|move|p2a: Piloswine|Earthquake|p1a: Golduck\n|-damage|p1a: Golduck|0 fnt\n|faint|p1a: Golduck\n|\n|upkeep\n|inactive|Time left: 300 sec this turn | 300 sec total | 5 sec grace\n|\n|t:|1783555310\n|switch|p1a: Bombirdier|Bombirdier, L85, M|258/258\n|turn|11\n|inactive|Time left: 300 sec this turn | 300 sec total\n|\n|t:|1783555311\n|switch|p2a: Bastiodon|Bastiodon, L89, M|100/100\n|move|p1a: Bombirdier|Knock Off|p2a: Bastiodon\n|-damage|p2a: Bastiodon|77/100\n|-enditem|p2a: Bastiodon|Chesto Berry|[from] move: Knock Off|[of] p1a: Bombirdier\n|\n|upkeep\n|turn|12\n|inactive|Time left: 300 sec this turn | 300 sec total\n|\n|t:|1783555312\n|move|p1a: Bombirdier|Brave Bird|p2a: Bastiodon\n|-resisted|p2a: Bastiodon\n|-damage|p2a: Bastiodon|69/100\n|-damage|p1a: Bombirdier|251/258|[from] Recoil\n|move|p2a: Bastiodon|Iron Defense|p2a: Bastiodon\n|-boost|p2a: Bastiodon|def|2\n|\n|upkeep\n|turn|13\n|inactive|Time left: 300 sec this turn | 300 sec total\n|\n|t:|1783555313\n|switch|p1a: Eiscue|Eiscue, L88, F|157/274\n|-damage|p1a: Eiscue|89/274|[from] Stealth Rock\n|move|p2a: Bastiodon|Body Press|p1a: Eiscue\n|-activate|p1a: Eiscue|ability: Ice Face\n|-damage|p1a: Eiscue|89/274\n|detailschange|p1a: Eiscue|Eiscue-Noice, L88, F\n|\n|upkeep\n|turn|14\n|inactive|Time left: 300 sec this turn | 300 sec total\n|\n|t:|1783555314\n|move|p1a: Eiscue|Liquidation|p2a: Bastiodon\n|-supereffective|p2a: Bastiodon\n|-damage|p2a: Bastiodon|56/100\n|-unboost|p2a: Bastiodon|def|1\n|move|p2a: Bastiodon|Body Press|p1a: Eiscue\n|-supereffective|p1a: Eiscue\n|-damage|p1a: Eiscue|0 fnt\n|faint|p1a: Eiscue\n|\n|upkeep\n|inactive|Time left: 300 sec this turn | 300 sec total | 5 sec grace\n|\n|t:|1783555315\n|switch|p1a: Staraptor|Staraptor, L79, M|263/263\n|-damage|p1a: Staraptor|198/263|[from] Stealth Rock\n|turn|15\n|inactive|Time left: 300 sec this turn | 300 sec total\n|\n|t:|1783555316\n|move|p1a: Staraptor|Close Combat|p2a: Bastiodon\n|-supereffective|p2a: Bastiodon\n|-damage|p2a: Bastiodon|0 fnt\n|-unboost|p1a: Staraptor|def|1\n|-unboost|p1a: Staraptor|spd|1\n|faint|p2a: Bastiodon\n|\n|upkeep\n|\n|t:|1783555317\n|switch|p2a: Arceus|Arceus-Flying, L69|100/100\n|turn|16\n|inactive|Time left: 300 sec this turn | 300 sec total\n|\n|t:|1783555318\n|switch|p1a: Bombirdier|Bombirdier, L85, M|251/258\n|move|p2a: Arceus|Calm Mind|p2a: Arceus\n|-boost|p2a: Arceus|spa|1\n|-boost|p2a: Arceus|spd|1\n|\n|upkeep\n|turn|17\n|inactive|Time left: 300 sec this turn | 300 sec total\n|\n|t:|1783555319\n|move|p2a: Arceus|Judgment|p1a: Bombirdier\n|-damage|p1a: Bombirdier|82/258\n|move|p1a: Bombirdier|Knock Off|p2a: Arceus\n|-crit|p2a: Arceus\n|-damage|p2a: Arceus|64/100\n|\n|upkeep\n|turn|18\n|inactive|Time left: 300 sec this turn | 300 sec total\n|\n|t:|1783555320\n|move|p2a: Arceus|Judgment|p1a: Bombirdier\n|-damage|p1a: Bombirdier|0 fnt\n|faint|p1a: Bombirdier\n|\n|upkeep\n|inactive|Time left: 300 sec this turn | 300 sec total | 5 sec grace\n|\n|t:|1783555321\n|switch|p1a: Haxorus|Haxorus, L77, M|244/244\n|-damage|p1a: Haxorus|214/244|[from] Stealth Rock\n|-ability|p1a: Haxorus|Mold Breaker\n|turn|19\n|inactive|Time left: 300 sec this turn | 300 sec total\n|\n|t:|1783555322\n|move|p2a: Arceus|Judgment|p1a: Haxorus\n|-damage|p1a: Haxorus|28/244\n|move|p1a: Haxorus|Scale Shot|p2a: Arceus\n|-damage|p2a: Arceus|54/100\n|-damage|p2a: Arceus|42/100\n|-damage|p2a: Arceus|30/100\n|-damage|p2a: Arceus|19/100\n|-hitcount|p2a: Arceus|4\n|-unboost|p1a: Haxorus|def|1\n|-boost|p1a: Haxorus|spe|1\n|\n|upkeep\n|turn|20\n|inactive|Time left: 300 sec this turn | 300 sec total\n|\n|t:|1783555323\n|switch|p2a: Shaymin|Shaymin, L82|100/100\n|move|p1a: Haxorus|Iron Head|p2a: Shaymin\n|-damage|p2a: Shaymin|81/100\n|\n|-heal|p2a: Shaymin|87/100|[from] item: Leftovers\n|upkeep\n|turn|21\n|inactive|Time left: 300 sec this turn | 300 sec total\n|\n|t:|1783555324\n|move|p1a: Haxorus|Iron Head|p2a: Shaymin\n|-damage|p2a: Shaymin|68/100\n|move|p2a: Shaymin|Leech Seed|p1a: Haxorus\n|-start|p1a: Haxorus|move: Leech Seed\n|\n|-heal|p2a: Shaymin|74/100|[from] item: Leftovers\n|-damage|p1a: Haxorus|0 fnt|[from] Leech Seed|[of] p2a: Shaymin\n|-heal|p2a: Shaymin|84/100|[silent]\n|faint|p1a: Haxorus\n|upkeep\n|inactive|Time left: 300 sec this turn | 300 sec total | 5 sec grace\n|\n|t:|1783555325\n|switch|p1a: Staraptor|Staraptor, L79, M|198/263\n|-damage|p1a: Staraptor|133/263|[from] Stealth Rock\n|turn|22\n|inactive|Time left: 300 sec this turn | 300 sec total\n|\n|t:|1783555326\n|move|p2a: Shaymin|Air Slash|p1a: Staraptor\n|-damage|p1a: Staraptor|64/263\n|cant|p1a: Staraptor|flinch\n|\n|-heal|p2a: Shaymin|90/100|[from] item: Leftovers\n|upkeep\n|turn|23\n|inactive|Time left: 300 sec this turn | 300 sec total\n|\n|t:|1783555327\n|-terastallize|p2a: Shaymin|Steel\n|move|p2a: Shaymin|Seed Flare|p1a: Staraptor\n|-resisted|p1a: Staraptor\n|-damage|p1a: Staraptor|0 fnt\n|faint|p1a: Staraptor\n|\n|win|p0y13960262", "uploadtime": 1783555327, "views": 0, "rating": 0, "private": 0, "password": null, "_winner": "p0y13960262", "_our_name": "p0x1396ef33"}