{"id": "battle-gen9randombattle-2986", "formatid": "gen9randombattle", "format": "[Gen 9] Random Battle", "players": ["p0x2986880f", "p0y29866e08"], "log": "|init|battle\n|title|p0x2986880f vs. p0y29866e08\n|j|\u2606p0x2986880f\n|j|\u2606p0y29866e08\n|t:|1783573371\n|gametype|singles\n|player|p1|p0x2986880f|169|\n|player|p2|p0y29866e08|266|\n|gen|9\n|tier|[Gen 9] Random Battle\n|rule|Species Clause: Limit one of each Pok\u00e9mon\n|rule|HP Percentage Mod: HP is shown in percentages\n|rule|Sleep Clause Mod: Limit one foe put to sleep\n|rule|Illusion Level Mod: Illusion disguises the Pok\u00e9mon's true level\n|\n|t:|1783573371\n|teamsize|p1|6\n|teamsize|p2|6\n|start\n|switch|p1a: Porygon2|Porygon2, L81|270/270\n|switch|p2a: Sudowoodo|Sudowoodo, L94, M|100/100\n|-ability|p1a: Porygon2|Download|boost\n|-boost|p1a: Porygon2|spa|1\n|turn|1\n|inactive|Battle timer is ON: inactive players will automatically lose when time's up. (requested by p0y29866e08)\n|inactive|Time left: 300 sec this turn | 300 sec total | 60 sec grace\n|\n|t:|1783573372\n|move|p1a: Porygon2|Tri Attack|p2a: Sudowoodo\n|-resisted|p2a: Sudowoodo\n|-damage|p2a: Sudowoodo|76/100\n|move|p2a: Sudowoodo|Stealth Rock|p1a: Porygon2\n|-sidestart|p1: p0x2986880f|move: Stealth Rock\n|\n|-heal|p2a: Sudowoodo|82/100|[from] item: Leftovers\n|upkeep\n|turn|2\n|inactive|Time left: 300 sec this turn | 300 sec total\n|inactive|p0x2986880f also wants the timer to be on.\n|\n|t:|1783573373\n|move|p1a: Porygon2|Ice Beam|p2a: Sudowoodo\n|-damage|p2a: Sudowoodo|46/100\n|move|p2a: Sudowoodo|Head Smash|p1a: Porygon2|[miss]\n|-miss|p2a: Sudowoodo|p1a: Porygon2\n|\n|-heal|p2a: Sudowoodo|52/100|[from] item: Leftovers\n|upkeep\n|turn|3\n|inactive|Time left: 300 sec this turn | 300 sec total\n|\n|t:|1783573374\n|move|p1a: Porygon2|Ice Beam|p2a: Sudowoodo\n|-damage|p2a: Sudowoodo|13/100\n|-status|p2a: Sudowoodo|frz\n|cant|p2a: Sudowoodo|frz\n|\n|-heal|p2a: Sudowoodo|19/100 frz|[from] item: Leftovers\n|upkeep\n|turn|4\n|inactive|Time left: 300 sec this turn | 300 sec total\n|\n|t:|1783573375\n|move|p1a: Porygon2|Ice Beam|p2a: Sudowoodo\n|-damage|p2a: Sudowoodo|0 fnt\n|faint|p2a: Sudowoodo\n|\n|upkeep\n|\n|t:|1783573376\n|switch|p2a: Alcremie|Alcremie-Lemon-Cream, L90, F|100/100\n|turn|5\n|inactive|Time left: 300 sec this turn | 300 sec total\n|\n|t:|1783573378\n|move|p2a: Alcremie|Calm Mind|p2a: Alcremie\n|-boost|p2a: Alcremie|spa|1\n|-boost|p2a: Alcremie|spd|1\n|move|p1a: Porygon2|Tri Attack|p2a: Alcremie\n|-damage|p2a: Alcremie|75/100\n|\n|-heal|p2a: Alcremie|81/100|[from] item: Leftovers\n|upkeep\n|turn|6\n|inactive|Time left: 300 sec this turn | 300 sec total\n|\n|t:|1783573379\n|move|p2a: Alcremie|Calm Mind|p2a: Alcremie\n|-boost|p2a: Alcremie|spa|1\n|-boost|p2a: Alcremie|spd|1\n|move|p1a: Porygon2|Tri Attack|p2a: Alcremie\n|-damage|p2a: Alcremie|64/100\n|\n|-heal|p2a: Alcremie|70/100|[from] item: Leftovers\n|upkeep\n|turn|7\n|inactive|Time left: 300 sec this turn | 300 sec total\n|\n|t:|1783573380\n|switch|p1a: Goodra|Goodra-Hisui, L82, F|265/265\n|-damage|p1a: Goodra|249/265|[from] Stealth Rock\n|move|p2a: Alcremie|Alluring Voice|p1a: Goodra\n|-damage|p1a: Goodra|149/265\n|\n|-heal|p2a: Alcremie|76/100|[from] item: Leftovers\n|upkeep\n|turn|8\n|inactive|Time left: 300 sec this turn | 300 sec total\n|\n|t:|1783573381\n|-terastallize|p2a: Alcremie|Steel\n|move|p2a: Alcremie|Alluring Voice|p1a: Goodra\n|-damage|p1a: Goodra|52/265\n|move|p1a: Goodra|Heavy Slam|p2a: Alcremie\n|-resisted|p2a: Alcremie\n|-damage|p2a: Alcremie|53/100\n|\n|-heal|p2a: Alcremie|59/100|[from] item: Leftovers\n|upkeep\n|turn|9\n|inactive|Time left: 300 sec this turn | 300 sec total\n|\n|t:|1783573382\n|move|p2a: Alcremie|Alluring Voice|p1a: Goodra\n|-damage|p1a: Goodra|0 fnt\n|faint|p1a: Goodra\n|\n|-heal|p2a: Alcremie|65/100|[from] item: Leftovers\n|upkeep\n|inactive|Time left: 300 sec this turn | 300 sec total | 5 sec grace\n|\n|t:|1783573383\n|switch|p1a: Gallade|Gallade, L80, M|240/240\n|-damage|p1a: Gallade|225/240|[from] Stealth Rock\n|turn|10\n|inactive|Time left: 300 sec this turn | 300 sec total\n|\n|t:|1783573384\n|switch|p2a: Sinistcha|Sinistcha, L83|100/100\n|move|p1a: Gallade|Sacred Sword|p2a: Sinistcha\n|-immune|p2a: Sinistcha\n|\n|upkeep\n|turn|11\n|inactive|Time left: 300 sec this turn | 300 sec total\n|\n|t:|1783573386\n|move|p1a: Gallade|Night Slash|p2a: Sinistcha\n|-supereffective|p2a: Sinistcha\n|-crit|p2a: Sinistcha\n|-damage|p2a: Sinistcha|0 fnt\n|faint|p2a: Sinistcha\n|-damage|p1a: Gallade|201/240|[from] item: Life Orb\n|\n|upkeep\n|\n|t:|1783573386\n|switch|p2a: Pikachu|Pikachu-Alola, L93, M|100/100\n|turn|12\n|inactive|Time left: 300 sec this turn | 300 sec total\n|\n|t:|1783573387\n|switch|p1a: Donphan|Donphan, L84, M|288/288\n|-damage|p1a: Donphan|270/288|[from] Stealth Rock\n|move|p2a: Pikachu|Volt Tackle|p1a: Donphan\n|-immune|p1a: Donphan\n|\n|upkeep\n|turn|13\n|inactive|Time left: 300 sec this turn | 300 sec total\n|\n|t:|1783573388\n|move|p2a: Pikachu|Surf|p1a: Donphan\n|-supereffective|p1a: Donphan\n|-damage|p1a: Donphan|96/288\n|move|p1a: Donphan|Earthquake|p2a: Pikachu\n|-supereffective|p2a: Pikachu\n|-damage|p2a: Pikachu|0 fnt\n|faint|p2a: Pikachu\n|\n|upkeep\n|\n|t:|1783573389\n|switch|p2a: Gumshoos|Gumshoos, L95, F|100/100\n|turn|14\n|inactive|Time left: 300 sec this turn | 300 sec total\n|\n|t:|1783573390\n|move|p2a: Gumshoos|Double-Edge|p1a: Donphan\n|-crit|p1a: Donphan\n|-damage|p1a: Donphan|0 fnt\n|faint|p1a: Donphan\n|-damage|p2a: Gumshoos|91/100|[from] Recoil\n|\n|upkeep\n|inactive|Time left: 300 sec this turn | 300 sec total | 5 sec grace\n|\n|t:|1783573391\n|switch|p1a: Gallade|Gallade, L80, M|201/240\n|-damage|p1a: Gallade|186/240|[from] Stealth Rock\n|turn|15\n|inactive|Time left: 300 sec this turn | 300 sec total\n|\n|t:|1783573392\n|move|p1a: Gallade|Sacred Sword|p2a: Gumshoos\n|-supereffective|p2a: Gumshoos\n|-damage|p2a: Gumshoos|0 fnt\n|faint|p2a: Gumshoos\n|-damage|p1a: Gallade|162/240|[from] item: Life Orb\n|\n|upkeep\n|\n|t:|1783573393\n|switch|p2a: Shiftry|Shiftry, L89, M|100/100\n|turn|16\n|inactive|Time left: 300 sec this turn | 300 sec total\n|\n|t:|1783573394\n|-terastallize|p1a: Gallade|Fighting\n|move|p2a: Shiftry|Leaf Blade|p1a: Gallade\n|-crit|p1a: Gallade\n|-damage|p1a: Gallade|0 fnt\n|faint|p1a: Gallade\n|-damage|p2a: Shiftry|91/100|[from] item: Life Orb\n|\n|upkeep\n|inactive|Time left: 300 sec this turn | 300 sec total | 5 sec grace\n|\n|t:|1783573395\n|switch|p1a: Porygon2|Porygon2, L81|270/270\n|-damage|p1a: Porygon2|237/270|[from] Stealth Rock\n|-ability|p1a: Porygon2|Download|boost\n|-boost|p1a: Porygon2|spa|1\n|turn|17\n|inactive|Time left: 300 sec this turn | 300 sec total\n|\n|t:|1783573396\n|switch|p2a: Alcremie|Alcremie-Lemon-Cream, L90, F, tera:Steel|65/100\n|move|p1a: Porygon2|Discharge|p2a: Alcremie\n|-damage|p2a: Alcremie|43/100\n|\n|-heal|p2a: Alcremie|49/100|[from] item: Leftovers\n|upkeep\n|turn|18\n|inactive|Time left: 300 sec this turn | 300 sec total\n|\n|t:|1783573397\n|move|p2a: Alcremie|Calm Mind|p2a: Alcremie\n|-boost|p2a: Alcremie|spa|1\n|-boost|p2a: Alcremie|spd|1\n|move|p1a: Porygon2|Discharge|p2a: Alcremie\n|-damage|p2a: Alcremie|34/100\n|\n|-heal|p2a: Alcremie|40/100|[from] item: Leftovers\n|upkeep\n|turn|19\n|inactive|Time left: 300 sec this turn | 300 sec total\n|\n|t:|1783573398\n|move|p2a: Alcremie|Calm Mind|p2a: Alcremie\n|-boost|p2a: Alcremie|spa|1\n|-boost|p2a: Alcremie|spd|1\n|move|p1a: Porygon2|Discharge|p2a: Alcremie\n|-damage|p2a: Alcremie|27/100\n|\n|-heal|p2a: Alcremie|33/100|[from] item: Leftovers\n|upkeep\n|turn|20\n|inactive|Time left: 300 sec this turn | 300 sec total\n|\n|t:|1783573399\n|move|p2a: Alcremie|Alluring Voice|p1a: Porygon2\n|-damage|p1a: Porygon2|90/270\n|move|p1a: Porygon2|Discharge|p2a: Alcremie\n|-damage|p2a: Alcremie|20/100\n|\n|-heal|p2a: Alcremie|26/100|[from] item: Leftovers\n|upkeep\n|turn|21\n|inactive|Time left: 300 sec this turn | 300 sec total\n|\n|t:|1783573400\n|move|p2a: Alcremie|Recover|p2a: Alcremie\n|-heal|p2a: Alcremie|77/100\n|move|p1a: Porygon2|Recover|p1a: Porygon2\n|-heal|p1a: Porygon2|225/270\n|\n|-heal|p2a: Alcremie|83/100|[from] item: Leftovers\n|upkeep\n|turn|22\n|inactive|Time left: 300 sec this turn | 300 sec total\n|\n|t:|1783573401\n|move|p2a: Alcremie|Alluring Voice|p1a: Porygon2\n|-damage|p1a: Porygon2|92/270\n|move|p1a: Porygon2|Recover|p1a: Porygon2\n|-heal|p1a: Porygon2|227/270\n|\n|-heal|p2a: Alcremie|89/100|[from] item: Leftovers\n|upkeep\n|turn|23\n|inactive|Time left: 300 sec this turn | 300 sec total\n|\n|t:|1783573402\n|move|p2a: Alcremie|Alluring Voice|p1a: Porygon2\n|-damage|p1a: Porygon2|74/270\n|move|p1a: Porygon2|Recover|p1a: Porygon2\n|-heal|p1a: Porygon2|209/270\n|\n|-heal|p2a: Alcremie|95/100|[from] item: Leftovers\n|upkeep\n|turn|24\n|inactive|Time left: 300 sec this turn | 300 sec total\n|\n|t:|1783573402\n|move|p2a: Alcremie|Alluring Voice|p1a: Porygon2\n|-damage|p1a: Porygon2|59/270\n|move|p1a: Porygon2|Recover|p1a: Porygon2\n|-heal|p1a: Porygon2|194/270\n|\n|-heal|p2a: Alcremie|100/100|[from] item: Leftovers\n|upkeep\n|turn|25\n|inactive|Time left: 300 sec this turn | 300 sec total\n|\n|t:|1783573403\n|move|p2a: Alcremie|Alluring Voice|p1a: Porygon2\n|-crit|p1a: Porygon2\n|-damage|p1a: Porygon2|0 fnt\n|faint|p1a: Porygon2\n|\n|upkeep\n|inactive|Time left: 300 sec this turn | 300 sec total | 5 sec grace\n|\n|t:|1783573404\n|switch|p1a: Pelipper|Pelipper, L86, F|243/243\n|-weather|RainDance|[from] ability: Drizzle|[of] p1a: Pelipper\n|turn|26\n|inactive|Time left: 300 sec this turn | 300 sec total\n|\n|t:|1783573405\n|move|p2a: Alcremie|Alluring Voice|p1a: Pelipper\n|-damage|p1a: Pelipper|0 fnt\n|faint|p1a: Pelipper\n|\n|-weather|RainDance|[upkeep]\n|upkeep\n|inactive|Time left: 300 sec this turn | 300 sec total | 5 sec grace\n|\n|t:|1783573406\n|switch|p1a: Drednaw|Drednaw, L81, F|278/278\n|-damage|p1a: Drednaw|244/278|[from] Stealth Rock\n|turn|27\n|inactive|Time left: 300 sec this turn | 300 sec total\n|\n|t:|1783573407\n|move|p1a: Drednaw|Shell Smash|p1a: Drednaw\n|-unboost|p1a: Drednaw|def|1\n|-unboost|p1a: Drednaw|spd|1\n|-boost|p1a: Drednaw|atk|2\n|-boost|p1a: Drednaw|spa|2\n|-boost|p1a: Drednaw|spe|2\n|-enditem|p1a: Drednaw|White Herb\n|-clearnegativeboost|p1a: Drednaw|[silent]\n|move|p2a: Alcremie|Alluring Voice|p1a: Drednaw\n|-damage|p1a: Drednaw|0 fnt\n|faint|p1a: Drednaw\n|\n|win|p0y29866e08", "uploadtime": 1783573407, "views": 0, "rating": 0, "private": 0, "password": null, "_winner": "p0y29866e08", "_our_name": "p0x2986880f"}