{"id": "battle-gen9randombattle-705", "formatid": "gen9randombattle", "format": "[Gen 9] Random Battle", "players": ["p0x7053f47", "p0y7054b5d"], "log": "|init|battle\n|title|p0x7053f47 vs. p0y7054b5d\n|j|\u2606p0x7053f47\n|j|\u2606p0y7054b5d\n|t:|1783547312\n|gametype|singles\n|player|p1|p0x7053f47|101|\n|player|p2|p0y7054b5d|266|\n|gen|9\n|tier|[Gen 9] Random Battle\n|rule|Species Clause: Limit one of each Pok\u00e9mon\n|rule|HP Percentage Mod: HP is shown in percentages\n|rule|Sleep Clause Mod: Limit one foe put to sleep\n|rule|Illusion Level Mod: Illusion disguises the Pok\u00e9mon's true level\n|\n|t:|1783547312\n|teamsize|p1|6\n|teamsize|p2|6\n|start\n|switch|p1a: Drednaw|Drednaw, L81, M|100/100\n|switch|p2a: Probopass|Probopass, L91, M|257/257\n|turn|1\n|inactive|Battle timer is ON: inactive players will automatically lose when time's up. (requested by p0x7053f47)\n|inactive|Time left: 300 sec this turn | 300 sec total | 60 sec grace\n|inactive|p0y7054b5d also wants the timer to be on.\n|\n|t:|1783547313\n|-terastallize|p2a: Probopass|Fighting\n|move|p1a: Drednaw|Shell Smash|p1a: Drednaw\n|-unboost|p1a: Drednaw|def|1\n|-unboost|p1a: Drednaw|spd|1\n|-boost|p1a: Drednaw|atk|2\n|-boost|p1a: Drednaw|spa|2\n|-boost|p1a: Drednaw|spe|2\n|-enditem|p1a: Drednaw|White Herb\n|-clearnegativeboost|p1a: Drednaw|[silent]\n|move|p2a: Probopass|Body Press|p1a: Drednaw\n|-supereffective|p1a: Drednaw\n|-damage|p1a: Drednaw|0 fnt\n|faint|p1a: Drednaw\n|\n|upkeep\n|\n|t:|1783547314\n|switch|p1a: Amoonguss|Amoonguss, L82, F|100/100\n|turn|2\n|inactive|Time left: 300 sec this turn | 300 sec total\n|\n|t:|1783547314\n|move|p2a: Probopass|Thunder Wave|p1a: Amoonguss\n|-status|p1a: Amoonguss|par\n|cant|p1a: Amoonguss|par\n|\n|upkeep\n|turn|3\n|inactive|Time left: 300 sec this turn | 300 sec total\n|\n|t:|1783547315\n|switch|p1a: Masquerain|Masquerain, L87, M|100/100\n|-ability|p1a: Masquerain|Intimidate|boost\n|-unboost|p2a: Probopass|atk|1\n|move|p2a: Probopass|Iron Defense|p2a: Probopass\n|-boost|p2a: Probopass|def|2\n|\n|upkeep\n|turn|4\n|inactive|Time left: 300 sec this turn | 300 sec total\n|\n|t:|1783547316\n|move|p1a: Masquerain|Quiver Dance|p1a: Masquerain\n|-boost|p1a: Masquerain|spa|1\n|-boost|p1a: Masquerain|spd|1\n|-boost|p1a: Masquerain|spe|1\n|move|p2a: Probopass|Body Press|p1a: Masquerain\n|-resisted|p1a: Masquerain\n|-damage|p1a: Masquerain|69/100\n|\n|upkeep\n|turn|5\n|inactive|Time left: 300 sec this turn | 300 sec total\n|\n|t:|1783547317\n|move|p1a: Masquerain|Quiver Dance|p1a: Masquerain\n|-boost|p1a: Masquerain|spa|1\n|-boost|p1a: Masquerain|spd|1\n|-boost|p1a: Masquerain|spe|1\n|move|p2a: Probopass|Body Press|p1a: Masquerain\n|-resisted|p1a: Masquerain\n|-damage|p1a: Masquerain|36/100\n|\n|upkeep\n|turn|6\n|inactive|Time left: 300 sec this turn | 300 sec total\n|\n|t:|1783547318\n|move|p1a: Masquerain|Hurricane|p2a: Probopass|[miss]\n|-miss|p1a: Masquerain|p2a: Probopass\n|move|p2a: Probopass|Body Press|p1a: Masquerain\n|-resisted|p1a: Masquerain\n|-damage|p1a: Masquerain|4/100\n|\n|upkeep\n|turn|7\n|inactive|Time left: 300 sec this turn | 300 sec total\n|\n|t:|1783547319\n|move|p1a: Masquerain|Hurricane|p2a: Probopass\n|-supereffective|p2a: Probopass\n|-damage|p2a: Probopass|0 fnt\n|faint|p2a: Probopass\n|\n|upkeep\n|inactive|Time left: 300 sec this turn | 300 sec total | 5 sec grace\n|\n|t:|1783547320\n|switch|p2a: Drifblim|Drifblim, L86, M|396/396\n|turn|8\n|inactive|Time left: 300 sec this turn | 300 sec total\n|\n|t:|1783547321\n|move|p1a: Masquerain|Hurricane|p2a: Drifblim\n|-damage|p2a: Drifblim|39/396\n|-enditem|p2a: Drifblim|Sitrus Berry|[eat]\n|-heal|p2a: Drifblim|138/396|[from] item: Sitrus Berry\n|move|p2a: Drifblim|Shadow Ball|p1a: Masquerain\n|-damage|p1a: Masquerain|0 fnt\n|faint|p1a: Masquerain\n|\n|upkeep\n|\n|t:|1783547322\n|switch|p1a: Glaceon|Glaceon, L94, M|100/100\n|turn|9\n|inactive|Time left: 300 sec this turn | 300 sec total\n|\n|t:|1783547323\n|move|p2a: Drifblim|Strength Sap|p1a: Glaceon\n|-unboost|p1a: Glaceon|atk|1\n|-heal|p2a: Drifblim|255/396\n|move|p1a: Glaceon|Freeze-Dry|p2a: Drifblim\n|-supereffective|p2a: Drifblim\n|-damage|p2a: Drifblim|0 fnt\n|faint|p2a: Drifblim\n|\n|upkeep\n|inactive|Time left: 300 sec this turn | 300 sec total | 5 sec grace\n|\n|t:|1783547324\n|switch|p2a: Granbull|Granbull, L88, F|302/302\n|-ability|p2a: Granbull|Intimidate|boost\n|-unboost|p1a: Glaceon|atk|1\n|turn|10\n|inactive|Time left: 300 sec this turn | 300 sec total\n|\n|t:|1783547325\n|move|p1a: Glaceon|Freeze-Dry|p2a: Granbull\n|-damage|p2a: Granbull|166/302\n|-status|p2a: Granbull|frz\n|cant|p2a: Granbull|frz\n|\n|-heal|p2a: Granbull|184/302 frz|[from] item: Leftovers\n|upkeep\n|turn|11\n|inactive|Time left: 300 sec this turn | 300 sec total\n|\n|t:|1783547327\n|switch|p2a: Lurantis|Lurantis, L87, M|264/264\n|move|p1a: Glaceon|Freeze-Dry|p2a: Lurantis\n|-supereffective|p2a: Lurantis\n|-damage|p2a: Lurantis|60/264\n|\n|-heal|p2a: Lurantis|76/264|[from] item: Leftovers\n|upkeep\n|turn|12\n|inactive|Time left: 300 sec this turn | 300 sec total\n|\n|t:|1783547328\n|switch|p2a: Granbull|Granbull, L88, F|184/302 frz\n|-ability|p2a: Granbull|Intimidate|boost\n|-unboost|p1a: Glaceon|atk|1\n|move|p1a: Glaceon|Freeze-Dry|p2a: Granbull\n|-damage|p2a: Granbull|28/302 frz\n|\n|-heal|p2a: Granbull|46/302 frz|[from] item: Leftovers\n|upkeep\n|turn|13\n|inactive|Time left: 300 sec this turn | 300 sec total\n|\n|t:|1783547329\n|switch|p1a: Koraidon|Koraidon, L64|100/100\n|-weather|SunnyDay|[from] ability: Orichalcum Pulse|[of] p1a: Koraidon\n|-activate|p1a: Koraidon|Orichalcum Pulse|[source]\n|cant|p2a: Granbull|frz\n|\n|-weather|SunnyDay|[upkeep]\n|-heal|p2a: Granbull|64/302 frz|[from] item: Leftovers\n|upkeep\n|turn|14\n|inactive|Time left: 300 sec this turn | 300 sec total\n|\n|t:|1783547330\n|move|p1a: Koraidon|Flare Blitz|p2a: Granbull\n|-damage|p2a: Granbull|0 fnt\n|faint|p2a: Granbull\n|-damage|p1a: Koraidon|92/100|[from] Recoil\n|\n|-weather|SunnyDay|[upkeep]\n|upkeep\n|inactive|Time left: 300 sec this turn | 300 sec total | 5 sec grace\n|\n|t:|1783547331\n|switch|p2a: Rayquaza|Rayquaza, L72|270/270\n|-ability|p2a: Rayquaza|Air Lock\n|turn|15\n|inactive|Time left: 300 sec this turn | 300 sec total\n|\n|t:|1783547332\n|switch|p1a: Glaceon|Glaceon, L94, M|100/100\n|move|p2a: Rayquaza|Outrage|p1a: Glaceon\n|-damage|p1a: Glaceon|63/100\n|\n|-weather|SunnyDay|[upkeep]\n|upkeep\n|turn|16\n|inactive|Time left: 300 sec this turn | 300 sec total\n|\n|t:|1783547333\n|move|p2a: Rayquaza|Outrage|p1a: Glaceon|[from] lockedmove\n|-damage|p1a: Glaceon|24/100\n|move|p1a: Glaceon|Freeze-Dry|p2a: Rayquaza\n|-supereffective|p2a: Rayquaza\n|-damage|p2a: Rayquaza|0 fnt\n|faint|p2a: Rayquaza\n|\n|-weather|SunnyDay|[upkeep]\n|upkeep\n|inactive|Time left: 300 sec this turn | 300 sec total | 5 sec grace\n|\n|t:|1783547334\n|switch|p2a: Deoxys|Deoxys, L74|196/196\n|-ability|p2a: Deoxys|Pressure\n|turn|17\n|inactive|Time left: 300 sec this turn | 300 sec total\n|\n|t:|1783547335\n|move|p2a: Deoxys|Knock Off|p1a: Glaceon\n|-damage|p1a: Glaceon|0 fnt\n|-enditem|p1a: Glaceon|Heavy-Duty Boots|[from] move: Knock Off|[of] p2a: Deoxys\n|faint|p1a: Glaceon\n|-damage|p2a: Deoxys|177/196|[from] item: Life Orb\n|\n|-weather|none\n|upkeep\n|\n|t:|1783547336\n|switch|p1a: Furret|Furret, L94, F|100/100\n|-item|p2a: Deoxys|Life Orb|[from] ability: Frisk|[of] p1a: Furret\n|turn|18\n|inactive|Time left: 300 sec this turn | 300 sec total\n|\n|t:|1783547337\n|move|p2a: Deoxys|Superpower|p1a: Furret\n|-supereffective|p1a: Furret\n|-damage|p1a: Furret|15/100\n|-unboost|p2a: Deoxys|atk|1\n|-unboost|p2a: Deoxys|def|1\n|-damage|p2a: Deoxys|158/196|[from] item: Life Orb\n|move|p1a: Furret|Knock Off|p2a: Deoxys\n|-supereffective|p2a: Deoxys\n|-damage|p2a: Deoxys|0 fnt\n|-enditem|p2a: Deoxys|Life Orb|[from] move: Knock Off|[of] p1a: Furret\n|faint|p2a: Deoxys\n|\n|upkeep\n|inactive|Time left: 300 sec this turn | 300 sec total | 5 sec grace\n|\n|t:|1783547338\n|switch|p2a: Lurantis|Lurantis, L87, M|76/264\n|turn|19\n|inactive|Time left: 300 sec this turn | 300 sec total\n|\n|t:|1783547339\n|move|p1a: Furret|Knock Off|p2a: Lurantis\n|-damage|p2a: Lurantis|0 fnt\n|-enditem|p2a: Lurantis|Leftovers|[from] move: Knock Off|[of] p1a: Furret\n|faint|p2a: Lurantis\n|\n|win|p0x7053f47", "uploadtime": 1783547339, "views": 0, "rating": 0, "private": 0, "password": null, "_winner": "p0x7053f47", "_our_name": "p0y7054b5d"}