{"id": "battle-gen9randombattle-2783", "formatid": "gen9randombattle", "format": "[Gen 9] Random Battle", "players": ["p0x2783e603", "p0y2783a85d"], "log": "|init|battle\n|title|p0x2783e603 vs. p0y2783a85d\n|j|\u2606p0x2783e603\n|j|\u2606p0y2783a85d\n|t:|1783572067\n|gametype|singles\n|player|p1|p0x2783e603|266|\n|player|p2|p0y2783a85d|101|\n|gen|9\n|tier|[Gen 9] Random Battle\n|rule|Species Clause: Limit one of each Pok\u00e9mon\n|rule|HP Percentage Mod: HP is shown in percentages\n|rule|Sleep Clause Mod: Limit one foe put to sleep\n|rule|Illusion Level Mod: Illusion disguises the Pok\u00e9mon's true level\n|\n|t:|1783572067\n|teamsize|p1|6\n|teamsize|p2|6\n|start\n|switch|p1a: Diancie|Diancie, L82|100/100\n|switch|p2a: Malamar|Malamar, L82, M|275/275\n|turn|1\n|inactive|Battle timer is ON: inactive players will automatically lose when time's up. (requested by p0y2783a85d)\n|inactive|p0x2783e603 also wants the timer to be on.\n|\n|t:|1783572068\n|move|p2a: Malamar|Superpower|p1a: Diancie\n|-damage|p1a: Diancie|75/100\n|-boost|p2a: Malamar|atk|1\n|-boost|p2a: Malamar|def|1\n|move|p1a: Diancie|Moonblast|p2a: Malamar\n|-supereffective|p2a: Malamar\n|-damage|p2a: Malamar|45/275\n|\n|-heal|p1a: Diancie|82/100|[from] item: Leftovers\n|upkeep\n|turn|2\n|inactive|Time left: 300 sec this turn | 300 sec total\n|\n|t:|1783572069\n|-terastallize|p2a: Malamar|Poison\n|move|p2a: Malamar|Rest|p2a: Malamar\n|-status|p2a: Malamar|slp|[from] move: Rest\n|-heal|p2a: Malamar|275/275 slp|[silent]\n|-enditem|p2a: Malamar|Chesto Berry|[eat]\n|-curestatus|p2a: Malamar|slp|[msg]\n|move|p1a: Diancie|Moonblast|p2a: Malamar\n|-resisted|p2a: Malamar\n|-damage|p2a: Malamar|218/275\n|\n|-heal|p1a: Diancie|88/100|[from] item: Leftovers\n|upkeep\n|turn|3\n|inactive|Time left: 300 sec this turn | 300 sec total\n|\n|t:|1783572070\n|move|p2a: Malamar|Superpower|p1a: Diancie\n|-damage|p1a: Diancie|50/100\n|-boost|p2a: Malamar|atk|1\n|-boost|p2a: Malamar|def|1\n|move|p1a: Diancie|Stealth Rock|p2a: Malamar\n|-sidestart|p2: p0y2783a85d|move: Stealth Rock\n|\n|-heal|p1a: Diancie|57/100|[from] item: Leftovers\n|upkeep\n|turn|4\n|inactive|Time left: 300 sec this turn | 300 sec total\n|\n|t:|1783572071\n|switch|p1a: Ceruledge|Ceruledge, L78, M|100/100\n|move|p2a: Malamar|Superpower|p1a: Ceruledge\n|-immune|p1a: Ceruledge\n|\n|upkeep\n|turn|5\n|inactive|Time left: 300 sec this turn | 300 sec total\n|\n|t:|1783572072\n|switch|p1a: Diancie|Diancie, L82|57/100\n|move|p2a: Malamar|Knock Off|p1a: Diancie\n|-resisted|p1a: Diancie\n|-damage|p1a: Diancie|29/100\n|-enditem|p1a: Diancie|Leftovers|[from] move: Knock Off|[of] p2a: Malamar\n|\n|upkeep\n|turn|6\n|inactive|Time left: 300 sec this turn | 300 sec total\n|\n|t:|1783572073\n|switch|p1a: Ceruledge|Ceruledge, L78, M|100/100\n|move|p2a: Malamar|Superpower|p1a: Ceruledge\n|-immune|p1a: Ceruledge\n|\n|upkeep\n|turn|7\n|inactive|Time left: 300 sec this turn | 300 sec total\n|\n|t:|1783572074\n|switch|p1a: Diancie|Diancie, L82|29/100\n|move|p2a: Malamar|Knock Off|p1a: Diancie\n|-resisted|p1a: Diancie\n|-damage|p1a: Diancie|9/100\n|\n|upkeep\n|turn|8\n|inactive|Time left: 300 sec this turn | 300 sec total\n|\n|t:|1783572075\n|switch|p1a: Ceruledge|Ceruledge, L78, M|100/100\n|move|p2a: Malamar|Superpower|p1a: Ceruledge\n|-immune|p1a: Ceruledge\n|\n|upkeep\n|turn|9\n|inactive|Time left: 300 sec this turn | 300 sec total\n|\n|t:|1783572076\n|switch|p1a: Diancie|Diancie, L82|9/100\n|move|p2a: Malamar|Knock Off|p1a: Diancie\n|-resisted|p1a: Diancie\n|-damage|p1a: Diancie|0 fnt\n|faint|p1a: Diancie\n|\n|upkeep\n|\n|t:|1783572077\n|switch|p1a: Entei|Entei, L78|100/100\n|turn|10\n|inactive|Time left: 300 sec this turn | 300 sec total\n|\n|t:|1783572078\n|move|p1a: Entei|Sacred Fire|p2a: Malamar\n|-damage|p2a: Malamar|133/275\n|-status|p2a: Malamar|brn\n|move|p2a: Malamar|Knock Off|p1a: Entei\n|-damage|p1a: Entei|66/100\n|-enditem|p1a: Entei|Choice Band|[from] move: Knock Off|[of] p2a: Malamar\n|\n|-damage|p2a: Malamar|116/275 brn|[from] brn\n|upkeep\n|turn|11\n|inactive|Time left: 300 sec this turn | 300 sec total\n|\n|t:|1783572079\n|move|p1a: Entei|Sacred Fire|p2a: Malamar\n|-damage|p2a: Malamar|58/275 brn\n|move|p2a: Malamar|Rest|p2a: Malamar\n|-status|p2a: Malamar|slp|[from] move: Rest\n|-heal|p2a: Malamar|275/275 slp|[silent]\n|\n|upkeep\n|turn|12\n|inactive|Time left: 300 sec this turn | 300 sec total\n|\n|t:|1783572080\n|move|p1a: Entei|Sacred Fire|p2a: Malamar\n|-damage|p2a: Malamar|217/275 slp\n|cant|p2a: Malamar|slp\n|\n|upkeep\n|turn|13\n|inactive|Time left: 300 sec this turn | 300 sec total\n|\n|t:|1783572081\n|move|p1a: Entei|Sacred Fire|p2a: Malamar|[miss]\n|-miss|p1a: Entei|p2a: Malamar\n|cant|p2a: Malamar|slp\n|\n|upkeep\n|turn|14\n|inactive|Time left: 300 sec this turn | 300 sec total\n|\n|t:|1783572082\n|move|p1a: Entei|Sacred Fire|p2a: Malamar\n|-crit|p2a: Malamar\n|-damage|p2a: Malamar|54/275 slp\n|-curestatus|p2a: Malamar|slp|[msg]\n|move|p2a: Malamar|Knock Off|p1a: Entei\n|-damage|p1a: Entei|17/100\n|\n|upkeep\n|turn|15\n|inactive|Time left: 300 sec this turn | 300 sec total\n|\n|t:|1783572083\n|move|p1a: Entei|Flare Blitz|p2a: Malamar\n|-damage|p2a: Malamar|0 fnt\n|faint|p2a: Malamar\n|-damage|p1a: Entei|11/100|[from] Recoil\n|\n|upkeep\n|inactive|Time left: 300 sec this turn | 300 sec total | 5 sec grace\n|\n|t:|1783572084\n|switch|p2a: Delibird|Delibird, M|252/252\n|turn|16\n|inactive|Time left: 300 sec this turn | 300 sec total\n|\n|t:|1783572085\n|switch|p1a: Ceruledge|Ceruledge, L78, M|100/100\n|move|p2a: Delibird|Rapid Spin|p1a: Ceruledge\n|-immune|p1a: Ceruledge\n|\n|upkeep\n|turn|17\n|inactive|Time left: 300 sec this turn | 300 sec total\n|\n|t:|1783572086\n|switch|p2a: Carbink|Carbink, L90|236/236\n|-damage|p2a: Carbink|207/236|[from] Stealth Rock\n|move|p1a: Ceruledge|Swords Dance|p1a: Ceruledge\n|-boost|p1a: Ceruledge|atk|2\n|\n|upkeep\n|turn|18\n|inactive|Time left: 300 sec this turn | 300 sec total\n|\n|t:|1783572087\n|move|p1a: Ceruledge|Poltergeist|p2a: Carbink\n|-activate|p2a: Carbink|move: Poltergeist|Chesto Berry\n|-damage|p2a: Carbink|63/236\n|move|p2a: Carbink|Rest|p2a: Carbink\n|-status|p2a: Carbink|slp|[from] move: Rest\n|-heal|p2a: Carbink|236/236 slp|[silent]\n|-enditem|p2a: Carbink|Chesto Berry|[eat]\n|-curestatus|p2a: Carbink|slp|[msg]\n|\n|upkeep\n|turn|19\n|inactive|Time left: 300 sec this turn | 300 sec total\n|\n|t:|1783572088\n|move|p1a: Ceruledge|Swords Dance|p1a: Ceruledge\n|-boost|p1a: Ceruledge|atk|2\n|move|p2a: Carbink|Iron Defense|p2a: Carbink\n|-boost|p2a: Carbink|def|2\n|\n|upkeep\n|turn|20\n|inactive|Time left: 300 sec this turn | 300 sec total\n|\n|t:|1783572089\n|move|p1a: Ceruledge|Bitter Blade|p2a: Carbink\n|-resisted|p2a: Carbink\n|-damage|p2a: Carbink|188/236\n|move|p2a: Carbink|Moonblast|p1a: Ceruledge\n|-resisted|p1a: Ceruledge\n|-damage|p1a: Ceruledge|86/100\n|-unboost|p1a: Ceruledge|spa|1\n|\n|upkeep\n|turn|21\n|inactive|Time left: 300 sec this turn | 300 sec total\n|\n|t:|1783572090\n|move|p1a: Ceruledge|Bitter Blade|p2a: Carbink\n|-resisted|p2a: Carbink\n|-damage|p2a: Carbink|138/236\n|-heal|p1a: Ceruledge|96/100|[from] drain|[of] p2a: Carbink\n|move|p2a: Carbink|Moonblast|p1a: Ceruledge\n|-resisted|p1a: Ceruledge\n|-damage|p1a: Ceruledge|82/100\n|\n|upkeep\n|turn|22\n|inactive|Time left: 300 sec this turn | 300 sec total\n|\n|t:|1783572091\n|move|p1a: Ceruledge|Bitter Blade|p2a: Carbink\n|-resisted|p2a: Carbink\n|-damage|p2a: Carbink|95/236\n|-heal|p1a: Ceruledge|91/100|[from] drain|[of] p2a: Carbink\n|move|p2a: Carbink|Iron Defense|p2a: Carbink\n|-boost|p2a: Carbink|def|2\n|\n|upkeep\n|turn|23\n|inactive|Time left: 300 sec this turn | 300 sec total\n|\n|t:|1783572092\n|move|p1a: Ceruledge|Bitter Blade|p2a: Carbink\n|-resisted|p2a: Carbink\n|-damage|p2a: Carbink|65/236\n|-heal|p1a: Ceruledge|97/100|[from] drain|[of] p2a: Carbink\n|move|p2a: Carbink|Rest|p2a: Carbink\n|-status|p2a: Carbink|slp|[from] move: Rest\n|-heal|p2a: Carbink|236/236 slp|[silent]\n|\n|upkeep\n|turn|24\n|inactive|Time left: 300 sec this turn | 300 sec total\n|\n|t:|1783572093\n|move|p1a: Ceruledge|Bitter Blade|p2a: Carbink\n|-resisted|p2a: Carbink\n|-damage|p2a: Carbink|204/236 slp\n|-heal|p1a: Ceruledge|100/100|[from] drain|[of] p2a: Carbink\n|cant|p2a: Carbink|slp\n|\n|upkeep\n|turn|25\n|inactive|Time left: 300 sec this turn | 300 sec total\n|\n|t:|1783572094\n|move|p1a: Ceruledge|Bitter Blade|p2a: Carbink\n|-resisted|p2a: Carbink\n|-damage|p2a: Carbink|171/236 slp\n|cant|p2a: Carbink|slp\n|\n|upkeep\n|turn|26\n|inactive|Time left: 300 sec this turn | 300 sec total\n|\n|t:|1783572095\n|move|p1a: Ceruledge|Bitter Blade|p2a: Carbink\n|-resisted|p2a: Carbink\n|-damage|p2a: Carbink|141/236 slp\n|-curestatus|p2a: Carbink|slp|[msg]\n|move|p2a: Carbink|Moonblast|p1a: Ceruledge\n|-resisted|p1a: Ceruledge\n|-damage|p1a: Ceruledge|87/100\n|\n|upkeep\n|turn|27\n|inactive|Time left: 300 sec this turn | 300 sec total\n|\n|t:|1783572096\n|move|p1a: Ceruledge|Bitter Blade|p2a: Carbink\n|-resisted|p2a: Carbink\n|-damage|p2a: Carbink|111/236\n|-heal|p1a: Ceruledge|93/100|[from] drain|[of] p2a: Carbink\n|move|p2a: Carbink|Moonblast|p1a: Ceruledge\n|-resisted|p1a: Ceruledge\n|-damage|p1a: Ceruledge|77/100\n|\n|upkeep\n|turn|28\n|inactive|Time left: 300 sec this turn | 300 sec total\n|\n|t:|1783572097\n|move|p1a: Ceruledge|Bitter Blade|p2a: Carbink\n|-resisted|p2a: Carbink\n|-damage|p2a: Carbink|79/236\n|-heal|p1a: Ceruledge|84/100|[from] drain|[of] p2a: Carbink\n|move|p2a: Carbink|Moonblast|p1a: Ceruledge\n|-resisted|p1a: Ceruledge\n|-damage|p1a: Ceruledge|70/100\n|\n|upkeep\n|turn|29\n|inactive|Time left: 300 sec this turn | 300 sec total\n|\n|t:|1783572098\n|move|p1a: Ceruledge|Bitter Blade|p2a: Carbink\n|-resisted|p2a: Carbink\n|-damage|p2a: Carbink|48/236\n|-heal|p1a: Ceruledge|76/100|[from] drain|[of] p2a: Carbink\n|move|p2a: Carbink|Rest|p2a: Carbink\n|-status|p2a: Carbink|slp|[from] move: Rest\n|-heal|p2a: Carbink|236/236 slp|[silent]\n|\n|upkeep\n|turn|30\n|inactive|Time left: 300 sec this turn | 300 sec total\n|\n|t:|1783572099\n|move|p1a: Ceruledge|Bitter Blade|p2a: Carbink\n|-resisted|p2a: Carbink\n|-damage|p2a: Carbink|204/236 slp\n|-heal|p1a: Ceruledge|83/100|[from] drain|[of] p2a: Carbink\n|cant|p2a: Carbink|slp\n|\n|upkeep\n|turn|31\n|inactive|Time left: 300 sec this turn | 300 sec total\n|\n|t:|1783572100\n|move|p1a: Ceruledge|Bitter Blade|p2a: Carbink\n|-resisted|p2a: Carbink\n|-damage|p2a: Carbink|174/236 slp\n|-heal|p1a: Ceruledge|89/100|[from] drain|[of] p2a: Carbink\n|cant|p2a: Carbink|slp\n|\n|upkeep\n|turn|32\n|inactive|Time left: 300 sec this turn | 300 sec total\n|\n|t:|1783572101\n|move|p1a: Ceruledge|Swords Dance|p1a: Ceruledge\n|-boost|p1a: Ceruledge|atk|2\n|-curestatus|p2a: Carbink|slp|[msg]\n|move|p2a: Carbink|Moonblast|p1a: Ceruledge\n|-resisted|p1a: Ceruledge\n|-damage|p1a: Ceruledge|74/100\n|\n|upkeep\n|turn|33\n|inactive|Time left: 300 sec this turn | 300 sec total\n|\n|t:|1783572102\n|move|p1a: Ceruledge|Bitter Blade|p2a: Carbink\n|-resisted|p2a: Carbink\n|-damage|p2a: Carbink|129/236\n|-heal|p1a: Ceruledge|84/100|[from] drain|[of] p2a: Carbink\n|move|p2a: Carbink|Moonblast|p1a: Ceruledge\n|-resisted|p1a: Ceruledge\n|-damage|p1a: Ceruledge|68/100\n|\n|upkeep\n|turn|34\n|inactive|Time left: 300 sec this turn | 300 sec total\n|\n|t:|1783572103\n|move|p1a: Ceruledge|Bitter Blade|p2a: Carbink\n|-resisted|p2a: Carbink\n|-damage|p2a: Carbink|90/236\n|-heal|p1a: Ceruledge|76/100|[from] drain|[of] p2a: Carbink\n|move|p2a: Carbink|Moonblast|p1a: Ceruledge\n|-resisted|p1a: Ceruledge\n|-damage|p1a: Ceruledge|61/100\n|\n|upkeep\n|turn|35\n|inactive|Time left: 300 sec this turn | 300 sec total\n|\n|t:|1783572104\n|move|p1a: Ceruledge|Bitter Blade|p2a: Carbink\n|-resisted|p2a: Carbink\n|-damage|p2a: Carbink|51/236\n|-heal|p1a: Ceruledge|69/100|[from] drain|[of] p2a: Carbink\n|move|p2a: Carbink|Rest|p2a: Carbink\n|-status|p2a: Carbink|slp|[from] move: Rest\n|-heal|p2a: Carbink|236/236 slp|[silent]\n|\n|upkeep\n|turn|36\n|inactive|Time left: 300 sec this turn | 300 sec total\n|\n|t:|1783572105\n|move|p1a: Ceruledge|Bitter Blade|p2a: Carbink\n|-resisted|p2a: Carbink\n|-damage|p2a: Carbink|194/236 slp\n|-heal|p1a: Ceruledge|78/100|[from] drain|[of] p2a: Carbink\n|cant|p2a: Carbink|slp\n|\n|upkeep\n|turn|37\n|inactive|Time left: 300 sec this turn | 300 sec total\n|\n|t:|1783572106\n|move|p1a: Ceruledge|Close Combat|p2a: Carbink\n|-damage|p2a: Carbink|119/236 slp\n|-unboost|p1a: Ceruledge|def|1\n|-unboost|p1a: Ceruledge|spd|1\n|cant|p2a: Carbink|slp\n|\n|upkeep\n|turn|38\n|inactive|Time left: 300 sec this turn | 300 sec total\n|\n|t:|1783572107\n|move|p1a: Ceruledge|Close Combat|p2a: Carbink\n|-damage|p2a: Carbink|43/236 slp\n|-unboost|p1a: Ceruledge|def|1\n|-unboost|p1a: Ceruledge|spd|1\n|-curestatus|p2a: Carbink|slp|[msg]\n|move|p2a: Carbink|Rest|p2a: Carbink\n|-status|p2a: Carbink|slp|[from] move: Rest\n|-heal|p2a: Carbink|236/236 slp|[silent]\n|\n|upkeep\n|turn|39\n|inactive|Time left: 300 sec this turn | 300 sec total\n|\n|t:|1783572108\n|move|p1a: Ceruledge|Close Combat|p2a: Carbink\n|-damage|p2a: Carbink|157/236 slp\n|-unboost|p1a: Ceruledge|def|1\n|-unboost|p1a: Ceruledge|spd|1\n|cant|p2a: Carbink|slp\n|\n|upkeep\n|turn|40\n|inactive|Time left: 300 sec this turn | 300 sec total\n|\n|t:|1783572109\n|move|p1a: Ceruledge|Close Combat|p2a: Carbink\n|-damage|p2a: Carbink|81/236 slp\n|-unboost|p1a: Ceruledge|def|1\n|-unboost|p1a: Ceruledge|spd|1\n|cant|p2a: Carbink|slp\n|\n|upkeep\n|turn|41\n|inactive|Time left: 300 sec this turn | 300 sec total\n|\n|t:|1783572109\n|-terastallize|p1a: Ceruledge|Fighting\n|move|p1a: Ceruledge|Close Combat|p2a: Carbink\n|-damage|p2a: Carbink|0 fnt\n|-unboost|p1a: Ceruledge|def|1\n|-unboost|p1a: Ceruledge|spd|1\n|faint|p2a: Carbink\n|\n|upkeep\n|inactive|Time left: 300 sec this turn | 300 sec total | 5 sec grace\n|\n|t:|1783572110\n|switch|p2a: Espeon|Espeon, L84, F|246/246\n|-damage|p2a: Espeon|216/246|[from] Stealth Rock\n|turn|42\n|inactive|Time left: 300 sec this turn | 300 sec total\n|\n|t:|1783572111\n|switch|p1a: Ursaring|Ursaring, L84, M|100/100\n|move|p2a: Espeon|Psyshock|p1a: Ursaring\n|-damage|p1a: Ursaring|62/100\n|\n|upkeep\n|turn|43\n|inactive|Time left: 300 sec this turn | 300 sec total\n|\n|t:|1783572112\n|move|p2a: Espeon|Psyshock|p1a: Ursaring\n|-damage|p1a: Ursaring|23/100\n|move|p1a: Ursaring|Body Slam|p2a: Espeon\n|-damage|p2a: Espeon|63/246\n|\n|upkeep\n|turn|44\n|inactive|Time left: 300 sec this turn | 300 sec total\n|\n|t:|1783572113\n|switch|p1a: Malamar|Malamar, L82, M|100/100\n|move|p2a: Espeon|Psyshock|p1a: Malamar\n|-immune|p1a: Malamar\n|\n|upkeep\n|turn|45\n|inactive|Time left: 300 sec this turn | 300 sec total\n|\n|t:|1783572114\n|switch|p2a: Arceus|Arceus-Bug, L73|295/295\n|-damage|p2a: Arceus|222/295|[from] Stealth Rock\n|move|p1a: Malamar|Superpower|p2a: Arceus\n|-resisted|p2a: Arceus\n|-crit|p2a: Arceus\n|-damage|p2a: Arceus|167/295\n|-boost|p1a: Malamar|atk|1\n|-boost|p1a: Malamar|def|1\n|\n|upkeep\n|turn|46\n|inactive|Time left: 300 sec this turn | 300 sec total\n|\n|t:|1783572115\n|switch|p1a: Ceruledge|Ceruledge, L78, M, tera:Fighting|78/100\n|move|p2a: Arceus|Judgment|p1a: Ceruledge\n|-resisted|p1a: Ceruledge\n|-damage|p1a: Ceruledge|54/100\n|\n|upkeep\n|turn|47\n|inactive|Time left: 300 sec this turn | 300 sec total\n|\n|t:|1783572116\n|move|p2a: Arceus|Fire Blast|p1a: Ceruledge\n|-crit|p1a: Ceruledge\n|-damage|p1a: Ceruledge|10/100\n|move|p1a: Ceruledge|Swords Dance|p1a: Ceruledge\n|-boost|p1a: Ceruledge|atk|2\n|\n|upkeep\n|turn|48\n|inactive|Time left: 300 sec this turn | 300 sec total\n|\n|t:|1783572117\n|move|p2a: Arceus|Judgment|p1a: Ceruledge\n|-resisted|p1a: Ceruledge\n|-damage|p1a: Ceruledge|0 fnt\n|faint|p1a: Ceruledge\n|\n|upkeep\n|\n|t:|1783572118\n|switch|p1a: Cetitan|Cetitan, L82, F|100/100\n|turn|49\n|inactive|Time left: 300 sec this turn | 300 sec total\n|\n|t:|1783572119\n|move|p2a: Arceus|Judgment|p1a: Cetitan\n|-damage|p1a: Cetitan|59/100\n|move|p1a: Cetitan|Icicle Crash|p2a: Arceus\n|-damage|p2a: Arceus|18/295\n|\n|upkeep\n|turn|50\n|inactive|Time left: 300 sec this turn | 300 sec total\n|\n|t:|1783572120\n|move|p1a: Cetitan|Ice Shard|p2a: Arceus\n|-damage|p2a: Arceus|0 fnt\n|faint|p2a: Arceus\n|-damage|p1a: Cetitan|49/100|[from] item: Life Orb\n|\n|upkeep\n|inactive|Time left: 300 sec this turn | 300 sec total | 5 sec grace\n|\n|t:|1783572121\n|switch|p2a: Espeon|Espeon, L84, F|63/246\n|-damage|p2a: Espeon|33/246|[from] Stealth Rock\n|turn|51\n|inactive|Time left: 300 sec this turn | 300 sec total\n|\n|t:|1783572122\n|move|p1a: Cetitan|Ice Shard|p2a: Espeon\n|-damage|p2a: Espeon|0 fnt\n|faint|p2a: Espeon\n|-damage|p1a: Cetitan|39/100|[from] item: Life Orb\n|\n|upkeep\n|inactive|Time left: 300 sec this turn | 300 sec total | 5 sec grace\n|\n|t:|1783572122\n|switch|p2a: Minun|Minun, L95, M|268/268\n|-damage|p2a: Minun|235/268|[from] Stealth Rock\n|turn|52\n|inactive|Time left: 300 sec this turn | 300 sec total\n|\n|t:|1783572123\n|move|p1a: Cetitan|Ice Shard|p2a: Minun\n|-damage|p2a: Minun|156/268\n|-damage|p1a: Cetitan|29/100|[from] item: Life Orb\n|move|p2a: Minun|Thunderbolt|p1a: Cetitan\n|-damage|p1a: Cetitan|0 fnt\n|faint|p1a: Cetitan\n|-damage|p2a: Minun|130/268|[from] item: Life Orb\n|\n|upkeep\n|\n|t:|1783572124\n|switch|p1a: Entei|Entei, L78|11/100\n|turn|53\n|inactive|Time left: 300 sec this turn | 300 sec total\n|\n|t:|1783572125\n|move|p1a: Entei|Extreme Speed|p2a: Minun\n|-damage|p2a: Minun|59/268\n|move|p2a: Minun|Grass Knot|p1a: Entei\n|-resisted|p1a: Entei\n|-damage|p1a: Entei|0 fnt\n|faint|p1a: Entei\n|-damage|p2a: Minun|33/268|[from] item: Life Orb\n|\n|upkeep\n|\n|t:|1783572125\n|switch|p1a: Malamar|Malamar, L82, M|100/100\n|turn|54\n|inactive|Time left: 300 sec this turn | 300 sec total\n|\n|t:|1783572126\n|move|p2a: Minun|Alluring Voice|p1a: Malamar\n|-supereffective|p1a: Malamar\n|-damage|p1a: Malamar|32/100\n|-damage|p2a: Minun|7/268|[from] item: Life Orb\n|move|p1a: Malamar|Superpower|p2a: Minun\n|-damage|p2a: Minun|0 fnt\n|-boost|p1a: Malamar|atk|1\n|-boost|p1a: Malamar|def|1\n|faint|p2a: Minun\n|\n|upkeep\n|inactive|Time left: 300 sec this turn | 300 sec total | 5 sec grace\n|\n|t:|1783572127\n|switch|p2a: Delibird|Delibird, M|252/252\n|turn|55\n|inactive|Time left: 300 sec this turn | 300 sec total\n|\n|t:|1783572128\n|move|p2a: Delibird|Freeze-Dry|p1a: Malamar\n|-crit|p1a: Malamar\n|-damage|p1a: Malamar|0 fnt\n|faint|p1a: Malamar\n|\n|upkeep\n|\n|t:|1783572128\n|switch|p1a: Ursaring|Ursaring, L84, M|23/100\n|turn|56\n|inactive|Time left: 300 sec this turn | 300 sec total\n|\n|t:|1783572129\n|move|p2a: Delibird|Brave Bird|p1a: Ursaring\n|-damage|p1a: Ursaring|0 fnt\n|faint|p1a: Ursaring\n|-damage|p2a: Delibird|231/252|[from] Recoil\n|\n|win|p0y2783a85d", "uploadtime": 1783572129, "views": 0, "rating": 0, "private": 0, "password": null, "_winner": "p0y2783a85d", "_our_name": "p0y2783a85d"}