{"id": "battle-gen9randombattle-140", "formatid": "gen9randombattle", "format": "[Gen 9] Random Battle", "players": ["p0x1404a68", "p0y14033ca"], "log": "|init|battle\n|title|p0x1404a68 vs. p0y14033ca\n|j|\u2606p0x1404a68\n|j|\u2606p0y14033ca\n|t:|1783535364\n|gametype|singles\n|player|p1|p0x1404a68|266|\n|player|p2|p0y14033ca|1|\n|gen|9\n|tier|[Gen 9] Random Battle\n|rule|Species Clause: Limit one of each Pok\u00e9mon\n|rule|HP Percentage Mod: HP is shown in percentages\n|rule|Sleep Clause Mod: Limit one foe put to sleep\n|rule|Illusion Level Mod: Illusion disguises the Pok\u00e9mon's true level\n|\n|t:|1783535364\n|teamsize|p1|6\n|teamsize|p2|6\n|start\n|switch|p1a: Glimmora|Glimmora, L75, M|248/248\n|switch|p2a: Maushold|Maushold-Four, L76|100/100\n|turn|1\n|inactive|Battle timer is ON: inactive players will automatically lose when time's up. (requested by p0x1404a68)\n|inactive|p0y14033ca also wants the timer to be on.\n|\n|t:|1783535366\n|switch|p2a: Flygon|Flygon, L82, F|100/100\n|move|p1a: Glimmora|Meteor Beam||[still]\n|-prepare|p1a: Glimmora|Meteor Beam\n|-boost|p1a: Glimmora|spa|1\n|-enditem|p1a: Glimmora|Power Herb\n|-anim|p1a: Glimmora|Meteor Beam|p2a: Flygon\n|-resisted|p2a: Flygon\n|-damage|p2a: Flygon|59/100\n|\n|upkeep\n|turn|2\n|inactive|Time left: 300 sec this turn | 300 sec total\n|\n|t:|1783535367\n|-terastallize|p1a: Glimmora|Grass\n|move|p2a: Flygon|Outrage|p1a: Glimmora\n|-damage|p1a: Glimmora|124/248\n|-activate|p1a: Glimmora|ability: Toxic Debris\n|-sidestart|p2: p0y14033ca|move: Toxic Spikes\n|move|p1a: Glimmora|Energy Ball|p2a: Flygon\n|-damage|p2a: Flygon|0 fnt\n|faint|p2a: Flygon\n|\n|upkeep\n|\n|t:|1783535368\n|switch|p2a: Polteageist|Polteageist, L78|100/100\n|-status|p2a: Polteageist|psn\n|turn|3\n|inactive|Time left: 300 sec this turn | 300 sec total\n|\n|t:|1783535369\n|switch|p1a: Wyrdeer|Wyrdeer, L87, F|321/321\n|-ability|p1a: Wyrdeer|Intimidate|boost\n|-unboost|p2a: Polteageist|atk|1\n|-enditem|p2a: Polteageist|White Herb\n|-clearnegativeboost|p2a: Polteageist|[silent]\n|move|p2a: Polteageist|Shell Smash|p2a: Polteageist\n|-unboost|p2a: Polteageist|def|1\n|-unboost|p2a: Polteageist|spd|1\n|-boost|p2a: Polteageist|atk|2\n|-boost|p2a: Polteageist|spa|2\n|-boost|p2a: Polteageist|spe|2\n|\n|-damage|p2a: Polteageist|88/100 psn|[from] psn\n|upkeep\n|turn|4\n|inactive|Time left: 300 sec this turn | 300 sec total\n|\n|t:|1783535370\n|move|p2a: Polteageist|Strength Sap|p1a: Wyrdeer\n|-unboost|p1a: Wyrdeer|atk|1\n|-heal|p2a: Polteageist|100/100 psn\n|move|p1a: Wyrdeer|Psychic Noise|p2a: Polteageist\n|-damage|p2a: Polteageist|45/100 psn\n|-start|p2a: Polteageist|move: Heal Block\n|\n|-damage|p2a: Polteageist|33/100 psn|[from] psn\n|upkeep\n|turn|5\n|inactive|Time left: 300 sec this turn | 300 sec total\n|\n|t:|1783535371\n|move|p2a: Polteageist|Shadow Ball|p1a: Wyrdeer\n|-immune|p1a: Wyrdeer\n|move|p1a: Wyrdeer|Earthquake|p2a: Polteageist\n|-damage|p2a: Polteageist|0 fnt\n|faint|p2a: Polteageist\n|\n|upkeep\n|\n|t:|1783535372\n|switch|p2a: Maushold|Maushold-Four, L76|100/100\n|-status|p2a: Maushold|psn\n|turn|6\n|inactive|Time left: 300 sec this turn | 300 sec total\n|\n|t:|1783535373\n|switch|p1a: Grimmsnarl|Grimmsnarl, L83, M|293/293\n|move|p2a: Maushold|Tidy Up|p2a: Maushold\n|-sideend|p2: p0y14033ca|Toxic Spikes\n|-activate|p2a: Maushold|move: Tidy Up\n|-boost|p2a: Maushold|atk|1\n|-boost|p2a: Maushold|spe|1\n|\n|-damage|p2a: Maushold|88/100 psn|[from] psn\n|upkeep\n|turn|7\n|inactive|Time left: 300 sec this turn | 300 sec total\n|\n|t:|1783535374\n|move|p1a: Grimmsnarl|Reflect|p1a: Grimmsnarl\n|-sidestart|p1: p0x1404a68|Reflect\n|move|p2a: Maushold|Population Bomb|p1a: Grimmsnarl|[miss]\n|-miss|p2a: Maushold|p1a: Grimmsnarl\n|\n|-damage|p2a: Maushold|76/100 psn|[from] psn\n|upkeep\n|turn|8\n|inactive|Time left: 300 sec this turn | 300 sec total\n|\n|t:|1783535375\n|move|p1a: Grimmsnarl|Parting Shot|p2a: Maushold\n|-unboost|p2a: Maushold|atk|1\n|-unboost|p2a: Maushold|spa|1\n|inactive|Time left: 300 sec this turn | 300 sec total | 5 sec grace\n|\n|t:|1783535376\n|switch|p1a: Diancie|Diancie, L82|216/216|[from] Parting Shot\n|move|p2a: Maushold|Population Bomb|p1a: Diancie\n|-resisted|p1a: Diancie\n|-damage|p1a: Diancie|213/216\n|-resisted|p1a: Diancie\n|-damage|p1a: Diancie|209/216\n|-resisted|p1a: Diancie\n|-damage|p1a: Diancie|205/216\n|-resisted|p1a: Diancie\n|-damage|p1a: Diancie|202/216\n|-resisted|p1a: Diancie\n|-damage|p1a: Diancie|199/216\n|-resisted|p1a: Diancie\n|-damage|p1a: Diancie|196/216\n|-resisted|p1a: Diancie\n|-damage|p1a: Diancie|193/216\n|-resisted|p1a: Diancie\n|-damage|p1a: Diancie|190/216\n|-resisted|p1a: Diancie\n|-damage|p1a: Diancie|187/216\n|-resisted|p1a: Diancie\n|-damage|p1a: Diancie|183/216\n|-hitcount|p1a: Diancie|10\n|\n|-heal|p1a: Diancie|196/216|[from] item: Leftovers\n|-damage|p2a: Maushold|64/100 psn|[from] psn\n|upkeep\n|turn|9\n|inactive|Time left: 300 sec this turn | 300 sec total\n|\n|t:|1783535377\n|switch|p2a: Vigoroth|Vigoroth, L85, M|100/100\n|move|p1a: Diancie|Diamond Storm|p2a: Vigoroth\n|-damage|p2a: Vigoroth|74/100\n|\n|-heal|p1a: Diancie|209/216|[from] item: Leftovers\n|upkeep\n|turn|10\n|inactive|Time left: 300 sec this turn | 300 sec total\n|\n|t:|1783535378\n|move|p2a: Vigoroth|Bulk Up|p2a: Vigoroth\n|-boost|p2a: Vigoroth|atk|1\n|-boost|p2a: Vigoroth|def|1\n|move|p1a: Diancie|Diamond Storm|p2a: Vigoroth\n|-damage|p2a: Vigoroth|56/100\n|\n|-heal|p1a: Diancie|216/216|[from] item: Leftovers\n|upkeep\n|turn|11\n|inactive|Time left: 300 sec this turn | 300 sec total\n|\n|t:|1783535379\n|move|p2a: Vigoroth|Bulk Up|p2a: Vigoroth\n|-boost|p2a: Vigoroth|atk|1\n|-boost|p2a: Vigoroth|def|1\n|move|p1a: Diancie|Calm Mind|p1a: Diancie\n|-boost|p1a: Diancie|spa|1\n|-boost|p1a: Diancie|spd|1\n|\n|upkeep\n|turn|12\n|inactive|Time left: 300 sec this turn | 300 sec total\n|\n|t:|1783535380\n|move|p2a: Vigoroth|Slack Off|p2a: Vigoroth\n|-heal|p2a: Vigoroth|100/100\n|move|p1a: Diancie|Calm Mind|p1a: Diancie\n|-boost|p1a: Diancie|spa|1\n|-boost|p1a: Diancie|spd|1\n|\n|upkeep\n|turn|13\n|inactive|Time left: 300 sec this turn | 300 sec total\n|\n|t:|1783535381\n|move|p2a: Vigoroth|Earthquake|p1a: Diancie\n|-supereffective|p1a: Diancie\n|-damage|p1a: Diancie|136/216\n|move|p1a: Diancie|Earth Power|p2a: Vigoroth\n|-damage|p2a: Vigoroth|60/100\n|\n|-heal|p1a: Diancie|149/216|[from] item: Leftovers\n|upkeep\n|turn|14\n|inactive|Time left: 300 sec this turn | 300 sec total\n|\n|t:|1783535382\n|move|p2a: Vigoroth|Earthquake|p1a: Diancie\n|-supereffective|p1a: Diancie\n|-damage|p1a: Diancie|65/216\n|move|p1a: Diancie|Draining Kiss|p2a: Vigoroth\n|-damage|p2a: Vigoroth|23/100\n|-heal|p1a: Diancie|142/216|[from] drain|[of] p2a: Vigoroth\n|\n|-heal|p1a: Diancie|155/216|[from] item: Leftovers\n|-sideend|p1: p0x1404a68|Reflect\n|upkeep\n|turn|15\n|inactive|Time left: 300 sec this turn | 300 sec total\n|\n|t:|1783535383\n|switch|p1a: Wyrdeer|Wyrdeer, L87, F|321/321\n|-ability|p1a: Wyrdeer|Intimidate|boost\n|-unboost|p2a: Vigoroth|atk|1\n|move|p2a: Vigoroth|Earthquake|p1a: Wyrdeer\n|-damage|p1a: Wyrdeer|223/321\n|\n|upkeep\n|turn|16\n|inactive|Time left: 300 sec this turn | 300 sec total\n|\n|t:|1783535384\n|move|p2a: Vigoroth|Slack Off|p2a: Vigoroth\n|-heal|p2a: Vigoroth|73/100\n|move|p1a: Wyrdeer|Psychic Noise|p2a: Vigoroth\n|-damage|p2a: Vigoroth|44/100\n|-start|p2a: Vigoroth|move: Heal Block\n|\n|upkeep\n|turn|17\n|inactive|Time left: 300 sec this turn | 300 sec total\n|\n|t:|1783535385\n|move|p2a: Vigoroth|Body Slam|p1a: Wyrdeer\n|-damage|p1a: Wyrdeer|99/321\n|move|p1a: Wyrdeer|Psychic Noise|p2a: Vigoroth\n|-damage|p2a: Vigoroth|15/100\n|\n|-end|p2a: Vigoroth|move: Heal Block\n|upkeep\n|turn|18\n|inactive|Time left: 300 sec this turn | 300 sec total\n|\n|t:|1783535386\n|move|p2a: Vigoroth|Body Slam|p1a: Wyrdeer\n|-damage|p1a: Wyrdeer|0 fnt\n|faint|p1a: Wyrdeer\n|\n|upkeep\n|inactive|Time left: 300 sec this turn | 300 sec total | 5 sec grace\n|\n|t:|1783535387\n|switch|p1a: Grimmsnarl|Grimmsnarl, L83, M|293/293\n|turn|19\n|inactive|Time left: 300 sec this turn | 300 sec total\n|\n|t:|1783535388\n|move|p1a: Grimmsnarl|Reflect|p1a: Grimmsnarl\n|-sidestart|p1: p0x1404a68|Reflect\n|move|p2a: Vigoroth|Slack Off|p2a: Vigoroth\n|-heal|p2a: Vigoroth|65/100\n|\n|upkeep\n|turn|20\n|inactive|Time left: 300 sec this turn | 300 sec total\n|\n|t:|1783535389\n|move|p1a: Grimmsnarl|Parting Shot|p2a: Vigoroth\n|-unboost|p2a: Vigoroth|atk|1\n|-unboost|p2a: Vigoroth|spa|1\n|inactive|Time left: 300 sec this turn | 300 sec total | 5 sec grace\n|\n|t:|1783535390\n|switch|p1a: Glimmora|Glimmora, L75, M, tera:Grass|124/248|[from] Parting Shot\n|move|p2a: Vigoroth|Bulk Up|p2a: Vigoroth\n|-boost|p2a: Vigoroth|atk|1\n|-boost|p2a: Vigoroth|def|1\n|\n|upkeep\n|turn|21\n|inactive|Time left: 300 sec this turn | 300 sec total\n|\n|t:|1783535391\n|move|p2a: Vigoroth|Body Slam|p1a: Glimmora\n|-damage|p1a: Glimmora|61/248\n|-activate|p1a: Glimmora|ability: Toxic Debris\n|-sidestart|p2: p0y14033ca|move: Toxic Spikes\n|move|p1a: Glimmora|Meteor Beam||[still]\n|-prepare|p1a: Glimmora|Meteor Beam\n|-boost|p1a: Glimmora|spa|1\n|\n|upkeep\n|turn|22\n|inactive|Time left: 300 sec this turn | 300 sec total\n|\n|t:|1783535392\n|move|p2a: Vigoroth|Body Slam|p1a: Glimmora\n|-damage|p1a: Glimmora|0 fnt\n|-activate|p1a: Glimmora|ability: Toxic Debris\n|-sidestart|p2: p0y14033ca|move: Toxic Spikes\n|faint|p1a: Glimmora\n|\n|upkeep\n|inactive|Time left: 300 sec this turn | 300 sec total | 5 sec grace\n|\n|t:|1783535393\n|switch|p1a: Diancie|Diancie, L82|155/216\n|turn|23\n|inactive|Time left: 300 sec this turn | 300 sec total\n|\n|t:|1783535394\n|move|p2a: Vigoroth|Bulk Up|p2a: Vigoroth\n|-boost|p2a: Vigoroth|atk|1\n|-boost|p2a: Vigoroth|def|1\n|move|p1a: Diancie|Calm Mind|p1a: Diancie\n|-boost|p1a: Diancie|spa|1\n|-boost|p1a: Diancie|spd|1\n|\n|-heal|p1a: Diancie|168/216|[from] item: Leftovers\n|upkeep\n|turn|24\n|inactive|Time left: 300 sec this turn | 300 sec total\n|\n|t:|1783535395\n|-terastallize|p2a: Vigoroth|Ground\n|move|p2a: Vigoroth|Earthquake|p1a: Diancie\n|-supereffective|p1a: Diancie\n|-damage|p1a: Diancie|50/216\n|move|p1a: Diancie|Draining Kiss|p2a: Vigoroth\n|-crit|p2a: Vigoroth\n|-damage|p2a: Vigoroth|29/100\n|-heal|p1a: Diancie|125/216|[from] drain|[of] p2a: Vigoroth\n|\n|-heal|p1a: Diancie|138/216|[from] item: Leftovers\n|upkeep\n|turn|25\n|inactive|Time left: 300 sec this turn | 300 sec total\n|\n|t:|1783535396\n|move|p2a: Vigoroth|Slack Off|p2a: Vigoroth\n|-heal|p2a: Vigoroth|79/100\n|move|p1a: Diancie|Earth Power|p2a: Vigoroth\n|-damage|p2a: Vigoroth|47/100\n|\n|-heal|p1a: Diancie|151/216|[from] item: Leftovers\n|upkeep\n|turn|26\n|inactive|Time left: 300 sec this turn | 300 sec total\n|\n|t:|1783535397\n|move|p2a: Vigoroth|Slack Off|p2a: Vigoroth\n|-heal|p2a: Vigoroth|98/100\n|move|p1a: Diancie|Diamond Storm|p2a: Vigoroth\n|-resisted|p2a: Vigoroth\n|-damage|p2a: Vigoroth|93/100\n|-boost|p1a: Diancie|def|2\n|\n|-heal|p1a: Diancie|164/216|[from] item: Leftovers\n|-sideend|p1: p0x1404a68|Reflect\n|upkeep\n|turn|27\n|inactive|Time left: 300 sec this turn | 300 sec total\n|\n|t:|1783535398\n|move|p2a: Vigoroth|Earthquake|p1a: Diancie\n|-supereffective|p1a: Diancie\n|-damage|p1a: Diancie|44/216\n|move|p1a: Diancie|Diamond Storm|p2a: Vigoroth\n|-resisted|p2a: Vigoroth\n|-damage|p2a: Vigoroth|89/100\n|\n|-heal|p1a: Diancie|57/216|[from] item: Leftovers\n|upkeep\n|turn|28\n|inactive|Time left: 300 sec this turn | 300 sec total\n|\n|t:|1783535399\n|move|p2a: Vigoroth|Earthquake|p1a: Diancie\n|-supereffective|p1a: Diancie\n|-damage|p1a: Diancie|0 fnt\n|faint|p1a: Diancie\n|\n|upkeep\n|inactive|Time left: 300 sec this turn | 300 sec total | 5 sec grace\n|\n|t:|1783535400\n|switch|p1a: Grimmsnarl|Grimmsnarl, L83, M|293/293\n|turn|29\n|inactive|Time left: 300 sec this turn | 300 sec total\n|\n|t:|1783535401\n|move|p1a: Grimmsnarl|Reflect|p1a: Grimmsnarl\n|-sidestart|p1: p0x1404a68|Reflect\n|move|p2a: Vigoroth|Body Slam|p1a: Grimmsnarl\n|-damage|p1a: Grimmsnarl|191/293\n|-status|p1a: Grimmsnarl|par\n|\n|upkeep\n|turn|30\n|inactive|Time left: 300 sec this turn | 300 sec total\n|\n|t:|1783535402\n|move|p1a: Grimmsnarl|Parting Shot|p2a: Vigoroth\n|-unboost|p2a: Vigoroth|atk|1\n|-unboost|p2a: Vigoroth|spa|1\n|inactive|Time left: 300 sec this turn | 300 sec total | 5 sec grace\n|\n|t:|1783535403\n|switch|p1a: Banette|Banette, L93, F|270/270|[from] Parting Shot\n|move|p2a: Vigoroth|Earthquake|p1a: Banette\n|-damage|p1a: Banette|195/270\n|\n|upkeep\n|turn|31\n|inactive|Time left: 300 sec this turn | 300 sec total\n|\n|t:|1783535404\n|move|p2a: Vigoroth|Earthquake|p1a: Banette\n|-damage|p1a: Banette|114/270\n|move|p1a: Banette|Swords Dance|p1a: Banette\n|-boost|p1a: Banette|atk|2\n|\n|upkeep\n|turn|32\n|inactive|Time left: 300 sec this turn | 300 sec total\n|\n|t:|1783535405\n|move|p2a: Vigoroth|Earthquake|p1a: Banette\n|-damage|p1a: Banette|34/270\n|move|p1a: Banette|Swords Dance|p1a: Banette\n|-boost|p1a: Banette|atk|2\n|\n|upkeep\n|turn|33\n|inactive|Time left: 300 sec this turn | 300 sec total\n|\n|t:|1783535406\n|move|p2a: Vigoroth|Earthquake|p1a: Banette\n|-damage|p1a: Banette|0 fnt\n|faint|p1a: Banette\n|\n|upkeep\n|inactive|Time left: 300 sec this turn | 300 sec total | 5 sec grace\n|\n|t:|1783535407\n|switch|p1a: Grimmsnarl|Grimmsnarl, L83, M|191/293 par\n|turn|34\n|inactive|Time left: 300 sec this turn | 300 sec total\n|\n|t:|1783535408\n|cant|p1a: Grimmsnarl|par\n|move|p2a: Vigoroth|Bulk Up|p2a: Vigoroth\n|-boost|p2a: Vigoroth|atk|1\n|-boost|p2a: Vigoroth|def|1\n|\n|upkeep\n|turn|35\n|inactive|Time left: 300 sec this turn | 300 sec total\n|\n|t:|1783535409\n|move|p2a: Vigoroth|Earthquake|p1a: Grimmsnarl\n|-damage|p1a: Grimmsnarl|68/293 par\n|move|p1a: Grimmsnarl|Spirit Break|p2a: Vigoroth\n|-damage|p2a: Vigoroth|82/100\n|-unboost|p2a: Vigoroth|spa|1\n|\n|upkeep\n|turn|36\n|inactive|Time left: 300 sec this turn | 300 sec total\n|\n|t:|1783535410\n|move|p1a: Grimmsnarl|Parting Shot|p2a: Vigoroth\n|-unboost|p2a: Vigoroth|atk|1\n|-unboost|p2a: Vigoroth|spa|1\n|inactive|Time left: 300 sec this turn | 300 sec total | 5 sec grace\n|\n|t:|1783535411\n|switch|p1a: Okidogi|Okidogi, L77, M|262/262|[from] Parting Shot\n|move|p2a: Vigoroth|Earthquake|p1a: Okidogi\n|-supereffective|p1a: Okidogi\n|-damage|p1a: Okidogi|147/262\n|\n|-sideend|p1: p0x1404a68|Reflect\n|upkeep\n|turn|37\n|inactive|Time left: 300 sec this turn | 300 sec total\n|\n|t:|1783535412\n|move|p2a: Vigoroth|Earthquake|p1a: Okidogi\n|-supereffective|p1a: Okidogi\n|-damage|p1a: Okidogi|0 fnt\n|faint|p1a: Okidogi\n|\n|upkeep\n|inactive|Time left: 300 sec this turn | 300 sec total | 5 sec grace\n|\n|t:|1783535412\n|switch|p1a: Grimmsnarl|Grimmsnarl, L83, M|68/293 par\n|turn|38\n|inactive|Time left: 300 sec this turn | 300 sec total\n|\n|t:|1783535413\n|move|p1a: Grimmsnarl|Reflect|p1a: Grimmsnarl\n|-sidestart|p1: p0x1404a68|Reflect\n|move|p2a: Vigoroth|Earthquake|p1a: Grimmsnarl\n|-damage|p1a: Grimmsnarl|0 fnt\n|faint|p1a: Grimmsnarl\n|\n|win|p0y14033ca", "uploadtime": 1783535413, "views": 0, "rating": 0, "private": 0, "password": null, "_winner": "p0y14033ca", "_our_name": "p0x1404a68"}