{"id": "battle-gen9randombattle-1752", "formatid": "gen9randombattle", "format": "[Gen 9] Random Battle", "players": ["p0x1752471c", "p0y1752fe10"], "log": "|init|battle\n|title|p0x1752471c vs. p0y1752fe10\n|j|\u2606p0x1752471c\n|j|\u2606p0y1752fe10\n|t:|1783560244\n|gametype|singles\n|player|p1|p0x1752471c|169|\n|player|p2|p0y1752fe10|266|\n|gen|9\n|tier|[Gen 9] Random Battle\n|rule|Species Clause: Limit one of each Pok\u00e9mon\n|rule|HP Percentage Mod: HP is shown in percentages\n|rule|Sleep Clause Mod: Limit one foe put to sleep\n|rule|Illusion Level Mod: Illusion disguises the Pok\u00e9mon's true level\n|\n|t:|1783560244\n|teamsize|p1|6\n|teamsize|p2|6\n|start\n|switch|p1a: Furret|Furret, L94, F|312/312\n|switch|p2a: Abomasnow|Abomasnow, L84, F|100/100\n|-item|p2a: Abomasnow|Light Clay|[from] ability: Frisk|[of] p1a: Furret\n|-weather|Snowscape|[from] ability: Snow Warning|[of] p2a: Abomasnow\n|turn|1\n|inactive|Battle timer is ON: inactive players will automatically lose when time's up. (requested by p0x1752471c)\n|inactive|p0y1752fe10 also wants the timer to be on.\n|\n|t:|1783560246\n|move|p1a: Furret|Double-Edge|p2a: Abomasnow\n|-damage|p2a: Abomasnow|49/100\n|-damage|p1a: Furret|263/312|[from] Recoil\n|move|p2a: Abomasnow|Aurora Veil|p2a: Abomasnow\n|-sidestart|p2: p0y1752fe10|move: Aurora Veil\n|\n|-weather|Snowscape|[upkeep]\n|upkeep\n|turn|2\n|inactive|Time left: 300 sec this turn | 300 sec total\n|\n|t:|1783560247\n|move|p1a: Furret|Double-Edge|p2a: Abomasnow\n|-damage|p2a: Abomasnow|24/100\n|-damage|p1a: Furret|239/312|[from] Recoil\n|move|p2a: Abomasnow|Blizzard|p1a: Furret\n|-damage|p1a: Furret|101/312\n|\n|-weather|Snowscape|[upkeep]\n|upkeep\n|turn|3\n|inactive|Time left: 300 sec this turn | 300 sec total\n|\n|t:|1783560248\n|switch|p2a: Ludicolo|Ludicolo, L90, F|100/100\n|move|p1a: Furret|Double-Edge|p2a: Ludicolo\n|-damage|p2a: Ludicolo|64/100\n|-damage|p1a: Furret|66/312|[from] Recoil\n|\n|-weather|Snowscape|[upkeep]\n|upkeep\n|turn|4\n|inactive|Time left: 300 sec this turn | 300 sec total\n|\n|t:|1783560249\n|switch|p1a: Swalot|Swalot, L90, M|326/326\n|move|p2a: Ludicolo|Giga Drain|p1a: Swalot\n|-resisted|p1a: Swalot\n|-damage|p1a: Swalot|259/326\n|-damage|p2a: Ludicolo|53/100|[from] ability: Liquid Ooze|[of] p1a: Swalot\n|\n|-weather|Snowscape|[upkeep]\n|-heal|p1a: Swalot|279/326|[from] item: Leftovers\n|upkeep\n|turn|5\n|inactive|Time left: 300 sec this turn | 300 sec total\n|\n|t:|1783560250\n|move|p2a: Ludicolo|Giga Drain|p1a: Swalot\n|-resisted|p1a: Swalot\n|-damage|p1a: Swalot|219/326\n|-damage|p2a: Ludicolo|42/100|[from] ability: Liquid Ooze|[of] p1a: Swalot\n|move|p1a: Swalot|Knock Off|p2a: Ludicolo\n|-damage|p2a: Ludicolo|31/100\n|-enditem|p2a: Ludicolo|Choice Specs|[from] move: Knock Off|[of] p1a: Swalot\n|\n|-weather|none\n|-heal|p1a: Swalot|239/326|[from] item: Leftovers\n|upkeep\n|turn|6\n|inactive|Time left: 300 sec this turn | 300 sec total\n|\n|t:|1783560251\n|move|p2a: Ludicolo|Ice Beam|p1a: Swalot\n|-damage|p1a: Swalot|177/326\n|move|p1a: Swalot|Gunk Shot|p2a: Ludicolo\n|-supereffective|p2a: Ludicolo\n|-damage|p2a: Ludicolo|0 fnt\n|faint|p2a: Ludicolo\n|\n|-heal|p1a: Swalot|197/326|[from] item: Leftovers\n|upkeep\n|\n|t:|1783560252\n|switch|p2a: Typhlosion|Typhlosion, L84, M|100/100\n|turn|7\n|inactive|Time left: 300 sec this turn | 300 sec total\n|\n|t:|1783560253\n|switch|p1a: Azumarill|Azumarill, L82, F|298/298\n|move|p2a: Typhlosion|Eruption|p1a: Azumarill\n|-resisted|p1a: Azumarill\n|-damage|p1a: Azumarill|205/298\n|\n|upkeep\n|turn|8\n|inactive|Time left: 300 sec this turn | 300 sec total\n|\n|t:|1783560254\n|switch|p2a: Abomasnow|Abomasnow, L84, F|24/100\n|-weather|Snowscape|[from] ability: Snow Warning|[of] p2a: Abomasnow\n|move|p1a: Azumarill|Liquidation|p2a: Abomasnow\n|-resisted|p2a: Abomasnow\n|-damage|p2a: Abomasnow|13/100\n|\n|-weather|Snowscape|[upkeep]\n|-sideend|p2: p0y1752fe10|move: Aurora Veil\n|upkeep\n|turn|9\n|inactive|Time left: 300 sec this turn | 300 sec total\n|\n|t:|1783560255\n|move|p2a: Abomasnow|Aurora Veil|p2a: Abomasnow\n|-sidestart|p2: p0y1752fe10|move: Aurora Veil\n|move|p1a: Azumarill|Liquidation|p2a: Abomasnow\n|-resisted|p2a: Abomasnow\n|-damage|p2a: Abomasnow|3/100\n|\n|-weather|Snowscape|[upkeep]\n|upkeep\n|turn|10\n|inactive|Time left: 300 sec this turn | 300 sec total\n|\n|t:|1783560256\n|switch|p2a: Feraligatr|Feraligatr, L79, M|100/100\n|move|p1a: Azumarill|Liquidation|p2a: Feraligatr\n|-resisted|p2a: Feraligatr\n|-damage|p2a: Feraligatr|87/100\n|\n|-weather|Snowscape|[upkeep]\n|upkeep\n|turn|11\n|inactive|Time left: 300 sec this turn | 300 sec total\n|\n|t:|1783560257\n|move|p2a: Feraligatr|Dragon Dance|p2a: Feraligatr\n|-boost|p2a: Feraligatr|atk|1\n|-boost|p2a: Feraligatr|spe|1\n|move|p1a: Azumarill|Liquidation|p2a: Feraligatr\n|-resisted|p2a: Feraligatr\n|-damage|p2a: Feraligatr|71/100\n|\n|-weather|Snowscape|[upkeep]\n|upkeep\n|turn|12\n|inactive|Time left: 300 sec this turn | 300 sec total\n|\n|t:|1783560258\n|move|p2a: Feraligatr|Dragon Dance|p2a: Feraligatr\n|-boost|p2a: Feraligatr|atk|1\n|-boost|p2a: Feraligatr|spe|1\n|move|p1a: Azumarill|Liquidation|p2a: Feraligatr\n|-resisted|p2a: Feraligatr\n|-damage|p2a: Feraligatr|58/100\n|\n|-weather|none\n|upkeep\n|turn|13\n|inactive|Time left: 300 sec this turn | 300 sec total\n|\n|t:|1783560259\n|move|p2a: Feraligatr|Liquidation|p1a: Azumarill\n|-resisted|p1a: Azumarill\n|-damage|p1a: Azumarill|39/298\n|move|p1a: Azumarill|Liquidation|p2a: Feraligatr\n|-resisted|p2a: Feraligatr\n|-damage|p2a: Feraligatr|43/100\n|\n|upkeep\n|turn|14\n|inactive|Time left: 300 sec this turn | 300 sec total\n|\n|t:|1783560260\n|move|p2a: Feraligatr|Liquidation|p1a: Azumarill\n|-resisted|p1a: Azumarill\n|-damage|p1a: Azumarill|0 fnt\n|faint|p1a: Azumarill\n|\n|upkeep\n|inactive|Time left: 300 sec this turn | 300 sec total | 5 sec grace\n|\n|t:|1783560261\n|switch|p1a: Vileplume|Vileplume, L85, F|266/266\n|turn|15\n|inactive|Time left: 300 sec this turn | 300 sec total\n|\n|t:|1783560261\n|-terastallize|p1a: Vileplume|Water\n|move|p2a: Feraligatr|Ice Punch|p1a: Vileplume\n|-resisted|p1a: Vileplume\n|-damage|p1a: Vileplume|185/266\n|-status|p2a: Feraligatr|par|[from] ability: Effect Spore|[of] p1a: Vileplume\n|move|p1a: Vileplume|Giga Drain|p2a: Feraligatr\n|-supereffective|p2a: Feraligatr\n|-damage|p2a: Feraligatr|4/100 par\n|-heal|p1a: Vileplume|238/266|[from] drain|[of] p2a: Feraligatr\n|\n|-heal|p1a: Vileplume|254/266|[from] item: Leftovers\n|upkeep\n|turn|16\n|inactive|Time left: 300 sec this turn | 300 sec total\n|\n|t:|1783560262\n|move|p2a: Feraligatr|Crunch|p1a: Vileplume\n|-damage|p1a: Vileplume|63/266\n|move|p1a: Vileplume|Leech Seed|p2a: Feraligatr\n|-start|p2a: Feraligatr|move: Leech Seed\n|\n|-heal|p1a: Vileplume|79/266|[from] item: Leftovers\n|-damage|p2a: Feraligatr|0 fnt|[from] Leech Seed|[of] p1a: Vileplume\n|-heal|p1a: Vileplume|87/266|[silent]\n|faint|p2a: Feraligatr\n|-sideend|p2: p0y1752fe10|move: Aurora Veil\n|upkeep\n|\n|t:|1783560263\n|switch|p2a: Oricorio|Oricorio-Sensu, L85, M|100/100\n|turn|17\n|inactive|Time left: 300 sec this turn | 300 sec total\n|\n|t:|1783560264\n|move|p2a: Oricorio|Revelation Dance|p1a: Vileplume\n|-crit|p1a: Vileplume\n|-damage|p1a: Vileplume|0 fnt\n|faint|p1a: Vileplume\n|\n|upkeep\n|inactive|Time left: 300 sec this turn | 300 sec total | 5 sec grace\n|\n|t:|1783560265\n|switch|p1a: Swalot|Swalot, L90, M|197/326\n|turn|18\n|inactive|Time left: 300 sec this turn | 300 sec total\n|\n|t:|1783560266\n|move|p2a: Oricorio|Hurricane|p1a: Swalot\n|-damage|p1a: Swalot|79/326\n|move|p1a: Swalot|Swords Dance|p1a: Swalot\n|-boost|p1a: Swalot|atk|2\n|-activate|p2a: Oricorio|ability: Dancer\n|move|p2a: Oricorio|Swords Dance|p2a: Oricorio|[from] ability: Dancer\n|-boost|p2a: Oricorio|atk|2\n|\n|-heal|p1a: Swalot|99/326|[from] item: Leftovers\n|upkeep\n|turn|19\n|inactive|Time left: 300 sec this turn | 300 sec total\n|\n|t:|1783560267\n|move|p2a: Oricorio|Hurricane|p1a: Swalot\n|-damage|p1a: Swalot|0 fnt\n|faint|p1a: Swalot\n|\n|upkeep\n|inactive|Time left: 300 sec this turn | 300 sec total | 5 sec grace\n|\n|t:|1783560268\n|switch|p1a: Perrserker|Perrserker, L89, M|269/269\n|turn|20\n|inactive|Time left: 300 sec this turn | 300 sec total\n|\n|t:|1783560269\n|-terastallize|p2a: Oricorio|Fighting\n|move|p2a: Oricorio|Revelation Dance|p1a: Perrserker\n|-supereffective|p1a: Perrserker\n|-crit|p1a: Perrserker\n|-damage|p1a: Perrserker|0 fnt\n|faint|p1a: Perrserker\n|\n|upkeep\n|inactive|Time left: 300 sec this turn | 300 sec total | 5 sec grace\n|\n|t:|1783560270\n|switch|p1a: Furret|Furret, L94, F|66/312\n|-item|p2a: Oricorio|Heavy-Duty Boots|[from] ability: Frisk|[of] p1a: Furret\n|turn|21\n|inactive|Time left: 300 sec this turn | 300 sec total\n|\n|t:|1783560271\n|move|p1a: Furret|Trick|p2a: Oricorio\n|-activate|p1a: Furret|move: Trick|[of] p2a: Oricorio\n|-item|p2a: Oricorio|Choice Band|[from] move: Trick\n|-item|p1a: Furret|Heavy-Duty Boots|[from] move: Trick\n|move|p2a: Oricorio|Quiver Dance|p2a: Oricorio\n|-boost|p2a: Oricorio|spa|1\n|-boost|p2a: Oricorio|spd|1\n|-boost|p2a: Oricorio|spe|1\n|\n|upkeep\n|turn|22\n|inactive|Time left: 300 sec this turn | 300 sec total\n|\n|t:|1783560272\n|switch|p2a: Typhlosion|Typhlosion, L84, M|100/100\n|move|p1a: Furret|Knock Off|p2a: Typhlosion\n|-damage|p2a: Typhlosion|69/100\n|-enditem|p2a: Typhlosion|Choice Scarf|[from] move: Knock Off|[of] p1a: Furret\n|\n|upkeep\n|turn|23\n|inactive|Time left: 300 sec this turn | 300 sec total\n|\n|t:|1783560273\n|move|p1a: Furret|Double-Edge|p2a: Typhlosion\n|-damage|p2a: Typhlosion|19/100\n|-damage|p1a: Furret|22/312|[from] Recoil\n|move|p2a: Typhlosion|Eruption|p1a: Furret\n|-damage|p1a: Furret|0 fnt\n|faint|p1a: Furret\n|\n|upkeep\n|inactive|Time left: 300 sec this turn | 300 sec total | 5 sec grace\n|\n|t:|1783560274\n|switch|p1a: Dialga|Dialga, L73|266/266\n|-ability|p1a: Dialga|Pressure\n|turn|24\n|inactive|Time left: 300 sec this turn | 300 sec total\n|\n|t:|1783560275\n|move|p2a: Typhlosion|Fire Blast|p1a: Dialga\n|-damage|p1a: Dialga|74/266\n|move|p1a: Dialga|Thunder Wave|p2a: Typhlosion\n|-status|p2a: Typhlosion|par\n|\n|-heal|p1a: Dialga|90/266|[from] item: Leftovers\n|upkeep\n|turn|25\n|inactive|Time left: 300 sec this turn | 300 sec total\n|\n|t:|1783560276\n|move|p1a: Dialga|Fire Blast|p2a: Typhlosion|[miss]\n|-miss|p1a: Dialga|p2a: Typhlosion\n|move|p2a: Typhlosion|Scorching Sands|p1a: Dialga\n|-supereffective|p1a: Dialga\n|-damage|p1a: Dialga|0 fnt\n|faint|p1a: Dialga\n|\n|win|p0y1752fe10", "uploadtime": 1783560276, "views": 0, "rating": 0, "private": 0, "password": null, "_winner": "p0y1752fe10", "_our_name": "p0x1752471c"}