{"id": "battle-gen9randombattle-2998", "formatid": "gen9randombattle", "format": "[Gen 9] Random Battle", "players": ["p0x29986e4e", "p0y2998e72f"], "log": "|init|battle\n|title|p0x29986e4e vs. p0y2998e72f\n|j|\u2606p0x29986e4e\n|j|\u2606p0y2998e72f\n|t:|1783573512\n|gametype|singles\n|player|p1|p0x29986e4e|2|\n|player|p2|p0y2998e72f|102|\n|gen|9\n|tier|[Gen 9] Random Battle\n|rule|Species Clause: Limit one of each Pok\u00e9mon\n|rule|HP Percentage Mod: HP is shown in percentages\n|rule|Sleep Clause Mod: Limit one foe put to sleep\n|rule|Illusion Level Mod: Illusion disguises the Pok\u00e9mon's true level\n|\n|t:|1783573512\n|teamsize|p1|6\n|teamsize|p2|6\n|start\n|switch|p1a: Shaymin|Shaymin, L82|100/100\n|switch|p2a: Altaria|Altaria, L89, F|278/278\n|turn|1\n|inactive|Battle timer is ON: inactive players will automatically lose when time's up. (requested by p0y2998e72f)\n|inactive|p0x29986e4e also wants the timer to be on.\n|\n|t:|1783573514\n|move|p1a: Shaymin|Leech Seed|p2a: Altaria\n|-start|p2a: Altaria|move: Leech Seed\n|move|p2a: Altaria|Dragon Dance|p2a: Altaria\n|-boost|p2a: Altaria|atk|1\n|-boost|p2a: Altaria|spe|1\n|\n|-damage|p2a: Altaria|244/278|[from] Leech Seed|[of] p1a: Shaymin\n|upkeep\n|turn|2\n|inactive|Time left: 300 sec this turn | 300 sec total\n|\n|t:|1783573515\n|switch|p1a: Oranguru|Oranguru, L92, F|100/100\n|move|p2a: Altaria|Dragon Dance|p2a: Altaria\n|-boost|p2a: Altaria|atk|1\n|-boost|p2a: Altaria|spe|1\n|\n|-damage|p2a: Altaria|210/278|[from] Leech Seed|[of] p1a: Oranguru\n|upkeep\n|turn|3\n|inactive|Time left: 300 sec this turn | 300 sec total\n|\n|t:|1783573516\n|move|p2a: Altaria|Earthquake|p1a: Oranguru\n|-damage|p1a: Oranguru|64/100\n|move|p1a: Oranguru|Psyshock|p2a: Altaria\n|-damage|p2a: Altaria|126/278\n|\n|-heal|p1a: Oranguru|70/100|[from] item: Leftovers\n|-damage|p2a: Altaria|92/278|[from] Leech Seed|[of] p1a: Oranguru\n|-heal|p1a: Oranguru|81/100|[silent]\n|upkeep\n|turn|4\n|inactive|Time left: 300 sec this turn | 300 sec total\n|\n|t:|1783573517\n|move|p2a: Altaria|Roost|p2a: Altaria\n|-heal|p2a: Altaria|231/278\n|-singleturn|p2a: Altaria|move: Roost\n|move|p1a: Oranguru|Psyshock|p2a: Altaria\n|-damage|p2a: Altaria|140/278\n|\n|-heal|p1a: Oranguru|87/100|[from] item: Leftovers\n|-damage|p2a: Altaria|106/278|[from] Leech Seed|[of] p1a: Oranguru\n|-heal|p1a: Oranguru|98/100|[silent]\n|upkeep\n|turn|5\n|inactive|Time left: 300 sec this turn | 300 sec total\n|\n|t:|1783573518\n|move|p2a: Altaria|Roost|p2a: Altaria\n|-heal|p2a: Altaria|245/278\n|-singleturn|p2a: Altaria|move: Roost\n|move|p1a: Oranguru|Nasty Plot|p1a: Oranguru\n|-boost|p1a: Oranguru|spa|2\n|\n|-heal|p1a: Oranguru|100/100|[from] item: Leftovers\n|-damage|p2a: Altaria|211/278|[from] Leech Seed|[of] p1a: Oranguru\n|upkeep\n|turn|6\n|inactive|Time left: 300 sec this turn | 300 sec total\n|\n|t:|1783573519\n|move|p2a: Altaria|Earthquake|p1a: Oranguru\n|-damage|p1a: Oranguru|63/100\n|move|p1a: Oranguru|Psyshock|p2a: Altaria\n|-damage|p2a: Altaria|51/278\n|\n|-heal|p1a: Oranguru|69/100|[from] item: Leftovers\n|-damage|p2a: Altaria|17/278|[from] Leech Seed|[of] p1a: Oranguru\n|-heal|p1a: Oranguru|80/100|[silent]\n|upkeep\n|turn|7\n|inactive|Time left: 300 sec this turn | 300 sec total\n|\n|t:|1783573520\n|move|p2a: Altaria|Brave Bird|p1a: Oranguru\n|-damage|p1a: Oranguru|13/100\n|-damage|p2a: Altaria|0 fnt|[from] Recoil\n|faint|p2a: Altaria\n|move|p1a: Oranguru|Thunderbolt|p2: Altaria|[notarget]\n|-fail|p1a: Oranguru\n|\n|-heal|p1a: Oranguru|19/100|[from] item: Leftovers\n|upkeep\n|inactive|Time left: 300 sec this turn | 300 sec total | 5 sec grace\n|\n|t:|1783573521\n|switch|p2a: Florges|Florges, L85, F|271/271\n|turn|8\n|inactive|Time left: 300 sec this turn | 300 sec total\n|\n|t:|1783573521\n|move|p2a: Florges|Moonblast|p1a: Oranguru\n|-damage|p1a: Oranguru|0 fnt\n|faint|p1a: Oranguru\n|\n|upkeep\n|\n|t:|1783573522\n|switch|p1a: Pecharunt|Pecharunt, L77|100/100\n|turn|9\n|inactive|Time left: 300 sec this turn | 300 sec total\n|\n|t:|1783573523\n|move|p1a: Pecharunt|Parting Shot|p2a: Florges\n|-unboost|p2a: Florges|atk|1\n|-unboost|p2a: Florges|spa|1\n|\n|t:|1783573523\n|switch|p1a: Shaymin|Shaymin, L82|100/100|[from] Parting Shot\n|move|p2a: Florges|Calm Mind|p2a: Florges\n|-boost|p2a: Florges|spa|1\n|-boost|p2a: Florges|spd|1\n|\n|upkeep\n|turn|10\n|inactive|Time left: 300 sec this turn | 300 sec total\n|\n|t:|1783573524\n|move|p1a: Shaymin|Leech Seed|p2a: Florges\n|-start|p2a: Florges|move: Leech Seed\n|move|p2a: Florges|Calm Mind|p2a: Florges\n|-boost|p2a: Florges|spa|1\n|-boost|p2a: Florges|spd|1\n|\n|-damage|p2a: Florges|238/271|[from] Leech Seed|[of] p1a: Shaymin\n|upkeep\n|turn|11\n|inactive|Time left: 300 sec this turn | 300 sec total\n|\n|t:|1783573525\n|move|p1a: Shaymin|Substitute|p1a: Shaymin\n|-start|p1a: Shaymin|Substitute\n|-damage|p1a: Shaymin|76/100\n|move|p2a: Florges|Moonblast|p1a: Shaymin\n|-end|p1a: Shaymin|Substitute\n|\n|-heal|p1a: Shaymin|82/100|[from] item: Leftovers\n|-heal|p2a: Florges|254/271|[from] item: Leftovers\n|-damage|p2a: Florges|221/271|[from] Leech Seed|[of] p1a: Shaymin\n|-heal|p1a: Shaymin|93/100|[silent]\n|upkeep\n|turn|12\n|inactive|Time left: 300 sec this turn | 300 sec total\n|\n|t:|1783573526\n|move|p1a: Shaymin|Seed Flare|p2a: Florges|[miss]\n|-miss|p1a: Shaymin|p2a: Florges\n|move|p2a: Florges|Moonblast|p1a: Shaymin\n|-damage|p1a: Shaymin|37/100\n|\n|-heal|p1a: Shaymin|43/100|[from] item: Leftovers\n|-heal|p2a: Florges|237/271|[from] item: Leftovers\n|-damage|p2a: Florges|204/271|[from] Leech Seed|[of] p1a: Shaymin\n|-heal|p1a: Shaymin|55/100|[silent]\n|upkeep\n|turn|13\n|inactive|Time left: 300 sec this turn | 300 sec total\n|\n|t:|1783573526\n|move|p1a: Shaymin|Substitute|p1a: Shaymin\n|-start|p1a: Shaymin|Substitute\n|-damage|p1a: Shaymin|30/100\n|move|p2a: Florges|Moonblast|p1a: Shaymin\n|-end|p1a: Shaymin|Substitute\n|\n|-heal|p1a: Shaymin|36/100|[from] item: Leftovers\n|-heal|p2a: Florges|220/271|[from] item: Leftovers\n|-damage|p2a: Florges|187/271|[from] Leech Seed|[of] p1a: Shaymin\n|-heal|p1a: Shaymin|47/100|[silent]\n|upkeep\n|turn|14\n|inactive|Time left: 300 sec this turn | 300 sec total\n|\n|t:|1783573527\n|move|p1a: Shaymin|Substitute|p1a: Shaymin\n|-start|p1a: Shaymin|Substitute\n|-damage|p1a: Shaymin|22/100\n|move|p2a: Florges|Moonblast|p1a: Shaymin\n|-end|p1a: Shaymin|Substitute\n|\n|-heal|p1a: Shaymin|28/100|[from] item: Leftovers\n|-heal|p2a: Florges|203/271|[from] item: Leftovers\n|-damage|p2a: Florges|170/271|[from] Leech Seed|[of] p1a: Shaymin\n|-heal|p1a: Shaymin|39/100|[silent]\n|upkeep\n|turn|15\n|inactive|Time left: 300 sec this turn | 300 sec total\n|\n|t:|1783573528\n|move|p1a: Shaymin|Substitute|p1a: Shaymin\n|-start|p1a: Shaymin|Substitute\n|-damage|p1a: Shaymin|14/100\n|move|p2a: Florges|Moonblast|p1a: Shaymin\n|-end|p1a: Shaymin|Substitute\n|\n|-heal|p1a: Shaymin|20/100|[from] item: Leftovers\n|-heal|p2a: Florges|186/271|[from] item: Leftovers\n|-damage|p2a: Florges|153/271|[from] Leech Seed|[of] p1a: Shaymin\n|-heal|p1a: Shaymin|31/100|[silent]\n|upkeep\n|turn|16\n|inactive|Time left: 300 sec this turn | 300 sec total\n|\n|t:|1783573529\n|switch|p1a: Pecharunt|Pecharunt, L77|100/100\n|move|p2a: Florges|Moonblast|p1a: Pecharunt\n|-resisted|p1a: Pecharunt\n|-damage|p1a: Pecharunt|67/100\n|\n|-heal|p2a: Florges|169/271|[from] item: Leftovers\n|-damage|p2a: Florges|136/271|[from] Leech Seed|[of] p1a: Pecharunt\n|-heal|p1a: Pecharunt|80/100|[silent]\n|upkeep\n|turn|17\n|inactive|Time left: 300 sec this turn | 300 sec total\n|\n|t:|1783573529\n|move|p1a: Pecharunt|Malignant Chain|p2a: Florges\n|-supereffective|p2a: Florges\n|-damage|p2a: Florges|82/271\n|-status|p2a: Florges|tox\n|-start|p2a: Florges|confusion|[from] ability: Poison Puppeteer|[of] p1a: Pecharunt\n|-activate|p2a: Florges|confusion\n|move|p2a: Florges|Moonblast|p1a: Pecharunt\n|-resisted|p1a: Pecharunt\n|-damage|p1a: Pecharunt|43/100\n|\n|-heal|p2a: Florges|98/271 tox|[from] item: Leftovers\n|-damage|p2a: Florges|65/271 tox|[from] Leech Seed|[of] p1a: Pecharunt\n|-heal|p1a: Pecharunt|55/100|[silent]\n|-damage|p2a: Florges|49/271 tox|[from] psn\n|upkeep\n|turn|18\n|inactive|Time left: 300 sec this turn | 300 sec total\n|\n|t:|1783573530\n|move|p1a: Pecharunt|Recover|p1a: Pecharunt\n|-heal|p1a: Pecharunt|100/100\n|-activate|p2a: Florges|confusion\n|move|p2a: Florges|Moonblast|p1a: Pecharunt\n|-resisted|p1a: Pecharunt\n|-damage|p1a: Pecharunt|62/100\n|-unboost|p1a: Pecharunt|spa|1\n|\n|-heal|p2a: Florges|65/271 tox|[from] item: Leftovers\n|-damage|p2a: Florges|32/271 tox|[from] Leech Seed|[of] p1a: Pecharunt\n|-heal|p1a: Pecharunt|75/100|[silent]\n|-damage|p2a: Florges|0 fnt|[from] psn\n|faint|p2a: Florges\n|upkeep\n|inactive|Time left: 300 sec this turn | 300 sec total | 5 sec grace\n|\n|t:|1783573531\n|switch|p2a: Vivillon|Vivillon-Ocean, L83, M|268/268\n|turn|19\n|inactive|Time left: 300 sec this turn | 300 sec total\n|\n|t:|1783573533\n|move|p2a: Vivillon|Quiver Dance|p2a: Vivillon\n|-boost|p2a: Vivillon|spa|1\n|-boost|p2a: Vivillon|spd|1\n|-boost|p2a: Vivillon|spe|1\n|move|p1a: Pecharunt|Parting Shot|p2a: Vivillon\n|-unboost|p2a: Vivillon|atk|1\n|-unboost|p2a: Vivillon|spa|1\n|\n|t:|1783573533\n|switch|p1a: Armarouge|Armarouge, L80, M|100/100|[from] Parting Shot\n|\n|upkeep\n|turn|20\n|inactive|Time left: 300 sec this turn | 300 sec total\n|\n|t:|1783573534\n|move|p2a: Vivillon|Sleep Powder|p1a: Armarouge\n|-status|p1a: Armarouge|slp|[from] move: Sleep Powder\n|cant|p1a: Armarouge|slp\n|\n|upkeep\n|turn|21\n|inactive|Time left: 300 sec this turn | 300 sec total\n|\n|t:|1783573535\n|move|p2a: Vivillon|Hurricane|p1a: Armarouge\n|-damage|p1a: Armarouge|53/100 slp\n|cant|p1a: Armarouge|slp\n|\n|upkeep\n|turn|22\n|inactive|Time left: 300 sec this turn | 300 sec total\n|\n|t:|1783573536\n|move|p2a: Vivillon|Hurricane|p1a: Armarouge\n|-damage|p1a: Armarouge|8/100 slp\n|-start|p1a: Armarouge|confusion\n|-curestatus|p1a: Armarouge|slp|[msg]\n|-activate|p1a: Armarouge|confusion\n|-damage|p1a: Armarouge|3/100|[from] confusion\n|\n|upkeep\n|turn|23\n|inactive|Time left: 300 sec this turn | 300 sec total\n|\n|t:|1783573537\n|move|p2a: Vivillon|Quiver Dance|p2a: Vivillon\n|-boost|p2a: Vivillon|spa|1\n|-boost|p2a: Vivillon|spd|1\n|-boost|p2a: Vivillon|spe|1\n|-activate|p1a: Armarouge|confusion\n|-damage|p1a: Armarouge|0 fnt|[from] confusion\n|faint|p1a: Armarouge\n|\n|upkeep\n|\n|t:|1783573538\n|switch|p1a: Dedenne|Dedenne, L88, M|100/100\n|turn|24\n|inactive|Time left: 300 sec this turn | 300 sec total\n|\n|t:|1783573539\n|move|p2a: Vivillon|Hurricane|p1a: Dedenne\n|-resisted|p1a: Dedenne\n|-damage|p1a: Dedenne|64/100\n|move|p1a: Dedenne|Thunderbolt|p2a: Vivillon\n|-supereffective|p2a: Vivillon\n|-damage|p2a: Vivillon|122/268\n|-status|p2a: Vivillon|par\n|\n|upkeep\n|turn|25\n|inactive|Time left: 300 sec this turn | 300 sec total\n|\n|t:|1783573540\n|-terastallize|p2a: Vivillon|Ground\n|move|p1a: Dedenne|Thunderbolt|p2a: Vivillon\n|-immune|p2a: Vivillon\n|move|p2a: Vivillon|Quiver Dance|p2a: Vivillon\n|-boost|p2a: Vivillon|spa|1\n|-boost|p2a: Vivillon|spd|1\n|-boost|p2a: Vivillon|spe|1\n|\n|upkeep\n|turn|26\n|inactive|Time left: 300 sec this turn | 300 sec total\n|\n|t:|1783573541\n|move|p2a: Vivillon|Sleep Powder|p1a: Dedenne\n|-status|p1a: Dedenne|slp|[from] move: Sleep Powder\n|cant|p1a: Dedenne|slp\n|\n|upkeep\n|turn|27\n|inactive|Time left: 300 sec this turn | 300 sec total\n|\n|t:|1783573542\n|switch|p1a: Furret|Furret, L94, M|100/100\n|-item|p2a: Vivillon|Heavy-Duty Boots|[from] ability: Frisk|[of] p1a: Furret\n|cant|p2a: Vivillon|par\n|\n|upkeep\n|turn|28\n|inactive|Time left: 300 sec this turn | 300 sec total\n|\n|t:|1783573543\n|cant|p2a: Vivillon|par\n|move|p1a: Furret|Knock Off|p2a: Vivillon\n|-damage|p2a: Vivillon|0 fnt\n|-enditem|p2a: Vivillon|Heavy-Duty Boots|[from] move: Knock Off|[of] p1a: Furret\n|faint|p2a: Vivillon\n|-damage|p1a: Furret|91/100|[from] item: Life Orb\n|\n|upkeep\n|inactive|Time left: 300 sec this turn | 300 sec total | 5 sec grace\n|\n|t:|1783573544\n|switch|p2a: Quagsire|Quagsire, L84, F|297/297\n|turn|29\n|inactive|Time left: 300 sec this turn | 300 sec total\n|\n|t:|1783573545\n|switch|p1a: Shaymin|Shaymin, L82|31/100\n|move|p2a: Quagsire|Earthquake|p1a: Shaymin\n|-resisted|p1a: Shaymin\n|-damage|p1a: Shaymin|17/100\n|\n|-heal|p1a: Shaymin|23/100|[from] item: Leftovers\n|upkeep\n|turn|30\n|inactive|Time left: 300 sec this turn | 300 sec total\n|\n|t:|1783573546\n|switch|p2a: Comfey|Comfey, L85, F|225/225\n|move|p1a: Shaymin|Seed Flare|p2a: Comfey|[miss]\n|-miss|p1a: Shaymin|p2a: Comfey\n|\n|-heal|p1a: Shaymin|29/100|[from] item: Leftovers\n|upkeep\n|turn|31\n|inactive|Time left: 300 sec this turn | 300 sec total\n|\n|t:|1783573546\n|move|p2a: Comfey|Calm Mind|p2a: Comfey\n|-boost|p2a: Comfey|spa|1\n|-boost|p2a: Comfey|spd|1\n|move|p1a: Shaymin|Leech Seed|p2a: Comfey\n|-start|p2a: Comfey|move: Leech Seed\n|\n|-heal|p1a: Shaymin|35/100|[from] item: Leftovers\n|-damage|p2a: Comfey|197/225|[from] Leech Seed|[of] p1a: Shaymin\n|-heal|p1a: Shaymin|45/100|[silent]\n|upkeep\n|turn|32\n|inactive|Time left: 300 sec this turn | 300 sec total\n|\n|t:|1783573547\n|move|p2a: Comfey|Calm Mind|p2a: Comfey\n|-boost|p2a: Comfey|spa|1\n|-boost|p2a: Comfey|spd|1\n|move|p1a: Shaymin|Seed Flare|p2a: Comfey\n|-damage|p2a: Comfey|145/225\n|\n|-heal|p2a: Comfey|159/225|[from] item: Leftovers\n|-heal|p1a: Shaymin|51/100|[from] item: Leftovers\n|-damage|p2a: Comfey|131/225|[from] Leech Seed|[of] p1a: Shaymin\n|-heal|p1a: Shaymin|60/100|[silent]\n|upkeep\n|turn|33\n|inactive|Time left: 300 sec this turn | 300 sec total\n|\n|t:|1783573548\n|move|p2a: Comfey|Draining Kiss|p1a: Shaymin\n|-damage|p1a: Shaymin|29/100\n|-heal|p2a: Comfey|202/225|[from] drain|[of] p1a: Shaymin\n|move|p1a: Shaymin|Seed Flare|p2a: Comfey|[miss]\n|-miss|p1a: Shaymin|p2a: Comfey\n|\n|-heal|p2a: Comfey|216/225|[from] item: Leftovers\n|-heal|p1a: Shaymin|35/100|[from] item: Leftovers\n|-damage|p2a: Comfey|188/225|[from] Leech Seed|[of] p1a: Shaymin\n|-heal|p1a: Shaymin|44/100|[silent]\n|upkeep\n|turn|34\n|inactive|Time left: 300 sec this turn | 300 sec total\n|\n|t:|1783573549\n|switch|p1a: Pecharunt|Pecharunt, L77|75/100\n|move|p2a: Comfey|Stored Power|p1a: Pecharunt\n|-supereffective|p1a: Pecharunt\n|-damage|p1a: Pecharunt|0 fnt\n|faint|p1a: Pecharunt\n|\n|-heal|p2a: Comfey|202/225|[from] item: Leftovers\n|upkeep\n|\n|t:|1783573550\n|switch|p1a: Furret|Furret, L94, M|91/100\n|-item|p2a: Comfey|Leftovers|[from] ability: Frisk|[of] p1a: Furret\n|turn|35\n|inactive|Time left: 300 sec this turn | 300 sec total\n|\n|t:|1783573550\n|-terastallize|p1a: Furret|Normal\n|move|p2a: Comfey|Giga Drain|p1a: Furret\n|-damage|p1a: Furret|53/100\n|-heal|p2a: Comfey|225/225|[from] drain|[of] p1a: Furret\n|move|p1a: Furret|Double-Edge|p2a: Comfey\n|-damage|p2a: Comfey|17/225\n|-damage|p1a: Furret|31/100|[from] Recoil\n|-damage|p1a: Furret|21/100|[from] item: Life Orb\n|\n|-heal|p2a: Comfey|31/225|[from] item: Leftovers\n|-damage|p2a: Comfey|3/225|[from] Leech Seed|[of] p1a: Furret\n|-heal|p1a: Furret|30/100|[silent]\n|upkeep\n|turn|36\n|inactive|Time left: 300 sec this turn | 300 sec total\n|\n|t:|1783573551\n|switch|p1a: Shaymin|Shaymin, L82|44/100\n|move|p2a: Comfey|Draining Kiss|p1a: Shaymin\n|-damage|p1a: Shaymin|15/100\n|-heal|p2a: Comfey|68/225|[from] drain|[of] p1a: Shaymin\n|\n|-heal|p2a: Comfey|82/225|[from] item: Leftovers\n|-heal|p1a: Shaymin|21/100|[from] item: Leftovers\n|-damage|p2a: Comfey|54/225|[from] Leech Seed|[of] p1a: Shaymin\n|-heal|p1a: Shaymin|30/100|[silent]\n|upkeep\n|turn|37\n|inactive|Time left: 300 sec this turn | 300 sec total\n|\n|t:|1783573552\n|switch|p1a: Dedenne|Dedenne, L88, M|64/100 slp\n|move|p2a: Comfey|Draining Kiss|p1a: Dedenne\n|-damage|p1a: Dedenne|24/100 slp\n|-heal|p2a: Comfey|133/225|[from] drain|[of] p1a: Dedenne\n|-enditem|p1a: Dedenne|Sitrus Berry|[eat]\n|-heal|p1a: Dedenne|49/100 slp|[from] item: Sitrus Berry\n|-heal|p1a: Dedenne|82/100 slp|[from] ability: Cheek Pouch\n|\n|-heal|p2a: Comfey|147/225|[from] item: Leftovers\n|-damage|p2a: Comfey|119/225|[from] Leech Seed|[of] p1a: Dedenne\n|-heal|p1a: Dedenne|93/100 slp|[silent]\n|upkeep\n|turn|38\n|inactive|Time left: 300 sec this turn | 300 sec total\n|\n|t:|1783573552\n|move|p2a: Comfey|Draining Kiss|p1a: Dedenne\n|-damage|p1a: Dedenne|48/100 slp\n|-heal|p2a: Comfey|207/225|[from] drain|[of] p1a: Dedenne\n|-curestatus|p1a: Dedenne|slp|[msg]\n|move|p1a: Dedenne|Thunderbolt|p2a: Comfey\n|-damage|p2a: Comfey|168/225\n|\n|-heal|p2a: Comfey|182/225|[from] item: Leftovers\n|-damage|p2a: Comfey|154/225|[from] Leech Seed|[of] p1a: Dedenne\n|-heal|p1a: Dedenne|59/100|[silent]\n|upkeep\n|turn|39\n|inactive|Time left: 300 sec this turn | 300 sec total\n|\n|t:|1783573553\n|move|p2a: Comfey|Draining Kiss|p1a: Dedenne\n|-damage|p1a: Dedenne|20/100\n|-heal|p2a: Comfey|225/225|[from] drain|[of] p1a: Dedenne\n|move|p1a: Dedenne|U-turn|p2a: Comfey\n|-resisted|p2a: Comfey\n|-damage|p2a: Comfey|208/225\n|\n|t:|1783573554\n|switch|p1a: Shaymin|Shaymin, L82|30/100|[from] U-turn\n|\n|-heal|p2a: Comfey|222/225|[from] item: Leftovers\n|-heal|p1a: Shaymin|36/100|[from] item: Leftovers\n|-damage|p2a: Comfey|194/225|[from] Leech Seed|[of] p1a: Shaymin\n|-heal|p1a: Shaymin|46/100|[silent]\n|upkeep\n|turn|40\n|inactive|Time left: 300 sec this turn | 300 sec total\n|\n|t:|1783573554\n|move|p2a: Comfey|Stored Power|p1a: Shaymin\n|-damage|p1a: Shaymin|4/100\n|move|p1a: Shaymin|Seed Flare|p2a: Comfey\n|-damage|p2a: Comfey|137/225\n|-unboost|p2a: Comfey|spd|2\n|\n|-heal|p2a: Comfey|151/225|[from] item: Leftovers\n|-heal|p1a: Shaymin|10/100|[from] item: Leftovers\n|-damage|p2a: Comfey|123/225|[from] Leech Seed|[of] p1a: Shaymin\n|-heal|p1a: Shaymin|19/100|[silent]\n|upkeep\n|turn|41\n|inactive|Time left: 300 sec this turn | 300 sec total\n|\n|t:|1783573555\n|switch|p1a: Furret|Furret, L94, M, tera:Normal|30/100\n|-item|p2a: Comfey|Leftovers|[from] ability: Frisk|[of] p1a: Furret\n|move|p2a: Comfey|Draining Kiss|p1a: Furret\n|-damage|p1a: Furret|0 fnt\n|-heal|p2a: Comfey|192/225|[from] drain|[of] p1a: Furret\n|faint|p1a: Furret\n|\n|-heal|p2a: Comfey|206/225|[from] item: Leftovers\n|upkeep\n|\n|t:|1783573556\n|switch|p1a: Shaymin|Shaymin, L82|19/100\n|turn|42\n|inactive|Time left: 300 sec this turn | 300 sec total\n|\n|t:|1783573556\n|move|p2a: Comfey|Draining Kiss|p1a: Shaymin\n|-damage|p1a: Shaymin|0 fnt\n|-heal|p2a: Comfey|225/225|[from] drain|[of] p1a: Shaymin\n|faint|p1a: Shaymin\n|\n|upkeep\n|\n|t:|1783573557\n|switch|p1a: Dedenne|Dedenne, L88, M|20/100\n|turn|43\n|inactive|Time left: 300 sec this turn | 300 sec total\n|\n|t:|1783573557\n|move|p2a: Comfey|Draining Kiss|p1a: Dedenne\n|-damage|p1a: Dedenne|0 fnt\n|faint|p1a: Dedenne\n|\n|win|p0y2998e72f", "uploadtime": 1783573557, "views": 0, "rating": 0, "private": 0, "password": null, "_winner": "p0y2998e72f", "_our_name": "p0y2998e72f"}