{"id": "battle-gen9randombattle-596", "formatid": "gen9randombattle", "format": "[Gen 9] Random Battle", "players": ["p0x5965b6e", "p0y596d78a"], "log": "|init|battle\n|title|p0x5965b6e vs. p0y596d78a\n|j|\u2606p0x5965b6e\n|j|\u2606p0y596d78a\n|t:|1783546005\n|gametype|singles\n|player|p1|p0x5965b6e|170|\n|player|p2|p0y596d78a|266|\n|gen|9\n|tier|[Gen 9] Random Battle\n|rule|Species Clause: Limit one of each Pok\u00e9mon\n|rule|HP Percentage Mod: HP is shown in percentages\n|rule|Sleep Clause Mod: Limit one foe put to sleep\n|rule|Illusion Level Mod: Illusion disguises the Pok\u00e9mon's true level\n|\n|t:|1783546005\n|teamsize|p1|6\n|teamsize|p2|6\n|start\n|switch|p1a: Granbull|Granbull, L88, M|100/100\n|switch|p2a: Medicham|Medicham, L86, M|243/243\n|-ability|p1a: Granbull|Intimidate|boost\n|-unboost|p2a: Medicham|atk|1\n|turn|1\n|inactive|Battle timer is ON: inactive players will automatically lose when time's up. (requested by p0x5965b6e)\n|inactive|Time left: 300 sec this turn | 300 sec total | 60 sec grace\n|inactive|p0y596d78a also wants the timer to be on.\n|\n|t:|1783546006\n|switch|p2a: Incineroar|Incineroar, L82, M|290/290\n|-ability|p2a: Incineroar|Intimidate|boost\n|-unboost|p1a: Granbull|atk|1\n|move|p1a: Granbull|Play Rough|p2a: Incineroar|[miss]\n|-miss|p1a: Granbull|p2a: Incineroar\n|\n|upkeep\n|turn|2\n|inactive|Time left: 300 sec this turn | 300 sec total\n|\n|t:|1783546008\n|switch|p1a: Tauros|Tauros-Paldea-Combat, L82, M|100/100\n|-ability|p1a: Tauros|Intimidate|boost\n|-unboost|p2a: Incineroar|atk|1\n|move|p2a: Incineroar|Knock Off|p1a: Tauros\n|-resisted|p1a: Tauros\n|-damage|p1a: Tauros|88/100\n|-enditem|p1a: Tauros|Choice Band|[from] move: Knock Off|[of] p2a: Incineroar\n|\n|upkeep\n|turn|3\n|inactive|Time left: 300 sec this turn | 300 sec total\n|\n|t:|1783546009\n|switch|p2a: Appletun|Appletun, L92, F|352/352\n|move|p1a: Tauros|Earthquake|p2a: Appletun\n|-resisted|p2a: Appletun\n|-damage|p2a: Appletun|317/352\n|\n|-heal|p2a: Appletun|339/352|[from] item: Leftovers\n|upkeep\n|turn|4\n|inactive|Time left: 300 sec this turn | 300 sec total\n|\n|t:|1783546010\n|switch|p1a: Ogerpon|Ogerpon, L80, F|100/100\n|move|p2a: Appletun|Apple Acid|p1a: Ogerpon\n|-resisted|p1a: Ogerpon\n|-damage|p1a: Ogerpon|80/100\n|-unboost|p1a: Ogerpon|spd|1\n|-ability|p1a: Ogerpon|Defiant|boost\n|-boost|p1a: Ogerpon|atk|2\n|\n|-heal|p2a: Appletun|352/352|[from] item: Leftovers\n|upkeep\n|turn|5\n|inactive|Time left: 300 sec this turn | 300 sec total\n|\n|t:|1783546011\n|move|p1a: Ogerpon|Superpower|p2a: Appletun\n|-damage|p2a: Appletun|118/352\n|-unboost|p1a: Ogerpon|atk|1\n|-unboost|p1a: Ogerpon|def|1\n|-damage|p1a: Ogerpon|70/100|[from] item: Life Orb\n|move|p2a: Appletun|Draco Meteor|p1a: Ogerpon\n|-damage|p1a: Ogerpon|0 fnt\n|-unboost|p2a: Appletun|spa|2\n|faint|p1a: Ogerpon\n|\n|-heal|p2a: Appletun|140/352|[from] item: Leftovers\n|upkeep\n|\n|t:|1783546012\n|switch|p1a: Staraptor|Staraptor, L79, M|100/100\n|turn|6\n|inactive|Time left: 300 sec this turn | 300 sec total\n|\n|t:|1783546013\n|switch|p2a: Iron Crown|Iron Crown, L78|268/268\n|move|p1a: Staraptor|Brave Bird|p2a: Iron Crown\n|-resisted|p2a: Iron Crown\n|-damage|p2a: Iron Crown|148/268\n|-damage|p1a: Staraptor|85/100|[from] Recoil\n|\n|upkeep\n|turn|7\n|inactive|Time left: 300 sec this turn | 300 sec total\n|\n|t:|1783546014\n|move|p1a: Staraptor|Brave Bird|p2a: Iron Crown\n|-resisted|p2a: Iron Crown\n|-crit|p2a: Iron Crown\n|-damage|p2a: Iron Crown|0 fnt\n|faint|p2a: Iron Crown\n|-end|p2a: Iron Crown|Quark Drive|[silent]\n|-damage|p1a: Staraptor|67/100|[from] Recoil\n|\n|upkeep\n|inactive|Time left: 300 sec this turn | 300 sec total | 5 sec grace\n|\n|t:|1783546016\n|switch|p2a: Minun|Minun, L95, M|268/268\n|turn|8\n|inactive|Time left: 300 sec this turn | 300 sec total\n|\n|t:|1783546017\n|switch|p1a: Granbull|Granbull, L88, M|100/100\n|-ability|p1a: Granbull|Intimidate|boost\n|-unboost|p2a: Minun|atk|1\n|move|p2a: Minun|Thunderbolt|p1a: Granbull\n|-damage|p1a: Granbull|49/100\n|-damage|p2a: Minun|242/268|[from] item: Life Orb\n|\n|-heal|p1a: Granbull|55/100|[from] item: Leftovers\n|upkeep\n|turn|9\n|inactive|Time left: 300 sec this turn | 300 sec total\n|\n|t:|1783546018\n|-terastallize|p1a: Granbull|Ground\n|move|p2a: Minun|Thunderbolt|p1a: Granbull\n|-immune|p1a: Granbull\n|move|p1a: Granbull|Earthquake|p2a: Minun\n|-supereffective|p2a: Minun\n|-damage|p2a: Minun|0 fnt\n|faint|p2a: Minun\n|\n|-heal|p1a: Granbull|61/100|[from] item: Leftovers\n|upkeep\n|inactive|Time left: 300 sec this turn | 300 sec total | 5 sec grace\n|\n|t:|1783546019\n|switch|p2a: Medicham|Medicham, L86, M|243/243\n|turn|10\n|inactive|Time left: 300 sec this turn | 300 sec total\n|\n|t:|1783546020\n|switch|p1a: Spiritomb|Spiritomb, L89, M|100/100\n|move|p2a: Medicham|Close Combat|p1a: Spiritomb\n|-immune|p1a: Spiritomb\n|\n|upkeep\n|turn|11\n|inactive|Time left: 300 sec this turn | 300 sec total\n|\n|t:|1783546021\n|switch|p2a: Incineroar|Incineroar, L82, M|290/290\n|-ability|p2a: Incineroar|Intimidate|boost\n|-unboost|p1a: Spiritomb|atk|1\n|move|p1a: Spiritomb|Poltergeist|p2a: Incineroar\n|-activate|p2a: Incineroar|move: Poltergeist|Choice Scarf\n|-resisted|p2a: Incineroar\n|-crit|p2a: Incineroar\n|-damage|p2a: Incineroar|199/290\n|\n|upkeep\n|turn|12\n|inactive|Time left: 300 sec this turn | 300 sec total\n|\n|t:|1783546022\n|switch|p1a: Granbull|Granbull, L88, M, tera:Ground|61/100\n|-ability|p1a: Granbull|Intimidate|boost\n|-unboost|p2a: Incineroar|atk|1\n|move|p2a: Incineroar|Knock Off|p1a: Granbull\n|-damage|p1a: Granbull|35/100\n|-enditem|p1a: Granbull|Leftovers|[from] move: Knock Off|[of] p2a: Incineroar\n|\n|upkeep\n|turn|13\n|inactive|Time left: 300 sec this turn | 300 sec total\n|\n|t:|1783546023\n|switch|p2a: Whimsicott|Whimsicott, L84, F|238/238\n|move|p1a: Granbull|Play Rough|p2a: Whimsicott\n|-damage|p2a: Whimsicott|102/238\n|\n|upkeep\n|turn|14\n|inactive|Time left: 300 sec this turn | 300 sec total\n|\n|t:|1783546025\n|move|p2a: Whimsicott|Moonblast|p1a: Granbull\n|-damage|p1a: Granbull|0 fnt\n|faint|p1a: Granbull\n|\n|upkeep\n|\n|t:|1783546026\n|switch|p1a: Staraptor|Staraptor, L79, M|67/100\n|turn|15\n|inactive|Time left: 300 sec this turn | 300 sec total\n|\n|t:|1783546027\n|move|p2a: Whimsicott|Moonblast|p1a: Staraptor\n|-damage|p1a: Staraptor|21/100\n|move|p1a: Staraptor|Double-Edge|p2a: Whimsicott\n|-damage|p2a: Whimsicott|0 fnt\n|faint|p2a: Whimsicott\n|-damage|p1a: Staraptor|8/100|[from] Recoil\n|\n|upkeep\n|inactive|Time left: 300 sec this turn | 300 sec total | 5 sec grace\n|\n|t:|1783546028\n|switch|p2a: Medicham|Medicham, L86, M|243/243\n|turn|16\n|inactive|Time left: 300 sec this turn | 300 sec total\n|\n|t:|1783546029\n|move|p2a: Medicham|Poison Jab|p1a: Staraptor\n|-damage|p1a: Staraptor|0 fnt\n|faint|p1a: Staraptor\n|\n|upkeep\n|\n|t:|1783546030\n|switch|p1a: Spiritomb|Spiritomb, L89, M|100/100\n|turn|17\n|inactive|Time left: 300 sec this turn | 300 sec total\n|\n|t:|1783546031\n|switch|p2a: Incineroar|Incineroar, L82, M|199/290\n|-ability|p2a: Incineroar|Intimidate|boost\n|-unboost|p1a: Spiritomb|atk|1\n|move|p1a: Spiritomb|Poltergeist|p2a: Incineroar\n|-activate|p2a: Incineroar|move: Poltergeist|Choice Scarf\n|-resisted|p2a: Incineroar\n|-damage|p2a: Incineroar|160/290\n|\n|upkeep\n|turn|18\n|inactive|Time left: 300 sec this turn | 300 sec total\n|\n|t:|1783546032\n|move|p2a: Incineroar|Flare Blitz|p1a: Spiritomb\n|-damage|p1a: Spiritomb|52/100\n|-damage|p2a: Incineroar|122/290|[from] Recoil\n|move|p1a: Spiritomb|Toxic|p2a: Incineroar\n|-status|p2a: Incineroar|tox\n|\n|-heal|p1a: Spiritomb|58/100|[from] item: Leftovers\n|-damage|p2a: Incineroar|104/290 tox|[from] psn\n|upkeep\n|turn|19\n|inactive|Time left: 300 sec this turn | 300 sec total\n|\n|t:|1783546033\n|move|p2a: Incineroar|Flare Blitz|p1a: Spiritomb\n|-damage|p1a: Spiritomb|9/100\n|-damage|p2a: Incineroar|66/290 tox|[from] Recoil\n|move|p1a: Spiritomb|Foul Play|p2a: Incineroar\n|-resisted|p2a: Incineroar\n|-damage|p2a: Incineroar|5/290 tox\n|\n|-heal|p1a: Spiritomb|15/100|[from] item: Leftovers\n|-damage|p2a: Incineroar|0 fnt|[from] psn\n|faint|p2a: Incineroar\n|upkeep\n|inactive|Time left: 300 sec this turn | 300 sec total | 5 sec grace\n|\n|t:|1783546034\n|switch|p2a: Appletun|Appletun, L92, F|140/352\n|turn|20\n|inactive|Time left: 300 sec this turn | 300 sec total\n|\n|t:|1783546035\n|move|p1a: Spiritomb|Foul Play|p2a: Appletun\n|-damage|p2a: Appletun|46/352\n|move|p2a: Appletun|Apple Acid|p1a: Spiritomb\n|-damage|p1a: Spiritomb|0 fnt\n|faint|p1a: Spiritomb\n|\n|-heal|p2a: Appletun|68/352|[from] item: Leftovers\n|upkeep\n|\n|t:|1783546036\n|switch|p1a: Tauros|Tauros-Paldea-Combat, L82, M|88/100\n|-ability|p1a: Tauros|Intimidate|boost\n|-unboost|p2a: Appletun|atk|1\n|turn|21\n|inactive|Time left: 300 sec this turn | 300 sec total\n|\n|t:|1783546037\n|move|p1a: Tauros|Iron Head|p2a: Appletun\n|-damage|p2a: Appletun|5/352\n|cant|p2a: Appletun|flinch\n|\n|-heal|p2a: Appletun|27/352|[from] item: Leftovers\n|upkeep\n|turn|22\n|inactive|Time left: 300 sec this turn | 300 sec total\n|\n|t:|1783546038\n|switch|p1a: Quaquaval|Quaquaval, L79, M|100/100\n|switch|p2a: Medicham|Medicham, L86, M|243/243\n|\n|upkeep\n|turn|23\n|inactive|Time left: 300 sec this turn | 300 sec total\n|\n|t:|1783546039\n|switch|p1a: Tauros|Tauros-Paldea-Combat, L82, M|88/100\n|-ability|p1a: Tauros|Intimidate|boost\n|-unboost|p2a: Medicham|atk|1\n|move|p2a: Medicham|Zen Headbutt|p1a: Tauros\n|-supereffective|p1a: Tauros\n|-damage|p1a: Tauros|27/100\n|\n|upkeep\n|turn|24\n|inactive|Time left: 300 sec this turn | 300 sec total\n|\n|t:|1783546040\n|move|p2a: Medicham|Zen Headbutt|p1a: Tauros\n|-supereffective|p1a: Tauros\n|-damage|p1a: Tauros|0 fnt\n|faint|p1a: Tauros\n|\n|upkeep\n|\n|t:|1783546041\n|switch|p1a: Quaquaval|Quaquaval, L79, M|100/100\n|turn|25\n|inactive|Time left: 300 sec this turn | 300 sec total\n|\n|t:|1783546042\n|switch|p2a: Appletun|Appletun, L92, F|27/352\n|move|p1a: Quaquaval|Roost||[still]\n|-fail|p1a: Quaquaval|heal\n|\n|-heal|p2a: Appletun|49/352|[from] item: Leftovers\n|upkeep\n|turn|26\n|inactive|Time left: 300 sec this turn | 300 sec total\n|\n|t:|1783546043\n|-terastallize|p2a: Appletun|Steel\n|move|p1a: Quaquaval|Aqua Step|p2a: Appletun\n|-damage|p2a: Appletun|0 fnt\n|-boost|p1a: Quaquaval|spe|1\n|faint|p2a: Appletun\n|-ability|p1a: Quaquaval|Moxie|boost\n|-boost|p1a: Quaquaval|atk|1\n|\n|upkeep\n|inactive|Time left: 300 sec this turn | 300 sec total | 5 sec grace\n|\n|t:|1783546044\n|switch|p2a: Medicham|Medicham, L86, M|243/243\n|turn|27\n|inactive|Time left: 300 sec this turn | 300 sec total\n|\n|t:|1783546044\n|move|p2a: Medicham|Zen Headbutt|p1a: Quaquaval\n|-supereffective|p1a: Quaquaval\n|-damage|p1a: Quaquaval|0 fnt\n|faint|p1a: Quaquaval\n|\n|win|p0y596d78a", "uploadtime": 1783546044, "views": 0, "rating": 0, "private": 0, "password": null, "_winner": "p0y596d78a", "_our_name": "p0y596d78a"}