{"id": "battle-gen9randombattle-945", "formatid": "gen9randombattle", "format": "[Gen 9] Random Battle", "players": ["p0x94525a0", "p0y94566ad"], "log": "|init|battle\n|title|p0x94525a0 vs. p0y94566ad\n|j|\u2606p0x94525a0\n|j|\u2606p0y94566ad\n|t:|1783550827\n|gametype|singles\n|player|p1|p0x94525a0|1|\n|player|p2|p0y94566ad|265|\n|gen|9\n|tier|[Gen 9] Random Battle\n|rule|Species Clause: Limit one of each Pok\u00e9mon\n|rule|HP Percentage Mod: HP is shown in percentages\n|rule|Sleep Clause Mod: Limit one foe put to sleep\n|rule|Illusion Level Mod: Illusion disguises the Pok\u00e9mon's true level\n|\n|t:|1783550827\n|teamsize|p1|6\n|teamsize|p2|6\n|start\n|switch|p1a: Hitmontop|Hitmontop, L88, M|231/231\n|switch|p2a: Perrserker|Perrserker, L89, M|100/100\n|-ability|p1a: Hitmontop|Intimidate|boost\n|-unboost|p2a: Perrserker|atk|1\n|turn|1\n|inactive|Battle timer is ON: inactive players will automatically lose when time's up. (requested by p0y94566ad)\n|inactive|Time left: 300 sec this turn | 300 sec total | 60 sec grace\n|inactive|p0x94525a0 also wants the timer to be on.\n|\n|t:|1783550829\n|switch|p2a: Slither Wing|Slither Wing, L81|100/100\n|-enditem|p2a: Slither Wing|Booster Energy\n|-activate|p2a: Slither Wing|ability: Protosynthesis|[fromitem]\n|-start|p2a: Slither Wing|protosynthesisatk\n|move|p1a: Hitmontop|Earthquake|p2a: Slither Wing\n|-resisted|p2a: Slither Wing\n|-damage|p2a: Slither Wing|85/100\n|\n|upkeep\n|turn|2\n|inactive|Time left: 300 sec this turn | 300 sec total\n|\n|t:|1783550830\n|switch|p1a: Fezandipiti|Fezandipiti, L82, M|278/278\n|move|p2a: Slither Wing|Acrobatics|p1a: Fezandipiti\n|-damage|p1a: Fezandipiti|147/278\n|\n|-heal|p1a: Fezandipiti|164/278|[from] item: Leftovers\n|upkeep\n|turn|3\n|inactive|Time left: 300 sec this turn | 300 sec total\n|\n|t:|1783550831\n|move|p1a: Fezandipiti|Play Rough|p2a: Slither Wing\n|-supereffective|p2a: Slither Wing\n|-damage|p2a: Slither Wing|14/100\n|-status|p2a: Slither Wing|tox|[from] ability: Toxic Chain|[of] p1a: Fezandipiti\n|move|p2a: Slither Wing|Acrobatics|p1a: Fezandipiti\n|-damage|p1a: Fezandipiti|42/278\n|\n|-heal|p1a: Fezandipiti|59/278|[from] item: Leftovers\n|-damage|p2a: Slither Wing|8/100 tox|[from] psn\n|upkeep\n|turn|4\n|inactive|Time left: 300 sec this turn | 300 sec total\n|\n|t:|1783550832\n|move|p1a: Fezandipiti|Play Rough|p2a: Slither Wing\n|-supereffective|p2a: Slither Wing\n|-damage|p2a: Slither Wing|0 fnt\n|faint|p2a: Slither Wing\n|-end|p2a: Slither Wing|Protosynthesis|[silent]\n|\n|-heal|p1a: Fezandipiti|76/278|[from] item: Leftovers\n|upkeep\n|\n|t:|1783550833\n|switch|p2a: Zamazenta|Zamazenta-Crowned, L68|100/100\n|-ability|p2a: Zamazenta|Dauntless Shield|boost\n|-boost|p2a: Zamazenta|def|1\n|turn|5\n|inactive|Time left: 300 sec this turn | 300 sec total\n|\n|t:|1783550834\n|move|p2a: Zamazenta|Heavy Slam|p1a: Fezandipiti\n|-supereffective|p1a: Fezandipiti\n|-damage|p1a: Fezandipiti|0 fnt\n|faint|p1a: Fezandipiti\n|\n|upkeep\n|inactive|Time left: 300 sec this turn | 300 sec total | 5 sec grace\n|\n|t:|1783550835\n|switch|p1a: Hitmontop|Hitmontop, L88, M|231/231\n|-ability|p1a: Hitmontop|Intimidate|boost\n|-unboost|p2a: Zamazenta|atk|1\n|turn|6\n|inactive|Time left: 300 sec this turn | 300 sec total\n|\n|t:|1783550836\n|move|p2a: Zamazenta|Body Press|p1a: Hitmontop\n|-damage|p1a: Hitmontop|123/231\n|move|p1a: Hitmontop|Close Combat|p2a: Zamazenta\n|-supereffective|p2a: Zamazenta\n|-damage|p2a: Zamazenta|32/100\n|-unboost|p1a: Hitmontop|def|1\n|-unboost|p1a: Hitmontop|spd|1\n|\n|upkeep\n|turn|7\n|inactive|Time left: 300 sec this turn | 300 sec total\n|\n|t:|1783550837\n|switch|p1a: Jolteon|Jolteon, L84, F|246/246\n|move|p2a: Zamazenta|Body Press|p1a: Jolteon\n|-damage|p1a: Jolteon|98/246\n|\n|upkeep\n|turn|8\n|inactive|Time left: 300 sec this turn | 300 sec total\n|\n|t:|1783550838\n|move|p1a: Jolteon|Thunderbolt|p2a: Zamazenta\n|-damage|p2a: Zamazenta|0 fnt\n|faint|p2a: Zamazenta\n|\n|upkeep\n|\n|t:|1783550839\n|switch|p2a: Clawitzer|Clawitzer, L87, F|100/100\n|turn|9\n|inactive|Time left: 300 sec this turn | 300 sec total\n|\n|t:|1783550840\n|-terastallize|p2a: Clawitzer|Dragon\n|move|p1a: Jolteon|Thunderbolt|p2a: Clawitzer\n|-resisted|p2a: Clawitzer\n|-damage|p2a: Clawitzer|80/100\n|move|p2a: Clawitzer|Water Pulse|p1a: Jolteon\n|-damage|p1a: Jolteon|0 fnt\n|faint|p1a: Jolteon\n|\n|upkeep\n|inactive|Time left: 300 sec this turn | 300 sec total | 5 sec grace\n|\n|t:|1783550841\n|switch|p1a: Cinccino|Cinccino, L83, F|260/260\n|turn|10\n|inactive|Time left: 300 sec this turn | 300 sec total\n|\n|t:|1783550842\n|switch|p2a: Perrserker|Perrserker, L89, M|100/100\n|move|p1a: Cinccino|Triple Axel|p2a: Perrserker\n|-resisted|p2a: Perrserker\n|-crit|p2a: Perrserker\n|-damage|p2a: Perrserker|96/100\n|-resisted|p2a: Perrserker\n|-damage|p2a: Perrserker|90/100\n|-resisted|p2a: Perrserker\n|-damage|p2a: Perrserker|81/100\n|-hitcount|p2a: Perrserker|3\n|\n|upkeep\n|turn|11\n|inactive|Time left: 300 sec this turn | 300 sec total\n|\n|t:|1783550843\n|switch|p1a: Hitmontop|Hitmontop, L88, M|123/231\n|-ability|p1a: Hitmontop|Intimidate|boost\n|-unboost|p2a: Perrserker|atk|1\n|move|p2a: Perrserker|Close Combat|p1a: Hitmontop\n|-damage|p1a: Hitmontop|22/231\n|-unboost|p2a: Perrserker|def|1\n|-unboost|p2a: Perrserker|spd|1\n|-damage|p2a: Perrserker|71/100|[from] item: Life Orb\n|\n|upkeep\n|turn|12\n|inactive|Time left: 300 sec this turn | 300 sec total\n|\n|t:|1783550844\n|switch|p2a: Phione|Phione, L91|100/100\n|move|p1a: Hitmontop|Earthquake|p2a: Phione\n|-damage|p2a: Phione|73/100\n|\n|-heal|p2a: Phione|79/100|[from] item: Leftovers\n|upkeep\n|turn|13\n|inactive|Time left: 300 sec this turn | 300 sec total\n|\n|t:|1783550845\n|switch|p1a: Latias|Latias, L79, F|256/256\n|move|p2a: Phione|Scald|p1a: Latias\n|-resisted|p1a: Latias\n|-damage|p1a: Latias|223/256\n|\n|-heal|p2a: Phione|85/100|[from] item: Leftovers\n|upkeep\n|turn|14\n|inactive|Time left: 300 sec this turn | 300 sec total\n|\n|t:|1783550846\n|switch|p2a: Perrserker|Perrserker, L89, M|71/100\n|move|p1a: Latias|Calm Mind|p1a: Latias\n|-boost|p1a: Latias|spa|1\n|-boost|p1a: Latias|spd|1\n|\n|upkeep\n|turn|15\n|inactive|Time left: 300 sec this turn | 300 sec total\n|\n|t:|1783550847\n|move|p1a: Latias|Calm Mind|p1a: Latias\n|-boost|p1a: Latias|spa|1\n|-boost|p1a: Latias|spd|1\n|move|p2a: Perrserker|Knock Off|p1a: Latias\n|-supereffective|p1a: Latias\n|-damage|p1a: Latias|0 fnt\n|-enditem|p1a: Latias|Soul Dew|[from] move: Knock Off|[of] p2a: Perrserker\n|faint|p1a: Latias\n|-damage|p2a: Perrserker|61/100|[from] item: Life Orb\n|\n|upkeep\n|inactive|Time left: 300 sec this turn | 300 sec total | 5 sec grace\n|\n|t:|1783550848\n|switch|p1a: Hitmontop|Hitmontop, L88, M|22/231\n|-ability|p1a: Hitmontop|Intimidate|boost\n|-unboost|p2a: Perrserker|atk|1\n|turn|16\n|inactive|Time left: 300 sec this turn | 300 sec total\n|\n|t:|1783550849\n|switch|p2a: Phione|Phione, L91|85/100\n|move|p1a: Hitmontop|Close Combat|p2a: Phione\n|-damage|p2a: Phione|39/100\n|-unboost|p1a: Hitmontop|def|1\n|-unboost|p1a: Hitmontop|spd|1\n|\n|-heal|p2a: Phione|45/100|[from] item: Leftovers\n|upkeep\n|turn|17\n|inactive|Time left: 300 sec this turn | 300 sec total\n|\n|t:|1783550850\n|move|p2a: Phione|Scald|p1a: Hitmontop\n|-damage|p1a: Hitmontop|0 fnt\n|faint|p1a: Hitmontop\n|\n|-heal|p2a: Phione|51/100|[from] item: Leftovers\n|upkeep\n|inactive|Time left: 300 sec this turn | 300 sec total | 5 sec grace\n|\n|t:|1783550851\n|switch|p1a: Smeargle|Smeargle, L95, M|258/258\n|turn|18\n|inactive|Time left: 300 sec this turn | 300 sec total\n|\n|t:|1783550852\n|move|p2a: Phione|Scald|p1a: Smeargle\n|-damage|p1a: Smeargle|141/258\n|-status|p1a: Smeargle|brn\n|move|p1a: Smeargle|Shell Smash|p1a: Smeargle\n|-unboost|p1a: Smeargle|def|1\n|-unboost|p1a: Smeargle|spd|1\n|-boost|p1a: Smeargle|atk|2\n|-boost|p1a: Smeargle|spa|2\n|-boost|p1a: Smeargle|spe|2\n|\n|-heal|p2a: Phione|57/100|[from] item: Leftovers\n|-damage|p1a: Smeargle|125/258 brn|[from] brn\n|upkeep\n|turn|19\n|inactive|Time left: 300 sec this turn | 300 sec total\n|\n|t:|1783550853\n|move|p1a: Smeargle|Spore|p2a: Phione\n|-status|p2a: Phione|slp|[from] move: Spore\n|cant|p2a: Phione|slp\n|\n|-heal|p2a: Phione|63/100 slp|[from] item: Leftovers\n|-damage|p1a: Smeargle|109/258 brn|[from] brn\n|upkeep\n|turn|20\n|inactive|Time left: 300 sec this turn | 300 sec total\n|\n|t:|1783550854\n|switch|p2a: Perrserker|Perrserker, L89, M|61/100\n|move|p1a: Smeargle|Shell Smash|p1a: Smeargle\n|-unboost|p1a: Smeargle|def|1\n|-unboost|p1a: Smeargle|spd|1\n|-boost|p1a: Smeargle|atk|2\n|-boost|p1a: Smeargle|spa|2\n|-boost|p1a: Smeargle|spe|2\n|\n|-damage|p1a: Smeargle|93/258 brn|[from] brn\n|upkeep\n|turn|21\n|inactive|Time left: 300 sec this turn | 300 sec total\n|\n|t:|1783550855\n|move|p1a: Smeargle|Power Trip|p2a: Perrserker\n|-damage|p2a: Perrserker|19/100\n|move|p2a: Perrserker|Knock Off|p1a: Smeargle\n|-damage|p1a: Smeargle|0 fnt\n|-enditem|p1a: Smeargle|Wide Lens|[from] move: Knock Off|[of] p2a: Perrserker\n|faint|p1a: Smeargle\n|-damage|p2a: Perrserker|9/100|[from] item: Life Orb\n|\n|upkeep\n|inactive|Time left: 300 sec this turn | 300 sec total | 5 sec grace\n|\n|t:|1783550856\n|switch|p1a: Cinccino|Cinccino, L83, F|260/260\n|turn|22\n|inactive|Time left: 300 sec this turn | 300 sec total\n|\n|t:|1783550857\n|move|p1a: Cinccino|Bullet Seed|p2a: Perrserker\n|-resisted|p2a: Perrserker\n|-damage|p2a: Perrserker|5/100\n|-resisted|p2a: Perrserker\n|-damage|p2a: Perrserker|1/100\n|-resisted|p2a: Perrserker\n|-damage|p2a: Perrserker|0 fnt\n|faint|p2a: Perrserker\n|-hitcount|p2: Perrserker|3\n|\n|upkeep\n|\n|t:|1783550858\n|switch|p2a: Darkrai|Darkrai, L77|100/100\n|turn|23\n|inactive|Time left: 300 sec this turn | 300 sec total\n|\n|t:|1783550859\n|move|p1a: Cinccino|Tail Slap|p2a: Darkrai\n|-damage|p2a: Darkrai|81/100\n|-damage|p2a: Darkrai|65/100\n|-damage|p2a: Darkrai|45/100\n|-damage|p2a: Darkrai|27/100\n|-damage|p2a: Darkrai|10/100\n|-hitcount|p2a: Darkrai|5\n|move|p2a: Darkrai|Hypnosis|p1a: Cinccino|[miss]\n|-miss|p2a: Darkrai|p1a: Cinccino\n|\n|upkeep\n|turn|24\n|inactive|Time left: 300 sec this turn | 300 sec total\n|\n|t:|1783550861\n|move|p1a: Cinccino|Triple Axel|p2a: Darkrai\n|-damage|p2a: Darkrai|1/100\n|-damage|p2a: Darkrai|0 fnt\n|faint|p2a: Darkrai\n|-hitcount|p2: Darkrai|2\n|\n|upkeep\n|\n|t:|1783550861\n|switch|p2a: Clawitzer|Clawitzer, L87, F, tera:Dragon|80/100\n|turn|25\n|inactive|Time left: 300 sec this turn | 300 sec total\n|\n|t:|1783550862\n|switch|p2a: Phione|Phione, L91|63/100 slp\n|-terastallize|p1a: Cinccino|Normal\n|move|p1a: Cinccino|Triple Axel|p2a: Phione\n|-resisted|p2a: Phione\n|-damage|p2a: Phione|60/100 slp\n|-resisted|p2a: Phione\n|-damage|p2a: Phione|53/100 slp\n|-resisted|p2a: Phione\n|-damage|p2a: Phione|43/100 slp\n|-hitcount|p2a: Phione|3\n|\n|-heal|p2a: Phione|49/100 slp|[from] item: Leftovers\n|upkeep\n|turn|26\n|inactive|Time left: 300 sec this turn | 300 sec total\n|\n|t:|1783550863\n|switch|p2a: Clawitzer|Clawitzer, L87, F, tera:Dragon|80/100\n|move|p1a: Cinccino|Bullet Seed|p2a: Clawitzer\n|-resisted|p2a: Clawitzer\n|-damage|p2a: Clawitzer|76/100\n|-resisted|p2a: Clawitzer\n|-damage|p2a: Clawitzer|72/100\n|-resisted|p2a: Clawitzer\n|-damage|p2a: Clawitzer|67/100\n|-resisted|p2a: Clawitzer\n|-damage|p2a: Clawitzer|62/100\n|-hitcount|p2a: Clawitzer|4\n|\n|upkeep\n|turn|27\n|inactive|Time left: 300 sec this turn | 300 sec total\n|\n|t:|1783550864\n|move|p1a: Cinccino|Tail Slap|p2a: Clawitzer\n|-damage|p2a: Clawitzer|42/100\n|-damage|p2a: Clawitzer|22/100\n|-damage|p2a: Clawitzer|2/100\n|-damage|p2a: Clawitzer|0 fnt\n|faint|p2a: Clawitzer\n|-hitcount|p2: Clawitzer|4\n|\n|upkeep\n|\n|t:|1783550865\n|switch|p2a: Phione|Phione, L91|49/100 slp\n|turn|28\n|inactive|Time left: 300 sec this turn | 300 sec total\n|\n|t:|1783550865\n|move|p1a: Cinccino|Bullet Seed|p2a: Phione\n|-supereffective|p2a: Phione\n|-damage|p2a: Phione|34/100 slp\n|-supereffective|p2a: Phione\n|-damage|p2a: Phione|17/100 slp\n|-supereffective|p2a: Phione\n|-damage|p2a: Phione|0 fnt\n|faint|p2a: Phione\n|-hitcount|p2: Phione|3\n|\n|win|p0x94525a0", "uploadtime": 1783550865, "views": 0, "rating": 0, "private": 0, "password": null, "_winner": "p0x94525a0", "_our_name": "p0x94525a0"}