{"id": "battle-gen9randombattle-851", "formatid": "gen9randombattle", "format": "[Gen 9] Random Battle", "players": ["p0x8519a28", "p0y8516c53"], "log": "|init|battle\n|title|p0x8519a28 vs. p0y8516c53\n|j|\u2606p0x8519a28\n|j|\u2606p0y8516c53\n|t:|1783549763\n|gametype|singles\n|player|p1|p0x8519a28|101|\n|player|p2|p0y8516c53|265|\n|gen|9\n|tier|[Gen 9] Random Battle\n|rule|Species Clause: Limit one of each Pok\u00e9mon\n|rule|HP Percentage Mod: HP is shown in percentages\n|rule|Sleep Clause Mod: Limit one foe put to sleep\n|rule|Illusion Level Mod: Illusion disguises the Pok\u00e9mon's true level\n|\n|t:|1783549763\n|teamsize|p1|6\n|teamsize|p2|6\n|start\n|switch|p1a: Toxapex|Toxapex, L82, F|216/216\n|switch|p2a: Zebstrika|Zebstrika, L87, F|100/100\n|turn|1\n|inactive|Battle timer is ON: inactive players will automatically lose when time's up. (requested by p0x8519a28)\n|inactive|p0y8516c53 also wants the timer to be on.\n|\n|t:|1783549764\n|switch|p1a: Gliscor|Gliscor, L76, M|239/239\n|move|p2a: Zebstrika|Supercell Slam|p1a: Gliscor\n|-immune|p1a: Gliscor\n|-damage|p2a: Zebstrika|50/100|[from] supercellslam\n|\n|-status|p1a: Gliscor|tox|[from] item: Toxic Orb\n|upkeep\n|turn|2\n|inactive|Time left: 300 sec this turn | 300 sec total\n|\n|t:|1783549765\n|switch|p2a: Tropius|Tropius, L91, M|100/100\n|move|p1a: Gliscor|Earthquake|p2a: Tropius\n|-immune|p2a: Tropius\n|\n|upkeep\n|turn|3\n|inactive|Time left: 300 sec this turn | 300 sec total\n|\n|t:|1783549766\n|move|p1a: Gliscor|Toxic|p2a: Tropius|[miss]\n|-miss|p1a: Gliscor|p2a: Tropius\n|move|p2a: Tropius|Air Slash|p1a: Gliscor\n|-damage|p1a: Gliscor|139/239 tox\n|\n|-heal|p1a: Gliscor|168/239 tox|[from] ability: Poison Heal\n|upkeep\n|turn|4\n|inactive|Time left: 300 sec this turn | 300 sec total\n|\n|t:|1783549767\n|move|p1a: Gliscor|Toxic|p2a: Tropius\n|-status|p2a: Tropius|tox\n|move|p2a: Tropius|Air Slash|p1a: Gliscor\n|-damage|p1a: Gliscor|80/239 tox\n|\n|-heal|p1a: Gliscor|109/239 tox|[from] ability: Poison Heal\n|-damage|p2a: Tropius|94/100 tox|[from] psn\n|upkeep\n|turn|5\n|inactive|Time left: 300 sec this turn | 300 sec total\n|\n|t:|1783549768\n|move|p1a: Gliscor|Toxic|p2a: Tropius\n|-fail|p2a: Tropius|tox\n|move|p2a: Tropius|Air Slash|p1a: Gliscor\n|-damage|p1a: Gliscor|13/239 tox\n|\n|-heal|p1a: Gliscor|42/239 tox|[from] ability: Poison Heal\n|-damage|p2a: Tropius|82/100 tox|[from] psn\n|upkeep\n|turn|6\n|inactive|Time left: 300 sec this turn | 300 sec total\n|\n|t:|1783549769\n|move|p1a: Gliscor|Protect|p1a: Gliscor\n|-singleturn|p1a: Gliscor|Protect\n|move|p2a: Tropius|Air Slash|p1a: Gliscor\n|-activate|p1a: Gliscor|move: Protect\n|\n|-heal|p1a: Gliscor|71/239 tox|[from] ability: Poison Heal\n|-damage|p2a: Tropius|64/100 tox|[from] psn\n|upkeep\n|turn|7\n|inactive|Time left: 300 sec this turn | 300 sec total\n|\n|t:|1783549770\n|move|p1a: Gliscor|Substitute|p1a: Gliscor\n|-start|p1a: Gliscor|Substitute\n|-damage|p1a: Gliscor|12/239 tox\n|move|p2a: Tropius|Air Slash|p1a: Gliscor\n|-end|p1a: Gliscor|Substitute\n|\n|-heal|p1a: Gliscor|41/239 tox|[from] ability: Poison Heal\n|-damage|p2a: Tropius|40/100 tox|[from] psn\n|upkeep\n|-enditem|p2a: Tropius|Sitrus Berry|[eat]\n|-heal|p2a: Tropius|65/100 tox|[from] item: Sitrus Berry\n|turn|8\n|inactive|Time left: 300 sec this turn | 300 sec total\n|\n|t:|1783549771\n|move|p1a: Gliscor|Protect|p1a: Gliscor\n|-singleturn|p1a: Gliscor|Protect\n|move|p2a: Tropius|Air Slash|p1a: Gliscor\n|-activate|p1a: Gliscor|move: Protect\n|\n|-heal|p1a: Gliscor|70/239 tox|[from] ability: Poison Heal\n|-damage|p2a: Tropius|34/100 tox|[from] psn\n|-item|p2a: Tropius|Sitrus Berry|[from] ability: Harvest\n|upkeep\n|-enditem|p2a: Tropius|Sitrus Berry|[eat]\n|-heal|p2a: Tropius|59/100 tox|[from] item: Sitrus Berry\n|turn|9\n|inactive|Time left: 300 sec this turn | 300 sec total\n|\n|t:|1783549772\n|move|p1a: Gliscor|Earthquake|p2a: Tropius\n|-immune|p2a: Tropius\n|move|p2a: Tropius|Air Slash|p1a: Gliscor\n|-damage|p1a: Gliscor|0 fnt\n|faint|p1a: Gliscor\n|\n|-damage|p2a: Tropius|22/100 tox|[from] psn\n|upkeep\n|inactive|Time left: 300 sec this turn | 300 sec total | 5 sec grace\n|\n|t:|1783549773\n|switch|p1a: Orthworm|Orthworm, L88, F|266/266\n|turn|10\n|inactive|Time left: 300 sec this turn | 300 sec total\n|\n|t:|1783549774\n|switch|p2a: Walking Wake|Walking Wake, L79|100/100\n|move|p1a: Orthworm|Spikes|p2a: Walking Wake\n|-sidestart|p2: p0y8516c53|Spikes\n|\n|upkeep\n|turn|11\n|inactive|Time left: 300 sec this turn | 300 sec total\n|\n|t:|1783549775\n|switch|p1a: Toxapex|Toxapex, L82, F|216/216\n|move|p2a: Walking Wake|Flamethrower|p1a: Toxapex\n|-resisted|p1a: Toxapex\n|-damage|p1a: Toxapex|186/216\n|-damage|p2a: Walking Wake|91/100|[from] item: Life Orb\n|\n|-heal|p1a: Toxapex|199/216|[from] item: Leftovers\n|upkeep\n|turn|12\n|inactive|Time left: 300 sec this turn | 300 sec total\n|\n|t:|1783549776\n|move|p2a: Walking Wake|Flamethrower|p1a: Toxapex\n|-resisted|p1a: Toxapex\n|-damage|p1a: Toxapex|169/216\n|-damage|p2a: Walking Wake|81/100|[from] item: Life Orb\n|move|p1a: Toxapex|Toxic|p2a: Walking Wake\n|-status|p2a: Walking Wake|tox\n|\n|-heal|p1a: Toxapex|182/216|[from] item: Leftovers\n|-damage|p2a: Walking Wake|75/100 tox|[from] psn\n|upkeep\n|turn|13\n|inactive|Time left: 300 sec this turn | 300 sec total\n|\n|t:|1783549777\n|-end|p2a: Walking Wake|Protosynthesis|[silent]\n|switch|p2a: Magnezone|Magnezone, L85|100/100\n|-damage|p2a: Magnezone|88/100|[from] Spikes\n|switch|p1a: Blissey|Blissey, L85, F|572/572\n|\n|-heal|p2a: Magnezone|94/100|[from] item: Leftovers\n|upkeep\n|turn|14\n|inactive|Time left: 300 sec this turn | 300 sec total\n|\n|t:|1783549778\n|switch|p1a: Bellibolt|Bellibolt, L84, M|320/320\n|move|p2a: Magnezone|Body Press|p1a: Bellibolt\n|-damage|p1a: Bellibolt|238/320\n|-start|p1a: Bellibolt|Charge|Body Press|[from] ability: Electromorphosis\n|\n|-heal|p2a: Magnezone|100/100|[from] item: Leftovers\n|-heal|p1a: Bellibolt|258/320|[from] item: Leftovers\n|upkeep\n|turn|15\n|inactive|Time left: 300 sec this turn | 300 sec total\n|\n|t:|1783549780\n|move|p2a: Magnezone|Iron Defense|p2a: Magnezone\n|-boost|p2a: Magnezone|def|2\n|move|p1a: Bellibolt|Thunderbolt|p2a: Magnezone\n|-resisted|p2a: Magnezone\n|-damage|p2a: Magnezone|65/100\n|-end|p1a: Bellibolt|Charge|[silent]\n|\n|-heal|p2a: Magnezone|71/100|[from] item: Leftovers\n|-heal|p1a: Bellibolt|278/320|[from] item: Leftovers\n|upkeep\n|turn|16\n|inactive|Time left: 300 sec this turn | 300 sec total\n|\n|t:|1783549781\n|move|p2a: Magnezone|Body Press|p1a: Bellibolt\n|-damage|p1a: Bellibolt|153/320\n|-start|p1a: Bellibolt|Charge|Body Press|[from] ability: Electromorphosis\n|move|p1a: Bellibolt|Muddy Water|p2a: Magnezone\n|-damage|p2a: Magnezone|46/100\n|\n|-heal|p2a: Magnezone|52/100|[from] item: Leftovers\n|-heal|p1a: Bellibolt|173/320|[from] item: Leftovers\n|upkeep\n|turn|17\n|inactive|Time left: 300 sec this turn | 300 sec total\n|\n|t:|1783549782\n|switch|p1a: Toxapex|Toxapex, L82, F|216/216\n|-terastallize|p2a: Magnezone|Fighting\n|move|p2a: Magnezone|Body Press|p1a: Toxapex\n|-resisted|p1a: Toxapex\n|-damage|p1a: Toxapex|136/216\n|\n|-heal|p2a: Magnezone|58/100|[from] item: Leftovers\n|-heal|p1a: Toxapex|149/216|[from] item: Leftovers\n|upkeep\n|turn|18\n|inactive|Time left: 300 sec this turn | 300 sec total\n|\n|t:|1783549783\n|switch|p1a: Bellibolt|Bellibolt, L84, M|173/320\n|move|p2a: Magnezone|Discharge|p1a: Bellibolt\n|-resisted|p1a: Bellibolt\n|-damage|p1a: Bellibolt|100/320\n|-start|p1a: Bellibolt|Charge|Discharge|[from] ability: Electromorphosis\n|\n|-heal|p2a: Magnezone|64/100|[from] item: Leftovers\n|-heal|p1a: Bellibolt|120/320|[from] item: Leftovers\n|upkeep\n|turn|19\n|inactive|Time left: 300 sec this turn | 300 sec total\n|\n|t:|1783549784\n|switch|p1a: Toxapex|Toxapex, L82, F|216/216\n|move|p2a: Magnezone|Body Press|p1a: Toxapex\n|-resisted|p1a: Toxapex\n|-damage|p1a: Toxapex|136/216\n|\n|-heal|p2a: Magnezone|71/100|[from] item: Leftovers\n|-heal|p1a: Toxapex|149/216|[from] item: Leftovers\n|upkeep\n|turn|20\n|inactive|Time left: 300 sec this turn | 300 sec total\n|\n|t:|1783549785\n|switch|p1a: Bellibolt|Bellibolt, L84, M|120/320\n|move|p2a: Magnezone|Discharge|p1a: Bellibolt\n|-resisted|p1a: Bellibolt\n|-damage|p1a: Bellibolt|50/320\n|-start|p1a: Bellibolt|Charge|Discharge|[from] ability: Electromorphosis\n|\n|-heal|p2a: Magnezone|77/100|[from] item: Leftovers\n|-heal|p1a: Bellibolt|70/320|[from] item: Leftovers\n|upkeep\n|turn|21\n|inactive|Time left: 300 sec this turn | 300 sec total\n|\n|t:|1783549786\n|switch|p1a: Toxapex|Toxapex, L82, F|216/216\n|move|p2a: Magnezone|Body Press|p1a: Toxapex\n|-resisted|p1a: Toxapex\n|-damage|p1a: Toxapex|133/216\n|\n|-heal|p2a: Magnezone|83/100|[from] item: Leftovers\n|-heal|p1a: Toxapex|146/216|[from] item: Leftovers\n|upkeep\n|turn|22\n|inactive|Time left: 300 sec this turn | 300 sec total\n|\n|t:|1783549787\n|switch|p1a: Blissey|Blissey, L85, F|572/572\n|move|p2a: Magnezone|Discharge|p1a: Blissey\n|-damage|p1a: Blissey|472/572\n|\n|-heal|p2a: Magnezone|89/100|[from] item: Leftovers\n|-heal|p1a: Blissey|507/572|[from] item: Leftovers\n|upkeep\n|turn|23\n|inactive|Time left: 300 sec this turn | 300 sec total\n|\n|t:|1783549788\n|switch|p1a: Toxapex|Toxapex, L82, F|216/216\n|move|p2a: Magnezone|Body Press|p1a: Toxapex\n|-resisted|p1a: Toxapex\n|-damage|p1a: Toxapex|132/216\n|\n|-heal|p2a: Magnezone|95/100|[from] item: Leftovers\n|-heal|p1a: Toxapex|145/216|[from] item: Leftovers\n|upkeep\n|turn|24\n|inactive|Time left: 300 sec this turn | 300 sec total\n|\n|t:|1783549789\n|switch|p1a: Bellibolt|Bellibolt, L84, M|70/320\n|move|p2a: Magnezone|Discharge|p1a: Bellibolt\n|-resisted|p1a: Bellibolt\n|-damage|p1a: Bellibolt|0 fnt\n|faint|p1a: Bellibolt\n|\n|-heal|p2a: Magnezone|100/100|[from] item: Leftovers\n|upkeep\n|inactive|Time left: 300 sec this turn | 300 sec total | 5 sec grace\n|\n|t:|1783549791\n|switch|p1a: Deoxys|Deoxys, L74|196/196\n|-ability|p1a: Deoxys|Pressure\n|turn|25\n|inactive|Time left: 300 sec this turn | 300 sec total\n|\n|t:|1783549792\n|switch|p2a: Tropius|Tropius, L91, M|22/100 tox\n|move|p1a: Deoxys|Psycho Boost|p2a: Tropius\n|-damage|p2a: Tropius|0 fnt\n|-unboost|p1a: Deoxys|spa|2\n|faint|p2a: Tropius\n|-damage|p1a: Deoxys|177/196|[from] item: Life Orb\n|\n|upkeep\n|\n|t:|1783549793\n|switch|p2a: Magnezone|Magnezone, L85, tera:Fighting|100/100\n|-damage|p2a: Magnezone|88/100|[from] Spikes\n|turn|26\n|inactive|Time left: 300 sec this turn | 300 sec total\n|\n|t:|1783549794\n|move|p1a: Deoxys|Psycho Boost|p2a: Magnezone\n|-supereffective|p2a: Magnezone\n|-damage|p2a: Magnezone|0 fnt\n|-unboost|p1a: Deoxys|spa|2\n|faint|p2a: Magnezone\n|-damage|p1a: Deoxys|158/196|[from] item: Life Orb\n|\n|upkeep\n|\n|t:|1783549795\n|switch|p2a: Banette|Banette, L93, M|100/100\n|-damage|p2a: Banette|88/100|[from] Spikes\n|turn|27\n|inactive|Time left: 300 sec this turn | 300 sec total\n|\n|t:|1783549796\n|-terastallize|p1a: Deoxys|Dark\n|move|p2a: Banette|Shadow Sneak|p1a: Deoxys\n|-resisted|p1a: Deoxys\n|-crit|p1a: Deoxys\n|-damage|p1a: Deoxys|58/196\n|-damage|p2a: Banette|78/100|[from] item: Life Orb\n|move|p1a: Deoxys|Knock Off|p2a: Banette\n|-supereffective|p2a: Banette\n|-damage|p2a: Banette|0 fnt\n|-enditem|p2a: Banette|Life Orb|[from] move: Knock Off|[of] p1a: Deoxys\n|faint|p2a: Banette\n|-damage|p1a: Deoxys|39/196|[from] item: Life Orb\n|\n|upkeep\n|\n|t:|1783549797\n|switch|p2a: Piloswine|Piloswine, L85, M|100/100\n|-damage|p2a: Piloswine|88/100|[from] Spikes\n|turn|28\n|inactive|Time left: 300 sec this turn | 300 sec total\n|\n|t:|1783549798\n|switch|p1a: Orthworm|Orthworm, L88, F|266/266\n|move|p2a: Piloswine|Ice Shard|p1a: Orthworm\n|-resisted|p1a: Orthworm\n|-damage|p1a: Orthworm|251/266\n|\n|-heal|p1a: Orthworm|266/266|[from] item: Leftovers\n|upkeep\n|turn|29\n|inactive|Time left: 300 sec this turn | 300 sec total\n|\n|t:|1783549799\n|move|p1a: Orthworm|Heavy Slam|p2a: Piloswine\n|-supereffective|p2a: Piloswine\n|-damage|p2a: Piloswine|25/100\n|move|p2a: Piloswine|Roar|p1a: Orthworm\n|drag|p1a: Deoxys|Deoxys, L74, tera:Dark|39/196\n|-ability|p1a: Deoxys|Pressure\n|\n|upkeep\n|turn|30\n|inactive|Time left: 300 sec this turn | 300 sec total\n|\n|t:|1783549800\n|switch|p1a: Orthworm|Orthworm, L88, F|266/266\n|move|p2a: Piloswine|Ice Shard|p1a: Orthworm\n|-resisted|p1a: Orthworm\n|-damage|p1a: Orthworm|253/266\n|\n|-heal|p1a: Orthworm|266/266|[from] item: Leftovers\n|upkeep\n|turn|31\n|inactive|Time left: 300 sec this turn | 300 sec total\n|\n|t:|1783549801\n|move|p1a: Orthworm|Body Press|p2a: Piloswine\n|-supereffective|p2a: Piloswine\n|-damage|p2a: Piloswine|0 fnt\n|faint|p2a: Piloswine\n|\n|upkeep\n|\n|t:|1783549802\n|switch|p2a: Zebstrika|Zebstrika, L87, F|50/100\n|-damage|p2a: Zebstrika|38/100|[from] Spikes\n|turn|32\n|inactive|Time left: 300 sec this turn | 300 sec total\n|\n|t:|1783549803\n|move|p2a: Zebstrika|Overheat|p1a: Orthworm\n|-supereffective|p1a: Orthworm\n|-damage|p1a: Orthworm|0 fnt\n|-unboost|p2a: Zebstrika|spa|2\n|faint|p1a: Orthworm\n|-damage|p2a: Zebstrika|28/100|[from] item: Life Orb\n|\n|upkeep\n|inactive|Time left: 300 sec this turn | 300 sec total | 5 sec grace\n|\n|t:|1783549804\n|switch|p1a: Deoxys|Deoxys, L74, tera:Dark|39/196\n|-ability|p1a: Deoxys|Pressure\n|turn|33\n|inactive|Time left: 300 sec this turn | 300 sec total\n|\n|t:|1783549805\n|switch|p2a: Walking Wake|Walking Wake, L79|75/100 tox\n|-damage|p2a: Walking Wake|63/100 tox|[from] Spikes\n|move|p1a: Deoxys|Knock Off|p2a: Walking Wake\n|-damage|p2a: Walking Wake|9/100 tox\n|-enditem|p2a: Walking Wake|Life Orb|[from] move: Knock Off|[of] p1a: Deoxys\n|-damage|p1a: Deoxys|20/196|[from] item: Life Orb\n|\n|-damage|p2a: Walking Wake|3/100 tox|[from] psn\n|upkeep\n|turn|34\n|inactive|Time left: 300 sec this turn | 300 sec total\n|\n|t:|1783549806\n|move|p1a: Deoxys|Knock Off|p2a: Walking Wake\n|-damage|p2a: Walking Wake|0 fnt\n|faint|p2a: Walking Wake\n|-end|p2a: Walking Wake|Protosynthesis|[silent]\n|-damage|p1a: Deoxys|1/196|[from] item: Life Orb\n|\n|upkeep\n|\n|t:|1783549806\n|switch|p2a: Zebstrika|Zebstrika, L87, F|28/100\n|-damage|p2a: Zebstrika|16/100|[from] Spikes\n|turn|35\n|inactive|Time left: 300 sec this turn | 300 sec total\n|\n|t:|1783549807\n|switch|p1a: Blissey|Blissey, L85, F|507/572\n|move|p2a: Zebstrika|Supercell Slam|p1a: Blissey\n|-damage|p1a: Blissey|86/572\n|-damage|p2a: Zebstrika|6/100|[from] item: Life Orb\n|\n|-heal|p1a: Blissey|121/572|[from] item: Leftovers\n|upkeep\n|turn|36\n|inactive|Time left: 300 sec this turn | 300 sec total\n|\n|t:|1783549808\n|switch|p1a: Deoxys|Deoxys, L74, tera:Dark|1/196\n|-ability|p1a: Deoxys|Pressure\n|move|p2a: Zebstrika|Supercell Slam|p1a: Deoxys\n|-damage|p1a: Deoxys|0 fnt\n|faint|p1a: Deoxys\n|-damage|p2a: Zebstrika|0 fnt|[from] item: Life Orb\n|faint|p2a: Zebstrika\n|\n|win|p0x8519a28", "uploadtime": 1783549808, "views": 0, "rating": 0, "private": 0, "password": null, "_winner": "p0x8519a28", "_our_name": "p0x8519a28"}