{"id": "battle-gen9randombattle-45", "formatid": "gen9randombattle", "format": "[Gen 9] Random Battle", "players": ["p0x045f1e7", "p0y0450672"], "log": "|init|battle\n|title|p0x045f1e7 vs. p0y0450672\n|j|\u2606p0x045f1e7\n|j|\u2606p0y0450672\n|t:|1783534312\n|gametype|singles\n|player|p1|p0x045f1e7|1|\n|player|p2|p0y0450672|265|\n|gen|9\n|tier|[Gen 9] Random Battle\n|rule|Species Clause: Limit one of each Pok\u00e9mon\n|rule|HP Percentage Mod: HP is shown in percentages\n|rule|Sleep Clause Mod: Limit one foe put to sleep\n|rule|Illusion Level Mod: Illusion disguises the Pok\u00e9mon's true level\n|\n|t:|1783534312\n|teamsize|p1|6\n|teamsize|p2|6\n|start\n|switch|p1a: Cloyster|Cloyster, L80, M|211/211\n|switch|p2a: Toxicroak|Toxicroak, L84, M|100/100\n|turn|1\n|inactive|Battle timer is ON: inactive players will automatically lose when time's up. (requested by p0y0450672)\n|inactive|Time left: 300 sec this turn | 300 sec total | 60 sec grace\n|inactive|p0x045f1e7 also wants the timer to be on.\n|\n|t:|1783534314\n|move|p2a: Toxicroak|Close Combat|p1a: Cloyster\n|-supereffective|p1a: Cloyster\n|-damage|p1a: Cloyster|13/211\n|-unboost|p2a: Toxicroak|def|1\n|-unboost|p2a: Toxicroak|spd|1\n|-damage|p2a: Toxicroak|91/100|[from] item: Life Orb\n|move|p1a: Cloyster|Shell Smash|p1a: Cloyster\n|-unboost|p1a: Cloyster|def|1\n|-unboost|p1a: Cloyster|spd|1\n|-boost|p1a: Cloyster|atk|2\n|-boost|p1a: Cloyster|spa|2\n|-boost|p1a: Cloyster|spe|2\n|-enditem|p1a: Cloyster|White Herb\n|-clearnegativeboost|p1a: Cloyster|[silent]\n|\n|upkeep\n|turn|2\n|inactive|Time left: 300 sec this turn | 300 sec total\n|\n|t:|1783534315\n|move|p1a: Cloyster|Icicle Spear|p2a: Toxicroak\n|-damage|p2a: Toxicroak|57/100\n|-damage|p2a: Toxicroak|24/100\n|-damage|p2a: Toxicroak|0 fnt\n|faint|p2a: Toxicroak\n|-hitcount|p2: Toxicroak|3\n|\n|upkeep\n|\n|t:|1783534316\n|switch|p2a: Regieleki|Regieleki, L79|100/100\n|turn|3\n|inactive|Time left: 300 sec this turn | 300 sec total\n|\n|t:|1783534317\n|move|p2a: Regieleki|Rapid Spin|p1a: Cloyster\n|-damage|p1a: Cloyster|0 fnt\n|-boost|p2a: Regieleki|spe|1\n|faint|p1a: Cloyster\n|\n|upkeep\n|inactive|Time left: 300 sec this turn | 300 sec total | 5 sec grace\n|\n|t:|1783534317\n|switch|p1a: Delphox|Delphox, L84, F|263/263\n|turn|4\n|inactive|Time left: 300 sec this turn | 300 sec total\n|\n|t:|1783534319\n|move|p2a: Regieleki|Volt Switch|p1a: Delphox\n|-damage|p1a: Delphox|170/263\n|\n|t:|1783534320\n|switch|p2a: Grumpig|Grumpig, L92, M|100/100|[from] Volt Switch\n|move|p1a: Delphox|Fire Blast|p2a: Grumpig\n|-damage|p2a: Grumpig|74/100\n|\n|-heal|p2a: Grumpig|80/100|[from] item: Leftovers\n|upkeep\n|turn|5\n|inactive|Time left: 300 sec this turn | 300 sec total\n|\n|t:|1783534321\n|switch|p1a: Overqwil|Overqwil, L82, M|274/274\n|-ability|p1a: Overqwil|Intimidate|boost\n|-unboost|p2a: Grumpig|atk|1\n|move|p2a: Grumpig|Nasty Plot|p2a: Grumpig\n|-boost|p2a: Grumpig|spa|2\n|\n|-heal|p2a: Grumpig|86/100|[from] item: Leftovers\n|upkeep\n|turn|6\n|inactive|Time left: 300 sec this turn | 300 sec total\n|\n|t:|1783534322\n|move|p2a: Grumpig|Earth Power|p1a: Overqwil\n|-supereffective|p1a: Overqwil\n|-damage|p1a: Overqwil|0 fnt\n|faint|p1a: Overqwil\n|\n|-heal|p2a: Grumpig|92/100|[from] item: Leftovers\n|upkeep\n|inactive|Time left: 300 sec this turn | 300 sec total | 5 sec grace\n|\n|t:|1783534323\n|switch|p1a: Darkrai|Darkrai, L77|234/234\n|turn|7\n|inactive|Time left: 300 sec this turn | 300 sec total\n|\n|t:|1783534324\n|-terastallize|p2a: Grumpig|Ground\n|move|p1a: Darkrai|Dark Pulse|p2a: Grumpig\n|-damage|p2a: Grumpig|63/100\n|-damage|p1a: Darkrai|211/234|[from] item: Life Orb\n|cant|p2a: Grumpig|flinch\n|\n|-heal|p2a: Grumpig|69/100|[from] item: Leftovers\n|upkeep\n|turn|8\n|inactive|Time left: 300 sec this turn | 300 sec total\n|\n|t:|1783534325\n|move|p1a: Darkrai|Dark Pulse|p2a: Grumpig\n|-damage|p2a: Grumpig|39/100\n|-damage|p1a: Darkrai|188/234|[from] item: Life Orb\n|cant|p2a: Grumpig|flinch\n|\n|-heal|p2a: Grumpig|45/100|[from] item: Leftovers\n|upkeep\n|turn|9\n|inactive|Time left: 300 sec this turn | 300 sec total\n|\n|t:|1783534326\n|move|p1a: Darkrai|Dark Pulse|p2a: Grumpig\n|-damage|p2a: Grumpig|12/100\n|-damage|p1a: Darkrai|165/234|[from] item: Life Orb\n|move|p2a: Grumpig|Earth Power|p1a: Darkrai\n|-damage|p1a: Darkrai|0 fnt\n|faint|p1a: Darkrai\n|\n|-heal|p2a: Grumpig|18/100|[from] item: Leftovers\n|upkeep\n|inactive|Time left: 300 sec this turn | 300 sec total | 5 sec grace\n|\n|t:|1783534327\n|switch|p1a: Delphox|Delphox, L84, F|170/263\n|turn|10\n|inactive|Time left: 300 sec this turn | 300 sec total\n|\n|t:|1783534328\n|switch|p2a: Gouging Fire|Gouging Fire, L74|100/100\n|move|p1a: Delphox|Fire Blast|p2a: Gouging Fire\n|-resisted|p2a: Gouging Fire\n|-damage|p2a: Gouging Fire|80/100\n|\n|upkeep\n|turn|11\n|inactive|Time left: 300 sec this turn | 300 sec total\n|\n|t:|1783534329\n|switch|p1a: Arbok|Arbok, L87, F|246/246\n|-ability|p1a: Arbok|Intimidate|boost\n|-unboost|p2a: Gouging Fire|atk|1\n|move|p2a: Gouging Fire|Outrage|p1a: Arbok\n|-damage|p1a: Arbok|150/246\n|\n|-heal|p1a: Arbok|165/246|[from] item: Leftovers\n|upkeep\n|turn|12\n|inactive|Time left: 300 sec this turn | 300 sec total\n|\n|t:|1783534330\n|move|p1a: Arbok|Coil|p1a: Arbok\n|-boost|p1a: Arbok|atk|1\n|-boost|p1a: Arbok|def|1\n|-boost|p1a: Arbok|accuracy|1\n|move|p2a: Gouging Fire|Outrage|p1a: Arbok|[from] lockedmove\n|-damage|p1a: Arbok|111/246\n|\n|-heal|p1a: Arbok|126/246|[from] item: Leftovers\n|upkeep\n|turn|13\n|inactive|Time left: 300 sec this turn | 300 sec total\n|\n|t:|1783534331\n|-terastallize|p1a: Arbok|Ground\n|move|p1a: Arbok|Earthquake|p2a: Gouging Fire\n|-supereffective|p2a: Gouging Fire\n|-damage|p2a: Gouging Fire|0 fnt\n|faint|p2a: Gouging Fire\n|-end|p2a: Gouging Fire|Protosynthesis|[silent]\n|\n|-heal|p1a: Arbok|141/246|[from] item: Leftovers\n|upkeep\n|\n|t:|1783534332\n|switch|p2a: Deoxys|Deoxys-Attack, L72|100/100\n|-ability|p2a: Deoxys|Pressure\n|turn|14\n|inactive|Time left: 300 sec this turn | 300 sec total\n|\n|t:|1783534333\n|switch|p1a: Delphox|Delphox, L84, F|170/263\n|move|p2a: Deoxys|Ice Beam|p1a: Delphox\n|-resisted|p1a: Delphox\n|-damage|p1a: Delphox|127/263\n|-damage|p2a: Deoxys|91/100|[from] item: Life Orb\n|\n|upkeep\n|turn|15\n|inactive|Time left: 300 sec this turn | 300 sec total\n|\n|t:|1783534334\n|move|p2a: Deoxys|Knock Off|p1a: Delphox\n|-supereffective|p1a: Delphox\n|-damage|p1a: Delphox|0 fnt\n|-enditem|p1a: Delphox|Choice Specs|[from] move: Knock Off|[of] p2a: Deoxys\n|faint|p1a: Delphox\n|-damage|p2a: Deoxys|81/100|[from] item: Life Orb\n|\n|upkeep\n|inactive|Time left: 300 sec this turn | 300 sec total | 5 sec grace\n|\n|t:|1783534335\n|switch|p1a: Gyarados|Gyarados, L79, M|280/280\n|turn|16\n|inactive|Time left: 300 sec this turn | 300 sec total\n|\n|t:|1783534336\n|move|p2a: Deoxys|Psycho Boost|p1a: Gyarados\n|-damage|p1a: Gyarados|53/280\n|-unboost|p2a: Deoxys|spa|2\n|-damage|p2a: Deoxys|71/100|[from] item: Life Orb\n|move|p1a: Gyarados|Earthquake|p2a: Deoxys\n|-damage|p2a: Deoxys|0 fnt\n|faint|p2a: Deoxys\n|-ability|p1a: Gyarados|Moxie|boost\n|-boost|p1a: Gyarados|atk|1\n|\n|upkeep\n|\n|t:|1783534337\n|switch|p2a: Grumpig|Grumpig, L92, M, tera:Ground|18/100\n|turn|17\n|inactive|Time left: 300 sec this turn | 300 sec total\n|\n|t:|1783534338\n|move|p2a: Grumpig|Psyshock|p1a: Gyarados\n|-damage|p1a: Gyarados|0 fnt\n|faint|p1a: Gyarados\n|\n|-heal|p2a: Grumpig|24/100|[from] item: Leftovers\n|upkeep\n|inactive|Time left: 300 sec this turn | 300 sec total | 5 sec grace\n|\n|t:|1783534338\n|switch|p1a: Arbok|Arbok, L87, F, tera:Ground|141/246\n|-ability|p1a: Arbok|Intimidate|boost\n|-unboost|p2a: Grumpig|atk|1\n|turn|18\n|inactive|Time left: 300 sec this turn | 300 sec total\n|\n|t:|1783534339\n|move|p2a: Grumpig|Psyshock|p1a: Arbok\n|-damage|p1a: Arbok|41/246\n|move|p1a: Arbok|Trailblaze|p2a: Grumpig\n|-supereffective|p2a: Grumpig\n|-crit|p2a: Grumpig\n|-damage|p2a: Grumpig|0 fnt\n|-boost|p1a: Arbok|spe|1\n|faint|p2a: Grumpig\n|\n|-heal|p1a: Arbok|56/246|[from] item: Leftovers\n|upkeep\n|\n|t:|1783534340\n|switch|p2a: Spidops|Spidops, L96, F|100/100\n|turn|19\n|inactive|Time left: 300 sec this turn | 300 sec total\n|\n|t:|1783534341\n|move|p1a: Arbok|Coil|p1a: Arbok\n|-boost|p1a: Arbok|atk|1\n|-boost|p1a: Arbok|def|1\n|-boost|p1a: Arbok|accuracy|1\n|move|p2a: Spidops|Knock Off|p1a: Arbok\n|-damage|p1a: Arbok|0 fnt\n|-enditem|p1a: Arbok|Leftovers|[from] move: Knock Off|[of] p2a: Spidops\n|faint|p1a: Arbok\n|\n|win|p0y0450672", "uploadtime": 1783534341, "views": 0, "rating": 0, "private": 0, "password": null, "_winner": "p0y0450672", "_our_name": "p0x045f1e7"}