{"id": "battle-gen9randombattle-475", "formatid": "gen9randombattle", "format": "[Gen 9] Random Battle", "players": ["p0x47586aa", "p0y475e987"], "log": "|init|battle\n|title|p0x47586aa vs. p0y475e987\n|j|\u2606p0x47586aa\n|j|\u2606p0y475e987\n|t:|1783544572\n|gametype|singles\n|player|p1|p0x47586aa|265|\n|player|p2|p0y475e987|1|\n|gen|9\n|tier|[Gen 9] Random Battle\n|rule|Species Clause: Limit one of each Pok\u00e9mon\n|rule|HP Percentage Mod: HP is shown in percentages\n|rule|Sleep Clause Mod: Limit one foe put to sleep\n|rule|Illusion Level Mod: Illusion disguises the Pok\u00e9mon's true level\n|\n|t:|1783544572\n|teamsize|p1|6\n|teamsize|p2|6\n|start\n|switch|p1a: Drednaw|Drednaw, L81, F|100/100\n|switch|p2a: Crabominable|Crabominable, L90, M|321/321\n|turn|1\n|inactive|Battle timer is ON: inactive players will automatically lose when time's up. (requested by p0x47586aa)\n|inactive|Time left: 300 sec this turn | 300 sec total | 60 sec grace\n|inactive|p0y475e987 also wants the timer to be on.\n|\n|t:|1783544573\n|switch|p1a: Oricorio|Oricorio, L84, F|100/100\n|move|p2a: Crabominable|Drain Punch|p1a: Oricorio\n|-resisted|p1a: Oricorio\n|-damage|p1a: Oricorio|51/100\n|\n|upkeep\n|turn|2\n|inactive|Time left: 300 sec this turn | 300 sec total\n|\n|t:|1783544574\n|move|p1a: Oricorio|Hurricane|p2a: Crabominable|[miss]\n|-miss|p1a: Oricorio|p2a: Crabominable\n|move|p2a: Crabominable|Drain Punch|p1a: Oricorio\n|-resisted|p1a: Oricorio\n|-damage|p1a: Oricorio|5/100\n|\n|upkeep\n|turn|3\n|inactive|Time left: 300 sec this turn | 300 sec total\n|\n|t:|1783544575\n|move|p1a: Oricorio|Hurricane|p2a: Crabominable\n|-supereffective|p2a: Crabominable\n|-damage|p2a: Crabominable|51/321\n|-start|p2a: Crabominable|confusion\n|-activate|p2a: Crabominable|confusion\n|move|p2a: Crabominable|Drain Punch|p1a: Oricorio\n|-resisted|p1a: Oricorio\n|-damage|p1a: Oricorio|0 fnt\n|-heal|p2a: Crabominable|57/321|[from] drain|[of] p1a: Oricorio\n|faint|p1a: Oricorio\n|\n|upkeep\n|\n|t:|1783544575\n|switch|p1a: Stonjourner|Stonjourner, L91, M|100/100\n|turn|4\n|inactive|Time left: 300 sec this turn | 300 sec total\n|\n|t:|1783544576\n|move|p1a: Stonjourner|Earthquake|p2a: Crabominable\n|-damage|p2a: Crabominable|0 fnt\n|faint|p2a: Crabominable\n|-damage|p1a: Stonjourner|90/100|[from] item: Life Orb\n|\n|upkeep\n|inactive|Time left: 300 sec this turn | 300 sec total | 5 sec grace\n|\n|t:|1783544577\n|switch|p2a: Espeon|Espeon, L84, M|246/246\n|turn|5\n|inactive|Time left: 300 sec this turn | 300 sec total\n|\n|t:|1783544578\n|move|p2a: Espeon|Psychic|p1a: Stonjourner\n|-damage|p1a: Stonjourner|0 fnt\n|faint|p1a: Stonjourner\n|-damage|p2a: Espeon|222/246|[from] item: Life Orb\n|\n|upkeep\n|\n|t:|1783544579\n|switch|p1a: Drednaw|Drednaw, L81, F|100/100\n|turn|6\n|inactive|Time left: 300 sec this turn | 300 sec total\n|\n|t:|1783544580\n|-terastallize|p2a: Espeon|Psychic\n|move|p2a: Espeon|Psychic|p1a: Drednaw\n|-damage|p1a: Drednaw|15/100\n|-damage|p2a: Espeon|198/246|[from] item: Life Orb\n|move|p1a: Drednaw|Shell Smash|p1a: Drednaw\n|-unboost|p1a: Drednaw|def|1\n|-unboost|p1a: Drednaw|spd|1\n|-boost|p1a: Drednaw|atk|2\n|-boost|p1a: Drednaw|spa|2\n|-boost|p1a: Drednaw|spe|2\n|-enditem|p1a: Drednaw|White Herb\n|-clearnegativeboost|p1a: Drednaw|[silent]\n|\n|upkeep\n|turn|7\n|inactive|Time left: 300 sec this turn | 300 sec total\n|\n|t:|1783544581\n|move|p1a: Drednaw|Liquidation|p2a: Espeon\n|-damage|p2a: Espeon|0 fnt\n|faint|p2a: Espeon\n|\n|upkeep\n|inactive|Time left: 300 sec this turn | 300 sec total | 5 sec grace\n|\n|t:|1783544582\n|switch|p2a: Zacian|Zacian, L69|241/241\n|-ability|p2a: Zacian|Intrepid Sword|boost\n|-boost|p2a: Zacian|atk|1\n|turn|8\n|inactive|Time left: 300 sec this turn | 300 sec total\n|\n|t:|1783544583\n|move|p1a: Drednaw|Stone Edge|p2a: Zacian\n|-damage|p2a: Zacian|0 fnt\n|faint|p2a: Zacian\n|\n|upkeep\n|inactive|Time left: 300 sec this turn | 300 sec total | 5 sec grace\n|\n|t:|1783544584\n|switch|p2a: Uxie|Uxie, L83|260/260\n|turn|9\n|inactive|Time left: 300 sec this turn | 300 sec total\n|\n|t:|1783544585\n|move|p1a: Drednaw|Crunch|p2a: Uxie\n|-supereffective|p2a: Uxie\n|-damage|p2a: Uxie|0 fnt\n|faint|p2a: Uxie\n|\n|upkeep\n|inactive|Time left: 300 sec this turn | 300 sec total | 5 sec grace\n|\n|t:|1783544586\n|switch|p2a: Houndoom|Houndoom, L87, M|272/272\n|turn|10\n|inactive|Time left: 300 sec this turn | 300 sec total\n|\n|t:|1783544587\n|switch|p2a: Braviary|Braviary, L85, M|309/309\n|-terastallize|p1a: Drednaw|Dark\n|move|p1a: Drednaw|Liquidation|p2a: Braviary\n|-damage|p2a: Braviary|98/309\n|\n|upkeep\n|turn|11\n|inactive|Time left: 300 sec this turn | 300 sec total\n|\n|t:|1783544588\n|move|p1a: Drednaw|Liquidation|p2a: Braviary\n|-damage|p2a: Braviary|0 fnt\n|faint|p2a: Braviary\n|\n|upkeep\n|inactive|Time left: 300 sec this turn | 300 sec total | 5 sec grace\n|\n|t:|1783544589\n|switch|p2a: Houndoom|Houndoom, L87, M|272/272\n|turn|12\n|inactive|Time left: 300 sec this turn | 300 sec total\n|\n|t:|1783544590\n|move|p1a: Drednaw|Liquidation|p2a: Houndoom\n|-supereffective|p2a: Houndoom\n|-damage|p2a: Houndoom|0 fnt\n|faint|p2a: Houndoom\n|\n|win|p0x47586aa", "uploadtime": 1783544590, "views": 0, "rating": 0, "private": 0, "password": null, "_winner": "p0x47586aa", "_our_name": "p0y475e987"}