{"id": "battle-gen9randombattle-463", "formatid": "gen9randombattle", "format": "[Gen 9] Random Battle", "players": ["p0x4634f9d", "p0y463e34d"], "log": "|init|battle\n|title|p0x4634f9d vs. p0y463e34d\n|j|\u2606p0x4634f9d\n|j|\u2606p0y463e34d\n|t:|1783545139\n|gametype|singles\n|player|p1|p0x4634f9d|170|\n|player|p2|p0y463e34d|266|\n|gen|9\n|tier|[Gen 9] Random Battle\n|rule|Species Clause: Limit one of each Pok\u00e9mon\n|rule|HP Percentage Mod: HP is shown in percentages\n|rule|Sleep Clause Mod: Limit one foe put to sleep\n|rule|Illusion Level Mod: Illusion disguises the Pok\u00e9mon's true level\n|\n|t:|1783545139\n|teamsize|p1|6\n|teamsize|p2|6\n|start\n|switch|p1a: Mimikyu|Mimikyu, L79, F|100/100\n|switch|p2a: Sceptile|Sceptile, L87, F|264/264\n|turn|1\n|inactive|Battle timer is ON: inactive players will automatically lose when time's up. (requested by p0x4634f9d)\n|inactive|Time left: 300 sec this turn | 300 sec total | 60 sec grace\n|inactive|p0y463e34d also wants the timer to be on.\n|\n|t:|1783545140\n|switch|p2a: Lurantis|Lurantis, L87, F|264/264\n|move|p1a: Mimikyu|Swords Dance|p1a: Mimikyu\n|-boost|p1a: Mimikyu|atk|2\n|\n|upkeep\n|turn|2\n|inactive|Time left: 300 sec this turn | 300 sec total\n|\n|t:|1783545142\n|move|p1a: Mimikyu|Play Rough|p2a: Lurantis\n|-damage|p2a: Lurantis|57/264\n|-damage|p1a: Mimikyu|91/100|[from] item: Life Orb\n|move|p2a: Lurantis|Superpower|p1a: Mimikyu\n|-immune|p1a: Mimikyu\n|\n|upkeep\n|turn|3\n|inactive|Time left: 300 sec this turn | 300 sec total\n|\n|t:|1783545143\n|switch|p2a: Vaporeon|Vaporeon, L86, F|364/364\n|move|p1a: Mimikyu|Play Rough|p2a: Vaporeon\n|-damage|p2a: Vaporeon|86/364\n|-damage|p1a: Mimikyu|81/100|[from] item: Life Orb\n|\n|-heal|p2a: Vaporeon|108/364|[from] item: Leftovers\n|upkeep\n|turn|4\n|inactive|Time left: 300 sec this turn | 300 sec total\n|\n|t:|1783545144\n|move|p2a: Vaporeon|Protect|p2a: Vaporeon\n|-singleturn|p2a: Vaporeon|Protect\n|move|p1a: Mimikyu|Drain Punch|p2a: Vaporeon\n|-activate|p2a: Vaporeon|move: Protect\n|\n|-heal|p2a: Vaporeon|130/364|[from] item: Leftovers\n|upkeep\n|turn|5\n|inactive|Time left: 300 sec this turn | 300 sec total\n|\n|t:|1783545145\n|move|p2a: Vaporeon|Protect||[still]\n|-fail|p2a: Vaporeon\n|move|p1a: Mimikyu|Drain Punch|p2a: Vaporeon\n|-damage|p2a: Vaporeon|0 fnt\n|-heal|p1a: Mimikyu|100/100|[from] drain|[of] p2a: Vaporeon\n|faint|p2a: Vaporeon\n|-damage|p1a: Mimikyu|91/100|[from] item: Life Orb\n|\n|upkeep\n|inactive|Time left: 300 sec this turn | 300 sec total | 5 sec grace\n|\n|t:|1783545146\n|switch|p2a: Sceptile|Sceptile, L87, F|264/264\n|turn|6\n|inactive|Time left: 300 sec this turn | 300 sec total\n|\n|t:|1783545148\n|move|p2a: Sceptile|Giga Drain|p1a: Mimikyu\n|-activate|p1a: Mimikyu|ability: Disguise\n|-damage|p1a: Mimikyu|91/100\n|detailschange|p1a: Mimikyu|Mimikyu-Busted, L79, F\n|-damage|p1a: Mimikyu|78/100|[from] pokemon: Mimikyu-Busted\n|-damage|p2a: Sceptile|238/264|[from] item: Life Orb\n|move|p1a: Mimikyu|Play Rough|p2a: Sceptile\n|-damage|p2a: Sceptile|0 fnt\n|faint|p2a: Sceptile\n|-damage|p1a: Mimikyu|69/100|[from] item: Life Orb\n|\n|upkeep\n|inactive|Time left: 300 sec this turn | 300 sec total | 5 sec grace\n|\n|t:|1783545149\n|switch|p2a: Lycanroc|Lycanroc-Dusk, L81, M|254/254\n|turn|7\n|inactive|Time left: 300 sec this turn | 300 sec total\n|\n|t:|1783545150\n|move|p2a: Lycanroc|Stone Edge|p1a: Mimikyu\n|-damage|p1a: Mimikyu|0 fnt\n|faint|p1a: Mimikyu\n|\n|upkeep\n|\n|t:|1783545150\n|switch|p1a: Mamoswine|Mamoswine, L81, M|100/100\n|turn|8\n|inactive|Time left: 300 sec this turn | 300 sec total\n|\n|t:|1783545152\n|move|p2a: Lycanroc|Stone Edge|p1a: Mamoswine\n|-damage|p1a: Mamoswine|44/100\n|move|p1a: Mamoswine|Earthquake|p2a: Lycanroc\n|-supereffective|p2a: Lycanroc\n|-crit|p2a: Lycanroc\n|-damage|p2a: Lycanroc|0 fnt\n|faint|p2a: Lycanroc\n|-damage|p1a: Mamoswine|34/100|[from] item: Life Orb\n|\n|upkeep\n|inactive|Time left: 300 sec this turn | 300 sec total | 5 sec grace\n|\n|t:|1783545153\n|switch|p2a: Falinks|Falinks, L84|246/246\n|turn|9\n|inactive|Time left: 300 sec this turn | 300 sec total\n|\n|t:|1783545153\n|-terastallize|p1a: Mamoswine|Ground\n|move|p1a: Mamoswine|Earthquake|p2a: Falinks\n|-damage|p2a: Falinks|46/246\n|-damage|p1a: Mamoswine|24/100|[from] item: Life Orb\n|move|p2a: Falinks|No Retreat|p2a: Falinks\n|-boost|p2a: Falinks|atk|1\n|-boost|p2a: Falinks|def|1\n|-boost|p2a: Falinks|spa|1\n|-boost|p2a: Falinks|spd|1\n|-boost|p2a: Falinks|spe|1\n|-start|p2a: Falinks|move: No Retreat\n|\n|upkeep\n|turn|10\n|inactive|Time left: 300 sec this turn | 300 sec total\n|\n|t:|1783545154\n|move|p1a: Mamoswine|Ice Shard|p2a: Falinks\n|-damage|p2a: Falinks|7/246\n|-damage|p1a: Mamoswine|14/100|[from] item: Life Orb\n|move|p2a: Falinks|Iron Head|p1a: Mamoswine\n|-damage|p1a: Mamoswine|0 fnt\n|faint|p1a: Mamoswine\n|-damage|p2a: Falinks|0 fnt|[from] item: Life Orb\n|faint|p2a: Falinks\n|\n|upkeep\n|inactive|Time left: 300 sec this turn | 300 sec total | 5 sec grace\n|\n|t:|1783545155\n|switch|p1a: Thundurus|Thundurus-Therian, L80, M|100/100\n|switch|p2a: Lurantis|Lurantis, L87, F|57/264\n|turn|11\n|inactive|Time left: 300 sec this turn | 300 sec total\n|\n|t:|1783545156\n|move|p1a: Thundurus|Nasty Plot|p1a: Thundurus\n|-boost|p1a: Thundurus|spa|2\n|move|p2a: Lurantis|Superpower|p1a: Thundurus\n|-resisted|p1a: Thundurus\n|-damage|p1a: Thundurus|77/100\n|-boost|p2a: Lurantis|atk|1\n|-boost|p2a: Lurantis|def|1\n|\n|upkeep\n|turn|12\n|inactive|Time left: 300 sec this turn | 300 sec total\n|\n|t:|1783545157\n|move|p1a: Thundurus|Thunderbolt|p2a: Lurantis\n|-resisted|p2a: Lurantis\n|-damage|p2a: Lurantis|0 fnt\n|faint|p2a: Lurantis\n|\n|upkeep\n|inactive|Time left: 300 sec this turn | 300 sec total | 5 sec grace\n|\n|t:|1783545158\n|switch|p2a: Cinccino|Cinccino, L83, F|260/260\n|turn|13\n|inactive|Time left: 300 sec this turn | 300 sec total\n|\n|t:|1783545159\n|switch|p1a: Volcarona|Volcarona, L77, M|100/100\n|move|p2a: Cinccino|Triple Axel|p1a: Volcarona\n|-resisted|p1a: Volcarona\n|-damage|p1a: Volcarona|95/100\n|-resisted|p1a: Volcarona\n|-crit|p1a: Volcarona\n|-damage|p1a: Volcarona|81/100\n|-status|p2a: Cinccino|brn|[from] ability: Flame Body|[of] p1a: Volcarona\n|-resisted|p1a: Volcarona\n|-damage|p1a: Volcarona|72/100\n|-hitcount|p1a: Volcarona|3\n|\n|-damage|p2a: Cinccino|244/260 brn|[from] brn\n|upkeep\n|turn|14\n|inactive|Time left: 300 sec this turn | 300 sec total\n|\n|t:|1783545160\n|move|p2a: Cinccino|Tidy Up|p2a: Cinccino\n|-boost|p2a: Cinccino|atk|1\n|-boost|p2a: Cinccino|spe|1\n|move|p1a: Volcarona|Fiery Dance|p2a: Cinccino\n|-damage|p2a: Cinccino|124/260 brn\n|-boost|p1a: Volcarona|spa|1\n|\n|-damage|p2a: Cinccino|108/260 brn|[from] brn\n|upkeep\n|turn|15\n|inactive|Time left: 300 sec this turn | 300 sec total\n|\n|t:|1783545161\n|-terastallize|p2a: Cinccino|Normal\n|move|p2a: Cinccino|Tail Slap|p1a: Volcarona\n|-damage|p1a: Volcarona|53/100\n|-damage|p1a: Volcarona|34/100\n|-damage|p1a: Volcarona|13/100\n|-damage|p1a: Volcarona|0 fnt\n|faint|p1a: Volcarona\n|-hitcount|p1: Volcarona|4\n|\n|-damage|p2a: Cinccino|92/260 brn|[from] brn\n|upkeep\n|\n|t:|1783545161\n|switch|p1a: Espeon|Espeon, L84, M|100/100\n|turn|16\n|inactive|Time left: 300 sec this turn | 300 sec total\n|\n|t:|1783545162\n|move|p2a: Cinccino|Triple Axel|p1a: Espeon\n|-damage|p1a: Espeon|92/100\n|-damage|p1a: Espeon|77/100\n|-damage|p1a: Espeon|53/100\n|-hitcount|p1a: Espeon|3\n|move|p1a: Espeon|Psyshock|p2a: Cinccino\n|-damage|p2a: Cinccino|0 fnt\n|faint|p2a: Cinccino\n|-damage|p1a: Espeon|44/100|[from] item: Life Orb\n|\n|win|p0x4634f9d", "uploadtime": 1783545162, "views": 0, "rating": 0, "private": 0, "password": null, "_winner": "p0x4634f9d", "_our_name": "p0y463e34d"}