{"id": "battle-gen9randombattle-1146", "formatid": "gen9randombattle", "format": "[Gen 9] Random Battle", "players": ["p0x114698cf", "p0y11467712"], "log": "|init|battle\n|title|p0x114698cf vs. p0y11467712\n|j|\u2606p0x114698cf\n|j|\u2606p0y11467712\n|t:|1783553300\n|gametype|singles\n|player|p1|p0x114698cf|266|\n|player|p2|p0y11467712|265|\n|gen|9\n|tier|[Gen 9] Random Battle\n|rule|Species Clause: Limit one of each Pok\u00e9mon\n|rule|HP Percentage Mod: HP is shown in percentages\n|rule|Sleep Clause Mod: Limit one foe put to sleep\n|rule|Illusion Level Mod: Illusion disguises the Pok\u00e9mon's true level\n|\n|t:|1783553300\n|teamsize|p1|6\n|teamsize|p2|6\n|start\n|switch|p1a: Regice|Regice, L88|100/100\n|switch|p2a: Meowstic|Meowstic-F, L89, F|277/277\n|turn|1\n|inactive|Battle timer is ON: inactive players will automatically lose when time's up. (requested by p0x114698cf)\n|inactive|Time left: 300 sec this turn | 300 sec total | 60 sec grace\n|inactive|p0y11467712 also wants the timer to be on.\n|\n|t:|1783553302\n|move|p2a: Meowstic|Nasty Plot|p2a: Meowstic\n|-boost|p2a: Meowstic|spa|2\n|move|p1a: Regice|Ice Beam|p2a: Meowstic\n|-damage|p2a: Meowstic|163/277\n|\n|upkeep\n|turn|2\n|inactive|Time left: 300 sec this turn | 300 sec total\n|\n|t:|1783553303\n|move|p2a: Meowstic|Psyshock|p1a: Regice\n|-damage|p1a: Regice|39/100\n|-damage|p2a: Meowstic|136/277|[from] item: Life Orb\n|move|p1a: Regice|Ice Beam|p2a: Meowstic\n|-damage|p2a: Meowstic|27/277\n|\n|upkeep\n|turn|3\n|inactive|Time left: 300 sec this turn | 300 sec total\n|\n|t:|1783553304\n|switch|p1a: Persian|Persian-Alola, L86, F|100/100\n|move|p2a: Meowstic|Psyshock|p1a: Persian\n|-immune|p1a: Persian\n|\n|upkeep\n|turn|4\n|inactive|Time left: 300 sec this turn | 300 sec total\n|\n|t:|1783553305\n|move|p1a: Persian|Tera Blast|p2a: Meowstic\n|-damage|p2a: Meowstic|0 fnt\n|faint|p2a: Meowstic\n|-damage|p1a: Persian|91/100|[from] item: Life Orb\n|\n|upkeep\n|inactive|Time left: 300 sec this turn | 300 sec total | 5 sec grace\n|\n|t:|1783553306\n|switch|p2a: Porygon-Z|Porygon-Z, L83|277/277\n|turn|5\n|inactive|Time left: 300 sec this turn | 300 sec total\n|\n|t:|1783553307\n|switch|p1a: Regice|Regice, L88|39/100\n|move|p2a: Porygon-Z|Tri Attack|p1a: Regice\n|-damage|p1a: Regice|4/100\n|-status|p1a: Regice|brn\n|-damage|p2a: Porygon-Z|250/277|[from] item: Life Orb\n|\n|-damage|p1a: Regice|0 fnt|[from] brn\n|faint|p1a: Regice\n|upkeep\n|\n|t:|1783553309\n|switch|p1a: Serperior|Serperior, L79, F|100/100\n|turn|6\n|inactive|Time left: 300 sec this turn | 300 sec total\n|\n|t:|1783553310\n|move|p1a: Serperior|Leaf Storm|p2a: Porygon-Z\n|-damage|p2a: Porygon-Z|97/277\n|-boost|p1a: Serperior|spa|2\n|-damage|p1a: Serperior|91/100|[from] item: Life Orb\n|move|p2a: Porygon-Z|Ice Beam|p1a: Serperior\n|-supereffective|p1a: Serperior\n|-crit|p1a: Serperior\n|-damage|p1a: Serperior|0 fnt\n|faint|p1a: Serperior\n|-damage|p2a: Porygon-Z|70/277|[from] item: Life Orb\n|\n|upkeep\n|\n|t:|1783553311\n|switch|p1a: Lanturn|Lanturn, L89, M|100/100\n|turn|7\n|inactive|Time left: 300 sec this turn | 300 sec total\n|\n|t:|1783553312\n|move|p2a: Porygon-Z|Tri Attack|p1a: Lanturn\n|-damage|p1a: Lanturn|44/100\n|-damage|p2a: Porygon-Z|43/277|[from] item: Life Orb\n|move|p1a: Lanturn|Scald|p2a: Porygon-Z\n|-damage|p2a: Porygon-Z|0 fnt\n|faint|p2a: Porygon-Z\n|\n|-heal|p1a: Lanturn|50/100|[from] item: Leftovers\n|upkeep\n|inactive|Time left: 300 sec this turn | 300 sec total | 5 sec grace\n|\n|t:|1783553313\n|switch|p2a: Sawsbuck|Sawsbuck-Autumn, L88, M|284/284\n|turn|8\n|inactive|Time left: 300 sec this turn | 300 sec total\n|\n|t:|1783553315\n|switch|p1a: Amoonguss|Amoonguss, L82, M|100/100\n|move|p2a: Sawsbuck|Double-Edge|p1a: Amoonguss\n|-damage|p1a: Amoonguss|28/100\n|-damage|p2a: Sawsbuck|237/284|[from] item: Rocky Helmet|[of] p1a: Amoonguss\n|-damage|p2a: Sawsbuck|160/284|[from] Recoil\n|-damage|p2a: Sawsbuck|132/284|[from] item: Life Orb\n|\n|upkeep\n|turn|9\n|inactive|Time left: 300 sec this turn | 300 sec total\n|\n|t:|1783553316\n|move|p2a: Sawsbuck|High Horsepower|p1a: Amoonguss|[miss]\n|-miss|p2a: Sawsbuck|p1a: Amoonguss\n|move|p1a: Amoonguss|Sludge Bomb|p2a: Sawsbuck\n|-supereffective|p2a: Sawsbuck\n|-damage|p2a: Sawsbuck|0 fnt\n|faint|p2a: Sawsbuck\n|\n|upkeep\n|inactive|Time left: 300 sec this turn | 300 sec total | 5 sec grace\n|\n|t:|1783553316\n|switch|p2a: Venomoth|Venomoth, L84, M|255/255\n|turn|10\n|inactive|Time left: 300 sec this turn | 300 sec total\n|\n|t:|1783553317\n|switch|p1a: Golem|Golem, L87, M|100/100\n|move|p2a: Venomoth|Quiver Dance|p2a: Venomoth\n|-boost|p2a: Venomoth|spa|1\n|-boost|p2a: Venomoth|spd|1\n|-boost|p2a: Venomoth|spe|1\n|\n|upkeep\n|turn|11\n|inactive|Time left: 300 sec this turn | 300 sec total\n|\n|t:|1783553319\n|move|p2a: Venomoth|Sleep Powder|p1a: Golem\n|-status|p1a: Golem|slp|[from] move: Sleep Powder\n|cant|p1a: Golem|slp\n|\n|upkeep\n|turn|12\n|inactive|Time left: 300 sec this turn | 300 sec total\n|\n|t:|1783553320\n|move|p2a: Venomoth|Bug Buzz|p1a: Golem\n|-damage|p1a: Golem|44/100 slp\n|-curestatus|p1a: Golem|slp|[msg]\n|move|p1a: Golem|Stone Edge|p2a: Venomoth|[miss]\n|-miss|p1a: Golem|p2a: Venomoth\n|\n|upkeep\n|turn|13\n|inactive|Time left: 300 sec this turn | 300 sec total\n|\n|t:|1783553321\n|switch|p1a: Amoonguss|Amoonguss, L82, M|61/100\n|move|p2a: Venomoth|Bug Buzz|p1a: Amoonguss\n|-damage|p1a: Amoonguss|17/100\n|\n|upkeep\n|turn|14\n|inactive|Time left: 300 sec this turn | 300 sec total\n|\n|t:|1783553322\n|switch|p1a: Lanturn|Lanturn, L89, M|50/100\n|move|p2a: Venomoth|Bug Buzz|p1a: Lanturn\n|-damage|p1a: Lanturn|9/100\n|-unboost|p1a: Lanturn|spd|1\n|\n|-heal|p1a: Lanturn|15/100|[from] item: Leftovers\n|upkeep\n|turn|15\n|inactive|Time left: 300 sec this turn | 300 sec total\n|\n|t:|1783553323\n|move|p2a: Venomoth|Quiver Dance|p2a: Venomoth\n|-boost|p2a: Venomoth|spa|1\n|-boost|p2a: Venomoth|spd|1\n|-boost|p2a: Venomoth|spe|1\n|move|p1a: Lanturn|Thunder Wave|p2a: Venomoth\n|-status|p2a: Venomoth|par\n|\n|-heal|p1a: Lanturn|21/100|[from] item: Leftovers\n|upkeep\n|turn|16\n|inactive|Time left: 300 sec this turn | 300 sec total\n|\n|t:|1783553324\n|move|p2a: Venomoth|Bug Buzz|p1a: Lanturn\n|-damage|p1a: Lanturn|0 fnt\n|faint|p1a: Lanturn\n|\n|upkeep\n|\n|t:|1783553325\n|switch|p1a: Amoonguss|Amoonguss, L82, M|50/100\n|turn|17\n|inactive|Time left: 300 sec this turn | 300 sec total\n|\n|t:|1783553326\n|switch|p1a: Golem|Golem, L87, M|44/100\n|move|p2a: Venomoth|Bug Buzz|p1a: Golem\n|-damage|p1a: Golem|0 fnt\n|faint|p1a: Golem\n|\n|upkeep\n|\n|t:|1783553326\n|switch|p1a: Amoonguss|Amoonguss, L82, M|84/100\n|turn|18\n|inactive|Time left: 300 sec this turn | 300 sec total\n|\n|t:|1783553328\n|move|p2a: Venomoth|Bug Buzz|p1a: Amoonguss\n|-damage|p1a: Amoonguss|26/100\n|move|p1a: Amoonguss|Stomping Tantrum|p2a: Venomoth\n|-damage|p2a: Venomoth|192/255 par\n|\n|upkeep\n|turn|19\n|inactive|Time left: 300 sec this turn | 300 sec total\n|\n|t:|1783553329\n|move|p2a: Venomoth|Bug Buzz|p1a: Amoonguss\n|-damage|p1a: Amoonguss|0 fnt\n|faint|p1a: Amoonguss\n|\n|upkeep\n|\n|t:|1783553329\n|switch|p1a: Persian|Persian-Alola, L86, F|91/100\n|turn|20\n|inactive|Time left: 300 sec this turn | 300 sec total\n|\n|t:|1783553330\n|-terastallize|p1a: Persian|Fairy\n|move|p1a: Persian|Dark Pulse|p2a: Venomoth\n|-damage|p2a: Venomoth|141/255 par\n|-damage|p1a: Persian|81/100|[from] item: Life Orb\n|cant|p2a: Venomoth|flinch\n|\n|upkeep\n|turn|21\n|inactive|Time left: 300 sec this turn | 300 sec total\n|\n|t:|1783553331\n|move|p1a: Persian|Dark Pulse|p2a: Venomoth\n|-damage|p2a: Venomoth|89/255 par\n|-damage|p1a: Persian|71/100|[from] item: Life Orb\n|move|p2a: Venomoth|Bug Buzz|p1a: Persian\n|-resisted|p1a: Persian\n|-damage|p1a: Persian|0 fnt\n|faint|p1a: Persian\n|\n|win|p0y11467712", "uploadtime": 1783553331, "views": 0, "rating": 0, "private": 0, "password": null, "_winner": "p0y11467712", "_our_name": "p0y11467712"}