{"id": "battle-gen9randombattle-1248", "formatid": "gen9randombattle", "format": "[Gen 9] Random Battle", "players": ["p0x124867dd", "p0y12489e57"], "log": "|init|battle\n|title|p0x124867dd vs. p0y12489e57\n|j|\u2606p0x124867dd\n|j|\u2606p0y12489e57\n|t:|1783554446\n|gametype|singles\n|player|p1|p0x124867dd|1|\n|player|p2|p0y12489e57|170|\n|gen|9\n|tier|[Gen 9] Random Battle\n|rule|Species Clause: Limit one of each Pok\u00e9mon\n|rule|HP Percentage Mod: HP is shown in percentages\n|rule|Sleep Clause Mod: Limit one foe put to sleep\n|rule|Illusion Level Mod: Illusion disguises the Pok\u00e9mon's true level\n|\n|t:|1783554446\n|teamsize|p1|6\n|teamsize|p2|6\n|start\n|switch|p1a: Klawf|Klawf, L90, M|100/100\n|switch|p2a: Mamoswine|Mamoswine, L81, M|311/311\n|turn|1\n|inactive|Battle timer is ON: inactive players will automatically lose when time's up. (requested by p0y12489e57)\n|inactive|p0x124867dd also wants the timer to be on.\n|\n|t:|1783554447\n|move|p1a: Klawf|Crabhammer|p2a: Mamoswine\n|-supereffective|p2a: Mamoswine\n|-damage|p2a: Mamoswine|9/311\n|move|p2a: Mamoswine|Earthquake|p1a: Klawf\n|-supereffective|p1a: Klawf\n|-damage|p1a: Klawf|0 fnt\n|faint|p1a: Klawf\n|\n|upkeep\n|\n|t:|1783554449\n|switch|p1a: Eelektross|Eelektross, L87, M|100/100\n|turn|2\n|inactive|Time left: 300 sec this turn | 300 sec total\n|\n|t:|1783554450\n|switch|p2a: Landorus|Landorus-Therian, L76, M|260/260\n|-ability|p2a: Landorus|Intimidate|boost\n|-unboost|p1a: Eelektross|atk|1\n|move|p1a: Eelektross|Coil|p1a: Eelektross\n|-boost|p1a: Eelektross|atk|1\n|-boost|p1a: Eelektross|def|1\n|-boost|p1a: Eelektross|accuracy|1\n|\n|upkeep\n|turn|3\n|inactive|Time left: 300 sec this turn | 300 sec total\n|\n|t:|1783554451\n|move|p2a: Landorus|Stealth Rock|p1a: Eelektross\n|-sidestart|p1: p0x124867dd|move: Stealth Rock\n|move|p1a: Eelektross|Knock Off|p2a: Landorus\n|-damage|p2a: Landorus|173/260\n|-enditem|p2a: Landorus|Leftovers|[from] move: Knock Off|[of] p1a: Eelektross\n|\n|upkeep\n|turn|4\n|inactive|Time left: 300 sec this turn | 300 sec total\n|\n|t:|1783554453\n|switch|p2a: Mamoswine|Mamoswine, L81, M|9/311\n|move|p1a: Eelektross|Coil|p1a: Eelektross\n|-boost|p1a: Eelektross|atk|1\n|-boost|p1a: Eelektross|def|1\n|-boost|p1a: Eelektross|accuracy|1\n|\n|upkeep\n|turn|5\n|inactive|Time left: 300 sec this turn | 300 sec total\n|\n|t:|1783554453\n|move|p2a: Mamoswine|Icicle Crash|p1a: Eelektross\n|-damage|p1a: Eelektross|71/100\n|move|p1a: Eelektross|Knock Off|p2a: Mamoswine\n|-damage|p2a: Mamoswine|0 fnt\n|-enditem|p2a: Mamoswine|Choice Band|[from] move: Knock Off|[of] p1a: Eelektross\n|faint|p2a: Mamoswine\n|\n|-heal|p1a: Eelektross|77/100|[from] item: Leftovers\n|upkeep\n|inactive|Time left: 300 sec this turn | 300 sec total | 5 sec grace\n|\n|t:|1783554455\n|switch|p2a: Oranguru|Oranguru, L92, F|315/315\n|turn|6\n|inactive|Time left: 300 sec this turn | 300 sec total\n|\n|t:|1783554456\n|move|p2a: Oranguru|Hyper Voice|p1a: Eelektross\n|-damage|p1a: Eelektross|22/100\n|move|p1a: Eelektross|Knock Off|p2a: Oranguru\n|-supereffective|p2a: Oranguru\n|-damage|p2a: Oranguru|59/315\n|-enditem|p2a: Oranguru|Choice Specs|[from] move: Knock Off|[of] p1a: Eelektross\n|\n|-heal|p1a: Eelektross|28/100|[from] item: Leftovers\n|upkeep\n|turn|7\n|inactive|Time left: 300 sec this turn | 300 sec total\n|\n|t:|1783554457\n|move|p2a: Oranguru|Hyper Voice|p1a: Eelektross\n|-damage|p1a: Eelektross|0 fnt\n|faint|p1a: Eelektross\n|\n|upkeep\n|\n|t:|1783554459\n|switch|p1a: Rhydon|Rhydon, L85, F|100/100\n|-damage|p1a: Rhydon|95/100|[from] Stealth Rock\n|turn|8\n|inactive|Time left: 300 sec this turn | 300 sec total\n|\n|t:|1783554460\n|move|p2a: Oranguru|Focus Blast|p1a: Rhydon\n|-supereffective|p1a: Rhydon\n|-damage|p1a: Rhydon|28/100\n|move|p1a: Rhydon|Stealth Rock|p2a: Oranguru\n|-sidestart|p2: p0y12489e57|move: Stealth Rock\n|\n|upkeep\n|turn|9\n|inactive|Time left: 300 sec this turn | 300 sec total\n|\n|t:|1783554461\n|move|p2a: Oranguru|Focus Blast|p1a: Rhydon|[miss]\n|-miss|p2a: Oranguru|p1a: Rhydon\n|move|p1a: Rhydon|Earthquake|p2a: Oranguru\n|-damage|p2a: Oranguru|0 fnt\n|faint|p2a: Oranguru\n|\n|upkeep\n|inactive|Time left: 300 sec this turn | 300 sec total | 5 sec grace\n|\n|t:|1783554462\n|switch|p2a: Cacturne|Cacturne, L92, M|278/278\n|-damage|p2a: Cacturne|244/278|[from] Stealth Rock\n|turn|10\n|inactive|Time left: 300 sec this turn | 300 sec total\n|\n|t:|1783554463\n|move|p2a: Cacturne|Knock Off|p1a: Rhydon\n|-damage|p1a: Rhydon|0 fnt\n|-enditem|p1a: Rhydon|Eviolite|[from] move: Knock Off|[of] p2a: Cacturne\n|faint|p1a: Rhydon\n|-damage|p2a: Cacturne|217/278|[from] item: Life Orb\n|\n|upkeep\n|\n|t:|1783554464\n|switch|p1a: Walking Wake|Walking Wake, L79|100/100\n|-damage|p1a: Walking Wake|88/100|[from] Stealth Rock\n|turn|11\n|inactive|Time left: 300 sec this turn | 300 sec total\n|\n|t:|1783554465\n|switch|p2a: Slowbro|Slowbro, L85, M|300/300\n|-damage|p2a: Slowbro|263/300|[from] Stealth Rock\n|move|p1a: Walking Wake|Draco Meteor|p2a: Slowbro\n|-damage|p2a: Slowbro|134/300\n|-unboost|p1a: Walking Wake|spa|2\n|-damage|p1a: Walking Wake|78/100|[from] item: Life Orb\n|\n|upkeep\n|turn|12\n|inactive|Time left: 300 sec this turn | 300 sec total\n|\n|t:|1783554466\n|-end|p1a: Walking Wake|Protosynthesis|[silent]\n|switch|p1a: Suicune|Suicune, L82|100/100\n|-damage|p1a: Suicune|88/100|[from] Stealth Rock\n|-ability|p1a: Suicune|Pressure\n|move|p2a: Slowbro|Ice Beam|p1a: Suicune\n|-resisted|p1a: Suicune\n|-damage|p1a: Suicune|79/100\n|\n|-heal|p1a: Suicune|85/100|[from] item: Leftovers\n|upkeep\n|turn|13\n|inactive|Time left: 300 sec this turn | 300 sec total\n|\n|t:|1783554467\n|switch|p2a: Cacturne|Cacturne, L92, M|217/278\n|-damage|p2a: Cacturne|183/278|[from] Stealth Rock\n|move|p1a: Suicune|Calm Mind|p1a: Suicune\n|-boost|p1a: Suicune|spa|1\n|-boost|p1a: Suicune|spd|1\n|\n|-heal|p1a: Suicune|91/100|[from] item: Leftovers\n|upkeep\n|turn|14\n|inactive|Time left: 300 sec this turn | 300 sec total\n|\n|t:|1783554468\n|move|p1a: Suicune|Ice Beam|p2a: Cacturne\n|-supereffective|p2a: Cacturne\n|-damage|p2a: Cacturne|0 fnt\n|faint|p2a: Cacturne\n|\n|-heal|p1a: Suicune|97/100|[from] item: Leftovers\n|upkeep\n|inactive|Time left: 300 sec this turn | 300 sec total | 5 sec grace\n|\n|t:|1783554469\n|switch|p2a: Slowbro|Slowbro, L85, M|234/300\n|-damage|p2a: Slowbro|197/300|[from] Stealth Rock\n|turn|15\n|inactive|Time left: 300 sec this turn | 300 sec total\n|\n|t:|1783554471\n|switch|p2a: Luvdisc|Luvdisc, M|247/247\n|move|p1a: Suicune|Calm Mind|p1a: Suicune\n|-boost|p1a: Suicune|spa|1\n|-boost|p1a: Suicune|spd|1\n|\n|-heal|p1a: Suicune|100/100|[from] item: Leftovers\n|upkeep\n|turn|16\n|inactive|Time left: 300 sec this turn | 300 sec total\n|\n|t:|1783554472\n|move|p2a: Luvdisc|Substitute|p2a: Luvdisc\n|-start|p2a: Luvdisc|Substitute\n|-damage|p2a: Luvdisc|186/247\n|move|p1a: Suicune|Scald|p2a: Luvdisc\n|-resisted|p2a: Luvdisc\n|-end|p2a: Luvdisc|Substitute\n|\n|upkeep\n|turn|17\n|inactive|Time left: 300 sec this turn | 300 sec total\n|\n|t:|1783554472\n|move|p2a: Luvdisc|Substitute|p2a: Luvdisc\n|-start|p2a: Luvdisc|Substitute\n|-damage|p2a: Luvdisc|125/247\n|move|p1a: Suicune|Scald|p2a: Luvdisc\n|-resisted|p2a: Luvdisc\n|-end|p2a: Luvdisc|Substitute\n|\n|upkeep\n|turn|18\n|inactive|Time left: 300 sec this turn | 300 sec total\n|\n|t:|1783554473\n|move|p2a: Luvdisc|Endeavor|p1a: Suicune\n|-damage|p1a: Suicune|42/100\n|move|p1a: Suicune|Scald|p2a: Luvdisc\n|-resisted|p2a: Luvdisc\n|-damage|p2a: Luvdisc|50/247\n|\n|-heal|p1a: Suicune|48/100|[from] item: Leftovers\n|upkeep\n|turn|19\n|inactive|Time left: 300 sec this turn | 300 sec total\n|\n|t:|1783554474\n|move|p2a: Luvdisc|Endeavor|p1a: Suicune\n|-damage|p1a: Suicune|17/100\n|move|p1a: Suicune|Calm Mind|p1a: Suicune\n|-boost|p1a: Suicune|spa|1\n|-boost|p1a: Suicune|spd|1\n|\n|-heal|p1a: Suicune|23/100|[from] item: Leftovers\n|upkeep\n|turn|20\n|inactive|Time left: 300 sec this turn | 300 sec total\n|\n|t:|1783554475\n|move|p2a: Luvdisc|Whirlpool|p1a: Suicune|[miss]\n|-miss|p2a: Luvdisc|p1a: Suicune\n|move|p1a: Suicune|Scald|p2a: Luvdisc\n|-resisted|p2a: Luvdisc\n|-damage|p2a: Luvdisc|0 fnt\n|faint|p2a: Luvdisc\n|\n|-heal|p1a: Suicune|29/100|[from] item: Leftovers\n|upkeep\n|inactive|Time left: 300 sec this turn | 300 sec total | 5 sec grace\n|\n|t:|1783554476\n|switch|p2a: Slowbro|Slowbro, L85, M|297/300\n|-damage|p2a: Slowbro|260/300|[from] Stealth Rock\n|turn|21\n|inactive|Time left: 300 sec this turn | 300 sec total\n|\n|t:|1783554477\n|move|p1a: Suicune|Scald|p2a: Slowbro\n|-resisted|p2a: Slowbro\n|-damage|p2a: Slowbro|192/300\n|move|p2a: Slowbro|Body Press|p1a: Suicune\n|-damage|p1a: Suicune|13/100\n|\n|-heal|p1a: Suicune|19/100|[from] item: Leftovers\n|upkeep\n|turn|22\n|inactive|Time left: 300 sec this turn | 300 sec total\n|\n|t:|1783554478\n|move|p1a: Suicune|Scald|p2a: Slowbro\n|-resisted|p2a: Slowbro\n|-damage|p2a: Slowbro|126/300\n|-status|p2a: Slowbro|brn\n|move|p2a: Slowbro|Body Press|p1a: Suicune\n|-damage|p1a: Suicune|10/100\n|\n|-heal|p1a: Suicune|16/100|[from] item: Leftovers\n|-damage|p2a: Slowbro|108/300 brn|[from] brn\n|upkeep\n|turn|23\n|inactive|Time left: 300 sec this turn | 300 sec total\n|\n|t:|1783554479\n|move|p1a: Suicune|Scald|p2a: Slowbro\n|-resisted|p2a: Slowbro\n|-damage|p2a: Slowbro|37/300 brn\n|move|p2a: Slowbro|Fire Blast|p1a: Suicune\n|-resisted|p1a: Suicune\n|-damage|p1a: Suicune|11/100\n|\n|-heal|p1a: Suicune|17/100|[from] item: Leftovers\n|-damage|p2a: Slowbro|19/300 brn|[from] brn\n|upkeep\n|turn|24\n|inactive|Time left: 300 sec this turn | 300 sec total\n|\n|t:|1783554480\n|-terastallize|p2a: Slowbro|Fighting\n|move|p1a: Suicune|Ice Beam|p2a: Slowbro\n|-damage|p2a: Slowbro|0 fnt\n|faint|p2a: Slowbro\n|\n|-heal|p1a: Suicune|23/100|[from] item: Leftovers\n|upkeep\n|inactive|Time left: 300 sec this turn | 300 sec total | 5 sec grace\n|\n|t:|1783554481\n|switch|p2a: Landorus|Landorus-Therian, L76, M|173/260\n|-damage|p2a: Landorus|141/260|[from] Stealth Rock\n|-ability|p2a: Landorus|Intimidate|boost\n|-unboost|p1a: Suicune|atk|1\n|turn|25\n|inactive|Time left: 300 sec this turn | 300 sec total\n|\n|t:|1783554482\n|move|p1a: Suicune|Scald|p2a: Landorus\n|-supereffective|p2a: Landorus\n|-damage|p2a: Landorus|0 fnt\n|faint|p2a: Landorus\n|\n|win|p0x124867dd", "uploadtime": 1783554482, "views": 0, "rating": 0, "private": 0, "password": null, "_winner": "p0x124867dd", "_our_name": "p0y12489e57"}