{"id": "battle-gen9randombattle-1343", "formatid": "gen9randombattle", "format": "[Gen 9] Random Battle", "players": ["p0x1343e5ad", "p0y134319aa"], "log": "|init|battle\n|title|p0x1343e5ad vs. p0y134319aa\n|j|\u2606p0x1343e5ad\n|j|\u2606p0y134319aa\n|t:|1783554720\n|gametype|singles\n|player|p1|p0x1343e5ad|102|\n|player|p2|p0y134319aa|266|\n|gen|9\n|tier|[Gen 9] Random Battle\n|rule|Species Clause: Limit one of each Pok\u00e9mon\n|rule|HP Percentage Mod: HP is shown in percentages\n|rule|Sleep Clause Mod: Limit one foe put to sleep\n|rule|Illusion Level Mod: Illusion disguises the Pok\u00e9mon's true level\n|\n|t:|1783554720\n|teamsize|p1|6\n|teamsize|p2|6\n|start\n|switch|p1a: Toxicroak|Toxicroak, L84, M|277/277\n|switch|p2a: Seviper|Seviper, L93, M|100/100\n|turn|1\n|inactive|Battle timer is ON: inactive players will automatically lose when time's up. (requested by p0x1343e5ad)\n|inactive|p0y134319aa also wants the timer to be on.\n|\n|t:|1783554721\n|move|p1a: Toxicroak|Earthquake|p2a: Seviper\n|-supereffective|p2a: Seviper\n|-damage|p2a: Seviper|36/100\n|move|p2a: Seviper|Earthquake|p1a: Toxicroak\n|-supereffective|p1a: Toxicroak\n|-damage|p1a: Toxicroak|55/277\n|\n|-heal|p2a: Seviper|42/100|[from] item: Leftovers\n|upkeep\n|turn|2\n|inactive|Time left: 300 sec this turn | 300 sec total\n|\n|t:|1783554723\n|switch|p2a: Hatterene|Hatterene, L85, F|100/100\n|move|p1a: Toxicroak|Earthquake|p2a: Hatterene\n|-damage|p2a: Hatterene|70/100\n|\n|upkeep\n|turn|3\n|inactive|Time left: 300 sec this turn | 300 sec total\n|\n|t:|1783554724\n|move|p1a: Toxicroak|Earthquake|p2a: Hatterene\n|-damage|p2a: Hatterene|39/100\n|move|p2a: Hatterene|Draining Kiss|p1a: Toxicroak\n|-damage|p1a: Toxicroak|0 fnt\n|-heal|p2a: Hatterene|57/100|[from] drain|[of] p1a: Toxicroak\n|faint|p1a: Toxicroak\n|\n|upkeep\n|inactive|Time left: 300 sec this turn | 300 sec total | 5 sec grace\n|\n|t:|1783554725\n|switch|p1a: Zebstrika|Zebstrika, L87, F|272/272\n|turn|4\n|inactive|Time left: 300 sec this turn | 300 sec total\n|\n|t:|1783554726\n|move|p1a: Zebstrika|Supercell Slam|p2a: Hatterene\n|-damage|p2a: Hatterene|0 fnt\n|faint|p2a: Hatterene\n|-damage|p1a: Zebstrika|245/272|[from] item: Life Orb\n|\n|upkeep\n|\n|t:|1783554727\n|switch|p2a: Haxorus|Haxorus, L77, F|100/100\n|-ability|p2a: Haxorus|Mold Breaker\n|turn|5\n|inactive|Time left: 300 sec this turn | 300 sec total\n|\n|t:|1783554728\n|move|p1a: Zebstrika|Volt Switch|p2a: Haxorus\n|-resisted|p2a: Haxorus\n|-damage|p2a: Haxorus|75/100\n|-damage|p1a: Zebstrika|218/272|[from] item: Life Orb\n|inactive|Time left: 300 sec this turn | 300 sec total | 5 sec grace\n|\n|t:|1783554729\n|switch|p1a: Inteleon|Inteleon, L81, M|246/246|[from] Volt Switch\n|move|p2a: Haxorus|Dragon Dance|p2a: Haxorus\n|-boost|p2a: Haxorus|atk|1\n|-boost|p2a: Haxorus|spe|1\n|\n|upkeep\n|turn|6\n|inactive|Time left: 300 sec this turn | 300 sec total\n|\n|t:|1783554730\n|move|p2a: Haxorus|Outrage|p1a: Inteleon\n|-damage|p1a: Inteleon|0 fnt\n|faint|p1a: Inteleon\n|\n|upkeep\n|inactive|Time left: 300 sec this turn | 300 sec total | 5 sec grace\n|\n|t:|1783554731\n|switch|p1a: Slither Wing|Slither Wing, L81|270/270\n|turn|7\n|inactive|Time left: 300 sec this turn | 300 sec total\n|\n|t:|1783554732\n|move|p2a: Haxorus|Outrage|p1a: Slither Wing|[from] lockedmove\n|-damage|p1a: Slither Wing|17/270\n|move|p1a: Slither Wing|Close Combat|p2a: Haxorus\n|-damage|p2a: Haxorus|0 fnt\n|-unboost|p1a: Slither Wing|def|1\n|-unboost|p1a: Slither Wing|spd|1\n|faint|p2a: Haxorus\n|-damage|p1a: Slither Wing|0 fnt|[from] item: Life Orb\n|faint|p1a: Slither Wing\n|-end|p1a: Slither Wing|Protosynthesis|[silent]\n|\n|upkeep\n|inactive|Time left: 300 sec this turn | 300 sec total | 5 sec grace\n|\n|t:|1783554733\n|switch|p2a: Iron Treads|Iron Treads, L77|100/100\n|switch|p1a: Meowstic|Meowstic-F, L89, F|277/277\n|turn|8\n|inactive|Time left: 300 sec this turn | 300 sec total\n|\n|t:|1783554734\n|move|p1a: Meowstic|Nasty Plot|p1a: Meowstic\n|-boost|p1a: Meowstic|spa|2\n|move|p2a: Iron Treads|Knock Off|p1a: Meowstic\n|-supereffective|p1a: Meowstic\n|-damage|p1a: Meowstic|141/277\n|-enditem|p1a: Meowstic|Life Orb|[from] move: Knock Off|[of] p2a: Iron Treads\n|\n|upkeep\n|turn|9\n|inactive|Time left: 300 sec this turn | 300 sec total\n|\n|t:|1783554736\n|move|p1a: Meowstic|Dark Pulse|p2a: Iron Treads\n|-damage|p2a: Iron Treads|67/100\n|move|p2a: Iron Treads|Rapid Spin|p1a: Meowstic\n|-damage|p1a: Meowstic|107/277\n|-boost|p2a: Iron Treads|spe|1\n|\n|upkeep\n|turn|10\n|inactive|Time left: 300 sec this turn | 300 sec total\n|\n|t:|1783554737\n|move|p2a: Iron Treads|Earthquake|p1a: Meowstic\n|-damage|p1a: Meowstic|7/277\n|move|p1a: Meowstic|Dark Pulse|p2a: Iron Treads\n|-damage|p2a: Iron Treads|29/100\n|\n|upkeep\n|turn|11\n|inactive|Time left: 300 sec this turn | 300 sec total\n|\n|t:|1783554738\n|move|p2a: Iron Treads|Knock Off|p1a: Meowstic\n|-supereffective|p1a: Meowstic\n|-damage|p1a: Meowstic|0 fnt\n|faint|p1a: Meowstic\n|\n|upkeep\n|inactive|Time left: 300 sec this turn | 300 sec total | 5 sec grace\n|\n|t:|1783554739\n|switch|p1a: Plusle|Plusle, L95, F|268/268\n|turn|12\n|inactive|Time left: 300 sec this turn | 300 sec total\n|\n|t:|1783554740\n|-terastallize|p1a: Plusle|Grass\n|move|p2a: Iron Treads|Earthquake|p1a: Plusle\n|-resisted|p1a: Plusle\n|-damage|p1a: Plusle|190/268\n|move|p1a: Plusle|Nasty Plot|p1a: Plusle\n|-boost|p1a: Plusle|spa|2\n|\n|upkeep\n|turn|13\n|inactive|Time left: 300 sec this turn | 300 sec total\n|\n|t:|1783554741\n|move|p2a: Iron Treads|Iron Head|p1a: Plusle\n|-damage|p1a: Plusle|61/268\n|move|p1a: Plusle|Grass Knot|p2a: Iron Treads\n|-damage|p2a: Iron Treads|0 fnt\n|faint|p2a: Iron Treads\n|-end|p2a: Iron Treads|Quark Drive|[silent]\n|-damage|p1a: Plusle|35/268|[from] item: Life Orb\n|\n|upkeep\n|\n|t:|1783554742\n|switch|p2a: Victreebel|Victreebel, L90, M|100/100\n|turn|14\n|inactive|Time left: 300 sec this turn | 300 sec total\n|\n|t:|1783554743\n|move|p1a: Plusle|Thunderbolt|p2a: Victreebel\n|-resisted|p2a: Victreebel\n|-damage|p2a: Victreebel|42/100\n|-status|p2a: Victreebel|par\n|-damage|p1a: Plusle|9/268|[from] item: Life Orb\n|cant|p2a: Victreebel|par\n|\n|upkeep\n|turn|15\n|inactive|Time left: 300 sec this turn | 300 sec total\n|\n|t:|1783554745\n|move|p1a: Plusle|Nasty Plot|p1a: Plusle\n|-boost|p1a: Plusle|spa|2\n|cant|p2a: Victreebel|par\n|\n|upkeep\n|turn|16\n|inactive|Time left: 300 sec this turn | 300 sec total\n|\n|t:|1783554746\n|move|p1a: Plusle|Thunderbolt|p2a: Victreebel\n|-resisted|p2a: Victreebel\n|-damage|p2a: Victreebel|0 fnt\n|faint|p2a: Victreebel\n|-damage|p1a: Plusle|0 fnt|[from] item: Life Orb\n|faint|p1a: Plusle\n|\n|upkeep\n|inactive|Time left: 300 sec this turn | 300 sec total | 5 sec grace\n|\n|t:|1783554747\n|switch|p1a: Zebstrika|Zebstrika, L87, F|218/272\n|switch|p2a: Regirock|Regirock, L83|100/100\n|turn|17\n|inactive|Time left: 300 sec this turn | 300 sec total\n|\n|t:|1783554748\n|-terastallize|p2a: Regirock|Fighting\n|move|p1a: Zebstrika|Volt Switch|p2a: Regirock\n|-damage|p2a: Regirock|71/100\n|-damage|p1a: Zebstrika|191/272|[from] item: Life Orb\n|move|p2a: Regirock|Body Press|p1a: Zebstrika\n|-damage|p1a: Zebstrika|4/272\n|\n|upkeep\n|turn|18\n|inactive|Time left: 300 sec this turn | 300 sec total\n|\n|t:|1783554749\n|switch|p2a: Seviper|Seviper, L93, M|42/100\n|move|p1a: Zebstrika|High Horsepower|p2a: Seviper\n|-supereffective|p2a: Seviper\n|-damage|p2a: Seviper|0 fnt\n|faint|p2a: Seviper\n|-damage|p1a: Zebstrika|0 fnt|[from] item: Life Orb\n|faint|p1a: Zebstrika\n|\n|win|p0y134319aa", "uploadtime": 1783554749, "views": 0, "rating": 0, "private": 0, "password": null, "_winner": "p0y134319aa", "_our_name": "p0x1343e5ad"}