{"id": "battle-gen9randombattle-2830", "formatid": "gen9randombattle", "format": "[Gen 9] Random Battle", "players": ["p0x2830e401", "p0y28302254"], "log": "|init|battle\n|title|p0x2830e401 vs. p0y28302254\n|j|\u2606p0x2830e401\n|j|\u2606p0y28302254\n|t:|1783572593\n|gametype|singles\n|player|p1|p0x2830e401|170|\n|player|p2|p0y28302254|169|\n|gen|9\n|tier|[Gen 9] Random Battle\n|rule|Species Clause: Limit one of each Pok\u00e9mon\n|rule|HP Percentage Mod: HP is shown in percentages\n|rule|Sleep Clause Mod: Limit one foe put to sleep\n|rule|Illusion Level Mod: Illusion disguises the Pok\u00e9mon's true level\n|\n|t:|1783572593\n|teamsize|p1|6\n|teamsize|p2|6\n|start\n|switch|p1a: Kommo-o|Kommo-o, L77, M|242/242\n|switch|p2a: Arceus|Arceus-Ghost, L69|100/100\n|turn|1\n|inactive|Battle timer is ON: inactive players will automatically lose when time's up. (requested by p0y28302254)\n|inactive|Time left: 300 sec this turn | 300 sec total | 60 sec grace\n|inactive|p0x2830e401 also wants the timer to be on.\n|\n|t:|1783572595\n|move|p2a: Arceus|Calm Mind|p2a: Arceus\n|-boost|p2a: Arceus|spa|1\n|-boost|p2a: Arceus|spd|1\n|move|p1a: Kommo-o|Clangorous Soul|p1a: Kommo-o\n|-boost|p1a: Kommo-o|atk|1\n|-boost|p1a: Kommo-o|def|1\n|-boost|p1a: Kommo-o|spa|1\n|-boost|p1a: Kommo-o|spd|1\n|-boost|p1a: Kommo-o|spe|1\n|-damage|p1a: Kommo-o|163/242\n|-enditem|p1a: Kommo-o|Throat Spray\n|-boost|p1a: Kommo-o|spa|1|[from] item: Throat Spray\n|\n|upkeep\n|turn|2\n|inactive|Time left: 300 sec this turn | 300 sec total\n|\n|t:|1783572596\n|move|p1a: Kommo-o|Iron Head|p2a: Arceus\n|-damage|p2a: Arceus|75/100\n|move|p2a: Arceus|Judgment|p1a: Kommo-o\n|-damage|p1a: Kommo-o|66/242\n|\n|upkeep\n|turn|3\n|inactive|Time left: 300 sec this turn | 300 sec total\n|\n|t:|1783572597\n|move|p1a: Kommo-o|Iron Head|p2a: Arceus\n|-damage|p2a: Arceus|47/100\n|move|p2a: Arceus|Judgment|p1a: Kommo-o\n|-damage|p1a: Kommo-o|0 fnt\n|faint|p1a: Kommo-o\n|\n|upkeep\n|inactive|Time left: 300 sec this turn | 300 sec total | 5 sec grace\n|\n|t:|1783572598\n|switch|p1a: Lurantis|Lurantis, L87, F|264/264\n|turn|4\n|inactive|Time left: 300 sec this turn | 300 sec total\n|\n|t:|1783572599\n|move|p2a: Arceus|Judgment|p1a: Lurantis\n|-damage|p1a: Lurantis|162/264\n|move|p1a: Lurantis|Leaf Storm|p2a: Arceus\n|-damage|p2a: Arceus|19/100\n|-boost|p1a: Lurantis|spa|2\n|\n|upkeep\n|turn|5\n|inactive|Time left: 300 sec this turn | 300 sec total\n|\n|t:|1783572600\n|move|p2a: Arceus|Judgment|p1a: Lurantis\n|-damage|p1a: Lurantis|68/264\n|move|p1a: Lurantis|Leaf Storm|p2a: Arceus|[miss]\n|-miss|p1a: Lurantis|p2a: Arceus\n|\n|upkeep\n|turn|6\n|inactive|Time left: 300 sec this turn | 300 sec total\n|\n|t:|1783572601\n|switch|p1a: Appletun|Appletun, L92, F|352/352\n|move|p2a: Arceus|Judgment|p1a: Appletun\n|-damage|p1a: Appletun|202/352\n|\n|-heal|p1a: Appletun|224/352|[from] item: Leftovers\n|upkeep\n|turn|7\n|inactive|Time left: 300 sec this turn | 300 sec total\n|\n|t:|1783572603\n|move|p2a: Arceus|Recover|p2a: Arceus\n|-heal|p2a: Arceus|69/100\n|move|p1a: Appletun|Dragon Tail|p2a: Arceus\n|-damage|p2a: Arceus|47/100\n|drag|p2a: Cyclizar|Cyclizar, L84, M|100/100\n|\n|-heal|p1a: Appletun|246/352|[from] item: Leftovers\n|upkeep\n|turn|8\n|inactive|Time left: 300 sec this turn | 300 sec total\n|\n|t:|1783572604\n|move|p2a: Cyclizar|Shed Tail|p2a: Cyclizar\n|-start|p2a: Cyclizar|Substitute|[from] move: Shed Tail\n|-damage|p2a: Cyclizar|50/100\n|\n|t:|1783572605\n|switch|p2a: Scizor|Scizor, L79, F|100/100|[from] Shed Tail\n|move|p1a: Appletun|Apple Acid|p2a: Scizor\n|-resisted|p2a: Scizor\n|-activate|p2a: Scizor|move: Substitute|[damage]\n|\n|-heal|p1a: Appletun|268/352|[from] item: Leftovers\n|upkeep\n|turn|9\n|inactive|Time left: 300 sec this turn | 300 sec total\n|\n|t:|1783572606\n|move|p2a: Scizor|Knock Off|p1a: Appletun\n|-damage|p1a: Appletun|156/352\n|-enditem|p1a: Appletun|Leftovers|[from] move: Knock Off|[of] p2a: Scizor\n|move|p1a: Appletun|Recover|p1a: Appletun\n|-heal|p1a: Appletun|332/352\n|\n|upkeep\n|turn|10\n|inactive|Time left: 300 sec this turn | 300 sec total\n|\n|t:|1783572607\n|switch|p1a: Stonjourner|Stonjourner, L91, F|330/330\n|move|p2a: Scizor|Knock Off|p1a: Stonjourner\n|-damage|p1a: Stonjourner|251/330\n|-enditem|p1a: Stonjourner|Life Orb|[from] move: Knock Off|[of] p2a: Scizor\n|\n|upkeep\n|turn|11\n|inactive|Time left: 300 sec this turn | 300 sec total\n|\n|t:|1783572607\n|move|p1a: Stonjourner|Rock Polish|p1a: Stonjourner\n|-boost|p1a: Stonjourner|spe|2\n|move|p2a: Scizor|Knock Off|p1a: Stonjourner\n|-damage|p1a: Stonjourner|198/330\n|\n|upkeep\n|turn|12\n|inactive|Time left: 300 sec this turn | 300 sec total\n|\n|t:|1783572608\n|move|p1a: Stonjourner|Earthquake|p2a: Scizor\n|-end|p2a: Scizor|Substitute\n|move|p2a: Scizor|Knock Off|p1a: Stonjourner\n|-damage|p1a: Stonjourner|148/330\n|\n|upkeep\n|turn|13\n|inactive|Time left: 300 sec this turn | 300 sec total\n|\n|t:|1783572609\n|switch|p2a: Golduck|Golduck, L90, M|100/100\n|-ability|p2a: Golduck|Cloud Nine\n|move|p1a: Stonjourner|Stone Edge|p2a: Golduck|[miss]\n|-miss|p1a: Stonjourner|p2a: Golduck\n|\n|upkeep\n|turn|14\n|inactive|Time left: 300 sec this turn | 300 sec total\n|\n|t:|1783572610\n|move|p1a: Stonjourner|Stone Edge|p2a: Golduck\n|-damage|p2a: Golduck|48/100\n|move|p2a: Golduck|Hydro Pump|p1a: Stonjourner\n|-supereffective|p1a: Stonjourner\n|-damage|p1a: Stonjourner|0 fnt\n|faint|p1a: Stonjourner\n|-damage|p2a: Golduck|38/100|[from] item: Life Orb\n|\n|upkeep\n|inactive|Time left: 300 sec this turn | 300 sec total | 5 sec grace\n|\n|t:|1783572611\n|switch|p1a: Appletun|Appletun, L92, F|332/352\n|turn|15\n|inactive|Time left: 300 sec this turn | 300 sec total\n|\n|t:|1783572612\n|move|p2a: Golduck|Ice Beam|p1a: Appletun\n|-supereffective|p1a: Appletun\n|-damage|p1a: Appletun|150/352\n|-damage|p2a: Golduck|28/100|[from] item: Life Orb\n|move|p1a: Appletun|Apple Acid|p2a: Golduck\n|-supereffective|p2a: Golduck\n|-damage|p2a: Golduck|0 fnt\n|faint|p2a: Golduck\n|\n|upkeep\n|\n|t:|1783572613\n|switch|p2a: Scizor|Scizor, L79, F|100/100\n|turn|16\n|inactive|Time left: 300 sec this turn | 300 sec total\n|\n|t:|1783572614\n|switch|p1a: Solgaleo|Solgaleo, L74|325/325\n|move|p2a: Scizor|U-turn|p1a: Solgaleo\n|-damage|p1a: Solgaleo|214/325\n|-damage|p2a: Scizor|84/100|[from] item: Rocky Helmet|[of] p1a: Solgaleo\n|\n|t:|1783572615\n|switch|p2a: Chi-Yu|Chi-Yu, L77|100/100|[from] U-turn\n|-ability|p2a: Chi-Yu|Beads of Ruin\n|\n|upkeep\n|turn|17\n|inactive|Time left: 300 sec this turn | 300 sec total\n|\n|t:|1783572616\n|-terastallize|p1a: Solgaleo|Water\n|move|p2a: Chi-Yu|Dark Pulse|p1a: Solgaleo\n|-damage|p1a: Solgaleo|81/325\n|move|p1a: Solgaleo|Earthquake|p2a: Chi-Yu\n|-supereffective|p2a: Chi-Yu\n|-damage|p2a: Chi-Yu|26/100\n|\n|upkeep\n|turn|18\n|inactive|Time left: 300 sec this turn | 300 sec total\n|\n|t:|1783572617\n|switch|p1a: Electrode|Electrode, L92|260/260\n|move|p2a: Chi-Yu|Dark Pulse|p1a: Electrode\n|-damage|p1a: Electrode|142/260\n|\n|upkeep\n|turn|19\n|inactive|Time left: 300 sec this turn | 300 sec total\n|\n|t:|1783572618\n|switch|p2a: Lanturn|Lanturn, L89, M|100/100\n|move|p1a: Electrode|Volt Switch|p2a: Lanturn\n|-immune|p2a: Lanturn|[from] ability: Volt Absorb\n|\n|upkeep\n|turn|20\n|inactive|Time left: 300 sec this turn | 300 sec total\n|\n|t:|1783572619\n|switch|p1a: Appletun|Appletun, L92, F|150/352\n|move|p2a: Lanturn|Ice Beam|p1a: Appletun\n|-supereffective|p1a: Appletun\n|-damage|p1a: Appletun|30/352\n|\n|upkeep\n|turn|21\n|inactive|Time left: 300 sec this turn | 300 sec total\n|\n|t:|1783572620\n|move|p2a: Lanturn|Ice Beam|p1a: Appletun\n|-supereffective|p1a: Appletun\n|-damage|p1a: Appletun|0 fnt\n|faint|p1a: Appletun\n|\n|upkeep\n|inactive|Time left: 300 sec this turn | 300 sec total | 5 sec grace\n|\n|t:|1783572621\n|switch|p1a: Solgaleo|Solgaleo, L74, tera:Water|81/325\n|turn|22\n|inactive|Time left: 300 sec this turn | 300 sec total\n|\n|t:|1783572622\n|move|p1a: Solgaleo|Morning Sun|p1a: Solgaleo\n|-heal|p1a: Solgaleo|243/325\n|move|p2a: Lanturn|Thunderbolt|p1a: Solgaleo\n|-supereffective|p1a: Solgaleo\n|-damage|p1a: Solgaleo|45/325\n|\n|upkeep\n|turn|23\n|inactive|Time left: 300 sec this turn | 300 sec total\n|\n|t:|1783572623\n|move|p1a: Solgaleo|Morning Sun|p1a: Solgaleo\n|-heal|p1a: Solgaleo|207/325\n|move|p2a: Lanturn|Thunderbolt|p1a: Solgaleo\n|-supereffective|p1a: Solgaleo\n|-damage|p1a: Solgaleo|9/325\n|\n|upkeep\n|turn|24\n|inactive|Time left: 300 sec this turn | 300 sec total\n|\n|t:|1783572624\n|move|p1a: Solgaleo|Morning Sun|p1a: Solgaleo\n|-heal|p1a: Solgaleo|171/325\n|move|p2a: Lanturn|Thunderbolt|p1a: Solgaleo\n|-supereffective|p1a: Solgaleo\n|-damage|p1a: Solgaleo|0 fnt\n|faint|p1a: Solgaleo\n|\n|upkeep\n|inactive|Time left: 300 sec this turn | 300 sec total | 5 sec grace\n|\n|t:|1783572625\n|switch|p1a: Electrode|Electrode, L92|142/260\n|turn|25\n|inactive|Time left: 300 sec this turn | 300 sec total\n|\n|t:|1783572626\n|switch|p1a: Lurantis|Lurantis, L87, F|68/264\n|move|p2a: Lanturn|Scald|p1a: Lurantis\n|-resisted|p1a: Lurantis\n|-damage|p1a: Lurantis|41/264\n|\n|upkeep\n|turn|26\n|inactive|Time left: 300 sec this turn | 300 sec total\n|\n|t:|1783572627\n|switch|p1a: Electrode|Electrode, L92|142/260\n|move|p2a: Lanturn|Ice Beam|p1a: Electrode\n|-damage|p1a: Electrode|81/260\n|\n|upkeep\n|turn|27\n|inactive|Time left: 300 sec this turn | 300 sec total\n|\n|t:|1783572628\n|switch|p1a: Lurantis|Lurantis, L87, F|41/264\n|move|p2a: Lanturn|Scald|p1a: Lurantis\n|-resisted|p1a: Lurantis\n|-damage|p1a: Lurantis|18/264\n|-status|p1a: Lurantis|brn\n|\n|-damage|p1a: Lurantis|2/264 brn|[from] brn\n|upkeep\n|turn|28\n|inactive|Time left: 300 sec this turn | 300 sec total\n|\n|t:|1783572629\n|switch|p2a: Scizor|Scizor, L79, F|84/100\n|move|p1a: Lurantis|Leaf Storm|p2a: Scizor\n|-resisted|p2a: Scizor\n|-damage|p2a: Scizor|70/100\n|-boost|p1a: Lurantis|spa|2\n|\n|-damage|p1a: Lurantis|0 fnt|[from] brn\n|faint|p1a: Lurantis\n|upkeep\n|inactive|Time left: 300 sec this turn | 300 sec total | 5 sec grace\n|\n|t:|1783572630\n|switch|p1a: Electrode|Electrode, L92|81/260\n|turn|29\n|inactive|Time left: 300 sec this turn | 300 sec total\n|\n|t:|1783572631\n|-terastallize|p2a: Scizor|Steel\n|move|p1a: Electrode|Thunderbolt|p2a: Scizor\n|-damage|p2a: Scizor|7/100\n|-damage|p1a: Electrode|55/260|[from] item: Life Orb\n|move|p2a: Scizor|Knock Off|p1a: Electrode\n|-damage|p1a: Electrode|0 fnt\n|-status|p2a: Scizor|par|[from] ability: Static|[of] p1a: Electrode\n|-enditem|p1a: Electrode|Life Orb|[from] move: Knock Off|[of] p2a: Scizor\n|faint|p1a: Electrode\n|\n|win|p0y28302254", "uploadtime": 1783572631, "views": 0, "rating": 0, "private": 0, "password": null, "_winner": "p0y28302254", "_our_name": "p0x2830e401"}