{"id": "battle-gen9randombattle-633", "formatid": "gen9randombattle", "format": "[Gen 9] Random Battle", "players": ["p0x6335f00", "p0y63341f4"], "log": "|init|battle\n|title|p0x6335f00 vs. p0y63341f4\n|j|\u2606p0x6335f00\n|j|\u2606p0y63341f4\n|t:|1783547155\n|gametype|singles\n|player|p1|p0x6335f00|2|\n|player|p2|p0y63341f4|265|\n|gen|9\n|tier|[Gen 9] Random Battle\n|rule|Species Clause: Limit one of each Pok\u00e9mon\n|rule|HP Percentage Mod: HP is shown in percentages\n|rule|Sleep Clause Mod: Limit one foe put to sleep\n|rule|Illusion Level Mod: Illusion disguises the Pok\u00e9mon's true level\n|\n|t:|1783547155\n|teamsize|p1|6\n|teamsize|p2|6\n|start\n|switch|p1a: Flamigo|Flamigo, L82, F|269/269\n|switch|p2a: Tauros|Tauros-Paldea-Blaze, L81, M|100/100\n|-ability|p2a: Tauros|Intimidate|boost\n|-fail|p1a: Flamigo|unboost|Attack|[from] ability: Scrappy|[of] p1a: Flamigo\n|turn|1\n|inactive|Battle timer is ON: inactive players will automatically lose when time's up. (requested by p0x6335f00)\n|\n|t:|1783547157\n|move|p2a: Tauros|Flare Blitz|p1a: Flamigo\n|-crit|p1a: Flamigo\n|-damage|p1a: Flamigo|0 fnt\n|faint|p1a: Flamigo\n|-damage|p2a: Tauros|65/100|[from] Recoil\n|\n|upkeep\n|inactive|Time left: 300 sec this turn | 300 sec total | 65 sec grace\n|inactive|p0y63341f4 also wants the timer to be on.\n|\n|t:|1783547158\n|switch|p1a: Skeledirge|Skeledirge, L79, F|294/294\n|turn|2\n|inactive|Time left: 300 sec this turn | 300 sec total\n|\n|t:|1783547159\n|switch|p2a: Gyarados|Gyarados, L79, F|100/100\n|move|p1a: Skeledirge|Torch Song|p2a: Gyarados\n|-resisted|p2a: Gyarados\n|-damage|p2a: Gyarados|87/100\n|-boost|p1a: Skeledirge|spa|1\n|\n|upkeep\n|turn|3\n|inactive|Time left: 300 sec this turn | 300 sec total\n|\n|t:|1783547161\n|move|p2a: Gyarados|Waterfall|p1a: Skeledirge\n|-supereffective|p1a: Skeledirge\n|-damage|p1a: Skeledirge|126/294\n|move|p1a: Skeledirge|Will-O-Wisp|p2a: Gyarados\n|-status|p2a: Gyarados|brn\n|\n|-damage|p2a: Gyarados|80/100 brn|[from] brn\n|upkeep\n|turn|4\n|inactive|Time left: 300 sec this turn | 300 sec total\n|\n|t:|1783547162\n|move|p2a: Gyarados|Waterfall|p1a: Skeledirge\n|-supereffective|p1a: Skeledirge\n|-crit|p1a: Skeledirge\n|-damage|p1a: Skeledirge|2/294\n|cant|p1a: Skeledirge|flinch\n|\n|-damage|p2a: Gyarados|74/100 brn|[from] brn\n|upkeep\n|turn|5\n|inactive|Time left: 300 sec this turn | 300 sec total\n|\n|t:|1783547163\n|switch|p1a: Zarude|Zarude, L77|288/288\n|move|p2a: Gyarados|Earthquake|p1a: Zarude\n|-resisted|p1a: Zarude\n|-damage|p1a: Zarude|269/288\n|\n|-heal|p1a: Zarude|287/288|[from] item: Leftovers\n|-damage|p2a: Gyarados|68/100 brn|[from] brn\n|upkeep\n|turn|6\n|inactive|Time left: 300 sec this turn | 300 sec total\n|\n|t:|1783547164\n|switch|p2a: Tauros|Tauros-Paldea-Blaze, L81, M|65/100\n|-ability|p2a: Tauros|Intimidate|boost\n|-unboost|p1a: Zarude|atk|1\n|move|p1a: Zarude|Swords Dance|p1a: Zarude\n|-boost|p1a: Zarude|atk|2\n|\n|-heal|p1a: Zarude|288/288|[from] item: Leftovers\n|upkeep\n|turn|7\n|inactive|Time left: 300 sec this turn | 300 sec total\n|\n|t:|1783547165\n|switch|p1a: Skeledirge|Skeledirge, L79, F|2/294\n|move|p2a: Tauros|Flare Blitz|p1a: Skeledirge\n|-resisted|p1a: Skeledirge\n|-damage|p1a: Skeledirge|0 fnt\n|faint|p1a: Skeledirge\n|-damage|p2a: Tauros|65/100|[from] Recoil\n|\n|upkeep\n|inactive|Time left: 300 sec this turn | 300 sec total | 5 sec grace\n|\n|t:|1783547166\n|switch|p1a: Shaymin|Shaymin-Sky, L73|266/266\n|turn|8\n|inactive|Time left: 300 sec this turn | 300 sec total\n|\n|t:|1783547167\n|switch|p2a: Corviknight|Corviknight, L80, F|100/100\n|-ability|p2a: Corviknight|Pressure\n|move|p1a: Shaymin|Air Slash|p2a: Corviknight\n|-resisted|p2a: Corviknight\n|-damage|p2a: Corviknight|87/100\n|\n|upkeep\n|turn|9\n|inactive|Time left: 300 sec this turn | 300 sec total\n|\n|t:|1783547168\n|move|p1a: Shaymin|Substitute|p1a: Shaymin\n|-start|p1a: Shaymin|Substitute\n|-damage|p1a: Shaymin|200/266\n|move|p2a: Corviknight|Brave Bird|p1a: Shaymin\n|-supereffective|p1a: Shaymin\n|-end|p1a: Shaymin|Substitute\n|-damage|p2a: Corviknight|80/100|[from] Recoil|[of] p1a: Shaymin\n|\n|-heal|p1a: Shaymin|216/266|[from] item: Leftovers\n|upkeep\n|turn|10\n|inactive|Time left: 300 sec this turn | 300 sec total\n|\n|t:|1783547169\n|move|p1a: Shaymin|Substitute|p1a: Shaymin\n|-start|p1a: Shaymin|Substitute\n|-damage|p1a: Shaymin|150/266\n|move|p2a: Corviknight|Brave Bird|p1a: Shaymin\n|-supereffective|p1a: Shaymin\n|-end|p1a: Shaymin|Substitute\n|-damage|p2a: Corviknight|72/100|[from] Recoil|[of] p1a: Shaymin\n|\n|-heal|p1a: Shaymin|166/266|[from] item: Leftovers\n|upkeep\n|turn|11\n|inactive|Time left: 300 sec this turn | 300 sec total\n|\n|t:|1783547170\n|move|p1a: Shaymin|Air Slash|p2a: Corviknight\n|-resisted|p2a: Corviknight\n|-damage|p2a: Corviknight|58/100\n|move|p2a: Corviknight|Brave Bird|p1a: Shaymin\n|-supereffective|p1a: Shaymin\n|-damage|p1a: Shaymin|0 fnt\n|faint|p1a: Shaymin\n|-damage|p2a: Corviknight|39/100|[from] Recoil\n|\n|upkeep\n|inactive|Time left: 300 sec this turn | 300 sec total | 5 sec grace\n|\n|t:|1783547171\n|switch|p1a: Vigoroth|Vigoroth, L85, M|275/275\n|turn|12\n|inactive|Time left: 300 sec this turn | 300 sec total\n|\n|t:|1783547172\n|move|p1a: Vigoroth|Bulk Up|p1a: Vigoroth\n|-boost|p1a: Vigoroth|atk|1\n|-boost|p1a: Vigoroth|def|1\n|move|p2a: Corviknight|Roost|p2a: Corviknight\n|-heal|p2a: Corviknight|89/100\n|-singleturn|p2a: Corviknight|move: Roost\n|\n|upkeep\n|turn|13\n|inactive|Time left: 300 sec this turn | 300 sec total\n|\n|t:|1783547173\n|switch|p2a: Tauros|Tauros-Paldea-Blaze, L81, M|65/100\n|-ability|p2a: Tauros|Intimidate|boost\n|-unboost|p1a: Vigoroth|atk|1\n|move|p1a: Vigoroth|Bulk Up|p1a: Vigoroth\n|-boost|p1a: Vigoroth|atk|1\n|-boost|p1a: Vigoroth|def|1\n|\n|upkeep\n|turn|14\n|inactive|Time left: 300 sec this turn | 300 sec total\n|\n|t:|1783547173\n|move|p2a: Tauros|Close Combat|p1a: Vigoroth\n|-supereffective|p1a: Vigoroth\n|-damage|p1a: Vigoroth|141/275\n|-unboost|p2a: Tauros|def|1\n|-unboost|p2a: Tauros|spd|1\n|move|p1a: Vigoroth|Body Slam|p2a: Tauros\n|-crit|p2a: Tauros\n|-damage|p2a: Tauros|0 fnt\n|faint|p2a: Tauros\n|\n|upkeep\n|\n|t:|1783547174\n|switch|p2a: Gengar|Gengar, L81, F|100/100\n|turn|15\n|inactive|Time left: 300 sec this turn | 300 sec total\n|\n|t:|1783547175\n|-terastallize|p1a: Vigoroth|Ground\n|move|p2a: Gengar|Encore|p1a: Vigoroth\n|-start|p1a: Vigoroth|Encore\n|move|p1a: Vigoroth|Body Slam|p2a: Gengar\n|-immune|p2a: Gengar\n|\n|upkeep\n|turn|16\n|inactive|Time left: 300 sec this turn | 300 sec total\n|\n|t:|1783547176\n|switch|p1a: Bastiodon|Bastiodon, L89, M|252/252\n|move|p2a: Gengar|Shadow Ball|p1a: Bastiodon\n|-damage|p1a: Bastiodon|162/252\n|-unboost|p1a: Bastiodon|spd|1\n|-damage|p2a: Gengar|90/100|[from] item: Life Orb\n|\n|upkeep\n|turn|17\n|inactive|Time left: 300 sec this turn | 300 sec total\n|\n|t:|1783547177\n|move|p2a: Gengar|Focus Blast|p1a: Bastiodon\n|-supereffective|p1a: Bastiodon\n|-damage|p1a: Bastiodon|0 fnt\n|faint|p1a: Bastiodon\n|-damage|p2a: Gengar|80/100|[from] item: Life Orb\n|\n|upkeep\n|inactive|Time left: 300 sec this turn | 300 sec total | 5 sec grace\n|\n|t:|1783547178\n|switch|p1a: Vigoroth|Vigoroth, L85, M, tera:Ground|141/275\n|turn|18\n|inactive|Time left: 300 sec this turn | 300 sec total\n|\n|t:|1783547179\n|-terastallize|p2a: Gengar|Fighting\n|move|p2a: Gengar|Focus Blast|p1a: Vigoroth\n|-damage|p1a: Vigoroth|0 fnt\n|faint|p1a: Vigoroth\n|-damage|p2a: Gengar|70/100|[from] item: Life Orb\n|\n|upkeep\n|inactive|Time left: 300 sec this turn | 300 sec total | 5 sec grace\n|\n|t:|1783547180\n|switch|p1a: Zarude|Zarude, L77|288/288\n|turn|19\n|inactive|Time left: 300 sec this turn | 300 sec total\n|\n|t:|1783547181\n|move|p2a: Gengar|Sludge Wave|p1a: Zarude\n|-supereffective|p1a: Zarude\n|-damage|p1a: Zarude|0 fnt\n|faint|p1a: Zarude\n|-damage|p2a: Gengar|60/100|[from] item: Life Orb\n|\n|win|p0y63341f4", "uploadtime": 1783547181, "views": 0, "rating": 0, "private": 0, "password": null, "_winner": "p0y63341f4", "_our_name": "p0x6335f00"}