{"id": "battle-gen9randombattle-140", "formatid": "gen9randombattle", "format": "[Gen 9] Random Battle", "players": ["p0x1407144", "p0y140cad9"], "log": "|init|battle\n|title|p0x1407144 vs. p0y140cad9\n|j|\u2606p0x1407144\n|j|\u2606p0y140cad9\n|t:|1783534872\n|gametype|singles\n|player|p1|p0x1407144|102|\n|player|p2|p0y140cad9|102|\n|gen|9\n|tier|[Gen 9] Random Battle\n|rule|Species Clause: Limit one of each Pok\u00e9mon\n|rule|HP Percentage Mod: HP is shown in percentages\n|rule|Sleep Clause Mod: Limit one foe put to sleep\n|rule|Illusion Level Mod: Illusion disguises the Pok\u00e9mon's true level\n|\n|t:|1783534873\n|teamsize|p1|6\n|teamsize|p2|6\n|start\n|switch|p1a: Lapras|Lapras, L87, F|367/367\n|switch|p2a: Farigiraf|Farigiraf, L90, F|100/100\n|turn|1\n|inactive|Battle timer is ON: inactive players will automatically lose when time's up. (requested by p0y140cad9)\n|inactive|Time left: 300 sec this turn | 300 sec total | 60 sec grace\n|\n|t:|1783534874\n|move|p2a: Farigiraf|Body Slam|p1a: Lapras\n|-damage|p1a: Lapras|256/367\n|move|p1a: Lapras|Dragon Dance|p1a: Lapras\n|-boost|p1a: Lapras|atk|1\n|-boost|p1a: Lapras|spe|1\n|\n|upkeep\n|turn|2\n|inactive|Time left: 300 sec this turn | 300 sec total\n|inactive|p0x1407144 also wants the timer to be on.\n|\n|t:|1783534875\n|move|p1a: Lapras|Dragon Dance|p1a: Lapras\n|-boost|p1a: Lapras|atk|1\n|-boost|p1a: Lapras|spe|1\n|move|p2a: Farigiraf|Body Slam|p1a: Lapras\n|-damage|p1a: Lapras|150/367\n|-status|p1a: Lapras|par\n|\n|upkeep\n|turn|3\n|inactive|Time left: 300 sec this turn | 300 sec total\n|\n|t:|1783534876\n|move|p2a: Farigiraf|Body Slam|p1a: Lapras\n|-damage|p1a: Lapras|39/367 par\n|cant|p1a: Lapras|par\n|\n|upkeep\n|turn|4\n|inactive|Time left: 300 sec this turn | 300 sec total\n|\n|t:|1783534877\n|move|p2a: Farigiraf|Psychic Noise|p1a: Lapras\n|-damage|p1a: Lapras|0 fnt\n|faint|p1a: Lapras\n|\n|upkeep\n|inactive|Time left: 300 sec this turn | 300 sec total | 5 sec grace\n|\n|t:|1783534878\n|switch|p1a: Torkoal|Torkoal, L88, F|266/266\n|-weather|SunnyDay|[from] ability: Drought|[of] p1a: Torkoal\n|turn|5\n|inactive|Time left: 300 sec this turn | 300 sec total\n|\n|t:|1783534879\n|move|p2a: Farigiraf|Body Slam|p1a: Torkoal\n|-damage|p1a: Torkoal|196/266\n|-status|p1a: Torkoal|par\n|move|p1a: Torkoal|Stealth Rock|p2a: Farigiraf\n|-sidestart|p2: p0y140cad9|move: Stealth Rock\n|\n|-weather|SunnyDay|[upkeep]\n|upkeep\n|turn|6\n|inactive|Time left: 300 sec this turn | 300 sec total\n|\n|t:|1783534880\n|move|p2a: Farigiraf|Psychic Noise|p1a: Torkoal\n|-damage|p1a: Torkoal|70/266 par\n|-start|p1a: Torkoal|move: Heal Block\n|cant|p1a: Torkoal|par\n|\n|-weather|SunnyDay|[upkeep]\n|upkeep\n|turn|7\n|inactive|Time left: 300 sec this turn | 300 sec total\n|\n|t:|1783534881\n|switch|p1a: Stantler|Stantler, L92, F|284/284\n|-ability|p1a: Stantler|Intimidate|boost\n|-unboost|p2a: Farigiraf|atk|1\n|move|p2a: Farigiraf|Psychic Noise|p1a: Stantler\n|-damage|p1a: Stantler|208/284\n|-start|p1a: Stantler|move: Heal Block\n|\n|-weather|SunnyDay|[upkeep]\n|upkeep\n|turn|8\n|inactive|Time left: 300 sec this turn | 300 sec total\n|\n|t:|1783534882\n|move|p1a: Stantler|Body Slam|p2a: Farigiraf\n|-damage|p2a: Farigiraf|71/100\n|move|p2a: Farigiraf|Psychic Noise|p1a: Stantler\n|-damage|p1a: Stantler|124/284\n|\n|-weather|SunnyDay|[upkeep]\n|-heal|p2a: Farigiraf|77/100|[from] item: Leftovers\n|-end|p1a: Stantler|move: Heal Block\n|upkeep\n|turn|9\n|inactive|Time left: 300 sec this turn | 300 sec total\n|\n|t:|1783534883\n|move|p1a: Stantler|Body Slam|p2a: Farigiraf\n|-damage|p2a: Farigiraf|43/100\n|move|p2a: Farigiraf|Psychic Noise|p1a: Stantler\n|-damage|p1a: Stantler|51/284\n|-start|p1a: Stantler|move: Heal Block\n|\n|-weather|none\n|-heal|p2a: Farigiraf|49/100|[from] item: Leftovers\n|upkeep\n|turn|10\n|inactive|Time left: 300 sec this turn | 300 sec total\n|\n|t:|1783534884\n|move|p1a: Stantler|Body Slam|p2a: Farigiraf\n|-damage|p2a: Farigiraf|18/100\n|move|p2a: Farigiraf|Body Slam|p1a: Stantler\n|-damage|p1a: Stantler|0 fnt\n|faint|p1a: Stantler\n|\n|-heal|p2a: Farigiraf|25/100|[from] item: Leftovers\n|upkeep\n|inactive|Time left: 300 sec this turn | 300 sec total | 5 sec grace\n|\n|t:|1783534885\n|switch|p1a: Raichu|Raichu, L88, M|249/249\n|turn|11\n|inactive|Time left: 300 sec this turn | 300 sec total\n|\n|t:|1783534886\n|switch|p2a: Hitmontop|Hitmontop, L88, M|100/100\n|-damage|p2a: Hitmontop|94/100|[from] Stealth Rock\n|move|p1a: Raichu|Nasty Plot|p1a: Raichu\n|-boost|p1a: Raichu|spa|2\n|\n|-heal|p2a: Hitmontop|100/100|[from] item: Leftovers\n|upkeep\n|turn|12\n|inactive|Time left: 300 sec this turn | 300 sec total\n|\n|t:|1783534887\n|move|p1a: Raichu|Thunderbolt|p2a: Hitmontop\n|-damage|p2a: Hitmontop|18/100\n|-damage|p1a: Raichu|225/249|[from] item: Life Orb\n|move|p2a: Hitmontop|Rapid Spin|p1a: Raichu\n|-damage|p1a: Raichu|148/249\n|-boost|p2a: Hitmontop|spe|1\n|-sideend|p2: p0y140cad9|Stealth Rock|[from] move: Rapid Spin|[of] p2a: Hitmontop\n|\n|-heal|p2a: Hitmontop|24/100|[from] item: Leftovers\n|upkeep\n|turn|13\n|inactive|Time left: 300 sec this turn | 300 sec total\n|\n|t:|1783534890\n|switch|p1a: Muk|Muk, L86, F|321/321\n|move|p2a: Hitmontop|Close Combat|p1a: Muk\n|-resisted|p1a: Muk\n|-damage|p1a: Muk|241/321\n|-unboost|p2a: Hitmontop|def|1\n|-unboost|p2a: Hitmontop|spd|1\n|\n|-heal|p2a: Hitmontop|30/100|[from] item: Leftovers\n|upkeep\n|turn|14\n|inactive|Time left: 300 sec this turn | 300 sec total\n|\n|t:|1783534891\n|move|p2a: Hitmontop|Triple Axel|p1a: Muk\n|-damage|p1a: Muk|215/321\n|-damage|p1a: Muk|163/321\n|-damage|p1a: Muk|91/321\n|-hitcount|p1a: Muk|3\n|move|p1a: Muk|Drain Punch|p2a: Hitmontop\n|-damage|p2a: Hitmontop|0 fnt\n|-heal|p1a: Muk|125/321|[from] drain|[of] p2a: Hitmontop\n|faint|p2a: Hitmontop\n|\n|upkeep\n|\n|t:|1783534892\n|switch|p2a: Blaziken|Blaziken, L76, F|100/100\n|turn|15\n|inactive|Time left: 300 sec this turn | 300 sec total\n|\n|t:|1783534893\n|switch|p1a: Dipplin|Dipplin, L88, F|284/284\n|move|p2a: Blaziken|Flare Blitz|p1a: Dipplin\n|-damage|p1a: Dipplin|190/284\n|-damage|p2a: Blaziken|88/100|[from] Recoil\n|-damage|p2a: Blaziken|78/100|[from] item: Life Orb\n|\n|-ability|p2a: Blaziken|Speed Boost|boost\n|-boost|p2a: Blaziken|spe|1\n|upkeep\n|turn|16\n|inactive|Time left: 300 sec this turn | 300 sec total\n|\n|t:|1783534894\n|move|p2a: Blaziken|Swords Dance|p2a: Blaziken\n|-boost|p2a: Blaziken|atk|2\n|move|p1a: Dipplin|Dragon Pulse|p2a: Blaziken\n|-damage|p2a: Blaziken|28/100\n|\n|-ability|p2a: Blaziken|Speed Boost|boost\n|-boost|p2a: Blaziken|spe|1\n|upkeep\n|turn|17\n|inactive|Time left: 300 sec this turn | 300 sec total\n|\n|t:|1783534895\n|move|p2a: Blaziken|Close Combat|p1a: Dipplin\n|-crit|p1a: Dipplin\n|-damage|p1a: Dipplin|0 fnt\n|-unboost|p2a: Blaziken|def|1\n|-unboost|p2a: Blaziken|spd|1\n|faint|p1a: Dipplin\n|-damage|p2a: Blaziken|19/100|[from] item: Life Orb\n|\n|-ability|p2a: Blaziken|Speed Boost|boost\n|-boost|p2a: Blaziken|spe|1\n|upkeep\n|inactive|Time left: 300 sec this turn | 300 sec total | 5 sec grace\n|\n|t:|1783534897\n|switch|p1a: Torkoal|Torkoal, L88, F|70/266 par\n|-weather|SunnyDay|[from] ability: Drought|[of] p1a: Torkoal\n|turn|18\n|inactive|Time left: 300 sec this turn | 300 sec total\n|\n|t:|1783534898\n|move|p2a: Blaziken|Knock Off|p1a: Torkoal\n|-damage|p1a: Torkoal|0 fnt\n|-enditem|p1a: Torkoal|Heavy-Duty Boots|[from] move: Knock Off|[of] p2a: Blaziken\n|faint|p1a: Torkoal\n|-damage|p2a: Blaziken|9/100|[from] item: Life Orb\n|\n|-weather|SunnyDay|[upkeep]\n|-ability|p2a: Blaziken|Speed Boost|boost\n|-boost|p2a: Blaziken|spe|1\n|upkeep\n|inactive|Time left: 300 sec this turn | 300 sec total | 5 sec grace\n|\n|t:|1783534899\n|switch|p1a: Muk|Muk, L86, F|125/321\n|turn|19\n|inactive|Time left: 300 sec this turn | 300 sec total\n|\n|t:|1783534900\n|move|p2a: Blaziken|Close Combat|p1a: Muk\n|-resisted|p1a: Muk\n|-damage|p1a: Muk|0 fnt\n|-unboost|p2a: Blaziken|def|1\n|-unboost|p2a: Blaziken|spd|1\n|faint|p1a: Muk\n|-damage|p2a: Blaziken|0 fnt|[from] item: Life Orb\n|faint|p2a: Blaziken\n|\n|-weather|SunnyDay|[upkeep]\n|upkeep\n|inactive|Time left: 300 sec this turn | 300 sec total | 5 sec grace\n|\n|t:|1783534901\n|switch|p2a: Sudowoodo|Sudowoodo, L94, M|100/100\n|switch|p1a: Raichu|Raichu, L88, M|148/249\n|turn|20\n|inactive|Time left: 300 sec this turn | 300 sec total\n|\n|t:|1783534902\n|-terastallize|p2a: Sudowoodo|Grass\n|move|p1a: Raichu|Focus Blast|p2a: Sudowoodo\n|-damage|p2a: Sudowoodo|58/100\n|-damage|p1a: Raichu|124/249|[from] item: Life Orb\n|move|p2a: Sudowoodo|Earthquake|p1a: Raichu\n|-supereffective|p1a: Raichu\n|-damage|p1a: Raichu|0 fnt\n|faint|p1a: Raichu\n|\n|win|p0y140cad9", "uploadtime": 1783534902, "views": 0, "rating": 0, "private": 0, "password": null, "_winner": "p0y140cad9", "_our_name": "p0x1407144"}