{"id": "battle-gen9randombattle-286", "formatid": "gen9randombattle", "format": "[Gen 9] Random Battle", "players": ["p0x286acba", "p0y2865c76"], "log": "|init|battle\n|title|p0x286acba vs. p0y2865c76\n|j|\u2606p0x286acba\n|j|\u2606p0y2865c76\n|t:|1783542901\n|gametype|singles\n|player|p1|p0x286acba|1|\n|player|p2|p0y2865c76|101|\n|gen|9\n|tier|[Gen 9] Random Battle\n|rule|Species Clause: Limit one of each Pok\u00e9mon\n|rule|HP Percentage Mod: HP is shown in percentages\n|rule|Sleep Clause Mod: Limit one foe put to sleep\n|rule|Illusion Level Mod: Illusion disguises the Pok\u00e9mon's true level\n|\n|t:|1783542901\n|teamsize|p1|6\n|teamsize|p2|6\n|start\n|switch|p1a: Masquerain|Masquerain, L87, F|264/264\n|switch|p2a: Cryogonal|Cryogonal, L89|100/100\n|-ability|p1a: Masquerain|Intimidate|boost\n|-unboost|p2a: Cryogonal|atk|1\n|turn|1\n|inactive|Battle timer is ON: inactive players will automatically lose when time's up. (requested by p0x286acba)\n|inactive|p0y2865c76 also wants the timer to be on.\n|\n|t:|1783542903\n|switch|p1a: Blaziken|Blaziken, L76, F|247/247\n|move|p2a: Cryogonal|Ice Beam|p1a: Blaziken\n|-resisted|p1a: Blaziken\n|-damage|p1a: Blaziken|178/247\n|\n|upkeep\n|turn|2\n|inactive|Time left: 300 sec this turn | 300 sec total\n|\n|t:|1783542904\n|switch|p2a: Overqwil|Overqwil, L82, F|100/100\n|-ability|p2a: Overqwil|Intimidate|boost\n|-unboost|p1a: Blaziken|atk|1\n|move|p1a: Blaziken|Swords Dance|p1a: Blaziken\n|-boost|p1a: Blaziken|atk|2\n|\n|-ability|p1a: Blaziken|Speed Boost|boost\n|-boost|p1a: Blaziken|spe|1\n|upkeep\n|turn|3\n|inactive|Time left: 300 sec this turn | 300 sec total\n|\n|t:|1783542905\n|-terastallize|p1a: Blaziken|Fighting\n|move|p1a: Blaziken|Close Combat|p2a: Overqwil\n|-damage|p2a: Overqwil|0 fnt\n|-unboost|p1a: Blaziken|def|1\n|-unboost|p1a: Blaziken|spd|1\n|faint|p2a: Overqwil\n|-damage|p1a: Blaziken|154/247|[from] item: Life Orb\n|\n|-ability|p1a: Blaziken|Speed Boost|boost\n|-boost|p1a: Blaziken|spe|1\n|upkeep\n|\n|t:|1783542906\n|switch|p2a: Iron Boulder|Iron Boulder, L77|100/100\n|-enditem|p2a: Iron Boulder|Booster Energy\n|-activate|p2a: Iron Boulder|ability: Quark Drive|[fromitem]\n|-start|p2a: Iron Boulder|quarkdrivespe\n|turn|4\n|inactive|Time left: 300 sec this turn | 300 sec total\n|\n|t:|1783542907\n|move|p1a: Blaziken|Protect|p1a: Blaziken\n|-singleturn|p1a: Blaziken|Protect\n|move|p2a: Iron Boulder|Zen Headbutt|p1a: Blaziken\n|-activate|p1a: Blaziken|move: Protect\n|\n|-ability|p1a: Blaziken|Speed Boost|boost\n|-boost|p1a: Blaziken|spe|1\n|upkeep\n|turn|5\n|inactive|Time left: 300 sec this turn | 300 sec total\n|\n|t:|1783542908\n|-end|p2a: Iron Boulder|Quark Drive|[silent]\n|switch|p2a: Annihilape|Annihilape, L76, F|100/100\n|move|p1a: Blaziken|Close Combat|p2a: Annihilape\n|-immune|p2a: Annihilape\n|\n|-ability|p1a: Blaziken|Speed Boost|boost\n|-boost|p1a: Blaziken|spe|1\n|upkeep\n|turn|6\n|inactive|Time left: 300 sec this turn | 300 sec total\n|\n|t:|1783542909\n|move|p1a: Blaziken|Flare Blitz|p2a: Annihilape\n|-damage|p2a: Annihilape|9/100\n|-damage|p1a: Blaziken|66/247|[from] Recoil\n|-damage|p1a: Blaziken|42/247|[from] item: Life Orb\n|move|p2a: Annihilape|Drain Punch|p1a: Blaziken\n|-damage|p1a: Blaziken|0 fnt\n|-heal|p2a: Annihilape|17/100|[from] drain|[of] p1a: Blaziken\n|faint|p1a: Blaziken\n|\n|-heal|p2a: Annihilape|23/100|[from] item: Leftovers\n|upkeep\n|inactive|Time left: 300 sec this turn | 300 sec total | 5 sec grace\n|\n|t:|1783542910\n|switch|p1a: Iron Valiant|Iron Valiant, L78|244/244\n|turn|7\n|inactive|Time left: 300 sec this turn | 300 sec total\n|\n|t:|1783542911\n|move|p1a: Iron Valiant|Moonblast|p2a: Annihilape\n|-supereffective|p2a: Annihilape\n|-damage|p2a: Annihilape|0 fnt\n|faint|p2a: Annihilape\n|-damage|p1a: Iron Valiant|220/244|[from] item: Life Orb\n|\n|upkeep\n|\n|t:|1783542912\n|switch|p2a: Iron Boulder|Iron Boulder, L77|100/100\n|turn|8\n|inactive|Time left: 300 sec this turn | 300 sec total\n|\n|t:|1783542913\n|move|p2a: Iron Boulder|Zen Headbutt|p1a: Iron Valiant\n|-supereffective|p1a: Iron Valiant\n|-damage|p1a: Iron Valiant|40/244\n|move|p1a: Iron Valiant|Close Combat|p2a: Iron Boulder\n|-damage|p2a: Iron Boulder|14/100\n|-unboost|p1a: Iron Valiant|def|1\n|-unboost|p1a: Iron Valiant|spd|1\n|-damage|p1a: Iron Valiant|16/244|[from] item: Life Orb\n|\n|upkeep\n|turn|9\n|inactive|Time left: 300 sec this turn | 300 sec total\n|\n|t:|1783542914\n|move|p2a: Iron Boulder|Mighty Cleave|p1a: Iron Valiant\n|-resisted|p1a: Iron Valiant\n|-damage|p1a: Iron Valiant|0 fnt\n|faint|p1a: Iron Valiant\n|-end|p1a: Iron Valiant|Quark Drive|[silent]\n|\n|upkeep\n|inactive|Time left: 300 sec this turn | 300 sec total | 5 sec grace\n|\n|t:|1783542915\n|switch|p1a: Arceus|Arceus, L68|276/276\n|turn|10\n|inactive|Time left: 300 sec this turn | 300 sec total\n|\n|t:|1783542916\n|move|p1a: Arceus|Extreme Speed|p2a: Iron Boulder\n|-resisted|p2a: Iron Boulder\n|-damage|p2a: Iron Boulder|0 fnt\n|faint|p2a: Iron Boulder\n|-end|p2a: Iron Boulder|Quark Drive|[silent]\n|-damage|p1a: Arceus|249/276|[from] item: Life Orb\n|\n|upkeep\n|\n|t:|1783542916\n|switch|p2a: Gallade|Gallade, L80, M|100/100\n|turn|11\n|inactive|Time left: 300 sec this turn | 300 sec total\n|\n|t:|1783542917\n|switch|p1a: Masquerain|Masquerain, L87, F|264/264\n|-ability|p1a: Masquerain|Intimidate|boost\n|-unboost|p2a: Gallade|atk|1\n|move|p2a: Gallade|Psycho Cut|p1a: Masquerain\n|-crit|p1a: Masquerain\n|-damage|p1a: Masquerain|0 fnt\n|faint|p1a: Masquerain\n|-damage|p2a: Gallade|90/100|[from] item: Life Orb\n|\n|upkeep\n|inactive|Time left: 300 sec this turn | 300 sec total | 5 sec grace\n|\n|t:|1783542918\n|switch|p1a: Lapras|Lapras, L87, M|368/368\n|turn|12\n|inactive|Time left: 300 sec this turn | 300 sec total\n|\n|t:|1783542919\n|move|p2a: Gallade|Sacred Sword|p1a: Lapras\n|-supereffective|p1a: Lapras\n|-damage|p1a: Lapras|87/368\n|-damage|p2a: Gallade|80/100|[from] item: Life Orb\n|move|p1a: Lapras|Sparkling Aria|p2a: Gallade\n|-damage|p2a: Gallade|47/100\n|\n|upkeep\n|turn|13\n|inactive|Time left: 300 sec this turn | 300 sec total\n|\n|t:|1783542920\n|move|p2a: Gallade|Sacred Sword|p1a: Lapras\n|-supereffective|p1a: Lapras\n|-damage|p1a: Lapras|0 fnt\n|faint|p1a: Lapras\n|-damage|p2a: Gallade|37/100|[from] item: Life Orb\n|\n|upkeep\n|inactive|Time left: 300 sec this turn | 300 sec total | 5 sec grace\n|\n|t:|1783542921\n|switch|p1a: Arceus|Arceus, L68|249/276\n|turn|14\n|inactive|Time left: 300 sec this turn | 300 sec total\n|\n|t:|1783542922\n|switch|p2a: Ogerpon|Ogerpon-Cornerstone, L76, F|100/100\n|move|p1a: Arceus|Extreme Speed|p2a: Ogerpon\n|-resisted|p2a: Ogerpon\n|-damage|p2a: Ogerpon|81/100\n|-damage|p1a: Arceus|222/276|[from] item: Life Orb\n|\n|upkeep\n|turn|15\n|inactive|Time left: 300 sec this turn | 300 sec total\n|\n|t:|1783542923\n|move|p2a: Ogerpon|Ivy Cudgel|p1a: Arceus|[anim] Ivy Cudgel Rock\n|-damage|p1a: Arceus|110/276\n|move|p1a: Arceus|Recover|p1a: Arceus\n|-heal|p1a: Arceus|248/276\n|\n|upkeep\n|turn|16\n|inactive|Time left: 300 sec this turn | 300 sec total\n|\n|t:|1783542924\n|move|p2a: Ogerpon|Ivy Cudgel|p1a: Arceus|[anim] Ivy Cudgel Rock\n|-damage|p1a: Arceus|136/276\n|move|p1a: Arceus|Recover|p1a: Arceus\n|-heal|p1a: Arceus|274/276\n|\n|upkeep\n|turn|17\n|inactive|Time left: 300 sec this turn | 300 sec total\n|\n|t:|1783542925\n|move|p2a: Ogerpon|Ivy Cudgel|p1a: Arceus|[anim] Ivy Cudgel Rock\n|-damage|p1a: Arceus|160/276\n|move|p1a: Arceus|Recover|p1a: Arceus\n|-heal|p1a: Arceus|276/276\n|\n|upkeep\n|turn|18\n|inactive|Time left: 300 sec this turn | 300 sec total\n|\n|t:|1783542926\n|move|p2a: Ogerpon|Power Whip|p1a: Arceus\n|-damage|p1a: Arceus|126/276\n|move|p1a: Arceus|Recover|p1a: Arceus\n|-heal|p1a: Arceus|264/276\n|\n|upkeep\n|turn|19\n|inactive|Time left: 300 sec this turn | 300 sec total\n|\n|t:|1783542927\n|move|p2a: Ogerpon|Ivy Cudgel|p1a: Arceus|[anim] Ivy Cudgel Rock\n|-damage|p1a: Arceus|141/276\n|move|p1a: Arceus|Recover|p1a: Arceus\n|-heal|p1a: Arceus|276/276\n|\n|upkeep\n|turn|20\n|inactive|Time left: 300 sec this turn | 300 sec total\n|\n|t:|1783542928\n|move|p2a: Ogerpon|Ivy Cudgel|p1a: Arceus|[anim] Ivy Cudgel Rock\n|-damage|p1a: Arceus|159/276\n|move|p1a: Arceus|Recover|p1a: Arceus\n|-heal|p1a: Arceus|276/276\n|\n|upkeep\n|turn|21\n|inactive|Time left: 300 sec this turn | 300 sec total\n|\n|t:|1783542929\n|move|p2a: Ogerpon|Ivy Cudgel|p1a: Arceus|[anim] Ivy Cudgel Rock\n|-crit|p1a: Arceus\n|-damage|p1a: Arceus|84/276\n|move|p1a: Arceus|Recover|p1a: Arceus\n|-heal|p1a: Arceus|222/276\n|\n|upkeep\n|turn|22\n|inactive|Time left: 300 sec this turn | 300 sec total\n|\n|t:|1783542931\n|move|p2a: Ogerpon|Ivy Cudgel|p1a: Arceus|[anim] Ivy Cudgel Rock\n|-damage|p1a: Arceus|99/276\n|move|p1a: Arceus|Recover|p1a: Arceus\n|-heal|p1a: Arceus|237/276\n|\n|upkeep\n|turn|23\n|inactive|Time left: 300 sec this turn | 300 sec total\n|\n|t:|1783542932\n|move|p2a: Ogerpon|Ivy Cudgel|p1a: Arceus|[anim] Ivy Cudgel Rock\n|-damage|p1a: Arceus|107/276\n|move|p1a: Arceus|Swords Dance|p1a: Arceus\n|-boost|p1a: Arceus|atk|2\n|\n|upkeep\n|turn|24\n|inactive|Time left: 300 sec this turn | 300 sec total\n|\n|t:|1783542933\n|-terastallize|p2a: Ogerpon|Rock\n|detailschange|p2a: Ogerpon|Ogerpon-Cornerstone-Tera, L76, F, tera:Rock\n|-ability|p2a: Ogerpon|Embody Aspect (Cornerstone)|boost\n|-boost|p2a: Ogerpon|def|1\n|move|p1a: Arceus|Extreme Speed|p2a: Ogerpon\n|-resisted|p2a: Ogerpon\n|-damage|p2a: Ogerpon|54/100\n|-damage|p1a: Arceus|80/276|[from] item: Life Orb\n|move|p2a: Ogerpon|Ivy Cudgel|p1a: Arceus|[anim] Ivy Cudgel Rock\n|-damage|p1a: Arceus|0 fnt\n|faint|p1a: Arceus\n|\n|upkeep\n|inactive|Time left: 300 sec this turn | 300 sec total | 5 sec grace\n|\n|t:|1783542933\n|switch|p1a: Ditto|Ditto, L87|225/225\n|turn|25\n|inactive|Time left: 300 sec this turn | 300 sec total\n|\n|t:|1783542934\n|move|p2a: Ogerpon|Superpower|p1a: Ditto\n|-supereffective|p1a: Ditto\n|-damage|p1a: Ditto|0 fnt\n|-unboost|p2a: Ogerpon|atk|1\n|-unboost|p2a: Ogerpon|def|1\n|faint|p1a: Ditto\n|\n|win|p0y2865c76", "uploadtime": 1783542934, "views": 0, "rating": 0, "private": 0, "password": null, "_winner": "p0y2865c76", "_our_name": "p0x286acba"}