{"id": "battle-gen9randombattle-2891", "formatid": "gen9randombattle", "format": "[Gen 9] Random Battle", "players": ["p0x289157ee", "p0y28918c65"], "log": "|init|battle\n|title|p0x289157ee vs. p0y28918c65\n|j|\u2606p0x289157ee\n|j|\u2606p0y28918c65\n|t:|1783572337\n|gametype|singles\n|player|p1|p0x289157ee|170|\n|player|p2|p0y28918c65|266|\n|gen|9\n|tier|[Gen 9] Random Battle\n|rule|Species Clause: Limit one of each Pok\u00e9mon\n|rule|HP Percentage Mod: HP is shown in percentages\n|rule|Sleep Clause Mod: Limit one foe put to sleep\n|rule|Illusion Level Mod: Illusion disguises the Pok\u00e9mon's true level\n|\n|t:|1783572337\n|teamsize|p1|6\n|teamsize|p2|6\n|start\n|switch|p1a: Altaria|Altaria, L89, F|100/100\n|switch|p2a: Reshiram|Reshiram, L76|277/277\n|-ability|p2a: Reshiram|Turboblaze\n|turn|1\n|inactive|Battle timer is ON: inactive players will automatically lose when time's up. (requested by p0y28918c65)\n|inactive|p0x289157ee also wants the timer to be on.\n|\n|t:|1783572338\n|-terastallize|p2a: Reshiram|Dragon\n|move|p1a: Altaria|Brave Bird|p2a: Reshiram\n|-damage|p2a: Reshiram|157/277\n|-damage|p1a: Altaria|86/100|[from] Recoil\n|move|p2a: Reshiram|Outrage|p1a: Altaria\n|-supereffective|p1a: Altaria\n|-damage|p1a: Altaria|0 fnt\n|faint|p1a: Altaria\n|\n|upkeep\n|\n|t:|1783572339\n|switch|p1a: Kyurem|Kyurem, L77|100/100\n|-ability|p1a: Kyurem|Pressure\n|turn|2\n|inactive|Time left: 300 sec this turn | 300 sec total\n|\n|t:|1783572340\n|move|p1a: Kyurem|Freeze-Dry|p2a: Reshiram\n|-supereffective|p2a: Reshiram\n|-damage|p2a: Reshiram|0 fnt\n|faint|p2a: Reshiram\n|\n|upkeep\n|inactive|Time left: 300 sec this turn | 300 sec total | 5 sec grace\n|\n|t:|1783572341\n|switch|p2a: Iron Hands|Iron Hands, L79|373/373\n|turn|3\n|inactive|Time left: 300 sec this turn | 300 sec total\n|\n|t:|1783572342\n|move|p1a: Kyurem|Freeze-Dry|p2a: Iron Hands\n|-damage|p2a: Iron Hands|214/373\n|move|p2a: Iron Hands|Drain Punch|p1a: Kyurem\n|-supereffective|p1a: Kyurem\n|-damage|p1a: Kyurem|40/100\n|-heal|p2a: Iron Hands|311/373|[from] drain|[of] p1a: Kyurem\n|\n|-heal|p2a: Iron Hands|334/373|[from] item: Leftovers\n|upkeep\n|turn|4\n|inactive|Time left: 300 sec this turn | 300 sec total\n|\n|t:|1783572343\n|move|p1a: Kyurem|Freeze-Dry|p2a: Iron Hands\n|-damage|p2a: Iron Hands|171/373\n|move|p2a: Iron Hands|Drain Punch|p1a: Kyurem\n|-supereffective|p1a: Kyurem\n|-damage|p1a: Kyurem|0 fnt\n|-heal|p2a: Iron Hands|234/373|[from] drain|[of] p1a: Kyurem\n|faint|p1a: Kyurem\n|\n|-heal|p2a: Iron Hands|257/373|[from] item: Leftovers\n|upkeep\n|\n|t:|1783572344\n|switch|p1a: Mewtwo|Mewtwo, L72|100/100\n|-ability|p1a: Mewtwo|Pressure\n|turn|5\n|inactive|Time left: 300 sec this turn | 300 sec total\n|\n|t:|1783572345\n|move|p1a: Mewtwo|Psystrike|p2a: Iron Hands\n|-supereffective|p2a: Iron Hands\n|-damage|p2a: Iron Hands|0 fnt\n|faint|p2a: Iron Hands\n|-end|p2a: Iron Hands|Quark Drive|[silent]\n|-damage|p1a: Mewtwo|91/100|[from] item: Life Orb\n|\n|upkeep\n|inactive|Time left: 300 sec this turn | 300 sec total | 5 sec grace\n|\n|t:|1783572347\n|switch|p2a: Tsareena|Tsareena, L87, F|267/267\n|turn|6\n|inactive|Time left: 300 sec this turn | 300 sec total\n|\n|t:|1783572348\n|move|p2a: Tsareena|Power Whip|p1a: Mewtwo\n|-damage|p1a: Mewtwo|28/100\n|move|p1a: Mewtwo|Nasty Plot|p1a: Mewtwo\n|-boost|p1a: Mewtwo|spa|2\n|\n|upkeep\n|turn|7\n|inactive|Time left: 300 sec this turn | 300 sec total\n|\n|t:|1783572349\n|switch|p1a: Yanmega|Yanmega, L82, M|100/100\n|move|p2a: Tsareena|Power Whip|p1a: Yanmega\n|-resisted|p1a: Yanmega\n|-damage|p1a: Yanmega|84/100\n|\n|upkeep\n|turn|8\n|inactive|Time left: 300 sec this turn | 300 sec total\n|\n|t:|1783572350\n|switch|p2a: Clodsire|Clodsire, L81, F|343/343\n|move|p1a: Yanmega|Bug Buzz|p2a: Clodsire\n|-resisted|p2a: Clodsire\n|-damage|p2a: Clodsire|298/343\n|\n|-heal|p2a: Clodsire|319/343|[from] item: Leftovers\n|-ability|p1a: Yanmega|Speed Boost|boost\n|-boost|p1a: Yanmega|spe|1\n|upkeep\n|turn|9\n|inactive|Time left: 300 sec this turn | 300 sec total\n|\n|t:|1783572351\n|move|p1a: Yanmega|Air Slash|p2a: Clodsire\n|-damage|p2a: Clodsire|238/343\n|move|p2a: Clodsire|Gunk Shot|p1a: Yanmega\n|-damage|p1a: Yanmega|51/100\n|-status|p1a: Yanmega|psn\n|\n|-heal|p2a: Clodsire|259/343|[from] item: Leftovers\n|-damage|p1a: Yanmega|38/100 psn|[from] psn\n|-ability|p1a: Yanmega|Speed Boost|boost\n|-boost|p1a: Yanmega|spe|1\n|upkeep\n|turn|10\n|inactive|Time left: 300 sec this turn | 300 sec total\n|\n|t:|1783572352\n|move|p1a: Yanmega|Air Slash|p2a: Clodsire\n|-damage|p2a: Clodsire|184/343\n|move|p2a: Clodsire|Gunk Shot|p1a: Yanmega|[miss]\n|-miss|p2a: Clodsire|p1a: Yanmega\n|\n|-heal|p2a: Clodsire|205/343|[from] item: Leftovers\n|-damage|p1a: Yanmega|26/100 psn|[from] psn\n|-ability|p1a: Yanmega|Speed Boost|boost\n|-boost|p1a: Yanmega|spe|1\n|upkeep\n|turn|11\n|inactive|Time left: 300 sec this turn | 300 sec total\n|\n|t:|1783572354\n|move|p1a: Yanmega|Air Slash|p2a: Clodsire\n|-damage|p2a: Clodsire|126/343\n|move|p2a: Clodsire|Recover|p2a: Clodsire\n|-heal|p2a: Clodsire|298/343\n|\n|-heal|p2a: Clodsire|319/343|[from] item: Leftovers\n|-damage|p1a: Yanmega|14/100 psn|[from] psn\n|-ability|p1a: Yanmega|Speed Boost|boost\n|-boost|p1a: Yanmega|spe|1\n|upkeep\n|turn|12\n|inactive|Time left: 300 sec this turn | 300 sec total\n|\n|t:|1783572355\n|switch|p1a: Kingambit|Kingambit, L74, M|100/100\n|-activate|p1a: Kingambit|ability: Supreme Overlord\n|-start|p1a: Kingambit|fallen2|[silent]\n|move|p2a: Clodsire|Spikes|p1a: Kingambit\n|-sidestart|p1: p0x289157ee|Spikes\n|\n|-heal|p2a: Clodsire|340/343|[from] item: Leftovers\n|upkeep\n|turn|13\n|inactive|Time left: 300 sec this turn | 300 sec total\n|\n|t:|1783572356\n|switch|p2a: Passimian|Passimian, L83, M|302/302\n|move|p1a: Kingambit|Swords Dance|p1a: Kingambit\n|-boost|p1a: Kingambit|atk|2\n|\n|upkeep\n|turn|14\n|inactive|Time left: 300 sec this turn | 300 sec total\n|\n|t:|1783572357\n|-terastallize|p1a: Kingambit|Flying\n|move|p2a: Passimian|Drain Punch|p1a: Kingambit\n|-resisted|p1a: Kingambit\n|-damage|p1a: Kingambit|84/100\n|move|p1a: Kingambit|Iron Head|p2a: Passimian\n|-damage|p2a: Passimian|101/302\n|\n|-heal|p2a: Passimian|119/302|[from] item: Leftovers\n|-heal|p1a: Kingambit|90/100|[from] item: Leftovers\n|upkeep\n|turn|15\n|inactive|Time left: 300 sec this turn | 300 sec total\n|\n|t:|1783572358\n|move|p2a: Passimian|Knock Off|p1a: Kingambit\n|-damage|p1a: Kingambit|63/100\n|-enditem|p1a: Kingambit|Leftovers|[from] move: Knock Off|[of] p2a: Passimian\n|move|p1a: Kingambit|Iron Head|p2a: Passimian\n|-damage|p2a: Passimian|0 fnt\n|faint|p2a: Passimian\n|\n|upkeep\n|inactive|Time left: 300 sec this turn | 300 sec total | 5 sec grace\n|\n|t:|1783572359\n|switch|p2a: Clodsire|Clodsire, L81, F|340/343\n|turn|16\n|inactive|Time left: 300 sec this turn | 300 sec total\n|\n|t:|1783572360\n|move|p1a: Kingambit|Iron Head|p2a: Clodsire\n|-damage|p2a: Clodsire|195/343\n|move|p2a: Clodsire|Gunk Shot|p1a: Kingambit\n|-damage|p1a: Kingambit|28/100\n|\n|-heal|p2a: Clodsire|216/343|[from] item: Leftovers\n|upkeep\n|turn|17\n|inactive|Time left: 300 sec this turn | 300 sec total\n|\n|t:|1783572361\n|move|p1a: Kingambit|Iron Head|p2a: Clodsire\n|-crit|p2a: Clodsire\n|-damage|p2a: Clodsire|0 fnt\n|faint|p2a: Clodsire\n|\n|upkeep\n|inactive|Time left: 300 sec this turn | 300 sec total | 5 sec grace\n|\n|t:|1783572362\n|switch|p2a: Tsareena|Tsareena, L87, F|267/267\n|turn|18\n|inactive|Time left: 300 sec this turn | 300 sec total\n|\n|t:|1783572363\n|move|p2a: Tsareena|Knock Off|p1a: Kingambit\n|-damage|p1a: Kingambit|8/100\n|move|p1a: Kingambit|Iron Head|p2a: Tsareena\n|-damage|p2a: Tsareena|92/267\n|\n|upkeep\n|turn|19\n|inactive|Time left: 300 sec this turn | 300 sec total\n|\n|t:|1783572364\n|move|p2a: Tsareena|Knock Off|p1a: Kingambit\n|-damage|p1a: Kingambit|0 fnt\n|faint|p1a: Kingambit\n|-end|p1a: Kingambit|fallen2|[silent]\n|\n|upkeep\n|\n|t:|1783572365\n|switch|p1a: Scizor|Scizor, L79, F|100/100\n|-damage|p1a: Scizor|88/100|[from] Spikes\n|turn|20\n|inactive|Time left: 300 sec this turn | 300 sec total\n|\n|t:|1783572366\n|move|p2a: Tsareena|Knock Off|p1a: Scizor\n|-damage|p1a: Scizor|54/100\n|-enditem|p1a: Scizor|Choice Band|[from] move: Knock Off|[of] p2a: Tsareena\n|move|p1a: Scizor|U-turn|p2a: Tsareena\n|-supereffective|p2a: Tsareena\n|-damage|p2a: Tsareena|0 fnt\n|faint|p2a: Tsareena\n|\n|t:|1783572367\n|switch|p1a: Yanmega|Yanmega, L82, M|14/100 psn|[from] U-turn\n|\n|-damage|p1a: Yanmega|1/100 psn|[from] psn\n|upkeep\n|inactive|Time left: 300 sec this turn | 300 sec total | 10 sec grace\n|\n|t:|1783572368\n|switch|p2a: Polteageist|Polteageist, L78|222/222\n|turn|21\n|inactive|Time left: 300 sec this turn | 300 sec total\n|\n|t:|1783572369\n|move|p1a: Yanmega|Air Slash|p2a: Polteageist|[miss]\n|-miss|p1a: Yanmega|p2a: Polteageist\n|move|p2a: Polteageist|Shell Smash|p2a: Polteageist\n|-unboost|p2a: Polteageist|def|1\n|-unboost|p2a: Polteageist|spd|1\n|-boost|p2a: Polteageist|atk|2\n|-boost|p2a: Polteageist|spa|2\n|-boost|p2a: Polteageist|spe|2\n|-enditem|p2a: Polteageist|White Herb\n|-clearnegativeboost|p2a: Polteageist|[silent]\n|\n|-damage|p1a: Yanmega|0 fnt|[from] psn\n|faint|p1a: Yanmega\n|upkeep\n|\n|t:|1783572369\n|switch|p1a: Mewtwo|Mewtwo, L72|28/100\n|-damage|p1a: Mewtwo|16/100|[from] Spikes\n|-ability|p1a: Mewtwo|Pressure\n|turn|22\n|inactive|Time left: 300 sec this turn | 300 sec total\n|\n|t:|1783572370\n|move|p2a: Polteageist|Shadow Ball|p1a: Mewtwo\n|-supereffective|p1a: Mewtwo\n|-damage|p1a: Mewtwo|0 fnt\n|faint|p1a: Mewtwo\n|\n|upkeep\n|\n|t:|1783572371\n|switch|p1a: Scizor|Scizor, L79, F|54/100\n|-damage|p1a: Scizor|42/100|[from] Spikes\n|turn|23\n|inactive|Time left: 300 sec this turn | 300 sec total\n|\n|t:|1783572372\n|move|p1a: Scizor|Bullet Punch|p2a: Polteageist\n|-damage|p2a: Polteageist|128/222\n|move|p2a: Polteageist|Shadow Ball|p1a: Scizor\n|-damage|p1a: Scizor|0 fnt\n|faint|p1a: Scizor\n|\n|win|p0y28918c65", "uploadtime": 1783572372, "views": 0, "rating": 0, "private": 0, "password": null, "_winner": "p0y28918c65", "_our_name": "p0y28918c65"}