{"id": "battle-gen9randombattle-2713", "formatid": "gen9randombattle", "format": "[Gen 9] Random Battle", "players": ["p0x2713054b", "p0y27131933"], "log": "|init|battle\n|title|p0x2713054b vs. p0y27131933\n|j|\u2606p0x2713054b\n|j|\u2606p0y27131933\n|t:|1783570273\n|gametype|singles\n|player|p1|p0x2713054b|170|\n|player|p2|p0y27131933|2|\n|gen|9\n|tier|[Gen 9] Random Battle\n|rule|Species Clause: Limit one of each Pok\u00e9mon\n|rule|HP Percentage Mod: HP is shown in percentages\n|rule|Sleep Clause Mod: Limit one foe put to sleep\n|rule|Illusion Level Mod: Illusion disguises the Pok\u00e9mon's true level\n|\n|t:|1783570273\n|teamsize|p1|6\n|teamsize|p2|6\n|start\n|switch|p1a: Chi-Yu|Chi-Yu, L77|211/211\n|switch|p2a: Munkidori|Munkidori, L79, M|100/100\n|-ability|p1a: Chi-Yu|Beads of Ruin\n|turn|1\n|inactive|Battle timer is ON: inactive players will automatically lose when time's up. (requested by p0y27131933)\n|inactive|Time left: 300 sec this turn | 300 sec total | 60 sec grace\n|inactive|p0x2713054b also wants the timer to be on.\n|\n|t:|1783570274\n|move|p1a: Chi-Yu|Dark Pulse|p2a: Munkidori\n|-supereffective|p2a: Munkidori\n|-damage|p2a: Munkidori|37/100\n|move|p2a: Munkidori|Sludge Wave|p1a: Chi-Yu\n|-damage|p1a: Chi-Yu|115/211\n|\n|upkeep\n|turn|2\n|inactive|Time left: 300 sec this turn | 300 sec total\n|\n|t:|1783570275\n|switch|p2a: Iron Valiant|Iron Valiant, L78|100/100\n|move|p1a: Chi-Yu|Dark Pulse|p2a: Iron Valiant\n|-resisted|p2a: Iron Valiant\n|-damage|p2a: Iron Valiant|83/100\n|\n|upkeep\n|turn|3\n|inactive|Time left: 300 sec this turn | 300 sec total\n|\n|t:|1783570277\n|move|p1a: Chi-Yu|Dark Pulse|p2a: Iron Valiant\n|-resisted|p2a: Iron Valiant\n|-damage|p2a: Iron Valiant|65/100\n|move|p2a: Iron Valiant|Moonblast|p1a: Chi-Yu\n|-damage|p1a: Chi-Yu|8/211\n|-damage|p2a: Iron Valiant|55/100|[from] item: Life Orb\n|\n|upkeep\n|turn|4\n|inactive|Time left: 300 sec this turn | 300 sec total\n|\n|t:|1783570278\n|move|p1a: Chi-Yu|Dark Pulse|p2a: Iron Valiant\n|-resisted|p2a: Iron Valiant\n|-crit|p2a: Iron Valiant\n|-damage|p2a: Iron Valiant|30/100\n|move|p2a: Iron Valiant|Calm Mind|p2a: Iron Valiant\n|-boost|p2a: Iron Valiant|spa|1\n|-boost|p2a: Iron Valiant|spd|1\n|\n|upkeep\n|turn|5\n|inactive|Time left: 300 sec this turn | 300 sec total\n|\n|t:|1783570279\n|move|p1a: Chi-Yu|Dark Pulse|p2a: Iron Valiant\n|-resisted|p2a: Iron Valiant\n|-damage|p2a: Iron Valiant|19/100\n|move|p2a: Iron Valiant|Close Combat|p1a: Chi-Yu\n|-supereffective|p1a: Chi-Yu\n|-damage|p1a: Chi-Yu|0 fnt\n|-unboost|p2a: Iron Valiant|def|1\n|-unboost|p2a: Iron Valiant|spd|1\n|faint|p1a: Chi-Yu\n|-damage|p2a: Iron Valiant|9/100|[from] item: Life Orb\n|\n|upkeep\n|inactive|Time left: 300 sec this turn | 300 sec total | 5 sec grace\n|\n|t:|1783570280\n|switch|p1a: Lunala|Lunala, L70|308/308\n|turn|6\n|inactive|Time left: 300 sec this turn | 300 sec total\n|\n|t:|1783570281\n|-end|p2a: Iron Valiant|Quark Drive|[silent]\n|switch|p2a: Serperior|Serperior, L79, M|100/100\n|move|p1a: Lunala|Calm Mind|p1a: Lunala\n|-boost|p1a: Lunala|spa|1\n|-boost|p1a: Lunala|spd|1\n|\n|upkeep\n|turn|7\n|inactive|Time left: 300 sec this turn | 300 sec total\n|\n|t:|1783570282\n|move|p2a: Serperior|Leech Seed|p1a: Lunala\n|-start|p1a: Lunala|move: Leech Seed\n|move|p1a: Lunala|Moongeist Beam|p2a: Serperior\n|-damage|p2a: Serperior|38/100\n|\n|-heal|p2a: Serperior|44/100|[from] item: Leftovers\n|-damage|p1a: Lunala|270/308|[from] Leech Seed|[of] p2a: Serperior\n|-heal|p2a: Serperior|60/100|[silent]\n|upkeep\n|turn|8\n|inactive|Time left: 300 sec this turn | 300 sec total\n|\n|t:|1783570283\n|move|p2a: Serperior|Substitute|p2a: Serperior\n|-start|p2a: Serperior|Substitute\n|-damage|p2a: Serperior|35/100\n|move|p1a: Lunala|Moongeist Beam|p2a: Serperior\n|-end|p2a: Serperior|Substitute\n|\n|-heal|p2a: Serperior|41/100|[from] item: Leftovers\n|-heal|p1a: Lunala|289/308|[from] item: Leftovers\n|-damage|p1a: Lunala|251/308|[from] Leech Seed|[of] p2a: Serperior\n|-heal|p2a: Serperior|56/100|[silent]\n|upkeep\n|turn|9\n|inactive|Time left: 300 sec this turn | 300 sec total\n|\n|t:|1783570284\n|move|p2a: Serperior|Substitute|p2a: Serperior\n|-start|p2a: Serperior|Substitute\n|-damage|p2a: Serperior|31/100\n|move|p1a: Lunala|Moongeist Beam|p2a: Serperior\n|-crit|p2a: Serperior\n|-end|p2a: Serperior|Substitute\n|\n|-heal|p2a: Serperior|37/100|[from] item: Leftovers\n|-heal|p1a: Lunala|270/308|[from] item: Leftovers\n|-damage|p1a: Lunala|232/308|[from] Leech Seed|[of] p2a: Serperior\n|-heal|p2a: Serperior|53/100|[silent]\n|upkeep\n|turn|10\n|inactive|Time left: 300 sec this turn | 300 sec total\n|\n|t:|1783570285\n|move|p2a: Serperior|Substitute|p2a: Serperior\n|-start|p2a: Serperior|Substitute\n|-damage|p2a: Serperior|28/100\n|move|p1a: Lunala|Moongeist Beam|p2a: Serperior\n|-end|p2a: Serperior|Substitute\n|\n|-heal|p2a: Serperior|34/100|[from] item: Leftovers\n|-heal|p1a: Lunala|251/308|[from] item: Leftovers\n|-damage|p1a: Lunala|213/308|[from] Leech Seed|[of] p2a: Serperior\n|-heal|p2a: Serperior|49/100|[silent]\n|upkeep\n|turn|11\n|inactive|Time left: 300 sec this turn | 300 sec total\n|\n|t:|1783570285\n|move|p2a: Serperior|Substitute|p2a: Serperior\n|-start|p2a: Serperior|Substitute\n|-damage|p2a: Serperior|24/100\n|move|p1a: Lunala|Moongeist Beam|p2a: Serperior\n|-end|p2a: Serperior|Substitute\n|\n|-heal|p2a: Serperior|30/100|[from] item: Leftovers\n|-heal|p1a: Lunala|232/308|[from] item: Leftovers\n|-damage|p1a: Lunala|194/308|[from] Leech Seed|[of] p2a: Serperior\n|-heal|p2a: Serperior|45/100|[silent]\n|upkeep\n|turn|12\n|inactive|Time left: 300 sec this turn | 300 sec total\n|\n|t:|1783570286\n|move|p2a: Serperior|Substitute|p2a: Serperior\n|-start|p2a: Serperior|Substitute\n|-damage|p2a: Serperior|20/100\n|move|p1a: Lunala|Moongeist Beam|p2a: Serperior\n|-end|p2a: Serperior|Substitute\n|\n|-heal|p2a: Serperior|26/100|[from] item: Leftovers\n|-heal|p1a: Lunala|213/308|[from] item: Leftovers\n|-damage|p1a: Lunala|175/308|[from] Leech Seed|[of] p2a: Serperior\n|-heal|p2a: Serperior|42/100|[silent]\n|upkeep\n|turn|13\n|inactive|Time left: 300 sec this turn | 300 sec total\n|\n|t:|1783570287\n|move|p2a: Serperior|Substitute|p2a: Serperior\n|-start|p2a: Serperior|Substitute\n|-damage|p2a: Serperior|17/100\n|move|p1a: Lunala|Moongeist Beam|p2a: Serperior\n|-end|p2a: Serperior|Substitute\n|\n|-heal|p2a: Serperior|23/100|[from] item: Leftovers\n|-heal|p1a: Lunala|194/308|[from] item: Leftovers\n|-damage|p1a: Lunala|156/308|[from] Leech Seed|[of] p2a: Serperior\n|-heal|p2a: Serperior|38/100|[silent]\n|upkeep\n|turn|14\n|inactive|Time left: 300 sec this turn | 300 sec total\n|\n|t:|1783570288\n|move|p2a: Serperior|Substitute|p2a: Serperior\n|-start|p2a: Serperior|Substitute\n|-damage|p2a: Serperior|13/100\n|move|p1a: Lunala|Moongeist Beam|p2a: Serperior\n|-end|p2a: Serperior|Substitute\n|\n|-heal|p2a: Serperior|19/100|[from] item: Leftovers\n|-heal|p1a: Lunala|175/308|[from] item: Leftovers\n|-damage|p1a: Lunala|137/308|[from] Leech Seed|[of] p2a: Serperior\n|-heal|p2a: Serperior|34/100|[silent]\n|upkeep\n|turn|15\n|inactive|Time left: 300 sec this turn | 300 sec total\n|\n|t:|1783570288\n|switch|p2a: Pelipper|Pelipper, L86, F|100/100\n|-weather|RainDance|[from] ability: Drizzle|[of] p2a: Pelipper\n|move|p1a: Lunala|Moonblast|p2a: Pelipper\n|-damage|p2a: Pelipper|56/100\n|\n|-weather|RainDance|[upkeep]\n|-heal|p1a: Lunala|156/308|[from] item: Leftovers\n|-damage|p1a: Lunala|118/308|[from] Leech Seed|[of] p2a: Pelipper\n|-heal|p2a: Pelipper|72/100|[silent]\n|upkeep\n|turn|16\n|inactive|Time left: 300 sec this turn | 300 sec total\n|\n|t:|1783570289\n|move|p1a: Lunala|Moonblast|p2a: Pelipper\n|-damage|p2a: Pelipper|29/100\n|move|p2a: Pelipper|Knock Off|p1a: Lunala\n|-supereffective|p1a: Lunala\n|-crit|p1a: Lunala\n|-damage|p1a: Lunala|0 fnt\n|-enditem|p1a: Lunala|Leftovers|[from] move: Knock Off|[of] p2a: Pelipper\n|faint|p1a: Lunala\n|\n|-weather|RainDance|[upkeep]\n|upkeep\n|inactive|Time left: 300 sec this turn | 300 sec total | 5 sec grace\n|\n|t:|1783570290\n|switch|p1a: Iron Bundle|Iron Bundle, L78|215/215\n|turn|17\n|inactive|Time left: 300 sec this turn | 300 sec total\n|\n|t:|1783570291\n|move|p1a: Iron Bundle|Freeze-Dry|p2a: Pelipper\n|-supereffective|p2a: Pelipper\n|-damage|p2a: Pelipper|0 fnt\n|faint|p2a: Pelipper\n|\n|-weather|RainDance|[upkeep]\n|upkeep\n|\n|t:|1783570292\n|switch|p2a: Hitmonchan|Hitmonchan, L87, M|100/100\n|turn|18\n|inactive|Time left: 300 sec this turn | 300 sec total\n|\n|t:|1783570293\n|move|p1a: Iron Bundle|Flip Turn|p2a: Hitmonchan\n|-crit|p2a: Hitmonchan\n|-damage|p2a: Hitmonchan|52/100\n|inactive|Time left: 300 sec this turn | 300 sec total | 5 sec grace\n|\n|t:|1783570294\n|-end|p1a: Iron Bundle|Quark Drive|[silent]\n|switch|p1a: Eiscue|Eiscue, L88, M|274/274|[from] Flip Turn\n|move|p2a: Hitmonchan|Drain Punch|p1a: Eiscue\n|-activate|p1a: Eiscue|ability: Ice Face\n|-damage|p1a: Eiscue|274/274\n|detailschange|p1a: Eiscue|Eiscue-Noice, L88, M\n|-damage|p2a: Hitmonchan|42/100|[from] item: Life Orb\n|\n|-weather|RainDance|[upkeep]\n|upkeep\n|turn|19\n|inactive|Time left: 300 sec this turn | 300 sec total\n|\n|t:|1783570295\n|move|p1a: Eiscue|Zen Headbutt|p2a: Hitmonchan\n|-supereffective|p2a: Hitmonchan\n|-damage|p2a: Hitmonchan|0 fnt\n|faint|p2a: Hitmonchan\n|\n|-weather|none\n|upkeep\n|\n|t:|1783570296\n|switch|p2a: Delphox|Delphox, L84, F|100/100\n|turn|20\n|inactive|Time left: 300 sec this turn | 300 sec total\n|\n|t:|1783570297\n|-terastallize|p1a: Eiscue|Water\n|move|p1a: Eiscue|Liquidation|p2a: Delphox\n|-supereffective|p2a: Delphox\n|-damage|p2a: Delphox|27/100\n|move|p2a: Delphox|Fire Blast|p1a: Eiscue\n|-resisted|p1a: Eiscue\n|-damage|p1a: Eiscue|70/274\n|-enditem|p1a: Eiscue|Sitrus Berry|[eat]\n|-heal|p1a: Eiscue|138/274|[from] item: Sitrus Berry\n|\n|upkeep\n|turn|21\n|inactive|Time left: 300 sec this turn | 300 sec total\n|\n|t:|1783570298\n|move|p1a: Eiscue|Liquidation|p2a: Delphox\n|-supereffective|p2a: Delphox\n|-damage|p2a: Delphox|0 fnt\n|faint|p2a: Delphox\n|\n|upkeep\n|\n|t:|1783570299\n|switch|p2a: Munkidori|Munkidori, L79, M|37/100\n|turn|22\n|inactive|Time left: 300 sec this turn | 300 sec total\n|\n|t:|1783570300\n|move|p2a: Munkidori|Fake Out|p1a: Eiscue\n|-damage|p1a: Eiscue|115/274\n|-status|p1a: Eiscue|tox|[from] ability: Toxic Chain|[of] p2a: Munkidori\n|cant|p1a: Eiscue|flinch\n|\n|-damage|p1a: Eiscue|98/274 tox|[from] psn\n|upkeep\n|turn|23\n|inactive|Time left: 300 sec this turn | 300 sec total\n|\n|t:|1783570301\n|switch|p2a: Iron Valiant|Iron Valiant, L78|9/100\n|move|p1a: Eiscue|Ice Spinner|p2a: Iron Valiant\n|-damage|p2a: Iron Valiant|0 fnt\n|faint|p2a: Iron Valiant\n|-end|p2a: Iron Valiant|Quark Drive|[silent]\n|\n|-damage|p1a: Eiscue|64/274 tox|[from] psn\n|upkeep\n|\n|t:|1783570302\n|switch|p2a: Munkidori|Munkidori, L79, M|37/100\n|turn|24\n|inactive|Time left: 300 sec this turn | 300 sec total\n|\n|t:|1783570303\n|move|p2a: Munkidori|Fake Out|p1a: Eiscue\n|-damage|p1a: Eiscue|40/274 tox\n|cant|p1a: Eiscue|flinch\n|\n|-damage|p1a: Eiscue|0 fnt|[from] psn\n|faint|p1a: Eiscue\n|upkeep\n|inactive|Time left: 300 sec this turn | 300 sec total | 5 sec grace\n|\n|t:|1783570304\n|switch|p1a: Forretress|Forretress, L84, F|263/263\n|turn|25\n|inactive|Time left: 300 sec this turn | 300 sec total\n|\n|t:|1783570305\n|move|p2a: Munkidori|Psychic Noise|p1a: Forretress\n|-resisted|p1a: Forretress\n|-damage|p1a: Forretress|209/263\n|-start|p1a: Forretress|move: Heal Block\n|move|p1a: Forretress|Iron Head|p2a: Munkidori\n|-damage|p2a: Munkidori|0 fnt\n|faint|p2a: Munkidori\n|\n|upkeep\n|\n|t:|1783570305\n|switch|p2a: Serperior|Serperior, L79, M|34/100\n|turn|26\n|inactive|Time left: 300 sec this turn | 300 sec total\n|\n|t:|1783570306\n|move|p2a: Serperior|Leaf Storm|p1a: Forretress\n|-resisted|p1a: Forretress\n|-damage|p1a: Forretress|176/263\n|-boost|p2a: Serperior|spa|2\n|move|p1a: Forretress|Iron Head|p2a: Serperior\n|-damage|p2a: Serperior|4/100\n|\n|-heal|p2a: Serperior|10/100|[from] item: Leftovers\n|-end|p1a: Forretress|move: Heal Block\n|upkeep\n|turn|27\n|inactive|Time left: 300 sec this turn | 300 sec total\n|\n|t:|1783570307\n|-terastallize|p2a: Serperior|Rock\n|move|p2a: Serperior|Tera Blast|p1a: Forretress|[anim] Tera Blast Rock\n|-damage|p1a: Forretress|5/263\n|move|p1a: Forretress|Iron Head|p2a: Serperior\n|-supereffective|p2a: Serperior\n|-damage|p2a: Serperior|0 fnt\n|faint|p2a: Serperior\n|\n|win|p0x2713054b", "uploadtime": 1783570307, "views": 0, "rating": 0, "private": 0, "password": null, "_winner": "p0x2713054b", "_our_name": "p0x2713054b"}