{"id": "battle-gen9randombattle-242", "formatid": "gen9randombattle", "format": "[Gen 9] Random Battle", "players": ["p0x2425477", "p0y2425bfa"], "log": "|init|battle\n|title|p0x2425477 vs. p0y2425bfa\n|j|\u2606p0x2425477\n|j|\u2606p0y2425bfa\n|t:|1783541903\n|gametype|singles\n|player|p1|p0x2425477|170|\n|player|p2|p0y2425bfa|265|\n|gen|9\n|tier|[Gen 9] Random Battle\n|rule|Species Clause: Limit one of each Pok\u00e9mon\n|rule|HP Percentage Mod: HP is shown in percentages\n|rule|Sleep Clause Mod: Limit one foe put to sleep\n|rule|Illusion Level Mod: Illusion disguises the Pok\u00e9mon's true level\n|\n|t:|1783541903\n|teamsize|p1|6\n|teamsize|p2|6\n|start\n|switch|p1a: Samurott|Samurott, L88, M|100/100\n|switch|p2a: Gyarados|Gyarados, L79, F|280/280\n|turn|1\n|inactive|Battle timer is ON: inactive players will automatically lose when time's up. (requested by p0x2425477)\n|inactive|Time left: 300 sec this turn | 300 sec total | 60 sec grace\n|inactive|p0y2425bfa also wants the timer to be on.\n|\n|t:|1783541905\n|move|p2a: Gyarados|Dragon Dance|p2a: Gyarados\n|-boost|p2a: Gyarados|atk|1\n|-boost|p2a: Gyarados|spe|1\n|move|p1a: Samurott|Swords Dance|p1a: Samurott\n|-boost|p1a: Samurott|atk|2\n|\n|upkeep\n|turn|2\n|inactive|Time left: 300 sec this turn | 300 sec total\n|\n|t:|1783541906\n|move|p2a: Gyarados|Stone Edge|p1a: Samurott\n|-damage|p1a: Samurott|63/100\n|move|p1a: Samurott|Liquidation|p2a: Gyarados\n|-resisted|p2a: Gyarados\n|-damage|p2a: Gyarados|124/280\n|-damage|p1a: Samurott|53/100|[from] item: Life Orb\n|\n|upkeep\n|turn|3\n|inactive|Time left: 300 sec this turn | 300 sec total\n|\n|t:|1783541908\n|-terastallize|p2a: Gyarados|Ground\n|move|p2a: Gyarados|Earthquake|p1a: Samurott\n|-damage|p1a: Samurott|2/100\n|move|p1a: Samurott|Liquidation|p2a: Gyarados\n|-supereffective|p2a: Gyarados\n|-damage|p2a: Gyarados|0 fnt\n|faint|p2a: Gyarados\n|-damage|p1a: Samurott|0 fnt|[from] item: Life Orb\n|faint|p1a: Samurott\n|\n|upkeep\n|inactive|Time left: 300 sec this turn | 300 sec total | 5 sec grace\n|\n|t:|1783541909\n|switch|p2a: Kricketune|Kricketune, L99, F|312/312\n|switch|p1a: Shaymin|Shaymin, L82|100/100\n|turn|4\n|inactive|Time left: 300 sec this turn | 300 sec total\n|\n|t:|1783541910\n|move|p1a: Shaymin|Air Slash|p2a: Kricketune\n|-supereffective|p2a: Kricketune\n|-damage|p2a: Kricketune|172/312\n|move|p2a: Kricketune|Sticky Web|p1a: Shaymin\n|-sidestart|p1: p0x2425477|move: Sticky Web\n|\n|upkeep\n|turn|5\n|inactive|Time left: 300 sec this turn | 300 sec total\n|\n|t:|1783541912\n|move|p1a: Shaymin|Air Slash|p2a: Kricketune\n|-supereffective|p2a: Kricketune\n|-damage|p2a: Kricketune|36/312\n|move|p2a: Kricketune|Pounce|p1a: Shaymin\n|-supereffective|p1a: Shaymin\n|-damage|p1a: Shaymin|43/100\n|-unboost|p1a: Shaymin|spe|1\n|\n|-heal|p1a: Shaymin|49/100|[from] item: Leftovers\n|upkeep\n|turn|6\n|inactive|Time left: 300 sec this turn | 300 sec total\n|\n|t:|1783541913\n|switch|p1a: Ceruledge|Ceruledge, L78, F|100/100\n|move|p2a: Kricketune|Pounce|p1a: Ceruledge\n|-resisted|p1a: Ceruledge\n|-damage|p1a: Ceruledge|88/100\n|-unboost|p1a: Ceruledge|spe|1\n|-ability|p1a: Ceruledge|Weak Armor|boost\n|-unboost|p1a: Ceruledge|def|1\n|-boost|p1a: Ceruledge|spe|2\n|\n|upkeep\n|turn|7\n|inactive|Time left: 300 sec this turn | 300 sec total\n|\n|t:|1783541914\n|move|p1a: Ceruledge|Bitter Blade|p2a: Kricketune\n|-supereffective|p2a: Kricketune\n|-damage|p2a: Kricketune|0 fnt\n|-heal|p1a: Ceruledge|96/100|[from] drain|[of] p2a: Kricketune\n|faint|p2a: Kricketune\n|\n|upkeep\n|inactive|Time left: 300 sec this turn | 300 sec total | 5 sec grace\n|\n|t:|1783541915\n|switch|p2a: Wugtrio|Wugtrio, L91, F|212/212\n|turn|8\n|inactive|Time left: 300 sec this turn | 300 sec total\n|\n|t:|1783541917\n|switch|p1a: Kyurem|Kyurem, L77|100/100\n|-activate|p1a: Kyurem|move: Sticky Web\n|-unboost|p1a: Kyurem|spe|1\n|-ability|p1a: Kyurem|Pressure\n|move|p2a: Wugtrio|Liquidation|p1a: Kyurem\n|-resisted|p1a: Kyurem\n|-damage|p1a: Kyurem|74/100\n|\n|upkeep\n|turn|9\n|inactive|Time left: 300 sec this turn | 300 sec total\n|\n|t:|1783541918\n|move|p2a: Wugtrio|Liquidation|p1a: Kyurem\n|-resisted|p1a: Kyurem\n|-damage|p1a: Kyurem|45/100\n|move|p1a: Kyurem|Dragon Dance|p1a: Kyurem\n|-boost|p1a: Kyurem|atk|1\n|-boost|p1a: Kyurem|spe|1\n|\n|upkeep\n|turn|10\n|inactive|Time left: 300 sec this turn | 300 sec total\n|\n|t:|1783541918\n|switch|p2a: Carbink|Carbink, L90|236/236\n|move|p1a: Kyurem|Scale Shot|p2a: Carbink\n|-immune|p2a: Carbink\n|\n|upkeep\n|turn|11\n|inactive|Time left: 300 sec this turn | 300 sec total\n|\n|t:|1783541919\n|-terastallize|p1a: Kyurem|Ground\n|move|p1a: Kyurem|Tera Blast|p2a: Carbink|[anim] Tera Blast Ground\n|-supereffective|p2a: Carbink\n|-damage|p2a: Carbink|78/236\n|move|p2a: Carbink|Body Press|p1a: Kyurem\n|-damage|p1a: Kyurem|13/100\n|\n|-heal|p2a: Carbink|92/236|[from] item: Leftovers\n|upkeep\n|turn|12\n|inactive|Time left: 300 sec this turn | 300 sec total\n|\n|t:|1783541920\n|move|p1a: Kyurem|Tera Blast|p2a: Carbink|[anim] Tera Blast Ground\n|-supereffective|p2a: Carbink\n|-damage|p2a: Carbink|0 fnt\n|faint|p2a: Carbink\n|\n|upkeep\n|inactive|Time left: 300 sec this turn | 300 sec total | 5 sec grace\n|\n|t:|1783541921\n|switch|p2a: Wugtrio|Wugtrio, L91, F|212/212\n|turn|13\n|inactive|Time left: 300 sec this turn | 300 sec total\n|\n|t:|1783541922\n|move|p2a: Wugtrio|Liquidation|p1a: Kyurem\n|-supereffective|p1a: Kyurem\n|-damage|p1a: Kyurem|0 fnt\n|faint|p1a: Kyurem\n|\n|upkeep\n|\n|t:|1783541923\n|switch|p1a: Shaymin|Shaymin, L82|49/100\n|-activate|p1a: Shaymin|move: Sticky Web\n|-unboost|p1a: Shaymin|spe|1\n|turn|14\n|inactive|Time left: 300 sec this turn | 300 sec total\n|\n|t:|1783541924\n|switch|p2a: Illumise|Illumise, L91, F|266/266\n|move|p1a: Shaymin|Seed Flare|p2a: Illumise\n|-resisted|p2a: Illumise\n|-damage|p2a: Illumise|206/266\n|-unboost|p2a: Illumise|spd|2\n|\n|-heal|p1a: Shaymin|56/100|[from] item: Leftovers\n|upkeep\n|turn|15\n|inactive|Time left: 300 sec this turn | 300 sec total\n|\n|t:|1783541925\n|move|p2a: Illumise|Bug Buzz|p1a: Shaymin\n|-supereffective|p1a: Shaymin\n|-damage|p1a: Shaymin|0 fnt\n|faint|p1a: Shaymin\n|\n|upkeep\n|\n|t:|1783541926\n|switch|p1a: Garganacl|Garganacl, L80, F|100/100\n|-activate|p1a: Garganacl|move: Sticky Web\n|-unboost|p1a: Garganacl|spe|1\n|turn|16\n|inactive|Time left: 300 sec this turn | 300 sec total\n|\n|t:|1783541927\n|move|p2a: Illumise|Roost|p2a: Illumise\n|-heal|p2a: Illumise|266/266\n|-singleturn|p2a: Illumise|move: Roost\n|move|p1a: Garganacl|Salt Cure|p2a: Illumise\n|-supereffective|p2a: Illumise\n|-damage|p2a: Illumise|180/266\n|-start|p2a: Illumise|Salt Cure\n|\n|-damage|p2a: Illumise|147/266|[from] Salt Cure\n|upkeep\n|turn|17\n|inactive|Time left: 300 sec this turn | 300 sec total\n|\n|t:|1783541928\n|move|p2a: Illumise|Roost|p2a: Illumise\n|-heal|p2a: Illumise|266/266\n|-singleturn|p2a: Illumise|move: Roost\n|move|p1a: Garganacl|Salt Cure|p2a: Illumise\n|-supereffective|p2a: Illumise\n|-damage|p2a: Illumise|186/266\n|\n|-damage|p2a: Illumise|153/266|[from] Salt Cure\n|upkeep\n|turn|18\n|inactive|Time left: 300 sec this turn | 300 sec total\n|\n|t:|1783541929\n|move|p2a: Illumise|Roost|p2a: Illumise\n|-heal|p2a: Illumise|266/266\n|-singleturn|p2a: Illumise|move: Roost\n|move|p1a: Garganacl|Salt Cure|p2a: Illumise\n|-supereffective|p2a: Illumise\n|-damage|p2a: Illumise|186/266\n|\n|-damage|p2a: Illumise|153/266|[from] Salt Cure\n|upkeep\n|turn|19\n|inactive|Time left: 300 sec this turn | 300 sec total\n|\n|t:|1783541930\n|move|p2a: Illumise|Roost|p2a: Illumise\n|-heal|p2a: Illumise|266/266\n|-singleturn|p2a: Illumise|move: Roost\n|move|p1a: Garganacl|Salt Cure|p2a: Illumise\n|-supereffective|p2a: Illumise\n|-damage|p2a: Illumise|186/266\n|\n|-damage|p2a: Illumise|153/266|[from] Salt Cure\n|upkeep\n|turn|20\n|inactive|Time left: 300 sec this turn | 300 sec total\n|\n|t:|1783541931\n|move|p2a: Illumise|Roost|p2a: Illumise\n|-heal|p2a: Illumise|266/266\n|-singleturn|p2a: Illumise|move: Roost\n|move|p1a: Garganacl|Salt Cure|p2a: Illumise\n|-supereffective|p2a: Illumise\n|-damage|p2a: Illumise|182/266\n|\n|-damage|p2a: Illumise|149/266|[from] Salt Cure\n|upkeep\n|turn|21\n|inactive|Time left: 300 sec this turn | 300 sec total\n|\n|t:|1783541932\n|move|p2a: Illumise|Roost|p2a: Illumise\n|-heal|p2a: Illumise|266/266\n|-singleturn|p2a: Illumise|move: Roost\n|move|p1a: Garganacl|Salt Cure|p2a: Illumise\n|-supereffective|p2a: Illumise\n|-damage|p2a: Illumise|182/266\n|\n|-damage|p2a: Illumise|149/266|[from] Salt Cure\n|upkeep\n|turn|22\n|inactive|Time left: 300 sec this turn | 300 sec total\n|\n|t:|1783541932\n|move|p2a: Illumise|Roost|p2a: Illumise\n|-heal|p2a: Illumise|266/266\n|-singleturn|p2a: Illumise|move: Roost\n|move|p1a: Garganacl|Salt Cure|p2a: Illumise\n|-supereffective|p2a: Illumise\n|-damage|p2a: Illumise|182/266\n|\n|-damage|p2a: Illumise|149/266|[from] Salt Cure\n|upkeep\n|turn|23\n|inactive|Time left: 300 sec this turn | 300 sec total\n|\n|t:|1783541933\n|switch|p2a: Wugtrio|Wugtrio, L91, F|212/212\n|move|p1a: Garganacl|Salt Cure|p2a: Wugtrio\n|-damage|p2a: Wugtrio|160/212\n|-start|p2a: Wugtrio|Salt Cure\n|\n|-damage|p2a: Wugtrio|107/212|[from] Salt Cure\n|upkeep\n|turn|24\n|inactive|Time left: 300 sec this turn | 300 sec total\n|\n|t:|1783541934\n|move|p2a: Wugtrio|Liquidation|p1a: Garganacl\n|-supereffective|p1a: Garganacl\n|-damage|p1a: Garganacl|9/100\n|-unboost|p1a: Garganacl|def|1\n|move|p1a: Garganacl|Salt Cure|p2a: Wugtrio\n|-damage|p2a: Wugtrio|53/212\n|\n|-heal|p1a: Garganacl|15/100|[from] item: Leftovers\n|-damage|p2a: Wugtrio|0 fnt|[from] Salt Cure\n|faint|p2a: Wugtrio\n|upkeep\n|inactive|Time left: 300 sec this turn | 300 sec total | 5 sec grace\n|\n|t:|1783541935\n|switch|p2a: Klefki|Klefki, L84, M|233/233\n|turn|25\n|inactive|Time left: 300 sec this turn | 300 sec total\n|\n|t:|1783541936\n|move|p2a: Klefki|Dazzling Gleam|p1a: Garganacl\n|-damage|p1a: Garganacl|0 fnt\n|faint|p1a: Garganacl\n|\n|upkeep\n|\n|t:|1783541937\n|switch|p1a: Ceruledge|Ceruledge, L78, F|96/100\n|turn|26\n|inactive|Time left: 300 sec this turn | 300 sec total\n|\n|t:|1783541938\n|move|p2a: Klefki|Thunder Wave|p1a: Ceruledge\n|-status|p1a: Ceruledge|par\n|move|p1a: Ceruledge|Bitter Blade|p2a: Klefki\n|-supereffective|p2a: Klefki\n|-damage|p2a: Klefki|17/233\n|-heal|p1a: Ceruledge|100/100 par|[from] drain|[of] p2a: Klefki\n|\n|-heal|p2a: Klefki|31/233|[from] item: Leftovers\n|upkeep\n|turn|27\n|inactive|Time left: 300 sec this turn | 300 sec total\n|\n|t:|1783541939\n|move|p2a: Klefki|Foul Play|p1a: Ceruledge\n|-supereffective|p1a: Ceruledge\n|-damage|p1a: Ceruledge|24/100 par\n|-ability|p1a: Ceruledge|Weak Armor|boost\n|-unboost|p1a: Ceruledge|def|1\n|-boost|p1a: Ceruledge|spe|2\n|move|p1a: Ceruledge|Bitter Blade|p2a: Klefki\n|-supereffective|p2a: Klefki\n|-damage|p2a: Klefki|0 fnt\n|-heal|p1a: Ceruledge|30/100 par|[from] drain|[of] p2a: Klefki\n|faint|p2a: Klefki\n|\n|upkeep\n|inactive|Time left: 300 sec this turn | 300 sec total | 5 sec grace\n|\n|t:|1783541939\n|switch|p2a: Illumise|Illumise, L91, F|149/266\n|turn|28\n|inactive|Time left: 300 sec this turn | 300 sec total\n|\n|t:|1783541940\n|move|p2a: Illumise|Roost|p2a: Illumise\n|-heal|p2a: Illumise|266/266\n|-singleturn|p2a: Illumise|move: Roost\n|move|p1a: Ceruledge|Bitter Blade|p2a: Illumise\n|-supereffective|p2a: Illumise\n|-damage|p2a: Illumise|48/266\n|-heal|p1a: Ceruledge|75/100 par|[from] drain|[of] p2a: Illumise\n|\n|upkeep\n|turn|29\n|inactive|Time left: 300 sec this turn | 300 sec total\n|\n|t:|1783541941\n|move|p2a: Illumise|Bug Buzz|p1a: Ceruledge\n|-resisted|p1a: Ceruledge\n|-damage|p1a: Ceruledge|65/100 par\n|move|p1a: Ceruledge|Bitter Blade|p2a: Illumise\n|-supereffective|p2a: Illumise\n|-damage|p2a: Illumise|0 fnt\n|-heal|p1a: Ceruledge|75/100 par|[from] drain|[of] p2a: Illumise\n|faint|p2a: Illumise\n|\n|win|p0x2425477", "uploadtime": 1783541941, "views": 0, "rating": 0, "private": 0, "password": null, "_winner": "p0x2425477", "_our_name": "p0y2425bfa"}