{"id": "battle-gen9randombattle-1482", "formatid": "gen9randombattle", "format": "[Gen 9] Random Battle", "players": ["p0x1482ea09", "p0y1482b13d"], "log": "|init|battle\n|title|p0x1482ea09 vs. p0y1482b13d\n|j|\u2606p0x1482ea09\n|j|\u2606p0y1482b13d\n|t:|1783556344\n|gametype|singles\n|player|p1|p0x1482ea09|265|\n|player|p2|p0y1482b13d|2|\n|gen|9\n|tier|[Gen 9] Random Battle\n|rule|Species Clause: Limit one of each Pok\u00e9mon\n|rule|HP Percentage Mod: HP is shown in percentages\n|rule|Sleep Clause Mod: Limit one foe put to sleep\n|rule|Illusion Level Mod: Illusion disguises the Pok\u00e9mon's true level\n|\n|t:|1783556344\n|teamsize|p1|6\n|teamsize|p2|6\n|start\n|switch|p1a: Umbreon|Umbreon, L84, F|100/100\n|switch|p2a: Spiritomb|Spiritomb, L89, M|234/234\n|turn|1\n|inactive|Battle timer is ON: inactive players will automatically lose when time's up. (requested by p0x1482ea09)\n|inactive|Time left: 300 sec this turn | 300 sec total | 60 sec grace\n|\n|t:|1783556346\n|move|p1a: Umbreon|Foul Play|p2a: Spiritomb\n|-damage|p2a: Spiritomb|144/234\n|move|p2a: Spiritomb|Foul Play|p1a: Umbreon\n|-resisted|p1a: Umbreon\n|-damage|p1a: Umbreon|92/100\n|\n|-heal|p1a: Umbreon|98/100|[from] item: Leftovers\n|-heal|p2a: Spiritomb|158/234|[from] item: Leftovers\n|upkeep\n|turn|2\n|inactive|Time left: 300 sec this turn | 300 sec total\n|inactive|p0y1482b13d also wants the timer to be on.\n|\n|t:|1783556346\n|move|p1a: Umbreon|Toxic|p2a: Spiritomb\n|-status|p2a: Spiritomb|tox\n|move|p2a: Spiritomb|Pain Split|p1a: Umbreon\n|-sethp|p1a: Umbreon|76/100|[from] move: Pain Split|[silent]\n|-sethp|p2a: Spiritomb|223/234 tox|[from] move: Pain Split\n|\n|-heal|p1a: Umbreon|82/100|[from] item: Leftovers\n|-heal|p2a: Spiritomb|234/234 tox|[from] item: Leftovers\n|-damage|p2a: Spiritomb|220/234 tox|[from] psn\n|upkeep\n|turn|3\n|inactive|Time left: 300 sec this turn | 300 sec total\n|\n|t:|1783556347\n|switch|p2a: Rhyperior|Rhyperior, L82, M|323/323\n|move|p1a: Umbreon|Foul Play|p2a: Rhyperior\n|-damage|p2a: Rhyperior|223/323\n|\n|-heal|p1a: Umbreon|88/100|[from] item: Leftovers\n|upkeep\n|turn|4\n|inactive|Time left: 300 sec this turn | 300 sec total\n|\n|t:|1783556348\n|move|p1a: Umbreon|Protect|p1a: Umbreon\n|-singleturn|p1a: Umbreon|Protect\n|move|p2a: Rhyperior|Rock Polish|p2a: Rhyperior\n|-boost|p2a: Rhyperior|spe|2\n|\n|-heal|p1a: Umbreon|94/100|[from] item: Leftovers\n|upkeep\n|turn|5\n|inactive|Time left: 300 sec this turn | 300 sec total\n|\n|t:|1783556349\n|move|p2a: Rhyperior|Megahorn|p1a: Umbreon|[miss]\n|-miss|p2a: Rhyperior|p1a: Umbreon\n|move|p1a: Umbreon|Toxic|p2a: Rhyperior\n|-status|p2a: Rhyperior|tox\n|\n|-heal|p1a: Umbreon|99/100|[from] item: Leftovers\n|-damage|p2a: Rhyperior|203/323 tox|[from] psn\n|upkeep\n|turn|6\n|inactive|Time left: 300 sec this turn | 300 sec total\n|\n|t:|1783556350\n|move|p2a: Rhyperior|Stone Edge|p1a: Umbreon\n|-damage|p1a: Umbreon|65/100\n|move|p1a: Umbreon|Foul Play|p2a: Rhyperior\n|-damage|p2a: Rhyperior|104/323 tox\n|\n|-heal|p1a: Umbreon|71/100|[from] item: Leftovers\n|-damage|p2a: Rhyperior|64/323 tox|[from] psn\n|upkeep\n|turn|7\n|inactive|Time left: 300 sec this turn | 300 sec total\n|\n|t:|1783556351\n|move|p1a: Umbreon|Protect|p1a: Umbreon\n|-singleturn|p1a: Umbreon|Protect\n|move|p2a: Rhyperior|Earthquake|p1a: Umbreon\n|-activate|p1a: Umbreon|move: Protect\n|\n|-heal|p1a: Umbreon|77/100|[from] item: Leftovers\n|-damage|p2a: Rhyperior|4/323 tox|[from] psn\n|upkeep\n|turn|8\n|inactive|Time left: 300 sec this turn | 300 sec total\n|\n|t:|1783556352\n|switch|p1a: Gumshoos|Gumshoos, L95, F|100/100\n|move|p2a: Rhyperior|Earthquake|p1a: Gumshoos\n|-damage|p1a: Gumshoos|54/100\n|\n|-damage|p2a: Rhyperior|0 fnt|[from] psn\n|faint|p2a: Rhyperior\n|upkeep\n|inactive|Time left: 300 sec this turn | 300 sec total | 5 sec grace\n|\n|t:|1783556353\n|switch|p2a: Staraptor|Staraptor, L79, M|263/263\n|turn|9\n|inactive|Time left: 300 sec this turn | 300 sec total\n|\n|t:|1783556355\n|move|p2a: Staraptor|Brave Bird|p1a: Gumshoos\n|-damage|p1a: Gumshoos|0 fnt\n|faint|p1a: Gumshoos\n|-damage|p2a: Staraptor|207/263|[from] Recoil\n|\n|upkeep\n|\n|t:|1783556356\n|switch|p1a: Girafarig|Girafarig, L89, M|100/100\n|turn|10\n|inactive|Time left: 300 sec this turn | 300 sec total\n|\n|t:|1783556357\n|move|p2a: Staraptor|Brave Bird|p1a: Girafarig\n|-damage|p1a: Girafarig|26/100\n|-damage|p2a: Staraptor|141/263|[from] Recoil\n|move|p1a: Girafarig|Nasty Plot|p1a: Girafarig\n|-boost|p1a: Girafarig|spa|2\n|\n|upkeep\n|turn|11\n|inactive|Time left: 300 sec this turn | 300 sec total\n|\n|t:|1783556358\n|-terastallize|p1a: Girafarig|Electric\n|move|p2a: Staraptor|Brave Bird|p1a: Girafarig\n|-resisted|p1a: Girafarig\n|-damage|p1a: Girafarig|0 fnt\n|faint|p1a: Girafarig\n|-damage|p2a: Staraptor|119/263|[from] Recoil\n|\n|upkeep\n|\n|t:|1783556359\n|switch|p1a: Enamorus|Enamorus, L79, F|100/100\n|turn|12\n|inactive|Time left: 300 sec this turn | 300 sec total\n|\n|t:|1783556360\n|switch|p2a: Basculin|Basculin, L86, F|261/261\n|move|p1a: Enamorus|Moonblast|p2a: Basculin\n|-damage|p2a: Basculin|98/261\n|\n|upkeep\n|turn|13\n|inactive|Time left: 300 sec this turn | 300 sec total\n|\n|t:|1783556361\n|switch|p1a: Palafin|Palafin, L77, F|100/100\n|move|p2a: Basculin|Wave Crash|p1a: Palafin\n|-resisted|p1a: Palafin\n|-damage|p1a: Palafin|43/100\n|-damage|p2a: Basculin|45/261|[from] Recoil\n|\n|upkeep\n|turn|14\n|inactive|Time left: 300 sec this turn | 300 sec total\n|\n|t:|1783556362\n|move|p1a: Palafin|Jet Punch|p2a: Basculin\n|-resisted|p2a: Basculin\n|-damage|p2a: Basculin|9/261\n|move|p2a: Basculin|Wave Crash|p1a: Palafin\n|-resisted|p1a: Palafin\n|-damage|p1a: Palafin|0 fnt\n|faint|p1a: Palafin\n|-damage|p2a: Basculin|0 fnt|[from] Recoil\n|faint|p2a: Basculin\n|\n|upkeep\n|inactive|Time left: 300 sec this turn | 300 sec total | 5 sec grace\n|\n|t:|1783556363\n|switch|p2a: Espeon|Espeon, L84, F|246/246\n|switch|p1a: Umbreon|Umbreon, L84, F|77/100\n|turn|15\n|inactive|Time left: 300 sec this turn | 300 sec total\n|\n|t:|1783556364\n|-terastallize|p2a: Espeon|Fairy\n|move|p2a: Espeon|Calm Mind|p2a: Espeon\n|-boost|p2a: Espeon|spa|1\n|-boost|p2a: Espeon|spd|1\n|move|p1a: Umbreon|Foul Play|p2a: Espeon\n|-resisted|p2a: Espeon\n|-damage|p2a: Espeon|210/246\n|\n|-heal|p1a: Umbreon|83/100|[from] item: Leftovers\n|upkeep\n|turn|16\n|inactive|Time left: 300 sec this turn | 300 sec total\n|\n|t:|1783556365\n|move|p1a: Umbreon|Protect|p1a: Umbreon\n|-singleturn|p1a: Umbreon|Protect\n|move|p2a: Espeon|Alluring Voice|p1a: Umbreon\n|-activate|p1a: Umbreon|move: Protect\n|\n|-heal|p1a: Umbreon|89/100|[from] item: Leftovers\n|upkeep\n|turn|17\n|inactive|Time left: 300 sec this turn | 300 sec total\n|\n|t:|1783556366\n|move|p1a: Umbreon|Protect||[still]\n|-fail|p1a: Umbreon\n|move|p2a: Espeon|Alluring Voice|p1a: Umbreon\n|-supereffective|p1a: Umbreon\n|-damage|p1a: Umbreon|0 fnt\n|faint|p1a: Umbreon\n|-damage|p2a: Espeon|186/246|[from] item: Life Orb\n|\n|upkeep\n|\n|t:|1783556366\n|switch|p1a: Hawlucha|Hawlucha, L80, F|100/100\n|turn|18\n|inactive|Time left: 300 sec this turn | 300 sec total\n|\n|t:|1783556367\n|move|p1a: Hawlucha|Stone Edge|p2a: Espeon\n|-damage|p2a: Espeon|101/246\n|move|p2a: Espeon|Psyshock|p1a: Hawlucha\n|-supereffective|p1a: Hawlucha\n|-damage|p1a: Hawlucha|0 fnt\n|faint|p1a: Hawlucha\n|-damage|p2a: Espeon|77/246|[from] item: Life Orb\n|\n|upkeep\n|\n|t:|1783556368\n|switch|p1a: Enamorus|Enamorus, L79, F|100/100\n|turn|19\n|inactive|Time left: 300 sec this turn | 300 sec total\n|\n|t:|1783556369\n|move|p2a: Espeon|Psyshock|p1a: Enamorus\n|-damage|p1a: Enamorus|0 fnt\n|faint|p1a: Enamorus\n|-damage|p2a: Espeon|53/246|[from] item: Life Orb\n|\n|win|p0y1482b13d", "uploadtime": 1783556369, "views": 0, "rating": 0, "private": 0, "password": null, "_winner": "p0y1482b13d", "_our_name": "p0y1482b13d"}