{"id": "battle-gen9randombattle-1795", "formatid": "gen9randombattle", "format": "[Gen 9] Random Battle", "players": ["p0x1795b3a1", "p0y17954d99"], "log": "|init|battle\n|title|p0x1795b3a1 vs. p0y17954d99\n|j|\u2606p0x1795b3a1\n|j|\u2606p0y17954d99\n|t:|1783560812\n|gametype|singles\n|player|p1|p0x1795b3a1|266|\n|player|p2|p0y17954d99|169|\n|gen|9\n|tier|[Gen 9] Random Battle\n|rule|Species Clause: Limit one of each Pok\u00e9mon\n|rule|HP Percentage Mod: HP is shown in percentages\n|rule|Sleep Clause Mod: Limit one foe put to sleep\n|rule|Illusion Level Mod: Illusion disguises the Pok\u00e9mon's true level\n|\n|t:|1783560812\n|teamsize|p1|6\n|teamsize|p2|6\n|start\n|switch|p1a: Grafaiai|Grafaiai, L86, M|100/100\n|switch|p2a: Gyarados|Gyarados, L79, M|280/280\n|turn|1\n|inactive|Battle timer is ON: inactive players will automatically lose when time's up. (requested by p0y17954d99)\n|inactive|p0x1795b3a1 also wants the timer to be on.\n|\n|t:|1783560813\n|move|p1a: Grafaiai|Gunk Shot|p2a: Gyarados|[miss]\n|-miss|p1a: Grafaiai|p2a: Gyarados\n|move|p2a: Gyarados|Dragon Dance|p2a: Gyarados\n|-boost|p2a: Gyarados|atk|1\n|-boost|p2a: Gyarados|spe|1\n|\n|upkeep\n|turn|2\n|inactive|Time left: 300 sec this turn | 300 sec total\n|\n|t:|1783560814\n|switch|p1a: Mandibuzz|Mandibuzz, L85, F|100/100\n|move|p2a: Gyarados|Waterfall|p1a: Mandibuzz\n|-damage|p1a: Mandibuzz|67/100\n|\n|upkeep\n|turn|3\n|inactive|Time left: 300 sec this turn | 300 sec total\n|\n|t:|1783560815\n|move|p2a: Gyarados|Waterfall|p1a: Mandibuzz\n|-damage|p1a: Mandibuzz|30/100\n|move|p1a: Mandibuzz|Roost|p1a: Mandibuzz\n|-heal|p1a: Mandibuzz|80/100\n|-singleturn|p1a: Mandibuzz|move: Roost\n|\n|upkeep\n|turn|4\n|inactive|Time left: 300 sec this turn | 300 sec total\n|\n|t:|1783560816\n|move|p2a: Gyarados|Waterfall|p1a: Mandibuzz\n|-damage|p1a: Mandibuzz|47/100\n|move|p1a: Mandibuzz|Foul Play|p2a: Gyarados\n|-damage|p2a: Gyarados|88/280\n|\n|upkeep\n|turn|5\n|inactive|Time left: 300 sec this turn | 300 sec total\n|\n|t:|1783560817\n|move|p2a: Gyarados|Waterfall|p1a: Mandibuzz\n|-damage|p1a: Mandibuzz|10/100\n|move|p1a: Mandibuzz|Foul Play|p2a: Gyarados\n|-damage|p2a: Gyarados|0 fnt\n|faint|p2a: Gyarados\n|\n|upkeep\n|inactive|Time left: 300 sec this turn | 300 sec total | 5 sec grace\n|\n|t:|1783560817\n|switch|p2a: Flamigo|Flamigo, L82, M|269/269\n|turn|6\n|inactive|Time left: 300 sec this turn | 300 sec total\n|\n|t:|1783560818\n|move|p2a: Flamigo|Close Combat|p1a: Mandibuzz\n|-damage|p1a: Mandibuzz|0 fnt\n|-unboost|p2a: Flamigo|def|1\n|-unboost|p2a: Flamigo|spd|1\n|faint|p1a: Mandibuzz\n|\n|upkeep\n|\n|t:|1783560819\n|switch|p1a: Flapple|Flapple, L88, F|100/100\n|turn|7\n|inactive|Time left: 300 sec this turn | 300 sec total\n|\n|t:|1783560820\n|-terastallize|p2a: Flamigo|Fighting\n|move|p2a: Flamigo|Close Combat|p1a: Flapple\n|-damage|p1a: Flapple|0 fnt\n|-unboost|p2a: Flamigo|def|1\n|-unboost|p2a: Flamigo|spd|1\n|faint|p1a: Flapple\n|\n|upkeep\n|\n|t:|1783560821\n|switch|p1a: Ambipom|Ambipom, L84, M|100/100\n|turn|8\n|inactive|Time left: 300 sec this turn | 300 sec total\n|\n|t:|1783560822\n|switch|p2a: Misdreavus|Misdreavus, L90, M|254/254\n|move|p1a: Ambipom|Triple Axel|p2a: Misdreavus\n|-damage|p2a: Misdreavus|224/254\n|-damage|p2a: Misdreavus|166/254\n|-damage|p2a: Misdreavus|93/254\n|-hitcount|p2a: Misdreavus|3\n|\n|upkeep\n|turn|9\n|inactive|Time left: 300 sec this turn | 300 sec total\n|\n|t:|1783560823\n|move|p1a: Ambipom|Triple Axel|p2a: Misdreavus\n|-damage|p2a: Misdreavus|64/254\n|-damage|p2a: Misdreavus|10/254\n|-hitcount|p2a: Misdreavus|2\n|move|p2a: Misdreavus|Will-O-Wisp|p1a: Ambipom\n|-status|p1a: Ambipom|brn\n|\n|-damage|p1a: Ambipom|94/100 brn|[from] brn\n|upkeep\n|turn|10\n|inactive|Time left: 300 sec this turn | 300 sec total\n|\n|t:|1783560824\n|switch|p2a: Scream Tail|Scream Tail, L84|330/330\n|move|p1a: Ambipom|Triple Axel|p2a: Scream Tail\n|-damage|p2a: Scream Tail|316/330\n|-damage|p2a: Scream Tail|285/330\n|-damage|p2a: Scream Tail|243/330\n|-hitcount|p2a: Scream Tail|3\n|\n|-heal|p2a: Scream Tail|263/330|[from] item: Leftovers\n|-damage|p1a: Ambipom|88/100 brn|[from] brn\n|upkeep\n|turn|11\n|inactive|Time left: 300 sec this turn | 300 sec total\n|\n|t:|1783560825\n|move|p1a: Ambipom|Triple Axel|p2a: Scream Tail\n|-damage|p2a: Scream Tail|247/330\n|-damage|p2a: Scream Tail|219/330\n|-damage|p2a: Scream Tail|173/330\n|-hitcount|p2a: Scream Tail|3\n|move|p2a: Scream Tail|Wish|p2a: Scream Tail\n|\n|-heal|p2a: Scream Tail|193/330|[from] item: Leftovers\n|-damage|p1a: Ambipom|82/100 brn|[from] brn\n|upkeep\n|turn|12\n|inactive|Time left: 300 sec this turn | 300 sec total\n|\n|t:|1783560826\n|move|p1a: Ambipom|Triple Axel|p2a: Scream Tail\n|-damage|p2a: Scream Tail|179/330\n|-damage|p2a: Scream Tail|147/330\n|-damage|p2a: Scream Tail|105/330\n|-hitcount|p2a: Scream Tail|3\n|move|p2a: Scream Tail|Play Rough|p1a: Ambipom\n|-damage|p1a: Ambipom|48/100 brn\n|\n|-heal|p2a: Scream Tail|270/330|[from] move: Wish|[wisher] Scream Tail\n|-heal|p2a: Scream Tail|290/330|[from] item: Leftovers\n|-damage|p1a: Ambipom|42/100 brn|[from] brn\n|upkeep\n|turn|13\n|inactive|Time left: 300 sec this turn | 300 sec total\n|\n|t:|1783560827\n|move|p1a: Ambipom|Triple Axel|p2a: Scream Tail|[miss]\n|-miss|p1a: Ambipom|p2a: Scream Tail\n|move|p2a: Scream Tail|Wish|p2a: Scream Tail\n|\n|-heal|p2a: Scream Tail|310/330|[from] item: Leftovers\n|-damage|p1a: Ambipom|35/100 brn|[from] brn\n|upkeep\n|turn|14\n|inactive|Time left: 300 sec this turn | 300 sec total\n|\n|t:|1783560828\n|move|p1a: Ambipom|Triple Axel|p2a: Scream Tail\n|-damage|p2a: Scream Tail|296/330\n|-damage|p2a: Scream Tail|265/330\n|-damage|p2a: Scream Tail|220/330\n|-hitcount|p2a: Scream Tail|3\n|move|p2a: Scream Tail|Play Rough|p1a: Ambipom\n|-damage|p1a: Ambipom|4/100 brn\n|\n|-heal|p2a: Scream Tail|330/330|[from] move: Wish|[wisher] Scream Tail\n|-damage|p1a: Ambipom|0 fnt|[from] brn\n|faint|p1a: Ambipom\n|upkeep\n|\n|t:|1783560829\n|switch|p1a: Grafaiai|Grafaiai, L86, M|100/100\n|turn|15\n|inactive|Time left: 300 sec this turn | 300 sec total\n|\n|t:|1783560830\n|move|p1a: Grafaiai|Gunk Shot|p2a: Scream Tail|[miss]\n|-miss|p1a: Grafaiai|p2a: Scream Tail\n|move|p2a: Scream Tail|Thunder Wave|p1a: Grafaiai|[miss]\n|-miss|p2a: Scream Tail|p1a: Grafaiai\n|\n|upkeep\n|turn|16\n|inactive|Time left: 300 sec this turn | 300 sec total\n|\n|t:|1783560831\n|move|p2a: Scream Tail|Protect|p2a: Scream Tail\n|-singleturn|p2a: Scream Tail|Protect\n|move|p1a: Grafaiai|Swords Dance|p1a: Grafaiai\n|-boost|p1a: Grafaiai|atk|2\n|\n|upkeep\n|turn|17\n|inactive|Time left: 300 sec this turn | 300 sec total\n|\n|t:|1783560832\n|-end|p2a: Scream Tail|Protosynthesis|[silent]\n|switch|p2a: Misdreavus|Misdreavus, L90, M|10/254\n|move|p1a: Grafaiai|Gunk Shot|p2a: Misdreavus\n|-resisted|p2a: Misdreavus\n|-damage|p2a: Misdreavus|0 fnt\n|faint|p2a: Misdreavus\n|-damage|p1a: Grafaiai|91/100|[from] item: Life Orb\n|\n|upkeep\n|inactive|Time left: 300 sec this turn | 300 sec total | 5 sec grace\n|\n|t:|1783560833\n|switch|p2a: Scream Tail|Scream Tail, L84|330/330\n|turn|18\n|inactive|Time left: 300 sec this turn | 300 sec total\n|\n|t:|1783560834\n|move|p2a: Scream Tail|Protect|p2a: Scream Tail\n|-singleturn|p2a: Scream Tail|Protect\n|move|p1a: Grafaiai|Gunk Shot|p2a: Scream Tail\n|-activate|p2a: Scream Tail|move: Protect\n|\n|upkeep\n|turn|19\n|inactive|Time left: 300 sec this turn | 300 sec total\n|\n|t:|1783560835\n|move|p1a: Grafaiai|Gunk Shot|p2a: Scream Tail\n|-supereffective|p2a: Scream Tail\n|-damage|p2a: Scream Tail|0 fnt\n|faint|p2a: Scream Tail\n|-end|p2a: Scream Tail|Protosynthesis|[silent]\n|-damage|p1a: Grafaiai|81/100|[from] item: Life Orb\n|\n|upkeep\n|inactive|Time left: 300 sec this turn | 300 sec total | 5 sec grace\n|\n|t:|1783560836\n|switch|p2a: Hitmonchan|Hitmonchan, L87, M|229/229\n|turn|20\n|inactive|Time left: 300 sec this turn | 300 sec total\n|\n|t:|1783560837\n|move|p1a: Grafaiai|Gunk Shot|p2a: Hitmonchan\n|-damage|p2a: Hitmonchan|0 fnt\n|faint|p2a: Hitmonchan\n|-damage|p1a: Grafaiai|72/100|[from] item: Life Orb\n|\n|upkeep\n|inactive|Time left: 300 sec this turn | 300 sec total | 5 sec grace\n|\n|t:|1783560837\n|switch|p2a: Shiftry|Shiftry, L89, M|305/305\n|turn|21\n|inactive|Time left: 300 sec this turn | 300 sec total\n|\n|t:|1783560838\n|switch|p2a: Flamigo|Flamigo, L82, M, tera:Fighting|269/269\n|move|p1a: Grafaiai|Low Kick|p2a: Flamigo\n|-damage|p2a: Flamigo|144/269\n|-damage|p1a: Grafaiai|62/100|[from] item: Life Orb\n|\n|upkeep\n|turn|22\n|inactive|Time left: 300 sec this turn | 300 sec total\n|\n|t:|1783560839\n|switch|p2a: Shiftry|Shiftry, L89, M|305/305\n|-terastallize|p1a: Grafaiai|Dark\n|move|p1a: Grafaiai|Knock Off|p2a: Shiftry\n|-resisted|p2a: Shiftry\n|-damage|p2a: Shiftry|126/305\n|-enditem|p2a: Shiftry|Life Orb|[from] move: Knock Off|[of] p1a: Grafaiai\n|-damage|p1a: Grafaiai|52/100|[from] item: Life Orb\n|\n|upkeep\n|turn|23\n|inactive|Time left: 300 sec this turn | 300 sec total\n|\n|t:|1783560840\n|switch|p2a: Flamigo|Flamigo, L82, M, tera:Fighting|144/269\n|move|p1a: Grafaiai|Low Kick|p2a: Flamigo\n|-damage|p2a: Flamigo|6/269\n|-damage|p1a: Grafaiai|43/100|[from] item: Life Orb\n|\n|upkeep\n|turn|24\n|inactive|Time left: 300 sec this turn | 300 sec total\n|\n|t:|1783560841\n|move|p1a: Grafaiai|Gunk Shot|p2a: Flamigo\n|-damage|p2a: Flamigo|0 fnt\n|faint|p2a: Flamigo\n|-damage|p1a: Grafaiai|33/100|[from] item: Life Orb\n|\n|upkeep\n|inactive|Time left: 300 sec this turn | 300 sec total | 5 sec grace\n|\n|t:|1783560842\n|switch|p2a: Shiftry|Shiftry, L89, M|126/305\n|turn|25\n|inactive|Time left: 300 sec this turn | 300 sec total\n|\n|t:|1783560843\n|move|p1a: Grafaiai|Low Kick|p2a: Shiftry\n|-supereffective|p2a: Shiftry\n|-damage|p2a: Shiftry|0 fnt\n|faint|p2a: Shiftry\n|-damage|p1a: Grafaiai|23/100|[from] item: Life Orb\n|\n|win|p0x1795b3a1", "uploadtime": 1783560843, "views": 0, "rating": 0, "private": 0, "password": null, "_winner": "p0x1795b3a1", "_our_name": "p0y17954d99"}