{"id": "battle-gen9randombattle-2965", "formatid": "gen9randombattle", "format": "[Gen 9] Random Battle", "players": ["p0x2965b6db", "p0y2965d4d8"], "log": "|init|battle\n|title|p0x2965b6db vs. p0y2965d4d8\n|j|\u2606p0x2965b6db\n|j|\u2606p0y2965d4d8\n|t:|1783574153\n|gametype|singles\n|player|p1|p0x2965b6db|266|\n|player|p2|p0y2965d4d8|2|\n|gen|9\n|tier|[Gen 9] Random Battle\n|rule|Species Clause: Limit one of each Pok\u00e9mon\n|rule|HP Percentage Mod: HP is shown in percentages\n|rule|Sleep Clause Mod: Limit one foe put to sleep\n|rule|Illusion Level Mod: Illusion disguises the Pok\u00e9mon's true level\n|\n|t:|1783574153\n|teamsize|p1|6\n|teamsize|p2|6\n|start\n|switch|p1a: Greedent|Greedent, L86, F|100/100\n|switch|p2a: Electivire|Electivire, L84, M|263/263\n|turn|1\n|inactive|Battle timer is ON: inactive players will automatically lose when time's up. (requested by p0y2965d4d8)\n|\n|t:|1783574154\n|move|p2a: Electivire|Bulk Up|p2a: Electivire\n|-boost|p2a: Electivire|atk|1\n|-boost|p2a: Electivire|def|1\n|move|p1a: Greedent|Swords Dance|p1a: Greedent\n|-boost|p1a: Greedent|atk|2\n|\n|upkeep\n|turn|2\n|inactive|Time left: 300 sec this turn | 300 sec total\n|inactive|p0x2965b6db also wants the timer to be on.\n|\n|t:|1783574155\n|move|p2a: Electivire|Bulk Up|p2a: Electivire\n|-boost|p2a: Electivire|atk|1\n|-boost|p2a: Electivire|def|1\n|move|p1a: Greedent|Body Slam|p2a: Electivire\n|-damage|p2a: Electivire|154/263\n|\n|upkeep\n|turn|3\n|inactive|Time left: 300 sec this turn | 300 sec total\n|\n|t:|1783574156\n|-terastallize|p2a: Electivire|Ground\n|move|p2a: Electivire|Bulk Up|p2a: Electivire\n|-boost|p2a: Electivire|atk|1\n|-boost|p2a: Electivire|def|1\n|move|p1a: Greedent|Body Slam|p2a: Electivire\n|-damage|p2a: Electivire|70/263\n|\n|upkeep\n|turn|4\n|inactive|Time left: 300 sec this turn | 300 sec total\n|\n|t:|1783574157\n|switch|p1a: Shaymin|Shaymin-Sky, L73|100/100\n|move|p2a: Electivire|Earthquake|p1a: Shaymin\n|-immune|p1a: Shaymin\n|\n|upkeep\n|turn|5\n|inactive|Time left: 300 sec this turn | 300 sec total\n|\n|t:|1783574158\n|move|p1a: Shaymin|Dazzling Gleam|p2a: Electivire\n|-damage|p2a: Electivire|0 fnt\n|faint|p2a: Electivire\n|\n|upkeep\n|inactive|Time left: 300 sec this turn | 300 sec total | 5 sec grace\n|\n|t:|1783574159\n|switch|p2a: Salazzle|Salazzle, L83, F|249/249\n|turn|6\n|inactive|Time left: 300 sec this turn | 300 sec total\n|\n|t:|1783574160\n|switch|p1a: Reuniclus|Reuniclus, L88, F|100/100\n|move|p2a: Salazzle|Toxic|p1a: Reuniclus\n|-status|p1a: Reuniclus|tox\n|\n|upkeep\n|turn|7\n|inactive|Time left: 300 sec this turn | 300 sec total\n|\n|t:|1783574161\n|move|p2a: Salazzle|Flamethrower|p1a: Reuniclus\n|-damage|p1a: Reuniclus|68/100 tox\n|move|p1a: Reuniclus|Calm Mind|p1a: Reuniclus\n|-boost|p1a: Reuniclus|spa|1\n|-boost|p1a: Reuniclus|spd|1\n|\n|upkeep\n|turn|8\n|inactive|Time left: 300 sec this turn | 300 sec total\n|\n|t:|1783574162\n|move|p2a: Salazzle|Protect|p2a: Salazzle\n|-singleturn|p2a: Salazzle|Protect\n|move|p1a: Reuniclus|Psychic|p2a: Salazzle\n|-activate|p2a: Salazzle|move: Protect\n|\n|upkeep\n|turn|9\n|inactive|Time left: 300 sec this turn | 300 sec total\n|\n|t:|1783574163\n|switch|p2a: Roaring Moon|Roaring Moon, L72|270/270\n|move|p1a: Reuniclus|Psychic|p2a: Roaring Moon\n|-immune|p2a: Roaring Moon\n|\n|upkeep\n|turn|10\n|inactive|Time left: 300 sec this turn | 300 sec total\n|\n|t:|1783574164\n|move|p2a: Roaring Moon|Knock Off|p1a: Reuniclus\n|-supereffective|p1a: Reuniclus\n|-damage|p1a: Reuniclus|0 fnt\n|-enditem|p1a: Reuniclus|Life Orb|[from] move: Knock Off|[of] p2a: Roaring Moon\n|faint|p1a: Reuniclus\n|\n|upkeep\n|\n|t:|1783574166\n|switch|p1a: Cloyster|Cloyster, L80, F|100/100\n|turn|11\n|inactive|Time left: 300 sec this turn | 300 sec total\n|\n|t:|1783574166\n|move|p2a: Roaring Moon|Knock Off|p1a: Cloyster\n|-damage|p1a: Cloyster|62/100\n|-enditem|p1a: Cloyster|White Herb|[from] move: Knock Off|[of] p2a: Roaring Moon\n|move|p1a: Cloyster|Shell Smash|p1a: Cloyster\n|-unboost|p1a: Cloyster|def|1\n|-unboost|p1a: Cloyster|spd|1\n|-boost|p1a: Cloyster|atk|2\n|-boost|p1a: Cloyster|spa|2\n|-boost|p1a: Cloyster|spe|2\n|\n|upkeep\n|turn|12\n|inactive|Time left: 300 sec this turn | 300 sec total\n|\n|t:|1783574168\n|-end|p2a: Roaring Moon|Protosynthesis|[silent]\n|switch|p2a: Salazzle|Salazzle, L83, F|249/249\n|move|p1a: Cloyster|Icicle Spear|p2a: Salazzle\n|-resisted|p2a: Salazzle\n|-damage|p2a: Salazzle|218/249\n|-resisted|p2a: Salazzle\n|-damage|p2a: Salazzle|186/249\n|-resisted|p2a: Salazzle\n|-damage|p2a: Salazzle|152/249\n|-resisted|p2a: Salazzle\n|-damage|p2a: Salazzle|119/249\n|-resisted|p2a: Salazzle\n|-damage|p2a: Salazzle|86/249\n|-hitcount|p2a: Salazzle|5\n|\n|-heal|p2a: Salazzle|101/249|[from] item: Leftovers\n|upkeep\n|turn|13\n|inactive|Time left: 300 sec this turn | 300 sec total\n|\n|t:|1783574169\n|move|p2a: Salazzle|Protect|p2a: Salazzle\n|-singleturn|p2a: Salazzle|Protect\n|move|p1a: Cloyster|Icicle Spear|p2a: Salazzle\n|-activate|p2a: Salazzle|move: Protect\n|\n|-heal|p2a: Salazzle|116/249|[from] item: Leftovers\n|upkeep\n|turn|14\n|inactive|Time left: 300 sec this turn | 300 sec total\n|\n|t:|1783574170\n|move|p2a: Salazzle|Protect|p2a: Salazzle\n|-singleturn|p2a: Salazzle|Protect\n|move|p1a: Cloyster|Icicle Spear|p2a: Salazzle\n|-activate|p2a: Salazzle|move: Protect\n|\n|-heal|p2a: Salazzle|131/249|[from] item: Leftovers\n|upkeep\n|turn|15\n|inactive|Time left: 300 sec this turn | 300 sec total\n|\n|t:|1783574171\n|move|p2a: Salazzle|Protect||[still]\n|-fail|p2a: Salazzle\n|move|p1a: Cloyster|Icicle Spear|p2a: Salazzle\n|-resisted|p2a: Salazzle\n|-damage|p2a: Salazzle|98/249\n|-resisted|p2a: Salazzle\n|-damage|p2a: Salazzle|66/249\n|-resisted|p2a: Salazzle\n|-damage|p2a: Salazzle|33/249\n|-resisted|p2a: Salazzle\n|-damage|p2a: Salazzle|0 fnt\n|faint|p2a: Salazzle\n|-hitcount|p2: Salazzle|4\n|\n|upkeep\n|inactive|Time left: 300 sec this turn | 300 sec total | 5 sec grace\n|\n|t:|1783574172\n|switch|p2a: Tsareena|Tsareena, L87, F|267/267\n|turn|16\n|inactive|Time left: 300 sec this turn | 300 sec total\n|\n|t:|1783574173\n|move|p1a: Cloyster|Icicle Spear|p2a: Tsareena\n|-supereffective|p2a: Tsareena\n|-damage|p2a: Tsareena|177/267\n|-supereffective|p2a: Tsareena\n|-damage|p2a: Tsareena|85/267\n|-supereffective|p2a: Tsareena\n|-damage|p2a: Tsareena|0 fnt\n|faint|p2a: Tsareena\n|-hitcount|p2: Tsareena|3\n|\n|upkeep\n|inactive|Time left: 300 sec this turn | 300 sec total | 5 sec grace\n|\n|t:|1783574174\n|switch|p2a: Delibird|Delibird, F|252/252\n|turn|17\n|inactive|Time left: 300 sec this turn | 300 sec total\n|\n|t:|1783574175\n|move|p1a: Cloyster|Icicle Spear|p2a: Delibird\n|-damage|p2a: Delibird|192/252\n|-damage|p2a: Delibird|125/252\n|-damage|p2a: Delibird|56/252\n|-damage|p2a: Delibird|0 fnt\n|faint|p2a: Delibird\n|-hitcount|p2: Delibird|4\n|\n|upkeep\n|inactive|Time left: 300 sec this turn | 300 sec total | 5 sec grace\n|\n|t:|1783574176\n|switch|p2a: Roaring Moon|Roaring Moon, L72|270/270\n|turn|18\n|inactive|Time left: 300 sec this turn | 300 sec total\n|\n|t:|1783574177\n|move|p1a: Cloyster|Icicle Spear|p2a: Roaring Moon\n|-supereffective|p2a: Roaring Moon\n|-damage|p2a: Roaring Moon|148/270\n|-supereffective|p2a: Roaring Moon\n|-damage|p2a: Roaring Moon|22/270\n|-supereffective|p2a: Roaring Moon\n|-damage|p2a: Roaring Moon|0 fnt\n|faint|p2a: Roaring Moon\n|-end|p2a: Roaring Moon|Protosynthesis|[silent]\n|-hitcount|p2: Roaring Moon|3\n|\n|upkeep\n|inactive|Time left: 300 sec this turn | 300 sec total | 5 sec grace\n|\n|t:|1783574178\n|switch|p2a: Great Tusk|Great Tusk, L77|304/304\n|turn|19\n|inactive|Time left: 300 sec this turn | 300 sec total\n|\n|t:|1783574178\n|-terastallize|p1a: Cloyster|Ground\n|move|p1a: Cloyster|Icicle Spear|p2a: Great Tusk\n|-supereffective|p2a: Great Tusk\n|-damage|p2a: Great Tusk|226/304\n|-supereffective|p2a: Great Tusk\n|-damage|p2a: Great Tusk|146/304\n|-supereffective|p2a: Great Tusk\n|-damage|p2a: Great Tusk|68/304\n|-supereffective|p2a: Great Tusk\n|-damage|p2a: Great Tusk|0 fnt\n|faint|p2a: Great Tusk\n|-end|p2a: Great Tusk|Protosynthesis|[silent]\n|-hitcount|p2: Great Tusk|4\n|\n|win|p0x2965b6db", "uploadtime": 1783574178, "views": 0, "rating": 0, "private": 0, "password": null, "_winner": "p0x2965b6db", "_our_name": "p0y2965d4d8"}