{"id": "battle-gen9randombattle-2494", "formatid": "gen9randombattle", "format": "[Gen 9] Random Battle", "players": ["p0x24941c4a", "p0y24945da7"], "log": "|init|battle\n|title|p0x24941c4a vs. p0y24945da7\n|j|\u2606p0x24941c4a\n|j|\u2606p0y24945da7\n|t:|1783567933\n|gametype|singles\n|player|p1|p0x24941c4a|2|\n|player|p2|p0y24945da7|170|\n|gen|9\n|tier|[Gen 9] Random Battle\n|rule|Species Clause: Limit one of each Pok\u00e9mon\n|rule|HP Percentage Mod: HP is shown in percentages\n|rule|Sleep Clause Mod: Limit one foe put to sleep\n|rule|Illusion Level Mod: Illusion disguises the Pok\u00e9mon's true level\n|\n|t:|1783567933\n|teamsize|p1|6\n|teamsize|p2|6\n|start\n|switch|p1a: Cramorant|Cramorant, L86, M|100/100\n|switch|p2a: Darkrai|Darkrai, L77|234/234\n|turn|1\n|inactive|Battle timer is ON: inactive players will automatically lose when time's up. (requested by p0x24941c4a)\n|inactive|Time left: 300 sec this turn | 300 sec total | 60 sec grace\n|inactive|p0y24945da7 also wants the timer to be on.\n|\n|t:|1783567934\n|move|p2a: Darkrai|Nasty Plot|p2a: Darkrai\n|-boost|p2a: Darkrai|spa|2\n|move|p1a: Cramorant|Surf|p2a: Darkrai\n|-formechange|p1a: Cramorant|Cramorant-Gulping|\n|-damage|p2a: Darkrai|134/234\n|\n|upkeep\n|turn|2\n|inactive|Time left: 300 sec this turn | 300 sec total\n|\n|t:|1783567935\n|move|p2a: Darkrai|Dark Pulse|p1a: Cramorant\n|-damage|p1a: Cramorant|23/100\n|-damage|p2a: Darkrai|76/234|[from] ability: Gulp Missile|[of] p1a: Cramorant\n|-unboost|p2a: Darkrai|def|1\n|-formechange|p1a: Cramorant|Cramorant|\n|-damage|p2a: Darkrai|53/234|[from] item: Life Orb\n|move|p1a: Cramorant|Surf|p2a: Darkrai\n|-formechange|p1a: Cramorant|Cramorant-Gorging|\n|-damage|p2a: Darkrai|0 fnt\n|faint|p2a: Darkrai\n|\n|upkeep\n|inactive|Time left: 300 sec this turn | 300 sec total | 5 sec grace\n|\n|t:|1783567936\n|switch|p2a: Tinkaton|Tinkaton, L82, F|274/274\n|-ability|p2a: Tinkaton|Mold Breaker\n|turn|3\n|inactive|Time left: 300 sec this turn | 300 sec total\n|\n|t:|1783567937\n|move|p2a: Tinkaton|Swords Dance|p2a: Tinkaton\n|-boost|p2a: Tinkaton|atk|2\n|move|p1a: Cramorant|Roost|p1a: Cramorant\n|-heal|p1a: Cramorant|73/100\n|-singleturn|p1a: Cramorant|move: Roost\n|\n|upkeep\n|turn|4\n|inactive|Time left: 300 sec this turn | 300 sec total\n|\n|t:|1783567938\n|move|p2a: Tinkaton|Play Rough|p1a: Cramorant\n|-damage|p1a: Cramorant|0 fnt\n|-damage|p2a: Tinkaton|206/274|[from] ability: Gulp Missile|[of] p1a: Cramorant\n|-status|p2a: Tinkaton|par\n|-formechange|p1a: Cramorant|Cramorant|\n|faint|p1a: Cramorant\n|\n|-heal|p2a: Tinkaton|223/274 par|[from] item: Leftovers\n|upkeep\n|\n|t:|1783567939\n|switch|p1a: Piloswine|Piloswine, L85, F|100/100\n|turn|5\n|inactive|Time left: 300 sec this turn | 300 sec total\n|\n|t:|1783567940\n|move|p1a: Piloswine|Earthquake|p2a: Tinkaton\n|-supereffective|p2a: Tinkaton\n|-damage|p2a: Tinkaton|0 fnt\n|faint|p2a: Tinkaton\n|\n|upkeep\n|inactive|Time left: 300 sec this turn | 300 sec total | 5 sec grace\n|\n|t:|1783567941\n|switch|p2a: Gallade|Gallade, L80, M|240/240\n|turn|6\n|inactive|Time left: 300 sec this turn | 300 sec total\n|\n|t:|1783567942\n|-terastallize|p1a: Piloswine|Dragon\n|move|p2a: Gallade|Sacred Sword|p1a: Piloswine\n|-damage|p1a: Piloswine|56/100\n|-damage|p2a: Gallade|216/240|[from] item: Life Orb\n|move|p1a: Piloswine|Earthquake|p2a: Gallade\n|-damage|p2a: Gallade|60/240\n|\n|upkeep\n|turn|7\n|inactive|Time left: 300 sec this turn | 300 sec total\n|\n|t:|1783567943\n|move|p1a: Piloswine|Ice Shard|p2a: Gallade\n|-damage|p2a: Gallade|0 fnt\n|faint|p2a: Gallade\n|\n|upkeep\n|inactive|Time left: 300 sec this turn | 300 sec total | 5 sec grace\n|\n|t:|1783567943\n|switch|p2a: Koraidon|Koraidon, L64|235/235\n|-weather|SunnyDay|[from] ability: Orichalcum Pulse|[of] p2a: Koraidon\n|-activate|p2a: Koraidon|Orichalcum Pulse|[source]\n|turn|8\n|inactive|Time left: 300 sec this turn | 300 sec total\n|\n|t:|1783567944\n|move|p2a: Koraidon|Outrage|p1a: Piloswine\n|-supereffective|p1a: Piloswine\n|-damage|p1a: Piloswine|0 fnt\n|faint|p1a: Piloswine\n|\n|-weather|SunnyDay|[upkeep]\n|upkeep\n|\n|t:|1783567945\n|switch|p1a: Dedenne|Dedenne, L88, F|100/100\n|turn|9\n|inactive|Time left: 300 sec this turn | 300 sec total\n|\n|t:|1783567946\n|move|p1a: Dedenne|Dazzling Gleam|p2a: Koraidon\n|-supereffective|p2a: Koraidon\n|-damage|p2a: Koraidon|0 fnt\n|faint|p2a: Koraidon\n|\n|-weather|SunnyDay|[upkeep]\n|upkeep\n|inactive|Time left: 300 sec this turn | 300 sec total | 5 sec grace\n|\n|t:|1783567947\n|switch|p2a: Slowking|Slowking-Galar, L85, F|300/300\n|turn|10\n|inactive|Time left: 300 sec this turn | 300 sec total\n|\n|t:|1783567948\n|switch|p1a: Probopass|Probopass, L91, F|100/100\n|move|p2a: Slowking|Sludge Bomb|p1a: Probopass\n|-immune|p1a: Probopass\n|\n|-weather|SunnyDay|[upkeep]\n|upkeep\n|turn|11\n|inactive|Time left: 300 sec this turn | 300 sec total\n|\n|t:|1783567948\n|move|p1a: Probopass|Thunder Wave|p2a: Slowking\n|-status|p2a: Slowking|par\n|move|p2a: Slowking|Fire Blast|p1a: Probopass|[miss]\n|-miss|p2a: Slowking|p1a: Probopass\n|\n|-weather|SunnyDay|[upkeep]\n|upkeep\n|turn|12\n|inactive|Time left: 300 sec this turn | 300 sec total\n|\n|t:|1783567949\n|move|p1a: Probopass|Iron Defense|p1a: Probopass\n|-boost|p1a: Probopass|def|2\n|move|p2a: Slowking|Fire Blast|p1a: Probopass\n|-damage|p1a: Probopass|72/100\n|-status|p1a: Probopass|brn\n|\n|-weather|none\n|-heal|p1a: Probopass|78/100 brn|[from] item: Leftovers\n|-damage|p1a: Probopass|72/100 brn|[from] brn\n|upkeep\n|turn|13\n|inactive|Time left: 300 sec this turn | 300 sec total\n|\n|t:|1783567950\n|move|p1a: Probopass|Body Press|p2a: Slowking\n|-resisted|p2a: Slowking\n|-damage|p2a: Slowking|276/300 par\n|move|p2a: Slowking|Surf|p1a: Probopass\n|-supereffective|p1a: Probopass\n|-damage|p1a: Probopass|37/100 brn\n|\n|-heal|p1a: Probopass|44/100 brn|[from] item: Leftovers\n|-damage|p1a: Probopass|37/100 brn|[from] brn\n|upkeep\n|turn|14\n|inactive|Time left: 300 sec this turn | 300 sec total\n|\n|t:|1783567952\n|move|p1a: Probopass|Body Press|p2a: Slowking\n|-resisted|p2a: Slowking\n|-damage|p2a: Slowking|250/300 par\n|cant|p2a: Slowking|par\n|\n|-heal|p1a: Probopass|44/100 brn|[from] item: Leftovers\n|-damage|p1a: Probopass|37/100 brn|[from] brn\n|upkeep\n|turn|15\n|inactive|Time left: 300 sec this turn | 300 sec total\n|\n|t:|1783567952\n|move|p1a: Probopass|Flash Cannon|p2a: Slowking\n|-damage|p2a: Slowking|207/300 par\n|-unboost|p2a: Slowking|spd|1\n|move|p2a: Slowking|Surf|p1a: Probopass\n|-supereffective|p1a: Probopass\n|-damage|p1a: Probopass|2/100 brn\n|\n|-heal|p1a: Probopass|8/100 brn|[from] item: Leftovers\n|-damage|p1a: Probopass|2/100 brn|[from] brn\n|upkeep\n|turn|16\n|inactive|Time left: 300 sec this turn | 300 sec total\n|\n|t:|1783567954\n|switch|p2a: Toedscruel|Toedscruel, L87, F|281/281\n|move|p1a: Probopass|Flash Cannon|p2a: Toedscruel\n|-damage|p2a: Toedscruel|212/281\n|\n|-heal|p2a: Toedscruel|229/281|[from] item: Leftovers\n|-heal|p1a: Probopass|8/100 brn|[from] item: Leftovers\n|-damage|p1a: Probopass|2/100 brn|[from] brn\n|upkeep\n|turn|17\n|inactive|Time left: 300 sec this turn | 300 sec total\n|\n|t:|1783567954\n|switch|p1a: Frosmoth|Frosmoth, L82, M|100/100\n|move|p2a: Toedscruel|Rapid Spin|p1a: Frosmoth\n|-damage|p1a: Frosmoth|85/100\n|-boost|p2a: Toedscruel|spe|1\n|\n|-heal|p2a: Toedscruel|246/281|[from] item: Leftovers\n|upkeep\n|turn|18\n|inactive|Time left: 300 sec this turn | 300 sec total\n|\n|t:|1783567955\n|move|p1a: Frosmoth|Quiver Dance|p1a: Frosmoth\n|-boost|p1a: Frosmoth|spa|1\n|-boost|p1a: Frosmoth|spd|1\n|-boost|p1a: Frosmoth|spe|1\n|move|p2a: Toedscruel|Spore|p1a: Frosmoth\n|-status|p1a: Frosmoth|slp|[from] move: Spore\n|\n|-heal|p2a: Toedscruel|263/281|[from] item: Leftovers\n|upkeep\n|turn|19\n|inactive|Time left: 300 sec this turn | 300 sec total\n|\n|t:|1783567956\n|move|p2a: Toedscruel|Rapid Spin|p1a: Frosmoth\n|-damage|p1a: Frosmoth|70/100 slp\n|-boost|p2a: Toedscruel|spe|1\n|cant|p1a: Frosmoth|slp\n|\n|-heal|p2a: Toedscruel|280/281|[from] item: Leftovers\n|upkeep\n|turn|20\n|inactive|Time left: 300 sec this turn | 300 sec total\n|\n|t:|1783567957\n|move|p2a: Toedscruel|Earth Power|p1a: Frosmoth\n|-resisted|p1a: Frosmoth\n|-damage|p1a: Frosmoth|64/100 slp\n|cant|p1a: Frosmoth|slp\n|\n|-heal|p2a: Toedscruel|281/281|[from] item: Leftovers\n|upkeep\n|turn|21\n|inactive|Time left: 300 sec this turn | 300 sec total\n|\n|t:|1783567958\n|move|p2a: Toedscruel|Rapid Spin|p1a: Frosmoth\n|-damage|p1a: Frosmoth|48/100 slp\n|-boost|p2a: Toedscruel|spe|1\n|cant|p1a: Frosmoth|slp\n|\n|upkeep\n|turn|22\n|inactive|Time left: 300 sec this turn | 300 sec total\n|\n|t:|1783567959\n|-terastallize|p2a: Toedscruel|Water\n|move|p2a: Toedscruel|Rapid Spin|p1a: Frosmoth\n|-damage|p1a: Frosmoth|33/100 slp\n|-boost|p2a: Toedscruel|spe|1\n|-curestatus|p1a: Frosmoth|slp|[msg]\n|move|p1a: Frosmoth|Ice Beam|p2a: Toedscruel\n|-resisted|p2a: Toedscruel\n|-damage|p2a: Toedscruel|221/281\n|\n|-heal|p2a: Toedscruel|238/281|[from] item: Leftovers\n|upkeep\n|turn|23\n|inactive|Time left: 300 sec this turn | 300 sec total\n|\n|t:|1783567960\n|move|p2a: Toedscruel|Rapid Spin|p1a: Frosmoth\n|-damage|p1a: Frosmoth|17/100\n|-boost|p2a: Toedscruel|spe|1\n|move|p1a: Frosmoth|Giga Drain|p2a: Toedscruel\n|-supereffective|p2a: Toedscruel\n|-damage|p2a: Toedscruel|90/281\n|-heal|p1a: Frosmoth|47/100|[from] drain|[of] p2a: Toedscruel\n|\n|-heal|p2a: Toedscruel|107/281|[from] item: Leftovers\n|upkeep\n|turn|24\n|inactive|Time left: 300 sec this turn | 300 sec total\n|\n|t:|1783567962\n|move|p1a: Frosmoth|Giga Drain|p2a: Toedscruel\n|-supereffective|p2a: Toedscruel\n|-damage|p2a: Toedscruel|0 fnt\n|-heal|p1a: Frosmoth|69/100|[from] drain|[of] p2a: Toedscruel\n|faint|p2a: Toedscruel\n|\n|upkeep\n|inactive|Time left: 300 sec this turn | 300 sec total | 5 sec grace\n|\n|t:|1783567963\n|switch|p2a: Slowking|Slowking-Galar, L85, F|300/300 par\n|turn|25\n|inactive|Time left: 300 sec this turn | 300 sec total\n|\n|t:|1783567964\n|move|p1a: Frosmoth|Quiver Dance|p1a: Frosmoth\n|-boost|p1a: Frosmoth|spa|1\n|-boost|p1a: Frosmoth|spd|1\n|-boost|p1a: Frosmoth|spe|1\n|move|p2a: Slowking|Fire Blast|p1a: Frosmoth\n|-supereffective|p1a: Frosmoth\n|-damage|p1a: Frosmoth|36/100\n|\n|upkeep\n|turn|26\n|inactive|Time left: 300 sec this turn | 300 sec total\n|\n|t:|1783567965\n|move|p1a: Frosmoth|Ice Beam|p2a: Slowking\n|-damage|p2a: Slowking|173/300 par\n|move|p2a: Slowking|Fire Blast|p1a: Frosmoth\n|-supereffective|p1a: Frosmoth\n|-damage|p1a: Frosmoth|0 fnt\n|faint|p1a: Frosmoth\n|\n|upkeep\n|\n|t:|1783567966\n|switch|p1a: Pikachu|Pikachu, L93, F|100/100\n|turn|27\n|inactive|Time left: 300 sec this turn | 300 sec total\n|\n|t:|1783567967\n|move|p1a: Pikachu|Volt Tackle|p2a: Slowking\n|-damage|p2a: Slowking|0 fnt\n|faint|p2a: Slowking\n|-damage|p1a: Pikachu|74/100|[from] Recoil\n|\n|win|p0x24941c4a", "uploadtime": 1783567967, "views": 0, "rating": 0, "private": 0, "password": null, "_winner": "p0x24941c4a", "_our_name": "p0y24945da7"}