{"id": "battle-gen9randombattle-1202", "formatid": "gen9randombattle", "format": "[Gen 9] Random Battle", "players": ["p0x1202f0fd", "p0y1202dc50"], "log": "|init|battle\n|title|p0x1202f0fd vs. p0y1202dc50\n|j|\u2606p0x1202f0fd\n|j|\u2606p0y1202dc50\n|t:|1783553041\n|gametype|singles\n|player|p1|p0x1202f0fd|169|\n|player|p2|p0y1202dc50|169|\n|gen|9\n|tier|[Gen 9] Random Battle\n|rule|Species Clause: Limit one of each Pok\u00e9mon\n|rule|HP Percentage Mod: HP is shown in percentages\n|rule|Sleep Clause Mod: Limit one foe put to sleep\n|rule|Illusion Level Mod: Illusion disguises the Pok\u00e9mon's true level\n|\n|t:|1783553041\n|teamsize|p1|6\n|teamsize|p2|6\n|start\n|switch|p1a: Probopass|Probopass, L91, M|100/100\n|switch|p2a: Sceptile|Sceptile, L87, F|264/264\n|turn|1\n|inactive|Battle timer is ON: inactive players will automatically lose when time's up. (requested by p0x1202f0fd)\n|inactive|Time left: 300 sec this turn | 300 sec total | 60 sec grace\n|inactive|p0y1202dc50 also wants the timer to be on.\n|\n|t:|1783553042\n|switch|p1a: Goodra|Goodra, L85, F|100/100\n|move|p2a: Sceptile|Focus Blast|p1a: Goodra\n|-damage|p1a: Goodra|86/100\n|\n|upkeep\n|turn|2\n|inactive|Time left: 300 sec this turn | 300 sec total\n|\n|t:|1783553044\n|move|p2a: Sceptile|Substitute|p2a: Sceptile\n|-start|p2a: Sceptile|Substitute\n|-damage|p2a: Sceptile|198/264\n|move|p1a: Goodra|Knock Off|p2a: Sceptile\n|-end|p2a: Sceptile|Substitute\n|\n|-heal|p2a: Sceptile|214/264|[from] item: Leftovers\n|upkeep\n|turn|3\n|inactive|Time left: 300 sec this turn | 300 sec total\n|\n|t:|1783553045\n|switch|p2a: Vikavolt|Vikavolt, L83, M|263/263\n|move|p1a: Goodra|Knock Off|p2a: Vikavolt\n|-damage|p2a: Vikavolt|192/263\n|-enditem|p2a: Vikavolt|Heavy-Duty Boots|[from] move: Knock Off|[of] p1a: Goodra\n|\n|upkeep\n|turn|4\n|inactive|Time left: 300 sec this turn | 300 sec total\n|\n|t:|1783553046\n|move|p1a: Goodra|Sludge Bomb|p2a: Vikavolt\n|-damage|p2a: Vikavolt|111/263\n|-status|p2a: Vikavolt|psn\n|move|p2a: Vikavolt|Sticky Web|p1a: Goodra\n|-sidestart|p1: p0x1202f0fd|move: Sticky Web\n|\n|-damage|p2a: Vikavolt|79/263 psn|[from] psn\n|upkeep\n|turn|5\n|inactive|Time left: 300 sec this turn | 300 sec total\n|\n|t:|1783553047\n|switch|p2a: Palossand|Palossand, L89, M|296/296\n|move|p1a: Goodra|Sludge Bomb|p2a: Palossand\n|-resisted|p2a: Palossand\n|-damage|p2a: Palossand|275/296\n|-status|p2a: Palossand|psn\n|\n|-heal|p2a: Palossand|293/296 psn|[from] item: Leftovers\n|-damage|p2a: Palossand|256/296 psn|[from] psn\n|upkeep\n|turn|6\n|inactive|Time left: 300 sec this turn | 300 sec total\n|\n|t:|1783553049\n|move|p1a: Goodra|Knock Off|p2a: Palossand\n|-supereffective|p2a: Palossand\n|-damage|p2a: Palossand|134/296 psn\n|-enditem|p2a: Palossand|Leftovers|[from] move: Knock Off|[of] p1a: Goodra\n|move|p2a: Palossand|Shore Up|p2a: Palossand\n|-heal|p2a: Palossand|282/296 psn\n|\n|-damage|p2a: Palossand|245/296 psn|[from] psn\n|upkeep\n|turn|7\n|inactive|Time left: 300 sec this turn | 300 sec total\n|\n|t:|1783553050\n|move|p1a: Goodra|Power Whip|p2a: Palossand\n|-supereffective|p2a: Palossand\n|-damage|p2a: Palossand|93/296 psn\n|move|p2a: Palossand|Stealth Rock|p1a: Goodra\n|-sidestart|p1: p0x1202f0fd|move: Stealth Rock\n|\n|-damage|p2a: Palossand|56/296 psn|[from] psn\n|upkeep\n|turn|8\n|inactive|Time left: 300 sec this turn | 300 sec total\n|\n|t:|1783553051\n|move|p1a: Goodra|Knock Off|p2a: Palossand\n|-supereffective|p2a: Palossand\n|-damage|p2a: Palossand|0 fnt\n|faint|p2a: Palossand\n|\n|upkeep\n|inactive|Time left: 300 sec this turn | 300 sec total | 5 sec grace\n|\n|t:|1783553052\n|switch|p2a: Munkidori|Munkidori, L79, M|269/269\n|turn|9\n|inactive|Time left: 300 sec this turn | 300 sec total\n|\n|t:|1783553053\n|move|p2a: Munkidori|Psyshock|p1a: Goodra\n|-damage|p1a: Goodra|27/100\n|move|p1a: Goodra|Knock Off|p2a: Munkidori\n|-supereffective|p2a: Munkidori\n|-damage|p2a: Munkidori|83/269\n|-enditem|p2a: Munkidori|Choice Specs|[from] move: Knock Off|[of] p1a: Goodra\n|\n|upkeep\n|turn|10\n|inactive|Time left: 300 sec this turn | 300 sec total\n|\n|t:|1783553054\n|move|p2a: Munkidori|Psyshock|p1a: Goodra\n|-damage|p1a: Goodra|0 fnt\n|faint|p1a: Goodra\n|\n|upkeep\n|\n|t:|1783553055\n|switch|p1a: Slowbro|Slowbro, L85, F|100/100\n|-activate|p1a: Slowbro|move: Sticky Web\n|-unboost|p1a: Slowbro|spe|1\n|-damage|p1a: Slowbro|88/100|[from] Stealth Rock\n|turn|11\n|inactive|Time left: 300 sec this turn | 300 sec total\n|\n|t:|1783553057\n|move|p2a: Munkidori|Sludge Wave|p1a: Slowbro\n|-damage|p1a: Slowbro|47/100\n|-status|p1a: Slowbro|tox|[from] ability: Toxic Chain|[of] p2a: Munkidori\n|move|p1a: Slowbro|Psychic Noise|p2a: Munkidori\n|-damage|p2a: Munkidori|0 fnt\n|faint|p2a: Munkidori\n|\n|-heal|p1a: Slowbro|53/100 tox|[from] item: Leftovers\n|-damage|p1a: Slowbro|47/100 tox|[from] psn\n|upkeep\n|inactive|Time left: 300 sec this turn | 300 sec total | 5 sec grace\n|\n|t:|1783553058\n|switch|p2a: Necrozma|Necrozma-Dawn-Wings, L76|272/272\n|turn|12\n|inactive|Time left: 300 sec this turn | 300 sec total\n|\n|t:|1783553059\n|move|p2a: Necrozma|Calm Mind|p2a: Necrozma\n|-boost|p2a: Necrozma|spa|1\n|-boost|p2a: Necrozma|spd|1\n|move|p1a: Slowbro|Scald|p2a: Necrozma\n|-crit|p2a: Necrozma\n|-damage|p2a: Necrozma|160/272\n|\n|-heal|p2a: Necrozma|177/272|[from] item: Leftovers\n|-heal|p1a: Slowbro|53/100 tox|[from] item: Leftovers\n|-damage|p1a: Slowbro|41/100 tox|[from] psn\n|upkeep\n|turn|13\n|inactive|Time left: 300 sec this turn | 300 sec total\n|\n|t:|1783553060\n|switch|p1a: Flareon|Flareon, L90, M|100/100\n|-activate|p1a: Flareon|move: Sticky Web\n|-unboost|p1a: Flareon|spe|1\n|-damage|p1a: Flareon|76/100|[from] Stealth Rock\n|move|p2a: Necrozma|Moongeist Beam|p1a: Flareon\n|-damage|p1a: Flareon|23/100\n|\n|-heal|p2a: Necrozma|194/272|[from] item: Leftovers\n|-status|p1a: Flareon|tox|[from] item: Toxic Orb\n|upkeep\n|turn|14\n|inactive|Time left: 300 sec this turn | 300 sec total\n|\n|t:|1783553061\n|switch|p1a: Probopass|Probopass, L91, M|100/100\n|-activate|p1a: Probopass|move: Sticky Web\n|-unboost|p1a: Probopass|spe|1\n|-damage|p1a: Probopass|94/100|[from] Stealth Rock\n|move|p2a: Necrozma|Photon Geyser|p1a: Probopass\n|-resisted|p1a: Probopass\n|-damage|p1a: Probopass|72/100\n|\n|-heal|p2a: Necrozma|211/272|[from] item: Leftovers\n|-heal|p1a: Probopass|78/100|[from] item: Leftovers\n|upkeep\n|turn|15\n|inactive|Time left: 300 sec this turn | 300 sec total\n|\n|t:|1783553062\n|move|p2a: Necrozma|Moongeist Beam|p1a: Probopass\n|-damage|p1a: Probopass|36/100\n|move|p1a: Probopass|Flash Cannon|p2a: Necrozma\n|-damage|p2a: Necrozma|168/272\n|\n|-heal|p2a: Necrozma|185/272|[from] item: Leftovers\n|-heal|p1a: Probopass|42/100|[from] item: Leftovers\n|upkeep\n|turn|16\n|inactive|Time left: 300 sec this turn | 300 sec total\n|\n|t:|1783553063\n|switch|p1a: Slowbro|Slowbro, L85, F|74/100 tox\n|-activate|p1a: Slowbro|move: Sticky Web\n|-unboost|p1a: Slowbro|spe|1\n|-damage|p1a: Slowbro|62/100 tox|[from] Stealth Rock\n|move|p2a: Necrozma|Moongeist Beam|p1a: Slowbro\n|-supereffective|p1a: Slowbro\n|-damage|p1a: Slowbro|0 fnt\n|faint|p1a: Slowbro\n|\n|-heal|p2a: Necrozma|202/272|[from] item: Leftovers\n|upkeep\n|\n|t:|1783553064\n|switch|p1a: Probopass|Probopass, L91, M|42/100\n|-activate|p1a: Probopass|move: Sticky Web\n|-unboost|p1a: Probopass|spe|1\n|-damage|p1a: Probopass|36/100|[from] Stealth Rock\n|turn|17\n|inactive|Time left: 300 sec this turn | 300 sec total\n|\n|t:|1783553065\n|move|p2a: Necrozma|Moongeist Beam|p1a: Probopass\n|-damage|p1a: Probopass|0 fnt\n|faint|p1a: Probopass\n|\n|-heal|p2a: Necrozma|219/272|[from] item: Leftovers\n|upkeep\n|\n|t:|1783553066\n|switch|p1a: Annihilape|Annihilape, L76, F|100/100\n|-activate|p1a: Annihilape|move: Sticky Web\n|-unboost|p1a: Annihilape|spe|1\n|-ability|p1a: Annihilape|Defiant|boost\n|-boost|p1a: Annihilape|atk|2\n|-damage|p1a: Annihilape|94/100|[from] Stealth Rock\n|turn|18\n|inactive|Time left: 300 sec this turn | 300 sec total\n|\n|t:|1783553067\n|-terastallize|p1a: Annihilape|Steel\n|move|p2a: Necrozma|Moongeist Beam|p1a: Annihilape\n|-crit|p1a: Annihilape\n|-damage|p1a: Annihilape|0 fnt\n|faint|p1a: Annihilape\n|\n|-heal|p2a: Necrozma|236/272|[from] item: Leftovers\n|upkeep\n|\n|t:|1783553068\n|switch|p1a: Cobalion|Cobalion, L80|100/100\n|-activate|p1a: Cobalion|move: Sticky Web\n|-unboost|p1a: Cobalion|spe|1\n|-damage|p1a: Cobalion|98/100|[from] Stealth Rock\n|turn|19\n|inactive|Time left: 300 sec this turn | 300 sec total\n|\n|t:|1783553069\n|switch|p1a: Flareon|Flareon, L90, M|23/100 tox\n|-activate|p1a: Flareon|move: Sticky Web\n|-unboost|p1a: Flareon|spe|1\n|-damage|p1a: Flareon|0 fnt|[from] Stealth Rock\n|faint|p1a: Flareon\n|move|p2a: Necrozma|Photon Geyser|p1: Flareon|[notarget]\n|-fail|p2a: Necrozma\n|\n|-heal|p2a: Necrozma|253/272|[from] item: Leftovers\n|upkeep\n|\n|t:|1783553070\n|switch|p1a: Cobalion|Cobalion, L80|98/100\n|-activate|p1a: Cobalion|move: Sticky Web\n|-unboost|p1a: Cobalion|spe|1\n|-damage|p1a: Cobalion|95/100|[from] Stealth Rock\n|turn|20\n|inactive|Time left: 300 sec this turn | 300 sec total\n|\n|t:|1783553070\n|move|p1a: Cobalion|Vacuum Wave|p2a: Necrozma\n|-immune|p2a: Necrozma\n|move|p2a: Necrozma|Photon Geyser|p1a: Cobalion\n|-damage|p1a: Cobalion|8/100\n|\n|-heal|p2a: Necrozma|270/272|[from] item: Leftovers\n|-heal|p1a: Cobalion|14/100|[from] item: Leftovers\n|upkeep\n|turn|21\n|inactive|Time left: 300 sec this turn | 300 sec total\n|\n|t:|1783553071\n|-terastallize|p2a: Necrozma|Dark\n|move|p2a: Necrozma|Photon Geyser|p1a: Cobalion\n|-damage|p1a: Cobalion|0 fnt\n|faint|p1a: Cobalion\n|\n|win|p0y1202dc50", "uploadtime": 1783553071, "views": 0, "rating": 0, "private": 0, "password": null, "_winner": "p0y1202dc50", "_our_name": "p0y1202dc50"}