{"id": "battle-gen9randombattle-1982", "formatid": "gen9randombattle", "format": "[Gen 9] Random Battle", "players": ["p0x1982e0b7", "p0y198275f5"], "log": "|init|battle\n|title|p0x1982e0b7 vs. p0y198275f5\n|j|\u2606p0x1982e0b7\n|j|\u2606p0y198275f5\n|t:|1783562932\n|gametype|singles\n|player|p1|p0x1982e0b7|266|\n|player|p2|p0y198275f5|2|\n|gen|9\n|tier|[Gen 9] Random Battle\n|rule|Species Clause: Limit one of each Pok\u00e9mon\n|rule|HP Percentage Mod: HP is shown in percentages\n|rule|Sleep Clause Mod: Limit one foe put to sleep\n|rule|Illusion Level Mod: Illusion disguises the Pok\u00e9mon's true level\n|\n|t:|1783562932\n|teamsize|p1|6\n|teamsize|p2|6\n|start\n|switch|p1a: Cinderace|Cinderace, L77, M|100/100\n|switch|p2a: Blastoise|Blastoise, L80, F|258/258\n|turn|1\n|inactive|Battle timer is ON: inactive players will automatically lose when time's up. (requested by p0x1982e0b7)\n|inactive|Time left: 300 sec this turn | 300 sec total | 60 sec grace\n|\n|t:|1783562934\n|switch|p1a: Primarina|Primarina, L83, F|100/100\n|move|p2a: Blastoise|Shell Smash|p2a: Blastoise\n|-unboost|p2a: Blastoise|def|1\n|-unboost|p2a: Blastoise|spd|1\n|-boost|p2a: Blastoise|atk|2\n|-boost|p2a: Blastoise|spa|2\n|-boost|p2a: Blastoise|spe|2\n|-enditem|p2a: Blastoise|White Herb\n|-clearnegativeboost|p2a: Blastoise|[silent]\n|\n|upkeep\n|turn|2\n|inactive|Time left: 300 sec this turn | 300 sec total\n|inactive|p0y198275f5 also wants the timer to be on.\n|\n|t:|1783562935\n|move|p2a: Blastoise|Earthquake|p1a: Primarina\n|-damage|p1a: Primarina|53/100\n|move|p1a: Primarina|Moonblast|p2a: Blastoise\n|-damage|p2a: Blastoise|89/258\n|\n|upkeep\n|turn|3\n|inactive|Time left: 300 sec this turn | 300 sec total\n|\n|t:|1783562936\n|move|p2a: Blastoise|Earthquake|p1a: Primarina\n|-damage|p1a: Primarina|3/100\n|move|p1a: Primarina|Moonblast|p2a: Blastoise\n|-damage|p2a: Blastoise|0 fnt\n|faint|p2a: Blastoise\n|\n|upkeep\n|inactive|Time left: 300 sec this turn | 300 sec total | 5 sec grace\n|\n|t:|1783562937\n|switch|p2a: Falinks|Falinks, L84|246/246\n|turn|4\n|inactive|Time left: 300 sec this turn | 300 sec total\n|\n|t:|1783562938\n|-terastallize|p2a: Falinks|Steel\n|move|p2a: Falinks|No Retreat|p2a: Falinks\n|-boost|p2a: Falinks|atk|1\n|-boost|p2a: Falinks|def|1\n|-boost|p2a: Falinks|spa|1\n|-boost|p2a: Falinks|spd|1\n|-boost|p2a: Falinks|spe|1\n|-start|p2a: Falinks|move: No Retreat\n|move|p1a: Primarina|Moonblast|p2a: Falinks\n|-resisted|p2a: Falinks\n|-damage|p2a: Falinks|169/246\n|\n|upkeep\n|turn|5\n|inactive|Time left: 300 sec this turn | 300 sec total\n|\n|t:|1783562939\n|move|p2a: Falinks|Knock Off|p1a: Primarina\n|-resisted|p1a: Primarina\n|-damage|p1a: Primarina|0 fnt\n|-enditem|p1a: Primarina|Choice Specs|[from] move: Knock Off|[of] p2a: Falinks\n|faint|p1a: Primarina\n|-damage|p2a: Falinks|145/246|[from] item: Life Orb\n|\n|upkeep\n|\n|t:|1783562940\n|switch|p1a: Kleavor|Kleavor, L78, M|100/100\n|turn|6\n|inactive|Time left: 300 sec this turn | 300 sec total\n|\n|t:|1783562942\n|-terastallize|p1a: Kleavor|Fighting\n|move|p1a: Kleavor|Close Combat|p2a: Falinks\n|-supereffective|p2a: Falinks\n|-damage|p2a: Falinks|0 fnt\n|-unboost|p1a: Kleavor|def|1\n|-unboost|p1a: Kleavor|spd|1\n|faint|p2a: Falinks\n|\n|upkeep\n|inactive|Time left: 300 sec this turn | 300 sec total | 5 sec grace\n|\n|t:|1783562942\n|switch|p2a: Alcremie|Alcremie-Salted-Cream, L90, F|263/263\n|turn|7\n|inactive|Time left: 300 sec this turn | 300 sec total\n|\n|t:|1783562944\n|switch|p1a: Gholdengo|Gholdengo, L77|100/100\n|move|p2a: Alcremie|Calm Mind|p2a: Alcremie\n|-boost|p2a: Alcremie|spa|1\n|-boost|p2a: Alcremie|spd|1\n|\n|upkeep\n|turn|8\n|inactive|Time left: 300 sec this turn | 300 sec total\n|\n|t:|1783562945\n|move|p1a: Gholdengo|Nasty Plot|p1a: Gholdengo\n|-boost|p1a: Gholdengo|spa|2\n|move|p2a: Alcremie|Calm Mind|p2a: Alcremie\n|-boost|p2a: Alcremie|spa|1\n|-boost|p2a: Alcremie|spd|1\n|\n|upkeep\n|turn|9\n|inactive|Time left: 300 sec this turn | 300 sec total\n|\n|t:|1783562946\n|move|p1a: Gholdengo|Nasty Plot|p1a: Gholdengo\n|-boost|p1a: Gholdengo|spa|2\n|move|p2a: Alcremie|Calm Mind|p2a: Alcremie\n|-boost|p2a: Alcremie|spa|1\n|-boost|p2a: Alcremie|spd|1\n|\n|upkeep\n|turn|10\n|inactive|Time left: 300 sec this turn | 300 sec total\n|\n|t:|1783562947\n|move|p1a: Gholdengo|Make It Rain|p2a: Alcremie\n|-supereffective|p2a: Alcremie\n|-damage|p2a: Alcremie|27/263\n|-unboost|p1a: Gholdengo|spa|1\n|move|p2a: Alcremie|Alluring Voice|p1a: Gholdengo\n|-resisted|p1a: Gholdengo\n|-damage|p1a: Gholdengo|46/100\n|\n|-heal|p1a: Gholdengo|53/100|[from] item: Leftovers\n|-heal|p2a: Alcremie|43/263|[from] item: Leftovers\n|upkeep\n|turn|11\n|inactive|Time left: 300 sec this turn | 300 sec total\n|\n|t:|1783562948\n|move|p1a: Gholdengo|Shadow Ball|p2a: Alcremie\n|-damage|p2a: Alcremie|0 fnt\n|faint|p2a: Alcremie\n|\n|-heal|p1a: Gholdengo|59/100|[from] item: Leftovers\n|upkeep\n|inactive|Time left: 300 sec this turn | 300 sec total | 5 sec grace\n|\n|t:|1783562949\n|switch|p2a: Zangoose|Zangoose, L85, F|263/263\n|turn|12\n|inactive|Time left: 300 sec this turn | 300 sec total\n|\n|t:|1783562949\n|switch|p1a: Masquerain|Masquerain, L87, M|100/100\n|-ability|p1a: Masquerain|Intimidate|boost\n|-unboost|p2a: Zangoose|atk|1\n|move|p2a: Zangoose|Knock Off|p1a: Masquerain\n|-damage|p1a: Masquerain|75/100\n|-enditem|p1a: Masquerain|Heavy-Duty Boots|[from] move: Knock Off|[of] p2a: Zangoose\n|\n|-status|p2a: Zangoose|tox|[from] item: Toxic Orb\n|upkeep\n|turn|13\n|inactive|Time left: 300 sec this turn | 300 sec total\n|\n|t:|1783562950\n|switch|p1a: Gholdengo|Gholdengo, L77|59/100\n|move|p2a: Zangoose|Facade|p1a: Gholdengo\n|-immune|p1a: Gholdengo\n|\n|-heal|p1a: Gholdengo|65/100|[from] item: Leftovers\n|-damage|p2a: Zangoose|247/263 tox|[from] psn\n|upkeep\n|turn|14\n|inactive|Time left: 300 sec this turn | 300 sec total\n|\n|t:|1783562951\n|switch|p1a: Masquerain|Masquerain, L87, M|75/100\n|-ability|p1a: Masquerain|Intimidate|boost\n|-unboost|p2a: Zangoose|atk|1\n|move|p2a: Zangoose|Knock Off|p1a: Masquerain\n|-damage|p1a: Masquerain|55/100\n|\n|-damage|p2a: Zangoose|215/263 tox|[from] psn\n|upkeep\n|turn|15\n|inactive|Time left: 300 sec this turn | 300 sec total\n|\n|t:|1783562952\n|switch|p1a: Gholdengo|Gholdengo, L77|65/100\n|move|p2a: Zangoose|Facade|p1a: Gholdengo\n|-immune|p1a: Gholdengo\n|\n|-heal|p1a: Gholdengo|71/100|[from] item: Leftovers\n|-damage|p2a: Zangoose|167/263 tox|[from] psn\n|upkeep\n|turn|16\n|inactive|Time left: 300 sec this turn | 300 sec total\n|\n|t:|1783562953\n|move|p2a: Zangoose|Knock Off|p1a: Gholdengo\n|-supereffective|p1a: Gholdengo\n|-damage|p1a: Gholdengo|22/100\n|-enditem|p1a: Gholdengo|Leftovers|[from] move: Knock Off|[of] p2a: Zangoose\n|move|p1a: Gholdengo|Nasty Plot|p1a: Gholdengo\n|-boost|p1a: Gholdengo|spa|2\n|\n|-damage|p2a: Zangoose|103/263 tox|[from] psn\n|upkeep\n|turn|17\n|inactive|Time left: 300 sec this turn | 300 sec total\n|\n|t:|1783562954\n|move|p2a: Zangoose|Knock Off|p1a: Gholdengo\n|-supereffective|p1a: Gholdengo\n|-damage|p1a: Gholdengo|0 fnt\n|faint|p1a: Gholdengo\n|\n|-damage|p2a: Zangoose|23/263 tox|[from] psn\n|upkeep\n|\n|t:|1783562955\n|switch|p1a: Kleavor|Kleavor, L78, M, tera:Fighting|100/100\n|turn|18\n|inactive|Time left: 300 sec this turn | 300 sec total\n|\n|t:|1783562956\n|move|p1a: Kleavor|Stone Axe|p2a: Zangoose\n|-damage|p2a: Zangoose|0 fnt\n|-sidestart|p2: p0y198275f5|move: Stealth Rock\n|faint|p2a: Zangoose\n|\n|upkeep\n|inactive|Time left: 300 sec this turn | 300 sec total | 5 sec grace\n|\n|t:|1783562957\n|switch|p2a: Cresselia|Cresselia, L80, F|323/323\n|-damage|p2a: Cresselia|283/323|[from] Stealth Rock\n|turn|19\n|inactive|Time left: 300 sec this turn | 300 sec total\n|\n|t:|1783562958\n|switch|p1a: Masquerain|Masquerain, L87, M|55/100\n|-ability|p1a: Masquerain|Intimidate|boost\n|-unboost|p2a: Cresselia|atk|1\n|move|p2a: Cresselia|Calm Mind|p2a: Cresselia\n|-boost|p2a: Cresselia|spa|1\n|-boost|p2a: Cresselia|spd|1\n|\n|-heal|p2a: Cresselia|303/323|[from] item: Leftovers\n|upkeep\n|turn|20\n|inactive|Time left: 300 sec this turn | 300 sec total\n|\n|t:|1783562959\n|move|p1a: Masquerain|Bug Buzz|p2a: Cresselia\n|-supereffective|p2a: Cresselia\n|-damage|p2a: Cresselia|195/323\n|move|p2a: Cresselia|Thunderbolt|p1a: Masquerain\n|-supereffective|p1a: Masquerain\n|-damage|p1a: Masquerain|0 fnt\n|faint|p1a: Masquerain\n|\n|-heal|p2a: Cresselia|215/323|[from] item: Leftovers\n|upkeep\n|\n|t:|1783562960\n|switch|p1a: Kleavor|Kleavor, L78, M, tera:Fighting|100/100\n|turn|21\n|inactive|Time left: 300 sec this turn | 300 sec total\n|\n|t:|1783562961\n|switch|p2a: Palkia|Palkia-Origin, L72|249/249\n|-damage|p2a: Palkia|218/249|[from] Stealth Rock\n|-ability|p2a: Palkia|Pressure\n|move|p1a: Kleavor|X-Scissor|p2a: Palkia\n|-damage|p2a: Palkia|74/249\n|\n|upkeep\n|turn|22\n|inactive|Time left: 300 sec this turn | 300 sec total\n|\n|t:|1783562962\n|move|p1a: Kleavor|X-Scissor|p2a: Palkia\n|-damage|p2a: Palkia|0 fnt\n|faint|p2a: Palkia\n|\n|upkeep\n|inactive|Time left: 300 sec this turn | 300 sec total | 5 sec grace\n|\n|t:|1783562962\n|switch|p2a: Cresselia|Cresselia, L80, F|215/323\n|-damage|p2a: Cresselia|175/323|[from] Stealth Rock\n|turn|23\n|inactive|Time left: 300 sec this turn | 300 sec total\n|\n|t:|1783562963\n|move|p1a: Kleavor|X-Scissor|p2a: Cresselia\n|-supereffective|p2a: Cresselia\n|-damage|p2a: Cresselia|0 fnt\n|faint|p2a: Cresselia\n|\n|win|p0x1982e0b7", "uploadtime": 1783562963, "views": 0, "rating": 0, "private": 0, "password": null, "_winner": "p0x1982e0b7", "_our_name": "p0y198275f5"}