{"id": "battle-gen9randombattle-2775", "formatid": "gen9randombattle", "format": "[Gen 9] Random Battle", "players": ["p0x2775d27d", "p0y2775b6a8"], "log": "|init|battle\n|title|p0x2775d27d vs. p0y2775b6a8\n|j|\u2606p0x2775d27d\n|j|\u2606p0y2775b6a8\n|t:|1783570972\n|gametype|singles\n|player|p1|p0x2775d27d|169|\n|player|p2|p0y2775b6a8|169|\n|gen|9\n|tier|[Gen 9] Random Battle\n|rule|Species Clause: Limit one of each Pok\u00e9mon\n|rule|HP Percentage Mod: HP is shown in percentages\n|rule|Sleep Clause Mod: Limit one foe put to sleep\n|rule|Illusion Level Mod: Illusion disguises the Pok\u00e9mon's true level\n|\n|t:|1783570972\n|teamsize|p1|6\n|teamsize|p2|6\n|start\n|switch|p1a: Carbink|Carbink, L90|236/236\n|switch|p2a: Ribombee|Ribombee, L83, M|100/100\n|turn|1\n|inactive|Battle timer is ON: inactive players will automatically lose when time's up. (requested by p0y2775b6a8)\n|inactive|Time left: 300 sec this turn | 300 sec total | 60 sec grace\n|\n|t:|1783570973\n|move|p2a: Ribombee|Sticky Web|p1a: Carbink\n|-sidestart|p1: p0x2775d27d|move: Sticky Web\n|move|p1a: Carbink|Moonblast|p2a: Ribombee\n|-damage|p2a: Ribombee|64/100\n|\n|upkeep\n|turn|2\n|inactive|Time left: 300 sec this turn | 300 sec total\n|inactive|p0x2775d27d also wants the timer to be on.\n|\n|t:|1783570974\n|move|p2a: Ribombee|Moonblast|p1a: Carbink\n|-damage|p1a: Carbink|181/236\n|move|p1a: Carbink|Moonblast|p2a: Ribombee\n|-damage|p2a: Ribombee|27/100\n|\n|upkeep\n|turn|3\n|inactive|Time left: 300 sec this turn | 300 sec total\n|\n|t:|1783570975\n|move|p2a: Ribombee|Moonblast|p1a: Carbink\n|-damage|p1a: Carbink|126/236\n|move|p1a: Carbink|Moonblast|p2a: Ribombee\n|-damage|p2a: Ribombee|0 fnt\n|faint|p2a: Ribombee\n|\n|upkeep\n|\n|t:|1783570976\n|switch|p2a: Falinks|Falinks, L84|100/100\n|turn|4\n|inactive|Time left: 300 sec this turn | 300 sec total\n|\n|t:|1783570977\n|switch|p1a: Conkeldurr|Conkeldurr, L80, F|299/299\n|-activate|p1a: Conkeldurr|move: Sticky Web\n|-unboost|p1a: Conkeldurr|spe|1\n|move|p2a: Falinks|No Retreat|p2a: Falinks\n|-boost|p2a: Falinks|atk|1\n|-boost|p2a: Falinks|def|1\n|-boost|p2a: Falinks|spa|1\n|-boost|p2a: Falinks|spd|1\n|-boost|p2a: Falinks|spe|1\n|-start|p2a: Falinks|move: No Retreat\n|\n|-status|p1a: Conkeldurr|brn|[from] item: Flame Orb\n|upkeep\n|turn|5\n|inactive|Time left: 300 sec this turn | 300 sec total\n|\n|t:|1783570978\n|move|p2a: Falinks|Iron Head|p1a: Conkeldurr\n|-damage|p1a: Conkeldurr|186/299 brn\n|-damage|p2a: Falinks|91/100|[from] item: Life Orb\n|move|p1a: Conkeldurr|Close Combat|p2a: Falinks\n|-damage|p2a: Falinks|33/100\n|-unboost|p1a: Conkeldurr|def|1\n|-unboost|p1a: Conkeldurr|spd|1\n|\n|-damage|p1a: Conkeldurr|168/299 brn|[from] brn\n|upkeep\n|turn|6\n|inactive|Time left: 300 sec this turn | 300 sec total\n|\n|t:|1783570979\n|move|p1a: Conkeldurr|Mach Punch|p2a: Falinks\n|-damage|p2a: Falinks|13/100\n|move|p2a: Falinks|Iron Head|p1a: Conkeldurr\n|-crit|p1a: Conkeldurr\n|-damage|p1a: Conkeldurr|0 fnt\n|faint|p1a: Conkeldurr\n|-damage|p2a: Falinks|3/100|[from] item: Life Orb\n|\n|upkeep\n|inactive|Time left: 300 sec this turn | 300 sec total | 5 sec grace\n|\n|t:|1783570980\n|switch|p1a: Carbink|Carbink, L90|126/236\n|-activate|p1a: Carbink|move: Sticky Web\n|-unboost|p1a: Carbink|spe|1\n|turn|7\n|inactive|Time left: 300 sec this turn | 300 sec total\n|\n|t:|1783570981\n|move|p2a: Falinks|Close Combat|p1a: Carbink\n|-damage|p1a: Carbink|0 fnt\n|-unboost|p2a: Falinks|def|1\n|-unboost|p2a: Falinks|spd|1\n|faint|p1a: Carbink\n|-damage|p2a: Falinks|0 fnt|[from] item: Life Orb\n|faint|p2a: Falinks\n|\n|upkeep\n|inactive|Time left: 300 sec this turn | 300 sec total | 5 sec grace\n|\n|t:|1783570982\n|switch|p2a: Iron Leaves|Iron Leaves, L80|100/100\n|switch|p1a: Incineroar|Incineroar, L82, F|290/290\n|-ability|p1a: Incineroar|Intimidate|boost\n|-unboost|p2a: Iron Leaves|atk|1\n|turn|8\n|inactive|Time left: 300 sec this turn | 300 sec total\n|\n|t:|1783570983\n|-terastallize|p2a: Iron Leaves|Fighting\n|move|p2a: Iron Leaves|Close Combat|p1a: Incineroar\n|-supereffective|p1a: Incineroar\n|-damage|p1a: Incineroar|20/290\n|-unboost|p2a: Iron Leaves|def|1\n|-unboost|p2a: Iron Leaves|spd|1\n|move|p1a: Incineroar|Swords Dance|p1a: Incineroar\n|-boost|p1a: Incineroar|atk|2\n|\n|upkeep\n|turn|9\n|inactive|Time left: 300 sec this turn | 300 sec total\n|\n|t:|1783570984\n|switch|p1a: Alcremie|Alcremie-Ruby-Cream, L90, F|263/263\n|-activate|p1a: Alcremie|move: Sticky Web\n|-unboost|p1a: Alcremie|spe|1\n|move|p2a: Iron Leaves|Close Combat|p1a: Alcremie\n|-resisted|p1a: Alcremie\n|-damage|p1a: Alcremie|191/263\n|-unboost|p2a: Iron Leaves|def|1\n|-unboost|p2a: Iron Leaves|spd|1\n|\n|-heal|p1a: Alcremie|207/263|[from] item: Leftovers\n|upkeep\n|turn|10\n|inactive|Time left: 300 sec this turn | 300 sec total\n|\n|t:|1783570985\n|-end|p2a: Iron Leaves|Quark Drive|[silent]\n|switch|p2a: Komala|Komala, L87, M|100/100\n|-ability|p2a: Komala|Comatose\n|move|p1a: Alcremie|Alluring Voice|p2a: Komala\n|-damage|p2a: Komala|76/100\n|\n|-heal|p1a: Alcremie|223/263|[from] item: Leftovers\n|upkeep\n|turn|11\n|inactive|Time left: 300 sec this turn | 300 sec total\n|\n|t:|1783570986\n|move|p2a: Komala|Body Slam|p1a: Alcremie\n|-damage|p1a: Alcremie|99/263\n|move|p1a: Alcremie|Calm Mind|p1a: Alcremie\n|-boost|p1a: Alcremie|spa|1\n|-boost|p1a: Alcremie|spd|1\n|\n|-heal|p1a: Alcremie|115/263|[from] item: Leftovers\n|upkeep\n|turn|12\n|inactive|Time left: 300 sec this turn | 300 sec total\n|\n|t:|1783570987\n|move|p2a: Komala|Body Slam|p1a: Alcremie\n|-damage|p1a: Alcremie|0 fnt\n|faint|p1a: Alcremie\n|\n|upkeep\n|inactive|Time left: 300 sec this turn | 300 sec total | 5 sec grace\n|\n|t:|1783570988\n|switch|p1a: Stonjourner|Stonjourner, L91, M|330/330\n|-activate|p1a: Stonjourner|move: Sticky Web\n|-unboost|p1a: Stonjourner|spe|1\n|turn|13\n|inactive|Time left: 300 sec this turn | 300 sec total\n|\n|t:|1783570989\n|move|p2a: Komala|Knock Off|p1a: Stonjourner\n|-damage|p1a: Stonjourner|276/330\n|-enditem|p1a: Stonjourner|Life Orb|[from] move: Knock Off|[of] p2a: Komala\n|move|p1a: Stonjourner|Stone Edge|p2a: Komala|[miss]\n|-miss|p1a: Stonjourner|p2a: Komala\n|\n|upkeep\n|turn|14\n|inactive|Time left: 300 sec this turn | 300 sec total\n|\n|t:|1783570990\n|move|p2a: Komala|Body Slam|p1a: Stonjourner\n|-resisted|p1a: Stonjourner\n|-damage|p1a: Stonjourner|241/330\n|-status|p1a: Stonjourner|par\n|move|p1a: Stonjourner|Rock Polish|p1a: Stonjourner\n|-boost|p1a: Stonjourner|spe|2\n|\n|upkeep\n|turn|15\n|inactive|Time left: 300 sec this turn | 300 sec total\n|\n|t:|1783570991\n|switch|p2a: Iron Leaves|Iron Leaves, L80, tera:Fighting|100/100\n|move|p1a: Stonjourner|Heat Crash|p2a: Iron Leaves\n|-damage|p2a: Iron Leaves|62/100\n|\n|upkeep\n|turn|16\n|inactive|Time left: 300 sec this turn | 300 sec total\n|\n|t:|1783570992\n|-terastallize|p1a: Stonjourner|Ground\n|move|p2a: Iron Leaves|Close Combat|p1a: Stonjourner\n|-damage|p1a: Stonjourner|85/330 par\n|-unboost|p2a: Iron Leaves|def|1\n|-unboost|p2a: Iron Leaves|spd|1\n|move|p1a: Stonjourner|Earthquake|p2a: Iron Leaves\n|-damage|p2a: Iron Leaves|0 fnt\n|faint|p2a: Iron Leaves\n|-end|p2a: Iron Leaves|Quark Drive|[silent]\n|\n|upkeep\n|\n|t:|1783570993\n|switch|p2a: Noivern|Noivern, L82, M|100/100\n|turn|17\n|inactive|Time left: 300 sec this turn | 300 sec total\n|\n|t:|1783570994\n|move|p2a: Noivern|Boomburst|p1a: Stonjourner\n|-damage|p1a: Stonjourner|0 fnt\n|faint|p1a: Stonjourner\n|\n|upkeep\n|inactive|Time left: 300 sec this turn | 300 sec total | 5 sec grace\n|\n|t:|1783570994\n|switch|p1a: Incineroar|Incineroar, L82, F|20/290\n|-ability|p1a: Incineroar|Intimidate|boost\n|-unboost|p2a: Noivern|atk|1\n|turn|18\n|inactive|Time left: 300 sec this turn | 300 sec total\n|\n|t:|1783570995\n|move|p2a: Noivern|Boomburst|p1a: Incineroar\n|-damage|p1a: Incineroar|0 fnt\n|faint|p1a: Incineroar\n|\n|upkeep\n|inactive|Time left: 300 sec this turn | 300 sec total | 5 sec grace\n|\n|t:|1783570996\n|switch|p1a: Deoxys|Deoxys, L74|196/196\n|-activate|p1a: Deoxys|move: Sticky Web\n|-unboost|p1a: Deoxys|spe|1\n|-ability|p1a: Deoxys|Pressure\n|turn|19\n|inactive|Time left: 300 sec this turn | 300 sec total\n|\n|t:|1783570997\n|move|p2a: Noivern|Boomburst|p1a: Deoxys\n|-damage|p1a: Deoxys|0 fnt\n|faint|p1a: Deoxys\n|\n|win|p0y2775b6a8", "uploadtime": 1783570997, "views": 0, "rating": 0, "private": 0, "password": null, "_winner": "p0y2775b6a8", "_our_name": "p0x2775d27d"}