{"id": "battle-gen9randombattle-1378", "formatid": "gen9randombattle", "format": "[Gen 9] Random Battle", "players": ["p0x1378fc91", "p0y1378924e"], "log": "|init|battle\n|title|p0x1378fc91 vs. p0y1378924e\n|j|\u2606p0x1378fc91\n|j|\u2606p0y1378924e\n|t:|1783555096\n|gametype|singles\n|player|p1|p0x1378fc91|266|\n|player|p2|p0y1378924e|1|\n|gen|9\n|tier|[Gen 9] Random Battle\n|rule|Species Clause: Limit one of each Pok\u00e9mon\n|rule|HP Percentage Mod: HP is shown in percentages\n|rule|Sleep Clause Mod: Limit one foe put to sleep\n|rule|Illusion Level Mod: Illusion disguises the Pok\u00e9mon's true level\n|\n|t:|1783555096\n|teamsize|p1|6\n|teamsize|p2|6\n|start\n|switch|p1a: Hippowdon|Hippowdon, L82, M|311/311\n|switch|p2a: Bisharp|Bisharp, L79, F|100/100\n|-weather|Sandstorm|[from] ability: Sand Stream|[of] p1a: Hippowdon\n|turn|1\n|inactive|Battle timer is ON: inactive players will automatically lose when time's up. (requested by p0x1378fc91)\n|inactive|p0y1378924e also wants the timer to be on.\n|\n|t:|1783555098\n|move|p2a: Bisharp|Swords Dance|p2a: Bisharp\n|-boost|p2a: Bisharp|atk|2\n|move|p1a: Hippowdon|Earthquake|p2a: Bisharp\n|-supereffective|p2a: Bisharp\n|-damage|p2a: Bisharp|35/100\n|\n|-weather|Sandstorm|[upkeep]\n|upkeep\n|turn|2\n|inactive|Time left: 300 sec this turn | 300 sec total\n|\n|t:|1783555099\n|move|p2a: Bisharp|Iron Head|p1a: Hippowdon\n|-damage|p1a: Hippowdon|167/311\n|move|p1a: Hippowdon|Earthquake|p2a: Bisharp\n|-supereffective|p2a: Bisharp\n|-damage|p2a: Bisharp|0 fnt\n|faint|p2a: Bisharp\n|\n|-weather|Sandstorm|[upkeep]\n|-heal|p1a: Hippowdon|186/311|[from] item: Leftovers\n|upkeep\n|\n|t:|1783555100\n|switch|p2a: Trevenant|Trevenant, L89, F|100/100\n|turn|3\n|inactive|Time left: 300 sec this turn | 300 sec total\n|\n|t:|1783555101\n|move|p2a: Trevenant|Poltergeist|p1a: Hippowdon\n|-activate|p1a: Hippowdon|move: Poltergeist|Leftovers\n|-damage|p1a: Hippowdon|14/311\n|move|p1a: Hippowdon|Slack Off|p1a: Hippowdon\n|-heal|p1a: Hippowdon|170/311\n|\n|-weather|Sandstorm|[upkeep]\n|-damage|p2a: Trevenant|94/100|[from] Sandstorm\n|-heal|p1a: Hippowdon|189/311|[from] item: Leftovers\n|upkeep\n|turn|4\n|inactive|Time left: 300 sec this turn | 300 sec total\n|\n|t:|1783555102\n|move|p2a: Trevenant|Poltergeist|p1a: Hippowdon\n|-activate|p1a: Hippowdon|move: Poltergeist|Leftovers\n|-damage|p1a: Hippowdon|0 fnt\n|faint|p1a: Hippowdon\n|\n|-weather|Sandstorm|[upkeep]\n|-damage|p2a: Trevenant|88/100|[from] Sandstorm\n|upkeep\n|inactive|Time left: 300 sec this turn | 300 sec total | 5 sec grace\n|\n|t:|1783555103\n|switch|p1a: Honchkrow|Honchkrow, L86, F|312/312\n|turn|5\n|inactive|Time left: 300 sec this turn | 300 sec total\n|\n|t:|1783555104\n|switch|p2a: Heatran|Heatran, L79, F|100/100\n|-item|p2a: Heatran|Air Balloon\n|move|p1a: Honchkrow|Brave Bird|p2a: Heatran\n|-resisted|p2a: Heatran\n|-damage|p2a: Heatran|73/100\n|-enditem|p2a: Heatran|Air Balloon\n|-damage|p1a: Honchkrow|287/312|[from] Recoil\n|\n|-weather|none\n|upkeep\n|turn|6\n|inactive|Time left: 300 sec this turn | 300 sec total\n|\n|t:|1783555106\n|move|p1a: Honchkrow|Brave Bird|p2a: Heatran\n|-resisted|p2a: Heatran\n|-damage|p2a: Heatran|45/100\n|-damage|p1a: Honchkrow|262/312|[from] Recoil\n|move|p2a: Heatran|Lava Plume|p1a: Honchkrow\n|-damage|p1a: Honchkrow|136/312\n|\n|upkeep\n|turn|7\n|inactive|Time left: 300 sec this turn | 300 sec total\n|\n|t:|1783555107\n|move|p1a: Honchkrow|U-turn|p2a: Heatran\n|-resisted|p2a: Heatran\n|-damage|p2a: Heatran|40/100\n|inactive|Time left: 300 sec this turn | 300 sec total | 5 sec grace\n|\n|t:|1783555108\n|switch|p1a: Cramorant|Cramorant, L86, F|261/261|[from] U-turn\n|move|p2a: Heatran|Lava Plume|p1a: Cramorant\n|-resisted|p1a: Cramorant\n|-damage|p1a: Cramorant|216/261\n|-status|p1a: Cramorant|brn\n|\n|-damage|p1a: Cramorant|200/261 brn|[from] brn\n|upkeep\n|turn|8\n|inactive|Time left: 300 sec this turn | 300 sec total\n|\n|t:|1783555109\n|switch|p2a: Trevenant|Trevenant, L89, F|88/100\n|move|p1a: Cramorant|Surf|p2a: Trevenant\n|-formechange|p1a: Cramorant|Cramorant-Gulping|\n|-resisted|p2a: Trevenant\n|-damage|p2a: Trevenant|73/100\n|\n|-damage|p1a: Cramorant|184/261 brn|[from] brn\n|upkeep\n|turn|9\n|inactive|Time left: 300 sec this turn | 300 sec total\n|\n|t:|1783555110\n|move|p1a: Cramorant|Brave Bird|p2a: Trevenant\n|-supereffective|p2a: Trevenant\n|-damage|p2a: Trevenant|32/100\n|-damage|p1a: Cramorant|143/261 brn|[from] Recoil\n|move|p2a: Trevenant|Horn Leech|p1a: Cramorant\n|-damage|p1a: Cramorant|0 fnt\n|-heal|p2a: Trevenant|56/100|[from] drain|[of] p1a: Cramorant\n|-damage|p2a: Trevenant|31/100|[from] ability: Gulp Missile|[of] p1a: Cramorant\n|-unboost|p2a: Trevenant|def|1\n|-formechange|p1a: Cramorant|Cramorant|\n|faint|p1a: Cramorant\n|\n|upkeep\n|inactive|Time left: 300 sec this turn | 300 sec total | 5 sec grace\n|\n|t:|1783555111\n|switch|p1a: Zamazenta|Zamazenta, L71|248/248\n|-ability|p1a: Zamazenta|Dauntless Shield|boost\n|-boost|p1a: Zamazenta|def|1\n|turn|10\n|inactive|Time left: 300 sec this turn | 300 sec total\n|\n|t:|1783555112\n|switch|p2a: Alcremie|Alcremie, L90, F|100/100\n|move|p1a: Zamazenta|Crunch|p2a: Alcremie\n|-resisted|p2a: Alcremie\n|-damage|p2a: Alcremie|91/100\n|\n|-heal|p2a: Alcremie|97/100|[from] item: Leftovers\n|upkeep\n|turn|11\n|inactive|Time left: 300 sec this turn | 300 sec total\n|\n|t:|1783555112\n|switch|p1a: Arcanine|Arcanine-Hisui, L79, F|280/280\n|move|p2a: Alcremie|Alluring Voice|p1a: Arcanine\n|-resisted|p1a: Arcanine\n|-damage|p1a: Arcanine|220/280\n|\n|-heal|p2a: Alcremie|100/100|[from] item: Leftovers\n|upkeep\n|turn|12\n|inactive|Time left: 300 sec this turn | 300 sec total\n|\n|t:|1783555114\n|-terastallize|p2a: Alcremie|Ground\n|move|p1a: Arcanine|Flare Blitz|p2a: Alcremie\n|-damage|p2a: Alcremie|51/100\n|move|p2a: Alcremie|Tera Blast|p1a: Arcanine|[anim] Tera Blast Ground\n|-supereffective|p1a: Arcanine\n|-damage|p1a: Arcanine|0 fnt\n|faint|p1a: Arcanine\n|\n|-heal|p2a: Alcremie|58/100|[from] item: Leftovers\n|upkeep\n|inactive|Time left: 300 sec this turn | 300 sec total | 5 sec grace\n|\n|t:|1783555115\n|switch|p1a: Honchkrow|Honchkrow, L86, F|136/312\n|turn|13\n|inactive|Time left: 300 sec this turn | 300 sec total\n|\n|t:|1783555116\n|switch|p2a: Heatran|Heatran, L79, F|40/100\n|move|p1a: Honchkrow|Brave Bird|p2a: Heatran\n|-resisted|p2a: Heatran\n|-damage|p2a: Heatran|12/100\n|-damage|p1a: Honchkrow|111/312|[from] Recoil\n|\n|upkeep\n|turn|14\n|inactive|Time left: 300 sec this turn | 300 sec total\n|\n|t:|1783555117\n|switch|p2a: Oricorio|Oricorio-Sensu, L85, M|100/100\n|move|p1a: Honchkrow|Brave Bird|p2a: Oricorio\n|-damage|p2a: Oricorio|35/100\n|-damage|p1a: Honchkrow|53/312|[from] Recoil\n|\n|upkeep\n|turn|15\n|inactive|Time left: 300 sec this turn | 300 sec total\n|\n|t:|1783555118\n|move|p2a: Oricorio|Roost|p2a: Oricorio\n|-heal|p2a: Oricorio|85/100\n|-singleturn|p2a: Oricorio|move: Roost\n|move|p1a: Honchkrow|Brave Bird|p2a: Oricorio\n|-damage|p2a: Oricorio|17/100\n|-damage|p1a: Honchkrow|0 fnt|[from] Recoil\n|faint|p1a: Honchkrow\n|\n|upkeep\n|inactive|Time left: 300 sec this turn | 300 sec total | 5 sec grace\n|\n|t:|1783555119\n|switch|p1a: Primarina|Primarina, L83, F|268/268\n|turn|16\n|inactive|Time left: 300 sec this turn | 300 sec total\n|\n|t:|1783555120\n|move|p2a: Oricorio|Roost|p2a: Oricorio\n|-heal|p2a: Oricorio|67/100\n|-singleturn|p2a: Oricorio|move: Roost\n|move|p1a: Primarina|Moonblast|p2a: Oricorio\n|-damage|p2a: Oricorio|16/100\n|\n|upkeep\n|turn|17\n|inactive|Time left: 300 sec this turn | 300 sec total\n|\n|t:|1783555121\n|move|p2a: Oricorio|Roost|p2a: Oricorio\n|-heal|p2a: Oricorio|66/100\n|-singleturn|p2a: Oricorio|move: Roost\n|move|p1a: Primarina|Calm Mind|p1a: Primarina\n|-boost|p1a: Primarina|spa|1\n|-boost|p1a: Primarina|spd|1\n|\n|upkeep\n|turn|18\n|inactive|Time left: 300 sec this turn | 300 sec total\n|\n|t:|1783555122\n|switch|p2a: Heatran|Heatran, L79, F|12/100\n|move|p1a: Primarina|Moonblast|p2a: Heatran\n|-resisted|p2a: Heatran\n|-damage|p2a: Heatran|0 fnt\n|faint|p2a: Heatran\n|\n|upkeep\n|\n|t:|1783555123\n|switch|p2a: Trevenant|Trevenant, L89, F|31/100\n|turn|19\n|inactive|Time left: 300 sec this turn | 300 sec total\n|\n|t:|1783555123\n|move|p2a: Trevenant|Poltergeist|p1a: Primarina\n|-activate|p1a: Primarina|move: Poltergeist|Leftovers\n|-damage|p1a: Primarina|34/268\n|move|p1a: Primarina|Draining Kiss|p2a: Trevenant\n|-damage|p2a: Trevenant|0 fnt\n|-heal|p1a: Primarina|102/268|[from] drain|[of] p2a: Trevenant\n|faint|p2a: Trevenant\n|\n|-heal|p1a: Primarina|118/268|[from] item: Leftovers\n|upkeep\n|\n|t:|1783555124\n|switch|p2a: Tsareena|Tsareena, L87, F|100/100\n|turn|20\n|inactive|Time left: 300 sec this turn | 300 sec total\n|\n|t:|1783555125\n|move|p2a: Tsareena|Power Whip|p1a: Primarina\n|-supereffective|p1a: Primarina\n|-damage|p1a: Primarina|0 fnt\n|faint|p1a: Primarina\n|\n|upkeep\n|inactive|Time left: 300 sec this turn | 300 sec total | 5 sec grace\n|\n|t:|1783555126\n|switch|p1a: Zamazenta|Zamazenta, L71|248/248\n|turn|21\n|inactive|Time left: 300 sec this turn | 300 sec total\n|\n|t:|1783555127\n|move|p1a: Zamazenta|Iron Defense|p1a: Zamazenta\n|-boost|p1a: Zamazenta|def|2\n|move|p2a: Tsareena|Power Whip|p1a: Zamazenta\n|-damage|p1a: Zamazenta|176/248\n|\n|-heal|p1a: Zamazenta|191/248|[from] item: Leftovers\n|upkeep\n|turn|22\n|inactive|Time left: 300 sec this turn | 300 sec total\n|\n|t:|1783555128\n|move|p1a: Zamazenta|Crunch|p2a: Tsareena\n|-crit|p2a: Tsareena\n|-damage|p2a: Tsareena|77/100\n|move|p2a: Tsareena|U-turn|p1a: Zamazenta\n|-resisted|p1a: Zamazenta\n|-damage|p1a: Zamazenta|175/248\n|\n|t:|1783555130\n|switch|p2a: Alcremie|Alcremie, L90, F, tera:Ground|58/100|[from] U-turn\n|\n|-heal|p1a: Zamazenta|190/248|[from] item: Leftovers\n|-heal|p2a: Alcremie|64/100|[from] item: Leftovers\n|upkeep\n|turn|23\n|inactive|Time left: 300 sec this turn | 300 sec total\n|\n|t:|1783555131\n|-terastallize|p1a: Zamazenta|Fighting\n|move|p1a: Zamazenta|Body Press|p2a: Alcremie\n|-damage|p2a: Alcremie|0 fnt\n|faint|p2a: Alcremie\n|\n|-heal|p1a: Zamazenta|205/248|[from] item: Leftovers\n|upkeep\n|\n|t:|1783555132\n|switch|p2a: Oricorio|Oricorio-Sensu, L85, M|66/100\n|turn|24\n|inactive|Time left: 300 sec this turn | 300 sec total\n|\n|t:|1783555133\n|move|p1a: Zamazenta|Substitute|p1a: Zamazenta\n|-start|p1a: Zamazenta|Substitute\n|-damage|p1a: Zamazenta|143/248\n|move|p2a: Oricorio|Hurricane|p1a: Zamazenta\n|-supereffective|p1a: Zamazenta\n|-end|p1a: Zamazenta|Substitute\n|\n|-heal|p1a: Zamazenta|158/248|[from] item: Leftovers\n|upkeep\n|turn|25\n|inactive|Time left: 300 sec this turn | 300 sec total\n|\n|t:|1783555134\n|move|p1a: Zamazenta|Substitute|p1a: Zamazenta\n|-start|p1a: Zamazenta|Substitute\n|-damage|p1a: Zamazenta|96/248\n|move|p2a: Oricorio|Quiver Dance|p2a: Oricorio\n|-boost|p2a: Oricorio|spa|1\n|-boost|p2a: Oricorio|spd|1\n|-boost|p2a: Oricorio|spe|1\n|\n|-heal|p1a: Zamazenta|111/248|[from] item: Leftovers\n|upkeep\n|turn|26\n|inactive|Time left: 300 sec this turn | 300 sec total\n|\n|t:|1783555135\n|move|p2a: Oricorio|Revelation Dance|p1a: Zamazenta\n|-end|p1a: Zamazenta|Substitute\n|move|p1a: Zamazenta|Substitute|p1a: Zamazenta\n|-start|p1a: Zamazenta|Substitute\n|-damage|p1a: Zamazenta|49/248\n|\n|-heal|p1a: Zamazenta|64/248|[from] item: Leftovers\n|upkeep\n|turn|27\n|inactive|Time left: 300 sec this turn | 300 sec total\n|\n|t:|1783555135\n|move|p2a: Oricorio|Revelation Dance|p1a: Zamazenta\n|-end|p1a: Zamazenta|Substitute\n|move|p1a: Zamazenta|Substitute|p1a: Zamazenta\n|-start|p1a: Zamazenta|Substitute\n|-damage|p1a: Zamazenta|2/248\n|\n|-heal|p1a: Zamazenta|17/248|[from] item: Leftovers\n|upkeep\n|turn|28\n|inactive|Time left: 300 sec this turn | 300 sec total\n|\n|t:|1783555136\n|move|p2a: Oricorio|Revelation Dance|p1a: Zamazenta\n|-end|p1a: Zamazenta|Substitute\n|move|p1a: Zamazenta|Crunch|p2a: Oricorio\n|-supereffective|p2a: Oricorio\n|-damage|p2a: Oricorio|26/100\n|\n|-heal|p1a: Zamazenta|32/248|[from] item: Leftovers\n|upkeep\n|turn|29\n|inactive|Time left: 300 sec this turn | 300 sec total\n|\n|t:|1783555137\n|move|p2a: Oricorio|Revelation Dance|p1a: Zamazenta\n|-damage|p1a: Zamazenta|0 fnt\n|faint|p1a: Zamazenta\n|\n|win|p0y1378924e", "uploadtime": 1783555137, "views": 0, "rating": 0, "private": 0, "password": null, "_winner": "p0y1378924e", "_our_name": "p0x1378fc91"}