{"id": "battle-gen9randombattle-2670", "formatid": "gen9randombattle", "format": "[Gen 9] Random Battle", "players": ["p0x26700de6", "p0y267083c6"], "log": "|init|battle\n|title|p0x26700de6 vs. p0y267083c6\n|j|\u2606p0x26700de6\n|j|\u2606p0y267083c6\n|t:|1783570810\n|gametype|singles\n|player|p1|p0x26700de6|169|\n|player|p2|p0y267083c6|170|\n|gen|9\n|tier|[Gen 9] Random Battle\n|rule|Species Clause: Limit one of each Pok\u00e9mon\n|rule|HP Percentage Mod: HP is shown in percentages\n|rule|Sleep Clause Mod: Limit one foe put to sleep\n|rule|Illusion Level Mod: Illusion disguises the Pok\u00e9mon's true level\n|\n|t:|1783570810\n|teamsize|p1|6\n|teamsize|p2|6\n|start\n|switch|p1a: Espeon|Espeon, L84, M|100/100\n|switch|p2a: Jirachi|Jirachi, L80|291/291\n|turn|1\n|inactive|Battle timer is ON: inactive players will automatically lose when time's up. (requested by p0x26700de6)\n|inactive|Time left: 300 sec this turn | 300 sec total | 60 sec grace\n|\n|t:|1783570812\n|move|p1a: Espeon|Calm Mind|p1a: Espeon\n|-boost|p1a: Espeon|spa|1\n|-boost|p1a: Espeon|spd|1\n|move|p2a: Jirachi|Iron Head|p1a: Espeon\n|-damage|p1a: Espeon|58/100\n|\n|upkeep\n|turn|2\n|inactive|Time left: 300 sec this turn | 300 sec total\n|inactive|p0y267083c6 also wants the timer to be on.\n|\n|t:|1783570813\n|switch|p2a: Incineroar|Incineroar, L82, F|290/290\n|-ability|p2a: Incineroar|Intimidate|boost\n|-unboost|p1a: Espeon|atk|1\n|move|p1a: Espeon|Shadow Ball|p2a: Incineroar\n|-resisted|p2a: Incineroar\n|-damage|p2a: Incineroar|221/290\n|-damage|p1a: Espeon|48/100|[from] item: Life Orb\n|\n|upkeep\n|turn|3\n|inactive|Time left: 300 sec this turn | 300 sec total\n|\n|t:|1783570814\n|-terastallize|p1a: Espeon|Fairy\n|move|p1a: Espeon|Alluring Voice|p2a: Incineroar\n|-damage|p2a: Incineroar|3/290\n|-damage|p1a: Espeon|38/100|[from] item: Life Orb\n|move|p2a: Incineroar|Knock Off|p1a: Espeon\n|-resisted|p1a: Espeon\n|-damage|p1a: Espeon|0 fnt\n|-enditem|p1a: Espeon|Life Orb|[from] move: Knock Off|[of] p2a: Incineroar\n|faint|p1a: Espeon\n|\n|upkeep\n|\n|t:|1783570816\n|switch|p1a: Sandaconda|Sandaconda, L84, F|100/100\n|turn|4\n|inactive|Time left: 300 sec this turn | 300 sec total\n|\n|t:|1783570817\n|move|p1a: Sandaconda|Earthquake|p2a: Incineroar\n|-supereffective|p2a: Incineroar\n|-crit|p2a: Incineroar\n|-damage|p2a: Incineroar|0 fnt\n|faint|p2a: Incineroar\n|\n|upkeep\n|inactive|Time left: 300 sec this turn | 300 sec total | 5 sec grace\n|\n|t:|1783570818\n|switch|p2a: Meganium|Meganium, L90, M|290/290\n|turn|5\n|inactive|Time left: 300 sec this turn | 300 sec total\n|\n|t:|1783570819\n|move|p2a: Meganium|Swords Dance|p2a: Meganium\n|-boost|p2a: Meganium|atk|2\n|move|p1a: Sandaconda|Glare|p2a: Meganium\n|-status|p2a: Meganium|par\n|\n|upkeep\n|turn|6\n|inactive|Time left: 300 sec this turn | 300 sec total\n|\n|t:|1783570820\n|switch|p1a: Corviknight|Corviknight, L80, M|100/100\n|-ability|p1a: Corviknight|Pressure\n|cant|p2a: Meganium|par\n|\n|upkeep\n|turn|7\n|inactive|Time left: 300 sec this turn | 300 sec total\n|\n|t:|1783570821\n|move|p1a: Corviknight|Brave Bird|p2a: Meganium\n|-supereffective|p2a: Meganium\n|-damage|p2a: Meganium|120/290 par\n|-damage|p1a: Corviknight|81/100|[from] Recoil\n|move|p2a: Meganium|Petal Blizzard|p1a: Corviknight\n|-resisted|p1a: Corviknight\n|-damage|p1a: Corviknight|67/100\n|\n|-heal|p1a: Corviknight|73/100|[from] item: Leftovers\n|-heal|p2a: Meganium|138/290 par|[from] item: Leftovers\n|upkeep\n|turn|8\n|inactive|Time left: 300 sec this turn | 300 sec total\n|\n|t:|1783570822\n|-terastallize|p2a: Meganium|Ground\n|move|p1a: Corviknight|Brave Bird|p2a: Meganium\n|-damage|p2a: Meganium|39/290 par\n|-damage|p1a: Corviknight|62/100|[from] Recoil\n|move|p2a: Meganium|Knock Off|p1a: Corviknight\n|-damage|p1a: Corviknight|20/100\n|-enditem|p1a: Corviknight|Leftovers|[from] move: Knock Off|[of] p2a: Meganium\n|\n|-heal|p2a: Meganium|57/290 par|[from] item: Leftovers\n|upkeep\n|turn|9\n|inactive|Time left: 300 sec this turn | 300 sec total\n|\n|t:|1783570823\n|move|p1a: Corviknight|Brave Bird|p2a: Meganium\n|-damage|p2a: Meganium|0 fnt\n|faint|p2a: Meganium\n|-damage|p1a: Corviknight|14/100|[from] Recoil\n|\n|upkeep\n|inactive|Time left: 300 sec this turn | 300 sec total | 5 sec grace\n|\n|t:|1783570824\n|switch|p2a: Passimian|Passimian, L83, M|302/302\n|turn|10\n|inactive|Time left: 300 sec this turn | 300 sec total\n|\n|t:|1783570824\n|move|p2a: Passimian|Close Combat|p1a: Corviknight\n|-damage|p1a: Corviknight|0 fnt\n|-unboost|p2a: Passimian|def|1\n|-unboost|p2a: Passimian|spd|1\n|faint|p1a: Corviknight\n|\n|upkeep\n|\n|t:|1783570825\n|switch|p1a: Misdreavus|Misdreavus, L90, F|100/100\n|turn|11\n|inactive|Time left: 300 sec this turn | 300 sec total\n|\n|t:|1783570826\n|switch|p2a: Skuntank|Skuntank, L84, M|310/310\n|move|p1a: Misdreavus|Calm Mind|p1a: Misdreavus\n|-boost|p1a: Misdreavus|spa|1\n|-boost|p1a: Misdreavus|spd|1\n|\n|upkeep\n|turn|12\n|inactive|Time left: 300 sec this turn | 300 sec total\n|\n|t:|1783570827\n|move|p1a: Misdreavus|Will-O-Wisp|p2a: Skuntank\n|-status|p2a: Skuntank|brn\n|move|p2a: Skuntank|Knock Off|p1a: Misdreavus\n|-supereffective|p1a: Misdreavus\n|-damage|p1a: Misdreavus|56/100\n|-enditem|p1a: Misdreavus|Eviolite|[from] move: Knock Off|[of] p2a: Skuntank\n|-damage|p2a: Skuntank|279/310 brn|[from] item: Life Orb\n|\n|-damage|p2a: Skuntank|260/310 brn|[from] brn\n|upkeep\n|turn|13\n|inactive|Time left: 300 sec this turn | 300 sec total\n|\n|t:|1783570828\n|move|p1a: Misdreavus|Draining Kiss|p2a: Skuntank\n|-damage|p2a: Skuntank|189/310 brn\n|-heal|p1a: Misdreavus|77/100|[from] drain|[of] p2a: Skuntank\n|move|p2a: Skuntank|Knock Off|p1a: Misdreavus\n|-supereffective|p1a: Misdreavus\n|-damage|p1a: Misdreavus|36/100\n|-damage|p2a: Skuntank|158/310 brn|[from] item: Life Orb\n|\n|-damage|p2a: Skuntank|139/310 brn|[from] brn\n|upkeep\n|turn|14\n|inactive|Time left: 300 sec this turn | 300 sec total\n|\n|t:|1783570829\n|move|p1a: Misdreavus|Draining Kiss|p2a: Skuntank\n|-damage|p2a: Skuntank|61/310 brn\n|-heal|p1a: Misdreavus|60/100|[from] drain|[of] p2a: Skuntank\n|move|p2a: Skuntank|Knock Off|p1a: Misdreavus\n|-supereffective|p1a: Misdreavus\n|-damage|p1a: Misdreavus|15/100\n|-damage|p2a: Skuntank|30/310 brn|[from] item: Life Orb\n|\n|-damage|p2a: Skuntank|11/310 brn|[from] brn\n|upkeep\n|turn|15\n|inactive|Time left: 300 sec this turn | 300 sec total\n|\n|t:|1783570829\n|move|p1a: Misdreavus|Shadow Ball|p2a: Skuntank\n|-resisted|p2a: Skuntank\n|-damage|p2a: Skuntank|0 fnt\n|faint|p2a: Skuntank\n|\n|upkeep\n|inactive|Time left: 300 sec this turn | 300 sec total | 5 sec grace\n|\n|t:|1783570830\n|switch|p2a: Jirachi|Jirachi, L80|291/291\n|turn|16\n|inactive|Time left: 300 sec this turn | 300 sec total\n|\n|t:|1783570831\n|move|p2a: Jirachi|Iron Head|p1a: Misdreavus\n|-damage|p1a: Misdreavus|0 fnt\n|faint|p1a: Misdreavus\n|\n|upkeep\n|\n|t:|1783570832\n|switch|p1a: Sandaconda|Sandaconda, L84, F|100/100\n|turn|17\n|inactive|Time left: 300 sec this turn | 300 sec total\n|\n|t:|1783570833\n|move|p2a: Jirachi|Iron Head|p1a: Sandaconda\n|-damage|p1a: Sandaconda|77/100\n|cant|p1a: Sandaconda|flinch\n|\n|-heal|p1a: Sandaconda|83/100|[from] item: Leftovers\n|upkeep\n|turn|18\n|inactive|Time left: 300 sec this turn | 300 sec total\n|\n|t:|1783570834\n|switch|p2a: Reuniclus|Reuniclus, L88, M|337/337\n|move|p1a: Sandaconda|Earthquake|p2a: Reuniclus\n|-damage|p2a: Reuniclus|207/337\n|\n|-heal|p1a: Sandaconda|89/100|[from] item: Leftovers\n|upkeep\n|turn|19\n|inactive|Time left: 300 sec this turn | 300 sec total\n|\n|t:|1783570835\n|move|p1a: Sandaconda|Earthquake|p2a: Reuniclus\n|-damage|p2a: Reuniclus|80/337\n|move|p2a: Reuniclus|Recover|p2a: Reuniclus\n|-heal|p2a: Reuniclus|249/337\n|\n|-heal|p1a: Sandaconda|95/100|[from] item: Leftovers\n|upkeep\n|turn|20\n|inactive|Time left: 300 sec this turn | 300 sec total\n|\n|t:|1783570836\n|move|p1a: Sandaconda|Earthquake|p2a: Reuniclus\n|-damage|p2a: Reuniclus|137/337\n|move|p2a: Reuniclus|Recover|p2a: Reuniclus\n|-heal|p2a: Reuniclus|306/337\n|\n|-heal|p1a: Sandaconda|100/100|[from] item: Leftovers\n|upkeep\n|turn|21\n|inactive|Time left: 300 sec this turn | 300 sec total\n|\n|t:|1783570837\n|move|p1a: Sandaconda|Glare|p2a: Reuniclus\n|-status|p2a: Reuniclus|par\n|move|p2a: Reuniclus|Calm Mind|p2a: Reuniclus\n|-boost|p2a: Reuniclus|spa|1\n|-boost|p2a: Reuniclus|spd|1\n|\n|upkeep\n|turn|22\n|inactive|Time left: 300 sec this turn | 300 sec total\n|\n|t:|1783570838\n|move|p1a: Sandaconda|Earthquake|p2a: Reuniclus\n|-damage|p2a: Reuniclus|188/337 par\n|cant|p2a: Reuniclus|par\n|\n|upkeep\n|turn|23\n|inactive|Time left: 300 sec this turn | 300 sec total\n|\n|t:|1783570839\n|move|p1a: Sandaconda|Earthquake|p2a: Reuniclus\n|-damage|p2a: Reuniclus|61/337 par\n|move|p2a: Reuniclus|Recover|p2a: Reuniclus\n|-heal|p2a: Reuniclus|230/337 par\n|\n|upkeep\n|turn|24\n|inactive|Time left: 300 sec this turn | 300 sec total\n|\n|t:|1783570840\n|move|p1a: Sandaconda|Earthquake|p2a: Reuniclus\n|-damage|p2a: Reuniclus|98/337 par\n|move|p2a: Reuniclus|Recover|p2a: Reuniclus\n|-heal|p2a: Reuniclus|267/337 par\n|\n|upkeep\n|turn|25\n|inactive|Time left: 300 sec this turn | 300 sec total\n|\n|t:|1783570840\n|move|p1a: Sandaconda|Earthquake|p2a: Reuniclus\n|-damage|p2a: Reuniclus|137/337 par\n|move|p2a: Reuniclus|Focus Blast|p1a: Sandaconda\n|-damage|p1a: Sandaconda|1/100\n|\n|-heal|p1a: Sandaconda|7/100|[from] item: Leftovers\n|upkeep\n|turn|26\n|inactive|Time left: 300 sec this turn | 300 sec total\n|\n|t:|1783570842\n|move|p1a: Sandaconda|Earthquake|p2a: Reuniclus\n|-damage|p2a: Reuniclus|11/337 par\n|move|p2a: Reuniclus|Recover|p2a: Reuniclus\n|-heal|p2a: Reuniclus|180/337 par\n|\n|-heal|p1a: Sandaconda|13/100|[from] item: Leftovers\n|upkeep\n|turn|27\n|inactive|Time left: 300 sec this turn | 300 sec total\n|\n|t:|1783570842\n|move|p1a: Sandaconda|Earthquake|p2a: Reuniclus\n|-crit|p2a: Reuniclus\n|-damage|p2a: Reuniclus|0 fnt\n|faint|p2a: Reuniclus\n|\n|-heal|p1a: Sandaconda|19/100|[from] item: Leftovers\n|upkeep\n|inactive|Time left: 300 sec this turn | 300 sec total | 5 sec grace\n|\n|t:|1783570843\n|switch|p2a: Passimian|Passimian, L83, M|302/302\n|turn|28\n|inactive|Time left: 300 sec this turn | 300 sec total\n|\n|t:|1783570844\n|move|p2a: Passimian|U-turn|p1a: Sandaconda\n|-damage|p1a: Sandaconda|0 fnt\n|faint|p1a: Sandaconda\n|inactive|Time left: 300 sec this turn | 300 sec total | 5 sec grace\n|\n|t:|1783570845\n|switch|p2a: Jirachi|Jirachi, L80|291/291|[from] U-turn\n|\n|upkeep\n|\n|t:|1783570846\n|switch|p1a: Arceus|Arceus-Grass, L73|100/100\n|turn|29\n|inactive|Time left: 300 sec this turn | 300 sec total\n|\n|t:|1783570847\n|move|p1a: Arceus|Calm Mind|p1a: Arceus\n|-boost|p1a: Arceus|spa|1\n|-boost|p1a: Arceus|spd|1\n|move|p2a: Jirachi|Body Slam|p1a: Arceus\n|-damage|p1a: Arceus|84/100\n|-status|p1a: Arceus|par\n|\n|upkeep\n|turn|30\n|inactive|Time left: 300 sec this turn | 300 sec total\n|\n|t:|1783570848\n|move|p2a: Jirachi|Iron Head|p1a: Arceus\n|-damage|p1a: Arceus|61/100 par\n|move|p1a: Arceus|Calm Mind|p1a: Arceus\n|-boost|p1a: Arceus|spa|1\n|-boost|p1a: Arceus|spd|1\n|\n|upkeep\n|turn|31\n|inactive|Time left: 300 sec this turn | 300 sec total\n|\n|t:|1783570849\n|move|p2a: Jirachi|Iron Head|p1a: Arceus\n|-damage|p1a: Arceus|37/100 par\n|cant|p1a: Arceus|flinch\n|\n|upkeep\n|turn|32\n|inactive|Time left: 300 sec this turn | 300 sec total\n|\n|t:|1783570850\n|move|p2a: Jirachi|Iron Head|p1a: Arceus\n|-damage|p1a: Arceus|12/100 par\n|cant|p1a: Arceus|flinch\n|\n|upkeep\n|turn|33\n|inactive|Time left: 300 sec this turn | 300 sec total\n|\n|t:|1783570851\n|move|p2a: Jirachi|Body Slam|p1a: Arceus\n|-damage|p1a: Arceus|0 fnt\n|faint|p1a: Arceus\n|\n|upkeep\n|\n|t:|1783570852\n|switch|p1a: Medicham|Medicham, L86, M|100/100\n|turn|34\n|inactive|Time left: 300 sec this turn | 300 sec total\n|\n|t:|1783570853\n|move|p2a: Jirachi|Iron Head|p1a: Medicham\n|-damage|p1a: Medicham|64/100\n|cant|p1a: Medicham|flinch\n|\n|upkeep\n|turn|35\n|inactive|Time left: 300 sec this turn | 300 sec total\n|\n|t:|1783570854\n|switch|p2a: Passimian|Passimian, L83, M|302/302\n|move|p1a: Medicham|Zen Headbutt|p2a: Passimian\n|-supereffective|p2a: Passimian\n|-damage|p2a: Passimian|0 fnt\n|faint|p2a: Passimian\n|\n|upkeep\n|inactive|Time left: 300 sec this turn | 300 sec total | 5 sec grace\n|\n|t:|1783570855\n|switch|p2a: Jirachi|Jirachi, L80|291/291\n|turn|36\n|inactive|Time left: 300 sec this turn | 300 sec total\n|\n|t:|1783570856\n|move|p2a: Jirachi|Iron Head|p1a: Medicham\n|-damage|p1a: Medicham|31/100\n|move|p1a: Medicham|Zen Headbutt|p2a: Jirachi\n|-resisted|p2a: Jirachi\n|-damage|p2a: Jirachi|247/291\n|\n|-heal|p2a: Jirachi|265/291|[from] item: Leftovers\n|upkeep\n|turn|37\n|inactive|Time left: 300 sec this turn | 300 sec total\n|\n|t:|1783570857\n|move|p2a: Jirachi|Iron Head|p1a: Medicham\n|-damage|p1a: Medicham|0 fnt\n|faint|p1a: Medicham\n|\n|win|p0y267083c6", "uploadtime": 1783570857, "views": 0, "rating": 0, "private": 0, "password": null, "_winner": "p0y267083c6", "_our_name": "p0y267083c6"}