{"id": "battle-gen9randombattle-2445", "formatid": "gen9randombattle", "format": "[Gen 9] Random Battle", "players": ["p0x244563a6", "p0y2445ff5e"], "log": "|init|battle\n|title|p0x244563a6 vs. p0y2445ff5e\n|j|\u2606p0x244563a6\n|j|\u2606p0y2445ff5e\n|t:|1783568332\n|gametype|singles\n|player|p1|p0x244563a6|2|\n|player|p2|p0y2445ff5e|169|\n|gen|9\n|tier|[Gen 9] Random Battle\n|rule|Species Clause: Limit one of each Pok\u00e9mon\n|rule|HP Percentage Mod: HP is shown in percentages\n|rule|Sleep Clause Mod: Limit one foe put to sleep\n|rule|Illusion Level Mod: Illusion disguises the Pok\u00e9mon's true level\n|\n|t:|1783568332\n|teamsize|p1|6\n|teamsize|p2|6\n|start\n|switch|p1a: Suicune|Suicune, L82|298/298\n|switch|p2a: Dugtrio|Dugtrio-Alola, L84, M|100/100\n|-ability|p1a: Suicune|Pressure\n|turn|1\n|inactive|Battle timer is ON: inactive players will automatically lose when time's up. (requested by p0y2445ff5e)\n|inactive|Time left: 300 sec this turn | 300 sec total | 60 sec grace\n|inactive|p0x244563a6 also wants the timer to be on.\n|\n|t:|1783568334\n|move|p2a: Dugtrio|Earthquake|p1a: Suicune\n|-damage|p1a: Suicune|153/298\n|move|p1a: Suicune|Scald|p2a: Dugtrio\n|-supereffective|p2a: Dugtrio\n|-damage|p2a: Dugtrio|2/100\n|-status|p2a: Dugtrio|brn\n|\n|-heal|p1a: Suicune|171/298|[from] item: Leftovers\n|-damage|p2a: Dugtrio|0 fnt|[from] brn\n|faint|p2a: Dugtrio\n|upkeep\n|\n|t:|1783568335\n|switch|p2a: Spidops|Spidops, L96, F|100/100\n|turn|2\n|inactive|Time left: 300 sec this turn | 300 sec total\n|\n|t:|1783568337\n|move|p1a: Suicune|Scald|p2a: Spidops\n|-damage|p2a: Spidops|74/100\n|move|p2a: Spidops|Sticky Web|p1a: Suicune\n|-sidestart|p1: p0x244563a6|move: Sticky Web\n|\n|-heal|p1a: Suicune|189/298|[from] item: Leftovers\n|upkeep\n|turn|3\n|inactive|Time left: 300 sec this turn | 300 sec total\n|\n|t:|1783568338\n|move|p1a: Suicune|Scald|p2a: Spidops\n|-damage|p2a: Spidops|49/100\n|-status|p2a: Spidops|brn\n|move|p2a: Spidops|Toxic Spikes|p1a: Suicune\n|-sidestart|p1: p0x244563a6|move: Toxic Spikes\n|\n|-heal|p1a: Suicune|207/298|[from] item: Leftovers\n|-damage|p2a: Spidops|43/100 brn|[from] brn\n|upkeep\n|turn|4\n|inactive|Time left: 300 sec this turn | 300 sec total\n|\n|t:|1783568339\n|move|p1a: Suicune|Calm Mind|p1a: Suicune\n|-boost|p1a: Suicune|spa|1\n|-boost|p1a: Suicune|spd|1\n|move|p2a: Spidops|Toxic Spikes|p1a: Suicune\n|-sidestart|p1: p0x244563a6|move: Toxic Spikes\n|\n|-heal|p1a: Suicune|225/298|[from] item: Leftovers\n|-damage|p2a: Spidops|37/100 brn|[from] brn\n|upkeep\n|turn|5\n|inactive|Time left: 300 sec this turn | 300 sec total\n|\n|t:|1783568340\n|move|p1a: Suicune|Scald|p2a: Spidops\n|-damage|p2a: Spidops|1/100 brn\n|move|p2a: Spidops|Circle Throw|p1a: Suicune\n|-damage|p1a: Suicune|206/298\n|drag|p1a: Glimmora|Glimmora, L75, M|248/248\n|-activate|p1a: Glimmora|move: Sticky Web\n|-unboost|p1a: Glimmora|spe|1\n|-sideend|p1: p0x244563a6|move: Toxic Spikes|[of] p1a: Glimmora\n|\n|-damage|p2a: Spidops|0 fnt|[from] brn\n|faint|p2a: Spidops\n|upkeep\n|\n|t:|1783568341\n|switch|p2a: Gholdengo|Gholdengo, L77|100/100\n|turn|6\n|inactive|Time left: 300 sec this turn | 300 sec total\n|\n|t:|1783568343\n|switch|p1a: Suicune|Suicune, L82|206/298\n|-activate|p1a: Suicune|move: Sticky Web\n|-unboost|p1a: Suicune|spe|1\n|-ability|p1a: Suicune|Pressure\n|move|p2a: Gholdengo|Make It Rain|p1a: Suicune\n|-resisted|p1a: Suicune\n|-crit|p1a: Suicune\n|-damage|p1a: Suicune|119/298\n|-unboost|p2a: Gholdengo|spa|1\n|\n|-heal|p1a: Suicune|137/298|[from] item: Leftovers\n|upkeep\n|turn|7\n|inactive|Time left: 300 sec this turn | 300 sec total\n|\n|t:|1783568344\n|switch|p2a: Ogerpon|Ogerpon-Wellspring, L76, F|100/100\n|move|p1a: Suicune|Calm Mind|p1a: Suicune\n|-boost|p1a: Suicune|spa|1\n|-boost|p1a: Suicune|spd|1\n|\n|-heal|p1a: Suicune|155/298|[from] item: Leftovers\n|upkeep\n|turn|8\n|inactive|Time left: 300 sec this turn | 300 sec total\n|\n|t:|1783568345\n|switch|p1a: Dragonite|Dragonite, L74, M|257/257\n|move|p2a: Ogerpon|Wood Hammer|p1a: Dragonite\n|-resisted|p1a: Dragonite\n|-crit|p1a: Dragonite\n|-damage|p1a: Dragonite|229/257\n|-damage|p2a: Ogerpon|97/100|[from] Recoil\n|\n|upkeep\n|turn|9\n|inactive|Time left: 300 sec this turn | 300 sec total\n|\n|t:|1783568346\n|move|p2a: Ogerpon|Ivy Cudgel|p1a: Dragonite|[anim] Ivy Cudgel Water\n|-resisted|p1a: Dragonite\n|-crit|p1a: Dragonite\n|-damage|p1a: Dragonite|135/257\n|move|p1a: Dragonite|Dragon Dance|p1a: Dragonite\n|-boost|p1a: Dragonite|atk|1\n|-boost|p1a: Dragonite|spe|1\n|\n|upkeep\n|turn|10\n|inactive|Time left: 300 sec this turn | 300 sec total\n|\n|t:|1783568347\n|switch|p2a: Gholdengo|Gholdengo, L77|100/100\n|move|p1a: Dragonite|Outrage|p2a: Gholdengo\n|-resisted|p2a: Gholdengo\n|-damage|p2a: Gholdengo|62/100\n|\n|-heal|p2a: Gholdengo|68/100|[from] item: Leftovers\n|upkeep\n|turn|11\n|inactive|Time left: 300 sec this turn | 300 sec total\n|\n|t:|1783568348\n|move|p1a: Dragonite|Outrage|p2a: Gholdengo|[from] lockedmove\n|-resisted|p2a: Gholdengo\n|-damage|p2a: Gholdengo|28/100\n|move|p2a: Gholdengo|Make It Rain|p1a: Dragonite\n|-damage|p1a: Dragonite|2/257\n|-unboost|p2a: Gholdengo|spa|1\n|\n|-heal|p2a: Gholdengo|35/100|[from] item: Leftovers\n|upkeep\n|turn|12\n|inactive|Time left: 300 sec this turn | 300 sec total\n|\n|t:|1783568350\n|move|p1a: Dragonite|Outrage|p2a: Gholdengo|[from] lockedmove\n|-resisted|p2a: Gholdengo\n|-damage|p2a: Gholdengo|0 fnt\n|faint|p2a: Gholdengo\n|-start|p1a: Dragonite|confusion|[fatigue]\n|\n|upkeep\n|\n|t:|1783568350\n|switch|p2a: Arceus|Arceus-Electric, L70|100/100\n|turn|13\n|inactive|Time left: 300 sec this turn | 300 sec total\n|\n|t:|1783568351\n|-activate|p1a: Dragonite|confusion\n|move|p1a: Dragonite|Outrage|p2a: Arceus\n|-damage|p2a: Arceus|37/100\n|move|p2a: Arceus|Judgment|p1a: Dragonite\n|-damage|p1a: Dragonite|0 fnt\n|faint|p1a: Dragonite\n|\n|upkeep\n|inactive|Time left: 300 sec this turn | 300 sec total | 5 sec grace\n|\n|t:|1783568352\n|switch|p1a: Hitmonchan|Hitmonchan, L87, M|229/229\n|-activate|p1a: Hitmonchan|move: Sticky Web\n|-unboost|p1a: Hitmonchan|spe|1\n|turn|14\n|inactive|Time left: 300 sec this turn | 300 sec total\n|\n|t:|1783568353\n|switch|p2a: Sableye|Sableye, L88, F|100/100\n|move|p1a: Hitmonchan|Swords Dance|p1a: Hitmonchan\n|-boost|p1a: Hitmonchan|atk|2\n|\n|upkeep\n|turn|15\n|inactive|Time left: 300 sec this turn | 300 sec total\n|\n|t:|1783568354\n|move|p2a: Sableye|Encore|p1a: Hitmonchan\n|-start|p1a: Hitmonchan|Encore\n|move|p1a: Hitmonchan|Swords Dance|p1a: Hitmonchan\n|-boost|p1a: Hitmonchan|atk|2\n|\n|upkeep\n|turn|16\n|inactive|Time left: 300 sec this turn | 300 sec total\n|\n|t:|1783568355\n|switch|p2a: Ogerpon|Ogerpon-Wellspring, L76, F|97/100\n|switch|p1a: Glimmora|Glimmora, L75, M|248/248\n|-activate|p1a: Glimmora|move: Sticky Web\n|-unboost|p1a: Glimmora|spe|1\n|\n|upkeep\n|turn|17\n|inactive|Time left: 300 sec this turn | 300 sec total\n|\n|t:|1783568355\n|-terastallize|p1a: Glimmora|Grass\n|move|p2a: Ogerpon|Ivy Cudgel|p1a: Glimmora|[anim] Ivy Cudgel Water\n|-resisted|p1a: Glimmora\n|-damage|p1a: Glimmora|179/248\n|-activate|p1a: Glimmora|ability: Toxic Debris\n|-sidestart|p2: p0y2445ff5e|move: Toxic Spikes\n|move|p1a: Glimmora|Meteor Beam||[still]\n|-prepare|p1a: Glimmora|Meteor Beam\n|-boost|p1a: Glimmora|spa|1\n|-enditem|p1a: Glimmora|Power Herb\n|-anim|p1a: Glimmora|Meteor Beam|p2a: Ogerpon\n|-damage|p2a: Ogerpon|11/100\n|\n|upkeep\n|turn|18\n|inactive|Time left: 300 sec this turn | 300 sec total\n|\n|t:|1783568356\n|move|p2a: Ogerpon|Wood Hammer|p1a: Glimmora\n|-resisted|p1a: Glimmora\n|-damage|p1a: Glimmora|99/248\n|-activate|p1a: Glimmora|ability: Toxic Debris\n|-sidestart|p2: p0y2445ff5e|move: Toxic Spikes\n|-damage|p2a: Ogerpon|1/100|[from] Recoil\n|move|p1a: Glimmora|Sludge Wave|p2a: Ogerpon\n|-supereffective|p2a: Ogerpon\n|-damage|p2a: Ogerpon|0 fnt\n|faint|p2a: Ogerpon\n|\n|upkeep\n|\n|t:|1783568357\n|switch|p2a: Arceus|Arceus-Electric, L70|37/100\n|-status|p2a: Arceus|tox\n|turn|19\n|inactive|Time left: 300 sec this turn | 300 sec total\n|\n|t:|1783568358\n|move|p2a: Arceus|Ice Beam|p1a: Glimmora\n|-supereffective|p1a: Glimmora\n|-damage|p1a: Glimmora|0 fnt\n|faint|p1a: Glimmora\n|\n|-damage|p2a: Arceus|31/100 tox|[from] psn\n|upkeep\n|inactive|Time left: 300 sec this turn | 300 sec total | 5 sec grace\n|\n|t:|1783568359\n|switch|p1a: Hitmonchan|Hitmonchan, L87, M|229/229\n|-activate|p1a: Hitmonchan|move: Sticky Web\n|-unboost|p1a: Hitmonchan|spe|1\n|turn|20\n|inactive|Time left: 300 sec this turn | 300 sec total\n|\n|t:|1783568360\n|move|p2a: Arceus|Recover|p2a: Arceus\n|-heal|p2a: Arceus|81/100 tox\n|move|p1a: Hitmonchan|Swords Dance|p1a: Hitmonchan\n|-boost|p1a: Hitmonchan|atk|2\n|\n|-damage|p2a: Arceus|69/100 tox|[from] psn\n|upkeep\n|turn|21\n|inactive|Time left: 300 sec this turn | 300 sec total\n|\n|t:|1783568361\n|switch|p2a: Sableye|Sableye, L88, F|100/100\n|-status|p2a: Sableye|tox\n|move|p1a: Hitmonchan|Drain Punch|p2a: Sableye\n|-immune|p2a: Sableye\n|\n|-damage|p2a: Sableye|94/100 tox|[from] psn\n|upkeep\n|turn|22\n|inactive|Time left: 300 sec this turn | 300 sec total\n|\n|t:|1783568362\n|move|p2a: Sableye|Encore|p1a: Hitmonchan\n|-start|p1a: Hitmonchan|Encore\n|move|p1a: Hitmonchan|Drain Punch|p2a: Sableye\n|-immune|p2a: Sableye\n|\n|-heal|p2a: Sableye|100/100 tox|[from] item: Leftovers\n|-damage|p2a: Sableye|88/100 tox|[from] psn\n|upkeep\n|turn|23\n|inactive|Time left: 300 sec this turn | 300 sec total\n|\n|t:|1783568363\n|switch|p1a: Suicune|Suicune, L82|155/298\n|-activate|p1a: Suicune|move: Sticky Web\n|-unboost|p1a: Suicune|spe|1\n|-ability|p1a: Suicune|Pressure\n|move|p2a: Sableye|Knock Off|p1a: Suicune\n|-damage|p1a: Suicune|74/298\n|-enditem|p1a: Suicune|Leftovers|[from] move: Knock Off|[of] p2a: Sableye\n|\n|-heal|p2a: Sableye|94/100 tox|[from] item: Leftovers\n|-damage|p2a: Sableye|76/100 tox|[from] psn\n|upkeep\n|turn|24\n|inactive|Time left: 300 sec this turn | 300 sec total\n|\n|t:|1783568364\n|switch|p2a: Arceus|Arceus-Electric, L70|69/100 tox\n|move|p1a: Suicune|Rest|p1a: Suicune\n|-status|p1a: Suicune|slp|[from] move: Rest\n|-heal|p1a: Suicune|298/298 slp|[silent]\n|\n|-damage|p2a: Arceus|63/100 tox|[from] psn\n|upkeep\n|turn|25\n|inactive|Time left: 300 sec this turn | 300 sec total\n|\n|t:|1783568365\n|switch|p1a: Hitmonchan|Hitmonchan, L87, M|229/229\n|-activate|p1a: Hitmonchan|move: Sticky Web\n|-unboost|p1a: Hitmonchan|spe|1\n|move|p2a: Arceus|Judgment|p1a: Hitmonchan\n|-damage|p1a: Hitmonchan|136/229\n|\n|-damage|p2a: Arceus|51/100 tox|[from] psn\n|upkeep\n|turn|26\n|inactive|Time left: 300 sec this turn | 300 sec total\n|\n|t:|1783568366\n|switch|p2a: Sableye|Sableye, L88, F|76/100 tox\n|move|p1a: Hitmonchan|Drain Punch|p2a: Sableye\n|-immune|p2a: Sableye\n|\n|-heal|p2a: Sableye|82/100 tox|[from] item: Leftovers\n|-damage|p2a: Sableye|76/100 tox|[from] psn\n|upkeep\n|turn|27\n|inactive|Time left: 300 sec this turn | 300 sec total\n|\n|t:|1783568368\n|move|p2a: Sableye|Thunder Wave|p1a: Hitmonchan\n|-status|p1a: Hitmonchan|par\n|cant|p1a: Hitmonchan|par\n|\n|-heal|p2a: Sableye|82/100 tox|[from] item: Leftovers\n|-damage|p2a: Sableye|70/100 tox|[from] psn\n|upkeep\n|turn|28\n|inactive|Time left: 300 sec this turn | 300 sec total\n|\n|t:|1783568369\n|move|p2a: Sableye|Knock Off|p1a: Hitmonchan\n|-resisted|p1a: Hitmonchan\n|-damage|p1a: Hitmonchan|91/229 par\n|-enditem|p1a: Hitmonchan|Life Orb|[from] move: Knock Off|[of] p2a: Sableye\n|move|p1a: Hitmonchan|Swords Dance|p1a: Hitmonchan\n|-boost|p1a: Hitmonchan|atk|2\n|\n|-heal|p2a: Sableye|76/100 tox|[from] item: Leftovers\n|-damage|p2a: Sableye|58/100 tox|[from] psn\n|upkeep\n|turn|29\n|inactive|Time left: 300 sec this turn | 300 sec total\n|\n|t:|1783568370\n|move|p2a: Sableye|Encore|p1a: Hitmonchan\n|-start|p1a: Hitmonchan|Encore\n|cant|p1a: Hitmonchan|par\n|\n|-heal|p2a: Sableye|64/100 tox|[from] item: Leftovers\n|-damage|p2a: Sableye|40/100 tox|[from] psn\n|upkeep\n|turn|30\n|inactive|Time left: 300 sec this turn | 300 sec total\n|\n|t:|1783568371\n|switch|p2a: Arceus|Arceus-Electric, L70|51/100 tox\n|cant|p1a: Hitmonchan|par\n|\n|-damage|p2a: Arceus|45/100 tox|[from] psn\n|upkeep\n|turn|31\n|inactive|Time left: 300 sec this turn | 300 sec total\n|\n|t:|1783568372\n|switch|p1a: Girafarig|Girafarig, L89, M|269/269\n|-activate|p1a: Girafarig|move: Sticky Web\n|-unboost|p1a: Girafarig|spe|1\n|move|p2a: Arceus|Recover|p2a: Arceus\n|-heal|p2a: Arceus|95/100 tox\n|\n|-damage|p2a: Arceus|83/100 tox|[from] psn\n|upkeep\n|turn|32\n|inactive|Time left: 300 sec this turn | 300 sec total\n|\n|t:|1783568373\n|move|p2a: Arceus|Calm Mind|p2a: Arceus\n|-boost|p2a: Arceus|spa|1\n|-boost|p2a: Arceus|spd|1\n|move|p1a: Girafarig|Nasty Plot|p1a: Girafarig\n|-boost|p1a: Girafarig|spa|2\n|\n|-damage|p2a: Arceus|65/100 tox|[from] psn\n|upkeep\n|turn|33\n|inactive|Time left: 300 sec this turn | 300 sec total\n|\n|t:|1783568374\n|move|p2a: Arceus|Judgment|p1a: Girafarig\n|-damage|p1a: Girafarig|139/269\n|move|p1a: Girafarig|Thunderbolt|p2a: Arceus\n|-resisted|p2a: Arceus\n|-damage|p2a: Arceus|50/100 tox\n|\n|-damage|p2a: Arceus|26/100 tox|[from] psn\n|upkeep\n|turn|34\n|inactive|Time left: 300 sec this turn | 300 sec total\n|\n|t:|1783568375\n|move|p2a: Arceus|Recover|p2a: Arceus\n|-heal|p2a: Arceus|76/100 tox\n|move|p1a: Girafarig|Thunderbolt|p2a: Arceus\n|-resisted|p2a: Arceus\n|-damage|p2a: Arceus|62/100 tox\n|\n|-damage|p2a: Arceus|33/100 tox|[from] psn\n|upkeep\n|turn|35\n|inactive|Time left: 300 sec this turn | 300 sec total\n|\n|t:|1783568377\n|move|p2a: Arceus|Recover|p2a: Arceus\n|-heal|p2a: Arceus|83/100 tox\n|move|p1a: Girafarig|Thunderbolt|p2a: Arceus\n|-resisted|p2a: Arceus\n|-damage|p2a: Arceus|67/100 tox\n|\n|-damage|p2a: Arceus|31/100 tox|[from] psn\n|upkeep\n|turn|36\n|inactive|Time left: 300 sec this turn | 300 sec total\n|\n|t:|1783568378\n|move|p2a: Arceus|Recover|p2a: Arceus\n|-heal|p2a: Arceus|81/100 tox\n|move|p1a: Girafarig|Thunderbolt|p2a: Arceus\n|-resisted|p2a: Arceus\n|-damage|p2a: Arceus|67/100 tox\n|\n|-damage|p2a: Arceus|25/100 tox|[from] psn\n|upkeep\n|turn|37\n|inactive|Time left: 300 sec this turn | 300 sec total\n|\n|t:|1783568379\n|move|p2a: Arceus|Ice Beam|p1a: Girafarig\n|-damage|p1a: Girafarig|76/269\n|move|p1a: Girafarig|Thunderbolt|p2a: Arceus\n|-resisted|p2a: Arceus\n|-damage|p2a: Arceus|11/100 tox\n|\n|-damage|p2a: Arceus|0 fnt|[from] psn\n|faint|p2a: Arceus\n|upkeep\n|\n|t:|1783568380\n|switch|p2a: Sableye|Sableye, L88, F|40/100 tox\n|turn|38\n|inactive|Time left: 300 sec this turn | 300 sec total\n|\n|t:|1783568381\n|move|p2a: Sableye|Knock Off|p1a: Girafarig\n|-supereffective|p1a: Girafarig\n|-damage|p1a: Girafarig|0 fnt\n|-enditem|p1a: Girafarig|Eviolite|[from] move: Knock Off|[of] p2a: Sableye\n|faint|p1a: Girafarig\n|\n|-heal|p2a: Sableye|46/100 tox|[from] item: Leftovers\n|-damage|p2a: Sableye|40/100 tox|[from] psn\n|upkeep\n|inactive|Time left: 300 sec this turn | 300 sec total | 5 sec grace\n|\n|t:|1783568382\n|switch|p1a: Hitmonchan|Hitmonchan, L87, M|91/229 par\n|-activate|p1a: Hitmonchan|move: Sticky Web\n|-unboost|p1a: Hitmonchan|spe|1\n|turn|39\n|inactive|Time left: 300 sec this turn | 300 sec total\n|\n|t:|1783568383\n|move|p2a: Sableye|Recover|p2a: Sableye\n|-heal|p2a: Sableye|90/100 tox\n|move|p1a: Hitmonchan|Knock Off|p2a: Sableye\n|-damage|p2a: Sableye|53/100 tox\n|-enditem|p2a: Sableye|Leftovers|[from] move: Knock Off|[of] p1a: Hitmonchan\n|\n|-damage|p2a: Sableye|41/100 tox|[from] psn\n|upkeep\n|turn|40\n|inactive|Time left: 300 sec this turn | 300 sec total\n|\n|t:|1783568384\n|move|p2a: Sableye|Recover|p2a: Sableye\n|-heal|p2a: Sableye|91/100 tox\n|move|p1a: Hitmonchan|Knock Off|p2a: Sableye\n|-damage|p2a: Sableye|67/100 tox\n|\n|-damage|p2a: Sableye|49/100 tox|[from] psn\n|upkeep\n|turn|41\n|inactive|Time left: 300 sec this turn | 300 sec total\n|\n|t:|1783568385\n|move|p2a: Sableye|Recover|p2a: Sableye\n|-heal|p2a: Sableye|99/100 tox\n|move|p1a: Hitmonchan|Knock Off|p2a: Sableye\n|-damage|p2a: Sableye|76/100 tox\n|\n|-damage|p2a: Sableye|52/100 tox|[from] psn\n|upkeep\n|turn|42\n|inactive|Time left: 300 sec this turn | 300 sec total\n|\n|t:|1783568386\n|move|p2a: Sableye|Recover|p2a: Sableye\n|-heal|p2a: Sableye|100/100 tox\n|move|p1a: Hitmonchan|Swords Dance|p1a: Hitmonchan\n|-boost|p1a: Hitmonchan|atk|2\n|\n|-damage|p2a: Sableye|70/100 tox|[from] psn\n|upkeep\n|turn|43\n|inactive|Time left: 300 sec this turn | 300 sec total\n|\n|t:|1783568387\n|move|p2a: Sableye|Recover|p2a: Sableye\n|-heal|p2a: Sableye|100/100 tox\n|move|p1a: Hitmonchan|Knock Off|p2a: Sableye\n|-damage|p2a: Sableye|56/100 tox\n|\n|-damage|p2a: Sableye|20/100 tox|[from] psn\n|upkeep\n|turn|44\n|inactive|Time left: 300 sec this turn | 300 sec total\n|\n|t:|1783568388\n|move|p2a: Sableye|Recover|p2a: Sableye\n|-heal|p2a: Sableye|70/100 tox\n|move|p1a: Hitmonchan|Swords Dance|p1a: Hitmonchan\n|-boost|p1a: Hitmonchan|atk|2\n|\n|-damage|p2a: Sableye|28/100 tox|[from] psn\n|upkeep\n|turn|45\n|inactive|Time left: 300 sec this turn | 300 sec total\n|\n|t:|1783568389\n|-terastallize|p2a: Sableye|Poison\n|cant|p1a: Hitmonchan|par\n|move|p2a: Sableye|Knock Off|p1a: Hitmonchan\n|-resisted|p1a: Hitmonchan\n|-damage|p1a: Hitmonchan|61/229 par\n|\n|-damage|p2a: Sableye|0 fnt|[from] psn\n|faint|p2a: Sableye\n|\n|win|p0x244563a6", "uploadtime": 1783568389, "views": 0, "rating": 0, "private": 0, "password": null, "_winner": "p0x244563a6", "_our_name": "p0x244563a6"}