{"id": "battle-gen9randombattle-261", "formatid": "gen9randombattle", "format": "[Gen 9] Random Battle", "players": ["p0x2617a3b", "p0y261721c"], "log": "|init|battle\n|title|p0x2617a3b vs. p0y261721c\n|j|\u2606p0x2617a3b\n|j|\u2606p0y261721c\n|t:|1783542109\n|gametype|singles\n|player|p1|p0x2617a3b|102|\n|player|p2|p0y261721c|102|\n|gen|9\n|tier|[Gen 9] Random Battle\n|rule|Species Clause: Limit one of each Pok\u00e9mon\n|rule|HP Percentage Mod: HP is shown in percentages\n|rule|Sleep Clause Mod: Limit one foe put to sleep\n|rule|Illusion Level Mod: Illusion disguises the Pok\u00e9mon's true level\n|\n|t:|1783542109\n|teamsize|p1|6\n|teamsize|p2|6\n|start\n|switch|p1a: Bombirdier|Bombirdier, L85, F|100/100\n|switch|p2a: Hatterene|Hatterene, L85, F|236/236\n|turn|1\n|inactive|Battle timer is ON: inactive players will automatically lose when time's up. (requested by p0x2617a3b)\n|inactive|Time left: 300 sec this turn | 300 sec total | 60 sec grace\n|inactive|p0y261721c also wants the timer to be on.\n|\n|t:|1783542110\n|switch|p1a: Carbink|Carbink, L90|100/100\n|move|p2a: Hatterene|Draining Kiss|p1a: Carbink\n|-damage|p1a: Carbink|81/100\n|\n|-heal|p1a: Carbink|87/100|[from] item: Leftovers\n|upkeep\n|turn|2\n|inactive|Time left: 300 sec this turn | 300 sec total\n|\n|t:|1783542112\n|move|p1a: Carbink|Rock Polish|p1a: Carbink\n|-boost|p1a: Carbink|spe|2\n|move|p2a: Hatterene|Psychic|p1a: Carbink\n|-damage|p1a: Carbink|52/100\n|\n|-heal|p1a: Carbink|58/100|[from] item: Leftovers\n|upkeep\n|turn|3\n|inactive|Time left: 300 sec this turn | 300 sec total\n|\n|t:|1783542113\n|move|p1a: Carbink|Iron Defense|p1a: Carbink\n|-boost|p1a: Carbink|def|2\n|move|p2a: Hatterene|Psychic|p1a: Carbink\n|-damage|p1a: Carbink|22/100\n|\n|-heal|p1a: Carbink|28/100|[from] item: Leftovers\n|upkeep\n|turn|4\n|inactive|Time left: 300 sec this turn | 300 sec total\n|\n|t:|1783542114\n|move|p1a: Carbink|Moonblast|p2a: Hatterene\n|-damage|p2a: Hatterene|176/236\n|move|p2a: Hatterene|Psychic|p1a: Carbink\n|-damage|p1a: Carbink|0 fnt\n|faint|p1a: Carbink\n|\n|-heal|p2a: Hatterene|190/236|[from] item: Leftovers\n|upkeep\n|\n|t:|1783542115\n|switch|p1a: Munkidori|Munkidori, L79, M|100/100\n|turn|5\n|inactive|Time left: 300 sec this turn | 300 sec total\n|\n|t:|1783542116\n|switch|p2a: Houndstone|Houndstone, L86, M|264/264\n|move|p1a: Munkidori|Sludge Wave|p2a: Houndstone\n|-resisted|p2a: Houndstone\n|-damage|p2a: Houndstone|183/264\n|\n|upkeep\n|turn|6\n|inactive|Time left: 300 sec this turn | 300 sec total\n|\n|t:|1783542118\n|move|p1a: Munkidori|Sludge Wave|p2a: Houndstone\n|-resisted|p2a: Houndstone\n|-damage|p2a: Houndstone|106/264\n|move|p2a: Houndstone|Poltergeist|p1a: Munkidori\n|-activate|p1a: Munkidori|move: Poltergeist|Choice Specs\n|-supereffective|p1a: Munkidori\n|-damage|p1a: Munkidori|0 fnt\n|faint|p1a: Munkidori\n|\n|upkeep\n|\n|t:|1783542119\n|switch|p1a: Volcarona|Volcarona, L77, F|100/100\n|turn|7\n|inactive|Time left: 300 sec this turn | 300 sec total\n|\n|t:|1783542120\n|move|p1a: Volcarona|Fire Blast|p2a: Houndstone\n|-damage|p2a: Houndstone|0 fnt\n|faint|p2a: Houndstone\n|\n|upkeep\n|inactive|Time left: 300 sec this turn | 300 sec total | 5 sec grace\n|\n|t:|1783542121\n|switch|p2a: Drednaw|Drednaw, L81, M|278/278\n|turn|8\n|inactive|Time left: 300 sec this turn | 300 sec total\n|\n|t:|1783542122\n|-terastallize|p2a: Drednaw|Water\n|move|p1a: Volcarona|Giga Drain|p2a: Drednaw\n|-supereffective|p2a: Drednaw\n|-damage|p2a: Drednaw|142/278\n|move|p2a: Drednaw|Shell Smash|p2a: Drednaw\n|-unboost|p2a: Drednaw|def|1\n|-unboost|p2a: Drednaw|spd|1\n|-boost|p2a: Drednaw|atk|2\n|-boost|p2a: Drednaw|spa|2\n|-boost|p2a: Drednaw|spe|2\n|-enditem|p2a: Drednaw|White Herb\n|-clearnegativeboost|p2a: Drednaw|[silent]\n|\n|upkeep\n|turn|9\n|inactive|Time left: 300 sec this turn | 300 sec total\n|\n|t:|1783542123\n|switch|p1a: Avalugg|Avalugg, L88, F|100/100\n|move|p2a: Drednaw|Liquidation|p1a: Avalugg\n|-damage|p1a: Avalugg|59/100\n|\n|upkeep\n|turn|10\n|inactive|Time left: 300 sec this turn | 300 sec total\n|\n|t:|1783542124\n|-terastallize|p1a: Avalugg|Fighting\n|move|p2a: Drednaw|Liquidation|p1a: Avalugg\n|-damage|p1a: Avalugg|13/100\n|move|p1a: Avalugg|Body Press|p2a: Drednaw\n|-damage|p2a: Drednaw|0 fnt\n|faint|p2a: Drednaw\n|\n|upkeep\n|inactive|Time left: 300 sec this turn | 300 sec total | 5 sec grace\n|\n|t:|1783542125\n|switch|p2a: Hatterene|Hatterene, L85, F|190/236\n|turn|11\n|inactive|Time left: 300 sec this turn | 300 sec total\n|\n|t:|1783542126\n|move|p1a: Avalugg|Body Press|p2a: Hatterene\n|-resisted|p2a: Hatterene\n|-damage|p2a: Hatterene|154/236\n|move|p2a: Hatterene|Calm Mind|p2a: Hatterene\n|-boost|p2a: Hatterene|spa|1\n|-boost|p2a: Hatterene|spd|1\n|\n|-heal|p2a: Hatterene|168/236|[from] item: Leftovers\n|upkeep\n|turn|12\n|inactive|Time left: 300 sec this turn | 300 sec total\n|\n|t:|1783542127\n|move|p1a: Avalugg|Rapid Spin|p2a: Hatterene\n|-damage|p2a: Hatterene|129/236\n|-boost|p1a: Avalugg|spe|1\n|move|p2a: Hatterene|Draining Kiss|p1a: Avalugg\n|-supereffective|p1a: Avalugg\n|-damage|p1a: Avalugg|0 fnt\n|-heal|p2a: Hatterene|158/236|[from] drain|[of] p1a: Avalugg\n|faint|p1a: Avalugg\n|\n|-heal|p2a: Hatterene|172/236|[from] item: Leftovers\n|upkeep\n|\n|t:|1783542128\n|switch|p1a: Volcarona|Volcarona, L77, F|100/100\n|turn|13\n|inactive|Time left: 300 sec this turn | 300 sec total\n|\n|t:|1783542129\n|move|p1a: Volcarona|Quiver Dance|p1a: Volcarona\n|-boost|p1a: Volcarona|spa|1\n|-boost|p1a: Volcarona|spd|1\n|-boost|p1a: Volcarona|spe|1\n|move|p2a: Hatterene|Mystical Fire|p1a: Volcarona\n|-damage|p1a: Volcarona|75/100\n|-unboost|p1a: Volcarona|spa|1\n|\n|-heal|p2a: Hatterene|186/236|[from] item: Leftovers\n|upkeep\n|turn|14\n|inactive|Time left: 300 sec this turn | 300 sec total\n|\n|t:|1783542130\n|move|p1a: Volcarona|Quiver Dance|p1a: Volcarona\n|-boost|p1a: Volcarona|spa|1\n|-boost|p1a: Volcarona|spd|1\n|-boost|p1a: Volcarona|spe|1\n|move|p2a: Hatterene|Mystical Fire|p1a: Volcarona\n|-damage|p1a: Volcarona|54/100\n|-unboost|p1a: Volcarona|spa|1\n|\n|-heal|p2a: Hatterene|200/236|[from] item: Leftovers\n|upkeep\n|turn|15\n|inactive|Time left: 300 sec this turn | 300 sec total\n|\n|t:|1783542132\n|move|p1a: Volcarona|Quiver Dance|p1a: Volcarona\n|-boost|p1a: Volcarona|spa|1\n|-boost|p1a: Volcarona|spd|1\n|-boost|p1a: Volcarona|spe|1\n|move|p2a: Hatterene|Psychic|p1a: Volcarona\n|-damage|p1a: Volcarona|27/100\n|\n|-heal|p2a: Hatterene|214/236|[from] item: Leftovers\n|upkeep\n|turn|16\n|inactive|Time left: 300 sec this turn | 300 sec total\n|\n|t:|1783542133\n|move|p1a: Volcarona|Bug Buzz|p2a: Hatterene\n|-damage|p2a: Hatterene|75/236\n|move|p2a: Hatterene|Mystical Fire|p1a: Volcarona\n|-damage|p1a: Volcarona|11/100\n|-unboost|p1a: Volcarona|spa|1\n|\n|-heal|p2a: Hatterene|89/236|[from] item: Leftovers\n|upkeep\n|turn|17\n|inactive|Time left: 300 sec this turn | 300 sec total\n|\n|t:|1783542134\n|move|p1a: Volcarona|Bug Buzz|p2a: Hatterene\n|-damage|p2a: Hatterene|0 fnt\n|faint|p2a: Hatterene\n|\n|upkeep\n|inactive|Time left: 300 sec this turn | 300 sec total | 5 sec grace\n|\n|t:|1783542135\n|switch|p2a: Okidogi|Okidogi, L77, M|262/262\n|turn|18\n|inactive|Time left: 300 sec this turn | 300 sec total\n|\n|t:|1783542136\n|move|p1a: Volcarona|Fire Blast|p2a: Okidogi\n|-damage|p2a: Okidogi|118/262\n|move|p2a: Okidogi|Knock Off|p1a: Volcarona\n|-damage|p1a: Volcarona|0 fnt\n|-enditem|p1a: Volcarona|Heavy-Duty Boots|[from] move: Knock Off|[of] p2a: Okidogi\n|faint|p1a: Volcarona\n|\n|-heal|p2a: Okidogi|134/262|[from] item: Leftovers\n|upkeep\n|\n|t:|1783542136\n|switch|p1a: Bombirdier|Bombirdier, L85, F|100/100\n|turn|19\n|inactive|Time left: 300 sec this turn | 300 sec total\n|\n|t:|1783542137\n|move|p1a: Bombirdier|Brave Bird|p2a: Okidogi\n|-supereffective|p2a: Okidogi\n|-damage|p2a: Okidogi|0 fnt\n|faint|p2a: Okidogi\n|-damage|p1a: Bombirdier|83/100|[from] Recoil\n|\n|upkeep\n|inactive|Time left: 300 sec this turn | 300 sec total | 5 sec grace\n|\n|t:|1783542138\n|switch|p2a: Cryogonal|Cryogonal, L89|287/287\n|turn|20\n|inactive|Time left: 300 sec this turn | 300 sec total\n|\n|t:|1783542139\n|move|p2a: Cryogonal|Freeze-Dry|p1a: Bombirdier\n|-supereffective|p1a: Bombirdier\n|-damage|p1a: Bombirdier|25/100\n|-status|p1a: Bombirdier|frz\n|cant|p1a: Bombirdier|frz\n|\n|upkeep\n|turn|21\n|inactive|Time left: 300 sec this turn | 300 sec total\n|\n|t:|1783542140\n|move|p2a: Cryogonal|Freeze-Dry|p1a: Bombirdier\n|-supereffective|p1a: Bombirdier\n|-damage|p1a: Bombirdier|0 fnt\n|faint|p1a: Bombirdier\n|\n|upkeep\n|\n|t:|1783542140\n|switch|p1a: Palafin|Palafin, L77, M|100/100\n|turn|22\n|inactive|Time left: 300 sec this turn | 300 sec total\n|\n|t:|1783542141\n|move|p2a: Cryogonal|Freeze-Dry|p1a: Palafin\n|-supereffective|p1a: Palafin\n|-damage|p1a: Palafin|23/100\n|move|p1a: Palafin|Drain Punch|p2a: Cryogonal\n|-supereffective|p2a: Cryogonal\n|-damage|p2a: Cryogonal|181/287\n|-heal|p1a: Palafin|42/100|[from] drain|[of] p2a: Cryogonal\n|\n|-heal|p1a: Palafin|48/100|[from] item: Leftovers\n|upkeep\n|turn|23\n|inactive|Time left: 300 sec this turn | 300 sec total\n|\n|t:|1783542142\n|move|p2a: Cryogonal|Freeze-Dry|p1a: Palafin\n|-supereffective|p1a: Palafin\n|-damage|p1a: Palafin|0 fnt\n|faint|p1a: Palafin\n|\n|win|p0y261721c", "uploadtime": 1783542142, "views": 0, "rating": 0, "private": 0, "password": null, "_winner": "p0y261721c", "_our_name": "p0y261721c"}