{"id": "battle-gen9randombattle-1185", "formatid": "gen9randombattle", "format": "[Gen 9] Random Battle", "players": ["p0x11855877", "p0y1185c2b4"], "log": "|init|battle\n|title|p0x11855877 vs. p0y1185c2b4\n|j|\u2606p0x11855877\n|j|\u2606p0y1185c2b4\n|t:|1783553710\n|gametype|singles\n|player|p1|p0x11855877|170|\n|player|p2|p0y1185c2b4|266|\n|gen|9\n|tier|[Gen 9] Random Battle\n|rule|Species Clause: Limit one of each Pok\u00e9mon\n|rule|HP Percentage Mod: HP is shown in percentages\n|rule|Sleep Clause Mod: Limit one foe put to sleep\n|rule|Illusion Level Mod: Illusion disguises the Pok\u00e9mon's true level\n|\n|t:|1783553710\n|teamsize|p1|6\n|teamsize|p2|6\n|start\n|switch|p1a: Articuno|Articuno, L86|100/100\n|switch|p2a: Umbreon|Umbreon, L84, F|297/297\n|-ability|p1a: Articuno|Pressure\n|turn|1\n|inactive|Battle timer is ON: inactive players will automatically lose when time's up. (requested by p0x11855877)\n|inactive|Time left: 300 sec this turn | 300 sec total | 60 sec grace\n|inactive|p0y1185c2b4 also wants the timer to be on.\n|\n|t:|1783553711\n|move|p1a: Articuno|Brave Bird|p2a: Umbreon\n|-damage|p2a: Umbreon|197/297\n|-damage|p1a: Articuno|89/100|[from] Recoil\n|move|p2a: Umbreon|Toxic|p1a: Articuno\n|-status|p1a: Articuno|tox\n|\n|-heal|p2a: Umbreon|215/297|[from] item: Leftovers\n|-damage|p1a: Articuno|83/100 tox|[from] psn\n|upkeep\n|turn|2\n|inactive|Time left: 300 sec this turn | 300 sec total\n|\n|t:|1783553713\n|move|p1a: Articuno|Brave Bird|p2a: Umbreon\n|-damage|p2a: Umbreon|104/297\n|-damage|p1a: Articuno|71/100 tox|[from] Recoil\n|move|p2a: Umbreon|Foul Play|p1a: Articuno\n|-damage|p1a: Articuno|41/100 tox\n|\n|-heal|p2a: Umbreon|122/297|[from] item: Leftovers\n|-damage|p1a: Articuno|29/100 tox|[from] psn\n|upkeep\n|turn|3\n|inactive|Time left: 300 sec this turn | 300 sec total\n|\n|t:|1783553714\n|move|p1a: Articuno|Brave Bird|p2a: Umbreon\n|-damage|p2a: Umbreon|17/297\n|-damage|p1a: Articuno|17/100 tox|[from] Recoil\n|move|p2a: Umbreon|Foul Play|p1a: Articuno\n|-damage|p1a: Articuno|0 fnt\n|faint|p1a: Articuno\n|\n|-heal|p2a: Umbreon|35/297|[from] item: Leftovers\n|upkeep\n|\n|t:|1783553715\n|switch|p1a: Salazzle|Salazzle, L83, F|100/100\n|turn|4\n|inactive|Time left: 300 sec this turn | 300 sec total\n|\n|t:|1783553716\n|move|p2a: Umbreon|Protect|p2a: Umbreon\n|-singleturn|p2a: Umbreon|Protect\n|move|p1a: Salazzle|Nasty Plot|p1a: Salazzle\n|-boost|p1a: Salazzle|spa|2\n|\n|-heal|p2a: Umbreon|53/297|[from] item: Leftovers\n|upkeep\n|turn|5\n|inactive|Time left: 300 sec this turn | 300 sec total\n|\n|t:|1783553717\n|move|p1a: Salazzle|Sludge Wave|p2a: Umbreon\n|-damage|p2a: Umbreon|0 fnt\n|faint|p2a: Umbreon\n|\n|upkeep\n|inactive|Time left: 300 sec this turn | 300 sec total | 5 sec grace\n|\n|t:|1783553718\n|switch|p2a: Persian|Persian, L92, F|269/269\n|turn|6\n|inactive|Time left: 300 sec this turn | 300 sec total\n|\n|t:|1783553720\n|-terastallize|p2a: Persian|Normal\n|move|p2a: Persian|Double-Edge|p1a: Salazzle\n|-damage|p1a: Salazzle|0 fnt\n|faint|p1a: Salazzle\n|-damage|p2a: Persian|187/269|[from] Recoil\n|\n|upkeep\n|\n|t:|1783553721\n|switch|p1a: Rampardos|Rampardos, L90, F|100/100\n|turn|7\n|inactive|Time left: 300 sec this turn | 300 sec total\n|\n|t:|1783553722\n|move|p2a: Persian|Double-Edge|p1a: Rampardos\n|-resisted|p1a: Rampardos\n|-damage|p1a: Rampardos|55/100\n|-damage|p2a: Persian|138/269|[from] Recoil\n|move|p1a: Rampardos|Rock Slide|p2a: Persian\n|-damage|p2a: Persian|0 fnt\n|faint|p2a: Persian\n|\n|upkeep\n|inactive|Time left: 300 sec this turn | 300 sec total | 5 sec grace\n|\n|t:|1783553723\n|switch|p2a: Seviper|Seviper, L93, M|287/287\n|turn|8\n|inactive|Time left: 300 sec this turn | 300 sec total\n|\n|t:|1783553724\n|move|p1a: Rampardos|Rock Slide|p2a: Seviper\n|-damage|p2a: Seviper|77/287\n|move|p2a: Seviper|Earthquake|p1a: Rampardos\n|-supereffective|p1a: Rampardos\n|-damage|p1a: Rampardos|0 fnt\n|faint|p1a: Rampardos\n|\n|-heal|p2a: Seviper|94/287|[from] item: Leftovers\n|upkeep\n|\n|t:|1783553725\n|switch|p1a: Golem|Golem, L87, M|100/100\n|turn|9\n|inactive|Time left: 300 sec this turn | 300 sec total\n|\n|t:|1783553726\n|switch|p2a: Meowstic|Meowstic, L89, M|277/277\n|move|p1a: Golem|Stone Edge|p2a: Meowstic|[miss]\n|-miss|p1a: Golem|p2a: Meowstic\n|\n|upkeep\n|turn|10\n|inactive|Time left: 300 sec this turn | 300 sec total\n|\n|t:|1783553728\n|move|p2a: Meowstic|Yawn|p1a: Golem\n|-start|p1a: Golem|move: Yawn|[of] p2a: Meowstic\n|move|p1a: Golem|Earthquake|p2a: Meowstic\n|-damage|p2a: Meowstic|145/277\n|\n|-heal|p2a: Meowstic|162/277|[from] item: Leftovers\n|upkeep\n|turn|11\n|inactive|Time left: 300 sec this turn | 300 sec total\n|\n|t:|1783553729\n|move|p2a: Meowstic|Alluring Voice|p1a: Golem\n|-damage|p1a: Golem|78/100\n|move|p1a: Golem|Earthquake|p2a: Meowstic\n|-damage|p2a: Meowstic|29/277\n|\n|-heal|p2a: Meowstic|46/277|[from] item: Leftovers\n|-end|p1a: Golem|move: Yawn|[silent]\n|-status|p1a: Golem|slp\n|upkeep\n|turn|12\n|inactive|Time left: 300 sec this turn | 300 sec total\n|\n|t:|1783553730\n|move|p2a: Meowstic|Psychic Noise|p1a: Golem\n|-damage|p1a: Golem|45/100 slp\n|-start|p1a: Golem|move: Heal Block\n|cant|p1a: Golem|slp\n|\n|-heal|p2a: Meowstic|63/277|[from] item: Leftovers\n|upkeep\n|turn|13\n|inactive|Time left: 300 sec this turn | 300 sec total\n|\n|t:|1783553731\n|move|p2a: Meowstic|Psychic Noise|p1a: Golem\n|-damage|p1a: Golem|11/100 slp\n|cant|p1a: Golem|slp\n|\n|-heal|p2a: Meowstic|80/277|[from] item: Leftovers\n|-end|p1a: Golem|move: Heal Block\n|upkeep\n|turn|14\n|inactive|Time left: 300 sec this turn | 300 sec total\n|\n|t:|1783553731\n|move|p2a: Meowstic|Alluring Voice|p1a: Golem\n|-damage|p1a: Golem|0 fnt\n|faint|p1a: Golem\n|\n|-heal|p2a: Meowstic|97/277|[from] item: Leftovers\n|upkeep\n|\n|t:|1783553732\n|switch|p1a: Dragapult|Dragapult, L77, M|100/100\n|turn|15\n|inactive|Time left: 300 sec this turn | 300 sec total\n|\n|t:|1783553733\n|move|p2a: Meowstic|Thunder Wave|p1a: Dragapult\n|-status|p1a: Dragapult|par\n|move|p1a: Dragapult|Dragon Darts|p2a: Meowstic\n|-damage|p2a: Meowstic|39/277\n|-anim|p1a: Dragapult|Dragon Darts|p2a: Meowstic\n|-damage|p2a: Meowstic|0 fnt\n|faint|p2a: Meowstic\n|\n|upkeep\n|inactive|Time left: 300 sec this turn | 300 sec total | 5 sec grace\n|\n|t:|1783553734\n|switch|p2a: Palkia|Palkia-Origin, L72|249/249\n|-ability|p2a: Palkia|Pressure\n|turn|16\n|inactive|Time left: 300 sec this turn | 300 sec total\n|\n|t:|1783553735\n|-terastallize|p1a: Dragapult|Fairy\n|move|p2a: Palkia|Draco Meteor|p1a: Dragapult\n|-immune|p1a: Dragapult\n|move|p1a: Dragapult|Dragon Darts|p2a: Palkia\n|-supereffective|p2a: Palkia\n|-damage|p2a: Palkia|133/249\n|-anim|p1a: Dragapult|Dragon Darts|p2a: Palkia\n|-supereffective|p2a: Palkia\n|-damage|p2a: Palkia|13/249\n|\n|upkeep\n|turn|17\n|inactive|Time left: 300 sec this turn | 300 sec total\n|\n|t:|1783553736\n|move|p2a: Palkia|Hydro Pump|p1a: Dragapult\n|-damage|p1a: Dragapult|28/100 par\n|-start|p2a: Palkia|Disable|Hydro Pump|[from] ability: Cursed Body|[of] p1a: Dragapult\n|cant|p1a: Dragapult|par\n|\n|upkeep\n|turn|18\n|inactive|Time left: 300 sec this turn | 300 sec total\n|\n|t:|1783553737\n|move|p2a: Palkia|Fire Blast|p1a: Dragapult\n|-damage|p1a: Dragapult|0 fnt\n|faint|p1a: Dragapult\n|\n|upkeep\n|\n|t:|1783553738\n|switch|p1a: Deoxys|Deoxys-Speed, L82|100/100\n|-ability|p1a: Deoxys|Pressure\n|turn|19\n|inactive|Time left: 300 sec this turn | 300 sec total\n|\n|t:|1783553739\n|move|p1a: Deoxys|Psycho Boost|p2a: Palkia\n|-damage|p2a: Palkia|0 fnt\n|-unboost|p1a: Deoxys|spa|2\n|faint|p2a: Palkia\n|\n|upkeep\n|inactive|Time left: 300 sec this turn | 300 sec total | 5 sec grace\n|\n|t:|1783553740\n|switch|p2a: Spidops|Spidops, L96, M|271/271\n|turn|20\n|inactive|Time left: 300 sec this turn | 300 sec total\n|\n|t:|1783553741\n|move|p1a: Deoxys|Spikes|p2a: Spidops\n|-sidestart|p2: p0y1185c2b4|Spikes\n|move|p2a: Spidops|Knock Off|p1a: Deoxys\n|-supereffective|p1a: Deoxys\n|-damage|p1a: Deoxys|25/100\n|-enditem|p1a: Deoxys|Leftovers|[from] move: Knock Off|[of] p2a: Spidops\n|\n|upkeep\n|turn|21\n|inactive|Time left: 300 sec this turn | 300 sec total\n|\n|t:|1783553742\n|move|p1a: Deoxys|Stealth Rock|p2a: Spidops\n|-sidestart|p2: p0y1185c2b4|move: Stealth Rock\n|move|p2a: Spidops|U-turn|p1a: Deoxys\n|-supereffective|p1a: Deoxys\n|-damage|p1a: Deoxys|0 fnt\n|faint|p1a: Deoxys\n|\n|win|p0y1185c2b4", "uploadtime": 1783553742, "views": 0, "rating": 0, "private": 0, "password": null, "_winner": "p0y1185c2b4", "_our_name": "p0y1185c2b4"}