{"id": "battle-gen9randombattle-1906", "formatid": "gen9randombattle", "format": "[Gen 9] Random Battle", "players": ["p0x1906844b", "p0y19063456"], "log": "|init|battle\n|title|p0x1906844b vs. p0y19063456\n|j|\u2606p0x1906844b\n|j|\u2606p0y19063456\n|t:|1783561297\n|gametype|singles\n|player|p1|p0x1906844b|265|\n|player|p2|p0y19063456|265|\n|gen|9\n|tier|[Gen 9] Random Battle\n|rule|Species Clause: Limit one of each Pok\u00e9mon\n|rule|HP Percentage Mod: HP is shown in percentages\n|rule|Sleep Clause Mod: Limit one foe put to sleep\n|rule|Illusion Level Mod: Illusion disguises the Pok\u00e9mon's true level\n|\n|t:|1783561297\n|teamsize|p1|6\n|teamsize|p2|6\n|start\n|switch|p1a: Fezandipiti|Fezandipiti, L82, M|278/278\n|switch|p2a: Gastrodon|Gastrodon, L86, M|100/100\n|turn|1\n|inactive|Battle timer is ON: inactive players will automatically lose when time's up. (requested by p0y19063456)\n|inactive|Time left: 300 sec this turn | 300 sec total | 60 sec grace\n|\n|t:|1783561298\n|switch|p1a: Umbreon|Umbreon, L84, F|297/297\n|move|p2a: Gastrodon|Earthquake|p1a: Umbreon\n|-damage|p1a: Umbreon|209/297\n|\n|-heal|p1a: Umbreon|227/297|[from] item: Leftovers\n|upkeep\n|turn|2\n|inactive|Time left: 300 sec this turn | 300 sec total\n|inactive|p0x1906844b also wants the timer to be on.\n|\n|t:|1783561300\n|move|p1a: Umbreon|Toxic|p2a: Gastrodon\n|-status|p2a: Gastrodon|tox\n|move|p2a: Gastrodon|Earthquake|p1a: Umbreon\n|-damage|p1a: Umbreon|139/297\n|\n|-heal|p1a: Umbreon|157/297|[from] item: Leftovers\n|-damage|p2a: Gastrodon|94/100 tox|[from] psn\n|upkeep\n|turn|3\n|inactive|Time left: 300 sec this turn | 300 sec total\n|\n|t:|1783561301\n|switch|p2a: Golem|Golem-Alola, L93, F|100/100\n|move|p1a: Umbreon|Wish|p1a: Umbreon\n|\n|-heal|p1a: Umbreon|175/297|[from] item: Leftovers\n|upkeep\n|turn|4\n|inactive|Time left: 300 sec this turn | 300 sec total\n|\n|t:|1783561302\n|move|p1a: Umbreon|Protect|p1a: Umbreon\n|-singleturn|p1a: Umbreon|Protect\n|move|p2a: Golem|Double-Edge|p1a: Umbreon\n|-activate|p1a: Umbreon|move: Protect\n|\n|-heal|p1a: Umbreon|297/297|[from] move: Wish|[wisher] Umbreon\n|upkeep\n|turn|5\n|inactive|Time left: 300 sec this turn | 300 sec total\n|\n|t:|1783561303\n|switch|p1a: Sandslash|Sandslash, L89, F|278/278\n|move|p2a: Golem|Double-Edge|p1a: Sandslash\n|-immune|p1a: Sandslash\n|\n|upkeep\n|turn|6\n|inactive|Time left: 300 sec this turn | 300 sec total\n|\n|t:|1783561304\n|switch|p2a: Groudon|Groudon, L72|100/100\n|-weather|SunnyDay|[from] ability: Drought|[of] p2a: Groudon\n|move|p1a: Sandslash|Earthquake|p2a: Groudon\n|-damage|p2a: Groudon|65/100\n|\n|-weather|SunnyDay|[upkeep]\n|-heal|p2a: Groudon|71/100|[from] item: Leftovers\n|upkeep\n|turn|7\n|inactive|Time left: 300 sec this turn | 300 sec total\n|\n|t:|1783561305\n|move|p2a: Groudon|Will-O-Wisp|p1a: Sandslash|[miss]\n|-miss|p2a: Groudon|p1a: Sandslash\n|move|p1a: Sandslash|Earthquake|p2a: Groudon\n|-damage|p2a: Groudon|35/100\n|\n|-weather|SunnyDay|[upkeep]\n|-heal|p2a: Groudon|42/100|[from] item: Leftovers\n|upkeep\n|turn|8\n|inactive|Time left: 300 sec this turn | 300 sec total\n|\n|t:|1783561306\n|move|p2a: Groudon|Will-O-Wisp|p1a: Sandslash\n|-status|p1a: Sandslash|brn\n|move|p1a: Sandslash|Earthquake|p2a: Groudon\n|-damage|p2a: Groudon|24/100\n|\n|-weather|SunnyDay|[upkeep]\n|-heal|p2a: Groudon|30/100|[from] item: Leftovers\n|-damage|p1a: Sandslash|261/278 brn|[from] brn\n|upkeep\n|turn|9\n|inactive|Time left: 300 sec this turn | 300 sec total\n|\n|t:|1783561307\n|move|p2a: Groudon|Heat Crash|p1a: Sandslash\n|-damage|p1a: Sandslash|153/278 brn\n|move|p1a: Sandslash|Spikes|p2a: Groudon\n|-sidestart|p2: p0y19063456|Spikes\n|\n|-weather|SunnyDay|[upkeep]\n|-heal|p2a: Groudon|36/100|[from] item: Leftovers\n|-heal|p1a: Sandslash|170/278 brn|[from] item: Leftovers\n|-damage|p1a: Sandslash|153/278 brn|[from] brn\n|upkeep\n|turn|10\n|inactive|Time left: 300 sec this turn | 300 sec total\n|\n|t:|1783561308\n|move|p2a: Groudon|Heat Crash|p1a: Sandslash\n|-damage|p1a: Sandslash|55/278 brn\n|move|p1a: Sandslash|Spikes|p2a: Groudon\n|-sidestart|p2: p0y19063456|Spikes\n|\n|-weather|none\n|-heal|p2a: Groudon|42/100|[from] item: Leftovers\n|-heal|p1a: Sandslash|72/278 brn|[from] item: Leftovers\n|-damage|p1a: Sandslash|55/278 brn|[from] brn\n|upkeep\n|turn|11\n|inactive|Time left: 300 sec this turn | 300 sec total\n|\n|t:|1783561309\n|move|p2a: Groudon|Heat Crash|p1a: Sandslash\n|-damage|p1a: Sandslash|0 fnt\n|faint|p1a: Sandslash\n|\n|-heal|p2a: Groudon|48/100|[from] item: Leftovers\n|upkeep\n|inactive|Time left: 300 sec this turn | 300 sec total | 5 sec grace\n|\n|t:|1783561310\n|switch|p1a: Greninja|Greninja, L80, M|246/246\n|turn|12\n|inactive|Time left: 300 sec this turn | 300 sec total\n|\n|t:|1783561311\n|switch|p2a: Gastrodon|Gastrodon, L86, M|94/100 tox\n|-damage|p2a: Gastrodon|78/100 tox|[from] Spikes\n|move|p1a: Greninja|Hydro Pump|p2a: Gastrodon\n|-start|p1a: Greninja|typechange|Water|[from] ability: Protean\n|-ability|p2a: Gastrodon|Storm Drain|boost\n|-boost|p2a: Gastrodon|spa|1\n|\n|-heal|p2a: Gastrodon|84/100 tox|[from] item: Leftovers\n|-damage|p2a: Gastrodon|78/100 tox|[from] psn\n|upkeep\n|turn|13\n|inactive|Time left: 300 sec this turn | 300 sec total\n|\n|t:|1783561312\n|switch|p1a: Umbreon|Umbreon, L84, F|297/297\n|move|p2a: Gastrodon|Earthquake|p1a: Umbreon\n|-damage|p1a: Umbreon|216/297\n|\n|-heal|p1a: Umbreon|234/297|[from] item: Leftovers\n|-heal|p2a: Gastrodon|84/100 tox|[from] item: Leftovers\n|-damage|p2a: Gastrodon|72/100 tox|[from] psn\n|upkeep\n|turn|14\n|inactive|Time left: 300 sec this turn | 300 sec total\n|\n|t:|1783561313\n|move|p1a: Umbreon|Foul Play|p2a: Gastrodon\n|-damage|p2a: Gastrodon|39/100 tox\n|move|p2a: Gastrodon|Recover|p2a: Gastrodon\n|-heal|p2a: Gastrodon|89/100 tox\n|\n|-heal|p1a: Umbreon|252/297|[from] item: Leftovers\n|-heal|p2a: Gastrodon|95/100 tox|[from] item: Leftovers\n|-damage|p2a: Gastrodon|77/100 tox|[from] psn\n|upkeep\n|turn|15\n|inactive|Time left: 300 sec this turn | 300 sec total\n|\n|t:|1783561314\n|switch|p2a: Cobalion|Cobalion, L80|100/100\n|-damage|p2a: Cobalion|84/100|[from] Spikes\n|move|p1a: Umbreon|Foul Play|p2a: Cobalion\n|-resisted|p2a: Cobalion\n|-damage|p2a: Cobalion|75/100\n|-ability|p2a: Cobalion|Justified|boost\n|-boost|p2a: Cobalion|atk|1\n|\n|-heal|p2a: Cobalion|81/100|[from] item: Leftovers\n|-heal|p1a: Umbreon|270/297|[from] item: Leftovers\n|upkeep\n|turn|16\n|inactive|Time left: 300 sec this turn | 300 sec total\n|\n|t:|1783561315\n|move|p1a: Umbreon|Protect|p1a: Umbreon\n|-singleturn|p1a: Umbreon|Protect\n|move|p2a: Cobalion|Calm Mind|p2a: Cobalion\n|-boost|p2a: Cobalion|spa|1\n|-boost|p2a: Cobalion|spd|1\n|\n|-heal|p2a: Cobalion|87/100|[from] item: Leftovers\n|-heal|p1a: Umbreon|288/297|[from] item: Leftovers\n|upkeep\n|turn|17\n|inactive|Time left: 300 sec this turn | 300 sec total\n|\n|t:|1783561315\n|move|p2a: Cobalion|Calm Mind|p2a: Cobalion\n|-boost|p2a: Cobalion|spa|1\n|-boost|p2a: Cobalion|spd|1\n|move|p1a: Umbreon|Wish|p1a: Umbreon\n|\n|-heal|p2a: Cobalion|93/100|[from] item: Leftovers\n|-heal|p1a: Umbreon|297/297|[from] item: Leftovers\n|upkeep\n|turn|18\n|inactive|Time left: 300 sec this turn | 300 sec total\n|\n|t:|1783561316\n|switch|p1a: Illumise|Illumise, L91, F|266/266\n|move|p2a: Cobalion|Calm Mind|p2a: Cobalion\n|-boost|p2a: Cobalion|spa|1\n|-boost|p2a: Cobalion|spd|1\n|\n|-heal|p2a: Cobalion|99/100|[from] item: Leftovers\n|upkeep\n|turn|19\n|inactive|Time left: 300 sec this turn | 300 sec total\n|\n|t:|1783561317\n|move|p1a: Illumise|Encore|p2a: Cobalion\n|-start|p2a: Cobalion|Encore\n|move|p2a: Cobalion|Calm Mind|p2a: Cobalion\n|-boost|p2a: Cobalion|spa|1\n|-boost|p2a: Cobalion|spd|1\n|\n|-heal|p2a: Cobalion|100/100|[from] item: Leftovers\n|upkeep\n|turn|20\n|inactive|Time left: 300 sec this turn | 300 sec total\n|\n|t:|1783561318\n|switch|p1a: Maushold|Maushold, L76|238/238\n|move|p2a: Cobalion|Calm Mind|p2a: Cobalion\n|-boost|p2a: Cobalion|spa|1\n|-boost|p2a: Cobalion|spd|1\n|\n|upkeep\n|turn|21\n|inactive|Time left: 300 sec this turn | 300 sec total\n|\n|t:|1783561319\n|move|p2a: Cobalion|Calm Mind|p2a: Cobalion\n|-boost|p2a: Cobalion|spa|1\n|-boost|p2a: Cobalion|spd|1\n|move|p1a: Maushold|Encore||[still]\n|-fail|p1a: Maushold\n|\n|-end|p2a: Cobalion|Encore\n|upkeep\n|turn|22\n|inactive|Time left: 300 sec this turn | 300 sec total\n|\n|t:|1783561320\n|switch|p1a: Umbreon|Umbreon, L84, F|297/297\n|move|p2a: Cobalion|Flash Cannon|p1a: Umbreon\n|-damage|p1a: Umbreon|99/297\n|\n|-heal|p1a: Umbreon|117/297|[from] item: Leftovers\n|upkeep\n|turn|23\n|inactive|Time left: 300 sec this turn | 300 sec total\n|\n|t:|1783561321\n|move|p1a: Umbreon|Protect|p1a: Umbreon\n|-singleturn|p1a: Umbreon|Protect\n|move|p2a: Cobalion|Flash Cannon|p1a: Umbreon\n|-activate|p1a: Umbreon|move: Protect\n|\n|-heal|p1a: Umbreon|135/297|[from] item: Leftovers\n|upkeep\n|turn|24\n|inactive|Time left: 300 sec this turn | 300 sec total\n|\n|t:|1783561322\n|move|p1a: Umbreon|Protect|p1a: Umbreon\n|-singleturn|p1a: Umbreon|Protect\n|move|p2a: Cobalion|Flash Cannon|p1a: Umbreon\n|-activate|p1a: Umbreon|move: Protect\n|\n|-heal|p1a: Umbreon|153/297|[from] item: Leftovers\n|upkeep\n|turn|25\n|inactive|Time left: 300 sec this turn | 300 sec total\n|\n|t:|1783561323\n|move|p1a: Umbreon|Protect||[still]\n|-fail|p1a: Umbreon\n|move|p2a: Cobalion|Flash Cannon|p1a: Umbreon\n|-damage|p1a: Umbreon|0 fnt\n|faint|p1a: Umbreon\n|\n|upkeep\n|inactive|Time left: 300 sec this turn | 300 sec total | 5 sec grace\n|\n|t:|1783561324\n|switch|p1a: Illumise|Illumise, L91, F|266/266\n|turn|26\n|inactive|Time left: 300 sec this turn | 300 sec total\n|\n|t:|1783561325\n|-terastallize|p1a: Illumise|Water\n|move|p1a: Illumise|Encore|p2a: Cobalion\n|-start|p2a: Cobalion|Encore\n|move|p2a: Cobalion|Flash Cannon|p1a: Illumise\n|-resisted|p1a: Illumise\n|-damage|p1a: Illumise|118/266\n|\n|upkeep\n|turn|27\n|inactive|Time left: 300 sec this turn | 300 sec total\n|\n|t:|1783561326\n|move|p1a: Illumise|Roost|p1a: Illumise\n|-heal|p1a: Illumise|251/266\n|move|p2a: Cobalion|Flash Cannon|p1a: Illumise\n|-resisted|p1a: Illumise\n|-damage|p1a: Illumise|109/266\n|\n|upkeep\n|turn|28\n|inactive|Time left: 300 sec this turn | 300 sec total\n|\n|t:|1783561327\n|move|p1a: Illumise|Roost|p1a: Illumise\n|-heal|p1a: Illumise|242/266\n|move|p2a: Cobalion|Flash Cannon|p1a: Illumise\n|-resisted|p1a: Illumise\n|-damage|p1a: Illumise|97/266\n|\n|-end|p2a: Cobalion|Encore\n|upkeep\n|turn|29\n|inactive|Time left: 300 sec this turn | 300 sec total\n|\n|t:|1783561328\n|switch|p1a: Fezandipiti|Fezandipiti, L82, M|278/278\n|move|p2a: Cobalion|Vacuum Wave|p1a: Fezandipiti\n|-resisted|p1a: Fezandipiti\n|-damage|p1a: Fezandipiti|249/278\n|\n|-heal|p1a: Fezandipiti|266/278|[from] item: Leftovers\n|upkeep\n|turn|30\n|inactive|Time left: 300 sec this turn | 300 sec total\n|\n|t:|1783561329\n|switch|p1a: Illumise|Illumise, L91, F, tera:Water|97/266\n|move|p2a: Cobalion|Flash Cannon|p1a: Illumise\n|-resisted|p1a: Illumise\n|-damage|p1a: Illumise|0 fnt\n|faint|p1a: Illumise\n|\n|upkeep\n|inactive|Time left: 300 sec this turn | 300 sec total | 5 sec grace\n|\n|t:|1783561330\n|switch|p1a: Greninja|Greninja, L80, M|246/246\n|turn|31\n|inactive|Time left: 300 sec this turn | 300 sec total\n|\n|t:|1783561331\n|switch|p1a: Fezandipiti|Fezandipiti, L82, M|266/278\n|move|p2a: Cobalion|Flash Cannon|p1a: Fezandipiti\n|-supereffective|p1a: Fezandipiti\n|-damage|p1a: Fezandipiti|0 fnt\n|faint|p1a: Fezandipiti\n|\n|upkeep\n|inactive|Time left: 300 sec this turn | 300 sec total | 5 sec grace\n|\n|t:|1783561332\n|switch|p1a: Maushold|Maushold, L76|238/238\n|turn|32\n|inactive|Time left: 300 sec this turn | 300 sec total\n|\n|t:|1783561332\n|switch|p1a: Greninja|Greninja, L80, M|246/246\n|move|p2a: Cobalion|Vacuum Wave|p1a: Greninja\n|-supereffective|p1a: Greninja\n|-damage|p1a: Greninja|0 fnt\n|faint|p1a: Greninja\n|\n|upkeep\n|inactive|Time left: 300 sec this turn | 300 sec total | 5 sec grace\n|\n|t:|1783561333\n|switch|p1a: Maushold|Maushold, L76|238/238\n|turn|33\n|inactive|Time left: 300 sec this turn | 300 sec total\n|\n|t:|1783561334\n|move|p2a: Cobalion|Aura Sphere|p1a: Maushold\n|-supereffective|p1a: Maushold\n|-crit|p1a: Maushold\n|-damage|p1a: Maushold|0 fnt\n|faint|p1a: Maushold\n|\n|win|p0y19063456", "uploadtime": 1783561334, "views": 0, "rating": 0, "private": 0, "password": null, "_winner": "p0y19063456", "_our_name": "p0x1906844b"}