{"id": "battle-gen9randombattle-1215", "formatid": "gen9randombattle", "format": "[Gen 9] Random Battle", "players": ["p0x1215936a", "p0y1215bbd5"], "log": "|init|battle\n|title|p0x1215936a vs. p0y1215bbd5\n|j|\u2606p0x1215936a\n|j|\u2606p0y1215bbd5\n|t:|1783554063\n|gametype|singles\n|player|p1|p0x1215936a|1|\n|player|p2|p0y1215bbd5|102|\n|gen|9\n|tier|[Gen 9] Random Battle\n|rule|Species Clause: Limit one of each Pok\u00e9mon\n|rule|HP Percentage Mod: HP is shown in percentages\n|rule|Sleep Clause Mod: Limit one foe put to sleep\n|rule|Illusion Level Mod: Illusion disguises the Pok\u00e9mon's true level\n|\n|t:|1783554063\n|teamsize|p1|6\n|teamsize|p2|6\n|start\n|switch|p1a: Torterra|Torterra, L78, M|100/100\n|switch|p2a: Cresselia|Cresselia, L80, F|323/323\n|turn|1\n|inactive|Battle timer is ON: inactive players will automatically lose when time's up. (requested by p0y1215bbd5)\n|inactive|p0x1215936a also wants the timer to be on.\n|\n|t:|1783554065\n|switch|p2a: Rillaboom|Rillaboom, L79, F|288/288\n|-fieldstart|move: Grassy Terrain|[from] ability: Grassy Surge|[of] p2a: Rillaboom\n|move|p1a: Torterra|Shell Smash|p1a: Torterra\n|-unboost|p1a: Torterra|def|1\n|-unboost|p1a: Torterra|spd|1\n|-boost|p1a: Torterra|atk|2\n|-boost|p1a: Torterra|spa|2\n|-boost|p1a: Torterra|spe|2\n|\n|upkeep\n|turn|2\n|inactive|Time left: 300 sec this turn | 300 sec total\n|\n|t:|1783554066\n|move|p1a: Torterra|Bullet Seed|p2a: Rillaboom\n|-resisted|p2a: Rillaboom\n|-damage|p2a: Rillaboom|252/288\n|-resisted|p2a: Rillaboom\n|-damage|p2a: Rillaboom|218/288\n|-resisted|p2a: Rillaboom\n|-damage|p2a: Rillaboom|185/288\n|-resisted|p2a: Rillaboom\n|-damage|p2a: Rillaboom|152/288\n|-hitcount|p2a: Rillaboom|4\n|move|p2a: Rillaboom|Wood Hammer|p1a: Torterra\n|-damage|p1a: Torterra|0 fnt\n|faint|p1a: Torterra\n|-damage|p2a: Rillaboom|61/288|[from] Recoil\n|\n|-heal|p2a: Rillaboom|79/288|[from] Grassy Terrain\n|upkeep\n|\n|t:|1783554067\n|switch|p1a: Iron Crown|Iron Crown, L78|100/100\n|turn|3\n|inactive|Time left: 300 sec this turn | 300 sec total\n|\n|t:|1783554069\n|switch|p2a: Gogoat|Gogoat, L88, F|360/360\n|move|p1a: Iron Crown|Tachyon Cutter|p2a: Gogoat\n|-crit|p2a: Gogoat\n|-damage|p2a: Gogoat|242/360\n|-damage|p2a: Gogoat|149/360\n|-hitcount|p2a: Gogoat|2\n|\n|-heal|p2a: Gogoat|171/360|[from] Grassy Terrain\n|-heal|p2a: Gogoat|193/360|[from] item: Leftovers\n|upkeep\n|turn|4\n|inactive|Time left: 300 sec this turn | 300 sec total\n|\n|t:|1783554070\n|move|p1a: Iron Crown|Tachyon Cutter|p2a: Gogoat\n|-damage|p2a: Gogoat|111/360\n|-damage|p2a: Gogoat|24/360\n|-hitcount|p2a: Gogoat|2\n|move|p2a: Gogoat|Milk Drink|p2a: Gogoat\n|-heal|p2a: Gogoat|204/360\n|\n|-heal|p2a: Gogoat|226/360|[from] Grassy Terrain\n|-heal|p2a: Gogoat|248/360|[from] item: Leftovers\n|upkeep\n|turn|5\n|inactive|Time left: 300 sec this turn | 300 sec total\n|\n|t:|1783554071\n|move|p1a: Iron Crown|Tachyon Cutter|p2a: Gogoat\n|-damage|p2a: Gogoat|167/360\n|-damage|p2a: Gogoat|74/360\n|-hitcount|p2a: Gogoat|2\n|move|p2a: Gogoat|Milk Drink|p2a: Gogoat\n|-heal|p2a: Gogoat|254/360\n|\n|-heal|p2a: Gogoat|276/360|[from] Grassy Terrain\n|-heal|p2a: Gogoat|298/360|[from] item: Leftovers\n|-fieldend|move: Grassy Terrain\n|upkeep\n|turn|6\n|inactive|Time left: 300 sec this turn | 300 sec total\n|\n|t:|1783554072\n|move|p1a: Iron Crown|Tachyon Cutter|p2a: Gogoat\n|-damage|p2a: Gogoat|211/360\n|-damage|p2a: Gogoat|124/360\n|-hitcount|p2a: Gogoat|2\n|move|p2a: Gogoat|Bulk Up|p2a: Gogoat\n|-boost|p2a: Gogoat|atk|1\n|-boost|p2a: Gogoat|def|1\n|\n|-heal|p2a: Gogoat|146/360|[from] item: Leftovers\n|upkeep\n|turn|7\n|inactive|Time left: 300 sec this turn | 300 sec total\n|\n|t:|1783554073\n|-terastallize|p2a: Gogoat|Water\n|move|p1a: Iron Crown|Tachyon Cutter|p2a: Gogoat\n|-resisted|p2a: Gogoat\n|-damage|p2a: Gogoat|104/360\n|-resisted|p2a: Gogoat\n|-damage|p2a: Gogoat|60/360\n|-hitcount|p2a: Gogoat|2\n|move|p2a: Gogoat|Milk Drink|p2a: Gogoat\n|-heal|p2a: Gogoat|240/360\n|\n|-heal|p2a: Gogoat|262/360|[from] item: Leftovers\n|upkeep\n|turn|8\n|inactive|Time left: 300 sec this turn | 300 sec total\n|\n|t:|1783554075\n|-end|p1a: Iron Crown|Quark Drive|[silent]\n|switch|p1a: Girafarig|Girafarig, L89, F|100/100\n|move|p2a: Gogoat|Horn Leech|p1a: Girafarig\n|-ability|p1a: Girafarig|Sap Sipper|boost\n|-boost|p1a: Girafarig|atk|1\n|\n|-heal|p2a: Gogoat|284/360|[from] item: Leftovers\n|upkeep\n|turn|9\n|inactive|Time left: 300 sec this turn | 300 sec total\n|\n|t:|1783554076\n|move|p1a: Girafarig|Nasty Plot|p1a: Girafarig\n|-boost|p1a: Girafarig|spa|2\n|move|p2a: Gogoat|Rock Slide|p1a: Girafarig\n|-damage|p1a: Girafarig|72/100\n|\n|-heal|p2a: Gogoat|306/360|[from] item: Leftovers\n|upkeep\n|turn|10\n|inactive|Time left: 300 sec this turn | 300 sec total\n|\n|t:|1783554077\n|move|p1a: Girafarig|Thunderbolt|p2a: Gogoat\n|-supereffective|p2a: Gogoat\n|-damage|p2a: Gogoat|22/360\n|move|p2a: Gogoat|Milk Drink|p2a: Gogoat\n|-heal|p2a: Gogoat|202/360\n|\n|-heal|p2a: Gogoat|224/360|[from] item: Leftovers\n|upkeep\n|turn|11\n|inactive|Time left: 300 sec this turn | 300 sec total\n|\n|t:|1783554078\n|switch|p2a: Arceus|Arceus-Dragon, L71|288/288\n|move|p1a: Girafarig|Thunderbolt|p2a: Arceus\n|-resisted|p2a: Arceus\n|-damage|p2a: Arceus|221/288\n|\n|upkeep\n|turn|12\n|inactive|Time left: 300 sec this turn | 300 sec total\n|\n|t:|1783554079\n|move|p2a: Arceus|Outrage|p1a: Girafarig\n|-damage|p1a: Girafarig|31/100\n|move|p1a: Girafarig|Dazzling Gleam|p2a: Arceus\n|-supereffective|p2a: Arceus\n|-damage|p2a: Arceus|0 fnt\n|faint|p2a: Arceus\n|\n|upkeep\n|inactive|Time left: 300 sec this turn | 300 sec total | 5 sec grace\n|\n|t:|1783554080\n|switch|p2a: Oinkologne|Oinkologne, L92, M|352/352\n|turn|13\n|inactive|Time left: 300 sec this turn | 300 sec total\n|\n|t:|1783554081\n|move|p1a: Girafarig|Psychic|p2a: Oinkologne\n|-damage|p2a: Oinkologne|153/352\n|move|p2a: Oinkologne|Double-Edge|p1a: Girafarig\n|-damage|p1a: Girafarig|0 fnt\n|faint|p1a: Girafarig\n|-damage|p2a: Oinkologne|126/352|[from] Recoil\n|\n|-heal|p2a: Oinkologne|148/352|[from] item: Leftovers\n|upkeep\n|\n|t:|1783554082\n|switch|p1a: Greedent|Greedent, L86, M|100/100\n|turn|14\n|inactive|Time left: 300 sec this turn | 300 sec total\n|\n|t:|1783554083\n|move|p2a: Oinkologne|Curse|p2a: Oinkologne\n|-unboost|p2a: Oinkologne|spe|1\n|-boost|p2a: Oinkologne|atk|1\n|-boost|p2a: Oinkologne|def|1\n|move|p1a: Greedent|Swords Dance|p1a: Greedent\n|-boost|p1a: Greedent|atk|2\n|\n|-heal|p2a: Oinkologne|170/352|[from] item: Leftovers\n|upkeep\n|turn|15\n|inactive|Time left: 300 sec this turn | 300 sec total\n|\n|t:|1783554084\n|move|p2a: Oinkologne|Double-Edge|p1a: Greedent\n|-damage|p1a: Greedent|41/100\n|-enditem|p1a: Greedent|Sitrus Berry|[eat]\n|-heal|p1a: Greedent|66/100|[from] item: Sitrus Berry\n|-heal|p1a: Greedent|99/100|[from] ability: Cheek Pouch\n|-damage|p2a: Oinkologne|102/352|[from] Recoil\n|move|p1a: Greedent|Knock Off|p2a: Oinkologne\n|-damage|p2a: Oinkologne|9/352\n|-enditem|p2a: Oinkologne|Leftovers|[from] move: Knock Off|[of] p1a: Greedent\n|\n|upkeep\n|turn|16\n|inactive|Time left: 300 sec this turn | 300 sec total\n|\n|t:|1783554085\n|move|p2a: Oinkologne|Double-Edge|p1a: Greedent\n|-damage|p1a: Greedent|39/100\n|-damage|p2a: Oinkologne|0 fnt|[from] Recoil\n|faint|p2a: Oinkologne\n|move|p1a: Greedent|Knock Off|p2: Oinkologne|[notarget]\n|-fail|p1a: Greedent\n|\n|upkeep\n|inactive|Time left: 300 sec this turn | 300 sec total | 5 sec grace\n|\n|t:|1783554086\n|switch|p2a: Rillaboom|Rillaboom, L79, F|79/288\n|-fieldstart|move: Grassy Terrain|[from] ability: Grassy Surge|[of] p2a: Rillaboom\n|turn|17\n|inactive|Time left: 300 sec this turn | 300 sec total\n|\n|t:|1783554086\n|move|p2a: Rillaboom|Wood Hammer|p1a: Greedent\n|-damage|p1a: Greedent|0 fnt\n|faint|p1a: Greedent\n|-damage|p2a: Rillaboom|35/288|[from] Recoil\n|\n|-heal|p2a: Rillaboom|53/288|[from] Grassy Terrain\n|upkeep\n|\n|t:|1783554087\n|switch|p1a: Eiscue|Eiscue, L88, F|100/100\n|turn|18\n|inactive|Time left: 300 sec this turn | 300 sec total\n|\n|t:|1783554088\n|switch|p2a: Gogoat|Gogoat, L88, F, tera:Water|224/360\n|move|p1a: Eiscue|Belly Drum|p1a: Eiscue\n|-damage|p1a: Eiscue|50/100\n|-setboost|p1a: Eiscue|atk|6|[from] move: Belly Drum\n|-enditem|p1a: Eiscue|Sitrus Berry|[eat]\n|-heal|p1a: Eiscue|75/100|[from] item: Sitrus Berry\n|\n|-heal|p2a: Gogoat|246/360|[from] Grassy Terrain\n|-heal|p2a: Gogoat|268/360|[from] item: Leftovers\n|-heal|p1a: Eiscue|82/100|[from] Grassy Terrain\n|upkeep\n|turn|19\n|inactive|Time left: 300 sec this turn | 300 sec total\n|\n|t:|1783554089\n|-terastallize|p1a: Eiscue|Electric\n|move|p2a: Gogoat|Bulk Up|p2a: Gogoat\n|-boost|p2a: Gogoat|atk|1\n|-boost|p2a: Gogoat|def|1\n|move|p1a: Eiscue|Tera Blast|p2a: Gogoat|[anim] Tera Blast Electric\n|-supereffective|p2a: Gogoat\n|-damage|p2a: Gogoat|0 fnt\n|faint|p2a: Gogoat\n|\n|-heal|p1a: Eiscue|88/100|[from] Grassy Terrain\n|upkeep\n|inactive|Time left: 300 sec this turn | 300 sec total | 5 sec grace\n|\n|t:|1783554090\n|switch|p2a: Rillaboom|Rillaboom, L79, F|53/288\n|turn|20\n|inactive|Time left: 300 sec this turn | 300 sec total\n|\n|t:|1783554091\n|move|p2a: Rillaboom|Wood Hammer|p1a: Eiscue\n|-activate|p1a: Eiscue|ability: Ice Face\n|-damage|p1a: Eiscue|88/100\n|detailschange|p1a: Eiscue|Eiscue-Noice, L88, F, tera:Electric\n|move|p1a: Eiscue|Tera Blast|p2a: Rillaboom|[anim] Tera Blast Electric\n|-resisted|p2a: Rillaboom\n|-damage|p2a: Rillaboom|0 fnt\n|faint|p2a: Rillaboom\n|\n|-heal|p1a: Eiscue|94/100|[from] Grassy Terrain\n|upkeep\n|inactive|Time left: 300 sec this turn | 300 sec total | 5 sec grace\n|\n|t:|1783554092\n|switch|p2a: Cresselia|Cresselia, L80, F|323/323\n|turn|21\n|inactive|Time left: 300 sec this turn | 300 sec total\n|\n|t:|1783554093\n|move|p1a: Eiscue|Tera Blast|p2a: Cresselia|[anim] Tera Blast Electric\n|-damage|p2a: Cresselia|44/323\n|move|p2a: Cresselia|Moonlight|p2a: Cresselia\n|-heal|p2a: Cresselia|205/323\n|\n|-heal|p1a: Eiscue|99/100|[from] Grassy Terrain\n|-heal|p2a: Cresselia|225/323|[from] item: Leftovers\n|-fieldend|move: Grassy Terrain\n|upkeep\n|turn|22\n|inactive|Time left: 300 sec this turn | 300 sec total\n|\n|t:|1783554095\n|switch|p2a: Gouging Fire|Gouging Fire, L74|277/277\n|move|p1a: Eiscue|Tera Blast|p2a: Gouging Fire|[anim] Tera Blast Electric\n|-resisted|p2a: Gouging Fire\n|-damage|p2a: Gouging Fire|144/277\n|\n|upkeep\n|turn|23\n|inactive|Time left: 300 sec this turn | 300 sec total\n|\n|t:|1783554096\n|move|p1a: Eiscue|Ice Spinner|p2a: Gouging Fire\n|-damage|p2a: Gouging Fire|0 fnt\n|faint|p2a: Gouging Fire\n|-end|p2a: Gouging Fire|Protosynthesis|[silent]\n|\n|upkeep\n|inactive|Time left: 300 sec this turn | 300 sec total | 5 sec grace\n|\n|t:|1783554097\n|switch|p2a: Cresselia|Cresselia, L80, F|225/323\n|turn|24\n|inactive|Time left: 300 sec this turn | 300 sec total\n|\n|t:|1783554098\n|move|p1a: Eiscue|Ice Spinner|p2a: Cresselia\n|-damage|p2a: Cresselia|0 fnt\n|faint|p2a: Cresselia\n|\n|win|p0x1215936a", "uploadtime": 1783554098, "views": 0, "rating": 0, "private": 0, "password": null, "_winner": "p0x1215936a", "_our_name": "p0y1215bbd5"}