{"id": "battle-gen9randombattle-2270", "formatid": "gen9randombattle", "format": "[Gen 9] Random Battle", "players": ["p0x2270f9fd", "p0y22700650"], "log": "|init|battle\n|title|p0x2270f9fd vs. p0y22700650\n|j|\u2606p0x2270f9fd\n|j|\u2606p0y22700650\n|t:|1783565354\n|gametype|singles\n|player|p1|p0x2270f9fd|102|\n|player|p2|p0y22700650|102|\n|gen|9\n|tier|[Gen 9] Random Battle\n|rule|Species Clause: Limit one of each Pok\u00e9mon\n|rule|HP Percentage Mod: HP is shown in percentages\n|rule|Sleep Clause Mod: Limit one foe put to sleep\n|rule|Illusion Level Mod: Illusion disguises the Pok\u00e9mon's true level\n|\n|t:|1783565354\n|teamsize|p1|6\n|teamsize|p2|6\n|start\n|switch|p1a: Tentacruel|Tentacruel, L84, M|100/100\n|switch|p2a: Cobalion|Cobalion, L80|277/277\n|turn|1\n|inactive|Battle timer is ON: inactive players will automatically lose when time's up. (requested by p0x2270f9fd)\n|inactive|Time left: 300 sec this turn | 300 sec total | 60 sec grace\n|inactive|p0y22700650 also wants the timer to be on.\n|\n|t:|1783565356\n|move|p2a: Cobalion|Swords Dance|p2a: Cobalion\n|-boost|p2a: Cobalion|atk|2\n|move|p1a: Tentacruel|Toxic Spikes|p2a: Cobalion\n|-sidestart|p2: p0y22700650|move: Toxic Spikes\n|\n|upkeep\n|turn|2\n|inactive|Time left: 300 sec this turn | 300 sec total\n|\n|t:|1783565357\n|switch|p1a: Palossand|Palossand, L89, F|100/100\n|move|p2a: Cobalion|Stone Edge|p1a: Palossand\n|-resisted|p1a: Palossand\n|-damage|p1a: Palossand|81/100\n|-damage|p2a: Cobalion|250/277|[from] item: Life Orb\n|\n|-heal|p1a: Palossand|87/100|[from] item: Leftovers\n|upkeep\n|turn|3\n|inactive|Time left: 300 sec this turn | 300 sec total\n|\n|t:|1783565359\n|move|p2a: Cobalion|Iron Head|p1a: Palossand\n|-damage|p1a: Palossand|37/100\n|-damage|p2a: Cobalion|223/277|[from] item: Life Orb\n|cant|p1a: Palossand|flinch\n|\n|-heal|p1a: Palossand|43/100|[from] item: Leftovers\n|upkeep\n|turn|4\n|inactive|Time left: 300 sec this turn | 300 sec total\n|\n|t:|1783565360\n|move|p2a: Cobalion|Iron Head|p1a: Palossand\n|-damage|p1a: Palossand|0 fnt\n|faint|p1a: Palossand\n|-damage|p2a: Cobalion|196/277|[from] item: Life Orb\n|\n|upkeep\n|\n|t:|1783565361\n|switch|p1a: Calyrex|Calyrex-Shadow, L64|100/100\n|-ability|p1a: Calyrex|As One\n|-ability|p1a: Calyrex|Unnerve\n|turn|5\n|inactive|Time left: 300 sec this turn | 300 sec total\n|\n|t:|1783565362\n|move|p1a: Calyrex|Astral Barrage|p2a: Cobalion\n|-damage|p2a: Cobalion|0 fnt\n|faint|p2a: Cobalion\n|-ability|p1a: Calyrex|Grim Neigh|boost\n|-boost|p1a: Calyrex|spa|1\n|\n|upkeep\n|inactive|Time left: 300 sec this turn | 300 sec total | 5 sec grace\n|\n|t:|1783565363\n|switch|p2a: Magnezone|Magnezone, L85|258/258\n|turn|6\n|inactive|Time left: 300 sec this turn | 300 sec total\n|\n|t:|1783565364\n|move|p1a: Calyrex|Astral Barrage|p2a: Magnezone\n|-damage|p2a: Magnezone|83/258\n|move|p2a: Magnezone|Mirror Coat|p1a: Calyrex\n|-damage|p1a: Calyrex|0 fnt\n|faint|p1a: Calyrex\n|\n|upkeep\n|\n|t:|1783565365\n|switch|p1a: Iron Hands|Iron Hands, L79|100/100\n|turn|7\n|inactive|Time left: 300 sec this turn | 300 sec total\n|\n|t:|1783565366\n|move|p2a: Magnezone|Thunderbolt|p1a: Iron Hands\n|-resisted|p1a: Iron Hands\n|-damage|p1a: Iron Hands|78/100\n|move|p1a: Iron Hands|Swords Dance|p1a: Iron Hands\n|-boost|p1a: Iron Hands|atk|2\n|\n|-heal|p1a: Iron Hands|84/100|[from] item: Leftovers\n|upkeep\n|turn|8\n|inactive|Time left: 300 sec this turn | 300 sec total\n|\n|t:|1783565367\n|move|p2a: Magnezone|Flash Cannon|p1a: Iron Hands\n|-resisted|p1a: Iron Hands\n|-damage|p1a: Iron Hands|66/100\n|move|p1a: Iron Hands|Drain Punch|p2a: Magnezone\n|-supereffective|p2a: Magnezone\n|-damage|p2a: Magnezone|0 fnt\n|-heal|p1a: Iron Hands|78/100|[from] drain|[of] p2a: Magnezone\n|faint|p2a: Magnezone\n|\n|-heal|p1a: Iron Hands|84/100|[from] item: Leftovers\n|upkeep\n|inactive|Time left: 300 sec this turn | 300 sec total | 5 sec grace\n|\n|t:|1783565368\n|switch|p2a: Veluza|Veluza, L85, M|292/292\n|-status|p2a: Veluza|psn\n|turn|9\n|inactive|Time left: 300 sec this turn | 300 sec total\n|\n|t:|1783565370\n|-terastallize|p1a: Iron Hands|Steel\n|move|p2a: Veluza|Psycho Cut|p1a: Iron Hands\n|-resisted|p1a: Iron Hands\n|-damage|p1a: Iron Hands|62/100\n|move|p1a: Iron Hands|Drain Punch|p2a: Veluza\n|-resisted|p2a: Veluza\n|-damage|p2a: Veluza|193/292 psn\n|-heal|p1a: Iron Hands|76/100|[from] drain|[of] p2a: Veluza\n|\n|-heal|p1a: Iron Hands|82/100|[from] item: Leftovers\n|-damage|p2a: Veluza|157/292 psn|[from] psn\n|upkeep\n|turn|10\n|inactive|Time left: 300 sec this turn | 300 sec total\n|\n|t:|1783565371\n|move|p2a: Veluza|Psycho Cut|p1a: Iron Hands\n|-resisted|p1a: Iron Hands\n|-crit|p1a: Iron Hands\n|-damage|p1a: Iron Hands|52/100\n|move|p1a: Iron Hands|Drain Punch|p2a: Veluza\n|-resisted|p2a: Veluza\n|-damage|p2a: Veluza|47/292 psn\n|-heal|p1a: Iron Hands|66/100|[from] drain|[of] p2a: Veluza\n|\n|-heal|p1a: Iron Hands|73/100|[from] item: Leftovers\n|-damage|p2a: Veluza|11/292 psn|[from] psn\n|upkeep\n|turn|11\n|inactive|Time left: 300 sec this turn | 300 sec total\n|\n|t:|1783565372\n|move|p2a: Veluza|Psycho Cut|p1a: Iron Hands\n|-resisted|p1a: Iron Hands\n|-damage|p1a: Iron Hands|49/100\n|move|p1a: Iron Hands|Drain Punch|p2a: Veluza\n|-resisted|p2a: Veluza\n|-damage|p2a: Veluza|0 fnt\n|-heal|p1a: Iron Hands|51/100|[from] drain|[of] p2a: Veluza\n|faint|p2a: Veluza\n|\n|-heal|p1a: Iron Hands|57/100|[from] item: Leftovers\n|upkeep\n|inactive|Time left: 300 sec this turn | 300 sec total | 5 sec grace\n|\n|t:|1783565373\n|switch|p2a: Minun|Minun, L95, F|268/268\n|-status|p2a: Minun|psn\n|turn|12\n|inactive|Time left: 300 sec this turn | 300 sec total\n|\n|t:|1783565374\n|-terastallize|p2a: Minun|Electric\n|move|p2a: Minun|Thunderbolt|p1a: Iron Hands\n|-damage|p1a: Iron Hands|0 fnt\n|faint|p1a: Iron Hands\n|-end|p1a: Iron Hands|Quark Drive|[silent]\n|-damage|p2a: Minun|242/268 psn|[from] item: Life Orb\n|\n|-damage|p2a: Minun|209/268 psn|[from] psn\n|upkeep\n|\n|t:|1783565375\n|switch|p1a: Grafaiai|Grafaiai, L86, F|100/100\n|turn|13\n|inactive|Time left: 300 sec this turn | 300 sec total\n|\n|t:|1783565376\n|move|p1a: Grafaiai|Gunk Shot|p2a: Minun\n|-damage|p2a: Minun|34/268 psn\n|move|p2a: Minun|Thunderbolt|p1a: Grafaiai\n|-damage|p1a: Grafaiai|23/100\n|-damage|p2a: Minun|8/268 psn|[from] item: Life Orb\n|\n|-damage|p2a: Minun|0 fnt|[from] psn\n|faint|p2a: Minun\n|upkeep\n|inactive|Time left: 300 sec this turn | 300 sec total | 5 sec grace\n|\n|t:|1783565377\n|switch|p2a: Dunsparce|Dunsparce, L86, M|312/312\n|-status|p2a: Dunsparce|psn\n|turn|14\n|inactive|Time left: 300 sec this turn | 300 sec total\n|\n|t:|1783565378\n|move|p1a: Grafaiai|Parting Shot|p2a: Dunsparce\n|-unboost|p2a: Dunsparce|atk|1\n|-unboost|p2a: Dunsparce|spa|1\n|\n|t:|1783565379\n|switch|p1a: Mightyena|Mightyena, L96, F|100/100|[from] Parting Shot\n|-ability|p1a: Mightyena|Intimidate|boost\n|-unboost|p2a: Dunsparce|atk|1\n|move|p2a: Dunsparce|Coil|p2a: Dunsparce\n|-boost|p2a: Dunsparce|atk|1\n|-boost|p2a: Dunsparce|def|1\n|-boost|p2a: Dunsparce|accuracy|1\n|\n|-damage|p2a: Dunsparce|273/312 psn|[from] psn\n|upkeep\n|turn|15\n|inactive|Time left: 300 sec this turn | 300 sec total\n|\n|t:|1783565379\n|move|p1a: Mightyena|Throat Chop|p2a: Dunsparce\n|-damage|p2a: Dunsparce|219/312 psn\n|-start|p2a: Dunsparce|Throat Chop|[silent]\n|move|p2a: Dunsparce|Coil|p2a: Dunsparce\n|-boost|p2a: Dunsparce|atk|1\n|-boost|p2a: Dunsparce|def|1\n|-boost|p2a: Dunsparce|accuracy|1\n|\n|-damage|p2a: Dunsparce|180/312 psn|[from] psn\n|upkeep\n|turn|16\n|inactive|Time left: 300 sec this turn | 300 sec total\n|\n|t:|1783565380\n|move|p1a: Mightyena|Taunt|p2a: Dunsparce\n|-start|p2a: Dunsparce|move: Taunt\n|move|p2a: Dunsparce|Body Slam|p1a: Mightyena\n|-damage|p1a: Mightyena|71/100\n|-status|p1a: Mightyena|par\n|\n|-heal|p1a: Mightyena|77/100 par|[from] item: Leftovers\n|-damage|p2a: Dunsparce|141/312 psn|[from] psn\n|-end|p2a: Dunsparce|Throat Chop|[silent]\n|upkeep\n|turn|17\n|inactive|Time left: 300 sec this turn | 300 sec total\n|\n|t:|1783565380\n|move|p2a: Dunsparce|Body Slam|p1a: Mightyena\n|-damage|p1a: Mightyena|52/100 par\n|move|p1a: Mightyena|Play Rough|p2a: Dunsparce\n|-damage|p2a: Dunsparce|112/312 psn\n|\n|-heal|p1a: Mightyena|58/100 par|[from] item: Leftovers\n|-damage|p2a: Dunsparce|73/312 psn|[from] psn\n|upkeep\n|turn|18\n|inactive|Time left: 300 sec this turn | 300 sec total\n|\n|t:|1783565381\n|move|p2a: Dunsparce|Body Slam|p1a: Mightyena\n|-damage|p1a: Mightyena|33/100 par\n|move|p1a: Mightyena|Throat Chop|p2a: Dunsparce\n|-damage|p2a: Dunsparce|33/312 psn\n|-start|p2a: Dunsparce|Throat Chop|[silent]\n|\n|-heal|p1a: Mightyena|39/100 par|[from] item: Leftovers\n|-damage|p2a: Dunsparce|0 fnt|[from] psn\n|faint|p2a: Dunsparce\n|upkeep\n|inactive|Time left: 300 sec this turn | 300 sec total | 5 sec grace\n|\n|t:|1783565382\n|switch|p2a: Scream Tail|Scream Tail, L84|330/330\n|-status|p2a: Scream Tail|psn\n|turn|19\n|inactive|Time left: 300 sec this turn | 300 sec total\n|\n|t:|1783565383\n|switch|p1a: Grafaiai|Grafaiai, L86, F|23/100\n|move|p2a: Scream Tail|Thunder Wave|p1a: Grafaiai\n|-status|p1a: Grafaiai|par\n|\n|-damage|p2a: Scream Tail|289/330 psn|[from] psn\n|upkeep\n|turn|20\n|inactive|Time left: 300 sec this turn | 300 sec total\n|\n|t:|1783565383\n|cant|p1a: Grafaiai|par\n|move|p2a: Scream Tail|Wish|p2a: Scream Tail\n|\n|-heal|p2a: Scream Tail|309/330 psn|[from] item: Leftovers\n|-damage|p2a: Scream Tail|268/330 psn|[from] psn\n|upkeep\n|turn|21\n|inactive|Time left: 300 sec this turn | 300 sec total\n|\n|t:|1783565384\n|move|p2a: Scream Tail|Protect|p2a: Scream Tail\n|-singleturn|p2a: Scream Tail|Protect\n|move|p1a: Grafaiai|Parting Shot|p2a: Scream Tail\n|-activate|p2a: Scream Tail|move: Protect\n|\n|-heal|p2a: Scream Tail|330/330 psn|[from] move: Wish|[wisher] Scream Tail\n|-damage|p2a: Scream Tail|289/330 psn|[from] psn\n|upkeep\n|turn|22\n|inactive|Time left: 300 sec this turn | 300 sec total\n|\n|t:|1783565384\n|move|p2a: Scream Tail|Wish|p2a: Scream Tail\n|move|p1a: Grafaiai|Gunk Shot|p2a: Scream Tail\n|-supereffective|p2a: Scream Tail\n|-damage|p2a: Scream Tail|61/330 psn\n|\n|-heal|p2a: Scream Tail|81/330 psn|[from] item: Leftovers\n|-damage|p2a: Scream Tail|40/330 psn|[from] psn\n|upkeep\n|turn|23\n|inactive|Time left: 300 sec this turn | 300 sec total\n|\n|t:|1783565385\n|move|p2a: Scream Tail|Protect|p2a: Scream Tail\n|-singleturn|p2a: Scream Tail|Protect\n|move|p1a: Grafaiai|Knock Off|p2a: Scream Tail\n|-activate|p2a: Scream Tail|move: Protect\n|\n|-heal|p2a: Scream Tail|205/330 psn|[from] move: Wish|[wisher] Scream Tail\n|-heal|p2a: Scream Tail|225/330 psn|[from] item: Leftovers\n|-damage|p2a: Scream Tail|184/330 psn|[from] psn\n|upkeep\n|turn|24\n|inactive|Time left: 300 sec this turn | 300 sec total\n|\n|t:|1783565386\n|move|p2a: Scream Tail|Wish|p2a: Scream Tail\n|cant|p1a: Grafaiai|par\n|\n|-heal|p2a: Scream Tail|204/330 psn|[from] item: Leftovers\n|-damage|p2a: Scream Tail|163/330 psn|[from] psn\n|upkeep\n|turn|25\n|inactive|Time left: 300 sec this turn | 300 sec total\n|\n|t:|1783565387\n|move|p2a: Scream Tail|Protect|p2a: Scream Tail\n|-singleturn|p2a: Scream Tail|Protect\n|move|p1a: Grafaiai|Gunk Shot|p2a: Scream Tail\n|-activate|p2a: Scream Tail|move: Protect\n|\n|-heal|p2a: Scream Tail|328/330 psn|[from] move: Wish|[wisher] Scream Tail\n|-heal|p2a: Scream Tail|330/330 psn|[from] item: Leftovers\n|-damage|p2a: Scream Tail|289/330 psn|[from] psn\n|upkeep\n|turn|26\n|inactive|Time left: 300 sec this turn | 300 sec total\n|\n|t:|1783565388\n|move|p2a: Scream Tail|Wish|p2a: Scream Tail\n|move|p1a: Grafaiai|Gunk Shot|p2a: Scream Tail\n|-supereffective|p2a: Scream Tail\n|-damage|p2a: Scream Tail|41/330 psn\n|\n|-heal|p2a: Scream Tail|61/330 psn|[from] item: Leftovers\n|-damage|p2a: Scream Tail|20/330 psn|[from] psn\n|upkeep\n|turn|27\n|inactive|Time left: 300 sec this turn | 300 sec total\n|\n|t:|1783565389\n|move|p2a: Scream Tail|Protect|p2a: Scream Tail\n|-singleturn|p2a: Scream Tail|Protect\n|cant|p1a: Grafaiai|par\n|\n|-heal|p2a: Scream Tail|185/330 psn|[from] move: Wish|[wisher] Scream Tail\n|-heal|p2a: Scream Tail|205/330 psn|[from] item: Leftovers\n|-damage|p2a: Scream Tail|164/330 psn|[from] psn\n|upkeep\n|turn|28\n|inactive|Time left: 300 sec this turn | 300 sec total\n|\n|t:|1783565390\n|move|p2a: Scream Tail|Wish|p2a: Scream Tail\n|move|p1a: Grafaiai|Gunk Shot|p2a: Scream Tail\n|-supereffective|p2a: Scream Tail\n|-damage|p2a: Scream Tail|0 fnt\n|faint|p2a: Scream Tail\n|-end|p2a: Scream Tail|Protosynthesis|[silent]\n|\n|win|p0x2270f9fd", "uploadtime": 1783565390, "views": 0, "rating": 0, "private": 0, "password": null, "_winner": "p0x2270f9fd", "_our_name": "p0y22700650"}