{"id": "battle-gen9randombattle-464", "formatid": "gen9randombattle", "format": "[Gen 9] Random Battle", "players": ["p0x464886f", "p0y464ed48"], "log": "|init|battle\n|title|p0x464886f vs. p0y464ed48\n|j|\u2606p0x464886f\n|j|\u2606p0y464ed48\n|t:|1783545156\n|gametype|singles\n|player|p1|p0x464886f|1|\n|player|p2|p0y464ed48|170|\n|gen|9\n|tier|[Gen 9] Random Battle\n|rule|Species Clause: Limit one of each Pok\u00e9mon\n|rule|HP Percentage Mod: HP is shown in percentages\n|rule|Sleep Clause Mod: Limit one foe put to sleep\n|rule|Illusion Level Mod: Illusion disguises the Pok\u00e9mon's true level\n|\n|t:|1783545156\n|teamsize|p1|6\n|teamsize|p2|6\n|start\n|switch|p1a: Ditto|Ditto, L87|100/100\n|switch|p2a: Gumshoos|Gumshoos, L95, F|321/321\n|-transform|p1a: Ditto|p2a: Gumshoos|[from] ability: Imposter\n|turn|1\n|inactive|Battle timer is ON: inactive players will automatically lose when time's up. (requested by p0y464ed48)\n|\n|t:|1783545158\n|move|p1a: Ditto|Knock Off|p2a: Gumshoos\n|-damage|p2a: Gumshoos|223/321\n|-enditem|p2a: Gumshoos|Choice Band|[from] move: Knock Off|[of] p1a: Ditto\n|move|p2a: Gumshoos|Double-Edge|p1a: Ditto\n|-damage|p1a: Ditto|0 fnt\n|faint|p1a: Ditto\n|-damage|p2a: Gumshoos|149/321|[from] Recoil\n|\n|upkeep\n|inactive|p0x464886f also wants the timer to be on.\n|\n|t:|1783545159\n|switch|p1a: Keldeo|Keldeo-Resolute, L79|100/100\n|turn|2\n|inactive|Time left: 300 sec this turn | 300 sec total\n|\n|t:|1783545160\n|switch|p2a: Gastrodon|Gastrodon-East, L86, F|331/331\n|move|p1a: Keldeo|Secret Sword|p2a: Gastrodon\n|-damage|p2a: Gastrodon|214/331\n|\n|-heal|p2a: Gastrodon|234/331|[from] item: Leftovers\n|upkeep\n|turn|3\n|inactive|Time left: 300 sec this turn | 300 sec total\n|\n|t:|1783545161\n|move|p1a: Keldeo|Calm Mind|p1a: Keldeo\n|-boost|p1a: Keldeo|spa|1\n|-boost|p1a: Keldeo|spd|1\n|move|p2a: Gastrodon|Earthquake|p1a: Keldeo\n|-damage|p1a: Keldeo|64/100\n|\n|-heal|p1a: Keldeo|70/100|[from] item: Leftovers\n|-heal|p2a: Gastrodon|254/331|[from] item: Leftovers\n|upkeep\n|turn|4\n|inactive|Time left: 300 sec this turn | 300 sec total\n|\n|t:|1783545162\n|move|p1a: Keldeo|Secret Sword|p2a: Gastrodon\n|-damage|p2a: Gastrodon|71/331\n|move|p2a: Gastrodon|Earthquake|p1a: Keldeo\n|-crit|p1a: Keldeo\n|-damage|p1a: Keldeo|17/100\n|\n|-heal|p1a: Keldeo|24/100|[from] item: Leftovers\n|-heal|p2a: Gastrodon|91/331|[from] item: Leftovers\n|upkeep\n|turn|5\n|inactive|Time left: 300 sec this turn | 300 sec total\n|\n|t:|1783545163\n|switch|p2a: Muk|Muk, L86, F, shiny|321/321\n|move|p1a: Keldeo|Secret Sword|p2a: Muk\n|-resisted|p2a: Muk\n|-damage|p2a: Muk|244/321\n|\n|-heal|p1a: Keldeo|30/100|[from] item: Leftovers\n|upkeep\n|turn|6\n|inactive|Time left: 300 sec this turn | 300 sec total\n|\n|t:|1783545164\n|move|p1a: Keldeo|Secret Sword|p2a: Muk\n|-resisted|p2a: Muk\n|-damage|p2a: Muk|157/321\n|move|p2a: Muk|Knock Off|p1a: Keldeo\n|-resisted|p1a: Keldeo\n|-damage|p1a: Keldeo|15/100\n|-ability|p1a: Keldeo|Justified|boost\n|-boost|p1a: Keldeo|atk|1\n|-enditem|p1a: Keldeo|Leftovers|[from] move: Knock Off|[of] p2a: Muk\n|\n|upkeep\n|turn|7\n|inactive|Time left: 300 sec this turn | 300 sec total\n|\n|t:|1783545165\n|move|p1a: Keldeo|Secret Sword|p2a: Muk\n|-resisted|p2a: Muk\n|-damage|p2a: Muk|79/321\n|move|p2a: Muk|Ice Punch|p1a: Keldeo\n|-resisted|p1a: Keldeo\n|-damage|p1a: Keldeo|4/100\n|\n|upkeep\n|turn|8\n|inactive|Time left: 300 sec this turn | 300 sec total\n|\n|t:|1783545166\n|move|p2a: Muk|Shadow Sneak|p1a: Keldeo\n|-damage|p1a: Keldeo|0 fnt\n|faint|p1a: Keldeo\n|\n|upkeep\n|\n|t:|1783545166\n|switch|p1a: Rayquaza|Rayquaza, L72|100/100\n|-ability|p1a: Rayquaza|Air Lock\n|turn|9\n|inactive|Time left: 300 sec this turn | 300 sec total\n|\n|t:|1783545167\n|switch|p2a: Armarouge|Armarouge, L80, F|267/267\n|move|p1a: Rayquaza|Outrage|p2a: Armarouge\n|-damage|p2a: Armarouge|138/267\n|-ability|p2a: Armarouge|Weak Armor|boost\n|-unboost|p2a: Armarouge|def|1\n|-boost|p2a: Armarouge|spe|2\n|\n|upkeep\n|turn|10\n|inactive|Time left: 300 sec this turn | 300 sec total\n|\n|t:|1783545168\n|switch|p2a: Bisharp|Bisharp, L79, F|232/232\n|move|p1a: Rayquaza|Outrage|p2a: Bisharp|[from] lockedmove\n|-resisted|p2a: Bisharp\n|-damage|p2a: Bisharp|187/232\n|-start|p1a: Rayquaza|confusion|[fatigue]\n|\n|upkeep\n|turn|11\n|inactive|Time left: 300 sec this turn | 300 sec total\n|\n|t:|1783545169\n|switch|p1a: Mudsdale|Mudsdale, L83, F|100/100\n|move|p2a: Bisharp|Throat Chop|p1a: Mudsdale\n|-damage|p1a: Mudsdale|71/100\n|-start|p1a: Mudsdale|Throat Chop|[silent]\n|-ability|p1a: Mudsdale|Stamina|boost\n|-boost|p1a: Mudsdale|def|1\n|\n|-heal|p1a: Mudsdale|77/100|[from] item: Leftovers\n|upkeep\n|turn|12\n|inactive|Time left: 300 sec this turn | 300 sec total\n|\n|t:|1783545170\n|switch|p2a: Cryogonal|Cryogonal, L89|287/287\n|move|p1a: Mudsdale|Earthquake|p2a: Cryogonal\n|-immune|p2a: Cryogonal|[from] ability: Levitate\n|\n|-heal|p1a: Mudsdale|83/100|[from] item: Leftovers\n|-end|p1a: Mudsdale|Throat Chop|[silent]\n|upkeep\n|turn|13\n|inactive|Time left: 300 sec this turn | 300 sec total\n|\n|t:|1783545171\n|move|p2a: Cryogonal|Freeze-Dry|p1a: Mudsdale\n|-supereffective|p1a: Mudsdale\n|-damage|p1a: Mudsdale|24/100\n|-ability|p1a: Mudsdale|Stamina|boost\n|-boost|p1a: Mudsdale|def|1\n|move|p1a: Mudsdale|Heavy Slam|p2a: Cryogonal\n|-supereffective|p2a: Cryogonal\n|-damage|p2a: Cryogonal|19/287\n|\n|-heal|p1a: Mudsdale|30/100|[from] item: Leftovers\n|upkeep\n|turn|14\n|inactive|Time left: 300 sec this turn | 300 sec total\n|\n|t:|1783545172\n|-terastallize|p1a: Mudsdale|Steel\n|move|p2a: Cryogonal|Freeze-Dry|p1a: Mudsdale\n|-resisted|p1a: Mudsdale\n|-damage|p1a: Mudsdale|15/100\n|-ability|p1a: Mudsdale|Stamina|boost\n|-boost|p1a: Mudsdale|def|1\n|move|p1a: Mudsdale|Stealth Rock|p2a: Cryogonal\n|-sidestart|p2: p0y464ed48|move: Stealth Rock\n|\n|-heal|p1a: Mudsdale|21/100|[from] item: Leftovers\n|upkeep\n|turn|15\n|inactive|Time left: 300 sec this turn | 300 sec total\n|\n|t:|1783545174\n|move|p2a: Cryogonal|Rapid Spin|p1a: Mudsdale\n|-resisted|p1a: Mudsdale\n|-damage|p1a: Mudsdale|19/100\n|-boost|p2a: Cryogonal|spe|1\n|-ability|p1a: Mudsdale|Stamina|boost\n|-boost|p1a: Mudsdale|def|1\n|-sideend|p2: p0y464ed48|Stealth Rock|[from] move: Rapid Spin|[of] p2a: Cryogonal\n|move|p1a: Mudsdale|Heavy Slam|p2a: Cryogonal\n|-supereffective|p2a: Cryogonal\n|-damage|p2a: Cryogonal|0 fnt\n|faint|p2a: Cryogonal\n|\n|-heal|p1a: Mudsdale|25/100|[from] item: Leftovers\n|upkeep\n|inactive|Time left: 300 sec this turn | 300 sec total | 5 sec grace\n|\n|t:|1783545175\n|switch|p2a: Armarouge|Armarouge, L80, F|138/267\n|turn|16\n|inactive|Time left: 300 sec this turn | 300 sec total\n|\n|t:|1783545175\n|move|p2a: Armarouge|Armor Cannon|p1a: Mudsdale\n|-supereffective|p1a: Mudsdale\n|-damage|p1a: Mudsdale|0 fnt\n|-unboost|p2a: Armarouge|def|1\n|-unboost|p2a: Armarouge|spd|1\n|faint|p1a: Mudsdale\n|\n|upkeep\n|\n|t:|1783545177\n|switch|p1a: Rayquaza|Rayquaza, L72|100/100\n|-ability|p1a: Rayquaza|Air Lock\n|turn|17\n|inactive|Time left: 300 sec this turn | 300 sec total\n|\n|t:|1783545178\n|switch|p2a: Bisharp|Bisharp, L79, F|187/232\n|move|p1a: Rayquaza|Outrage|p2a: Bisharp\n|-resisted|p2a: Bisharp\n|-damage|p2a: Bisharp|142/232\n|\n|upkeep\n|turn|18\n|inactive|Time left: 300 sec this turn | 300 sec total\n|\n|t:|1783545179\n|move|p1a: Rayquaza|Outrage|p2a: Bisharp|[from] lockedmove\n|-resisted|p2a: Bisharp\n|-crit|p2a: Bisharp\n|-damage|p2a: Bisharp|76/232\n|-start|p1a: Rayquaza|confusion|[fatigue]\n|move|p2a: Bisharp|Throat Chop|p1a: Rayquaza\n|-damage|p1a: Rayquaza|59/100\n|-start|p1a: Rayquaza|Throat Chop|[silent]\n|\n|upkeep\n|turn|19\n|inactive|Time left: 300 sec this turn | 300 sec total\n|\n|t:|1783545180\n|switch|p2a: Armarouge|Armarouge, L80, F|138/267\n|-activate|p1a: Rayquaza|confusion\n|move|p1a: Rayquaza|Earthquake|p2a: Armarouge\n|-supereffective|p2a: Armarouge\n|-damage|p2a: Armarouge|6/267\n|-ability|p2a: Armarouge|Weak Armor|boost\n|-unboost|p2a: Armarouge|def|1\n|-boost|p2a: Armarouge|spe|2\n|\n|-end|p1a: Rayquaza|Throat Chop|[silent]\n|upkeep\n|turn|20\n|inactive|Time left: 300 sec this turn | 300 sec total\n|\n|t:|1783545181\n|move|p2a: Armarouge|Psyshock|p1a: Rayquaza\n|-damage|p1a: Rayquaza|3/100\n|-activate|p1a: Rayquaza|confusion\n|-damage|p1a: Rayquaza|0 fnt|[from] confusion\n|faint|p1a: Rayquaza\n|\n|upkeep\n|\n|t:|1783545182\n|switch|p1a: Cetitan|Cetitan, L82, F|100/100\n|turn|21\n|inactive|Time left: 300 sec this turn | 300 sec total\n|\n|t:|1783545183\n|move|p1a: Cetitan|Ice Shard|p2a: Armarouge\n|-resisted|p2a: Armarouge\n|-damage|p2a: Armarouge|0 fnt\n|faint|p2a: Armarouge\n|\n|upkeep\n|inactive|Time left: 300 sec this turn | 300 sec total | 5 sec grace\n|\n|t:|1783545184\n|switch|p2a: Gumshoos|Gumshoos, L95, F|149/321\n|turn|22\n|inactive|Time left: 300 sec this turn | 300 sec total\n|\n|t:|1783545185\n|move|p1a: Cetitan|Ice Spinner|p2a: Gumshoos\n|-damage|p2a: Gumshoos|50/321\n|move|p2a: Gumshoos|Double-Edge|p1a: Cetitan\n|-damage|p1a: Cetitan|31/100\n|-enditem|p1a: Cetitan|Sitrus Berry|[eat]\n|-heal|p1a: Cetitan|56/100|[from] item: Sitrus Berry\n|-damage|p2a: Gumshoos|0 fnt|[from] Recoil\n|faint|p2a: Gumshoos\n|\n|upkeep\n|inactive|Time left: 300 sec this turn | 300 sec total | 5 sec grace\n|\n|t:|1783545186\n|switch|p2a: Bisharp|Bisharp, L79, F|76/232\n|turn|23\n|inactive|Time left: 300 sec this turn | 300 sec total\n|\n|t:|1783545187\n|-terastallize|p2a: Bisharp|Ghost\n|move|p1a: Cetitan|Earthquake|p2a: Bisharp\n|-damage|p2a: Bisharp|29/232\n|move|p2a: Bisharp|Iron Head|p1a: Cetitan\n|-supereffective|p1a: Cetitan\n|-damage|p1a: Cetitan|0 fnt\n|faint|p1a: Cetitan\n|\n|upkeep\n|\n|t:|1783545188\n|switch|p1a: Vivillon|Vivillon-High Plains, L83, F|100/100\n|turn|24\n|inactive|Time left: 300 sec this turn | 300 sec total\n|\n|t:|1783545189\n|move|p1a: Vivillon|Sleep Powder|p2a: Bisharp\n|-status|p2a: Bisharp|slp|[from] move: Sleep Powder\n|cant|p2a: Bisharp|slp\n|\n|upkeep\n|turn|25\n|inactive|Time left: 300 sec this turn | 300 sec total\n|\n|t:|1783545190\n|move|p1a: Vivillon|Quiver Dance|p1a: Vivillon\n|-boost|p1a: Vivillon|spa|1\n|-boost|p1a: Vivillon|spd|1\n|-boost|p1a: Vivillon|spe|1\n|cant|p2a: Bisharp|slp\n|\n|upkeep\n|turn|26\n|inactive|Time left: 300 sec this turn | 300 sec total\n|\n|t:|1783545191\n|-curestatus|p2a: Bisharp|slp|[msg]\n|move|p2a: Bisharp|Sucker Punch|p1a: Vivillon\n|-damage|p1a: Vivillon|55/100\n|move|p1a: Vivillon|Hurricane|p2a: Bisharp\n|-crit|p2a: Bisharp\n|-damage|p2a: Bisharp|0 fnt\n|faint|p2a: Bisharp\n|\n|upkeep\n|inactive|Time left: 300 sec this turn | 300 sec total | 5 sec grace\n|\n|t:|1783545193\n|switch|p2a: Muk|Muk, L86, F, shiny|79/321\n|turn|27\n|inactive|Time left: 300 sec this turn | 300 sec total\n|\n|t:|1783545194\n|switch|p2a: Gastrodon|Gastrodon-East, L86, F|91/331\n|move|p1a: Vivillon|Hurricane|p2a: Gastrodon\n|-damage|p2a: Gastrodon|0 fnt\n|faint|p2a: Gastrodon\n|\n|upkeep\n|inactive|Time left: 300 sec this turn | 300 sec total | 5 sec grace\n|\n|t:|1783545195\n|switch|p2a: Muk|Muk, L86, F, shiny|79/321\n|turn|28\n|inactive|Time left: 300 sec this turn | 300 sec total\n|\n|t:|1783545196\n|move|p1a: Vivillon|Hurricane|p2a: Muk\n|-damage|p2a: Muk|0 fnt\n|faint|p2a: Muk\n|\n|win|p0x464886f", "uploadtime": 1783545196, "views": 0, "rating": 0, "private": 0, "password": null, "_winner": "p0x464886f", "_our_name": "p0y464ed48"}