{"id": "battle-gen9randombattle-1993", "formatid": "gen9randombattle", "format": "[Gen 9] Random Battle", "players": ["p0x1993c9b9", "p0y1993d81e"], "log": "|init|battle\n|title|p0x1993c9b9 vs. p0y1993d81e\n|j|\u2606p0x1993c9b9\n|j|\u2606p0y1993d81e\n|t:|1783562322\n|gametype|singles\n|player|p1|p0x1993c9b9|2|\n|player|p2|p0y1993d81e|266|\n|gen|9\n|tier|[Gen 9] Random Battle\n|rule|Species Clause: Limit one of each Pok\u00e9mon\n|rule|HP Percentage Mod: HP is shown in percentages\n|rule|Sleep Clause Mod: Limit one foe put to sleep\n|rule|Illusion Level Mod: Illusion disguises the Pok\u00e9mon's true level\n|\n|t:|1783562322\n|teamsize|p1|6\n|teamsize|p2|6\n|start\n|switch|p1a: Noctowl|Noctowl, L95, M|344/344\n|switch|p2a: Annihilape|Annihilape, L76, F|100/100\n|turn|1\n|inactive|Battle timer is ON: inactive players will automatically lose when time's up. (requested by p0y1993d81e)\n|inactive|Time left: 300 sec this turn | 300 sec total | 60 sec grace\n|inactive|p0x1993c9b9 also wants the timer to be on.\n|\n|t:|1783562324\n|move|p1a: Noctowl|Hurricane|p2a: Annihilape|[miss]\n|-miss|p1a: Noctowl|p2a: Annihilape\n|move|p2a: Annihilape|Bulk Up|p2a: Annihilape\n|-boost|p2a: Annihilape|atk|1\n|-boost|p2a: Annihilape|def|1\n|\n|upkeep\n|turn|2\n|inactive|Time left: 300 sec this turn | 300 sec total\n|\n|t:|1783562325\n|-terastallize|p2a: Annihilape|Water\n|move|p1a: Noctowl|Hurricane|p2a: Annihilape\n|-damage|p2a: Annihilape|52/100\n|move|p2a: Annihilape|Drain Punch|p1a: Noctowl\n|-damage|p1a: Noctowl|200/344\n|-heal|p2a: Annihilape|77/100|[from] drain|[of] p1a: Noctowl\n|\n|-heal|p2a: Annihilape|83/100|[from] item: Leftovers\n|upkeep\n|turn|3\n|inactive|Time left: 300 sec this turn | 300 sec total\n|\n|t:|1783562326\n|move|p1a: Noctowl|Nasty Plot|p1a: Noctowl\n|-boost|p1a: Noctowl|spa|2\n|move|p2a: Annihilape|Drain Punch|p1a: Noctowl\n|-damage|p1a: Noctowl|44/344\n|-heal|p2a: Annihilape|100/100|[from] drain|[of] p1a: Noctowl\n|\n|upkeep\n|turn|4\n|inactive|Time left: 300 sec this turn | 300 sec total\n|\n|t:|1783562327\n|move|p1a: Noctowl|Hurricane|p2a: Annihilape|[miss]\n|-miss|p1a: Noctowl|p2a: Annihilape\n|move|p2a: Annihilape|Drain Punch|p1a: Noctowl\n|-damage|p1a: Noctowl|0 fnt\n|faint|p1a: Noctowl\n|\n|upkeep\n|inactive|Time left: 300 sec this turn | 300 sec total | 5 sec grace\n|\n|t:|1783562328\n|switch|p1a: Glaceon|Glaceon, L94, F|275/275\n|turn|5\n|inactive|Time left: 300 sec this turn | 300 sec total\n|\n|t:|1783562329\n|move|p2a: Annihilape|Drain Punch|p1a: Glaceon\n|-supereffective|p1a: Glaceon\n|-damage|p1a: Glaceon|117/275\n|move|p1a: Glaceon|Freeze-Dry|p2a: Annihilape\n|-supereffective|p2a: Annihilape\n|-damage|p2a: Annihilape|14/100\n|\n|-heal|p2a: Annihilape|20/100|[from] item: Leftovers\n|upkeep\n|turn|6\n|inactive|Time left: 300 sec this turn | 300 sec total\n|\n|t:|1783562330\n|switch|p1a: Landorus|Landorus, L75, M|257/257\n|move|p2a: Annihilape|Drain Punch|p1a: Landorus\n|-resisted|p1a: Landorus\n|-damage|p1a: Landorus|197/257\n|-heal|p2a: Annihilape|31/100|[from] drain|[of] p1a: Landorus\n|\n|-heal|p2a: Annihilape|37/100|[from] item: Leftovers\n|upkeep\n|turn|7\n|inactive|Time left: 300 sec this turn | 300 sec total\n|\n|t:|1783562331\n|switch|p2a: Misdreavus|Misdreavus, L90, F|100/100\n|move|p1a: Landorus|Earth Power|p2a: Misdreavus\n|-immune|p2a: Misdreavus|[from] ability: Levitate\n|\n|upkeep\n|turn|8\n|inactive|Time left: 300 sec this turn | 300 sec total\n|\n|t:|1783562332\n|move|p2a: Misdreavus|Shadow Ball|p1a: Landorus\n|-damage|p1a: Landorus|88/257\n|move|p1a: Landorus|Stealth Rock|p2a: Misdreavus\n|-sidestart|p2: p0y1993d81e|move: Stealth Rock\n|\n|upkeep\n|turn|9\n|inactive|Time left: 300 sec this turn | 300 sec total\n|\n|t:|1783562333\n|switch|p1a: Glaceon|Glaceon, L94, F|117/275\n|move|p2a: Misdreavus|Shadow Ball|p1a: Glaceon\n|-damage|p1a: Glaceon|35/275\n|\n|upkeep\n|turn|10\n|inactive|Time left: 300 sec this turn | 300 sec total\n|\n|t:|1783562333\n|move|p1a: Glaceon|Protect|p1a: Glaceon\n|-singleturn|p1a: Glaceon|Protect\n|move|p2a: Misdreavus|Shadow Ball|p1a: Glaceon\n|-activate|p1a: Glaceon|move: Protect\n|\n|upkeep\n|turn|11\n|inactive|Time left: 300 sec this turn | 300 sec total\n|\n|t:|1783562334\n|move|p1a: Glaceon|Protect||[still]\n|-fail|p1a: Glaceon\n|move|p2a: Misdreavus|Shadow Ball|p1a: Glaceon\n|-damage|p1a: Glaceon|0 fnt\n|faint|p1a: Glaceon\n|\n|upkeep\n|inactive|Time left: 300 sec this turn | 300 sec total | 5 sec grace\n|\n|t:|1783562335\n|switch|p1a: Luvdisc|Luvdisc, F|247/247\n|turn|12\n|inactive|Time left: 300 sec this turn | 300 sec total\n|\n|t:|1783562336\n|move|p1a: Luvdisc|Flip Turn|p2a: Misdreavus\n|-damage|p2a: Misdreavus|88/100\n|inactive|Time left: 300 sec this turn | 300 sec total | 5 sec grace\n|\n|t:|1783562337\n|switch|p1a: Pachirisu|Pachirisu, L96, F|271/271|[from] Flip Turn\n|move|p2a: Misdreavus|Shadow Ball|p1a: Pachirisu\n|-damage|p1a: Pachirisu|192/271\n|-unboost|p1a: Pachirisu|spd|1\n|\n|upkeep\n|turn|13\n|inactive|Time left: 300 sec this turn | 300 sec total\n|\n|t:|1783562338\n|move|p1a: Pachirisu|Discharge|p2a: Misdreavus\n|-damage|p2a: Misdreavus|72/100\n|-status|p2a: Misdreavus|par\n|move|p2a: Misdreavus|Calm Mind|p2a: Misdreavus\n|-boost|p2a: Misdreavus|spa|1\n|-boost|p2a: Misdreavus|spd|1\n|\n|upkeep\n|turn|14\n|inactive|Time left: 300 sec this turn | 300 sec total\n|\n|t:|1783562339\n|move|p1a: Pachirisu|Encore|p2a: Misdreavus\n|-start|p2a: Misdreavus|Encore\n|move|p2a: Misdreavus|Calm Mind|p2a: Misdreavus\n|-boost|p2a: Misdreavus|spa|1\n|-boost|p2a: Misdreavus|spd|1\n|\n|upkeep\n|turn|15\n|inactive|Time left: 300 sec this turn | 300 sec total\n|\n|t:|1783562340\n|switch|p1a: Solgaleo|Solgaleo, L74|325/325\n|cant|p2a: Misdreavus|par\n|\n|upkeep\n|turn|16\n|inactive|Time left: 300 sec this turn | 300 sec total\n|\n|t:|1783562340\n|switch|p2a: Dipplin|Dipplin, L88, M|100/100\n|-damage|p2a: Dipplin|88/100|[from] Stealth Rock\n|move|p1a: Solgaleo|Sunsteel Strike|p2a: Dipplin\n|-damage|p2a: Dipplin|67/100\n|\n|upkeep\n|turn|17\n|inactive|Time left: 300 sec this turn | 300 sec total\n|\n|t:|1783562342\n|move|p1a: Solgaleo|Flame Charge|p2a: Dipplin\n|-damage|p2a: Dipplin|60/100\n|-boost|p1a: Solgaleo|spe|1\n|move|p2a: Dipplin|Recover|p2a: Dipplin\n|-heal|p2a: Dipplin|100/100\n|\n|upkeep\n|turn|18\n|inactive|Time left: 300 sec this turn | 300 sec total\n|\n|t:|1783562342\n|move|p1a: Solgaleo|Sunsteel Strike|p2a: Dipplin\n|-damage|p2a: Dipplin|80/100\n|move|p2a: Dipplin|Giga Drain|p1a: Solgaleo\n|-resisted|p1a: Solgaleo\n|-damage|p1a: Solgaleo|275/325\n|-heal|p2a: Dipplin|89/100|[from] drain|[of] p1a: Solgaleo\n|\n|upkeep\n|turn|19\n|inactive|Time left: 300 sec this turn | 300 sec total\n|\n|t:|1783562344\n|move|p1a: Solgaleo|Flame Charge|p2a: Dipplin\n|-damage|p2a: Dipplin|82/100\n|-boost|p1a: Solgaleo|spe|1\n|move|p2a: Dipplin|Giga Drain|p1a: Solgaleo\n|-resisted|p1a: Solgaleo\n|-damage|p1a: Solgaleo|230/325\n|-heal|p2a: Dipplin|90/100|[from] drain|[of] p1a: Solgaleo\n|\n|upkeep\n|turn|20\n|inactive|Time left: 300 sec this turn | 300 sec total\n|\n|t:|1783562345\n|move|p1a: Solgaleo|Sunsteel Strike|p2a: Dipplin\n|-damage|p2a: Dipplin|71/100\n|move|p2a: Dipplin|Giga Drain|p1a: Solgaleo\n|-resisted|p1a: Solgaleo\n|-damage|p1a: Solgaleo|183/325\n|-heal|p2a: Dipplin|79/100|[from] drain|[of] p1a: Solgaleo\n|\n|upkeep\n|turn|21\n|inactive|Time left: 300 sec this turn | 300 sec total\n|\n|t:|1783562346\n|move|p1a: Solgaleo|Flame Charge|p2a: Dipplin\n|-damage|p2a: Dipplin|73/100\n|-boost|p1a: Solgaleo|spe|1\n|move|p2a: Dipplin|Giga Drain|p1a: Solgaleo\n|-resisted|p1a: Solgaleo\n|-damage|p1a: Solgaleo|135/325\n|-heal|p2a: Dipplin|81/100|[from] drain|[of] p1a: Solgaleo\n|\n|upkeep\n|turn|22\n|inactive|Time left: 300 sec this turn | 300 sec total\n|\n|t:|1783562347\n|move|p1a: Solgaleo|Flame Charge|p2a: Dipplin\n|-damage|p2a: Dipplin|74/100\n|-boost|p1a: Solgaleo|spe|1\n|move|p2a: Dipplin|Giga Drain|p1a: Solgaleo\n|-resisted|p1a: Solgaleo\n|-damage|p1a: Solgaleo|84/325\n|-heal|p2a: Dipplin|83/100|[from] drain|[of] p1a: Solgaleo\n|\n|upkeep\n|turn|23\n|inactive|Time left: 300 sec this turn | 300 sec total\n|\n|t:|1783562349\n|move|p1a: Solgaleo|Flame Charge|p2a: Dipplin\n|-damage|p2a: Dipplin|76/100\n|-boost|p1a: Solgaleo|spe|1\n|move|p2a: Dipplin|Giga Drain|p1a: Solgaleo\n|-resisted|p1a: Solgaleo\n|-damage|p1a: Solgaleo|37/325\n|-heal|p2a: Dipplin|84/100|[from] drain|[of] p1a: Solgaleo\n|\n|upkeep\n|turn|24\n|inactive|Time left: 300 sec this turn | 300 sec total\n|\n|t:|1783562350\n|move|p1a: Solgaleo|Flame Charge|p2a: Dipplin\n|-damage|p2a: Dipplin|78/100\n|-boost|p1a: Solgaleo|spe|1\n|move|p2a: Dipplin|Giga Drain|p1a: Solgaleo\n|-resisted|p1a: Solgaleo\n|-damage|p1a: Solgaleo|0 fnt\n|-heal|p2a: Dipplin|85/100|[from] drain|[of] p1a: Solgaleo\n|faint|p1a: Solgaleo\n|\n|upkeep\n|inactive|Time left: 300 sec this turn | 300 sec total | 5 sec grace\n|\n|t:|1783562351\n|switch|p1a: Pachirisu|Pachirisu, L96, F|192/271\n|turn|25\n|inactive|Time left: 300 sec this turn | 300 sec total\n|\n|t:|1783562352\n|move|p1a: Pachirisu|Super Fang|p2a: Dipplin\n|-damage|p2a: Dipplin|43/100\n|move|p2a: Dipplin|Giga Drain|p1a: Pachirisu\n|-damage|p1a: Pachirisu|117/271\n|-heal|p2a: Dipplin|56/100|[from] drain|[of] p1a: Pachirisu\n|\n|upkeep\n|turn|26\n|inactive|Time left: 300 sec this turn | 300 sec total\n|\n|t:|1783562353\n|move|p1a: Pachirisu|Super Fang|p2a: Dipplin\n|-damage|p2a: Dipplin|28/100\n|move|p2a: Dipplin|Giga Drain|p1a: Pachirisu\n|-damage|p1a: Pachirisu|44/271\n|-heal|p2a: Dipplin|41/100|[from] drain|[of] p1a: Pachirisu\n|\n|upkeep\n|turn|27\n|inactive|Time left: 300 sec this turn | 300 sec total\n|\n|t:|1783562354\n|move|p1a: Pachirisu|Super Fang|p2a: Dipplin\n|-damage|p2a: Dipplin|21/100\n|move|p2a: Dipplin|Giga Drain|p1a: Pachirisu\n|-damage|p1a: Pachirisu|0 fnt\n|-heal|p2a: Dipplin|29/100|[from] drain|[of] p1a: Pachirisu\n|faint|p1a: Pachirisu\n|\n|upkeep\n|inactive|Time left: 300 sec this turn | 300 sec total | 5 sec grace\n|\n|t:|1783562355\n|switch|p1a: Landorus|Landorus, L75, M|88/257\n|turn|28\n|inactive|Time left: 300 sec this turn | 300 sec total\n|\n|t:|1783562356\n|switch|p2a: Misdreavus|Misdreavus, L90, F|72/100 par\n|-damage|p2a: Misdreavus|60/100 par|[from] Stealth Rock\n|move|p1a: Landorus|Focus Blast|p2a: Misdreavus\n|-immune|p2a: Misdreavus\n|\n|upkeep\n|turn|29\n|inactive|Time left: 300 sec this turn | 300 sec total\n|\n|t:|1783562357\n|move|p1a: Landorus|Psychic|p2a: Misdreavus\n|-damage|p2a: Misdreavus|33/100 par\n|move|p2a: Misdreavus|Shadow Ball|p1a: Landorus\n|-damage|p1a: Landorus|0 fnt\n|faint|p1a: Landorus\n|\n|upkeep\n|inactive|Time left: 300 sec this turn | 300 sec total | 5 sec grace\n|\n|t:|1783562358\n|switch|p1a: Luvdisc|Luvdisc, F|247/247\n|turn|30\n|inactive|Time left: 300 sec this turn | 300 sec total\n|\n|t:|1783562359\n|switch|p2a: Dipplin|Dipplin, L88, M|29/100\n|-damage|p2a: Dipplin|16/100|[from] Stealth Rock\n|move|p1a: Luvdisc|Substitute|p1a: Luvdisc\n|-start|p1a: Luvdisc|Substitute\n|-damage|p1a: Luvdisc|186/247\n|\n|upkeep\n|turn|31\n|inactive|Time left: 300 sec this turn | 300 sec total\n|\n|t:|1783562360\n|move|p1a: Luvdisc|Surf|p2a: Dipplin\n|-resisted|p2a: Dipplin\n|-damage|p2a: Dipplin|11/100\n|move|p2a: Dipplin|Dragon Pulse|p1a: Luvdisc\n|-end|p1a: Luvdisc|Substitute\n|\n|upkeep\n|turn|32\n|inactive|Time left: 300 sec this turn | 300 sec total\n|\n|t:|1783562361\n|move|p1a: Luvdisc|Substitute|p1a: Luvdisc\n|-start|p1a: Luvdisc|Substitute\n|-damage|p1a: Luvdisc|125/247\n|move|p2a: Dipplin|Giga Drain|p1a: Luvdisc\n|-supereffective|p1a: Luvdisc\n|-end|p1a: Luvdisc|Substitute\n|-heal|p2a: Dipplin|22/100|[from] drain|[of] p1a: Luvdisc\n|\n|upkeep\n|turn|33\n|inactive|Time left: 300 sec this turn | 300 sec total\n|\n|t:|1783562362\n|move|p1a: Luvdisc|Substitute|p1a: Luvdisc\n|-start|p1a: Luvdisc|Substitute\n|-damage|p1a: Luvdisc|64/247\n|move|p2a: Dipplin|Giga Drain|p1a: Luvdisc\n|-supereffective|p1a: Luvdisc\n|-end|p1a: Luvdisc|Substitute\n|-heal|p2a: Dipplin|33/100|[from] drain|[of] p1a: Luvdisc\n|\n|upkeep\n|turn|34\n|inactive|Time left: 300 sec this turn | 300 sec total\n|\n|t:|1783562363\n|-terastallize|p1a: Luvdisc|Ghost\n|move|p1a: Luvdisc|Substitute|p1a: Luvdisc\n|-start|p1a: Luvdisc|Substitute\n|-damage|p1a: Luvdisc|3/247\n|move|p2a: Dipplin|Giga Drain|p1a: Luvdisc\n|-end|p1a: Luvdisc|Substitute\n|-heal|p2a: Dipplin|44/100|[from] drain|[of] p1a: Luvdisc\n|\n|upkeep\n|turn|35\n|inactive|Time left: 300 sec this turn | 300 sec total\n|\n|t:|1783562364\n|move|p1a: Luvdisc|Endeavor|p2a: Dipplin\n|-damage|p2a: Dipplin|2/100\n|move|p2a: Dipplin|Dragon Pulse|p1a: Luvdisc\n|-damage|p1a: Luvdisc|0 fnt\n|faint|p1a: Luvdisc\n|\n|win|p0y1993d81e", "uploadtime": 1783562364, "views": 0, "rating": 0, "private": 0, "password": null, "_winner": "p0y1993d81e", "_our_name": "p0x1993c9b9"}