{"id": "battle-gen9randombattle-776", "formatid": "gen9randombattle", "format": "[Gen 9] Random Battle", "players": ["p0x77648bf", "p0y77648ac"], "log": "|init|battle\n|title|p0x77648bf vs. p0y77648ac\n|j|\u2606p0x77648bf\n|j|\u2606p0y77648ac\n|t:|1783548868\n|gametype|singles\n|player|p1|p0x77648bf|266|\n|player|p2|p0y77648ac|265|\n|gen|9\n|tier|[Gen 9] Random Battle\n|rule|Species Clause: Limit one of each Pok\u00e9mon\n|rule|HP Percentage Mod: HP is shown in percentages\n|rule|Sleep Clause Mod: Limit one foe put to sleep\n|rule|Illusion Level Mod: Illusion disguises the Pok\u00e9mon's true level\n|\n|t:|1783548868\n|teamsize|p1|6\n|teamsize|p2|6\n|start\n|switch|p1a: Deoxys|Deoxys-Speed, L82|216/216\n|switch|p2a: Sneasler|Sneasler, L74, F|100/100\n|-ability|p1a: Deoxys|Pressure\n|turn|1\n|inactive|Battle timer is ON: inactive players will automatically lose when time's up. (requested by p0x77648bf)\n|inactive|p0y77648ac also wants the timer to be on.\n|\n|t:|1783548870\n|move|p1a: Deoxys|Psycho Boost|p2a: Sneasler\n|-supereffective|p2a: Sneasler\n|-damage|p2a: Sneasler|0 fnt\n|-unboost|p1a: Deoxys|spa|2\n|faint|p2a: Sneasler\n|-damage|p1a: Deoxys|195/216|[from] item: Life Orb\n|\n|upkeep\n|\n|t:|1783548871\n|switch|p2a: Araquanid|Araquanid, L82, F|100/100\n|turn|2\n|inactive|Time left: 300 sec this turn | 300 sec total\n|\n|t:|1783548872\n|switch|p1a: Regidrago|Regidrago, L77|435/435\n|move|p2a: Araquanid|Sticky Web|p1a: Regidrago\n|-sidestart|p1: p0x77648bf|move: Sticky Web\n|\n|upkeep\n|turn|3\n|inactive|Time left: 300 sec this turn | 300 sec total\n|\n|t:|1783548873\n|switch|p2a: Vigoroth|Vigoroth, L85, M|100/100\n|move|p1a: Regidrago|Outrage|p2a: Vigoroth\n|-damage|p2a: Vigoroth|60/100\n|\n|upkeep\n|turn|4\n|inactive|Time left: 300 sec this turn | 300 sec total\n|\n|t:|1783548874\n|move|p1a: Regidrago|Outrage|p2a: Vigoroth|[from] lockedmove\n|-damage|p2a: Vigoroth|19/100\n|move|p2a: Vigoroth|Bulk Up|p2a: Vigoroth\n|-boost|p2a: Vigoroth|atk|1\n|-boost|p2a: Vigoroth|def|1\n|\n|upkeep\n|turn|5\n|inactive|Time left: 300 sec this turn | 300 sec total\n|\n|t:|1783548875\n|switch|p2a: Oinkologne|Oinkologne, L92, M|100/100\n|move|p1a: Regidrago|Outrage|p2a: Oinkologne|[from] lockedmove\n|-damage|p2a: Oinkologne|54/100\n|-start|p1a: Regidrago|confusion|[fatigue]\n|\n|-heal|p2a: Oinkologne|60/100|[from] item: Leftovers\n|upkeep\n|turn|6\n|inactive|Time left: 300 sec this turn | 300 sec total\n|\n|t:|1783548876\n|-activate|p1a: Regidrago|confusion\n|move|p1a: Regidrago|Outrage|p2a: Oinkologne\n|-damage|p2a: Oinkologne|12/100\n|move|p2a: Oinkologne|Lash Out|p1a: Regidrago\n|-damage|p1a: Regidrago|329/435\n|\n|-heal|p2a: Oinkologne|18/100|[from] item: Leftovers\n|upkeep\n|turn|7\n|inactive|Time left: 300 sec this turn | 300 sec total\n|\n|t:|1783548877\n|-end|p1a: Regidrago|confusion\n|move|p1a: Regidrago|Outrage|p2a: Oinkologne|[from] lockedmove\n|-damage|p2a: Oinkologne|0 fnt\n|faint|p2a: Oinkologne\n|-start|p1a: Regidrago|confusion|[fatigue]\n|\n|upkeep\n|\n|t:|1783548878\n|switch|p2a: Iron Hands|Iron Hands, L79|100/100\n|turn|8\n|inactive|Time left: 300 sec this turn | 300 sec total\n|\n|t:|1783548879\n|-activate|p1a: Regidrago|confusion\n|move|p1a: Regidrago|Outrage|p2a: Iron Hands\n|-damage|p2a: Iron Hands|62/100\n|move|p2a: Iron Hands|Close Combat|p1a: Regidrago\n|-damage|p1a: Regidrago|73/435\n|-unboost|p2a: Iron Hands|def|1\n|-unboost|p2a: Iron Hands|spd|1\n|\n|upkeep\n|turn|9\n|inactive|Time left: 300 sec this turn | 300 sec total\n|\n|t:|1783548881\n|-end|p2a: Iron Hands|Quark Drive|[silent]\n|switch|p2a: Vigoroth|Vigoroth, L85, M|19/100\n|-activate|p1a: Regidrago|confusion\n|-damage|p1a: Regidrago|35/435|[from] confusion\n|\n|upkeep\n|turn|10\n|inactive|Time left: 300 sec this turn | 300 sec total\n|\n|t:|1783548882\n|-end|p1a: Regidrago|confusion\n|move|p1a: Regidrago|Outrage|p2a: Vigoroth\n|-damage|p2a: Vigoroth|0 fnt\n|faint|p2a: Vigoroth\n|\n|upkeep\n|\n|t:|1783548883\n|switch|p2a: Chien-Pao|Chien-Pao, L72|100/100\n|-ability|p2a: Chien-Pao|Sword of Ruin\n|turn|11\n|inactive|Time left: 300 sec this turn | 300 sec total\n|\n|t:|1783548884\n|move|p2a: Chien-Pao|Ice Shard|p1a: Regidrago\n|-supereffective|p1a: Regidrago\n|-damage|p1a: Regidrago|0 fnt\n|faint|p1a: Regidrago\n|\n|upkeep\n|inactive|Time left: 300 sec this turn | 300 sec total | 5 sec grace\n|\n|t:|1783548885\n|switch|p1a: Gallade|Gallade, L80, M|240/240\n|-activate|p1a: Gallade|move: Sticky Web\n|-unboost|p1a: Gallade|spe|1\n|turn|12\n|inactive|Time left: 300 sec this turn | 300 sec total\n|\n|t:|1783548886\n|move|p2a: Chien-Pao|Icicle Crash|p1a: Gallade\n|-damage|p1a: Gallade|92/240\n|move|p1a: Gallade|Sacred Sword|p2a: Chien-Pao\n|-supereffective|p2a: Chien-Pao\n|-damage|p2a: Chien-Pao|0 fnt\n|faint|p2a: Chien-Pao\n|\n|upkeep\n|\n|t:|1783548887\n|switch|p2a: Iron Hands|Iron Hands, L79|62/100\n|turn|13\n|inactive|Time left: 300 sec this turn | 300 sec total\n|\n|t:|1783548888\n|switch|p1a: Stantler|Stantler, L92, F|284/284\n|-activate|p1a: Stantler|move: Sticky Web\n|-unboost|p1a: Stantler|spe|1\n|-ability|p1a: Stantler|Intimidate|boost\n|-unboost|p2a: Iron Hands|atk|1\n|move|p2a: Iron Hands|Wild Charge|p1a: Stantler\n|-damage|p1a: Stantler|227/284\n|-damage|p2a: Iron Hands|59/100|[from] Recoil\n|\n|upkeep\n|turn|14\n|inactive|Time left: 300 sec this turn | 300 sec total\n|\n|t:|1783548889\n|move|p1a: Stantler|Earthquake|p2a: Iron Hands\n|-supereffective|p2a: Iron Hands\n|-damage|p2a: Iron Hands|22/100\n|move|p2a: Iron Hands|Volt Switch|p1a: Stantler\n|-damage|p1a: Stantler|191/284\n|\n|t:|1783548890\n|-end|p2a: Iron Hands|Quark Drive|[silent]\n|switch|p2a: Araquanid|Araquanid, L82, F|100/100|[from] Volt Switch\n|\n|upkeep\n|turn|15\n|inactive|Time left: 300 sec this turn | 300 sec total\n|\n|t:|1783548891\n|move|p1a: Stantler|Body Slam|p2a: Araquanid\n|-damage|p2a: Araquanid|55/100\n|-status|p2a: Araquanid|par\n|cant|p2a: Araquanid|par\n|\n|upkeep\n|turn|16\n|inactive|Time left: 300 sec this turn | 300 sec total\n|\n|t:|1783548892\n|move|p1a: Stantler|Body Slam|p2a: Araquanid\n|-damage|p2a: Araquanid|15/100 par\n|cant|p2a: Araquanid|par\n|\n|upkeep\n|turn|17\n|inactive|Time left: 300 sec this turn | 300 sec total\n|\n|t:|1783548893\n|move|p1a: Stantler|Earthquake|p2a: Araquanid\n|-resisted|p2a: Araquanid\n|-damage|p2a: Araquanid|0 fnt\n|faint|p2a: Araquanid\n|\n|upkeep\n|\n|t:|1783548894\n|switch|p2a: Iron Hands|Iron Hands, L79|22/100\n|turn|18\n|inactive|Time left: 300 sec this turn | 300 sec total\n|\n|t:|1783548895\n|-terastallize|p1a: Stantler|Fairy\n|move|p2a: Iron Hands|Fake Out|p1a: Stantler\n|-damage|p1a: Stantler|164/284\n|cant|p1a: Stantler|flinch\n|\n|upkeep\n|turn|19\n|inactive|Time left: 300 sec this turn | 300 sec total\n|\n|t:|1783548896\n|-terastallize|p2a: Iron Hands|Electric\n|move|p1a: Stantler|Body Slam|p2a: Iron Hands\n|-damage|p2a: Iron Hands|0 fnt\n|faint|p2a: Iron Hands\n|-end|p2a: Iron Hands|Quark Drive|[silent]\n|\n|win|p0x77648bf", "uploadtime": 1783548896, "views": 0, "rating": 0, "private": 0, "password": null, "_winner": "p0x77648bf", "_our_name": "p0x77648bf"}