{"id": "battle-gen9randombattle-215", "formatid": "gen9randombattle", "format": "[Gen 9] Random Battle", "players": ["p0x2157929", "p0y2152bcb"], "log": "|init|battle\n|title|p0x2157929 vs. p0y2152bcb\n|j|\u2606p0x2157929\n|j|\u2606p0y2152bcb\n|t:|1783542061\n|gametype|singles\n|player|p1|p0x2157929|266|\n|player|p2|p0y2152bcb|1|\n|gen|9\n|tier|[Gen 9] Random Battle\n|rule|Species Clause: Limit one of each Pok\u00e9mon\n|rule|HP Percentage Mod: HP is shown in percentages\n|rule|Sleep Clause Mod: Limit one foe put to sleep\n|rule|Illusion Level Mod: Illusion disguises the Pok\u00e9mon's true level\n|\n|t:|1783542061\n|teamsize|p1|6\n|teamsize|p2|6\n|start\n|switch|p1a: Entei|Entei, L78|307/307\n|switch|p2a: Polteageist|Polteageist-Antique, L78|100/100\n|turn|1\n|inactive|Battle timer is ON: inactive players will automatically lose when time's up. (requested by p0x2157929)\n|inactive|p0y2152bcb also wants the timer to be on.\n|\n|t:|1783542063\n|move|p1a: Entei|Flare Blitz|p2a: Polteageist\n|-damage|p2a: Polteageist|0 fnt\n|-start|p1a: Entei|Disable|Flare Blitz|[from] ability: Cursed Body|[of] p2a: Polteageist\n|faint|p2a: Polteageist\n|-damage|p1a: Entei|234/307|[from] Recoil\n|\n|upkeep\n|\n|t:|1783542064\n|switch|p2a: Zapdos|Zapdos-Galar, L77|100/100\n|turn|2\n|inactive|Time left: 300 sec this turn | 300 sec total\n|\n|t:|1783542065\n|switch|p1a: Regirock|Regirock, L83|268/268\n|move|p2a: Zapdos|Close Combat|p1a: Regirock\n|-supereffective|p1a: Regirock\n|-damage|p1a: Regirock|102/268\n|-unboost|p2a: Zapdos|def|1\n|-unboost|p2a: Zapdos|spd|1\n|-damage|p2a: Zapdos|91/100|[from] item: Life Orb\n|\n|upkeep\n|turn|3\n|inactive|Time left: 300 sec this turn | 300 sec total\n|\n|t:|1783542066\n|move|p2a: Zapdos|Close Combat|p1a: Regirock\n|-supereffective|p1a: Regirock\n|-damage|p1a: Regirock|0 fnt\n|-unboost|p2a: Zapdos|def|1\n|-unboost|p2a: Zapdos|spd|1\n|faint|p1a: Regirock\n|-damage|p2a: Zapdos|81/100|[from] item: Life Orb\n|\n|upkeep\n|inactive|Time left: 300 sec this turn | 300 sec total | 5 sec grace\n|\n|t:|1783542067\n|switch|p1a: Entei|Entei, L78|234/307\n|turn|4\n|inactive|Time left: 300 sec this turn | 300 sec total\n|\n|t:|1783542068\n|switch|p2a: Brute Bonnet|Brute Bonnet, L80|100/100\n|move|p1a: Entei|Sacred Fire|p2a: Brute Bonnet\n|-damage|p2a: Brute Bonnet|9/100\n|-status|p2a: Brute Bonnet|brn\n|replace|p2a: Zoroark|Zoroark, L83, M\n|-end|p2a: Zoroark|Illusion\n|-hint|Illusion Level Mod is active, so this Pok\u00e9mon's true level was hidden.\n|\n|-damage|p2a: Zoroark|3/100 brn|[from] brn\n|upkeep\n|turn|5\n|inactive|Time left: 300 sec this turn | 300 sec total\n|\n|t:|1783542069\n|move|p2a: Zoroark|Dark Pulse|p1a: Entei\n|-damage|p1a: Entei|90/307\n|-damage|p2a: Zoroark|0 fnt|[from] item: Life Orb\n|faint|p2a: Zoroark\n|move|p1a: Entei|Sacred Fire|p2: Zoroark|[notarget]\n|-fail|p1a: Entei\n|\n|upkeep\n|\n|t:|1783542070\n|switch|p2a: Sneasler|Sneasler, L74, F|100/100\n|turn|6\n|inactive|Time left: 300 sec this turn | 300 sec total\n|\n|t:|1783542071\n|move|p2a: Sneasler|Close Combat|p1a: Entei\n|-damage|p1a: Entei|0 fnt\n|-unboost|p2a: Sneasler|def|1\n|-unboost|p2a: Sneasler|spd|1\n|faint|p1a: Entei\n|-enditem|p2a: Sneasler|White Herb\n|-clearnegativeboost|p2a: Sneasler|[silent]\n|\n|upkeep\n|inactive|Time left: 300 sec this turn | 300 sec total | 5 sec grace\n|\n|t:|1783542072\n|switch|p1a: Beartic|Beartic, L91, M|321/321\n|turn|7\n|inactive|Time left: 300 sec this turn | 300 sec total\n|\n|t:|1783542073\n|switch|p2a: Forretress|Forretress, L84, M|100/100\n|move|p1a: Beartic|Icicle Crash|p2a: Forretress\n|-resisted|p2a: Forretress\n|-damage|p2a: Forretress|84/100\n|\n|-heal|p2a: Forretress|90/100|[from] item: Leftovers\n|upkeep\n|turn|8\n|inactive|Time left: 300 sec this turn | 300 sec total\n|\n|t:|1783542075\n|move|p1a: Beartic|Swords Dance|p1a: Beartic\n|-boost|p1a: Beartic|atk|2\n|move|p2a: Forretress|Rapid Spin|p1a: Beartic\n|-damage|p1a: Beartic|285/321\n|-boost|p2a: Forretress|spe|1\n|\n|-heal|p2a: Forretress|96/100|[from] item: Leftovers\n|upkeep\n|turn|9\n|inactive|Time left: 300 sec this turn | 300 sec total\n|\n|t:|1783542076\n|-terastallize|p1a: Beartic|Ground\n|move|p2a: Forretress|Iron Head|p1a: Beartic\n|-damage|p1a: Beartic|201/321\n|cant|p1a: Beartic|flinch\n|\n|-heal|p2a: Forretress|100/100|[from] item: Leftovers\n|upkeep\n|turn|10\n|inactive|Time left: 300 sec this turn | 300 sec total\n|\n|t:|1783542077\n|move|p2a: Forretress|Iron Head|p1a: Beartic\n|-damage|p1a: Beartic|120/321\n|move|p1a: Beartic|Earthquake|p2a: Forretress\n|-damage|p2a: Forretress|25/100\n|\n|-heal|p2a: Forretress|31/100|[from] item: Leftovers\n|upkeep\n|turn|11\n|inactive|Time left: 300 sec this turn | 300 sec total\n|\n|t:|1783542078\n|move|p2a: Forretress|Iron Head|p1a: Beartic\n|-damage|p1a: Beartic|44/321\n|move|p1a: Beartic|Icicle Crash|p2a: Forretress|[miss]\n|-miss|p1a: Beartic|p2a: Forretress\n|\n|-heal|p2a: Forretress|37/100|[from] item: Leftovers\n|upkeep\n|turn|12\n|inactive|Time left: 300 sec this turn | 300 sec total\n|\n|t:|1783542079\n|switch|p1a: Minun|Minun, L95, F|268/268\n|move|p2a: Forretress|Iron Head|p1a: Minun\n|-resisted|p1a: Minun\n|-damage|p1a: Minun|220/268\n|\n|-heal|p2a: Forretress|43/100|[from] item: Leftovers\n|upkeep\n|turn|13\n|inactive|Time left: 300 sec this turn | 300 sec total\n|\n|t:|1783542080\n|switch|p2a: Brute Bonnet|Brute Bonnet, L80|100/100\n|move|p1a: Minun|Thunderbolt|p2a: Brute Bonnet\n|-resisted|p2a: Brute Bonnet\n|-damage|p2a: Brute Bonnet|80/100\n|-damage|p1a: Minun|194/268|[from] item: Life Orb\n|\n|-heal|p2a: Brute Bonnet|87/100|[from] item: Leftovers\n|upkeep\n|turn|14\n|inactive|Time left: 300 sec this turn | 300 sec total\n|\n|t:|1783542081\n|switch|p1a: Sylveon|Sylveon, L85, F|300/300\n|move|p2a: Brute Bonnet|Crunch|p1a: Sylveon\n|-resisted|p1a: Sylveon\n|-damage|p1a: Sylveon|242/300\n|-unboost|p1a: Sylveon|def|1\n|\n|-heal|p1a: Sylveon|260/300|[from] item: Leftovers\n|-heal|p2a: Brute Bonnet|93/100|[from] item: Leftovers\n|upkeep\n|turn|15\n|inactive|Time left: 300 sec this turn | 300 sec total\n|\n|t:|1783542082\n|-end|p2a: Brute Bonnet|Protosynthesis|[silent]\n|switch|p2a: Forretress|Forretress, L84, M|43/100\n|move|p1a: Sylveon|Hyper Voice|p2a: Forretress\n|-resisted|p2a: Forretress\n|-damage|p2a: Forretress|10/100\n|\n|-heal|p1a: Sylveon|278/300|[from] item: Leftovers\n|-heal|p2a: Forretress|16/100|[from] item: Leftovers\n|upkeep\n|turn|16\n|inactive|Time left: 300 sec this turn | 300 sec total\n|\n|t:|1783542083\n|move|p1a: Sylveon|Hyper Voice|p2a: Forretress\n|-resisted|p2a: Forretress\n|-damage|p2a: Forretress|0 fnt\n|faint|p2a: Forretress\n|\n|-heal|p1a: Sylveon|296/300|[from] item: Leftovers\n|upkeep\n|\n|t:|1783542084\n|switch|p2a: Sneasler|Sneasler, L74, F|100/100\n|turn|17\n|inactive|Time left: 300 sec this turn | 300 sec total\n|\n|t:|1783542085\n|move|p2a: Sneasler|Dire Claw|p1a: Sylveon\n|-supereffective|p1a: Sylveon\n|-damage|p1a: Sylveon|0 fnt\n|faint|p1a: Sylveon\n|\n|upkeep\n|inactive|Time left: 300 sec this turn | 300 sec total | 5 sec grace\n|\n|t:|1783542086\n|switch|p1a: Greedent|Greedent, L86, M|347/347\n|turn|18\n|inactive|Time left: 300 sec this turn | 300 sec total\n|\n|t:|1783542087\n|move|p2a: Sneasler|Swords Dance|p2a: Sneasler\n|-boost|p2a: Sneasler|atk|2\n|move|p1a: Greedent|Body Slam|p2a: Sneasler\n|-damage|p2a: Sneasler|41/100\n|\n|upkeep\n|turn|19\n|inactive|Time left: 300 sec this turn | 300 sec total\n|\n|t:|1783542087\n|switch|p1a: Beartic|Beartic, L91, M, tera:Ground|44/321\n|move|p2a: Sneasler|Close Combat|p1a: Beartic\n|-damage|p1a: Beartic|0 fnt\n|-unboost|p2a: Sneasler|def|1\n|-unboost|p2a: Sneasler|spd|1\n|faint|p1a: Beartic\n|\n|upkeep\n|inactive|Time left: 300 sec this turn | 300 sec total | 5 sec grace\n|\n|t:|1783542088\n|switch|p1a: Minun|Minun, L95, F|194/268\n|turn|20\n|inactive|Time left: 300 sec this turn | 300 sec total\n|\n|t:|1783542089\n|switch|p2a: Brute Bonnet|Brute Bonnet, L80|93/100\n|move|p1a: Minun|Thunderbolt|p2a: Brute Bonnet\n|-resisted|p2a: Brute Bonnet\n|-damage|p2a: Brute Bonnet|73/100\n|-damage|p1a: Minun|168/268|[from] item: Life Orb\n|\n|-heal|p2a: Brute Bonnet|79/100|[from] item: Leftovers\n|upkeep\n|turn|21\n|inactive|Time left: 300 sec this turn | 300 sec total\n|\n|t:|1783542090\n|switch|p1a: Greedent|Greedent, L86, M|347/347\n|-terastallize|p2a: Brute Bonnet|Fighting\n|move|p2a: Brute Bonnet|Close Combat|p1a: Greedent\n|-supereffective|p1a: Greedent\n|-damage|p1a: Greedent|71/347\n|-unboost|p2a: Brute Bonnet|def|1\n|-unboost|p2a: Brute Bonnet|spd|1\n|-enditem|p1a: Greedent|Sitrus Berry|[eat]\n|-heal|p1a: Greedent|157/347|[from] item: Sitrus Berry\n|-heal|p1a: Greedent|272/347|[from] ability: Cheek Pouch\n|\n|-heal|p2a: Brute Bonnet|85/100|[from] item: Leftovers\n|upkeep\n|turn|22\n|inactive|Time left: 300 sec this turn | 300 sec total\n|\n|t:|1783542091\n|move|p2a: Brute Bonnet|Close Combat|p1a: Greedent\n|-supereffective|p1a: Greedent\n|-damage|p1a: Greedent|2/347\n|-unboost|p2a: Brute Bonnet|def|1\n|-unboost|p2a: Brute Bonnet|spd|1\n|move|p1a: Greedent|Body Slam|p2a: Brute Bonnet\n|-damage|p2a: Brute Bonnet|32/100\n|\n|-heal|p2a: Brute Bonnet|38/100|[from] item: Leftovers\n|upkeep\n|turn|23\n|inactive|Time left: 300 sec this turn | 300 sec total\n|\n|t:|1783542092\n|move|p2a: Brute Bonnet|Crunch|p1a: Greedent\n|-crit|p1a: Greedent\n|-damage|p1a: Greedent|0 fnt\n|faint|p1a: Greedent\n|\n|-heal|p2a: Brute Bonnet|44/100|[from] item: Leftovers\n|upkeep\n|inactive|Time left: 300 sec this turn | 300 sec total | 5 sec grace\n|\n|t:|1783542093\n|switch|p1a: Minun|Minun, L95, F|168/268\n|turn|24\n|inactive|Time left: 300 sec this turn | 300 sec total\n|\n|t:|1783542094\n|-end|p2a: Brute Bonnet|Protosynthesis|[silent]\n|switch|p2a: Sneasler|Sneasler, L74, F|41/100\n|move|p1a: Minun|Nasty Plot|p1a: Minun\n|-boost|p1a: Minun|spa|2\n|\n|upkeep\n|turn|25\n|inactive|Time left: 300 sec this turn | 300 sec total\n|\n|t:|1783542095\n|move|p1a: Minun|Thunderbolt|p2a: Sneasler\n|-damage|p2a: Sneasler|0 fnt\n|faint|p2a: Sneasler\n|-damage|p1a: Minun|142/268|[from] item: Life Orb\n|\n|upkeep\n|\n|t:|1783542096\n|switch|p2a: Brute Bonnet|Brute Bonnet, L80, tera:Fighting|44/100\n|turn|26\n|inactive|Time left: 300 sec this turn | 300 sec total\n|\n|t:|1783542097\n|move|p2a: Brute Bonnet|Sucker Punch||[still]\n|-fail|p2a: Brute Bonnet\n|move|p1a: Minun|Nasty Plot|p1a: Minun\n|-boost|p1a: Minun|spa|2\n|\n|-heal|p2a: Brute Bonnet|50/100|[from] item: Leftovers\n|upkeep\n|turn|27\n|inactive|Time left: 300 sec this turn | 300 sec total\n|\n|t:|1783542098\n|move|p2a: Brute Bonnet|Sucker Punch||[still]\n|-fail|p2a: Brute Bonnet\n|move|p1a: Minun|Encore|p2a: Brute Bonnet\n|-start|p2a: Brute Bonnet|Encore\n|\n|-heal|p2a: Brute Bonnet|56/100|[from] item: Leftovers\n|upkeep\n|turn|28\n|inactive|Time left: 300 sec this turn | 300 sec total\n|\n|t:|1783542099\n|move|p2a: Brute Bonnet|Sucker Punch||[still]\n|-fail|p2a: Brute Bonnet\n|move|p1a: Minun|Encore||[still]\n|-fail|p1a: Minun\n|\n|-heal|p2a: Brute Bonnet|63/100|[from] item: Leftovers\n|upkeep\n|turn|29\n|inactive|Time left: 300 sec this turn | 300 sec total\n|\n|t:|1783542100\n|move|p2a: Brute Bonnet|Sucker Punch||[still]\n|-fail|p2a: Brute Bonnet\n|move|p1a: Minun|Nasty Plot|p1a: Minun\n|-boost|p1a: Minun|spa|2\n|\n|-heal|p2a: Brute Bonnet|69/100|[from] item: Leftovers\n|upkeep\n|turn|30\n|inactive|Time left: 300 sec this turn | 300 sec total\n|\n|t:|1783542101\n|move|p2a: Brute Bonnet|Sucker Punch||[still]\n|-fail|p2a: Brute Bonnet\n|move|p1a: Minun|Nasty Plot|p1a: Minun\n|-boost|p1a: Minun|spa|0\n|\n|-heal|p2a: Brute Bonnet|75/100|[from] item: Leftovers\n|-end|p2a: Brute Bonnet|Encore\n|upkeep\n|turn|31\n|inactive|Time left: 300 sec this turn | 300 sec total\n|\n|t:|1783542102\n|move|p2a: Brute Bonnet|Sucker Punch||[still]\n|-fail|p2a: Brute Bonnet\n|move|p1a: Minun|Encore|p2a: Brute Bonnet\n|-start|p2a: Brute Bonnet|Encore\n|\n|-heal|p2a: Brute Bonnet|81/100|[from] item: Leftovers\n|upkeep\n|turn|32\n|inactive|Time left: 300 sec this turn | 300 sec total\n|\n|t:|1783542103\n|move|p2a: Brute Bonnet|Sucker Punch||[still]\n|-fail|p2a: Brute Bonnet\n|move|p1a: Minun|Encore||[still]\n|-fail|p1a: Minun\n|\n|-heal|p2a: Brute Bonnet|87/100|[from] item: Leftovers\n|upkeep\n|turn|33\n|inactive|Time left: 300 sec this turn | 300 sec total\n|\n|t:|1783542104\n|move|p2a: Brute Bonnet|Sucker Punch||[still]\n|-fail|p2a: Brute Bonnet\n|move|p1a: Minun|Nasty Plot|p1a: Minun\n|-boost|p1a: Minun|spa|0\n|\n|-heal|p2a: Brute Bonnet|93/100|[from] item: Leftovers\n|-end|p2a: Brute Bonnet|Encore\n|upkeep\n|turn|34\n|inactive|Time left: 300 sec this turn | 300 sec total\n|\n|t:|1783542105\n|move|p1a: Minun|Thunderbolt|p2a: Brute Bonnet\n|-damage|p2a: Brute Bonnet|0 fnt\n|faint|p2a: Brute Bonnet\n|-end|p2a: Brute Bonnet|Protosynthesis|[silent]\n|-damage|p1a: Minun|116/268|[from] item: Life Orb\n|\n|upkeep\n|\n|t:|1783542106\n|switch|p2a: Zapdos|Zapdos-Galar, L77|81/100\n|turn|35\n|inactive|Time left: 300 sec this turn | 300 sec total\n|\n|t:|1783542106\n|move|p1a: Minun|Thunderbolt|p2a: Zapdos\n|-supereffective|p2a: Zapdos\n|-damage|p2a: Zapdos|0 fnt\n|faint|p2a: Zapdos\n|-damage|p1a: Minun|90/268|[from] item: Life Orb\n|\n|win|p0x2157929", "uploadtime": 1783542106, "views": 0, "rating": 0, "private": 0, "password": null, "_winner": "p0x2157929", "_our_name": "p0x2157929"}