{"id": "battle-gen9randombattle-1900", "formatid": "gen9randombattle", "format": "[Gen 9] Random Battle", "players": ["p0x19009afc", "p0y1900f7c5"], "log": "|init|battle\n|title|p0x19009afc vs. p0y1900f7c5\n|j|\u2606p0x19009afc\n|j|\u2606p0y1900f7c5\n|t:|1783561978\n|gametype|singles\n|player|p1|p0x19009afc|170|\n|player|p2|p0y1900f7c5|2|\n|gen|9\n|tier|[Gen 9] Random Battle\n|rule|Species Clause: Limit one of each Pok\u00e9mon\n|rule|HP Percentage Mod: HP is shown in percentages\n|rule|Sleep Clause Mod: Limit one foe put to sleep\n|rule|Illusion Level Mod: Illusion disguises the Pok\u00e9mon's true level\n|\n|t:|1783561978\n|teamsize|p1|6\n|teamsize|p2|6\n|start\n|switch|p1a: Tornadus|Tornadus, L82, M|263/263\n|switch|p2a: Gothitelle|Gothitelle, L90, F|100/100\n|turn|1\n|inactive|Battle timer is ON: inactive players will automatically lose when time's up. (requested by p0y1900f7c5)\n|inactive|Time left: 300 sec this turn | 300 sec total | 60 sec grace\n|inactive|p0x19009afc also wants the timer to be on.\n|\n|t:|1783561979\n|move|p1a: Tornadus|Bleakwind Storm|p2a: Gothitelle\n|-damage|p2a: Gothitelle|49/100\n|move|p2a: Gothitelle|Thunderbolt|p1a: Tornadus\n|-supereffective|p1a: Tornadus\n|-damage|p1a: Tornadus|103/263\n|\n|-heal|p2a: Gothitelle|55/100|[from] item: Leftovers\n|upkeep\n|turn|2\n|inactive|Time left: 300 sec this turn | 300 sec total\n|\n|t:|1783561980\n|move|p1a: Tornadus|Bleakwind Storm|p2a: Gothitelle\n|-damage|p2a: Gothitelle|5/100\n|move|p2a: Gothitelle|Thunderbolt|p1a: Tornadus\n|-supereffective|p1a: Tornadus\n|-damage|p1a: Tornadus|0 fnt\n|faint|p1a: Tornadus\n|\n|-heal|p2a: Gothitelle|11/100|[from] item: Leftovers\n|upkeep\n|inactive|Time left: 300 sec this turn | 300 sec total | 5 sec grace\n|\n|t:|1783561981\n|switch|p1a: Sandy Shocks|Sandy Shocks, L80|267/267\n|turn|3\n|inactive|Time left: 300 sec this turn | 300 sec total\n|\n|t:|1783561982\n|switch|p2a: Froslass|Froslass, L87, F|100/100\n|move|p1a: Sandy Shocks|Earth Power|p2a: Froslass\n|-damage|p2a: Froslass|53/100\n|\n|upkeep\n|turn|4\n|inactive|Time left: 300 sec this turn | 300 sec total\n|\n|t:|1783561983\n|move|p2a: Froslass|Triple Axel|p1a: Sandy Shocks\n|-supereffective|p1a: Sandy Shocks\n|-damage|p1a: Sandy Shocks|231/267\n|-supereffective|p1a: Sandy Shocks\n|-damage|p1a: Sandy Shocks|159/267\n|-supereffective|p1a: Sandy Shocks\n|-damage|p1a: Sandy Shocks|39/267\n|-hitcount|p1a: Sandy Shocks|3\n|move|p1a: Sandy Shocks|Thunderbolt|p2a: Froslass\n|-damage|p2a: Froslass|10/100\n|\n|-heal|p1a: Sandy Shocks|55/267|[from] item: Leftovers\n|upkeep\n|turn|5\n|inactive|Time left: 300 sec this turn | 300 sec total\n|\n|t:|1783561984\n|-end|p1a: Sandy Shocks|Protosynthesis|[silent]\n|switch|p1a: Primarina|Primarina, L83, F|268/268\n|move|p2a: Froslass|Poltergeist|p1a: Primarina\n|-activate|p1a: Primarina|move: Poltergeist|Leftovers\n|-damage|p1a: Primarina|144/268\n|\n|-heal|p1a: Primarina|160/268|[from] item: Leftovers\n|upkeep\n|turn|6\n|inactive|Time left: 300 sec this turn | 300 sec total\n|\n|t:|1783561986\n|move|p2a: Froslass|Destiny Bond|p2a: Froslass\n|-singlemove|p2a: Froslass|Destiny Bond\n|move|p1a: Primarina|Calm Mind|p1a: Primarina\n|-boost|p1a: Primarina|spa|1\n|-boost|p1a: Primarina|spd|1\n|\n|-heal|p1a: Primarina|176/268|[from] item: Leftovers\n|upkeep\n|turn|7\n|inactive|Time left: 300 sec this turn | 300 sec total\n|\n|t:|1783561987\n|move|p2a: Froslass|Poltergeist|p1a: Primarina\n|-activate|p1a: Primarina|move: Poltergeist|Leftovers\n|-damage|p1a: Primarina|55/268\n|move|p1a: Primarina|Draining Kiss|p2a: Froslass\n|-crit|p2a: Froslass\n|-damage|p2a: Froslass|0 fnt\n|-heal|p1a: Primarina|74/268|[from] drain|[of] p2a: Froslass\n|-start|p1a: Primarina|Disable|Draining Kiss|[from] ability: Cursed Body|[of] p2a: Froslass\n|faint|p2a: Froslass\n|\n|-heal|p1a: Primarina|90/268|[from] item: Leftovers\n|upkeep\n|\n|t:|1783561988\n|switch|p2a: Bisharp|Bisharp, L79, F|100/100\n|turn|8\n|inactive|Time left: 300 sec this turn | 300 sec total\n|\n|t:|1783561989\n|move|p2a: Bisharp|Iron Head|p1a: Primarina\n|-damage|p1a: Primarina|0 fnt\n|faint|p1a: Primarina\n|\n|upkeep\n|inactive|Time left: 300 sec this turn | 300 sec total | 5 sec grace\n|\n|t:|1783561990\n|switch|p1a: Registeel|Registeel, L81|262/262\n|turn|9\n|inactive|Time left: 300 sec this turn | 300 sec total\n|\n|t:|1783561991\n|switch|p2a: Arcanine|Arcanine, L84, M|100/100\n|-ability|p2a: Arcanine|Intimidate|boost\n|-fail|p1a: Registeel|unboost|[from] ability: Clear Body|[of] p1a: Registeel\n|move|p1a: Registeel|Iron Defense|p1a: Registeel\n|-boost|p1a: Registeel|def|2\n|\n|upkeep\n|turn|10\n|inactive|Time left: 300 sec this turn | 300 sec total\n|\n|t:|1783561992\n|move|p2a: Arcanine|Flare Blitz|p1a: Registeel\n|-supereffective|p1a: Registeel\n|-damage|p1a: Registeel|176/262\n|-damage|p2a: Arcanine|91/100|[from] Recoil\n|move|p1a: Registeel|Body Press|p2a: Arcanine\n|-damage|p2a: Arcanine|35/100\n|\n|upkeep\n|turn|11\n|inactive|Time left: 300 sec this turn | 300 sec total\n|\n|t:|1783561993\n|move|p2a: Arcanine|Morning Sun|p2a: Arcanine\n|-heal|p2a: Arcanine|85/100\n|move|p1a: Registeel|Body Press|p2a: Arcanine\n|-damage|p2a: Arcanine|30/100\n|\n|upkeep\n|turn|12\n|inactive|Time left: 300 sec this turn | 300 sec total\n|\n|t:|1783561994\n|move|p2a: Arcanine|Morning Sun|p2a: Arcanine\n|-heal|p2a: Arcanine|80/100\n|move|p1a: Registeel|Body Press|p2a: Arcanine\n|-damage|p2a: Arcanine|20/100\n|\n|upkeep\n|turn|13\n|inactive|Time left: 300 sec this turn | 300 sec total\n|\n|t:|1783561995\n|move|p2a: Arcanine|Morning Sun|p2a: Arcanine\n|-heal|p2a: Arcanine|70/100\n|move|p1a: Registeel|Body Press|p2a: Arcanine\n|-crit|p2a: Arcanine\n|-damage|p2a: Arcanine|0 fnt\n|faint|p2a: Arcanine\n|\n|upkeep\n|\n|t:|1783561996\n|switch|p2a: Sneasler|Sneasler, L74, M|100/100\n|turn|14\n|inactive|Time left: 300 sec this turn | 300 sec total\n|\n|t:|1783561997\n|move|p2a: Sneasler|Swords Dance|p2a: Sneasler\n|-boost|p2a: Sneasler|atk|2\n|move|p1a: Registeel|Body Press|p2a: Sneasler\n|-resisted|p2a: Sneasler\n|-damage|p2a: Sneasler|55/100\n|\n|upkeep\n|turn|15\n|inactive|Time left: 300 sec this turn | 300 sec total\n|\n|t:|1783561998\n|-terastallize|p1a: Registeel|Fighting\n|move|p2a: Sneasler|Close Combat|p1a: Registeel\n|-damage|p1a: Registeel|91/262\n|-unboost|p2a: Sneasler|def|1\n|-unboost|p2a: Sneasler|spd|1\n|-enditem|p2a: Sneasler|White Herb\n|-clearnegativeboost|p2a: Sneasler|[silent]\n|move|p1a: Registeel|Body Press|p2a: Sneasler\n|-resisted|p2a: Sneasler\n|-damage|p2a: Sneasler|0 fnt\n|faint|p2a: Sneasler\n|\n|upkeep\n|\n|t:|1783561999\n|switch|p2a: Scyther|Scyther, L82, F|100/100\n|turn|16\n|inactive|Time left: 300 sec this turn | 300 sec total\n|\n|t:|1783562000\n|switch|p1a: Klefki|Klefki, L84, F|233/233\n|move|p2a: Scyther|Dual Wingbeat|p1a: Klefki\n|-resisted|p1a: Klefki\n|-damage|p1a: Klefki|200/233\n|-resisted|p1a: Klefki\n|-damage|p1a: Klefki|165/233\n|-hitcount|p1a: Klefki|2\n|\n|-heal|p1a: Klefki|179/233|[from] item: Leftovers\n|upkeep\n|turn|17\n|inactive|Time left: 300 sec this turn | 300 sec total\n|\n|t:|1783562001\n|switch|p2a: Bisharp|Bisharp, L79, F|100/100\n|move|p1a: Klefki|Dazzling Gleam|p2a: Bisharp\n|-damage|p2a: Bisharp|76/100\n|\n|-heal|p1a: Klefki|193/233|[from] item: Leftovers\n|upkeep\n|turn|18\n|inactive|Time left: 300 sec this turn | 300 sec total\n|\n|t:|1783562002\n|move|p1a: Klefki|Dazzling Gleam|p2a: Bisharp\n|-damage|p2a: Bisharp|48/100\n|move|p2a: Bisharp|Iron Head|p1a: Klefki\n|-damage|p1a: Klefki|102/233\n|\n|-heal|p1a: Klefki|116/233|[from] item: Leftovers\n|upkeep\n|turn|19\n|inactive|Time left: 300 sec this turn | 300 sec total\n|\n|t:|1783562003\n|move|p1a: Klefki|Dazzling Gleam|p2a: Bisharp\n|-damage|p2a: Bisharp|22/100\n|move|p2a: Bisharp|Iron Head|p1a: Klefki\n|-damage|p1a: Klefki|26/233\n|\n|-heal|p1a: Klefki|40/233|[from] item: Leftovers\n|upkeep\n|turn|20\n|inactive|Time left: 300 sec this turn | 300 sec total\n|\n|t:|1783562003\n|switch|p2a: Scyther|Scyther, L82, F|100/100\n|move|p1a: Klefki|Dazzling Gleam|p2a: Scyther\n|-damage|p2a: Scyther|69/100\n|\n|-heal|p1a: Klefki|54/233|[from] item: Leftovers\n|upkeep\n|turn|21\n|inactive|Time left: 300 sec this turn | 300 sec total\n|\n|t:|1783562004\n|move|p1a: Klefki|Thunder Wave|p2a: Scyther|[miss]\n|-miss|p1a: Klefki|p2a: Scyther\n|move|p2a: Scyther|Dual Wingbeat|p1a: Klefki\n|-resisted|p1a: Klefki\n|-damage|p1a: Klefki|24/233\n|-resisted|p1a: Klefki\n|-damage|p1a: Klefki|0 fnt\n|faint|p1a: Klefki\n|-hitcount|p1: Klefki|2\n|\n|upkeep\n|inactive|Time left: 300 sec this turn | 300 sec total | 5 sec grace\n|\n|t:|1783562005\n|switch|p1a: Chien-Pao|Chien-Pao, L72|234/234\n|-ability|p1a: Chien-Pao|Sword of Ruin\n|turn|22\n|inactive|Time left: 300 sec this turn | 300 sec total\n|\n|t:|1783562006\n|-terastallize|p2a: Scyther|Fighting\n|move|p1a: Chien-Pao|Icicle Crash|p2a: Scyther\n|-damage|p2a: Scyther|24/100\n|move|p2a: Scyther|Close Combat|p1a: Chien-Pao\n|-supereffective|p1a: Chien-Pao\n|-damage|p1a: Chien-Pao|0 fnt\n|-unboost|p2a: Scyther|def|1\n|-unboost|p2a: Scyther|spd|1\n|faint|p1a: Chien-Pao\n|\n|upkeep\n|inactive|Time left: 300 sec this turn | 300 sec total | 5 sec grace\n|\n|t:|1783562007\n|switch|p1a: Registeel|Registeel, L81, tera:Fighting|91/262\n|turn|23\n|inactive|Time left: 300 sec this turn | 300 sec total\n|\n|t:|1783562008\n|move|p2a: Scyther|Dual Wingbeat|p1a: Registeel\n|-supereffective|p1a: Registeel\n|-damage|p1a: Registeel|0 fnt\n|faint|p1a: Registeel\n|-hitcount|p1: Registeel|1\n|\n|upkeep\n|inactive|Time left: 300 sec this turn | 300 sec total | 5 sec grace\n|\n|t:|1783562008\n|switch|p1a: Sandy Shocks|Sandy Shocks, L80|55/267\n|turn|24\n|inactive|Time left: 300 sec this turn | 300 sec total\n|\n|t:|1783562009\n|move|p2a: Scyther|Close Combat|p1a: Sandy Shocks\n|-damage|p1a: Sandy Shocks|0 fnt\n|-unboost|p2a: Scyther|def|1\n|-unboost|p2a: Scyther|spd|1\n|faint|p1a: Sandy Shocks\n|-end|p1a: Sandy Shocks|Protosynthesis|[silent]\n|\n|win|p0y1900f7c5", "uploadtime": 1783562009, "views": 0, "rating": 0, "private": 0, "password": null, "_winner": "p0y1900f7c5", "_our_name": "p0x19009afc"}