{"id": "battle-gen9randombattle-2014", "formatid": "gen9randombattle", "format": "[Gen 9] Random Battle", "players": ["p0x20142772", "p0y2014713f"], "log": "|init|battle\n|title|p0x20142772 vs. p0y2014713f\n|j|\u2606p0x20142772\n|j|\u2606p0y2014713f\n|t:|1783563317\n|gametype|singles\n|player|p1|p0x20142772|266|\n|player|p2|p0y2014713f|169|\n|gen|9\n|tier|[Gen 9] Random Battle\n|rule|Species Clause: Limit one of each Pok\u00e9mon\n|rule|HP Percentage Mod: HP is shown in percentages\n|rule|Sleep Clause Mod: Limit one foe put to sleep\n|rule|Illusion Level Mod: Illusion disguises the Pok\u00e9mon's true level\n|\n|t:|1783563317\n|teamsize|p1|6\n|teamsize|p2|6\n|start\n|switch|p1a: Hoopa|Hoopa-Unbound, L80|100/100\n|switch|p2a: Hydreigon|Hydreigon, L79, M|275/275\n|turn|1\n|inactive|Battle timer is ON: inactive players will automatically lose when time's up. (requested by p0x20142772)\n|inactive|Time left: 300 sec this turn | 300 sec total | 60 sec grace\n|inactive|p0y2014713f also wants the timer to be on.\n|\n|t:|1783563319\n|move|p2a: Hydreigon|U-turn|p1a: Hoopa\n|-supereffective|p1a: Hoopa\n|-damage|p1a: Hoopa|6/100\n|inactive|Time left: 300 sec this turn | 300 sec total | 65 sec grace\n|\n|t:|1783563320\n|switch|p2a: Zacian|Zacian-Crowned, L64|225/225|[from] U-turn\n|-ability|p2a: Zacian|Intrepid Sword|boost\n|-boost|p2a: Zacian|atk|1\n|move|p1a: Hoopa|Drain Punch|p2a: Zacian\n|-damage|p2a: Zacian|112/225\n|-heal|p1a: Hoopa|28/100|[from] drain|[of] p2a: Zacian\n|\n|upkeep\n|turn|2\n|inactive|Time left: 300 sec this turn | 300 sec total\n|\n|t:|1783563322\n|move|p2a: Zacian|Play Rough|p1a: Hoopa\n|-supereffective|p1a: Hoopa\n|-damage|p1a: Hoopa|0 fnt\n|faint|p1a: Hoopa\n|\n|upkeep\n|\n|t:|1783563323\n|switch|p1a: Coalossal|Coalossal, L89, F|100/100\n|turn|3\n|inactive|Time left: 300 sec this turn | 300 sec total\n|\n|t:|1783563324\n|move|p2a: Zacian|Swords Dance|p2a: Zacian\n|-boost|p2a: Zacian|atk|2\n|move|p1a: Coalossal|Stealth Rock|p2a: Zacian\n|-sidestart|p2: p0y2014713f|move: Stealth Rock\n|\n|upkeep\n|turn|4\n|inactive|Time left: 300 sec this turn | 300 sec total\n|\n|t:|1783563325\n|switch|p1a: Dondozo|Dondozo, L78, F|100/100\n|move|p2a: Zacian|Close Combat|p1a: Dondozo\n|-damage|p1a: Dondozo|84/100\n|-unboost|p2a: Zacian|def|1\n|-unboost|p2a: Zacian|spd|1\n|\n|-heal|p1a: Dondozo|90/100|[from] item: Leftovers\n|upkeep\n|turn|5\n|inactive|Time left: 300 sec this turn | 300 sec total\n|\n|t:|1783563326\n|switch|p2a: Zekrom|Zekrom, L71|259/259\n|-damage|p2a: Zekrom|227/259|[from] Stealth Rock\n|-ability|p2a: Zekrom|Teravolt\n|move|p1a: Dondozo|Wave Crash|p2a: Zekrom\n|-resisted|p2a: Zekrom\n|-damage|p2a: Zekrom|173/259\n|-damage|p1a: Dondozo|85/100|[from] Recoil\n|\n|-heal|p2a: Zekrom|189/259|[from] item: Leftovers\n|-heal|p1a: Dondozo|91/100|[from] item: Leftovers\n|upkeep\n|turn|6\n|inactive|Time left: 300 sec this turn | 300 sec total\n|\n|t:|1783563327\n|move|p2a: Zekrom|Dragon Dance|p2a: Zekrom\n|-boost|p2a: Zekrom|atk|1\n|-boost|p2a: Zekrom|spe|1\n|move|p1a: Dondozo|Curse|p1a: Dondozo\n|-unboost|p1a: Dondozo|spe|1\n|-boost|p1a: Dondozo|atk|1\n|-boost|p1a: Dondozo|def|1\n|\n|-heal|p2a: Zekrom|205/259|[from] item: Leftovers\n|-heal|p1a: Dondozo|97/100|[from] item: Leftovers\n|upkeep\n|turn|7\n|inactive|Time left: 300 sec this turn | 300 sec total\n|\n|t:|1783563328\n|move|p2a: Zekrom|Dragon Dance|p2a: Zekrom\n|-boost|p2a: Zekrom|atk|1\n|-boost|p2a: Zekrom|spe|1\n|move|p1a: Dondozo|Wave Crash|p2a: Zekrom\n|-resisted|p2a: Zekrom\n|-damage|p2a: Zekrom|121/259\n|-damage|p1a: Dondozo|89/100|[from] Recoil\n|\n|-heal|p2a: Zekrom|137/259|[from] item: Leftovers\n|-heal|p1a: Dondozo|95/100|[from] item: Leftovers\n|upkeep\n|turn|8\n|inactive|Time left: 300 sec this turn | 300 sec total\n|\n|t:|1783563329\n|move|p2a: Zekrom|Bolt Strike|p1a: Dondozo\n|-supereffective|p1a: Dondozo\n|-damage|p1a: Dondozo|9/100\n|move|p1a: Dondozo|Wave Crash|p2a: Zekrom\n|-resisted|p2a: Zekrom\n|-damage|p2a: Zekrom|58/259\n|-damage|p1a: Dondozo|1/100|[from] Recoil\n|\n|-heal|p2a: Zekrom|74/259|[from] item: Leftovers\n|-heal|p1a: Dondozo|7/100|[from] item: Leftovers\n|upkeep\n|turn|9\n|inactive|Time left: 300 sec this turn | 300 sec total\n|\n|t:|1783563330\n|-terastallize|p1a: Dondozo|Fairy\n|move|p2a: Zekrom|Bolt Strike|p1a: Dondozo\n|-damage|p1a: Dondozo|0 fnt\n|faint|p1a: Dondozo\n|\n|-heal|p2a: Zekrom|90/259|[from] item: Leftovers\n|upkeep\n|\n|t:|1783563331\n|switch|p1a: Chesnaught|Chesnaught, L84, M|100/100\n|turn|10\n|inactive|Time left: 300 sec this turn | 300 sec total\n|\n|t:|1783563332\n|move|p2a: Zekrom|Outrage|p1a: Chesnaught\n|-damage|p1a: Chesnaught|33/100\n|move|p1a: Chesnaught|Body Press|p2a: Zekrom\n|-damage|p2a: Zekrom|3/259\n|\n|-heal|p2a: Zekrom|19/259|[from] item: Leftovers\n|-heal|p1a: Chesnaught|39/100|[from] item: Leftovers\n|upkeep\n|turn|11\n|inactive|Time left: 300 sec this turn | 300 sec total\n|\n|t:|1783563333\n|switch|p1a: Coalossal|Coalossal, L89, F|100/100\n|move|p2a: Zekrom|Outrage|p1a: Coalossal|[from] lockedmove\n|-damage|p1a: Coalossal|48/100\n|-start|p2a: Zekrom|confusion|[fatigue]\n|\n|-heal|p2a: Zekrom|35/259|[from] item: Leftovers\n|upkeep\n|turn|12\n|inactive|Time left: 300 sec this turn | 300 sec total\n|\n|t:|1783563334\n|-activate|p2a: Zekrom|confusion\n|move|p2a: Zekrom|Outrage|p1a: Coalossal\n|-damage|p1a: Coalossal|0 fnt\n|faint|p1a: Coalossal\n|\n|-heal|p2a: Zekrom|51/259|[from] item: Leftovers\n|upkeep\n|\n|t:|1783563335\n|switch|p1a: Pyroar|Pyroar, L88, M|100/100\n|-ability|p1a: Pyroar|Unnerve\n|turn|13\n|inactive|Time left: 300 sec this turn | 300 sec total\n|\n|t:|1783563336\n|-activate|p2a: Zekrom|confusion\n|move|p2a: Zekrom|Outrage|p1a: Pyroar|[from] lockedmove\n|-damage|p1a: Pyroar|0 fnt\n|faint|p1a: Pyroar\n|\n|-heal|p2a: Zekrom|67/259|[from] item: Leftovers\n|upkeep\n|\n|t:|1783563337\n|switch|p1a: Chesnaught|Chesnaught, L84, M|39/100\n|turn|14\n|inactive|Time left: 300 sec this turn | 300 sec total\n|\n|t:|1783563338\n|-activate|p2a: Zekrom|confusion\n|move|p2a: Zekrom|Outrage|p1a: Chesnaught|[from] lockedmove\n|-damage|p1a: Chesnaught|0 fnt\n|faint|p1a: Chesnaught\n|\n|-heal|p2a: Zekrom|83/259|[from] item: Leftovers\n|upkeep\n|\n|t:|1783563339\n|switch|p1a: Tentacruel|Tentacruel, L84, F|100/100\n|turn|15\n|inactive|Time left: 300 sec this turn | 300 sec total\n|\n|t:|1783563340\n|-terastallize|p2a: Zekrom|Steel\n|-end|p2a: Zekrom|confusion\n|move|p2a: Zekrom|Outrage|p1a: Tentacruel\n|-damage|p1a: Tentacruel|0 fnt\n|faint|p1a: Tentacruel\n|\n|win|p0y2014713f", "uploadtime": 1783563340, "views": 0, "rating": 0, "private": 0, "password": null, "_winner": "p0y2014713f", "_our_name": "p0y2014713f"}