{"id": "battle-gen9randombattle-516", "formatid": "gen9randombattle", "format": "[Gen 9] Random Battle", "players": ["p0x516878f", "p0y516d42c"], "log": "|init|battle\n|title|p0x516878f vs. p0y516d42c\n|j|\u2606p0x516878f\n|j|\u2606p0y516d42c\n|t:|1783545040\n|gametype|singles\n|player|p1|p0x516878f|2|\n|player|p2|p0y516d42c|170|\n|gen|9\n|tier|[Gen 9] Random Battle\n|rule|Species Clause: Limit one of each Pok\u00e9mon\n|rule|HP Percentage Mod: HP is shown in percentages\n|rule|Sleep Clause Mod: Limit one foe put to sleep\n|rule|Illusion Level Mod: Illusion disguises the Pok\u00e9mon's true level\n|\n|t:|1783545040\n|teamsize|p1|6\n|teamsize|p2|6\n|start\n|switch|p1a: Gurdurr|Gurdurr, L85, F|283/283\n|switch|p2a: Hoopa|Hoopa, L85|100/100\n|turn|1\n|inactive|Battle timer is ON: inactive players will automatically lose when time's up. (requested by p0y516d42c)\n|inactive|Time left: 300 sec this turn | 300 sec total | 60 sec grace\n|inactive|p0x516878f also wants the timer to be on.\n|\n|t:|1783545041\n|move|p2a: Hoopa|Psychic|p1a: Gurdurr\n|-supereffective|p1a: Gurdurr\n|-damage|p1a: Gurdurr|7/283\n|move|p1a: Gurdurr|Knock Off|p2a: Hoopa\n|-supereffective|p2a: Hoopa\n|-damage|p2a: Hoopa|0 fnt\n|-enditem|p2a: Hoopa|Choice Scarf|[from] move: Knock Off|[of] p1a: Gurdurr\n|faint|p2a: Hoopa\n|\n|upkeep\n|\n|t:|1783545042\n|switch|p2a: Toxicroak|Toxicroak, L84, F|100/100\n|turn|2\n|inactive|Time left: 300 sec this turn | 300 sec total\n|\n|t:|1783545043\n|switch|p1a: Spiritomb|Spiritomb, L89, M|234/234\n|move|p2a: Toxicroak|Knock Off|p1a: Spiritomb\n|-damage|p1a: Spiritomb|138/234\n|-enditem|p1a: Spiritomb|Leftovers|[from] move: Knock Off|[of] p2a: Toxicroak\n|\n|upkeep\n|turn|3\n|inactive|Time left: 300 sec this turn | 300 sec total\n|\n|t:|1783545044\n|move|p2a: Toxicroak|Knock Off|p1a: Spiritomb\n|-crit|p1a: Spiritomb\n|-damage|p1a: Spiritomb|51/234\n|move|p1a: Spiritomb|Pain Split|p2a: Toxicroak\n|-sethp|p2a: Toxicroak|60/100|[from] move: Pain Split|[silent]\n|-sethp|p1a: Spiritomb|164/234|[from] move: Pain Split\n|\n|upkeep\n|turn|4\n|inactive|Time left: 300 sec this turn | 300 sec total\n|\n|t:|1783545044\n|move|p2a: Toxicroak|Knock Off|p1a: Spiritomb\n|-damage|p1a: Spiritomb|107/234\n|move|p1a: Spiritomb|Pain Split|p2a: Toxicroak\n|-sethp|p2a: Toxicroak|49/100|[from] move: Pain Split|[silent]\n|-sethp|p1a: Spiritomb|135/234|[from] move: Pain Split\n|\n|upkeep\n|turn|5\n|inactive|Time left: 300 sec this turn | 300 sec total\n|\n|t:|1783545045\n|move|p2a: Toxicroak|Knock Off|p1a: Spiritomb\n|-damage|p1a: Spiritomb|75/234\n|move|p1a: Spiritomb|Will-O-Wisp|p2a: Toxicroak\n|-status|p2a: Toxicroak|brn\n|\n|-damage|p2a: Toxicroak|43/100 brn|[from] brn\n|upkeep\n|turn|6\n|inactive|Time left: 300 sec this turn | 300 sec total\n|\n|t:|1783545046\n|move|p2a: Toxicroak|Knock Off|p1a: Spiritomb\n|-damage|p1a: Spiritomb|47/234\n|move|p1a: Spiritomb|Pain Split|p2a: Toxicroak\n|-sethp|p2a: Toxicroak|30/100 brn|[from] move: Pain Split|[silent]\n|-sethp|p1a: Spiritomb|82/234|[from] move: Pain Split\n|\n|-damage|p2a: Toxicroak|24/100 brn|[from] brn\n|upkeep\n|turn|7\n|inactive|Time left: 300 sec this turn | 300 sec total\n|\n|t:|1783545047\n|move|p2a: Toxicroak|Knock Off|p1a: Spiritomb\n|-damage|p1a: Spiritomb|52/234\n|move|p1a: Spiritomb|Pain Split|p2a: Toxicroak\n|-sethp|p2a: Toxicroak|21/100 brn|[from] move: Pain Split|[silent]\n|-sethp|p1a: Spiritomb|58/234|[from] move: Pain Split\n|\n|-damage|p2a: Toxicroak|15/100 brn|[from] brn\n|upkeep\n|turn|8\n|inactive|Time left: 300 sec this turn | 300 sec total\n|\n|t:|1783545049\n|move|p2a: Toxicroak|Knock Off|p1a: Spiritomb\n|-damage|p1a: Spiritomb|26/234\n|move|p1a: Spiritomb|Pain Split|p2a: Toxicroak\n|-sethp|p2a: Toxicroak|12/100 brn|[from] move: Pain Split|[silent]\n|-sethp|p1a: Spiritomb|33/234|[from] move: Pain Split\n|\n|-damage|p2a: Toxicroak|6/100 brn|[from] brn\n|upkeep\n|turn|9\n|inactive|Time left: 300 sec this turn | 300 sec total\n|\n|t:|1783545050\n|move|p2a: Toxicroak|Knock Off|p1a: Spiritomb\n|-damage|p1a: Spiritomb|6/234\n|move|p1a: Spiritomb|Pain Split|p2a: Toxicroak\n|-sethp|p2a: Toxicroak|4/100 brn|[from] move: Pain Split|[silent]\n|-sethp|p1a: Spiritomb|11/234|[from] move: Pain Split\n|\n|-damage|p2a: Toxicroak|0 fnt|[from] brn\n|faint|p2a: Toxicroak\n|upkeep\n|\n|t:|1783545051\n|switch|p2a: Skeledirge|Skeledirge, L79, M|100/100\n|turn|10\n|inactive|Time left: 300 sec this turn | 300 sec total\n|\n|t:|1783545052\n|switch|p1a: Pyroar|Pyroar, L88, M|295/295\n|-ability|p1a: Pyroar|Unnerve\n|move|p2a: Skeledirge|Torch Song|p1a: Pyroar\n|-resisted|p1a: Pyroar\n|-damage|p1a: Pyroar|250/295\n|-boost|p2a: Skeledirge|spa|1\n|\n|upkeep\n|turn|11\n|inactive|Time left: 300 sec this turn | 300 sec total\n|\n|t:|1783545053\n|move|p1a: Pyroar|Dark Pulse|p2a: Skeledirge\n|-supereffective|p2a: Skeledirge\n|-damage|p2a: Skeledirge|41/100\n|move|p2a: Skeledirge|Torch Song|p1a: Pyroar\n|-resisted|p1a: Pyroar\n|-damage|p1a: Pyroar|183/295\n|-boost|p2a: Skeledirge|spa|1\n|\n|upkeep\n|turn|12\n|inactive|Time left: 300 sec this turn | 300 sec total\n|\n|t:|1783545054\n|move|p1a: Pyroar|Dark Pulse|p2a: Skeledirge\n|-supereffective|p2a: Skeledirge\n|-damage|p2a: Skeledirge|0 fnt\n|faint|p2a: Skeledirge\n|\n|upkeep\n|\n|t:|1783545055\n|switch|p2a: Donphan|Donphan, L84, M|100/100\n|turn|13\n|inactive|Time left: 300 sec this turn | 300 sec total\n|\n|t:|1783545056\n|move|p1a: Pyroar|Fire Blast|p2a: Donphan\n|-damage|p2a: Donphan|61/100\n|move|p2a: Donphan|Earthquake|p1a: Pyroar\n|-supereffective|p1a: Pyroar\n|-damage|p1a: Pyroar|0 fnt\n|faint|p1a: Pyroar\n|\n|upkeep\n|inactive|Time left: 300 sec this turn | 300 sec total | 5 sec grace\n|\n|t:|1783545057\n|switch|p1a: Grimmsnarl|Grimmsnarl, L83, M|293/293\n|turn|14\n|inactive|Time left: 300 sec this turn | 300 sec total\n|\n|t:|1783545058\n|move|p1a: Grimmsnarl|Reflect|p1a: Grimmsnarl\n|-sidestart|p1: p0x516878f|Reflect\n|move|p2a: Donphan|Earthquake|p1a: Grimmsnarl\n|-damage|p1a: Grimmsnarl|210/293\n|\n|upkeep\n|turn|15\n|inactive|Time left: 300 sec this turn | 300 sec total\n|\n|t:|1783545059\n|move|p1a: Grimmsnarl|Spirit Break|p2a: Donphan\n|-damage|p2a: Donphan|33/100\n|-unboost|p2a: Donphan|spa|1\n|move|p2a: Donphan|Earthquake|p1a: Grimmsnarl\n|-damage|p1a: Grimmsnarl|125/293\n|\n|upkeep\n|turn|16\n|inactive|Time left: 300 sec this turn | 300 sec total\n|\n|t:|1783545061\n|move|p1a: Grimmsnarl|Spirit Break|p2a: Donphan\n|-damage|p2a: Donphan|8/100\n|-unboost|p2a: Donphan|spa|1\n|move|p2a: Donphan|Earthquake|p1a: Grimmsnarl\n|-damage|p1a: Grimmsnarl|46/293\n|\n|upkeep\n|turn|17\n|inactive|Time left: 300 sec this turn | 300 sec total\n|\n|t:|1783545062\n|move|p1a: Grimmsnarl|Light Screen|p1a: Grimmsnarl\n|-sidestart|p1: p0x516878f|move: Light Screen\n|move|p2a: Donphan|Earthquake|p1a: Grimmsnarl\n|-damage|p1a: Grimmsnarl|0 fnt\n|faint|p1a: Grimmsnarl\n|\n|upkeep\n|inactive|Time left: 300 sec this turn | 300 sec total | 5 sec grace\n|\n|t:|1783545063\n|switch|p1a: Carbink|Carbink, L90|236/236\n|turn|18\n|inactive|Time left: 300 sec this turn | 300 sec total\n|\n|t:|1783545064\n|switch|p2a: Exeggutor|Exeggutor, L89, F|100/100\n|move|p1a: Carbink|Moonblast|p2a: Exeggutor\n|-damage|p2a: Exeggutor|75/100\n|\n|upkeep\n|turn|19\n|inactive|Time left: 300 sec this turn | 300 sec total\n|\n|t:|1783545065\n|move|p2a: Exeggutor|Leech Seed|p1a: Carbink\n|-start|p1a: Carbink|move: Leech Seed\n|move|p1a: Carbink|Rock Polish|p1a: Carbink\n|-boost|p1a: Carbink|spe|2\n|\n|-damage|p1a: Carbink|207/236|[from] Leech Seed|[of] p2a: Exeggutor\n|-heal|p2a: Exeggutor|85/100|[silent]\n|upkeep\n|turn|20\n|inactive|Time left: 300 sec this turn | 300 sec total\n|\n|t:|1783545066\n|move|p1a: Carbink|Iron Defense|p1a: Carbink\n|-boost|p1a: Carbink|def|2\n|move|p2a: Exeggutor|Psychic Noise|p1a: Carbink\n|-damage|p1a: Carbink|173/236\n|-start|p1a: Carbink|move: Heal Block\n|\n|-damage|p1a: Carbink|144/236|[from] Leech Seed|[of] p2a: Exeggutor\n|-heal|p2a: Exeggutor|94/100|[silent]\n|upkeep\n|turn|21\n|inactive|Time left: 300 sec this turn | 300 sec total\n|\n|t:|1783545067\n|move|p1a: Carbink|Moonblast|p2a: Exeggutor\n|-damage|p2a: Exeggutor|70/100\n|-unboost|p2a: Exeggutor|spa|1\n|move|p2a: Exeggutor|Substitute|p2a: Exeggutor\n|-start|p2a: Exeggutor|Substitute\n|-damage|p2a: Exeggutor|45/100\n|-enditem|p2a: Exeggutor|Sitrus Berry|[eat]\n|-heal|p2a: Exeggutor|70/100|[from] item: Sitrus Berry\n|\n|-damage|p1a: Carbink|115/236|[from] Leech Seed|[of] p2a: Exeggutor\n|-heal|p2a: Exeggutor|79/100|[silent]\n|-end|p1a: Carbink|move: Heal Block\n|-sideend|p1: p0x516878f|Reflect\n|upkeep\n|turn|22\n|inactive|Time left: 300 sec this turn | 300 sec total\n|\n|t:|1783545068\n|move|p1a: Carbink|Body Press|p2a: Exeggutor\n|-resisted|p2a: Exeggutor\n|-end|p2a: Exeggutor|Substitute\n|move|p2a: Exeggutor|Psychic Noise|p1a: Carbink\n|-damage|p1a: Carbink|94/236\n|-start|p1a: Carbink|move: Heal Block\n|\n|-damage|p1a: Carbink|65/236|[from] Leech Seed|[of] p2a: Exeggutor\n|-heal|p2a: Exeggutor|88/100|[silent]\n|upkeep\n|turn|23\n|inactive|Time left: 300 sec this turn | 300 sec total\n|\n|t:|1783545069\n|move|p1a: Carbink|Moonblast|p2a: Exeggutor\n|-damage|p2a: Exeggutor|63/100\n|-unboost|p2a: Exeggutor|spa|1\n|move|p2a: Exeggutor|Psychic Noise|p1a: Carbink\n|-damage|p1a: Carbink|47/236\n|\n|-damage|p1a: Carbink|18/236|[from] Leech Seed|[of] p2a: Exeggutor\n|-heal|p2a: Exeggutor|72/100|[silent]\n|-end|p1a: Carbink|move: Heal Block\n|-item|p2a: Exeggutor|Sitrus Berry|[from] ability: Harvest\n|upkeep\n|turn|24\n|inactive|Time left: 300 sec this turn | 300 sec total\n|\n|t:|1783545070\n|move|p1a: Carbink|Body Press|p2a: Exeggutor\n|-resisted|p2a: Exeggutor\n|-damage|p2a: Exeggutor|45/100\n|-enditem|p2a: Exeggutor|Sitrus Berry|[eat]\n|-heal|p2a: Exeggutor|70/100|[from] item: Sitrus Berry\n|move|p2a: Exeggutor|Psychic Noise|p1a: Carbink\n|-damage|p1a: Carbink|0 fnt\n|faint|p1a: Carbink\n|\n|-sideend|p1: p0x516878f|move: Light Screen\n|-item|p2a: Exeggutor|Sitrus Berry|[from] ability: Harvest\n|upkeep\n|inactive|Time left: 300 sec this turn | 300 sec total | 5 sec grace\n|\n|t:|1783545070\n|switch|p1a: Spiritomb|Spiritomb, L89, M|11/234\n|turn|25\n|inactive|Time left: 300 sec this turn | 300 sec total\n|\n|t:|1783545071\n|switch|p2a: Donphan|Donphan, L84, M|8/100\n|move|p1a: Spiritomb|Foul Play|p2a: Donphan\n|-damage|p2a: Donphan|0 fnt\n|faint|p2a: Donphan\n|\n|upkeep\n|\n|t:|1783545072\n|switch|p2a: Miraidon|Miraidon, L65|100/100\n|-fieldstart|move: Electric Terrain|[from] ability: Hadron Engine|[of] p2a: Miraidon\n|turn|26\n|inactive|Time left: 300 sec this turn | 300 sec total\n|\n|t:|1783545073\n|move|p2a: Miraidon|Electro Drift|p1a: Spiritomb\n|-damage|p1a: Spiritomb|0 fnt\n|faint|p1a: Spiritomb\n|-damage|p2a: Miraidon|91/100|[from] item: Life Orb\n|\n|upkeep\n|inactive|Time left: 300 sec this turn | 300 sec total | 5 sec grace\n|\n|t:|1783545074\n|switch|p1a: Gurdurr|Gurdurr, L85, F|7/283\n|turn|27\n|inactive|Time left: 300 sec this turn | 300 sec total\n|\n|t:|1783545075\n|move|p1a: Gurdurr|Mach Punch|p2a: Miraidon\n|-damage|p2a: Miraidon|66/100\n|move|p2a: Miraidon|Electro Drift|p1a: Gurdurr\n|-damage|p1a: Gurdurr|0 fnt\n|faint|p1a: Gurdurr\n|-damage|p2a: Miraidon|57/100|[from] item: Life Orb\n|\n|upkeep\n|inactive|Time left: 300 sec this turn | 300 sec total | 5 sec grace\n|\n|t:|1783545076\n|switch|p1a: Arcanine|Arcanine, L84, M|288/288\n|-ability|p1a: Arcanine|Intimidate|boost\n|-unboost|p2a: Miraidon|atk|1\n|turn|28\n|inactive|Time left: 300 sec this turn | 300 sec total\n|\n|t:|1783545077\n|switch|p2a: Exeggutor|Exeggutor, L89, F|70/100\n|move|p1a: Arcanine|Morning Sun|p1a: Arcanine\n|-fail|p1a: Arcanine|heal\n|\n|upkeep\n|turn|29\n|inactive|Time left: 300 sec this turn | 300 sec total\n|\n|t:|1783545078\n|move|p1a: Arcanine|Will-O-Wisp|p2a: Exeggutor|[miss]\n|-miss|p1a: Arcanine|p2a: Exeggutor\n|move|p2a: Exeggutor|Psychic Noise|p1a: Arcanine\n|-damage|p1a: Arcanine|173/288\n|-start|p1a: Arcanine|move: Heal Block\n|\n|upkeep\n|turn|30\n|inactive|Time left: 300 sec this turn | 300 sec total\n|\n|t:|1783545079\n|move|p1a: Arcanine|Will-O-Wisp|p2a: Exeggutor\n|-status|p2a: Exeggutor|brn\n|move|p2a: Exeggutor|Psychic Noise|p1a: Arcanine\n|-damage|p1a: Arcanine|56/288\n|\n|-damage|p2a: Exeggutor|64/100 brn|[from] brn\n|-end|p1a: Arcanine|move: Heal Block\n|-fieldend|move: Electric Terrain\n|upkeep\n|turn|31\n|inactive|Time left: 300 sec this turn | 300 sec total\n|\n|t:|1783545080\n|-terastallize|p2a: Exeggutor|Steel\n|move|p1a: Arcanine|Morning Sun|p1a: Arcanine\n|-heal|p1a: Arcanine|200/288\n|move|p2a: Exeggutor|Psychic Noise|p1a: Arcanine\n|-damage|p1a: Arcanine|89/288\n|-start|p1a: Arcanine|move: Heal Block\n|\n|-damage|p2a: Exeggutor|58/100 brn|[from] brn\n|upkeep\n|turn|32\n|inactive|Time left: 300 sec this turn | 300 sec total\n|\n|t:|1783545081\n|-terastallize|p1a: Arcanine|Fighting\n|move|p1a: Arcanine|Close Combat|p2a: Exeggutor\n|-supereffective|p2a: Exeggutor\n|-damage|p2a: Exeggutor|0 fnt\n|-unboost|p1a: Arcanine|def|1\n|-unboost|p1a: Arcanine|spd|1\n|faint|p2a: Exeggutor\n|\n|-end|p1a: Arcanine|move: Heal Block\n|upkeep\n|\n|t:|1783545082\n|switch|p2a: Miraidon|Miraidon, L65|57/100\n|-fieldstart|move: Electric Terrain|[from] ability: Hadron Engine|[of] p2a: Miraidon\n|turn|33\n|inactive|Time left: 300 sec this turn | 300 sec total\n|\n|t:|1783545082\n|move|p2a: Miraidon|Dragon Pulse|p1a: Arcanine\n|-damage|p1a: Arcanine|0 fnt\n|faint|p1a: Arcanine\n|-damage|p2a: Miraidon|47/100|[from] item: Life Orb\n|\n|win|p0y516d42c", "uploadtime": 1783545082, "views": 0, "rating": 0, "private": 0, "password": null, "_winner": "p0y516d42c", "_our_name": "p0x516878f"}