{"id": "battle-gen9randombattle-196", "formatid": "gen9randombattle", "format": "[Gen 9] Random Battle", "players": ["p0x1966624", "p0y1968fe6"], "log": "|init|battle\n|title|p0x1966624 vs. p0y1968fe6\n|j|\u2606p0x1966624\n|j|\u2606p0y1968fe6\n|t:|1783536020\n|gametype|singles\n|player|p1|p0x1966624|169|\n|player|p2|p0y1968fe6|102|\n|gen|9\n|tier|[Gen 9] Random Battle\n|rule|Species Clause: Limit one of each Pok\u00e9mon\n|rule|HP Percentage Mod: HP is shown in percentages\n|rule|Sleep Clause Mod: Limit one foe put to sleep\n|rule|Illusion Level Mod: Illusion disguises the Pok\u00e9mon's true level\n|\n|t:|1783536020\n|teamsize|p1|6\n|teamsize|p2|6\n|start\n|switch|p1a: Typhlosion|Typhlosion-Hisui, L83, F|257/257\n|switch|p2a: Ogerpon|Ogerpon, L80, F|100/100\n|turn|1\n|inactive|Battle timer is ON: inactive players will automatically lose when time's up. (requested by p0x1966624)\n|inactive|p0y1968fe6 also wants the timer to be on.\n|\n|t:|1783536021\n|switch|p2a: Primarina|Primarina, L83, F|100/100\n|move|p1a: Typhlosion|Eruption|p2a: Primarina\n|-resisted|p2a: Primarina\n|-damage|p2a: Primarina|74/100\n|\n|upkeep\n|turn|2\n|inactive|Time left: 300 sec this turn | 300 sec total\n|\n|t:|1783536022\n|switch|p1a: Vileplume|Vileplume, L85, M|266/266\n|move|p2a: Primarina|Hydro Pump|p1a: Vileplume\n|-resisted|p1a: Vileplume\n|-damage|p1a: Vileplume|162/266\n|\n|-heal|p1a: Vileplume|178/266|[from] item: Leftovers\n|upkeep\n|turn|3\n|inactive|Time left: 300 sec this turn | 300 sec total\n|\n|t:|1783536024\n|switch|p2a: Girafarig|Girafarig, L89, F|100/100\n|move|p1a: Vileplume|Giga Drain|p2a: Girafarig\n|-ability|p2a: Girafarig|Sap Sipper|boost\n|-boost|p2a: Girafarig|atk|1\n|\n|-heal|p1a: Vileplume|194/266|[from] item: Leftovers\n|upkeep\n|turn|4\n|inactive|Time left: 300 sec this turn | 300 sec total\n|\n|t:|1783536025\n|move|p2a: Girafarig|Nasty Plot|p2a: Girafarig\n|-boost|p2a: Girafarig|spa|2\n|move|p1a: Vileplume|Sludge Bomb|p2a: Girafarig\n|-crit|p2a: Girafarig\n|-damage|p2a: Girafarig|57/100\n|\n|-heal|p1a: Vileplume|210/266|[from] item: Leftovers\n|upkeep\n|turn|5\n|inactive|Time left: 300 sec this turn | 300 sec total\n|\n|t:|1783536026\n|switch|p1a: Skuntank|Skuntank, L84, M|310/310\n|move|p2a: Girafarig|Psyshock|p1a: Skuntank\n|-immune|p1a: Skuntank\n|\n|upkeep\n|turn|6\n|inactive|Time left: 300 sec this turn | 300 sec total\n|\n|t:|1783536027\n|-terastallize|p2a: Girafarig|Electric\n|move|p2a: Girafarig|Thunderbolt|p1a: Skuntank\n|-damage|p1a: Skuntank|46/310\n|move|p1a: Skuntank|Knock Off|p2a: Girafarig\n|-damage|p2a: Girafarig|17/100\n|-enditem|p2a: Girafarig|Eviolite|[from] move: Knock Off|[of] p1a: Skuntank\n|-damage|p1a: Skuntank|15/310|[from] item: Life Orb\n|\n|upkeep\n|turn|7\n|inactive|Time left: 300 sec this turn | 300 sec total\n|\n|t:|1783536028\n|move|p1a: Skuntank|Sucker Punch|p2a: Girafarig\n|-damage|p2a: Girafarig|0 fnt\n|faint|p2a: Girafarig\n|-damage|p1a: Skuntank|0 fnt|[from] item: Life Orb\n|faint|p1a: Skuntank\n|\n|upkeep\n|inactive|Time left: 300 sec this turn | 300 sec total | 5 sec grace\n|\n|t:|1783536029\n|switch|p2a: Primarina|Primarina, L83, F|74/100\n|switch|p1a: Vileplume|Vileplume, L85, M|210/266\n|turn|8\n|inactive|Time left: 300 sec this turn | 300 sec total\n|\n|t:|1783536031\n|-terastallize|p1a: Vileplume|Steel\n|move|p2a: Primarina|Psychic|p1a: Vileplume\n|-resisted|p1a: Vileplume\n|-damage|p1a: Vileplume|153/266\n|move|p1a: Vileplume|Sludge Bomb|p2a: Primarina\n|-supereffective|p2a: Primarina\n|-damage|p2a: Primarina|7/100\n|\n|-heal|p1a: Vileplume|169/266|[from] item: Leftovers\n|upkeep\n|turn|9\n|inactive|Time left: 300 sec this turn | 300 sec total\n|\n|t:|1783536032\n|move|p2a: Primarina|Psychic|p1a: Vileplume\n|-resisted|p1a: Vileplume\n|-damage|p1a: Vileplume|111/266\n|move|p1a: Vileplume|Sludge Bomb|p2a: Primarina\n|-supereffective|p2a: Primarina\n|-damage|p2a: Primarina|0 fnt\n|faint|p2a: Primarina\n|\n|-heal|p1a: Vileplume|127/266|[from] item: Leftovers\n|upkeep\n|\n|t:|1783536032\n|switch|p2a: Sandaconda|Sandaconda, L84, F|100/100\n|turn|10\n|inactive|Time left: 300 sec this turn | 300 sec total\n|\n|t:|1783536033\n|switch|p1a: Cyclizar|Cyclizar, L84, F|255/255\n|move|p2a: Sandaconda|Earthquake|p1a: Cyclizar\n|-damage|p1a: Cyclizar|111/255\n|\n|upkeep\n|turn|11\n|inactive|Time left: 300 sec this turn | 300 sec total\n|\n|t:|1783536034\n|move|p1a: Cyclizar|Draco Meteor|p2a: Sandaconda\n|-damage|p2a: Sandaconda|41/100\n|-unboost|p1a: Cyclizar|spa|2\n|move|p2a: Sandaconda|Earthquake|p1a: Cyclizar\n|-damage|p1a: Cyclizar|0 fnt\n|faint|p1a: Cyclizar\n|\n|-heal|p2a: Sandaconda|47/100|[from] item: Leftovers\n|upkeep\n|inactive|Time left: 300 sec this turn | 300 sec total | 5 sec grace\n|\n|t:|1783536035\n|switch|p1a: Typhlosion|Typhlosion-Hisui, L83, F|257/257\n|turn|12\n|inactive|Time left: 300 sec this turn | 300 sec total\n|\n|t:|1783536036\n|switch|p2a: Luvdisc|Luvdisc, F|100/100\n|move|p1a: Typhlosion|Eruption|p2a: Luvdisc\n|-resisted|p2a: Luvdisc\n|-damage|p2a: Luvdisc|63/100\n|\n|upkeep\n|turn|13\n|inactive|Time left: 300 sec this turn | 300 sec total\n|\n|t:|1783536037\n|move|p1a: Typhlosion|Eruption|p2a: Luvdisc\n|-resisted|p2a: Luvdisc\n|-damage|p2a: Luvdisc|26/100\n|move|p2a: Luvdisc|Surf|p1a: Typhlosion\n|-supereffective|p1a: Typhlosion\n|-damage|p1a: Typhlosion|117/257\n|\n|upkeep\n|turn|14\n|inactive|Time left: 300 sec this turn | 300 sec total\n|\n|t:|1783536038\n|switch|p1a: Vileplume|Vileplume, L85, M, tera:Steel|127/266\n|move|p2a: Luvdisc|Surf|p1a: Vileplume\n|-damage|p1a: Vileplume|58/266\n|\n|-heal|p1a: Vileplume|74/266|[from] item: Leftovers\n|upkeep\n|turn|15\n|inactive|Time left: 300 sec this turn | 300 sec total\n|\n|t:|1783536039\n|move|p2a: Luvdisc|Surf|p1a: Vileplume\n|-damage|p1a: Vileplume|7/266\n|move|p1a: Vileplume|Strength Sap|p2a: Luvdisc\n|-unboost|p2a: Luvdisc|atk|1\n|-heal|p1a: Vileplume|124/266\n|\n|-heal|p1a: Vileplume|140/266|[from] item: Leftovers\n|upkeep\n|turn|16\n|inactive|Time left: 300 sec this turn | 300 sec total\n|\n|t:|1783536040\n|switch|p2a: Skarmory|Skarmory, L80, F|100/100\n|move|p1a: Vileplume|Giga Drain|p2a: Skarmory\n|-resisted|p2a: Skarmory\n|-damage|p2a: Skarmory|89/100\n|-heal|p1a: Vileplume|154/266|[from] drain|[of] p2a: Skarmory\n|\n|-heal|p1a: Vileplume|170/266|[from] item: Leftovers\n|upkeep\n|turn|17\n|inactive|Time left: 300 sec this turn | 300 sec total\n|\n|t:|1783536042\n|move|p2a: Skarmory|Spikes|p1a: Vileplume\n|-sidestart|p1: p0x1966624|Spikes\n|move|p1a: Vileplume|Strength Sap|p2a: Skarmory\n|-unboost|p2a: Skarmory|atk|1\n|-heal|p1a: Vileplume|266/266\n|\n|upkeep\n|turn|18\n|inactive|Time left: 300 sec this turn | 300 sec total\n|\n|t:|1783536043\n|move|p2a: Skarmory|Spikes|p1a: Vileplume\n|-sidestart|p1: p0x1966624|Spikes\n|move|p1a: Vileplume|Leech Seed|p2a: Skarmory\n|-start|p2a: Skarmory|move: Leech Seed\n|\n|-damage|p2a: Skarmory|76/100|[from] Leech Seed|[of] p1a: Vileplume\n|upkeep\n|turn|19\n|inactive|Time left: 300 sec this turn | 300 sec total\n|\n|t:|1783536044\n|move|p2a: Skarmory|Spikes|p1a: Vileplume\n|-sidestart|p1: p0x1966624|Spikes\n|move|p1a: Vileplume|Giga Drain|p2a: Skarmory\n|-resisted|p2a: Skarmory\n|-damage|p2a: Skarmory|64/100\n|\n|-damage|p2a: Skarmory|52/100|[from] Leech Seed|[of] p1a: Vileplume\n|upkeep\n|turn|20\n|inactive|Time left: 300 sec this turn | 300 sec total\n|\n|t:|1783536045\n|move|p2a: Skarmory|Roost|p2a: Skarmory\n|-heal|p2a: Skarmory|100/100\n|-singleturn|p2a: Skarmory|move: Roost\n|move|p1a: Vileplume|Giga Drain|p2a: Skarmory\n|-resisted|p2a: Skarmory\n|-damage|p2a: Skarmory|77/100\n|\n|-damage|p2a: Skarmory|64/100|[from] Leech Seed|[of] p1a: Vileplume\n|upkeep\n|turn|21\n|inactive|Time left: 300 sec this turn | 300 sec total\n|\n|t:|1783536046\n|move|p2a: Skarmory|Roost|p2a: Skarmory\n|-heal|p2a: Skarmory|100/100\n|-singleturn|p2a: Skarmory|move: Roost\n|move|p1a: Vileplume|Giga Drain|p2a: Skarmory\n|-resisted|p2a: Skarmory\n|-damage|p2a: Skarmory|75/100\n|\n|-damage|p2a: Skarmory|63/100|[from] Leech Seed|[of] p1a: Vileplume\n|upkeep\n|turn|22\n|inactive|Time left: 300 sec this turn | 300 sec total\n|\n|t:|1783536047\n|move|p2a: Skarmory|Roost|p2a: Skarmory\n|-heal|p2a: Skarmory|100/100\n|-singleturn|p2a: Skarmory|move: Roost\n|move|p1a: Vileplume|Giga Drain|p2a: Skarmory\n|-resisted|p2a: Skarmory\n|-damage|p2a: Skarmory|75/100\n|\n|-damage|p2a: Skarmory|63/100|[from] Leech Seed|[of] p1a: Vileplume\n|upkeep\n|turn|23\n|inactive|Time left: 300 sec this turn | 300 sec total\n|\n|t:|1783536048\n|move|p2a: Skarmory|Roost|p2a: Skarmory\n|-heal|p2a: Skarmory|100/100\n|-singleturn|p2a: Skarmory|move: Roost\n|move|p1a: Vileplume|Giga Drain|p2a: Skarmory\n|-resisted|p2a: Skarmory\n|-damage|p2a: Skarmory|76/100\n|\n|-damage|p2a: Skarmory|63/100|[from] Leech Seed|[of] p1a: Vileplume\n|upkeep\n|turn|24\n|inactive|Time left: 300 sec this turn | 300 sec total\n|\n|t:|1783536049\n|move|p2a: Skarmory|Roost|p2a: Skarmory\n|-heal|p2a: Skarmory|100/100\n|-singleturn|p2a: Skarmory|move: Roost\n|move|p1a: Vileplume|Giga Drain|p2a: Skarmory\n|-resisted|p2a: Skarmory\n|-damage|p2a: Skarmory|75/100\n|\n|-damage|p2a: Skarmory|62/100|[from] Leech Seed|[of] p1a: Vileplume\n|upkeep\n|turn|25\n|inactive|Time left: 300 sec this turn | 300 sec total\n|\n|t:|1783536050\n|move|p2a: Skarmory|Roost|p2a: Skarmory\n|-heal|p2a: Skarmory|100/100\n|-singleturn|p2a: Skarmory|move: Roost\n|move|p1a: Vileplume|Giga Drain|p2a: Skarmory\n|-resisted|p2a: Skarmory\n|-damage|p2a: Skarmory|76/100\n|\n|-damage|p2a: Skarmory|63/100|[from] Leech Seed|[of] p1a: Vileplume\n|upkeep\n|turn|26\n|inactive|Time left: 300 sec this turn | 300 sec total\n|\n|t:|1783536051\n|move|p2a: Skarmory|Roost|p2a: Skarmory\n|-heal|p2a: Skarmory|100/100\n|-singleturn|p2a: Skarmory|move: Roost\n|move|p1a: Vileplume|Giga Drain|p2a: Skarmory\n|-resisted|p2a: Skarmory\n|-damage|p2a: Skarmory|78/100\n|\n|-damage|p2a: Skarmory|65/100|[from] Leech Seed|[of] p1a: Vileplume\n|upkeep\n|turn|27\n|inactive|Time left: 300 sec this turn | 300 sec total\n|\n|t:|1783536052\n|move|p2a: Skarmory|Roost|p2a: Skarmory\n|-heal|p2a: Skarmory|100/100\n|-singleturn|p2a: Skarmory|move: Roost\n|move|p1a: Vileplume|Giga Drain|p2a: Skarmory\n|-resisted|p2a: Skarmory\n|-damage|p2a: Skarmory|78/100\n|\n|-damage|p2a: Skarmory|66/100|[from] Leech Seed|[of] p1a: Vileplume\n|upkeep\n|turn|28\n|inactive|Time left: 300 sec this turn | 300 sec total\n|\n|t:|1783536053\n|switch|p2a: Sandaconda|Sandaconda, L84, F|47/100\n|move|p1a: Vileplume|Giga Drain|p2a: Sandaconda\n|-supereffective|p2a: Sandaconda\n|-damage|p2a: Sandaconda|0 fnt\n|faint|p2a: Sandaconda\n|\n|upkeep\n|\n|t:|1783536054\n|switch|p2a: Luvdisc|Luvdisc, F|26/100\n|turn|29\n|inactive|Time left: 300 sec this turn | 300 sec total\n|\n|t:|1783536055\n|move|p2a: Luvdisc|Substitute|p2a: Luvdisc\n|-start|p2a: Luvdisc|Substitute\n|-damage|p2a: Luvdisc|1/100\n|move|p1a: Vileplume|Giga Drain|p2a: Luvdisc\n|-supereffective|p2a: Luvdisc\n|-end|p2a: Luvdisc|Substitute\n|\n|upkeep\n|turn|30\n|inactive|Time left: 300 sec this turn | 300 sec total\n|\n|t:|1783536056\n|move|p2a: Luvdisc|Endeavor|p1a: Vileplume\n|-damage|p1a: Vileplume|1/266\n|move|p1a: Vileplume|Strength Sap|p2a: Luvdisc\n|-unboost|p2a: Luvdisc|atk|1\n|-heal|p1a: Vileplume|118/266\n|\n|-heal|p1a: Vileplume|134/266|[from] item: Leftovers\n|upkeep\n|turn|31\n|inactive|Time left: 300 sec this turn | 300 sec total\n|\n|t:|1783536057\n|move|p2a: Luvdisc|Endeavor|p1a: Vileplume\n|-damage|p1a: Vileplume|1/266\n|-status|p2a: Luvdisc|par|[from] ability: Effect Spore|[of] p1a: Vileplume\n|move|p1a: Vileplume|Strength Sap|p2a: Luvdisc\n|-unboost|p2a: Luvdisc|atk|1\n|-heal|p1a: Vileplume|79/266\n|\n|-heal|p1a: Vileplume|95/266|[from] item: Leftovers\n|upkeep\n|turn|32\n|inactive|Time left: 300 sec this turn | 300 sec total\n|\n|t:|1783536057\n|move|p1a: Vileplume|Strength Sap|p2a: Luvdisc\n|-unboost|p2a: Luvdisc|atk|1\n|-heal|p1a: Vileplume|153/266\n|cant|p2a: Luvdisc|par\n|\n|-heal|p1a: Vileplume|169/266|[from] item: Leftovers\n|upkeep\n|turn|33\n|inactive|Time left: 300 sec this turn | 300 sec total\n|\n|t:|1783536058\n|move|p1a: Vileplume|Giga Drain|p2a: Luvdisc\n|-supereffective|p2a: Luvdisc\n|-damage|p2a: Luvdisc|0 fnt\n|-heal|p1a: Vileplume|170/266|[from] drain|[of] p2a: Luvdisc\n|faint|p2a: Luvdisc\n|\n|-heal|p1a: Vileplume|186/266|[from] item: Leftovers\n|upkeep\n|\n|t:|1783536059\n|switch|p2a: Ogerpon|Ogerpon, L80, F|100/100\n|turn|34\n|inactive|Time left: 300 sec this turn | 300 sec total\n|\n|t:|1783536060\n|move|p2a: Ogerpon|Encore|p1a: Vileplume\n|-start|p1a: Vileplume|Encore\n|move|p1a: Vileplume|Giga Drain|p2a: Ogerpon\n|-resisted|p2a: Ogerpon\n|-damage|p2a: Ogerpon|85/100\n|-heal|p1a: Vileplume|207/266|[from] drain|[of] p2a: Ogerpon\n|\n|-heal|p2a: Ogerpon|91/100|[from] item: Leftovers\n|-heal|p1a: Vileplume|223/266|[from] item: Leftovers\n|upkeep\n|turn|35\n|inactive|Time left: 300 sec this turn | 300 sec total\n|\n|t:|1783536061\n|switch|p1a: Probopass|Probopass, L91, M|257/257\n|-damage|p1a: Probopass|193/257|[from] Spikes\n|move|p2a: Ogerpon|Ivy Cudgel|p1a: Probopass\n|-damage|p1a: Probopass|123/257\n|\n|-heal|p2a: Ogerpon|97/100|[from] item: Leftovers\n|-heal|p1a: Probopass|139/257|[from] item: Leftovers\n|upkeep\n|turn|36\n|inactive|Time left: 300 sec this turn | 300 sec total\n|\n|t:|1783536062\n|move|p2a: Ogerpon|Ivy Cudgel|p1a: Probopass\n|-crit|p1a: Probopass\n|-damage|p1a: Probopass|31/257\n|move|p1a: Probopass|Thunder Wave|p2a: Ogerpon\n|-status|p2a: Ogerpon|par\n|\n|-heal|p1a: Probopass|47/257|[from] item: Leftovers\n|-heal|p2a: Ogerpon|100/100 par|[from] item: Leftovers\n|upkeep\n|turn|37\n|inactive|Time left: 300 sec this turn | 300 sec total\n|\n|t:|1783536063\n|move|p1a: Probopass|Power Gem|p2a: Ogerpon\n|-damage|p2a: Ogerpon|69/100 par\n|move|p2a: Ogerpon|Ivy Cudgel|p1a: Probopass\n|-damage|p1a: Probopass|0 fnt\n|faint|p1a: Probopass\n|\n|-heal|p2a: Ogerpon|75/100 par|[from] item: Leftovers\n|upkeep\n|inactive|Time left: 300 sec this turn | 300 sec total | 5 sec grace\n|\n|t:|1783536064\n|switch|p1a: Typhlosion|Typhlosion-Hisui, L83, F|117/257\n|-damage|p1a: Typhlosion|53/257|[from] Spikes\n|turn|38\n|inactive|Time left: 300 sec this turn | 300 sec total\n|\n|t:|1783536065\n|move|p1a: Typhlosion|Fire Blast|p2a: Ogerpon\n|-supereffective|p2a: Ogerpon\n|-damage|p2a: Ogerpon|0 fnt\n|faint|p2a: Ogerpon\n|\n|upkeep\n|\n|t:|1783536066\n|switch|p2a: Skarmory|Skarmory, L80, F|66/100\n|turn|39\n|inactive|Time left: 300 sec this turn | 300 sec total\n|\n|t:|1783536067\n|move|p1a: Typhlosion|Fire Blast|p2a: Skarmory\n|-supereffective|p2a: Skarmory\n|-damage|p2a: Skarmory|0 fnt\n|faint|p2a: Skarmory\n|\n|win|p0x1966624", "uploadtime": 1783536067, "views": 0, "rating": 0, "private": 0, "password": null, "_winner": "p0x1966624", "_our_name": "p0x1966624"}