{"id": "battle-gen9randombattle-169", "formatid": "gen9randombattle", "format": "[Gen 9] Random Battle", "players": ["p0x169669a", "p0y1693f24"], "log": "|init|battle\n|title|p0x169669a vs. p0y1693f24\n|j|\u2606p0x169669a\n|j|\u2606p0y1693f24\n|t:|1783541095\n|gametype|singles\n|player|p1|p0x169669a|101|\n|player|p2|p0y1693f24|2|\n|gen|9\n|tier|[Gen 9] Random Battle\n|rule|Species Clause: Limit one of each Pok\u00e9mon\n|rule|HP Percentage Mod: HP is shown in percentages\n|rule|Sleep Clause Mod: Limit one foe put to sleep\n|rule|Illusion Level Mod: Illusion disguises the Pok\u00e9mon's true level\n|\n|t:|1783541095\n|teamsize|p1|6\n|teamsize|p2|6\n|start\n|switch|p1a: Blaziken|Blaziken, L76, F|100/100\n|switch|p2a: Blastoise|Blastoise, L80, F|258/258\n|turn|1\n|inactive|Battle timer is ON: inactive players will automatically lose when time's up. (requested by p0y1693f24)\n|inactive|p0x169669a also wants the timer to be on.\n|\n|t:|1783541097\n|move|p2a: Blastoise|Shell Smash|p2a: Blastoise\n|-unboost|p2a: Blastoise|def|1\n|-unboost|p2a: Blastoise|spd|1\n|-boost|p2a: Blastoise|atk|2\n|-boost|p2a: Blastoise|spa|2\n|-boost|p2a: Blastoise|spe|2\n|-enditem|p2a: Blastoise|White Herb\n|-clearnegativeboost|p2a: Blastoise|[silent]\n|move|p1a: Blaziken|Swords Dance|p1a: Blaziken\n|-boost|p1a: Blaziken|atk|2\n|\n|-ability|p1a: Blaziken|Speed Boost|boost\n|-boost|p1a: Blaziken|spe|1\n|upkeep\n|turn|2\n|inactive|Time left: 300 sec this turn | 300 sec total\n|\n|t:|1783541098\n|move|p1a: Blaziken|Protect|p1a: Blaziken\n|-singleturn|p1a: Blaziken|Protect\n|move|p2a: Blastoise|Hydro Pump|p1a: Blaziken\n|-activate|p1a: Blaziken|move: Protect\n|\n|-ability|p1a: Blaziken|Speed Boost|boost\n|-boost|p1a: Blaziken|spe|1\n|upkeep\n|turn|3\n|inactive|Time left: 300 sec this turn | 300 sec total\n|\n|t:|1783541099\n|-terastallize|p1a: Blaziken|Fighting\n|move|p2a: Blastoise|Hydro Pump|p1a: Blaziken\n|-damage|p1a: Blaziken|0 fnt\n|faint|p1a: Blaziken\n|\n|upkeep\n|\n|t:|1783541100\n|switch|p1a: Mesprit|Mesprit, L85|100/100\n|turn|4\n|inactive|Time left: 300 sec this turn | 300 sec total\n|\n|t:|1783541101\n|move|p2a: Blastoise|Hydro Pump|p1a: Mesprit\n|-damage|p1a: Mesprit|58/100\n|move|p1a: Mesprit|Thunderbolt|p2a: Blastoise\n|-supereffective|p2a: Blastoise\n|-damage|p2a: Blastoise|138/258\n|\n|upkeep\n|turn|5\n|inactive|Time left: 300 sec this turn | 300 sec total\n|\n|t:|1783541102\n|move|p2a: Blastoise|Hydro Pump|p1a: Mesprit\n|-damage|p1a: Mesprit|14/100\n|move|p1a: Mesprit|Thunderbolt|p2a: Blastoise\n|-supereffective|p2a: Blastoise\n|-damage|p2a: Blastoise|6/258\n|\n|upkeep\n|turn|6\n|inactive|Time left: 300 sec this turn | 300 sec total\n|\n|t:|1783541103\n|move|p2a: Blastoise|Ice Beam|p1a: Mesprit\n|-damage|p1a: Mesprit|0 fnt\n|faint|p1a: Mesprit\n|\n|upkeep\n|\n|t:|1783541104\n|switch|p1a: Staraptor|Staraptor, L79, F|100/100\n|turn|7\n|inactive|Time left: 300 sec this turn | 300 sec total\n|\n|t:|1783541105\n|move|p1a: Staraptor|Quick Attack|p2a: Blastoise\n|-damage|p2a: Blastoise|0 fnt\n|faint|p2a: Blastoise\n|\n|upkeep\n|inactive|Time left: 300 sec this turn | 300 sec total | 5 sec grace\n|\n|t:|1783541106\n|switch|p2a: Flapple|Flapple, L88, F|266/266\n|turn|8\n|inactive|Time left: 300 sec this turn | 300 sec total\n|\n|t:|1783541107\n|switch|p1a: Torkoal|Torkoal, L88, F|100/100\n|-weather|SunnyDay|[from] ability: Drought|[of] p1a: Torkoal\n|move|p2a: Flapple|Dragon Dance|p2a: Flapple\n|-boost|p2a: Flapple|atk|1\n|-boost|p2a: Flapple|spe|1\n|\n|-weather|SunnyDay|[upkeep]\n|upkeep\n|turn|9\n|inactive|Time left: 300 sec this turn | 300 sec total\n|\n|t:|1783541108\n|move|p2a: Flapple|Outrage|p1a: Torkoal\n|-damage|p1a: Torkoal|11/100\n|move|p1a: Torkoal|Yawn|p2a: Flapple\n|-start|p2a: Flapple|move: Yawn|[of] p1a: Torkoal\n|\n|-weather|SunnyDay|[upkeep]\n|upkeep\n|turn|10\n|inactive|Time left: 300 sec this turn | 300 sec total\n|\n|t:|1783541109\n|move|p2a: Flapple|Outrage|p1a: Torkoal|[from] lockedmove|[miss]\n|-miss|p2a: Flapple|p1a: Torkoal\n|-start|p2a: Flapple|confusion|[fatigue]\n|move|p1a: Torkoal|Lava Plume|p2a: Flapple\n|-damage|p2a: Flapple|109/266\n|\n|-weather|SunnyDay|[upkeep]\n|-end|p2a: Flapple|move: Yawn|[silent]\n|-status|p2a: Flapple|slp\n|upkeep\n|turn|11\n|inactive|Time left: 300 sec this turn | 300 sec total\n|\n|t:|1783541110\n|switch|p2a: Palkia|Palkia-Origin, L72|249/249\n|-ability|p2a: Palkia|Pressure\n|move|p1a: Torkoal|Lava Plume|p2a: Palkia\n|-resisted|p2a: Palkia\n|-damage|p2a: Palkia|220/249\n|\n|-weather|SunnyDay|[upkeep]\n|upkeep\n|turn|12\n|inactive|Time left: 300 sec this turn | 300 sec total\n|\n|t:|1783541111\n|move|p2a: Palkia|Fire Blast|p1a: Torkoal\n|-resisted|p1a: Torkoal\n|-damage|p1a: Torkoal|0 fnt\n|faint|p1a: Torkoal\n|\n|-weather|none\n|upkeep\n|\n|t:|1783541112\n|switch|p1a: Drednaw|Drednaw, L81, F|100/100\n|turn|13\n|inactive|Time left: 300 sec this turn | 300 sec total\n|\n|t:|1783541113\n|switch|p2a: Torkoal|Torkoal, L88, M|266/266\n|-weather|SunnyDay|[from] ability: Drought|[of] p2a: Torkoal\n|move|p1a: Drednaw|Shell Smash|p1a: Drednaw\n|-unboost|p1a: Drednaw|def|1\n|-unboost|p1a: Drednaw|spd|1\n|-boost|p1a: Drednaw|atk|2\n|-boost|p1a: Drednaw|spa|2\n|-boost|p1a: Drednaw|spe|2\n|-enditem|p1a: Drednaw|White Herb\n|-clearnegativeboost|p1a: Drednaw|[silent]\n|\n|-weather|SunnyDay|[upkeep]\n|upkeep\n|turn|14\n|inactive|Time left: 300 sec this turn | 300 sec total\n|\n|t:|1783541114\n|-terastallize|p2a: Torkoal|Grass\n|move|p1a: Drednaw|Stone Edge|p2a: Torkoal\n|-crit|p2a: Torkoal\n|-damage|p2a: Torkoal|56/266\n|move|p2a: Torkoal|Solar Beam||[still]\n|-prepare|p2a: Torkoal|Solar Beam\n|-anim|p2a: Torkoal|Solar Beam|p1a: Drednaw\n|-supereffective|p1a: Drednaw\n|-damage|p1a: Drednaw|0 fnt\n|faint|p1a: Drednaw\n|\n|-weather|SunnyDay|[upkeep]\n|upkeep\n|\n|t:|1783541115\n|switch|p1a: Staraptor|Staraptor, L79, F|100/100\n|turn|15\n|inactive|Time left: 300 sec this turn | 300 sec total\n|\n|t:|1783541116\n|switch|p2a: Flapple|Flapple, L88, F|109/266 slp\n|move|p1a: Staraptor|Brave Bird|p2a: Flapple\n|-supereffective|p2a: Flapple\n|-damage|p2a: Flapple|0 fnt\n|faint|p2a: Flapple\n|-damage|p1a: Staraptor|87/100|[from] Recoil\n|\n|-weather|SunnyDay|[upkeep]\n|upkeep\n|inactive|Time left: 300 sec this turn | 300 sec total | 5 sec grace\n|\n|t:|1783541117\n|switch|p2a: Palkia|Palkia-Origin, L72|220/249\n|-ability|p2a: Palkia|Pressure\n|turn|16\n|inactive|Time left: 300 sec this turn | 300 sec total\n|\n|t:|1783541118\n|switch|p1a: Ariados|Ariados, L95, F|100/100\n|move|p2a: Palkia|Spacial Rend|p1a: Ariados\n|-damage|p1a: Ariados|49/100\n|\n|-weather|SunnyDay|[upkeep]\n|upkeep\n|turn|17\n|inactive|Time left: 300 sec this turn | 300 sec total\n|\n|t:|1783541119\n|switch|p1a: Staraptor|Staraptor, L79, F|87/100\n|move|p2a: Palkia|Fire Blast|p1a: Staraptor\n|-damage|p1a: Staraptor|26/100\n|\n|-weather|none\n|upkeep\n|turn|18\n|inactive|Time left: 300 sec this turn | 300 sec total\n|\n|t:|1783541120\n|move|p1a: Staraptor|Quick Attack|p2a: Palkia\n|-damage|p2a: Palkia|156/249\n|move|p2a: Palkia|Spacial Rend|p1a: Staraptor\n|-damage|p1a: Staraptor|0 fnt\n|faint|p1a: Staraptor\n|\n|upkeep\n|\n|t:|1783541121\n|switch|p1a: Ariados|Ariados, L95, F|49/100\n|turn|19\n|inactive|Time left: 300 sec this turn | 300 sec total\n|\n|t:|1783541122\n|move|p2a: Palkia|Fire Blast|p1a: Ariados\n|-supereffective|p1a: Ariados\n|-damage|p1a: Ariados|0 fnt\n|faint|p1a: Ariados\n|\n|win|p0y1693f24", "uploadtime": 1783541122, "views": 0, "rating": 0, "private": 0, "password": null, "_winner": "p0y1693f24", "_our_name": "p0y1693f24"}