{"id": "battle-gen9randombattle-2219", "formatid": "gen9randombattle", "format": "[Gen 9] Random Battle", "players": ["p0x2219a028", "p0y2219653c"], "log": "|init|battle\n|title|p0x2219a028 vs. p0y2219653c\n|j|\u2606p0x2219a028\n|j|\u2606p0y2219653c\n|t:|1783565716\n|gametype|singles\n|player|p1|p0x2219a028|2|\n|player|p2|p0y2219653c|266|\n|gen|9\n|tier|[Gen 9] Random Battle\n|rule|Species Clause: Limit one of each Pok\u00e9mon\n|rule|HP Percentage Mod: HP is shown in percentages\n|rule|Sleep Clause Mod: Limit one foe put to sleep\n|rule|Illusion Level Mod: Illusion disguises the Pok\u00e9mon's true level\n|\n|t:|1783565716\n|teamsize|p1|6\n|teamsize|p2|6\n|start\n|switch|p1a: Araquanid|Araquanid, L82, F|100/100\n|switch|p2a: Toedscruel|Toedscruel, L87, F|281/281\n|turn|1\n|inactive|Battle timer is ON: inactive players will automatically lose when time's up. (requested by p0x2219a028)\n|inactive|Time left: 300 sec this turn | 300 sec total | 60 sec grace\n|\n|t:|1783565717\n|move|p1a: Araquanid|Sticky Web|p2a: Toedscruel\n|-sidestart|p2: p0y2219653c|move: Sticky Web\n|move|p2a: Toedscruel|Toxic|p1a: Araquanid\n|-status|p1a: Araquanid|tox\n|\n|-damage|p1a: Araquanid|94/100 tox|[from] psn\n|upkeep\n|turn|2\n|inactive|Time left: 300 sec this turn | 300 sec total\n|inactive|p0y2219653c also wants the timer to be on.\n|\n|t:|1783565718\n|move|p2a: Toedscruel|Rapid Spin|p1a: Araquanid\n|-damage|p1a: Araquanid|82/100 tox\n|-boost|p2a: Toedscruel|spe|1\n|-sideend|p2: p0y2219653c|Sticky Web|[from] move: Rapid Spin|[of] p2a: Toedscruel\n|move|p1a: Araquanid|Leech Life|p2a: Toedscruel\n|-supereffective|p2a: Toedscruel\n|-damage|p2a: Toedscruel|123/281\n|-heal|p1a: Araquanid|100/100 tox|[from] drain|[of] p2a: Toedscruel\n|\n|-heal|p2a: Toedscruel|140/281|[from] item: Leftovers\n|-damage|p1a: Araquanid|88/100 tox|[from] psn\n|upkeep\n|turn|3\n|inactive|Time left: 300 sec this turn | 300 sec total\n|\n|t:|1783565719\n|move|p2a: Toedscruel|Giga Drain|p1a: Araquanid\n|-crit|p1a: Araquanid\n|-damage|p1a: Araquanid|57/100 tox\n|-heal|p2a: Toedscruel|179/281|[from] drain|[of] p1a: Araquanid\n|move|p1a: Araquanid|Sticky Web|p2a: Toedscruel\n|-sidestart|p2: p0y2219653c|move: Sticky Web\n|\n|-heal|p2a: Toedscruel|196/281|[from] item: Leftovers\n|-damage|p1a: Araquanid|38/100 tox|[from] psn\n|upkeep\n|turn|4\n|inactive|Time left: 300 sec this turn | 300 sec total\n|\n|t:|1783565720\n|move|p2a: Toedscruel|Rapid Spin|p1a: Araquanid\n|-crit|p1a: Araquanid\n|-damage|p1a: Araquanid|21/100 tox\n|-boost|p2a: Toedscruel|spe|1\n|-sideend|p2: p0y2219653c|Sticky Web|[from] move: Rapid Spin|[of] p2a: Toedscruel\n|move|p1a: Araquanid|Leech Life|p2a: Toedscruel\n|-supereffective|p2a: Toedscruel\n|-damage|p2a: Toedscruel|46/281\n|-heal|p1a: Araquanid|52/100 tox|[from] drain|[of] p2a: Toedscruel\n|\n|-heal|p2a: Toedscruel|63/281|[from] item: Leftovers\n|-damage|p1a: Araquanid|27/100 tox|[from] psn\n|upkeep\n|turn|5\n|inactive|Time left: 300 sec this turn | 300 sec total\n|\n|t:|1783565722\n|move|p2a: Toedscruel|Earth Power|p1a: Araquanid\n|-resisted|p1a: Araquanid\n|-damage|p1a: Araquanid|14/100 tox\n|move|p1a: Araquanid|Sticky Web|p2a: Toedscruel\n|-sidestart|p2: p0y2219653c|move: Sticky Web\n|\n|-heal|p2a: Toedscruel|80/281|[from] item: Leftovers\n|-damage|p1a: Araquanid|0 fnt|[from] psn\n|faint|p1a: Araquanid\n|upkeep\n|\n|t:|1783565723\n|switch|p1a: Mudsdale|Mudsdale, L83, F|100/100\n|turn|6\n|inactive|Time left: 300 sec this turn | 300 sec total\n|\n|t:|1783565724\n|move|p2a: Toedscruel|Giga Drain|p1a: Mudsdale\n|-supereffective|p1a: Mudsdale\n|-damage|p1a: Mudsdale|53/100\n|-heal|p2a: Toedscruel|152/281|[from] drain|[of] p1a: Mudsdale\n|-ability|p1a: Mudsdale|Stamina|boost\n|-boost|p1a: Mudsdale|def|1\n|move|p1a: Mudsdale|Heavy Slam|p2a: Toedscruel\n|-damage|p2a: Toedscruel|22/281\n|\n|-heal|p2a: Toedscruel|39/281|[from] item: Leftovers\n|-heal|p1a: Mudsdale|59/100|[from] item: Leftovers\n|upkeep\n|turn|7\n|inactive|Time left: 300 sec this turn | 300 sec total\n|\n|t:|1783565725\n|move|p2a: Toedscruel|Giga Drain|p1a: Mudsdale\n|-supereffective|p1a: Mudsdale\n|-crit|p1a: Mudsdale\n|-damage|p1a: Mudsdale|0 fnt\n|-heal|p2a: Toedscruel|127/281|[from] drain|[of] p1a: Mudsdale\n|faint|p1a: Mudsdale\n|\n|-heal|p2a: Toedscruel|144/281|[from] item: Leftovers\n|upkeep\n|\n|t:|1783565726\n|switch|p1a: Vileplume|Vileplume, L85, M|100/100\n|turn|8\n|inactive|Time left: 300 sec this turn | 300 sec total\n|\n|t:|1783565727\n|move|p2a: Toedscruel|Rapid Spin|p1a: Vileplume\n|-damage|p1a: Vileplume|90/100\n|-boost|p2a: Toedscruel|spe|1\n|-sideend|p2: p0y2219653c|Sticky Web|[from] move: Rapid Spin|[of] p2a: Toedscruel\n|move|p1a: Vileplume|Sludge Bomb|p2a: Toedscruel\n|-damage|p2a: Toedscruel|65/281\n|\n|-heal|p2a: Toedscruel|82/281|[from] item: Leftovers\n|-heal|p1a: Vileplume|96/100|[from] item: Leftovers\n|upkeep\n|turn|9\n|inactive|Time left: 300 sec this turn | 300 sec total\n|\n|t:|1783565728\n|move|p2a: Toedscruel|Earth Power|p1a: Vileplume\n|-damage|p1a: Vileplume|66/100\n|move|p1a: Vileplume|Sludge Bomb|p2a: Toedscruel\n|-damage|p2a: Toedscruel|0 fnt\n|faint|p2a: Toedscruel\n|\n|-heal|p1a: Vileplume|72/100|[from] item: Leftovers\n|upkeep\n|inactive|Time left: 300 sec this turn | 300 sec total | 5 sec grace\n|\n|t:|1783565729\n|switch|p2a: Hydreigon|Hydreigon, L79, F|275/275\n|turn|10\n|inactive|Time left: 300 sec this turn | 300 sec total\n|\n|t:|1783565730\n|move|p2a: Hydreigon|Fire Blast|p1a: Vileplume\n|-supereffective|p1a: Vileplume\n|-damage|p1a: Vileplume|0 fnt\n|faint|p1a: Vileplume\n|\n|upkeep\n|\n|t:|1783565731\n|switch|p1a: Glimmora|Glimmora, L75, F|100/100\n|turn|11\n|inactive|Time left: 300 sec this turn | 300 sec total\n|\n|t:|1783565732\n|move|p2a: Hydreigon|Fire Blast|p1a: Glimmora\n|-resisted|p1a: Glimmora\n|-damage|p1a: Glimmora|68/100\n|move|p1a: Glimmora|Meteor Beam||[still]\n|-prepare|p1a: Glimmora|Meteor Beam\n|-boost|p1a: Glimmora|spa|1\n|-enditem|p1a: Glimmora|Power Herb\n|-anim|p1a: Glimmora|Meteor Beam|p2a: Hydreigon\n|-damage|p2a: Hydreigon|58/275\n|\n|upkeep\n|turn|12\n|inactive|Time left: 300 sec this turn | 300 sec total\n|\n|t:|1783565733\n|move|p2a: Hydreigon|Fire Blast|p1a: Glimmora|[miss]\n|-miss|p2a: Hydreigon|p1a: Glimmora\n|move|p1a: Glimmora|Meteor Beam||[still]\n|-prepare|p1a: Glimmora|Meteor Beam\n|-boost|p1a: Glimmora|spa|1\n|\n|upkeep\n|turn|13\n|inactive|Time left: 300 sec this turn | 300 sec total\n|\n|t:|1783565734\n|move|p2a: Hydreigon|Fire Blast|p1a: Glimmora\n|-resisted|p1a: Glimmora\n|-damage|p1a: Glimmora|38/100\n|-status|p1a: Glimmora|brn\n|move|p1a: Glimmora|Meteor Beam|p2a: Hydreigon|[from] lockedmove\n|-damage|p2a: Hydreigon|0 fnt\n|faint|p2a: Hydreigon\n|\n|-damage|p1a: Glimmora|32/100 brn|[from] brn\n|upkeep\n|inactive|Time left: 300 sec this turn | 300 sec total | 5 sec grace\n|\n|t:|1783565735\n|switch|p2a: Shiftry|Shiftry, L89, M|305/305\n|turn|14\n|inactive|Time left: 300 sec this turn | 300 sec total\n|\n|t:|1783565736\n|move|p2a: Shiftry|Knock Off|p1a: Glimmora\n|-damage|p1a: Glimmora|0 fnt\n|-activate|p1a: Glimmora|ability: Toxic Debris\n|-sidestart|p2: p0y2219653c|move: Toxic Spikes\n|faint|p1a: Glimmora\n|-damage|p2a: Shiftry|275/305|[from] item: Life Orb\n|\n|upkeep\n|\n|t:|1783565737\n|switch|p1a: Lucario|Lucario, L84, F|100/100\n|turn|15\n|inactive|Time left: 300 sec this turn | 300 sec total\n|\n|t:|1783565738\n|switch|p2a: Cinderace|Cinderace, L77, M|249/249\n|move|p1a: Lucario|Nasty Plot|p1a: Lucario\n|-boost|p1a: Lucario|spa|2\n|\n|upkeep\n|turn|16\n|inactive|Time left: 300 sec this turn | 300 sec total\n|\n|t:|1783565739\n|-terastallize|p1a: Lucario|Fighting\n|move|p2a: Cinderace|Pyro Ball|p1a: Lucario\n|-damage|p1a: Lucario|45/100\n|move|p1a: Lucario|Nasty Plot|p1a: Lucario\n|-boost|p1a: Lucario|spa|2\n|\n|upkeep\n|turn|17\n|inactive|Time left: 300 sec this turn | 300 sec total\n|\n|t:|1783565739\n|switch|p2a: Poliwrath|Poliwrath, L88, M|302/302\n|-status|p2a: Poliwrath|psn\n|move|p1a: Lucario|Vacuum Wave|p2a: Poliwrath\n|-damage|p2a: Poliwrath|58/302 psn\n|-damage|p1a: Lucario|35/100|[from] item: Life Orb\n|\n|-damage|p2a: Poliwrath|21/302 psn|[from] psn\n|upkeep\n|turn|18\n|inactive|Time left: 300 sec this turn | 300 sec total\n|\n|t:|1783565740\n|move|p1a: Lucario|Flash Cannon|p2a: Poliwrath\n|-resisted|p2a: Poliwrath\n|-damage|p2a: Poliwrath|0 fnt\n|faint|p2a: Poliwrath\n|-damage|p1a: Lucario|25/100|[from] item: Life Orb\n|\n|upkeep\n|inactive|Time left: 300 sec this turn | 300 sec total | 5 sec grace\n|\n|t:|1783565741\n|switch|p2a: Shiftry|Shiftry, L89, M|275/305\n|-status|p2a: Shiftry|psn\n|turn|19\n|inactive|Time left: 300 sec this turn | 300 sec total\n|\n|t:|1783565742\n|switch|p2a: Articuno|Articuno, L86|295/295\n|-ability|p2a: Articuno|Pressure\n|move|p1a: Lucario|Vacuum Wave|p2a: Articuno\n|-damage|p2a: Articuno|92/295\n|-damage|p1a: Lucario|15/100|[from] item: Life Orb\n|\n|upkeep\n|turn|20\n|inactive|Time left: 300 sec this turn | 300 sec total\n|\n|t:|1783565743\n|move|p1a: Lucario|Vacuum Wave|p2a: Articuno\n|-crit|p2a: Articuno\n|-damage|p2a: Articuno|0 fnt\n|faint|p2a: Articuno\n|-damage|p1a: Lucario|6/100|[from] item: Life Orb\n|\n|upkeep\n|inactive|Time left: 300 sec this turn | 300 sec total | 5 sec grace\n|\n|t:|1783565744\n|switch|p2a: Cinderace|Cinderace, L77, M|249/249\n|turn|21\n|inactive|Time left: 300 sec this turn | 300 sec total\n|\n|t:|1783565745\n|switch|p2a: Shiftry|Shiftry, L89, M|275/305 psn\n|switch|p1a: Kilowattrel|Kilowattrel, L83, F|100/100\n|\n|-damage|p2a: Shiftry|237/305 psn|[from] psn\n|upkeep\n|turn|22\n|inactive|Time left: 300 sec this turn | 300 sec total\n|\n|t:|1783565746\n|-terastallize|p2a: Shiftry|Dark\n|move|p1a: Kilowattrel|U-turn|p2a: Shiftry\n|-supereffective|p2a: Shiftry\n|-damage|p2a: Shiftry|137/305 psn\n|\n|t:|1783565746\n|switch|p1a: Lucario|Lucario, L84, F, tera:Fighting|6/100|[from] U-turn\n|move|p2a: Shiftry|Knock Off|p1a: Lucario\n|-resisted|p1a: Lucario\n|-damage|p1a: Lucario|0 fnt\n|-enditem|p1a: Lucario|Life Orb|[from] move: Knock Off|[of] p2a: Shiftry\n|faint|p1a: Lucario\n|-damage|p2a: Shiftry|107/305 psn|[from] item: Life Orb\n|\n|-damage|p2a: Shiftry|69/305 psn|[from] psn\n|upkeep\n|\n|t:|1783565747\n|switch|p1a: Kilowattrel|Kilowattrel, L83, F|100/100\n|turn|23\n|inactive|Time left: 300 sec this turn | 300 sec total\n|\n|t:|1783565748\n|move|p2a: Shiftry|Sucker Punch||[still]\n|-fail|p2a: Shiftry\n|move|p1a: Kilowattrel|Roost||[still]\n|-fail|p1a: Kilowattrel|heal\n|\n|-damage|p2a: Shiftry|31/305 psn|[from] psn\n|upkeep\n|turn|24\n|inactive|Time left: 300 sec this turn | 300 sec total\n|\n|t:|1783565749\n|move|p2a: Shiftry|Sucker Punch||[still]\n|-fail|p2a: Shiftry\n|move|p1a: Kilowattrel|Roost||[still]\n|-fail|p1a: Kilowattrel|heal\n|\n|-damage|p2a: Shiftry|0 fnt|[from] psn\n|faint|p2a: Shiftry\n|upkeep\n|inactive|Time left: 300 sec this turn | 300 sec total | 5 sec grace\n|\n|t:|1783565750\n|switch|p2a: Cinderace|Cinderace, L77, M|249/249\n|turn|25\n|inactive|Time left: 300 sec this turn | 300 sec total\n|\n|t:|1783565750\n|move|p1a: Kilowattrel|Thunderbolt|p2a: Cinderace\n|-damage|p2a: Cinderace|123/249\n|move|p2a: Cinderace|Pyro Ball|p1a: Kilowattrel\n|-crit|p1a: Kilowattrel\n|-damage|p1a: Kilowattrel|0 fnt\n|faint|p1a: Kilowattrel\n|\n|win|p0y2219653c", "uploadtime": 1783565750, "views": 0, "rating": 0, "private": 0, "password": null, "_winner": "p0y2219653c", "_our_name": "p0y2219653c"}