{"id": "battle-gen9randombattle-2332", "formatid": "gen9randombattle", "format": "[Gen 9] Random Battle", "players": ["p0x23327a0a", "p0y2332c897"], "log": "|init|battle\n|title|p0x23327a0a vs. p0y2332c897\n|j|\u2606p0x23327a0a\n|j|\u2606p0y2332c897\n|t:|1783567063\n|gametype|singles\n|player|p1|p0x23327a0a|170|\n|player|p2|p0y2332c897|265|\n|gen|9\n|tier|[Gen 9] Random Battle\n|rule|Species Clause: Limit one of each Pok\u00e9mon\n|rule|HP Percentage Mod: HP is shown in percentages\n|rule|Sleep Clause Mod: Limit one foe put to sleep\n|rule|Illusion Level Mod: Illusion disguises the Pok\u00e9mon's true level\n|\n|t:|1783567064\n|teamsize|p1|6\n|teamsize|p2|6\n|start\n|switch|p1a: Polteageist|Polteageist-Antique, L78|100/100\n|switch|p2a: Pachirisu|Pachirisu, L96, F|271/271\n|turn|1\n|inactive|Battle timer is ON: inactive players will automatically lose when time's up. (requested by p0y2332c897)\n|inactive|p0x23327a0a also wants the timer to be on.\n|\n|t:|1783567065\n|move|p2a: Pachirisu|U-turn|p1a: Polteageist\n|-resisted|p1a: Polteageist\n|-damage|p1a: Polteageist|89/100\n|inactive|Time left: 300 sec this turn | 300 sec total | 65 sec grace\n|\n|t:|1783567067\n|switch|p2a: Ninetales|Ninetales-Alola, L78, M|242/242|[from] U-turn\n|-weather|Snowscape|[from] ability: Snow Warning|[of] p2a: Ninetales\n|move|p1a: Polteageist|Shell Smash|p1a: Polteageist\n|-unboost|p1a: Polteageist|def|1\n|-unboost|p1a: Polteageist|spd|1\n|-boost|p1a: Polteageist|atk|2\n|-boost|p1a: Polteageist|spa|2\n|-boost|p1a: Polteageist|spe|2\n|-enditem|p1a: Polteageist|White Herb\n|-clearnegativeboost|p1a: Polteageist|[silent]\n|\n|-weather|Snowscape|[upkeep]\n|upkeep\n|turn|2\n|inactive|Time left: 300 sec this turn | 300 sec total\n|\n|t:|1783567068\n|move|p1a: Polteageist|Shadow Ball|p2a: Ninetales\n|-damage|p2a: Ninetales|44/242\n|-unboost|p2a: Ninetales|spd|1\n|move|p2a: Ninetales|Aurora Veil|p2a: Ninetales\n|-sidestart|p2: p0y2332c897|move: Aurora Veil\n|\n|-weather|Snowscape|[upkeep]\n|upkeep\n|turn|3\n|inactive|Time left: 300 sec this turn | 300 sec total\n|\n|t:|1783567069\n|switch|p2a: Wo-Chien|Wo-Chien, L83|277/277\n|-ability|p2a: Wo-Chien|Tablets of Ruin\n|move|p1a: Polteageist|Shadow Ball|p2a: Wo-Chien\n|-resisted|p2a: Wo-Chien\n|-damage|p2a: Wo-Chien|240/277\n|-unboost|p2a: Wo-Chien|spd|1\n|\n|-weather|Snowscape|[upkeep]\n|-heal|p2a: Wo-Chien|257/277|[from] item: Leftovers\n|upkeep\n|turn|4\n|inactive|Time left: 300 sec this turn | 300 sec total\n|\n|t:|1783567070\n|move|p1a: Polteageist|Strength Sap|p2a: Wo-Chien\n|-unboost|p2a: Wo-Chien|atk|1\n|-heal|p1a: Polteageist|100/100\n|move|p2a: Wo-Chien|Knock Off|p1a: Polteageist\n|-supereffective|p1a: Polteageist\n|-damage|p1a: Polteageist|52/100\n|-start|p2a: Wo-Chien|Disable|Knock Off|[from] ability: Cursed Body|[of] p1a: Polteageist\n|\n|-weather|Snowscape|[upkeep]\n|-heal|p2a: Wo-Chien|274/277|[from] item: Leftovers\n|upkeep\n|turn|5\n|inactive|Time left: 300 sec this turn | 300 sec total\n|\n|t:|1783567071\n|switch|p2a: Serperior|Serperior, L79, F|248/248\n|move|p1a: Polteageist|Strength Sap|p2a: Serperior\n|-boost|p2a: Serperior|atk|1\n|-heal|p1a: Polteageist|100/100\n|\n|-weather|none\n|upkeep\n|turn|6\n|inactive|Time left: 300 sec this turn | 300 sec total\n|\n|t:|1783567073\n|move|p1a: Polteageist|Shell Smash|p1a: Polteageist\n|-unboost|p1a: Polteageist|def|1\n|-unboost|p1a: Polteageist|spd|1\n|-boost|p1a: Polteageist|atk|2\n|-boost|p1a: Polteageist|spa|2\n|-boost|p1a: Polteageist|spe|2\n|move|p2a: Serperior|Leaf Storm|p1a: Polteageist|[miss]\n|-miss|p2a: Serperior|p1a: Polteageist\n|\n|upkeep\n|turn|7\n|inactive|Time left: 300 sec this turn | 300 sec total\n|\n|t:|1783567074\n|switch|p2a: Wo-Chien|Wo-Chien, L83|274/277\n|-ability|p2a: Wo-Chien|Tablets of Ruin\n|move|p1a: Polteageist|Shadow Ball|p2a: Wo-Chien\n|-resisted|p2a: Wo-Chien\n|-damage|p2a: Wo-Chien|223/277\n|-unboost|p2a: Wo-Chien|spd|1\n|\n|-heal|p2a: Wo-Chien|240/277|[from] item: Leftovers\n|upkeep\n|turn|8\n|inactive|Time left: 300 sec this turn | 300 sec total\n|\n|t:|1783567075\n|-terastallize|p1a: Polteageist|Fighting\n|move|p1a: Polteageist|Tera Blast|p2a: Wo-Chien|[anim] Tera Blast Fighting\n|-supereffective|p2a: Wo-Chien\n|-damage|p2a: Wo-Chien|0 fnt\n|faint|p2a: Wo-Chien\n|\n|upkeep\n|inactive|Time left: 300 sec this turn | 300 sec total | 5 sec grace\n|\n|t:|1783567075\n|switch|p2a: Mienshao|Mienshao, L83, F|243/243\n|turn|9\n|inactive|Time left: 300 sec this turn | 300 sec total\n|\n|t:|1783567076\n|move|p1a: Polteageist|Strength Sap|p2a: Mienshao\n|-unboost|p2a: Mienshao|atk|1\n|move|p2a: Mienshao|High Jump Kick|p1a: Polteageist\n|-damage|p1a: Polteageist|0 fnt\n|-start|p2a: Mienshao|Disable|High Jump Kick|[from] ability: Cursed Body|[of] p1a: Polteageist\n|faint|p1a: Polteageist\n|\n|-sideend|p2: p0y2332c897|move: Aurora Veil\n|upkeep\n|\n|t:|1783567077\n|switch|p1a: Masquerain|Masquerain, L87, F|100/100\n|-ability|p1a: Masquerain|Intimidate|boost\n|-unboost|p2a: Mienshao|atk|1\n|turn|10\n|inactive|Time left: 300 sec this turn | 300 sec total\n|\n|t:|1783567078\n|switch|p2a: Ninetales|Ninetales-Alola, L78, M|44/242\n|-weather|Snowscape|[from] ability: Snow Warning|[of] p2a: Ninetales\n|move|p1a: Masquerain|Sticky Web|p2a: Ninetales\n|-sidestart|p2: p0y2332c897|move: Sticky Web\n|\n|-weather|Snowscape|[upkeep]\n|upkeep\n|turn|11\n|inactive|Time left: 300 sec this turn | 300 sec total\n|\n|t:|1783567079\n|switch|p1a: Spectrier|Spectrier, L75|100/100\n|move|p2a: Ninetales|Aurora Veil|p2a: Ninetales\n|-sidestart|p2: p0y2332c897|move: Aurora Veil\n|\n|-weather|Snowscape|[upkeep]\n|upkeep\n|turn|12\n|inactive|Time left: 300 sec this turn | 300 sec total\n|\n|t:|1783567080\n|switch|p2a: Serperior|Serperior, L79, F|248/248\n|-activate|p2a: Serperior|move: Sticky Web\n|-boost|p2a: Serperior|spe|1\n|move|p1a: Spectrier|Nasty Plot|p1a: Spectrier\n|-boost|p1a: Spectrier|spa|2\n|\n|-weather|Snowscape|[upkeep]\n|upkeep\n|turn|13\n|inactive|Time left: 300 sec this turn | 300 sec total\n|\n|t:|1783567081\n|move|p2a: Serperior|Leaf Storm|p1a: Spectrier\n|-damage|p1a: Spectrier|39/100\n|-boost|p2a: Serperior|spa|2\n|-damage|p2a: Serperior|224/248|[from] item: Life Orb\n|move|p1a: Spectrier|Shadow Ball|p2a: Serperior\n|-damage|p2a: Serperior|97/248\n|-damage|p1a: Spectrier|29/100|[from] item: Life Orb\n|\n|-weather|Snowscape|[upkeep]\n|upkeep\n|turn|14\n|inactive|Time left: 300 sec this turn | 300 sec total\n|\n|t:|1783567082\n|switch|p1a: Rabsca|Rabsca, L91, M|100/100\n|move|p2a: Serperior|Leaf Storm|p1a: Rabsca\n|-resisted|p1a: Rabsca\n|-damage|p1a: Rabsca|62/100\n|-boost|p2a: Serperior|spa|2\n|-damage|p2a: Serperior|73/248|[from] item: Life Orb\n|\n|-weather|none\n|upkeep\n|turn|15\n|inactive|Time left: 300 sec this turn | 300 sec total\n|\n|t:|1783567083\n|-terastallize|p2a: Serperior|Rock\n|move|p2a: Serperior|Tera Blast|p1a: Rabsca|[anim] Tera Blast Rock\n|-supereffective|p1a: Rabsca\n|-damage|p1a: Rabsca|0 fnt\n|faint|p1a: Rabsca\n|-damage|p2a: Serperior|49/248|[from] item: Life Orb\n|\n|upkeep\n|\n|t:|1783567084\n|switch|p1a: Tatsugiri|Tatsugiri, L87, M|100/100\n|turn|16\n|inactive|Time left: 300 sec this turn | 300 sec total\n|\n|t:|1783567085\n|switch|p1a: Masquerain|Masquerain, L87, F|100/100\n|-ability|p1a: Masquerain|Intimidate|boost\n|-boost|p2a: Serperior|atk|1\n|move|p2a: Serperior|Leaf Storm|p1a: Masquerain\n|-resisted|p1a: Masquerain\n|-damage|p1a: Masquerain|61/100\n|-boost|p2a: Serperior|spa|2\n|-damage|p2a: Serperior|25/248|[from] item: Life Orb\n|\n|upkeep\n|turn|17\n|inactive|Time left: 300 sec this turn | 300 sec total\n|\n|t:|1783567086\n|move|p2a: Serperior|Synthesis|p2a: Serperior\n|-heal|p2a: Serperior|149/248\n|move|p1a: Masquerain|Hydro Pump|p2a: Serperior\n|-supereffective|p2a: Serperior\n|-damage|p2a: Serperior|69/248\n|\n|upkeep\n|turn|18\n|inactive|Time left: 300 sec this turn | 300 sec total\n|\n|t:|1783567087\n|switch|p1a: Spectrier|Spectrier, L75|29/100\n|move|p2a: Serperior|Tera Blast|p1a: Spectrier|[anim] Tera Blast Rock\n|-damage|p1a: Spectrier|0 fnt\n|faint|p1a: Spectrier\n|-damage|p2a: Serperior|45/248|[from] item: Life Orb\n|\n|-sideend|p2: p0y2332c897|move: Aurora Veil\n|upkeep\n|\n|t:|1783567088\n|switch|p1a: Tatsugiri|Tatsugiri, L87, M|100/100\n|turn|19\n|inactive|Time left: 300 sec this turn | 300 sec total\n|\n|t:|1783567089\n|move|p2a: Serperior|Tera Blast|p1a: Tatsugiri|[anim] Tera Blast Rock\n|-damage|p1a: Tatsugiri|0 fnt\n|faint|p1a: Tatsugiri\n|-damage|p2a: Serperior|21/248|[from] item: Life Orb\n|\n|upkeep\n|\n|t:|1783567090\n|switch|p1a: Chien-Pao|Chien-Pao, L72|100/100\n|-ability|p1a: Chien-Pao|Sword of Ruin\n|turn|20\n|inactive|Time left: 300 sec this turn | 300 sec total\n|\n|t:|1783567090\n|move|p2a: Serperior|Tera Blast|p1a: Chien-Pao|[anim] Tera Blast Rock\n|-supereffective|p1a: Chien-Pao\n|-damage|p1a: Chien-Pao|0 fnt\n|faint|p1a: Chien-Pao\n|-damage|p2a: Serperior|0 fnt|[from] item: Life Orb\n|faint|p2a: Serperior\n|\n|upkeep\n|inactive|Time left: 300 sec this turn | 300 sec total | 5 sec grace\n|\n|t:|1783567091\n|switch|p1a: Masquerain|Masquerain, L87, F|61/100\n|switch|p2a: Lanturn|Lanturn, L89, M|367/367\n|-ability|p1a: Masquerain|Intimidate|boost\n|-unboost|p2a: Lanturn|atk|1\n|-activate|p2a: Lanturn|move: Sticky Web\n|-unboost|p2a: Lanturn|spe|1\n|turn|21\n|inactive|Time left: 300 sec this turn | 300 sec total\n|\n|t:|1783567092\n|move|p1a: Masquerain|Hurricane|p2a: Lanturn\n|-resisted|p2a: Lanturn\n|-damage|p2a: Lanturn|304/367\n|-start|p2a: Lanturn|confusion\n|-activate|p2a: Lanturn|confusion\n|move|p2a: Lanturn|Thunderbolt|p1a: Masquerain\n|-supereffective|p1a: Masquerain\n|-damage|p1a: Masquerain|0 fnt\n|faint|p1a: Masquerain\n|\n|win|p0y2332c897", "uploadtime": 1783567092, "views": 0, "rating": 0, "private": 0, "password": null, "_winner": "p0y2332c897", "_our_name": "p0y2332c897"}