{"id": "battle-gen9randombattle-1164", "formatid": "gen9randombattle", "format": "[Gen 9] Random Battle", "players": ["p0x11647dc3", "p0y116469df"], "log": "|init|battle\n|title|p0x11647dc3 vs. p0y116469df\n|j|\u2606p0x11647dc3\n|j|\u2606p0y116469df\n|t:|1783553501\n|gametype|singles\n|player|p1|p0x11647dc3|101|\n|player|p2|p0y116469df|2|\n|gen|9\n|tier|[Gen 9] Random Battle\n|rule|Species Clause: Limit one of each Pok\u00e9mon\n|rule|HP Percentage Mod: HP is shown in percentages\n|rule|Sleep Clause Mod: Limit one foe put to sleep\n|rule|Illusion Level Mod: Illusion disguises the Pok\u00e9mon's true level\n|\n|t:|1783553501\n|teamsize|p1|6\n|teamsize|p2|6\n|start\n|switch|p1a: Empoleon|Empoleon, L84, M|278/278\n|switch|p2a: Groudon|Groudon, L72|100/100\n|-weather|SunnyDay|[from] ability: Drought|[of] p2a: Groudon\n|turn|1\n|inactive|Battle timer is ON: inactive players will automatically lose when time's up. (requested by p0y116469df)\n|inactive|Time left: 300 sec this turn | 300 sec total | 60 sec grace\n|\n|t:|1783553502\n|switch|p1a: Noivern|Noivern, L82, F|274/274\n|move|p2a: Groudon|Stealth Rock|p1a: Noivern\n|-sidestart|p1: p0x11647dc3|move: Stealth Rock\n|\n|-weather|SunnyDay|[upkeep]\n|upkeep\n|turn|2\n|inactive|Time left: 300 sec this turn | 300 sec total\n|inactive|p0x11647dc3 also wants the timer to be on.\n|\n|t:|1783553503\n|switch|p2a: Porygon2|Porygon2, L81|100/100\n|-ability|p2a: Porygon2|Download|boost\n|-boost|p2a: Porygon2|spa|1\n|move|p1a: Noivern|Boomburst|p2a: Porygon2\n|-damage|p2a: Porygon2|68/100\n|\n|-weather|SunnyDay|[upkeep]\n|upkeep\n|turn|3\n|inactive|Time left: 300 sec this turn | 300 sec total\n|\n|t:|1783553504\n|move|p1a: Noivern|Boomburst|p2a: Porygon2\n|-damage|p2a: Porygon2|36/100\n|move|p2a: Porygon2|Recover|p2a: Porygon2\n|-heal|p2a: Porygon2|86/100\n|\n|-weather|SunnyDay|[upkeep]\n|upkeep\n|turn|4\n|inactive|Time left: 300 sec this turn | 300 sec total\n|\n|t:|1783553505\n|move|p1a: Noivern|Boomburst|p2a: Porygon2\n|-damage|p2a: Porygon2|50/100\n|move|p2a: Porygon2|Tera Blast|p1a: Noivern\n|-damage|p1a: Noivern|139/274\n|\n|-weather|SunnyDay|[upkeep]\n|upkeep\n|turn|5\n|inactive|Time left: 300 sec this turn | 300 sec total\n|\n|t:|1783553506\n|move|p1a: Noivern|Boomburst|p2a: Porygon2\n|-damage|p2a: Porygon2|13/100\n|move|p2a: Porygon2|Recover|p2a: Porygon2\n|-heal|p2a: Porygon2|63/100\n|\n|-weather|none\n|upkeep\n|turn|6\n|inactive|Time left: 300 sec this turn | 300 sec total\n|\n|t:|1783553508\n|move|p1a: Noivern|Boomburst|p2a: Porygon2\n|-damage|p2a: Porygon2|26/100\n|move|p2a: Porygon2|Recover|p2a: Porygon2\n|-heal|p2a: Porygon2|76/100\n|\n|upkeep\n|turn|7\n|inactive|Time left: 300 sec this turn | 300 sec total\n|\n|t:|1783553509\n|move|p1a: Noivern|Boomburst|p2a: Porygon2\n|-damage|p2a: Porygon2|40/100\n|move|p2a: Porygon2|Tera Blast|p1a: Noivern\n|-damage|p1a: Noivern|0 fnt\n|faint|p1a: Noivern\n|\n|upkeep\n|inactive|Time left: 300 sec this turn | 300 sec total | 5 sec grace\n|\n|t:|1783553510\n|switch|p1a: Thundurus|Thundurus-Therian, L80, M|258/258\n|turn|8\n|inactive|Time left: 300 sec this turn | 300 sec total\n|\n|t:|1783553511\n|move|p1a: Thundurus|Nasty Plot|p1a: Thundurus\n|-boost|p1a: Thundurus|spa|2\n|move|p2a: Porygon2|Recover|p2a: Porygon2\n|-heal|p2a: Porygon2|90/100\n|\n|upkeep\n|turn|9\n|inactive|Time left: 300 sec this turn | 300 sec total\n|\n|t:|1783553512\n|move|p1a: Thundurus|Focus Blast|p2a: Porygon2|[miss]\n|-miss|p1a: Thundurus|p2a: Porygon2\n|move|p2a: Porygon2|Tera Blast|p1a: Thundurus\n|-damage|p1a: Thundurus|125/258\n|\n|upkeep\n|turn|10\n|inactive|Time left: 300 sec this turn | 300 sec total\n|\n|t:|1783553513\n|move|p1a: Thundurus|Focus Blast|p2a: Porygon2|[miss]\n|-miss|p1a: Thundurus|p2a: Porygon2\n|move|p2a: Porygon2|Tera Blast|p1a: Thundurus\n|-damage|p1a: Thundurus|0 fnt\n|faint|p1a: Thundurus\n|\n|upkeep\n|inactive|Time left: 300 sec this turn | 300 sec total | 5 sec grace\n|\n|t:|1783553514\n|switch|p1a: Hitmonchan|Hitmonchan, L87, M|229/229\n|-damage|p1a: Hitmonchan|215/229|[from] Stealth Rock\n|turn|11\n|inactive|Time left: 300 sec this turn | 300 sec total\n|\n|t:|1783553516\n|-terastallize|p2a: Porygon2|Fairy\n|move|p1a: Hitmonchan|Swords Dance|p1a: Hitmonchan\n|-boost|p1a: Hitmonchan|atk|2\n|move|p2a: Porygon2|Tera Blast|p1a: Hitmonchan|[anim] Tera Blast Fairy\n|-supereffective|p1a: Hitmonchan\n|-damage|p1a: Hitmonchan|0 fnt\n|faint|p1a: Hitmonchan\n|\n|upkeep\n|inactive|Time left: 300 sec this turn | 300 sec total | 5 sec grace\n|\n|t:|1783553517\n|switch|p1a: Toxapex|Toxapex, L82, F|216/216\n|-damage|p1a: Toxapex|189/216|[from] Stealth Rock\n|turn|12\n|inactive|Time left: 300 sec this turn | 300 sec total\n|\n|t:|1783553518\n|move|p2a: Porygon2|Thunder Wave|p1a: Toxapex\n|-status|p1a: Toxapex|par\n|move|p1a: Toxapex|Toxic Spikes|p2a: Porygon2\n|-sidestart|p2: p0y116469df|move: Toxic Spikes\n|\n|upkeep\n|turn|13\n|inactive|Time left: 300 sec this turn | 300 sec total\n|\n|t:|1783553519\n|move|p2a: Porygon2|Shadow Ball|p1a: Toxapex\n|-damage|p1a: Toxapex|128/216 par\n|move|p1a: Toxapex|Haze|p1a: Toxapex\n|-clearallboost\n|\n|upkeep\n|turn|14\n|inactive|Time left: 300 sec this turn | 300 sec total\n|\n|t:|1783553520\n|move|p2a: Porygon2|Shadow Ball|p1a: Toxapex\n|-damage|p1a: Toxapex|87/216 par\n|cant|p1a: Toxapex|par\n|\n|upkeep\n|turn|15\n|inactive|Time left: 300 sec this turn | 300 sec total\n|\n|t:|1783553521\n|move|p2a: Porygon2|Tera Blast|p1a: Toxapex|[anim] Tera Blast Fairy\n|-resisted|p1a: Toxapex\n|-damage|p1a: Toxapex|57/216 par\n|move|p1a: Toxapex|Toxic Spikes|p2a: Porygon2\n|-sidestart|p2: p0y116469df|move: Toxic Spikes\n|\n|upkeep\n|turn|16\n|inactive|Time left: 300 sec this turn | 300 sec total\n|\n|t:|1783553522\n|move|p2a: Porygon2|Shadow Ball|p1a: Toxapex\n|-damage|p1a: Toxapex|13/216 par\n|cant|p1a: Toxapex|par\n|\n|upkeep\n|turn|17\n|inactive|Time left: 300 sec this turn | 300 sec total\n|\n|t:|1783553523\n|switch|p1a: Empoleon|Empoleon, L84, M|278/278\n|-damage|p1a: Empoleon|261/278|[from] Stealth Rock\n|move|p2a: Porygon2|Tera Blast|p1a: Empoleon|[anim] Tera Blast Fairy\n|-resisted|p1a: Empoleon\n|-damage|p1a: Empoleon|225/278\n|\n|-heal|p1a: Empoleon|242/278|[from] item: Leftovers\n|upkeep\n|turn|18\n|inactive|Time left: 300 sec this turn | 300 sec total\n|\n|t:|1783553524\n|move|p1a: Empoleon|Surf|p2a: Porygon2\n|-damage|p2a: Porygon2|66/100\n|move|p2a: Porygon2|Thunder Wave|p1a: Empoleon\n|-status|p1a: Empoleon|par\n|\n|-heal|p1a: Empoleon|259/278 par|[from] item: Leftovers\n|upkeep\n|turn|19\n|inactive|Time left: 300 sec this turn | 300 sec total\n|\n|t:|1783553525\n|move|p2a: Porygon2|Recover|p2a: Porygon2\n|-heal|p2a: Porygon2|100/100\n|move|p1a: Empoleon|Surf|p2a: Porygon2\n|-damage|p2a: Porygon2|75/100\n|\n|-heal|p1a: Empoleon|276/278 par|[from] item: Leftovers\n|upkeep\n|turn|20\n|inactive|Time left: 300 sec this turn | 300 sec total\n|\n|t:|1783553526\n|move|p2a: Porygon2|Recover|p2a: Porygon2\n|-heal|p2a: Porygon2|100/100\n|move|p1a: Empoleon|Knock Off|p2a: Porygon2\n|-resisted|p2a: Porygon2\n|-damage|p2a: Porygon2|92/100\n|-enditem|p2a: Porygon2|Eviolite|[from] move: Knock Off|[of] p1a: Empoleon\n|\n|-heal|p1a: Empoleon|278/278 par|[from] item: Leftovers\n|upkeep\n|turn|21\n|inactive|Time left: 300 sec this turn | 300 sec total\n|\n|t:|1783553527\n|switch|p2a: Frosmoth|Frosmoth, L82, M|100/100\n|move|p1a: Empoleon|Surf|p2a: Frosmoth\n|-damage|p2a: Frosmoth|81/100\n|\n|upkeep\n|turn|22\n|inactive|Time left: 300 sec this turn | 300 sec total\n|\n|t:|1783553528\n|move|p2a: Frosmoth|Quiver Dance|p2a: Frosmoth\n|-boost|p2a: Frosmoth|spa|1\n|-boost|p2a: Frosmoth|spd|1\n|-boost|p2a: Frosmoth|spe|1\n|cant|p1a: Empoleon|par\n|\n|upkeep\n|turn|23\n|inactive|Time left: 300 sec this turn | 300 sec total\n|\n|t:|1783553529\n|move|p2a: Frosmoth|Quiver Dance|p2a: Frosmoth\n|-boost|p2a: Frosmoth|spa|1\n|-boost|p2a: Frosmoth|spd|1\n|-boost|p2a: Frosmoth|spe|1\n|cant|p1a: Empoleon|par\n|\n|upkeep\n|turn|24\n|inactive|Time left: 300 sec this turn | 300 sec total\n|\n|t:|1783553530\n|move|p2a: Frosmoth|Quiver Dance|p2a: Frosmoth\n|-boost|p2a: Frosmoth|spa|1\n|-boost|p2a: Frosmoth|spd|1\n|-boost|p2a: Frosmoth|spe|1\n|cant|p1a: Empoleon|par\n|\n|upkeep\n|turn|25\n|inactive|Time left: 300 sec this turn | 300 sec total\n|\n|t:|1783553531\n|move|p2a: Frosmoth|Quiver Dance|p2a: Frosmoth\n|-boost|p2a: Frosmoth|spa|1\n|-boost|p2a: Frosmoth|spd|1\n|-boost|p2a: Frosmoth|spe|1\n|move|p1a: Empoleon|Knock Off|p2a: Frosmoth\n|-damage|p2a: Frosmoth|50/100\n|-enditem|p2a: Frosmoth|Heavy-Duty Boots|[from] move: Knock Off|[of] p1a: Empoleon\n|\n|upkeep\n|turn|26\n|inactive|Time left: 300 sec this turn | 300 sec total\n|\n|t:|1783553533\n|move|p2a: Frosmoth|Bug Buzz|p1a: Empoleon\n|-resisted|p1a: Empoleon\n|-damage|p1a: Empoleon|134/278 par\n|move|p1a: Empoleon|Knock Off|p2a: Frosmoth\n|-damage|p2a: Frosmoth|25/100\n|\n|-heal|p1a: Empoleon|151/278 par|[from] item: Leftovers\n|upkeep\n|turn|27\n|inactive|Time left: 300 sec this turn | 300 sec total\n|\n|t:|1783553534\n|move|p2a: Frosmoth|Bug Buzz|p1a: Empoleon\n|-resisted|p1a: Empoleon\n|-damage|p1a: Empoleon|9/278 par\n|move|p1a: Empoleon|Flip Turn|p2a: Frosmoth\n|-damage|p2a: Frosmoth|0 fnt\n|faint|p2a: Frosmoth\n|inactive|Time left: 300 sec this turn | 300 sec total | 5 sec grace\n|\n|t:|1783553535\n|switch|p1a: Mismagius|Mismagius, L86, M|243/243|[from] Flip Turn\n|-damage|p1a: Mismagius|213/243|[from] Stealth Rock\n|\n|-heal|p1a: Mismagius|228/243|[from] item: Leftovers\n|upkeep\n|\n|t:|1783553536\n|switch|p2a: Lurantis|Lurantis, L87, F|100/100\n|-status|p2a: Lurantis|tox\n|turn|28\n|inactive|Time left: 300 sec this turn | 300 sec total\n|\n|t:|1783553537\n|-terastallize|p1a: Mismagius|Fairy\n|move|p1a: Mismagius|Nasty Plot|p1a: Mismagius\n|-boost|p1a: Mismagius|spa|2\n|move|p2a: Lurantis|Leaf Storm|p1a: Mismagius\n|-damage|p1a: Mismagius|122/243\n|-boost|p2a: Lurantis|spa|2\n|\n|-heal|p1a: Mismagius|137/243|[from] item: Leftovers\n|-damage|p2a: Lurantis|94/100 tox|[from] psn\n|upkeep\n|turn|29\n|inactive|Time left: 300 sec this turn | 300 sec total\n|\n|t:|1783553538\n|move|p1a: Mismagius|Substitute|p1a: Mismagius\n|-start|p1a: Mismagius|Substitute\n|-damage|p1a: Mismagius|77/243\n|move|p2a: Lurantis|Leaf Storm|p1a: Mismagius\n|-end|p1a: Mismagius|Substitute\n|-boost|p2a: Lurantis|spa|2\n|\n|-heal|p1a: Mismagius|92/243|[from] item: Leftovers\n|-heal|p2a: Lurantis|100/100 tox|[from] item: Leftovers\n|-damage|p2a: Lurantis|88/100 tox|[from] psn\n|upkeep\n|turn|30\n|inactive|Time left: 300 sec this turn | 300 sec total\n|\n|t:|1783553539\n|move|p1a: Mismagius|Substitute|p1a: Mismagius\n|-start|p1a: Mismagius|Substitute\n|-damage|p1a: Mismagius|32/243\n|move|p2a: Lurantis|Leaf Storm|p1a: Mismagius\n|-end|p1a: Mismagius|Substitute\n|-boost|p2a: Lurantis|spa|2\n|\n|-heal|p1a: Mismagius|47/243|[from] item: Leftovers\n|-heal|p2a: Lurantis|94/100 tox|[from] item: Leftovers\n|-damage|p2a: Lurantis|76/100 tox|[from] psn\n|upkeep\n|turn|31\n|inactive|Time left: 300 sec this turn | 300 sec total\n|\n|t:|1783553540\n|switch|p1a: Empoleon|Empoleon, L84, M|9/278 par\n|-damage|p1a: Empoleon|0 fnt|[from] Stealth Rock\n|faint|p1a: Empoleon\n|move|p2a: Lurantis|Superpower|p1: Empoleon|[notarget]\n|-fail|p2a: Lurantis\n|\n|-heal|p2a: Lurantis|82/100 tox|[from] item: Leftovers\n|-damage|p2a: Lurantis|58/100 tox|[from] psn\n|upkeep\n|inactive|Time left: 300 sec this turn | 300 sec total | 5 sec grace\n|\n|t:|1783553540\n|switch|p1a: Toxapex|Toxapex, L82, F|85/216 par\n|-damage|p1a: Toxapex|58/216 par|[from] Stealth Rock\n|turn|32\n|inactive|Time left: 300 sec this turn | 300 sec total\n|\n|t:|1783553541\n|move|p2a: Lurantis|Leaf Storm|p1a: Toxapex\n|-damage|p1a: Toxapex|0 fnt\n|faint|p1a: Toxapex\n|\n|-heal|p2a: Lurantis|64/100 tox|[from] item: Leftovers\n|-damage|p2a: Lurantis|34/100 tox|[from] psn\n|upkeep\n|inactive|Time left: 300 sec this turn | 300 sec total | 5 sec grace\n|\n|t:|1783553542\n|switch|p1a: Mismagius|Mismagius, L86, M, tera:Fairy|47/243\n|-damage|p1a: Mismagius|17/243|[from] Stealth Rock\n|turn|33\n|inactive|Time left: 300 sec this turn | 300 sec total\n|\n|t:|1783553543\n|move|p1a: Mismagius|Shadow Ball|p2a: Lurantis\n|-damage|p2a: Lurantis|0 fnt\n|faint|p2a: Lurantis\n|\n|-heal|p1a: Mismagius|32/243|[from] item: Leftovers\n|upkeep\n|\n|t:|1783553543\n|switch|p2a: Porygon2|Porygon2, L81, tera:Fairy|92/100\n|-status|p2a: Porygon2|tox\n|-ability|p2a: Porygon2|Download|boost\n|-boost|p2a: Porygon2|atk|1\n|turn|34\n|inactive|Time left: 300 sec this turn | 300 sec total\n|\n|t:|1783553544\n|move|p1a: Mismagius|Substitute|p1a: Mismagius\n|-fail|p1a: Mismagius|move: Substitute|[weak]\n|move|p2a: Porygon2|Tera Blast|p1a: Mismagius|[anim] Tera Blast Fairy\n|-damage|p1a: Mismagius|0 fnt\n|faint|p1a: Mismagius\n|\n|win|p0y116469df", "uploadtime": 1783553544, "views": 0, "rating": 0, "private": 0, "password": null, "_winner": "p0y116469df", "_our_name": "p0x11647dc3"}