{"id": "battle-gen9randombattle-1397", "formatid": "gen9randombattle", "format": "[Gen 9] Random Battle", "players": ["p0x13976e3d", "p0y1397ea3d"], "log": "|init|battle\n|title|p0x13976e3d vs. p0y1397ea3d\n|j|\u2606p0x13976e3d\n|j|\u2606p0y1397ea3d\n|t:|1783555304\n|gametype|singles\n|player|p1|p0x13976e3d|169|\n|player|p2|p0y1397ea3d|169|\n|gen|9\n|tier|[Gen 9] Random Battle\n|rule|Species Clause: Limit one of each Pok\u00e9mon\n|rule|HP Percentage Mod: HP is shown in percentages\n|rule|Sleep Clause Mod: Limit one foe put to sleep\n|rule|Illusion Level Mod: Illusion disguises the Pok\u00e9mon's true level\n|\n|t:|1783555304\n|teamsize|p1|6\n|teamsize|p2|6\n|start\n|switch|p1a: Giratina|Giratina-Origin, L72|100/100\n|switch|p2a: Hoopa|Hoopa, L85|275/275\n|turn|1\n|inactive|Battle timer is ON: inactive players will automatically lose when time's up. (requested by p0x13976e3d)\n|inactive|Time left: 300 sec this turn | 300 sec total | 60 sec grace\n|inactive|p0y1397ea3d also wants the timer to be on.\n|\n|t:|1783555306\n|move|p2a: Hoopa|Shadow Ball|p1a: Giratina\n|-supereffective|p1a: Giratina\n|-damage|p1a: Giratina|18/100\n|move|p1a: Giratina|Poltergeist|p2a: Hoopa|[miss]\n|-miss|p1a: Giratina|p2a: Hoopa\n|\n|upkeep\n|turn|2\n|inactive|Time left: 300 sec this turn | 300 sec total\n|\n|t:|1783555308\n|switch|p1a: Ambipom|Ambipom, L84, M|100/100\n|move|p2a: Hoopa|Shadow Ball|p1a: Ambipom\n|-immune|p1a: Ambipom\n|\n|upkeep\n|turn|3\n|inactive|Time left: 300 sec this turn | 300 sec total\n|\n|t:|1783555309\n|switch|p2a: Landorus|Landorus-Therian, L76, M|260/260\n|-ability|p2a: Landorus|Intimidate|boost\n|-unboost|p1a: Ambipom|atk|1\n|move|p1a: Ambipom|Knock Off|p2a: Landorus\n|-damage|p2a: Landorus|211/260\n|-enditem|p2a: Landorus|Leftovers|[from] move: Knock Off|[of] p1a: Ambipom\n|\n|upkeep\n|turn|4\n|inactive|Time left: 300 sec this turn | 300 sec total\n|\n|t:|1783555310\n|move|p1a: Ambipom|U-turn|p2a: Landorus\n|-resisted|p2a: Landorus\n|-damage|p2a: Landorus|192/260\n|\n|t:|1783555311\n|switch|p1a: Dipplin|Dipplin, L88, F|100/100|[from] U-turn\n|move|p2a: Landorus|Stealth Rock|p1a: Dipplin\n|-sidestart|p1: p0x13976e3d|move: Stealth Rock\n|\n|upkeep\n|turn|5\n|inactive|Time left: 300 sec this turn | 300 sec total\n|\n|t:|1783555313\n|switch|p2a: Hariyama|Hariyama, L87, F|392/392\n|move|p1a: Dipplin|Dragon Pulse|p2a: Hariyama\n|-damage|p2a: Hariyama|301/392\n|\n|upkeep\n|turn|6\n|inactive|Time left: 300 sec this turn | 300 sec total\n|\n|t:|1783555314\n|move|p2a: Hariyama|Knock Off|p1a: Dipplin\n|-damage|p1a: Dipplin|83/100\n|-activate|p1a: Dipplin|ability: Sticky Hold\n|move|p1a: Dipplin|Dragon Pulse|p2a: Hariyama\n|-damage|p2a: Hariyama|223/392\n|\n|upkeep\n|turn|7\n|inactive|Time left: 300 sec this turn | 300 sec total\n|\n|t:|1783555315\n|move|p2a: Hariyama|Heavy Slam|p1a: Dipplin\n|-damage|p1a: Dipplin|60/100\n|move|p1a: Dipplin|Giga Drain|p2a: Hariyama\n|-damage|p2a: Hariyama|154/392\n|-heal|p1a: Dipplin|73/100|[from] drain|[of] p2a: Hariyama\n|\n|upkeep\n|turn|8\n|inactive|Time left: 300 sec this turn | 300 sec total\n|\n|t:|1783555316\n|move|p2a: Hariyama|Close Combat|p1a: Dipplin\n|-damage|p1a: Dipplin|43/100\n|-unboost|p2a: Hariyama|def|1\n|-unboost|p2a: Hariyama|spd|1\n|move|p1a: Dipplin|Recover|p1a: Dipplin\n|-heal|p1a: Dipplin|93/100\n|\n|upkeep\n|turn|9\n|inactive|Time left: 300 sec this turn | 300 sec total\n|\n|t:|1783555317\n|switch|p2a: Zapdos|Zapdos, L78|268/268\n|move|p1a: Dipplin|Giga Drain|p2a: Zapdos\n|-resisted|p2a: Zapdos\n|-damage|p2a: Zapdos|223/268\n|-heal|p1a: Dipplin|100/100|[from] drain|[of] p2a: Zapdos\n|\n|upkeep\n|turn|10\n|inactive|Time left: 300 sec this turn | 300 sec total\n|\n|t:|1783555318\n|move|p2a: Zapdos|Hurricane|p1a: Dipplin\n|-supereffective|p1a: Dipplin\n|-damage|p1a: Dipplin|37/100\n|-start|p1a: Dipplin|confusion\n|-activate|p1a: Dipplin|confusion\n|-damage|p1a: Dipplin|29/100|[from] confusion\n|\n|upkeep\n|turn|11\n|inactive|Time left: 300 sec this turn | 300 sec total\n|\n|t:|1783555319\n|move|p2a: Zapdos|Hurricane|p1a: Dipplin\n|-supereffective|p1a: Dipplin\n|-damage|p1a: Dipplin|0 fnt\n|faint|p1a: Dipplin\n|\n|upkeep\n|\n|t:|1783555320\n|switch|p1a: Farigiraf|Farigiraf, L90, F|100/100\n|-damage|p1a: Farigiraf|88/100|[from] Stealth Rock\n|turn|12\n|inactive|Time left: 300 sec this turn | 300 sec total\n|\n|t:|1783555321\n|move|p2a: Zapdos|Hurricane|p1a: Farigiraf|[miss]\n|-miss|p2a: Zapdos|p1a: Farigiraf\n|move|p1a: Farigiraf|Psychic Noise|p2a: Zapdos\n|-damage|p2a: Zapdos|109/268\n|-start|p2a: Zapdos|move: Heal Block\n|\n|-heal|p1a: Farigiraf|94/100|[from] item: Leftovers\n|upkeep\n|turn|13\n|inactive|Time left: 300 sec this turn | 300 sec total\n|\n|t:|1783555322\n|move|p2a: Zapdos|Hurricane|p1a: Farigiraf\n|-damage|p1a: Farigiraf|53/100\n|move|p1a: Farigiraf|Psychic Noise|p2a: Zapdos\n|-damage|p2a: Zapdos|1/268\n|\n|-heal|p1a: Farigiraf|59/100|[from] item: Leftovers\n|-end|p2a: Zapdos|move: Heal Block\n|upkeep\n|turn|14\n|inactive|Time left: 300 sec this turn | 300 sec total\n|\n|t:|1783555323\n|move|p2a: Zapdos|Roost|p2a: Zapdos\n|-heal|p2a: Zapdos|135/268\n|-singleturn|p2a: Zapdos|move: Roost\n|move|p1a: Farigiraf|Psychic Noise|p2a: Zapdos\n|-damage|p2a: Zapdos|30/268\n|-start|p2a: Zapdos|move: Heal Block\n|\n|-heal|p1a: Farigiraf|65/100|[from] item: Leftovers\n|upkeep\n|turn|15\n|inactive|Time left: 300 sec this turn | 300 sec total\n|\n|t:|1783555324\n|move|p2a: Zapdos|Hurricane|p1a: Farigiraf\n|-damage|p1a: Farigiraf|24/100\n|move|p1a: Farigiraf|Psychic Noise|p2a: Zapdos\n|-damage|p2a: Zapdos|0 fnt\n|faint|p2a: Zapdos\n|\n|-heal|p1a: Farigiraf|30/100|[from] item: Leftovers\n|upkeep\n|inactive|Time left: 300 sec this turn | 300 sec total | 5 sec grace\n|\n|t:|1783555325\n|switch|p2a: Landorus|Landorus-Therian, L76, M|192/260\n|-ability|p2a: Landorus|Intimidate|boost\n|-unboost|p1a: Farigiraf|atk|1\n|turn|16\n|inactive|Time left: 300 sec this turn | 300 sec total\n|\n|t:|1783555326\n|move|p1a: Farigiraf|Protect|p1a: Farigiraf\n|-singleturn|p1a: Farigiraf|Protect\n|move|p2a: Landorus|U-turn|p1a: Farigiraf\n|-activate|p1a: Farigiraf|move: Protect\n|\n|-heal|p1a: Farigiraf|36/100|[from] item: Leftovers\n|upkeep\n|turn|17\n|inactive|Time left: 300 sec this turn | 300 sec total\n|\n|t:|1783555327\n|move|p2a: Landorus|Earthquake|p1a: Farigiraf\n|-damage|p1a: Farigiraf|0 fnt\n|faint|p1a: Farigiraf\n|\n|upkeep\n|\n|t:|1783555328\n|switch|p1a: Ambipom|Ambipom, L84, M|100/100\n|-damage|p1a: Ambipom|88/100|[from] Stealth Rock\n|turn|18\n|inactive|Time left: 300 sec this turn | 300 sec total\n|\n|t:|1783555328\n|move|p1a: Ambipom|Fake Out|p2a: Landorus\n|-damage|p2a: Landorus|108/260\n|cant|p2a: Landorus|flinch\n|\n|upkeep\n|turn|19\n|inactive|Time left: 300 sec this turn | 300 sec total\n|\n|t:|1783555329\n|switch|p2a: Sandaconda|Sandaconda, L84, M|258/258\n|move|p1a: Ambipom|Double-Edge|p2a: Sandaconda\n|-damage|p2a: Sandaconda|134/258\n|-damage|p1a: Ambipom|73/100|[from] Recoil\n|\n|-heal|p2a: Sandaconda|150/258|[from] item: Leftovers\n|upkeep\n|turn|20\n|inactive|Time left: 300 sec this turn | 300 sec total\n|\n|t:|1783555330\n|-terastallize|p1a: Ambipom|Normal\n|move|p1a: Ambipom|Double-Edge|p2a: Sandaconda\n|-damage|p2a: Sandaconda|4/258\n|-damage|p1a: Ambipom|54/100|[from] Recoil\n|move|p2a: Sandaconda|Rest|p2a: Sandaconda\n|-status|p2a: Sandaconda|slp|[from] move: Rest\n|-heal|p2a: Sandaconda|258/258 slp|[silent]\n|\n|-activate|p2a: Sandaconda|ability: Shed Skin\n|-curestatus|p2a: Sandaconda|slp|[msg]\n|upkeep\n|turn|21\n|inactive|Time left: 300 sec this turn | 300 sec total\n|\n|t:|1783555331\n|move|p1a: Ambipom|Knock Off|p2a: Sandaconda\n|-damage|p2a: Sandaconda|208/258\n|-enditem|p2a: Sandaconda|Leftovers|[from] move: Knock Off|[of] p1a: Ambipom\n|move|p2a: Sandaconda|Earthquake|p1a: Ambipom\n|-damage|p1a: Ambipom|0 fnt\n|faint|p1a: Ambipom\n|\n|upkeep\n|\n|t:|1783555332\n|switch|p1a: Giratina|Giratina-Origin, L72|18/100\n|-damage|p1a: Giratina|6/100|[from] Stealth Rock\n|turn|22\n|inactive|Time left: 300 sec this turn | 300 sec total\n|\n|t:|1783555333\n|move|p1a: Giratina|Defog|p2a: Sandaconda\n|-unboost|p2a: Sandaconda|evasion|1\n|-sideend|p1: p0x13976e3d|Stealth Rock|[from] move: Defog|[of] p1a: Giratina\n|move|p2a: Sandaconda|Rest|p2a: Sandaconda\n|-status|p2a: Sandaconda|slp|[from] move: Rest\n|-heal|p2a: Sandaconda|258/258 slp|[silent]\n|\n|upkeep\n|turn|23\n|inactive|Time left: 300 sec this turn | 300 sec total\n|\n|t:|1783555334\n|switch|p2a: Landorus|Landorus-Therian, L76, M|108/260\n|-ability|p2a: Landorus|Intimidate|boost\n|-unboost|p1a: Giratina|atk|1\n|move|p1a: Giratina|Draco Meteor|p2a: Landorus\n|-damage|p2a: Landorus|0 fnt\n|-unboost|p1a: Giratina|spa|2\n|faint|p2a: Landorus\n|\n|upkeep\n|inactive|Time left: 300 sec this turn | 300 sec total | 5 sec grace\n|\n|t:|1783555334\n|switch|p2a: Manaphy|Manaphy, L78|284/284\n|turn|24\n|inactive|Time left: 300 sec this turn | 300 sec total\n|\n|t:|1783555335\n|switch|p1a: Arbok|Arbok, L87, F|100/100\n|-ability|p1a: Arbok|Intimidate|boost\n|-unboost|p2a: Manaphy|atk|1\n|move|p2a: Manaphy|Tail Glow|p2a: Manaphy\n|-boost|p2a: Manaphy|spa|3\n|\n|upkeep\n|turn|25\n|inactive|Time left: 300 sec this turn | 300 sec total\n|\n|t:|1783555337\n|move|p2a: Manaphy|Surf|p1a: Arbok\n|-damage|p1a: Arbok|7/100\n|move|p1a: Arbok|Gunk Shot|p2a: Manaphy\n|-damage|p2a: Manaphy|131/284\n|-damage|p1a: Arbok|0 fnt|[from] item: Life Orb\n|faint|p1a: Arbok\n|\n|-heal|p2a: Manaphy|148/284|[from] item: Leftovers\n|upkeep\n|\n|t:|1783555337\n|switch|p1a: Heracross|Heracross, L80, M|100/100\n|turn|26\n|inactive|Time left: 300 sec this turn | 300 sec total\n|\n|t:|1783555338\n|move|p1a: Heracross|Megahorn|p2a: Manaphy\n|-damage|p2a: Manaphy|0 fnt\n|faint|p2a: Manaphy\n|-ability|p1a: Heracross|Moxie|boost\n|-boost|p1a: Heracross|atk|1\n|\n|upkeep\n|inactive|Time left: 300 sec this turn | 300 sec total | 5 sec grace\n|\n|t:|1783555339\n|switch|p2a: Hoopa|Hoopa, L85|275/275\n|turn|27\n|inactive|Time left: 300 sec this turn | 300 sec total\n|\n|t:|1783555340\n|-terastallize|p2a: Hoopa|Fighting\n|move|p1a: Heracross|Megahorn|p2a: Hoopa\n|-resisted|p2a: Hoopa\n|-damage|p2a: Hoopa|139/275\n|move|p2a: Hoopa|Psychic|p1a: Heracross\n|-supereffective|p1a: Heracross\n|-damage|p1a: Heracross|0 fnt\n|faint|p1a: Heracross\n|\n|upkeep\n|\n|t:|1783555341\n|switch|p1a: Giratina|Giratina-Origin, L72|6/100\n|turn|28\n|inactive|Time left: 300 sec this turn | 300 sec total\n|\n|t:|1783555342\n|move|p2a: Hoopa|Psychic|p1a: Giratina\n|-damage|p1a: Giratina|0 fnt\n|faint|p1a: Giratina\n|\n|win|p0y1397ea3d", "uploadtime": 1783555342, "views": 0, "rating": 0, "private": 0, "password": null, "_winner": "p0y1397ea3d", "_our_name": "p0y1397ea3d"}