{"id": "battle-gen9randombattle-1610", "formatid": "gen9randombattle", "format": "[Gen 9] Random Battle", "players": ["p0x1610cec1", "p0y161082ba"], "log": "|init|battle\n|title|p0x1610cec1 vs. p0y161082ba\n|j|\u2606p0x1610cec1\n|j|\u2606p0y161082ba\n|t:|1783557864\n|gametype|singles\n|player|p1|p0x1610cec1|102|\n|player|p2|p0y161082ba|2|\n|gen|9\n|tier|[Gen 9] Random Battle\n|rule|Species Clause: Limit one of each Pok\u00e9mon\n|rule|HP Percentage Mod: HP is shown in percentages\n|rule|Sleep Clause Mod: Limit one foe put to sleep\n|rule|Illusion Level Mod: Illusion disguises the Pok\u00e9mon's true level\n|\n|t:|1783557864\n|teamsize|p1|6\n|teamsize|p2|6\n|start\n|switch|p1a: Virizion|Virizion, L82|283/283\n|switch|p2a: Seviper|Seviper, L93, F|100/100\n|turn|1\n|inactive|Battle timer is ON: inactive players will automatically lose when time's up. (requested by p0y161082ba)\n|inactive|Time left: 300 sec this turn | 300 sec total | 60 sec grace\n|inactive|p0x1610cec1 also wants the timer to be on.\n|\n|t:|1783557865\n|move|p1a: Virizion|Swords Dance|p1a: Virizion\n|-boost|p1a: Virizion|atk|2\n|move|p2a: Seviper|Gunk Shot|p1a: Virizion\n|-supereffective|p1a: Virizion\n|-damage|p1a: Virizion|0 fnt\n|faint|p1a: Virizion\n|\n|upkeep\n|inactive|Time left: 300 sec this turn | 300 sec total | 65 sec grace\n|\n|t:|1783557866\n|switch|p1a: Sandaconda|Sandaconda, L84, F|258/258\n|turn|2\n|inactive|Time left: 300 sec this turn | 300 sec total\n|\n|t:|1783557867\n|move|p2a: Seviper|Swords Dance|p2a: Seviper\n|-boost|p2a: Seviper|atk|2\n|move|p1a: Sandaconda|Earthquake|p2a: Seviper\n|-supereffective|p2a: Seviper\n|-damage|p2a: Seviper|13/100\n|\n|-heal|p2a: Seviper|19/100|[from] item: Leftovers\n|upkeep\n|turn|3\n|inactive|Time left: 300 sec this turn | 300 sec total\n|\n|t:|1783557868\n|move|p2a: Seviper|Gunk Shot|p1a: Sandaconda\n|-resisted|p1a: Sandaconda\n|-damage|p1a: Sandaconda|142/258\n|move|p1a: Sandaconda|Earthquake|p2a: Seviper\n|-supereffective|p2a: Seviper\n|-damage|p2a: Seviper|0 fnt\n|faint|p2a: Seviper\n|\n|-heal|p1a: Sandaconda|158/258|[from] item: Leftovers\n|upkeep\n|\n|t:|1783557869\n|switch|p2a: Kyogre|Kyogre, L71|100/100\n|-weather|RainDance|[from] ability: Drizzle|[of] p2a: Kyogre\n|turn|4\n|inactive|Time left: 300 sec this turn | 300 sec total\n|\n|t:|1783557870\n|move|p2a: Kyogre|Water Spout|p1a: Sandaconda\n|-supereffective|p1a: Sandaconda\n|-damage|p1a: Sandaconda|0 fnt\n|faint|p1a: Sandaconda\n|\n|-weather|RainDance|[upkeep]\n|upkeep\n|inactive|Time left: 300 sec this turn | 300 sec total | 5 sec grace\n|\n|t:|1783557872\n|switch|p1a: Magnezone|Magnezone, L85|258/258\n|turn|5\n|inactive|Time left: 300 sec this turn | 300 sec total\n|\n|t:|1783557873\n|-terastallize|p2a: Kyogre|Water\n|move|p2a: Kyogre|Water Spout|p1a: Magnezone\n|-damage|p1a: Magnezone|36/258\n|move|p1a: Magnezone|Thunderbolt|p2a: Kyogre\n|-supereffective|p2a: Kyogre\n|-crit|p2a: Kyogre\n|-damage|p2a: Kyogre|0 fnt\n|faint|p2a: Kyogre\n|\n|-weather|RainDance|[upkeep]\n|upkeep\n|\n|t:|1783557874\n|switch|p2a: Iron Leaves|Iron Leaves, L80|100/100\n|turn|6\n|inactive|Time left: 300 sec this turn | 300 sec total\n|\n|t:|1783557875\n|switch|p1a: Drifblim|Drifblim, L86, M|396/396\n|move|p2a: Iron Leaves|Leaf Blade|p1a: Drifblim\n|-resisted|p1a: Drifblim\n|-damage|p1a: Drifblim|260/396\n|\n|-weather|RainDance|[upkeep]\n|upkeep\n|turn|7\n|inactive|Time left: 300 sec this turn | 300 sec total\n|\n|t:|1783557876\n|-end|p2a: Iron Leaves|Quark Drive|[silent]\n|switch|p2a: Umbreon|Umbreon, L84, M|100/100\n|move|p1a: Drifblim|Strength Sap|p2a: Umbreon\n|-unboost|p2a: Umbreon|atk|1\n|-heal|p1a: Drifblim|374/396\n|\n|-weather|RainDance|[upkeep]\n|upkeep\n|turn|8\n|inactive|Time left: 300 sec this turn | 300 sec total\n|\n|t:|1783557877\n|move|p1a: Drifblim|Calm Mind|p1a: Drifblim\n|-boost|p1a: Drifblim|spa|1\n|-boost|p1a: Drifblim|spd|1\n|move|p2a: Umbreon|Foul Play|p1a: Drifblim\n|-supereffective|p1a: Drifblim\n|-damage|p1a: Drifblim|158/396\n|-enditem|p1a: Drifblim|Sitrus Berry|[eat]\n|-heal|p1a: Drifblim|257/396|[from] item: Sitrus Berry\n|\n|-weather|none\n|upkeep\n|turn|9\n|inactive|Time left: 300 sec this turn | 300 sec total\n|\n|t:|1783557878\n|move|p1a: Drifblim|Strength Sap|p2a: Umbreon\n|-unboost|p2a: Umbreon|atk|1\n|-heal|p1a: Drifblim|333/396\n|move|p2a: Umbreon|Foul Play|p1a: Drifblim\n|-supereffective|p1a: Drifblim\n|-damage|p1a: Drifblim|117/396\n|\n|upkeep\n|turn|10\n|inactive|Time left: 300 sec this turn | 300 sec total\n|\n|t:|1783557879\n|move|p1a: Drifblim|Air Slash|p2a: Umbreon\n|-damage|p2a: Umbreon|71/100\n|move|p2a: Umbreon|Foul Play|p1a: Drifblim\n|-supereffective|p1a: Drifblim\n|-damage|p1a: Drifblim|0 fnt\n|faint|p1a: Drifblim\n|\n|-heal|p2a: Umbreon|77/100|[from] item: Leftovers\n|upkeep\n|inactive|Time left: 300 sec this turn | 300 sec total | 5 sec grace\n|\n|t:|1783557879\n|switch|p1a: Ampharos|Ampharos, L88, F|302/302\n|turn|11\n|inactive|Time left: 300 sec this turn | 300 sec total\n|\n|t:|1783557880\n|switch|p2a: Iron Leaves|Iron Leaves, L80|100/100\n|move|p1a: Ampharos|Focus Blast|p2a: Iron Leaves\n|-resisted|p2a: Iron Leaves\n|-damage|p2a: Iron Leaves|75/100\n|\n|upkeep\n|turn|12\n|inactive|Time left: 300 sec this turn | 300 sec total\n|\n|t:|1783557881\n|move|p2a: Iron Leaves|Leaf Blade|p1a: Ampharos\n|-damage|p1a: Ampharos|152/302\n|move|p1a: Ampharos|Focus Blast|p2a: Iron Leaves\n|-resisted|p2a: Iron Leaves\n|-damage|p2a: Iron Leaves|48/100\n|\n|upkeep\n|turn|13\n|inactive|Time left: 300 sec this turn | 300 sec total\n|\n|t:|1783557882\n|move|p2a: Iron Leaves|Leaf Blade|p1a: Ampharos\n|-damage|p1a: Ampharos|0 fnt\n|-status|p2a: Iron Leaves|par|[from] ability: Static|[of] p1a: Ampharos\n|faint|p1a: Ampharos\n|\n|upkeep\n|inactive|Time left: 300 sec this turn | 300 sec total | 5 sec grace\n|\n|t:|1783557882\n|switch|p1a: Magnezone|Magnezone, L85|36/258\n|turn|14\n|inactive|Time left: 300 sec this turn | 300 sec total\n|\n|t:|1783557883\n|-end|p2a: Iron Leaves|Quark Drive|[silent]\n|switch|p2a: Bellibolt|Bellibolt, L84, F|100/100\n|move|p1a: Magnezone|Flash Cannon|p2a: Bellibolt\n|-resisted|p2a: Bellibolt\n|-damage|p2a: Bellibolt|76/100\n|-start|p2a: Bellibolt|Charge|Flash Cannon|[from] ability: Electromorphosis\n|\n|-heal|p2a: Bellibolt|82/100|[from] item: Leftovers\n|upkeep\n|turn|15\n|inactive|Time left: 300 sec this turn | 300 sec total\n|\n|t:|1783557884\n|move|p1a: Magnezone|Flash Cannon|p2a: Bellibolt\n|-resisted|p2a: Bellibolt\n|-damage|p2a: Bellibolt|63/100\n|-start|p2a: Bellibolt|Charge|Flash Cannon|[from] ability: Electromorphosis\n|move|p2a: Bellibolt|Thunderbolt|p1a: Magnezone\n|-resisted|p1a: Magnezone\n|-damage|p1a: Magnezone|0 fnt\n|faint|p1a: Magnezone\n|-end|p2a: Bellibolt|Charge|[silent]\n|\n|-heal|p2a: Bellibolt|69/100|[from] item: Leftovers\n|upkeep\n|inactive|Time left: 300 sec this turn | 300 sec total | 5 sec grace\n|\n|t:|1783557885\n|switch|p1a: Luvdisc|Luvdisc, F|247/247\n|turn|16\n|inactive|Time left: 300 sec this turn | 300 sec total\n|\n|t:|1783557886\n|move|p1a: Luvdisc|Substitute|p1a: Luvdisc\n|-start|p1a: Luvdisc|Substitute\n|-damage|p1a: Luvdisc|186/247\n|move|p2a: Bellibolt|Thunderbolt|p1a: Luvdisc\n|-supereffective|p1a: Luvdisc\n|-end|p1a: Luvdisc|Substitute\n|\n|-heal|p2a: Bellibolt|75/100|[from] item: Leftovers\n|upkeep\n|turn|17\n|inactive|Time left: 300 sec this turn | 300 sec total\n|\n|t:|1783557887\n|move|p1a: Luvdisc|Substitute|p1a: Luvdisc\n|-start|p1a: Luvdisc|Substitute\n|-damage|p1a: Luvdisc|125/247\n|move|p2a: Bellibolt|Thunderbolt|p1a: Luvdisc\n|-supereffective|p1a: Luvdisc\n|-end|p1a: Luvdisc|Substitute\n|\n|-heal|p2a: Bellibolt|81/100|[from] item: Leftovers\n|upkeep\n|turn|18\n|inactive|Time left: 300 sec this turn | 300 sec total\n|\n|t:|1783557888\n|move|p1a: Luvdisc|Substitute|p1a: Luvdisc\n|-start|p1a: Luvdisc|Substitute\n|-damage|p1a: Luvdisc|64/247\n|move|p2a: Bellibolt|Thunderbolt|p1a: Luvdisc\n|-supereffective|p1a: Luvdisc\n|-end|p1a: Luvdisc|Substitute\n|\n|-heal|p2a: Bellibolt|88/100|[from] item: Leftovers\n|upkeep\n|turn|19\n|inactive|Time left: 300 sec this turn | 300 sec total\n|\n|t:|1783557889\n|-terastallize|p1a: Luvdisc|Ground\n|move|p1a: Luvdisc|Substitute|p1a: Luvdisc\n|-start|p1a: Luvdisc|Substitute\n|-damage|p1a: Luvdisc|3/247\n|move|p2a: Bellibolt|Muddy Water|p1a: Luvdisc|[miss]\n|-miss|p2a: Bellibolt|p1a: Luvdisc\n|\n|-heal|p2a: Bellibolt|94/100|[from] item: Leftovers\n|upkeep\n|turn|20\n|inactive|Time left: 300 sec this turn | 300 sec total\n|\n|t:|1783557890\n|move|p1a: Luvdisc|Endeavor|p2a: Bellibolt\n|-damage|p2a: Bellibolt|1/100\n|-start|p2a: Bellibolt|Charge|Endeavor|[from] ability: Electromorphosis\n|move|p2a: Bellibolt|Muddy Water|p1a: Luvdisc\n|-supereffective|p1a: Luvdisc\n|-end|p1a: Luvdisc|Substitute\n|\n|-heal|p2a: Bellibolt|8/100|[from] item: Leftovers\n|upkeep\n|turn|21\n|inactive|Time left: 300 sec this turn | 300 sec total\n|\n|t:|1783557891\n|move|p1a: Luvdisc|Surf|p2a: Bellibolt\n|-damage|p2a: Bellibolt|0 fnt\n|faint|p2a: Bellibolt\n|\n|upkeep\n|\n|t:|1783557892\n|switch|p2a: Golem|Golem, L87, F|100/100\n|turn|22\n|inactive|Time left: 300 sec this turn | 300 sec total\n|\n|t:|1783557893\n|move|p1a: Luvdisc|Endeavor|p2a: Golem\n|-damage|p2a: Golem|2/100\n|move|p2a: Golem|Earthquake|p1a: Luvdisc\n|-damage|p1a: Luvdisc|0 fnt\n|faint|p1a: Luvdisc\n|\n|win|p0y161082ba", "uploadtime": 1783557893, "views": 0, "rating": 0, "private": 0, "password": null, "_winner": "p0y161082ba", "_our_name": "p0x1610cec1"}