{"id": "battle-gen9randombattle-645", "formatid": "gen9randombattle", "format": "[Gen 9] Random Battle", "players": ["p0x645582e", "p0y64568f6"], "log": "|init|battle\n|title|p0x645582e vs. p0y64568f6\n|j|\u2606p0x645582e\n|j|\u2606p0y64568f6\n|t:|1783546581\n|gametype|singles\n|player|p1|p0x645582e|169|\n|player|p2|p0y64568f6|169|\n|gen|9\n|tier|[Gen 9] Random Battle\n|rule|Species Clause: Limit one of each Pok\u00e9mon\n|rule|HP Percentage Mod: HP is shown in percentages\n|rule|Sleep Clause Mod: Limit one foe put to sleep\n|rule|Illusion Level Mod: Illusion disguises the Pok\u00e9mon's true level\n|\n|t:|1783546581\n|teamsize|p1|6\n|teamsize|p2|6\n|start\n|switch|p1a: Zarude|Zarude, L77, shiny|100/100\n|switch|p2a: Sandaconda|Sandaconda, L84, F|258/258\n|turn|1\n|inactive|Battle timer is ON: inactive players will automatically lose when time's up. (requested by p0y64568f6)\n|inactive|p0x645582e also wants the timer to be on.\n|\n|t:|1783546583\n|move|p1a: Zarude|Knock Off|p2a: Sandaconda\n|-damage|p2a: Sandaconda|176/258\n|-enditem|p2a: Sandaconda|Leftovers|[from] move: Knock Off|[of] p1a: Zarude\n|move|p2a: Sandaconda|Glare|p1a: Zarude\n|-status|p1a: Zarude|par\n|\n|upkeep\n|turn|2\n|inactive|Time left: 300 sec this turn | 300 sec total\n|\n|t:|1783546584\n|move|p2a: Sandaconda|Coil|p2a: Sandaconda\n|-boost|p2a: Sandaconda|atk|1\n|-boost|p2a: Sandaconda|def|1\n|-boost|p2a: Sandaconda|accuracy|1\n|move|p1a: Zarude|Knock Off|p2a: Sandaconda\n|-damage|p2a: Sandaconda|142/258\n|\n|upkeep\n|turn|3\n|inactive|Time left: 300 sec this turn | 300 sec total\n|\n|t:|1783546585\n|switch|p1a: Latios|Latios, L78, M|100/100\n|move|p2a: Sandaconda|Coil|p2a: Sandaconda\n|-boost|p2a: Sandaconda|atk|1\n|-boost|p2a: Sandaconda|def|1\n|-boost|p2a: Sandaconda|accuracy|1\n|\n|upkeep\n|turn|4\n|inactive|Time left: 300 sec this turn | 300 sec total\n|\n|t:|1783546586\n|-terastallize|p2a: Sandaconda|Steel\n|move|p1a: Latios|Luster Purge|p2a: Sandaconda\n|-resisted|p2a: Sandaconda\n|-damage|p2a: Sandaconda|66/258\n|-unboost|p2a: Sandaconda|spd|1\n|move|p2a: Sandaconda|Stone Edge|p1a: Latios\n|-damage|p1a: Latios|32/100\n|\n|upkeep\n|turn|5\n|inactive|Time left: 300 sec this turn | 300 sec total\n|\n|t:|1783546587\n|switch|p2a: Hatterene|Hatterene, L85, F|236/236\n|move|p1a: Latios|Luster Purge|p2a: Hatterene\n|-resisted|p2a: Hatterene\n|-damage|p2a: Hatterene|182/236\n|-unboost|p2a: Hatterene|spd|1\n|\n|-heal|p2a: Hatterene|196/236|[from] item: Leftovers\n|upkeep\n|turn|6\n|inactive|Time left: 300 sec this turn | 300 sec total\n|\n|t:|1783546589\n|move|p1a: Latios|Recover|p1a: Latios\n|-heal|p1a: Latios|82/100\n|move|p2a: Hatterene|Draining Kiss|p1a: Latios\n|-supereffective|p1a: Latios\n|-damage|p1a: Latios|30/100\n|-heal|p2a: Hatterene|236/236|[from] drain|[of] p1a: Latios\n|\n|upkeep\n|turn|7\n|inactive|Time left: 300 sec this turn | 300 sec total\n|\n|t:|1783546590\n|move|p1a: Latios|Recover|p1a: Latios\n|-heal|p1a: Latios|80/100\n|move|p2a: Hatterene|Draining Kiss|p1a: Latios\n|-supereffective|p1a: Latios\n|-damage|p1a: Latios|28/100\n|\n|upkeep\n|turn|8\n|inactive|Time left: 300 sec this turn | 300 sec total\n|\n|t:|1783546591\n|move|p1a: Latios|Recover|p1a: Latios\n|-heal|p1a: Latios|78/100\n|move|p2a: Hatterene|Mystical Fire|p1a: Latios\n|-resisted|p1a: Latios\n|-damage|p1a: Latios|65/100\n|-unboost|p1a: Latios|spa|1\n|\n|upkeep\n|turn|9\n|inactive|Time left: 300 sec this turn | 300 sec total\n|\n|t:|1783546592\n|move|p1a: Latios|Recover|p1a: Latios\n|-heal|p1a: Latios|100/100\n|move|p2a: Hatterene|Mystical Fire|p1a: Latios\n|-resisted|p1a: Latios\n|-damage|p1a: Latios|88/100\n|-unboost|p1a: Latios|spa|1\n|\n|upkeep\n|turn|10\n|inactive|Time left: 300 sec this turn | 300 sec total\n|\n|t:|1783546593\n|switch|p1a: Dunsparce|Dunsparce, L86, M|100/100\n|move|p2a: Hatterene|Calm Mind|p2a: Hatterene\n|-boost|p2a: Hatterene|spa|1\n|-boost|p2a: Hatterene|spd|1\n|\n|upkeep\n|turn|11\n|inactive|Time left: 300 sec this turn | 300 sec total\n|\n|t:|1783546594\n|move|p1a: Dunsparce|Coil|p1a: Dunsparce\n|-boost|p1a: Dunsparce|atk|1\n|-boost|p1a: Dunsparce|def|1\n|-boost|p1a: Dunsparce|accuracy|1\n|move|p2a: Hatterene|Mystical Fire|p1a: Dunsparce\n|-damage|p1a: Dunsparce|73/100\n|-unboost|p1a: Dunsparce|spa|1\n|\n|upkeep\n|turn|12\n|inactive|Time left: 300 sec this turn | 300 sec total\n|\n|t:|1783546595\n|move|p1a: Dunsparce|Body Slam|p2a: Hatterene\n|-damage|p2a: Hatterene|134/236\n|move|p2a: Hatterene|Psychic|p1a: Dunsparce\n|-damage|p1a: Dunsparce|24/100\n|\n|-heal|p2a: Hatterene|148/236|[from] item: Leftovers\n|upkeep\n|turn|13\n|inactive|Time left: 300 sec this turn | 300 sec total\n|\n|t:|1783546596\n|move|p1a: Dunsparce|Body Slam|p2a: Hatterene\n|-damage|p2a: Hatterene|34/236\n|-status|p2a: Hatterene|par\n|move|p2a: Hatterene|Draining Kiss|p1a: Dunsparce\n|-damage|p1a: Dunsparce|0 fnt\n|-heal|p2a: Hatterene|90/236 par|[from] drain|[of] p1a: Dunsparce\n|faint|p1a: Dunsparce\n|\n|-heal|p2a: Hatterene|104/236 par|[from] item: Leftovers\n|upkeep\n|\n|t:|1783546597\n|switch|p1a: Salazzle|Salazzle, L83, F|100/100\n|turn|14\n|inactive|Time left: 300 sec this turn | 300 sec total\n|\n|t:|1783546598\n|move|p1a: Salazzle|Sludge Wave|p2a: Hatterene\n|-supereffective|p2a: Hatterene\n|-damage|p2a: Hatterene|0 fnt\n|faint|p2a: Hatterene\n|\n|upkeep\n|inactive|Time left: 300 sec this turn | 300 sec total | 5 sec grace\n|\n|t:|1783546599\n|switch|p2a: Dudunsparce|Dudunsparce, L83, F|343/343\n|turn|15\n|inactive|Time left: 300 sec this turn | 300 sec total\n|\n|t:|1783546600\n|move|p1a: Salazzle|Nasty Plot|p1a: Salazzle\n|-boost|p1a: Salazzle|spa|2\n|move|p2a: Dudunsparce|Boomburst|p1a: Salazzle\n|-damage|p1a: Salazzle|34/100\n|\n|upkeep\n|turn|16\n|inactive|Time left: 300 sec this turn | 300 sec total\n|\n|t:|1783546601\n|move|p1a: Salazzle|Sludge Wave|p2a: Dudunsparce\n|-crit|p2a: Dudunsparce\n|-damage|p2a: Dudunsparce|0 fnt\n|faint|p2a: Dudunsparce\n|\n|upkeep\n|inactive|Time left: 300 sec this turn | 300 sec total | 5 sec grace\n|\n|t:|1783546602\n|switch|p2a: Snorlax|Snorlax, L82, F|397/397\n|turn|17\n|inactive|Time left: 300 sec this turn | 300 sec total\n|\n|t:|1783546603\n|switch|p1a: Drifblim|Drifblim, L86, M|100/100\n|move|p2a: Snorlax|Body Slam|p1a: Drifblim\n|-immune|p1a: Drifblim\n|\n|upkeep\n|turn|18\n|inactive|Time left: 300 sec this turn | 300 sec total\n|\n|t:|1783546604\n|move|p1a: Drifblim|Air Slash|p2a: Snorlax\n|-damage|p2a: Snorlax|324/397\n|cant|p2a: Snorlax|flinch\n|\n|upkeep\n|turn|19\n|inactive|Time left: 300 sec this turn | 300 sec total\n|\n|t:|1783546605\n|move|p1a: Drifblim|Strength Sap|p2a: Snorlax\n|-unboost|p2a: Snorlax|atk|1\n|move|p2a: Snorlax|Curse|p2a: Snorlax\n|-unboost|p2a: Snorlax|spe|1\n|-boost|p2a: Snorlax|atk|1\n|-boost|p2a: Snorlax|def|1\n|\n|upkeep\n|turn|20\n|inactive|Time left: 300 sec this turn | 300 sec total\n|\n|t:|1783546606\n|move|p1a: Drifblim|Air Slash|p2a: Snorlax\n|-damage|p2a: Snorlax|254/397\n|move|p2a: Snorlax|Curse|p2a: Snorlax\n|-unboost|p2a: Snorlax|spe|1\n|-boost|p2a: Snorlax|atk|1\n|-boost|p2a: Snorlax|def|1\n|\n|upkeep\n|turn|21\n|inactive|Time left: 300 sec this turn | 300 sec total\n|\n|t:|1783546607\n|move|p1a: Drifblim|Air Slash|p2a: Snorlax\n|-damage|p2a: Snorlax|184/397\n|cant|p2a: Snorlax|flinch\n|\n|upkeep\n|turn|22\n|inactive|Time left: 300 sec this turn | 300 sec total\n|\n|t:|1783546608\n|move|p1a: Drifblim|Strength Sap|p2a: Snorlax\n|-unboost|p2a: Snorlax|atk|1\n|move|p2a: Snorlax|Rest|p2a: Snorlax\n|-status|p2a: Snorlax|slp|[from] move: Rest\n|-heal|p2a: Snorlax|397/397 slp|[silent]\n|-enditem|p2a: Snorlax|Chesto Berry|[eat]\n|-curestatus|p2a: Snorlax|slp|[msg]\n|\n|upkeep\n|turn|23\n|inactive|Time left: 300 sec this turn | 300 sec total\n|\n|t:|1783546609\n|move|p1a: Drifblim|Air Slash|p2a: Snorlax\n|-damage|p2a: Snorlax|330/397\n|move|p2a: Snorlax|Curse|p2a: Snorlax\n|-unboost|p2a: Snorlax|spe|1\n|-boost|p2a: Snorlax|atk|1\n|-boost|p2a: Snorlax|def|1\n|\n|upkeep\n|turn|24\n|inactive|Time left: 300 sec this turn | 300 sec total\n|\n|t:|1783546610\n|move|p1a: Drifblim|Air Slash|p2a: Snorlax\n|-damage|p2a: Snorlax|258/397\n|cant|p2a: Snorlax|flinch\n|\n|upkeep\n|turn|25\n|inactive|Time left: 300 sec this turn | 300 sec total\n|\n|t:|1783546611\n|move|p1a: Drifblim|Air Slash|p2a: Snorlax\n|-damage|p2a: Snorlax|186/397\n|move|p2a: Snorlax|Curse|p2a: Snorlax\n|-unboost|p2a: Snorlax|spe|1\n|-boost|p2a: Snorlax|atk|1\n|-boost|p2a: Snorlax|def|1\n|\n|upkeep\n|turn|26\n|inactive|Time left: 300 sec this turn | 300 sec total\n|\n|t:|1783546612\n|move|p1a: Drifblim|Strength Sap|p2a: Snorlax\n|-unboost|p2a: Snorlax|atk|1\n|move|p2a: Snorlax|Body Slam|p1a: Drifblim\n|-immune|p1a: Drifblim\n|\n|upkeep\n|turn|27\n|inactive|Time left: 300 sec this turn | 300 sec total\n|\n|t:|1783546613\n|move|p1a: Drifblim|Air Slash|p2a: Snorlax\n|-damage|p2a: Snorlax|119/397\n|move|p2a: Snorlax|Curse|p2a: Snorlax\n|-unboost|p2a: Snorlax|spe|1\n|-boost|p2a: Snorlax|atk|1\n|-boost|p2a: Snorlax|def|1\n|\n|upkeep\n|turn|28\n|inactive|Time left: 300 sec this turn | 300 sec total\n|\n|t:|1783546614\n|move|p1a: Drifblim|Air Slash|p2a: Snorlax|[miss]\n|-miss|p1a: Drifblim|p2a: Snorlax\n|move|p2a: Snorlax|Rest|p2a: Snorlax\n|-status|p2a: Snorlax|slp|[from] move: Rest\n|-heal|p2a: Snorlax|397/397 slp|[silent]\n|\n|upkeep\n|turn|29\n|inactive|Time left: 300 sec this turn | 300 sec total\n|\n|t:|1783546615\n|move|p1a: Drifblim|Air Slash|p2a: Snorlax|[miss]\n|-miss|p1a: Drifblim|p2a: Snorlax\n|cant|p2a: Snorlax|slp\n|\n|upkeep\n|turn|30\n|inactive|Time left: 300 sec this turn | 300 sec total\n|\n|t:|1783546616\n|move|p1a: Drifblim|Air Slash|p2a: Snorlax\n|-damage|p2a: Snorlax|330/397 slp\n|cant|p2a: Snorlax|slp\n|\n|upkeep\n|turn|31\n|inactive|Time left: 300 sec this turn | 300 sec total\n|\n|t:|1783546617\n|move|p1a: Drifblim|Strength Sap|p2a: Snorlax\n|-unboost|p2a: Snorlax|atk|1\n|-curestatus|p2a: Snorlax|slp|[msg]\n|move|p2a: Snorlax|Body Slam|p1a: Drifblim\n|-immune|p1a: Drifblim\n|\n|upkeep\n|turn|32\n|inactive|Time left: 300 sec this turn | 300 sec total\n|\n|t:|1783546618\n|move|p1a: Drifblim|Air Slash|p2a: Snorlax\n|-damage|p2a: Snorlax|260/397\n|cant|p2a: Snorlax|flinch\n|\n|upkeep\n|turn|33\n|inactive|Time left: 300 sec this turn | 300 sec total\n|\n|t:|1783546619\n|move|p1a: Drifblim|Air Slash|p2a: Snorlax\n|-damage|p2a: Snorlax|194/397\n|cant|p2a: Snorlax|flinch\n|\n|upkeep\n|turn|34\n|inactive|Time left: 300 sec this turn | 300 sec total\n|\n|t:|1783546620\n|move|p1a: Drifblim|Air Slash|p2a: Snorlax\n|-damage|p2a: Snorlax|130/397\n|move|p2a: Snorlax|Curse|p2a: Snorlax\n|-unboost|p2a: Snorlax|spe|1\n|-boost|p2a: Snorlax|atk|1\n|-boost|p2a: Snorlax|def|1\n|\n|upkeep\n|turn|35\n|inactive|Time left: 300 sec this turn | 300 sec total\n|\n|t:|1783546621\n|move|p1a: Drifblim|Air Slash|p2a: Snorlax\n|-damage|p2a: Snorlax|60/397\n|move|p2a: Snorlax|Rest|p2a: Snorlax\n|-status|p2a: Snorlax|slp|[from] move: Rest\n|-heal|p2a: Snorlax|397/397 slp|[silent]\n|\n|upkeep\n|turn|36\n|inactive|Time left: 300 sec this turn | 300 sec total\n|\n|t:|1783546623\n|move|p1a: Drifblim|Air Slash|p2a: Snorlax\n|-damage|p2a: Snorlax|330/397 slp\n|cant|p2a: Snorlax|slp\n|\n|upkeep\n|turn|37\n|inactive|Time left: 300 sec this turn | 300 sec total\n|\n|t:|1783546624\n|move|p1a: Drifblim|Strength Sap|p2a: Snorlax\n|-unboost|p2a: Snorlax|atk|1\n|cant|p2a: Snorlax|slp\n|\n|upkeep\n|turn|38\n|inactive|Time left: 300 sec this turn | 300 sec total\n|\n|t:|1783546625\n|move|p1a: Drifblim|Strength Sap|p2a: Snorlax\n|-unboost|p2a: Snorlax|atk|1\n|-curestatus|p2a: Snorlax|slp|[msg]\n|move|p2a: Snorlax|Body Slam|p1a: Drifblim\n|-immune|p1a: Drifblim\n|\n|upkeep\n|turn|39\n|inactive|Time left: 300 sec this turn | 300 sec total\n|\n|t:|1783546626\n|move|p1a: Drifblim|Air Slash|p2a: Snorlax\n|-damage|p2a: Snorlax|266/397\n|cant|p2a: Snorlax|flinch\n|\n|upkeep\n|turn|40\n|inactive|Time left: 300 sec this turn | 300 sec total\n|\n|t:|1783546627\n|switch|p2a: Kilowattrel|Kilowattrel, L83, F|252/252\n|move|p1a: Drifblim|Shadow Ball|p2a: Kilowattrel\n|-damage|p2a: Kilowattrel|135/252\n|-unboost|p2a: Kilowattrel|spd|1\n|\n|upkeep\n|turn|41\n|inactive|Time left: 300 sec this turn | 300 sec total\n|\n|t:|1783546628\n|move|p2a: Kilowattrel|Discharge|p1a: Drifblim\n|-supereffective|p1a: Drifblim\n|-damage|p1a: Drifblim|39/100\n|move|p1a: Drifblim|Shadow Ball|p2a: Kilowattrel\n|-damage|p2a: Kilowattrel|0 fnt\n|faint|p2a: Kilowattrel\n|\n|upkeep\n|inactive|Time left: 300 sec this turn | 300 sec total | 5 sec grace\n|\n|t:|1783546629\n|switch|p2a: Sceptile|Sceptile, L87, F|264/264\n|turn|42\n|inactive|Time left: 300 sec this turn | 300 sec total\n|\n|t:|1783546630\n|move|p2a: Sceptile|Leech Seed|p1a: Drifblim|[miss]\n|-miss|p2a: Sceptile|p1a: Drifblim\n|move|p1a: Drifblim|Strength Sap|p2a: Sceptile\n|-unboost|p2a: Sceptile|atk|1\n|-heal|p1a: Drifblim|77/100\n|\n|upkeep\n|turn|43\n|inactive|Time left: 300 sec this turn | 300 sec total\n|\n|t:|1783546631\n|switch|p2a: Snorlax|Snorlax, L82, F|266/397\n|move|p1a: Drifblim|Strength Sap|p2a: Snorlax\n|-unboost|p2a: Snorlax|atk|1\n|-heal|p1a: Drifblim|100/100\n|\n|upkeep\n|turn|44\n|inactive|Time left: 300 sec this turn | 300 sec total\n|\n|t:|1783546632\n|move|p1a: Drifblim|Air Slash|p2a: Snorlax\n|-damage|p2a: Snorlax|196/397\n|cant|p2a: Snorlax|flinch\n|\n|upkeep\n|turn|45\n|inactive|Time left: 300 sec this turn | 300 sec total\n|\n|t:|1783546633\n|move|p1a: Drifblim|Air Slash|p2a: Snorlax\n|-damage|p2a: Snorlax|124/397\n|cant|p2a: Snorlax|flinch\n|\n|upkeep\n|turn|46\n|inactive|Time left: 300 sec this turn | 300 sec total\n|\n|t:|1783546635\n|move|p1a: Drifblim|Strength Sap|p2a: Snorlax\n|-unboost|p2a: Snorlax|atk|1\n|move|p2a: Snorlax|Rest|p2a: Snorlax\n|-status|p2a: Snorlax|slp|[from] move: Rest\n|-heal|p2a: Snorlax|397/397 slp|[silent]\n|\n|upkeep\n|turn|47\n|inactive|Time left: 300 sec this turn | 300 sec total\n|\n|t:|1783546636\n|switch|p2a: Sceptile|Sceptile, L87, F|264/264\n|move|p1a: Drifblim|Shadow Ball|p2a: Sceptile\n|-damage|p2a: Sceptile|173/264\n|\n|-heal|p2a: Sceptile|189/264|[from] item: Leftovers\n|upkeep\n|turn|48\n|inactive|Time left: 300 sec this turn | 300 sec total\n|\n|t:|1783546637\n|move|p2a: Sceptile|Leech Seed|p1a: Drifblim\n|-start|p1a: Drifblim|move: Leech Seed\n|move|p1a: Drifblim|Air Slash|p2a: Sceptile\n|-supereffective|p2a: Sceptile\n|-damage|p2a: Sceptile|25/264\n|\n|-heal|p2a: Sceptile|41/264|[from] item: Leftovers\n|-damage|p1a: Drifblim|88/100|[from] Leech Seed|[of] p2a: Sceptile\n|-heal|p2a: Sceptile|90/264|[silent]\n|upkeep\n|turn|49\n|inactive|Time left: 300 sec this turn | 300 sec total\n|\n|t:|1783546638\n|switch|p1a: Zebstrika|Zebstrika, L87, M|100/100\n|move|p2a: Sceptile|Substitute|p2a: Sceptile\n|-start|p2a: Sceptile|Substitute\n|-damage|p2a: Sceptile|24/264\n|\n|-heal|p2a: Sceptile|40/264|[from] item: Leftovers\n|upkeep\n|turn|50\n|inactive|Time left: 300 sec this turn | 300 sec total\n|\n|t:|1783546639\n|move|p2a: Sceptile|Focus Blast|p1a: Zebstrika|[miss]\n|-miss|p2a: Sceptile|p1a: Zebstrika\n|move|p1a: Zebstrika|Supercell Slam|p2a: Sceptile\n|-resisted|p2a: Sceptile\n|-end|p2a: Sceptile|Substitute\n|-damage|p1a: Zebstrika|91/100|[from] item: Life Orb\n|\n|-heal|p2a: Sceptile|56/264|[from] item: Leftovers\n|upkeep\n|turn|51\n|inactive|Time left: 300 sec this turn | 300 sec total\n|\n|t:|1783546640\n|move|p2a: Sceptile|Focus Blast|p1a: Zebstrika|[miss]\n|-miss|p2a: Sceptile|p1a: Zebstrika\n|move|p1a: Zebstrika|Supercell Slam|p2a: Sceptile\n|-resisted|p2a: Sceptile\n|-damage|p2a: Sceptile|0 fnt\n|faint|p2a: Sceptile\n|-damage|p1a: Zebstrika|81/100|[from] item: Life Orb\n|\n|upkeep\n|inactive|Time left: 300 sec this turn | 300 sec total | 5 sec grace\n|\n|t:|1783546641\n|switch|p2a: Snorlax|Snorlax, L82, F|397/397 slp\n|turn|52\n|inactive|Time left: 300 sec this turn | 300 sec total\n|\n|t:|1783546642\n|move|p1a: Zebstrika|Supercell Slam|p2a: Snorlax\n|-damage|p2a: Snorlax|214/397 slp\n|-damage|p1a: Zebstrika|71/100|[from] item: Life Orb\n|cant|p2a: Snorlax|slp\n|\n|upkeep\n|turn|53\n|inactive|Time left: 300 sec this turn | 300 sec total\n|\n|t:|1783546643\n|move|p1a: Zebstrika|Supercell Slam|p2a: Snorlax\n|-damage|p2a: Snorlax|26/397 slp\n|-damage|p1a: Zebstrika|61/100|[from] item: Life Orb\n|cant|p2a: Snorlax|slp\n|\n|upkeep\n|turn|54\n|inactive|Time left: 300 sec this turn | 300 sec total\n|\n|t:|1783546644\n|move|p1a: Zebstrika|High Horsepower|p2a: Snorlax|[miss]\n|-miss|p1a: Zebstrika|p2a: Snorlax\n|-curestatus|p2a: Snorlax|slp|[msg]\n|move|p2a: Snorlax|Rest|p2a: Snorlax\n|-status|p2a: Snorlax|slp|[from] move: Rest\n|-heal|p2a: Snorlax|397/397 slp|[silent]\n|\n|upkeep\n|turn|55\n|inactive|Time left: 300 sec this turn | 300 sec total\n|\n|t:|1783546645\n|move|p1a: Zebstrika|Supercell Slam|p2a: Snorlax\n|-damage|p2a: Snorlax|210/397 slp\n|-damage|p1a: Zebstrika|51/100|[from] item: Life Orb\n|cant|p2a: Snorlax|slp\n|\n|upkeep\n|turn|56\n|inactive|Time left: 300 sec this turn | 300 sec total\n|\n|t:|1783546646\n|move|p1a: Zebstrika|Supercell Slam|p2a: Snorlax\n|-damage|p2a: Snorlax|35/397 slp\n|-damage|p1a: Zebstrika|41/100|[from] item: Life Orb\n|cant|p2a: Snorlax|slp\n|\n|upkeep\n|turn|57\n|inactive|Time left: 300 sec this turn | 300 sec total\n|\n|t:|1783546647\n|move|p1a: Zebstrika|High Horsepower|p2a: Snorlax\n|-damage|p2a: Snorlax|0 fnt\n|faint|p2a: Snorlax\n|-damage|p1a: Zebstrika|31/100|[from] item: Life Orb\n|\n|upkeep\n|inactive|Time left: 300 sec this turn | 300 sec total | 5 sec grace\n|\n|t:|1783546647\n|switch|p2a: Sandaconda|Sandaconda, L84, F, tera:Steel|66/258\n|turn|58\n|inactive|Time left: 300 sec this turn | 300 sec total\n|\n|t:|1783546648\n|move|p1a: Zebstrika|Volt Switch|p2a: Sandaconda\n|-damage|p2a: Sandaconda|0 fnt\n|faint|p2a: Sandaconda\n|-damage|p1a: Zebstrika|21/100|[from] item: Life Orb\n|\n|win|p0x645582e", "uploadtime": 1783546648, "views": 0, "rating": 0, "private": 0, "password": null, "_winner": "p0x645582e", "_our_name": "p0y64568f6"}