{"id": "battle-gen9randombattle-2396", "formatid": "gen9randombattle", "format": "[Gen 9] Random Battle", "players": ["p0x239613ac", "p0y2396e02c"], "log": "|init|battle\n|title|p0x239613ac vs. p0y2396e02c\n|j|\u2606p0x239613ac\n|j|\u2606p0y2396e02c\n|t:|1783567799\n|gametype|singles\n|player|p1|p0x239613ac|102|\n|player|p2|p0y2396e02c|2|\n|gen|9\n|tier|[Gen 9] Random Battle\n|rule|Species Clause: Limit one of each Pok\u00e9mon\n|rule|HP Percentage Mod: HP is shown in percentages\n|rule|Sleep Clause Mod: Limit one foe put to sleep\n|rule|Illusion Level Mod: Illusion disguises the Pok\u00e9mon's true level\n|\n|t:|1783567799\n|teamsize|p1|6\n|teamsize|p2|6\n|start\n|switch|p1a: Dragonite|Dragonite, L74, F|257/257\n|switch|p2a: Dugtrio|Dugtrio, L84, F|100/100\n|turn|1\n|inactive|Battle timer is ON: inactive players will automatically lose when time's up. (requested by p0x239613ac)\n|inactive|p0y2396e02c also wants the timer to be on.\n|\n|t:|1783567801\n|switch|p2a: Arboliva|Arboliva, L91, F|100/100\n|move|p1a: Dragonite|Outrage|p2a: Arboliva\n|-damage|p2a: Arboliva|59/100\n|-fieldstart|move: Grassy Terrain|[from] ability: Seed Sower|[of] p2a: Arboliva\n|\n|-heal|p2a: Arboliva|65/100|[from] Grassy Terrain\n|-heal|p2a: Arboliva|72/100|[from] item: Leftovers\n|upkeep\n|turn|2\n|inactive|Time left: 300 sec this turn | 300 sec total\n|\n|t:|1783567802\n|move|p1a: Dragonite|Outrage|p2a: Arboliva|[from] lockedmove\n|-damage|p2a: Arboliva|30/100\n|-start|p1a: Dragonite|confusion|[fatigue]\n|move|p2a: Arboliva|Strength Sap|p1a: Dragonite\n|-unboost|p1a: Dragonite|atk|1\n|-heal|p2a: Arboliva|100/100\n|\n|upkeep\n|turn|3\n|inactive|Time left: 300 sec this turn | 300 sec total\n|\n|t:|1783567803\n|switch|p1a: Espathra|Espathra, L80, F|283/283\n|move|p2a: Arboliva|Energy Ball|p1a: Espathra\n|-damage|p1a: Espathra|28/283\n|\n|-heal|p1a: Espathra|45/283|[from] Grassy Terrain\n|-heal|p1a: Espathra|62/283|[from] item: Leftovers\n|upkeep\n|turn|4\n|inactive|Time left: 300 sec this turn | 300 sec total\n|\n|t:|1783567805\n|move|p1a: Espathra|Protect|p1a: Espathra\n|-singleturn|p1a: Espathra|Protect\n|move|p2a: Arboliva|Hyper Voice|p1a: Espathra\n|-activate|p1a: Espathra|move: Protect\n|\n|-heal|p1a: Espathra|79/283|[from] Grassy Terrain\n|-heal|p1a: Espathra|96/283|[from] item: Leftovers\n|-ability|p1a: Espathra|Speed Boost|boost\n|-boost|p1a: Espathra|spe|1\n|upkeep\n|turn|5\n|inactive|Time left: 300 sec this turn | 300 sec total\n|\n|t:|1783567806\n|switch|p1a: Dragonite|Dragonite, L74, F|257/257\n|move|p2a: Arboliva|Hyper Voice|p1a: Dragonite\n|-damage|p1a: Dragonite|186/257\n|\n|-fieldend|move: Grassy Terrain\n|upkeep\n|turn|6\n|inactive|Time left: 300 sec this turn | 300 sec total\n|\n|t:|1783567807\n|move|p1a: Dragonite|Dragon Dance|p1a: Dragonite\n|-boost|p1a: Dragonite|atk|1\n|-boost|p1a: Dragonite|spe|1\n|move|p2a: Arboliva|Hyper Voice|p1a: Dragonite\n|-damage|p1a: Dragonite|56/257\n|\n|upkeep\n|turn|7\n|inactive|Time left: 300 sec this turn | 300 sec total\n|\n|t:|1783567808\n|-terastallize|p1a: Dragonite|Flying\n|move|p1a: Dragonite|Tera Blast|p2a: Arboliva|[anim] Tera Blast Flying\n|-supereffective|p2a: Arboliva\n|-damage|p2a: Arboliva|0 fnt\n|-fieldstart|move: Grassy Terrain|[from] ability: Seed Sower|[of] p2a: Arboliva\n|faint|p2a: Arboliva\n|\n|upkeep\n|\n|t:|1783567809\n|switch|p2a: Rotom|Rotom, L88|100/100\n|turn|8\n|inactive|Time left: 300 sec this turn | 300 sec total\n|\n|t:|1783567810\n|move|p2a: Rotom|Shadow Ball|p1a: Dragonite\n|-damage|p1a: Dragonite|0 fnt\n|faint|p1a: Dragonite\n|\n|upkeep\n|inactive|Time left: 300 sec this turn | 300 sec total | 5 sec grace\n|\n|t:|1783567811\n|switch|p1a: Venomoth|Venomoth, L84, M|255/255\n|turn|9\n|inactive|Time left: 300 sec this turn | 300 sec total\n|\n|t:|1783567812\n|move|p2a: Rotom|Shadow Ball|p1a: Venomoth\n|-damage|p1a: Venomoth|159/255\n|-unboost|p1a: Venomoth|spd|1\n|move|p1a: Venomoth|Quiver Dance|p1a: Venomoth\n|-boost|p1a: Venomoth|spa|1\n|-boost|p1a: Venomoth|spd|1\n|-boost|p1a: Venomoth|spe|1\n|\n|-heal|p1a: Venomoth|174/255|[from] Grassy Terrain\n|upkeep\n|turn|10\n|inactive|Time left: 300 sec this turn | 300 sec total\n|\n|t:|1783567813\n|move|p2a: Rotom|Shadow Ball|p1a: Venomoth\n|-damage|p1a: Venomoth|66/255\n|move|p1a: Venomoth|Quiver Dance|p1a: Venomoth\n|-boost|p1a: Venomoth|spa|1\n|-boost|p1a: Venomoth|spd|1\n|-boost|p1a: Venomoth|spe|1\n|\n|-heal|p1a: Venomoth|81/255|[from] Grassy Terrain\n|upkeep\n|turn|11\n|inactive|Time left: 300 sec this turn | 300 sec total\n|\n|t:|1783567814\n|switch|p2a: Munkidori|Munkidori, L79, M|100/100\n|move|p1a: Venomoth|Sleep Powder|p2a: Munkidori\n|-status|p2a: Munkidori|slp|[from] move: Sleep Powder\n|\n|-heal|p1a: Venomoth|96/255|[from] Grassy Terrain\n|-fieldend|move: Grassy Terrain\n|upkeep\n|turn|12\n|inactive|Time left: 300 sec this turn | 300 sec total\n|\n|t:|1783567815\n|move|p1a: Venomoth|Sludge Wave|p2a: Munkidori\n|-resisted|p2a: Munkidori\n|-damage|p2a: Munkidori|49/100 slp\n|cant|p2a: Munkidori|slp\n|\n|upkeep\n|turn|13\n|inactive|Time left: 300 sec this turn | 300 sec total\n|\n|t:|1783567816\n|move|p1a: Venomoth|Bug Buzz|p2a: Munkidori\n|-damage|p2a: Munkidori|3/100 slp\n|cant|p2a: Munkidori|slp\n|\n|upkeep\n|turn|14\n|inactive|Time left: 300 sec this turn | 300 sec total\n|\n|t:|1783567817\n|move|p1a: Venomoth|Sludge Wave|p2a: Munkidori\n|-resisted|p2a: Munkidori\n|-damage|p2a: Munkidori|0 fnt\n|faint|p2a: Munkidori\n|\n|upkeep\n|\n|t:|1783567818\n|switch|p2a: Furret|Furret, L94, M|100/100\n|-item|p1a: Venomoth|Heavy-Duty Boots|[from] ability: Frisk|[of] p2a: Furret\n|turn|15\n|inactive|Time left: 300 sec this turn | 300 sec total\n|\n|t:|1783567819\n|move|p1a: Venomoth|Sleep Powder|p2a: Furret|[miss]\n|-miss|p1a: Venomoth|p2a: Furret\n|move|p2a: Furret|Knock Off|p1a: Venomoth\n|-damage|p1a: Venomoth|0 fnt\n|-enditem|p1a: Venomoth|Heavy-Duty Boots|[from] move: Knock Off|[of] p2a: Furret\n|faint|p1a: Venomoth\n|\n|upkeep\n|inactive|Time left: 300 sec this turn | 300 sec total | 5 sec grace\n|\n|t:|1783567820\n|switch|p1a: Archaludon|Archaludon, L78, M|268/268\n|turn|16\n|inactive|Time left: 300 sec this turn | 300 sec total\n|\n|t:|1783567820\n|switch|p2a: Dugtrio|Dugtrio, L84, F|100/100\n|move|p1a: Archaludon|Flash Cannon|p2a: Dugtrio\n|-damage|p2a: Dugtrio|47/100\n|\n|upkeep\n|turn|17\n|inactive|Time left: 300 sec this turn | 300 sec total\n|\n|t:|1783567821\n|move|p2a: Dugtrio|Earthquake|p1a: Archaludon\n|-supereffective|p1a: Archaludon\n|-damage|p1a: Archaludon|10/268\n|-ability|p1a: Archaludon|Stamina|boost\n|-boost|p1a: Archaludon|def|1\n|move|p1a: Archaludon|Flash Cannon|p2a: Dugtrio\n|-damage|p2a: Dugtrio|0 fnt\n|faint|p2a: Dugtrio\n|\n|-heal|p1a: Archaludon|26/268|[from] item: Leftovers\n|upkeep\n|\n|t:|1783567822\n|switch|p2a: Furret|Furret, L94, M|100/100\n|-item|p1a: Archaludon|Leftovers|[from] ability: Frisk|[of] p2a: Furret\n|turn|18\n|inactive|Time left: 300 sec this turn | 300 sec total\n|\n|t:|1783567823\n|move|p2a: Furret|Double-Edge|p1a: Archaludon\n|-resisted|p1a: Archaludon\n|-damage|p1a: Archaludon|0 fnt\n|faint|p1a: Archaludon\n|-damage|p2a: Furret|98/100|[from] Recoil\n|\n|upkeep\n|inactive|Time left: 300 sec this turn | 300 sec total | 5 sec grace\n|\n|t:|1783567824\n|switch|p1a: Armarouge|Armarouge, L80, M|267/267\n|turn|19\n|inactive|Time left: 300 sec this turn | 300 sec total\n|\n|t:|1783567825\n|switch|p2a: Ludicolo|Ludicolo, L90, F|100/100\n|move|p1a: Armarouge|Armor Cannon|p2a: Ludicolo\n|-damage|p2a: Ludicolo|55/100\n|-unboost|p1a: Armarouge|def|1\n|-unboost|p1a: Armarouge|spd|1\n|\n|upkeep\n|turn|20\n|inactive|Time left: 300 sec this turn | 300 sec total\n|\n|t:|1783567825\n|switch|p1a: Fezandipiti|Fezandipiti, L82, M|278/278\n|move|p2a: Ludicolo|Hydro Pump|p1a: Fezandipiti\n|-damage|p1a: Fezandipiti|160/278\n|-damage|p2a: Ludicolo|45/100|[from] item: Life Orb\n|\n|-heal|p1a: Fezandipiti|177/278|[from] item: Leftovers\n|upkeep\n|turn|21\n|inactive|Time left: 300 sec this turn | 300 sec total\n|\n|t:|1783567826\n|move|p1a: Fezandipiti|Gunk Shot|p2a: Ludicolo|[miss]\n|-miss|p1a: Fezandipiti|p2a: Ludicolo\n|move|p2a: Ludicolo|Hydro Pump|p1a: Fezandipiti\n|-damage|p1a: Fezandipiti|55/278\n|-damage|p2a: Ludicolo|35/100|[from] item: Life Orb\n|\n|-heal|p1a: Fezandipiti|72/278|[from] item: Leftovers\n|upkeep\n|turn|22\n|inactive|Time left: 300 sec this turn | 300 sec total\n|\n|t:|1783567827\n|move|p1a: Fezandipiti|Roost|p1a: Fezandipiti\n|-heal|p1a: Fezandipiti|211/278\n|-singleturn|p1a: Fezandipiti|move: Roost\n|move|p2a: Ludicolo|Ice Beam|p1a: Fezandipiti\n|-damage|p1a: Fezandipiti|146/278\n|-damage|p2a: Ludicolo|25/100|[from] item: Life Orb\n|\n|-heal|p1a: Fezandipiti|163/278|[from] item: Leftovers\n|upkeep\n|turn|23\n|inactive|Time left: 300 sec this turn | 300 sec total\n|\n|t:|1783567828\n|move|p1a: Fezandipiti|Roost|p1a: Fezandipiti\n|-heal|p1a: Fezandipiti|278/278\n|-singleturn|p1a: Fezandipiti|move: Roost\n|move|p2a: Ludicolo|Hydro Pump|p1a: Fezandipiti\n|-damage|p1a: Fezandipiti|160/278\n|-damage|p2a: Ludicolo|15/100|[from] item: Life Orb\n|\n|-heal|p1a: Fezandipiti|177/278|[from] item: Leftovers\n|upkeep\n|turn|24\n|inactive|Time left: 300 sec this turn | 300 sec total\n|\n|t:|1783567829\n|move|p1a: Fezandipiti|Moonblast|p2a: Ludicolo\n|-damage|p2a: Ludicolo|0 fnt\n|faint|p2a: Ludicolo\n|\n|-heal|p1a: Fezandipiti|194/278|[from] item: Leftovers\n|upkeep\n|\n|t:|1783567830\n|switch|p2a: Furret|Furret, L94, M|98/100\n|-item|p1a: Fezandipiti|Leftovers|[from] ability: Frisk|[of] p2a: Furret\n|turn|25\n|inactive|Time left: 300 sec this turn | 300 sec total\n|\n|t:|1783567831\n|move|p2a: Furret|Double-Edge|p1a: Fezandipiti\n|-damage|p1a: Fezandipiti|0 fnt\n|faint|p1a: Fezandipiti\n|-damage|p2a: Furret|77/100|[from] Recoil\n|\n|upkeep\n|inactive|Time left: 300 sec this turn | 300 sec total | 5 sec grace\n|\n|t:|1783567832\n|switch|p1a: Armarouge|Armarouge, L80, M|267/267\n|turn|26\n|inactive|Time left: 300 sec this turn | 300 sec total\n|\n|t:|1783567833\n|move|p2a: Furret|Double-Edge|p1a: Armarouge\n|-damage|p1a: Armarouge|68/267\n|-ability|p1a: Armarouge|Weak Armor|boost\n|-unboost|p1a: Armarouge|def|1\n|-boost|p1a: Armarouge|spe|2\n|-damage|p2a: Furret|56/100|[from] Recoil\n|move|p1a: Armarouge|Meteor Beam||[still]\n|-prepare|p1a: Armarouge|Meteor Beam\n|-boost|p1a: Armarouge|spa|1\n|-enditem|p1a: Armarouge|Power Herb\n|-anim|p1a: Armarouge|Meteor Beam|p2a: Furret|[miss]\n|-miss|p1a: Armarouge|p2a: Furret\n|\n|upkeep\n|turn|27\n|inactive|Time left: 300 sec this turn | 300 sec total\n|\n|t:|1783567834\n|switch|p2a: Rotom|Rotom, L88|100/100\n|move|p1a: Armarouge|Armor Cannon|p2a: Rotom\n|-damage|p2a: Rotom|8/100\n|-unboost|p1a: Armarouge|def|1\n|-unboost|p1a: Armarouge|spd|1\n|\n|upkeep\n|turn|28\n|inactive|Time left: 300 sec this turn | 300 sec total\n|\n|t:|1783567835\n|move|p1a: Armarouge|Armor Cannon|p2a: Rotom\n|-damage|p2a: Rotom|0 fnt\n|-unboost|p1a: Armarouge|def|1\n|-unboost|p1a: Armarouge|spd|1\n|faint|p2a: Rotom\n|\n|upkeep\n|\n|t:|1783567836\n|switch|p2a: Furret|Furret, L94, M|56/100\n|turn|29\n|inactive|Time left: 300 sec this turn | 300 sec total\n|\n|t:|1783567836\n|-terastallize|p2a: Furret|Ghost\n|move|p1a: Armarouge|Armor Cannon|p2a: Furret\n|-damage|p2a: Furret|0 fnt\n|-unboost|p1a: Armarouge|def|1\n|-unboost|p1a: Armarouge|spd|1\n|faint|p2a: Furret\n|\n|win|p0x239613ac", "uploadtime": 1783567836, "views": 0, "rating": 0, "private": 0, "password": null, "_winner": "p0x239613ac", "_our_name": "p0x239613ac"}