{"id": "battle-gen9randombattle-2317", "formatid": "gen9randombattle", "format": "[Gen 9] Random Battle", "players": ["p0x23172fec", "p0y2317ec2e"], "log": "|init|battle\n|title|p0x23172fec vs. p0y2317ec2e\n|j|\u2606p0x23172fec\n|j|\u2606p0y2317ec2e\n|t:|1783566912\n|gametype|singles\n|player|p1|p0x23172fec|266|\n|player|p2|p0y2317ec2e|169|\n|gen|9\n|tier|[Gen 9] Random Battle\n|rule|Species Clause: Limit one of each Pok\u00e9mon\n|rule|HP Percentage Mod: HP is shown in percentages\n|rule|Sleep Clause Mod: Limit one foe put to sleep\n|rule|Illusion Level Mod: Illusion disguises the Pok\u00e9mon's true level\n|\n|t:|1783566912\n|teamsize|p1|6\n|teamsize|p2|6\n|start\n|switch|p1a: Torkoal|Torkoal, L88, M|266/266\n|switch|p2a: Rotom|Rotom, L88|100/100\n|-weather|SunnyDay|[from] ability: Drought|[of] p1a: Torkoal\n|turn|1\n|inactive|Battle timer is ON: inactive players will automatically lose when time's up. (requested by p0y2317ec2e)\n|inactive|Time left: 300 sec this turn | 300 sec total | 60 sec grace\n|inactive|p0x23172fec also wants the timer to be on.\n|\n|t:|1783566914\n|move|p2a: Rotom|Shadow Ball|p1a: Torkoal\n|-damage|p1a: Torkoal|157/266\n|move|p1a: Torkoal|Fire Blast|p2a: Rotom\n|-damage|p2a: Rotom|19/100\n|\n|-weather|SunnyDay|[upkeep]\n|upkeep\n|turn|2\n|inactive|Time left: 300 sec this turn | 300 sec total\n|\n|t:|1783566915\n|move|p2a: Rotom|Shadow Ball|p1a: Torkoal\n|-damage|p1a: Torkoal|49/266\n|-unboost|p1a: Torkoal|spd|1\n|move|p1a: Torkoal|Fire Blast|p2a: Rotom\n|-damage|p2a: Rotom|0 fnt\n|faint|p2a: Rotom\n|\n|-weather|SunnyDay|[upkeep]\n|upkeep\n|\n|t:|1783566916\n|switch|p2a: Flygon|Flygon, L82, M|100/100\n|turn|3\n|inactive|Time left: 300 sec this turn | 300 sec total\n|\n|t:|1783566918\n|switch|p1a: Bellossom|Bellossom, L84, M|263/263\n|move|p2a: Flygon|Outrage|p1a: Bellossom\n|-damage|p1a: Bellossom|89/263\n|\n|-weather|SunnyDay|[upkeep]\n|-heal|p1a: Bellossom|105/263|[from] item: Leftovers\n|upkeep\n|turn|4\n|inactive|Time left: 300 sec this turn | 300 sec total\n|\n|t:|1783566919\n|-terastallize|p1a: Bellossom|Fairy\n|move|p1a: Bellossom|Moonblast|p2a: Flygon\n|-supereffective|p2a: Flygon\n|-damage|p2a: Flygon|23/100\n|move|p2a: Flygon|Outrage|p1a: Bellossom|[from] lockedmove\n|-immune|p1a: Bellossom\n|\n|-weather|SunnyDay|[upkeep]\n|-heal|p1a: Bellossom|121/263|[from] item: Leftovers\n|upkeep\n|turn|5\n|inactive|Time left: 300 sec this turn | 300 sec total\n|\n|t:|1783566920\n|move|p1a: Bellossom|Giga Drain|p2a: Flygon\n|-damage|p2a: Flygon|0 fnt\n|-heal|p1a: Bellossom|151/263|[from] drain|[of] p2a: Flygon\n|faint|p2a: Flygon\n|\n|-weather|none\n|-heal|p1a: Bellossom|167/263|[from] item: Leftovers\n|upkeep\n|\n|t:|1783566921\n|switch|p2a: Delibird|Delibird, F|100/100\n|turn|6\n|inactive|Time left: 300 sec this turn | 300 sec total\n|\n|t:|1783566922\n|move|p2a: Delibird|Brave Bird|p1a: Bellossom\n|-damage|p1a: Bellossom|0 fnt\n|faint|p1a: Bellossom\n|-damage|p2a: Delibird|79/100|[from] Recoil\n|\n|upkeep\n|inactive|Time left: 300 sec this turn | 300 sec total | 5 sec grace\n|\n|t:|1783566923\n|switch|p1a: Houndoom|Houndoom, L87, F|272/272\n|turn|7\n|inactive|Time left: 300 sec this turn | 300 sec total\n|\n|t:|1783566924\n|switch|p2a: Rhyperior|Rhyperior, L82, M|100/100\n|move|p1a: Houndoom|Fire Blast|p2a: Rhyperior\n|-resisted|p2a: Rhyperior\n|-damage|p2a: Rhyperior|69/100\n|\n|upkeep\n|turn|8\n|inactive|Time left: 300 sec this turn | 300 sec total\n|\n|t:|1783566925\n|move|p1a: Houndoom|Dark Pulse|p2a: Rhyperior\n|-damage|p2a: Rhyperior|23/100\n|cant|p2a: Rhyperior|flinch\n|\n|upkeep\n|turn|9\n|inactive|Time left: 300 sec this turn | 300 sec total\n|\n|t:|1783566925\n|move|p1a: Houndoom|Dark Pulse|p2a: Rhyperior\n|-damage|p2a: Rhyperior|0 fnt\n|faint|p2a: Rhyperior\n|\n|upkeep\n|\n|t:|1783566926\n|switch|p2a: Electivire|Electivire, L84, F|100/100\n|turn|10\n|inactive|Time left: 300 sec this turn | 300 sec total\n|\n|t:|1783566927\n|switch|p1a: Swampert|Swampert, L83, M|302/302\n|move|p2a: Electivire|Earthquake|p1a: Swampert\n|-damage|p1a: Swampert|194/302\n|-damage|p2a: Electivire|91/100|[from] item: Life Orb\n|\n|-heal|p1a: Swampert|212/302|[from] item: Leftovers\n|upkeep\n|turn|11\n|inactive|Time left: 300 sec this turn | 300 sec total\n|\n|t:|1783566928\n|switch|p2a: Delibird|Delibird, F|79/100\n|move|p1a: Swampert|Earthquake|p2a: Delibird\n|-immune|p2a: Delibird\n|\n|-heal|p1a: Swampert|230/302|[from] item: Leftovers\n|upkeep\n|turn|12\n|inactive|Time left: 300 sec this turn | 300 sec total\n|\n|t:|1783566929\n|move|p2a: Delibird|Ice Spinner|p1a: Swampert\n|-damage|p1a: Swampert|104/302\n|move|p1a: Swampert|Knock Off|p2a: Delibird\n|-damage|p2a: Delibird|41/100\n|-enditem|p2a: Delibird|Heavy-Duty Boots|[from] move: Knock Off|[of] p1a: Swampert\n|\n|-heal|p1a: Swampert|122/302|[from] item: Leftovers\n|upkeep\n|turn|13\n|inactive|Time left: 300 sec this turn | 300 sec total\n|\n|t:|1783566930\n|switch|p1a: Persian|Persian-Alola, L86, M|252/252\n|move|p2a: Delibird|Brave Bird|p1a: Persian\n|-damage|p1a: Persian|131/252\n|-damage|p2a: Delibird|25/100|[from] Recoil\n|\n|upkeep\n|turn|14\n|inactive|Time left: 300 sec this turn | 300 sec total\n|\n|t:|1783566931\n|switch|p2a: Electivire|Electivire, L84, F|91/100\n|move|p1a: Persian|Dark Pulse|p2a: Electivire\n|-damage|p2a: Electivire|54/100\n|-damage|p1a: Persian|106/252|[from] item: Life Orb\n|\n|upkeep\n|turn|15\n|inactive|Time left: 300 sec this turn | 300 sec total\n|\n|t:|1783566932\n|move|p1a: Persian|Dark Pulse|p2a: Electivire\n|-damage|p2a: Electivire|15/100\n|-damage|p1a: Persian|81/252|[from] item: Life Orb\n|move|p2a: Electivire|Flamethrower|p1a: Persian\n|-damage|p1a: Persian|0 fnt\n|faint|p1a: Persian\n|-damage|p2a: Electivire|5/100|[from] item: Life Orb\n|\n|upkeep\n|inactive|Time left: 300 sec this turn | 300 sec total | 5 sec grace\n|\n|t:|1783566933\n|switch|p1a: Houndoom|Houndoom, L87, F|272/272\n|turn|16\n|inactive|Time left: 300 sec this turn | 300 sec total\n|\n|t:|1783566934\n|move|p1a: Houndoom|Dark Pulse|p2a: Electivire\n|-damage|p2a: Electivire|0 fnt\n|faint|p2a: Electivire\n|\n|upkeep\n|\n|t:|1783566935\n|switch|p2a: Forretress|Forretress, L84, M|100/100\n|turn|17\n|inactive|Time left: 300 sec this turn | 300 sec total\n|\n|t:|1783566936\n|move|p1a: Houndoom|Fire Blast|p2a: Forretress\n|-supereffective|p2a: Forretress\n|-ability|p2a: Forretress|Sturdy\n|-damage|p2a: Forretress|1/100\n|move|p2a: Forretress|Rapid Spin|p1a: Houndoom\n|-damage|p1a: Houndoom|220/272\n|-boost|p2a: Forretress|spe|1\n|\n|-heal|p2a: Forretress|7/100|[from] item: Leftovers\n|upkeep\n|turn|18\n|inactive|Time left: 300 sec this turn | 300 sec total\n|\n|t:|1783566937\n|move|p1a: Houndoom|Dark Pulse|p2a: Forretress\n|-damage|p2a: Forretress|0 fnt\n|faint|p2a: Forretress\n|\n|upkeep\n|\n|t:|1783566938\n|switch|p2a: Delibird|Delibird, F|25/100\n|turn|19\n|inactive|Time left: 300 sec this turn | 300 sec total\n|\n|t:|1783566939\n|move|p1a: Houndoom|Dark Pulse|p2a: Delibird\n|-damage|p2a: Delibird|0 fnt\n|faint|p2a: Delibird\n|\n|win|p0x23172fec", "uploadtime": 1783566939, "views": 0, "rating": 0, "private": 0, "password": null, "_winner": "p0x23172fec", "_our_name": "p0x23172fec"}