{"id": "battle-gen9randombattle-2705", "formatid": "gen9randombattle", "format": "[Gen 9] Random Battle", "players": ["p0x27057fe5", "p0y27058c69"], "log": "|init|battle\n|title|p0x27057fe5 vs. p0y27058c69\n|j|\u2606p0x27057fe5\n|j|\u2606p0y27058c69\n|t:|1783570188\n|gametype|singles\n|player|p1|p0x27057fe5|2|\n|player|p2|p0y27058c69|2|\n|gen|9\n|tier|[Gen 9] Random Battle\n|rule|Species Clause: Limit one of each Pok\u00e9mon\n|rule|HP Percentage Mod: HP is shown in percentages\n|rule|Sleep Clause Mod: Limit one foe put to sleep\n|rule|Illusion Level Mod: Illusion disguises the Pok\u00e9mon's true level\n|\n|t:|1783570188\n|teamsize|p1|6\n|teamsize|p2|6\n|start\n|switch|p1a: Altaria|Altaria, L89, M|100/100\n|switch|p2a: Inteleon|Inteleon, L81, F|246/246\n|turn|1\n|inactive|Battle timer is ON: inactive players will automatically lose when time's up. (requested by p0x27057fe5)\n|inactive|Time left: 300 sec this turn | 300 sec total | 60 sec grace\n|inactive|p0y27058c69 also wants the timer to be on.\n|\n|t:|1783570189\n|switch|p1a: Bellossom|Bellossom, L84, M|100/100\n|move|p2a: Inteleon|Ice Beam|p1a: Bellossom\n|-supereffective|p1a: Bellossom\n|-damage|p1a: Bellossom|21/100\n|\n|-heal|p1a: Bellossom|27/100|[from] item: Leftovers\n|upkeep\n|turn|2\n|inactive|Time left: 300 sec this turn | 300 sec total\n|\n|t:|1783570191\n|-terastallize|p1a: Bellossom|Fire\n|move|p2a: Inteleon|Ice Beam|p1a: Bellossom\n|-resisted|p1a: Bellossom\n|-damage|p1a: Bellossom|9/100\n|move|p1a: Bellossom|Strength Sap|p2a: Inteleon\n|-unboost|p2a: Inteleon|atk|1\n|-heal|p1a: Bellossom|79/100\n|\n|-heal|p1a: Bellossom|85/100|[from] item: Leftovers\n|upkeep\n|turn|3\n|inactive|Time left: 300 sec this turn | 300 sec total\n|\n|t:|1783570192\n|switch|p2a: Tyranitar|Tyranitar, L78, F|284/284\n|-weather|Sandstorm|[from] ability: Sand Stream|[of] p2a: Tyranitar\n|move|p1a: Bellossom|Quiver Dance|p1a: Bellossom\n|-boost|p1a: Bellossom|spa|1\n|-boost|p1a: Bellossom|spd|1\n|-boost|p1a: Bellossom|spe|1\n|\n|-weather|Sandstorm|[upkeep]\n|-damage|p1a: Bellossom|79/100|[from] Sandstorm\n|-heal|p1a: Bellossom|85/100|[from] item: Leftovers\n|upkeep\n|turn|4\n|inactive|Time left: 300 sec this turn | 300 sec total\n|\n|t:|1783570193\n|move|p1a: Bellossom|Strength Sap|p2a: Tyranitar\n|-unboost|p2a: Tyranitar|atk|1\n|-heal|p1a: Bellossom|100/100\n|move|p2a: Tyranitar|Stone Edge|p1a: Bellossom|[miss]\n|-miss|p2a: Tyranitar|p1a: Bellossom\n|\n|-weather|Sandstorm|[upkeep]\n|-damage|p1a: Bellossom|94/100|[from] Sandstorm\n|-heal|p1a: Bellossom|100/100|[from] item: Leftovers\n|upkeep\n|turn|5\n|inactive|Time left: 300 sec this turn | 300 sec total\n|\n|t:|1783570194\n|move|p1a: Bellossom|Quiver Dance|p1a: Bellossom\n|-boost|p1a: Bellossom|spa|1\n|-boost|p1a: Bellossom|spd|1\n|-boost|p1a: Bellossom|spe|1\n|move|p2a: Tyranitar|Dragon Dance|p2a: Tyranitar\n|-boost|p2a: Tyranitar|atk|1\n|-boost|p2a: Tyranitar|spe|1\n|\n|-weather|Sandstorm|[upkeep]\n|-damage|p1a: Bellossom|94/100|[from] Sandstorm\n|-heal|p1a: Bellossom|100/100|[from] item: Leftovers\n|upkeep\n|turn|6\n|inactive|Time left: 300 sec this turn | 300 sec total\n|\n|t:|1783570195\n|move|p1a: Bellossom|Strength Sap|p2a: Tyranitar\n|-unboost|p2a: Tyranitar|atk|1\n|move|p2a: Tyranitar|Dragon Dance|p2a: Tyranitar\n|-boost|p2a: Tyranitar|atk|1\n|-boost|p2a: Tyranitar|spe|1\n|\n|-weather|Sandstorm|[upkeep]\n|-damage|p1a: Bellossom|94/100|[from] Sandstorm\n|-heal|p1a: Bellossom|100/100|[from] item: Leftovers\n|upkeep\n|turn|7\n|inactive|Time left: 300 sec this turn | 300 sec total\n|\n|t:|1783570196\n|-terastallize|p2a: Tyranitar|Rock\n|move|p2a: Tyranitar|Stone Edge|p1a: Bellossom\n|-supereffective|p1a: Bellossom\n|-damage|p1a: Bellossom|0 fnt\n|faint|p1a: Bellossom\n|\n|-weather|none\n|upkeep\n|\n|t:|1783570197\n|switch|p1a: Giratina|Giratina-Origin, L72|100/100\n|turn|8\n|inactive|Time left: 300 sec this turn | 300 sec total\n|\n|t:|1783570198\n|move|p2a: Tyranitar|Knock Off|p1a: Giratina\n|-supereffective|p1a: Giratina\n|-damage|p1a: Giratina|49/100\n|move|p1a: Giratina|Will-O-Wisp|p2a: Tyranitar\n|-status|p2a: Tyranitar|brn\n|\n|-damage|p2a: Tyranitar|267/284 brn|[from] brn\n|upkeep\n|turn|9\n|inactive|Time left: 300 sec this turn | 300 sec total\n|\n|t:|1783570199\n|move|p2a: Tyranitar|Dragon Dance|p2a: Tyranitar\n|-boost|p2a: Tyranitar|atk|1\n|-boost|p2a: Tyranitar|spe|1\n|move|p1a: Giratina|Dragon Tail|p2a: Tyranitar\n|-damage|p2a: Tyranitar|212/284 brn\n|drag|p2a: Inteleon|Inteleon, L81, F|246/246\n|\n|upkeep\n|turn|10\n|inactive|Time left: 300 sec this turn | 300 sec total\n|\n|t:|1783570201\n|switch|p1a: Munkidori|Munkidori, L79, M|100/100\n|move|p2a: Inteleon|Ice Beam|p1a: Munkidori\n|-damage|p1a: Munkidori|71/100\n|\n|upkeep\n|turn|11\n|inactive|Time left: 300 sec this turn | 300 sec total\n|\n|t:|1783570202\n|switch|p2a: Tyranitar|Tyranitar, L78, F, tera:Rock|212/284 brn\n|-weather|Sandstorm|[from] ability: Sand Stream|[of] p2a: Tyranitar\n|move|p1a: Munkidori|Psychic Noise|p2a: Tyranitar\n|-damage|p2a: Tyranitar|152/284 brn\n|-start|p2a: Tyranitar|move: Heal Block\n|\n|-weather|Sandstorm|[upkeep]\n|-damage|p1a: Munkidori|65/100|[from] Sandstorm\n|-damage|p2a: Tyranitar|135/284 brn|[from] brn\n|upkeep\n|turn|12\n|inactive|Time left: 300 sec this turn | 300 sec total\n|\n|t:|1783570203\n|switch|p1a: Metagross|Metagross, L79|100/100\n|move|p2a: Tyranitar|Knock Off|p1a: Metagross\n|-supereffective|p1a: Metagross\n|-damage|p1a: Metagross|67/100\n|-enditem|p1a: Metagross|Weakness Policy\n|-boost|p1a: Metagross|atk|2|[from] item: Weakness Policy\n|-boost|p1a: Metagross|spa|2|[from] item: Weakness Policy\n|\n|-weather|Sandstorm|[upkeep]\n|-damage|p2a: Tyranitar|118/284 brn|[from] brn\n|-end|p2a: Tyranitar|move: Heal Block\n|upkeep\n|turn|13\n|inactive|Time left: 300 sec this turn | 300 sec total\n|\n|t:|1783570204\n|switch|p2a: Inteleon|Inteleon, L81, F|246/246\n|move|p1a: Metagross|Agility|p1a: Metagross\n|-boost|p1a: Metagross|spe|2\n|\n|-weather|Sandstorm|[upkeep]\n|-damage|p2a: Inteleon|231/246|[from] Sandstorm\n|upkeep\n|turn|14\n|inactive|Time left: 300 sec this turn | 300 sec total\n|\n|t:|1783570205\n|move|p1a: Metagross|Knock Off|p2a: Inteleon\n|-damage|p2a: Inteleon|42/246\n|-enditem|p2a: Inteleon|Choice Specs|[from] move: Knock Off|[of] p1a: Metagross\n|move|p2a: Inteleon|Hydro Pump|p1a: Metagross\n|-damage|p1a: Metagross|0 fnt\n|faint|p1a: Metagross\n|\n|-weather|Sandstorm|[upkeep]\n|-damage|p2a: Inteleon|27/246|[from] Sandstorm\n|upkeep\n|\n|t:|1783570206\n|switch|p1a: Lycanroc|Lycanroc, L86, F|100/100\n|turn|15\n|inactive|Time left: 300 sec this turn | 300 sec total\n|\n|t:|1783570207\n|move|p1a: Lycanroc|Accelerock|p2a: Inteleon\n|-damage|p2a: Inteleon|0 fnt\n|faint|p2a: Inteleon\n|-damage|p1a: Lycanroc|91/100|[from] item: Life Orb\n|\n|-weather|none\n|upkeep\n|inactive|Time left: 300 sec this turn | 300 sec total | 5 sec grace\n|\n|t:|1783570208\n|switch|p2a: Toxicroak|Toxicroak, L84, F|277/277\n|turn|16\n|inactive|Time left: 300 sec this turn | 300 sec total\n|\n|t:|1783570209\n|switch|p1a: Giratina|Giratina-Origin, L72|49/100\n|move|p2a: Toxicroak|Knock Off|p1a: Giratina\n|-supereffective|p1a: Giratina\n|-damage|p1a: Giratina|11/100\n|-damage|p2a: Toxicroak|250/277|[from] item: Life Orb\n|\n|upkeep\n|turn|17\n|inactive|Time left: 300 sec this turn | 300 sec total\n|\n|t:|1783570210\n|move|p2a: Toxicroak|Knock Off|p1a: Giratina\n|-supereffective|p1a: Giratina\n|-damage|p1a: Giratina|0 fnt\n|faint|p1a: Giratina\n|-damage|p2a: Toxicroak|223/277|[from] item: Life Orb\n|\n|upkeep\n|\n|t:|1783570211\n|switch|p1a: Munkidori|Munkidori, L79, M|65/100\n|turn|18\n|inactive|Time left: 300 sec this turn | 300 sec total\n|\n|t:|1783570212\n|switch|p2a: Tyranitar|Tyranitar, L78, F, tera:Rock|118/284 brn\n|-weather|Sandstorm|[from] ability: Sand Stream|[of] p2a: Tyranitar\n|move|p1a: Munkidori|Psychic Noise|p2a: Tyranitar\n|-damage|p2a: Tyranitar|55/284 brn\n|-start|p2a: Tyranitar|move: Heal Block\n|\n|-weather|Sandstorm|[upkeep]\n|-damage|p1a: Munkidori|59/100|[from] Sandstorm\n|-damage|p2a: Tyranitar|38/284 brn|[from] brn\n|upkeep\n|turn|19\n|inactive|Time left: 300 sec this turn | 300 sec total\n|\n|t:|1783570213\n|move|p1a: Munkidori|Psychic Noise|p2a: Tyranitar\n|-damage|p2a: Tyranitar|0 fnt\n|faint|p2a: Tyranitar\n|\n|-weather|Sandstorm|[upkeep]\n|-damage|p1a: Munkidori|53/100|[from] Sandstorm\n|upkeep\n|inactive|Time left: 300 sec this turn | 300 sec total | 5 sec grace\n|\n|t:|1783570214\n|switch|p2a: Espeon|Espeon, L84, F|246/246\n|turn|20\n|inactive|Time left: 300 sec this turn | 300 sec total\n|\n|t:|1783570215\n|switch|p1a: Lycanroc|Lycanroc, L86, F|91/100\n|move|p2a: Espeon|Shadow Ball|p1a: Lycanroc\n|-damage|p1a: Lycanroc|57/100\n|\n|-weather|Sandstorm|[upkeep]\n|-damage|p2a: Espeon|231/246|[from] Sandstorm\n|upkeep\n|turn|21\n|inactive|Time left: 300 sec this turn | 300 sec total\n|\n|t:|1783570216\n|switch|p2a: Toxicroak|Toxicroak, L84, F|223/277\n|move|p1a: Lycanroc|Stone Edge|p2a: Toxicroak|[miss]\n|-miss|p1a: Lycanroc|p2a: Toxicroak\n|\n|-weather|Sandstorm|[upkeep]\n|-damage|p2a: Toxicroak|206/277|[from] Sandstorm\n|upkeep\n|turn|22\n|inactive|Time left: 300 sec this turn | 300 sec total\n|\n|t:|1783570216\n|move|p1a: Lycanroc|Stone Edge|p2a: Toxicroak\n|-resisted|p2a: Toxicroak\n|-damage|p2a: Toxicroak|98/277\n|-damage|p1a: Lycanroc|48/100|[from] item: Life Orb\n|move|p2a: Toxicroak|Gunk Shot|p1a: Lycanroc\n|-resisted|p1a: Lycanroc\n|-damage|p1a: Lycanroc|5/100\n|-damage|p2a: Toxicroak|71/277|[from] item: Life Orb\n|\n|-weather|none\n|upkeep\n|turn|23\n|inactive|Time left: 300 sec this turn | 300 sec total\n|\n|t:|1783570217\n|move|p1a: Lycanroc|Close Combat|p2a: Toxicroak\n|-resisted|p2a: Toxicroak\n|-damage|p2a: Toxicroak|0 fnt\n|-unboost|p1a: Lycanroc|def|1\n|-unboost|p1a: Lycanroc|spd|1\n|faint|p2a: Toxicroak\n|-damage|p1a: Lycanroc|0 fnt|[from] item: Life Orb\n|faint|p1a: Lycanroc\n|\n|upkeep\n|inactive|Time left: 300 sec this turn | 300 sec total | 5 sec grace\n|\n|t:|1783570218\n|switch|p1a: Munkidori|Munkidori, L79, M|53/100\n|switch|p2a: Espeon|Espeon, L84, F|231/246\n|turn|24\n|inactive|Time left: 300 sec this turn | 300 sec total\n|\n|t:|1783570219\n|move|p1a: Munkidori|Fake Out|p2a: Espeon\n|-damage|p2a: Espeon|201/246\n|-status|p2a: Espeon|tox|[from] ability: Toxic Chain|[of] p1a: Munkidori\n|cant|p2a: Espeon|flinch\n|\n|-damage|p2a: Espeon|186/246 tox|[from] psn\n|upkeep\n|turn|25\n|inactive|Time left: 300 sec this turn | 300 sec total\n|\n|t:|1783570220\n|move|p2a: Espeon|Shadow Ball|p1a: Munkidori\n|-supereffective|p1a: Munkidori\n|-damage|p1a: Munkidori|0 fnt\n|faint|p1a: Munkidori\n|\n|-damage|p2a: Espeon|156/246 tox|[from] psn\n|upkeep\n|\n|t:|1783570221\n|switch|p1a: Altaria|Altaria, L89, M|100/100\n|turn|26\n|inactive|Time left: 300 sec this turn | 300 sec total\n|\n|t:|1783570222\n|switch|p2a: Iron Bundle|Iron Bundle, L78|215/215\n|move|p1a: Altaria|Brave Bird|p2a: Iron Bundle\n|-damage|p2a: Iron Bundle|125/215\n|-damage|p1a: Altaria|90/100|[from] Recoil\n|\n|upkeep\n|turn|27\n|inactive|Time left: 300 sec this turn | 300 sec total\n|\n|t:|1783570223\n|move|p2a: Iron Bundle|Ice Beam|p1a: Altaria\n|-supereffective|p1a: Altaria\n|-damage|p1a: Altaria|0 fnt\n|faint|p1a: Altaria\n|\n|win|p0y27058c69", "uploadtime": 1783570223, "views": 0, "rating": 0, "private": 0, "password": null, "_winner": "p0y27058c69", "_our_name": "p0y27058c69"}