{"id": "battle-gen9randombattle-574", "formatid": "gen9randombattle", "format": "[Gen 9] Random Battle", "players": ["p0x57424da", "p0y574609b"], "log": "|init|battle\n|title|p0x57424da vs. p0y574609b\n|j|\u2606p0x57424da\n|j|\u2606p0y574609b\n|t:|1783546446\n|gametype|singles\n|player|p1|p0x57424da|101|\n|player|p2|p0y574609b|266|\n|gen|9\n|tier|[Gen 9] Random Battle\n|rule|Species Clause: Limit one of each Pok\u00e9mon\n|rule|HP Percentage Mod: HP is shown in percentages\n|rule|Sleep Clause Mod: Limit one foe put to sleep\n|rule|Illusion Level Mod: Illusion disguises the Pok\u00e9mon's true level\n|\n|t:|1783546446\n|teamsize|p1|6\n|teamsize|p2|6\n|start\n|switch|p1a: Delibird|Delibird, F|252/252\n|switch|p2a: Iron Leaves|Iron Leaves, L80|100/100\n|turn|1\n|inactive|Battle timer is ON: inactive players will automatically lose when time's up. (requested by p0x57424da)\n|inactive|p0y574609b also wants the timer to be on.\n|\n|t:|1783546448\n|move|p2a: Iron Leaves|Psyblade|p1a: Delibird\n|-damage|p1a: Delibird|72/252\n|move|p1a: Delibird|Brave Bird|p2a: Iron Leaves\n|-supereffective|p2a: Iron Leaves\n|-crit|p2a: Iron Leaves\n|-damage|p2a: Iron Leaves|0 fnt\n|faint|p2a: Iron Leaves\n|-end|p2a: Iron Leaves|Quark Drive|[silent]\n|-damage|p1a: Delibird|0 fnt|[from] Recoil\n|faint|p1a: Delibird\n|\n|upkeep\n|inactive|Time left: 300 sec this turn | 300 sec total | 65 sec grace\n|\n|t:|1783546449\n|switch|p2a: Tinkaton|Tinkaton, L82, F|100/100\n|switch|p1a: Galvantula|Galvantula, L82, F|249/249\n|-ability|p2a: Tinkaton|Mold Breaker\n|turn|2\n|inactive|Time left: 300 sec this turn | 300 sec total\n|\n|t:|1783546450\n|move|p1a: Galvantula|Sticky Web|p2a: Tinkaton\n|-sidestart|p2: p0y574609b|move: Sticky Web\n|move|p2a: Tinkaton|Swords Dance|p2a: Tinkaton\n|-boost|p2a: Tinkaton|atk|2\n|\n|upkeep\n|turn|3\n|inactive|Time left: 300 sec this turn | 300 sec total\n|\n|t:|1783546451\n|move|p1a: Galvantula|Thunder|p2a: Tinkaton\n|-damage|p2a: Tinkaton|65/100\n|move|p2a: Tinkaton|Play Rough|p1a: Galvantula\n|-damage|p1a: Galvantula|51/249\n|-unboost|p1a: Galvantula|atk|1\n|\n|-heal|p2a: Tinkaton|72/100|[from] item: Leftovers\n|upkeep\n|turn|4\n|inactive|Time left: 300 sec this turn | 300 sec total\n|\n|t:|1783546452\n|move|p1a: Galvantula|Thunder|p2a: Tinkaton\n|-damage|p2a: Tinkaton|34/100\n|-status|p2a: Tinkaton|par\n|move|p2a: Tinkaton|Play Rough|p1a: Galvantula\n|-damage|p1a: Galvantula|0 fnt\n|faint|p1a: Galvantula\n|\n|-heal|p2a: Tinkaton|40/100 par|[from] item: Leftovers\n|upkeep\n|inactive|Time left: 300 sec this turn | 300 sec total | 5 sec grace\n|\n|t:|1783546453\n|switch|p1a: Dunsparce|Dunsparce, L86, M|312/312\n|turn|5\n|inactive|Time left: 300 sec this turn | 300 sec total\n|\n|t:|1783546455\n|move|p1a: Dunsparce|Earthquake|p2a: Tinkaton\n|-supereffective|p2a: Tinkaton\n|-damage|p2a: Tinkaton|0 fnt\n|faint|p2a: Tinkaton\n|\n|upkeep\n|\n|t:|1783546456\n|switch|p2a: Ceruledge|Ceruledge, L78, M|100/100\n|turn|6\n|inactive|Time left: 300 sec this turn | 300 sec total\n|\n|t:|1783546457\n|move|p2a: Ceruledge|Swords Dance|p2a: Ceruledge\n|-boost|p2a: Ceruledge|atk|2\n|move|p1a: Dunsparce|Coil|p1a: Dunsparce\n|-boost|p1a: Dunsparce|atk|1\n|-boost|p1a: Dunsparce|def|1\n|-boost|p1a: Dunsparce|accuracy|1\n|\n|upkeep\n|turn|7\n|inactive|Time left: 300 sec this turn | 300 sec total\n|\n|t:|1783546458\n|-terastallize|p1a: Dunsparce|Ground\n|move|p2a: Ceruledge|Swords Dance|p2a: Ceruledge\n|-boost|p2a: Ceruledge|atk|2\n|move|p1a: Dunsparce|Earthquake|p2a: Ceruledge\n|-supereffective|p2a: Ceruledge\n|-damage|p2a: Ceruledge|0 fnt\n|faint|p2a: Ceruledge\n|\n|upkeep\n|\n|t:|1783546459\n|switch|p2a: Alcremie|Alcremie-Caramel-Swirl, L90, F|100/100\n|-activate|p2a: Alcremie|move: Sticky Web\n|-unboost|p2a: Alcremie|spe|1\n|turn|8\n|inactive|Time left: 300 sec this turn | 300 sec total\n|\n|t:|1783546460\n|move|p1a: Dunsparce|Coil|p1a: Dunsparce\n|-boost|p1a: Dunsparce|atk|1\n|-boost|p1a: Dunsparce|def|1\n|-boost|p1a: Dunsparce|accuracy|1\n|move|p2a: Alcremie|Calm Mind|p2a: Alcremie\n|-boost|p2a: Alcremie|spa|1\n|-boost|p2a: Alcremie|spd|1\n|\n|upkeep\n|turn|9\n|inactive|Time left: 300 sec this turn | 300 sec total\n|\n|t:|1783546461\n|move|p1a: Dunsparce|Earthquake|p2a: Alcremie\n|-damage|p2a: Alcremie|34/100\n|move|p2a: Alcremie|Recover|p2a: Alcremie\n|-heal|p2a: Alcremie|84/100\n|\n|-heal|p2a: Alcremie|90/100|[from] item: Leftovers\n|upkeep\n|turn|10\n|inactive|Time left: 300 sec this turn | 300 sec total\n|\n|t:|1783546463\n|move|p1a: Dunsparce|Earthquake|p2a: Alcremie\n|-damage|p2a: Alcremie|23/100\n|move|p2a: Alcremie|Recover|p2a: Alcremie\n|-heal|p2a: Alcremie|73/100\n|\n|-heal|p2a: Alcremie|79/100|[from] item: Leftovers\n|upkeep\n|turn|11\n|inactive|Time left: 300 sec this turn | 300 sec total\n|\n|t:|1783546464\n|move|p1a: Dunsparce|Earthquake|p2a: Alcremie\n|-damage|p2a: Alcremie|15/100\n|move|p2a: Alcremie|Alluring Voice|p1a: Dunsparce\n|-damage|p1a: Dunsparce|177/312\n|\n|-heal|p2a: Alcremie|21/100|[from] item: Leftovers\n|upkeep\n|turn|12\n|inactive|Time left: 300 sec this turn | 300 sec total\n|\n|t:|1783546465\n|move|p1a: Dunsparce|Body Slam|p2a: Alcremie\n|-damage|p2a: Alcremie|0 fnt\n|faint|p2a: Alcremie\n|\n|upkeep\n|\n|t:|1783546466\n|switch|p2a: Poliwrath|Poliwrath, L88, M|100/100\n|-activate|p2a: Poliwrath|move: Sticky Web\n|-unboost|p2a: Poliwrath|spe|1\n|turn|13\n|inactive|Time left: 300 sec this turn | 300 sec total\n|\n|t:|1783546467\n|move|p1a: Dunsparce|Earthquake|p2a: Poliwrath\n|-damage|p2a: Poliwrath|47/100\n|move|p2a: Poliwrath|Liquidation|p1a: Dunsparce\n|-supereffective|p1a: Dunsparce\n|-damage|p1a: Dunsparce|76/312\n|-damage|p2a: Poliwrath|37/100|[from] item: Life Orb\n|\n|upkeep\n|turn|14\n|inactive|Time left: 300 sec this turn | 300 sec total\n|\n|t:|1783546468\n|move|p1a: Dunsparce|Roost|p1a: Dunsparce\n|-heal|p1a: Dunsparce|232/312\n|move|p2a: Poliwrath|Close Combat|p1a: Dunsparce\n|-damage|p1a: Dunsparce|161/312\n|-unboost|p2a: Poliwrath|def|1\n|-unboost|p2a: Poliwrath|spd|1\n|-damage|p2a: Poliwrath|27/100|[from] item: Life Orb\n|\n|upkeep\n|turn|15\n|inactive|Time left: 300 sec this turn | 300 sec total\n|\n|t:|1783546469\n|move|p1a: Dunsparce|Roost|p1a: Dunsparce\n|-heal|p1a: Dunsparce|312/312\n|move|p2a: Poliwrath|Knock Off|p1a: Dunsparce\n|-damage|p1a: Dunsparce|274/312\n|-enditem|p1a: Dunsparce|Eviolite|[from] move: Knock Off|[of] p2a: Poliwrath\n|-damage|p2a: Poliwrath|17/100|[from] item: Life Orb\n|\n|upkeep\n|turn|16\n|inactive|Time left: 300 sec this turn | 300 sec total\n|\n|t:|1783546470\n|move|p1a: Dunsparce|Earthquake|p2a: Poliwrath\n|-damage|p2a: Poliwrath|0 fnt\n|faint|p2a: Poliwrath\n|\n|upkeep\n|\n|t:|1783546471\n|switch|p2a: Metagross|Metagross, L79|100/100\n|-activate|p2a: Metagross|move: Sticky Web\n|-fail|p2a: Metagross|unboost|[from] ability: Clear Body|[of] p2a: Metagross\n|turn|17\n|inactive|Time left: 300 sec this turn | 300 sec total\n|\n|t:|1783546472\n|-terastallize|p2a: Metagross|Ground\n|move|p2a: Metagross|Earthquake|p1a: Dunsparce\n|-damage|p1a: Dunsparce|208/312\n|move|p1a: Dunsparce|Earthquake|p2a: Metagross\n|-damage|p2a: Metagross|51/100\n|\n|upkeep\n|turn|18\n|inactive|Time left: 300 sec this turn | 300 sec total\n|\n|t:|1783546473\n|move|p2a: Metagross|Heavy Slam|p1a: Dunsparce\n|-damage|p1a: Dunsparce|118/312\n|move|p1a: Dunsparce|Earthquake|p2a: Metagross\n|-damage|p2a: Metagross|0 fnt\n|faint|p2a: Metagross\n|\n|win|p0x57424da", "uploadtime": 1783546473, "views": 0, "rating": 0, "private": 0, "password": null, "_winner": "p0x57424da", "_our_name": "p0x57424da"}