{"id": "battle-gen9randombattle-270", "formatid": "gen9randombattle", "format": "[Gen 9] Random Battle", "players": ["p0x270ca52", "p0y2704ce8"], "log": "|init|battle\n|title|p0x270ca52 vs. p0y2704ce8\n|j|\u2606p0x270ca52\n|j|\u2606p0y2704ce8\n|t:|1783542211\n|gametype|singles\n|player|p1|p0x270ca52|265|\n|player|p2|p0y2704ce8|265|\n|gen|9\n|tier|[Gen 9] Random Battle\n|rule|Species Clause: Limit one of each Pok\u00e9mon\n|rule|HP Percentage Mod: HP is shown in percentages\n|rule|Sleep Clause Mod: Limit one foe put to sleep\n|rule|Illusion Level Mod: Illusion disguises the Pok\u00e9mon's true level\n|\n|t:|1783542211\n|teamsize|p1|6\n|teamsize|p2|6\n|start\n|switch|p1a: Dewgong|Dewgong, L94, M|100/100\n|switch|p2a: Keldeo|Keldeo-Resolute, L79|273/273\n|turn|1\n|inactive|Battle timer is ON: inactive players will automatically lose when time's up. (requested by p0x270ca52)\n|inactive|Time left: 300 sec this turn | 300 sec total | 60 sec grace\n|inactive|p0y2704ce8 also wants the timer to be on.\n|\n|t:|1783542213\n|switch|p1a: Spectrier|Spectrier, L75|100/100\n|move|p2a: Keldeo|Secret Sword|p1a: Spectrier\n|-immune|p1a: Spectrier\n|\n|upkeep\n|turn|2\n|inactive|Time left: 300 sec this turn | 300 sec total\n|\n|t:|1783542214\n|move|p1a: Spectrier|Nasty Plot|p1a: Spectrier\n|-boost|p1a: Spectrier|spa|2\n|move|p2a: Keldeo|Hydro Pump|p1a: Spectrier\n|-damage|p1a: Spectrier|23/100\n|-damage|p2a: Keldeo|246/273|[from] item: Life Orb\n|\n|upkeep\n|turn|3\n|inactive|Time left: 300 sec this turn | 300 sec total\n|\n|t:|1783542214\n|switch|p2a: Dudunsparce|Dudunsparce-Three-Segment, L83, F|343/343\n|move|p1a: Spectrier|Shadow Ball|p2a: Dudunsparce\n|-immune|p2a: Dudunsparce\n|\n|upkeep\n|turn|4\n|inactive|Time left: 300 sec this turn | 300 sec total\n|\n|t:|1783542216\n|move|p1a: Spectrier|Draining Kiss|p2a: Dudunsparce\n|-damage|p2a: Dudunsparce|230/343\n|-heal|p1a: Spectrier|55/100|[from] drain|[of] p2a: Dudunsparce\n|-damage|p1a: Spectrier|45/100|[from] item: Life Orb\n|move|p2a: Dudunsparce|Earthquake|p1a: Spectrier\n|-damage|p1a: Spectrier|9/100\n|\n|-heal|p2a: Dudunsparce|251/343|[from] item: Leftovers\n|upkeep\n|turn|5\n|inactive|Time left: 300 sec this turn | 300 sec total\n|\n|t:|1783542216\n|-terastallize|p1a: Spectrier|Fairy\n|move|p1a: Spectrier|Draining Kiss|p2a: Dudunsparce\n|-damage|p2a: Dudunsparce|39/343\n|-heal|p1a: Spectrier|67/100|[from] drain|[of] p2a: Dudunsparce\n|-damage|p1a: Spectrier|57/100|[from] item: Life Orb\n|move|p2a: Dudunsparce|Earthquake|p1a: Spectrier\n|-damage|p1a: Spectrier|16/100\n|\n|-heal|p2a: Dudunsparce|60/343|[from] item: Leftovers\n|upkeep\n|turn|6\n|inactive|Time left: 300 sec this turn | 300 sec total\n|\n|t:|1783542218\n|move|p1a: Spectrier|Draining Kiss|p2a: Dudunsparce\n|-damage|p2a: Dudunsparce|0 fnt\n|-heal|p1a: Spectrier|33/100|[from] drain|[of] p2a: Dudunsparce\n|faint|p2a: Dudunsparce\n|-ability|p1a: Spectrier|Grim Neigh|boost\n|-boost|p1a: Spectrier|spa|1\n|-damage|p1a: Spectrier|23/100|[from] item: Life Orb\n|\n|upkeep\n|inactive|Time left: 300 sec this turn | 300 sec total | 5 sec grace\n|\n|t:|1783542218\n|switch|p2a: Deoxys|Deoxys, L74|196/196\n|-ability|p2a: Deoxys|Pressure\n|turn|7\n|inactive|Time left: 300 sec this turn | 300 sec total\n|\n|t:|1783542220\n|move|p2a: Deoxys|Knock Off|p1a: Spectrier\n|-resisted|p1a: Spectrier\n|-damage|p1a: Spectrier|0 fnt\n|-enditem|p1a: Spectrier|Life Orb|[from] move: Knock Off|[of] p2a: Deoxys\n|faint|p1a: Spectrier\n|-damage|p2a: Deoxys|177/196|[from] item: Life Orb\n|\n|upkeep\n|\n|t:|1783542221\n|switch|p1a: Krookodile|Krookodile, L79, M|100/100\n|-ability|p1a: Krookodile|Intimidate|boost\n|-unboost|p2a: Deoxys|atk|1\n|turn|8\n|inactive|Time left: 300 sec this turn | 300 sec total\n|\n|t:|1783542222\n|switch|p2a: Mightyena|Mightyena, L96, F|290/290\n|-ability|p2a: Mightyena|Intimidate|boost\n|-unboost|p1a: Krookodile|atk|1\n|move|p1a: Krookodile|Earthquake|p2a: Mightyena\n|-damage|p2a: Mightyena|218/290\n|\n|upkeep\n|turn|9\n|inactive|Time left: 300 sec this turn | 300 sec total\n|\n|t:|1783542223\n|switch|p1a: Zamazenta|Zamazenta-Crowned, L68|100/100\n|-ability|p1a: Zamazenta|Dauntless Shield|boost\n|-boost|p1a: Zamazenta|def|1\n|move|p2a: Mightyena|Play Rough|p1a: Zamazenta\n|-damage|p1a: Zamazenta|74/100\n|\n|upkeep\n|turn|10\n|inactive|Time left: 300 sec this turn | 300 sec total\n|\n|t:|1783542224\n|switch|p2a: Sandaconda|Sandaconda, L84, F|258/258\n|move|p1a: Zamazenta|Body Press|p2a: Sandaconda\n|-damage|p2a: Sandaconda|165/258\n|\n|-heal|p2a: Sandaconda|181/258|[from] item: Leftovers\n|upkeep\n|turn|11\n|inactive|Time left: 300 sec this turn | 300 sec total\n|\n|t:|1783542225\n|move|p1a: Zamazenta|Body Press|p2a: Sandaconda\n|-crit|p2a: Sandaconda\n|-damage|p2a: Sandaconda|48/258\n|move|p2a: Sandaconda|Stealth Rock|p1a: Zamazenta\n|-sidestart|p1: p0x270ca52|move: Stealth Rock\n|\n|-heal|p2a: Sandaconda|64/258|[from] item: Leftovers\n|upkeep\n|turn|12\n|inactive|Time left: 300 sec this turn | 300 sec total\n|\n|t:|1783542226\n|switch|p2a: Keldeo|Keldeo-Resolute, L79|246/273\n|move|p1a: Zamazenta|Body Press|p2a: Keldeo\n|-damage|p2a: Keldeo|126/273\n|\n|upkeep\n|turn|13\n|inactive|Time left: 300 sec this turn | 300 sec total\n|\n|t:|1783542227\n|-terastallize|p2a: Keldeo|Water\n|move|p2a: Keldeo|Hydro Pump|p1a: Zamazenta\n|-damage|p1a: Zamazenta|0 fnt\n|faint|p1a: Zamazenta\n|-damage|p2a: Keldeo|99/273|[from] item: Life Orb\n|\n|upkeep\n|\n|t:|1783542228\n|switch|p1a: Krookodile|Krookodile, L79, M|100/100\n|-damage|p1a: Krookodile|94/100|[from] Stealth Rock\n|-ability|p1a: Krookodile|Intimidate|boost\n|-unboost|p2a: Keldeo|atk|1\n|turn|14\n|inactive|Time left: 300 sec this turn | 300 sec total\n|\n|t:|1783542229\n|move|p1a: Krookodile|Knock Off|p2a: Keldeo\n|-damage|p2a: Keldeo|0 fnt\n|-enditem|p2a: Keldeo|Life Orb|[from] move: Knock Off|[of] p1a: Krookodile\n|faint|p2a: Keldeo\n|\n|upkeep\n|inactive|Time left: 300 sec this turn | 300 sec total | 5 sec grace\n|\n|t:|1783542230\n|switch|p2a: Mightyena|Mightyena, L96, F|218/290\n|-ability|p2a: Mightyena|Intimidate|boost\n|-unboost|p1a: Krookodile|atk|1\n|turn|15\n|inactive|Time left: 300 sec this turn | 300 sec total\n|\n|t:|1783542231\n|switch|p1a: Blaziken|Blaziken, L76, F|100/100\n|-damage|p1a: Blaziken|88/100|[from] Stealth Rock\n|move|p2a: Mightyena|Throat Chop|p1a: Blaziken\n|-resisted|p1a: Blaziken\n|-damage|p1a: Blaziken|49/100\n|-start|p1a: Blaziken|Throat Chop|[silent]\n|\n|upkeep\n|turn|16\n|inactive|Time left: 300 sec this turn | 300 sec total\n|\n|t:|1783542232\n|move|p2a: Mightyena|Throat Chop|p1a: Blaziken\n|-resisted|p1a: Blaziken\n|-damage|p1a: Blaziken|7/100\n|move|p1a: Blaziken|Close Combat|p2a: Mightyena\n|-supereffective|p2a: Mightyena\n|-damage|p2a: Mightyena|0 fnt\n|-unboost|p1a: Blaziken|def|1\n|-unboost|p1a: Blaziken|spd|1\n|faint|p2a: Mightyena\n|-damage|p1a: Blaziken|0 fnt|[from] item: Life Orb\n|faint|p1a: Blaziken\n|\n|upkeep\n|inactive|Time left: 300 sec this turn | 300 sec total | 5 sec grace\n|\n|t:|1783542233\n|switch|p2a: Sandaconda|Sandaconda, L84, F|64/258\n|switch|p1a: Dewgong|Dewgong, L94, M|100/100\n|-damage|p1a: Dewgong|76/100|[from] Stealth Rock\n|turn|17\n|inactive|Time left: 300 sec this turn | 300 sec total\n|\n|t:|1783542234\n|switch|p2a: Miraidon|Miraidon, L65|238/238\n|-fieldstart|move: Electric Terrain|[from] ability: Hadron Engine|[of] p2a: Miraidon\n|move|p1a: Dewgong|Ice Beam|p2a: Miraidon\n|-supereffective|p2a: Miraidon\n|-damage|p2a: Miraidon|34/238\n|\n|upkeep\n|turn|18\n|inactive|Time left: 300 sec this turn | 300 sec total\n|\n|t:|1783542235\n|move|p2a: Miraidon|Electro Drift|p1a: Dewgong\n|-supereffective|p1a: Dewgong\n|-damage|p1a: Dewgong|0 fnt\n|faint|p1a: Dewgong\n|-damage|p2a: Miraidon|11/238|[from] item: Life Orb\n|\n|upkeep\n|\n|t:|1783542236\n|switch|p1a: Krookodile|Krookodile, L79, M|94/100\n|-damage|p1a: Krookodile|88/100|[from] Stealth Rock\n|-ability|p1a: Krookodile|Intimidate|boost\n|-unboost|p2a: Miraidon|atk|1\n|turn|19\n|inactive|Time left: 300 sec this turn | 300 sec total\n|\n|t:|1783542237\n|switch|p2a: Deoxys|Deoxys, L74|177/196\n|-ability|p2a: Deoxys|Pressure\n|move|p1a: Krookodile|Knock Off|p2a: Deoxys\n|-supereffective|p2a: Deoxys\n|-damage|p2a: Deoxys|0 fnt\n|-enditem|p2a: Deoxys|Life Orb|[from] move: Knock Off|[of] p1a: Krookodile\n|faint|p2a: Deoxys\n|\n|upkeep\n|inactive|Time left: 300 sec this turn | 300 sec total | 5 sec grace\n|\n|t:|1783542238\n|switch|p2a: Miraidon|Miraidon, L65|11/238\n|-activate|p2a: Miraidon|ability: Hadron Engine\n|turn|20\n|inactive|Time left: 300 sec this turn | 300 sec total\n|\n|t:|1783542239\n|move|p1a: Krookodile|Knock Off|p2a: Miraidon\n|-damage|p2a: Miraidon|0 fnt\n|-enditem|p2a: Miraidon|Life Orb|[from] move: Knock Off|[of] p1a: Krookodile\n|faint|p2a: Miraidon\n|\n|upkeep\n|inactive|Time left: 300 sec this turn | 300 sec total | 5 sec grace\n|\n|t:|1783542239\n|switch|p2a: Sandaconda|Sandaconda, L84, F|64/258\n|turn|21\n|inactive|Time left: 300 sec this turn | 300 sec total\n|\n|t:|1783542240\n|move|p1a: Krookodile|Knock Off|p2a: Sandaconda\n|-damage|p2a: Sandaconda|0 fnt\n|-enditem|p2a: Sandaconda|Leftovers|[from] move: Knock Off|[of] p1a: Krookodile\n|faint|p2a: Sandaconda\n|\n|win|p0x270ca52", "uploadtime": 1783542240, "views": 0, "rating": 0, "private": 0, "password": null, "_winner": "p0x270ca52", "_our_name": "p0y2704ce8"}