{"id": "battle-gen9randombattle-2008", "formatid": "gen9randombattle", "format": "[Gen 9] Random Battle", "players": ["p0x20087922", "p0y20087fac"], "log": "|init|battle\n|title|p0x20087922 vs. p0y20087fac\n|j|\u2606p0x20087922\n|j|\u2606p0y20087fac\n|t:|1783563228\n|gametype|singles\n|player|p1|p0x20087922|1|\n|player|p2|p0y20087fac|1|\n|gen|9\n|tier|[Gen 9] Random Battle\n|rule|Species Clause: Limit one of each Pok\u00e9mon\n|rule|HP Percentage Mod: HP is shown in percentages\n|rule|Sleep Clause Mod: Limit one foe put to sleep\n|rule|Illusion Level Mod: Illusion disguises the Pok\u00e9mon's true level\n|\n|t:|1783563228\n|teamsize|p1|6\n|teamsize|p2|6\n|start\n|switch|p1a: Basculin|Basculin-Blue-Striped, L86, F|100/100\n|switch|p2a: Veluza|Veluza, L85, F|292/292\n|turn|1\n|inactive|Battle timer is ON: inactive players will automatically lose when time's up. (requested by p0x20087922)\n|inactive|Time left: 300 sec this turn | 300 sec total | 60 sec grace\n|inactive|p0y20087fac also wants the timer to be on.\n|\n|t:|1783563230\n|move|p1a: Basculin|Wave Crash|p2a: Veluza\n|-resisted|p2a: Veluza\n|-damage|p2a: Veluza|155/292\n|-damage|p1a: Basculin|83/100|[from] Recoil\n|move|p2a: Veluza|Psycho Cut|p1a: Basculin\n|-crit|p1a: Basculin\n|-damage|p1a: Basculin|0 fnt\n|faint|p1a: Basculin\n|\n|upkeep\n|\n|t:|1783563231\n|switch|p1a: Scrafty|Scrafty, L83, M|100/100\n|turn|2\n|inactive|Time left: 300 sec this turn | 300 sec total\n|\n|t:|1783563232\n|switch|p2a: Sylveon|Sylveon, L85, M|300/300\n|move|p1a: Scrafty|Knock Off|p2a: Sylveon\n|-resisted|p2a: Sylveon\n|-damage|p2a: Sylveon|237/300\n|-enditem|p2a: Sylveon|Leftovers|[from] move: Knock Off|[of] p1a: Scrafty\n|\n|upkeep\n|turn|3\n|inactive|Time left: 300 sec this turn | 300 sec total\n|\n|t:|1783563233\n|switch|p1a: Vileplume|Vileplume, L85, F|100/100\n|move|p2a: Sylveon|Hyper Voice|p1a: Vileplume\n|-resisted|p1a: Vileplume\n|-damage|p1a: Vileplume|77/100\n|\n|-heal|p1a: Vileplume|83/100|[from] item: Leftovers\n|upkeep\n|turn|4\n|inactive|Time left: 300 sec this turn | 300 sec total\n|\n|t:|1783563234\n|move|p2a: Sylveon|Calm Mind|p2a: Sylveon\n|-boost|p2a: Sylveon|spa|1\n|-boost|p2a: Sylveon|spd|1\n|move|p1a: Vileplume|Sludge Bomb|p2a: Sylveon\n|-supereffective|p2a: Sylveon\n|-damage|p2a: Sylveon|123/300\n|\n|-heal|p1a: Vileplume|89/100|[from] item: Leftovers\n|upkeep\n|turn|5\n|inactive|Time left: 300 sec this turn | 300 sec total\n|\n|t:|1783563235\n|move|p2a: Sylveon|Protect|p2a: Sylveon\n|-singleturn|p2a: Sylveon|Protect\n|move|p1a: Vileplume|Sludge Bomb|p2a: Sylveon\n|-activate|p2a: Sylveon|move: Protect\n|\n|-heal|p1a: Vileplume|95/100|[from] item: Leftovers\n|upkeep\n|turn|6\n|inactive|Time left: 300 sec this turn | 300 sec total\n|\n|t:|1783563236\n|move|p2a: Sylveon|Wish|p2a: Sylveon\n|move|p1a: Vileplume|Sludge Bomb|p2a: Sylveon\n|-supereffective|p2a: Sylveon\n|-damage|p2a: Sylveon|25/300\n|\n|-heal|p1a: Vileplume|100/100|[from] item: Leftovers\n|upkeep\n|turn|7\n|inactive|Time left: 300 sec this turn | 300 sec total\n|\n|t:|1783563237\n|move|p2a: Sylveon|Protect|p2a: Sylveon\n|-singleturn|p2a: Sylveon|Protect\n|move|p1a: Vileplume|Giga Drain|p2a: Sylveon\n|-activate|p2a: Sylveon|move: Protect\n|\n|-heal|p2a: Sylveon|175/300|[from] move: Wish|[wisher] Sylveon\n|upkeep\n|turn|8\n|inactive|Time left: 300 sec this turn | 300 sec total\n|\n|t:|1783563238\n|move|p2a: Sylveon|Wish|p2a: Sylveon\n|move|p1a: Vileplume|Sludge Bomb|p2a: Sylveon\n|-supereffective|p2a: Sylveon\n|-damage|p2a: Sylveon|61/300\n|\n|upkeep\n|turn|9\n|inactive|Time left: 300 sec this turn | 300 sec total\n|\n|t:|1783563239\n|move|p2a: Sylveon|Protect|p2a: Sylveon\n|-singleturn|p2a: Sylveon|Protect\n|move|p1a: Vileplume|Sludge Bomb|p2a: Sylveon\n|-activate|p2a: Sylveon|move: Protect\n|\n|-heal|p2a: Sylveon|211/300|[from] move: Wish|[wisher] Sylveon\n|upkeep\n|turn|10\n|inactive|Time left: 300 sec this turn | 300 sec total\n|\n|t:|1783563240\n|move|p2a: Sylveon|Calm Mind|p2a: Sylveon\n|-boost|p2a: Sylveon|spa|1\n|-boost|p2a: Sylveon|spd|1\n|move|p1a: Vileplume|Sleep Powder|p2a: Sylveon|[miss]\n|-miss|p1a: Vileplume|p2a: Sylveon\n|\n|upkeep\n|turn|11\n|inactive|Time left: 300 sec this turn | 300 sec total\n|\n|t:|1783563241\n|move|p2a: Sylveon|Hyper Voice|p1a: Vileplume\n|-resisted|p1a: Vileplume\n|-damage|p1a: Vileplume|50/100\n|move|p1a: Vileplume|Sludge Bomb|p2a: Sylveon\n|-supereffective|p2a: Sylveon\n|-damage|p2a: Sylveon|127/300\n|-status|p2a: Sylveon|psn\n|\n|-heal|p1a: Vileplume|56/100|[from] item: Leftovers\n|-damage|p2a: Sylveon|90/300 psn|[from] psn\n|upkeep\n|turn|12\n|inactive|Time left: 300 sec this turn | 300 sec total\n|\n|t:|1783563242\n|move|p2a: Sylveon|Hyper Voice|p1a: Vileplume\n|-resisted|p1a: Vileplume\n|-damage|p1a: Vileplume|8/100\n|move|p1a: Vileplume|Strength Sap|p2a: Sylveon\n|-unboost|p2a: Sylveon|atk|1\n|-heal|p1a: Vileplume|51/100\n|\n|-heal|p1a: Vileplume|57/100|[from] item: Leftovers\n|-damage|p2a: Sylveon|53/300 psn|[from] psn\n|upkeep\n|turn|13\n|inactive|Time left: 300 sec this turn | 300 sec total\n|\n|t:|1783563243\n|move|p2a: Sylveon|Hyper Voice|p1a: Vileplume\n|-resisted|p1a: Vileplume\n|-damage|p1a: Vileplume|8/100\n|move|p1a: Vileplume|Strength Sap|p2a: Sylveon\n|-unboost|p2a: Sylveon|atk|1\n|-heal|p1a: Vileplume|37/100\n|\n|-heal|p1a: Vileplume|43/100|[from] item: Leftovers\n|-damage|p2a: Sylveon|16/300 psn|[from] psn\n|upkeep\n|turn|14\n|inactive|Time left: 300 sec this turn | 300 sec total\n|\n|t:|1783563244\n|move|p2a: Sylveon|Hyper Voice|p1a: Vileplume\n|-resisted|p1a: Vileplume\n|-damage|p1a: Vileplume|0 fnt\n|faint|p1a: Vileplume\n|\n|-damage|p2a: Sylveon|0 fnt|[from] psn\n|faint|p2a: Sylveon\n|upkeep\n|inactive|Time left: 300 sec this turn | 300 sec total | 5 sec grace\n|\n|t:|1783563246\n|switch|p2a: Veluza|Veluza, L85, F|155/292\n|switch|p1a: Scrafty|Scrafty, L83, M|100/100\n|turn|15\n|inactive|Time left: 300 sec this turn | 300 sec total\n|\n|t:|1783563247\n|-terastallize|p2a: Veluza|Water\n|move|p2a: Veluza|Aqua Cutter|p1a: Scrafty\n|-damage|p1a: Scrafty|19/100\n|move|p1a: Scrafty|Knock Off|p2a: Veluza\n|-damage|p2a: Veluza|55/292\n|-enditem|p2a: Veluza|Choice Band|[from] move: Knock Off|[of] p1a: Scrafty\n|\n|-heal|p1a: Scrafty|25/100|[from] item: Leftovers\n|upkeep\n|turn|16\n|inactive|Time left: 300 sec this turn | 300 sec total\n|\n|t:|1783563248\n|switch|p1a: Passimian|Passimian, L83, M|100/100\n|move|p2a: Veluza|Aqua Cutter|p1a: Passimian\n|-damage|p1a: Passimian|45/100\n|\n|-heal|p1a: Passimian|51/100|[from] item: Leftovers\n|upkeep\n|turn|17\n|inactive|Time left: 300 sec this turn | 300 sec total\n|\n|t:|1783563249\n|move|p1a: Passimian|Knock Off|p2a: Veluza\n|-damage|p2a: Veluza|0 fnt\n|faint|p2a: Veluza\n|\n|-heal|p1a: Passimian|57/100|[from] item: Leftovers\n|upkeep\n|inactive|Time left: 300 sec this turn | 300 sec total | 5 sec grace\n|\n|t:|1783563250\n|switch|p2a: Delibird|Delibird, M|252/252\n|turn|18\n|inactive|Time left: 300 sec this turn | 300 sec total\n|\n|t:|1783563251\n|move|p2a: Delibird|Brave Bird|p1a: Passimian\n|-supereffective|p1a: Passimian\n|-damage|p1a: Passimian|0 fnt\n|faint|p1a: Passimian\n|-damage|p2a: Delibird|196/252|[from] Recoil\n|\n|upkeep\n|\n|t:|1783563252\n|switch|p1a: Scizor|Scizor, L79, M|100/100\n|turn|19\n|inactive|Time left: 300 sec this turn | 300 sec total\n|\n|t:|1783563253\n|switch|p2a: Archaludon|Archaludon, L78, F|268/268\n|move|p1a: Scizor|Swords Dance|p1a: Scizor\n|-boost|p1a: Scizor|atk|2\n|\n|upkeep\n|turn|20\n|inactive|Time left: 300 sec this turn | 300 sec total\n|\n|t:|1783563254\n|move|p2a: Archaludon|Thunder Wave|p1a: Scizor\n|-status|p1a: Scizor|par\n|move|p1a: Scizor|Close Combat|p2a: Archaludon\n|-supereffective|p2a: Archaludon\n|-damage|p2a: Archaludon|0 fnt\n|-unboost|p1a: Scizor|def|1\n|-unboost|p1a: Scizor|spd|1\n|faint|p2a: Archaludon\n|-damage|p1a: Scizor|90/100 par|[from] item: Life Orb\n|\n|upkeep\n|inactive|Time left: 300 sec this turn | 300 sec total | 5 sec grace\n|\n|t:|1783563255\n|switch|p2a: Coalossal|Coalossal, L89, F|341/341\n|turn|21\n|inactive|Time left: 300 sec this turn | 300 sec total\n|\n|t:|1783563256\n|move|p1a: Scizor|Bullet Punch|p2a: Coalossal\n|-damage|p2a: Coalossal|205/341\n|-damage|p1a: Scizor|80/100 par|[from] item: Life Orb\n|move|p2a: Coalossal|Overheat|p1a: Scizor\n|-supereffective|p1a: Scizor\n|-damage|p1a: Scizor|0 fnt\n|-unboost|p2a: Coalossal|spa|2\n|faint|p1a: Scizor\n|\n|upkeep\n|\n|t:|1783563258\n|switch|p1a: Scrafty|Scrafty, L83, M|25/100\n|turn|22\n|inactive|Time left: 300 sec this turn | 300 sec total\n|\n|t:|1783563259\n|switch|p2a: Delibird|Delibird, M|196/252\n|move|p1a: Scrafty|Rest|p1a: Scrafty\n|-status|p1a: Scrafty|slp|[from] move: Rest\n|-heal|p1a: Scrafty|100/100 slp|[silent]\n|\n|upkeep\n|turn|23\n|inactive|Time left: 300 sec this turn | 300 sec total\n|\n|t:|1783563260\n|switch|p1a: Skarmory|Skarmory, L80, M|100/100\n|move|p2a: Delibird|Brave Bird|p1a: Skarmory\n|-resisted|p1a: Skarmory\n|-damage|p1a: Skarmory|70/100\n|-damage|p2a: Delibird|173/252|[from] Recoil\n|\n|-heal|p1a: Skarmory|76/100|[from] item: Leftovers\n|upkeep\n|turn|24\n|inactive|Time left: 300 sec this turn | 300 sec total\n|\n|t:|1783563261\n|move|p2a: Delibird|Brave Bird|p1a: Skarmory\n|-resisted|p1a: Skarmory\n|-damage|p1a: Skarmory|46/100\n|-damage|p2a: Delibird|150/252|[from] Recoil\n|move|p1a: Skarmory|Iron Defense|p1a: Skarmory\n|-boost|p1a: Skarmory|def|2\n|\n|-heal|p1a: Skarmory|52/100|[from] item: Leftovers\n|upkeep\n|turn|25\n|inactive|Time left: 300 sec this turn | 300 sec total\n|\n|t:|1783563262\n|switch|p2a: Coalossal|Coalossal, L89, F|205/341\n|move|p1a: Skarmory|Body Press|p2a: Coalossal\n|-supereffective|p2a: Coalossal\n|-damage|p2a: Coalossal|0 fnt\n|-status|p1a: Skarmory|brn|[from] ability: Flame Body|[of] p2a: Coalossal\n|faint|p2a: Coalossal\n|\n|-heal|p1a: Skarmory|58/100 brn|[from] item: Leftovers\n|-damage|p1a: Skarmory|52/100 brn|[from] brn\n|upkeep\n|inactive|Time left: 300 sec this turn | 300 sec total | 5 sec grace\n|\n|t:|1783563263\n|switch|p2a: Palafin|Palafin, L77, M|281/281\n|turn|26\n|inactive|Time left: 300 sec this turn | 300 sec total\n|\n|t:|1783563264\n|move|p2a: Palafin|Bulk Up|p2a: Palafin\n|-boost|p2a: Palafin|atk|1\n|-boost|p2a: Palafin|def|1\n|move|p1a: Skarmory|Roost|p1a: Skarmory\n|-heal|p1a: Skarmory|100/100 brn\n|-singleturn|p1a: Skarmory|move: Roost\n|\n|-damage|p1a: Skarmory|95/100 brn|[from] brn\n|upkeep\n|turn|27\n|inactive|Time left: 300 sec this turn | 300 sec total\n|\n|t:|1783563265\n|move|p2a: Palafin|Bulk Up|p2a: Palafin\n|-boost|p2a: Palafin|atk|1\n|-boost|p2a: Palafin|def|1\n|move|p1a: Skarmory|Iron Defense|p1a: Skarmory\n|-boost|p1a: Skarmory|def|2\n|\n|-heal|p1a: Skarmory|100/100 brn|[from] item: Leftovers\n|-damage|p1a: Skarmory|95/100 brn|[from] brn\n|upkeep\n|turn|28\n|inactive|Time left: 300 sec this turn | 300 sec total\n|\n|t:|1783563267\n|move|p2a: Palafin|Bulk Up|p2a: Palafin\n|-boost|p2a: Palafin|atk|1\n|-boost|p2a: Palafin|def|1\n|move|p1a: Skarmory|Body Press|p2a: Palafin\n|-damage|p2a: Palafin|233/281\n|\n|-heal|p2a: Palafin|250/281|[from] item: Leftovers\n|-heal|p1a: Skarmory|100/100 brn|[from] item: Leftovers\n|-damage|p1a: Skarmory|95/100 brn|[from] brn\n|upkeep\n|turn|29\n|inactive|Time left: 300 sec this turn | 300 sec total\n|\n|t:|1783563268\n|move|p2a: Palafin|Bulk Up|p2a: Palafin\n|-boost|p2a: Palafin|atk|1\n|-boost|p2a: Palafin|def|1\n|move|p1a: Skarmory|Iron Defense|p1a: Skarmory\n|-boost|p1a: Skarmory|def|2\n|\n|-heal|p2a: Palafin|267/281|[from] item: Leftovers\n|-heal|p1a: Skarmory|100/100 brn|[from] item: Leftovers\n|-damage|p1a: Skarmory|95/100 brn|[from] brn\n|upkeep\n|turn|30\n|inactive|Time left: 300 sec this turn | 300 sec total\n|\n|t:|1783563269\n|move|p2a: Palafin|Bulk Up|p2a: Palafin\n|-boost|p2a: Palafin|atk|1\n|-boost|p2a: Palafin|def|1\n|move|p1a: Skarmory|Roost|p1a: Skarmory\n|-heal|p1a: Skarmory|100/100 brn\n|-singleturn|p1a: Skarmory|move: Roost\n|\n|-heal|p2a: Palafin|281/281|[from] item: Leftovers\n|-damage|p1a: Skarmory|95/100 brn|[from] brn\n|upkeep\n|turn|31\n|inactive|Time left: 300 sec this turn | 300 sec total\n|\n|t:|1783563270\n|move|p2a: Palafin|Bulk Up|p2a: Palafin\n|-boost|p2a: Palafin|atk|1\n|-boost|p2a: Palafin|def|1\n|move|p1a: Skarmory|Roost|p1a: Skarmory\n|-heal|p1a: Skarmory|100/100 brn\n|-singleturn|p1a: Skarmory|move: Roost\n|\n|-damage|p1a: Skarmory|95/100 brn|[from] brn\n|upkeep\n|turn|32\n|inactive|Time left: 300 sec this turn | 300 sec total\n|\n|t:|1783563271\n|move|p2a: Palafin|Drain Punch|p1a: Skarmory\n|-damage|p1a: Skarmory|83/100 brn\n|move|p1a: Skarmory|Roost|p1a: Skarmory\n|-heal|p1a: Skarmory|100/100 brn\n|-singleturn|p1a: Skarmory|move: Roost\n|\n|-damage|p1a: Skarmory|95/100 brn|[from] brn\n|upkeep\n|turn|33\n|inactive|Time left: 300 sec this turn | 300 sec total\n|\n|t:|1783563272\n|move|p2a: Palafin|Jet Punch|p1a: Skarmory\n|-damage|p1a: Skarmory|80/100 brn\n|move|p1a: Skarmory|Roost|p1a: Skarmory\n|-heal|p1a: Skarmory|100/100 brn\n|-singleturn|p1a: Skarmory|move: Roost\n|\n|-damage|p1a: Skarmory|95/100 brn|[from] brn\n|upkeep\n|turn|34\n|inactive|Time left: 300 sec this turn | 300 sec total\n|\n|t:|1783563273\n|move|p2a: Palafin|Drain Punch|p1a: Skarmory\n|-damage|p1a: Skarmory|84/100 brn\n|move|p1a: Skarmory|Roost|p1a: Skarmory\n|-heal|p1a: Skarmory|100/100 brn\n|-singleturn|p1a: Skarmory|move: Roost\n|\n|-damage|p1a: Skarmory|95/100 brn|[from] brn\n|upkeep\n|turn|35\n|inactive|Time left: 300 sec this turn | 300 sec total\n|\n|t:|1783563274\n|move|p2a: Palafin|Drain Punch|p1a: Skarmory\n|-damage|p1a: Skarmory|83/100 brn\n|move|p1a: Skarmory|Body Press|p2a: Palafin\n|-damage|p2a: Palafin|237/281\n|\n|-heal|p2a: Palafin|254/281|[from] item: Leftovers\n|-heal|p1a: Skarmory|89/100 brn|[from] item: Leftovers\n|-damage|p1a: Skarmory|83/100 brn|[from] brn\n|upkeep\n|turn|36\n|inactive|Time left: 300 sec this turn | 300 sec total\n|\n|t:|1783563275\n|move|p2a: Palafin|Jet Punch|p1a: Skarmory\n|-damage|p1a: Skarmory|70/100 brn\n|move|p1a: Skarmory|Roost|p1a: Skarmory\n|-heal|p1a: Skarmory|100/100 brn\n|-singleturn|p1a: Skarmory|move: Roost\n|\n|-heal|p2a: Palafin|271/281|[from] item: Leftovers\n|-damage|p1a: Skarmory|95/100 brn|[from] brn\n|upkeep\n|turn|37\n|inactive|Time left: 300 sec this turn | 300 sec total\n|\n|t:|1783563276\n|move|p2a: Palafin|Jet Punch|p1a: Skarmory\n|-damage|p1a: Skarmory|80/100 brn\n|move|p1a: Skarmory|Roost|p1a: Skarmory\n|-heal|p1a: Skarmory|100/100 brn\n|-singleturn|p1a: Skarmory|move: Roost\n|\n|-heal|p2a: Palafin|281/281|[from] item: Leftovers\n|-damage|p1a: Skarmory|95/100 brn|[from] brn\n|upkeep\n|turn|38\n|inactive|Time left: 300 sec this turn | 300 sec total\n|\n|t:|1783563277\n|move|p2a: Palafin|Jet Punch|p1a: Skarmory\n|-damage|p1a: Skarmory|80/100 brn\n|move|p1a: Skarmory|Body Press|p2a: Palafin\n|-damage|p2a: Palafin|240/281\n|\n|-heal|p2a: Palafin|257/281|[from] item: Leftovers\n|-heal|p1a: Skarmory|86/100 brn|[from] item: Leftovers\n|-damage|p1a: Skarmory|80/100 brn|[from] brn\n|upkeep\n|turn|39\n|inactive|Time left: 300 sec this turn | 300 sec total\n|\n|t:|1783563278\n|move|p2a: Palafin|Drain Punch|p1a: Skarmory\n|-damage|p1a: Skarmory|70/100 brn\n|-heal|p2a: Palafin|269/281|[from] drain|[of] p1a: Skarmory\n|move|p1a: Skarmory|Body Press|p2a: Palafin\n|-damage|p2a: Palafin|227/281\n|\n|-heal|p2a: Palafin|244/281|[from] item: Leftovers\n|-heal|p1a: Skarmory|76/100 brn|[from] item: Leftovers\n|-damage|p1a: Skarmory|70/100 brn|[from] brn\n|upkeep\n|turn|40\n|inactive|Time left: 300 sec this turn | 300 sec total\n|\n|t:|1783563278\n|move|p2a: Palafin|Drain Punch|p1a: Skarmory\n|-damage|p1a: Skarmory|59/100 brn\n|-heal|p2a: Palafin|257/281|[from] drain|[of] p1a: Skarmory\n|move|p1a: Skarmory|Body Press|p2a: Palafin\n|-damage|p2a: Palafin|214/281\n|\n|-heal|p2a: Palafin|231/281|[from] item: Leftovers\n|-heal|p1a: Skarmory|65/100 brn|[from] item: Leftovers\n|-damage|p1a: Skarmory|59/100 brn|[from] brn\n|upkeep\n|turn|41\n|inactive|Time left: 300 sec this turn | 300 sec total\n|\n|t:|1783563279\n|move|p2a: Palafin|Drain Punch|p1a: Skarmory\n|-damage|p1a: Skarmory|47/100 brn\n|-heal|p2a: Palafin|245/281|[from] drain|[of] p1a: Skarmory\n|move|p1a: Skarmory|Body Press|p2a: Palafin\n|-damage|p2a: Palafin|201/281\n|\n|-heal|p2a: Palafin|218/281|[from] item: Leftovers\n|-heal|p1a: Skarmory|53/100 brn|[from] item: Leftovers\n|-damage|p1a: Skarmory|47/100 brn|[from] brn\n|upkeep\n|turn|42\n|inactive|Time left: 300 sec this turn | 300 sec total\n|\n|t:|1783563280\n|move|p2a: Palafin|Jet Punch|p1a: Skarmory\n|-crit|p1a: Skarmory\n|-damage|p1a: Skarmory|0 fnt\n|faint|p1a: Skarmory\n|\n|-heal|p2a: Palafin|235/281|[from] item: Leftovers\n|upkeep\n|\n|t:|1783563281\n|switch|p1a: Scrafty|Scrafty, L83, M|100/100 slp\n|turn|43\n|inactive|Time left: 300 sec this turn | 300 sec total\n|\n|t:|1783563282\n|-terastallize|p1a: Scrafty|Poison\n|move|p2a: Palafin|Jet Punch|p1a: Scrafty\n|-damage|p1a: Scrafty|42/100 slp\n|cant|p1a: Scrafty|slp\n|\n|-heal|p2a: Palafin|252/281|[from] item: Leftovers\n|-activate|p1a: Scrafty|ability: Shed Skin\n|-curestatus|p1a: Scrafty|slp|[msg]\n|-heal|p1a: Scrafty|48/100|[from] item: Leftovers\n|upkeep\n|turn|44\n|inactive|Time left: 300 sec this turn | 300 sec total\n|\n|t:|1783563283\n|move|p2a: Palafin|Jet Punch|p1a: Scrafty\n|-damage|p1a: Scrafty|0 fnt\n|faint|p1a: Scrafty\n|\n|win|p0y20087fac", "uploadtime": 1783563283, "views": 0, "rating": 0, "private": 0, "password": null, "_winner": "p0y20087fac", "_our_name": "p0y20087fac"}