{"id": "battle-gen9randombattle-2410", "formatid": "gen9randombattle", "format": "[Gen 9] Random Battle", "players": ["p0x2410d9ce", "p0y2410de02"], "log": "|init|battle\n|title|p0x2410d9ce vs. p0y2410de02\n|j|\u2606p0x2410d9ce\n|j|\u2606p0y2410de02\n|t:|1783566969\n|gametype|singles\n|player|p1|p0x2410d9ce|265|\n|player|p2|p0y2410de02|170|\n|gen|9\n|tier|[Gen 9] Random Battle\n|rule|Species Clause: Limit one of each Pok\u00e9mon\n|rule|HP Percentage Mod: HP is shown in percentages\n|rule|Sleep Clause Mod: Limit one foe put to sleep\n|rule|Illusion Level Mod: Illusion disguises the Pok\u00e9mon's true level\n|\n|t:|1783566969\n|teamsize|p1|6\n|teamsize|p2|6\n|start\n|switch|p1a: Porygon2|Porygon2, L81|270/270\n|switch|p2a: Hitmontop|Hitmontop, L88, M|100/100\n|-ability|p1a: Porygon2|Download|boost\n|-boost|p1a: Porygon2|atk|1\n|turn|1\n|inactive|Battle timer is ON: inactive players will automatically lose when time's up. (requested by p0x2410d9ce)\n|inactive|p0y2410de02 also wants the timer to be on.\n|\n|t:|1783566970\n|move|p2a: Hitmontop|Bulk Up|p2a: Hitmontop\n|-boost|p2a: Hitmontop|atk|1\n|-boost|p2a: Hitmontop|def|1\n|move|p1a: Porygon2|Thunder Wave|p2a: Hitmontop\n|-status|p2a: Hitmontop|par\n|\n|upkeep\n|turn|2\n|inactive|Time left: 300 sec this turn | 300 sec total\n|\n|t:|1783566971\n|-terastallize|p1a: Porygon2|Fairy\n|move|p1a: Porygon2|Tera Blast|p2a: Hitmontop|[anim] Tera Blast Fairy\n|-supereffective|p2a: Hitmontop\n|-damage|p2a: Hitmontop|46/100 par\n|move|p2a: Hitmontop|Triple Axel|p1a: Porygon2\n|-damage|p1a: Porygon2|247/270\n|-damage|p1a: Porygon2|200/270\n|-damage|p1a: Porygon2|129/270\n|-hitcount|p1a: Porygon2|3\n|\n|-heal|p2a: Hitmontop|52/100 par|[from] item: Leftovers\n|upkeep\n|turn|3\n|inactive|Time left: 300 sec this turn | 300 sec total\n|\n|t:|1783566972\n|-terastallize|p2a: Hitmontop|Ice\n|move|p1a: Porygon2|Tera Blast|p2a: Hitmontop|[anim] Tera Blast Fairy\n|-damage|p2a: Hitmontop|24/100 par\n|cant|p2a: Hitmontop|par\n|\n|-heal|p2a: Hitmontop|30/100 par|[from] item: Leftovers\n|upkeep\n|turn|4\n|inactive|Time left: 300 sec this turn | 300 sec total\n|\n|t:|1783566973\n|move|p1a: Porygon2|Tera Blast|p2a: Hitmontop|[anim] Tera Blast Fairy\n|-damage|p2a: Hitmontop|2/100 par\n|move|p2a: Hitmontop|Triple Axel|p1a: Porygon2\n|-damage|p1a: Porygon2|95/270\n|-damage|p1a: Porygon2|23/270\n|-damage|p1a: Porygon2|0 fnt\n|faint|p1a: Porygon2\n|-hitcount|p1: Porygon2|3\n|\n|-heal|p2a: Hitmontop|8/100 par|[from] item: Leftovers\n|upkeep\n|inactive|Time left: 300 sec this turn | 300 sec total | 5 sec grace\n|\n|t:|1783566974\n|switch|p1a: Volcarona|Volcarona, L77, F|257/257\n|turn|5\n|inactive|Time left: 300 sec this turn | 300 sec total\n|\n|t:|1783566975\n|move|p1a: Volcarona|Fiery Dance|p2a: Hitmontop\n|-supereffective|p2a: Hitmontop\n|-damage|p2a: Hitmontop|0 fnt\n|faint|p2a: Hitmontop\n|\n|upkeep\n|\n|t:|1783566976\n|switch|p2a: Klawf|Klawf, L90, F|100/100\n|turn|6\n|inactive|Time left: 300 sec this turn | 300 sec total\n|\n|t:|1783566976\n|move|p1a: Volcarona|Giga Drain|p2a: Klawf\n|-supereffective|p2a: Klawf\n|-damage|p2a: Klawf|43/100\n|move|p2a: Klawf|Stone Edge|p1a: Volcarona\n|-supereffective|p1a: Volcarona\n|-damage|p1a: Volcarona|0 fnt\n|faint|p1a: Volcarona\n|\n|upkeep\n|inactive|Time left: 300 sec this turn | 300 sec total | 5 sec grace\n|\n|t:|1783566978\n|switch|p1a: Basculegion|Basculegion, L80, M|323/323\n|turn|7\n|inactive|Time left: 300 sec this turn | 300 sec total\n|\n|t:|1783566979\n|move|p2a: Klawf|Stone Edge|p1a: Basculegion\n|-damage|p1a: Basculegion|98/323\n|move|p1a: Basculegion|Flip Turn|p2a: Klawf\n|-supereffective|p2a: Klawf\n|-damage|p2a: Klawf|0 fnt\n|faint|p2a: Klawf\n|inactive|Time left: 300 sec this turn | 300 sec total | 5 sec grace\n|\n|t:|1783566980\n|switch|p1a: Skuntank|Skuntank, L84, M|310/310|[from] Flip Turn\n|\n|upkeep\n|\n|t:|1783566981\n|switch|p2a: Electivire|Electivire, L84, M|100/100\n|turn|8\n|inactive|Time left: 300 sec this turn | 300 sec total\n|\n|t:|1783566982\n|move|p2a: Electivire|Bulk Up|p2a: Electivire\n|-boost|p2a: Electivire|atk|1\n|-boost|p2a: Electivire|def|1\n|move|p1a: Skuntank|Gunk Shot|p2a: Electivire\n|-damage|p2a: Electivire|65/100\n|\n|upkeep\n|turn|9\n|inactive|Time left: 300 sec this turn | 300 sec total\n|\n|t:|1783566983\n|switch|p1a: Furret|Furret, L94, F|312/312\n|-item|p2a: Electivire|Life Orb|[from] ability: Frisk|[of] p1a: Furret\n|move|p2a: Electivire|Earthquake|p1a: Furret\n|-damage|p1a: Furret|127/312\n|-damage|p2a: Electivire|55/100|[from] item: Life Orb\n|\n|upkeep\n|turn|10\n|inactive|Time left: 300 sec this turn | 300 sec total\n|\n|t:|1783566984\n|switch|p2a: Jumpluff|Jumpluff, L87, F|100/100\n|move|p1a: Furret|Double-Edge|p2a: Jumpluff\n|-damage|p2a: Jumpluff|21/100\n|-damage|p1a: Furret|56/312|[from] Recoil\n|\n|upkeep\n|turn|11\n|inactive|Time left: 300 sec this turn | 300 sec total\n|\n|t:|1783566985\n|move|p2a: Jumpluff|Strength Sap|p1a: Furret\n|-unboost|p1a: Furret|atk|1\n|-heal|p2a: Jumpluff|93/100\n|move|p1a: Furret|Double-Edge|p2a: Jumpluff\n|-crit|p2a: Jumpluff\n|-damage|p2a: Jumpluff|0 fnt\n|faint|p2a: Jumpluff\n|-damage|p1a: Furret|0 fnt|[from] Recoil\n|faint|p1a: Furret\n|\n|upkeep\n|inactive|Time left: 300 sec this turn | 300 sec total | 5 sec grace\n|\n|t:|1783566986\n|switch|p2a: Dewgong|Dewgong, L94, M|100/100\n|switch|p1a: Skuntank|Skuntank, L84, M|310/310\n|turn|12\n|inactive|Time left: 300 sec this turn | 300 sec total\n|\n|t:|1783566987\n|move|p1a: Skuntank|Knock Off|p2a: Dewgong\n|-damage|p2a: Dewgong|73/100\n|-enditem|p2a: Dewgong|Heavy-Duty Boots|[from] move: Knock Off|[of] p1a: Skuntank\n|move|p2a: Dewgong|Triple Axel|p1a: Skuntank\n|-damage|p1a: Skuntank|283/310\n|-damage|p1a: Skuntank|237/310\n|-damage|p1a: Skuntank|155/310\n|-hitcount|p1a: Skuntank|3\n|\n|-heal|p1a: Skuntank|174/310|[from] item: Leftovers\n|upkeep\n|turn|13\n|inactive|Time left: 300 sec this turn | 300 sec total\n|\n|t:|1783566988\n|move|p1a: Skuntank|Gunk Shot|p2a: Dewgong\n|-damage|p2a: Dewgong|39/100\n|move|p2a: Dewgong|Triple Axel|p1a: Skuntank\n|-damage|p1a: Skuntank|147/310\n|-hitcount|p1a: Skuntank|1\n|\n|-heal|p1a: Skuntank|166/310|[from] item: Leftovers\n|upkeep\n|turn|14\n|inactive|Time left: 300 sec this turn | 300 sec total\n|\n|t:|1783566990\n|move|p1a: Skuntank|Gunk Shot|p2a: Dewgong|[miss]\n|-miss|p1a: Skuntank|p2a: Dewgong\n|move|p2a: Dewgong|Triple Axel|p1a: Skuntank\n|-damage|p1a: Skuntank|142/310\n|-hitcount|p1a: Skuntank|1\n|\n|-heal|p1a: Skuntank|161/310|[from] item: Leftovers\n|upkeep\n|turn|15\n|inactive|Time left: 300 sec this turn | 300 sec total\n|\n|t:|1783566991\n|move|p1a: Skuntank|Gunk Shot|p2a: Dewgong\n|-damage|p2a: Dewgong|5/100\n|-status|p2a: Dewgong|psn\n|move|p2a: Dewgong|Surf|p1a: Skuntank\n|-damage|p1a: Skuntank|38/310\n|\n|-heal|p1a: Skuntank|57/310|[from] item: Leftovers\n|-damage|p2a: Dewgong|0 fnt|[from] psn\n|faint|p2a: Dewgong\n|upkeep\n|\n|t:|1783566992\n|switch|p2a: Electivire|Electivire, L84, M|55/100\n|turn|16\n|inactive|Time left: 300 sec this turn | 300 sec total\n|\n|t:|1783566992\n|switch|p1a: Bombirdier|Bombirdier, L85, M|258/258\n|move|p2a: Electivire|Earthquake|p1a: Bombirdier\n|-immune|p1a: Bombirdier\n|\n|upkeep\n|turn|17\n|inactive|Time left: 300 sec this turn | 300 sec total\n|\n|t:|1783566993\n|switch|p1a: Skuntank|Skuntank, L84, M|57/310\n|move|p2a: Electivire|Bulk Up|p2a: Electivire\n|-boost|p2a: Electivire|atk|1\n|-boost|p2a: Electivire|def|1\n|\n|-heal|p1a: Skuntank|76/310|[from] item: Leftovers\n|upkeep\n|turn|18\n|inactive|Time left: 300 sec this turn | 300 sec total\n|\n|t:|1783566994\n|move|p2a: Electivire|Earthquake|p1a: Skuntank\n|-supereffective|p1a: Skuntank\n|-damage|p1a: Skuntank|0 fnt\n|faint|p1a: Skuntank\n|-damage|p2a: Electivire|45/100|[from] item: Life Orb\n|\n|upkeep\n|inactive|Time left: 300 sec this turn | 300 sec total | 5 sec grace\n|\n|t:|1783566995\n|switch|p1a: Basculegion|Basculegion, L80, M|98/323\n|turn|19\n|inactive|Time left: 300 sec this turn | 300 sec total\n|\n|t:|1783566996\n|move|p1a: Basculegion|Aqua Jet|p2a: Electivire\n|-damage|p2a: Electivire|26/100\n|move|p2a: Electivire|Supercell Slam|p1a: Basculegion\n|-supereffective|p1a: Basculegion\n|-damage|p1a: Basculegion|0 fnt\n|faint|p1a: Basculegion\n|-damage|p2a: Electivire|16/100|[from] item: Life Orb\n|\n|upkeep\n|inactive|Time left: 300 sec this turn | 300 sec total | 5 sec grace\n|\n|t:|1783566997\n|switch|p1a: Bombirdier|Bombirdier, L85, M|258/258\n|turn|20\n|inactive|Time left: 300 sec this turn | 300 sec total\n|\n|t:|1783566998\n|move|p1a: Bombirdier|Sucker Punch|p2a: Electivire\n|-damage|p2a: Electivire|0 fnt\n|faint|p2a: Electivire\n|\n|upkeep\n|\n|t:|1783566999\n|switch|p2a: Tauros|Tauros, L82, M|100/100\n|turn|21\n|inactive|Time left: 300 sec this turn | 300 sec total\n|\n|t:|1783566999\n|move|p2a: Tauros|Body Slam|p1a: Bombirdier\n|-damage|p1a: Bombirdier|105/258\n|move|p1a: Bombirdier|Roost|p1a: Bombirdier\n|-heal|p1a: Bombirdier|234/258\n|-singleturn|p1a: Bombirdier|move: Roost\n|\n|upkeep\n|turn|22\n|inactive|Time left: 300 sec this turn | 300 sec total\n|\n|t:|1783567000\n|move|p2a: Tauros|Body Slam|p1a: Bombirdier\n|-damage|p1a: Bombirdier|90/258\n|move|p1a: Bombirdier|Roost|p1a: Bombirdier\n|-heal|p1a: Bombirdier|219/258\n|-singleturn|p1a: Bombirdier|move: Roost\n|\n|upkeep\n|turn|23\n|inactive|Time left: 300 sec this turn | 300 sec total\n|\n|t:|1783567001\n|move|p2a: Tauros|Close Combat|p1a: Bombirdier\n|-damage|p1a: Bombirdier|102/258\n|-unboost|p2a: Tauros|def|1\n|-unboost|p2a: Tauros|spd|1\n|-damage|p2a: Tauros|91/100|[from] item: Life Orb\n|move|p1a: Bombirdier|Roost|p1a: Bombirdier\n|-heal|p1a: Bombirdier|231/258\n|-singleturn|p1a: Bombirdier|move: Roost\n|\n|upkeep\n|turn|24\n|inactive|Time left: 300 sec this turn | 300 sec total\n|\n|t:|1783567002\n|move|p2a: Tauros|Body Slam|p1a: Bombirdier\n|-damage|p1a: Bombirdier|75/258\n|move|p1a: Bombirdier|Knock Off|p2a: Tauros\n|-damage|p2a: Tauros|32/100\n|-enditem|p2a: Tauros|Life Orb|[from] move: Knock Off|[of] p1a: Bombirdier\n|\n|upkeep\n|turn|25\n|inactive|Time left: 300 sec this turn | 300 sec total\n|\n|t:|1783567003\n|move|p1a: Bombirdier|Sucker Punch|p2a: Tauros\n|-damage|p2a: Tauros|0 fnt\n|faint|p2a: Tauros\n|\n|win|p0x2410d9ce", "uploadtime": 1783567003, "views": 0, "rating": 0, "private": 0, "password": null, "_winner": "p0x2410d9ce", "_our_name": "p0x2410d9ce"}