{"id": "battle-gen9randombattle-1643", "formatid": "gen9randombattle", "format": "[Gen 9] Random Battle", "players": ["p0x1643616a", "p0y1643e2e5"], "log": "|init|battle\n|title|p0x1643616a vs. p0y1643e2e5\n|j|\u2606p0x1643616a\n|j|\u2606p0y1643e2e5\n|t:|1783558273\n|gametype|singles\n|player|p1|p0x1643616a|102|\n|player|p2|p0y1643e2e5|170|\n|gen|9\n|tier|[Gen 9] Random Battle\n|rule|Species Clause: Limit one of each Pok\u00e9mon\n|rule|HP Percentage Mod: HP is shown in percentages\n|rule|Sleep Clause Mod: Limit one foe put to sleep\n|rule|Illusion Level Mod: Illusion disguises the Pok\u00e9mon's true level\n|\n|t:|1783558273\n|teamsize|p1|6\n|teamsize|p2|6\n|start\n|switch|p1a: Lurantis|Lurantis, L87, F|264/264\n|switch|p2a: Kleavor|Kleavor, L78, F|100/100\n|turn|1\n|inactive|Battle timer is ON: inactive players will automatically lose when time's up. (requested by p0y1643e2e5)\n|inactive|Time left: 300 sec this turn | 300 sec total | 60 sec grace\n|inactive|p0x1643616a also wants the timer to be on.\n|\n|t:|1783558275\n|move|p2a: Kleavor|X-Scissor|p1a: Lurantis\n|-supereffective|p1a: Lurantis\n|-damage|p1a: Lurantis|0 fnt\n|faint|p1a: Lurantis\n|\n|upkeep\n|inactive|Time left: 300 sec this turn | 300 sec total | 65 sec grace\n|\n|t:|1783558276\n|switch|p1a: Hatterene|Hatterene, L85, F|236/236\n|turn|2\n|inactive|Time left: 300 sec this turn | 300 sec total\n|\n|t:|1783558277\n|move|p2a: Kleavor|Stone Axe|p1a: Hatterene\n|-damage|p1a: Hatterene|128/236\n|-sidestart|p1: p0x1643616a|move: Stealth Rock\n|move|p1a: Hatterene|Draining Kiss|p2a: Kleavor\n|-damage|p2a: Kleavor|65/100\n|-heal|p1a: Hatterene|192/236|[from] drain|[of] p2a: Kleavor\n|\n|-heal|p1a: Hatterene|206/236|[from] item: Leftovers\n|upkeep\n|turn|3\n|inactive|Time left: 300 sec this turn | 300 sec total\n|\n|t:|1783558278\n|move|p2a: Kleavor|X-Scissor|p1a: Hatterene\n|-damage|p1a: Hatterene|74/236\n|move|p1a: Hatterene|Psychic|p2a: Kleavor\n|-damage|p2a: Kleavor|0 fnt\n|faint|p2a: Kleavor\n|\n|-heal|p1a: Hatterene|88/236|[from] item: Leftovers\n|upkeep\n|\n|t:|1783558279\n|switch|p2a: Gardevoir|Gardevoir, L83, M|100/100\n|-ability|p2a: Gardevoir|Magic Bounce|Trace|[from] ability: Trace|[of] p1a: Hatterene\n|turn|4\n|inactive|Time left: 300 sec this turn | 300 sec total\n|\n|t:|1783558280\n|move|p2a: Gardevoir|Moonblast|p1a: Hatterene\n|-damage|p1a: Hatterene|0 fnt\n|faint|p1a: Hatterene\n|\n|upkeep\n|inactive|Time left: 300 sec this turn | 300 sec total | 5 sec grace\n|\n|t:|1783558281\n|switch|p1a: Munkidori|Munkidori, L79, M|269/269\n|-damage|p1a: Munkidori|236/269|[from] Stealth Rock\n|turn|5\n|inactive|Time left: 300 sec this turn | 300 sec total\n|\n|t:|1783558282\n|move|p2a: Gardevoir|Moonblast|p1a: Munkidori\n|-resisted|p1a: Munkidori\n|-damage|p1a: Munkidori|175/269\n|-unboost|p1a: Munkidori|spa|1\n|move|p1a: Munkidori|Sludge Wave|p2a: Gardevoir\n|-supereffective|p2a: Gardevoir\n|-damage|p2a: Gardevoir|41/100\n|-damage|p1a: Munkidori|149/269|[from] item: Life Orb\n|\n|upkeep\n|turn|6\n|inactive|Time left: 300 sec this turn | 300 sec total\n|\n|t:|1783558284\n|move|p2a: Gardevoir|Moonblast|p1a: Munkidori\n|-resisted|p1a: Munkidori\n|-damage|p1a: Munkidori|88/269\n|-unboost|p1a: Munkidori|spa|1\n|move|p1a: Munkidori|Sludge Wave|p2a: Gardevoir\n|-supereffective|p2a: Gardevoir\n|-damage|p2a: Gardevoir|0 fnt\n|faint|p2a: Gardevoir\n|-damage|p1a: Munkidori|62/269|[from] item: Life Orb\n|\n|upkeep\n|\n|t:|1783558285\n|switch|p2a: Spidops|Spidops, L96, F|100/100\n|turn|7\n|inactive|Time left: 300 sec this turn | 300 sec total\n|\n|t:|1783558286\n|move|p1a: Munkidori|Psyshock|p2a: Spidops\n|-damage|p2a: Spidops|81/100\n|-status|p2a: Spidops|tox|[from] ability: Toxic Chain|[of] p1a: Munkidori\n|-damage|p1a: Munkidori|36/269|[from] item: Life Orb\n|move|p2a: Spidops|Sticky Web|p1a: Munkidori\n|-sidestart|p1: p0x1643616a|move: Sticky Web\n|\n|-damage|p2a: Spidops|75/100 tox|[from] psn\n|upkeep\n|turn|8\n|inactive|Time left: 300 sec this turn | 300 sec total\n|\n|t:|1783558288\n|move|p1a: Munkidori|Psyshock|p2a: Spidops\n|-damage|p2a: Spidops|55/100 tox\n|-damage|p1a: Munkidori|10/269|[from] item: Life Orb\n|move|p2a: Spidops|U-turn|p1a: Munkidori\n|-damage|p1a: Munkidori|0 fnt\n|faint|p1a: Munkidori\n|\n|t:|1783558289\n|switch|p2a: Conkeldurr|Conkeldurr, L80, M|100/100|[from] U-turn\n|\n|-status|p2a: Conkeldurr|brn|[from] item: Flame Orb\n|upkeep\n|inactive|Time left: 300 sec this turn | 300 sec total | 10 sec grace\n|\n|t:|1783558290\n|switch|p1a: Oricorio|Oricorio-Pom-Pom, L82, F|257/257\n|turn|9\n|inactive|Time left: 300 sec this turn | 300 sec total\n|\n|t:|1783558291\n|-terastallize|p2a: Conkeldurr|Normal\n|move|p1a: Oricorio|Hurricane|p2a: Conkeldurr|[miss]\n|-miss|p1a: Oricorio|p2a: Conkeldurr\n|move|p2a: Conkeldurr|Facade|p1a: Oricorio\n|-damage|p1a: Oricorio|0 fnt\n|faint|p1a: Oricorio\n|\n|-damage|p2a: Conkeldurr|94/100 brn|[from] brn\n|upkeep\n|inactive|Time left: 300 sec this turn | 300 sec total | 5 sec grace\n|\n|t:|1783558292\n|switch|p1a: Dewgong|Dewgong, L94, M|322/322\n|turn|10\n|inactive|Time left: 300 sec this turn | 300 sec total\n|\n|t:|1783558293\n|move|p1a: Dewgong|Surf|p2a: Conkeldurr\n|-damage|p2a: Conkeldurr|52/100 brn\n|move|p2a: Conkeldurr|Close Combat|p1a: Dewgong\n|-supereffective|p1a: Dewgong\n|-damage|p1a: Dewgong|0 fnt\n|-unboost|p2a: Conkeldurr|def|1\n|-unboost|p2a: Conkeldurr|spd|1\n|faint|p1a: Dewgong\n|\n|-damage|p2a: Conkeldurr|46/100 brn|[from] brn\n|upkeep\n|inactive|Time left: 300 sec this turn | 300 sec total | 5 sec grace\n|\n|t:|1783558294\n|switch|p1a: Gliscor|Gliscor, L76, M|239/239\n|-damage|p1a: Gliscor|210/239|[from] Stealth Rock\n|turn|11\n|inactive|Time left: 300 sec this turn | 300 sec total\n|\n|t:|1783558295\n|switch|p2a: Koraidon|Koraidon, L64|100/100\n|-weather|SunnyDay|[from] ability: Orichalcum Pulse|[of] p2a: Koraidon\n|-activate|p2a: Koraidon|Orichalcum Pulse|[source]\n|move|p1a: Gliscor|Protect||[still]\n|-fail|p1a: Gliscor\n|\n|-weather|SunnyDay|[upkeep]\n|-status|p1a: Gliscor|tox|[from] item: Toxic Orb\n|upkeep\n|turn|12\n|inactive|Time left: 300 sec this turn | 300 sec total\n|\n|t:|1783558296\n|-terastallize|p1a: Gliscor|Water\n|move|p1a: Gliscor|Protect|p1a: Gliscor\n|-singleturn|p1a: Gliscor|Protect\n|move|p2a: Koraidon|Outrage|p1a: Gliscor\n|-activate|p1a: Gliscor|move: Protect\n|\n|-weather|SunnyDay|[upkeep]\n|-heal|p1a: Gliscor|239/239 tox|[from] ability: Poison Heal\n|upkeep\n|turn|13\n|inactive|Time left: 300 sec this turn | 300 sec total\n|\n|t:|1783558296\n|move|p2a: Koraidon|Outrage|p1a: Gliscor\n|-damage|p1a: Gliscor|79/239 tox\n|move|p1a: Gliscor|Knock Off|p2a: Koraidon\n|-resisted|p2a: Koraidon\n|-damage|p2a: Koraidon|88/100\n|-enditem|p2a: Koraidon|Choice Band|[from] move: Knock Off|[of] p1a: Gliscor\n|\n|-weather|SunnyDay|[upkeep]\n|-heal|p1a: Gliscor|108/239 tox|[from] ability: Poison Heal\n|upkeep\n|turn|14\n|inactive|Time left: 300 sec this turn | 300 sec total\n|\n|t:|1783558297\n|move|p1a: Gliscor|Protect|p1a: Gliscor\n|-singleturn|p1a: Gliscor|Protect\n|move|p2a: Koraidon|Outrage|p1a: Gliscor|[from] lockedmove\n|-activate|p1a: Gliscor|move: Protect\n|-start|p2a: Koraidon|confusion|[fatigue]\n|\n|-weather|SunnyDay|[upkeep]\n|-heal|p1a: Gliscor|137/239 tox|[from] ability: Poison Heal\n|upkeep\n|turn|15\n|inactive|Time left: 300 sec this turn | 300 sec total\n|\n|t:|1783558298\n|-activate|p2a: Koraidon|confusion\n|-damage|p2a: Koraidon|79/100|[from] confusion\n|move|p1a: Gliscor|Earthquake|p2a: Koraidon\n|-damage|p2a: Koraidon|42/100\n|\n|-weather|none\n|-heal|p1a: Gliscor|166/239 tox|[from] ability: Poison Heal\n|upkeep\n|turn|16\n|inactive|Time left: 300 sec this turn | 300 sec total\n|\n|t:|1783558299\n|move|p1a: Gliscor|Protect|p1a: Gliscor\n|-singleturn|p1a: Gliscor|Protect\n|-activate|p2a: Koraidon|confusion\n|-damage|p2a: Koraidon|31/100|[from] confusion\n|\n|-heal|p1a: Gliscor|195/239 tox|[from] ability: Poison Heal\n|upkeep\n|turn|17\n|inactive|Time left: 300 sec this turn | 300 sec total\n|\n|t:|1783558301\n|-activate|p2a: Koraidon|confusion\n|-damage|p2a: Koraidon|21/100|[from] confusion\n|move|p1a: Gliscor|Knock Off|p2a: Koraidon\n|-resisted|p2a: Koraidon\n|-damage|p2a: Koraidon|12/100\n|\n|-heal|p1a: Gliscor|224/239 tox|[from] ability: Poison Heal\n|upkeep\n|turn|18\n|inactive|Time left: 300 sec this turn | 300 sec total\n|\n|t:|1783558302\n|-end|p2a: Koraidon|confusion\n|move|p2a: Koraidon|Close Combat|p1a: Gliscor\n|-damage|p1a: Gliscor|139/239 tox\n|-unboost|p2a: Koraidon|def|1\n|-unboost|p2a: Koraidon|spd|1\n|move|p1a: Gliscor|Earthquake|p2a: Koraidon\n|-damage|p2a: Koraidon|0 fnt\n|faint|p2a: Koraidon\n|\n|-heal|p1a: Gliscor|168/239 tox|[from] ability: Poison Heal\n|upkeep\n|\n|t:|1783558302\n|switch|p2a: Conkeldurr|Conkeldurr, L80, M, tera:Normal|46/100 brn\n|turn|19\n|inactive|Time left: 300 sec this turn | 300 sec total\n|\n|t:|1783558303\n|move|p1a: Gliscor|Protect|p1a: Gliscor\n|-singleturn|p1a: Gliscor|Protect\n|move|p2a: Conkeldurr|Facade|p1a: Gliscor\n|-activate|p1a: Gliscor|move: Protect\n|\n|-heal|p1a: Gliscor|197/239 tox|[from] ability: Poison Heal\n|-damage|p2a: Conkeldurr|40/100 brn|[from] brn\n|upkeep\n|turn|20\n|inactive|Time left: 300 sec this turn | 300 sec total\n|\n|t:|1783558304\n|move|p1a: Gliscor|Protect|p1a: Gliscor\n|-singleturn|p1a: Gliscor|Protect\n|move|p2a: Conkeldurr|Facade|p1a: Gliscor\n|-activate|p1a: Gliscor|move: Protect\n|\n|-heal|p1a: Gliscor|226/239 tox|[from] ability: Poison Heal\n|-damage|p2a: Conkeldurr|34/100 brn|[from] brn\n|upkeep\n|turn|21\n|inactive|Time left: 300 sec this turn | 300 sec total\n|\n|t:|1783558305\n|move|p1a: Gliscor|Protect||[still]\n|-fail|p1a: Gliscor\n|move|p2a: Conkeldurr|Facade|p1a: Gliscor\n|-damage|p1a: Gliscor|0 fnt\n|faint|p1a: Gliscor\n|\n|win|p0y1643e2e5", "uploadtime": 1783558306, "views": 0, "rating": 0, "private": 0, "password": null, "_winner": "p0y1643e2e5", "_our_name": "p0x1643616a"}