{"id": "battle-gen9randombattle-1749", "formatid": "gen9randombattle", "format": "[Gen 9] Random Battle", "players": ["p0x17495daf", "p0y1749f79a"], "log": "|init|battle\n|title|p0x17495daf vs. p0y1749f79a\n|j|\u2606p0x17495daf\n|j|\u2606p0y1749f79a\n|t:|1783559507\n|gametype|singles\n|player|p1|p0x17495daf|102|\n|player|p2|p0y1749f79a|102|\n|gen|9\n|tier|[Gen 9] Random Battle\n|rule|Species Clause: Limit one of each Pok\u00e9mon\n|rule|HP Percentage Mod: HP is shown in percentages\n|rule|Sleep Clause Mod: Limit one foe put to sleep\n|rule|Illusion Level Mod: Illusion disguises the Pok\u00e9mon's true level\n|\n|t:|1783559507\n|teamsize|p1|6\n|teamsize|p2|6\n|start\n|switch|p1a: Noivern|Noivern, L82, F|274/274\n|switch|p2a: Terrakion|Terrakion, L79|100/100\n|turn|1\n|inactive|Battle timer is ON: inactive players will automatically lose when time's up. (requested by p0x17495daf)\n|inactive|p0y1749f79a also wants the timer to be on.\n|\n|t:|1783559508\n|move|p1a: Noivern|Hurricane|p2a: Terrakion\n|-damage|p2a: Terrakion|35/100\n|move|p2a: Terrakion|Stone Edge|p1a: Noivern\n|-supereffective|p1a: Noivern\n|-damage|p1a: Noivern|0 fnt\n|faint|p1a: Noivern\n|-damage|p2a: Terrakion|25/100|[from] item: Life Orb\n|\n|upkeep\n|inactive|Time left: 300 sec this turn | 300 sec total | 65 sec grace\n|\n|t:|1783559509\n|switch|p1a: Girafarig|Girafarig, L89, M|269/269\n|turn|2\n|inactive|Time left: 300 sec this turn | 300 sec total\n|\n|t:|1783559511\n|move|p2a: Terrakion|Close Combat|p1a: Girafarig\n|-damage|p1a: Girafarig|129/269\n|-unboost|p2a: Terrakion|def|1\n|-unboost|p2a: Terrakion|spd|1\n|-damage|p2a: Terrakion|15/100|[from] item: Life Orb\n|move|p1a: Girafarig|Thunderbolt|p2a: Terrakion\n|-damage|p2a: Terrakion|0 fnt\n|faint|p2a: Terrakion\n|\n|upkeep\n|\n|t:|1783559511\n|switch|p2a: Thundurus|Thundurus-Therian, L80, M|100/100\n|turn|3\n|inactive|Time left: 300 sec this turn | 300 sec total\n|\n|t:|1783559513\n|move|p2a: Thundurus|Nasty Plot|p2a: Thundurus\n|-boost|p2a: Thundurus|spa|2\n|move|p1a: Girafarig|Psyshock|p2a: Thundurus\n|-damage|p2a: Thundurus|54/100\n|\n|upkeep\n|turn|4\n|inactive|Time left: 300 sec this turn | 300 sec total\n|\n|t:|1783559514\n|switch|p1a: Uxie|Uxie, L83|260/260\n|move|p2a: Thundurus|Thunderbolt|p1a: Uxie\n|-damage|p1a: Uxie|64/260\n|\n|-heal|p1a: Uxie|80/260|[from] item: Leftovers\n|upkeep\n|turn|5\n|inactive|Time left: 300 sec this turn | 300 sec total\n|\n|t:|1783559515\n|move|p2a: Thundurus|Thunderbolt|p1a: Uxie\n|-damage|p1a: Uxie|0 fnt\n|faint|p1a: Uxie\n|\n|upkeep\n|inactive|Time left: 300 sec this turn | 300 sec total | 5 sec grace\n|\n|t:|1783559516\n|switch|p1a: Mienshao|Mienshao, L83, M|244/244\n|turn|6\n|inactive|Time left: 300 sec this turn | 300 sec total\n|\n|t:|1783559517\n|-terastallize|p1a: Mienshao|Dark\n|move|p1a: Mienshao|Knock Off|p2a: Thundurus\n|-damage|p2a: Thundurus|0 fnt\n|-enditem|p2a: Thundurus|Heavy-Duty Boots|[from] move: Knock Off|[of] p1a: Mienshao\n|faint|p2a: Thundurus\n|-damage|p1a: Mienshao|220/244|[from] item: Life Orb\n|\n|upkeep\n|\n|t:|1783559518\n|switch|p2a: Gengar|Gengar, L81, F|100/100\n|turn|7\n|inactive|Time left: 300 sec this turn | 300 sec total\n|\n|t:|1783559519\n|move|p2a: Gengar|Focus Blast|p1a: Mienshao\n|-supereffective|p1a: Mienshao\n|-damage|p1a: Mienshao|0 fnt\n|faint|p1a: Mienshao\n|-damage|p2a: Gengar|90/100|[from] item: Life Orb\n|\n|upkeep\n|inactive|Time left: 300 sec this turn | 300 sec total | 5 sec grace\n|\n|t:|1783559520\n|switch|p1a: Girafarig|Girafarig, L89, M|129/269\n|turn|8\n|inactive|Time left: 300 sec this turn | 300 sec total\n|\n|t:|1783559521\n|move|p2a: Gengar|Sludge Wave|p1a: Girafarig\n|-damage|p1a: Girafarig|15/269\n|-damage|p2a: Gengar|80/100|[from] item: Life Orb\n|move|p1a: Girafarig|Psyshock|p2a: Gengar\n|-supereffective|p2a: Gengar\n|-damage|p2a: Gengar|0 fnt\n|faint|p2a: Gengar\n|\n|upkeep\n|\n|t:|1783559522\n|switch|p2a: Meowstic|Meowstic, L89, M|100/100\n|turn|9\n|inactive|Time left: 300 sec this turn | 300 sec total\n|\n|t:|1783559523\n|switch|p1a: Hydreigon|Hydreigon, L79, M|275/275\n|move|p2a: Meowstic|Psychic Noise|p1a: Hydreigon\n|-immune|p1a: Hydreigon\n|\n|upkeep\n|turn|10\n|inactive|Time left: 300 sec this turn | 300 sec total\n|\n|t:|1783559524\n|switch|p2a: Phione|Phione, L91|100/100\n|move|p1a: Hydreigon|Nasty Plot|p1a: Hydreigon\n|-boost|p1a: Hydreigon|spa|2\n|\n|upkeep\n|turn|11\n|inactive|Time left: 300 sec this turn | 300 sec total\n|\n|t:|1783559525\n|move|p1a: Hydreigon|Dark Pulse|p2a: Phione\n|-damage|p2a: Phione|14/100\n|-damage|p1a: Hydreigon|248/275|[from] item: Life Orb\n|cant|p2a: Phione|flinch\n|\n|-heal|p2a: Phione|20/100|[from] item: Leftovers\n|upkeep\n|turn|12\n|inactive|Time left: 300 sec this turn | 300 sec total\n|\n|t:|1783559527\n|move|p1a: Hydreigon|Dark Pulse|p2a: Phione\n|-damage|p2a: Phione|0 fnt\n|faint|p2a: Phione\n|-damage|p1a: Hydreigon|221/275|[from] item: Life Orb\n|\n|upkeep\n|\n|t:|1783559528\n|switch|p2a: Palossand|Palossand, L89, M|100/100\n|turn|13\n|inactive|Time left: 300 sec this turn | 300 sec total\n|\n|t:|1783559529\n|-terastallize|p2a: Palossand|Poison\n|move|p1a: Hydreigon|Dark Pulse|p2a: Palossand\n|-damage|p2a: Palossand|14/100\n|-damage|p1a: Hydreigon|194/275|[from] item: Life Orb\n|move|p2a: Palossand|Stealth Rock|p1a: Hydreigon\n|-sidestart|p1: p0x17495daf|move: Stealth Rock\n|\n|-heal|p2a: Palossand|20/100|[from] item: Leftovers\n|upkeep\n|turn|14\n|inactive|Time left: 300 sec this turn | 300 sec total\n|\n|t:|1783559530\n|move|p1a: Hydreigon|Nasty Plot|p1a: Hydreigon\n|-boost|p1a: Hydreigon|spa|2\n|move|p2a: Palossand|Earth Power|p1a: Hydreigon\n|-immune|p1a: Hydreigon|[from] ability: Levitate\n|\n|-heal|p2a: Palossand|27/100|[from] item: Leftovers\n|upkeep\n|turn|15\n|inactive|Time left: 300 sec this turn | 300 sec total\n|\n|t:|1783559531\n|switch|p2a: Meowstic|Meowstic, L89, M|100/100\n|move|p1a: Hydreigon|Dark Pulse|p2a: Meowstic\n|-supereffective|p2a: Meowstic\n|-crit|p2a: Meowstic\n|-damage|p2a: Meowstic|0 fnt\n|faint|p2a: Meowstic\n|-damage|p1a: Hydreigon|167/275|[from] item: Life Orb\n|\n|upkeep\n|\n|t:|1783559532\n|switch|p2a: Palossand|Palossand, L89, M, tera:Poison|27/100\n|turn|16\n|inactive|Time left: 300 sec this turn | 300 sec total\n|\n|t:|1783559533\n|move|p1a: Hydreigon|Dark Pulse|p2a: Palossand\n|-damage|p2a: Palossand|0 fnt\n|faint|p2a: Palossand\n|-damage|p1a: Hydreigon|140/275|[from] item: Life Orb\n|\n|win|p0x17495daf", "uploadtime": 1783559533, "views": 0, "rating": 0, "private": 0, "password": null, "_winner": "p0x17495daf", "_our_name": "p0x17495daf"}