{"id": "battle-gen9randombattle-911", "formatid": "gen9randombattle", "format": "[Gen 9] Random Battle", "players": ["p0x9113e40", "p0y911c129"], "log": "|init|battle\n|title|p0x9113e40 vs. p0y911c129\n|j|\u2606p0x9113e40\n|j|\u2606p0y911c129\n|t:|1783549718\n|gametype|singles\n|player|p1|p0x9113e40|1|\n|player|p2|p0y911c129|2|\n|gen|9\n|tier|[Gen 9] Random Battle\n|rule|Species Clause: Limit one of each Pok\u00e9mon\n|rule|HP Percentage Mod: HP is shown in percentages\n|rule|Sleep Clause Mod: Limit one foe put to sleep\n|rule|Illusion Level Mod: Illusion disguises the Pok\u00e9mon's true level\n|\n|t:|1783549718\n|teamsize|p1|6\n|teamsize|p2|6\n|start\n|switch|p1a: Gogoat|Gogoat, L88, F|100/100\n|switch|p2a: Smeargle|Smeargle, L95, F|258/258\n|turn|1\n|inactive|Battle timer is ON: inactive players will automatically lose when time's up. (requested by p0y911c129)\n|inactive|p0x9113e40 also wants the timer to be on.\n|\n|t:|1783549719\n|move|p2a: Smeargle|Sticky Web|p1a: Gogoat\n|-sidestart|p1: p0x9113e40|move: Sticky Web\n|move|p1a: Gogoat|Horn Leech|p2a: Smeargle\n|-damage|p2a: Smeargle|114/258\n|\n|upkeep\n|turn|2\n|inactive|Time left: 300 sec this turn | 300 sec total\n|\n|t:|1783549720\n|switch|p2a: Dragonite|Dragonite, L74, F|257/257\n|move|p1a: Gogoat|Bulk Up|p1a: Gogoat\n|-boost|p1a: Gogoat|atk|1\n|-boost|p1a: Gogoat|def|1\n|\n|upkeep\n|turn|3\n|inactive|Time left: 300 sec this turn | 300 sec total\n|\n|t:|1783549721\n|move|p1a: Gogoat|Bulk Up|p1a: Gogoat\n|-boost|p1a: Gogoat|atk|1\n|-boost|p1a: Gogoat|def|1\n|move|p2a: Dragonite|Dragon Dance|p2a: Dragonite\n|-boost|p2a: Dragonite|atk|1\n|-boost|p2a: Dragonite|spe|1\n|\n|upkeep\n|turn|4\n|inactive|Time left: 300 sec this turn | 300 sec total\n|\n|t:|1783549722\n|move|p2a: Dragonite|Dragon Dance|p2a: Dragonite\n|-boost|p2a: Dragonite|atk|1\n|-boost|p2a: Dragonite|spe|1\n|move|p1a: Gogoat|Rock Slide|p2a: Dragonite\n|-supereffective|p2a: Dragonite\n|-crit|p2a: Dragonite\n|-damage|p2a: Dragonite|73/257\n|\n|upkeep\n|turn|5\n|inactive|Time left: 300 sec this turn | 300 sec total\n|\n|t:|1783549723\n|move|p2a: Dragonite|Roost|p2a: Dragonite\n|-heal|p2a: Dragonite|202/257\n|-singleturn|p2a: Dragonite|move: Roost\n|move|p1a: Gogoat|Rock Slide|p2a: Dragonite\n|-damage|p2a: Dragonite|70/257\n|\n|upkeep\n|turn|6\n|inactive|Time left: 300 sec this turn | 300 sec total\n|\n|t:|1783549724\n|move|p2a: Dragonite|Roost|p2a: Dragonite\n|-heal|p2a: Dragonite|199/257\n|-singleturn|p2a: Dragonite|move: Roost\n|move|p1a: Gogoat|Rock Slide|p2a: Dragonite|[miss]\n|-miss|p1a: Gogoat|p2a: Dragonite\n|\n|upkeep\n|turn|7\n|inactive|Time left: 300 sec this turn | 300 sec total\n|\n|t:|1783549725\n|-terastallize|p2a: Dragonite|Steel\n|move|p2a: Dragonite|Outrage|p1a: Gogoat\n|-damage|p1a: Gogoat|55/100\n|move|p1a: Gogoat|Rock Slide|p2a: Dragonite\n|-resisted|p2a: Dragonite\n|-damage|p2a: Dragonite|137/257\n|\n|-heal|p1a: Gogoat|61/100|[from] item: Leftovers\n|upkeep\n|turn|8\n|inactive|Time left: 300 sec this turn | 300 sec total\n|\n|t:|1783549726\n|move|p2a: Dragonite|Outrage|p1a: Gogoat|[from] lockedmove\n|-damage|p1a: Gogoat|15/100\n|move|p1a: Gogoat|Milk Drink|p1a: Gogoat\n|-heal|p1a: Gogoat|65/100\n|\n|-heal|p1a: Gogoat|71/100|[from] item: Leftovers\n|upkeep\n|turn|9\n|inactive|Time left: 300 sec this turn | 300 sec total\n|\n|t:|1783549728\n|move|p2a: Dragonite|Outrage|p1a: Gogoat|[from] lockedmove\n|-damage|p1a: Gogoat|30/100\n|-start|p2a: Dragonite|confusion|[fatigue]\n|move|p1a: Gogoat|Horn Leech|p2a: Dragonite\n|-resisted|p2a: Dragonite\n|-damage|p2a: Dragonite|34/257\n|-heal|p1a: Gogoat|45/100|[from] drain|[of] p2a: Dragonite\n|\n|-heal|p1a: Gogoat|51/100|[from] item: Leftovers\n|upkeep\n|turn|10\n|inactive|Time left: 300 sec this turn | 300 sec total\n|\n|t:|1783549729\n|-activate|p2a: Dragonite|confusion\n|move|p2a: Dragonite|Outrage|p1a: Gogoat\n|-damage|p1a: Gogoat|10/100\n|move|p1a: Gogoat|Horn Leech|p2a: Dragonite\n|-resisted|p2a: Dragonite\n|-damage|p2a: Dragonite|0 fnt\n|-heal|p1a: Gogoat|14/100|[from] drain|[of] p2a: Dragonite\n|faint|p2a: Dragonite\n|\n|-heal|p1a: Gogoat|20/100|[from] item: Leftovers\n|upkeep\n|inactive|Time left: 300 sec this turn | 300 sec total | 5 sec grace\n|\n|t:|1783549730\n|switch|p2a: Lycanroc|Lycanroc-Midnight, L89, M|296/296\n|turn|11\n|inactive|Time left: 300 sec this turn | 300 sec total\n|\n|t:|1783549731\n|move|p2a: Lycanroc|Stone Edge|p1a: Gogoat\n|-damage|p1a: Gogoat|0 fnt\n|faint|p1a: Gogoat\n|-damage|p2a: Lycanroc|267/296|[from] item: Life Orb\n|\n|upkeep\n|\n|t:|1783549732\n|switch|p1a: Serperior|Serperior, L79, F|100/100\n|-activate|p1a: Serperior|move: Sticky Web\n|-boost|p1a: Serperior|spe|1\n|turn|12\n|inactive|Time left: 300 sec this turn | 300 sec total\n|\n|t:|1783549733\n|switch|p2a: Charizard|Charizard, L85, F|271/271\n|move|p1a: Serperior|Leaf Storm|p2a: Charizard\n|-resisted|p2a: Charizard\n|-damage|p2a: Charizard|240/271\n|-boost|p1a: Serperior|spa|2\n|-damage|p1a: Serperior|91/100|[from] item: Life Orb\n|\n|upkeep\n|turn|13\n|inactive|Time left: 300 sec this turn | 300 sec total\n|\n|t:|1783549734\n|move|p1a: Serperior|Glare|p2a: Charizard\n|-status|p2a: Charizard|par\n|cant|p2a: Charizard|par\n|\n|upkeep\n|turn|14\n|inactive|Time left: 300 sec this turn | 300 sec total\n|\n|t:|1783549735\n|-terastallize|p1a: Serperior|Fire\n|move|p1a: Serperior|Leaf Storm|p2a: Charizard|[miss]\n|-miss|p1a: Serperior|p2a: Charizard\n|move|p2a: Charizard|Flare Blitz|p1a: Serperior\n|-resisted|p1a: Serperior\n|-damage|p1a: Serperior|65/100\n|-damage|p2a: Charizard|219/271 par|[from] Recoil\n|\n|upkeep\n|turn|15\n|inactive|Time left: 300 sec this turn | 300 sec total\n|\n|t:|1783549737\n|move|p1a: Serperior|Synthesis|p1a: Serperior\n|-heal|p1a: Serperior|100/100\n|cant|p2a: Charizard|par\n|\n|upkeep\n|turn|16\n|inactive|Time left: 300 sec this turn | 300 sec total\n|\n|t:|1783549738\n|move|p1a: Serperior|Leaf Storm|p2a: Charizard\n|-resisted|p2a: Charizard\n|-damage|p2a: Charizard|158/271 par\n|-boost|p1a: Serperior|spa|2\n|-damage|p1a: Serperior|91/100|[from] item: Life Orb\n|cant|p2a: Charizard|par\n|\n|upkeep\n|turn|17\n|inactive|Time left: 300 sec this turn | 300 sec total\n|\n|t:|1783549738\n|move|p1a: Serperior|Leaf Storm|p2a: Charizard\n|-resisted|p2a: Charizard\n|-damage|p2a: Charizard|54/271 par\n|-boost|p1a: Serperior|spa|2\n|-damage|p1a: Serperior|81/100|[from] item: Life Orb\n|move|p2a: Charizard|Outrage|p1a: Serperior\n|-damage|p1a: Serperior|50/100\n|\n|upkeep\n|turn|18\n|inactive|Time left: 300 sec this turn | 300 sec total\n|\n|t:|1783549740\n|move|p1a: Serperior|Tera Blast|p2a: Charizard|[anim] Tera Blast Fire\n|-resisted|p2a: Charizard\n|-damage|p2a: Charizard|0 fnt\n|faint|p2a: Charizard\n|-damage|p1a: Serperior|40/100|[from] item: Life Orb\n|\n|upkeep\n|inactive|Time left: 300 sec this turn | 300 sec total | 5 sec grace\n|\n|t:|1783549740\n|switch|p2a: Lycanroc|Lycanroc-Midnight, L89, M|267/296\n|turn|19\n|inactive|Time left: 300 sec this turn | 300 sec total\n|\n|t:|1783549741\n|move|p2a: Lycanroc|Sucker Punch|p1a: Serperior\n|-damage|p1a: Serperior|9/100\n|-damage|p2a: Lycanroc|238/296|[from] item: Life Orb\n|move|p1a: Serperior|Leaf Storm|p2a: Lycanroc\n|-supereffective|p2a: Lycanroc\n|-damage|p2a: Lycanroc|0 fnt\n|faint|p2a: Lycanroc\n|-damage|p1a: Serperior|0 fnt|[from] item: Life Orb\n|faint|p1a: Serperior\n|\n|upkeep\n|inactive|Time left: 300 sec this turn | 300 sec total | 5 sec grace\n|\n|t:|1783549742\n|switch|p1a: Gyarados|Gyarados, L79, F|100/100\n|switch|p2a: Mamoswine|Mamoswine, L81, F|311/311\n|turn|20\n|inactive|Time left: 300 sec this turn | 300 sec total\n|\n|t:|1783549743\n|move|p2a: Mamoswine|Icicle Crash|p1a: Gyarados\n|-damage|p1a: Gyarados|33/100\n|move|p1a: Gyarados|Dragon Dance|p1a: Gyarados\n|-boost|p1a: Gyarados|atk|1\n|-boost|p1a: Gyarados|spe|1\n|\n|upkeep\n|turn|21\n|inactive|Time left: 300 sec this turn | 300 sec total\n|\n|t:|1783549744\n|switch|p2a: Sceptile|Sceptile, L87, M|264/264\n|move|p1a: Gyarados|Waterfall|p2a: Sceptile\n|-resisted|p2a: Sceptile\n|-damage|p2a: Sceptile|178/264\n|\n|upkeep\n|turn|22\n|inactive|Time left: 300 sec this turn | 300 sec total\n|\n|t:|1783549745\n|move|p1a: Gyarados|Temper Flare|p2a: Sceptile\n|-supereffective|p2a: Sceptile\n|-damage|p2a: Sceptile|0 fnt\n|faint|p2a: Sceptile\n|-ability|p1a: Gyarados|Moxie|boost\n|-boost|p1a: Gyarados|atk|1\n|\n|upkeep\n|inactive|Time left: 300 sec this turn | 300 sec total | 5 sec grace\n|\n|t:|1783549746\n|switch|p2a: Mamoswine|Mamoswine, L81, F|311/311\n|turn|23\n|inactive|Time left: 300 sec this turn | 300 sec total\n|\n|t:|1783549747\n|move|p2a: Mamoswine|Ice Shard|p1a: Gyarados\n|-damage|p1a: Gyarados|4/100\n|move|p1a: Gyarados|Waterfall|p2a: Mamoswine\n|-supereffective|p2a: Mamoswine\n|-damage|p2a: Mamoswine|0 fnt\n|faint|p2a: Mamoswine\n|-ability|p1a: Gyarados|Moxie|boost\n|-boost|p1a: Gyarados|atk|1\n|\n|upkeep\n|inactive|Time left: 300 sec this turn | 300 sec total | 5 sec grace\n|\n|t:|1783549747\n|switch|p2a: Smeargle|Smeargle, L95, F|114/258\n|turn|24\n|inactive|Time left: 300 sec this turn | 300 sec total\n|\n|t:|1783549748\n|move|p1a: Gyarados|Temper Flare|p2a: Smeargle\n|-damage|p2a: Smeargle|0 fnt\n|faint|p2a: Smeargle\n|\n|win|p0x9113e40", "uploadtime": 1783549748, "views": 0, "rating": 0, "private": 0, "password": null, "_winner": "p0x9113e40", "_our_name": "p0y911c129"}