{"id": "battle-gen9randombattle-775", "formatid": "gen9randombattle", "format": "[Gen 9] Random Battle", "players": ["p0x775f841", "p0y775e95b"], "log": "|init|battle\n|title|p0x775f841 vs. p0y775e95b\n|j|\u2606p0x775f841\n|j|\u2606p0y775e95b\n|t:|1783548866\n|gametype|singles\n|player|p1|p0x775f841|1|\n|player|p2|p0y775e95b|265|\n|gen|9\n|tier|[Gen 9] Random Battle\n|rule|Species Clause: Limit one of each Pok\u00e9mon\n|rule|HP Percentage Mod: HP is shown in percentages\n|rule|Sleep Clause Mod: Limit one foe put to sleep\n|rule|Illusion Level Mod: Illusion disguises the Pok\u00e9mon's true level\n|\n|t:|1783548866\n|teamsize|p1|6\n|teamsize|p2|6\n|start\n|switch|p1a: Inteleon|Inteleon, L81, M|246/246\n|switch|p2a: Furret|Furret, L94, M|100/100\n|-item|p1a: Inteleon|Choice Specs|[from] ability: Frisk|[of] p2a: Furret\n|turn|1\n|inactive|Battle timer is ON: inactive players will automatically lose when time's up. (requested by p0y775e95b)\n|inactive|Time left: 300 sec this turn | 300 sec total | 60 sec grace\n|inactive|p0x775f841 also wants the timer to be on.\n|\n|t:|1783548867\n|move|p1a: Inteleon|Scald|p2a: Furret\n|-damage|p2a: Furret|43/100\n|-status|p2a: Furret|brn\n|move|p2a: Furret|Double-Edge|p1a: Inteleon\n|-damage|p1a: Inteleon|129/246\n|-damage|p2a: Furret|30/100 brn|[from] Recoil\n|\n|-damage|p2a: Furret|24/100 brn|[from] brn\n|upkeep\n|turn|2\n|inactive|Time left: 300 sec this turn | 300 sec total\n|\n|t:|1783548868\n|move|p1a: Inteleon|Scald|p2a: Furret\n|-damage|p2a: Furret|0 fnt\n|faint|p2a: Furret\n|\n|upkeep\n|\n|t:|1783548869\n|switch|p2a: Alcremie|Alcremie, L90, F|100/100\n|turn|3\n|inactive|Time left: 300 sec this turn | 300 sec total\n|\n|t:|1783548870\n|move|p1a: Inteleon|Scald|p2a: Alcremie\n|-damage|p2a: Alcremie|61/100\n|move|p2a: Alcremie|Alluring Voice|p1a: Inteleon\n|-damage|p1a: Inteleon|0 fnt\n|faint|p1a: Inteleon\n|\n|-heal|p2a: Alcremie|67/100|[from] item: Leftovers\n|upkeep\n|inactive|Time left: 300 sec this turn | 300 sec total | 5 sec grace\n|\n|t:|1783548871\n|switch|p1a: Mewtwo|Mewtwo, L72|272/272\n|-ability|p1a: Mewtwo|Pressure\n|turn|4\n|inactive|Time left: 300 sec this turn | 300 sec total\n|\n|t:|1783548872\n|move|p1a: Mewtwo|Nasty Plot|p1a: Mewtwo\n|-boost|p1a: Mewtwo|spa|2\n|move|p2a: Alcremie|Alluring Voice|p1a: Mewtwo\n|-damage|p1a: Mewtwo|137/272\n|-start|p1a: Mewtwo|confusion\n|\n|-heal|p2a: Alcremie|73/100|[from] item: Leftovers\n|upkeep\n|turn|5\n|inactive|Time left: 300 sec this turn | 300 sec total\n|\n|t:|1783548874\n|-activate|p1a: Mewtwo|confusion\n|move|p1a: Mewtwo|Psystrike|p2a: Alcremie\n|-damage|p2a: Alcremie|0 fnt\n|faint|p2a: Alcremie\n|-damage|p1a: Mewtwo|110/272|[from] item: Life Orb\n|\n|upkeep\n|\n|t:|1783548875\n|switch|p2a: Moltres|Moltres-Galar, L79|100/100\n|turn|6\n|inactive|Time left: 300 sec this turn | 300 sec total\n|\n|t:|1783548876\n|switch|p1a: Incineroar|Incineroar, L82, M|290/290\n|-ability|p1a: Incineroar|Intimidate|boost\n|-unboost|p2a: Moltres|atk|1\n|move|p2a: Moltres|Fiery Wrath|p1a: Incineroar\n|-resisted|p1a: Incineroar\n|-damage|p1a: Incineroar|259/290\n|\n|upkeep\n|turn|7\n|inactive|Time left: 300 sec this turn | 300 sec total\n|\n|t:|1783548877\n|move|p2a: Moltres|Hurricane|p1a: Incineroar\n|-damage|p1a: Incineroar|190/290\n|move|p1a: Incineroar|Knock Off|p2a: Moltres\n|-resisted|p2a: Moltres\n|-damage|p2a: Moltres|81/100\n|-enditem|p2a: Moltres|Chesto Berry|[from] move: Knock Off|[of] p1a: Incineroar\n|\n|upkeep\n|turn|8\n|inactive|Time left: 300 sec this turn | 300 sec total\n|\n|t:|1783548878\n|move|p2a: Moltres|Nasty Plot|p2a: Moltres\n|-boost|p2a: Moltres|spa|2\n|move|p1a: Incineroar|U-turn|p2a: Moltres\n|-damage|p2a: Moltres|61/100\n|inactive|Time left: 300 sec this turn | 300 sec total | 5 sec grace\n|\n|t:|1783548879\n|switch|p1a: Espeon|Espeon, L84, M|246/246|[from] U-turn\n|\n|upkeep\n|turn|9\n|inactive|Time left: 300 sec this turn | 300 sec total\n|\n|t:|1783548880\n|-terastallize|p1a: Espeon|Fairy\n|move|p1a: Espeon|Alluring Voice|p2a: Moltres\n|-supereffective|p2a: Moltres\n|-damage|p2a: Moltres|0 fnt\n|faint|p2a: Moltres\n|-damage|p1a: Espeon|222/246|[from] item: Life Orb\n|\n|upkeep\n|\n|t:|1783548882\n|switch|p2a: Perrserker|Perrserker, L89, M|100/100\n|turn|10\n|inactive|Time left: 300 sec this turn | 300 sec total\n|\n|t:|1783548883\n|switch|p1a: Incineroar|Incineroar, L82, M|190/290\n|-ability|p1a: Incineroar|Intimidate|boost\n|-unboost|p2a: Perrserker|atk|1\n|move|p2a: Perrserker|Iron Head|p1a: Incineroar\n|-resisted|p1a: Incineroar\n|-damage|p1a: Incineroar|132/290\n|-damage|p2a: Perrserker|91/100|[from] item: Life Orb\n|\n|upkeep\n|turn|11\n|inactive|Time left: 300 sec this turn | 300 sec total\n|\n|t:|1783548884\n|switch|p2a: Dialga|Dialga, L73|100/100\n|-ability|p2a: Dialga|Pressure\n|move|p1a: Incineroar|Overheat|p2a: Dialga\n|-damage|p2a: Dialga|72/100\n|-unboost|p1a: Incineroar|spa|2\n|\n|upkeep\n|turn|12\n|inactive|Time left: 300 sec this turn | 300 sec total\n|\n|t:|1783548885\n|move|p2a: Dialga|Heavy Slam|p1a: Incineroar\n|-resisted|p1a: Incineroar\n|-damage|p1a: Incineroar|75/290\n|move|p1a: Incineroar|Knock Off|p2a: Dialga\n|-damage|p2a: Dialga|31/100\n|-enditem|p2a: Dialga|Assault Vest|[from] move: Knock Off|[of] p1a: Incineroar\n|\n|upkeep\n|turn|13\n|inactive|Time left: 300 sec this turn | 300 sec total\n|\n|t:|1783548886\n|switch|p1a: Giratina|Giratina, L75|349/349\n|-ability|p1a: Giratina|Pressure\n|move|p2a: Dialga|Heavy Slam|p1a: Giratina\n|-damage|p1a: Giratina|316/349\n|\n|-heal|p1a: Giratina|337/349|[from] item: Leftovers\n|upkeep\n|turn|14\n|inactive|Time left: 300 sec this turn | 300 sec total\n|\n|t:|1783548887\n|move|p1a: Giratina|Will-O-Wisp|p2a: Dialga\n|-status|p2a: Dialga|brn\n|move|p2a: Dialga|Draco Meteor|p1a: Giratina\n|-supereffective|p1a: Giratina\n|-damage|p1a: Giratina|77/349\n|-unboost|p2a: Dialga|spa|2\n|\n|-heal|p1a: Giratina|98/349|[from] item: Leftovers\n|-damage|p2a: Dialga|25/100 brn|[from] brn\n|upkeep\n|turn|15\n|inactive|Time left: 300 sec this turn | 300 sec total\n|\n|t:|1783548888\n|switch|p2a: Venomoth|Venomoth, L84, F|100/100\n|move|p1a: Giratina|Rest|p1a: Giratina\n|-status|p1a: Giratina|slp|[from] move: Rest\n|-heal|p1a: Giratina|349/349 slp|[silent]\n|\n|upkeep\n|turn|16\n|inactive|Time left: 300 sec this turn | 300 sec total\n|\n|t:|1783548889\n|move|p2a: Venomoth|Quiver Dance|p2a: Venomoth\n|-boost|p2a: Venomoth|spa|1\n|-boost|p2a: Venomoth|spd|1\n|-boost|p2a: Venomoth|spe|1\n|cant|p1a: Giratina|slp\n|move|p1a: Giratina|Sleep Talk|p1a: Giratina\n|move|p1a: Giratina|Rest||[from] move: Sleep Talk|[still]\n|-fail|p1a: Giratina\n|\n|upkeep\n|turn|17\n|inactive|Time left: 300 sec this turn | 300 sec total\n|\n|t:|1783548890\n|move|p2a: Venomoth|Quiver Dance|p2a: Venomoth\n|-boost|p2a: Venomoth|spa|1\n|-boost|p2a: Venomoth|spd|1\n|-boost|p2a: Venomoth|spe|1\n|cant|p1a: Giratina|slp\n|move|p1a: Giratina|Sleep Talk|p1a: Giratina\n|move|p1a: Giratina|Will-O-Wisp|p2a: Venomoth|[from] move: Sleep Talk\n|-status|p2a: Venomoth|brn\n|\n|-damage|p2a: Venomoth|95/100 brn|[from] brn\n|upkeep\n|turn|18\n|inactive|Time left: 300 sec this turn | 300 sec total\n|\n|t:|1783548891\n|move|p2a: Venomoth|Quiver Dance|p2a: Venomoth\n|-boost|p2a: Venomoth|spa|1\n|-boost|p2a: Venomoth|spd|1\n|-boost|p2a: Venomoth|spe|1\n|-curestatus|p1a: Giratina|slp|[msg]\n|move|p1a: Giratina|Shadow Ball|p2a: Venomoth\n|-damage|p2a: Venomoth|82/100 brn\n|-unboost|p2a: Venomoth|spd|1\n|\n|-damage|p2a: Venomoth|76/100 brn|[from] brn\n|upkeep\n|turn|19\n|inactive|Time left: 300 sec this turn | 300 sec total\n|\n|t:|1783548893\n|move|p2a: Venomoth|Sludge Wave|p1a: Giratina\n|-resisted|p1a: Giratina\n|-damage|p1a: Giratina|147/349\n|-status|p1a: Giratina|psn\n|move|p1a: Giratina|Rest|p1a: Giratina\n|-status|p1a: Giratina|slp|[from] move: Rest\n|-heal|p1a: Giratina|349/349 slp|[silent]\n|\n|-damage|p2a: Venomoth|70/100 brn|[from] brn\n|upkeep\n|turn|20\n|inactive|Time left: 300 sec this turn | 300 sec total\n|\n|t:|1783548894\n|switch|p1a: Incineroar|Incineroar, L82, M|75/290\n|-ability|p1a: Incineroar|Intimidate|boost\n|-unboost|p2a: Venomoth|atk|1\n|move|p2a: Venomoth|Sludge Wave|p1a: Incineroar\n|-damage|p1a: Incineroar|0 fnt\n|faint|p1a: Incineroar\n|\n|-damage|p2a: Venomoth|64/100 brn|[from] brn\n|upkeep\n|inactive|Time left: 300 sec this turn | 300 sec total | 5 sec grace\n|\n|t:|1783548895\n|switch|p1a: Mandibuzz|Mandibuzz, L85, F|326/326\n|turn|21\n|inactive|Time left: 300 sec this turn | 300 sec total\n|\n|t:|1783548896\n|move|p2a: Venomoth|Sludge Wave|p1a: Mandibuzz\n|-damage|p1a: Mandibuzz|112/326\n|move|p1a: Mandibuzz|Roost|p1a: Mandibuzz\n|-heal|p1a: Mandibuzz|275/326\n|-singleturn|p1a: Mandibuzz|move: Roost\n|\n|-damage|p2a: Venomoth|58/100 brn|[from] brn\n|upkeep\n|turn|22\n|inactive|Time left: 300 sec this turn | 300 sec total\n|\n|t:|1783548897\n|-terastallize|p2a: Venomoth|Bug\n|move|p2a: Venomoth|Bug Buzz|p1a: Mandibuzz\n|-damage|p1a: Mandibuzz|19/326\n|move|p1a: Mandibuzz|Foul Play|p2a: Venomoth\n|-damage|p2a: Venomoth|39/100 brn\n|\n|-damage|p2a: Venomoth|33/100 brn|[from] brn\n|upkeep\n|turn|23\n|inactive|Time left: 300 sec this turn | 300 sec total\n|\n|t:|1783548898\n|move|p2a: Venomoth|Sludge Wave|p1a: Mandibuzz\n|-damage|p1a: Mandibuzz|0 fnt\n|faint|p1a: Mandibuzz\n|\n|-damage|p2a: Venomoth|27/100 brn|[from] brn\n|upkeep\n|inactive|Time left: 300 sec this turn | 300 sec total | 5 sec grace\n|\n|t:|1783548899\n|switch|p1a: Giratina|Giratina, L75|349/349 slp\n|-ability|p1a: Giratina|Pressure\n|turn|24\n|inactive|Time left: 300 sec this turn | 300 sec total\n|\n|t:|1783548900\n|move|p2a: Venomoth|Sludge Wave|p1a: Giratina\n|-resisted|p1a: Giratina\n|-damage|p1a: Giratina|143/349 slp\n|cant|p1a: Giratina|slp\n|move|p1a: Giratina|Sleep Talk|p1a: Giratina\n|move|p1a: Giratina|Rest||[from] move: Sleep Talk|[still]\n|-fail|p1a: Giratina\n|\n|-heal|p1a: Giratina|164/349 slp|[from] item: Leftovers\n|-damage|p2a: Venomoth|21/100 brn|[from] brn\n|upkeep\n|turn|25\n|inactive|Time left: 300 sec this turn | 300 sec total\n|\n|t:|1783548901\n|move|p2a: Venomoth|Sludge Wave|p1a: Giratina\n|-resisted|p1a: Giratina\n|-damage|p1a: Giratina|0 fnt\n|faint|p1a: Giratina\n|\n|-damage|p2a: Venomoth|15/100 brn|[from] brn\n|upkeep\n|inactive|Time left: 300 sec this turn | 300 sec total | 5 sec grace\n|\n|t:|1783548901\n|switch|p1a: Mewtwo|Mewtwo, L72|110/272\n|-ability|p1a: Mewtwo|Pressure\n|turn|26\n|inactive|Time left: 300 sec this turn | 300 sec total\n|\n|t:|1783548902\n|move|p2a: Venomoth|Sludge Wave|p1a: Mewtwo\n|-damage|p1a: Mewtwo|0 fnt\n|faint|p1a: Mewtwo\n|\n|-damage|p2a: Venomoth|10/100 brn|[from] brn\n|upkeep\n|inactive|Time left: 300 sec this turn | 300 sec total | 5 sec grace\n|\n|t:|1783548903\n|switch|p1a: Espeon|Espeon, L84, M, tera:Fairy|222/246\n|turn|27\n|inactive|Time left: 300 sec this turn | 300 sec total\n|\n|t:|1783548903\n|move|p2a: Venomoth|Sludge Wave|p1a: Espeon\n|-supereffective|p1a: Espeon\n|-damage|p1a: Espeon|0 fnt\n|faint|p1a: Espeon\n|\n|win|p0y775e95b", "uploadtime": 1783548903, "views": 0, "rating": 0, "private": 0, "password": null, "_winner": "p0y775e95b", "_our_name": "p0x775f841"}