{"id": "battle-gen9randombattle-2796", "formatid": "gen9randombattle", "format": "[Gen 9] Random Battle", "players": ["p0x2796b84b", "p0y2796fb4e"], "log": "|init|battle\n|title|p0x2796b84b vs. p0y2796fb4e\n|j|\u2606p0x2796b84b\n|j|\u2606p0y2796fb4e\n|t:|1783572220\n|gametype|singles\n|player|p1|p0x2796b84b|265|\n|player|p2|p0y2796fb4e|265|\n|gen|9\n|tier|[Gen 9] Random Battle\n|rule|Species Clause: Limit one of each Pok\u00e9mon\n|rule|HP Percentage Mod: HP is shown in percentages\n|rule|Sleep Clause Mod: Limit one foe put to sleep\n|rule|Illusion Level Mod: Illusion disguises the Pok\u00e9mon's true level\n|\n|t:|1783572220\n|teamsize|p1|6\n|teamsize|p2|6\n|start\n|switch|p1a: Armarouge|Armarouge, L80, F|267/267\n|switch|p2a: Latios|Latios, L78, M|100/100\n|turn|1\n|inactive|Battle timer is ON: inactive players will automatically lose when time's up. (requested by p0x2796b84b)\n|\n|t:|1783572221\n|move|p2a: Latios|Calm Mind|p2a: Latios\n|-boost|p2a: Latios|spa|1\n|-boost|p2a: Latios|spd|1\n|move|p1a: Armarouge|Meteor Beam||[still]\n|-prepare|p1a: Armarouge|Meteor Beam\n|-boost|p1a: Armarouge|spa|1\n|-enditem|p1a: Armarouge|Power Herb\n|-anim|p1a: Armarouge|Meteor Beam|p2a: Latios\n|-damage|p2a: Latios|67/100\n|\n|upkeep\n|turn|2\n|inactive|Time left: 300 sec this turn | 300 sec total\n|inactive|p0y2796fb4e also wants the timer to be on.\n|\n|t:|1783572222\n|switch|p1a: Solgaleo|Solgaleo, L74|325/325\n|move|p2a: Latios|Draco Meteor|p1a: Solgaleo\n|-resisted|p1a: Solgaleo\n|-damage|p1a: Solgaleo|175/325\n|-unboost|p2a: Latios|spa|2\n|\n|-heal|p1a: Solgaleo|195/325|[from] item: Leftovers\n|upkeep\n|turn|3\n|inactive|Time left: 300 sec this turn | 300 sec total\n|\n|t:|1783572223\n|switch|p2a: Kyogre|Kyogre, L71|100/100\n|-weather|RainDance|[from] ability: Drizzle|[of] p2a: Kyogre\n|move|p1a: Solgaleo|Sunsteel Strike|p2a: Kyogre\n|-resisted|p2a: Kyogre\n|-damage|p2a: Kyogre|78/100\n|\n|-weather|RainDance|[upkeep]\n|-heal|p1a: Solgaleo|215/325|[from] item: Leftovers\n|upkeep\n|turn|4\n|inactive|Time left: 300 sec this turn | 300 sec total\n|\n|t:|1783572224\n|-terastallize|p1a: Solgaleo|Water\n|move|p2a: Kyogre|Water Spout|p1a: Solgaleo\n|-resisted|p1a: Solgaleo\n|-damage|p1a: Solgaleo|116/325\n|move|p1a: Solgaleo|Psychic Fangs|p2a: Kyogre\n|-damage|p2a: Kyogre|37/100\n|\n|-weather|RainDance|[upkeep]\n|-heal|p1a: Solgaleo|136/325|[from] item: Leftovers\n|upkeep\n|turn|5\n|inactive|Time left: 300 sec this turn | 300 sec total\n|\n|t:|1783572225\n|switch|p2a: Hydreigon|Hydreigon, L79, M|100/100\n|move|p1a: Solgaleo|Psychic Fangs|p2a: Hydreigon\n|-immune|p2a: Hydreigon\n|\n|-weather|RainDance|[upkeep]\n|-heal|p1a: Solgaleo|156/325|[from] item: Leftovers\n|upkeep\n|turn|6\n|inactive|Time left: 300 sec this turn | 300 sec total\n|\n|t:|1783572226\n|move|p2a: Hydreigon|Draco Meteor|p1a: Solgaleo\n|-damage|p1a: Solgaleo|0 fnt\n|-unboost|p2a: Hydreigon|spa|2\n|faint|p1a: Solgaleo\n|\n|-weather|RainDance|[upkeep]\n|upkeep\n|inactive|Time left: 300 sec this turn | 300 sec total | 5 sec grace\n|\n|t:|1783572227\n|switch|p1a: Smeargle|Smeargle, L95, F|258/258\n|turn|7\n|inactive|Time left: 300 sec this turn | 300 sec total\n|\n|t:|1783572228\n|move|p2a: Hydreigon|Draco Meteor|p1a: Smeargle\n|-damage|p1a: Smeargle|114/258\n|-unboost|p2a: Hydreigon|spa|2\n|move|p1a: Smeargle|Shell Smash|p1a: Smeargle\n|-unboost|p1a: Smeargle|def|1\n|-unboost|p1a: Smeargle|spd|1\n|-boost|p1a: Smeargle|atk|2\n|-boost|p1a: Smeargle|spa|2\n|-boost|p1a: Smeargle|spe|2\n|\n|-weather|none\n|upkeep\n|turn|8\n|inactive|Time left: 300 sec this turn | 300 sec total\n|\n|t:|1783572229\n|move|p1a: Smeargle|Population Bomb|p2a: Hydreigon\n|-damage|p2a: Hydreigon|87/100\n|-crit|p2a: Hydreigon\n|-damage|p2a: Hydreigon|69/100\n|-damage|p2a: Hydreigon|58/100\n|-damage|p2a: Hydreigon|45/100\n|-damage|p2a: Hydreigon|34/100\n|-damage|p2a: Hydreigon|21/100\n|-damage|p2a: Hydreigon|7/100\n|-damage|p2a: Hydreigon|0 fnt\n|faint|p2a: Hydreigon\n|-hitcount|p2: Hydreigon|8\n|\n|upkeep\n|\n|t:|1783572230\n|switch|p2a: Okidogi|Okidogi, L77, M|100/100\n|turn|9\n|inactive|Time left: 300 sec this turn | 300 sec total\n|\n|t:|1783572231\n|move|p1a: Smeargle|Spore|p2a: Okidogi\n|-status|p2a: Okidogi|slp|[from] move: Spore\n|cant|p2a: Okidogi|slp\n|\n|upkeep\n|turn|10\n|inactive|Time left: 300 sec this turn | 300 sec total\n|\n|t:|1783572232\n|move|p1a: Smeargle|Population Bomb|p2a: Okidogi\n|-damage|p2a: Okidogi|90/100 slp\n|-damage|p2a: Okidogi|79/100 slp\n|-damage|p2a: Okidogi|68/100 slp\n|-crit|p2a: Okidogi\n|-damage|p2a: Okidogi|51/100 slp\n|-damage|p2a: Okidogi|41/100 slp\n|-damage|p2a: Okidogi|30/100 slp\n|-damage|p2a: Okidogi|20/100 slp\n|-damage|p2a: Okidogi|8/100 slp\n|-damage|p2a: Okidogi|0 fnt\n|faint|p2a: Okidogi\n|-hitcount|p2: Okidogi|9\n|\n|upkeep\n|\n|t:|1783572233\n|switch|p2a: Latios|Latios, L78, M|67/100\n|turn|11\n|inactive|Time left: 300 sec this turn | 300 sec total\n|\n|t:|1783572234\n|-terastallize|p2a: Latios|Steel\n|move|p1a: Smeargle|Spore|p2a: Latios\n|-status|p2a: Latios|slp|[from] move: Spore\n|cant|p2a: Latios|slp\n|\n|upkeep\n|turn|12\n|inactive|Time left: 300 sec this turn | 300 sec total\n|\n|t:|1783572235\n|move|p1a: Smeargle|Power Trip|p2a: Latios\n|-damage|p2a: Latios|24/100 slp\n|cant|p2a: Latios|slp\n|\n|upkeep\n|turn|13\n|inactive|Time left: 300 sec this turn | 300 sec total\n|\n|t:|1783572236\n|move|p1a: Smeargle|Population Bomb|p2a: Latios\n|-resisted|p2a: Latios\n|-damage|p2a: Latios|17/100 slp\n|-resisted|p2a: Latios\n|-damage|p2a: Latios|10/100 slp\n|-resisted|p2a: Latios\n|-damage|p2a: Latios|3/100 slp\n|-resisted|p2a: Latios\n|-damage|p2a: Latios|0 fnt\n|faint|p2a: Latios\n|-hitcount|p2: Latios|4\n|\n|upkeep\n|\n|t:|1783572237\n|switch|p2a: Kyogre|Kyogre, L71|37/100\n|-weather|RainDance|[from] ability: Drizzle|[of] p2a: Kyogre\n|turn|14\n|inactive|Time left: 300 sec this turn | 300 sec total\n|\n|t:|1783572238\n|move|p1a: Smeargle|Power Trip|p2a: Kyogre\n|-damage|p2a: Kyogre|0 fnt\n|faint|p2a: Kyogre\n|\n|-weather|RainDance|[upkeep]\n|upkeep\n|\n|t:|1783572239\n|switch|p2a: Toxtricity|Toxtricity, L82, F|100/100\n|turn|15\n|inactive|Time left: 300 sec this turn | 300 sec total\n|\n|t:|1783572240\n|move|p1a: Smeargle|Population Bomb|p2a: Toxtricity\n|-damage|p2a: Toxtricity|85/100\n|-damage|p2a: Toxtricity|70/100\n|-damage|p2a: Toxtricity|55/100\n|-damage|p2a: Toxtricity|39/100\n|-damage|p2a: Toxtricity|24/100\n|-damage|p2a: Toxtricity|9/100\n|-damage|p2a: Toxtricity|0 fnt\n|faint|p2a: Toxtricity\n|-hitcount|p2: Toxtricity|7\n|\n|-weather|RainDance|[upkeep]\n|upkeep\n|\n|t:|1783572241\n|switch|p2a: Clawitzer|Clawitzer, L87, F|100/100\n|turn|16\n|inactive|Time left: 300 sec this turn | 300 sec total\n|\n|t:|1783572242\n|move|p1a: Smeargle|Population Bomb|p2a: Clawitzer\n|-damage|p2a: Clawitzer|88/100\n|-damage|p2a: Clawitzer|76/100\n|-damage|p2a: Clawitzer|65/100\n|-damage|p2a: Clawitzer|52/100\n|-damage|p2a: Clawitzer|40/100\n|-damage|p2a: Clawitzer|28/100\n|-damage|p2a: Clawitzer|17/100\n|-damage|p2a: Clawitzer|5/100\n|-damage|p2a: Clawitzer|0 fnt\n|faint|p2a: Clawitzer\n|-hitcount|p2: Clawitzer|9\n|\n|win|p0x2796b84b", "uploadtime": 1783572242, "views": 0, "rating": 0, "private": 0, "password": null, "_winner": "p0x2796b84b", "_our_name": "p0x2796b84b"}