{"id": "battle-gen9randombattle-1707", "formatid": "gen9randombattle", "format": "[Gen 9] Random Battle", "players": ["p0x1707c44e", "p0y1707107d"], "log": "|init|battle\n|title|p0x1707c44e vs. p0y1707107d\n|j|\u2606p0x1707c44e\n|j|\u2606p0y1707107d\n|t:|1783559787\n|gametype|singles\n|player|p1|p0x1707c44e|1|\n|player|p2|p0y1707107d|169|\n|gen|9\n|tier|[Gen 9] Random Battle\n|rule|Species Clause: Limit one of each Pok\u00e9mon\n|rule|HP Percentage Mod: HP is shown in percentages\n|rule|Sleep Clause Mod: Limit one foe put to sleep\n|rule|Illusion Level Mod: Illusion disguises the Pok\u00e9mon's true level\n|\n|t:|1783559787\n|teamsize|p1|6\n|teamsize|p2|6\n|start\n|switch|p1a: Mew|Mew, L82|298/298\n|switch|p2a: Cramorant|Cramorant, L86, F|100/100\n|turn|1\n|inactive|Battle timer is ON: inactive players will automatically lose when time's up. (requested by p0y1707107d)\n|inactive|Time left: 300 sec this turn | 300 sec total | 60 sec grace\n|inactive|p0x1707c44e also wants the timer to be on.\n|\n|t:|1783559789\n|move|p1a: Mew|Swords Dance|p1a: Mew\n|-boost|p1a: Mew|atk|2\n|move|p2a: Cramorant|Surf|p1a: Mew\n|-formechange|p2a: Cramorant|Cramorant-Gulping|\n|-damage|p1a: Mew|208/298\n|\n|upkeep\n|turn|2\n|inactive|Time left: 300 sec this turn | 300 sec total\n|\n|t:|1783559790\n|switch|p2a: Spiritomb|Spiritomb, L89, M|100/100\n|move|p1a: Mew|Psychic Fangs|p2a: Spiritomb\n|-immune|p2a: Spiritomb\n|\n|upkeep\n|turn|3\n|inactive|Time left: 300 sec this turn | 300 sec total\n|\n|t:|1783559791\n|-terastallize|p1a: Mew|Fighting\n|move|p1a: Mew|Leech Life|p2a: Spiritomb\n|-crit|p2a: Spiritomb\n|-damage|p2a: Spiritomb|21/100\n|-heal|p1a: Mew|298/298|[from] drain|[of] p2a: Spiritomb\n|-damage|p1a: Mew|269/298|[from] item: Life Orb\n|move|p2a: Spiritomb|Poltergeist|p1a: Mew\n|-activate|p1a: Mew|move: Poltergeist|Life Orb\n|-damage|p1a: Mew|143/298\n|\n|-heal|p2a: Spiritomb|27/100|[from] item: Leftovers\n|upkeep\n|turn|4\n|inactive|Time left: 300 sec this turn | 300 sec total\n|\n|t:|1783559792\n|-terastallize|p2a: Spiritomb|Ghost\n|move|p1a: Mew|Leech Life|p2a: Spiritomb\n|-resisted|p2a: Spiritomb\n|-damage|p2a: Spiritomb|3/100\n|-heal|p1a: Mew|171/298|[from] drain|[of] p2a: Spiritomb\n|-damage|p1a: Mew|142/298|[from] item: Life Orb\n|move|p2a: Spiritomb|Poltergeist|p1a: Mew\n|-activate|p1a: Mew|move: Poltergeist|Life Orb\n|-damage|p1a: Mew|0 fnt\n|faint|p1a: Mew\n|\n|-heal|p2a: Spiritomb|9/100|[from] item: Leftovers\n|upkeep\n|inactive|Time left: 300 sec this turn | 300 sec total | 5 sec grace\n|\n|t:|1783559793\n|switch|p1a: Falinks|Falinks, L84|246/246\n|turn|5\n|inactive|Time left: 300 sec this turn | 300 sec total\n|\n|t:|1783559794\n|move|p1a: Falinks|No Retreat|p1a: Falinks\n|-boost|p1a: Falinks|atk|1\n|-boost|p1a: Falinks|def|1\n|-boost|p1a: Falinks|spa|1\n|-boost|p1a: Falinks|spd|1\n|-boost|p1a: Falinks|spe|1\n|-start|p1a: Falinks|move: No Retreat\n|move|p2a: Spiritomb|Will-O-Wisp|p1a: Falinks\n|-status|p1a: Falinks|brn\n|\n|-heal|p2a: Spiritomb|15/100|[from] item: Leftovers\n|-damage|p1a: Falinks|231/246 brn|[from] brn\n|upkeep\n|turn|6\n|inactive|Time left: 300 sec this turn | 300 sec total\n|\n|t:|1783559795\n|switch|p2a: Cramorant|Cramorant, L86, F|100/100\n|move|p1a: Falinks|Knock Off|p2a: Cramorant\n|-crit|p2a: Cramorant\n|-damage|p2a: Cramorant|47/100\n|-enditem|p2a: Cramorant|Heavy-Duty Boots|[from] move: Knock Off|[of] p1a: Falinks\n|-damage|p1a: Falinks|207/246 brn|[from] item: Life Orb\n|\n|-damage|p1a: Falinks|192/246 brn|[from] brn\n|upkeep\n|turn|7\n|inactive|Time left: 300 sec this turn | 300 sec total\n|\n|t:|1783559796\n|move|p1a: Falinks|Iron Head|p2a: Cramorant\n|-resisted|p2a: Cramorant\n|-damage|p2a: Cramorant|32/100\n|-damage|p1a: Falinks|168/246 brn|[from] item: Life Orb\n|move|p2a: Cramorant|Brave Bird|p1a: Falinks\n|-supereffective|p1a: Falinks\n|-damage|p1a: Falinks|16/246 brn\n|-damage|p2a: Cramorant|13/100|[from] Recoil\n|\n|-damage|p1a: Falinks|1/246 brn|[from] brn\n|upkeep\n|turn|8\n|inactive|Time left: 300 sec this turn | 300 sec total\n|\n|t:|1783559797\n|switch|p2a: Ariados|Ariados, L95, F|100/100\n|move|p1a: Falinks|Knock Off|p2a: Ariados\n|-damage|p2a: Ariados|77/100\n|-enditem|p2a: Ariados|Heavy-Duty Boots|[from] move: Knock Off|[of] p1a: Falinks\n|-damage|p1a: Falinks|0 fnt|[from] item: Life Orb\n|faint|p1a: Falinks\n|\n|upkeep\n|inactive|Time left: 300 sec this turn | 300 sec total | 5 sec grace\n|\n|t:|1783559798\n|switch|p1a: Regirock|Regirock, L83|268/268\n|turn|9\n|inactive|Time left: 300 sec this turn | 300 sec total\n|\n|t:|1783559799\n|move|p1a: Regirock|Stone Edge|p2a: Ariados\n|-supereffective|p2a: Ariados\n|-damage|p2a: Ariados|0 fnt\n|faint|p2a: Ariados\n|\n|upkeep\n|\n|t:|1783559800\n|switch|p2a: Cramorant|Cramorant, L86, F|13/100\n|turn|10\n|inactive|Time left: 300 sec this turn | 300 sec total\n|\n|t:|1783559801\n|switch|p1a: Electivire|Electivire, L84, M|263/263\n|move|p2a: Cramorant|Surf|p1a: Electivire\n|-formechange|p2a: Cramorant|Cramorant-Gorging|\n|-damage|p1a: Electivire|178/263\n|\n|upkeep\n|turn|11\n|inactive|Time left: 300 sec this turn | 300 sec total\n|\n|t:|1783559802\n|move|p1a: Electivire|Ice Punch|p2a: Cramorant\n|-damage|p2a: Cramorant|0 fnt\n|-damage|p1a: Electivire|113/263|[from] ability: Gulp Missile|[of] p2a: Cramorant\n|-formechange|p2a: Cramorant|Cramorant|\n|faint|p2a: Cramorant\n|-damage|p1a: Electivire|87/263|[from] item: Life Orb\n|\n|upkeep\n|\n|t:|1783559803\n|switch|p2a: Giratina|Giratina, L75|100/100\n|-ability|p2a: Giratina|Pressure\n|turn|12\n|inactive|Time left: 300 sec this turn | 300 sec total\n|\n|t:|1783559804\n|switch|p1a: Clefable|Clefable, L83, M|293/293\n|move|p2a: Giratina|Dragon Pulse|p1a: Clefable\n|-immune|p1a: Clefable\n|\n|upkeep\n|turn|13\n|inactive|Time left: 300 sec this turn | 300 sec total\n|\n|t:|1783559805\n|switch|p2a: Excadrill|Excadrill, L79, F|100/100\n|-ability|p2a: Excadrill|Mold Breaker\n|move|p1a: Clefable|Moonblast|p2a: Excadrill\n|-resisted|p2a: Excadrill\n|-damage|p2a: Excadrill|71/100\n|\n|-heal|p2a: Excadrill|77/100|[from] item: Leftovers\n|upkeep\n|turn|14\n|inactive|Time left: 300 sec this turn | 300 sec total\n|\n|t:|1783559806\n|move|p2a: Excadrill|Iron Head|p1a: Clefable\n|-supereffective|p1a: Clefable\n|-damage|p1a: Clefable|57/293\n|move|p1a: Clefable|Fire Blast|p2a: Excadrill|[miss]\n|-miss|p1a: Clefable|p2a: Excadrill\n|\n|-heal|p2a: Excadrill|83/100|[from] item: Leftovers\n|upkeep\n|turn|15\n|inactive|Time left: 300 sec this turn | 300 sec total\n|\n|t:|1783559807\n|move|p2a: Excadrill|Earthquake|p1a: Clefable\n|-damage|p1a: Clefable|0 fnt\n|faint|p1a: Clefable\n|\n|-heal|p2a: Excadrill|89/100|[from] item: Leftovers\n|upkeep\n|inactive|Time left: 300 sec this turn | 300 sec total | 5 sec grace\n|\n|t:|1783559808\n|switch|p1a: Electivire|Electivire, L84, M|87/263\n|turn|16\n|inactive|Time left: 300 sec this turn | 300 sec total\n|\n|t:|1783559809\n|switch|p2a: Giratina|Giratina, L75|100/100\n|-ability|p2a: Giratina|Pressure\n|move|p1a: Electivire|Earthquake|p2a: Giratina\n|-damage|p2a: Giratina|75/100\n|-damage|p1a: Electivire|61/263|[from] item: Life Orb\n|\n|-heal|p2a: Giratina|81/100|[from] item: Leftovers\n|upkeep\n|turn|17\n|inactive|Time left: 300 sec this turn | 300 sec total\n|\n|t:|1783559810\n|move|p1a: Electivire|Ice Punch|p2a: Giratina\n|-supereffective|p2a: Giratina\n|-damage|p2a: Giratina|37/100\n|-damage|p1a: Electivire|35/263|[from] item: Life Orb\n|move|p2a: Giratina|Dragon Pulse|p1a: Electivire\n|-damage|p1a: Electivire|0 fnt\n|faint|p1a: Electivire\n|\n|-heal|p2a: Giratina|43/100|[from] item: Leftovers\n|upkeep\n|inactive|Time left: 300 sec this turn | 300 sec total | 5 sec grace\n|\n|t:|1783559811\n|switch|p1a: Regirock|Regirock, L83|268/268\n|turn|18\n|inactive|Time left: 300 sec this turn | 300 sec total\n|\n|t:|1783559812\n|move|p2a: Giratina|Calm Mind|p2a: Giratina\n|-boost|p2a: Giratina|spa|1\n|-boost|p2a: Giratina|spd|1\n|move|p1a: Regirock|Curse|p1a: Regirock\n|-unboost|p1a: Regirock|spe|1\n|-boost|p1a: Regirock|atk|1\n|-boost|p1a: Regirock|def|1\n|\n|-heal|p2a: Giratina|49/100|[from] item: Leftovers\n|upkeep\n|turn|19\n|inactive|Time left: 300 sec this turn | 300 sec total\n|\n|t:|1783559813\n|move|p2a: Giratina|Calm Mind|p2a: Giratina\n|-boost|p2a: Giratina|spa|1\n|-boost|p2a: Giratina|spd|1\n|move|p1a: Regirock|Stone Edge|p2a: Giratina|[miss]\n|-miss|p1a: Regirock|p2a: Giratina\n|\n|-heal|p2a: Giratina|56/100|[from] item: Leftovers\n|upkeep\n|turn|20\n|inactive|Time left: 300 sec this turn | 300 sec total\n|\n|t:|1783559814\n|move|p2a: Giratina|Dragon Pulse|p1a: Regirock\n|-damage|p1a: Regirock|120/268\n|move|p1a: Regirock|Rest|p1a: Regirock\n|-status|p1a: Regirock|slp|[from] move: Rest\n|-heal|p1a: Regirock|268/268 slp|[silent]\n|-enditem|p1a: Regirock|Chesto Berry|[eat]\n|-curestatus|p1a: Regirock|slp|[msg]\n|\n|-heal|p2a: Giratina|62/100|[from] item: Leftovers\n|upkeep\n|turn|21\n|inactive|Time left: 300 sec this turn | 300 sec total\n|\n|t:|1783559816\n|move|p2a: Giratina|Dragon Pulse|p1a: Regirock\n|-crit|p1a: Regirock\n|-damage|p1a: Regirock|61/268\n|move|p1a: Regirock|Stone Edge|p2a: Giratina\n|-damage|p2a: Giratina|19/100\n|\n|-heal|p2a: Giratina|25/100|[from] item: Leftovers\n|upkeep\n|turn|22\n|inactive|Time left: 300 sec this turn | 300 sec total\n|\n|t:|1783559817\n|switch|p1a: Orthworm|Orthworm, L88, M|266/266\n|move|p2a: Giratina|Dragon Pulse|p1a: Orthworm\n|-resisted|p1a: Orthworm\n|-damage|p1a: Orthworm|161/266\n|\n|-heal|p2a: Giratina|31/100|[from] item: Leftovers\n|-heal|p1a: Orthworm|177/266|[from] item: Leftovers\n|upkeep\n|turn|23\n|inactive|Time left: 300 sec this turn | 300 sec total\n|\n|t:|1783559818\n|move|p2a: Giratina|Dragon Pulse|p1a: Orthworm\n|-resisted|p1a: Orthworm\n|-damage|p1a: Orthworm|75/266\n|move|p1a: Orthworm|Spikes|p2a: Giratina\n|-sidestart|p2: p0y1707107d|Spikes\n|\n|-heal|p2a: Giratina|37/100|[from] item: Leftovers\n|-heal|p1a: Orthworm|91/266|[from] item: Leftovers\n|upkeep\n|turn|24\n|inactive|Time left: 300 sec this turn | 300 sec total\n|\n|t:|1783559819\n|switch|p1a: Regirock|Regirock, L83|61/268\n|move|p2a: Giratina|Dragon Pulse|p1a: Regirock\n|-damage|p1a: Regirock|0 fnt\n|faint|p1a: Regirock\n|\n|-heal|p2a: Giratina|43/100|[from] item: Leftovers\n|upkeep\n|inactive|Time left: 300 sec this turn | 300 sec total | 5 sec grace\n|\n|t:|1783559819\n|switch|p1a: Orthworm|Orthworm, L88, M|91/266\n|turn|25\n|inactive|Time left: 300 sec this turn | 300 sec total\n|\n|t:|1783559820\n|move|p2a: Giratina|Dragon Pulse|p1a: Orthworm\n|-resisted|p1a: Orthworm\n|-damage|p1a: Orthworm|0 fnt\n|faint|p1a: Orthworm\n|\n|win|p0y1707107d", "uploadtime": 1783559820, "views": 0, "rating": 0, "private": 0, "password": null, "_winner": "p0y1707107d", "_our_name": "p0x1707c44e"}