{"id": "battle-gen9randombattle-1555", "formatid": "gen9randombattle", "format": "[Gen 9] Random Battle", "players": ["p0x155518eb", "p0y1555b268"], "log": "|init|battle\n|title|p0x155518eb vs. p0y1555b268\n|j|\u2606p0x155518eb\n|j|\u2606p0y1555b268\n|t:|1783557202\n|gametype|singles\n|player|p1|p0x155518eb|265|\n|player|p2|p0y1555b268|2|\n|gen|9\n|tier|[Gen 9] Random Battle\n|rule|Species Clause: Limit one of each Pok\u00e9mon\n|rule|HP Percentage Mod: HP is shown in percentages\n|rule|Sleep Clause Mod: Limit one foe put to sleep\n|rule|Illusion Level Mod: Illusion disguises the Pok\u00e9mon's true level\n|\n|t:|1783557202\n|teamsize|p1|6\n|teamsize|p2|6\n|start\n|switch|p1a: Cramorant|Cramorant, L86, M|261/261\n|switch|p2a: Quaquaval|Quaquaval, L79, F|100/100\n|turn|1\n|inactive|Battle timer is ON: inactive players will automatically lose when time's up. (requested by p0x155518eb)\n|inactive|p0y1555b268 also wants the timer to be on.\n|\n|t:|1783557203\n|switch|p2a: Roaring Moon|Roaring Moon, L72|100/100\n|-enditem|p2a: Roaring Moon|Booster Energy\n|-activate|p2a: Roaring Moon|ability: Protosynthesis|[fromitem]\n|-start|p2a: Roaring Moon|protosynthesisatk\n|move|p1a: Cramorant|Brave Bird|p2a: Roaring Moon\n|-damage|p2a: Roaring Moon|37/100\n|-damage|p1a: Cramorant|204/261|[from] Recoil\n|\n|upkeep\n|turn|2\n|inactive|Time left: 300 sec this turn | 300 sec total\n|\n|t:|1783557204\n|switch|p1a: Zamazenta|Zamazenta-Crowned, L68|238/238\n|-ability|p1a: Zamazenta|Dauntless Shield|boost\n|-boost|p1a: Zamazenta|def|1\n|move|p2a: Roaring Moon|Outrage|p1a: Zamazenta\n|-resisted|p1a: Zamazenta\n|-damage|p1a: Zamazenta|195/238\n|\n|upkeep\n|turn|3\n|inactive|Time left: 300 sec this turn | 300 sec total\n|\n|t:|1783557206\n|move|p1a: Zamazenta|Body Press|p2a: Roaring Moon\n|-supereffective|p2a: Roaring Moon\n|-damage|p2a: Roaring Moon|0 fnt\n|faint|p2a: Roaring Moon\n|-end|p2a: Roaring Moon|Protosynthesis|[silent]\n|\n|upkeep\n|\n|t:|1783557207\n|switch|p2a: Mewtwo|Mewtwo, L72|100/100\n|-ability|p2a: Mewtwo|Unnerve\n|turn|4\n|inactive|Time left: 300 sec this turn | 300 sec total\n|\n|t:|1783557208\n|move|p2a: Mewtwo|Nasty Plot|p2a: Mewtwo\n|-boost|p2a: Mewtwo|spa|2\n|move|p1a: Zamazenta|Heavy Slam|p2a: Mewtwo\n|-damage|p2a: Mewtwo|56/100\n|\n|upkeep\n|turn|5\n|inactive|Time left: 300 sec this turn | 300 sec total\n|\n|t:|1783557209\n|switch|p1a: Farigiraf|Farigiraf, L90, M|362/362\n|move|p2a: Mewtwo|Fire Blast|p1a: Farigiraf\n|-damage|p1a: Farigiraf|120/362\n|-damage|p2a: Mewtwo|46/100|[from] item: Life Orb\n|\n|-heal|p1a: Farigiraf|142/362|[from] item: Leftovers\n|upkeep\n|turn|6\n|inactive|Time left: 300 sec this turn | 300 sec total\n|\n|t:|1783557210\n|move|p1a: Farigiraf|Protect|p1a: Farigiraf\n|-singleturn|p1a: Farigiraf|Protect\n|move|p2a: Mewtwo|Psystrike|p1a: Farigiraf\n|-activate|p1a: Farigiraf|move: Protect\n|\n|-heal|p1a: Farigiraf|164/362|[from] item: Leftovers\n|upkeep\n|turn|7\n|inactive|Time left: 300 sec this turn | 300 sec total\n|\n|t:|1783557211\n|move|p2a: Mewtwo|Dark Pulse|p1a: Farigiraf\n|-supereffective|p1a: Farigiraf\n|-damage|p1a: Farigiraf|0 fnt\n|faint|p1a: Farigiraf\n|-damage|p2a: Mewtwo|37/100|[from] item: Life Orb\n|\n|upkeep\n|inactive|Time left: 300 sec this turn | 300 sec total | 5 sec grace\n|\n|t:|1783557213\n|switch|p1a: Articuno|Articuno, L86|295/295\n|-ability|p1a: Articuno|Pressure\n|turn|8\n|inactive|Time left: 300 sec this turn | 300 sec total\n|\n|t:|1783557214\n|-terastallize|p1a: Articuno|Ground\n|move|p2a: Mewtwo|Fire Blast|p1a: Articuno|[miss]\n|-miss|p2a: Mewtwo|p1a: Articuno\n|move|p1a: Articuno|Brave Bird|p2a: Mewtwo\n|-damage|p2a: Mewtwo|0 fnt\n|faint|p2a: Mewtwo\n|-damage|p1a: Articuno|263/295|[from] Recoil\n|\n|upkeep\n|\n|t:|1783557215\n|switch|p2a: Metagross|Metagross, L79|100/100\n|turn|9\n|inactive|Time left: 300 sec this turn | 300 sec total\n|\n|t:|1783557216\n|move|p1a: Articuno|Freeze-Dry|p2a: Metagross\n|-resisted|p2a: Metagross\n|-damage|p2a: Metagross|85/100\n|move|p2a: Metagross|Heavy Slam|p1a: Articuno\n|-damage|p1a: Articuno|136/295\n|\n|-heal|p2a: Metagross|91/100|[from] item: Leftovers\n|upkeep\n|turn|10\n|inactive|Time left: 300 sec this turn | 300 sec total\n|\n|t:|1783557217\n|move|p1a: Articuno|Roost|p1a: Articuno\n|-heal|p1a: Articuno|284/295\n|move|p2a: Metagross|Heavy Slam|p1a: Articuno\n|-damage|p1a: Articuno|154/295\n|\n|-heal|p2a: Metagross|97/100|[from] item: Leftovers\n|upkeep\n|turn|11\n|inactive|Time left: 300 sec this turn | 300 sec total\n|\n|t:|1783557218\n|move|p1a: Articuno|Roost|p1a: Articuno\n|-heal|p1a: Articuno|295/295\n|move|p2a: Metagross|Heavy Slam|p1a: Articuno\n|-damage|p1a: Articuno|177/295\n|\n|-heal|p2a: Metagross|100/100|[from] item: Leftovers\n|upkeep\n|turn|12\n|inactive|Time left: 300 sec this turn | 300 sec total\n|\n|t:|1783557220\n|move|p1a: Articuno|Roost|p1a: Articuno\n|-heal|p1a: Articuno|295/295\n|move|p2a: Metagross|Heavy Slam|p1a: Articuno\n|-damage|p1a: Articuno|162/295\n|\n|upkeep\n|turn|13\n|inactive|Time left: 300 sec this turn | 300 sec total\n|\n|t:|1783557221\n|move|p1a: Articuno|Roost|p1a: Articuno\n|-heal|p1a: Articuno|295/295\n|move|p2a: Metagross|Psychic Fangs|p1a: Articuno\n|-damage|p1a: Articuno|207/295\n|\n|upkeep\n|turn|14\n|inactive|Time left: 300 sec this turn | 300 sec total\n|\n|t:|1783557222\n|move|p1a: Articuno|Roost|p1a: Articuno\n|-heal|p1a: Articuno|295/295\n|move|p2a: Metagross|Heavy Slam|p1a: Articuno\n|-damage|p1a: Articuno|166/295\n|\n|upkeep\n|turn|15\n|inactive|Time left: 300 sec this turn | 300 sec total\n|\n|t:|1783557223\n|move|p1a: Articuno|Roost|p1a: Articuno\n|-heal|p1a: Articuno|295/295\n|move|p2a: Metagross|Heavy Slam|p1a: Articuno\n|-damage|p1a: Articuno|163/295\n|\n|upkeep\n|turn|16\n|inactive|Time left: 300 sec this turn | 300 sec total\n|\n|t:|1783557224\n|move|p1a: Articuno|Roost|p1a: Articuno\n|-heal|p1a: Articuno|295/295\n|move|p2a: Metagross|Heavy Slam|p1a: Articuno\n|-damage|p1a: Articuno|165/295\n|\n|upkeep\n|turn|17\n|inactive|Time left: 300 sec this turn | 300 sec total\n|\n|t:|1783557225\n|move|p1a: Articuno|Roost|p1a: Articuno\n|-heal|p1a: Articuno|295/295\n|move|p2a: Metagross|Heavy Slam|p1a: Articuno\n|-damage|p1a: Articuno|159/295\n|\n|upkeep\n|turn|18\n|inactive|Time left: 300 sec this turn | 300 sec total\n|\n|t:|1783557227\n|move|p1a: Articuno|Freeze-Dry|p2a: Metagross\n|-resisted|p2a: Metagross\n|-damage|p2a: Metagross|85/100\n|move|p2a: Metagross|Psychic Fangs|p1a: Articuno\n|-damage|p1a: Articuno|68/295\n|\n|-heal|p2a: Metagross|91/100|[from] item: Leftovers\n|upkeep\n|turn|19\n|inactive|Time left: 300 sec this turn | 300 sec total\n|\n|t:|1783557228\n|switch|p1a: Sandaconda|Sandaconda, L84, F|258/258\n|move|p2a: Metagross|Psychic Fangs|p1a: Sandaconda\n|-damage|p1a: Sandaconda|179/258\n|\n|-heal|p1a: Sandaconda|195/258|[from] item: Leftovers\n|-heal|p2a: Metagross|97/100|[from] item: Leftovers\n|upkeep\n|turn|20\n|inactive|Time left: 300 sec this turn | 300 sec total\n|\n|t:|1783557229\n|switch|p2a: Torterra|Torterra, L78, M|100/100\n|move|p1a: Sandaconda|Earthquake|p2a: Torterra\n|-resisted|p2a: Torterra\n|-crit|p2a: Torterra\n|-damage|p2a: Torterra|74/100\n|\n|-heal|p1a: Sandaconda|211/258|[from] item: Leftovers\n|upkeep\n|turn|21\n|inactive|Time left: 300 sec this turn | 300 sec total\n|\n|t:|1783557230\n|move|p1a: Sandaconda|Glare|p2a: Torterra\n|-status|p2a: Torterra|par\n|move|p2a: Torterra|Shell Smash|p2a: Torterra\n|-unboost|p2a: Torterra|def|1\n|-unboost|p2a: Torterra|spd|1\n|-boost|p2a: Torterra|atk|2\n|-boost|p2a: Torterra|spa|2\n|-boost|p2a: Torterra|spe|2\n|\n|-heal|p1a: Sandaconda|227/258|[from] item: Leftovers\n|upkeep\n|turn|22\n|inactive|Time left: 300 sec this turn | 300 sec total\n|\n|t:|1783557231\n|switch|p1a: Articuno|Articuno, L86, tera:Ground|68/295\n|-ability|p1a: Articuno|Pressure\n|move|p2a: Torterra|Bullet Seed|p1a: Articuno\n|-supereffective|p1a: Articuno\n|-damage|p1a: Articuno|0 fnt\n|faint|p1a: Articuno\n|-hitcount|p1: Articuno|1\n|\n|upkeep\n|inactive|Time left: 300 sec this turn | 300 sec total | 5 sec grace\n|\n|t:|1783557232\n|switch|p1a: Cramorant|Cramorant, L86, M|204/261\n|turn|23\n|inactive|Time left: 300 sec this turn | 300 sec total\n|\n|t:|1783557233\n|move|p1a: Cramorant|Surf|p2a: Torterra\n|-formechange|p1a: Cramorant|Cramorant-Gulping|\n|-damage|p2a: Torterra|20/100 par\n|move|p2a: Torterra|Headlong Rush|p1a: Cramorant\n|-immune|p1a: Cramorant\n|\n|upkeep\n|turn|24\n|inactive|Time left: 300 sec this turn | 300 sec total\n|\n|t:|1783557234\n|move|p1a: Cramorant|Surf|p2a: Torterra\n|-damage|p2a: Torterra|0 fnt\n|faint|p2a: Torterra\n|\n|upkeep\n|\n|t:|1783557235\n|switch|p2a: Oinkologne|Oinkologne, L92, M|100/100\n|turn|25\n|inactive|Time left: 300 sec this turn | 300 sec total\n|\n|t:|1783557236\n|move|p1a: Cramorant|Surf|p2a: Oinkologne\n|-damage|p2a: Oinkologne|77/100\n|move|p2a: Oinkologne|Double-Edge|p1a: Cramorant\n|-damage|p1a: Cramorant|3/261\n|-damage|p2a: Oinkologne|52/100|[from] ability: Gulp Missile|[of] p1a: Cramorant\n|-unboost|p2a: Oinkologne|def|1\n|-formechange|p1a: Cramorant|Cramorant|\n|-damage|p2a: Oinkologne|33/100|[from] Recoil\n|\n|-heal|p2a: Oinkologne|40/100|[from] item: Leftovers\n|upkeep\n|turn|26\n|inactive|Time left: 300 sec this turn | 300 sec total\n|\n|t:|1783557237\n|move|p1a: Cramorant|Surf|p2a: Oinkologne\n|-formechange|p1a: Cramorant|Cramorant-Gorging|\n|-damage|p2a: Oinkologne|13/100\n|move|p2a: Oinkologne|Double-Edge|p1a: Cramorant\n|-damage|p1a: Cramorant|0 fnt\n|-damage|p2a: Oinkologne|0 fnt|[from] ability: Gulp Missile|[of] p1a: Cramorant\n|-formechange|p1a: Cramorant|Cramorant|\n|faint|p1a: Cramorant\n|faint|p2a: Oinkologne\n|\n|upkeep\n|inactive|Time left: 300 sec this turn | 300 sec total | 5 sec grace\n|\n|t:|1783557238\n|switch|p1a: Zamazenta|Zamazenta-Crowned, L68|195/238\n|switch|p2a: Quaquaval|Quaquaval, L79, F|100/100\n|turn|27\n|inactive|Time left: 300 sec this turn | 300 sec total\n|\n|t:|1783557239\n|-terastallize|p2a: Quaquaval|Fighting\n|move|p1a: Zamazenta|Iron Defense|p1a: Zamazenta\n|-boost|p1a: Zamazenta|def|2\n|move|p2a: Quaquaval|Close Combat|p1a: Zamazenta\n|-supereffective|p1a: Zamazenta\n|-damage|p1a: Zamazenta|0 fnt\n|-unboost|p2a: Quaquaval|def|1\n|-unboost|p2a: Quaquaval|spd|1\n|faint|p1a: Zamazenta\n|-ability|p2a: Quaquaval|Moxie|boost\n|-boost|p2a: Quaquaval|atk|1\n|\n|upkeep\n|inactive|Time left: 300 sec this turn | 300 sec total | 5 sec grace\n|\n|t:|1783557240\n|switch|p1a: Revavroom|Revavroom, L79, M|256/256\n|turn|28\n|inactive|Time left: 300 sec this turn | 300 sec total\n|\n|t:|1783557241\n|switch|p2a: Metagross|Metagross, L79|97/100\n|move|p1a: Revavroom|Gunk Shot|p2a: Metagross\n|-immune|p2a: Metagross\n|\n|-heal|p2a: Metagross|100/100|[from] item: Leftovers\n|upkeep\n|turn|29\n|inactive|Time left: 300 sec this turn | 300 sec total\n|\n|t:|1783557242\n|move|p1a: Revavroom|Shift Gear|p1a: Revavroom\n|-boost|p1a: Revavroom|spe|2\n|-boost|p1a: Revavroom|atk|1\n|move|p2a: Metagross|Psychic Fangs|p1a: Revavroom\n|-damage|p1a: Revavroom|156/256\n|\n|upkeep\n|turn|30\n|inactive|Time left: 300 sec this turn | 300 sec total\n|\n|t:|1783557243\n|move|p1a: Revavroom|Shift Gear|p1a: Revavroom\n|-boost|p1a: Revavroom|spe|2\n|-boost|p1a: Revavroom|atk|1\n|move|p2a: Metagross|Psychic Fangs|p1a: Revavroom\n|-damage|p1a: Revavroom|50/256\n|\n|upkeep\n|turn|31\n|inactive|Time left: 300 sec this turn | 300 sec total\n|\n|t:|1783557244\n|switch|p2a: Quaquaval|Quaquaval, L79, F, tera:Fighting|100/100\n|move|p1a: Revavroom|High Horsepower|p2a: Quaquaval\n|-damage|p2a: Quaquaval|22/100\n|-damage|p1a: Revavroom|25/256|[from] item: Life Orb\n|\n|upkeep\n|turn|32\n|inactive|Time left: 300 sec this turn | 300 sec total\n|\n|t:|1783557245\n|move|p1a: Revavroom|High Horsepower|p2a: Quaquaval\n|-damage|p2a: Quaquaval|0 fnt\n|faint|p2a: Quaquaval\n|-damage|p1a: Revavroom|0 fnt|[from] item: Life Orb\n|faint|p1a: Revavroom\n|\n|upkeep\n|inactive|Time left: 300 sec this turn | 300 sec total | 5 sec grace\n|\n|t:|1783557246\n|switch|p1a: Sandaconda|Sandaconda, L84, F|227/258\n|switch|p2a: Metagross|Metagross, L79|100/100\n|turn|33\n|inactive|Time left: 300 sec this turn | 300 sec total\n|\n|t:|1783557247\n|move|p1a: Sandaconda|Earthquake|p2a: Metagross\n|-supereffective|p2a: Metagross\n|-damage|p2a: Metagross|27/100\n|move|p2a: Metagross|Psychic Fangs|p1a: Sandaconda\n|-crit|p1a: Sandaconda\n|-damage|p1a: Sandaconda|115/258\n|\n|-heal|p1a: Sandaconda|131/258|[from] item: Leftovers\n|-heal|p2a: Metagross|33/100|[from] item: Leftovers\n|upkeep\n|turn|34\n|inactive|Time left: 300 sec this turn | 300 sec total\n|\n|t:|1783557248\n|move|p1a: Sandaconda|Earthquake|p2a: Metagross\n|-supereffective|p2a: Metagross\n|-damage|p2a: Metagross|0 fnt\n|faint|p2a: Metagross\n|\n|win|p0x155518eb", "uploadtime": 1783557248, "views": 0, "rating": 0, "private": 0, "password": null, "_winner": "p0x155518eb", "_our_name": "p0x155518eb"}