{"id": "battle-gen9randombattle-59", "formatid": "gen9randombattle", "format": "[Gen 9] Random Battle", "players": ["p0x059fbf9", "p0y059d891"], "log": "|init|battle\n|title|p0x059fbf9 vs. p0y059d891\n|j|\u2606p0x059fbf9\n|j|\u2606p0y059d891\n|t:|1783540139\n|gametype|singles\n|player|p1|p0x059fbf9|169|\n|player|p2|p0y059d891|266|\n|gen|9\n|tier|[Gen 9] Random Battle\n|rule|Species Clause: Limit one of each Pok\u00e9mon\n|rule|HP Percentage Mod: HP is shown in percentages\n|rule|Sleep Clause Mod: Limit one foe put to sleep\n|rule|Illusion Level Mod: Illusion disguises the Pok\u00e9mon's true level\n|\n|t:|1783540139\n|teamsize|p1|6\n|teamsize|p2|6\n|start\n|switch|p1a: Empoleon|Empoleon, L84, M|100/100\n|switch|p2a: Talonflame|Talonflame, L83, M|265/265\n|turn|1\n|inactive|Battle timer is ON: inactive players will automatically lose when time's up. (requested by p0y059d891)\n|inactive|p0x059fbf9 also wants the timer to be on.\n|\n|t:|1783540140\n|switch|p2a: Hitmonchan|Hitmonchan, L87, M|229/229\n|move|p1a: Empoleon|Surf|p2a: Hitmonchan\n|-damage|p2a: Hitmonchan|144/229\n|\n|-heal|p2a: Hitmonchan|158/229|[from] item: Leftovers\n|upkeep\n|turn|2\n|inactive|Time left: 300 sec this turn | 300 sec total\n|\n|t:|1783540141\n|switch|p1a: Dragonite|Dragonite, L74, M|100/100\n|move|p2a: Hitmonchan|Drain Punch|p1a: Dragonite\n|-resisted|p1a: Dragonite\n|-damage|p1a: Dragonite|90/100\n|-heal|p2a: Hitmonchan|172/229|[from] drain|[of] p1a: Dragonite\n|\n|-heal|p2a: Hitmonchan|186/229|[from] item: Leftovers\n|upkeep\n|turn|3\n|inactive|Time left: 300 sec this turn | 300 sec total\n|\n|t:|1783540143\n|move|p2a: Hitmonchan|Bulk Up|p2a: Hitmonchan\n|-boost|p2a: Hitmonchan|atk|1\n|-boost|p2a: Hitmonchan|def|1\n|move|p1a: Dragonite|Outrage|p2a: Hitmonchan\n|-damage|p2a: Hitmonchan|96/229\n|\n|-heal|p2a: Hitmonchan|110/229|[from] item: Leftovers\n|upkeep\n|turn|4\n|inactive|Time left: 300 sec this turn | 300 sec total\n|\n|t:|1783540144\n|move|p2a: Hitmonchan|Drain Punch|p1a: Dragonite\n|-resisted|p1a: Dragonite\n|-damage|p1a: Dragonite|58/100\n|-heal|p2a: Hitmonchan|151/229|[from] drain|[of] p1a: Dragonite\n|move|p1a: Dragonite|Outrage|p2a: Hitmonchan|[from] lockedmove\n|-damage|p2a: Hitmonchan|58/229\n|-start|p1a: Dragonite|confusion|[fatigue]\n|\n|-heal|p2a: Hitmonchan|72/229|[from] item: Leftovers\n|upkeep\n|turn|5\n|inactive|Time left: 300 sec this turn | 300 sec total\n|\n|t:|1783540145\n|move|p2a: Hitmonchan|Drain Punch|p1a: Dragonite\n|-resisted|p1a: Dragonite\n|-damage|p1a: Dragonite|27/100\n|-heal|p2a: Hitmonchan|112/229|[from] drain|[of] p1a: Dragonite\n|-activate|p1a: Dragonite|confusion\n|move|p1a: Dragonite|Outrage|p2a: Hitmonchan\n|-damage|p2a: Hitmonchan|18/229\n|\n|-heal|p2a: Hitmonchan|32/229|[from] item: Leftovers\n|upkeep\n|turn|6\n|inactive|Time left: 300 sec this turn | 300 sec total\n|\n|t:|1783540146\n|move|p2a: Hitmonchan|Drain Punch|p1a: Dragonite\n|-resisted|p1a: Dragonite\n|-damage|p1a: Dragonite|0 fnt\n|-heal|p2a: Hitmonchan|66/229|[from] drain|[of] p1a: Dragonite\n|faint|p1a: Dragonite\n|\n|-heal|p2a: Hitmonchan|80/229|[from] item: Leftovers\n|upkeep\n|\n|t:|1783540147\n|switch|p1a: Ogerpon|Ogerpon-Wellspring, L76, F|100/100\n|turn|7\n|inactive|Time left: 300 sec this turn | 300 sec total\n|\n|t:|1783540148\n|switch|p2a: Volcanion|Volcanion, L79|256/256\n|move|p1a: Ogerpon|Ivy Cudgel|p2a: Volcanion|[anim] Ivy Cudgel Water\n|-immune|p2a: Volcanion|[from] ability: Water Absorb\n|\n|upkeep\n|turn|8\n|inactive|Time left: 300 sec this turn | 300 sec total\n|\n|t:|1783540150\n|move|p1a: Ogerpon|Swords Dance|p1a: Ogerpon\n|-boost|p1a: Ogerpon|atk|2\n|move|p2a: Volcanion|Flamethrower|p1a: Ogerpon\n|-damage|p1a: Ogerpon|54/100\n|\n|upkeep\n|turn|9\n|inactive|Time left: 300 sec this turn | 300 sec total\n|\n|t:|1783540151\n|move|p1a: Ogerpon|Power Whip|p2a: Volcanion\n|-damage|p2a: Volcanion|0 fnt\n|faint|p2a: Volcanion\n|\n|upkeep\n|inactive|Time left: 300 sec this turn | 300 sec total | 5 sec grace\n|\n|t:|1783540152\n|switch|p2a: Grafaiai|Grafaiai, L86, F|249/249\n|turn|10\n|inactive|Time left: 300 sec this turn | 300 sec total\n|\n|t:|1783540153\n|move|p2a: Grafaiai|Gunk Shot|p1a: Ogerpon\n|-supereffective|p1a: Ogerpon\n|-damage|p1a: Ogerpon|0 fnt\n|faint|p1a: Ogerpon\n|\n|upkeep\n|\n|t:|1783540154\n|switch|p1a: Empoleon|Empoleon, L84, M|100/100\n|turn|11\n|inactive|Time left: 300 sec this turn | 300 sec total\n|\n|t:|1783540155\n|move|p2a: Grafaiai|Super Fang|p1a: Empoleon\n|-damage|p1a: Empoleon|50/100\n|move|p1a: Empoleon|Surf|p2a: Grafaiai\n|-crit|p2a: Grafaiai\n|-damage|p2a: Grafaiai|129/249\n|\n|-heal|p1a: Empoleon|57/100|[from] item: Leftovers\n|upkeep\n|turn|12\n|inactive|Time left: 300 sec this turn | 300 sec total\n|\n|t:|1783540156\n|move|p2a: Grafaiai|Knock Off|p1a: Empoleon\n|-damage|p1a: Empoleon|30/100\n|-enditem|p1a: Empoleon|Leftovers|[from] move: Knock Off|[of] p2a: Grafaiai\n|move|p1a: Empoleon|Surf|p2a: Grafaiai\n|-damage|p2a: Grafaiai|50/249\n|\n|upkeep\n|turn|13\n|inactive|Time left: 300 sec this turn | 300 sec total\n|\n|t:|1783540158\n|move|p2a: Grafaiai|U-turn|p1a: Empoleon\n|-resisted|p1a: Empoleon\n|-damage|p1a: Empoleon|21/100\n|inactive|Time left: 300 sec this turn | 300 sec total | 5 sec grace\n|\n|t:|1783540159\n|switch|p2a: Vigoroth|Vigoroth, L85, M|275/275|[from] U-turn\n|move|p1a: Empoleon|Roost|p1a: Empoleon\n|-heal|p1a: Empoleon|71/100\n|-singleturn|p1a: Empoleon|move: Roost\n|\n|upkeep\n|turn|14\n|inactive|Time left: 300 sec this turn | 300 sec total\n|\n|t:|1783540160\n|move|p2a: Vigoroth|Bulk Up|p2a: Vigoroth\n|-boost|p2a: Vigoroth|atk|1\n|-boost|p2a: Vigoroth|def|1\n|move|p1a: Empoleon|Surf|p2a: Vigoroth\n|-damage|p2a: Vigoroth|176/275\n|\n|upkeep\n|turn|15\n|inactive|Time left: 300 sec this turn | 300 sec total\n|\n|t:|1783540161\n|move|p2a: Vigoroth|Bulk Up|p2a: Vigoroth\n|-boost|p2a: Vigoroth|atk|1\n|-boost|p2a: Vigoroth|def|1\n|move|p1a: Empoleon|Surf|p2a: Vigoroth\n|-damage|p2a: Vigoroth|82/275\n|\n|upkeep\n|turn|16\n|inactive|Time left: 300 sec this turn | 300 sec total\n|\n|t:|1783540162\n|-terastallize|p1a: Empoleon|Flying\n|move|p2a: Vigoroth|Slack Off|p2a: Vigoroth\n|-heal|p2a: Vigoroth|220/275\n|move|p1a: Empoleon|Surf|p2a: Vigoroth\n|-damage|p2a: Vigoroth|126/275\n|\n|upkeep\n|turn|17\n|inactive|Time left: 300 sec this turn | 300 sec total\n|\n|t:|1783540163\n|move|p2a: Vigoroth|Body Slam|p1a: Empoleon\n|-damage|p1a: Empoleon|11/100\n|-status|p1a: Empoleon|par\n|move|p1a: Empoleon|Surf|p2a: Vigoroth\n|-damage|p2a: Vigoroth|21/275\n|\n|upkeep\n|turn|18\n|inactive|Time left: 300 sec this turn | 300 sec total\n|\n|t:|1783540165\n|move|p2a: Vigoroth|Slack Off|p2a: Vigoroth\n|-heal|p2a: Vigoroth|159/275\n|cant|p1a: Empoleon|par\n|\n|upkeep\n|turn|19\n|inactive|Time left: 300 sec this turn | 300 sec total\n|\n|t:|1783540166\n|move|p2a: Vigoroth|Body Slam|p1a: Empoleon\n|-damage|p1a: Empoleon|0 fnt\n|faint|p1a: Empoleon\n|\n|upkeep\n|\n|t:|1783540167\n|switch|p1a: Weezing|Weezing, L88, M|100/100\n|turn|20\n|inactive|Time left: 300 sec this turn | 300 sec total\n|\n|t:|1783540168\n|move|p2a: Vigoroth|Body Slam|p1a: Weezing\n|-damage|p1a: Weezing|57/100\n|move|p1a: Weezing|Sludge Bomb|p2a: Vigoroth\n|-damage|p2a: Vigoroth|68/275\n|\n|-heal|p1a: Weezing|64/100|[from] item: Leftovers\n|upkeep\n|turn|21\n|inactive|Time left: 300 sec this turn | 300 sec total\n|\n|t:|1783540169\n|move|p2a: Vigoroth|Slack Off|p2a: Vigoroth\n|-heal|p2a: Vigoroth|206/275\n|move|p1a: Weezing|Sludge Bomb|p2a: Vigoroth\n|-damage|p2a: Vigoroth|112/275\n|\n|-heal|p1a: Weezing|70/100|[from] item: Leftovers\n|upkeep\n|turn|22\n|inactive|Time left: 300 sec this turn | 300 sec total\n|\n|t:|1783540170\n|move|p2a: Vigoroth|Body Slam|p1a: Weezing\n|-damage|p1a: Weezing|26/100\n|move|p1a: Weezing|Sludge Bomb|p2a: Vigoroth\n|-damage|p2a: Vigoroth|22/275\n|\n|-heal|p1a: Weezing|32/100|[from] item: Leftovers\n|upkeep\n|turn|23\n|inactive|Time left: 300 sec this turn | 300 sec total\n|\n|t:|1783540171\n|move|p2a: Vigoroth|Slack Off|p2a: Vigoroth\n|-heal|p2a: Vigoroth|160/275\n|move|p1a: Weezing|Sludge Bomb|p2a: Vigoroth\n|-damage|p2a: Vigoroth|73/275\n|\n|-heal|p1a: Weezing|38/100|[from] item: Leftovers\n|upkeep\n|turn|24\n|inactive|Time left: 300 sec this turn | 300 sec total\n|\n|t:|1783540172\n|move|p2a: Vigoroth|Slack Off|p2a: Vigoroth\n|-heal|p2a: Vigoroth|211/275\n|move|p1a: Weezing|Sludge Bomb|p2a: Vigoroth\n|-damage|p2a: Vigoroth|127/275\n|-status|p2a: Vigoroth|psn\n|\n|-heal|p1a: Weezing|44/100|[from] item: Leftovers\n|-damage|p2a: Vigoroth|93/275 psn|[from] psn\n|upkeep\n|turn|25\n|inactive|Time left: 300 sec this turn | 300 sec total\n|\n|t:|1783540173\n|move|p2a: Vigoroth|Slack Off|p2a: Vigoroth\n|-heal|p2a: Vigoroth|231/275 psn\n|move|p1a: Weezing|Sludge Bomb|p2a: Vigoroth\n|-damage|p2a: Vigoroth|146/275 psn\n|\n|-heal|p1a: Weezing|50/100|[from] item: Leftovers\n|-damage|p2a: Vigoroth|112/275 psn|[from] psn\n|upkeep\n|turn|26\n|inactive|Time left: 300 sec this turn | 300 sec total\n|\n|t:|1783540174\n|move|p2a: Vigoroth|Slack Off|p2a: Vigoroth\n|-heal|p2a: Vigoroth|250/275 psn\n|move|p1a: Weezing|Sludge Bomb|p2a: Vigoroth\n|-damage|p2a: Vigoroth|168/275 psn\n|\n|-heal|p1a: Weezing|57/100|[from] item: Leftovers\n|-damage|p2a: Vigoroth|134/275 psn|[from] psn\n|upkeep\n|turn|27\n|inactive|Time left: 300 sec this turn | 300 sec total\n|\n|t:|1783540175\n|move|p2a: Vigoroth|Slack Off|p2a: Vigoroth\n|-heal|p2a: Vigoroth|272/275 psn\n|move|p1a: Weezing|Sludge Bomb|p2a: Vigoroth\n|-damage|p2a: Vigoroth|185/275 psn\n|\n|-heal|p1a: Weezing|63/100|[from] item: Leftovers\n|-damage|p2a: Vigoroth|151/275 psn|[from] psn\n|upkeep\n|turn|28\n|inactive|Time left: 300 sec this turn | 300 sec total\n|\n|t:|1783540176\n|move|p2a: Vigoroth|Body Slam|p1a: Weezing\n|-damage|p1a: Weezing|13/100\n|move|p1a: Weezing|Sludge Bomb|p2a: Vigoroth\n|-damage|p2a: Vigoroth|64/275 psn\n|\n|-heal|p1a: Weezing|19/100|[from] item: Leftovers\n|-damage|p2a: Vigoroth|30/275 psn|[from] psn\n|upkeep\n|turn|29\n|inactive|Time left: 300 sec this turn | 300 sec total\n|\n|t:|1783540177\n|move|p2a: Vigoroth|Body Slam|p1a: Weezing\n|-damage|p1a: Weezing|0 fnt\n|faint|p1a: Weezing\n|\n|-damage|p2a: Vigoroth|0 fnt|[from] psn\n|faint|p2a: Vigoroth\n|upkeep\n|inactive|Time left: 300 sec this turn | 300 sec total | 5 sec grace\n|\n|t:|1783540178\n|switch|p2a: Grafaiai|Grafaiai, L86, F|50/249\n|switch|p1a: Mew|Mew, L82|100/100\n|turn|30\n|inactive|Time left: 300 sec this turn | 300 sec total\n|\n|t:|1783540179\n|-terastallize|p2a: Grafaiai|Dark\n|move|p2a: Grafaiai|Knock Off|p1a: Mew\n|-supereffective|p1a: Mew\n|-damage|p1a: Mew|32/100\n|-enditem|p1a: Mew|Leftovers|[from] move: Knock Off|[of] p2a: Grafaiai\n|move|p1a: Mew|Knock Off|p2a: Grafaiai\n|-resisted|p2a: Grafaiai\n|-damage|p2a: Grafaiai|7/249\n|-enditem|p2a: Grafaiai|Assault Vest|[from] move: Knock Off|[of] p1a: Mew\n|\n|upkeep\n|turn|31\n|inactive|Time left: 300 sec this turn | 300 sec total\n|\n|t:|1783540181\n|move|p2a: Grafaiai|Knock Off|p1a: Mew\n|-supereffective|p1a: Mew\n|-damage|p1a: Mew|0 fnt\n|faint|p1a: Mew\n|\n|upkeep\n|\n|t:|1783540182\n|switch|p1a: Rabsca|Rabsca, L91, F|100/100\n|turn|32\n|inactive|Time left: 300 sec this turn | 300 sec total\n|\n|t:|1783540182\n|move|p2a: Grafaiai|Knock Off|p1a: Rabsca\n|-supereffective|p1a: Rabsca\n|-damage|p1a: Rabsca|34/100\n|-enditem|p1a: Rabsca|Heavy-Duty Boots|[from] move: Knock Off|[of] p2a: Grafaiai\n|move|p1a: Rabsca|Recover|p1a: Rabsca\n|-heal|p1a: Rabsca|84/100\n|\n|upkeep\n|turn|33\n|inactive|Time left: 300 sec this turn | 300 sec total\n|\n|t:|1783540183\n|move|p2a: Grafaiai|Knock Off|p1a: Rabsca\n|-supereffective|p1a: Rabsca\n|-damage|p1a: Rabsca|33/100\n|move|p1a: Rabsca|Recover|p1a: Rabsca\n|-heal|p1a: Rabsca|83/100\n|\n|upkeep\n|turn|34\n|inactive|Time left: 300 sec this turn | 300 sec total\n|\n|t:|1783540184\n|move|p2a: Grafaiai|Knock Off|p1a: Rabsca\n|-supereffective|p1a: Rabsca\n|-damage|p1a: Rabsca|38/100\n|move|p1a: Rabsca|Recover|p1a: Rabsca\n|-heal|p1a: Rabsca|88/100\n|\n|upkeep\n|turn|35\n|inactive|Time left: 300 sec this turn | 300 sec total\n|\n|t:|1783540185\n|move|p2a: Grafaiai|Knock Off|p1a: Rabsca\n|-supereffective|p1a: Rabsca\n|-damage|p1a: Rabsca|41/100\n|move|p1a: Rabsca|Recover|p1a: Rabsca\n|-heal|p1a: Rabsca|91/100\n|\n|upkeep\n|turn|36\n|inactive|Time left: 300 sec this turn | 300 sec total\n|\n|t:|1783540186\n|move|p2a: Grafaiai|Knock Off|p1a: Rabsca\n|-supereffective|p1a: Rabsca\n|-damage|p1a: Rabsca|39/100\n|move|p1a: Rabsca|Recover|p1a: Rabsca\n|-heal|p1a: Rabsca|89/100\n|\n|upkeep\n|turn|37\n|inactive|Time left: 300 sec this turn | 300 sec total\n|\n|t:|1783540188\n|move|p2a: Grafaiai|Knock Off|p1a: Rabsca\n|-supereffective|p1a: Rabsca\n|-damage|p1a: Rabsca|36/100\n|move|p1a: Rabsca|Recover|p1a: Rabsca\n|-heal|p1a: Rabsca|86/100\n|\n|upkeep\n|turn|38\n|inactive|Time left: 300 sec this turn | 300 sec total\n|\n|t:|1783540189\n|move|p2a: Grafaiai|Knock Off|p1a: Rabsca\n|-supereffective|p1a: Rabsca\n|-damage|p1a: Rabsca|38/100\n|move|p1a: Rabsca|Recover|p1a: Rabsca\n|-heal|p1a: Rabsca|88/100\n|\n|upkeep\n|turn|39\n|inactive|Time left: 300 sec this turn | 300 sec total\n|\n|t:|1783540190\n|move|p2a: Grafaiai|Knock Off|p1a: Rabsca\n|-supereffective|p1a: Rabsca\n|-damage|p1a: Rabsca|35/100\n|move|p1a: Rabsca|Recover|p1a: Rabsca\n|-heal|p1a: Rabsca|85/100\n|\n|upkeep\n|turn|40\n|inactive|Time left: 300 sec this turn | 300 sec total\n|\n|t:|1783540191\n|move|p2a: Grafaiai|Knock Off|p1a: Rabsca\n|-supereffective|p1a: Rabsca\n|-damage|p1a: Rabsca|40/100\n|move|p1a: Rabsca|Bug Buzz|p2a: Grafaiai\n|-supereffective|p2a: Grafaiai\n|-damage|p2a: Grafaiai|0 fnt\n|faint|p2a: Grafaiai\n|\n|upkeep\n|inactive|Time left: 300 sec this turn | 300 sec total | 5 sec grace\n|\n|t:|1783540192\n|switch|p2a: Talonflame|Talonflame, L83, M|265/265\n|turn|41\n|inactive|Time left: 300 sec this turn | 300 sec total\n|\n|t:|1783540193\n|move|p2a: Talonflame|Brave Bird|p1a: Rabsca\n|-supereffective|p1a: Rabsca\n|-damage|p1a: Rabsca|0 fnt\n|faint|p1a: Rabsca\n|-damage|p2a: Talonflame|228/265|[from] Recoil\n|\n|win|p0y059d891", "uploadtime": 1783540193, "views": 0, "rating": 0, "private": 0, "password": null, "_winner": "p0y059d891", "_our_name": "p0y059d891"}