{"id": "battle-gen9randombattle-2830", "formatid": "gen9randombattle", "format": "[Gen 9] Random Battle", "players": ["p0x28304b4e", "p0y2830858f"], "log": "|init|battle\n|title|p0x28304b4e vs. p0y2830858f\n|j|\u2606p0x28304b4e\n|j|\u2606p0y2830858f\n|t:|1783571643\n|gametype|singles\n|player|p1|p0x28304b4e|169|\n|player|p2|p0y2830858f|265|\n|gen|9\n|tier|[Gen 9] Random Battle\n|rule|Species Clause: Limit one of each Pok\u00e9mon\n|rule|HP Percentage Mod: HP is shown in percentages\n|rule|Sleep Clause Mod: Limit one foe put to sleep\n|rule|Illusion Level Mod: Illusion disguises the Pok\u00e9mon's true level\n|\n|t:|1783571643\n|teamsize|p1|6\n|teamsize|p2|6\n|start\n|switch|p1a: Azumarill|Azumarill, L82, F|100/100\n|switch|p2a: Zebstrika|Zebstrika, L87, F|272/272\n|turn|1\n|inactive|Battle timer is ON: inactive players will automatically lose when time's up. (requested by p0x28304b4e)\n|inactive|Time left: 300 sec this turn | 300 sec total | 60 sec grace\n|inactive|p0y2830858f also wants the timer to be on.\n|\n|t:|1783571644\n|switch|p1a: Groudon|Groudon, L72|100/100\n|-weather|SunnyDay|[from] ability: Drought|[of] p1a: Groudon\n|move|p2a: Zebstrika|Supercell Slam|p1a: Groudon\n|-immune|p1a: Groudon\n|-damage|p2a: Zebstrika|136/272|[from] supercellslam\n|\n|-weather|SunnyDay|[upkeep]\n|upkeep\n|turn|2\n|inactive|Time left: 300 sec this turn | 300 sec total\n|\n|t:|1783571645\n|move|p2a: Zebstrika|Overheat|p1a: Groudon\n|-damage|p1a: Groudon|34/100\n|-unboost|p2a: Zebstrika|spa|2\n|-damage|p2a: Zebstrika|109/272|[from] item: Life Orb\n|move|p1a: Groudon|Stealth Rock|p2a: Zebstrika\n|-sidestart|p2: p0y2830858f|move: Stealth Rock\n|\n|-weather|SunnyDay|[upkeep]\n|-heal|p1a: Groudon|40/100|[from] item: Leftovers\n|upkeep\n|turn|3\n|inactive|Time left: 300 sec this turn | 300 sec total\n|\n|t:|1783571646\n|switch|p2a: Cramorant|Cramorant, L86, M|261/261\n|move|p1a: Groudon|Precipice Blades|p2a: Cramorant\n|-immune|p2a: Cramorant\n|\n|-weather|SunnyDay|[upkeep]\n|-heal|p1a: Groudon|47/100|[from] item: Leftovers\n|upkeep\n|turn|4\n|inactive|Time left: 300 sec this turn | 300 sec total\n|\n|t:|1783571646\n|move|p2a: Cramorant|Surf|p1a: Groudon\n|-formechange|p2a: Cramorant|Cramorant-Gulping|\n|-supereffective|p1a: Groudon\n|-damage|p1a: Groudon|9/100\n|move|p1a: Groudon|Thunder Wave|p2a: Cramorant\n|-status|p2a: Cramorant|par\n|\n|-weather|SunnyDay|[upkeep]\n|-heal|p1a: Groudon|15/100|[from] item: Leftovers\n|upkeep\n|turn|5\n|inactive|Time left: 300 sec this turn | 300 sec total\n|\n|t:|1783571647\n|switch|p1a: Azumarill|Azumarill, L82, F|100/100\n|move|p2a: Cramorant|Defog|p1a: Azumarill\n|-unboost|p1a: Azumarill|evasion|1\n|-sideend|p2: p0y2830858f|Stealth Rock|[from] move: Defog|[of] p2a: Cramorant\n|\n|-weather|none\n|upkeep\n|turn|6\n|inactive|Time left: 300 sec this turn | 300 sec total\n|\n|t:|1783571648\n|move|p1a: Azumarill|Play Rough|p2a: Cramorant\n|-damage|p2a: Cramorant|20/261 par\n|-damage|p1a: Azumarill|76/100|[from] ability: Gulp Missile|[of] p2a: Cramorant\n|-unboost|p1a: Azumarill|def|1\n|-formechange|p2a: Cramorant|Cramorant|\n|move|p2a: Cramorant|Brave Bird|p1a: Azumarill\n|-damage|p1a: Azumarill|11/100\n|-damage|p2a: Cramorant|0 fnt|[from] Recoil\n|faint|p2a: Cramorant\n|\n|upkeep\n|inactive|Time left: 300 sec this turn | 300 sec total | 5 sec grace\n|\n|t:|1783571648\n|switch|p2a: Typhlosion|Typhlosion, L84, M|267/267\n|turn|7\n|inactive|Time left: 300 sec this turn | 300 sec total\n|\n|t:|1783571649\n|move|p2a: Typhlosion|Eruption|p1a: Azumarill\n|-resisted|p1a: Azumarill\n|-crit|p1a: Azumarill\n|-damage|p1a: Azumarill|0 fnt\n|faint|p1a: Azumarill\n|\n|upkeep\n|\n|t:|1783571650\n|switch|p1a: Iron Treads|Iron Treads, L77|100/100\n|turn|8\n|inactive|Time left: 300 sec this turn | 300 sec total\n|\n|t:|1783571651\n|-terastallize|p1a: Iron Treads|Water\n|move|p2a: Typhlosion|Eruption|p1a: Iron Treads\n|-resisted|p1a: Iron Treads\n|-damage|p1a: Iron Treads|56/100\n|move|p1a: Iron Treads|Earthquake|p2a: Typhlosion\n|-supereffective|p2a: Typhlosion\n|-damage|p2a: Typhlosion|49/267\n|\n|upkeep\n|turn|9\n|inactive|Time left: 300 sec this turn | 300 sec total\n|\n|t:|1783571652\n|switch|p2a: Orthworm|Orthworm, L88, F|266/266\n|move|p1a: Iron Treads|Knock Off|p2a: Orthworm\n|-damage|p2a: Orthworm|226/266\n|-enditem|p2a: Orthworm|Leftovers|[from] move: Knock Off|[of] p1a: Iron Treads\n|\n|upkeep\n|turn|10\n|inactive|Time left: 300 sec this turn | 300 sec total\n|\n|t:|1783571653\n|move|p1a: Iron Treads|Rapid Spin|p2a: Orthworm\n|-resisted|p2a: Orthworm\n|-damage|p2a: Orthworm|215/266\n|-boost|p1a: Iron Treads|spe|1\n|move|p2a: Orthworm|Body Press|p1a: Iron Treads\n|-damage|p1a: Iron Treads|27/100\n|\n|upkeep\n|turn|11\n|inactive|Time left: 300 sec this turn | 300 sec total\n|\n|t:|1783571654\n|-end|p1a: Iron Treads|Quark Drive|[silent]\n|switch|p1a: Arceus|Arceus-Poison, L70|100/100\n|move|p2a: Orthworm|Body Press|p1a: Arceus\n|-resisted|p1a: Arceus\n|-damage|p1a: Arceus|87/100\n|\n|upkeep\n|turn|12\n|inactive|Time left: 300 sec this turn | 300 sec total\n|\n|t:|1783571655\n|move|p1a: Arceus|Swords Dance|p1a: Arceus\n|-boost|p1a: Arceus|atk|2\n|move|p2a: Orthworm|Spikes|p1a: Arceus\n|-sidestart|p1: p0x28304b4e|Spikes\n|\n|upkeep\n|turn|13\n|inactive|Time left: 300 sec this turn | 300 sec total\n|\n|t:|1783571656\n|move|p1a: Arceus|Swords Dance|p1a: Arceus\n|-boost|p1a: Arceus|atk|2\n|move|p2a: Orthworm|Spikes|p1a: Arceus\n|-sidestart|p1: p0x28304b4e|Spikes\n|\n|upkeep\n|turn|14\n|inactive|Time left: 300 sec this turn | 300 sec total\n|\n|t:|1783571657\n|move|p1a: Arceus|Extreme Speed|p2a: Orthworm\n|-resisted|p2a: Orthworm\n|-damage|p2a: Orthworm|168/266\n|move|p2a: Orthworm|Spikes|p1a: Arceus\n|-sidestart|p1: p0x28304b4e|Spikes\n|\n|upkeep\n|turn|15\n|inactive|Time left: 300 sec this turn | 300 sec total\n|\n|t:|1783571658\n|move|p1a: Arceus|Extreme Speed|p2a: Orthworm\n|-resisted|p2a: Orthworm\n|-damage|p2a: Orthworm|120/266\n|move|p2a: Orthworm|Body Press|p1a: Arceus\n|-resisted|p1a: Arceus\n|-damage|p1a: Arceus|74/100\n|\n|upkeep\n|turn|16\n|inactive|Time left: 300 sec this turn | 300 sec total\n|\n|t:|1783571659\n|move|p1a: Arceus|Extreme Speed|p2a: Orthworm\n|-resisted|p2a: Orthworm\n|-damage|p2a: Orthworm|70/266\n|move|p2a: Orthworm|Heavy Slam|p1a: Arceus\n|-damage|p1a: Arceus|59/100\n|\n|upkeep\n|turn|17\n|inactive|Time left: 300 sec this turn | 300 sec total\n|\n|t:|1783571660\n|move|p1a: Arceus|Extreme Speed|p2a: Orthworm\n|-resisted|p2a: Orthworm\n|-damage|p2a: Orthworm|25/266\n|move|p2a: Orthworm|Heavy Slam|p1a: Arceus\n|-damage|p1a: Arceus|45/100\n|\n|upkeep\n|turn|18\n|inactive|Time left: 300 sec this turn | 300 sec total\n|\n|t:|1783571661\n|move|p1a: Arceus|Extreme Speed|p2a: Orthworm\n|-resisted|p2a: Orthworm\n|-damage|p2a: Orthworm|0 fnt\n|faint|p2a: Orthworm\n|\n|upkeep\n|inactive|Time left: 300 sec this turn | 300 sec total | 5 sec grace\n|\n|t:|1783571662\n|switch|p2a: Koraidon|Koraidon, L64|235/235\n|-weather|SunnyDay|[from] ability: Orichalcum Pulse|[of] p2a: Koraidon\n|-activate|p2a: Koraidon|Orichalcum Pulse|[source]\n|turn|19\n|inactive|Time left: 300 sec this turn | 300 sec total\n|\n|t:|1783571663\n|-terastallize|p2a: Koraidon|Fire\n|move|p1a: Arceus|Extreme Speed|p2a: Koraidon\n|-damage|p2a: Koraidon|76/235\n|move|p2a: Koraidon|Flare Blitz|p1a: Arceus\n|-damage|p1a: Arceus|0 fnt\n|faint|p1a: Arceus\n|-damage|p2a: Koraidon|34/235|[from] Recoil\n|\n|-weather|SunnyDay|[upkeep]\n|upkeep\n|\n|t:|1783571664\n|switch|p1a: Urshifu|Urshifu, L74, F|100/100\n|-damage|p1a: Urshifu|76/100|[from] Spikes\n|turn|20\n|inactive|Time left: 300 sec this turn | 300 sec total\n|\n|t:|1783571665\n|move|p1a: Urshifu|Sucker Punch|p2a: Koraidon\n|-damage|p2a: Koraidon|0 fnt\n|faint|p2a: Koraidon\n|-damage|p1a: Urshifu|66/100|[from] item: Life Orb\n|\n|-weather|SunnyDay|[upkeep]\n|upkeep\n|inactive|Time left: 300 sec this turn | 300 sec total | 5 sec grace\n|\n|t:|1783571666\n|switch|p2a: Typhlosion|Typhlosion, L84, M|49/267\n|turn|21\n|inactive|Time left: 300 sec this turn | 300 sec total\n|\n|t:|1783571667\n|switch|p2a: Zebstrika|Zebstrika, L87, F|109/272\n|move|p1a: Urshifu|Sucker Punch||[still]\n|-fail|p1a: Urshifu\n|\n|-weather|SunnyDay|[upkeep]\n|upkeep\n|turn|22\n|inactive|Time left: 300 sec this turn | 300 sec total\n|\n|t:|1783571668\n|switch|p2a: Typhlosion|Typhlosion, L84, M|49/267\n|move|p1a: Urshifu|Sucker Punch||[still]\n|-fail|p1a: Urshifu\n|\n|-weather|SunnyDay|[upkeep]\n|upkeep\n|turn|23\n|inactive|Time left: 300 sec this turn | 300 sec total\n|\n|t:|1783571670\n|switch|p2a: Zebstrika|Zebstrika, L87, F|109/272\n|move|p1a: Urshifu|Sucker Punch||[still]\n|-fail|p1a: Urshifu\n|\n|-weather|none\n|upkeep\n|turn|24\n|inactive|Time left: 300 sec this turn | 300 sec total\n|\n|t:|1783571671\n|switch|p2a: Typhlosion|Typhlosion, L84, M|49/267\n|move|p1a: Urshifu|Sucker Punch||[still]\n|-fail|p1a: Urshifu\n|\n|upkeep\n|turn|25\n|inactive|Time left: 300 sec this turn | 300 sec total\n|\n|t:|1783571672\n|switch|p2a: Zebstrika|Zebstrika, L87, F|109/272\n|move|p1a: Urshifu|Sucker Punch||[still]\n|-fail|p1a: Urshifu\n|\n|upkeep\n|turn|26\n|inactive|Time left: 300 sec this turn | 300 sec total\n|\n|t:|1783571673\n|switch|p2a: Typhlosion|Typhlosion, L84, M|49/267\n|move|p1a: Urshifu|Sucker Punch||[still]\n|-fail|p1a: Urshifu\n|\n|upkeep\n|turn|27\n|inactive|Time left: 300 sec this turn | 300 sec total\n|\n|t:|1783571674\n|move|p1a: Urshifu|Sucker Punch|p2a: Typhlosion\n|-damage|p2a: Typhlosion|0 fnt\n|faint|p2a: Typhlosion\n|-damage|p1a: Urshifu|56/100|[from] item: Life Orb\n|\n|upkeep\n|inactive|Time left: 300 sec this turn | 300 sec total | 5 sec grace\n|\n|t:|1783571675\n|switch|p2a: Zebstrika|Zebstrika, L87, F|109/272\n|turn|28\n|inactive|Time left: 300 sec this turn | 300 sec total\n|\n|t:|1783571676\n|move|p2a: Zebstrika|Supercell Slam|p1a: Urshifu\n|-damage|p1a: Urshifu|0 fnt\n|faint|p1a: Urshifu\n|-damage|p2a: Zebstrika|82/272|[from] item: Life Orb\n|\n|upkeep\n|\n|t:|1783571677\n|switch|p1a: Delibird|Delibird, M|100/100\n|turn|29\n|inactive|Time left: 300 sec this turn | 300 sec total\n|\n|t:|1783571677\n|switch|p1a: Groudon|Groudon, L72|15/100\n|-damage|p1a: Groudon|0 fnt|[from] Spikes\n|faint|p1a: Groudon\n|move|p2a: Zebstrika|Supercell Slam|p1: Groudon|[notarget]\n|-fail|p2a: Zebstrika\n|\n|upkeep\n|\n|t:|1783571678\n|switch|p1a: Delibird|Delibird, M|100/100\n|turn|30\n|inactive|Time left: 300 sec this turn | 300 sec total\n|\n|t:|1783571679\n|switch|p1a: Iron Treads|Iron Treads, L77, tera:Water|27/100\n|-damage|p1a: Iron Treads|2/100|[from] Spikes\n|move|p2a: Zebstrika|Supercell Slam|p1a: Iron Treads\n|-supereffective|p1a: Iron Treads\n|-damage|p1a: Iron Treads|0 fnt\n|faint|p1a: Iron Treads\n|-end|p1a: Iron Treads|Quark Drive|[silent]\n|-damage|p2a: Zebstrika|55/272|[from] item: Life Orb\n|\n|upkeep\n|\n|t:|1783571680\n|switch|p1a: Delibird|Delibird, M|100/100\n|turn|31\n|inactive|Time left: 300 sec this turn | 300 sec total\n|\n|t:|1783571681\n|move|p2a: Zebstrika|Supercell Slam|p1a: Delibird\n|-supereffective|p1a: Delibird\n|-crit|p1a: Delibird\n|-damage|p1a: Delibird|0 fnt\n|faint|p1a: Delibird\n|-damage|p2a: Zebstrika|28/272|[from] item: Life Orb\n|\n|win|p0y2830858f", "uploadtime": 1783571681, "views": 0, "rating": 0, "private": 0, "password": null, "_winner": "p0y2830858f", "_our_name": "p0y2830858f"}