{"id": "battle-gen9randombattle-1786", "formatid": "gen9randombattle", "format": "[Gen 9] Random Battle", "players": ["p0x17865ac3", "p0y17865df7"], "log": "|init|battle\n|title|p0x17865ac3 vs. p0y17865df7\n|j|\u2606p0x17865ac3\n|j|\u2606p0y17865df7\n|t:|1783559926\n|gametype|singles\n|player|p1|p0x17865ac3|169|\n|player|p2|p0y17865df7|169|\n|gen|9\n|tier|[Gen 9] Random Battle\n|rule|Species Clause: Limit one of each Pok\u00e9mon\n|rule|HP Percentage Mod: HP is shown in percentages\n|rule|Sleep Clause Mod: Limit one foe put to sleep\n|rule|Illusion Level Mod: Illusion disguises the Pok\u00e9mon's true level\n|\n|t:|1783559926\n|teamsize|p1|6\n|teamsize|p2|6\n|start\n|switch|p1a: Iron Boulder|Iron Boulder, L77|100/100\n|switch|p2a: Veluza|Veluza, L85, F|292/292\n|turn|1\n|inactive|Battle timer is ON: inactive players will automatically lose when time's up. (requested by p0y17865df7)\n|inactive|p0x17865ac3 also wants the timer to be on.\n|\n|t:|1783559928\n|-end|p1a: Iron Boulder|Quark Drive|[silent]\n|switch|p1a: Hariyama|Hariyama, L87, M|100/100\n|move|p2a: Veluza|Aqua Cutter|p1a: Hariyama\n|-damage|p1a: Hariyama|62/100\n|\n|-status|p1a: Hariyama|brn|[from] item: Flame Orb\n|upkeep\n|turn|2\n|inactive|Time left: 300 sec this turn | 300 sec total\n|\n|t:|1783559929\n|-terastallize|p1a: Hariyama|Normal\n|move|p2a: Veluza|Psycho Cut|p1a: Hariyama\n|-damage|p1a: Hariyama|24/100 brn\n|move|p1a: Hariyama|Facade|p2a: Veluza\n|-damage|p2a: Veluza|3/292\n|-enditem|p2a: Veluza|Sitrus Berry|[eat]\n|-heal|p2a: Veluza|76/292|[from] item: Sitrus Berry\n|\n|-damage|p1a: Hariyama|18/100 brn|[from] brn\n|upkeep\n|turn|3\n|inactive|Time left: 300 sec this turn | 300 sec total\n|\n|t:|1783559931\n|switch|p1a: Whimsicott|Whimsicott, L84, F|100/100\n|move|p2a: Veluza|Aqua Cutter|p1a: Whimsicott\n|-resisted|p1a: Whimsicott\n|-damage|p1a: Whimsicott|74/100\n|\n|-heal|p1a: Whimsicott|80/100|[from] item: Leftovers\n|upkeep\n|turn|4\n|inactive|Time left: 300 sec this turn | 300 sec total\n|\n|t:|1783559932\n|move|p1a: Whimsicott|Moonblast|p2a: Veluza\n|-damage|p2a: Veluza|0 fnt\n|faint|p2a: Veluza\n|\n|-heal|p1a: Whimsicott|86/100|[from] item: Leftovers\n|upkeep\n|inactive|Time left: 300 sec this turn | 300 sec total | 5 sec grace\n|\n|t:|1783559933\n|switch|p2a: Masquerain|Masquerain, L87, M|264/264\n|-ability|p2a: Masquerain|Intimidate|boost\n|-unboost|p1a: Whimsicott|atk|1\n|turn|5\n|inactive|Time left: 300 sec this turn | 300 sec total\n|\n|t:|1783559934\n|switch|p1a: Miraidon|Miraidon, L65|100/100\n|-fieldstart|move: Electric Terrain|[from] ability: Hadron Engine|[of] p1a: Miraidon\n|move|p2a: Masquerain|Sticky Web|p1a: Miraidon\n|-sidestart|p1: p0x17865ac3|move: Sticky Web\n|\n|upkeep\n|turn|6\n|inactive|Time left: 300 sec this turn | 300 sec total\n|\n|t:|1783559935\n|switch|p2a: Golurk|Golurk, L87|297/297\n|move|p1a: Miraidon|Electro Drift|p2a: Golurk\n|-immune|p2a: Golurk\n|\n|upkeep\n|turn|7\n|inactive|Time left: 300 sec this turn | 300 sec total\n|\n|t:|1783559937\n|switch|p1a: Sandaconda|Sandaconda, L84, F|100/100\n|-activate|p1a: Sandaconda|move: Sticky Web\n|-unboost|p1a: Sandaconda|spe|1\n|move|p2a: Golurk|Poltergeist|p1a: Sandaconda\n|-activate|p1a: Sandaconda|move: Poltergeist|Leftovers\n|-damage|p1a: Sandaconda|43/100\n|-damage|p2a: Golurk|268/297|[from] item: Life Orb\n|\n|-heal|p1a: Sandaconda|49/100|[from] item: Leftovers\n|upkeep\n|turn|8\n|inactive|Time left: 300 sec this turn | 300 sec total\n|\n|t:|1783559938\n|move|p2a: Golurk|Poltergeist|p1a: Sandaconda\n|-activate|p1a: Sandaconda|move: Poltergeist|Leftovers\n|-damage|p1a: Sandaconda|0 fnt\n|faint|p1a: Sandaconda\n|-damage|p2a: Golurk|239/297|[from] item: Life Orb\n|\n|upkeep\n|\n|t:|1783559939\n|switch|p1a: Beartic|Beartic, L91, M|100/100\n|turn|9\n|inactive|Time left: 300 sec this turn | 300 sec total\n|\n|t:|1783559940\n|-terastallize|p2a: Golurk|Fighting\n|move|p2a: Golurk|Dynamic Punch|p1a: Beartic\n|-supereffective|p1a: Beartic\n|-damage|p1a: Beartic|0 fnt\n|faint|p1a: Beartic\n|-damage|p2a: Golurk|210/297|[from] item: Life Orb\n|\n|-fieldend|move: Electric Terrain\n|upkeep\n|\n|t:|1783559941\n|switch|p1a: Iron Boulder|Iron Boulder, L77|100/100\n|-activate|p1a: Iron Boulder|move: Sticky Web\n|-unboost|p1a: Iron Boulder|spe|1\n|turn|10\n|inactive|Time left: 300 sec this turn | 300 sec total\n|\n|t:|1783559942\n|switch|p2a: Masquerain|Masquerain, L87, M|264/264\n|-ability|p2a: Masquerain|Intimidate|boost\n|-unboost|p1a: Iron Boulder|atk|1\n|move|p1a: Iron Boulder|Zen Headbutt|p2a: Masquerain\n|-damage|p2a: Masquerain|170/264\n|-damage|p1a: Iron Boulder|91/100|[from] item: Life Orb\n|\n|upkeep\n|turn|11\n|inactive|Time left: 300 sec this turn | 300 sec total\n|\n|t:|1783559943\n|move|p2a: Masquerain|U-turn|p1a: Iron Boulder\n|-supereffective|p1a: Iron Boulder\n|-damage|p1a: Iron Boulder|40/100\n|inactive|Time left: 300 sec this turn | 300 sec total | 5 sec grace\n|\n|t:|1783559944\n|switch|p2a: Porygon2|Porygon2, L81|270/270|[from] U-turn\n|-ability|p2a: Porygon2|Download|boost\n|-boost|p2a: Porygon2|atk|1\n|move|p1a: Iron Boulder|Mighty Cleave|p2a: Porygon2\n|-damage|p2a: Porygon2|212/270\n|-damage|p1a: Iron Boulder|30/100|[from] item: Life Orb\n|\n|upkeep\n|turn|12\n|inactive|Time left: 300 sec this turn | 300 sec total\n|\n|t:|1783559945\n|move|p1a: Iron Boulder|Swords Dance|p1a: Iron Boulder\n|-boost|p1a: Iron Boulder|atk|2\n|move|p2a: Porygon2|Recover|p2a: Porygon2\n|-heal|p2a: Porygon2|270/270\n|\n|upkeep\n|turn|13\n|inactive|Time left: 300 sec this turn | 300 sec total\n|\n|t:|1783559946\n|move|p1a: Iron Boulder|Close Combat|p2a: Porygon2\n|-supereffective|p2a: Porygon2\n|-damage|p2a: Porygon2|65/270\n|-unboost|p1a: Iron Boulder|def|1\n|-unboost|p1a: Iron Boulder|spd|1\n|-damage|p1a: Iron Boulder|20/100|[from] item: Life Orb\n|move|p2a: Porygon2|Shadow Ball|p1a: Iron Boulder\n|-supereffective|p1a: Iron Boulder\n|-damage|p1a: Iron Boulder|0 fnt\n|faint|p1a: Iron Boulder\n|-end|p1a: Iron Boulder|Quark Drive|[silent]\n|\n|upkeep\n|\n|t:|1783559947\n|switch|p1a: Miraidon|Miraidon, L65|100/100\n|-activate|p1a: Miraidon|move: Sticky Web\n|-unboost|p1a: Miraidon|spe|1\n|-fieldstart|move: Electric Terrain|[from] ability: Hadron Engine|[of] p1a: Miraidon\n|turn|14\n|inactive|Time left: 300 sec this turn | 300 sec total\n|\n|t:|1783559948\n|move|p2a: Porygon2|Recover|p2a: Porygon2\n|-heal|p2a: Porygon2|200/270\n|move|p1a: Miraidon|Electro Drift|p2a: Porygon2\n|-damage|p2a: Porygon2|61/270\n|\n|upkeep\n|turn|15\n|inactive|Time left: 300 sec this turn | 300 sec total\n|\n|t:|1783559949\n|move|p2a: Porygon2|Tera Blast|p1a: Miraidon\n|-damage|p1a: Miraidon|62/100\n|move|p1a: Miraidon|Electro Drift|p2a: Porygon2\n|-damage|p2a: Porygon2|0 fnt\n|faint|p2a: Porygon2\n|\n|upkeep\n|inactive|Time left: 300 sec this turn | 300 sec total | 5 sec grace\n|\n|t:|1783559950\n|switch|p2a: Eternatus|Eternatus, L69|308/308\n|-ability|p2a: Eternatus|Pressure\n|turn|16\n|inactive|Time left: 300 sec this turn | 300 sec total\n|\n|t:|1783559951\n|move|p2a: Eternatus|Sludge Bomb|p1a: Miraidon\n|-damage|p1a: Miraidon|26/100\n|move|p1a: Miraidon|Electro Drift|p2a: Eternatus\n|-resisted|p2a: Eternatus\n|-damage|p2a: Eternatus|173/308\n|\n|upkeep\n|turn|17\n|inactive|Time left: 300 sec this turn | 300 sec total\n|\n|t:|1783559952\n|move|p2a: Eternatus|Sludge Bomb|p1a: Miraidon\n|-damage|p1a: Miraidon|0 fnt\n|faint|p1a: Miraidon\n|\n|upkeep\n|\n|t:|1783559953\n|switch|p1a: Whimsicott|Whimsicott, L84, F|86/100\n|-activate|p1a: Whimsicott|move: Sticky Web\n|-unboost|p1a: Whimsicott|spe|1\n|turn|18\n|inactive|Time left: 300 sec this turn | 300 sec total\n|\n|t:|1783559954\n|move|p1a: Whimsicott|Stun Spore|p2a: Eternatus\n|-status|p2a: Eternatus|par\n|cant|p2a: Eternatus|par\n|\n|-heal|p1a: Whimsicott|92/100|[from] item: Leftovers\n|-fieldend|move: Electric Terrain\n|upkeep\n|turn|19\n|inactive|Time left: 300 sec this turn | 300 sec total\n|\n|t:|1783559955\n|move|p1a: Whimsicott|Moonblast|p2a: Eternatus\n|-damage|p2a: Eternatus|67/308 par\n|move|p2a: Eternatus|Sludge Bomb|p1a: Whimsicott\n|-supereffective|p1a: Whimsicott\n|-damage|p1a: Whimsicott|0 fnt\n|faint|p1a: Whimsicott\n|\n|upkeep\n|\n|t:|1783559956\n|switch|p1a: Hariyama|Hariyama, L87, M, tera:Normal|18/100 brn\n|-activate|p1a: Hariyama|move: Sticky Web\n|-unboost|p1a: Hariyama|spe|1\n|turn|20\n|inactive|Time left: 300 sec this turn | 300 sec total\n|\n|t:|1783559957\n|move|p2a: Eternatus|Dynamax Cannon|p1a: Hariyama\n|-damage|p1a: Hariyama|0 fnt\n|faint|p1a: Hariyama\n|\n|win|p0y17865df7", "uploadtime": 1783559957, "views": 0, "rating": 0, "private": 0, "password": null, "_winner": "p0y17865df7", "_our_name": "p0y17865df7"}