{"id": "battle-gen9randombattle-383", "formatid": "gen9randombattle", "format": "[Gen 9] Random Battle", "players": ["p0x383408c", "p0y383a5be"], "log": "|init|battle\n|title|p0x383408c vs. p0y383a5be\n|j|\u2606p0x383408c\n|j|\u2606p0y383a5be\n|t:|1783543540\n|gametype|singles\n|player|p1|p0x383408c|101|\n|player|p2|p0y383a5be|169|\n|gen|9\n|tier|[Gen 9] Random Battle\n|rule|Species Clause: Limit one of each Pok\u00e9mon\n|rule|HP Percentage Mod: HP is shown in percentages\n|rule|Sleep Clause Mod: Limit one foe put to sleep\n|rule|Illusion Level Mod: Illusion disguises the Pok\u00e9mon's true level\n|\n|t:|1783543540\n|teamsize|p1|6\n|teamsize|p2|6\n|start\n|switch|p1a: Delibird|Delibird, M|252/252\n|switch|p2a: Sandaconda|Sandaconda, L84, F|100/100\n|turn|1\n|inactive|Battle timer is ON: inactive players will automatically lose when time's up. (requested by p0y383a5be)\n|inactive|Time left: 300 sec this turn | 300 sec total | 60 sec grace\n|inactive|p0x383408c also wants the timer to be on.\n|\n|t:|1783543542\n|switch|p1a: Granbull|Granbull, L88, M|302/302\n|-ability|p1a: Granbull|Intimidate|boost\n|-unboost|p2a: Sandaconda|atk|1\n|move|p2a: Sandaconda|Stone Edge|p1a: Granbull\n|-damage|p1a: Granbull|251/302\n|\n|-heal|p1a: Granbull|269/302|[from] item: Leftovers\n|upkeep\n|turn|2\n|inactive|Time left: 300 sec this turn | 300 sec total\n|\n|t:|1783543543\n|move|p2a: Sandaconda|Stealth Rock|p1a: Granbull\n|-sidestart|p1: p0x383408c|move: Stealth Rock\n|move|p1a: Granbull|Play Rough|p2a: Sandaconda\n|-damage|p2a: Sandaconda|65/100\n|\n|-heal|p2a: Sandaconda|71/100|[from] item: Leftovers\n|-heal|p1a: Granbull|287/302|[from] item: Leftovers\n|upkeep\n|turn|3\n|inactive|Time left: 300 sec this turn | 300 sec total\n|\n|t:|1783543544\n|move|p2a: Sandaconda|Glare|p1a: Granbull\n|-status|p1a: Granbull|par\n|move|p1a: Granbull|Play Rough|p2a: Sandaconda|[miss]\n|-miss|p1a: Granbull|p2a: Sandaconda\n|\n|-heal|p2a: Sandaconda|78/100|[from] item: Leftovers\n|-heal|p1a: Granbull|302/302 par|[from] item: Leftovers\n|upkeep\n|turn|4\n|inactive|Time left: 300 sec this turn | 300 sec total\n|\n|t:|1783543545\n|switch|p2a: Cetitan|Cetitan, L82, F|100/100\n|cant|p1a: Granbull|par\n|\n|upkeep\n|turn|5\n|inactive|Time left: 300 sec this turn | 300 sec total\n|\n|t:|1783543546\n|move|p2a: Cetitan|Belly Drum|p2a: Cetitan\n|-damage|p2a: Cetitan|50/100\n|-setboost|p2a: Cetitan|atk|6|[from] move: Belly Drum\n|-enditem|p2a: Cetitan|Sitrus Berry|[eat]\n|-heal|p2a: Cetitan|75/100|[from] item: Sitrus Berry\n|move|p1a: Granbull|Earthquake|p2a: Cetitan\n|-damage|p2a: Cetitan|47/100\n|\n|upkeep\n|turn|6\n|inactive|Time left: 300 sec this turn | 300 sec total\n|\n|t:|1783543547\n|switch|p1a: Glaceon|Glaceon, L94, M|275/275\n|move|p2a: Cetitan|Ice Spinner|p1a: Glaceon\n|-resisted|p1a: Glaceon\n|-damage|p1a: Glaceon|139/275\n|\n|upkeep\n|turn|7\n|inactive|Time left: 300 sec this turn | 300 sec total\n|\n|t:|1783543549\n|move|p1a: Glaceon|Mud Shot|p2a: Cetitan\n|-damage|p2a: Cetitan|27/100\n|-unboost|p2a: Cetitan|spe|1\n|move|p2a: Cetitan|Ice Spinner|p1a: Glaceon\n|-resisted|p1a: Glaceon\n|-damage|p1a: Glaceon|1/275\n|\n|upkeep\n|turn|8\n|inactive|Time left: 300 sec this turn | 300 sec total\n|\n|t:|1783543550\n|move|p1a: Glaceon|Protect|p1a: Glaceon\n|-singleturn|p1a: Glaceon|Protect\n|move|p2a: Cetitan|Ice Shard|p1a: Glaceon\n|-activate|p1a: Glaceon|move: Protect\n|\n|upkeep\n|turn|9\n|inactive|Time left: 300 sec this turn | 300 sec total\n|\n|t:|1783543551\n|move|p2a: Cetitan|Ice Shard|p1a: Glaceon\n|-resisted|p1a: Glaceon\n|-damage|p1a: Glaceon|0 fnt\n|faint|p1a: Glaceon\n|\n|upkeep\n|inactive|Time left: 300 sec this turn | 300 sec total | 5 sec grace\n|\n|t:|1783543552\n|switch|p1a: Delibird|Delibird, M|252/252\n|turn|10\n|inactive|Time left: 300 sec this turn | 300 sec total\n|\n|t:|1783543553\n|-terastallize|p1a: Delibird|Ice\n|move|p2a: Cetitan|Ice Shard|p1a: Delibird\n|-resisted|p1a: Delibird\n|-damage|p1a: Delibird|123/252\n|move|p1a: Delibird|Brave Bird|p2a: Cetitan\n|-damage|p2a: Cetitan|0 fnt\n|faint|p2a: Cetitan\n|-damage|p1a: Delibird|87/252|[from] Recoil\n|\n|upkeep\n|\n|t:|1783543554\n|switch|p2a: Roaring Moon|Roaring Moon, L72|100/100\n|turn|11\n|inactive|Time left: 300 sec this turn | 300 sec total\n|\n|t:|1783543555\n|switch|p1a: Granbull|Granbull, L88, M|302/302 par\n|-damage|p1a: Granbull|265/302 par|[from] Stealth Rock\n|-ability|p1a: Granbull|Intimidate|boost\n|-unboost|p2a: Roaring Moon|atk|1\n|move|p2a: Roaring Moon|Knock Off|p1a: Granbull\n|-resisted|p1a: Granbull\n|-crit|p1a: Granbull\n|-damage|p1a: Granbull|181/302 par\n|-enditem|p1a: Granbull|Leftovers|[from] move: Knock Off|[of] p2a: Roaring Moon\n|\n|upkeep\n|turn|12\n|inactive|Time left: 300 sec this turn | 300 sec total\n|\n|t:|1783543557\n|-end|p2a: Roaring Moon|Protosynthesis|[silent]\n|switch|p2a: Calyrex|Calyrex, L93|100/100\n|-ability|p2a: Calyrex|Unnerve\n|move|p1a: Granbull|Play Rough|p2a: Calyrex\n|-damage|p2a: Calyrex|63/100\n|\n|-heal|p2a: Calyrex|69/100|[from] item: Leftovers\n|upkeep\n|turn|13\n|inactive|Time left: 300 sec this turn | 300 sec total\n|\n|t:|1783543557\n|switch|p1a: Roaring Moon|Roaring Moon, L72|270/270\n|-damage|p1a: Roaring Moon|237/270|[from] Stealth Rock\n|move|p2a: Calyrex|Giga Drain|p1a: Roaring Moon\n|-resisted|p1a: Roaring Moon\n|-damage|p1a: Roaring Moon|193/270\n|-heal|p2a: Calyrex|76/100|[from] drain|[of] p1a: Roaring Moon\n|\n|-heal|p2a: Calyrex|82/100|[from] item: Leftovers\n|upkeep\n|turn|14\n|inactive|Time left: 300 sec this turn | 300 sec total\n|\n|t:|1783543558\n|switch|p2a: Magearna|Magearna, L77|100/100\n|move|p1a: Roaring Moon|Knock Off|p2a: Magearna\n|-resisted|p2a: Magearna\n|-damage|p2a: Magearna|82/100\n|-enditem|p2a: Magearna|Leftovers|[from] move: Knock Off|[of] p1a: Roaring Moon\n|\n|upkeep\n|turn|15\n|inactive|Time left: 300 sec this turn | 300 sec total\n|\n|t:|1783543559\n|-end|p1a: Roaring Moon|Protosynthesis|[silent]\n|switch|p1a: Seviper|Seviper, L93, M|287/287\n|-damage|p1a: Seviper|252/287|[from] Stealth Rock\n|move|p2a: Magearna|Flash Cannon|p1a: Seviper\n|-damage|p1a: Seviper|147/287\n|\n|-heal|p1a: Seviper|164/287|[from] item: Leftovers\n|upkeep\n|turn|16\n|inactive|Time left: 300 sec this turn | 300 sec total\n|\n|t:|1783543560\n|move|p1a: Seviper|Earthquake|p2a: Magearna\n|-supereffective|p2a: Magearna\n|-damage|p2a: Magearna|24/100\n|move|p2a: Magearna|Flash Cannon|p1a: Seviper\n|-damage|p1a: Seviper|52/287\n|\n|-heal|p1a: Seviper|69/287|[from] item: Leftovers\n|upkeep\n|turn|17\n|inactive|Time left: 300 sec this turn | 300 sec total\n|\n|t:|1783543561\n|move|p1a: Seviper|Earthquake|p2a: Magearna\n|-supereffective|p2a: Magearna\n|-damage|p2a: Magearna|0 fnt\n|faint|p2a: Magearna\n|\n|-heal|p1a: Seviper|86/287|[from] item: Leftovers\n|upkeep\n|\n|t:|1783543562\n|switch|p2a: Roaring Moon|Roaring Moon, L72|100/100\n|turn|18\n|inactive|Time left: 300 sec this turn | 300 sec total\n|\n|t:|1783543563\n|switch|p1a: Granbull|Granbull, L88, M|181/302 par\n|-damage|p1a: Granbull|144/302 par|[from] Stealth Rock\n|-ability|p1a: Granbull|Intimidate|boost\n|-unboost|p2a: Roaring Moon|atk|1\n|move|p2a: Roaring Moon|Knock Off|p1a: Granbull\n|-resisted|p1a: Granbull\n|-damage|p1a: Granbull|122/302 par\n|\n|upkeep\n|turn|19\n|inactive|Time left: 300 sec this turn | 300 sec total\n|\n|t:|1783543564\n|-end|p2a: Roaring Moon|Protosynthesis|[silent]\n|switch|p2a: Calyrex|Calyrex, L93|82/100\n|-ability|p2a: Calyrex|Unnerve\n|move|p1a: Granbull|Play Rough|p2a: Calyrex\n|-damage|p2a: Calyrex|46/100\n|\n|-heal|p2a: Calyrex|53/100|[from] item: Leftovers\n|upkeep\n|turn|20\n|inactive|Time left: 300 sec this turn | 300 sec total\n|\n|t:|1783543565\n|switch|p1a: Roaring Moon|Roaring Moon, L72|193/270\n|-damage|p1a: Roaring Moon|160/270|[from] Stealth Rock\n|move|p2a: Calyrex|Giga Drain|p1a: Roaring Moon\n|-resisted|p1a: Roaring Moon\n|-damage|p1a: Roaring Moon|113/270\n|-heal|p2a: Calyrex|60/100|[from] drain|[of] p1a: Roaring Moon\n|\n|-heal|p2a: Calyrex|66/100|[from] item: Leftovers\n|upkeep\n|turn|21\n|inactive|Time left: 300 sec this turn | 300 sec total\n|\n|t:|1783543566\n|move|p1a: Roaring Moon|Knock Off|p2a: Calyrex\n|-supereffective|p2a: Calyrex\n|-damage|p2a: Calyrex|9/100\n|-enditem|p2a: Calyrex|Leftovers|[from] move: Knock Off|[of] p1a: Roaring Moon\n|move|p2a: Calyrex|Body Press|p1a: Roaring Moon\n|-supereffective|p1a: Roaring Moon\n|-damage|p1a: Roaring Moon|0 fnt\n|faint|p1a: Roaring Moon\n|-end|p1a: Roaring Moon|Protosynthesis|[silent]\n|\n|upkeep\n|inactive|Time left: 300 sec this turn | 300 sec total | 5 sec grace\n|\n|t:|1783543567\n|switch|p1a: Delibird|Delibird, M, tera:Ice|87/252\n|turn|22\n|inactive|Time left: 300 sec this turn | 300 sec total\n|\n|t:|1783543568\n|move|p1a: Delibird|Ice Spinner|p2a: Calyrex|[miss]\n|-miss|p1a: Delibird|p2a: Calyrex\n|move|p2a: Calyrex|Giga Drain|p1a: Delibird\n|-damage|p1a: Delibird|0 fnt\n|-heal|p2a: Calyrex|22/100|[from] drain|[of] p1a: Delibird\n|faint|p1a: Delibird\n|\n|upkeep\n|inactive|Time left: 300 sec this turn | 300 sec total | 5 sec grace\n|\n|t:|1783543569\n|switch|p1a: Sableye|Sableye, L88, M|231/231\n|-damage|p1a: Sableye|203/231|[from] Stealth Rock\n|turn|23\n|inactive|Time left: 300 sec this turn | 300 sec total\n|\n|t:|1783543570\n|move|p2a: Calyrex|Giga Drain|p1a: Sableye\n|-damage|p1a: Sableye|110/231\n|-heal|p2a: Calyrex|36/100|[from] drain|[of] p1a: Sableye\n|move|p1a: Sableye|Knock Off|p2a: Calyrex\n|-supereffective|p2a: Calyrex\n|-damage|p2a: Calyrex|0 fnt\n|faint|p2a: Calyrex\n|\n|-heal|p1a: Sableye|124/231|[from] item: Leftovers\n|upkeep\n|\n|t:|1783543571\n|switch|p2a: Roaring Moon|Roaring Moon, L72|100/100\n|turn|24\n|inactive|Time left: 300 sec this turn | 300 sec total\n|\n|t:|1783543572\n|switch|p1a: Granbull|Granbull, L88, M|122/302 par\n|-damage|p1a: Granbull|85/302 par|[from] Stealth Rock\n|-ability|p1a: Granbull|Intimidate|boost\n|-unboost|p2a: Roaring Moon|atk|1\n|move|p2a: Roaring Moon|Dragon Dance|p2a: Roaring Moon\n|-boost|p2a: Roaring Moon|atk|1\n|-boost|p2a: Roaring Moon|spe|1\n|\n|upkeep\n|turn|25\n|inactive|Time left: 300 sec this turn | 300 sec total\n|\n|t:|1783543573\n|move|p2a: Roaring Moon|Iron Head|p1a: Granbull\n|-supereffective|p1a: Granbull\n|-damage|p1a: Granbull|0 fnt\n|faint|p1a: Granbull\n|\n|upkeep\n|inactive|Time left: 300 sec this turn | 300 sec total | 5 sec grace\n|\n|t:|1783543574\n|switch|p1a: Sableye|Sableye, L88, M|124/231\n|-damage|p1a: Sableye|96/231|[from] Stealth Rock\n|turn|26\n|inactive|Time left: 300 sec this turn | 300 sec total\n|\n|t:|1783543575\n|switch|p1a: Seviper|Seviper, L93, M|86/287\n|-damage|p1a: Seviper|51/287|[from] Stealth Rock\n|move|p2a: Roaring Moon|Outrage|p1a: Seviper\n|-damage|p1a: Seviper|0 fnt\n|faint|p1a: Seviper\n|\n|upkeep\n|inactive|Time left: 300 sec this turn | 300 sec total | 5 sec grace\n|\n|t:|1783543576\n|switch|p1a: Sableye|Sableye, L88, M|96/231\n|-damage|p1a: Sableye|68/231|[from] Stealth Rock\n|turn|27\n|inactive|Time left: 300 sec this turn | 300 sec total\n|\n|t:|1783543577\n|move|p1a: Sableye|Recover|p1a: Sableye\n|-heal|p1a: Sableye|184/231\n|move|p2a: Roaring Moon|Outrage|p1a: Sableye|[from] lockedmove\n|-damage|p1a: Sableye|54/231\n|\n|-heal|p1a: Sableye|68/231|[from] item: Leftovers\n|upkeep\n|turn|28\n|inactive|Time left: 300 sec this turn | 300 sec total\n|\n|t:|1783543578\n|move|p1a: Sableye|Recover|p1a: Sableye\n|-heal|p1a: Sableye|184/231\n|move|p2a: Roaring Moon|Outrage|p1a: Sableye|[from] lockedmove\n|-damage|p1a: Sableye|57/231\n|-start|p2a: Roaring Moon|confusion|[fatigue]\n|-enditem|p2a: Roaring Moon|Lum Berry|[eat]\n|-end|p2a: Roaring Moon|confusion\n|\n|-heal|p1a: Sableye|71/231|[from] item: Leftovers\n|upkeep\n|turn|29\n|inactive|Time left: 300 sec this turn | 300 sec total\n|\n|t:|1783543579\n|move|p1a: Sableye|Thunder Wave|p2a: Roaring Moon\n|-hint|Since gen 7, Dark is immune to Prankster moves.\n|-immune|p2a: Roaring Moon\n|move|p2a: Roaring Moon|Outrage|p1a: Sableye\n|-damage|p1a: Sableye|0 fnt\n|faint|p1a: Sableye\n|\n|win|p0y383a5be", "uploadtime": 1783543579, "views": 0, "rating": 0, "private": 0, "password": null, "_winner": "p0y383a5be", "_our_name": "p0x383408c"}