{"id": "battle-gen9randombattle-2571", "formatid": "gen9randombattle", "format": "[Gen 9] Random Battle", "players": ["p0x2571b3fc", "p0y2571f9e0"], "log": "|init|battle\n|title|p0x2571b3fc vs. p0y2571f9e0\n|j|\u2606p0x2571b3fc\n|j|\u2606p0y2571f9e0\n|t:|1783568774\n|gametype|singles\n|player|p1|p0x2571b3fc|265|\n|player|p2|p0y2571f9e0|102|\n|gen|9\n|tier|[Gen 9] Random Battle\n|rule|Species Clause: Limit one of each Pok\u00e9mon\n|rule|HP Percentage Mod: HP is shown in percentages\n|rule|Sleep Clause Mod: Limit one foe put to sleep\n|rule|Illusion Level Mod: Illusion disguises the Pok\u00e9mon's true level\n|\n|t:|1783568774\n|teamsize|p1|6\n|teamsize|p2|6\n|start\n|switch|p1a: Hitmonchan|Hitmonchan, L87, M|100/100\n|switch|p2a: Zangoose|Zangoose, L85, M|263/263\n|turn|1\n|inactive|Battle timer is ON: inactive players will automatically lose when time's up. (requested by p0x2571b3fc)\n|inactive|Time left: 300 sec this turn | 300 sec total | 60 sec grace\n|inactive|p0y2571f9e0 also wants the timer to be on.\n|\n|t:|1783568775\n|switch|p2a: Hippowdon|Hippowdon, L82, M|311/311\n|-weather|Sandstorm|[from] ability: Sand Stream|[of] p2a: Hippowdon\n|move|p1a: Hitmonchan|Drain Punch|p2a: Hippowdon\n|-damage|p2a: Hippowdon|198/311\n|-damage|p1a: Hitmonchan|84/100|[from] item: Rocky Helmet|[of] p2a: Hippowdon\n|-damage|p1a: Hitmonchan|74/100|[from] item: Life Orb\n|\n|-weather|Sandstorm|[upkeep]\n|-damage|p1a: Hitmonchan|68/100|[from] Sandstorm\n|upkeep\n|turn|2\n|inactive|Time left: 300 sec this turn | 300 sec total\n|\n|t:|1783568776\n|move|p1a: Hitmonchan|Drain Punch|p2a: Hippowdon\n|-damage|p2a: Hippowdon|80/311\n|-heal|p1a: Hitmonchan|94/100|[from] drain|[of] p2a: Hippowdon\n|-damage|p1a: Hitmonchan|77/100|[from] item: Rocky Helmet|[of] p2a: Hippowdon\n|-damage|p1a: Hitmonchan|68/100|[from] item: Life Orb\n|move|p2a: Hippowdon|Stealth Rock|p1a: Hitmonchan\n|-sidestart|p1: p0x2571b3fc|move: Stealth Rock\n|\n|-weather|Sandstorm|[upkeep]\n|-damage|p1a: Hitmonchan|62/100|[from] Sandstorm\n|upkeep\n|turn|3\n|inactive|Time left: 300 sec this turn | 300 sec total\n|\n|t:|1783568778\n|switch|p2a: Lugia|Lugia, L73|275/275\n|move|p1a: Hitmonchan|Drain Punch|p2a: Lugia\n|-resisted|p2a: Lugia\n|-damage|p2a: Lugia|261/275\n|-heal|p1a: Hitmonchan|65/100|[from] drain|[of] p2a: Lugia\n|-damage|p1a: Hitmonchan|55/100|[from] item: Life Orb\n|\n|-weather|Sandstorm|[upkeep]\n|-damage|p2a: Lugia|244/275|[from] Sandstorm\n|-damage|p1a: Hitmonchan|49/100|[from] Sandstorm\n|upkeep\n|turn|4\n|inactive|Time left: 300 sec this turn | 300 sec total\n|\n|t:|1783568779\n|-terastallize|p1a: Hitmonchan|Dark\n|move|p2a: Lugia|Aeroblast|p1a: Hitmonchan\n|-damage|p1a: Hitmonchan|21/100\n|move|p1a: Hitmonchan|Knock Off|p2a: Lugia\n|-supereffective|p2a: Lugia\n|-damage|p2a: Lugia|7/275\n|-enditem|p2a: Lugia|Heavy-Duty Boots|[from] move: Knock Off|[of] p1a: Hitmonchan\n|-damage|p1a: Hitmonchan|11/100|[from] item: Life Orb\n|\n|-weather|Sandstorm|[upkeep]\n|-damage|p2a: Lugia|0 fnt|[from] Sandstorm\n|-damage|p1a: Hitmonchan|5/100|[from] Sandstorm\n|faint|p2a: Lugia\n|upkeep\n|inactive|Time left: 300 sec this turn | 300 sec total | 5 sec grace\n|\n|t:|1783568780\n|switch|p2a: Bombirdier|Bombirdier, L85, F|258/258\n|turn|5\n|inactive|Time left: 300 sec this turn | 300 sec total\n|\n|t:|1783568781\n|move|p1a: Hitmonchan|Mach Punch|p2a: Bombirdier\n|-damage|p2a: Bombirdier|188/258\n|-damage|p1a: Hitmonchan|0 fnt|[from] item: Life Orb\n|faint|p1a: Hitmonchan\n|move|p2a: Bombirdier|Brave Bird|p1: Hitmonchan|[notarget]\n|-fail|p2a: Bombirdier\n|\n|-weather|none\n|upkeep\n|\n|t:|1783568782\n|switch|p1a: Mandibuzz|Mandibuzz, L85, F|100/100\n|turn|6\n|inactive|Time left: 300 sec this turn | 300 sec total\n|\n|t:|1783568783\n|move|p2a: Bombirdier|Brave Bird|p1a: Mandibuzz\n|-damage|p1a: Mandibuzz|50/100\n|-damage|p2a: Bombirdier|134/258|[from] Recoil\n|move|p1a: Mandibuzz|Foul Play|p2a: Bombirdier\n|-resisted|p2a: Bombirdier\n|-damage|p2a: Bombirdier|80/258\n|\n|upkeep\n|turn|7\n|inactive|Time left: 300 sec this turn | 300 sec total\n|\n|t:|1783568784\n|move|p2a: Bombirdier|Brave Bird|p1a: Mandibuzz\n|-damage|p1a: Mandibuzz|0 fnt\n|faint|p1a: Mandibuzz\n|-damage|p2a: Bombirdier|27/258|[from] Recoil\n|\n|upkeep\n|\n|t:|1783568785\n|switch|p1a: Gastrodon|Gastrodon-East, L86, F|100/100\n|-damage|p1a: Gastrodon|94/100|[from] Stealth Rock\n|turn|8\n|inactive|Time left: 300 sec this turn | 300 sec total\n|\n|t:|1783568786\n|move|p2a: Bombirdier|Brave Bird|p1a: Gastrodon\n|-damage|p1a: Gastrodon|24/100\n|-damage|p2a: Bombirdier|0 fnt|[from] Recoil\n|faint|p2a: Bombirdier\n|move|p1a: Gastrodon|Surf|p2: Bombirdier|[notarget]\n|-fail|p1a: Gastrodon\n|\n|-heal|p1a: Gastrodon|30/100|[from] item: Leftovers\n|upkeep\n|inactive|Time left: 300 sec this turn | 300 sec total | 5 sec grace\n|\n|t:|1783568787\n|switch|p2a: Zangoose|Zangoose, L85, M|263/263\n|turn|9\n|inactive|Time left: 300 sec this turn | 300 sec total\n|\n|t:|1783568788\n|switch|p1a: Pecharunt|Pecharunt, L77|100/100\n|-damage|p1a: Pecharunt|88/100|[from] Stealth Rock\n|move|p2a: Zangoose|Facade|p1a: Pecharunt\n|-immune|p1a: Pecharunt\n|\n|-heal|p1a: Pecharunt|94/100|[from] item: Leftovers\n|-status|p2a: Zangoose|tox|[from] item: Toxic Orb\n|upkeep\n|turn|10\n|inactive|Time left: 300 sec this turn | 300 sec total\n|\n|t:|1783568789\n|move|p2a: Zangoose|Swords Dance|p2a: Zangoose\n|-boost|p2a: Zangoose|atk|2\n|move|p1a: Pecharunt|Parting Shot|p2a: Zangoose\n|-unboost|p2a: Zangoose|atk|1\n|-unboost|p2a: Zangoose|spa|1\n|\n|t:|1783568790\n|switch|p1a: Empoleon|Empoleon, L84, F|100/100|[from] Parting Shot\n|-damage|p1a: Empoleon|94/100|[from] Stealth Rock\n|\n|-heal|p1a: Empoleon|100/100|[from] item: Leftovers\n|-damage|p2a: Zangoose|247/263 tox|[from] psn\n|upkeep\n|turn|11\n|inactive|Time left: 300 sec this turn | 300 sec total\n|\n|t:|1783568790\n|move|p2a: Zangoose|Close Combat|p1a: Empoleon\n|-supereffective|p1a: Empoleon\n|-damage|p1a: Empoleon|0 fnt\n|-unboost|p2a: Zangoose|def|1\n|-unboost|p2a: Zangoose|spd|1\n|faint|p1a: Empoleon\n|\n|-damage|p2a: Zangoose|215/263 tox|[from] psn\n|upkeep\n|\n|t:|1783568791\n|switch|p1a: Gastrodon|Gastrodon-East, L86, F|30/100\n|-damage|p1a: Gastrodon|24/100|[from] Stealth Rock\n|turn|12\n|inactive|Time left: 300 sec this turn | 300 sec total\n|\n|t:|1783568792\n|move|p2a: Zangoose|Knock Off|p1a: Gastrodon\n|-damage|p1a: Gastrodon|0 fnt\n|-enditem|p1a: Gastrodon|Leftovers|[from] move: Knock Off|[of] p2a: Zangoose\n|faint|p1a: Gastrodon\n|\n|-damage|p2a: Zangoose|167/263 tox|[from] psn\n|upkeep\n|\n|t:|1783568793\n|switch|p1a: Kommo-o|Kommo-o, L77, M|100/100\n|-damage|p1a: Kommo-o|94/100|[from] Stealth Rock\n|turn|13\n|inactive|Time left: 300 sec this turn | 300 sec total\n|\n|t:|1783568794\n|switch|p1a: Pecharunt|Pecharunt, L77|94/100\n|-damage|p1a: Pecharunt|82/100|[from] Stealth Rock\n|move|p2a: Zangoose|Facade|p1a: Pecharunt\n|-immune|p1a: Pecharunt\n|\n|-heal|p1a: Pecharunt|88/100|[from] item: Leftovers\n|-damage|p2a: Zangoose|103/263 tox|[from] psn\n|upkeep\n|turn|14\n|inactive|Time left: 300 sec this turn | 300 sec total\n|\n|t:|1783568794\n|switch|p1a: Kommo-o|Kommo-o, L77, M|94/100\n|-damage|p1a: Kommo-o|88/100|[from] Stealth Rock\n|move|p2a: Zangoose|Knock Off|p1a: Kommo-o\n|-resisted|p1a: Kommo-o\n|-damage|p1a: Kommo-o|57/100\n|-enditem|p1a: Kommo-o|Throat Spray|[from] move: Knock Off|[of] p2a: Zangoose\n|\n|-damage|p2a: Zangoose|23/263 tox|[from] psn\n|upkeep\n|turn|15\n|inactive|Time left: 300 sec this turn | 300 sec total\n|\n|t:|1783568795\n|switch|p2a: Scream Tail|Scream Tail, L84|330/330\n|switch|p1a: Pecharunt|Pecharunt, L77|88/100\n|-damage|p1a: Pecharunt|76/100|[from] Stealth Rock\n|\n|-heal|p1a: Pecharunt|82/100|[from] item: Leftovers\n|upkeep\n|turn|16\n|inactive|Time left: 300 sec this turn | 300 sec total\n|\n|t:|1783568796\n|move|p2a: Scream Tail|Wish|p2a: Scream Tail\n|move|p1a: Pecharunt|Malignant Chain|p2a: Scream Tail\n|-supereffective|p2a: Scream Tail\n|-damage|p2a: Scream Tail|192/330\n|\n|-heal|p2a: Scream Tail|212/330|[from] item: Leftovers\n|-heal|p1a: Pecharunt|88/100|[from] item: Leftovers\n|upkeep\n|turn|17\n|inactive|Time left: 300 sec this turn | 300 sec total\n|\n|t:|1783568797\n|-end|p2a: Scream Tail|Protosynthesis|[silent]\n|switch|p2a: Hippowdon|Hippowdon, L82, M|80/311\n|-weather|Sandstorm|[from] ability: Sand Stream|[of] p2a: Hippowdon\n|move|p1a: Pecharunt|Malignant Chain|p2a: Hippowdon\n|-resisted|p2a: Hippowdon\n|-damage|p2a: Hippowdon|29/311\n|\n|-weather|Sandstorm|[upkeep]\n|-damage|p1a: Pecharunt|82/100|[from] Sandstorm\n|-heal|p2a: Hippowdon|194/311|[from] move: Wish|[wisher] Scream Tail\n|-heal|p1a: Pecharunt|88/100|[from] item: Leftovers\n|upkeep\n|turn|18\n|inactive|Time left: 300 sec this turn | 300 sec total\n|\n|t:|1783568798\n|move|p1a: Pecharunt|Malignant Chain|p2a: Hippowdon\n|-resisted|p2a: Hippowdon\n|-damage|p2a: Hippowdon|145/311\n|-status|p2a: Hippowdon|tox\n|-start|p2a: Hippowdon|confusion|[from] ability: Poison Puppeteer|[of] p1a: Pecharunt\n|-activate|p2a: Hippowdon|confusion\n|-damage|p2a: Hippowdon|120/311 tox|[from] confusion\n|\n|-weather|Sandstorm|[upkeep]\n|-damage|p1a: Pecharunt|82/100|[from] Sandstorm\n|-heal|p1a: Pecharunt|88/100|[from] item: Leftovers\n|-damage|p2a: Hippowdon|101/311 tox|[from] psn\n|upkeep\n|turn|19\n|inactive|Time left: 300 sec this turn | 300 sec total\n|\n|t:|1783568799\n|move|p1a: Pecharunt|Shadow Ball|p2a: Hippowdon\n|-damage|p2a: Hippowdon|19/311 tox\n|-unboost|p2a: Hippowdon|spd|1\n|-end|p2a: Hippowdon|confusion\n|move|p2a: Hippowdon|Earthquake|p1a: Pecharunt\n|-supereffective|p1a: Pecharunt\n|-damage|p1a: Pecharunt|29/100\n|\n|-weather|Sandstorm|[upkeep]\n|-damage|p1a: Pecharunt|23/100|[from] Sandstorm\n|-heal|p1a: Pecharunt|29/100|[from] item: Leftovers\n|-damage|p2a: Hippowdon|0 fnt|[from] psn\n|faint|p2a: Hippowdon\n|upkeep\n|inactive|Time left: 300 sec this turn | 300 sec total | 5 sec grace\n|\n|t:|1783568800\n|switch|p2a: Zangoose|Zangoose, L85, M|23/263 tox\n|turn|20\n|inactive|Time left: 300 sec this turn | 300 sec total\n|\n|t:|1783568801\n|switch|p1a: Kommo-o|Kommo-o, L77, M|57/100\n|-damage|p1a: Kommo-o|50/100|[from] Stealth Rock\n|move|p2a: Zangoose|Knock Off|p1a: Kommo-o\n|-resisted|p1a: Kommo-o\n|-damage|p1a: Kommo-o|38/100\n|\n|-weather|Sandstorm|[upkeep]\n|-damage|p2a: Zangoose|7/263 tox|[from] Sandstorm\n|-damage|p1a: Kommo-o|31/100|[from] Sandstorm\n|-damage|p2a: Zangoose|0 fnt|[from] psn\n|faint|p2a: Zangoose\n|upkeep\n|inactive|Time left: 300 sec this turn | 300 sec total | 5 sec grace\n|\n|t:|1783568802\n|switch|p2a: Arcanine|Arcanine, L84, F|288/288\n|-ability|p2a: Arcanine|Intimidate|boost\n|-unboost|p1a: Kommo-o|atk|1\n|turn|21\n|inactive|Time left: 300 sec this turn | 300 sec total\n|\n|t:|1783568803\n|switch|p1a: Pecharunt|Pecharunt, L77|29/100\n|-damage|p1a: Pecharunt|17/100|[from] Stealth Rock\n|-terastallize|p2a: Arcanine|Normal\n|move|p2a: Arcanine|Extreme Speed|p1a: Pecharunt\n|-immune|p1a: Pecharunt\n|\n|-weather|none\n|-heal|p1a: Pecharunt|23/100|[from] item: Leftovers\n|upkeep\n|turn|22\n|inactive|Time left: 300 sec this turn | 300 sec total\n|\n|t:|1783568803\n|switch|p1a: Kommo-o|Kommo-o, L77, M|31/100\n|-damage|p1a: Kommo-o|25/100|[from] Stealth Rock\n|move|p2a: Arcanine|Flare Blitz|p1a: Kommo-o\n|-resisted|p1a: Kommo-o\n|-damage|p1a: Kommo-o|0 fnt\n|faint|p1a: Kommo-o\n|-damage|p2a: Arcanine|268/288|[from] Recoil\n|\n|upkeep\n|\n|t:|1783568804\n|switch|p1a: Pecharunt|Pecharunt, L77|23/100\n|-damage|p1a: Pecharunt|10/100|[from] Stealth Rock\n|turn|23\n|inactive|Time left: 300 sec this turn | 300 sec total\n|\n|t:|1783568805\n|move|p2a: Arcanine|Flare Blitz|p1a: Pecharunt\n|-damage|p1a: Pecharunt|0 fnt\n|faint|p1a: Pecharunt\n|-damage|p2a: Arcanine|259/288|[from] Recoil\n|\n|win|p0y2571f9e0", "uploadtime": 1783568805, "views": 0, "rating": 0, "private": 0, "password": null, "_winner": "p0y2571f9e0", "_our_name": "p0y2571f9e0"}