{"id": "battle-gen9randombattle-1289", "formatid": "gen9randombattle", "format": "[Gen 9] Random Battle", "players": ["p0x1289c227", "p0y1289b7eb"], "log": "|init|battle\n|title|p0x1289c227 vs. p0y1289b7eb\n|j|\u2606p0x1289c227\n|j|\u2606p0y1289b7eb\n|t:|1783554077\n|gametype|singles\n|player|p1|p0x1289c227|2|\n|player|p2|p0y1289b7eb|266|\n|gen|9\n|tier|[Gen 9] Random Battle\n|rule|Species Clause: Limit one of each Pok\u00e9mon\n|rule|HP Percentage Mod: HP is shown in percentages\n|rule|Sleep Clause Mod: Limit one foe put to sleep\n|rule|Illusion Level Mod: Illusion disguises the Pok\u00e9mon's true level\n|\n|t:|1783554077\n|teamsize|p1|6\n|teamsize|p2|6\n|start\n|switch|p1a: Chien-Pao|Chien-Pao, L72|234/234\n|switch|p2a: Gengar|Gengar, L81, F|100/100\n|-ability|p1a: Chien-Pao|Sword of Ruin\n|turn|1\n|inactive|Battle timer is ON: inactive players will automatically lose when time's up. (requested by p0y1289b7eb)\n|inactive|Time left: 300 sec this turn | 300 sec total | 60 sec grace\n|inactive|p0x1289c227 also wants the timer to be on.\n|\n|t:|1783554079\n|switch|p2a: Pelipper|Pelipper, L86, F|100/100\n|-weather|RainDance|[from] ability: Drizzle|[of] p2a: Pelipper\n|move|p1a: Chien-Pao|Throat Chop|p2a: Pelipper\n|-damage|p2a: Pelipper|47/100\n|-start|p2a: Pelipper|Throat Chop|[silent]\n|\n|-weather|RainDance|[upkeep]\n|upkeep\n|turn|2\n|inactive|Time left: 300 sec this turn | 300 sec total\n|\n|t:|1783554081\n|move|p1a: Chien-Pao|Throat Chop|p2a: Pelipper\n|-damage|p2a: Pelipper|0 fnt\n|faint|p2a: Pelipper\n|\n|-weather|RainDance|[upkeep]\n|upkeep\n|\n|t:|1783554082\n|switch|p2a: Vikavolt|Vikavolt, L83, M|100/100\n|turn|3\n|inactive|Time left: 300 sec this turn | 300 sec total\n|\n|t:|1783554083\n|move|p1a: Chien-Pao|Throat Chop|p2a: Vikavolt\n|-damage|p2a: Vikavolt|48/100\n|-start|p2a: Vikavolt|Throat Chop|[silent]\n|move|p2a: Vikavolt|Sticky Web|p1a: Chien-Pao\n|-sidestart|p1: p0x1289c227|move: Sticky Web\n|\n|-weather|RainDance|[upkeep]\n|upkeep\n|turn|4\n|inactive|Time left: 300 sec this turn | 300 sec total\n|\n|t:|1783554084\n|move|p1a: Chien-Pao|Throat Chop|p2a: Vikavolt\n|-damage|p2a: Vikavolt|0 fnt\n|faint|p2a: Vikavolt\n|\n|-weather|RainDance|[upkeep]\n|upkeep\n|\n|t:|1783554085\n|switch|p2a: Sneasler|Sneasler, L74, M|100/100\n|turn|5\n|inactive|Time left: 300 sec this turn | 300 sec total\n|\n|t:|1783554086\n|switch|p1a: Armarouge|Armarouge, L80, F|267/267\n|-activate|p1a: Armarouge|move: Sticky Web\n|-unboost|p1a: Armarouge|spe|1\n|move|p2a: Sneasler|Close Combat|p1a: Armarouge\n|-resisted|p1a: Armarouge\n|-damage|p1a: Armarouge|210/267\n|-unboost|p2a: Sneasler|def|1\n|-unboost|p2a: Sneasler|spd|1\n|-ability|p1a: Armarouge|Weak Armor|boost\n|-unboost|p1a: Armarouge|def|1\n|-boost|p1a: Armarouge|spe|2\n|-enditem|p2a: Sneasler|White Herb\n|-clearnegativeboost|p2a: Sneasler|[silent]\n|\n|-weather|none\n|upkeep\n|turn|6\n|inactive|Time left: 300 sec this turn | 300 sec total\n|\n|t:|1783554088\n|move|p2a: Sneasler|Gunk Shot|p1a: Armarouge\n|-damage|p1a: Armarouge|29/267\n|-status|p1a: Armarouge|psn\n|-ability|p1a: Armarouge|Weak Armor|boost\n|-unboost|p1a: Armarouge|def|1\n|-boost|p1a: Armarouge|spe|2\n|move|p1a: Armarouge|Armor Cannon|p2a: Sneasler\n|-damage|p2a: Sneasler|0 fnt\n|-unboost|p1a: Armarouge|def|1\n|-unboost|p1a: Armarouge|spd|1\n|faint|p2a: Sneasler\n|\n|-damage|p1a: Armarouge|0 fnt|[from] psn\n|faint|p1a: Armarouge\n|upkeep\n|inactive|Time left: 300 sec this turn | 300 sec total | 5 sec grace\n|\n|t:|1783554089\n|switch|p2a: Tatsugiri|Tatsugiri, L87, F|100/100\n|switch|p1a: Flamigo|Flamigo, L82, M|269/269\n|turn|7\n|inactive|Time left: 300 sec this turn | 300 sec total\n|\n|t:|1783554090\n|move|p1a: Flamigo|Close Combat|p2a: Tatsugiri\n|-damage|p2a: Tatsugiri|5/100\n|-unboost|p1a: Flamigo|def|1\n|-unboost|p1a: Flamigo|spd|1\n|move|p2a: Tatsugiri|Draco Meteor|p1a: Flamigo\n|-damage|p1a: Flamigo|0 fnt\n|-unboost|p2a: Tatsugiri|spa|2\n|faint|p1a: Flamigo\n|\n|upkeep\n|inactive|Time left: 300 sec this turn | 300 sec total | 5 sec grace\n|\n|t:|1783554091\n|switch|p1a: Grumpig|Grumpig, L92, F|297/297\n|-activate|p1a: Grumpig|move: Sticky Web\n|-unboost|p1a: Grumpig|spe|1\n|turn|8\n|inactive|Time left: 300 sec this turn | 300 sec total\n|\n|t:|1783554092\n|move|p2a: Tatsugiri|Rapid Spin|p1a: Grumpig\n|-damage|p1a: Grumpig|269/297\n|-boost|p2a: Tatsugiri|spe|1\n|move|p1a: Grumpig|Nasty Plot|p1a: Grumpig\n|-boost|p1a: Grumpig|spa|2\n|\n|-heal|p1a: Grumpig|287/297|[from] item: Leftovers\n|upkeep\n|turn|9\n|inactive|Time left: 300 sec this turn | 300 sec total\n|\n|t:|1783554093\n|move|p2a: Tatsugiri|Draco Meteor|p1a: Grumpig\n|-damage|p1a: Grumpig|215/297\n|-unboost|p2a: Tatsugiri|spa|2\n|move|p1a: Grumpig|Earth Power|p2a: Tatsugiri\n|-damage|p2a: Tatsugiri|0 fnt\n|faint|p2a: Tatsugiri\n|\n|-heal|p1a: Grumpig|233/297|[from] item: Leftovers\n|upkeep\n|\n|t:|1783554094\n|switch|p2a: Cyclizar|Cyclizar, L84, F|100/100\n|turn|10\n|inactive|Time left: 300 sec this turn | 300 sec total\n|\n|t:|1783554095\n|-terastallize|p1a: Grumpig|Ground\n|move|p2a: Cyclizar|Knock Off|p1a: Grumpig\n|-damage|p1a: Grumpig|162/297\n|-enditem|p1a: Grumpig|Leftovers|[from] move: Knock Off|[of] p2a: Cyclizar\n|move|p1a: Grumpig|Earth Power|p2a: Cyclizar\n|-damage|p2a: Cyclizar|0 fnt\n|faint|p2a: Cyclizar\n|\n|upkeep\n|\n|t:|1783554096\n|switch|p2a: Gengar|Gengar, L81, F|100/100\n|turn|11\n|inactive|Time left: 300 sec this turn | 300 sec total\n|\n|t:|1783554097\n|move|p2a: Gengar|Sludge Wave|p1a: Grumpig\n|-resisted|p1a: Grumpig\n|-damage|p1a: Grumpig|106/297\n|-damage|p2a: Gengar|90/100|[from] item: Life Orb\n|move|p1a: Grumpig|Earth Power|p2a: Gengar\n|-supereffective|p2a: Gengar\n|-damage|p2a: Gengar|0 fnt\n|-start|p1a: Grumpig|Disable|Earth Power|[from] ability: Cursed Body|[of] p2a: Gengar\n|faint|p2a: Gengar\n|\n|win|p0x1289c227", "uploadtime": 1783554097, "views": 0, "rating": 0, "private": 0, "password": null, "_winner": "p0x1289c227", "_our_name": "p0x1289c227"}