{"id": "battle-gen9randombattle-1691", "formatid": "gen9randombattle", "format": "[Gen 9] Random Battle", "players": ["p0x1691a986", "p0y169149ed"], "log": "|init|battle\n|title|p0x1691a986 vs. p0y169149ed\n|j|\u2606p0x1691a986\n|j|\u2606p0y169149ed\n|t:|1783558815\n|gametype|singles\n|player|p1|p0x1691a986|2|\n|player|p2|p0y169149ed|2|\n|gen|9\n|tier|[Gen 9] Random Battle\n|rule|Species Clause: Limit one of each Pok\u00e9mon\n|rule|HP Percentage Mod: HP is shown in percentages\n|rule|Sleep Clause Mod: Limit one foe put to sleep\n|rule|Illusion Level Mod: Illusion disguises the Pok\u00e9mon's true level\n|\n|t:|1783558815\n|teamsize|p1|6\n|teamsize|p2|6\n|start\n|switch|p1a: Sinistcha|Sinistcha, L83|100/100\n|switch|p2a: Snorlax|Snorlax, L82, F|397/397\n|turn|1\n|inactive|Battle timer is ON: inactive players will automatically lose when time's up. (requested by p0x1691a986)\n|inactive|Time left: 300 sec this turn | 300 sec total | 60 sec grace\n|inactive|p0y169149ed also wants the timer to be on.\n|\n|t:|1783558816\n|move|p1a: Sinistcha|Calm Mind|p1a: Sinistcha\n|-boost|p1a: Sinistcha|spa|1\n|-boost|p1a: Sinistcha|spd|1\n|move|p2a: Snorlax|Body Slam|p1a: Sinistcha\n|-immune|p1a: Sinistcha\n|\n|upkeep\n|turn|2\n|inactive|Time left: 300 sec this turn | 300 sec total\n|\n|t:|1783558817\n|switch|p2a: Hariyama|Hariyama, L87, M|392/392\n|move|p1a: Sinistcha|Calm Mind|p1a: Sinistcha\n|-boost|p1a: Sinistcha|spa|1\n|-boost|p1a: Sinistcha|spd|1\n|\n|upkeep\n|turn|3\n|inactive|Time left: 300 sec this turn | 300 sec total\n|\n|t:|1783558818\n|move|p1a: Sinistcha|Matcha Gotcha|p2a: Hariyama|[miss]\n|-miss|p1a: Sinistcha|p2a: Hariyama\n|move|p2a: Hariyama|Knock Off|p1a: Sinistcha\n|-supereffective|p1a: Sinistcha\n|-damage|p1a: Sinistcha|38/100\n|-enditem|p1a: Sinistcha|Leftovers|[from] move: Knock Off|[of] p2a: Hariyama\n|\n|upkeep\n|turn|4\n|inactive|Time left: 300 sec this turn | 300 sec total\n|\n|t:|1783558819\n|move|p1a: Sinistcha|Strength Sap|p2a: Hariyama\n|-unboost|p2a: Hariyama|atk|1\n|-heal|p1a: Sinistcha|100/100\n|move|p2a: Hariyama|Knock Off|p1a: Sinistcha\n|-supereffective|p1a: Sinistcha\n|-damage|p1a: Sinistcha|74/100\n|\n|upkeep\n|turn|5\n|inactive|Time left: 300 sec this turn | 300 sec total\n|\n|t:|1783558820\n|switch|p2a: Scyther|Scyther, L82, M|249/249\n|move|p1a: Sinistcha|Matcha Gotcha|p2a: Scyther\n|-resisted|p2a: Scyther\n|-damage|p2a: Scyther|190/249\n|-heal|p1a: Sinistcha|86/100|[from] drain|[of] p2a: Scyther\n|\n|upkeep\n|turn|6\n|inactive|Time left: 300 sec this turn | 300 sec total\n|\n|t:|1783558821\n|-terastallize|p1a: Sinistcha|Steel\n|move|p2a: Scyther|Dual Wingbeat|p1a: Sinistcha\n|-resisted|p1a: Sinistcha\n|-damage|p1a: Sinistcha|75/100\n|-resisted|p1a: Sinistcha\n|-damage|p1a: Sinistcha|63/100\n|-hitcount|p1a: Sinistcha|2\n|move|p1a: Sinistcha|Shadow Ball|p2a: Scyther\n|-damage|p2a: Scyther|0 fnt\n|faint|p2a: Scyther\n|\n|upkeep\n|inactive|Time left: 300 sec this turn | 300 sec total | 5 sec grace\n|\n|t:|1783558822\n|switch|p2a: Hariyama|Hariyama, L87, M|392/392\n|turn|7\n|inactive|Time left: 300 sec this turn | 300 sec total\n|\n|t:|1783558823\n|move|p1a: Sinistcha|Strength Sap|p2a: Hariyama\n|-unboost|p2a: Hariyama|atk|1\n|-heal|p1a: Sinistcha|100/100\n|move|p2a: Hariyama|Close Combat|p1a: Sinistcha\n|-supereffective|p1a: Sinistcha\n|-damage|p1a: Sinistcha|22/100\n|-unboost|p2a: Hariyama|def|1\n|-unboost|p2a: Hariyama|spd|1\n|\n|upkeep\n|turn|8\n|inactive|Time left: 300 sec this turn | 300 sec total\n|\n|t:|1783558824\n|move|p1a: Sinistcha|Strength Sap|p2a: Hariyama\n|-unboost|p2a: Hariyama|atk|1\n|-heal|p1a: Sinistcha|89/100\n|move|p2a: Hariyama|Close Combat|p1a: Sinistcha\n|-supereffective|p1a: Sinistcha\n|-damage|p1a: Sinistcha|30/100\n|-unboost|p2a: Hariyama|def|1\n|-unboost|p2a: Hariyama|spd|1\n|\n|upkeep\n|turn|9\n|inactive|Time left: 300 sec this turn | 300 sec total\n|\n|t:|1783558825\n|switch|p2a: Snorlax|Snorlax, L82, F|397/397\n|move|p1a: Sinistcha|Matcha Gotcha|p2a: Snorlax\n|-damage|p2a: Snorlax|231/397\n|-heal|p1a: Sinistcha|63/100|[from] drain|[of] p2a: Snorlax\n|\n|-heal|p2a: Snorlax|255/397|[from] item: Leftovers\n|upkeep\n|turn|10\n|inactive|Time left: 300 sec this turn | 300 sec total\n|\n|t:|1783558826\n|move|p1a: Sinistcha|Matcha Gotcha|p2a: Snorlax\n|-damage|p2a: Snorlax|80/397\n|-heal|p1a: Sinistcha|98/100|[from] drain|[of] p2a: Snorlax\n|move|p2a: Snorlax|Body Slam|p1a: Sinistcha\n|-resisted|p1a: Sinistcha\n|-damage|p1a: Sinistcha|81/100\n|\n|-heal|p2a: Snorlax|104/397|[from] item: Leftovers\n|upkeep\n|turn|11\n|inactive|Time left: 300 sec this turn | 300 sec total\n|\n|t:|1783558827\n|-terastallize|p2a: Snorlax|Poison\n|move|p1a: Sinistcha|Matcha Gotcha|p2a: Snorlax\n|-resisted|p2a: Snorlax\n|-damage|p2a: Snorlax|13/397\n|-heal|p1a: Sinistcha|99/100|[from] drain|[of] p2a: Snorlax\n|move|p2a: Snorlax|Rest|p2a: Snorlax\n|-status|p2a: Snorlax|slp|[from] move: Rest\n|-heal|p2a: Snorlax|397/397 slp|[silent]\n|\n|upkeep\n|turn|12\n|inactive|Time left: 300 sec this turn | 300 sec total\n|\n|t:|1783558828\n|move|p1a: Sinistcha|Shadow Ball|p2a: Snorlax\n|-damage|p2a: Snorlax|223/397 slp\n|-unboost|p2a: Snorlax|spd|1\n|cant|p2a: Snorlax|slp\n|move|p2a: Snorlax|Sleep Talk|p2a: Snorlax\n|move|p2a: Snorlax|Body Slam|p1a: Sinistcha|[from] move: Sleep Talk\n|-resisted|p1a: Sinistcha\n|-damage|p1a: Sinistcha|82/100\n|-status|p1a: Sinistcha|par\n|\n|-heal|p2a: Snorlax|247/397 slp|[from] item: Leftovers\n|upkeep\n|turn|13\n|inactive|Time left: 300 sec this turn | 300 sec total\n|\n|t:|1783558829\n|switch|p2a: Hariyama|Hariyama, L87, M|392/392\n|cant|p1a: Sinistcha|par\n|\n|upkeep\n|turn|14\n|inactive|Time left: 300 sec this turn | 300 sec total\n|\n|t:|1783558830\n|switch|p1a: Calyrex|Calyrex-Ice, L72|100/100\n|-ability|p1a: Calyrex|As One\n|-ability|p1a: Calyrex|Unnerve\n|move|p2a: Hariyama|Close Combat|p1a: Calyrex\n|-damage|p1a: Calyrex|56/100\n|-unboost|p2a: Hariyama|def|1\n|-unboost|p2a: Hariyama|spd|1\n|\n|upkeep\n|turn|15\n|inactive|Time left: 300 sec this turn | 300 sec total\n|\n|t:|1783558831\n|move|p2a: Hariyama|Close Combat|p1a: Calyrex\n|-damage|p1a: Calyrex|12/100\n|-unboost|p2a: Hariyama|def|1\n|-unboost|p2a: Hariyama|spd|1\n|move|p1a: Calyrex|High Horsepower|p2a: Hariyama\n|-damage|p2a: Hariyama|209/392\n|\n|upkeep\n|turn|16\n|inactive|Time left: 300 sec this turn | 300 sec total\n|\n|t:|1783558832\n|switch|p1a: Manaphy|Manaphy, L78|100/100\n|move|p2a: Hariyama|Close Combat|p1a: Manaphy\n|-damage|p1a: Manaphy|47/100\n|-unboost|p2a: Hariyama|def|1\n|-unboost|p2a: Hariyama|spd|1\n|\n|-heal|p1a: Manaphy|53/100|[from] item: Leftovers\n|upkeep\n|turn|17\n|inactive|Time left: 300 sec this turn | 300 sec total\n|\n|t:|1783558833\n|move|p1a: Manaphy|Hydro Pump|p2a: Hariyama\n|-damage|p2a: Hariyama|0 fnt\n|faint|p2a: Hariyama\n|\n|-heal|p1a: Manaphy|59/100|[from] item: Leftovers\n|upkeep\n|inactive|Time left: 300 sec this turn | 300 sec total | 5 sec grace\n|\n|t:|1783558834\n|switch|p2a: Manaphy|Manaphy, L78|284/284\n|turn|18\n|inactive|Time left: 300 sec this turn | 300 sec total\n|\n|t:|1783558835\n|move|p1a: Manaphy|Tail Glow|p1a: Manaphy\n|-boost|p1a: Manaphy|spa|3\n|move|p2a: Manaphy|Tail Glow|p2a: Manaphy\n|-boost|p2a: Manaphy|spa|3\n|\n|-heal|p1a: Manaphy|65/100|[from] item: Leftovers\n|upkeep\n|turn|19\n|inactive|Time left: 300 sec this turn | 300 sec total\n|\n|t:|1783558836\n|move|p1a: Manaphy|Energy Ball|p2a: Manaphy\n|-supereffective|p2a: Manaphy\n|-damage|p2a: Manaphy|26/284\n|move|p2a: Manaphy|Energy Ball|p1a: Manaphy\n|-supereffective|p1a: Manaphy\n|-damage|p1a: Manaphy|0 fnt\n|faint|p1a: Manaphy\n|\n|-heal|p2a: Manaphy|43/284|[from] item: Leftovers\n|upkeep\n|\n|t:|1783558837\n|switch|p1a: Indeedee|Indeedee, L84, M|100/100\n|-fieldstart|move: Psychic Terrain|[from] ability: Psychic Surge|[of] p1a: Indeedee\n|turn|20\n|inactive|Time left: 300 sec this turn | 300 sec total\n|\n|t:|1783558838\n|switch|p2a: Snorlax|Snorlax, L82, F, tera:Poison|247/397 slp\n|move|p1a: Indeedee|Expanding Force|p2a: Snorlax\n|-supereffective|p2a: Snorlax\n|-damage|p2a: Snorlax|0 fnt\n|faint|p2a: Snorlax\n|\n|upkeep\n|inactive|Time left: 300 sec this turn | 300 sec total | 5 sec grace\n|\n|t:|1783558839\n|switch|p2a: Cramorant|Cramorant, L86, F|261/261\n|turn|21\n|inactive|Time left: 300 sec this turn | 300 sec total\n|\n|t:|1783558840\n|move|p1a: Indeedee|Expanding Force|p2a: Cramorant\n|-damage|p2a: Cramorant|95/261\n|move|p2a: Cramorant|Surf|p1a: Indeedee\n|-formechange|p2a: Cramorant|Cramorant-Gorging|\n|-damage|p1a: Indeedee|65/100\n|\n|upkeep\n|turn|22\n|inactive|Time left: 300 sec this turn | 300 sec total\n|\n|t:|1783558841\n|move|p1a: Indeedee|Expanding Force|p2a: Cramorant\n|-damage|p2a: Cramorant|0 fnt\n|-damage|p1a: Indeedee|40/100|[from] ability: Gulp Missile|[of] p2a: Cramorant\n|-status|p1a: Indeedee|par\n|-formechange|p2a: Cramorant|Cramorant|\n|faint|p2a: Cramorant\n|\n|upkeep\n|inactive|Time left: 300 sec this turn | 300 sec total | 5 sec grace\n|\n|t:|1783558842\n|switch|p2a: Cobalion|Cobalion, L80|277/277\n|turn|23\n|inactive|Time left: 300 sec this turn | 300 sec total\n|\n|t:|1783558843\n|move|p2a: Cobalion|Calm Mind|p2a: Cobalion\n|-boost|p2a: Cobalion|spa|1\n|-boost|p2a: Cobalion|spd|1\n|move|p1a: Indeedee|Expanding Force|p2a: Cobalion\n|-damage|p2a: Cobalion|141/277\n|\n|-heal|p2a: Cobalion|158/277|[from] item: Leftovers\n|upkeep\n|turn|24\n|inactive|Time left: 300 sec this turn | 300 sec total\n|\n|t:|1783558844\n|move|p2a: Cobalion|Calm Mind|p2a: Cobalion\n|-boost|p2a: Cobalion|spa|1\n|-boost|p2a: Cobalion|spd|1\n|move|p1a: Indeedee|Expanding Force|p2a: Cobalion\n|-damage|p2a: Cobalion|43/277\n|\n|-heal|p2a: Cobalion|60/277|[from] item: Leftovers\n|-fieldend|move: Psychic Terrain\n|upkeep\n|turn|25\n|inactive|Time left: 300 sec this turn | 300 sec total\n|\n|t:|1783558846\n|switch|p1a: Calyrex|Calyrex-Ice, L72|12/100\n|-ability|p1a: Calyrex|As One\n|-ability|p1a: Calyrex|Unnerve\n|move|p2a: Cobalion|Aura Sphere|p1a: Calyrex\n|-damage|p1a: Calyrex|0 fnt\n|faint|p1a: Calyrex\n|\n|-heal|p2a: Cobalion|77/277|[from] item: Leftovers\n|upkeep\n|\n|t:|1783558846\n|switch|p1a: Rampardos|Rampardos, L90, F|100/100\n|turn|26\n|inactive|Time left: 300 sec this turn | 300 sec total\n|\n|t:|1783558848\n|move|p1a: Rampardos|Fire Punch|p2a: Cobalion\n|-supereffective|p2a: Cobalion\n|-damage|p2a: Cobalion|0 fnt\n|faint|p2a: Cobalion\n|\n|upkeep\n|inactive|Time left: 300 sec this turn | 300 sec total | 5 sec grace\n|\n|t:|1783558848\n|switch|p2a: Manaphy|Manaphy, L78|43/284\n|turn|27\n|inactive|Time left: 300 sec this turn | 300 sec total\n|\n|t:|1783558849\n|move|p1a: Rampardos|Fire Punch|p2a: Manaphy\n|-resisted|p2a: Manaphy\n|-damage|p2a: Manaphy|0 fnt\n|faint|p2a: Manaphy\n|\n|win|p0x1691a986", "uploadtime": 1783558849, "views": 0, "rating": 0, "private": 0, "password": null, "_winner": "p0x1691a986", "_our_name": "p0y169149ed"}