{"id": "battle-gen9randombattle-426", "formatid": "gen9randombattle", "format": "[Gen 9] Random Battle", "players": ["p0x426fc40", "p0y426ee0b"], "log": "|init|battle\n|title|p0x426fc40 vs. p0y426ee0b\n|j|\u2606p0x426fc40\n|j|\u2606p0y426ee0b\n|t:|1783544666\n|gametype|singles\n|player|p1|p0x426fc40|170|\n|player|p2|p0y426ee0b|169|\n|gen|9\n|tier|[Gen 9] Random Battle\n|rule|Species Clause: Limit one of each Pok\u00e9mon\n|rule|HP Percentage Mod: HP is shown in percentages\n|rule|Sleep Clause Mod: Limit one foe put to sleep\n|rule|Illusion Level Mod: Illusion disguises the Pok\u00e9mon's true level\n|\n|t:|1783544666\n|teamsize|p1|6\n|teamsize|p2|6\n|start\n|switch|p1a: Trevenant|Trevenant, L89, M|100/100\n|switch|p2a: Orthworm|Orthworm, L88, M|266/266\n|turn|1\n|inactive|Battle timer is ON: inactive players will automatically lose when time's up. (requested by p0x426fc40)\n|inactive|Time left: 300 sec this turn | 300 sec total | 60 sec grace\n|inactive|p0y426ee0b also wants the timer to be on.\n|\n|t:|1783544668\n|move|p2a: Orthworm|Coil|p2a: Orthworm\n|-boost|p2a: Orthworm|atk|1\n|-boost|p2a: Orthworm|def|1\n|-boost|p2a: Orthworm|accuracy|1\n|move|p1a: Trevenant|Poltergeist|p2a: Orthworm\n|-activate|p2a: Orthworm|move: Poltergeist|Chesto Berry\n|-damage|p2a: Orthworm|200/266\n|\n|upkeep\n|turn|2\n|inactive|Time left: 300 sec this turn | 300 sec total\n|\n|t:|1783544669\n|switch|p1a: Raging Bolt|Raging Bolt, L78|100/100\n|move|p2a: Orthworm|Coil|p2a: Orthworm\n|-boost|p2a: Orthworm|atk|1\n|-boost|p2a: Orthworm|def|1\n|-boost|p2a: Orthworm|accuracy|1\n|\n|upkeep\n|turn|3\n|inactive|Time left: 300 sec this turn | 300 sec total\n|\n|t:|1783544671\n|move|p2a: Orthworm|Body Press|p1a: Raging Bolt\n|-damage|p1a: Raging Bolt|48/100\n|move|p1a: Raging Bolt|Thunderbolt|p2a: Orthworm\n|-damage|p2a: Orthworm|59/266\n|\n|-heal|p1a: Raging Bolt|54/100|[from] item: Leftovers\n|upkeep\n|turn|4\n|inactive|Time left: 300 sec this turn | 300 sec total\n|\n|t:|1783544672\n|move|p2a: Orthworm|Rest|p2a: Orthworm\n|-status|p2a: Orthworm|slp|[from] move: Rest\n|-heal|p2a: Orthworm|266/266 slp|[silent]\n|-enditem|p2a: Orthworm|Chesto Berry|[eat]\n|-curestatus|p2a: Orthworm|slp|[msg]\n|move|p1a: Raging Bolt|Thunderbolt|p2a: Orthworm\n|-damage|p2a: Orthworm|121/266\n|\n|-heal|p1a: Raging Bolt|61/100|[from] item: Leftovers\n|upkeep\n|turn|5\n|inactive|Time left: 300 sec this turn | 300 sec total\n|\n|t:|1783544673\n|move|p2a: Orthworm|Body Press|p1a: Raging Bolt\n|-damage|p1a: Raging Bolt|4/100\n|move|p1a: Raging Bolt|Thunderbolt|p2a: Orthworm\n|-damage|p2a: Orthworm|0 fnt\n|faint|p2a: Orthworm\n|\n|-heal|p1a: Raging Bolt|10/100|[from] item: Leftovers\n|upkeep\n|inactive|Time left: 300 sec this turn | 300 sec total | 5 sec grace\n|\n|t:|1783544674\n|switch|p2a: Clefable|Clefable, L83, F|293/293\n|turn|6\n|inactive|Time left: 300 sec this turn | 300 sec total\n|\n|t:|1783544675\n|-end|p1a: Raging Bolt|Protosynthesis|[silent]\n|switch|p1a: Slaking|Slaking, L84, M|100/100\n|move|p2a: Clefable|Moonblast|p1a: Slaking\n|-damage|p1a: Slaking|70/100\n|\n|upkeep\n|turn|7\n|inactive|Time left: 300 sec this turn | 300 sec total\n|\n|t:|1783544676\n|switch|p2a: Stonjourner|Stonjourner, L91, M|330/330\n|move|p1a: Slaking|Giga Impact|p2a: Stonjourner\n|-resisted|p2a: Stonjourner\n|-damage|p2a: Stonjourner|209/330\n|-mustrecharge|p1a: Slaking\n|\n|upkeep\n|turn|8\n|inactive|Time left: 300 sec this turn | 300 sec total\n|\n|t:|1783544677\n|cant|p1a: Slaking|recharge\n|move|p2a: Stonjourner|Stealth Rock|p1a: Slaking\n|-sidestart|p1: p0x426fc40|move: Stealth Rock\n|\n|upkeep\n|turn|9\n|inactive|Time left: 300 sec this turn | 300 sec total\n|\n|t:|1783544678\n|move|p1a: Slaking|Giga Impact|p2a: Stonjourner\n|-resisted|p2a: Stonjourner\n|-damage|p2a: Stonjourner|101/330\n|-mustrecharge|p1a: Slaking\n|move|p2a: Stonjourner|Stone Edge|p1a: Slaking\n|-damage|p1a: Slaking|20/100\n|-damage|p2a: Stonjourner|68/330|[from] item: Life Orb\n|\n|upkeep\n|turn|10\n|inactive|Time left: 300 sec this turn | 300 sec total\n|\n|t:|1783544679\n|cant|p1a: Slaking|recharge\n|move|p2a: Stonjourner|Heat Crash|p1a: Slaking\n|-damage|p1a: Slaking|0 fnt\n|faint|p1a: Slaking\n|-damage|p2a: Stonjourner|35/330|[from] item: Life Orb\n|\n|upkeep\n|\n|t:|1783544680\n|switch|p1a: Stonjourner|Stonjourner, L91, F|100/100\n|-damage|p1a: Stonjourner|88/100|[from] Stealth Rock\n|turn|11\n|inactive|Time left: 300 sec this turn | 300 sec total\n|\n|t:|1783544681\n|move|p2a: Stonjourner|Earthquake|p1a: Stonjourner\n|-supereffective|p1a: Stonjourner\n|-damage|p1a: Stonjourner|31/100\n|-damage|p2a: Stonjourner|2/330|[from] item: Life Orb\n|move|p1a: Stonjourner|Earthquake|p2a: Stonjourner\n|-supereffective|p2a: Stonjourner\n|-damage|p2a: Stonjourner|0 fnt\n|faint|p2a: Stonjourner\n|-damage|p1a: Stonjourner|21/100|[from] item: Life Orb\n|\n|upkeep\n|inactive|Time left: 300 sec this turn | 300 sec total | 5 sec grace\n|\n|t:|1783544682\n|switch|p2a: Minior|Minior-Indigo, L79|224/224\n|-formechange|p2a: Minior|Minior-Meteor||[from] ability: Shields Down\n|turn|12\n|inactive|Time left: 300 sec this turn | 300 sec total\n|\n|t:|1783544683\n|move|p1a: Stonjourner|Stone Edge|p2a: Minior|[miss]\n|-miss|p1a: Stonjourner|p2a: Minior\n|move|p2a: Minior|Shell Smash|p2a: Minior\n|-unboost|p2a: Minior|def|1\n|-unboost|p2a: Minior|spd|1\n|-boost|p2a: Minior|atk|2\n|-boost|p2a: Minior|spa|2\n|-boost|p2a: Minior|spe|2\n|-enditem|p2a: Minior|White Herb\n|-clearnegativeboost|p2a: Minior|[silent]\n|\n|upkeep\n|turn|13\n|inactive|Time left: 300 sec this turn | 300 sec total\n|\n|t:|1783544684\n|move|p2a: Minior|Power Gem|p1a: Stonjourner\n|-damage|p1a: Stonjourner|0 fnt\n|faint|p1a: Stonjourner\n|\n|upkeep\n|\n|t:|1783544685\n|switch|p1a: Carbink|Carbink, L90|100/100\n|-damage|p1a: Carbink|88/100|[from] Stealth Rock\n|turn|14\n|inactive|Time left: 300 sec this turn | 300 sec total\n|\n|t:|1783544686\n|move|p2a: Minior|Earthquake|p1a: Carbink\n|-supereffective|p1a: Carbink\n|-damage|p1a: Carbink|41/100\n|move|p1a: Carbink|Iron Defense|p1a: Carbink\n|-boost|p1a: Carbink|def|2\n|\n|upkeep\n|turn|15\n|inactive|Time left: 300 sec this turn | 300 sec total\n|\n|t:|1783544687\n|-terastallize|p1a: Carbink|Fighting\n|move|p2a: Minior|Acrobatics|p1a: Carbink\n|-supereffective|p1a: Carbink\n|-damage|p1a: Carbink|5/100\n|move|p1a: Carbink|Body Press|p2a: Minior\n|-damage|p2a: Minior|0 fnt\n|faint|p2a: Minior\n|\n|upkeep\n|inactive|Time left: 300 sec this turn | 300 sec total | 5 sec grace\n|\n|t:|1783544688\n|switch|p2a: Clefable|Clefable, L83, F|293/293\n|turn|16\n|inactive|Time left: 300 sec this turn | 300 sec total\n|\n|t:|1783544689\n|move|p2a: Clefable|Moonblast|p1a: Carbink\n|-supereffective|p1a: Carbink\n|-damage|p1a: Carbink|0 fnt\n|faint|p1a: Carbink\n|\n|upkeep\n|\n|t:|1783544690\n|switch|p1a: Chansey|Chansey, L85, F|100/100\n|-damage|p1a: Chansey|88/100|[from] Stealth Rock\n|turn|17\n|inactive|Time left: 300 sec this turn | 300 sec total\n|\n|t:|1783544691\n|move|p2a: Clefable|Knock Off|p1a: Chansey\n|-damage|p1a: Chansey|65/100\n|-enditem|p1a: Chansey|Eviolite|[from] move: Knock Off|[of] p2a: Clefable\n|move|p1a: Chansey|Seismic Toss|p2a: Clefable\n|-damage|p2a: Clefable|208/293\n|\n|-heal|p2a: Clefable|226/293|[from] item: Leftovers\n|upkeep\n|turn|18\n|inactive|Time left: 300 sec this turn | 300 sec total\n|\n|t:|1783544692\n|move|p2a: Clefable|Knock Off|p1a: Chansey\n|-damage|p1a: Chansey|43/100\n|move|p1a: Chansey|Soft-Boiled|p1a: Chansey\n|-heal|p1a: Chansey|93/100\n|\n|-heal|p2a: Clefable|244/293|[from] item: Leftovers\n|upkeep\n|turn|19\n|inactive|Time left: 300 sec this turn | 300 sec total\n|\n|t:|1783544694\n|move|p2a: Clefable|Moonblast|p1a: Chansey\n|-damage|p1a: Chansey|77/100\n|-unboost|p1a: Chansey|spa|1\n|move|p1a: Chansey|Seismic Toss|p2a: Clefable\n|-damage|p2a: Clefable|159/293\n|\n|-heal|p2a: Clefable|177/293|[from] item: Leftovers\n|upkeep\n|turn|20\n|inactive|Time left: 300 sec this turn | 300 sec total\n|\n|t:|1783544695\n|move|p2a: Clefable|Moonlight|p2a: Clefable\n|-heal|p2a: Clefable|293/293\n|move|p1a: Chansey|Thunder Wave|p2a: Clefable\n|-status|p2a: Clefable|par\n|\n|upkeep\n|turn|21\n|inactive|Time left: 300 sec this turn | 300 sec total\n|\n|t:|1783544696\n|move|p1a: Chansey|Seismic Toss|p2a: Clefable\n|-damage|p2a: Clefable|208/293 par\n|move|p2a: Clefable|Moonblast|p1a: Chansey\n|-damage|p1a: Chansey|63/100\n|\n|-heal|p2a: Clefable|226/293 par|[from] item: Leftovers\n|upkeep\n|turn|22\n|inactive|Time left: 300 sec this turn | 300 sec total\n|\n|t:|1783544698\n|move|p1a: Chansey|Soft-Boiled|p1a: Chansey\n|-heal|p1a: Chansey|100/100\n|move|p2a: Clefable|Moonblast|p1a: Chansey\n|-damage|p1a: Chansey|87/100\n|\n|-heal|p2a: Clefable|244/293 par|[from] item: Leftovers\n|upkeep\n|turn|23\n|inactive|Time left: 300 sec this turn | 300 sec total\n|\n|t:|1783544699\n|move|p1a: Chansey|Seismic Toss|p2a: Clefable\n|-damage|p2a: Clefable|159/293 par\n|move|p2a: Clefable|Fire Blast|p1a: Chansey\n|-damage|p1a: Chansey|75/100\n|\n|-heal|p2a: Clefable|177/293 par|[from] item: Leftovers\n|upkeep\n|turn|24\n|inactive|Time left: 300 sec this turn | 300 sec total\n|\n|t:|1783544701\n|move|p1a: Chansey|Seismic Toss|p2a: Clefable\n|-damage|p2a: Clefable|92/293 par\n|move|p2a: Clefable|Moonlight|p2a: Clefable\n|-heal|p2a: Clefable|238/293 par\n|\n|-heal|p2a: Clefable|256/293 par|[from] item: Leftovers\n|upkeep\n|turn|25\n|inactive|Time left: 300 sec this turn | 300 sec total\n|\n|t:|1783544702\n|move|p1a: Chansey|Seismic Toss|p2a: Clefable\n|-damage|p2a: Clefable|171/293 par\n|move|p2a: Clefable|Moonblast|p1a: Chansey\n|-crit|p1a: Chansey\n|-damage|p1a: Chansey|50/100\n|\n|-heal|p2a: Clefable|189/293 par|[from] item: Leftovers\n|upkeep\n|turn|26\n|inactive|Time left: 300 sec this turn | 300 sec total\n|\n|t:|1783544703\n|move|p1a: Chansey|Soft-Boiled|p1a: Chansey\n|-heal|p1a: Chansey|99/100\n|move|p2a: Clefable|Moonlight|p2a: Clefable\n|-heal|p2a: Clefable|293/293 par\n|\n|upkeep\n|turn|27\n|inactive|Time left: 300 sec this turn | 300 sec total\n|\n|t:|1783544704\n|move|p1a: Chansey|Seismic Toss|p2a: Clefable\n|-damage|p2a: Clefable|208/293 par\n|move|p2a: Clefable|Fire Blast|p1a: Chansey\n|-damage|p1a: Chansey|89/100\n|\n|-heal|p2a: Clefable|226/293 par|[from] item: Leftovers\n|upkeep\n|turn|28\n|inactive|Time left: 300 sec this turn | 300 sec total\n|\n|t:|1783544706\n|move|p1a: Chansey|Seismic Toss|p2a: Clefable\n|-damage|p2a: Clefable|141/293 par\n|move|p2a: Clefable|Moonlight|p2a: Clefable\n|-heal|p2a: Clefable|287/293 par\n|\n|-heal|p2a: Clefable|293/293 par|[from] item: Leftovers\n|upkeep\n|turn|29\n|inactive|Time left: 300 sec this turn | 300 sec total\n|\n|t:|1783544707\n|move|p1a: Chansey|Seismic Toss|p2a: Clefable\n|-damage|p2a: Clefable|208/293 par\n|move|p2a: Clefable|Moonblast|p1a: Chansey\n|-damage|p1a: Chansey|73/100\n|\n|-heal|p2a: Clefable|226/293 par|[from] item: Leftovers\n|upkeep\n|turn|30\n|inactive|Time left: 300 sec this turn | 300 sec total\n|\n|t:|1783544709\n|move|p1a: Chansey|Seismic Toss|p2a: Clefable\n|-damage|p2a: Clefable|141/293 par\n|move|p2a: Clefable|Fire Blast|p1a: Chansey|[miss]\n|-miss|p2a: Clefable|p1a: Chansey\n|\n|-heal|p2a: Clefable|159/293 par|[from] item: Leftovers\n|upkeep\n|turn|31\n|inactive|Time left: 300 sec this turn | 300 sec total\n|\n|t:|1783544710\n|move|p1a: Chansey|Seismic Toss|p2a: Clefable\n|-damage|p2a: Clefable|74/293 par\n|cant|p2a: Clefable|par\n|\n|-heal|p2a: Clefable|92/293 par|[from] item: Leftovers\n|upkeep\n|turn|32\n|inactive|Time left: 300 sec this turn | 300 sec total\n|\n|t:|1783544711\n|move|p1a: Chansey|Seismic Toss|p2a: Clefable\n|-damage|p2a: Clefable|7/293 par\n|move|p2a: Clefable|Moonlight|p2a: Clefable\n|-heal|p2a: Clefable|153/293 par\n|\n|-heal|p2a: Clefable|171/293 par|[from] item: Leftovers\n|upkeep\n|turn|33\n|inactive|Time left: 300 sec this turn | 300 sec total\n|\n|t:|1783544713\n|move|p1a: Chansey|Seismic Toss|p2a: Clefable\n|-damage|p2a: Clefable|86/293 par\n|move|p2a: Clefable|Knock Off|p1a: Chansey\n|-damage|p1a: Chansey|49/100\n|\n|-heal|p2a: Clefable|104/293 par|[from] item: Leftovers\n|upkeep\n|turn|34\n|inactive|Time left: 300 sec this turn | 300 sec total\n|\n|t:|1783544714\n|move|p1a: Chansey|Soft-Boiled|p1a: Chansey\n|-heal|p1a: Chansey|99/100\n|move|p2a: Clefable|Moonlight|p2a: Clefable\n|-heal|p2a: Clefable|250/293 par\n|\n|-heal|p2a: Clefable|268/293 par|[from] item: Leftovers\n|upkeep\n|turn|35\n|inactive|Time left: 300 sec this turn | 300 sec total\n|\n|t:|1783544715\n|move|p1a: Chansey|Seismic Toss|p2a: Clefable\n|-damage|p2a: Clefable|183/293 par\n|move|p2a: Clefable|Moonblast|p1a: Chansey\n|-damage|p1a: Chansey|83/100\n|\n|-heal|p2a: Clefable|201/293 par|[from] item: Leftovers\n|upkeep\n|turn|36\n|inactive|Time left: 300 sec this turn | 300 sec total\n|\n|t:|1783544716\n|move|p1a: Chansey|Seismic Toss|p2a: Clefable\n|-damage|p2a: Clefable|116/293 par\n|move|p2a: Clefable|Knock Off|p1a: Chansey\n|-damage|p1a: Chansey|62/100\n|\n|-heal|p2a: Clefable|134/293 par|[from] item: Leftovers\n|upkeep\n|turn|37\n|inactive|Time left: 300 sec this turn | 300 sec total\n|\n|t:|1783544717\n|move|p1a: Chansey|Soft-Boiled|p1a: Chansey\n|-heal|p1a: Chansey|100/100\n|cant|p2a: Clefable|par\n|\n|-heal|p2a: Clefable|152/293 par|[from] item: Leftovers\n|upkeep\n|turn|38\n|inactive|Time left: 300 sec this turn | 300 sec total\n|\n|t:|1783544718\n|move|p1a: Chansey|Seismic Toss|p2a: Clefable\n|-damage|p2a: Clefable|67/293 par\n|move|p2a: Clefable|Moonlight|p2a: Clefable\n|-heal|p2a: Clefable|213/293 par\n|\n|-heal|p2a: Clefable|231/293 par|[from] item: Leftovers\n|upkeep\n|turn|39\n|inactive|Time left: 300 sec this turn | 300 sec total\n|\n|t:|1783544719\n|move|p1a: Chansey|Seismic Toss|p2a: Clefable\n|-damage|p2a: Clefable|146/293 par\n|move|p2a: Clefable|Moonlight|p2a: Clefable\n|-heal|p2a: Clefable|292/293 par\n|\n|-heal|p2a: Clefable|293/293 par|[from] item: Leftovers\n|upkeep\n|turn|40\n|inactive|Time left: 300 sec this turn | 300 sec total\n|\n|t:|1783544720\n|move|p1a: Chansey|Seismic Toss|p2a: Clefable\n|-damage|p2a: Clefable|208/293 par\n|move|p2a: Clefable|Moonblast|p1a: Chansey\n|-damage|p1a: Chansey|84/100\n|\n|-heal|p2a: Clefable|226/293 par|[from] item: Leftovers\n|upkeep\n|turn|41\n|inactive|Time left: 300 sec this turn | 300 sec total\n|\n|t:|1783544721\n|move|p1a: Chansey|Seismic Toss|p2a: Clefable\n|-damage|p2a: Clefable|141/293 par\n|cant|p2a: Clefable|par\n|\n|-heal|p2a: Clefable|159/293 par|[from] item: Leftovers\n|upkeep\n|turn|42\n|inactive|Time left: 300 sec this turn | 300 sec total\n|\n|t:|1783544722\n|move|p1a: Chansey|Seismic Toss|p2a: Clefable\n|-damage|p2a: Clefable|74/293 par\n|move|p2a: Clefable|Knock Off|p1a: Chansey\n|-damage|p1a: Chansey|65/100\n|\n|-heal|p2a: Clefable|92/293 par|[from] item: Leftovers\n|upkeep\n|turn|43\n|inactive|Time left: 300 sec this turn | 300 sec total\n|\n|t:|1783544723\n|move|p1a: Chansey|Soft-Boiled|p1a: Chansey\n|-heal|p1a: Chansey|100/100\n|move|p2a: Clefable|Knock Off|p1a: Chansey\n|-damage|p1a: Chansey|78/100\n|\n|-heal|p2a: Clefable|110/293 par|[from] item: Leftovers\n|upkeep\n|turn|44\n|inactive|Time left: 300 sec this turn | 300 sec total\n|\n|t:|1783544724\n|move|p1a: Chansey|Seismic Toss|p2a: Clefable\n|-damage|p2a: Clefable|25/293 par\n|move|p2a: Clefable|Moonblast|p1a: Chansey\n|-damage|p1a: Chansey|64/100\n|\n|-heal|p2a: Clefable|43/293 par|[from] item: Leftovers\n|upkeep\n|turn|45\n|inactive|Time left: 300 sec this turn | 300 sec total\n|\n|t:|1783544725\n|move|p1a: Chansey|Seismic Toss|p2a: Clefable\n|-damage|p2a: Clefable|0 fnt\n|faint|p2a: Clefable\n|\n|upkeep\n|inactive|Time left: 300 sec this turn | 300 sec total | 5 sec grace\n|\n|t:|1783544726\n|switch|p2a: Dugtrio|Dugtrio, L84, F, shiny|196/196\n|turn|46\n|inactive|Time left: 300 sec this turn | 300 sec total\n|\n|t:|1783544727\n|move|p2a: Dugtrio|Swords Dance|p2a: Dugtrio\n|-boost|p2a: Dugtrio|atk|2\n|move|p1a: Chansey|Seismic Toss|p2a: Dugtrio\n|-damage|p2a: Dugtrio|111/196\n|\n|upkeep\n|turn|47\n|inactive|Time left: 300 sec this turn | 300 sec total\n|\n|t:|1783544728\n|move|p2a: Dugtrio|Earthquake|p1a: Chansey\n|-damage|p1a: Chansey|0 fnt\n|faint|p1a: Chansey\n|-damage|p2a: Dugtrio|92/196|[from] item: Life Orb\n|\n|upkeep\n|\n|t:|1783544729\n|switch|p1a: Trevenant|Trevenant, L89, M|100/100\n|-damage|p1a: Trevenant|88/100|[from] Stealth Rock\n|turn|48\n|inactive|Time left: 300 sec this turn | 300 sec total\n|\n|t:|1783544730\n|-terastallize|p2a: Dugtrio|Ghost\n|move|p2a: Dugtrio|Sucker Punch||[still]\n|-fail|p2a: Dugtrio\n|move|p1a: Trevenant|Toxic|p2a: Dugtrio\n|-status|p2a: Dugtrio|tox\n|\n|-damage|p2a: Dugtrio|80/196 tox|[from] psn\n|upkeep\n|turn|49\n|inactive|Time left: 300 sec this turn | 300 sec total\n|\n|t:|1783544731\n|move|p1a: Trevenant|Protect|p1a: Trevenant\n|-singleturn|p1a: Trevenant|Protect\n|move|p2a: Dugtrio|Sucker Punch||[still]\n|-fail|p2a: Dugtrio\n|\n|-damage|p2a: Dugtrio|56/196 tox|[from] psn\n|upkeep\n|turn|50\n|inactive|Time left: 300 sec this turn | 300 sec total\n|\n|t:|1783544732\n|move|p1a: Trevenant|Protect||[still]\n|-fail|p1a: Trevenant\n|move|p2a: Dugtrio|Stone Edge|p1a: Trevenant|[miss]\n|-miss|p2a: Dugtrio|p1a: Trevenant\n|\n|-damage|p2a: Dugtrio|20/196 tox|[from] psn\n|upkeep\n|turn|51\n|inactive|Time left: 300 sec this turn | 300 sec total\n|\n|t:|1783544733\n|switch|p2a: Basculin|Basculin-Blue-Striped, L86, F|261/261\n|move|p1a: Trevenant|Protect||[still]\n|-fail|p1a: Trevenant\n|\n|upkeep\n|turn|52\n|inactive|Time left: 300 sec this turn | 300 sec total\n|\n|t:|1783544734\n|move|p2a: Basculin|Flip Turn|p1a: Trevenant\n|-resisted|p1a: Trevenant\n|-crit|p1a: Trevenant\n|-damage|p1a: Trevenant|50/100\n|-enditem|p1a: Trevenant|Sitrus Berry|[eat]\n|-heal|p1a: Trevenant|75/100|[from] item: Sitrus Berry\n|inactive|Time left: 300 sec this turn | 300 sec total | 5 sec grace\n|\n|t:|1783544735\n|switch|p2a: Dugtrio|Dugtrio, L84, F, shiny, tera:Ghost|20/196 tox|[from] Flip Turn\n|move|p1a: Trevenant|Poltergeist|p2a: Dugtrio\n|-activate|p2a: Dugtrio|move: Poltergeist|Life Orb\n|-supereffective|p2a: Dugtrio\n|-damage|p2a: Dugtrio|0 fnt\n|faint|p2a: Dugtrio\n|\n|upkeep\n|inactive|Time left: 300 sec this turn | 300 sec total | 10 sec grace\n|\n|t:|1783544736\n|switch|p2a: Basculin|Basculin-Blue-Striped, L86, F|261/261\n|turn|53\n|inactive|Time left: 300 sec this turn | 300 sec total\n|\n|t:|1783544737\n|move|p2a: Basculin|Wave Crash|p1a: Trevenant\n|-resisted|p1a: Trevenant\n|-damage|p1a: Trevenant|31/100\n|-damage|p2a: Basculin|217/261|[from] Recoil\n|move|p1a: Trevenant|Drain Punch|p2a: Basculin\n|-damage|p2a: Basculin|139/261\n|-heal|p1a: Trevenant|44/100|[from] drain|[of] p2a: Basculin\n|\n|upkeep\n|turn|54\n|inactive|Time left: 300 sec this turn | 300 sec total\n|\n|t:|1783544738\n|move|p2a: Basculin|Wave Crash|p1a: Trevenant\n|-resisted|p1a: Trevenant\n|-damage|p1a: Trevenant|0 fnt\n|faint|p1a: Trevenant\n|-damage|p2a: Basculin|96/261|[from] Recoil\n|\n|upkeep\n|\n|t:|1783544739\n|switch|p1a: Raging Bolt|Raging Bolt, L78|10/100\n|-damage|p1a: Raging Bolt|0 fnt|[from] Stealth Rock\n|faint|p1a: Raging Bolt\n|-end|p1a: Raging Bolt|Protosynthesis|[silent]\n|\n|win|p0y426ee0b", "uploadtime": 1783544739, "views": 0, "rating": 0, "private": 0, "password": null, "_winner": "p0y426ee0b", "_our_name": "p0y426ee0b"}