{"id": "battle-gen9randombattle-2295", "formatid": "gen9randombattle", "format": "[Gen 9] Random Battle", "players": ["p0x22951653", "p0y2295f8ed"], "log": "|init|battle\n|title|p0x22951653 vs. p0y2295f8ed\n|j|\u2606p0x22951653\n|j|\u2606p0y2295f8ed\n|t:|1783566621\n|gametype|singles\n|player|p1|p0x22951653|102|\n|player|p2|p0y2295f8ed|265|\n|gen|9\n|tier|[Gen 9] Random Battle\n|rule|Species Clause: Limit one of each Pok\u00e9mon\n|rule|HP Percentage Mod: HP is shown in percentages\n|rule|Sleep Clause Mod: Limit one foe put to sleep\n|rule|Illusion Level Mod: Illusion disguises the Pok\u00e9mon's true level\n|\n|t:|1783566621\n|teamsize|p1|6\n|teamsize|p2|6\n|start\n|switch|p1a: Vileplume|Vileplume, L85, F|100/100\n|switch|p2a: Donphan|Donphan, L84, F|288/288\n|turn|1\n|inactive|Battle timer is ON: inactive players will automatically lose when time's up. (requested by p0y2295f8ed)\n|inactive|p0x22951653 also wants the timer to be on.\n|\n|t:|1783566622\n|move|p1a: Vileplume|Giga Drain|p2a: Donphan\n|-supereffective|p2a: Donphan\n|-damage|p2a: Donphan|58/288\n|move|p2a: Donphan|Stealth Rock|p1a: Vileplume\n|-sidestart|p1: p0x22951653|move: Stealth Rock\n|\n|-heal|p2a: Donphan|76/288|[from] item: Leftovers\n|upkeep\n|turn|2\n|inactive|Time left: 300 sec this turn | 300 sec total\n|\n|t:|1783566623\n|switch|p2a: Scizor|Scizor, L79, F|240/240\n|move|p1a: Vileplume|Giga Drain|p2a: Scizor\n|-resisted|p2a: Scizor\n|-damage|p2a: Scizor|215/240\n|\n|upkeep\n|turn|3\n|inactive|Time left: 300 sec this turn | 300 sec total\n|\n|t:|1783566624\n|move|p2a: Scizor|Knock Off|p1a: Vileplume\n|-damage|p1a: Vileplume|60/100\n|-enditem|p1a: Vileplume|Leftovers|[from] move: Knock Off|[of] p2a: Scizor\n|move|p1a: Vileplume|Giga Drain|p2a: Scizor\n|-resisted|p2a: Scizor\n|-damage|p2a: Scizor|190/240\n|-heal|p1a: Vileplume|65/100|[from] drain|[of] p2a: Scizor\n|\n|upkeep\n|turn|4\n|inactive|Time left: 300 sec this turn | 300 sec total\n|\n|t:|1783566625\n|move|p2a: Scizor|Knock Off|p1a: Vileplume\n|-damage|p1a: Vileplume|36/100\n|-status|p2a: Scizor|slp|[from] ability: Effect Spore|[of] p1a: Vileplume\n|move|p1a: Vileplume|Strength Sap|p2a: Scizor\n|-unboost|p2a: Scizor|atk|1\n|-heal|p1a: Vileplume|100/100\n|\n|upkeep\n|turn|5\n|inactive|Time left: 300 sec this turn | 300 sec total\n|\n|t:|1783566626\n|switch|p2a: Charizard|Charizard, L85, M|271/271\n|move|p1a: Vileplume|Giga Drain|p2a: Charizard\n|-resisted|p2a: Charizard\n|-damage|p2a: Charizard|247/271\n|\n|upkeep\n|turn|6\n|inactive|Time left: 300 sec this turn | 300 sec total\n|\n|t:|1783566627\n|move|p2a: Charizard|Hurricane|p1a: Vileplume|[miss]\n|-miss|p2a: Charizard|p1a: Vileplume\n|move|p1a: Vileplume|Sludge Bomb|p2a: Charizard\n|-damage|p2a: Charizard|133/271\n|-status|p2a: Charizard|psn\n|\n|-damage|p2a: Charizard|100/271 psn|[from] psn\n|upkeep\n|turn|7\n|inactive|Time left: 300 sec this turn | 300 sec total\n|\n|t:|1783566628\n|move|p2a: Charizard|Hurricane|p1a: Vileplume|[miss]\n|-miss|p2a: Charizard|p1a: Vileplume\n|move|p1a: Vileplume|Sludge Bomb|p2a: Charizard\n|-damage|p2a: Charizard|0 fnt\n|faint|p2a: Charizard\n|\n|upkeep\n|inactive|Time left: 300 sec this turn | 300 sec total | 5 sec grace\n|\n|t:|1783566629\n|switch|p2a: Shaymin|Shaymin-Sky, L73|266/266\n|turn|8\n|inactive|Time left: 300 sec this turn | 300 sec total\n|\n|t:|1783566630\n|move|p2a: Shaymin|Air Slash|p1a: Vileplume\n|-supereffective|p1a: Vileplume\n|-damage|p1a: Vileplume|28/100\n|cant|p1a: Vileplume|flinch\n|\n|upkeep\n|turn|9\n|inactive|Time left: 300 sec this turn | 300 sec total\n|\n|t:|1783566631\n|move|p2a: Shaymin|Air Slash|p1a: Vileplume\n|-supereffective|p1a: Vileplume\n|-damage|p1a: Vileplume|0 fnt\n|faint|p1a: Vileplume\n|\n|upkeep\n|\n|t:|1783566632\n|switch|p1a: Gouging Fire|Gouging Fire, L74|100/100\n|turn|10\n|inactive|Time left: 300 sec this turn | 300 sec total\n|\n|t:|1783566633\n|move|p2a: Shaymin|Air Slash|p1a: Gouging Fire\n|-damage|p1a: Gouging Fire|59/100\n|cant|p1a: Gouging Fire|flinch\n|\n|upkeep\n|turn|11\n|inactive|Time left: 300 sec this turn | 300 sec total\n|\n|t:|1783566634\n|move|p2a: Shaymin|Air Slash|p1a: Gouging Fire\n|-damage|p1a: Gouging Fire|20/100\n|move|p1a: Gouging Fire|Heat Crash|p2a: Shaymin\n|-supereffective|p2a: Shaymin\n|-damage|p2a: Shaymin|0 fnt\n|faint|p2a: Shaymin\n|\n|upkeep\n|inactive|Time left: 300 sec this turn | 300 sec total | 5 sec grace\n|\n|t:|1783566635\n|switch|p2a: Sandaconda|Sandaconda, L84, F|258/258\n|turn|12\n|inactive|Time left: 300 sec this turn | 300 sec total\n|\n|t:|1783566636\n|move|p1a: Gouging Fire|Heat Crash|p2a: Sandaconda\n|-damage|p2a: Sandaconda|179/258\n|move|p2a: Sandaconda|Earthquake|p1a: Gouging Fire\n|-supereffective|p1a: Gouging Fire\n|-damage|p1a: Gouging Fire|0 fnt\n|faint|p1a: Gouging Fire\n|-end|p1a: Gouging Fire|Protosynthesis|[silent]\n|\n|upkeep\n|\n|t:|1783566637\n|switch|p1a: Bruxish|Bruxish, L85, M|100/100\n|-damage|p1a: Bruxish|88/100|[from] Stealth Rock\n|turn|13\n|inactive|Time left: 300 sec this turn | 300 sec total\n|\n|t:|1783566639\n|move|p1a: Bruxish|Psychic Fangs|p2a: Sandaconda\n|-crit|p2a: Sandaconda\n|-damage|p2a: Sandaconda|0 fnt\n|faint|p2a: Sandaconda\n|\n|upkeep\n|inactive|Time left: 300 sec this turn | 300 sec total | 5 sec grace\n|\n|t:|1783566639\n|switch|p2a: Scizor|Scizor, L79, F|190/240 slp\n|turn|14\n|inactive|Time left: 300 sec this turn | 300 sec total\n|\n|t:|1783566641\n|move|p1a: Bruxish|Psychic Fangs|p2a: Scizor\n|-resisted|p2a: Scizor\n|-damage|p2a: Scizor|81/240 slp\n|cant|p2a: Scizor|slp\n|\n|upkeep\n|turn|15\n|inactive|Time left: 300 sec this turn | 300 sec total\n|\n|t:|1783566642\n|cant|p2a: Scizor|slp\n|move|p1a: Bruxish|Psychic Fangs|p2a: Scizor\n|-resisted|p2a: Scizor\n|-damage|p2a: Scizor|0 fnt\n|faint|p2a: Scizor\n|\n|upkeep\n|inactive|Time left: 300 sec this turn | 300 sec total | 5 sec grace\n|\n|t:|1783566642\n|switch|p2a: Donphan|Donphan, L84, F|76/288\n|turn|16\n|inactive|Time left: 300 sec this turn | 300 sec total\n|\n|t:|1783566643\n|-terastallize|p2a: Donphan|Steel\n|move|p1a: Bruxish|Psychic Fangs|p2a: Donphan\n|-resisted|p2a: Donphan\n|-damage|p2a: Donphan|0 fnt\n|faint|p2a: Donphan\n|\n|upkeep\n|inactive|Time left: 300 sec this turn | 300 sec total | 5 sec grace\n|\n|t:|1783566644\n|switch|p2a: Ditto|Ditto, L87|225/225\n|-transform|p2a: Ditto|p1a: Bruxish|[from] ability: Imposter\n|turn|17\n|inactive|Time left: 300 sec this turn | 300 sec total\n|\n|t:|1783566645\n|-terastallize|p1a: Bruxish|Dark\n|move|p2a: Ditto|Crunch|p1a: Bruxish\n|-resisted|p1a: Bruxish\n|-damage|p1a: Bruxish|66/100\n|move|p1a: Bruxish|Psychic Fangs|p2a: Ditto\n|-resisted|p2a: Ditto\n|-damage|p2a: Ditto|101/225\n|\n|upkeep\n|turn|18\n|inactive|Time left: 300 sec this turn | 300 sec total\n|\n|t:|1783566646\n|move|p2a: Ditto|Crunch|p1a: Bruxish\n|-resisted|p1a: Bruxish\n|-damage|p1a: Bruxish|45/100\n|move|p1a: Bruxish|Psychic Fangs|p2a: Ditto\n|-resisted|p2a: Ditto\n|-damage|p2a: Ditto|0 fnt\n|faint|p2a: Ditto\n|\n|win|p0x22951653", "uploadtime": 1783566646, "views": 0, "rating": 0, "private": 0, "password": null, "_winner": "p0x22951653", "_our_name": "p0y2295f8ed"}