{"id": "battle-gen9randombattle-2279", "formatid": "gen9randombattle", "format": "[Gen 9] Random Battle", "players": ["p0x2279c7b9", "p0y22791587"], "log": "|init|battle\n|title|p0x2279c7b9 vs. p0y22791587\n|j|\u2606p0x2279c7b9\n|j|\u2606p0y22791587\n|t:|1783565461\n|gametype|singles\n|player|p1|p0x2279c7b9|102|\n|player|p2|p0y22791587|266|\n|gen|9\n|tier|[Gen 9] Random Battle\n|rule|Species Clause: Limit one of each Pok\u00e9mon\n|rule|HP Percentage Mod: HP is shown in percentages\n|rule|Sleep Clause Mod: Limit one foe put to sleep\n|rule|Illusion Level Mod: Illusion disguises the Pok\u00e9mon's true level\n|\n|t:|1783565461\n|teamsize|p1|6\n|teamsize|p2|6\n|start\n|switch|p1a: Ogerpon|Ogerpon-Wellspring, L76, F|100/100\n|switch|p2a: Scovillain|Scovillain, L91, M|266/266\n|turn|1\n|inactive|Battle timer is ON: inactive players will automatically lose when time's up. (requested by p0y22791587)\n|inactive|p0x2279c7b9 also wants the timer to be on.\n|\n|t:|1783565462\n|move|p1a: Ogerpon|Ivy Cudgel|p2a: Scovillain|[anim] Ivy Cudgel Water\n|-crit|p2a: Scovillain\n|-damage|p2a: Scovillain|35/266\n|move|p2a: Scovillain|Energy Ball|p1a: Ogerpon\n|-damage|p1a: Ogerpon|51/100\n|\n|upkeep\n|turn|2\n|inactive|Time left: 300 sec this turn | 300 sec total\n|\n|t:|1783565463\n|switch|p2a: Jirachi|Jirachi, L80|291/291\n|move|p1a: Ogerpon|Ivy Cudgel|p2a: Jirachi|[anim] Ivy Cudgel Water\n|-damage|p2a: Jirachi|176/291\n|\n|-heal|p2a: Jirachi|194/291|[from] item: Leftovers\n|upkeep\n|turn|3\n|inactive|Time left: 300 sec this turn | 300 sec total\n|\n|t:|1783565464\n|move|p1a: Ogerpon|Synthesis|p1a: Ogerpon\n|-heal|p1a: Ogerpon|100/100\n|move|p2a: Jirachi|Stealth Rock|p1a: Ogerpon\n|-sidestart|p1: p0x2279c7b9|move: Stealth Rock\n|\n|-heal|p2a: Jirachi|212/291|[from] item: Leftovers\n|upkeep\n|turn|4\n|inactive|Time left: 300 sec this turn | 300 sec total\n|\n|t:|1783565465\n|move|p1a: Ogerpon|Ivy Cudgel|p2a: Jirachi|[anim] Ivy Cudgel Water\n|-damage|p2a: Jirachi|94/291\n|move|p2a: Jirachi|U-turn|p1a: Ogerpon\n|-supereffective|p1a: Ogerpon\n|-damage|p1a: Ogerpon|60/100\n|inactive|Time left: 300 sec this turn | 300 sec total | 5 sec grace\n|\n|t:|1783565466\n|switch|p2a: Dusknoir|Dusknoir, L89, M|225/225|[from] U-turn\n|-item|p1a: Ogerpon|Wellspring Mask|[from] ability: Frisk|[of] p2a: Dusknoir\n|\n|upkeep\n|turn|5\n|inactive|Time left: 300 sec this turn | 300 sec total\n|\n|t:|1783565467\n|move|p1a: Ogerpon|Synthesis|p1a: Ogerpon\n|-heal|p1a: Ogerpon|100/100\n|move|p2a: Dusknoir|Poltergeist|p1a: Ogerpon\n|-activate|p1a: Ogerpon|move: Poltergeist|Wellspring Mask\n|-damage|p1a: Ogerpon|13/100\n|\n|upkeep\n|turn|6\n|inactive|Time left: 300 sec this turn | 300 sec total\n|\n|t:|1783565468\n|move|p1a: Ogerpon|Ivy Cudgel|p2a: Dusknoir|[anim] Ivy Cudgel Water\n|-crit|p2a: Dusknoir\n|-damage|p2a: Dusknoir|101/225\n|move|p2a: Dusknoir|Poltergeist|p1a: Ogerpon\n|-activate|p1a: Ogerpon|move: Poltergeist|Wellspring Mask\n|-damage|p1a: Ogerpon|0 fnt\n|faint|p1a: Ogerpon\n|\n|upkeep\n|\n|t:|1783565468\n|switch|p1a: Lokix|Lokix, L82, M|100/100\n|-damage|p1a: Lokix|76/100|[from] Stealth Rock\n|turn|7\n|inactive|Time left: 300 sec this turn | 300 sec total\n|\n|t:|1783565469\n|switch|p2a: Bellibolt|Bellibolt, L84, F|320/320\n|move|p1a: Lokix|Knock Off|p2a: Bellibolt\n|-damage|p2a: Bellibolt|195/320\n|-start|p2a: Bellibolt|Charge|Knock Off|[from] ability: Electromorphosis\n|-enditem|p2a: Bellibolt|Leftovers|[from] move: Knock Off|[of] p1a: Lokix\n|-damage|p1a: Lokix|66/100|[from] item: Life Orb\n|\n|upkeep\n|turn|8\n|inactive|Time left: 300 sec this turn | 300 sec total\n|\n|t:|1783565470\n|switch|p1a: Groudon|Groudon, L72|100/100\n|-damage|p1a: Groudon|94/100|[from] Stealth Rock\n|-weather|SunnyDay|[from] ability: Drought|[of] p1a: Groudon\n|move|p2a: Bellibolt|Thunderbolt|p1a: Groudon\n|-immune|p1a: Groudon\n|-end|p2a: Bellibolt|Charge|[silent]\n|\n|-weather|SunnyDay|[upkeep]\n|-heal|p1a: Groudon|100/100|[from] item: Leftovers\n|upkeep\n|turn|9\n|inactive|Time left: 300 sec this turn | 300 sec total\n|\n|t:|1783565471\n|move|p1a: Groudon|Precipice Blades|p2a: Bellibolt\n|-supereffective|p2a: Bellibolt\n|-damage|p2a: Bellibolt|0 fnt\n|faint|p2a: Bellibolt\n|\n|-weather|SunnyDay|[upkeep]\n|upkeep\n|inactive|Time left: 300 sec this turn | 300 sec total | 5 sec grace\n|\n|t:|1783565472\n|switch|p2a: Scovillain|Scovillain, L91, M|35/266\n|turn|10\n|inactive|Time left: 300 sec this turn | 300 sec total\n|\n|t:|1783565473\n|-terastallize|p1a: Groudon|Fire\n|move|p2a: Scovillain|Energy Ball|p1a: Groudon\n|-resisted|p1a: Groudon\n|-damage|p1a: Groudon|73/100\n|move|p1a: Groudon|Heat Crash|p2a: Scovillain\n|-damage|p2a: Scovillain|0 fnt\n|faint|p2a: Scovillain\n|\n|-weather|SunnyDay|[upkeep]\n|-heal|p1a: Groudon|79/100|[from] item: Leftovers\n|upkeep\n|inactive|Time left: 300 sec this turn | 300 sec total | 5 sec grace\n|\n|t:|1783565474\n|switch|p2a: Delphox|Delphox, L84, M|263/263\n|turn|11\n|inactive|Time left: 300 sec this turn | 300 sec total\n|\n|t:|1783565475\n|move|p2a: Delphox|Fire Blast|p1a: Groudon\n|-resisted|p1a: Groudon\n|-damage|p1a: Groudon|36/100\n|move|p1a: Groudon|Precipice Blades|p2a: Delphox\n|-supereffective|p2a: Delphox\n|-damage|p2a: Delphox|0 fnt\n|faint|p2a: Delphox\n|\n|-weather|SunnyDay|[upkeep]\n|-heal|p1a: Groudon|42/100|[from] item: Leftovers\n|upkeep\n|inactive|Time left: 300 sec this turn | 300 sec total | 5 sec grace\n|\n|t:|1783565475\n|switch|p2a: Delibird|Delibird, F|252/252\n|turn|12\n|inactive|Time left: 300 sec this turn | 300 sec total\n|\n|t:|1783565476\n|move|p2a: Delibird|Brave Bird|p1a: Groudon\n|-damage|p1a: Groudon|0 fnt\n|faint|p1a: Groudon\n|-damage|p2a: Delibird|216/252|[from] Recoil\n|\n|-weather|none\n|upkeep\n|\n|t:|1783565477\n|switch|p1a: Eternatus|Eternatus, L69|100/100\n|-damage|p1a: Eternatus|88/100|[from] Stealth Rock\n|-ability|p1a: Eternatus|Pressure\n|turn|13\n|inactive|Time left: 300 sec this turn | 300 sec total\n|\n|t:|1783565478\n|move|p1a: Eternatus|Dynamax Cannon|p2a: Delibird\n|-damage|p2a: Delibird|80/252\n|move|p2a: Delibird|Ice Spinner|p1a: Eternatus|[miss]\n|-miss|p2a: Delibird|p1a: Eternatus\n|\n|upkeep\n|turn|14\n|inactive|Time left: 300 sec this turn | 300 sec total\n|\n|t:|1783565479\n|move|p2a: Delibird|Ice Shard|p1a: Eternatus\n|-supereffective|p1a: Eternatus\n|-damage|p1a: Eternatus|39/100\n|move|p1a: Eternatus|Dynamax Cannon|p2a: Delibird\n|-crit|p2a: Delibird\n|-damage|p2a: Delibird|0 fnt\n|faint|p2a: Delibird\n|\n|upkeep\n|inactive|Time left: 300 sec this turn | 300 sec total | 5 sec grace\n|\n|t:|1783565480\n|switch|p2a: Dusknoir|Dusknoir, L89, M|101/225\n|-item|p1a: Eternatus|Rocky Helmet|[from] ability: Frisk|[of] p2a: Dusknoir\n|turn|15\n|inactive|Time left: 300 sec this turn | 300 sec total\n|\n|t:|1783565481\n|move|p1a: Eternatus|Dynamax Cannon|p2a: Dusknoir\n|-damage|p2a: Dusknoir|31/225\n|move|p2a: Dusknoir|Poltergeist|p1a: Eternatus|[miss]\n|-miss|p2a: Dusknoir|p1a: Eternatus\n|\n|upkeep\n|turn|16\n|inactive|Time left: 300 sec this turn | 300 sec total\n|\n|t:|1783565482\n|switch|p2a: Jirachi|Jirachi, L80|94/291\n|move|p1a: Eternatus|Fire Blast|p2a: Jirachi\n|-supereffective|p2a: Jirachi\n|-damage|p2a: Jirachi|0 fnt\n|faint|p2a: Jirachi\n|\n|upkeep\n|inactive|Time left: 300 sec this turn | 300 sec total | 5 sec grace\n|\n|t:|1783565483\n|switch|p2a: Dusknoir|Dusknoir, L89, M|31/225\n|-item|p1a: Eternatus|Rocky Helmet|[from] ability: Frisk|[of] p2a: Dusknoir\n|turn|17\n|inactive|Time left: 300 sec this turn | 300 sec total\n|\n|t:|1783565483\n|move|p1a: Eternatus|Dynamax Cannon|p2a: Dusknoir\n|-damage|p2a: Dusknoir|0 fnt\n|faint|p2a: Dusknoir\n|\n|win|p0x2279c7b9", "uploadtime": 1783565483, "views": 0, "rating": 0, "private": 0, "password": null, "_winner": "p0x2279c7b9", "_our_name": "p0y22791587"}