{"id": "battle-gen9randombattle-881", "formatid": "gen9randombattle", "format": "[Gen 9] Random Battle", "players": ["p0x8811331", "p0y8815241"], "log": "|init|battle\n|title|p0x8811331 vs. p0y8815241\n|j|\u2606p0x8811331\n|j|\u2606p0y8815241\n|t:|1783549333\n|gametype|singles\n|player|p1|p0x8811331|102|\n|player|p2|p0y8815241|169|\n|gen|9\n|tier|[Gen 9] Random Battle\n|rule|Species Clause: Limit one of each Pok\u00e9mon\n|rule|HP Percentage Mod: HP is shown in percentages\n|rule|Sleep Clause Mod: Limit one foe put to sleep\n|rule|Illusion Level Mod: Illusion disguises the Pok\u00e9mon's true level\n|\n|t:|1783549333\n|teamsize|p1|6\n|teamsize|p2|6\n|start\n|switch|p1a: Rhydon|Rhydon, L85, F|317/317\n|switch|p2a: Basculegion|Basculegion-F, L83, F|100/100\n|turn|1\n|inactive|Battle timer is ON: inactive players will automatically lose when time's up. (requested by p0x8811331)\n|inactive|p0y8815241 also wants the timer to be on.\n|\n|t:|1783549334\n|switch|p1a: Bellossom|Bellossom, L84, M|263/263\n|move|p2a: Basculegion|Hydro Pump|p1a: Bellossom\n|-resisted|p1a: Bellossom\n|-damage|p1a: Bellossom|186/263\n|\n|-heal|p1a: Bellossom|202/263|[from] item: Leftovers\n|upkeep\n|turn|2\n|inactive|Time left: 300 sec this turn | 300 sec total\n|\n|t:|1783549336\n|move|p2a: Basculegion|Hydro Pump|p1a: Bellossom|[miss]\n|-miss|p2a: Basculegion|p1a: Bellossom\n|move|p1a: Bellossom|Quiver Dance|p1a: Bellossom\n|-boost|p1a: Bellossom|spa|1\n|-boost|p1a: Bellossom|spd|1\n|-boost|p1a: Bellossom|spe|1\n|\n|-heal|p1a: Bellossom|218/263|[from] item: Leftovers\n|upkeep\n|turn|3\n|inactive|Time left: 300 sec this turn | 300 sec total\n|\n|t:|1783549337\n|switch|p2a: Ariados|Ariados, L95, F|100/100\n|move|p1a: Bellossom|Quiver Dance|p1a: Bellossom\n|-boost|p1a: Bellossom|spa|1\n|-boost|p1a: Bellossom|spd|1\n|-boost|p1a: Bellossom|spe|1\n|\n|-heal|p1a: Bellossom|234/263|[from] item: Leftovers\n|upkeep\n|turn|4\n|inactive|Time left: 300 sec this turn | 300 sec total\n|\n|t:|1783549338\n|move|p1a: Bellossom|Strength Sap|p2a: Ariados\n|-unboost|p2a: Ariados|atk|1\n|-heal|p1a: Bellossom|263/263\n|move|p2a: Ariados|Sticky Web|p1a: Bellossom\n|-sidestart|p1: p0x8811331|move: Sticky Web\n|\n|upkeep\n|turn|5\n|inactive|Time left: 300 sec this turn | 300 sec total\n|\n|t:|1783549339\n|move|p1a: Bellossom|Quiver Dance|p1a: Bellossom\n|-boost|p1a: Bellossom|spa|1\n|-boost|p1a: Bellossom|spd|1\n|-boost|p1a: Bellossom|spe|1\n|move|p2a: Ariados|Poison Jab|p1a: Bellossom\n|-supereffective|p1a: Bellossom\n|-damage|p1a: Bellossom|135/263\n|\n|-heal|p1a: Bellossom|151/263|[from] item: Leftovers\n|upkeep\n|turn|6\n|inactive|Time left: 300 sec this turn | 300 sec total\n|\n|t:|1783549340\n|move|p1a: Bellossom|Strength Sap|p2a: Ariados\n|-unboost|p2a: Ariados|atk|1\n|-heal|p1a: Bellossom|263/263\n|move|p2a: Ariados|Megahorn|p1a: Bellossom|[miss]\n|-miss|p2a: Ariados|p1a: Bellossom\n|\n|upkeep\n|turn|7\n|inactive|Time left: 300 sec this turn | 300 sec total\n|\n|t:|1783549341\n|switch|p2a: Tinkaton|Tinkaton, L82, F|100/100\n|-ability|p2a: Tinkaton|Mold Breaker\n|move|p1a: Bellossom|Giga Drain|p2a: Tinkaton\n|-resisted|p2a: Tinkaton\n|-damage|p2a: Tinkaton|71/100\n|\n|-heal|p2a: Tinkaton|78/100|[from] item: Leftovers\n|upkeep\n|turn|8\n|inactive|Time left: 300 sec this turn | 300 sec total\n|\n|t:|1783549342\n|move|p1a: Bellossom|Giga Drain|p2a: Tinkaton\n|-resisted|p2a: Tinkaton\n|-damage|p2a: Tinkaton|49/100\n|move|p2a: Tinkaton|Stealth Rock|p1a: Bellossom\n|-sidestart|p1: p0x8811331|move: Stealth Rock\n|\n|-heal|p2a: Tinkaton|55/100|[from] item: Leftovers\n|upkeep\n|turn|9\n|inactive|Time left: 300 sec this turn | 300 sec total\n|\n|t:|1783549343\n|move|p1a: Bellossom|Giga Drain|p2a: Tinkaton\n|-resisted|p2a: Tinkaton\n|-damage|p2a: Tinkaton|23/100\n|move|p2a: Tinkaton|Thunder Wave|p1a: Bellossom\n|-status|p1a: Bellossom|par\n|\n|-heal|p2a: Tinkaton|30/100|[from] item: Leftovers\n|upkeep\n|turn|10\n|inactive|Time left: 300 sec this turn | 300 sec total\n|\n|t:|1783549344\n|move|p2a: Tinkaton|Gigaton Hammer|p1a: Bellossom\n|-damage|p1a: Bellossom|140/263 par\n|move|p1a: Bellossom|Giga Drain|p2a: Tinkaton\n|-resisted|p2a: Tinkaton\n|-damage|p2a: Tinkaton|1/100\n|-heal|p1a: Bellossom|179/263 par|[from] drain|[of] p2a: Tinkaton\n|\n|-heal|p2a: Tinkaton|7/100|[from] item: Leftovers\n|-heal|p1a: Bellossom|195/263 par|[from] item: Leftovers\n|upkeep\n|turn|11\n|inactive|Time left: 300 sec this turn | 300 sec total\n|\n|t:|1783549345\n|switch|p2a: Arceus|Arceus-Fire, L72|100/100\n|move|p1a: Bellossom|Giga Drain|p2a: Arceus\n|-resisted|p2a: Arceus\n|-damage|p2a: Arceus|69/100\n|-heal|p1a: Bellossom|241/263 par|[from] drain|[of] p2a: Arceus\n|\n|-heal|p1a: Bellossom|257/263 par|[from] item: Leftovers\n|upkeep\n|turn|12\n|inactive|Time left: 300 sec this turn | 300 sec total\n|\n|t:|1783549346\n|move|p2a: Arceus|Flare Blitz|p1a: Bellossom\n|-supereffective|p1a: Bellossom\n|-damage|p1a: Bellossom|27/263 par\n|-damage|p2a: Arceus|43/100|[from] Recoil\n|cant|p1a: Bellossom|par\n|\n|-heal|p1a: Bellossom|43/263 par|[from] item: Leftovers\n|upkeep\n|turn|13\n|inactive|Time left: 300 sec this turn | 300 sec total\n|\n|t:|1783549347\n|move|p2a: Arceus|Flare Blitz|p1a: Bellossom\n|-supereffective|p1a: Bellossom\n|-damage|p1a: Bellossom|0 fnt\n|faint|p1a: Bellossom\n|-damage|p2a: Arceus|38/100|[from] Recoil\n|\n|upkeep\n|inactive|Time left: 300 sec this turn | 300 sec total | 5 sec grace\n|\n|t:|1783549348\n|switch|p1a: Charizard|Charizard, L85, M|271/271\n|turn|14\n|inactive|Time left: 300 sec this turn | 300 sec total\n|\n|t:|1783549349\n|switch|p2a: Basculegion|Basculegion-F, L83, F|100/100\n|move|p1a: Charizard|Swords Dance|p1a: Charizard\n|-boost|p1a: Charizard|atk|2\n|\n|upkeep\n|turn|15\n|inactive|Time left: 300 sec this turn | 300 sec total\n|\n|t:|1783549350\n|-terastallize|p1a: Charizard|Dragon\n|move|p1a: Charizard|Outrage|p2a: Basculegion\n|-damage|p2a: Basculegion|18/100\n|move|p2a: Basculegion|Wave Crash|p1a: Charizard\n|-resisted|p1a: Charizard\n|-damage|p1a: Charizard|177/271\n|-damage|p2a: Basculegion|9/100|[from] Recoil\n|\n|upkeep\n|turn|16\n|inactive|Time left: 300 sec this turn | 300 sec total\n|\n|t:|1783549351\n|switch|p2a: Tinkaton|Tinkaton, L82, F|7/100\n|-ability|p2a: Tinkaton|Mold Breaker\n|move|p1a: Charizard|Outrage|p2a: Tinkaton|[from] lockedmove\n|-immune|p2a: Tinkaton\n|-start|p1a: Charizard|confusion|[fatigue]\n|\n|-heal|p2a: Tinkaton|14/100|[from] item: Leftovers\n|upkeep\n|turn|17\n|inactive|Time left: 300 sec this turn | 300 sec total\n|\n|t:|1783549352\n|-activate|p1a: Charizard|confusion\n|move|p1a: Charizard|Flare Blitz|p2a: Tinkaton\n|-supereffective|p2a: Tinkaton\n|-damage|p2a: Tinkaton|0 fnt\n|faint|p2a: Tinkaton\n|-damage|p1a: Charizard|165/271|[from] Recoil\n|\n|upkeep\n|\n|t:|1783549353\n|switch|p2a: Ariados|Ariados, L95, F|100/100\n|turn|18\n|inactive|Time left: 300 sec this turn | 300 sec total\n|\n|t:|1783549354\n|-activate|p1a: Charizard|confusion\n|move|p1a: Charizard|Flare Blitz|p2a: Ariados\n|-supereffective|p2a: Ariados\n|-damage|p2a: Ariados|0 fnt\n|faint|p2a: Ariados\n|-damage|p1a: Charizard|70/271|[from] Recoil\n|\n|upkeep\n|\n|t:|1783549355\n|switch|p2a: Sableye|Sableye, L88, M|100/100\n|turn|19\n|inactive|Time left: 300 sec this turn | 300 sec total\n|\n|t:|1783549356\n|move|p2a: Sableye|Will-O-Wisp|p1a: Charizard\n|-status|p1a: Charizard|brn\n|-end|p1a: Charizard|confusion\n|move|p1a: Charizard|Outrage|p2a: Sableye\n|-damage|p2a: Sableye|46/100\n|\n|-heal|p2a: Sableye|52/100|[from] item: Leftovers\n|-damage|p1a: Charizard|54/271 brn|[from] brn\n|upkeep\n|turn|20\n|inactive|Time left: 300 sec this turn | 300 sec total\n|\n|t:|1783549357\n|-terastallize|p2a: Sableye|Steel\n|move|p2a: Sableye|Recover|p2a: Sableye\n|-heal|p2a: Sableye|100/100\n|move|p1a: Charizard|Outrage|p2a: Sableye|[from] lockedmove\n|-resisted|p2a: Sableye\n|-damage|p2a: Sableye|75/100\n|\n|-heal|p2a: Sableye|81/100|[from] item: Leftovers\n|-damage|p1a: Charizard|38/271 brn|[from] brn\n|upkeep\n|turn|21\n|inactive|Time left: 300 sec this turn | 300 sec total\n|\n|t:|1783549359\n|move|p2a: Sableye|Recover|p2a: Sableye\n|-heal|p2a: Sableye|100/100\n|move|p1a: Charizard|Outrage|p2a: Sableye|[from] lockedmove\n|-resisted|p2a: Sableye\n|-damage|p2a: Sableye|71/100\n|-start|p1a: Charizard|confusion|[fatigue]\n|\n|-heal|p2a: Sableye|77/100|[from] item: Leftovers\n|-damage|p1a: Charizard|22/271 brn|[from] brn\n|upkeep\n|turn|22\n|inactive|Time left: 300 sec this turn | 300 sec total\n|\n|t:|1783549360\n|switch|p2a: Oricorio|Oricorio, L84, F|100/100\n|-activate|p1a: Charizard|confusion\n|-damage|p1a: Charizard|0 fnt|[from] confusion\n|faint|p1a: Charizard\n|\n|upkeep\n|inactive|Time left: 300 sec this turn | 300 sec total | 5 sec grace\n|\n|t:|1783549361\n|switch|p1a: Rhydon|Rhydon, L85, F|317/317\n|-activate|p1a: Rhydon|move: Sticky Web\n|-unboost|p1a: Rhydon|spe|1\n|-damage|p1a: Rhydon|298/317|[from] Stealth Rock\n|turn|23\n|inactive|Time left: 300 sec this turn | 300 sec total\n|\n|t:|1783549362\n|switch|p2a: Basculegion|Basculegion-F, L83, F|9/100\n|move|p1a: Rhydon|Stone Edge|p2a: Basculegion|[miss]\n|-miss|p1a: Rhydon|p2a: Basculegion\n|\n|upkeep\n|turn|24\n|inactive|Time left: 300 sec this turn | 300 sec total\n|\n|t:|1783549363\n|move|p2a: Basculegion|Hydro Pump|p1a: Rhydon\n|-supereffective|p1a: Rhydon\n|-damage|p1a: Rhydon|0 fnt\n|faint|p1a: Rhydon\n|\n|upkeep\n|inactive|Time left: 300 sec this turn | 300 sec total | 5 sec grace\n|\n|t:|1783549364\n|switch|p1a: Iron Jugulis|Iron Jugulis, L77|271/271\n|-damage|p1a: Iron Jugulis|204/271|[from] Stealth Rock\n|turn|25\n|inactive|Time left: 300 sec this turn | 300 sec total\n|\n|t:|1783549365\n|move|p1a: Iron Jugulis|Dark Pulse|p2a: Basculegion\n|-supereffective|p2a: Basculegion\n|-damage|p2a: Basculegion|0 fnt\n|faint|p2a: Basculegion\n|\n|upkeep\n|\n|t:|1783549366\n|switch|p2a: Arceus|Arceus-Fire, L72|38/100\n|turn|26\n|inactive|Time left: 300 sec this turn | 300 sec total\n|\n|t:|1783549367\n|move|p2a: Arceus|Recover|p2a: Arceus\n|-heal|p2a: Arceus|88/100\n|move|p1a: Iron Jugulis|Dark Pulse|p2a: Arceus\n|-damage|p2a: Arceus|50/100\n|\n|upkeep\n|turn|27\n|inactive|Time left: 300 sec this turn | 300 sec total\n|\n|t:|1783549368\n|move|p2a: Arceus|Recover|p2a: Arceus\n|-heal|p2a: Arceus|99/100\n|move|p1a: Iron Jugulis|Dark Pulse|p2a: Arceus\n|-damage|p2a: Arceus|61/100\n|\n|upkeep\n|turn|28\n|inactive|Time left: 300 sec this turn | 300 sec total\n|\n|t:|1783549369\n|move|p2a: Arceus|Flare Blitz|p1a: Iron Jugulis\n|-damage|p1a: Iron Jugulis|60/271\n|-damage|p2a: Arceus|44/100|[from] Recoil\n|move|p1a: Iron Jugulis|Dark Pulse|p2a: Arceus\n|-damage|p2a: Arceus|2/100\n|\n|upkeep\n|turn|29\n|inactive|Time left: 300 sec this turn | 300 sec total\n|\n|t:|1783549371\n|move|p2a: Arceus|Flare Blitz|p1a: Iron Jugulis\n|-damage|p1a: Iron Jugulis|0 fnt\n|faint|p1a: Iron Jugulis\n|-end|p1a: Iron Jugulis|Quark Drive|[silent]\n|-damage|p2a: Arceus|0 fnt|[from] Recoil\n|faint|p2a: Arceus\n|\n|upkeep\n|inactive|Time left: 300 sec this turn | 300 sec total | 5 sec grace\n|\n|t:|1783549372\n|switch|p2a: Sableye|Sableye, L88, M, tera:Steel|77/100\n|switch|p1a: Sylveon|Sylveon, L85, M|300/300\n|-activate|p1a: Sylveon|move: Sticky Web\n|-unboost|p1a: Sylveon|spe|1\n|-damage|p1a: Sylveon|263/300|[from] Stealth Rock\n|turn|30\n|inactive|Time left: 300 sec this turn | 300 sec total\n|\n|t:|1783549373\n|switch|p2a: Oricorio|Oricorio, L84, F|100/100\n|move|p1a: Sylveon|Calm Mind|p1a: Sylveon\n|-boost|p1a: Sylveon|spa|1\n|-boost|p1a: Sylveon|spd|1\n|\n|-heal|p1a: Sylveon|281/300|[from] item: Leftovers\n|upkeep\n|turn|31\n|inactive|Time left: 300 sec this turn | 300 sec total\n|\n|t:|1783549374\n|move|p2a: Oricorio|Quiver Dance|p2a: Oricorio\n|-boost|p2a: Oricorio|spa|1\n|-boost|p2a: Oricorio|spd|1\n|-boost|p2a: Oricorio|spe|1\n|move|p1a: Sylveon|Calm Mind|p1a: Sylveon\n|-boost|p1a: Sylveon|spa|1\n|-boost|p1a: Sylveon|spd|1\n|\n|-heal|p1a: Sylveon|299/300|[from] item: Leftovers\n|upkeep\n|turn|32\n|inactive|Time left: 300 sec this turn | 300 sec total\n|\n|t:|1783549375\n|move|p2a: Oricorio|Quiver Dance|p2a: Oricorio\n|-boost|p2a: Oricorio|spa|1\n|-boost|p2a: Oricorio|spd|1\n|-boost|p2a: Oricorio|spe|1\n|move|p1a: Sylveon|Calm Mind|p1a: Sylveon\n|-boost|p1a: Sylveon|spa|1\n|-boost|p1a: Sylveon|spd|1\n|\n|-heal|p1a: Sylveon|300/300|[from] item: Leftovers\n|upkeep\n|turn|33\n|inactive|Time left: 300 sec this turn | 300 sec total\n|\n|t:|1783549376\n|move|p2a: Oricorio|Quiver Dance|p2a: Oricorio\n|-boost|p2a: Oricorio|spa|1\n|-boost|p2a: Oricorio|spd|1\n|-boost|p2a: Oricorio|spe|1\n|move|p1a: Sylveon|Calm Mind|p1a: Sylveon\n|-boost|p1a: Sylveon|spa|1\n|-boost|p1a: Sylveon|spd|1\n|\n|upkeep\n|turn|34\n|inactive|Time left: 300 sec this turn | 300 sec total\n|\n|t:|1783549376\n|move|p2a: Oricorio|Quiver Dance|p2a: Oricorio\n|-boost|p2a: Oricorio|spa|1\n|-boost|p2a: Oricorio|spd|1\n|-boost|p2a: Oricorio|spe|1\n|move|p1a: Sylveon|Hyper Voice|p2a: Oricorio\n|-resisted|p2a: Oricorio\n|-damage|p2a: Oricorio|72/100\n|\n|upkeep\n|turn|35\n|inactive|Time left: 300 sec this turn | 300 sec total\n|\n|t:|1783549377\n|move|p2a: Oricorio|Quiver Dance|p2a: Oricorio\n|-boost|p2a: Oricorio|spa|1\n|-boost|p2a: Oricorio|spd|1\n|-boost|p2a: Oricorio|spe|1\n|move|p1a: Sylveon|Hyper Voice|p2a: Oricorio\n|-resisted|p2a: Oricorio\n|-damage|p2a: Oricorio|48/100\n|\n|upkeep\n|turn|36\n|inactive|Time left: 300 sec this turn | 300 sec total\n|\n|t:|1783549378\n|move|p2a: Oricorio|Roost|p2a: Oricorio\n|-heal|p2a: Oricorio|99/100\n|-singleturn|p2a: Oricorio|move: Roost\n|move|p1a: Sylveon|Hyper Voice|p2a: Oricorio\n|-resisted|p2a: Oricorio\n|-damage|p2a: Oricorio|73/100\n|\n|upkeep\n|turn|37\n|inactive|Time left: 300 sec this turn | 300 sec total\n|\n|t:|1783549379\n|move|p2a: Oricorio|Hurricane|p1a: Sylveon|[miss]\n|-miss|p2a: Oricorio|p1a: Sylveon\n|move|p1a: Sylveon|Calm Mind|p1a: Sylveon\n|-boost|p1a: Sylveon|spa|1\n|-boost|p1a: Sylveon|spd|1\n|\n|upkeep\n|turn|38\n|inactive|Time left: 300 sec this turn | 300 sec total\n|\n|t:|1783549381\n|move|p2a: Oricorio|Hurricane|p1a: Sylveon\n|-damage|p1a: Sylveon|222/300\n|move|p1a: Sylveon|Hyper Voice|p2a: Oricorio\n|-resisted|p2a: Oricorio\n|-damage|p2a: Oricorio|42/100\n|\n|-heal|p1a: Sylveon|240/300|[from] item: Leftovers\n|upkeep\n|turn|39\n|inactive|Time left: 300 sec this turn | 300 sec total\n|\n|t:|1783549382\n|move|p2a: Oricorio|Roost|p2a: Oricorio\n|-heal|p2a: Oricorio|93/100\n|-singleturn|p2a: Oricorio|move: Roost\n|move|p1a: Sylveon|Hyper Voice|p2a: Oricorio\n|-resisted|p2a: Oricorio\n|-damage|p2a: Oricorio|63/100\n|\n|-heal|p1a: Sylveon|258/300|[from] item: Leftovers\n|upkeep\n|turn|40\n|inactive|Time left: 300 sec this turn | 300 sec total\n|\n|t:|1783549383\n|move|p2a: Oricorio|Roost|p2a: Oricorio\n|-heal|p2a: Oricorio|100/100\n|-singleturn|p2a: Oricorio|move: Roost\n|move|p1a: Sylveon|Hyper Voice|p2a: Oricorio\n|-resisted|p2a: Oricorio\n|-damage|p2a: Oricorio|71/100\n|\n|-heal|p1a: Sylveon|276/300|[from] item: Leftovers\n|upkeep\n|turn|41\n|inactive|Time left: 300 sec this turn | 300 sec total\n|\n|t:|1783549384\n|move|p2a: Oricorio|Roost|p2a: Oricorio\n|-heal|p2a: Oricorio|100/100\n|-singleturn|p2a: Oricorio|move: Roost\n|move|p1a: Sylveon|Hyper Voice|p2a: Oricorio\n|-resisted|p2a: Oricorio\n|-damage|p2a: Oricorio|74/100\n|\n|-heal|p1a: Sylveon|294/300|[from] item: Leftovers\n|upkeep\n|turn|42\n|inactive|Time left: 300 sec this turn | 300 sec total\n|\n|t:|1783549385\n|move|p2a: Oricorio|Hurricane|p1a: Sylveon|[miss]\n|-miss|p2a: Oricorio|p1a: Sylveon\n|move|p1a: Sylveon|Hyper Voice|p2a: Oricorio\n|-resisted|p2a: Oricorio\n|-damage|p2a: Oricorio|43/100\n|\n|-heal|p1a: Sylveon|300/300|[from] item: Leftovers\n|upkeep\n|turn|43\n|inactive|Time left: 300 sec this turn | 300 sec total\n|\n|t:|1783549386\n|move|p2a: Oricorio|Roost|p2a: Oricorio\n|-heal|p2a: Oricorio|93/100\n|-singleturn|p2a: Oricorio|move: Roost\n|move|p1a: Sylveon|Hyper Voice|p2a: Oricorio\n|-resisted|p2a: Oricorio\n|-damage|p2a: Oricorio|66/100\n|\n|upkeep\n|turn|44\n|inactive|Time left: 300 sec this turn | 300 sec total\n|\n|t:|1783549387\n|move|p2a: Oricorio|Roost|p2a: Oricorio\n|-heal|p2a: Oricorio|100/100\n|-singleturn|p2a: Oricorio|move: Roost\n|move|p1a: Sylveon|Hyper Voice|p2a: Oricorio\n|-resisted|p2a: Oricorio\n|-damage|p2a: Oricorio|70/100\n|\n|upkeep\n|turn|45\n|inactive|Time left: 300 sec this turn | 300 sec total\n|\n|t:|1783549389\n|move|p2a: Oricorio|Hurricane|p1a: Sylveon\n|-damage|p1a: Sylveon|209/300\n|-start|p1a: Sylveon|confusion\n|-activate|p1a: Sylveon|confusion\n|move|p1a: Sylveon|Hyper Voice|p2a: Oricorio\n|-resisted|p2a: Oricorio\n|-damage|p2a: Oricorio|42/100\n|\n|-heal|p1a: Sylveon|227/300|[from] item: Leftovers\n|upkeep\n|turn|46\n|inactive|Time left: 300 sec this turn | 300 sec total\n|\n|t:|1783549390\n|move|p2a: Oricorio|Roost|p2a: Oricorio\n|-heal|p2a: Oricorio|93/100\n|-singleturn|p2a: Oricorio|move: Roost\n|-end|p1a: Sylveon|confusion\n|move|p1a: Sylveon|Hyper Voice|p2a: Oricorio\n|-resisted|p2a: Oricorio\n|-damage|p2a: Oricorio|62/100\n|\n|-heal|p1a: Sylveon|245/300|[from] item: Leftovers\n|upkeep\n|turn|47\n|inactive|Time left: 300 sec this turn | 300 sec total\n|\n|t:|1783549391\n|move|p2a: Oricorio|Quiver Dance|p2a: Oricorio\n|-boost|p2a: Oricorio|spa|1\n|-boost|p2a: Oricorio|spd|1\n|-boost|p2a: Oricorio|spe|1\n|move|p1a: Sylveon|Hyper Voice|p2a: Oricorio\n|-resisted|p2a: Oricorio\n|-damage|p2a: Oricorio|37/100\n|\n|-heal|p1a: Sylveon|263/300|[from] item: Leftovers\n|upkeep\n|turn|48\n|inactive|Time left: 300 sec this turn | 300 sec total\n|\n|t:|1783549392\n|move|p2a: Oricorio|Roost|p2a: Oricorio\n|-heal|p2a: Oricorio|87/100\n|-singleturn|p2a: Oricorio|move: Roost\n|move|p1a: Sylveon|Hyper Voice|p2a: Oricorio\n|-resisted|p2a: Oricorio\n|-damage|p2a: Oricorio|63/100\n|\n|-heal|p1a: Sylveon|281/300|[from] item: Leftovers\n|upkeep\n|turn|49\n|inactive|Time left: 300 sec this turn | 300 sec total\n|\n|t:|1783549393\n|move|p2a: Oricorio|Hurricane|p1a: Sylveon\n|-damage|p1a: Sylveon|185/300\n|move|p1a: Sylveon|Hyper Voice|p2a: Oricorio\n|-resisted|p2a: Oricorio\n|-damage|p2a: Oricorio|35/100\n|\n|-heal|p1a: Sylveon|203/300|[from] item: Leftovers\n|upkeep\n|turn|50\n|inactive|Time left: 300 sec this turn | 300 sec total\n|\n|t:|1783549394\n|move|p2a: Oricorio|Hurricane|p1a: Sylveon|[miss]\n|-miss|p2a: Oricorio|p1a: Sylveon\n|move|p1a: Sylveon|Wish|p1a: Sylveon\n|\n|-heal|p1a: Sylveon|221/300|[from] item: Leftovers\n|upkeep\n|turn|51\n|inactive|Time left: 300 sec this turn | 300 sec total\n|\n|t:|1783549395\n|move|p2a: Oricorio|Hurricane|p1a: Sylveon\n|-damage|p1a: Sylveon|119/300\n|-start|p1a: Sylveon|confusion\n|-activate|p1a: Sylveon|confusion\n|move|p1a: Sylveon|Hyper Voice|p2a: Oricorio\n|-resisted|p2a: Oricorio\n|-damage|p2a: Oricorio|9/100\n|\n|-heal|p1a: Sylveon|269/300|[from] move: Wish|[wisher] Sylveon\n|-heal|p1a: Sylveon|287/300|[from] item: Leftovers\n|upkeep\n|turn|52\n|inactive|Time left: 300 sec this turn | 300 sec total\n|\n|t:|1783549396\n|-end|p1a: Sylveon|confusion\n|move|p1a: Sylveon|Protect|p1a: Sylveon\n|-singleturn|p1a: Sylveon|Protect\n|move|p2a: Oricorio|Revelation Dance|p1a: Sylveon\n|-activate|p1a: Sylveon|move: Protect\n|\n|-heal|p1a: Sylveon|300/300|[from] item: Leftovers\n|upkeep\n|turn|53\n|inactive|Time left: 300 sec this turn | 300 sec total\n|\n|t:|1783549397\n|move|p2a: Oricorio|Hurricane|p1a: Sylveon\n|-damage|p1a: Sylveon|209/300\n|move|p1a: Sylveon|Wish|p1a: Sylveon\n|\n|-heal|p1a: Sylveon|227/300|[from] item: Leftovers\n|upkeep\n|turn|54\n|inactive|Time left: 300 sec this turn | 300 sec total\n|\n|t:|1783549398\n|move|p2a: Oricorio|Revelation Dance|p1a: Sylveon\n|-damage|p1a: Sylveon|145/300\n|move|p1a: Sylveon|Wish||[still]\n|-fail|p1a: Sylveon\n|\n|-heal|p1a: Sylveon|295/300|[from] move: Wish|[wisher] Sylveon\n|-heal|p1a: Sylveon|300/300|[from] item: Leftovers\n|upkeep\n|turn|55\n|inactive|Time left: 300 sec this turn | 300 sec total\n|\n|t:|1783549399\n|move|p2a: Oricorio|Hurricane|p1a: Sylveon\n|-damage|p1a: Sylveon|207/300\n|move|p1a: Sylveon|Wish|p1a: Sylveon\n|\n|-heal|p1a: Sylveon|225/300|[from] item: Leftovers\n|upkeep\n|turn|56\n|inactive|Time left: 300 sec this turn | 300 sec total\n|\n|t:|1783549400\n|move|p1a: Sylveon|Protect|p1a: Sylveon\n|-singleturn|p1a: Sylveon|Protect\n|move|p2a: Oricorio|Revelation Dance|p1a: Sylveon\n|-activate|p1a: Sylveon|move: Protect\n|\n|-heal|p1a: Sylveon|300/300|[from] move: Wish|[wisher] Sylveon\n|upkeep\n|turn|57\n|inactive|Time left: 300 sec this turn | 300 sec total\n|\n|t:|1783549401\n|move|p2a: Oricorio|Revelation Dance|p1a: Sylveon\n|-damage|p1a: Sylveon|216/300\n|move|p1a: Sylveon|Calm Mind|p1a: Sylveon\n|-boost|p1a: Sylveon|spa|1\n|-boost|p1a: Sylveon|spd|1\n|\n|-heal|p1a: Sylveon|234/300|[from] item: Leftovers\n|upkeep\n|turn|58\n|inactive|Time left: 300 sec this turn | 300 sec total\n|\n|t:|1783549402\n|move|p2a: Oricorio|Hurricane|p1a: Sylveon\n|-damage|p1a: Sylveon|150/300\n|move|p1a: Sylveon|Wish|p1a: Sylveon\n|\n|-heal|p1a: Sylveon|168/300|[from] item: Leftovers\n|upkeep\n|turn|59\n|inactive|Time left: 300 sec this turn | 300 sec total\n|\n|t:|1783549403\n|move|p1a: Sylveon|Protect|p1a: Sylveon\n|-singleturn|p1a: Sylveon|Protect\n|move|p2a: Oricorio|Hurricane|p1a: Sylveon\n|-activate|p1a: Sylveon|move: Protect\n|\n|-heal|p1a: Sylveon|300/300|[from] move: Wish|[wisher] Sylveon\n|upkeep\n|turn|60\n|inactive|Time left: 300 sec this turn | 300 sec total\n|\n|t:|1783549404\n|move|p1a: Sylveon|Protect|p1a: Sylveon\n|-singleturn|p1a: Sylveon|Protect\n|move|p2a: Oricorio|Hurricane|p1a: Sylveon\n|-activate|p1a: Sylveon|move: Protect\n|\n|upkeep\n|turn|61\n|inactive|Time left: 300 sec this turn | 300 sec total\n|\n|t:|1783549405\n|move|p2a: Oricorio|Hurricane|p1a: Sylveon\n|-damage|p1a: Sylveon|215/300\n|-start|p1a: Sylveon|confusion\n|-activate|p1a: Sylveon|confusion\n|move|p1a: Sylveon|Wish|p1a: Sylveon\n|\n|-heal|p1a: Sylveon|233/300|[from] item: Leftovers\n|upkeep\n|turn|62\n|inactive|Time left: 300 sec this turn | 300 sec total\n|\n|t:|1783549406\n|-activate|p1a: Sylveon|confusion\n|move|p1a: Sylveon|Protect|p1a: Sylveon\n|-singleturn|p1a: Sylveon|Protect\n|move|p2a: Oricorio|Revelation Dance|p1a: Sylveon\n|-activate|p1a: Sylveon|move: Protect\n|\n|-heal|p1a: Sylveon|300/300|[from] move: Wish|[wisher] Sylveon\n|upkeep\n|turn|63\n|inactive|Time left: 300 sec this turn | 300 sec total\n|\n|t:|1783549407\n|move|p2a: Oricorio|Revelation Dance|p1a: Sylveon\n|-damage|p1a: Sylveon|227/300\n|-end|p1a: Sylveon|confusion\n|move|p1a: Sylveon|Wish|p1a: Sylveon\n|\n|-heal|p1a: Sylveon|245/300|[from] item: Leftovers\n|upkeep\n|turn|64\n|inactive|Time left: 300 sec this turn | 300 sec total\n|\n|t:|1783549408\n|move|p2a: Oricorio|Hurricane|p1a: Sylveon|[miss]\n|-miss|p2a: Oricorio|p1a: Sylveon\n|move|p1a: Sylveon|Wish||[still]\n|-fail|p1a: Sylveon\n|\n|-heal|p1a: Sylveon|300/300|[from] move: Wish|[wisher] Sylveon\n|upkeep\n|turn|65\n|inactive|Time left: 300 sec this turn | 300 sec total\n|\n|t:|1783549409\n|move|p2a: Oricorio|Revelation Dance|p1a: Sylveon\n|-damage|p1a: Sylveon|231/300\n|move|p1a: Sylveon|Calm Mind|p1a: Sylveon\n|-boost|p1a: Sylveon|spa|0\n|-boost|p1a: Sylveon|spd|0\n|\n|-heal|p1a: Sylveon|249/300|[from] item: Leftovers\n|upkeep\n|turn|66\n|inactive|Time left: 300 sec this turn | 300 sec total\n|\n|t:|1783549411\n|move|p1a: Sylveon|Protect|p1a: Sylveon\n|-singleturn|p1a: Sylveon|Protect\n|move|p2a: Oricorio|Hurricane|p1a: Sylveon\n|-activate|p1a: Sylveon|move: Protect\n|\n|-heal|p1a: Sylveon|267/300|[from] item: Leftovers\n|upkeep\n|turn|67\n|inactive|Time left: 300 sec this turn | 300 sec total\n|\n|t:|1783549412\n|move|p2a: Oricorio|Revelation Dance|p1a: Sylveon\n|-damage|p1a: Sylveon|194/300\n|move|p1a: Sylveon|Wish|p1a: Sylveon\n|\n|-heal|p1a: Sylveon|212/300|[from] item: Leftovers\n|upkeep\n|turn|68\n|inactive|Time left: 300 sec this turn | 300 sec total\n|\n|t:|1783549413\n|move|p2a: Oricorio|Revelation Dance|p1a: Sylveon\n|-damage|p1a: Sylveon|140/300\n|move|p1a: Sylveon|Wish||[still]\n|-fail|p1a: Sylveon\n|\n|-heal|p1a: Sylveon|290/300|[from] move: Wish|[wisher] Sylveon\n|-heal|p1a: Sylveon|300/300|[from] item: Leftovers\n|upkeep\n|turn|69\n|inactive|Time left: 300 sec this turn | 300 sec total\n|\n|t:|1783549414\n|move|p2a: Oricorio|Revelation Dance|p1a: Sylveon\n|-damage|p1a: Sylveon|231/300\n|move|p1a: Sylveon|Wish|p1a: Sylveon\n|\n|-heal|p1a: Sylveon|249/300|[from] item: Leftovers\n|upkeep\n|turn|70\n|inactive|Time left: 300 sec this turn | 300 sec total\n|\n|t:|1783549415\n|move|p2a: Oricorio|Revelation Dance|p1a: Sylveon\n|-damage|p1a: Sylveon|179/300\n|move|p1a: Sylveon|Calm Mind|p1a: Sylveon\n|-boost|p1a: Sylveon|spa|0\n|-boost|p1a: Sylveon|spd|0\n|\n|-heal|p1a: Sylveon|300/300|[from] move: Wish|[wisher] Sylveon\n|upkeep\n|turn|71\n|inactive|Time left: 300 sec this turn | 300 sec total\n|\n|t:|1783549416\n|move|p1a: Sylveon|Protect|p1a: Sylveon\n|-singleturn|p1a: Sylveon|Protect\n|move|p2a: Oricorio|Revelation Dance|p1a: Sylveon\n|-activate|p1a: Sylveon|move: Protect\n|\n|upkeep\n|turn|72\n|inactive|Time left: 300 sec this turn | 300 sec total\n|\n|t:|1783549417\n|move|p1a: Sylveon|Protect||[still]\n|-fail|p1a: Sylveon\n|move|p2a: Oricorio|Revelation Dance|p1a: Sylveon\n|-damage|p1a: Sylveon|227/300\n|\n|-heal|p1a: Sylveon|245/300|[from] item: Leftovers\n|upkeep\n|turn|73\n|inactive|Time left: 300 sec this turn | 300 sec total\n|\n|t:|1783549418\n|move|p2a: Oricorio|Revelation Dance|p1a: Sylveon\n|-damage|p1a: Sylveon|181/300\n|move|p1a: Sylveon|Wish|p1a: Sylveon\n|\n|-heal|p1a: Sylveon|199/300|[from] item: Leftovers\n|upkeep\n|turn|74\n|inactive|Time left: 300 sec this turn | 300 sec total\n|\n|t:|1783549419\n|move|p1a: Sylveon|Protect|p1a: Sylveon\n|-singleturn|p1a: Sylveon|Protect\n|move|p2a: Oricorio|Revelation Dance|p1a: Sylveon\n|-activate|p1a: Sylveon|move: Protect\n|\n|-heal|p1a: Sylveon|300/300|[from] move: Wish|[wisher] Sylveon\n|upkeep\n|turn|75\n|inactive|Time left: 300 sec this turn | 300 sec total\n|\n|t:|1783549420\n|move|p1a: Sylveon|Protect|p1a: Sylveon\n|-singleturn|p1a: Sylveon|Protect\n|move|p2a: Oricorio|Revelation Dance|p1a: Sylveon\n|-activate|p1a: Sylveon|move: Protect\n|\n|upkeep\n|turn|76\n|inactive|Time left: 300 sec this turn | 300 sec total\n|\n|t:|1783549421\n|move|p2a: Oricorio|Revelation Dance|p1a: Sylveon\n|-damage|p1a: Sylveon|228/300\n|move|p1a: Sylveon|Wish|p1a: Sylveon\n|\n|-heal|p1a: Sylveon|246/300|[from] item: Leftovers\n|upkeep\n|turn|77\n|inactive|Time left: 300 sec this turn | 300 sec total\n|\n|t:|1783549422\n|move|p2a: Oricorio|Revelation Dance|p1a: Sylveon\n|-damage|p1a: Sylveon|173/300\n|move|p1a: Sylveon|Wish||[still]\n|-fail|p1a: Sylveon\n|\n|-heal|p1a: Sylveon|300/300|[from] move: Wish|[wisher] Sylveon\n|upkeep\n|turn|78\n|inactive|Time left: 300 sec this turn | 300 sec total\n|\n|t:|1783549423\n|move|p2a: Oricorio|Quiver Dance|p2a: Oricorio\n|-boost|p2a: Oricorio|spa|0\n|-boost|p2a: Oricorio|spd|0\n|-boost|p2a: Oricorio|spe|0\n|move|p1a: Sylveon|Wish|p1a: Sylveon\n|\n|upkeep\n|turn|79\n|inactive|Time left: 300 sec this turn | 300 sec total\n|\n|t:|1783549424\n|move|p1a: Sylveon|Protect|p1a: Sylveon\n|-singleturn|p1a: Sylveon|Protect\n|move|p2a: Oricorio|Revelation Dance|p1a: Sylveon\n|-activate|p1a: Sylveon|move: Protect\n|\n|upkeep\n|turn|80\n|inactive|Time left: 300 sec this turn | 300 sec total\n|\n|t:|1783549425\n|move|p1a: Sylveon|Protect|p1a: Sylveon\n|-singleturn|p1a: Sylveon|Protect\n|move|p2a: Oricorio|Revelation Dance|p1a: Sylveon\n|-activate|p1a: Sylveon|move: Protect\n|\n|upkeep\n|turn|81\n|inactive|Time left: 300 sec this turn | 300 sec total\n|\n|t:|1783549426\n|move|p2a: Oricorio|Revelation Dance|p1a: Sylveon\n|-damage|p1a: Sylveon|225/300\n|move|p1a: Sylveon|Calm Mind|p1a: Sylveon\n|-boost|p1a: Sylveon|spa|0\n|-boost|p1a: Sylveon|spd|0\n|\n|-heal|p1a: Sylveon|243/300|[from] item: Leftovers\n|upkeep\n|turn|82\n|inactive|Time left: 300 sec this turn | 300 sec total\n|\n|t:|1783549428\n|move|p1a: Sylveon|Protect|p1a: Sylveon\n|-singleturn|p1a: Sylveon|Protect\n|move|p2a: Oricorio|Revelation Dance|p1a: Sylveon\n|-activate|p1a: Sylveon|move: Protect\n|\n|-heal|p1a: Sylveon|261/300|[from] item: Leftovers\n|upkeep\n|turn|83\n|inactive|Time left: 300 sec this turn | 300 sec total\n|\n|t:|1783549429\n|move|p2a: Oricorio|Hurricane|p1a: Sylveon\n|-damage|p1a: Sylveon|182/300\n|move|p1a: Sylveon|Calm Mind|p1a: Sylveon\n|-boost|p1a: Sylveon|spa|0\n|-boost|p1a: Sylveon|spd|0\n|\n|-heal|p1a: Sylveon|200/300|[from] item: Leftovers\n|upkeep\n|turn|84\n|inactive|Time left: 300 sec this turn | 300 sec total\n|\n|t:|1783549430\n|move|p2a: Oricorio|Quiver Dance|p2a: Oricorio\n|-boost|p2a: Oricorio|spa|0\n|-boost|p2a: Oricorio|spd|0\n|-boost|p2a: Oricorio|spe|0\n|move|p1a: Sylveon|Wish|p1a: Sylveon\n|\n|-heal|p1a: Sylveon|218/300|[from] item: Leftovers\n|upkeep\n|turn|85\n|inactive|Time left: 300 sec this turn | 300 sec total\n|\n|t:|1783549431\n|move|p2a: Oricorio|Quiver Dance|p2a: Oricorio\n|-boost|p2a: Oricorio|spa|0\n|-boost|p2a: Oricorio|spd|0\n|-boost|p2a: Oricorio|spe|0\n|move|p1a: Sylveon|Calm Mind|p1a: Sylveon\n|-boost|p1a: Sylveon|spa|0\n|-boost|p1a: Sylveon|spd|0\n|\n|-heal|p1a: Sylveon|300/300|[from] move: Wish|[wisher] Sylveon\n|upkeep\n|turn|86\n|inactive|Time left: 300 sec this turn | 300 sec total\n|\n|t:|1783549432\n|move|p2a: Oricorio|Quiver Dance|p2a: Oricorio\n|-boost|p2a: Oricorio|spa|0\n|-boost|p2a: Oricorio|spd|0\n|-boost|p2a: Oricorio|spe|0\n|move|p1a: Sylveon|Calm Mind|p1a: Sylveon\n|-boost|p1a: Sylveon|spa|0\n|-boost|p1a: Sylveon|spd|0\n|\n|upkeep\n|turn|87\n|inactive|Time left: 300 sec this turn | 300 sec total\n|\n|t:|1783549433\n|move|p2a: Oricorio|Quiver Dance|p2a: Oricorio\n|-boost|p2a: Oricorio|spa|0\n|-boost|p2a: Oricorio|spd|0\n|-boost|p2a: Oricorio|spe|0\n|move|p1a: Sylveon|Calm Mind|p1a: Sylveon\n|-boost|p1a: Sylveon|spa|0\n|-boost|p1a: Sylveon|spd|0\n|\n|upkeep\n|turn|88\n|inactive|Time left: 300 sec this turn | 300 sec total\n|\n|t:|1783549434\n|move|p2a: Oricorio|Quiver Dance|p2a: Oricorio\n|-boost|p2a: Oricorio|spa|0\n|-boost|p2a: Oricorio|spd|0\n|-boost|p2a: Oricorio|spe|0\n|move|p1a: Sylveon|Calm Mind|p1a: Sylveon\n|-boost|p1a: Sylveon|spa|0\n|-boost|p1a: Sylveon|spd|0\n|\n|upkeep\n|turn|89\n|inactive|Time left: 300 sec this turn | 300 sec total\n|\n|t:|1783549434\n|move|p2a: Oricorio|Quiver Dance|p2a: Oricorio\n|-boost|p2a: Oricorio|spa|0\n|-boost|p2a: Oricorio|spd|0\n|-boost|p2a: Oricorio|spe|0\n|move|p1a: Sylveon|Calm Mind|p1a: Sylveon\n|-boost|p1a: Sylveon|spa|0\n|-boost|p1a: Sylveon|spd|0\n|\n|upkeep\n|turn|90\n|inactive|Time left: 300 sec this turn | 300 sec total\n|\n|t:|1783549435\n|move|p2a: Oricorio|Quiver Dance|p2a: Oricorio\n|-boost|p2a: Oricorio|spa|0\n|-boost|p2a: Oricorio|spd|0\n|-boost|p2a: Oricorio|spe|0\n|move|p1a: Sylveon|Calm Mind|p1a: Sylveon\n|-boost|p1a: Sylveon|spa|0\n|-boost|p1a: Sylveon|spd|0\n|\n|upkeep\n|turn|91\n|inactive|Time left: 300 sec this turn | 300 sec total\n|\n|t:|1783549436\n|move|p2a: Oricorio|Quiver Dance|p2a: Oricorio\n|-boost|p2a: Oricorio|spa|0\n|-boost|p2a: Oricorio|spd|0\n|-boost|p2a: Oricorio|spe|0\n|move|p1a: Sylveon|Calm Mind|p1a: Sylveon\n|-boost|p1a: Sylveon|spa|0\n|-boost|p1a: Sylveon|spd|0\n|\n|upkeep\n|turn|92\n|inactive|Time left: 300 sec this turn | 300 sec total\n|\n|t:|1783549437\n|move|p2a: Oricorio|Quiver Dance|p2a: Oricorio\n|-boost|p2a: Oricorio|spa|0\n|-boost|p2a: Oricorio|spd|0\n|-boost|p2a: Oricorio|spe|0\n|move|p1a: Sylveon|Calm Mind|p1a: Sylveon\n|-boost|p1a: Sylveon|spa|0\n|-boost|p1a: Sylveon|spd|0\n|\n|upkeep\n|turn|93\n|inactive|Time left: 300 sec this turn | 300 sec total\n|\n|t:|1783549438\n|move|p2a: Oricorio|Quiver Dance|p2a: Oricorio\n|-boost|p2a: Oricorio|spa|0\n|-boost|p2a: Oricorio|spd|0\n|-boost|p2a: Oricorio|spe|0\n|move|p1a: Sylveon|Calm Mind|p1a: Sylveon\n|-boost|p1a: Sylveon|spa|0\n|-boost|p1a: Sylveon|spd|0\n|\n|upkeep\n|turn|94\n|inactive|Time left: 300 sec this turn | 300 sec total\n|\n|t:|1783549439\n|move|p2a: Oricorio|Quiver Dance|p2a: Oricorio\n|-boost|p2a: Oricorio|spa|0\n|-boost|p2a: Oricorio|spd|0\n|-boost|p2a: Oricorio|spe|0\n|move|p1a: Sylveon|Calm Mind|p1a: Sylveon\n|-boost|p1a: Sylveon|spa|0\n|-boost|p1a: Sylveon|spd|0\n|\n|upkeep\n|turn|95\n|inactive|Time left: 300 sec this turn | 300 sec total\n|\n|t:|1783549439\n|move|p2a: Oricorio|Quiver Dance|p2a: Oricorio\n|-boost|p2a: Oricorio|spa|0\n|-boost|p2a: Oricorio|spd|0\n|-boost|p2a: Oricorio|spe|0\n|move|p1a: Sylveon|Calm Mind|p1a: Sylveon\n|-boost|p1a: Sylveon|spa|0\n|-boost|p1a: Sylveon|spd|0\n|\n|upkeep\n|turn|96\n|inactive|Time left: 300 sec this turn | 300 sec total\n|\n|t:|1783549441\n|move|p2a: Oricorio|Quiver Dance|p2a: Oricorio\n|-boost|p2a: Oricorio|spa|0\n|-boost|p2a: Oricorio|spd|0\n|-boost|p2a: Oricorio|spe|0\n|move|p1a: Sylveon|Calm Mind|p1a: Sylveon\n|-boost|p1a: Sylveon|spa|0\n|-boost|p1a: Sylveon|spd|0\n|\n|upkeep\n|turn|97\n|inactive|Time left: 300 sec this turn | 300 sec total\n|\n|t:|1783549442\n|move|p2a: Oricorio|Quiver Dance|p2a: Oricorio\n|-boost|p2a: Oricorio|spa|0\n|-boost|p2a: Oricorio|spd|0\n|-boost|p2a: Oricorio|spe|0\n|move|p1a: Sylveon|Calm Mind|p1a: Sylveon\n|-boost|p1a: Sylveon|spa|0\n|-boost|p1a: Sylveon|spd|0\n|\n|upkeep\n|turn|98\n|inactive|Time left: 300 sec this turn | 300 sec total\n|\n|t:|1783549443\n|move|p2a: Oricorio|Quiver Dance|p2a: Oricorio\n|-boost|p2a: Oricorio|spa|0\n|-boost|p2a: Oricorio|spd|0\n|-boost|p2a: Oricorio|spe|0\n|move|p1a: Sylveon|Calm Mind|p1a: Sylveon\n|-boost|p1a: Sylveon|spa|0\n|-boost|p1a: Sylveon|spd|0\n|\n|upkeep\n|turn|99\n|inactive|Time left: 300 sec this turn | 300 sec total\n|\n|t:|1783549444\n|move|p2a: Oricorio|Quiver Dance|p2a: Oricorio\n|-boost|p2a: Oricorio|spa|0\n|-boost|p2a: Oricorio|spd|0\n|-boost|p2a: Oricorio|spe|0\n|move|p1a: Sylveon|Calm Mind|p1a: Sylveon\n|-boost|p1a: Sylveon|spa|0\n|-boost|p1a: Sylveon|spd|0\n|\n|upkeep\n|turn|100\n|inactive|Time left: 300 sec this turn | 300 sec total\n|\n|t:|1783549445\n|move|p2a: Oricorio|Quiver Dance|p2a: Oricorio\n|-boost|p2a: Oricorio|spa|0\n|-boost|p2a: Oricorio|spd|0\n|-boost|p2a: Oricorio|spe|0\n|move|p1a: Sylveon|Calm Mind|p1a: Sylveon\n|-boost|p1a: Sylveon|spa|0\n|-boost|p1a: Sylveon|spd|0\n|\n|upkeep\n|turn|101\n|inactive|Time left: 300 sec this turn | 300 sec total\n|\n|t:|1783549446\n|move|p2a: Oricorio|Quiver Dance|p2a: Oricorio\n|-boost|p2a: Oricorio|spa|0\n|-boost|p2a: Oricorio|spd|0\n|-boost|p2a: Oricorio|spe|0\n|move|p1a: Sylveon|Calm Mind|p1a: Sylveon\n|-boost|p1a: Sylveon|spa|0\n|-boost|p1a: Sylveon|spd|0\n|\n|upkeep\n|turn|102\n|inactive|Time left: 300 sec this turn | 300 sec total\n|\n|t:|1783549447\n|move|p1a: Sylveon|Protect|p1a: Sylveon\n|-singleturn|p1a: Sylveon|Protect\n|move|p2a: Oricorio|Quiver Dance|p2a: Oricorio\n|-boost|p2a: Oricorio|spa|0\n|-boost|p2a: Oricorio|spd|0\n|-boost|p2a: Oricorio|spe|0\n|\n|upkeep\n|turn|103\n|inactive|Time left: 300 sec this turn | 300 sec total\n|\n|t:|1783549448\n|move|p2a: Oricorio|Quiver Dance|p2a: Oricorio\n|-boost|p2a: Oricorio|spa|0\n|-boost|p2a: Oricorio|spd|0\n|-boost|p2a: Oricorio|spe|0\n|move|p1a: Sylveon|Calm Mind|p1a: Sylveon\n|-boost|p1a: Sylveon|spa|0\n|-boost|p1a: Sylveon|spd|0\n|\n|upkeep\n|turn|104\n|inactive|Time left: 300 sec this turn | 300 sec total\n|\n|t:|1783549449\n|move|p2a: Oricorio|Quiver Dance|p2a: Oricorio\n|-boost|p2a: Oricorio|spa|0\n|-boost|p2a: Oricorio|spd|0\n|-boost|p2a: Oricorio|spe|0\n|move|p1a: Sylveon|Calm Mind|p1a: Sylveon\n|-boost|p1a: Sylveon|spa|0\n|-boost|p1a: Sylveon|spd|0\n|\n|upkeep\n|turn|105\n|inactive|Time left: 300 sec this turn | 300 sec total\n|\n|t:|1783549450\n|move|p2a: Oricorio|Quiver Dance|p2a: Oricorio\n|-boost|p2a: Oricorio|spa|0\n|-boost|p2a: Oricorio|spd|0\n|-boost|p2a: Oricorio|spe|0\n|move|p1a: Sylveon|Calm Mind|p1a: Sylveon\n|-boost|p1a: Sylveon|spa|0\n|-boost|p1a: Sylveon|spd|0\n|\n|upkeep\n|turn|106\n|inactive|Time left: 300 sec this turn | 300 sec total\n|\n|t:|1783549451\n|move|p2a: Oricorio|Quiver Dance|p2a: Oricorio\n|-boost|p2a: Oricorio|spa|0\n|-boost|p2a: Oricorio|spd|0\n|-boost|p2a: Oricorio|spe|0\n|move|p1a: Sylveon|Calm Mind|p1a: Sylveon\n|-boost|p1a: Sylveon|spa|0\n|-boost|p1a: Sylveon|spd|0\n|\n|upkeep\n|turn|107\n|inactive|Time left: 300 sec this turn | 300 sec total\n|\n|t:|1783549452\n|switch|p1a: Vikavolt|Vikavolt, L83, F|263/263\n|move|p2a: Oricorio|Quiver Dance|p2a: Oricorio\n|-boost|p2a: Oricorio|spa|0\n|-boost|p2a: Oricorio|spd|0\n|-boost|p2a: Oricorio|spe|0\n|\n|upkeep\n|turn|108\n|inactive|Time left: 300 sec this turn | 300 sec total\n|\n|t:|1783549453\n|move|p2a: Oricorio|Revelation Dance|p1a: Vikavolt\n|-supereffective|p1a: Vikavolt\n|-damage|p1a: Vikavolt|0 fnt\n|faint|p1a: Vikavolt\n|\n|upkeep\n|inactive|Time left: 300 sec this turn | 300 sec total | 5 sec grace\n|\n|t:|1783549454\n|switch|p1a: Sylveon|Sylveon, L85, M|300/300\n|-activate|p1a: Sylveon|move: Sticky Web\n|-unboost|p1a: Sylveon|spe|1\n|-damage|p1a: Sylveon|263/300|[from] Stealth Rock\n|turn|109\n|inactive|Time left: 300 sec this turn | 300 sec total\n|\n|t:|1783549455\n|move|p1a: Sylveon|Protect|p1a: Sylveon\n|-singleturn|p1a: Sylveon|Protect\n|move|p2a: Oricorio|Quiver Dance|p2a: Oricorio\n|-boost|p2a: Oricorio|spa|0\n|-boost|p2a: Oricorio|spd|0\n|-boost|p2a: Oricorio|spe|0\n|\n|-heal|p1a: Sylveon|281/300|[from] item: Leftovers\n|upkeep\n|turn|110\n|inactive|Time left: 300 sec this turn | 300 sec total\n|\n|t:|1783549456\n|move|p1a: Sylveon|Protect|p1a: Sylveon\n|-singleturn|p1a: Sylveon|Protect\n|move|p2a: Oricorio|Revelation Dance|p1a: Sylveon\n|-activate|p1a: Sylveon|move: Protect\n|\n|-heal|p1a: Sylveon|299/300|[from] item: Leftovers\n|upkeep\n|turn|111\n|inactive|Time left: 300 sec this turn | 300 sec total\n|\n|t:|1783549457\n|-activate|p2a: Oricorio|move: Struggle\n|move|p2a: Oricorio|Struggle|p1a: Sylveon\n|-damage|p1a: Sylveon|273/300\n|-damage|p2a: Oricorio|0 fnt|[from] recoil\n|faint|p2a: Oricorio\n|move|p1a: Sylveon|Calm Mind|p1a: Sylveon\n|-boost|p1a: Sylveon|spa|1\n|-boost|p1a: Sylveon|spd|1\n|\n|-heal|p1a: Sylveon|291/300|[from] item: Leftovers\n|upkeep\n|\n|t:|1783549458\n|switch|p2a: Sableye|Sableye, L88, M, tera:Steel|77/100\n|turn|112\n|inactive|Time left: 300 sec this turn | 300 sec total\n|\n|t:|1783549460\n|move|p2a: Sableye|Knock Off|p1a: Sylveon\n|-resisted|p1a: Sylveon\n|-damage|p1a: Sylveon|230/300\n|-enditem|p1a: Sylveon|Leftovers|[from] move: Knock Off|[of] p2a: Sableye\n|-activate|p1a: Sylveon|move: Struggle\n|move|p1a: Sylveon|Struggle|p2a: Sableye\n|-damage|p2a: Sableye|68/100\n|-damage|p1a: Sylveon|155/300|[from] recoil\n|\n|-heal|p2a: Sableye|74/100|[from] item: Leftovers\n|upkeep\n|turn|113\n|inactive|Time left: 300 sec this turn | 300 sec total\n|\n|t:|1783549461\n|move|p2a: Sableye|Will-O-Wisp|p1a: Sylveon\n|-status|p1a: Sylveon|brn\n|-activate|p1a: Sylveon|move: Struggle\n|move|p1a: Sylveon|Struggle|p2a: Sableye\n|-damage|p2a: Sableye|69/100\n|-damage|p1a: Sylveon|80/300 brn|[from] recoil\n|\n|-heal|p2a: Sableye|75/100|[from] item: Leftovers\n|-damage|p1a: Sylveon|62/300 brn|[from] brn\n|upkeep\n|turn|114\n|inactive|Time left: 300 sec this turn | 300 sec total\n|\n|t:|1783549462\n|move|p2a: Sableye|Encore||[still]\n|-fail|p2a: Sableye\n|-activate|p1a: Sylveon|move: Struggle\n|move|p1a: Sylveon|Struggle|p2a: Sableye\n|-damage|p2a: Sableye|71/100\n|-damage|p1a: Sylveon|0 fnt|[from] recoil\n|faint|p1a: Sylveon\n|\n|win|p0y8815241", "uploadtime": 1783549462, "views": 0, "rating": 0, "private": 0, "password": null, "_winner": "p0y8815241", "_our_name": "p0x8811331"}