{"id": "battle-gen9randombattle-1481", "formatid": "gen9randombattle", "format": "[Gen 9] Random Battle", "players": ["p0x14815e08", "p0y1481a964"], "log": "|init|battle\n|title|p0x14815e08 vs. p0y1481a964\n|j|\u2606p0x14815e08\n|j|\u2606p0y1481a964\n|t:|1783557219\n|gametype|singles\n|player|p1|p0x14815e08|265|\n|player|p2|p0y1481a964|2|\n|gen|9\n|tier|[Gen 9] Random Battle\n|rule|Species Clause: Limit one of each Pok\u00e9mon\n|rule|HP Percentage Mod: HP is shown in percentages\n|rule|Sleep Clause Mod: Limit one foe put to sleep\n|rule|Illusion Level Mod: Illusion disguises the Pok\u00e9mon's true level\n|\n|t:|1783557219\n|teamsize|p1|6\n|teamsize|p2|6\n|start\n|switch|p1a: Meowscarada|Meowscarada, L78, F|247/247\n|switch|p2a: Noctowl|Noctowl, L95, F|100/100\n|turn|1\n|inactive|Battle timer is ON: inactive players will automatically lose when time's up. (requested by p0y1481a964)\n|inactive|Time left: 300 sec this turn | 300 sec total | 60 sec grace\n|inactive|p0x14815e08 also wants the timer to be on.\n|\n|t:|1783557220\n|move|p1a: Meowscarada|Triple Axel|p2a: Noctowl|[miss]\n|-start|p1a: Meowscarada|typechange|Ice|[from] ability: Protean\n|-miss|p1a: Meowscarada|p2a: Noctowl\n|move|p2a: Noctowl|Hurricane|p1a: Meowscarada\n|-damage|p1a: Meowscarada|82/247\n|-start|p1a: Meowscarada|confusion\n|\n|upkeep\n|turn|2\n|inactive|Time left: 300 sec this turn | 300 sec total\n|\n|t:|1783557222\n|-activate|p1a: Meowscarada|confusion\n|-damage|p1a: Meowscarada|45/247|[from] confusion\n|move|p2a: Noctowl|Hyper Voice|p1a: Meowscarada\n|-damage|p1a: Meowscarada|0 fnt\n|faint|p1a: Meowscarada\n|\n|upkeep\n|inactive|Time left: 300 sec this turn | 300 sec total | 5 sec grace\n|\n|t:|1783557222\n|switch|p1a: Miraidon|Miraidon, L65|238/238\n|-fieldstart|move: Electric Terrain|[from] ability: Hadron Engine|[of] p1a: Miraidon\n|turn|3\n|inactive|Time left: 300 sec this turn | 300 sec total\n|\n|t:|1783557224\n|-terastallize|p2a: Noctowl|Ground\n|move|p1a: Miraidon|Electro Drift|p2a: Noctowl\n|-immune|p2a: Noctowl\n|move|p2a: Noctowl|Hyper Voice|p1a: Miraidon\n|-damage|p1a: Miraidon|121/238\n|\n|upkeep\n|turn|4\n|inactive|Time left: 300 sec this turn | 300 sec total\n|\n|t:|1783557225\n|move|p1a: Miraidon|Calm Mind|p1a: Miraidon\n|-boost|p1a: Miraidon|spa|1\n|-boost|p1a: Miraidon|spd|1\n|move|p2a: Noctowl|Hyper Voice|p1a: Miraidon\n|-damage|p1a: Miraidon|40/238\n|\n|upkeep\n|turn|5\n|inactive|Time left: 300 sec this turn | 300 sec total\n|\n|t:|1783557226\n|move|p1a: Miraidon|Draco Meteor|p2a: Noctowl\n|-damage|p2a: Noctowl|26/100\n|-unboost|p1a: Miraidon|spa|2\n|-damage|p1a: Miraidon|17/238|[from] item: Life Orb\n|move|p2a: Noctowl|Hyper Voice|p1a: Miraidon\n|-damage|p1a: Miraidon|0 fnt\n|faint|p1a: Miraidon\n|\n|upkeep\n|inactive|Time left: 300 sec this turn | 300 sec total | 5 sec grace\n|\n|t:|1783557227\n|switch|p1a: Pikachu|Pikachu-Hoenn, L93, F|216/216\n|turn|6\n|inactive|Time left: 300 sec this turn | 300 sec total\n|\n|t:|1783557228\n|switch|p2a: Trevenant|Trevenant, L89, M|100/100\n|move|p1a: Pikachu|Surf|p2a: Trevenant\n|-resisted|p2a: Trevenant\n|-damage|p2a: Trevenant|85/100\n|\n|upkeep\n|turn|7\n|inactive|Time left: 300 sec this turn | 300 sec total\n|\n|t:|1783557229\n|move|p1a: Pikachu|Volt Switch|p2a: Trevenant\n|-resisted|p2a: Trevenant\n|-damage|p2a: Trevenant|62/100\n|inactive|Time left: 300 sec this turn | 300 sec total | 5 sec grace\n|\n|t:|1783557231\n|switch|p1a: Kommo-o|Kommo-o, L77, F|242/242|[from] Volt Switch\n|move|p2a: Trevenant|Poltergeist|p1a: Kommo-o\n|-activate|p1a: Kommo-o|move: Poltergeist|Throat Spray\n|-damage|p1a: Kommo-o|124/242\n|\n|-fieldend|move: Electric Terrain\n|upkeep\n|turn|8\n|inactive|Time left: 300 sec this turn | 300 sec total\n|\n|t:|1783557232\n|move|p1a: Kommo-o|Clangorous Soul|p1a: Kommo-o\n|-boost|p1a: Kommo-o|atk|1\n|-boost|p1a: Kommo-o|def|1\n|-boost|p1a: Kommo-o|spa|1\n|-boost|p1a: Kommo-o|spd|1\n|-boost|p1a: Kommo-o|spe|1\n|-damage|p1a: Kommo-o|45/242\n|-enditem|p1a: Kommo-o|Throat Spray\n|-boost|p1a: Kommo-o|spa|1|[from] item: Throat Spray\n|move|p2a: Trevenant|Drain Punch|p1a: Kommo-o\n|-damage|p1a: Kommo-o|11/242\n|-heal|p2a: Trevenant|68/100|[from] drain|[of] p1a: Kommo-o\n|\n|upkeep\n|turn|9\n|inactive|Time left: 300 sec this turn | 300 sec total\n|\n|t:|1783557233\n|switch|p2a: Basculegion|Basculegion, L80, M|100/100\n|move|p1a: Kommo-o|Clanging Scales|p2a: Basculegion\n|-damage|p2a: Basculegion|48/100\n|-unboost|p1a: Kommo-o|def|1\n|\n|upkeep\n|turn|10\n|inactive|Time left: 300 sec this turn | 300 sec total\n|\n|t:|1783557234\n|move|p2a: Basculegion|Aqua Jet|p1a: Kommo-o\n|-resisted|p1a: Kommo-o\n|-damage|p1a: Kommo-o|0 fnt\n|faint|p1a: Kommo-o\n|\n|upkeep\n|inactive|Time left: 300 sec this turn | 300 sec total | 5 sec grace\n|\n|t:|1783557235\n|switch|p1a: Pikachu|Pikachu-Hoenn, L93, F|216/216\n|turn|11\n|inactive|Time left: 300 sec this turn | 300 sec total\n|\n|t:|1783557236\n|switch|p2a: Trevenant|Trevenant, L89, M|68/100\n|move|p1a: Pikachu|Volt Switch|p2a: Trevenant\n|-resisted|p2a: Trevenant\n|-damage|p2a: Trevenant|47/100\n|-enditem|p2a: Trevenant|Sitrus Berry|[eat]\n|-heal|p2a: Trevenant|72/100|[from] item: Sitrus Berry\n|inactive|Time left: 300 sec this turn | 300 sec total | 5 sec grace\n|\n|t:|1783557237\n|switch|p1a: Clawitzer|Clawitzer, L87, F|265/265|[from] Volt Switch\n|\n|-item|p2a: Trevenant|Sitrus Berry|[from] ability: Harvest\n|upkeep\n|turn|12\n|inactive|Time left: 300 sec this turn | 300 sec total\n|\n|t:|1783557238\n|move|p2a: Trevenant|Protect|p2a: Trevenant\n|-singleturn|p2a: Trevenant|Protect\n|move|p1a: Clawitzer|Dragon Pulse|p2a: Trevenant\n|-activate|p2a: Trevenant|move: Protect\n|\n|upkeep\n|turn|13\n|inactive|Time left: 300 sec this turn | 300 sec total\n|\n|t:|1783557238\n|move|p1a: Clawitzer|Water Pulse|p2a: Trevenant\n|-resisted|p2a: Trevenant\n|-damage|p2a: Trevenant|54/100\n|move|p2a: Trevenant|Poltergeist|p1a: Clawitzer\n|-activate|p1a: Clawitzer|move: Poltergeist|Assault Vest\n|-damage|p1a: Clawitzer|130/265\n|\n|upkeep\n|turn|14\n|inactive|Time left: 300 sec this turn | 300 sec total\n|\n|t:|1783557239\n|-terastallize|p1a: Clawitzer|Dragon\n|move|p2a: Trevenant|Protect|p2a: Trevenant\n|-singleturn|p2a: Trevenant|Protect\n|move|p1a: Clawitzer|Dragon Pulse|p2a: Trevenant\n|-activate|p2a: Trevenant|move: Protect\n|\n|upkeep\n|turn|15\n|inactive|Time left: 300 sec this turn | 300 sec total\n|\n|t:|1783557240\n|switch|p2a: Noctowl|Noctowl, L95, F, tera:Ground|26/100\n|move|p1a: Clawitzer|Dragon Pulse|p2a: Noctowl\n|-damage|p2a: Noctowl|0 fnt\n|faint|p2a: Noctowl\n|\n|upkeep\n|\n|t:|1783557241\n|switch|p2a: Kleavor|Kleavor, L78, M|100/100\n|turn|16\n|inactive|Time left: 300 sec this turn | 300 sec total\n|\n|t:|1783557241\n|move|p2a: Kleavor|X-Scissor|p1a: Clawitzer\n|-damage|p1a: Clawitzer|0 fnt\n|faint|p1a: Clawitzer\n|\n|upkeep\n|inactive|Time left: 300 sec this turn | 300 sec total | 5 sec grace\n|\n|t:|1783557242\n|switch|p1a: Pikachu|Pikachu-Hoenn, L93, F|216/216\n|turn|17\n|inactive|Time left: 300 sec this turn | 300 sec total\n|\n|t:|1783557243\n|switch|p2a: Trevenant|Trevenant, L89, M|54/100\n|move|p1a: Pikachu|Surf|p2a: Trevenant\n|-resisted|p2a: Trevenant\n|-damage|p2a: Trevenant|39/100\n|-enditem|p2a: Trevenant|Sitrus Berry|[eat]\n|-heal|p2a: Trevenant|64/100|[from] item: Sitrus Berry\n|\n|-item|p2a: Trevenant|Sitrus Berry|[from] ability: Harvest\n|upkeep\n|turn|18\n|inactive|Time left: 300 sec this turn | 300 sec total\n|\n|t:|1783557244\n|move|p1a: Pikachu|Volt Switch|p2a: Trevenant\n|-resisted|p2a: Trevenant\n|-damage|p2a: Trevenant|45/100\n|-enditem|p2a: Trevenant|Sitrus Berry|[eat]\n|-heal|p2a: Trevenant|70/100|[from] item: Sitrus Berry\n|inactive|Time left: 300 sec this turn | 300 sec total | 5 sec grace\n|\n|t:|1783557245\n|switch|p1a: Ursaring|Ursaring, L84, M|288/288|[from] Volt Switch\n|move|p2a: Trevenant|Poltergeist|p1a: Ursaring\n|-immune|p1a: Ursaring\n|\n|-item|p2a: Trevenant|Sitrus Berry|[from] ability: Harvest\n|upkeep\n|turn|19\n|inactive|Time left: 300 sec this turn | 300 sec total\n|\n|t:|1783557246\n|move|p2a: Trevenant|Drain Punch|p1a: Ursaring\n|-supereffective|p1a: Ursaring\n|-damage|p1a: Ursaring|192/288\n|-heal|p2a: Trevenant|87/100|[from] drain|[of] p1a: Ursaring\n|move|p1a: Ursaring|Earthquake|p2a: Trevenant\n|-resisted|p2a: Trevenant\n|-damage|p2a: Trevenant|71/100\n|\n|upkeep\n|turn|20\n|inactive|Time left: 300 sec this turn | 300 sec total\n|\n|t:|1783557247\n|move|p2a: Trevenant|Drain Punch|p1a: Ursaring\n|-supereffective|p1a: Ursaring\n|-damage|p1a: Ursaring|96/288\n|-heal|p2a: Trevenant|88/100|[from] drain|[of] p1a: Ursaring\n|move|p1a: Ursaring|Rest|p1a: Ursaring\n|-status|p1a: Ursaring|slp|[from] move: Rest\n|-heal|p1a: Ursaring|288/288 slp|[silent]\n|\n|upkeep\n|turn|21\n|inactive|Time left: 300 sec this turn | 300 sec total\n|\n|t:|1783557248\n|move|p2a: Trevenant|Drain Punch|p1a: Ursaring\n|-supereffective|p1a: Ursaring\n|-damage|p1a: Ursaring|184/288 slp\n|-heal|p2a: Trevenant|100/100|[from] drain|[of] p1a: Ursaring\n|cant|p1a: Ursaring|slp\n|move|p1a: Ursaring|Sleep Talk|p1a: Ursaring\n|move|p1a: Ursaring|Earthquake|p2a: Trevenant|[from] move: Sleep Talk\n|-resisted|p2a: Trevenant\n|-damage|p2a: Trevenant|78/100\n|\n|upkeep\n|turn|22\n|inactive|Time left: 300 sec this turn | 300 sec total\n|\n|t:|1783557248\n|move|p2a: Trevenant|Drain Punch|p1a: Ursaring\n|-supereffective|p1a: Ursaring\n|-damage|p1a: Ursaring|76/288 slp\n|-heal|p2a: Trevenant|96/100|[from] drain|[of] p1a: Ursaring\n|cant|p1a: Ursaring|slp\n|move|p1a: Ursaring|Sleep Talk|p1a: Ursaring\n|move|p1a: Ursaring|Rest||[from] move: Sleep Talk|[still]\n|-fail|p1a: Ursaring\n|\n|upkeep\n|turn|23\n|inactive|Time left: 300 sec this turn | 300 sec total\n|\n|t:|1783557249\n|switch|p1a: Pikachu|Pikachu-Hoenn, L93, F|216/216\n|move|p2a: Trevenant|Drain Punch|p1a: Pikachu\n|-damage|p1a: Pikachu|119/216\n|-heal|p2a: Trevenant|100/100|[from] drain|[of] p1a: Pikachu\n|\n|upkeep\n|turn|24\n|inactive|Time left: 300 sec this turn | 300 sec total\n|\n|t:|1783557250\n|move|p1a: Pikachu|Play Rough|p2a: Trevenant\n|-damage|p2a: Trevenant|62/100\n|move|p2a: Trevenant|Drain Punch|p1a: Pikachu\n|-damage|p1a: Pikachu|10/216\n|-heal|p2a: Trevenant|81/100|[from] drain|[of] p1a: Pikachu\n|\n|upkeep\n|turn|25\n|inactive|Time left: 300 sec this turn | 300 sec total\n|\n|t:|1783557251\n|move|p1a: Pikachu|Volt Tackle|p2a: Trevenant\n|-resisted|p2a: Trevenant\n|-damage|p2a: Trevenant|44/100\n|-enditem|p2a: Trevenant|Sitrus Berry|[eat]\n|-heal|p2a: Trevenant|69/100|[from] item: Sitrus Berry\n|-damage|p1a: Pikachu|0 fnt|[from] Recoil\n|faint|p1a: Pikachu\n|move|p2a: Trevenant|Drain Punch|p1: Pikachu|[notarget]\n|-fail|p2a: Trevenant\n|\n|-item|p2a: Trevenant|Sitrus Berry|[from] ability: Harvest\n|upkeep\n|inactive|Time left: 300 sec this turn | 300 sec total | 5 sec grace\n|\n|t:|1783557252\n|switch|p1a: Ursaring|Ursaring, L84, M|76/288 slp\n|turn|26\n|inactive|Time left: 300 sec this turn | 300 sec total\n|\n|t:|1783557253\n|move|p2a: Trevenant|Drain Punch|p1a: Ursaring\n|-supereffective|p1a: Ursaring\n|-damage|p1a: Ursaring|0 fnt\n|-heal|p2a: Trevenant|82/100|[from] drain|[of] p1a: Ursaring\n|faint|p1a: Ursaring\n|\n|win|p0y1481a964", "uploadtime": 1783557253, "views": 0, "rating": 0, "private": 0, "password": null, "_winner": "p0y1481a964", "_our_name": "p0x14815e08"}