{"id": "battle-gen9randombattle-1975", "formatid": "gen9randombattle", "format": "[Gen 9] Random Battle", "players": ["p0x1975fa42", "p0y1975670f"], "log": "|init|battle\n|title|p0x1975fa42 vs. p0y1975670f\n|j|\u2606p0x1975fa42\n|j|\u2606p0y1975670f\n|t:|1783562120\n|gametype|singles\n|player|p1|p0x1975fa42|101|\n|player|p2|p0y1975670f|170|\n|gen|9\n|tier|[Gen 9] Random Battle\n|rule|Species Clause: Limit one of each Pok\u00e9mon\n|rule|HP Percentage Mod: HP is shown in percentages\n|rule|Sleep Clause Mod: Limit one foe put to sleep\n|rule|Illusion Level Mod: Illusion disguises the Pok\u00e9mon's true level\n|\n|t:|1783562120\n|teamsize|p1|6\n|teamsize|p2|6\n|start\n|switch|p1a: Flareon|Flareon, L90, M|263/263\n|switch|p2a: Veluza|Veluza, L85, F|100/100\n|turn|1\n|inactive|Battle timer is ON: inactive players will automatically lose when time's up. (requested by p0y1975670f)\n|inactive|Time left: 300 sec this turn | 300 sec total | 60 sec grace\n|inactive|p0x1975fa42 also wants the timer to be on.\n|\n|t:|1783562121\n|-terastallize|p1a: Flareon|Normal\n|move|p2a: Veluza|Aqua Cutter|p1a: Flareon\n|-damage|p1a: Flareon|121/263\n|move|p1a: Flareon|Will-O-Wisp|p2a: Veluza\n|-status|p2a: Veluza|brn\n|\n|-damage|p2a: Veluza|94/100 brn|[from] brn\n|-status|p1a: Flareon|tox|[from] item: Toxic Orb\n|upkeep\n|turn|2\n|inactive|Time left: 300 sec this turn | 300 sec total\n|\n|t:|1783562122\n|move|p2a: Veluza|Aqua Cutter|p1a: Flareon\n|-crit|p1a: Flareon\n|-damage|p1a: Flareon|13/263 tox\n|move|p1a: Flareon|Facade|p2a: Veluza\n|-damage|p2a: Veluza|0 fnt\n|faint|p2a: Veluza\n|\n|-damage|p1a: Flareon|0 fnt|[from] psn\n|faint|p1a: Flareon\n|upkeep\n|inactive|Time left: 300 sec this turn | 300 sec total | 5 sec grace\n|\n|t:|1783562123\n|switch|p2a: Arceus|Arceus-Bug, L73|100/100\n|switch|p1a: Primarina|Primarina, L83, F|268/268\n|turn|3\n|inactive|Time left: 300 sec this turn | 300 sec total\n|\n|t:|1783562124\n|move|p2a: Arceus|Calm Mind|p2a: Arceus\n|-boost|p2a: Arceus|spa|1\n|-boost|p2a: Arceus|spd|1\n|move|p1a: Primarina|Moonblast|p2a: Arceus\n|-damage|p2a: Arceus|62/100\n|\n|upkeep\n|turn|4\n|inactive|Time left: 300 sec this turn | 300 sec total\n|\n|t:|1783562125\n|move|p2a: Arceus|Calm Mind|p2a: Arceus\n|-boost|p2a: Arceus|spa|1\n|-boost|p2a: Arceus|spd|1\n|move|p1a: Primarina|Moonblast|p2a: Arceus\n|-damage|p2a: Arceus|32/100\n|-unboost|p2a: Arceus|spa|1\n|\n|upkeep\n|turn|5\n|inactive|Time left: 300 sec this turn | 300 sec total\n|\n|t:|1783562125\n|move|p2a: Arceus|Recover|p2a: Arceus\n|-heal|p2a: Arceus|83/100\n|move|p1a: Primarina|Moonblast|p2a: Arceus\n|-damage|p2a: Arceus|54/100\n|\n|upkeep\n|turn|6\n|inactive|Time left: 300 sec this turn | 300 sec total\n|\n|t:|1783562126\n|move|p2a: Arceus|Recover|p2a: Arceus\n|-heal|p2a: Arceus|100/100\n|move|p1a: Primarina|Moonblast|p2a: Arceus\n|-damage|p2a: Arceus|72/100\n|-unboost|p2a: Arceus|spa|1\n|\n|upkeep\n|turn|7\n|inactive|Time left: 300 sec this turn | 300 sec total\n|\n|t:|1783562127\n|move|p2a: Arceus|Calm Mind|p2a: Arceus\n|-boost|p2a: Arceus|spa|1\n|-boost|p2a: Arceus|spd|1\n|move|p1a: Primarina|Moonblast|p2a: Arceus\n|-damage|p2a: Arceus|51/100\n|-unboost|p2a: Arceus|spa|1\n|\n|upkeep\n|turn|8\n|inactive|Time left: 300 sec this turn | 300 sec total\n|\n|t:|1783562128\n|move|p2a: Arceus|Recover|p2a: Arceus\n|-heal|p2a: Arceus|100/100\n|move|p1a: Primarina|Moonblast|p2a: Arceus\n|-damage|p2a: Arceus|79/100\n|-unboost|p2a: Arceus|spa|1\n|\n|upkeep\n|turn|9\n|inactive|Time left: 300 sec this turn | 300 sec total\n|\n|t:|1783562129\n|move|p2a: Arceus|Calm Mind|p2a: Arceus\n|-boost|p2a: Arceus|spa|1\n|-boost|p2a: Arceus|spd|1\n|move|p1a: Primarina|Moonblast|p2a: Arceus\n|-damage|p2a: Arceus|62/100\n|-unboost|p2a: Arceus|spa|1\n|\n|upkeep\n|turn|10\n|inactive|Time left: 300 sec this turn | 300 sec total\n|\n|t:|1783562130\n|move|p2a: Arceus|Calm Mind|p2a: Arceus\n|-boost|p2a: Arceus|spa|1\n|-boost|p2a: Arceus|spd|1\n|move|p1a: Primarina|Moonblast|p2a: Arceus\n|-damage|p2a: Arceus|44/100\n|-unboost|p2a: Arceus|spa|1\n|\n|upkeep\n|turn|11\n|inactive|Time left: 300 sec this turn | 300 sec total\n|\n|t:|1783562131\n|move|p2a: Arceus|Recover|p2a: Arceus\n|-heal|p2a: Arceus|94/100\n|move|p1a: Primarina|Moonblast|p2a: Arceus\n|-damage|p2a: Arceus|78/100\n|\n|upkeep\n|turn|12\n|inactive|Time left: 300 sec this turn | 300 sec total\n|\n|t:|1783562132\n|move|p2a: Arceus|Calm Mind|p2a: Arceus\n|-boost|p2a: Arceus|spa|1\n|-boost|p2a: Arceus|spd|1\n|move|p1a: Primarina|Moonblast|p2a: Arceus\n|-damage|p2a: Arceus|64/100\n|-unboost|p2a: Arceus|spa|1\n|\n|upkeep\n|turn|13\n|inactive|Time left: 300 sec this turn | 300 sec total\n|\n|t:|1783562133\n|move|p2a: Arceus|Recover|p2a: Arceus\n|-heal|p2a: Arceus|100/100\n|move|p1a: Primarina|Moonblast|p2a: Arceus\n|-damage|p2a: Arceus|85/100\n|\n|upkeep\n|turn|14\n|inactive|Time left: 300 sec this turn | 300 sec total\n|\n|t:|1783562134\n|move|p2a: Arceus|Calm Mind|p2a: Arceus\n|-boost|p2a: Arceus|spa|1\n|-boost|p2a: Arceus|spd|0\n|move|p1a: Primarina|Moonblast|p2a: Arceus\n|-damage|p2a: Arceus|70/100\n|\n|upkeep\n|turn|15\n|inactive|Time left: 300 sec this turn | 300 sec total\n|\n|t:|1783562135\n|move|p2a: Arceus|Calm Mind|p2a: Arceus\n|-boost|p2a: Arceus|spa|1\n|-boost|p2a: Arceus|spd|0\n|move|p1a: Primarina|Moonblast|p2a: Arceus\n|-damage|p2a: Arceus|54/100\n|\n|upkeep\n|turn|16\n|inactive|Time left: 300 sec this turn | 300 sec total\n|\n|t:|1783562136\n|move|p2a: Arceus|Judgment|p1a: Primarina\n|-resisted|p1a: Primarina\n|-damage|p1a: Primarina|200/268\n|move|p1a: Primarina|Moonblast|p2a: Arceus\n|-damage|p2a: Arceus|41/100\n|\n|upkeep\n|turn|17\n|inactive|Time left: 300 sec this turn | 300 sec total\n|\n|t:|1783562137\n|move|p2a: Arceus|Recover|p2a: Arceus\n|-heal|p2a: Arceus|91/100\n|move|p1a: Primarina|Moonblast|p2a: Arceus\n|-damage|p2a: Arceus|77/100\n|-unboost|p2a: Arceus|spa|1\n|\n|upkeep\n|turn|18\n|inactive|Time left: 300 sec this turn | 300 sec total\n|\n|t:|1783562138\n|move|p2a: Arceus|Calm Mind|p2a: Arceus\n|-boost|p2a: Arceus|spa|1\n|-boost|p2a: Arceus|spd|0\n|move|p1a: Primarina|Moonblast|p2a: Arceus\n|-damage|p2a: Arceus|63/100\n|-unboost|p2a: Arceus|spa|1\n|\n|upkeep\n|turn|19\n|inactive|Time left: 300 sec this turn | 300 sec total\n|\n|t:|1783562139\n|move|p2a: Arceus|Recover|p2a: Arceus\n|-heal|p2a: Arceus|100/100\n|move|p1a: Primarina|Moonblast|p2a: Arceus\n|-damage|p2a: Arceus|87/100\n|\n|upkeep\n|turn|20\n|inactive|Time left: 300 sec this turn | 300 sec total\n|\n|t:|1783562140\n|move|p2a: Arceus|Calm Mind|p2a: Arceus\n|-boost|p2a: Arceus|spa|1\n|-boost|p2a: Arceus|spd|0\n|move|p1a: Primarina|Moonblast|p2a: Arceus\n|-damage|p2a: Arceus|72/100\n|\n|upkeep\n|turn|21\n|inactive|Time left: 300 sec this turn | 300 sec total\n|\n|t:|1783562141\n|move|p2a: Arceus|Judgment|p1a: Primarina\n|-resisted|p1a: Primarina\n|-damage|p1a: Primarina|131/268\n|move|p1a: Primarina|Moonblast|p2a: Arceus\n|-damage|p2a: Arceus|56/100\n|\n|upkeep\n|turn|22\n|inactive|Time left: 300 sec this turn | 300 sec total\n|\n|t:|1783562142\n|move|p2a: Arceus|Recover|p2a: Arceus\n|-heal|p2a: Arceus|100/100\n|move|p1a: Primarina|Moonblast|p2a: Arceus\n|-damage|p2a: Arceus|87/100\n|\n|upkeep\n|turn|23\n|inactive|Time left: 300 sec this turn | 300 sec total\n|\n|t:|1783562143\n|move|p2a: Arceus|Calm Mind|p2a: Arceus\n|-boost|p2a: Arceus|spa|1\n|-boost|p2a: Arceus|spd|0\n|move|p1a: Primarina|Moonblast|p2a: Arceus\n|-damage|p2a: Arceus|72/100\n|-unboost|p2a: Arceus|spa|1\n|\n|upkeep\n|turn|24\n|inactive|Time left: 300 sec this turn | 300 sec total\n|\n|t:|1783562144\n|move|p2a: Arceus|Judgment|p1a: Primarina\n|-resisted|p1a: Primarina\n|-damage|p1a: Primarina|56/268\n|move|p1a: Primarina|Moonblast|p2a: Arceus\n|-damage|p2a: Arceus|57/100\n|\n|upkeep\n|turn|25\n|inactive|Time left: 300 sec this turn | 300 sec total\n|\n|t:|1783562146\n|switch|p1a: Lugia|Lugia, L73|275/275\n|move|p2a: Arceus|Judgment|p1a: Lugia\n|-damage|p1a: Lugia|207/275\n|\n|upkeep\n|turn|26\n|inactive|Time left: 300 sec this turn | 300 sec total\n|\n|t:|1783562147\n|move|p2a: Arceus|Judgment|p1a: Lugia\n|-damage|p1a: Lugia|69/275\n|move|p1a: Lugia|Recover|p1a: Lugia\n|-heal|p1a: Lugia|207/275\n|\n|upkeep\n|turn|27\n|inactive|Time left: 300 sec this turn | 300 sec total\n|\n|t:|1783562148\n|move|p2a: Arceus|Judgment|p1a: Lugia\n|-damage|p1a: Lugia|83/275\n|move|p1a: Lugia|Recover|p1a: Lugia\n|-heal|p1a: Lugia|221/275\n|\n|upkeep\n|turn|28\n|inactive|Time left: 300 sec this turn | 300 sec total\n|\n|t:|1783562149\n|move|p2a: Arceus|Judgment|p1a: Lugia\n|-damage|p1a: Lugia|95/275\n|move|p1a: Lugia|Recover|p1a: Lugia\n|-heal|p1a: Lugia|233/275\n|\n|upkeep\n|turn|29\n|inactive|Time left: 300 sec this turn | 300 sec total\n|\n|t:|1783562150\n|move|p2a: Arceus|Judgment|p1a: Lugia\n|-damage|p1a: Lugia|100/275\n|move|p1a: Lugia|Calm Mind|p1a: Lugia\n|-boost|p1a: Lugia|spa|1\n|-boost|p1a: Lugia|spd|1\n|\n|upkeep\n|turn|30\n|inactive|Time left: 300 sec this turn | 300 sec total\n|\n|t:|1783562151\n|move|p2a: Arceus|Judgment|p1a: Lugia\n|-damage|p1a: Lugia|19/275\n|move|p1a: Lugia|Recover|p1a: Lugia\n|-heal|p1a: Lugia|157/275\n|\n|upkeep\n|turn|31\n|inactive|Time left: 300 sec this turn | 300 sec total\n|\n|t:|1783562152\n|move|p2a: Arceus|Judgment|p1a: Lugia\n|-damage|p1a: Lugia|75/275\n|move|p1a: Lugia|Recover|p1a: Lugia\n|-heal|p1a: Lugia|213/275\n|\n|upkeep\n|turn|32\n|inactive|Time left: 300 sec this turn | 300 sec total\n|\n|t:|1783562153\n|move|p2a: Arceus|Calm Mind|p2a: Arceus\n|-boost|p2a: Arceus|spa|1\n|-boost|p2a: Arceus|spd|0\n|move|p1a: Lugia|Recover|p1a: Lugia\n|-heal|p1a: Lugia|275/275\n|\n|upkeep\n|turn|33\n|inactive|Time left: 300 sec this turn | 300 sec total\n|\n|t:|1783562154\n|move|p2a: Arceus|Judgment|p1a: Lugia\n|-damage|p1a: Lugia|222/275\n|move|p1a: Lugia|Calm Mind|p1a: Lugia\n|-boost|p1a: Lugia|spa|1\n|-boost|p1a: Lugia|spd|1\n|\n|upkeep\n|turn|34\n|inactive|Time left: 300 sec this turn | 300 sec total\n|\n|t:|1783562155\n|move|p2a: Arceus|Judgment|p1a: Lugia\n|-damage|p1a: Lugia|141/275\n|move|p1a: Lugia|Aeroblast|p2a: Arceus\n|-supereffective|p2a: Arceus\n|-damage|p2a: Arceus|32/100\n|\n|upkeep\n|turn|35\n|inactive|Time left: 300 sec this turn | 300 sec total\n|\n|t:|1783562157\n|move|p2a: Arceus|Judgment|p1a: Lugia\n|-damage|p1a: Lugia|51/275\n|move|p1a: Lugia|Recover|p1a: Lugia\n|-heal|p1a: Lugia|189/275\n|\n|upkeep\n|turn|36\n|inactive|Time left: 300 sec this turn | 300 sec total\n|\n|t:|1783562158\n|-terastallize|p2a: Arceus|Fire\n|move|p2a: Arceus|Judgment|p1a: Lugia\n|-damage|p1a: Lugia|107/275\n|move|p1a: Lugia|Aeroblast|p2a: Arceus\n|-damage|p2a: Arceus|21/100\n|\n|upkeep\n|turn|37\n|inactive|Time left: 300 sec this turn | 300 sec total\n|\n|t:|1783562159\n|move|p2a: Arceus|Judgment|p1a: Lugia\n|-damage|p1a: Lugia|26/275\n|move|p1a: Lugia|Recover|p1a: Lugia\n|-heal|p1a: Lugia|164/275\n|\n|upkeep\n|turn|38\n|inactive|Time left: 300 sec this turn | 300 sec total\n|\n|t:|1783562160\n|move|p2a: Arceus|Judgment|p1a: Lugia\n|-damage|p1a: Lugia|74/275\n|move|p1a: Lugia|Aeroblast|p2a: Arceus\n|-crit|p2a: Arceus\n|-damage|p2a: Arceus|0 fnt\n|faint|p2a: Arceus\n|\n|upkeep\n|\n|t:|1783562160\n|switch|p2a: Magmortar|Magmortar, L88, F|100/100\n|turn|39\n|inactive|Time left: 300 sec this turn | 300 sec total\n|\n|t:|1783562161\n|move|p1a: Lugia|Earth Power|p2a: Magmortar\n|-supereffective|p2a: Magmortar\n|-damage|p2a: Magmortar|36/100\n|move|p2a: Magmortar|Knock Off|p1a: Lugia\n|-supereffective|p1a: Lugia\n|-damage|p1a: Lugia|0 fnt\n|-enditem|p1a: Lugia|Heavy-Duty Boots|[from] move: Knock Off|[of] p2a: Magmortar\n|faint|p1a: Lugia\n|\n|upkeep\n|inactive|Time left: 300 sec this turn | 300 sec total | 5 sec grace\n|\n|t:|1783562162\n|switch|p1a: Mienshao|Mienshao, L83, M|244/244\n|turn|40\n|inactive|Time left: 300 sec this turn | 300 sec total\n|\n|t:|1783562163\n|move|p1a: Mienshao|Knock Off|p2a: Magmortar\n|-damage|p2a: Magmortar|0 fnt\n|-enditem|p2a: Magmortar|Heavy-Duty Boots|[from] move: Knock Off|[of] p1a: Mienshao\n|faint|p2a: Magmortar\n|-damage|p1a: Mienshao|220/244|[from] item: Life Orb\n|\n|upkeep\n|\n|t:|1783562164\n|switch|p2a: Volcanion|Volcanion, L79|100/100\n|turn|41\n|inactive|Time left: 300 sec this turn | 300 sec total\n|\n|t:|1783562165\n|move|p1a: Mienshao|Swords Dance|p1a: Mienshao\n|-boost|p1a: Mienshao|atk|2\n|move|p2a: Volcanion|Steam Eruption|p1a: Mienshao\n|-damage|p1a: Mienshao|39/244\n|-status|p1a: Mienshao|brn\n|\n|-damage|p1a: Mienshao|24/244 brn|[from] brn\n|upkeep\n|turn|42\n|inactive|Time left: 300 sec this turn | 300 sec total\n|\n|t:|1783562166\n|move|p1a: Mienshao|Close Combat|p2a: Volcanion\n|-damage|p2a: Volcanion|36/100\n|-unboost|p1a: Mienshao|def|1\n|-unboost|p1a: Mienshao|spd|1\n|-damage|p1a: Mienshao|0 fnt|[from] item: Life Orb\n|faint|p1a: Mienshao\n|move|p2a: Volcanion|Flamethrower|p1: Mienshao|[notarget]\n|-fail|p2a: Volcanion\n|\n|upkeep\n|inactive|Time left: 300 sec this turn | 300 sec total | 5 sec grace\n|\n|t:|1783562166\n|switch|p1a: Gumshoos|Gumshoos, L95, F|321/321\n|turn|43\n|inactive|Time left: 300 sec this turn | 300 sec total\n|\n|t:|1783562167\n|move|p2a: Volcanion|Steam Eruption|p1a: Gumshoos\n|-damage|p1a: Gumshoos|182/321\n|move|p1a: Gumshoos|Double-Edge|p2a: Volcanion\n|-damage|p2a: Volcanion|0 fnt\n|faint|p2a: Volcanion\n|-damage|p1a: Gumshoos|152/321|[from] Recoil\n|\n|upkeep\n|\n|t:|1783562168\n|switch|p2a: Breloom|Breloom, L83, F|100/100\n|turn|44\n|inactive|Time left: 300 sec this turn | 300 sec total\n|\n|t:|1783562168\n|switch|p1a: Jirachi|Jirachi, L80|291/291\n|move|p2a: Breloom|Mach Punch|p1a: Jirachi\n|-damage|p1a: Jirachi|192/291\n|-damage|p2a: Breloom|91/100|[from] item: Life Orb\n|\n|-heal|p1a: Jirachi|210/291|[from] item: Leftovers\n|upkeep\n|turn|45\n|inactive|Time left: 300 sec this turn | 300 sec total\n|\n|t:|1783562169\n|switch|p2a: Dialga|Dialga-Origin, L73|100/100\n|-ability|p2a: Dialga|Pressure\n|move|p1a: Jirachi|Iron Head|p2a: Dialga\n|-resisted|p2a: Dialga\n|-damage|p2a: Dialga|87/100\n|\n|-heal|p1a: Jirachi|228/291|[from] item: Leftovers\n|upkeep\n|turn|46\n|inactive|Time left: 300 sec this turn | 300 sec total\n|\n|t:|1783562170\n|move|p1a: Jirachi|Drain Punch|p2a: Dialga\n|-supereffective|p2a: Dialga\n|-damage|p2a: Dialga|54/100\n|-heal|p1a: Jirachi|273/291|[from] drain|[of] p2a: Dialga\n|move|p2a: Dialga|Stealth Rock|p1a: Jirachi\n|-sidestart|p1: p0x1975fa42|move: Stealth Rock\n|\n|-heal|p1a: Jirachi|291/291|[from] item: Leftovers\n|upkeep\n|turn|47\n|inactive|Time left: 300 sec this turn | 300 sec total\n|\n|t:|1783562171\n|move|p1a: Jirachi|Drain Punch|p2a: Dialga\n|-supereffective|p2a: Dialga\n|-damage|p2a: Dialga|21/100\n|move|p2a: Dialga|Dragon Tail|p1a: Jirachi\n|-resisted|p1a: Jirachi\n|-damage|p1a: Jirachi|262/291\n|drag|p1a: Primarina|Primarina, L83, F|56/268\n|-damage|p1a: Primarina|23/268|[from] Stealth Rock\n|\n|upkeep\n|turn|48\n|inactive|Time left: 300 sec this turn | 300 sec total\n|\n|t:|1783562172\n|move|p2a: Dialga|Flash Cannon|p1a: Primarina\n|-damage|p1a: Primarina|0 fnt\n|faint|p1a: Primarina\n|\n|upkeep\n|inactive|Time left: 300 sec this turn | 300 sec total | 5 sec grace\n|\n|t:|1783562172\n|switch|p1a: Jirachi|Jirachi, L80|262/291\n|-damage|p1a: Jirachi|244/291|[from] Stealth Rock\n|turn|49\n|inactive|Time left: 300 sec this turn | 300 sec total\n|\n|t:|1783562173\n|switch|p2a: Breloom|Breloom, L83, F|91/100\n|move|p1a: Jirachi|Drain Punch|p2a: Breloom\n|-crit|p2a: Breloom\n|-damage|p2a: Breloom|58/100\n|-heal|p1a: Jirachi|283/291|[from] drain|[of] p2a: Breloom\n|\n|-heal|p1a: Jirachi|291/291|[from] item: Leftovers\n|upkeep\n|turn|50\n|inactive|Time left: 300 sec this turn | 300 sec total\n|\n|t:|1783562174\n|move|p1a: Jirachi|Iron Head|p2a: Breloom\n|-damage|p2a: Breloom|17/100\n|cant|p2a: Breloom|flinch\n|\n|upkeep\n|turn|51\n|inactive|Time left: 300 sec this turn | 300 sec total\n|\n|t:|1783562175\n|move|p2a: Breloom|Mach Punch|p1a: Jirachi\n|-damage|p1a: Jirachi|194/291\n|-damage|p2a: Breloom|7/100|[from] item: Life Orb\n|move|p1a: Jirachi|Drain Punch|p2a: Breloom\n|-damage|p2a: Breloom|0 fnt\n|-heal|p1a: Jirachi|202/291|[from] drain|[of] p2a: Breloom\n|faint|p2a: Breloom\n|\n|-heal|p1a: Jirachi|220/291|[from] item: Leftovers\n|upkeep\n|\n|t:|1783562176\n|switch|p2a: Dialga|Dialga-Origin, L73|21/100\n|-ability|p2a: Dialga|Pressure\n|turn|52\n|inactive|Time left: 300 sec this turn | 300 sec total\n|\n|t:|1783562176\n|move|p1a: Jirachi|Drain Punch|p2a: Dialga\n|-supereffective|p2a: Dialga\n|-damage|p2a: Dialga|0 fnt\n|-heal|p1a: Jirachi|248/291|[from] drain|[of] p2a: Dialga\n|faint|p2a: Dialga\n|\n|win|p0x1975fa42", "uploadtime": 1783562177, "views": 0, "rating": 0, "private": 0, "password": null, "_winner": "p0x1975fa42", "_our_name": "p0x1975fa42"}