{"id": "battle-gen9randombattle-176", "formatid": "gen9randombattle", "format": "[Gen 9] Random Battle", "players": ["p0x176ff96", "p0y17688cd"], "log": "|init|battle\n|title|p0x176ff96 vs. p0y17688cd\n|j|\u2606p0x176ff96\n|j|\u2606p0y17688cd\n|t:|1783541162\n|gametype|singles\n|player|p1|p0x176ff96|1|\n|player|p2|p0y17688cd|2|\n|gen|9\n|tier|[Gen 9] Random Battle\n|rule|Species Clause: Limit one of each Pok\u00e9mon\n|rule|HP Percentage Mod: HP is shown in percentages\n|rule|Sleep Clause Mod: Limit one foe put to sleep\n|rule|Illusion Level Mod: Illusion disguises the Pok\u00e9mon's true level\n|\n|t:|1783541162\n|teamsize|p1|6\n|teamsize|p2|6\n|start\n|switch|p1a: Victreebel|Victreebel, L90, F|290/290\n|switch|p2a: Haxorus|Haxorus, L77, M|100/100\n|-ability|p2a: Haxorus|Mold Breaker\n|turn|1\n|inactive|Battle timer is ON: inactive players will automatically lose when time's up. (requested by p0y17688cd)\n|inactive|Time left: 300 sec this turn | 300 sec total | 60 sec grace\n|\n|t:|1783541164\n|move|p2a: Haxorus|Swords Dance|p2a: Haxorus\n|-boost|p2a: Haxorus|atk|2\n|move|p1a: Victreebel|Sludge Wave|p2a: Haxorus\n|-damage|p2a: Haxorus|19/100\n|-status|p2a: Haxorus|psn\n|-damage|p1a: Victreebel|261/290|[from] item: Life Orb\n|\n|-damage|p2a: Haxorus|6/100 psn|[from] psn\n|upkeep\n|turn|2\n|inactive|Time left: 300 sec this turn | 300 sec total\n|inactive|p0x176ff96 also wants the timer to be on.\n|\n|t:|1783541165\n|switch|p1a: Oranguru|Oranguru, L92, M|315/315\n|move|p2a: Haxorus|Scale Shot|p1a: Oranguru|[miss]\n|-miss|p2a: Haxorus|p1a: Oranguru\n|\n|-damage|p2a: Haxorus|0 fnt|[from] psn\n|faint|p2a: Haxorus\n|upkeep\n|\n|t:|1783541165\n|switch|p2a: Glastrier|Glastrier, L86|100/100\n|turn|3\n|inactive|Time left: 300 sec this turn | 300 sec total\n|\n|t:|1783541166\n|move|p1a: Oranguru|Nasty Plot|p1a: Oranguru\n|-boost|p1a: Oranguru|spa|2\n|move|p2a: Glastrier|Icicle Crash|p1a: Oranguru|[miss]\n|-miss|p2a: Glastrier|p1a: Oranguru\n|\n|upkeep\n|turn|4\n|inactive|Time left: 300 sec this turn | 300 sec total\n|\n|t:|1783541167\n|move|p1a: Oranguru|Psychic|p2a: Glastrier\n|-damage|p2a: Glastrier|43/100\n|move|p2a: Glastrier|Icicle Crash|p1a: Oranguru\n|-damage|p1a: Oranguru|128/315\n|\n|-heal|p1a: Oranguru|147/315|[from] item: Leftovers\n|upkeep\n|turn|5\n|inactive|Time left: 300 sec this turn | 300 sec total\n|\n|t:|1783541169\n|move|p1a: Oranguru|Psychic|p2a: Glastrier\n|-damage|p2a: Glastrier|0 fnt\n|faint|p2a: Glastrier\n|\n|-heal|p1a: Oranguru|166/315|[from] item: Leftovers\n|upkeep\n|\n|t:|1783541170\n|switch|p2a: Koraidon|Koraidon, L64|100/100\n|-weather|SunnyDay|[from] ability: Orichalcum Pulse|[of] p2a: Koraidon\n|-activate|p2a: Koraidon|Orichalcum Pulse|[source]\n|turn|6\n|inactive|Time left: 300 sec this turn | 300 sec total\n|\n|t:|1783541171\n|move|p2a: Koraidon|Outrage|p1a: Oranguru\n|-damage|p1a: Oranguru|0 fnt\n|faint|p1a: Oranguru\n|\n|-weather|SunnyDay|[upkeep]\n|upkeep\n|inactive|Time left: 300 sec this turn | 300 sec total | 5 sec grace\n|\n|t:|1783541172\n|switch|p1a: Roaring Moon|Roaring Moon, L72|270/270\n|-activate|p1a: Roaring Moon|ability: Protosynthesis\n|-start|p1a: Roaring Moon|protosynthesisatk\n|turn|7\n|inactive|Time left: 300 sec this turn | 300 sec total\n|\n|t:|1783541173\n|-terastallize|p1a: Roaring Moon|Steel\n|move|p1a: Roaring Moon|Outrage|p2a: Koraidon\n|-supereffective|p2a: Koraidon\n|-damage|p2a: Koraidon|0 fnt\n|faint|p2a: Koraidon\n|\n|-weather|SunnyDay|[upkeep]\n|upkeep\n|\n|t:|1783541174\n|switch|p2a: Excadrill|Excadrill, L79, M|100/100\n|-ability|p2a: Excadrill|Mold Breaker\n|turn|8\n|inactive|Time left: 300 sec this turn | 300 sec total\n|\n|t:|1783541175\n|move|p1a: Roaring Moon|Outrage|p2a: Excadrill|[from] lockedmove\n|-resisted|p2a: Excadrill\n|-damage|p2a: Excadrill|61/100\n|-start|p1a: Roaring Moon|confusion|[fatigue]\n|move|p2a: Excadrill|Earthquake|p1a: Roaring Moon\n|-supereffective|p1a: Roaring Moon\n|-damage|p1a: Roaring Moon|0 fnt\n|faint|p1a: Roaring Moon\n|-end|p1a: Roaring Moon|Protosynthesis|[silent]\n|\n|-weather|SunnyDay|[upkeep]\n|upkeep\n|inactive|Time left: 300 sec this turn | 300 sec total | 5 sec grace\n|\n|t:|1783541176\n|switch|p1a: Victreebel|Victreebel, L90, F|261/290\n|turn|9\n|inactive|Time left: 300 sec this turn | 300 sec total\n|\n|t:|1783541177\n|switch|p2a: Overqwil|Overqwil, L82, M|100/100\n|-ability|p2a: Overqwil|Intimidate|boost\n|-unboost|p1a: Victreebel|atk|1\n|move|p1a: Victreebel|Weather Ball|p2a: Overqwil\n|-damage|p2a: Overqwil|21/100\n|-damage|p1a: Victreebel|232/290|[from] item: Life Orb\n|\n|-weather|SunnyDay|[upkeep]\n|upkeep\n|turn|10\n|inactive|Time left: 300 sec this turn | 300 sec total\n|\n|t:|1783541178\n|switch|p2a: Excadrill|Excadrill, L79, M|61/100\n|-ability|p2a: Excadrill|Mold Breaker\n|move|p1a: Victreebel|Weather Ball|p2a: Excadrill\n|-supereffective|p2a: Excadrill\n|-damage|p2a: Excadrill|0 fnt\n|faint|p2a: Excadrill\n|-damage|p1a: Victreebel|203/290|[from] item: Life Orb\n|\n|-weather|none\n|upkeep\n|\n|t:|1783541180\n|switch|p2a: Overqwil|Overqwil, L82, M|21/100\n|-ability|p2a: Overqwil|Intimidate|boost\n|-unboost|p1a: Victreebel|atk|1\n|turn|11\n|inactive|Time left: 300 sec this turn | 300 sec total\n|\n|t:|1783541181\n|switch|p1a: Perrserker|Perrserker, L89, F|269/269\n|move|p2a: Overqwil|Gunk Shot|p1a: Perrserker\n|-immune|p1a: Perrserker\n|\n|upkeep\n|turn|12\n|inactive|Time left: 300 sec this turn | 300 sec total\n|\n|t:|1783541182\n|switch|p2a: Luvdisc|Luvdisc, M|100/100\n|move|p1a: Perrserker|Knock Off|p2a: Luvdisc\n|-damage|p2a: Luvdisc|23/100\n|-enditem|p2a: Luvdisc|Heavy-Duty Boots|[from] move: Knock Off|[of] p1a: Perrserker\n|\n|upkeep\n|turn|13\n|inactive|Time left: 300 sec this turn | 300 sec total\n|\n|t:|1783541183\n|move|p2a: Luvdisc|Endeavor|p1a: Perrserker\n|-damage|p1a: Perrserker|56/269\n|move|p1a: Perrserker|Knock Off|p2a: Luvdisc\n|-damage|p2a: Luvdisc|0 fnt\n|faint|p2a: Luvdisc\n|\n|upkeep\n|\n|t:|1783541184\n|switch|p2a: Overqwil|Overqwil, L82, M|21/100\n|-ability|p2a: Overqwil|Intimidate|boost\n|-unboost|p1a: Perrserker|atk|1\n|turn|14\n|inactive|Time left: 300 sec this turn | 300 sec total\n|\n|t:|1783541185\n|move|p2a: Overqwil|Gunk Shot|p1a: Perrserker\n|-immune|p1a: Perrserker\n|move|p1a: Perrserker|Knock Off|p2a: Overqwil\n|-resisted|p2a: Overqwil\n|-damage|p2a: Overqwil|3/100\n|-enditem|p2a: Overqwil|Loaded Dice|[from] move: Knock Off|[of] p1a: Perrserker\n|\n|upkeep\n|turn|15\n|inactive|Time left: 300 sec this turn | 300 sec total\n|\n|t:|1783541186\n|-terastallize|p2a: Overqwil|Dragon\n|move|p2a: Overqwil|Crunch|p1a: Perrserker\n|-damage|p1a: Perrserker|0 fnt\n|faint|p1a: Perrserker\n|\n|upkeep\n|inactive|Time left: 300 sec this turn | 300 sec total | 5 sec grace\n|\n|t:|1783541187\n|switch|p1a: Golduck|Golduck, L90, M|290/290\n|-ability|p1a: Golduck|Cloud Nine\n|turn|16\n|inactive|Time left: 300 sec this turn | 300 sec total\n|\n|t:|1783541187\n|move|p1a: Golduck|Flip Turn|p2a: Overqwil\n|-resisted|p2a: Overqwil\n|-damage|p2a: Overqwil|0 fnt\n|faint|p2a: Overqwil\n|\n|win|p0x176ff96", "uploadtime": 1783541187, "views": 0, "rating": 0, "private": 0, "password": null, "_winner": "p0x176ff96", "_our_name": "p0x176ff96"}