{"id": "battle-gen9randombattle-112", "formatid": "gen9randombattle", "format": "[Gen 9] Random Battle", "players": ["p0x112678b", "p0y112f03c"], "log": "|init|battle\n|title|p0x112678b vs. p0y112f03c\n|j|\u2606p0x112678b\n|j|\u2606p0y112f03c\n|t:|1783540467\n|gametype|singles\n|player|p1|p0x112678b|170|\n|player|p2|p0y112f03c|101|\n|gen|9\n|tier|[Gen 9] Random Battle\n|rule|Species Clause: Limit one of each Pok\u00e9mon\n|rule|HP Percentage Mod: HP is shown in percentages\n|rule|Sleep Clause Mod: Limit one foe put to sleep\n|rule|Illusion Level Mod: Illusion disguises the Pok\u00e9mon's true level\n|\n|t:|1783540467\n|teamsize|p1|6\n|teamsize|p2|6\n|start\n|switch|p1a: Rhydon|Rhydon, L85, M|100/100\n|switch|p2a: Wugtrio|Wugtrio, L91, M|212/212\n|turn|1\n|inactive|Battle timer is ON: inactive players will automatically lose when time's up. (requested by p0y112f03c)\n|\n|t:|1783540468\n|-terastallize|p1a: Rhydon|Grass\n|move|p2a: Wugtrio|Liquidation|p1a: Rhydon\n|-resisted|p1a: Rhydon\n|-damage|p1a: Rhydon|88/100\n|move|p1a: Rhydon|Earthquake|p2a: Wugtrio\n|-damage|p2a: Wugtrio|7/212\n|\n|upkeep\n|turn|2\n|inactive|Time left: 300 sec this turn | 300 sec total\n|inactive|p0x112678b also wants the timer to be on.\n|\n|t:|1783540469\n|move|p2a: Wugtrio|Liquidation|p1a: Rhydon\n|-resisted|p1a: Rhydon\n|-damage|p1a: Rhydon|76/100\n|move|p1a: Rhydon|Stealth Rock|p2a: Wugtrio\n|-sidestart|p2: p0y112f03c|move: Stealth Rock\n|\n|upkeep\n|turn|3\n|inactive|Time left: 300 sec this turn | 300 sec total\n|\n|t:|1783540470\n|move|p2a: Wugtrio|Liquidation|p1a: Rhydon\n|-resisted|p1a: Rhydon\n|-damage|p1a: Rhydon|62/100\n|-unboost|p1a: Rhydon|def|1\n|move|p1a: Rhydon|Earthquake|p2a: Wugtrio\n|-damage|p2a: Wugtrio|0 fnt\n|faint|p2a: Wugtrio\n|\n|upkeep\n|inactive|Time left: 300 sec this turn | 300 sec total | 5 sec grace\n|\n|t:|1783540471\n|switch|p2a: Ariados|Ariados, L95, F|287/287\n|turn|4\n|inactive|Time left: 300 sec this turn | 300 sec total\n|\n|t:|1783540472\n|move|p2a: Ariados|Megahorn|p1a: Rhydon\n|-supereffective|p1a: Rhydon\n|-damage|p1a: Rhydon|0 fnt\n|faint|p1a: Rhydon\n|\n|upkeep\n|\n|t:|1783540473\n|switch|p1a: Arceus|Arceus-Dragon, L71|100/100\n|turn|5\n|inactive|Time left: 300 sec this turn | 300 sec total\n|\n|t:|1783540474\n|move|p1a: Arceus|Outrage|p2a: Ariados\n|-damage|p2a: Ariados|154/287\n|move|p2a: Ariados|Sticky Web|p1a: Arceus\n|-sidestart|p1: p0x112678b|move: Sticky Web\n|\n|upkeep\n|turn|6\n|inactive|Time left: 300 sec this turn | 300 sec total\n|\n|t:|1783540475\n|switch|p2a: Houndstone|Houndstone, L86, M|264/264\n|-damage|p2a: Houndstone|231/264|[from] Stealth Rock\n|move|p1a: Arceus|Outrage|p2a: Houndstone|[from] lockedmove\n|-damage|p2a: Houndstone|172/264\n|-start|p1a: Arceus|confusion|[fatigue]\n|\n|-heal|p2a: Houndstone|188/264|[from] item: Leftovers\n|upkeep\n|turn|7\n|inactive|Time left: 300 sec this turn | 300 sec total\n|\n|t:|1783540476\n|switch|p1a: Charizard|Charizard, L85, F|100/100\n|move|p2a: Houndstone|Poltergeist|p1a: Charizard\n|-activate|p1a: Charizard|move: Poltergeist|Heavy-Duty Boots\n|-damage|p1a: Charizard|46/100\n|\n|-heal|p2a: Houndstone|204/264|[from] item: Leftovers\n|upkeep\n|turn|8\n|inactive|Time left: 300 sec this turn | 300 sec total\n|\n|t:|1783540477\n|move|p1a: Charizard|Flamethrower|p2a: Houndstone\n|-damage|p2a: Houndstone|22/264\n|move|p2a: Houndstone|Poltergeist|p1a: Charizard\n|-activate|p1a: Charizard|move: Poltergeist|Heavy-Duty Boots\n|-damage|p1a: Charizard|0 fnt\n|faint|p1a: Charizard\n|\n|-heal|p2a: Houndstone|38/264|[from] item: Leftovers\n|upkeep\n|\n|t:|1783540478\n|switch|p1a: Arceus|Arceus-Dragon, L71|100/100\n|-activate|p1a: Arceus|move: Sticky Web\n|-unboost|p1a: Arceus|spe|1\n|turn|9\n|inactive|Time left: 300 sec this turn | 300 sec total\n|\n|t:|1783540479\n|move|p2a: Houndstone|Rest|p2a: Houndstone\n|-status|p2a: Houndstone|slp|[from] move: Rest\n|-heal|p2a: Houndstone|264/264 slp|[silent]\n|move|p1a: Arceus|Swords Dance|p1a: Arceus\n|-boost|p1a: Arceus|atk|2\n|\n|upkeep\n|turn|10\n|inactive|Time left: 300 sec this turn | 300 sec total\n|\n|t:|1783540480\n|cant|p2a: Houndstone|slp\n|move|p2a: Houndstone|Sleep Talk|p2a: Houndstone\n|move|p2a: Houndstone|Body Press|p1a: Arceus|[from] move: Sleep Talk\n|-damage|p1a: Arceus|81/100\n|move|p1a: Arceus|Outrage|p2a: Houndstone\n|-damage|p2a: Houndstone|151/264 slp\n|\n|-heal|p2a: Houndstone|167/264 slp|[from] item: Leftovers\n|upkeep\n|turn|11\n|inactive|Time left: 300 sec this turn | 300 sec total\n|\n|t:|1783540481\n|cant|p2a: Houndstone|slp\n|move|p2a: Houndstone|Sleep Talk|p2a: Houndstone\n|move|p2a: Houndstone|Poltergeist|p1a: Arceus|[from] move: Sleep Talk\n|-activate|p1a: Arceus|move: Poltergeist|Draco Plate\n|-damage|p1a: Arceus|41/100\n|move|p1a: Arceus|Outrage|p2a: Houndstone|[from] lockedmove\n|-damage|p2a: Houndstone|42/264 slp\n|\n|-heal|p2a: Houndstone|58/264 slp|[from] item: Leftovers\n|upkeep\n|turn|12\n|inactive|Time left: 300 sec this turn | 300 sec total\n|\n|t:|1783540482\n|-curestatus|p2a: Houndstone|slp|[msg]\n|move|p2a: Houndstone|Poltergeist|p1a: Arceus\n|-activate|p1a: Arceus|move: Poltergeist|Draco Plate\n|-damage|p1a: Arceus|1/100\n|move|p1a: Arceus|Outrage|p2a: Houndstone|[from] lockedmove\n|-damage|p2a: Houndstone|0 fnt\n|faint|p2a: Houndstone\n|-start|p1a: Arceus|confusion|[fatigue]\n|\n|upkeep\n|inactive|Time left: 300 sec this turn | 300 sec total | 5 sec grace\n|\n|t:|1783540482\n|switch|p2a: Poliwrath|Poliwrath, L88, M|302/302\n|-damage|p2a: Poliwrath|284/302|[from] Stealth Rock\n|turn|13\n|inactive|Time left: 300 sec this turn | 300 sec total\n|\n|t:|1783540483\n|move|p2a: Poliwrath|Liquidation|p1a: Arceus\n|-resisted|p1a: Arceus\n|-damage|p1a: Arceus|0 fnt\n|faint|p1a: Arceus\n|\n|upkeep\n|\n|t:|1783540484\n|switch|p1a: Jumpluff|Jumpluff, L87, M|100/100\n|turn|14\n|inactive|Time left: 300 sec this turn | 300 sec total\n|\n|t:|1783540485\n|switch|p2a: Typhlosion|Typhlosion-Hisui, L83, F|257/257\n|-damage|p2a: Typhlosion|193/257|[from] Stealth Rock\n|move|p1a: Jumpluff|Acrobatics|p2a: Typhlosion\n|-damage|p2a: Typhlosion|96/257\n|\n|upkeep\n|turn|15\n|inactive|Time left: 300 sec this turn | 300 sec total\n|\n|t:|1783540486\n|move|p1a: Jumpluff|Sleep Powder|p2a: Typhlosion\n|-status|p2a: Typhlosion|slp|[from] move: Sleep Powder\n|cant|p2a: Typhlosion|slp\n|\n|upkeep\n|turn|16\n|inactive|Time left: 300 sec this turn | 300 sec total\n|\n|t:|1783540487\n|move|p1a: Jumpluff|Acrobatics|p2a: Typhlosion\n|-crit|p2a: Typhlosion\n|-damage|p2a: Typhlosion|0 fnt\n|faint|p2a: Typhlosion\n|\n|upkeep\n|inactive|Time left: 300 sec this turn | 300 sec total | 5 sec grace\n|\n|t:|1783540488\n|switch|p2a: Poliwrath|Poliwrath, L88, M|284/302\n|-damage|p2a: Poliwrath|266/302|[from] Stealth Rock\n|turn|17\n|inactive|Time left: 300 sec this turn | 300 sec total\n|\n|t:|1783540490\n|move|p1a: Jumpluff|Acrobatics|p2a: Poliwrath\n|-supereffective|p2a: Poliwrath\n|-damage|p2a: Poliwrath|132/302\n|move|p2a: Poliwrath|Circle Throw|p1a: Jumpluff\n|-resisted|p1a: Jumpluff\n|-damage|p1a: Jumpluff|85/100\n|drag|p1a: Iron Hands|Iron Hands, L79|100/100\n|-activate|p1a: Iron Hands|move: Sticky Web\n|-unboost|p1a: Iron Hands|spe|1\n|\n|upkeep\n|turn|18\n|inactive|Time left: 300 sec this turn | 300 sec total\n|\n|t:|1783540491\n|move|p1a: Iron Hands|Wild Charge|p2a: Poliwrath\n|-supereffective|p2a: Poliwrath\n|-damage|p2a: Poliwrath|0 fnt\n|faint|p2a: Poliwrath\n|-damage|p1a: Iron Hands|92/100|[from] Recoil\n|\n|upkeep\n|inactive|Time left: 300 sec this turn | 300 sec total | 5 sec grace\n|\n|t:|1783540492\n|switch|p2a: Ariados|Ariados, L95, F|154/287\n|turn|19\n|inactive|Time left: 300 sec this turn | 300 sec total\n|\n|t:|1783540493\n|move|p2a: Ariados|Poison Jab|p1a: Iron Hands\n|-damage|p1a: Iron Hands|66/100\n|move|p1a: Iron Hands|Wild Charge|p2a: Ariados\n|-damage|p2a: Ariados|36/287\n|-damage|p1a: Iron Hands|58/100|[from] Recoil\n|\n|upkeep\n|turn|20\n|inactive|Time left: 300 sec this turn | 300 sec total\n|\n|t:|1783540494\n|move|p2a: Ariados|Megahorn|p1a: Iron Hands\n|-resisted|p1a: Iron Hands\n|-damage|p1a: Iron Hands|32/100\n|move|p1a: Iron Hands|Volt Switch|p2a: Ariados\n|-damage|p2a: Ariados|0 fnt\n|faint|p2a: Ariados\n|\n|t:|1783540495\n|-end|p1a: Iron Hands|Quark Drive|[silent]\n|switch|p1a: Medicham|Medicham, L86, M|100/100|[from] Volt Switch\n|-activate|p1a: Medicham|move: Sticky Web\n|-unboost|p1a: Medicham|spe|1\n|\n|upkeep\n|inactive|Time left: 300 sec this turn | 300 sec total | 10 sec grace\n|\n|t:|1783540496\n|switch|p2a: Ditto|Ditto, L87|225/225\n|-damage|p2a: Ditto|197/225|[from] Stealth Rock\n|-transform|p2a: Ditto|p1a: Medicham|[from] ability: Imposter\n|turn|21\n|inactive|Time left: 300 sec this turn | 300 sec total\n|\n|t:|1783540497\n|move|p2a: Ditto|Zen Headbutt|p1a: Medicham\n|-damage|p1a: Medicham|41/100\n|move|p1a: Medicham|Close Combat|p2a: Ditto\n|-resisted|p2a: Ditto\n|-damage|p2a: Ditto|89/225\n|-unboost|p1a: Medicham|def|1\n|-unboost|p1a: Medicham|spd|1\n|\n|upkeep\n|turn|22\n|inactive|Time left: 300 sec this turn | 300 sec total\n|\n|t:|1783540498\n|move|p2a: Ditto|Zen Headbutt|p1a: Medicham\n|-damage|p1a: Medicham|0 fnt\n|faint|p1a: Medicham\n|\n|upkeep\n|\n|t:|1783540499\n|switch|p1a: Jumpluff|Jumpluff, L87, M|85/100\n|turn|23\n|inactive|Time left: 300 sec this turn | 300 sec total\n|\n|t:|1783540500\n|-terastallize|p2a: Ditto|Steel\n|move|p1a: Jumpluff|Acrobatics|p2a: Ditto\n|-resisted|p2a: Ditto\n|-damage|p2a: Ditto|44/225\n|move|p2a: Ditto|Zen Headbutt|p1a: Jumpluff|[miss]\n|-miss|p2a: Ditto|p1a: Jumpluff\n|\n|upkeep\n|turn|24\n|inactive|Time left: 300 sec this turn | 300 sec total\n|\n|t:|1783540501\n|move|p1a: Jumpluff|Acrobatics|p2a: Ditto\n|-resisted|p2a: Ditto\n|-damage|p2a: Ditto|0 fnt\n|faint|p2a: Ditto\n|\n|win|p0x112678b", "uploadtime": 1783540501, "views": 0, "rating": 0, "private": 0, "password": null, "_winner": "p0x112678b", "_our_name": "p0y112f03c"}