{"id": "battle-gen9randombattle-2041", "formatid": "gen9randombattle", "format": "[Gen 9] Random Battle", "players": ["p0x2041ecfd", "p0y20419ce2"], "log": "|init|battle\n|title|p0x2041ecfd vs. p0y20419ce2\n|j|\u2606p0x2041ecfd\n|j|\u2606p0y20419ce2\n|t:|1783563622\n|gametype|singles\n|player|p1|p0x2041ecfd|266|\n|player|p2|p0y20419ce2|266|\n|gen|9\n|tier|[Gen 9] Random Battle\n|rule|Species Clause: Limit one of each Pok\u00e9mon\n|rule|HP Percentage Mod: HP is shown in percentages\n|rule|Sleep Clause Mod: Limit one foe put to sleep\n|rule|Illusion Level Mod: Illusion disguises the Pok\u00e9mon's true level\n|\n|t:|1783563622\n|teamsize|p1|6\n|teamsize|p2|6\n|start\n|switch|p1a: Diancie|Diancie, L82|216/216\n|switch|p2a: Groudon|Groudon, L72|100/100\n|-weather|SunnyDay|[from] ability: Drought|[of] p2a: Groudon\n|turn|1\n|inactive|Battle timer is ON: inactive players will automatically lose when time's up. (requested by p0y20419ce2)\n|inactive|Time left: 300 sec this turn | 300 sec total | 60 sec grace\n|inactive|p0x2041ecfd also wants the timer to be on.\n|\n|t:|1783563623\n|move|p2a: Groudon|Precipice Blades|p1a: Diancie\n|-supereffective|p1a: Diancie\n|-crit|p1a: Diancie\n|-damage|p1a: Diancie|0 fnt\n|faint|p1a: Diancie\n|\n|-weather|SunnyDay|[upkeep]\n|upkeep\n|inactive|Time left: 300 sec this turn | 300 sec total | 65 sec grace\n|\n|t:|1783563625\n|switch|p1a: Palkia|Palkia, L75|259/259\n|-ability|p1a: Palkia|Pressure\n|turn|2\n|inactive|Time left: 300 sec this turn | 300 sec total\n|\n|t:|1783563626\n|switch|p2a: Conkeldurr|Conkeldurr, L80, M|100/100\n|move|p1a: Palkia|Spacial Rend|p2a: Conkeldurr\n|-damage|p2a: Conkeldurr|45/100\n|\n|-weather|SunnyDay|[upkeep]\n|-status|p2a: Conkeldurr|brn|[from] item: Flame Orb\n|upkeep\n|turn|3\n|inactive|Time left: 300 sec this turn | 300 sec total\n|\n|t:|1783563627\n|switch|p2a: Jumpluff|Jumpluff, L87, F|100/100\n|move|p1a: Palkia|Spacial Rend|p2a: Jumpluff\n|-crit|p2a: Jumpluff\n|-damage|p2a: Jumpluff|36/100\n|\n|-weather|SunnyDay|[upkeep]\n|upkeep\n|turn|4\n|inactive|Time left: 300 sec this turn | 300 sec total\n|\n|t:|1783563628\n|move|p1a: Palkia|Spacial Rend|p2a: Jumpluff\n|-damage|p2a: Jumpluff|0 fnt\n|faint|p2a: Jumpluff\n|\n|-weather|SunnyDay|[upkeep]\n|upkeep\n|\n|t:|1783563629\n|switch|p2a: Blaziken|Blaziken, L76, M|100/100\n|turn|5\n|inactive|Time left: 300 sec this turn | 300 sec total\n|\n|t:|1783563630\n|move|p1a: Palkia|Spacial Rend|p2a: Blaziken\n|-damage|p2a: Blaziken|32/100\n|move|p2a: Blaziken|Knock Off|p1a: Palkia\n|-damage|p1a: Palkia|163/259\n|-enditem|p1a: Palkia|Choice Scarf|[from] move: Knock Off|[of] p2a: Blaziken\n|-damage|p2a: Blaziken|22/100|[from] item: Life Orb\n|\n|-weather|none\n|-ability|p2a: Blaziken|Speed Boost|boost\n|-boost|p2a: Blaziken|spe|1\n|upkeep\n|turn|6\n|inactive|Time left: 300 sec this turn | 300 sec total\n|\n|t:|1783563631\n|move|p2a: Blaziken|Close Combat|p1a: Palkia\n|-damage|p1a: Palkia|14/259\n|-unboost|p2a: Blaziken|def|1\n|-unboost|p2a: Blaziken|spd|1\n|-damage|p2a: Blaziken|13/100|[from] item: Life Orb\n|move|p1a: Palkia|Spacial Rend|p2a: Blaziken\n|-crit|p2a: Blaziken\n|-damage|p2a: Blaziken|0 fnt\n|faint|p2a: Blaziken\n|\n|upkeep\n|\n|t:|1783563632\n|switch|p2a: Iron Jugulis|Iron Jugulis, L77|100/100\n|turn|7\n|inactive|Time left: 300 sec this turn | 300 sec total\n|\n|t:|1783563633\n|move|p2a: Iron Jugulis|Meteor Beam||[still]\n|-prepare|p2a: Iron Jugulis|Meteor Beam\n|-boost|p2a: Iron Jugulis|spa|1\n|-enditem|p2a: Iron Jugulis|Power Herb\n|-anim|p2a: Iron Jugulis|Meteor Beam|p1a: Palkia\n|-damage|p1a: Palkia|0 fnt\n|faint|p1a: Palkia\n|\n|upkeep\n|inactive|Time left: 300 sec this turn | 300 sec total | 5 sec grace\n|\n|t:|1783563634\n|switch|p1a: Noctowl|Noctowl, L95, F|344/344\n|turn|8\n|inactive|Time left: 300 sec this turn | 300 sec total\n|\n|t:|1783563636\n|move|p2a: Iron Jugulis|Meteor Beam||[still]\n|-prepare|p2a: Iron Jugulis|Meteor Beam\n|-boost|p2a: Iron Jugulis|spa|1\n|move|p1a: Noctowl|Calm Mind|p1a: Noctowl\n|-boost|p1a: Noctowl|spa|1\n|-boost|p1a: Noctowl|spd|1\n|\n|upkeep\n|turn|9\n|inactive|Time left: 300 sec this turn | 300 sec total\n|\n|t:|1783563637\n|move|p2a: Iron Jugulis|Meteor Beam|p1a: Noctowl|[from] lockedmove\n|-supereffective|p1a: Noctowl\n|-damage|p1a: Noctowl|146/344\n|move|p1a: Noctowl|Hyper Voice|p2a: Iron Jugulis\n|-damage|p2a: Iron Jugulis|29/100\n|\n|upkeep\n|turn|10\n|inactive|Time left: 300 sec this turn | 300 sec total\n|\n|t:|1783563638\n|move|p2a: Iron Jugulis|Dark Pulse|p1a: Noctowl\n|-damage|p1a: Noctowl|52/344\n|move|p1a: Noctowl|Hyper Voice|p2a: Iron Jugulis\n|-damage|p2a: Iron Jugulis|0 fnt\n|faint|p2a: Iron Jugulis\n|-end|p2a: Iron Jugulis|Quark Drive|[silent]\n|\n|upkeep\n|\n|t:|1783563639\n|switch|p2a: Conkeldurr|Conkeldurr, L80, M|45/100 brn\n|turn|11\n|inactive|Time left: 300 sec this turn | 300 sec total\n|\n|t:|1783563640\n|move|p2a: Conkeldurr|Mach Punch|p1a: Noctowl\n|-damage|p1a: Noctowl|0 fnt\n|faint|p1a: Noctowl\n|\n|-damage|p2a: Conkeldurr|39/100 brn|[from] brn\n|upkeep\n|inactive|Time left: 300 sec this turn | 300 sec total | 5 sec grace\n|\n|t:|1783563641\n|switch|p1a: Landorus|Landorus, L75, M|257/257\n|turn|12\n|inactive|Time left: 300 sec this turn | 300 sec total\n|\n|t:|1783563642\n|switch|p2a: Groudon|Groudon, L72|100/100\n|-weather|SunnyDay|[from] ability: Drought|[of] p2a: Groudon\n|move|p1a: Landorus|Earth Power|p2a: Groudon\n|-damage|p2a: Groudon|38/100\n|\n|-weather|SunnyDay|[upkeep]\n|-heal|p2a: Groudon|44/100|[from] item: Leftovers\n|upkeep\n|turn|13\n|inactive|Time left: 300 sec this turn | 300 sec total\n|\n|t:|1783563643\n|move|p1a: Landorus|Earth Power|p2a: Groudon\n|-damage|p2a: Groudon|0 fnt\n|faint|p2a: Groudon\n|\n|-weather|SunnyDay|[upkeep]\n|upkeep\n|\n|t:|1783563643\n|switch|p2a: Glimmora|Glimmora, L75, F|100/100\n|turn|14\n|inactive|Time left: 300 sec this turn | 300 sec total\n|\n|t:|1783563644\n|-terastallize|p2a: Glimmora|Grass\n|move|p1a: Landorus|Earth Power|p2a: Glimmora\n|-resisted|p2a: Glimmora\n|-damage|p2a: Glimmora|62/100\n|move|p2a: Glimmora|Meteor Beam||[still]\n|-prepare|p2a: Glimmora|Meteor Beam\n|-boost|p2a: Glimmora|spa|1\n|-enditem|p2a: Glimmora|Power Herb\n|-anim|p2a: Glimmora|Meteor Beam|p1a: Landorus\n|-damage|p1a: Landorus|37/257\n|\n|-weather|SunnyDay|[upkeep]\n|upkeep\n|turn|15\n|inactive|Time left: 300 sec this turn | 300 sec total\n|\n|t:|1783563645\n|move|p1a: Landorus|Sludge Wave|p2a: Glimmora\n|-supereffective|p2a: Glimmora\n|-crit|p2a: Glimmora\n|-damage|p2a: Glimmora|0 fnt\n|faint|p2a: Glimmora\n|\n|-weather|SunnyDay|[upkeep]\n|upkeep\n|\n|t:|1783563646\n|switch|p2a: Conkeldurr|Conkeldurr, L80, M|39/100 brn\n|turn|16\n|inactive|Time left: 300 sec this turn | 300 sec total\n|\n|t:|1783563647\n|move|p2a: Conkeldurr|Mach Punch|p1a: Landorus\n|-resisted|p1a: Landorus\n|-damage|p1a: Landorus|0 fnt\n|faint|p1a: Landorus\n|\n|-weather|none\n|-damage|p2a: Conkeldurr|33/100 brn|[from] brn\n|upkeep\n|inactive|Time left: 300 sec this turn | 300 sec total | 5 sec grace\n|\n|t:|1783563648\n|switch|p1a: Amoonguss|Amoonguss, L82, F|321/321\n|turn|17\n|inactive|Time left: 300 sec this turn | 300 sec total\n|\n|t:|1783563648\n|-terastallize|p1a: Amoonguss|Water\n|move|p2a: Conkeldurr|Facade|p1a: Amoonguss\n|-damage|p1a: Amoonguss|91/321\n|-damage|p2a: Conkeldurr|17/100 brn|[from] item: Rocky Helmet|[of] p1a: Amoonguss\n|move|p1a: Amoonguss|Sludge Bomb|p2a: Conkeldurr\n|-damage|p2a: Conkeldurr|0 fnt\n|faint|p2a: Conkeldurr\n|\n|win|p0x2041ecfd", "uploadtime": 1783563648, "views": 0, "rating": 0, "private": 0, "password": null, "_winner": "p0x2041ecfd", "_our_name": "p0x2041ecfd"}