{"id": "battle-gen9randombattle-92", "formatid": "gen9randombattle", "format": "[Gen 9] Random Battle", "players": ["p0x0928b25", "p0y0926219"], "log": "|init|battle\n|title|p0x0928b25 vs. p0y0926219\n|j|\u2606p0x0928b25\n|j|\u2606p0y0926219\n|t:|1783534831\n|gametype|singles\n|player|p1|p0x0928b25|2|\n|player|p2|p0y0926219|101|\n|gen|9\n|tier|[Gen 9] Random Battle\n|rule|Species Clause: Limit one of each Pok\u00e9mon\n|rule|HP Percentage Mod: HP is shown in percentages\n|rule|Sleep Clause Mod: Limit one foe put to sleep\n|rule|Illusion Level Mod: Illusion disguises the Pok\u00e9mon's true level\n|\n|t:|1783534831\n|teamsize|p1|6\n|teamsize|p2|6\n|start\n|switch|p1a: Iron Moth|Iron Moth, L78|100/100\n|switch|p2a: Miraidon|Miraidon, L65|238/238\n|-fieldstart|move: Electric Terrain|[from] ability: Hadron Engine|[of] p2a: Miraidon\n|-activate|p1a: Iron Moth|ability: Quark Drive\n|-start|p1a: Iron Moth|quarkdrivespa\n|turn|1\n|inactive|Battle timer is ON: inactive players will automatically lose when time's up. (requested by p0y0926219)\n|inactive|p0x0928b25 also wants the timer to be on.\n|\n|t:|1783534833\n|move|p1a: Iron Moth|Sludge Wave|p2a: Miraidon\n|-damage|p2a: Miraidon|90/238\n|move|p2a: Miraidon|Electro Drift|p1a: Iron Moth\n|-damage|p1a: Iron Moth|26/100\n|-damage|p2a: Miraidon|67/238|[from] item: Life Orb\n|\n|upkeep\n|turn|2\n|inactive|Time left: 300 sec this turn | 300 sec total\n|\n|t:|1783534834\n|switch|p2a: Lugia|Lugia, L73|275/275\n|move|p1a: Iron Moth|Fiery Dance|p2a: Lugia\n|-damage|p2a: Lugia|231/275\n|-boost|p1a: Iron Moth|spa|1\n|\n|upkeep\n|turn|3\n|inactive|Time left: 300 sec this turn | 300 sec total\n|\n|t:|1783534836\n|move|p1a: Iron Moth|Morning Sun|p1a: Iron Moth\n|-heal|p1a: Iron Moth|76/100\n|move|p2a: Lugia|Aeroblast|p1a: Iron Moth\n|-damage|p1a: Iron Moth|49/100\n|\n|upkeep\n|turn|4\n|inactive|Time left: 300 sec this turn | 300 sec total\n|\n|t:|1783534837\n|move|p1a: Iron Moth|Sludge Wave|p2a: Lugia\n|-damage|p2a: Lugia|62/275\n|move|p2a: Lugia|Earth Power|p1a: Iron Moth\n|-supereffective|p1a: Iron Moth\n|-damage|p1a: Iron Moth|0 fnt\n|faint|p1a: Iron Moth\n|-end|p1a: Iron Moth|Quark Drive|[silent]\n|\n|upkeep\n|\n|t:|1783534838\n|switch|p1a: Terrakion|Terrakion, L79|100/100\n|turn|5\n|inactive|Time left: 300 sec this turn | 300 sec total\n|\n|t:|1783534839\n|move|p1a: Terrakion|Swords Dance|p1a: Terrakion\n|-boost|p1a: Terrakion|atk|2\n|move|p2a: Lugia|Recover|p2a: Lugia\n|-heal|p2a: Lugia|200/275\n|\n|-fieldend|move: Electric Terrain\n|upkeep\n|turn|6\n|inactive|Time left: 300 sec this turn | 300 sec total\n|\n|t:|1783534840\n|move|p1a: Terrakion|Stone Edge|p2a: Lugia\n|-supereffective|p2a: Lugia\n|-damage|p2a: Lugia|0 fnt\n|faint|p2a: Lugia\n|-damage|p1a: Terrakion|91/100|[from] item: Life Orb\n|\n|upkeep\n|inactive|Time left: 300 sec this turn | 300 sec total | 5 sec grace\n|\n|t:|1783534840\n|switch|p2a: Dachsbun|Dachsbun, L92, F|254/254\n|turn|7\n|inactive|Time left: 300 sec this turn | 300 sec total\n|\n|t:|1783534841\n|move|p2a: Dachsbun|Play Rough|p1a: Terrakion\n|-supereffective|p1a: Terrakion\n|-damage|p1a: Terrakion|20/100\n|move|p1a: Terrakion|Stone Edge|p2a: Dachsbun|[miss]\n|-miss|p1a: Terrakion|p2a: Dachsbun\n|\n|upkeep\n|turn|8\n|inactive|Time left: 300 sec this turn | 300 sec total\n|\n|t:|1783534842\n|switch|p1a: Camerupt|Camerupt, L91, F|100/100\n|move|p2a: Dachsbun|Play Rough|p1a: Camerupt|[miss]\n|-miss|p2a: Dachsbun|p1a: Camerupt\n|\n|upkeep\n|turn|9\n|inactive|Time left: 300 sec this turn | 300 sec total\n|\n|t:|1783534844\n|move|p2a: Dachsbun|Play Rough|p1a: Camerupt\n|-resisted|p1a: Camerupt\n|-damage|p1a: Camerupt|80/100\n|move|p1a: Camerupt|Stealth Rock|p2a: Dachsbun\n|-sidestart|p2: p0y0926219|move: Stealth Rock\n|\n|-heal|p1a: Camerupt|86/100|[from] item: Leftovers\n|upkeep\n|turn|10\n|inactive|Time left: 300 sec this turn | 300 sec total\n|\n|t:|1783534845\n|move|p2a: Dachsbun|Body Press|p1a: Camerupt\n|-damage|p1a: Camerupt|57/100\n|move|p1a: Camerupt|Earthquake|p2a: Dachsbun\n|-damage|p2a: Dachsbun|166/254\n|\n|-heal|p2a: Dachsbun|181/254|[from] item: Leftovers\n|-heal|p1a: Camerupt|63/100|[from] item: Leftovers\n|upkeep\n|turn|11\n|inactive|Time left: 300 sec this turn | 300 sec total\n|\n|t:|1783534845\n|move|p2a: Dachsbun|Play Rough|p1a: Camerupt\n|-resisted|p1a: Camerupt\n|-damage|p1a: Camerupt|45/100\n|move|p1a: Camerupt|Earthquake|p2a: Dachsbun\n|-damage|p2a: Dachsbun|82/254\n|\n|-heal|p2a: Dachsbun|97/254|[from] item: Leftovers\n|-heal|p1a: Camerupt|51/100|[from] item: Leftovers\n|upkeep\n|turn|12\n|inactive|Time left: 300 sec this turn | 300 sec total\n|\n|t:|1783534846\n|move|p2a: Dachsbun|Wish|p2a: Dachsbun\n|move|p1a: Camerupt|Earthquake|p2a: Dachsbun\n|-damage|p2a: Dachsbun|6/254\n|\n|-heal|p2a: Dachsbun|21/254|[from] item: Leftovers\n|-heal|p1a: Camerupt|57/100|[from] item: Leftovers\n|upkeep\n|turn|13\n|inactive|Time left: 300 sec this turn | 300 sec total\n|\n|t:|1783534847\n|move|p2a: Dachsbun|Protect|p2a: Dachsbun\n|-singleturn|p2a: Dachsbun|Protect\n|move|p1a: Camerupt|Roar|p2a: Dachsbun\n|drag|p2a: Miraidon|Miraidon, L65|67/238\n|-damage|p2a: Miraidon|38/238|[from] Stealth Rock\n|-fieldstart|move: Electric Terrain|[from] ability: Hadron Engine|[of] p2a: Miraidon\n|\n|-heal|p2a: Miraidon|165/238|[from] move: Wish|[wisher] Dachsbun\n|-heal|p1a: Camerupt|63/100|[from] item: Leftovers\n|upkeep\n|turn|14\n|inactive|Time left: 300 sec this turn | 300 sec total\n|\n|t:|1783534848\n|move|p2a: Miraidon|Draco Meteor|p1a: Camerupt\n|-damage|p1a: Camerupt|0 fnt\n|-unboost|p2a: Miraidon|spa|2\n|faint|p1a: Camerupt\n|-damage|p2a: Miraidon|142/238|[from] item: Life Orb\n|\n|upkeep\n|\n|t:|1783534849\n|switch|p1a: Terrakion|Terrakion, L79|20/100\n|turn|15\n|inactive|Time left: 300 sec this turn | 300 sec total\n|\n|t:|1783534850\n|switch|p2a: Dachsbun|Dachsbun, L92, F|21/254\n|-damage|p2a: Dachsbun|0 fnt|[from] Stealth Rock\n|faint|p2a: Dachsbun\n|move|p1a: Terrakion|Close Combat|p2: Dachsbun|[notarget]\n|-fail|p1a: Terrakion\n|\n|upkeep\n|inactive|Time left: 300 sec this turn | 300 sec total | 5 sec grace\n|\n|t:|1783534851\n|switch|p2a: Flapple|Flapple, L88, M|266/266\n|-damage|p2a: Flapple|233/266|[from] Stealth Rock\n|turn|16\n|inactive|Time left: 300 sec this turn | 300 sec total\n|\n|t:|1783534852\n|move|p1a: Terrakion|Close Combat|p2a: Flapple\n|-damage|p2a: Flapple|34/266\n|-unboost|p1a: Terrakion|def|1\n|-unboost|p1a: Terrakion|spd|1\n|-damage|p1a: Terrakion|10/100|[from] item: Life Orb\n|move|p2a: Flapple|Dragon Dance|p2a: Flapple\n|-boost|p2a: Flapple|atk|1\n|-boost|p2a: Flapple|spe|1\n|\n|upkeep\n|turn|17\n|inactive|Time left: 300 sec this turn | 300 sec total\n|\n|t:|1783534853\n|switch|p1a: Chesnaught|Chesnaught, L84, F|100/100\n|move|p2a: Flapple|Grav Apple|p1a: Chesnaught|[miss]\n|-miss|p2a: Flapple|p1a: Chesnaught\n|\n|-fieldend|move: Electric Terrain\n|upkeep\n|turn|18\n|inactive|Time left: 300 sec this turn | 300 sec total\n|\n|t:|1783534854\n|-terastallize|p2a: Flapple|Fire\n|move|p2a: Flapple|Tera Blast|p1a: Chesnaught|[anim] Tera Blast Fire\n|-supereffective|p1a: Chesnaught\n|-damage|p1a: Chesnaught|0 fnt\n|faint|p1a: Chesnaught\n|\n|upkeep\n|\n|t:|1783534855\n|switch|p1a: Giratina|Giratina-Origin, L72|100/100\n|turn|19\n|inactive|Time left: 300 sec this turn | 300 sec total\n|\n|t:|1783534856\n|move|p1a: Giratina|Shadow Sneak|p2a: Flapple\n|-damage|p2a: Flapple|0 fnt\n|faint|p2a: Flapple\n|\n|upkeep\n|inactive|Time left: 300 sec this turn | 300 sec total | 5 sec grace\n|\n|t:|1783534857\n|switch|p2a: Indeedee|Indeedee, L84, M|238/238\n|-damage|p2a: Indeedee|209/238|[from] Stealth Rock\n|-fieldstart|move: Psychic Terrain|[from] ability: Psychic Surge|[of] p2a: Indeedee\n|turn|20\n|inactive|Time left: 300 sec this turn | 300 sec total\n|\n|t:|1783534857\n|switch|p1a: Regice|Regice, L88|100/100\n|move|p2a: Indeedee|Expanding Force|p1a: Regice\n|-damage|p1a: Regice|54/100\n|\n|upkeep\n|turn|21\n|inactive|Time left: 300 sec this turn | 300 sec total\n|\n|t:|1783534858\n|move|p2a: Indeedee|Expanding Force|p1a: Regice\n|-damage|p1a: Regice|11/100\n|move|p1a: Regice|Rest|p1a: Regice\n|-status|p1a: Regice|slp|[from] move: Rest\n|-heal|p1a: Regice|100/100 slp|[silent]\n|\n|upkeep\n|turn|22\n|inactive|Time left: 300 sec this turn | 300 sec total\n|\n|t:|1783534859\n|move|p2a: Indeedee|Expanding Force|p1a: Regice\n|-damage|p1a: Regice|54/100 slp\n|cant|p1a: Regice|slp\n|move|p1a: Regice|Sleep Talk|p1a: Regice\n|move|p1a: Regice|Rest||[from] move: Sleep Talk|[still]\n|-fail|p1a: Regice\n|\n|upkeep\n|turn|23\n|inactive|Time left: 300 sec this turn | 300 sec total\n|\n|t:|1783534860\n|move|p2a: Indeedee|Expanding Force|p1a: Regice\n|-damage|p1a: Regice|6/100 slp\n|cant|p1a: Regice|slp\n|move|p1a: Regice|Sleep Talk|p1a: Regice\n|move|p1a: Regice|Rest||[from] move: Sleep Talk|[still]\n|-fail|p1a: Regice\n|\n|upkeep\n|turn|24\n|inactive|Time left: 300 sec this turn | 300 sec total\n|\n|t:|1783534861\n|move|p2a: Indeedee|Expanding Force|p1a: Regice\n|-damage|p1a: Regice|0 fnt\n|faint|p1a: Regice\n|\n|-fieldend|move: Psychic Terrain\n|upkeep\n|\n|t:|1783534862\n|switch|p1a: Giratina|Giratina-Origin, L72|100/100\n|turn|25\n|inactive|Time left: 300 sec this turn | 300 sec total\n|\n|t:|1783534863\n|move|p2a: Indeedee|Expanding Force|p1a: Giratina\n|-damage|p1a: Giratina|58/100\n|move|p1a: Giratina|Draco Meteor|p2a: Indeedee\n|-damage|p2a: Indeedee|85/238\n|-unboost|p1a: Giratina|spa|2\n|\n|upkeep\n|turn|26\n|inactive|Time left: 300 sec this turn | 300 sec total\n|\n|t:|1783534864\n|move|p2a: Indeedee|Expanding Force|p1a: Giratina\n|-damage|p1a: Giratina|14/100\n|move|p1a: Giratina|Will-O-Wisp|p2a: Indeedee\n|-status|p2a: Indeedee|brn\n|\n|-damage|p2a: Indeedee|71/238 brn|[from] brn\n|upkeep\n|turn|27\n|inactive|Time left: 300 sec this turn | 300 sec total\n|\n|t:|1783534865\n|move|p2a: Indeedee|Expanding Force|p1a: Giratina\n|-damage|p1a: Giratina|0 fnt\n|faint|p1a: Giratina\n|\n|-damage|p2a: Indeedee|57/238 brn|[from] brn\n|upkeep\n|\n|t:|1783534866\n|switch|p1a: Terrakion|Terrakion, L79|10/100\n|turn|28\n|inactive|Time left: 300 sec this turn | 300 sec total\n|\n|t:|1783534867\n|-terastallize|p1a: Terrakion|Ground\n|move|p1a: Terrakion|Stone Edge|p2a: Indeedee\n|-damage|p2a: Indeedee|0 fnt\n|faint|p2a: Indeedee\n|-damage|p1a: Terrakion|0 fnt|[from] item: Life Orb\n|faint|p1a: Terrakion\n|\n|win|p0y0926219", "uploadtime": 1783534867, "views": 0, "rating": 0, "private": 0, "password": null, "_winner": "p0y0926219", "_our_name": "p0y0926219"}