{"id": "battle-gen9randombattle-1494", "formatid": "gen9randombattle", "format": "[Gen 9] Random Battle", "players": ["p0x14947d8c", "p0y1494b426"], "log": "|init|battle\n|title|p0x14947d8c vs. p0y1494b426\n|j|\u2606p0x14947d8c\n|j|\u2606p0y1494b426\n|t:|1783557396\n|gametype|singles\n|player|p1|p0x14947d8c|1|\n|player|p2|p0y1494b426|2|\n|gen|9\n|tier|[Gen 9] Random Battle\n|rule|Species Clause: Limit one of each Pok\u00e9mon\n|rule|HP Percentage Mod: HP is shown in percentages\n|rule|Sleep Clause Mod: Limit one foe put to sleep\n|rule|Illusion Level Mod: Illusion disguises the Pok\u00e9mon's true level\n|\n|t:|1783557396\n|teamsize|p1|6\n|teamsize|p2|6\n|start\n|switch|p1a: Dipplin|Dipplin, L88, F|284/284\n|switch|p2a: Heatran|Heatran, L79, F|100/100\n|-item|p2a: Heatran|Air Balloon\n|turn|1\n|inactive|Battle timer is ON: inactive players will automatically lose when time's up. (requested by p0y1494b426)\n|inactive|Time left: 300 sec this turn | 300 sec total | 60 sec grace\n|inactive|p0x14947d8c also wants the timer to be on.\n|\n|t:|1783557397\n|move|p2a: Heatran|Stealth Rock|p1a: Dipplin\n|-sidestart|p1: p0x14947d8c|move: Stealth Rock\n|move|p1a: Dipplin|Dragon Pulse|p2a: Heatran\n|-resisted|p2a: Heatran\n|-damage|p2a: Heatran|84/100\n|-enditem|p2a: Heatran|Air Balloon\n|\n|upkeep\n|turn|2\n|inactive|Time left: 300 sec this turn | 300 sec total\n|\n|t:|1783557398\n|move|p2a: Heatran|Lava Plume|p1a: Dipplin\n|-damage|p1a: Dipplin|214/284\n|move|p1a: Dipplin|Dragon Pulse|p2a: Heatran\n|-resisted|p2a: Heatran\n|-damage|p2a: Heatran|68/100\n|\n|upkeep\n|turn|3\n|inactive|Time left: 300 sec this turn | 300 sec total\n|\n|t:|1783557399\n|move|p2a: Heatran|Lava Plume|p1a: Dipplin\n|-damage|p1a: Dipplin|148/284\n|move|p1a: Dipplin|Recover|p1a: Dipplin\n|-heal|p1a: Dipplin|284/284\n|\n|upkeep\n|turn|4\n|inactive|Time left: 300 sec this turn | 300 sec total\n|\n|t:|1783557400\n|move|p2a: Heatran|Lava Plume|p1a: Dipplin\n|-crit|p1a: Dipplin\n|-damage|p1a: Dipplin|181/284\n|move|p1a: Dipplin|Dragon Pulse|p2a: Heatran\n|-resisted|p2a: Heatran\n|-damage|p2a: Heatran|51/100\n|\n|upkeep\n|turn|5\n|inactive|Time left: 300 sec this turn | 300 sec total\n|\n|t:|1783557401\n|move|p2a: Heatran|Lava Plume|p1a: Dipplin\n|-damage|p1a: Dipplin|115/284\n|move|p1a: Dipplin|Recover|p1a: Dipplin\n|-heal|p1a: Dipplin|257/284\n|\n|upkeep\n|turn|6\n|inactive|Time left: 300 sec this turn | 300 sec total\n|\n|t:|1783557401\n|move|p2a: Heatran|Lava Plume|p1a: Dipplin\n|-damage|p1a: Dipplin|196/284\n|-status|p1a: Dipplin|brn\n|move|p1a: Dipplin|Dragon Pulse|p2a: Heatran\n|-resisted|p2a: Heatran\n|-damage|p2a: Heatran|34/100\n|\n|-damage|p1a: Dipplin|179/284 brn|[from] brn\n|upkeep\n|turn|7\n|inactive|Time left: 300 sec this turn | 300 sec total\n|\n|t:|1783557403\n|move|p2a: Heatran|Lava Plume|p1a: Dipplin\n|-damage|p1a: Dipplin|116/284 brn\n|move|p1a: Dipplin|Recover|p1a: Dipplin\n|-heal|p1a: Dipplin|258/284 brn\n|\n|-damage|p1a: Dipplin|241/284 brn|[from] brn\n|upkeep\n|turn|8\n|inactive|Time left: 300 sec this turn | 300 sec total\n|\n|t:|1783557404\n|move|p2a: Heatran|Lava Plume|p1a: Dipplin\n|-damage|p1a: Dipplin|174/284 brn\n|move|p1a: Dipplin|Giga Drain|p2a: Heatran\n|-resisted|p2a: Heatran\n|-damage|p2a: Heatran|28/100\n|-heal|p1a: Dipplin|183/284 brn|[from] drain|[of] p2a: Heatran\n|\n|-damage|p1a: Dipplin|166/284 brn|[from] brn\n|upkeep\n|turn|9\n|inactive|Time left: 300 sec this turn | 300 sec total\n|\n|t:|1783557405\n|move|p2a: Heatran|Lava Plume|p1a: Dipplin\n|-damage|p1a: Dipplin|97/284 brn\n|move|p1a: Dipplin|Recover|p1a: Dipplin\n|-heal|p1a: Dipplin|239/284 brn\n|\n|-damage|p1a: Dipplin|222/284 brn|[from] brn\n|upkeep\n|turn|10\n|inactive|Time left: 300 sec this turn | 300 sec total\n|\n|t:|1783557406\n|move|p2a: Heatran|Heavy Slam|p1a: Dipplin\n|-damage|p1a: Dipplin|165/284 brn\n|move|p1a: Dipplin|Dragon Pulse|p2a: Heatran\n|-resisted|p2a: Heatran\n|-damage|p2a: Heatran|10/100\n|\n|-damage|p1a: Dipplin|148/284 brn|[from] brn\n|upkeep\n|turn|11\n|inactive|Time left: 300 sec this turn | 300 sec total\n|\n|t:|1783557407\n|move|p2a: Heatran|Lava Plume|p1a: Dipplin\n|-damage|p1a: Dipplin|81/284 brn\n|move|p1a: Dipplin|Recover|p1a: Dipplin\n|-heal|p1a: Dipplin|223/284 brn\n|\n|-damage|p1a: Dipplin|206/284 brn|[from] brn\n|upkeep\n|turn|12\n|inactive|Time left: 300 sec this turn | 300 sec total\n|\n|t:|1783557408\n|move|p2a: Heatran|Lava Plume|p1a: Dipplin\n|-damage|p1a: Dipplin|140/284 brn\n|move|p1a: Dipplin|Recover|p1a: Dipplin\n|-heal|p1a: Dipplin|282/284 brn\n|\n|-damage|p1a: Dipplin|265/284 brn|[from] brn\n|upkeep\n|turn|13\n|inactive|Time left: 300 sec this turn | 300 sec total\n|\n|t:|1783557409\n|move|p2a: Heatran|Lava Plume|p1a: Dipplin\n|-damage|p1a: Dipplin|204/284 brn\n|move|p1a: Dipplin|Dragon Pulse|p2a: Heatran\n|-resisted|p2a: Heatran\n|-damage|p2a: Heatran|0 fnt\n|faint|p2a: Heatran\n|\n|-damage|p1a: Dipplin|187/284 brn|[from] brn\n|upkeep\n|\n|t:|1783557410\n|switch|p2a: Hydrapple|Hydrapple, L83, M|100/100\n|turn|14\n|inactive|Time left: 300 sec this turn | 300 sec total\n|\n|t:|1783557412\n|switch|p1a: Florges|Florges, L85, F|271/271\n|-damage|p1a: Florges|238/271|[from] Stealth Rock\n|move|p2a: Hydrapple|Fickle Beam|p1a: Florges\n|-immune|p1a: Florges\n|\n|-heal|p1a: Florges|254/271|[from] item: Leftovers\n|upkeep\n|turn|15\n|inactive|Time left: 300 sec this turn | 300 sec total\n|\n|t:|1783557413\n|move|p1a: Florges|Calm Mind|p1a: Florges\n|-boost|p1a: Florges|spa|1\n|-boost|p1a: Florges|spd|1\n|move|p2a: Hydrapple|Fickle Beam|p1a: Florges\n|-immune|p1a: Florges\n|\n|-heal|p1a: Florges|270/271|[from] item: Leftovers\n|upkeep\n|turn|16\n|inactive|Time left: 300 sec this turn | 300 sec total\n|\n|t:|1783557414\n|switch|p2a: Ting-Lu|Ting-Lu, L78|100/100\n|-ability|p2a: Ting-Lu|Vessel of Ruin\n|move|p1a: Florges|Moonblast|p2a: Ting-Lu\n|-supereffective|p2a: Ting-Lu\n|-damage|p2a: Ting-Lu|17/100\n|\n|-heal|p1a: Florges|271/271|[from] item: Leftovers\n|-heal|p2a: Ting-Lu|23/100|[from] item: Leftovers\n|upkeep\n|turn|17\n|inactive|Time left: 300 sec this turn | 300 sec total\n|\n|t:|1783557415\n|move|p1a: Florges|Moonblast|p2a: Ting-Lu\n|-supereffective|p2a: Ting-Lu\n|-damage|p2a: Ting-Lu|0 fnt\n|faint|p2a: Ting-Lu\n|\n|upkeep\n|\n|t:|1783557416\n|switch|p2a: Pikachu|Pikachu-Unova, L93, F|100/100\n|turn|18\n|inactive|Time left: 300 sec this turn | 300 sec total\n|\n|t:|1783557417\n|move|p2a: Pikachu|Fake Out|p1a: Florges\n|-damage|p1a: Florges|216/271\n|cant|p1a: Florges|flinch\n|\n|-heal|p1a: Florges|232/271|[from] item: Leftovers\n|upkeep\n|turn|19\n|inactive|Time left: 300 sec this turn | 300 sec total\n|\n|t:|1783557419\n|-terastallize|p1a: Florges|Ground\n|move|p2a: Pikachu|Volt Tackle|p1a: Florges\n|-immune|p1a: Florges\n|move|p1a: Florges|Moonblast|p2a: Pikachu\n|-damage|p2a: Pikachu|0 fnt\n|faint|p2a: Pikachu\n|\n|-heal|p1a: Florges|248/271|[from] item: Leftovers\n|upkeep\n|\n|t:|1783557420\n|switch|p2a: Hydrapple|Hydrapple, L83, M|100/100\n|turn|20\n|inactive|Time left: 300 sec this turn | 300 sec total\n|\n|t:|1783557421\n|move|p1a: Florges|Moonblast|p2a: Hydrapple\n|-supereffective|p2a: Hydrapple\n|-damage|p2a: Hydrapple|12/100\n|-unboost|p2a: Hydrapple|spa|1\n|move|p2a: Hydrapple|Dragon Tail|p1a: Florges|[miss]\n|-miss|p2a: Hydrapple|p1a: Florges\n|\n|-heal|p1a: Florges|264/271|[from] item: Leftovers\n|upkeep\n|turn|21\n|inactive|Time left: 300 sec this turn | 300 sec total\n|\n|t:|1783557422\n|switch|p2a: Pyroar|Pyroar, L88, F|100/100\n|-ability|p2a: Pyroar|Unnerve\n|move|p1a: Florges|Moonblast|p2a: Pyroar\n|-resisted|p2a: Pyroar\n|-damage|p2a: Pyroar|63/100\n|\n|-heal|p1a: Florges|271/271|[from] item: Leftovers\n|upkeep\n|turn|22\n|inactive|Time left: 300 sec this turn | 300 sec total\n|\n|t:|1783557423\n|switch|p2a: Hydrapple|Hydrapple, L83, M|45/100\n|move|p1a: Florges|Tera Blast|p2a: Hydrapple|[anim] Tera Blast Ground\n|-resisted|p2a: Hydrapple\n|-damage|p2a: Hydrapple|29/100\n|\n|upkeep\n|turn|23\n|inactive|Time left: 300 sec this turn | 300 sec total\n|\n|t:|1783557424\n|-terastallize|p2a: Hydrapple|Steel\n|move|p1a: Florges|Moonblast|p2a: Hydrapple\n|-resisted|p2a: Hydrapple\n|-damage|p2a: Hydrapple|9/100\n|-unboost|p2a: Hydrapple|spa|1\n|move|p2a: Hydrapple|Dragon Tail|p1a: Florges\n|-damage|p1a: Florges|211/271\n|drag|p1a: Sandslash|Sandslash-Alola, L88, M|275/275\n|-damage|p1a: Sandslash|241/275|[from] Stealth Rock\n|\n|-heal|p1a: Sandslash|258/275|[from] item: Leftovers\n|upkeep\n|turn|24\n|inactive|Time left: 300 sec this turn | 300 sec total\n|\n|t:|1783557426\n|switch|p2a: Pyroar|Pyroar, L88, F|63/100\n|-ability|p2a: Pyroar|Unnerve\n|move|p1a: Sandslash|Rapid Spin|p2a: Pyroar\n|-damage|p2a: Pyroar|47/100\n|-boost|p1a: Sandslash|spe|1\n|-sideend|p1: p0x14947d8c|Stealth Rock|[from] move: Rapid Spin|[of] p1a: Sandslash\n|\n|-heal|p1a: Sandslash|275/275|[from] item: Leftovers\n|upkeep\n|turn|25\n|inactive|Time left: 300 sec this turn | 300 sec total\n|\n|t:|1783557427\n|switch|p1a: Florges|Florges, L85, F, tera:Ground|211/271\n|move|p2a: Pyroar|Fire Blast|p1a: Florges\n|-damage|p1a: Florges|121/271\n|\n|-heal|p1a: Florges|137/271|[from] item: Leftovers\n|upkeep\n|turn|26\n|inactive|Time left: 300 sec this turn | 300 sec total\n|\n|t:|1783557428\n|move|p2a: Pyroar|Fire Blast|p1a: Florges\n|-damage|p1a: Florges|46/271\n|-status|p1a: Florges|brn\n|move|p1a: Florges|Tera Blast|p2a: Pyroar|[anim] Tera Blast Ground\n|-supereffective|p2a: Pyroar\n|-damage|p2a: Pyroar|0 fnt\n|faint|p2a: Pyroar\n|\n|-heal|p1a: Florges|62/271 brn|[from] item: Leftovers\n|-damage|p1a: Florges|46/271 brn|[from] brn\n|upkeep\n|\n|t:|1783557429\n|switch|p2a: Mienshao|Mienshao, L83, M|100/100\n|turn|27\n|inactive|Time left: 300 sec this turn | 300 sec total\n|\n|t:|1783557430\n|move|p2a: Mienshao|U-turn|p1a: Florges\n|-damage|p1a: Florges|0 fnt\n|faint|p1a: Florges\n|\n|t:|1783557431\n|switch|p2a: Hydrapple|Hydrapple, L83, M, tera:Steel|42/100|[from] U-turn\n|\n|upkeep\n|inactive|Time left: 300 sec this turn | 300 sec total | 10 sec grace\n|\n|t:|1783557432\n|switch|p1a: Reshiram|Reshiram, L76|277/277\n|-ability|p1a: Reshiram|Turboblaze\n|turn|28\n|inactive|Time left: 300 sec this turn | 300 sec total\n|\n|t:|1783557433\n|switch|p2a: Mienshao|Mienshao, L83, M|100/100\n|move|p1a: Reshiram|Blue Flare|p2a: Mienshao\n|-damage|p2a: Mienshao|37/100\n|\n|upkeep\n|turn|29\n|inactive|Time left: 300 sec this turn | 300 sec total\n|\n|t:|1783557434\n|move|p2a: Mienshao|Fake Out|p1a: Reshiram\n|-damage|p1a: Reshiram|243/277\n|cant|p1a: Reshiram|flinch\n|\n|upkeep\n|turn|30\n|inactive|Time left: 300 sec this turn | 300 sec total\n|\n|t:|1783557435\n|move|p2a: Mienshao|U-turn|p1a: Reshiram\n|-resisted|p1a: Reshiram\n|-damage|p1a: Reshiram|214/277\n|\n|t:|1783557436\n|switch|p2a: Hydrapple|Hydrapple, L83, M, tera:Steel|75/100|[from] U-turn\n|move|p1a: Reshiram|Blue Flare|p2a: Hydrapple|[miss]\n|-miss|p1a: Reshiram|p2a: Hydrapple\n|\n|upkeep\n|turn|31\n|inactive|Time left: 300 sec this turn | 300 sec total\n|\n|t:|1783557437\n|switch|p2a: Mienshao|Mienshao, L83, M|70/100\n|move|p1a: Reshiram|Blue Flare|p2a: Mienshao|[miss]\n|-miss|p1a: Reshiram|p2a: Mienshao\n|\n|upkeep\n|turn|32\n|inactive|Time left: 300 sec this turn | 300 sec total\n|\n|t:|1783557438\n|move|p2a: Mienshao|Fake Out|p1a: Reshiram\n|-damage|p1a: Reshiram|182/277\n|cant|p1a: Reshiram|flinch\n|\n|upkeep\n|turn|33\n|inactive|Time left: 300 sec this turn | 300 sec total\n|\n|t:|1783557439\n|move|p2a: Mienshao|Knock Off|p1a: Reshiram\n|-damage|p1a: Reshiram|99/277\n|-enditem|p1a: Reshiram|Heavy-Duty Boots|[from] move: Knock Off|[of] p2a: Mienshao\n|move|p1a: Reshiram|Blue Flare|p2a: Mienshao\n|-damage|p2a: Mienshao|15/100\n|\n|upkeep\n|turn|34\n|inactive|Time left: 300 sec this turn | 300 sec total\n|\n|t:|1783557440\n|move|p2a: Mienshao|Close Combat|p1a: Reshiram\n|-damage|p1a: Reshiram|0 fnt\n|-unboost|p2a: Mienshao|def|1\n|-unboost|p2a: Mienshao|spd|1\n|faint|p1a: Reshiram\n|\n|upkeep\n|inactive|Time left: 300 sec this turn | 300 sec total | 5 sec grace\n|\n|t:|1783557441\n|switch|p1a: Gogoat|Gogoat, L88, M|360/360\n|turn|35\n|inactive|Time left: 300 sec this turn | 300 sec total\n|\n|t:|1783557442\n|move|p2a: Mienshao|U-turn|p1a: Gogoat\n|-supereffective|p1a: Gogoat\n|-damage|p1a: Gogoat|200/360\n|\n|t:|1783557443\n|switch|p2a: Hydrapple|Hydrapple, L83, M, tera:Steel|100/100|[from] U-turn\n|move|p1a: Gogoat|Earthquake|p2a: Hydrapple\n|-supereffective|p2a: Hydrapple\n|-damage|p2a: Hydrapple|56/100\n|\n|-heal|p1a: Gogoat|222/360|[from] item: Leftovers\n|upkeep\n|turn|36\n|inactive|Time left: 300 sec this turn | 300 sec total\n|\n|t:|1783557443\n|move|p1a: Gogoat|Earthquake|p2a: Hydrapple\n|-supereffective|p2a: Hydrapple\n|-damage|p2a: Hydrapple|13/100\n|move|p2a: Hydrapple|Dragon Tail|p1a: Gogoat\n|-damage|p1a: Gogoat|156/360\n|drag|p1a: Sandslash|Sandslash-Alola, L88, M|275/275\n|\n|upkeep\n|turn|37\n|inactive|Time left: 300 sec this turn | 300 sec total\n|\n|t:|1783557444\n|switch|p2a: Mienshao|Mienshao, L83, M|48/100\n|move|p1a: Sandslash|Triple Axel|p2a: Mienshao|[miss]\n|-miss|p1a: Sandslash|p2a: Mienshao\n|\n|upkeep\n|turn|38\n|inactive|Time left: 300 sec this turn | 300 sec total\n|\n|t:|1783557445\n|switch|p1a: Dipplin|Dipplin, L88, F|187/284 brn\n|move|p2a: Mienshao|Close Combat|p1a: Dipplin\n|-damage|p1a: Dipplin|111/284 brn\n|-unboost|p2a: Mienshao|def|1\n|-unboost|p2a: Mienshao|spd|1\n|\n|-damage|p1a: Dipplin|94/284 brn|[from] brn\n|upkeep\n|turn|39\n|inactive|Time left: 300 sec this turn | 300 sec total\n|\n|t:|1783557446\n|move|p2a: Mienshao|U-turn|p1a: Dipplin\n|-supereffective|p1a: Dipplin\n|-damage|p1a: Dipplin|30/284 brn\n|\n|t:|1783557447\n|switch|p2a: Hydrapple|Hydrapple, L83, M, tera:Steel|46/100|[from] U-turn\n|move|p1a: Dipplin|Recover|p1a: Dipplin\n|-heal|p1a: Dipplin|172/284 brn\n|\n|-damage|p1a: Dipplin|155/284 brn|[from] brn\n|upkeep\n|turn|40\n|inactive|Time left: 300 sec this turn | 300 sec total\n|\n|t:|1783557448\n|switch|p1a: Gogoat|Gogoat, L88, M|156/360\n|move|p2a: Hydrapple|Fickle Beam|p1a: Gogoat\n|-damage|p1a: Gogoat|59/360\n|\n|-heal|p1a: Gogoat|81/360|[from] item: Leftovers\n|upkeep\n|turn|41\n|inactive|Time left: 300 sec this turn | 300 sec total\n|\n|t:|1783557449\n|switch|p2a: Mienshao|Mienshao, L83, M|82/100\n|move|p1a: Gogoat|Milk Drink|p1a: Gogoat\n|-heal|p1a: Gogoat|261/360\n|\n|-heal|p1a: Gogoat|283/360|[from] item: Leftovers\n|upkeep\n|turn|42\n|inactive|Time left: 300 sec this turn | 300 sec total\n|\n|t:|1783557450\n|move|p2a: Mienshao|U-turn|p1a: Gogoat\n|-supereffective|p1a: Gogoat\n|-damage|p1a: Gogoat|141/360\n|\n|t:|1783557450\n|switch|p2a: Hydrapple|Hydrapple, L83, M, tera:Steel|79/100|[from] U-turn\n|move|p1a: Gogoat|Horn Leech|p2a: Hydrapple\n|-resisted|p2a: Hydrapple\n|-damage|p2a: Hydrapple|67/100\n|-heal|p1a: Gogoat|161/360|[from] drain|[of] p2a: Hydrapple\n|\n|-heal|p1a: Gogoat|183/360|[from] item: Leftovers\n|upkeep\n|turn|43\n|inactive|Time left: 300 sec this turn | 300 sec total\n|\n|t:|1783557451\n|move|p1a: Gogoat|Milk Drink|p1a: Gogoat\n|-heal|p1a: Gogoat|360/360\n|move|p2a: Hydrapple|Dragon Tail|p1a: Gogoat\n|-damage|p1a: Gogoat|288/360\n|drag|p1a: Sandslash|Sandslash-Alola, L88, M|275/275\n|\n|upkeep\n|turn|44\n|inactive|Time left: 300 sec this turn | 300 sec total\n|\n|t:|1783557452\n|switch|p1a: Gogoat|Gogoat, L88, M|288/360\n|move|p2a: Hydrapple|Earth Power|p1a: Gogoat\n|-resisted|p1a: Gogoat\n|-damage|p1a: Gogoat|248/360\n|-unboost|p1a: Gogoat|spd|1\n|\n|-heal|p1a: Gogoat|270/360|[from] item: Leftovers\n|upkeep\n|turn|45\n|inactive|Time left: 300 sec this turn | 300 sec total\n|\n|t:|1783557453\n|move|p1a: Gogoat|Earthquake|p2a: Hydrapple\n|-supereffective|p2a: Hydrapple\n|-damage|p2a: Hydrapple|24/100\n|move|p2a: Hydrapple|Fickle Beam|p1a: Gogoat\n|-damage|p1a: Gogoat|120/360\n|\n|-heal|p1a: Gogoat|142/360|[from] item: Leftovers\n|upkeep\n|turn|46\n|inactive|Time left: 300 sec this turn | 300 sec total\n|\n|t:|1783557454\n|switch|p2a: Mienshao|Mienshao, L83, M|100/100\n|move|p1a: Gogoat|Milk Drink|p1a: Gogoat\n|-heal|p1a: Gogoat|322/360\n|\n|-heal|p1a: Gogoat|344/360|[from] item: Leftovers\n|upkeep\n|turn|47\n|inactive|Time left: 300 sec this turn | 300 sec total\n|\n|t:|1783557455\n|move|p2a: Mienshao|Fake Out|p1a: Gogoat\n|-damage|p1a: Gogoat|303/360\n|cant|p1a: Gogoat|flinch\n|\n|-heal|p1a: Gogoat|325/360|[from] item: Leftovers\n|upkeep\n|turn|48\n|inactive|Time left: 300 sec this turn | 300 sec total\n|\n|t:|1783557456\n|move|p2a: Mienshao|Knock Off|p1a: Gogoat\n|-damage|p1a: Gogoat|231/360\n|-enditem|p1a: Gogoat|Leftovers|[from] move: Knock Off|[of] p2a: Mienshao\n|move|p1a: Gogoat|Bulk Up|p1a: Gogoat\n|-boost|p1a: Gogoat|atk|1\n|-boost|p1a: Gogoat|def|1\n|\n|upkeep\n|turn|49\n|inactive|Time left: 300 sec this turn | 300 sec total\n|\n|t:|1783557457\n|move|p2a: Mienshao|U-turn|p1a: Gogoat\n|-supereffective|p1a: Gogoat\n|-damage|p1a: Gogoat|125/360\n|\n|t:|1783557458\n|switch|p2a: Hydrapple|Hydrapple, L83, M, tera:Steel|57/100|[from] U-turn\n|move|p1a: Gogoat|Earthquake|p2a: Hydrapple\n|-supereffective|p2a: Hydrapple\n|-damage|p2a: Hydrapple|0 fnt\n|faint|p2a: Hydrapple\n|\n|upkeep\n|\n|t:|1783557459\n|switch|p2a: Mienshao|Mienshao, L83, M|100/100\n|turn|50\n|inactive|Time left: 300 sec this turn | 300 sec total\n|\n|t:|1783557460\n|move|p2a: Mienshao|Fake Out|p1a: Gogoat\n|-damage|p1a: Gogoat|96/360\n|cant|p1a: Gogoat|flinch\n|\n|upkeep\n|turn|51\n|inactive|Time left: 300 sec this turn | 300 sec total\n|\n|t:|1783557461\n|move|p2a: Mienshao|U-turn|p1a: Gogoat\n|-supereffective|p1a: Gogoat\n|-damage|p1a: Gogoat|0 fnt\n|faint|p1a: Gogoat\n|\n|upkeep\n|inactive|Time left: 300 sec this turn | 300 sec total | 5 sec grace\n|\n|t:|1783557462\n|switch|p1a: Dipplin|Dipplin, L88, F|155/284 brn\n|turn|52\n|inactive|Time left: 300 sec this turn | 300 sec total\n|\n|t:|1783557463\n|move|p2a: Mienshao|U-turn|p1a: Dipplin\n|-supereffective|p1a: Dipplin\n|-damage|p1a: Dipplin|83/284 brn\n|move|p1a: Dipplin|Recover|p1a: Dipplin\n|-heal|p1a: Dipplin|225/284 brn\n|\n|-damage|p1a: Dipplin|208/284 brn|[from] brn\n|upkeep\n|turn|53\n|inactive|Time left: 300 sec this turn | 300 sec total\n|\n|t:|1783557464\n|move|p2a: Mienshao|U-turn|p1a: Dipplin\n|-supereffective|p1a: Dipplin\n|-crit|p1a: Dipplin\n|-damage|p1a: Dipplin|112/284 brn\n|move|p1a: Dipplin|Giga Drain|p2a: Mienshao\n|-damage|p2a: Mienshao|67/100\n|-heal|p1a: Dipplin|153/284 brn|[from] drain|[of] p2a: Mienshao\n|\n|-damage|p1a: Dipplin|136/284 brn|[from] brn\n|upkeep\n|turn|54\n|inactive|Time left: 300 sec this turn | 300 sec total\n|\n|t:|1783557465\n|move|p2a: Mienshao|U-turn|p1a: Dipplin\n|-supereffective|p1a: Dipplin\n|-damage|p1a: Dipplin|72/284 brn\n|move|p1a: Dipplin|Giga Drain|p2a: Mienshao\n|-damage|p2a: Mienshao|34/100\n|-heal|p1a: Dipplin|113/284 brn|[from] drain|[of] p2a: Mienshao\n|\n|-damage|p1a: Dipplin|96/284 brn|[from] brn\n|upkeep\n|turn|55\n|inactive|Time left: 300 sec this turn | 300 sec total\n|\n|t:|1783557465\n|move|p2a: Mienshao|Knock Off|p1a: Dipplin\n|-damage|p1a: Dipplin|49/284 brn\n|-activate|p1a: Dipplin|ability: Sticky Hold\n|move|p1a: Dipplin|Dragon Pulse|p2a: Mienshao\n|-damage|p2a: Mienshao|0 fnt\n|faint|p2a: Mienshao\n|\n|win|p0x14947d8c", "uploadtime": 1783557465, "views": 0, "rating": 0, "private": 0, "password": null, "_winner": "p0x14947d8c", "_our_name": "p0x14947d8c"}