{"id": "battle-gen9randombattle-2230", "formatid": "gen9randombattle", "format": "[Gen 9] Random Battle", "players": ["p0x22304d58", "p0y2230f4fa"], "log": "|init|battle\n|title|p0x22304d58 vs. p0y2230f4fa\n|j|\u2606p0x22304d58\n|j|\u2606p0y2230f4fa\n|t:|1783564924\n|gametype|singles\n|player|p1|p0x22304d58|101|\n|player|p2|p0y2230f4fa|1|\n|gen|9\n|tier|[Gen 9] Random Battle\n|rule|Species Clause: Limit one of each Pok\u00e9mon\n|rule|HP Percentage Mod: HP is shown in percentages\n|rule|Sleep Clause Mod: Limit one foe put to sleep\n|rule|Illusion Level Mod: Illusion disguises the Pok\u00e9mon's true level\n|\n|t:|1783564924\n|teamsize|p1|6\n|teamsize|p2|6\n|start\n|switch|p1a: Bellibolt|Bellibolt, L84, F|100/100\n|switch|p2a: Qwilfish|Qwilfish-Hisui, L83, M|244/244\n|-ability|p2a: Qwilfish|Intimidate|boost\n|-unboost|p1a: Bellibolt|atk|1\n|turn|1\n|inactive|Battle timer is ON: inactive players will automatically lose when time's up. (requested by p0x22304d58)\n|inactive|Time left: 300 sec this turn | 300 sec total | 60 sec grace\n|inactive|p0y2230f4fa also wants the timer to be on.\n|\n|t:|1783564925\n|move|p2a: Qwilfish|Toxic Spikes|p1a: Bellibolt\n|-sidestart|p1: p0x22304d58|move: Toxic Spikes\n|move|p1a: Bellibolt|Thunderbolt|p2a: Qwilfish\n|-damage|p2a: Qwilfish|145/244\n|\n|upkeep\n|turn|2\n|inactive|Time left: 300 sec this turn | 300 sec total\n|\n|t:|1783564926\n|move|p2a: Qwilfish|Spikes|p1a: Bellibolt\n|-sidestart|p1: p0x22304d58|Spikes\n|move|p1a: Bellibolt|Thunderbolt|p2a: Qwilfish\n|-damage|p2a: Qwilfish|57/244\n|\n|upkeep\n|turn|3\n|inactive|Time left: 300 sec this turn | 300 sec total\n|\n|t:|1783564927\n|switch|p2a: Exeggutor|Exeggutor, L89, F|312/312\n|move|p1a: Bellibolt|Thunderbolt|p2a: Exeggutor\n|-resisted|p2a: Exeggutor\n|-crit|p2a: Exeggutor\n|-damage|p2a: Exeggutor|236/312\n|\n|upkeep\n|turn|4\n|inactive|Time left: 300 sec this turn | 300 sec total\n|\n|t:|1783564928\n|switch|p1a: Ho-Oh|Ho-Oh, L71|100/100\n|move|p2a: Exeggutor|Calm Mind|p2a: Exeggutor\n|-boost|p2a: Exeggutor|spa|1\n|-boost|p2a: Exeggutor|spd|1\n|\n|upkeep\n|turn|5\n|inactive|Time left: 300 sec this turn | 300 sec total\n|\n|t:|1783564929\n|move|p1a: Ho-Oh|Sacred Fire|p2a: Exeggutor\n|-supereffective|p2a: Exeggutor\n|-damage|p2a: Exeggutor|44/312\n|-status|p2a: Exeggutor|brn\n|-enditem|p2a: Exeggutor|Sitrus Berry|[eat]\n|-heal|p2a: Exeggutor|122/312 brn|[from] item: Sitrus Berry\n|move|p2a: Exeggutor|Psychic|p1a: Ho-Oh\n|-damage|p1a: Ho-Oh|45/100\n|\n|-damage|p2a: Exeggutor|103/312 brn|[from] brn\n|-item|p2a: Exeggutor|Sitrus Berry|[from] ability: Harvest\n|upkeep\n|-enditem|p2a: Exeggutor|Sitrus Berry|[eat]\n|-heal|p2a: Exeggutor|181/312 brn|[from] item: Sitrus Berry\n|turn|6\n|inactive|Time left: 300 sec this turn | 300 sec total\n|\n|t:|1783564930\n|switch|p2a: Qwilfish|Qwilfish-Hisui, L83, M|57/244\n|-ability|p2a: Qwilfish|Intimidate|boost\n|-unboost|p1a: Ho-Oh|atk|1\n|move|p1a: Ho-Oh|Sacred Fire|p2a: Qwilfish\n|-damage|p2a: Qwilfish|14/244\n|-status|p2a: Qwilfish|brn\n|\n|-damage|p2a: Qwilfish|0 fnt|[from] brn\n|faint|p2a: Qwilfish\n|upkeep\n|inactive|Time left: 300 sec this turn | 300 sec total | 5 sec grace\n|\n|t:|1783564931\n|switch|p2a: Barraskewda|Barraskewda, L81, M|231/231\n|turn|7\n|inactive|Time left: 300 sec this turn | 300 sec total\n|\n|t:|1783564932\n|switch|p1a: Manaphy|Manaphy, L78|100/100\n|-status|p1a: Manaphy|psn\n|-damage|p1a: Manaphy|88/100 psn|[from] Spikes\n|move|p2a: Barraskewda|Waterfall|p1a: Manaphy\n|-resisted|p1a: Manaphy\n|-damage|p1a: Manaphy|63/100 psn\n|\n|-heal|p1a: Manaphy|69/100 psn|[from] item: Leftovers\n|-damage|p1a: Manaphy|56/100 psn|[from] psn\n|upkeep\n|turn|8\n|inactive|Time left: 300 sec this turn | 300 sec total\n|\n|t:|1783564933\n|move|p2a: Barraskewda|Waterfall|p1a: Manaphy\n|-resisted|p1a: Manaphy\n|-damage|p1a: Manaphy|31/100 psn\n|move|p1a: Manaphy|Energy Ball|p2a: Barraskewda\n|-supereffective|p2a: Barraskewda\n|-damage|p2a: Barraskewda|53/231\n|\n|-heal|p1a: Manaphy|37/100 psn|[from] item: Leftovers\n|-damage|p1a: Manaphy|25/100 psn|[from] psn\n|upkeep\n|turn|9\n|inactive|Time left: 300 sec this turn | 300 sec total\n|\n|t:|1783564934\n|switch|p1a: Cyclizar|Cyclizar, L84, F|100/100\n|move|p2a: Barraskewda|Waterfall|p1a: Cyclizar\n|-resisted|p1a: Cyclizar\n|-damage|p1a: Cyclizar|64/100\n|\n|upkeep\n|turn|10\n|inactive|Time left: 300 sec this turn | 300 sec total\n|\n|t:|1783564935\n|move|p2a: Barraskewda|Waterfall|p1a: Cyclizar\n|-resisted|p1a: Cyclizar\n|-damage|p1a: Cyclizar|31/100\n|cant|p1a: Cyclizar|flinch\n|\n|upkeep\n|turn|11\n|inactive|Time left: 300 sec this turn | 300 sec total\n|\n|t:|1783564936\n|switch|p1a: Manaphy|Manaphy, L78|25/100 psn\n|-damage|p1a: Manaphy|12/100 psn|[from] Spikes\n|move|p2a: Barraskewda|Waterfall|p1a: Manaphy\n|-resisted|p1a: Manaphy\n|-damage|p1a: Manaphy|0 fnt\n|faint|p1a: Manaphy\n|\n|upkeep\n|\n|t:|1783564937\n|switch|p1a: Cyclizar|Cyclizar, L84, F|64/100\n|turn|12\n|inactive|Time left: 300 sec this turn | 300 sec total\n|\n|t:|1783564938\n|move|p2a: Barraskewda|Waterfall|p1a: Cyclizar\n|-resisted|p1a: Cyclizar\n|-damage|p1a: Cyclizar|28/100\n|move|p1a: Cyclizar|Rapid Spin|p2a: Barraskewda\n|-damage|p2a: Barraskewda|0 fnt\n|-boost|p1a: Cyclizar|spe|1\n|-sideend|p1: p0x22304d58|Spikes|[from] move: Rapid Spin|[of] p1a: Cyclizar\n|-sideend|p1: p0x22304d58|Toxic Spikes|[from] move: Rapid Spin|[of] p1a: Cyclizar\n|faint|p2a: Barraskewda\n|\n|upkeep\n|inactive|Time left: 300 sec this turn | 300 sec total | 5 sec grace\n|\n|t:|1783564939\n|switch|p2a: Ariados|Ariados, L95, M|287/287\n|turn|13\n|inactive|Time left: 300 sec this turn | 300 sec total\n|\n|t:|1783564940\n|switch|p1a: Ho-Oh|Ho-Oh, L71|78/100\n|move|p2a: Ariados|Poison Jab|p1a: Ho-Oh\n|-damage|p1a: Ho-Oh|37/100\n|-status|p1a: Ho-Oh|psn\n|\n|-damage|p1a: Ho-Oh|25/100 psn|[from] psn\n|upkeep\n|turn|14\n|inactive|Time left: 300 sec this turn | 300 sec total\n|\n|t:|1783564941\n|move|p1a: Ho-Oh|Sacred Fire|p2a: Ariados\n|-supereffective|p2a: Ariados\n|-damage|p2a: Ariados|65/287\n|move|p2a: Ariados|Sticky Web|p1a: Ho-Oh\n|-sidestart|p1: p0x22304d58|move: Sticky Web\n|\n|-damage|p1a: Ho-Oh|12/100 psn|[from] psn\n|upkeep\n|turn|15\n|inactive|Time left: 300 sec this turn | 300 sec total\n|\n|t:|1783564942\n|move|p1a: Ho-Oh|Recover|p1a: Ho-Oh\n|-heal|p1a: Ho-Oh|62/100 psn\n|move|p2a: Ariados|Megahorn|p1a: Ho-Oh\n|-resisted|p1a: Ho-Oh\n|-damage|p1a: Ho-Oh|37/100 psn\n|\n|-damage|p1a: Ho-Oh|25/100 psn|[from] psn\n|upkeep\n|turn|16\n|inactive|Time left: 300 sec this turn | 300 sec total\n|\n|t:|1783564943\n|move|p1a: Ho-Oh|Sacred Fire|p2a: Ariados\n|-supereffective|p2a: Ariados\n|-damage|p2a: Ariados|0 fnt\n|faint|p2a: Ariados\n|\n|-damage|p1a: Ho-Oh|12/100 psn|[from] psn\n|upkeep\n|inactive|Time left: 300 sec this turn | 300 sec total | 5 sec grace\n|\n|t:|1783564944\n|switch|p2a: Goodra|Goodra-Hisui, L82, F|265/265\n|turn|17\n|inactive|Time left: 300 sec this turn | 300 sec total\n|\n|t:|1783564945\n|move|p1a: Ho-Oh|Recover|p1a: Ho-Oh\n|-heal|p1a: Ho-Oh|62/100 psn\n|move|p2a: Goodra|Hydro Pump|p1a: Ho-Oh|[miss]\n|-miss|p2a: Goodra|p1a: Ho-Oh\n|\n|-damage|p1a: Ho-Oh|50/100 psn|[from] psn\n|upkeep\n|turn|18\n|inactive|Time left: 300 sec this turn | 300 sec total\n|\n|t:|1783564947\n|move|p1a: Ho-Oh|Recover|p1a: Ho-Oh\n|-heal|p1a: Ho-Oh|99/100 psn\n|move|p2a: Goodra|Hydro Pump|p1a: Ho-Oh|[miss]\n|-miss|p2a: Goodra|p1a: Ho-Oh\n|\n|-damage|p1a: Ho-Oh|88/100 psn|[from] psn\n|upkeep\n|turn|19\n|inactive|Time left: 300 sec this turn | 300 sec total\n|\n|t:|1783564948\n|move|p1a: Ho-Oh|Sacred Fire|p2a: Goodra\n|-damage|p2a: Goodra|171/265\n|-status|p2a: Goodra|brn\n|move|p2a: Goodra|Hydro Pump|p1a: Ho-Oh\n|-supereffective|p1a: Ho-Oh\n|-damage|p1a: Ho-Oh|43/100 psn\n|\n|-damage|p1a: Ho-Oh|31/100 psn|[from] psn\n|-damage|p2a: Goodra|155/265 brn|[from] brn\n|upkeep\n|turn|20\n|inactive|Time left: 300 sec this turn | 300 sec total\n|\n|t:|1783564949\n|move|p1a: Ho-Oh|Recover|p1a: Ho-Oh\n|-heal|p1a: Ho-Oh|81/100 psn\n|move|p2a: Goodra|Hydro Pump|p1a: Ho-Oh\n|-supereffective|p1a: Ho-Oh\n|-damage|p1a: Ho-Oh|39/100 psn\n|\n|-damage|p1a: Ho-Oh|27/100 psn|[from] psn\n|-damage|p2a: Goodra|139/265 brn|[from] brn\n|upkeep\n|turn|21\n|inactive|Time left: 300 sec this turn | 300 sec total\n|\n|t:|1783564950\n|move|p1a: Ho-Oh|Recover|p1a: Ho-Oh\n|-heal|p1a: Ho-Oh|77/100 psn\n|move|p2a: Goodra|Hydro Pump|p1a: Ho-Oh\n|-supereffective|p1a: Ho-Oh\n|-damage|p1a: Ho-Oh|34/100 psn\n|\n|-damage|p1a: Ho-Oh|22/100 psn|[from] psn\n|-damage|p2a: Goodra|123/265 brn|[from] brn\n|upkeep\n|turn|22\n|inactive|Time left: 300 sec this turn | 300 sec total\n|\n|t:|1783564952\n|move|p1a: Ho-Oh|Recover|p1a: Ho-Oh\n|-heal|p1a: Ho-Oh|72/100 psn\n|move|p2a: Goodra|Hydro Pump|p1a: Ho-Oh\n|-supereffective|p1a: Ho-Oh\n|-damage|p1a: Ho-Oh|29/100 psn\n|\n|-damage|p1a: Ho-Oh|17/100 psn|[from] psn\n|-damage|p2a: Goodra|107/265 brn|[from] brn\n|upkeep\n|turn|23\n|inactive|Time left: 300 sec this turn | 300 sec total\n|\n|t:|1783564953\n|move|p1a: Ho-Oh|Recover|p1a: Ho-Oh\n|-heal|p1a: Ho-Oh|67/100 psn\n|move|p2a: Goodra|Hydro Pump|p1a: Ho-Oh\n|-supereffective|p1a: Ho-Oh\n|-damage|p1a: Ho-Oh|24/100 psn\n|\n|-damage|p1a: Ho-Oh|11/100 psn|[from] psn\n|-damage|p2a: Goodra|91/265 brn|[from] brn\n|upkeep\n|turn|24\n|inactive|Time left: 300 sec this turn | 300 sec total\n|\n|t:|1783564954\n|move|p1a: Ho-Oh|Recover|p1a: Ho-Oh\n|-heal|p1a: Ho-Oh|61/100 psn\n|move|p2a: Goodra|Draco Meteor|p1a: Ho-Oh\n|-damage|p1a: Ho-Oh|20/100 psn\n|-unboost|p2a: Goodra|spa|2\n|\n|-damage|p1a: Ho-Oh|7/100 psn|[from] psn\n|-damage|p2a: Goodra|75/265 brn|[from] brn\n|upkeep\n|turn|25\n|inactive|Time left: 300 sec this turn | 300 sec total\n|\n|t:|1783564955\n|switch|p1a: Cyclizar|Cyclizar, L84, F|61/100\n|switch|p2a: Vespiquen|Vespiquen, L99, F|299/299\n|-ability|p2a: Vespiquen|Pressure\n|\n|upkeep\n|turn|26\n|inactive|Time left: 300 sec this turn | 300 sec total\n|\n|t:|1783564956\n|move|p1a: Cyclizar|Rapid Spin|p2a: Vespiquen\n|-damage|p2a: Vespiquen|262/299\n|-boost|p1a: Cyclizar|spe|1\n|-sideend|p1: p0x22304d58|Sticky Web|[from] move: Rapid Spin|[of] p1a: Cyclizar\n|move|p2a: Vespiquen|Air Slash|p1a: Cyclizar\n|-crit|p1a: Cyclizar\n|-damage|p1a: Cyclizar|0 fnt\n|faint|p1a: Cyclizar\n|\n|upkeep\n|\n|t:|1783564957\n|switch|p1a: Ho-Oh|Ho-Oh, L71|40/100 psn\n|turn|27\n|inactive|Time left: 300 sec this turn | 300 sec total\n|\n|t:|1783564958\n|move|p1a: Ho-Oh|Sacred Fire|p2a: Vespiquen\n|-supereffective|p2a: Vespiquen\n|-damage|p2a: Vespiquen|124/299\n|-status|p2a: Vespiquen|brn\n|move|p2a: Vespiquen|Roost|p2a: Vespiquen\n|-heal|p2a: Vespiquen|274/299 brn\n|-singleturn|p2a: Vespiquen|move: Roost\n|\n|-damage|p1a: Ho-Oh|28/100 psn|[from] psn\n|-damage|p2a: Vespiquen|256/299 brn|[from] brn\n|upkeep\n|turn|28\n|inactive|Time left: 300 sec this turn | 300 sec total\n|\n|t:|1783564959\n|switch|p1a: Necrozma|Necrozma, L80|100/100\n|move|p2a: Vespiquen|Air Slash|p1a: Necrozma\n|-damage|p1a: Necrozma|69/100\n|\n|-damage|p2a: Vespiquen|238/299 brn|[from] brn\n|upkeep\n|turn|29\n|inactive|Time left: 300 sec this turn | 300 sec total\n|\n|t:|1783564960\n|move|p1a: Necrozma|Dragon Dance|p1a: Necrozma\n|-boost|p1a: Necrozma|atk|1\n|-boost|p1a: Necrozma|spe|1\n|move|p2a: Vespiquen|Air Slash|p1a: Necrozma\n|-damage|p1a: Necrozma|34/100\n|\n|-damage|p2a: Vespiquen|220/299 brn|[from] brn\n|upkeep\n|turn|30\n|inactive|Time left: 300 sec this turn | 300 sec total\n|\n|t:|1783564961\n|move|p1a: Necrozma|Photon Geyser|p2a: Vespiquen\n|-damage|p2a: Vespiquen|51/299 brn\n|-damage|p1a: Necrozma|24/100|[from] item: Life Orb\n|move|p2a: Vespiquen|Air Slash|p1a: Necrozma\n|-damage|p1a: Necrozma|0 fnt\n|faint|p1a: Necrozma\n|\n|-damage|p2a: Vespiquen|33/299 brn|[from] brn\n|upkeep\n|\n|t:|1783564962\n|switch|p1a: Samurott|Samurott-Hisui, L77, F|100/100\n|turn|31\n|inactive|Time left: 300 sec this turn | 300 sec total\n|\n|t:|1783564963\n|move|p1a: Samurott|Ceaseless Edge|p2a: Vespiquen\n|-damage|p2a: Vespiquen|0 fnt\n|-sidestart|p2: p0y2230f4fa|Spikes\n|faint|p2a: Vespiquen\n|-damage|p1a: Samurott|91/100|[from] item: Life Orb\n|\n|upkeep\n|inactive|Time left: 300 sec this turn | 300 sec total | 5 sec grace\n|\n|t:|1783564964\n|switch|p2a: Goodra|Goodra-Hisui, L82, F|75/265 brn\n|-damage|p2a: Goodra|42/265 brn|[from] Spikes\n|turn|32\n|inactive|Time left: 300 sec this turn | 300 sec total\n|\n|t:|1783564965\n|move|p1a: Samurott|Ceaseless Edge|p2a: Goodra\n|-crit|p2a: Goodra\n|-damage|p2a: Goodra|0 fnt\n|-sidestart|p2: p0y2230f4fa|Spikes\n|faint|p2a: Goodra\n|-damage|p1a: Samurott|81/100|[from] item: Life Orb\n|\n|upkeep\n|inactive|Time left: 300 sec this turn | 300 sec total | 5 sec grace\n|\n|t:|1783564966\n|switch|p2a: Exeggutor|Exeggutor, L89, F|181/312 brn\n|-damage|p2a: Exeggutor|129/312 brn|[from] Spikes\n|turn|33\n|inactive|Time left: 300 sec this turn | 300 sec total\n|\n|t:|1783564967\n|-terastallize|p2a: Exeggutor|Steel\n|move|p1a: Samurott|Ceaseless Edge|p2a: Exeggutor|[miss]\n|-miss|p1a: Samurott|p2a: Exeggutor\n|move|p2a: Exeggutor|Giga Drain|p1a: Samurott\n|-supereffective|p1a: Samurott\n|-damage|p1a: Samurott|0 fnt\n|-heal|p2a: Exeggutor|236/312 brn|[from] drain|[of] p1a: Samurott\n|faint|p1a: Samurott\n|\n|-damage|p2a: Exeggutor|217/312 brn|[from] brn\n|-item|p2a: Exeggutor|Sitrus Berry|[from] ability: Harvest\n|upkeep\n|\n|t:|1783564968\n|switch|p1a: Ho-Oh|Ho-Oh, L71|61/100 psn\n|turn|34\n|inactive|Time left: 300 sec this turn | 300 sec total\n|\n|t:|1783564969\n|-terastallize|p1a: Ho-Oh|Steel\n|move|p1a: Ho-Oh|Earthquake|p2a: Exeggutor\n|-supereffective|p2a: Exeggutor\n|-damage|p2a: Exeggutor|83/312 brn\n|-enditem|p2a: Exeggutor|Sitrus Berry|[eat]\n|-heal|p2a: Exeggutor|161/312 brn|[from] item: Sitrus Berry\n|move|p2a: Exeggutor|Psychic|p1a: Ho-Oh\n|-resisted|p1a: Ho-Oh\n|-damage|p1a: Ho-Oh|44/100 psn\n|\n|-damage|p1a: Ho-Oh|31/100 psn|[from] psn\n|-damage|p2a: Exeggutor|142/312 brn|[from] brn\n|upkeep\n|turn|35\n|inactive|Time left: 300 sec this turn | 300 sec total\n|\n|t:|1783564970\n|move|p1a: Ho-Oh|Earthquake|p2a: Exeggutor\n|-supereffective|p2a: Exeggutor\n|-damage|p2a: Exeggutor|18/312 brn\n|move|p2a: Exeggutor|Giga Drain|p1a: Ho-Oh\n|-resisted|p1a: Ho-Oh\n|-damage|p1a: Ho-Oh|16/100 psn\n|-heal|p2a: Exeggutor|39/312 brn|[from] drain|[of] p1a: Ho-Oh\n|\n|-damage|p1a: Ho-Oh|3/100 psn|[from] psn\n|-damage|p2a: Exeggutor|20/312 brn|[from] brn\n|-item|p2a: Exeggutor|Sitrus Berry|[from] ability: Harvest\n|upkeep\n|-enditem|p2a: Exeggutor|Sitrus Berry|[eat]\n|-heal|p2a: Exeggutor|98/312 brn|[from] item: Sitrus Berry\n|turn|36\n|inactive|Time left: 300 sec this turn | 300 sec total\n|\n|t:|1783564971\n|move|p1a: Ho-Oh|Earthquake|p2a: Exeggutor\n|-supereffective|p2a: Exeggutor\n|-damage|p2a: Exeggutor|0 fnt\n|faint|p2a: Exeggutor\n|\n|win|p0x22304d58", "uploadtime": 1783564971, "views": 0, "rating": 0, "private": 0, "password": null, "_winner": "p0x22304d58", "_our_name": "p0y2230f4fa"}