{"id": "battle-gen9randombattle-2402", "formatid": "gen9randombattle", "format": "[Gen 9] Random Battle", "players": ["p0x240208fb", "p0y24023405"], "log": "|init|battle\n|title|p0x240208fb vs. p0y24023405\n|j|\u2606p0x240208fb\n|j|\u2606p0y24023405\n|t:|1783566884\n|gametype|singles\n|player|p1|p0x240208fb|1|\n|player|p2|p0y24023405|169|\n|gen|9\n|tier|[Gen 9] Random Battle\n|rule|Species Clause: Limit one of each Pok\u00e9mon\n|rule|HP Percentage Mod: HP is shown in percentages\n|rule|Sleep Clause Mod: Limit one foe put to sleep\n|rule|Illusion Level Mod: Illusion disguises the Pok\u00e9mon's true level\n|\n|t:|1783566884\n|teamsize|p1|6\n|teamsize|p2|6\n|start\n|switch|p1a: Sylveon|Sylveon, L85, F|100/100\n|switch|p2a: Flapple|Flapple, L88, F|266/266\n|turn|1\n|inactive|Battle timer is ON: inactive players will automatically lose when time's up. (requested by p0x240208fb)\n|inactive|Time left: 300 sec this turn | 300 sec total | 60 sec grace\n|inactive|p0y24023405 also wants the timer to be on.\n|\n|t:|1783566884\n|-terastallize|p2a: Flapple|Fire\n|move|p2a: Flapple|Dragon Dance|p2a: Flapple\n|-boost|p2a: Flapple|atk|1\n|-boost|p2a: Flapple|spe|1\n|move|p1a: Sylveon|Hyper Voice|p2a: Flapple\n|-resisted|p2a: Flapple\n|-damage|p2a: Flapple|186/266\n|\n|upkeep\n|turn|2\n|inactive|Time left: 300 sec this turn | 300 sec total\n|\n|t:|1783566885\n|move|p1a: Sylveon|Protect|p1a: Sylveon\n|-singleturn|p1a: Sylveon|Protect\n|move|p2a: Flapple|Grav Apple|p1a: Sylveon\n|-activate|p1a: Sylveon|move: Protect\n|\n|upkeep\n|turn|3\n|inactive|Time left: 300 sec this turn | 300 sec total\n|\n|t:|1783566886\n|move|p2a: Flapple|Grav Apple|p1a: Sylveon\n|-damage|p1a: Sylveon|5/100\n|-unboost|p1a: Sylveon|def|1\n|move|p1a: Sylveon|Hyper Voice|p2a: Flapple\n|-resisted|p2a: Flapple\n|-damage|p2a: Flapple|109/266\n|\n|-heal|p1a: Sylveon|11/100|[from] item: Leftovers\n|upkeep\n|turn|4\n|inactive|Time left: 300 sec this turn | 300 sec total\n|\n|t:|1783566887\n|move|p2a: Flapple|Grav Apple|p1a: Sylveon\n|-crit|p1a: Sylveon\n|-damage|p1a: Sylveon|0 fnt\n|faint|p1a: Sylveon\n|\n|upkeep\n|\n|t:|1783566888\n|switch|p1a: Wyrdeer|Wyrdeer, L87, F|100/100\n|-ability|p1a: Wyrdeer|Intimidate|boost\n|-unboost|p2a: Flapple|atk|1\n|turn|5\n|inactive|Time left: 300 sec this turn | 300 sec total\n|\n|t:|1783566889\n|move|p2a: Flapple|Outrage|p1a: Wyrdeer\n|-damage|p1a: Wyrdeer|13/100\n|move|p1a: Wyrdeer|Earthquake|p2a: Flapple\n|-supereffective|p2a: Flapple\n|-damage|p2a: Flapple|0 fnt\n|faint|p2a: Flapple\n|\n|upkeep\n|inactive|Time left: 300 sec this turn | 300 sec total | 5 sec grace\n|\n|t:|1783566890\n|switch|p2a: Gouging Fire|Gouging Fire, L74|277/277\n|turn|6\n|inactive|Time left: 300 sec this turn | 300 sec total\n|\n|t:|1783566891\n|switch|p1a: Regirock|Regirock, L83|100/100\n|move|p2a: Gouging Fire|Outrage|p1a: Regirock\n|-damage|p1a: Regirock|79/100\n|\n|upkeep\n|turn|7\n|inactive|Time left: 300 sec this turn | 300 sec total\n|\n|t:|1783566892\n|move|p2a: Gouging Fire|Outrage|p1a: Regirock|[from] lockedmove\n|-damage|p1a: Regirock|57/100\n|move|p1a: Regirock|Stone Edge|p2a: Gouging Fire|[miss]\n|-miss|p1a: Regirock|p2a: Gouging Fire\n|\n|upkeep\n|turn|8\n|inactive|Time left: 300 sec this turn | 300 sec total\n|\n|t:|1783566893\n|move|p2a: Gouging Fire|Outrage|p1a: Regirock|[from] lockedmove\n|-damage|p1a: Regirock|33/100\n|-start|p2a: Gouging Fire|confusion|[fatigue]\n|move|p1a: Regirock|Stone Edge|p2a: Gouging Fire\n|-supereffective|p2a: Gouging Fire\n|-damage|p2a: Gouging Fire|97/277\n|\n|upkeep\n|turn|9\n|inactive|Time left: 300 sec this turn | 300 sec total\n|\n|t:|1783566894\n|-end|p2a: Gouging Fire|Protosynthesis|[silent]\n|switch|p2a: Diancie|Diancie, L82|216/216\n|move|p1a: Regirock|Stone Edge|p2a: Diancie|[miss]\n|-miss|p1a: Regirock|p2a: Diancie\n|\n|upkeep\n|turn|10\n|inactive|Time left: 300 sec this turn | 300 sec total\n|\n|t:|1783566895\n|move|p1a: Regirock|Rest|p1a: Regirock\n|-status|p1a: Regirock|slp|[from] move: Rest\n|-heal|p1a: Regirock|100/100 slp|[silent]\n|-enditem|p1a: Regirock|Chesto Berry|[eat]\n|-curestatus|p1a: Regirock|slp|[msg]\n|move|p2a: Diancie|Moonblast|p1a: Regirock\n|-damage|p1a: Regirock|69/100\n|\n|upkeep\n|turn|11\n|inactive|Time left: 300 sec this turn | 300 sec total\n|\n|t:|1783566896\n|move|p1a: Regirock|Body Press|p2a: Diancie\n|-damage|p2a: Diancie|145/216\n|move|p2a: Diancie|Moonblast|p1a: Regirock\n|-damage|p1a: Regirock|35/100\n|\n|upkeep\n|turn|12\n|inactive|Time left: 300 sec this turn | 300 sec total\n|\n|t:|1783566897\n|move|p1a: Regirock|Stone Edge|p2a: Diancie\n|-damage|p2a: Diancie|66/216\n|move|p2a: Diancie|Moonblast|p1a: Regirock\n|-damage|p1a: Regirock|5/100\n|\n|upkeep\n|turn|13\n|inactive|Time left: 300 sec this turn | 300 sec total\n|\n|t:|1783566898\n|move|p1a: Regirock|Stone Edge|p2a: Diancie\n|-damage|p2a: Diancie|0 fnt\n|faint|p2a: Diancie\n|\n|upkeep\n|inactive|Time left: 300 sec this turn | 300 sec total | 5 sec grace\n|\n|t:|1783566899\n|switch|p2a: Leavanny|Leavanny, L86, F|269/269\n|turn|14\n|inactive|Time left: 300 sec this turn | 300 sec total\n|\n|t:|1783566900\n|move|p2a: Leavanny|Sticky Web|p1a: Regirock\n|-sidestart|p1: p0x240208fb|move: Sticky Web\n|move|p1a: Regirock|Stone Edge|p2a: Leavanny\n|-supereffective|p2a: Leavanny\n|-crit|p2a: Leavanny\n|-damage|p2a: Leavanny|0 fnt\n|faint|p2a: Leavanny\n|\n|upkeep\n|inactive|Time left: 300 sec this turn | 300 sec total | 5 sec grace\n|\n|t:|1783566901\n|switch|p2a: Gouging Fire|Gouging Fire, L74|97/277\n|turn|15\n|inactive|Time left: 300 sec this turn | 300 sec total\n|\n|t:|1783566902\n|move|p2a: Gouging Fire|Outrage|p1a: Regirock\n|-damage|p1a: Regirock|0 fnt\n|faint|p1a: Regirock\n|\n|upkeep\n|\n|t:|1783566903\n|switch|p1a: Brambleghast|Brambleghast, L88, F|100/100\n|turn|16\n|inactive|Time left: 300 sec this turn | 300 sec total\n|\n|t:|1783566904\n|-terastallize|p1a: Brambleghast|Fairy\n|move|p1a: Brambleghast|Rapid Spin|p2a: Gouging Fire\n|-damage|p2a: Gouging Fire|54/277\n|-boost|p1a: Brambleghast|spe|1\n|-sideend|p1: p0x240208fb|Sticky Web|[from] move: Rapid Spin|[of] p1a: Brambleghast\n|move|p2a: Gouging Fire|Outrage|p1a: Brambleghast|[from] lockedmove\n|-immune|p1a: Brambleghast\n|\n|upkeep\n|turn|17\n|inactive|Time left: 300 sec this turn | 300 sec total\n|\n|t:|1783566905\n|move|p1a: Brambleghast|Rapid Spin|p2a: Gouging Fire\n|-damage|p2a: Gouging Fire|14/277\n|-boost|p1a: Brambleghast|spe|1\n|move|p2a: Gouging Fire|Heat Crash|p1a: Brambleghast\n|-damage|p1a: Brambleghast|43/100\n|\n|upkeep\n|turn|18\n|inactive|Time left: 300 sec this turn | 300 sec total\n|\n|t:|1783566906\n|move|p1a: Brambleghast|Rapid Spin|p2a: Gouging Fire\n|-damage|p2a: Gouging Fire|0 fnt\n|-boost|p1a: Brambleghast|spe|1\n|faint|p2a: Gouging Fire\n|-end|p2a: Gouging Fire|Protosynthesis|[silent]\n|\n|upkeep\n|inactive|Time left: 300 sec this turn | 300 sec total | 5 sec grace\n|\n|t:|1783566907\n|switch|p2a: Cinccino|Cinccino, L83, F|260/260\n|turn|19\n|inactive|Time left: 300 sec this turn | 300 sec total\n|\n|t:|1783566908\n|move|p1a: Brambleghast|Power Whip|p2a: Cinccino\n|-damage|p2a: Cinccino|50/260\n|move|p2a: Cinccino|Bullet Seed|p1a: Brambleghast\n|-crit|p1a: Brambleghast\n|-damage|p1a: Brambleghast|24/100\n|-damage|p1a: Brambleghast|12/100\n|-damage|p1a: Brambleghast|0 fnt\n|faint|p1a: Brambleghast\n|-hitcount|p1: Brambleghast|3\n|\n|upkeep\n|\n|t:|1783566909\n|switch|p1a: Piloswine|Piloswine, L85, F|100/100\n|turn|20\n|inactive|Time left: 300 sec this turn | 300 sec total\n|\n|t:|1783566910\n|move|p1a: Piloswine|Ice Shard|p2a: Cinccino\n|-damage|p2a: Cinccino|0 fnt\n|faint|p2a: Cinccino\n|\n|upkeep\n|inactive|Time left: 300 sec this turn | 300 sec total | 5 sec grace\n|\n|t:|1783566911\n|switch|p2a: Gurdurr|Gurdurr, L85, M|283/283\n|turn|21\n|inactive|Time left: 300 sec this turn | 300 sec total\n|\n|t:|1783566912\n|switch|p1a: Wyrdeer|Wyrdeer, L87, F|13/100\n|-ability|p1a: Wyrdeer|Intimidate|boost\n|-unboost|p2a: Gurdurr|atk|1\n|move|p2a: Gurdurr|Mach Punch|p1a: Wyrdeer\n|-damage|p1a: Wyrdeer|2/100\n|\n|upkeep\n|turn|22\n|inactive|Time left: 300 sec this turn | 300 sec total\n|\n|t:|1783566913\n|move|p2a: Gurdurr|Mach Punch|p1a: Wyrdeer\n|-damage|p1a: Wyrdeer|0 fnt\n|faint|p1a: Wyrdeer\n|\n|upkeep\n|\n|t:|1783566914\n|switch|p1a: Dudunsparce|Dudunsparce, L83, F|100/100\n|turn|23\n|inactive|Time left: 300 sec this turn | 300 sec total\n|\n|t:|1783566915\n|move|p1a: Dudunsparce|Headbutt|p2a: Gurdurr\n|-damage|p2a: Gurdurr|235/283\n|move|p2a: Gurdurr|Drain Punch|p1a: Dudunsparce\n|-supereffective|p1a: Dudunsparce\n|-damage|p1a: Dudunsparce|66/100\n|-heal|p2a: Gurdurr|283/283|[from] drain|[of] p1a: Dudunsparce\n|\n|-heal|p1a: Dudunsparce|72/100|[from] item: Leftovers\n|upkeep\n|turn|24\n|inactive|Time left: 300 sec this turn | 300 sec total\n|\n|t:|1783566916\n|move|p1a: Dudunsparce|Headbutt|p2a: Gurdurr\n|-damage|p2a: Gurdurr|229/283\n|move|p2a: Gurdurr|Drain Punch|p1a: Dudunsparce\n|-supereffective|p1a: Dudunsparce\n|-damage|p1a: Dudunsparce|38/100\n|-heal|p2a: Gurdurr|283/283|[from] drain|[of] p1a: Dudunsparce\n|\n|-heal|p1a: Dudunsparce|44/100|[from] item: Leftovers\n|upkeep\n|turn|25\n|inactive|Time left: 300 sec this turn | 300 sec total\n|\n|t:|1783566917\n|move|p1a: Dudunsparce|Roost|p1a: Dudunsparce\n|-heal|p1a: Dudunsparce|94/100\n|-singleturn|p1a: Dudunsparce|move: Roost\n|move|p2a: Gurdurr|Drain Punch|p1a: Dudunsparce\n|-supereffective|p1a: Dudunsparce\n|-damage|p1a: Dudunsparce|56/100\n|\n|-heal|p1a: Dudunsparce|62/100|[from] item: Leftovers\n|upkeep\n|turn|26\n|inactive|Time left: 300 sec this turn | 300 sec total\n|\n|t:|1783566919\n|move|p1a: Dudunsparce|Headbutt|p2a: Gurdurr\n|-damage|p2a: Gurdurr|235/283\n|cant|p2a: Gurdurr|flinch\n|\n|-heal|p1a: Dudunsparce|68/100|[from] item: Leftovers\n|upkeep\n|turn|27\n|inactive|Time left: 300 sec this turn | 300 sec total\n|\n|t:|1783566920\n|move|p1a: Dudunsparce|Headbutt|p2a: Gurdurr\n|-damage|p2a: Gurdurr|181/283\n|move|p2a: Gurdurr|Drain Punch|p1a: Dudunsparce\n|-supereffective|p1a: Dudunsparce\n|-damage|p1a: Dudunsparce|33/100\n|-heal|p2a: Gurdurr|241/283|[from] drain|[of] p1a: Dudunsparce\n|\n|-heal|p1a: Dudunsparce|39/100|[from] item: Leftovers\n|upkeep\n|turn|28\n|inactive|Time left: 300 sec this turn | 300 sec total\n|\n|t:|1783566921\n|move|p1a: Dudunsparce|Roost|p1a: Dudunsparce\n|-heal|p1a: Dudunsparce|89/100\n|-singleturn|p1a: Dudunsparce|move: Roost\n|move|p2a: Gurdurr|Drain Punch|p1a: Dudunsparce\n|-supereffective|p1a: Dudunsparce\n|-damage|p1a: Dudunsparce|54/100\n|-heal|p2a: Gurdurr|283/283|[from] drain|[of] p1a: Dudunsparce\n|\n|-heal|p1a: Dudunsparce|60/100|[from] item: Leftovers\n|upkeep\n|turn|29\n|inactive|Time left: 300 sec this turn | 300 sec total\n|\n|t:|1783566922\n|move|p1a: Dudunsparce|Headbutt|p2a: Gurdurr\n|-damage|p2a: Gurdurr|231/283\n|move|p2a: Gurdurr|Drain Punch|p1a: Dudunsparce\n|-supereffective|p1a: Dudunsparce\n|-damage|p1a: Dudunsparce|19/100\n|-heal|p2a: Gurdurr|283/283|[from] drain|[of] p1a: Dudunsparce\n|\n|-heal|p1a: Dudunsparce|25/100|[from] item: Leftovers\n|upkeep\n|turn|30\n|inactive|Time left: 300 sec this turn | 300 sec total\n|\n|t:|1783566923\n|move|p1a: Dudunsparce|Roost|p1a: Dudunsparce\n|-heal|p1a: Dudunsparce|75/100\n|-singleturn|p1a: Dudunsparce|move: Roost\n|move|p2a: Gurdurr|Drain Punch|p1a: Dudunsparce\n|-supereffective|p1a: Dudunsparce\n|-damage|p1a: Dudunsparce|38/100\n|\n|-heal|p1a: Dudunsparce|44/100|[from] item: Leftovers\n|upkeep\n|turn|31\n|inactive|Time left: 300 sec this turn | 300 sec total\n|\n|t:|1783566924\n|move|p1a: Dudunsparce|Roost|p1a: Dudunsparce\n|-heal|p1a: Dudunsparce|94/100\n|-singleturn|p1a: Dudunsparce|move: Roost\n|move|p2a: Gurdurr|Drain Punch|p1a: Dudunsparce\n|-supereffective|p1a: Dudunsparce\n|-damage|p1a: Dudunsparce|59/100\n|\n|-heal|p1a: Dudunsparce|65/100|[from] item: Leftovers\n|upkeep\n|turn|32\n|inactive|Time left: 300 sec this turn | 300 sec total\n|\n|t:|1783566924\n|move|p1a: Dudunsparce|Headbutt|p2a: Gurdurr\n|-damage|p2a: Gurdurr|231/283\n|move|p2a: Gurdurr|Drain Punch|p1a: Dudunsparce\n|-supereffective|p1a: Dudunsparce\n|-damage|p1a: Dudunsparce|25/100\n|-heal|p2a: Gurdurr|283/283|[from] drain|[of] p1a: Dudunsparce\n|\n|-heal|p1a: Dudunsparce|31/100|[from] item: Leftovers\n|upkeep\n|turn|33\n|inactive|Time left: 300 sec this turn | 300 sec total\n|\n|t:|1783566925\n|move|p1a: Dudunsparce|Roost|p1a: Dudunsparce\n|-heal|p1a: Dudunsparce|81/100\n|-singleturn|p1a: Dudunsparce|move: Roost\n|move|p2a: Gurdurr|Drain Punch|p1a: Dudunsparce\n|-supereffective|p1a: Dudunsparce\n|-damage|p1a: Dudunsparce|45/100\n|\n|-heal|p1a: Dudunsparce|51/100|[from] item: Leftovers\n|upkeep\n|turn|34\n|inactive|Time left: 300 sec this turn | 300 sec total\n|\n|t:|1783566926\n|move|p1a: Dudunsparce|Roost|p1a: Dudunsparce\n|-heal|p1a: Dudunsparce|100/100\n|-singleturn|p1a: Dudunsparce|move: Roost\n|move|p2a: Gurdurr|Drain Punch|p1a: Dudunsparce\n|-supereffective|p1a: Dudunsparce\n|-damage|p1a: Dudunsparce|60/100\n|\n|-heal|p1a: Dudunsparce|66/100|[from] item: Leftovers\n|upkeep\n|turn|35\n|inactive|Time left: 300 sec this turn | 300 sec total\n|\n|t:|1783566927\n|move|p1a: Dudunsparce|Headbutt|p2a: Gurdurr\n|-damage|p2a: Gurdurr|234/283\n|move|p2a: Gurdurr|Drain Punch|p1a: Dudunsparce\n|-supereffective|p1a: Dudunsparce\n|-crit|p1a: Dudunsparce\n|-damage|p1a: Dudunsparce|0 fnt\n|-heal|p2a: Gurdurr|283/283|[from] drain|[of] p1a: Dudunsparce\n|faint|p1a: Dudunsparce\n|\n|upkeep\n|\n|t:|1783566928\n|switch|p1a: Piloswine|Piloswine, L85, F|100/100\n|turn|36\n|inactive|Time left: 300 sec this turn | 300 sec total\n|\n|t:|1783566929\n|move|p1a: Piloswine|Icicle Crash|p2a: Gurdurr\n|-damage|p2a: Gurdurr|223/283\n|move|p2a: Gurdurr|Knock Off|p1a: Piloswine\n|-damage|p1a: Piloswine|88/100\n|-enditem|p1a: Piloswine|Eviolite|[from] move: Knock Off|[of] p2a: Gurdurr\n|\n|upkeep\n|turn|37\n|inactive|Time left: 300 sec this turn | 300 sec total\n|\n|t:|1783566929\n|move|p1a: Piloswine|Icicle Crash|p2a: Gurdurr\n|-damage|p2a: Gurdurr|159/283\n|move|p2a: Gurdurr|Drain Punch|p1a: Piloswine\n|-supereffective|p1a: Piloswine\n|-damage|p1a: Piloswine|49/100\n|-heal|p2a: Gurdurr|219/283|[from] drain|[of] p1a: Piloswine\n|\n|upkeep\n|turn|38\n|inactive|Time left: 300 sec this turn | 300 sec total\n|\n|t:|1783566930\n|move|p1a: Piloswine|Icicle Crash|p2a: Gurdurr\n|-damage|p2a: Gurdurr|158/283\n|move|p2a: Gurdurr|Drain Punch|p1a: Piloswine\n|-supereffective|p1a: Piloswine\n|-damage|p1a: Piloswine|5/100\n|-heal|p2a: Gurdurr|225/283|[from] drain|[of] p1a: Piloswine\n|\n|upkeep\n|turn|39\n|inactive|Time left: 300 sec this turn | 300 sec total\n|\n|t:|1783566931\n|move|p2a: Gurdurr|Drain Punch|p1a: Piloswine\n|-supereffective|p1a: Piloswine\n|-crit|p1a: Piloswine\n|-damage|p1a: Piloswine|0 fnt\n|-heal|p2a: Gurdurr|233/283|[from] drain|[of] p1a: Piloswine\n|faint|p1a: Piloswine\n|\n|win|p0y24023405", "uploadtime": 1783566931, "views": 0, "rating": 0, "private": 0, "password": null, "_winner": "p0y24023405", "_our_name": "p0y24023405"}