{"id": "battle-gen9randombattle-1231", "formatid": "gen9randombattle", "format": "[Gen 9] Random Battle", "players": ["p0x12317b0a", "p0y1231be14"], "log": "|init|battle\n|title|p0x12317b0a vs. p0y1231be14\n|j|\u2606p0x12317b0a\n|j|\u2606p0y1231be14\n|t:|1783553384\n|gametype|singles\n|player|p1|p0x12317b0a|102|\n|player|p2|p0y1231be14|169|\n|gen|9\n|tier|[Gen 9] Random Battle\n|rule|Species Clause: Limit one of each Pok\u00e9mon\n|rule|HP Percentage Mod: HP is shown in percentages\n|rule|Sleep Clause Mod: Limit one foe put to sleep\n|rule|Illusion Level Mod: Illusion disguises the Pok\u00e9mon's true level\n|\n|t:|1783553385\n|teamsize|p1|6\n|teamsize|p2|6\n|start\n|switch|p1a: Wigglytuff|Wigglytuff, L96, M|424/424\n|switch|p2a: Brute Bonnet|Brute Bonnet, L80|100/100\n|turn|1\n|inactive|Battle timer is ON: inactive players will automatically lose when time's up. (requested by p0y1231be14)\n|inactive|Time left: 300 sec this turn | 300 sec total | 60 sec grace\n|inactive|p0x12317b0a also wants the timer to be on.\n|\n|t:|1783553386\n|move|p1a: Wigglytuff|Dazzling Gleam|p2a: Brute Bonnet\n|-supereffective|p2a: Brute Bonnet\n|-damage|p2a: Brute Bonnet|40/100\n|move|p2a: Brute Bonnet|Spore|p1a: Wigglytuff\n|-status|p1a: Wigglytuff|slp|[from] move: Spore\n|\n|-heal|p2a: Brute Bonnet|46/100|[from] item: Leftovers\n|upkeep\n|turn|2\n|inactive|Time left: 300 sec this turn | 300 sec total\n|\n|t:|1783553388\n|switch|p1a: Salamence|Salamence, L77, M|273/273\n|move|p2a: Brute Bonnet|Crunch|p1a: Salamence\n|-damage|p1a: Salamence|152/273\n|\n|-heal|p2a: Brute Bonnet|52/100|[from] item: Leftovers\n|upkeep\n|turn|3\n|inactive|Time left: 300 sec this turn | 300 sec total\n|\n|t:|1783553389\n|-end|p2a: Brute Bonnet|Protosynthesis|[silent]\n|switch|p2a: Registeel|Registeel, L81|100/100\n|move|p1a: Salamence|Dual Wingbeat|p2a: Registeel\n|-resisted|p2a: Registeel\n|-damage|p2a: Registeel|95/100\n|-resisted|p2a: Registeel\n|-crit|p2a: Registeel\n|-damage|p2a: Registeel|86/100\n|-hitcount|p2a: Registeel|2\n|\n|-heal|p2a: Registeel|92/100|[from] item: Leftovers\n|upkeep\n|turn|4\n|inactive|Time left: 300 sec this turn | 300 sec total\n|\n|t:|1783553390\n|move|p1a: Salamence|Roost|p1a: Salamence\n|-heal|p1a: Salamence|273/273\n|-singleturn|p1a: Salamence|move: Roost\n|move|p2a: Registeel|Iron Defense|p2a: Registeel\n|-boost|p2a: Registeel|def|2\n|\n|-heal|p2a: Registeel|99/100|[from] item: Leftovers\n|upkeep\n|turn|5\n|inactive|Time left: 300 sec this turn | 300 sec total\n|\n|t:|1783553391\n|move|p1a: Salamence|Dragon Dance|p1a: Salamence\n|-boost|p1a: Salamence|atk|1\n|-boost|p1a: Salamence|spe|1\n|move|p2a: Registeel|Body Press|p1a: Salamence\n|-resisted|p1a: Salamence\n|-damage|p1a: Salamence|191/273\n|\n|-heal|p2a: Registeel|100/100|[from] item: Leftovers\n|upkeep\n|turn|6\n|inactive|Time left: 300 sec this turn | 300 sec total\n|\n|t:|1783553393\n|move|p1a: Salamence|Outrage|p2a: Registeel\n|-resisted|p2a: Registeel\n|-damage|p2a: Registeel|86/100\n|move|p2a: Registeel|Body Press|p1a: Salamence\n|-resisted|p1a: Salamence\n|-damage|p1a: Salamence|106/273\n|\n|-heal|p2a: Registeel|92/100|[from] item: Leftovers\n|upkeep\n|turn|7\n|inactive|Time left: 300 sec this turn | 300 sec total\n|\n|t:|1783553394\n|move|p1a: Salamence|Outrage|p2a: Registeel|[from] lockedmove\n|-resisted|p2a: Registeel\n|-damage|p2a: Registeel|80/100\n|-start|p1a: Salamence|confusion|[fatigue]\n|move|p2a: Registeel|Body Press|p1a: Salamence\n|-resisted|p1a: Salamence\n|-damage|p1a: Salamence|16/273\n|\n|-heal|p2a: Registeel|86/100|[from] item: Leftovers\n|upkeep\n|turn|8\n|inactive|Time left: 300 sec this turn | 300 sec total\n|\n|t:|1783553395\n|-activate|p1a: Salamence|confusion\n|-damage|p1a: Salamence|0 fnt|[from] confusion\n|faint|p1a: Salamence\n|move|p2a: Registeel|Body Press|p1: Salamence|[notarget]\n|-fail|p2a: Registeel\n|\n|-heal|p2a: Registeel|92/100|[from] item: Leftovers\n|upkeep\n|inactive|Time left: 300 sec this turn | 300 sec total | 5 sec grace\n|\n|t:|1783553396\n|switch|p1a: Bruxish|Bruxish, L85, F|254/254\n|turn|9\n|inactive|Time left: 300 sec this turn | 300 sec total\n|\n|t:|1783553397\n|move|p1a: Bruxish|Psychic Fangs|p2a: Registeel\n|-resisted|p2a: Registeel\n|-damage|p2a: Registeel|77/100\n|move|p2a: Registeel|Body Press|p1a: Bruxish\n|-resisted|p1a: Bruxish\n|-damage|p1a: Bruxish|173/254\n|\n|-heal|p2a: Registeel|83/100|[from] item: Leftovers\n|upkeep\n|turn|10\n|inactive|Time left: 300 sec this turn | 300 sec total\n|\n|t:|1783553399\n|move|p1a: Bruxish|Psychic Fangs|p2a: Registeel\n|-resisted|p2a: Registeel\n|-damage|p2a: Registeel|70/100\n|move|p2a: Registeel|Body Press|p1a: Bruxish\n|-resisted|p1a: Bruxish\n|-damage|p1a: Bruxish|89/254\n|\n|-heal|p2a: Registeel|76/100|[from] item: Leftovers\n|upkeep\n|turn|11\n|inactive|Time left: 300 sec this turn | 300 sec total\n|\n|t:|1783553400\n|switch|p1a: Clodsire|Clodsire, L81, F|343/343\n|move|p2a: Registeel|Body Press|p1a: Clodsire\n|-resisted|p1a: Clodsire\n|-damage|p1a: Clodsire|240/343\n|\n|-heal|p2a: Registeel|82/100|[from] item: Leftovers\n|-heal|p1a: Clodsire|261/343|[from] item: Leftovers\n|upkeep\n|turn|12\n|inactive|Time left: 300 sec this turn | 300 sec total\n|\n|t:|1783553401\n|move|p2a: Registeel|Body Press|p1a: Clodsire\n|-resisted|p1a: Clodsire\n|-damage|p1a: Clodsire|164/343\n|move|p1a: Clodsire|Toxic Spikes|p2a: Registeel\n|-sidestart|p2: p0y1231be14|move: Toxic Spikes\n|\n|-heal|p2a: Registeel|88/100|[from] item: Leftovers\n|-heal|p1a: Clodsire|185/343|[from] item: Leftovers\n|upkeep\n|turn|13\n|inactive|Time left: 300 sec this turn | 300 sec total\n|\n|t:|1783553402\n|move|p2a: Registeel|Iron Head|p1a: Clodsire\n|-damage|p1a: Clodsire|89/343\n|move|p1a: Clodsire|Recover|p1a: Clodsire\n|-heal|p1a: Clodsire|261/343\n|\n|-heal|p2a: Registeel|94/100|[from] item: Leftovers\n|-heal|p1a: Clodsire|282/343|[from] item: Leftovers\n|upkeep\n|turn|14\n|inactive|Time left: 300 sec this turn | 300 sec total\n|\n|t:|1783553403\n|move|p2a: Registeel|Iron Head|p1a: Clodsire\n|-damage|p1a: Clodsire|189/343\n|cant|p1a: Clodsire|flinch\n|\n|-heal|p2a: Registeel|100/100|[from] item: Leftovers\n|-heal|p1a: Clodsire|210/343|[from] item: Leftovers\n|upkeep\n|turn|15\n|inactive|Time left: 300 sec this turn | 300 sec total\n|\n|t:|1783553404\n|move|p2a: Registeel|Iron Head|p1a: Clodsire\n|-damage|p1a: Clodsire|128/343\n|cant|p1a: Clodsire|flinch\n|\n|-heal|p1a: Clodsire|149/343|[from] item: Leftovers\n|upkeep\n|turn|16\n|inactive|Time left: 300 sec this turn | 300 sec total\n|\n|t:|1783553405\n|move|p2a: Registeel|Iron Head|p1a: Clodsire\n|-damage|p1a: Clodsire|59/343\n|move|p1a: Clodsire|Recover|p1a: Clodsire\n|-heal|p1a: Clodsire|231/343\n|\n|-heal|p1a: Clodsire|252/343|[from] item: Leftovers\n|upkeep\n|turn|17\n|inactive|Time left: 300 sec this turn | 300 sec total\n|\n|t:|1783553406\n|move|p2a: Registeel|Iron Head|p1a: Clodsire\n|-damage|p1a: Clodsire|164/343\n|move|p1a: Clodsire|Recover|p1a: Clodsire\n|-heal|p1a: Clodsire|336/343\n|\n|-heal|p1a: Clodsire|343/343|[from] item: Leftovers\n|upkeep\n|turn|18\n|inactive|Time left: 300 sec this turn | 300 sec total\n|\n|t:|1783553407\n|move|p2a: Registeel|Body Press|p1a: Clodsire\n|-resisted|p1a: Clodsire\n|-damage|p1a: Clodsire|235/343\n|move|p1a: Clodsire|Toxic Spikes|p2a: Registeel\n|-sidestart|p2: p0y1231be14|move: Toxic Spikes\n|\n|-heal|p1a: Clodsire|256/343|[from] item: Leftovers\n|upkeep\n|turn|19\n|inactive|Time left: 300 sec this turn | 300 sec total\n|\n|t:|1783553407\n|move|p2a: Registeel|Body Press|p1a: Clodsire\n|-resisted|p1a: Clodsire\n|-damage|p1a: Clodsire|157/343\n|move|p1a: Clodsire|Recover|p1a: Clodsire\n|-heal|p1a: Clodsire|329/343\n|\n|-heal|p1a: Clodsire|343/343|[from] item: Leftovers\n|upkeep\n|turn|20\n|inactive|Time left: 300 sec this turn | 300 sec total\n|\n|t:|1783553408\n|move|p2a: Registeel|Body Press|p1a: Clodsire\n|-resisted|p1a: Clodsire\n|-crit|p1a: Clodsire\n|-damage|p1a: Clodsire|201/343\n|move|p1a: Clodsire|Recover|p1a: Clodsire\n|-heal|p1a: Clodsire|343/343\n|\n|upkeep\n|turn|21\n|inactive|Time left: 300 sec this turn | 300 sec total\n|\n|t:|1783553409\n|move|p2a: Registeel|Iron Defense|p2a: Registeel\n|-boost|p2a: Registeel|def|2\n|move|p1a: Clodsire|Earthquake|p2a: Registeel\n|-supereffective|p2a: Registeel\n|-damage|p2a: Registeel|84/100\n|\n|-heal|p2a: Registeel|91/100|[from] item: Leftovers\n|upkeep\n|turn|22\n|inactive|Time left: 300 sec this turn | 300 sec total\n|\n|t:|1783553410\n|move|p2a: Registeel|Body Press|p1a: Clodsire\n|-resisted|p1a: Clodsire\n|-damage|p1a: Clodsire|178/343\n|move|p1a: Clodsire|Recover|p1a: Clodsire\n|-heal|p1a: Clodsire|343/343\n|\n|-heal|p2a: Registeel|97/100|[from] item: Leftovers\n|upkeep\n|turn|23\n|inactive|Time left: 300 sec this turn | 300 sec total\n|\n|t:|1783553411\n|move|p2a: Registeel|Body Press|p1a: Clodsire\n|-resisted|p1a: Clodsire\n|-damage|p1a: Clodsire|188/343\n|move|p1a: Clodsire|Recover|p1a: Clodsire\n|-heal|p1a: Clodsire|343/343\n|\n|-heal|p2a: Registeel|100/100|[from] item: Leftovers\n|upkeep\n|turn|24\n|inactive|Time left: 300 sec this turn | 300 sec total\n|\n|t:|1783553412\n|move|p2a: Registeel|Body Press|p1a: Clodsire\n|-resisted|p1a: Clodsire\n|-damage|p1a: Clodsire|190/343\n|move|p1a: Clodsire|Recover|p1a: Clodsire\n|-heal|p1a: Clodsire|343/343\n|\n|upkeep\n|turn|25\n|inactive|Time left: 300 sec this turn | 300 sec total\n|\n|t:|1783553413\n|switch|p1a: Slither Wing|Slither Wing, L81|270/270\n|move|p2a: Registeel|Body Press|p1a: Slither Wing\n|-resisted|p1a: Slither Wing\n|-damage|p1a: Slither Wing|154/270\n|\n|upkeep\n|turn|26\n|inactive|Time left: 300 sec this turn | 300 sec total\n|\n|t:|1783553414\n|move|p1a: Slither Wing|Will-O-Wisp|p2a: Registeel\n|-status|p2a: Registeel|brn\n|move|p2a: Registeel|Body Press|p1a: Slither Wing\n|-resisted|p1a: Slither Wing\n|-damage|p1a: Slither Wing|93/270\n|\n|-damage|p2a: Registeel|94/100 brn|[from] brn\n|upkeep\n|turn|27\n|inactive|Time left: 300 sec this turn | 300 sec total\n|\n|t:|1783553415\n|move|p1a: Slither Wing|Morning Sun|p1a: Slither Wing\n|-heal|p1a: Slither Wing|228/270\n|move|p2a: Registeel|Thunder Wave|p1a: Slither Wing\n|-status|p1a: Slither Wing|par\n|\n|-heal|p2a: Registeel|100/100 brn|[from] item: Leftovers\n|-damage|p2a: Registeel|94/100 brn|[from] brn\n|upkeep\n|turn|28\n|inactive|Time left: 300 sec this turn | 300 sec total\n|\n|t:|1783553416\n|-end|p1a: Slither Wing|Protosynthesis|[silent]\n|switch|p1a: Clodsire|Clodsire, L81, F|343/343\n|move|p2a: Registeel|Iron Head|p1a: Clodsire\n|-damage|p1a: Clodsire|301/343\n|\n|-heal|p2a: Registeel|100/100 brn|[from] item: Leftovers\n|-heal|p1a: Clodsire|322/343|[from] item: Leftovers\n|-damage|p2a: Registeel|94/100 brn|[from] brn\n|upkeep\n|turn|29\n|inactive|Time left: 300 sec this turn | 300 sec total\n|\n|t:|1783553417\n|move|p2a: Registeel|Iron Head|p1a: Clodsire\n|-damage|p1a: Clodsire|277/343\n|move|p1a: Clodsire|Earthquake|p2a: Registeel\n|-supereffective|p2a: Registeel\n|-damage|p2a: Registeel|78/100 brn\n|\n|-heal|p2a: Registeel|84/100 brn|[from] item: Leftovers\n|-heal|p1a: Clodsire|298/343|[from] item: Leftovers\n|-damage|p2a: Registeel|78/100 brn|[from] brn\n|upkeep\n|turn|30\n|inactive|Time left: 300 sec this turn | 300 sec total\n|\n|t:|1783553418\n|move|p2a: Registeel|Iron Head|p1a: Clodsire\n|-damage|p1a: Clodsire|256/343\n|cant|p1a: Clodsire|flinch\n|\n|-heal|p2a: Registeel|84/100 brn|[from] item: Leftovers\n|-heal|p1a: Clodsire|277/343|[from] item: Leftovers\n|-damage|p2a: Registeel|78/100 brn|[from] brn\n|upkeep\n|turn|31\n|inactive|Time left: 300 sec this turn | 300 sec total\n|\n|t:|1783553420\n|move|p2a: Registeel|Iron Head|p1a: Clodsire\n|-damage|p1a: Clodsire|232/343\n|move|p1a: Clodsire|Earthquake|p2a: Registeel\n|-supereffective|p2a: Registeel\n|-damage|p2a: Registeel|64/100 brn\n|\n|-heal|p2a: Registeel|70/100 brn|[from] item: Leftovers\n|-heal|p1a: Clodsire|253/343|[from] item: Leftovers\n|-damage|p2a: Registeel|64/100 brn|[from] brn\n|upkeep\n|turn|32\n|inactive|Time left: 300 sec this turn | 300 sec total\n|\n|t:|1783553421\n|move|p2a: Registeel|Iron Head|p1a: Clodsire\n|-damage|p1a: Clodsire|212/343\n|move|p1a: Clodsire|Earthquake|p2a: Registeel\n|-supereffective|p2a: Registeel\n|-damage|p2a: Registeel|47/100 brn\n|\n|-heal|p2a: Registeel|53/100 brn|[from] item: Leftovers\n|-heal|p1a: Clodsire|233/343|[from] item: Leftovers\n|-damage|p2a: Registeel|47/100 brn|[from] brn\n|upkeep\n|turn|33\n|inactive|Time left: 300 sec this turn | 300 sec total\n|\n|t:|1783553422\n|move|p2a: Registeel|Iron Head|p1a: Clodsire\n|-damage|p1a: Clodsire|191/343\n|move|p1a: Clodsire|Earthquake|p2a: Registeel\n|-supereffective|p2a: Registeel\n|-damage|p2a: Registeel|33/100 brn\n|\n|-heal|p2a: Registeel|39/100 brn|[from] item: Leftovers\n|-heal|p1a: Clodsire|212/343|[from] item: Leftovers\n|-damage|p2a: Registeel|33/100 brn|[from] brn\n|upkeep\n|turn|34\n|inactive|Time left: 300 sec this turn | 300 sec total\n|\n|t:|1783553424\n|move|p2a: Registeel|Iron Head|p1a: Clodsire\n|-damage|p1a: Clodsire|165/343\n|move|p1a: Clodsire|Earthquake|p2a: Registeel\n|-supereffective|p2a: Registeel\n|-damage|p2a: Registeel|17/100 brn\n|\n|-heal|p2a: Registeel|23/100 brn|[from] item: Leftovers\n|-heal|p1a: Clodsire|186/343|[from] item: Leftovers\n|-damage|p2a: Registeel|17/100 brn|[from] brn\n|upkeep\n|turn|35\n|inactive|Time left: 300 sec this turn | 300 sec total\n|\n|t:|1783553425\n|move|p2a: Registeel|Iron Head|p1a: Clodsire\n|-damage|p1a: Clodsire|142/343\n|move|p1a: Clodsire|Earthquake|p2a: Registeel\n|-supereffective|p2a: Registeel\n|-damage|p2a: Registeel|1/100 brn\n|\n|-heal|p2a: Registeel|7/100 brn|[from] item: Leftovers\n|-heal|p1a: Clodsire|163/343|[from] item: Leftovers\n|-damage|p2a: Registeel|1/100 brn|[from] brn\n|upkeep\n|turn|36\n|inactive|Time left: 300 sec this turn | 300 sec total\n|\n|t:|1783553427\n|move|p2a: Registeel|Thunder Wave|p1a: Clodsire\n|-immune|p1a: Clodsire\n|move|p1a: Clodsire|Earthquake|p2a: Registeel\n|-supereffective|p2a: Registeel\n|-damage|p2a: Registeel|0 fnt\n|faint|p2a: Registeel\n|\n|-heal|p1a: Clodsire|184/343|[from] item: Leftovers\n|upkeep\n|\n|t:|1783553428\n|switch|p2a: Golurk|Golurk, L87|100/100\n|-status|p2a: Golurk|tox\n|turn|37\n|inactive|Time left: 300 sec this turn | 300 sec total\n|\n|t:|1783553429\n|switch|p1a: Dudunsparce|Dudunsparce, L83, F|343/343\n|move|p2a: Golurk|Poltergeist|p1a: Dudunsparce\n|-immune|p1a: Dudunsparce\n|\n|-damage|p2a: Golurk|94/100 tox|[from] psn\n|upkeep\n|turn|38\n|inactive|Time left: 300 sec this turn | 300 sec total\n|\n|t:|1783553430\n|move|p2a: Golurk|Earthquake|p1a: Dudunsparce\n|-damage|p1a: Dudunsparce|143/343\n|-damage|p2a: Golurk|85/100 tox|[from] item: Life Orb\n|move|p1a: Dudunsparce|Boomburst|p2a: Golurk\n|-immune|p2a: Golurk\n|\n|-heal|p1a: Dudunsparce|164/343|[from] item: Leftovers\n|-damage|p2a: Golurk|73/100 tox|[from] psn\n|upkeep\n|turn|39\n|inactive|Time left: 300 sec this turn | 300 sec total\n|\n|t:|1783553431\n|move|p2a: Golurk|Earthquake|p1a: Dudunsparce\n|-damage|p1a: Dudunsparce|0 fnt\n|faint|p1a: Dudunsparce\n|-damage|p2a: Golurk|63/100 tox|[from] item: Life Orb\n|\n|-damage|p2a: Golurk|45/100 tox|[from] psn\n|upkeep\n|inactive|Time left: 300 sec this turn | 300 sec total | 5 sec grace\n|\n|t:|1783553432\n|switch|p1a: Bruxish|Bruxish, L85, F|89/254\n|turn|40\n|inactive|Time left: 300 sec this turn | 300 sec total\n|\n|t:|1783553433\n|move|p1a: Bruxish|Psychic Fangs|p2a: Golurk\n|-damage|p2a: Golurk|0 fnt\n|faint|p2a: Golurk\n|\n|upkeep\n|\n|t:|1783553434\n|switch|p2a: Dragapult|Dragapult, L77, M|100/100\n|-status|p2a: Dragapult|tox\n|turn|41\n|inactive|Time left: 300 sec this turn | 300 sec total\n|\n|t:|1783553435\n|switch|p1a: Wigglytuff|Wigglytuff, L96, M|424/424 slp\n|move|p2a: Dragapult|Dragon Darts|p1a: Wigglytuff\n|-immune|p1a: Wigglytuff\n|\n|-damage|p2a: Dragapult|94/100 tox|[from] psn\n|upkeep\n|turn|42\n|inactive|Time left: 300 sec this turn | 300 sec total\n|\n|t:|1783553437\n|move|p2a: Dragapult|Dragon Dance|p2a: Dragapult\n|-boost|p2a: Dragapult|atk|1\n|-boost|p2a: Dragapult|spe|1\n|cant|p1a: Wigglytuff|slp\n|\n|-damage|p2a: Dragapult|82/100 tox|[from] psn\n|upkeep\n|turn|43\n|inactive|Time left: 300 sec this turn | 300 sec total\n|\n|t:|1783553438\n|move|p2a: Dragapult|Dragon Dance|p2a: Dragapult\n|-boost|p2a: Dragapult|atk|1\n|-boost|p2a: Dragapult|spe|1\n|-curestatus|p1a: Wigglytuff|slp|[msg]\n|move|p1a: Wigglytuff|Dazzling Gleam|p2a: Dragapult\n|-supereffective|p2a: Dragapult\n|-damage|p2a: Dragapult|0 fnt\n|faint|p2a: Dragapult\n|\n|upkeep\n|\n|t:|1783553439\n|switch|p2a: Klawf|Klawf, L90, M|100/100\n|-status|p2a: Klawf|tox\n|turn|44\n|inactive|Time left: 300 sec this turn | 300 sec total\n|\n|t:|1783553440\n|move|p2a: Klawf|Swords Dance|p2a: Klawf\n|-boost|p2a: Klawf|atk|2\n|move|p1a: Wigglytuff|Dazzling Gleam|p2a: Klawf\n|-damage|p2a: Klawf|56/100 tox\n|\n|-damage|p2a: Klawf|50/100 tox|[from] psn\n|upkeep\n|turn|45\n|inactive|Time left: 300 sec this turn | 300 sec total\n|\n|t:|1783553441\n|move|p2a: Klawf|Stone Edge|p1a: Wigglytuff|[miss]\n|-miss|p2a: Klawf|p1a: Wigglytuff\n|move|p1a: Wigglytuff|Dazzling Gleam|p2a: Klawf\n|-damage|p2a: Klawf|1/100 tox\n|\n|-damage|p2a: Klawf|0 fnt|[from] psn\n|faint|p2a: Klawf\n|upkeep\n|\n|t:|1783553442\n|switch|p2a: Brute Bonnet|Brute Bonnet, L80|52/100\n|-status|p2a: Brute Bonnet|tox\n|turn|46\n|inactive|Time left: 300 sec this turn | 300 sec total\n|\n|t:|1783553443\n|-terastallize|p2a: Brute Bonnet|Poison\n|move|p1a: Wigglytuff|Dazzling Gleam|p2a: Brute Bonnet\n|-resisted|p2a: Brute Bonnet\n|-damage|p2a: Brute Bonnet|37/100 tox\n|move|p2a: Brute Bonnet|Spore|p1a: Wigglytuff\n|-status|p1a: Wigglytuff|slp|[from] move: Spore\n|\n|-heal|p2a: Brute Bonnet|43/100 tox|[from] item: Leftovers\n|-damage|p2a: Brute Bonnet|37/100 tox|[from] psn\n|upkeep\n|turn|47\n|inactive|Time left: 300 sec this turn | 300 sec total\n|\n|t:|1783553444\n|cant|p1a: Wigglytuff|slp\n|move|p2a: Brute Bonnet|Seed Bomb|p1a: Wigglytuff\n|-damage|p1a: Wigglytuff|283/424 slp\n|\n|-heal|p1a: Wigglytuff|309/424 slp|[from] item: Leftovers\n|-heal|p2a: Brute Bonnet|43/100 tox|[from] item: Leftovers\n|-damage|p2a: Brute Bonnet|31/100 tox|[from] psn\n|upkeep\n|turn|48\n|inactive|Time left: 300 sec this turn | 300 sec total\n|\n|t:|1783553445\n|cant|p1a: Wigglytuff|slp\n|move|p2a: Brute Bonnet|Seed Bomb|p1a: Wigglytuff\n|-damage|p1a: Wigglytuff|165/424 slp\n|\n|-heal|p1a: Wigglytuff|191/424 slp|[from] item: Leftovers\n|-heal|p2a: Brute Bonnet|37/100 tox|[from] item: Leftovers\n|-damage|p2a: Brute Bonnet|18/100 tox|[from] psn\n|upkeep\n|turn|49\n|inactive|Time left: 300 sec this turn | 300 sec total\n|\n|t:|1783553446\n|cant|p1a: Wigglytuff|slp\n|move|p2a: Brute Bonnet|Seed Bomb|p1a: Wigglytuff\n|-damage|p1a: Wigglytuff|49/424 slp\n|\n|-heal|p1a: Wigglytuff|75/424 slp|[from] item: Leftovers\n|-heal|p2a: Brute Bonnet|24/100 tox|[from] item: Leftovers\n|-damage|p2a: Brute Bonnet|0 fnt|[from] psn\n|faint|p2a: Brute Bonnet\n|-end|p2a: Brute Bonnet|Protosynthesis|[silent]\n|upkeep\n|\n|t:|1783553447\n|switch|p2a: Deoxys|Deoxys-Attack, L72|100/100\n|-status|p2a: Deoxys|tox\n|-ability|p2a: Deoxys|Pressure\n|turn|50\n|inactive|Time left: 300 sec this turn | 300 sec total\n|\n|t:|1783553448\n|move|p2a: Deoxys|Knock Off|p1a: Wigglytuff\n|-resisted|p1a: Wigglytuff\n|-damage|p1a: Wigglytuff|0 fnt\n|-enditem|p1a: Wigglytuff|Leftovers|[from] move: Knock Off|[of] p2a: Deoxys\n|faint|p1a: Wigglytuff\n|-damage|p2a: Deoxys|91/100 tox|[from] item: Life Orb\n|\n|-damage|p2a: Deoxys|85/100 tox|[from] psn\n|upkeep\n|inactive|Time left: 300 sec this turn | 300 sec total | 5 sec grace\n|\n|t:|1783553449\n|switch|p1a: Clodsire|Clodsire, L81, F|184/343\n|turn|51\n|inactive|Time left: 300 sec this turn | 300 sec total\n|\n|t:|1783553450\n|move|p2a: Deoxys|Psycho Boost|p1a: Clodsire|[miss]\n|-miss|p2a: Deoxys|p1a: Clodsire\n|move|p1a: Clodsire|Earthquake|p2a: Deoxys\n|-damage|p2a: Deoxys|0 fnt\n|faint|p2a: Deoxys\n|\n|win|p0x12317b0a", "uploadtime": 1783553450, "views": 0, "rating": 0, "private": 0, "password": null, "_winner": "p0x12317b0a", "_our_name": "p0x12317b0a"}