{"id": "battle-gen9randombattle-12", "formatid": "gen9randombattle", "format": "[Gen 9] Random Battle", "players": ["p0x0128c75", "p0y012f0b6"], "log": "|init|battle\n|title|p0x0128c75 vs. p0y012f0b6\n|j|\u2606p0x0128c75\n|j|\u2606p0y012f0b6\n|t:|1783399796\n|gametype|singles\n|player|p1|p0x0128c75|2|\n|player|p2|p0y012f0b6|102|\n|gen|9\n|tier|[Gen 9] Random Battle\n|rule|Species Clause: Limit one of each Pok\u00e9mon\n|rule|HP Percentage Mod: HP is shown in percentages\n|rule|Sleep Clause Mod: Limit one foe put to sleep\n|rule|Illusion Level Mod: Illusion disguises the Pok\u00e9mon's true level\n|\n|t:|1783399796\n|teamsize|p1|6\n|teamsize|p2|6\n|start\n|switch|p1a: Sinistcha|Sinistcha, L83|100/100\n|switch|p2a: Flapple|Flapple, L88, F|266/266\n|turn|1\n|inactive|Battle timer is ON: inactive players will automatically lose when time's up. (requested by p0x0128c75)\n|inactive|Time left: 300 sec this turn | 300 sec total | 60 sec grace\n|inactive|p0y012f0b6 also wants the timer to be on.\n|\n|t:|1783399796\n|-terastallize|p1a: Sinistcha|Steel\n|move|p2a: Flapple|Dragon Dance|p2a: Flapple\n|-boost|p2a: Flapple|atk|1\n|-boost|p2a: Flapple|spe|1\n|move|p1a: Sinistcha|Strength Sap|p2a: Flapple\n|-unboost|p2a: Flapple|atk|1\n|\n|upkeep\n|turn|2\n|inactive|Time left: 300 sec this turn | 300 sec total\n|\n|t:|1783399797\n|move|p2a: Flapple|Dragon Dance|p2a: Flapple\n|-boost|p2a: Flapple|atk|1\n|-boost|p2a: Flapple|spe|1\n|move|p1a: Sinistcha|Shadow Ball|p2a: Flapple\n|-crit|p2a: Flapple\n|-damage|p2a: Flapple|73/266\n|\n|upkeep\n|turn|3\n|inactive|Time left: 300 sec this turn | 300 sec total\n|\n|t:|1783399797\n|switch|p2a: Noctowl|Noctowl, L95, F|344/344\n|move|p1a: Sinistcha|Shadow Ball|p2a: Noctowl\n|-immune|p2a: Noctowl\n|\n|upkeep\n|turn|4\n|inactive|Time left: 300 sec this turn | 300 sec total\n|\n|t:|1783399797\n|move|p2a: Noctowl|Nasty Plot|p2a: Noctowl\n|-boost|p2a: Noctowl|spa|2\n|move|p1a: Sinistcha|Calm Mind|p1a: Sinistcha\n|-boost|p1a: Sinistcha|spa|1\n|-boost|p1a: Sinistcha|spd|1\n|\n|upkeep\n|turn|5\n|inactive|Time left: 300 sec this turn | 300 sec total\n|\n|t:|1783399797\n|move|p2a: Noctowl|Hyper Voice|p1a: Sinistcha\n|-resisted|p1a: Sinistcha\n|-damage|p1a: Sinistcha|42/100\n|move|p1a: Sinistcha|Strength Sap|p2a: Noctowl\n|-unboost|p2a: Noctowl|atk|1\n|-heal|p1a: Sinistcha|82/100\n|\n|-heal|p1a: Sinistcha|88/100|[from] item: Leftovers\n|upkeep\n|turn|6\n|inactive|Time left: 300 sec this turn | 300 sec total\n|\n|t:|1783399798\n|move|p2a: Noctowl|Hyper Voice|p1a: Sinistcha\n|-resisted|p1a: Sinistcha\n|-damage|p1a: Sinistcha|21/100\n|move|p1a: Sinistcha|Strength Sap|p2a: Noctowl\n|-unboost|p2a: Noctowl|atk|1\n|-heal|p1a: Sinistcha|47/100\n|\n|-heal|p1a: Sinistcha|52/100|[from] item: Leftovers\n|upkeep\n|turn|7\n|inactive|Time left: 300 sec this turn | 300 sec total\n|\n|t:|1783399798\n|switch|p1a: Basculegion|Basculegion-F, L83, F|100/100\n|move|p2a: Noctowl|Hyper Voice|p1a: Basculegion\n|-immune|p1a: Basculegion\n|\n|upkeep\n|turn|8\n|inactive|Time left: 300 sec this turn | 300 sec total\n|\n|t:|1783399798\n|move|p2a: Noctowl|Hurricane|p1a: Basculegion\n|-damage|p1a: Basculegion|15/100\n|move|p1a: Basculegion|Hydro Pump|p2a: Noctowl\n|-damage|p2a: Noctowl|164/344\n|\n|upkeep\n|turn|9\n|inactive|Time left: 300 sec this turn | 300 sec total\n|\n|t:|1783399798\n|move|p2a: Noctowl|Roost|p2a: Noctowl\n|-heal|p2a: Noctowl|336/344\n|-singleturn|p2a: Noctowl|move: Roost\n|move|p1a: Basculegion|Hydro Pump|p2a: Noctowl\n|-damage|p2a: Noctowl|130/344\n|\n|upkeep\n|turn|10\n|inactive|Time left: 300 sec this turn | 300 sec total\n|\n|t:|1783399799\n|move|p2a: Noctowl|Roost|p2a: Noctowl\n|-heal|p2a: Noctowl|302/344\n|-singleturn|p2a: Noctowl|move: Roost\n|move|p1a: Basculegion|Hydro Pump|p2a: Noctowl\n|-damage|p2a: Noctowl|100/344\n|\n|upkeep\n|turn|11\n|inactive|Time left: 300 sec this turn | 300 sec total\n|\n|t:|1783399799\n|move|p2a: Noctowl|Hurricane|p1a: Basculegion\n|-damage|p1a: Basculegion|0 fnt\n|faint|p1a: Basculegion\n|\n|upkeep\n|\n|t:|1783399799\n|switch|p1a: Tauros|Tauros-Paldea-Blaze, L81, M|100/100\n|turn|12\n|inactive|Time left: 300 sec this turn | 300 sec total\n|\n|t:|1783399799\n|switch|p2a: Eternatus|Eternatus, L69|308/308\n|-ability|p2a: Eternatus|Pressure\n|move|p1a: Tauros|Raging Bull|p2a: Eternatus\n|-resisted|p2a: Eternatus\n|-damage|p2a: Eternatus|253/308\n|\n|upkeep\n|turn|13\n|inactive|Time left: 300 sec this turn | 300 sec total\n|\n|t:|1783399800\n|switch|p1a: Sinistcha|Sinistcha, L83, tera:Steel|52/100\n|move|p2a: Eternatus|Meteor Beam||[still]\n|-prepare|p2a: Eternatus|Meteor Beam\n|-boost|p2a: Eternatus|spa|1\n|-enditem|p2a: Eternatus|Power Herb\n|-anim|p2a: Eternatus|Meteor Beam|p1a: Sinistcha|[miss]\n|-miss|p2a: Eternatus|p1a: Sinistcha\n|\n|-heal|p1a: Sinistcha|58/100|[from] item: Leftovers\n|upkeep\n|turn|14\n|inactive|Time left: 300 sec this turn | 300 sec total\n|\n|t:|1783399800\n|move|p2a: Eternatus|Fire Blast|p1a: Sinistcha\n|-supereffective|p1a: Sinistcha\n|-crit|p1a: Sinistcha\n|-damage|p1a: Sinistcha|0 fnt\n|faint|p1a: Sinistcha\n|\n|upkeep\n|\n|t:|1783399800\n|switch|p1a: Cryogonal|Cryogonal, L89|100/100\n|turn|15\n|inactive|Time left: 300 sec this turn | 300 sec total\n|\n|t:|1783399800\n|switch|p2a: Grafaiai|Grafaiai, L86, F|249/249\n|move|p1a: Cryogonal|Ice Beam|p2a: Grafaiai\n|-damage|p2a: Grafaiai|132/249\n|\n|upkeep\n|turn|16\n|inactive|Time left: 300 sec this turn | 300 sec total\n|\n|t:|1783399801\n|move|p2a: Grafaiai|Low Kick|p1a: Cryogonal\n|-supereffective|p1a: Cryogonal\n|-damage|p1a: Cryogonal|12/100\n|-damage|p2a: Grafaiai|108/249|[from] item: Life Orb\n|move|p1a: Cryogonal|Ice Beam|p2a: Grafaiai\n|-damage|p2a: Grafaiai|0 fnt\n|faint|p2a: Grafaiai\n|\n|upkeep\n|inactive|Time left: 300 sec this turn | 300 sec total | 5 sec grace\n|\n|t:|1783399801\n|switch|p2a: Ribombee|Ribombee, L83, M|235/235\n|turn|17\n|inactive|Time left: 300 sec this turn | 300 sec total\n|\n|t:|1783399801\n|switch|p1a: Heatran|Heatran, L79, M|100/100\n|-item|p1a: Heatran|Air Balloon\n|move|p2a: Ribombee|U-turn|p1a: Heatran\n|-resisted|p1a: Heatran\n|-damage|p1a: Heatran|97/100\n|-enditem|p1a: Heatran|Air Balloon\n|inactive|Time left: 300 sec this turn | 300 sec total | 5 sec grace\n|\n|t:|1783399801\n|switch|p2a: Electivire|Electivire, L84, M|263/263|[from] U-turn\n|\n|upkeep\n|turn|18\n|inactive|Time left: 300 sec this turn | 300 sec total\n|\n|t:|1783399802\n|switch|p1a: Cryogonal|Cryogonal, L89|12/100\n|move|p2a: Electivire|Earthquake|p1a: Cryogonal\n|-immune|p1a: Cryogonal|[from] ability: Levitate\n|\n|upkeep\n|turn|19\n|inactive|Time left: 300 sec this turn | 300 sec total\n|\n|t:|1783399802\n|move|p1a: Cryogonal|Recover|p1a: Cryogonal\n|-heal|p1a: Cryogonal|62/100\n|move|p2a: Electivire|Supercell Slam|p1a: Cryogonal\n|-crit|p1a: Cryogonal\n|-damage|p1a: Cryogonal|0 fnt\n|faint|p1a: Cryogonal\n|-damage|p2a: Electivire|237/263|[from] item: Life Orb\n|\n|upkeep\n|\n|t:|1783399802\n|switch|p1a: Tauros|Tauros-Paldea-Blaze, L81, M|100/100\n|turn|20\n|inactive|Time left: 300 sec this turn | 300 sec total\n|\n|t:|1783399802\n|move|p1a: Tauros|Bulk Up|p1a: Tauros\n|-boost|p1a: Tauros|atk|1\n|-boost|p1a: Tauros|def|1\n|move|p2a: Electivire|Volt Switch|p1a: Tauros\n|-damage|p1a: Tauros|58/100\n|-damage|p2a: Electivire|211/263|[from] item: Life Orb\n|inactive|Time left: 300 sec this turn | 300 sec total | 5 sec grace\n|\n|t:|1783399803\n|switch|p2a: Eternatus|Eternatus, L69|253/308|[from] Volt Switch\n|-ability|p2a: Eternatus|Pressure\n|\n|upkeep\n|turn|21\n|inactive|Time left: 300 sec this turn | 300 sec total\n|\n|t:|1783399803\n|switch|p1a: Heatran|Heatran, L79, M|97/100\n|move|p2a: Eternatus|Dynamax Cannon|p1a: Heatran\n|-resisted|p1a: Heatran\n|-damage|p1a: Heatran|80/100\n|\n|upkeep\n|turn|22\n|inactive|Time left: 300 sec this turn | 300 sec total\n|\n|t:|1783399803\n|move|p2a: Eternatus|Meteor Beam||[still]\n|-prepare|p2a: Eternatus|Meteor Beam\n|-boost|p2a: Eternatus|spa|1\n|move|p1a: Heatran|Earth Power|p2a: Eternatus\n|-supereffective|p2a: Eternatus\n|-damage|p2a: Eternatus|97/308\n|\n|upkeep\n|turn|23\n|inactive|Time left: 300 sec this turn | 300 sec total\n|\n|t:|1783399803\n|move|p2a: Eternatus|Meteor Beam|p1a: Heatran|[from] lockedmove|[miss]\n|-miss|p2a: Eternatus|p1a: Heatran\n|move|p1a: Heatran|Stealth Rock|p2a: Eternatus\n|-sidestart|p2: p0y012f0b6|move: Stealth Rock\n|\n|upkeep\n|turn|24\n|inactive|Time left: 300 sec this turn | 300 sec total\n|\n|t:|1783399804\n|move|p2a: Eternatus|Dynamax Cannon|p1a: Heatran\n|-resisted|p1a: Heatran\n|-damage|p1a: Heatran|54/100\n|move|p1a: Heatran|Magma Storm|p2a: Eternatus\n|-resisted|p2a: Eternatus\n|-damage|p2a: Eternatus|28/308\n|-activate|p2a: Eternatus|move: Magma Storm|[of] p1a: Heatran\n|\n|-damage|p2a: Eternatus|0 fnt|[from] move: Magma Storm|[partiallytrapped]\n|faint|p2a: Eternatus\n|upkeep\n|inactive|Time left: 300 sec this turn | 300 sec total | 5 sec grace\n|\n|t:|1783399804\n|switch|p2a: Noctowl|Noctowl, L95, F|100/344\n|turn|25\n|inactive|Time left: 300 sec this turn | 300 sec total\n|\n|t:|1783399804\n|move|p2a: Noctowl|Roost|p2a: Noctowl\n|-heal|p2a: Noctowl|272/344\n|-singleturn|p2a: Noctowl|move: Roost\n|move|p1a: Heatran|Heavy Slam|p2a: Noctowl\n|-damage|p2a: Noctowl|145/344\n|\n|upkeep\n|turn|26\n|inactive|Time left: 300 sec this turn | 300 sec total\n|\n|t:|1783399804\n|move|p2a: Noctowl|Roost|p2a: Noctowl\n|-heal|p2a: Noctowl|317/344\n|-singleturn|p2a: Noctowl|move: Roost\n|move|p1a: Heatran|Magma Storm|p2a: Noctowl\n|-damage|p2a: Noctowl|218/344\n|-activate|p2a: Noctowl|move: Magma Storm|[of] p1a: Heatran\n|\n|-damage|p2a: Noctowl|175/344|[from] move: Magma Storm|[partiallytrapped]\n|upkeep\n|turn|27\n|inactive|Time left: 300 sec this turn | 300 sec total\n|\n|t:|1783399805\n|move|p2a: Noctowl|Roost|p2a: Noctowl\n|-heal|p2a: Noctowl|344/344\n|-singleturn|p2a: Noctowl|move: Roost\n|move|p1a: Heatran|Heavy Slam|p2a: Noctowl\n|-damage|p2a: Noctowl|196/344\n|\n|-damage|p2a: Noctowl|153/344|[from] move: Magma Storm|[partiallytrapped]\n|upkeep\n|turn|28\n|inactive|Time left: 300 sec this turn | 300 sec total\n|\n|t:|1783399805\n|move|p2a: Noctowl|Roost|p2a: Noctowl\n|-heal|p2a: Noctowl|325/344\n|-singleturn|p2a: Noctowl|move: Roost\n|move|p1a: Heatran|Heavy Slam|p2a: Noctowl\n|-damage|p2a: Noctowl|198/344\n|\n|-damage|p2a: Noctowl|155/344|[from] move: Magma Storm|[partiallytrapped]\n|upkeep\n|turn|29\n|inactive|Time left: 300 sec this turn | 300 sec total\n|\n|t:|1783399805\n|move|p2a: Noctowl|Roost|p2a: Noctowl\n|-heal|p2a: Noctowl|327/344\n|-singleturn|p2a: Noctowl|move: Roost\n|move|p1a: Heatran|Heavy Slam|p2a: Noctowl\n|-damage|p2a: Noctowl|180/344\n|\n|-damage|p2a: Noctowl|137/344|[from] move: Magma Storm|[partiallytrapped]\n|upkeep\n|turn|30\n|inactive|Time left: 300 sec this turn | 300 sec total\n|\n|t:|1783399805\n|move|p2a: Noctowl|Roost|p2a: Noctowl\n|-heal|p2a: Noctowl|309/344\n|-singleturn|p2a: Noctowl|move: Roost\n|move|p1a: Heatran|Heavy Slam|p2a: Noctowl\n|-damage|p2a: Noctowl|173/344\n|\n|-damage|p2a: Noctowl|130/344|[from] move: Magma Storm|[partiallytrapped]\n|upkeep\n|turn|31\n|inactive|Time left: 300 sec this turn | 300 sec total\n|\n|t:|1783399806\n|move|p2a: Noctowl|Hurricane|p1a: Heatran\n|-resisted|p1a: Heatran\n|-damage|p1a: Heatran|5/100\n|-start|p1a: Heatran|confusion\n|-activate|p1a: Heatran|confusion\n|move|p1a: Heatran|Heavy Slam|p2a: Noctowl\n|-damage|p2a: Noctowl|0 fnt\n|faint|p2a: Noctowl\n|\n|upkeep\n|inactive|Time left: 300 sec this turn | 300 sec total | 5 sec grace\n|\n|t:|1783399806\n|switch|p2a: Flapple|Flapple, L88, F|73/266\n|-damage|p2a: Flapple|40/266|[from] Stealth Rock\n|turn|32\n|inactive|Time left: 300 sec this turn | 300 sec total\n|\n|t:|1783399806\n|move|p2a: Flapple|Dragon Dance|p2a: Flapple\n|-boost|p2a: Flapple|atk|1\n|-boost|p2a: Flapple|spe|1\n|-end|p1a: Heatran|confusion\n|move|p1a: Heatran|Heavy Slam|p2a: Flapple\n|-damage|p2a: Flapple|0 fnt\n|faint|p2a: Flapple\n|\n|upkeep\n|inactive|Time left: 300 sec this turn | 300 sec total | 5 sec grace\n|\n|t:|1783399806\n|switch|p2a: Ribombee|Ribombee, L83, M|235/235\n|turn|33\n|inactive|Time left: 300 sec this turn | 300 sec total\n|\n|t:|1783399807\n|move|p2a: Ribombee|Moonblast|p1a: Heatran\n|-resisted|p1a: Heatran\n|-crit|p1a: Heatran\n|-damage|p1a: Heatran|0 fnt\n|faint|p1a: Heatran\n|\n|upkeep\n|\n|t:|1783399807\n|switch|p1a: Tauros|Tauros-Paldea-Blaze, L81, M|58/100\n|turn|34\n|inactive|Time left: 300 sec this turn | 300 sec total\n|\n|t:|1783399807\n|-terastallize|p2a: Ribombee|Ghost\n|move|p2a: Ribombee|Moonblast|p1a: Tauros\n|-damage|p1a: Tauros|7/100\n|-enditem|p1a: Tauros|Sitrus Berry|[eat]\n|-heal|p1a: Tauros|32/100|[from] item: Sitrus Berry\n|move|p1a: Tauros|Raging Bull|p2a: Ribombee\n|-damage|p2a: Ribombee|102/235\n|\n|upkeep\n|turn|35\n|inactive|Time left: 300 sec this turn | 300 sec total\n|\n|t:|1783399807\n|switch|p1a: Lanturn|Lanturn, L89, F|100/100\n|move|p2a: Ribombee|Moonblast|p1a: Lanturn\n|-damage|p1a: Lanturn|74/100\n|-unboost|p1a: Lanturn|spa|1\n|\n|-heal|p1a: Lanturn|80/100|[from] item: Leftovers\n|upkeep\n|turn|36\n|inactive|Time left: 300 sec this turn | 300 sec total\n|\n|t:|1783399807\n|move|p2a: Ribombee|Sticky Web|p1a: Lanturn\n|-sidestart|p1: p0x0128c75|move: Sticky Web\n|move|p1a: Lanturn|Thunder Wave|p2a: Ribombee\n|-status|p2a: Ribombee|par\n|\n|-heal|p1a: Lanturn|86/100|[from] item: Leftovers\n|upkeep\n|turn|37\n|inactive|Time left: 300 sec this turn | 300 sec total\n|\n|t:|1783399808\n|switch|p1a: Tauros|Tauros-Paldea-Blaze, L81, M|32/100\n|-activate|p1a: Tauros|move: Sticky Web\n|-unboost|p1a: Tauros|spe|1\n|move|p2a: Ribombee|U-turn|p1a: Tauros\n|-resisted|p1a: Tauros\n|-damage|p1a: Tauros|27/100\n|inactive|Time left: 300 sec this turn | 300 sec total | 5 sec grace\n|\n|t:|1783399808\n|switch|p2a: Electivire|Electivire, L84, M|211/263|[from] U-turn\n|-damage|p2a: Electivire|179/263|[from] Stealth Rock\n|\n|upkeep\n|turn|38\n|inactive|Time left: 300 sec this turn | 300 sec total\n|\n|t:|1783399808\n|move|p2a: Electivire|Earthquake|p1a: Tauros\n|-supereffective|p1a: Tauros\n|-damage|p1a: Tauros|0 fnt\n|faint|p1a: Tauros\n|-damage|p2a: Electivire|153/263|[from] item: Life Orb\n|\n|upkeep\n|\n|t:|1783399808\n|switch|p1a: Lanturn|Lanturn, L89, F|86/100\n|-activate|p1a: Lanturn|move: Sticky Web\n|-unboost|p1a: Lanturn|spe|1\n|turn|39\n|inactive|Time left: 300 sec this turn | 300 sec total\n|\n|t:|1783399809\n|move|p2a: Electivire|Earthquake|p1a: Lanturn\n|-supereffective|p1a: Lanturn\n|-damage|p1a: Lanturn|7/100\n|-damage|p2a: Electivire|127/263|[from] item: Life Orb\n|move|p1a: Lanturn|Ice Beam|p2a: Electivire\n|-damage|p2a: Electivire|66/263\n|\n|-heal|p1a: Lanturn|13/100|[from] item: Leftovers\n|upkeep\n|turn|40\n|inactive|Time left: 300 sec this turn | 300 sec total\n|\n|t:|1783399809\n|move|p2a: Electivire|Earthquake|p1a: Lanturn\n|-supereffective|p1a: Lanturn\n|-damage|p1a: Lanturn|0 fnt\n|faint|p1a: Lanturn\n|-damage|p2a: Electivire|40/263|[from] item: Life Orb\n|\n|win|p0y012f0b6", "uploadtime": 1783399809, "views": 0, "rating": 0, "private": 0, "password": null, "_winner": "p0y012f0b6", "_our_name": "p0y012f0b6"}