{"id": "battle-gen9randombattle-21", "formatid": "gen9randombattle", "format": "[Gen 9] Random Battle", "players": ["p0x021572d", "p0y0211d16"], "log": "|init|battle\n|title|p0x021572d vs. p0y0211d16\n|j|\u2606p0x021572d\n|j|\u2606p0y0211d16\n|t:|1783399963\n|gametype|singles\n|player|p1|p0x021572d|170|\n|player|p2|p0y0211d16|2|\n|gen|9\n|tier|[Gen 9] Random Battle\n|rule|Species Clause: Limit one of each Pok\u00e9mon\n|rule|HP Percentage Mod: HP is shown in percentages\n|rule|Sleep Clause Mod: Limit one foe put to sleep\n|rule|Illusion Level Mod: Illusion disguises the Pok\u00e9mon's true level\n|\n|t:|1783399963\n|teamsize|p1|6\n|teamsize|p2|6\n|start\n|switch|p1a: Farigiraf|Farigiraf, L90, F|362/362\n|switch|p2a: Kyogre|Kyogre, L71|100/100\n|-weather|RainDance|[from] ability: Drizzle|[of] p2a: Kyogre\n|turn|1\n|inactive|Battle timer is ON: inactive players will automatically lose when time's up. (requested by p0x021572d)\n|inactive|p0y0211d16 also wants the timer to be on.\n|\n|t:|1783399963\n|move|p2a: Kyogre|Calm Mind|p2a: Kyogre\n|-boost|p2a: Kyogre|spa|1\n|-boost|p2a: Kyogre|spd|1\n|move|p1a: Farigiraf|Body Slam|p2a: Kyogre\n|-damage|p2a: Kyogre|57/100\n|-status|p2a: Kyogre|par\n|\n|-weather|RainDance|[upkeep]\n|-heal|p2a: Kyogre|63/100 par|[from] item: Leftovers\n|upkeep\n|turn|2\n|inactive|Time left: 300 sec this turn | 300 sec total\n|\n|t:|1783399963\n|move|p1a: Farigiraf|Body Slam|p2a: Kyogre\n|-damage|p2a: Kyogre|21/100 par\n|move|p2a: Kyogre|Origin Pulse|p1a: Farigiraf\n|-crit|p1a: Farigiraf\n|-damage|p1a: Farigiraf|0 fnt\n|faint|p1a: Farigiraf\n|\n|-weather|RainDance|[upkeep]\n|-heal|p2a: Kyogre|27/100 par|[from] item: Leftovers\n|upkeep\n|inactive|Time left: 300 sec this turn | 300 sec total | 5 sec grace\n|\n|t:|1783399964\n|switch|p1a: Raging Bolt|Raging Bolt, L78|323/323\n|turn|3\n|inactive|Time left: 300 sec this turn | 300 sec total\n|\n|t:|1783399964\n|switch|p2a: Plusle|Plusle, L95, M|100/100\n|move|p1a: Raging Bolt|Thunderbolt|p2a: Plusle\n|-ability|p2a: Plusle|Lightning Rod|boost\n|-boost|p2a: Plusle|spa|1\n|\n|-weather|RainDance|[upkeep]\n|upkeep\n|turn|4\n|inactive|Time left: 300 sec this turn | 300 sec total\n|\n|t:|1783399964\n|-end|p1a: Raging Bolt|Protosynthesis|[silent]\n|switch|p1a: Florges|Florges-Blue, L85, F|271/271\n|move|p2a: Plusle|Alluring Voice|p1a: Florges\n|-damage|p1a: Florges|187/271\n|-damage|p2a: Plusle|91/100|[from] item: Life Orb\n|\n|-weather|RainDance|[upkeep]\n|-heal|p1a: Florges|203/271|[from] item: Leftovers\n|upkeep\n|turn|5\n|inactive|Time left: 300 sec this turn | 300 sec total\n|\n|t:|1783399964\n|move|p2a: Plusle|Thunderbolt|p1a: Florges\n|-damage|p1a: Florges|69/271\n|-damage|p2a: Plusle|81/100|[from] item: Life Orb\n|move|p1a: Florges|Moonblast|p2a: Plusle\n|-damage|p2a: Plusle|39/100\n|\n|-weather|none\n|-heal|p1a: Florges|85/271|[from] item: Leftovers\n|upkeep\n|turn|6\n|inactive|Time left: 300 sec this turn | 300 sec total\n|\n|t:|1783399965\n|move|p2a: Plusle|Thunderbolt|p1a: Florges\n|-damage|p1a: Florges|0 fnt\n|faint|p1a: Florges\n|-damage|p2a: Plusle|30/100|[from] item: Life Orb\n|\n|upkeep\n|inactive|Time left: 300 sec this turn | 300 sec total | 5 sec grace\n|\n|t:|1783399965\n|switch|p1a: Gothitelle|Gothitelle, L90, F|272/272\n|turn|7\n|inactive|Time left: 300 sec this turn | 300 sec total\n|\n|t:|1783399965\n|move|p1a: Gothitelle|Psychic|p2a: Plusle\n|-damage|p2a: Plusle|0 fnt\n|faint|p2a: Plusle\n|\n|upkeep\n|\n|t:|1783399965\n|switch|p2a: Arboliva|Arboliva, L91, M|100/100\n|turn|8\n|inactive|Time left: 300 sec this turn | 300 sec total\n|\n|t:|1783399966\n|move|p1a: Gothitelle|Psychic|p2a: Arboliva\n|-damage|p2a: Arboliva|73/100\n|-fieldstart|move: Grassy Terrain|[from] ability: Seed Sower|[of] p2a: Arboliva\n|move|p2a: Arboliva|Hyper Voice|p1a: Gothitelle\n|-damage|p1a: Gothitelle|167/272\n|\n|-heal|p1a: Gothitelle|184/272|[from] Grassy Terrain\n|-heal|p2a: Arboliva|79/100|[from] Grassy Terrain\n|-heal|p2a: Arboliva|85/100|[from] item: Leftovers\n|upkeep\n|turn|9\n|inactive|Time left: 300 sec this turn | 300 sec total\n|\n|t:|1783399966\n|switch|p1a: Masquerain|Masquerain, L87, F|264/264\n|-ability|p1a: Masquerain|Intimidate|boost\n|-unboost|p2a: Arboliva|atk|1\n|move|p2a: Arboliva|Strength Sap|p1a: Masquerain\n|-unboost|p1a: Masquerain|atk|1\n|-heal|p2a: Arboliva|100/100\n|\n|upkeep\n|turn|10\n|inactive|Time left: 300 sec this turn | 300 sec total\n|\n|t:|1783399966\n|switch|p2a: Ampharos|Ampharos, L88, F|100/100\n|move|p1a: Masquerain|Quiver Dance|p1a: Masquerain\n|-boost|p1a: Masquerain|spa|1\n|-boost|p1a: Masquerain|spd|1\n|-boost|p1a: Masquerain|spe|1\n|\n|upkeep\n|turn|11\n|inactive|Time left: 300 sec this turn | 300 sec total\n|\n|t:|1783399966\n|move|p1a: Masquerain|Quiver Dance|p1a: Masquerain\n|-boost|p1a: Masquerain|spa|1\n|-boost|p1a: Masquerain|spd|1\n|-boost|p1a: Masquerain|spe|1\n|move|p2a: Ampharos|Discharge|p1a: Masquerain\n|-supereffective|p1a: Masquerain\n|-damage|p1a: Masquerain|150/264\n|\n|upkeep\n|turn|12\n|inactive|Time left: 300 sec this turn | 300 sec total\n|\n|t:|1783399967\n|move|p1a: Masquerain|Bug Buzz|p2a: Ampharos\n|-damage|p2a: Ampharos|56/100\n|move|p2a: Ampharos|Discharge|p1a: Masquerain\n|-supereffective|p1a: Masquerain\n|-damage|p1a: Masquerain|46/264\n|\n|-heal|p2a: Ampharos|62/100|[from] Grassy Terrain\n|-fieldend|move: Grassy Terrain\n|upkeep\n|turn|13\n|inactive|Time left: 300 sec this turn | 300 sec total\n|\n|t:|1783399967\n|move|p1a: Masquerain|Bug Buzz|p2a: Ampharos\n|-damage|p2a: Ampharos|20/100\n|move|p2a: Ampharos|Volt Switch|p1a: Masquerain\n|-supereffective|p1a: Masquerain\n|-damage|p1a: Masquerain|0 fnt\n|faint|p1a: Masquerain\n|\n|t:|1783399967\n|switch|p2a: Arboliva|Arboliva, L91, M|100/100|[from] Volt Switch\n|\n|upkeep\n|inactive|Time left: 300 sec this turn | 300 sec total | 10 sec grace\n|\n|t:|1783399967\n|switch|p1a: Raging Bolt|Raging Bolt, L78|323/323\n|turn|14\n|inactive|Time left: 300 sec this turn | 300 sec total\n|\n|t:|1783399968\n|-terastallize|p2a: Arboliva|Ground\n|move|p1a: Raging Bolt|Calm Mind|p1a: Raging Bolt\n|-boost|p1a: Raging Bolt|spa|1\n|-boost|p1a: Raging Bolt|spd|1\n|move|p2a: Arboliva|Earth Power|p1a: Raging Bolt\n|-supereffective|p1a: Raging Bolt\n|-damage|p1a: Raging Bolt|119/323\n|\n|-heal|p1a: Raging Bolt|139/323|[from] item: Leftovers\n|upkeep\n|turn|15\n|inactive|Time left: 300 sec this turn | 300 sec total\n|\n|t:|1783399968\n|move|p1a: Raging Bolt|Draco Meteor|p2a: Arboliva\n|-damage|p2a: Arboliva|32/100\n|-unboost|p1a: Raging Bolt|spa|2\n|-fieldstart|move: Grassy Terrain|[from] ability: Seed Sower|[of] p2a: Arboliva\n|move|p2a: Arboliva|Earth Power|p1a: Raging Bolt\n|-supereffective|p1a: Raging Bolt\n|-damage|p1a: Raging Bolt|0 fnt\n|faint|p1a: Raging Bolt\n|-end|p1a: Raging Bolt|Protosynthesis|[silent]\n|\n|-heal|p2a: Arboliva|38/100|[from] Grassy Terrain\n|-heal|p2a: Arboliva|45/100|[from] item: Leftovers\n|upkeep\n|inactive|Time left: 300 sec this turn | 300 sec total | 5 sec grace\n|\n|t:|1783399968\n|switch|p1a: Bastiodon|Bastiodon, L89, M|252/252\n|turn|16\n|inactive|Time left: 300 sec this turn | 300 sec total\n|\n|t:|1783399968\n|-terastallize|p1a: Bastiodon|Fighting\n|move|p2a: Arboliva|Strength Sap|p1a: Bastiodon\n|-unboost|p1a: Bastiodon|atk|1\n|-heal|p2a: Arboliva|78/100\n|move|p1a: Bastiodon|Iron Defense|p1a: Bastiodon\n|-boost|p1a: Bastiodon|def|2\n|\n|-heal|p2a: Arboliva|84/100|[from] Grassy Terrain\n|-heal|p2a: Arboliva|90/100|[from] item: Leftovers\n|upkeep\n|turn|17\n|inactive|Time left: 300 sec this turn | 300 sec total\n|\n|t:|1783399969\n|switch|p2a: Ampharos|Ampharos, L88, F|20/100\n|move|p1a: Bastiodon|Body Press|p2a: Ampharos\n|-damage|p2a: Ampharos|0 fnt\n|faint|p2a: Ampharos\n|\n|upkeep\n|\n|t:|1783399969\n|switch|p2a: Venusaur|Venusaur, L84, M|100/100\n|turn|18\n|inactive|Time left: 300 sec this turn | 300 sec total\n|\n|t:|1783399969\n|move|p2a: Venusaur|Knock Off|p1a: Bastiodon\n|-resisted|p1a: Bastiodon\n|-crit|p1a: Bastiodon\n|-damage|p1a: Bastiodon|224/252\n|-enditem|p1a: Bastiodon|Chesto Berry|[from] move: Knock Off|[of] p2a: Venusaur\n|move|p1a: Bastiodon|Body Press|p2a: Venusaur\n|-resisted|p2a: Venusaur\n|-damage|p2a: Venusaur|49/100\n|\n|-heal|p2a: Venusaur|55/100|[from] Grassy Terrain\n|-heal|p2a: Venusaur|61/100|[from] item: Leftovers\n|-heal|p1a: Bastiodon|239/252|[from] Grassy Terrain\n|upkeep\n|turn|19\n|inactive|Time left: 300 sec this turn | 300 sec total\n|\n|t:|1783399969\n|move|p2a: Venusaur|Sleep Powder|p1a: Bastiodon\n|-status|p1a: Bastiodon|slp|[from] move: Sleep Powder\n|cant|p1a: Bastiodon|slp\n|\n|-heal|p2a: Venusaur|67/100|[from] Grassy Terrain\n|-heal|p2a: Venusaur|74/100|[from] item: Leftovers\n|-heal|p1a: Bastiodon|252/252 slp|[from] Grassy Terrain\n|-fieldend|move: Grassy Terrain\n|upkeep\n|turn|20\n|inactive|Time left: 300 sec this turn | 300 sec total\n|\n|t:|1783399970\n|move|p2a: Venusaur|Sludge Bomb|p1a: Bastiodon\n|-damage|p1a: Bastiodon|185/252 slp\n|-curestatus|p1a: Bastiodon|slp|[msg]\n|move|p1a: Bastiodon|Body Press|p2a: Venusaur\n|-resisted|p2a: Venusaur\n|-damage|p2a: Venusaur|13/100\n|\n|-heal|p2a: Venusaur|20/100|[from] item: Leftovers\n|upkeep\n|turn|21\n|inactive|Time left: 300 sec this turn | 300 sec total\n|\n|t:|1783399970\n|move|p2a: Venusaur|Synthesis|p2a: Venusaur\n|-heal|p2a: Venusaur|70/100\n|move|p1a: Bastiodon|Body Press|p2a: Venusaur\n|-resisted|p2a: Venusaur\n|-damage|p2a: Venusaur|12/100\n|\n|-heal|p2a: Venusaur|18/100|[from] item: Leftovers\n|upkeep\n|turn|22\n|inactive|Time left: 300 sec this turn | 300 sec total\n|\n|t:|1783399970\n|move|p2a: Venusaur|Sleep Powder|p1a: Bastiodon|[miss]\n|-miss|p2a: Venusaur|p1a: Bastiodon\n|move|p1a: Bastiodon|Body Press|p2a: Venusaur\n|-resisted|p2a: Venusaur\n|-damage|p2a: Venusaur|0 fnt\n|faint|p2a: Venusaur\n|\n|upkeep\n|\n|t:|1783399970\n|switch|p2a: Kyogre|Kyogre, L71|27/100 par\n|-weather|RainDance|[from] ability: Drizzle|[of] p2a: Kyogre\n|turn|23\n|inactive|Time left: 300 sec this turn | 300 sec total\n|\n|t:|1783399971\n|move|p1a: Bastiodon|Body Press|p2a: Kyogre\n|-damage|p2a: Kyogre|0 fnt\n|faint|p2a: Kyogre\n|\n|-weather|RainDance|[upkeep]\n|upkeep\n|\n|t:|1783399971\n|switch|p2a: Arboliva|Arboliva, L91, M, tera:Ground|90/100\n|turn|24\n|inactive|Time left: 300 sec this turn | 300 sec total\n|\n|t:|1783399971\n|move|p2a: Arboliva|Earth Power|p1a: Bastiodon\n|-damage|p1a: Bastiodon|98/252\n|move|p1a: Bastiodon|Body Press|p2a: Arboliva\n|-damage|p2a: Arboliva|0 fnt\n|-fieldstart|move: Grassy Terrain|[from] ability: Seed Sower|[of] p2a: Arboliva\n|faint|p2a: Arboliva\n|\n|-weather|RainDance|[upkeep]\n|-heal|p1a: Bastiodon|113/252|[from] Grassy Terrain\n|upkeep\n|\n|t:|1783399971\n|switch|p2a: Gyarados|Gyarados, L79, F|100/100\n|turn|25\n|inactive|Time left: 300 sec this turn | 300 sec total\n|\n|t:|1783399972\n|move|p2a: Gyarados|Waterfall|p1a: Bastiodon\n|-damage|p1a: Bastiodon|76/252\n|move|p1a: Bastiodon|Body Press|p2a: Gyarados\n|-resisted|p2a: Gyarados\n|-damage|p2a: Gyarados|45/100\n|\n|-weather|RainDance|[upkeep]\n|-heal|p1a: Bastiodon|91/252|[from] Grassy Terrain\n|upkeep\n|turn|26\n|inactive|Time left: 300 sec this turn | 300 sec total\n|\n|t:|1783399972\n|move|p2a: Gyarados|Waterfall|p1a: Bastiodon\n|-damage|p1a: Bastiodon|48/252\n|move|p1a: Bastiodon|Body Press|p2a: Gyarados\n|-resisted|p2a: Gyarados\n|-damage|p2a: Gyarados|0 fnt\n|faint|p2a: Gyarados\n|\n|win|p0x021572d", "uploadtime": 1783399972, "views": 0, "rating": 0, "private": 0, "password": null, "_winner": "p0x021572d", "_our_name": "p0x021572d"}p2a: Gyarados\n|-damage|p2a: Gyarados|0 fnt\n|faint|p2a: Gyarados\n|\n|win|p0x021572d", "uploadtime": 1783399972, "views": 0, "rating": 0, "private": 0, "password": null, "_winner": "p0x021572d", "_our_name": "p0y0211d16"}