{"id": "battle-gen9randombattle-26", "formatid": "gen9randombattle", "format": "[Gen 9] Random Battle", "players": ["p0x02699cb", "p0y026479e"], "log": "|init|battle\n|title|p0x02699cb vs. p0y026479e\n|j|\u2606p0x02699cb\n|j|\u2606p0y026479e\n|t:|1783400044\n|gametype|singles\n|player|p1|p0x02699cb|102|\n|player|p2|p0y026479e|169|\n|gen|9\n|tier|[Gen 9] Random Battle\n|rule|Species Clause: Limit one of each Pok\u00e9mon\n|rule|HP Percentage Mod: HP is shown in percentages\n|rule|Sleep Clause Mod: Limit one foe put to sleep\n|rule|Illusion Level Mod: Illusion disguises the Pok\u00e9mon's true level\n|\n|t:|1783400044\n|teamsize|p1|6\n|teamsize|p2|6\n|start\n|switch|p1a: Quagsire|Quagsire, L84, F|100/100\n|switch|p2a: Deoxys|Deoxys-Attack, L72|191/191\n|-ability|p2a: Deoxys|Pressure\n|turn|1\n|inactive|Battle timer is ON: inactive players will automatically lose when time's up. (requested by p0y026479e)\n|inactive|p0x02699cb also wants the timer to be on.\n|\n|t:|1783400045\n|switch|p2a: Zangoose|Zangoose, L85, F|263/263\n|move|p1a: Quagsire|Earthquake|p2a: Zangoose\n|-damage|p2a: Zangoose|148/263\n|\n|-status|p2a: Zangoose|tox|[from] item: Toxic Orb\n|upkeep\n|turn|2\n|inactive|Time left: 300 sec this turn | 300 sec total\n|\n|t:|1783400045\n|move|p2a: Zangoose|Knock Off|p1a: Quagsire\n|-damage|p1a: Quagsire|62/100\n|-enditem|p1a: Quagsire|Leftovers|[from] move: Knock Off|[of] p2a: Zangoose\n|move|p1a: Quagsire|Earthquake|p2a: Zangoose\n|-damage|p2a: Zangoose|27/263 tox\n|\n|-damage|p2a: Zangoose|11/263 tox|[from] psn\n|upkeep\n|turn|3\n|inactive|Time left: 300 sec this turn | 300 sec total\n|\n|t:|1783400045\n|switch|p1a: Klefki|Klefki, L84, M|100/100\n|move|p2a: Zangoose|Facade|p1a: Klefki\n|-resisted|p1a: Klefki\n|-damage|p1a: Klefki|46/100\n|\n|-heal|p1a: Klefki|52/100|[from] item: Leftovers\n|-damage|p2a: Zangoose|0 fnt|[from] psn\n|faint|p2a: Zangoose\n|upkeep\n|inactive|Time left: 300 sec this turn | 300 sec total | 5 sec grace\n|\n|t:|1783400045\n|switch|p2a: Cinderace|Cinderace, L77, F|249/249\n|turn|4\n|inactive|Time left: 300 sec this turn | 300 sec total\n|\n|t:|1783400046\n|switch|p1a: Noivern|Noivern, L82, F|100/100\n|move|p2a: Cinderace|Pyro Ball|p1a: Noivern\n|-resisted|p1a: Noivern\n|-damage|p1a: Noivern|66/100\n|\n|upkeep\n|turn|5\n|inactive|Time left: 300 sec this turn | 300 sec total\n|\n|t:|1783400046\n|move|p1a: Noivern|Boomburst|p2a: Cinderace\n|-damage|p2a: Cinderace|68/249\n|move|p2a: Cinderace|Pyro Ball|p1a: Noivern\n|-resisted|p1a: Noivern\n|-damage|p1a: Noivern|29/100\n|\n|upkeep\n|turn|6\n|inactive|Time left: 300 sec this turn | 300 sec total\n|\n|t:|1783400046\n|switch|p2a: Slowbro|Slowbro, L85, M|300/300\n|move|p1a: Noivern|Boomburst|p2a: Slowbro\n|-damage|p2a: Slowbro|207/300\n|\n|upkeep\n|turn|7\n|inactive|Time left: 300 sec this turn | 300 sec total\n|\n|t:|1783400046\n|switch|p2a: Skarmory|Skarmory, L80, M|235/235\n|move|p1a: Noivern|Boomburst|p2a: Skarmory\n|-resisted|p2a: Skarmory\n|-damage|p2a: Skarmory|143/235\n|\n|-heal|p2a: Skarmory|157/235|[from] item: Leftovers\n|upkeep\n|turn|8\n|inactive|Time left: 300 sec this turn | 300 sec total\n|\n|t:|1783400047\n|move|p1a: Noivern|Boomburst|p2a: Skarmory\n|-resisted|p2a: Skarmory\n|-crit|p2a: Skarmory\n|-damage|p2a: Skarmory|26/235\n|move|p2a: Skarmory|Brave Bird|p1a: Noivern\n|-damage|p1a: Noivern|0 fnt\n|faint|p1a: Noivern\n|-damage|p2a: Skarmory|0 fnt|[from] Recoil\n|faint|p2a: Skarmory\n|\n|upkeep\n|inactive|Time left: 300 sec this turn | 300 sec total | 5 sec grace\n|\n|t:|1783400047\n|switch|p1a: Klefki|Klefki, L84, M|52/100\n|switch|p2a: Slowbro|Slowbro, L85, M|300/300\n|turn|9\n|inactive|Time left: 300 sec this turn | 300 sec total\n|\n|t:|1783400047\n|move|p1a: Klefki|Thunder Wave|p2a: Slowbro\n|-status|p2a: Slowbro|par\n|cant|p2a: Slowbro|par\n|\n|-heal|p1a: Klefki|58/100|[from] item: Leftovers\n|upkeep\n|turn|10\n|inactive|Time left: 300 sec this turn | 300 sec total\n|\n|t:|1783400047\n|move|p1a: Klefki|Spikes|p2a: Slowbro\n|-sidestart|p2: p0y026479e|Spikes\n|cant|p2a: Slowbro|par\n|\n|-heal|p1a: Klefki|64/100|[from] item: Leftovers\n|upkeep\n|turn|11\n|inactive|Time left: 300 sec this turn | 300 sec total\n|\n|t:|1783400048\n|move|p1a: Klefki|Foul Play|p2a: Slowbro\n|-supereffective|p2a: Slowbro\n|-damage|p2a: Slowbro|228/300 par\n|move|p2a: Slowbro|Future Sight|p1a: Klefki\n|-start|p2a: Slowbro|move: Future Sight\n|\n|-heal|p1a: Klefki|70/100|[from] item: Leftovers\n|upkeep\n|turn|12\n|inactive|Time left: 300 sec this turn | 300 sec total\n|\n|t:|1783400048\n|switch|p1a: Articuno|Articuno-Galar, L84|100/100\n|cant|p2a: Slowbro|par\n|\n|upkeep\n|turn|13\n|inactive|Time left: 300 sec this turn | 300 sec total\n|\n|t:|1783400048\n|move|p1a: Articuno|Calm Mind|p1a: Articuno\n|-boost|p1a: Articuno|spa|1\n|-boost|p1a: Articuno|spd|1\n|move|p2a: Slowbro|Scald|p1a: Articuno\n|-damage|p1a: Articuno|83/100\n|-status|p1a: Articuno|brn\n|\n|-end|p1a: Articuno|move: Future Sight\n|-resisted|p1a: Articuno\n|-damage|p1a: Articuno|69/100 brn\n|-damage|p1a: Articuno|63/100 brn|[from] brn\n|upkeep\n|turn|14\n|inactive|Time left: 300 sec this turn | 300 sec total\n|\n|t:|1783400048\n|switch|p2a: Cinderace|Cinderace, L77, F|68/249\n|-damage|p2a: Cinderace|37/249|[from] Spikes\n|move|p1a: Articuno|Recover|p1a: Articuno\n|-heal|p1a: Articuno|100/100 brn\n|\n|-damage|p1a: Articuno|94/100 brn|[from] brn\n|upkeep\n|turn|15\n|inactive|Time left: 300 sec this turn | 300 sec total\n|\n|t:|1783400049\n|move|p2a: Cinderace|Pyro Ball|p1a: Articuno\n|-damage|p1a: Articuno|23/100 brn\n|move|p1a: Articuno|Freezing Glare|p2a: Cinderace\n|-damage|p2a: Cinderace|0 fnt\n|faint|p2a: Cinderace\n|\n|-damage|p1a: Articuno|17/100 brn|[from] brn\n|upkeep\n|inactive|Time left: 300 sec this turn | 300 sec total | 5 sec grace\n|\n|t:|1783400049\n|switch|p2a: Deoxys|Deoxys-Attack, L72|191/191\n|-damage|p2a: Deoxys|168/191|[from] Spikes\n|-ability|p2a: Deoxys|Pressure\n|turn|16\n|inactive|Time left: 300 sec this turn | 300 sec total\n|\n|t:|1783400049\n|switch|p1a: Klefki|Klefki, L84, M|70/100\n|move|p2a: Deoxys|Knock Off|p1a: Klefki\n|-resisted|p1a: Klefki\n|-damage|p1a: Klefki|49/100\n|-enditem|p1a: Klefki|Leftovers|[from] move: Knock Off|[of] p2a: Deoxys\n|-damage|p2a: Deoxys|149/191|[from] item: Life Orb\n|\n|upkeep\n|turn|17\n|inactive|Time left: 300 sec this turn | 300 sec total\n|\n|t:|1783400049\n|move|p1a: Klefki|Thunder Wave|p2a: Deoxys\n|-status|p2a: Deoxys|par\n|cant|p2a: Deoxys|par\n|\n|upkeep\n|turn|18\n|inactive|Time left: 300 sec this turn | 300 sec total\n|\n|t:|1783400050\n|switch|p2a: Slowbro|Slowbro, L85, M|300/300 par\n|-damage|p2a: Slowbro|263/300 par|[from] Spikes\n|move|p1a: Klefki|Dazzling Gleam|p2a: Slowbro\n|-crit|p2a: Slowbro\n|-damage|p2a: Slowbro|181/300 par\n|\n|upkeep\n|turn|19\n|inactive|Time left: 300 sec this turn | 300 sec total\n|\n|t:|1783400050\n|move|p1a: Klefki|Foul Play|p2a: Slowbro\n|-supereffective|p2a: Slowbro\n|-damage|p2a: Slowbro|115/300 par\n|move|p2a: Slowbro|Fire Blast|p1a: Klefki\n|-supereffective|p1a: Klefki\n|-damage|p1a: Klefki|0 fnt\n|faint|p1a: Klefki\n|\n|upkeep\n|\n|t:|1783400050\n|switch|p1a: Ursaring|Ursaring, L84, M|100/100\n|turn|20\n|inactive|Time left: 300 sec this turn | 300 sec total\n|\n|t:|1783400050\n|switch|p2a: Illumise|Illumise, L91, F|266/266\n|move|p1a: Ursaring|Swords Dance|p1a: Ursaring\n|-boost|p1a: Ursaring|atk|2\n|\n|-status|p1a: Ursaring|tox|[from] item: Toxic Orb\n|upkeep\n|turn|21\n|inactive|Time left: 300 sec this turn | 300 sec total\n|\n|t:|1783400051\n|switch|p1a: Articuno|Articuno-Galar, L84|17/100 brn\n|move|p2a: Illumise|Encore||[still]\n|-fail|p2a: Illumise\n|\n|-damage|p1a: Articuno|11/100 brn|[from] brn\n|upkeep\n|turn|22\n|inactive|Time left: 300 sec this turn | 300 sec total\n|\n|t:|1783400051\n|move|p1a: Articuno|Recover|p1a: Articuno\n|-heal|p1a: Articuno|61/100 brn\n|move|p2a: Illumise|Bug Buzz|p1a: Articuno\n|-damage|p1a: Articuno|32/100 brn\n|\n|-damage|p1a: Articuno|26/100 brn|[from] brn\n|upkeep\n|turn|23\n|inactive|Time left: 300 sec this turn | 300 sec total\n|\n|t:|1783400051\n|move|p1a: Articuno|Recover|p1a: Articuno\n|-heal|p1a: Articuno|76/100 brn\n|move|p2a: Illumise|Bug Buzz|p1a: Articuno\n|-damage|p1a: Articuno|49/100 brn\n|\n|-damage|p1a: Articuno|43/100 brn|[from] brn\n|upkeep\n|turn|24\n|inactive|Time left: 300 sec this turn | 300 sec total\n|\n|t:|1783400051\n|switch|p2a: Slowbro|Slowbro, L85, M|215/300 par\n|-damage|p2a: Slowbro|178/300 par|[from] Spikes\n|move|p1a: Articuno|Recover|p1a: Articuno\n|-heal|p1a: Articuno|93/100 brn\n|\n|-damage|p1a: Articuno|87/100 brn|[from] brn\n|upkeep\n|turn|25\n|inactive|Time left: 300 sec this turn | 300 sec total\n|\n|t:|1783400052\n|move|p1a: Articuno|Calm Mind|p1a: Articuno\n|-boost|p1a: Articuno|spa|1\n|-boost|p1a: Articuno|spd|1\n|cant|p2a: Slowbro|par\n|\n|-damage|p1a: Articuno|80/100 brn|[from] brn\n|upkeep\n|turn|26\n|inactive|Time left: 300 sec this turn | 300 sec total\n|\n|t:|1783400052\n|move|p1a: Articuno|Hurricane|p2a: Slowbro\n|-damage|p2a: Slowbro|27/300 par\n|-start|p2a: Slowbro|confusion\n|-activate|p2a: Slowbro|confusion\n|cant|p2a: Slowbro|par\n|\n|-damage|p1a: Articuno|74/100 brn|[from] brn\n|upkeep\n|turn|27\n|inactive|Time left: 300 sec this turn | 300 sec total\n|\n|t:|1783400052\n|move|p1a: Articuno|Freezing Glare|p2a: Slowbro\n|-resisted|p2a: Slowbro\n|-damage|p2a: Slowbro|0 fnt\n|faint|p2a: Slowbro\n|\n|-damage|p1a: Articuno|68/100 brn|[from] brn\n|upkeep\n|inactive|Time left: 300 sec this turn | 300 sec total | 5 sec grace\n|\n|t:|1783400052\n|switch|p2a: Illumise|Illumise, L91, F|266/266\n|turn|28\n|inactive|Time left: 300 sec this turn | 300 sec total\n|\n|t:|1783400053\n|-terastallize|p2a: Illumise|Water\n|move|p1a: Articuno|Hurricane|p2a: Illumise\n|-damage|p2a: Illumise|62/266\n|move|p2a: Illumise|Bug Buzz|p1a: Articuno\n|-damage|p1a: Articuno|47/100 brn\n|\n|-damage|p1a: Articuno|41/100 brn|[from] brn\n|upkeep\n|turn|29\n|inactive|Time left: 300 sec this turn | 300 sec total\n|\n|t:|1783400053\n|move|p2a: Illumise|Roost|p2a: Illumise\n|-heal|p2a: Illumise|195/266\n|move|p1a: Articuno|Hurricane|p2a: Illumise\n|-damage|p2a: Illumise|5/266\n|-start|p2a: Illumise|confusion\n|\n|-damage|p1a: Articuno|35/100 brn|[from] brn\n|upkeep\n|turn|30\n|inactive|Time left: 300 sec this turn | 300 sec total\n|\n|t:|1783400053\n|-activate|p2a: Illumise|confusion\n|move|p2a: Illumise|Encore|p1a: Articuno\n|-start|p1a: Articuno|Encore\n|move|p1a: Articuno|Hurricane|p2a: Illumise|[miss]\n|-miss|p1a: Articuno|p2a: Illumise\n|\n|-damage|p1a: Articuno|28/100 brn|[from] brn\n|upkeep\n|turn|31\n|inactive|Time left: 300 sec this turn | 300 sec total\n|\n|t:|1783400053\n|switch|p2a: Deoxys|Deoxys-Attack, L72|149/191 par\n|-damage|p2a: Deoxys|126/191 par|[from] Spikes\n|-ability|p2a: Deoxys|Pressure\n|move|p1a: Articuno|Hurricane|p2a: Deoxys\n|-damage|p2a: Deoxys|0 fnt\n|faint|p2a: Deoxys\n|\n|-damage|p1a: Articuno|22/100 brn|[from] brn\n|upkeep\n|inactive|Time left: 300 sec this turn | 300 sec total | 5 sec grace\n|\n|t:|1783400053\n|switch|p2a: Illumise|Illumise, L91, F, tera:Water|5/266\n|turn|32\n|inactive|Time left: 300 sec this turn | 300 sec total\n|\n|t:|1783400054\n|move|p2a: Illumise|Roost|p2a: Illumise\n|-heal|p2a: Illumise|138/266\n|move|p1a: Articuno|Hurricane|p2a: Illumise|[miss]\n|-miss|p1a: Articuno|p2a: Illumise\n|\n|-damage|p1a: Articuno|16/100 brn|[from] brn\n|-end|p1a: Articuno|Encore\n|upkeep\n|turn|33\n|inactive|Time left: 300 sec this turn | 300 sec total\n|\n|t:|1783400054\n|switch|p1a: Ursaring|Ursaring, L84, M|100/100 tox\n|move|p2a: Illumise|Roost|p2a: Illumise\n|-heal|p2a: Illumise|266/266\n|\n|-damage|p1a: Ursaring|94/100 tox|[from] psn\n|upkeep\n|turn|34\n|inactive|Time left: 300 sec this turn | 300 sec total\n|\n|t:|1783400054\n|-terastallize|p1a: Ursaring|Normal\n|move|p1a: Ursaring|Facade|p2a: Illumise\n|-damage|p2a: Illumise|0 fnt\n|faint|p2a: Illumise\n|\n|win|p0x02699cb", "uploadtime": 1783400054, "views": 0, "rating": 0, "private": 0, "password": null, "_winner": "p0x02699cb", "_our_name": "p0y026479e"}