{"id": "battle-gen9randombattle-1", "formatid": "gen9randombattle", "format": "[Gen 9] Random Battle", "players": ["p0x00183e6", "p0y0019289"], "log": "|init|battle\n|title|p0x00183e6 vs. p0y0019289\n|j|\u2606p0x00183e6\n|j|\u2606p0y0019289\n|t:|1783399616\n|gametype|singles\n|player|p1|p0x00183e6|2|\n|player|p2|p0y0019289|102|\n|gen|9\n|tier|[Gen 9] Random Battle\n|rule|Species Clause: Limit one of each Pok\u00e9mon\n|rule|HP Percentage Mod: HP is shown in percentages\n|rule|Sleep Clause Mod: Limit one foe put to sleep\n|rule|Illusion Level Mod: Illusion disguises the Pok\u00e9mon's true level\n|\n|t:|1783399616\n|teamsize|p1|6\n|teamsize|p2|6\n|start\n|switch|p1a: Furret|Furret, L94, M|100/100\n|switch|p2a: Cetitan|Cetitan, L82, F|413/413\n|-item|p2a: Cetitan|Life Orb|[from] ability: Frisk|[of] p1a: Furret\n|turn|1\n|inactive|Battle timer is ON: inactive players will automatically lose when time's up. (requested by p0y0019289)\n|inactive|p0x00183e6 also wants the timer to be on.\n|\n|t:|1783399617\n|switch|p1a: Cloyster|Cloyster, L80, M|100/100\n|move|p2a: Cetitan|Icicle Crash|p1a: Cloyster\n|-resisted|p1a: Cloyster\n|-damage|p1a: Cloyster|88/100\n|\n|upkeep\n|turn|2\n|inactive|Time left: 300 sec this turn | 300 sec total\n|\n|t:|1783399617\n|switch|p2a: Ninetales|Ninetales, L85, M|263/263\n|-weather|SunnyDay|[from] ability: Drought|[of] p2a: Ninetales\n|move|p1a: Cloyster|Shell Smash|p1a: Cloyster\n|-unboost|p1a: Cloyster|def|1\n|-unboost|p1a: Cloyster|spd|1\n|-boost|p1a: Cloyster|atk|2\n|-boost|p1a: Cloyster|spa|2\n|-boost|p1a: Cloyster|spe|2\n|-enditem|p1a: Cloyster|White Herb\n|-clearnegativeboost|p1a: Cloyster|[silent]\n|\n|-weather|SunnyDay|[upkeep]\n|upkeep\n|turn|3\n|inactive|Time left: 300 sec this turn | 300 sec total\n|\n|t:|1783399617\n|move|p1a: Cloyster|Rock Blast|p2a: Ninetales\n|-supereffective|p2a: Ninetales\n|-damage|p2a: Ninetales|195/263\n|-supereffective|p2a: Ninetales\n|-damage|p2a: Ninetales|123/263\n|-supereffective|p2a: Ninetales\n|-damage|p2a: Ninetales|55/263\n|-supereffective|p2a: Ninetales\n|-damage|p2a: Ninetales|0 fnt\n|faint|p2a: Ninetales\n|-hitcount|p2: Ninetales|4\n|\n|-weather|SunnyDay|[upkeep]\n|upkeep\n|inactive|Time left: 300 sec this turn | 300 sec total | 5 sec grace\n|\n|t:|1783399618\n|switch|p2a: Giratina|Giratina-Origin, L72|335/335\n|turn|4\n|inactive|Time left: 300 sec this turn | 300 sec total\n|\n|t:|1783399618\n|-terastallize|p2a: Giratina|Ghost\n|move|p1a: Cloyster|Icicle Spear|p2a: Giratina\n|-damage|p2a: Giratina|284/335\n|-damage|p2a: Giratina|236/335\n|-damage|p2a: Giratina|184/335\n|-damage|p2a: Giratina|129/335\n|-damage|p2a: Giratina|81/335\n|-hitcount|p2a: Giratina|5\n|move|p2a: Giratina|Draco Meteor|p1a: Cloyster\n|-damage|p1a: Cloyster|0 fnt\n|-unboost|p2a: Giratina|spa|2\n|faint|p1a: Cloyster\n|\n|-weather|SunnyDay|[upkeep]\n|upkeep\n|\n|t:|1783399618\n|switch|p1a: Salamence|Salamence, L77, F|100/100\n|turn|5\n|inactive|Time left: 300 sec this turn | 300 sec total\n|\n|t:|1783399618\n|switch|p2a: Cetitan|Cetitan, L82, F|413/413\n|move|p1a: Salamence|Outrage|p2a: Cetitan\n|-damage|p2a: Cetitan|229/413\n|\n|-weather|SunnyDay|[upkeep]\n|upkeep\n|turn|6\n|inactive|Time left: 300 sec this turn | 300 sec total\n|\n|t:|1783399619\n|move|p1a: Salamence|Outrage|p2a: Cetitan|[from] lockedmove\n|-damage|p2a: Cetitan|55/413\n|-start|p1a: Salamence|confusion|[fatigue]\n|move|p2a: Cetitan|Superpower|p1a: Salamence\n|-resisted|p1a: Salamence\n|-damage|p1a: Salamence|76/100\n|-unboost|p2a: Cetitan|atk|1\n|-unboost|p2a: Cetitan|def|1\n|-damage|p2a: Cetitan|14/413|[from] item: Life Orb\n|\n|-weather|none\n|upkeep\n|turn|7\n|inactive|Time left: 300 sec this turn | 300 sec total\n|\n|t:|1783399619\n|switch|p1a: Electrode|Electrode, L92|100/100\n|move|p2a: Cetitan|Ice Shard|p1a: Electrode\n|-damage|p1a: Electrode|82/100\n|-damage|p2a: Cetitan|0 fnt|[from] item: Life Orb\n|faint|p2a: Cetitan\n|\n|upkeep\n|inactive|Time left: 300 sec this turn | 300 sec total | 5 sec grace\n|\n|t:|1783399619\n|switch|p2a: Muk|Muk, L86, F|321/321\n|turn|8\n|inactive|Time left: 300 sec this turn | 300 sec total\n|\n|t:|1783399619\n|move|p1a: Electrode|Foul Play|p2a: Muk\n|-damage|p2a: Muk|230/321\n|move|p2a: Muk|Knock Off|p1a: Electrode\n|-damage|p1a: Electrode|48/100\n|-status|p2a: Muk|par|[from] ability: Static|[of] p1a: Electrode\n|-status|p1a: Electrode|psn|[from] ability: Poison Touch|[of] p2a: Muk\n|-enditem|p1a: Electrode|Heavy-Duty Boots|[from] move: Knock Off|[of] p2a: Muk\n|\n|-damage|p1a: Electrode|35/100 psn|[from] psn\n|upkeep\n|turn|9\n|inactive|Time left: 300 sec this turn | 300 sec total\n|\n|t:|1783399620\n|move|p1a: Electrode|Volt Switch|p2a: Muk\n|-damage|p2a: Muk|187/321 par\n|\n|t:|1783399620\n|switch|p1a: Vigoroth|Vigoroth, L85, M|100/100|[from] Volt Switch\n|move|p2a: Muk|Knock Off|p1a: Vigoroth\n|-damage|p1a: Vigoroth|79/100\n|-enditem|p1a: Vigoroth|Eviolite|[from] move: Knock Off|[of] p2a: Muk\n|\n|upkeep\n|turn|10\n|inactive|Time left: 300 sec this turn | 300 sec total\n|\n|t:|1783399620\n|move|p1a: Vigoroth|Bulk Up|p1a: Vigoroth\n|-boost|p1a: Vigoroth|atk|1\n|-boost|p1a: Vigoroth|def|1\n|move|p2a: Muk|Poison Jab|p1a: Vigoroth\n|-damage|p1a: Vigoroth|54/100\n|-status|p1a: Vigoroth|psn|[from] ability: Poison Touch|[of] p2a: Muk\n|\n|-damage|p1a: Vigoroth|42/100 psn|[from] psn\n|upkeep\n|turn|11\n|inactive|Time left: 300 sec this turn | 300 sec total\n|\n|t:|1783399620\n|switch|p2a: Pyroar|Pyroar, L88, F|295/295\n|-ability|p2a: Pyroar|Unnerve\n|move|p1a: Vigoroth|Slack Off|p1a: Vigoroth\n|-heal|p1a: Vigoroth|92/100 psn\n|\n|-damage|p1a: Vigoroth|79/100 psn|[from] psn\n|upkeep\n|turn|12\n|inactive|Time left: 300 sec this turn | 300 sec total\n|\n|t:|1783399621\n|move|p2a: Pyroar|Hyper Voice|p1a: Vigoroth\n|-crit|p1a: Vigoroth\n|-damage|p1a: Vigoroth|0 fnt\n|faint|p1a: Vigoroth\n|\n|upkeep\n|\n|t:|1783399621\n|switch|p1a: Salamence|Salamence, L77, F|76/100\n|turn|13\n|inactive|Time left: 300 sec this turn | 300 sec total\n|\n|t:|1783399621\n|move|p2a: Pyroar|Will-O-Wisp|p1a: Salamence\n|-status|p1a: Salamence|brn\n|move|p1a: Salamence|Dragon Dance|p1a: Salamence\n|-boost|p1a: Salamence|atk|1\n|-boost|p1a: Salamence|spe|1\n|\n|-damage|p1a: Salamence|70/100 brn|[from] brn\n|upkeep\n|turn|14\n|inactive|Time left: 300 sec this turn | 300 sec total\n|\n|t:|1783399621\n|move|p1a: Salamence|Outrage|p2a: Pyroar\n|-damage|p2a: Pyroar|178/295\n|move|p2a: Pyroar|Hyper Voice|p1a: Salamence\n|-damage|p1a: Salamence|21/100 brn\n|\n|-damage|p1a: Salamence|15/100 brn|[from] brn\n|upkeep\n|turn|15\n|inactive|Time left: 300 sec this turn | 300 sec total\n|\n|t:|1783399622\n|move|p1a: Salamence|Outrage|p2a: Pyroar|[from] lockedmove\n|-damage|p2a: Pyroar|57/295\n|-start|p1a: Salamence|confusion|[fatigue]\n|move|p2a: Pyroar|Dark Pulse|p1a: Salamence\n|-damage|p1a: Salamence|0 fnt\n|faint|p1a: Salamence\n|\n|upkeep\n|\n|t:|1783399622\n|switch|p1a: Electrode|Electrode, L92|35/100 psn\n|turn|16\n|inactive|Time left: 300 sec this turn | 300 sec total\n|\n|t:|1783399622\n|switch|p2a: Roaring Moon|Roaring Moon, L72|270/270\n|move|p1a: Electrode|Volt Switch|p2a: Roaring Moon\n|-resisted|p2a: Roaring Moon\n|-damage|p2a: Roaring Moon|232/270\n|\n|t:|1783399622\n|switch|p1a: Furret|Furret, L94, M|100/100|[from] Volt Switch\n|-item|p2a: Roaring Moon|Lum Berry|[from] ability: Frisk|[of] p1a: Furret\n|\n|upkeep\n|turn|17\n|inactive|Time left: 300 sec this turn | 300 sec total\n|\n|t:|1783399623\n|-end|p2a: Roaring Moon|Protosynthesis|[silent]\n|switch|p2a: Giratina|Giratina-Origin, L72, tera:Ghost|81/335\n|move|p1a: Furret|Tidy Up|p1a: Furret\n|-boost|p1a: Furret|atk|1\n|-boost|p1a: Furret|spe|1\n|\n|upkeep\n|turn|18\n|inactive|Time left: 300 sec this turn | 300 sec total\n|\n|t:|1783399623\n|switch|p2a: Pyroar|Pyroar, L88, F|57/295\n|-ability|p2a: Pyroar|Unnerve\n|move|p1a: Furret|Knock Off|p2a: Pyroar\n|-damage|p2a: Pyroar|0 fnt\n|-enditem|p2a: Pyroar|Heavy-Duty Boots|[from] move: Knock Off|[of] p1a: Furret\n|faint|p2a: Pyroar\n|-damage|p1a: Furret|91/100|[from] item: Life Orb\n|\n|upkeep\n|inactive|Time left: 300 sec this turn | 300 sec total | 5 sec grace\n|\n|t:|1783399623\n|switch|p2a: Roaring Moon|Roaring Moon, L72|232/270\n|turn|19\n|inactive|Time left: 300 sec this turn | 300 sec total\n|\n|t:|1783399623\n|-end|p2a: Roaring Moon|Protosynthesis|[silent]\n|switch|p2a: Giratina|Giratina-Origin, L72, tera:Ghost|81/335\n|move|p1a: Furret|Brick Break|p2a: Giratina\n|-immune|p2a: Giratina\n|\n|upkeep\n|turn|20\n|inactive|Time left: 300 sec this turn | 300 sec total\n|\n|t:|1783399624\n|switch|p2a: Roaring Moon|Roaring Moon, L72|232/270\n|move|p1a: Furret|Knock Off|p2a: Roaring Moon\n|-resisted|p2a: Roaring Moon\n|-damage|p2a: Roaring Moon|141/270\n|-enditem|p2a: Roaring Moon|Lum Berry|[from] move: Knock Off|[of] p1a: Furret\n|-damage|p1a: Furret|81/100|[from] item: Life Orb\n|\n|upkeep\n|turn|21\n|inactive|Time left: 300 sec this turn | 300 sec total\n|\n|t:|1783399624\n|-end|p2a: Roaring Moon|Protosynthesis|[silent]\n|switch|p2a: Giratina|Giratina-Origin, L72, tera:Ghost|81/335\n|move|p1a: Furret|Brick Break|p2a: Giratina\n|-immune|p2a: Giratina\n|\n|upkeep\n|turn|22\n|inactive|Time left: 300 sec this turn | 300 sec total\n|\n|t:|1783399624\n|switch|p2a: Roaring Moon|Roaring Moon, L72|141/270\n|move|p1a: Furret|Knock Off|p2a: Roaring Moon\n|-resisted|p2a: Roaring Moon\n|-damage|p2a: Roaring Moon|81/270\n|-damage|p1a: Furret|71/100|[from] item: Life Orb\n|\n|upkeep\n|turn|23\n|inactive|Time left: 300 sec this turn | 300 sec total\n|\n|t:|1783399624\n|-end|p2a: Roaring Moon|Protosynthesis|[silent]\n|switch|p2a: Giratina|Giratina-Origin, L72, tera:Ghost|81/335\n|move|p1a: Furret|Brick Break|p2a: Giratina\n|-immune|p2a: Giratina\n|\n|upkeep\n|turn|24\n|inactive|Time left: 300 sec this turn | 300 sec total\n|\n|t:|1783399625\n|switch|p2a: Roaring Moon|Roaring Moon, L72|81/270\n|move|p1a: Furret|Knock Off|p2a: Roaring Moon\n|-resisted|p2a: Roaring Moon\n|-damage|p2a: Roaring Moon|13/270\n|-damage|p1a: Furret|61/100|[from] item: Life Orb\n|\n|upkeep\n|turn|25\n|inactive|Time left: 300 sec this turn | 300 sec total\n|\n|t:|1783399625\n|-end|p2a: Roaring Moon|Protosynthesis|[silent]\n|switch|p2a: Muk|Muk, L86, F|187/321 par\n|move|p1a: Furret|Knock Off|p2a: Muk\n|-damage|p2a: Muk|23/321 par\n|-enditem|p2a: Muk|Assault Vest|[from] move: Knock Off|[of] p1a: Furret\n|-damage|p1a: Furret|51/100|[from] item: Life Orb\n|\n|upkeep\n|turn|26\n|inactive|Time left: 300 sec this turn | 300 sec total\n|\n|t:|1783399625\n|move|p1a: Furret|Knock Off|p2a: Muk\n|-damage|p2a: Muk|0 fnt\n|faint|p2a: Muk\n|-damage|p1a: Furret|41/100|[from] item: Life Orb\n|\n|upkeep\n|inactive|Time left: 300 sec this turn | 300 sec total | 5 sec grace\n|\n|t:|1783399625\n|switch|p2a: Roaring Moon|Roaring Moon, L72|13/270\n|turn|27\n|inactive|Time left: 300 sec this turn | 300 sec total\n|\n|t:|1783399626\n|move|p1a: Furret|Knock Off|p2a: Roaring Moon\n|-resisted|p2a: Roaring Moon\n|-damage|p2a: Roaring Moon|0 fnt\n|faint|p2a: Roaring Moon\n|-end|p2a: Roaring Moon|Protosynthesis|[silent]\n|-damage|p1a: Furret|31/100|[from] item: Life Orb\n|\n|upkeep\n|inactive|Time left: 300 sec this turn | 300 sec total | 5 sec grace\n|\n|t:|1783399626\n|switch|p2a: Giratina|Giratina-Origin, L72, tera:Ghost|81/335\n|turn|28\n|inactive|Time left: 300 sec this turn | 300 sec total\n|\n|t:|1783399626\n|move|p1a: Furret|Knock Off|p2a: Giratina\n|-supereffective|p2a: Giratina\n|-damage|p2a: Giratina|0 fnt\n|faint|p2a: Giratina\n|-damage|p1a: Furret|21/100|[from] item: Life Orb\n|\n|win|p0x00183e6", "uploadtime": 1783399626, "views": 0, "rating": 0, "private": 0, "password": null, "_winner": "p0x00183e6", "_our_name": "p0y0019289"}