{"id": "battle-gen9randombattle-15", "formatid": "gen9randombattle", "format": "[Gen 9] Random Battle", "players": ["p0x0158d57", "p0y01512ff"], "log": "|init|battle\n|title|p0x0158d57 vs. p0y01512ff\n|j|\u2606p0x0158d57\n|j|\u2606p0y01512ff\n|t:|1783399848\n|gametype|singles\n|player|p1|p0x0158d57|170|\n|player|p2|p0y01512ff|266|\n|gen|9\n|tier|[Gen 9] Random Battle\n|rule|Species Clause: Limit one of each Pok\u00e9mon\n|rule|HP Percentage Mod: HP is shown in percentages\n|rule|Sleep Clause Mod: Limit one foe put to sleep\n|rule|Illusion Level Mod: Illusion disguises the Pok\u00e9mon's true level\n|\n|t:|1783399848\n|teamsize|p1|6\n|teamsize|p2|6\n|start\n|switch|p1a: Iron Hands|Iron Hands, L79|100/100\n|switch|p2a: Persian|Persian-Alola, L86, F|252/252\n|turn|1\n|inactive|Battle timer is ON: inactive players will automatically lose when time's up. (requested by p0y01512ff)\n|inactive|p0x0158d57 also wants the timer to be on.\n|\n|t:|1783399848\n|move|p2a: Persian|Nasty Plot|p2a: Persian\n|-boost|p2a: Persian|spa|2\n|move|p1a: Iron Hands|Drain Punch|p2a: Persian\n|-supereffective|p2a: Persian\n|-damage|p2a: Persian|136/252\n|\n|upkeep\n|turn|2\n|inactive|Time left: 300 sec this turn | 300 sec total\n|\n|t:|1783399848\n|switch|p2a: Mudsdale|Mudsdale, L83, F|302/302\n|move|p1a: Iron Hands|Drain Punch|p2a: Mudsdale\n|-damage|p2a: Mudsdale|218/302\n|-ability|p2a: Mudsdale|Stamina|boost\n|-boost|p2a: Mudsdale|def|1\n|\n|-heal|p2a: Mudsdale|236/302|[from] item: Leftovers\n|upkeep\n|turn|3\n|inactive|Time left: 300 sec this turn | 300 sec total\n|\n|t:|1783399848\n|-end|p1a: Iron Hands|Quark Drive|[silent]\n|switch|p1a: Arceus|Arceus-Flying, L69|100/100\n|move|p2a: Mudsdale|Earthquake|p1a: Arceus\n|-immune|p1a: Arceus\n|\n|-heal|p2a: Mudsdale|254/302|[from] item: Leftovers\n|upkeep\n|turn|4\n|inactive|Time left: 300 sec this turn | 300 sec total\n|\n|t:|1783399849\n|move|p1a: Arceus|Calm Mind|p1a: Arceus\n|-boost|p1a: Arceus|spa|1\n|-boost|p1a: Arceus|spd|1\n|move|p2a: Mudsdale|Stealth Rock|p1a: Arceus\n|-sidestart|p1: p0x0158d57|move: Stealth Rock\n|\n|-heal|p2a: Mudsdale|272/302|[from] item: Leftovers\n|upkeep\n|turn|5\n|inactive|Time left: 300 sec this turn | 300 sec total\n|\n|t:|1783399849\n|move|p1a: Arceus|Judgment|p2a: Mudsdale\n|-damage|p2a: Mudsdale|106/302\n|-ability|p2a: Mudsdale|Stamina|boost\n|-boost|p2a: Mudsdale|def|1\n|move|p2a: Mudsdale|Roar|p1a: Arceus\n|drag|p1a: Crabominable|Crabominable, L90, M|100/100\n|-damage|p1a: Crabominable|88/100|[from] Stealth Rock\n|\n|-heal|p2a: Mudsdale|124/302|[from] item: Leftovers\n|upkeep\n|turn|6\n|inactive|Time left: 300 sec this turn | 300 sec total\n|\n|t:|1783399849\n|move|p1a: Crabominable|Ice Hammer|p2a: Mudsdale\n|-supereffective|p2a: Mudsdale\n|-damage|p2a: Mudsdale|0 fnt\n|-unboost|p1a: Crabominable|spe|1\n|faint|p2a: Mudsdale\n|\n|upkeep\n|inactive|Time left: 300 sec this turn | 300 sec total | 5 sec grace\n|\n|t:|1783399849\n|switch|p2a: Flutter Mane|Flutter Mane, L74|203/203\n|turn|7\n|inactive|Time left: 300 sec this turn | 300 sec total\n|\n|t:|1783399850\n|move|p2a: Flutter Mane|Moonblast|p1a: Crabominable\n|-supereffective|p1a: Crabominable\n|-damage|p1a: Crabominable|18/100\n|-unboost|p1a: Crabominable|spa|1\n|move|p1a: Crabominable|Ice Hammer|p2a: Flutter Mane\n|-damage|p2a: Flutter Mane|0 fnt\n|-unboost|p1a: Crabominable|spe|1\n|faint|p2a: Flutter Mane\n|-end|p2a: Flutter Mane|Protosynthesis|[silent]\n|\n|upkeep\n|inactive|Time left: 300 sec this turn | 300 sec total | 5 sec grace\n|\n|t:|1783399850\n|switch|p2a: Cresselia|Cresselia, L80, F|323/323\n|turn|8\n|inactive|Time left: 300 sec this turn | 300 sec total\n|\n|t:|1783399850\n|move|p2a: Cresselia|Calm Mind|p2a: Cresselia\n|-boost|p2a: Cresselia|spa|1\n|-boost|p2a: Cresselia|spd|1\n|move|p1a: Crabominable|Knock Off|p2a: Cresselia\n|-supereffective|p2a: Cresselia\n|-damage|p2a: Cresselia|159/323\n|-enditem|p2a: Cresselia|Leftovers|[from] move: Knock Off|[of] p1a: Crabominable\n|\n|upkeep\n|turn|9\n|inactive|Time left: 300 sec this turn | 300 sec total\n|\n|t:|1783399850\n|switch|p1a: Chien-Pao|Chien-Pao, L72|100/100\n|-ability|p1a: Chien-Pao|Sword of Ruin\n|move|p2a: Cresselia|Psyshock|p1a: Chien-Pao\n|-immune|p1a: Chien-Pao\n|\n|upkeep\n|turn|10\n|inactive|Time left: 300 sec this turn | 300 sec total\n|\n|t:|1783399851\n|-terastallize|p1a: Chien-Pao|Ice\n|-terastallize|p2a: Cresselia|Steel\n|move|p1a: Chien-Pao|Icicle Crash|p2a: Cresselia\n|-resisted|p2a: Cresselia\n|-damage|p2a: Cresselia|94/323\n|move|p2a: Cresselia|Moonblast|p1a: Chien-Pao\n|-damage|p1a: Chien-Pao|56/100\n|\n|upkeep\n|turn|11\n|inactive|Time left: 300 sec this turn | 300 sec total\n|\n|t:|1783399851\n|move|p1a: Chien-Pao|Swords Dance|p1a: Chien-Pao\n|-boost|p1a: Chien-Pao|atk|2\n|move|p2a: Cresselia|Moonlight|p2a: Cresselia\n|-heal|p2a: Cresselia|255/323\n|\n|upkeep\n|turn|12\n|inactive|Time left: 300 sec this turn | 300 sec total\n|\n|t:|1783399851\n|move|p1a: Chien-Pao|Throat Chop|p2a: Cresselia\n|-damage|p2a: Cresselia|84/323\n|-start|p2a: Cresselia|Throat Chop|[silent]\n|move|p2a: Cresselia|Moonlight|p2a: Cresselia\n|-heal|p2a: Cresselia|245/323\n|\n|upkeep\n|turn|13\n|inactive|Time left: 300 sec this turn | 300 sec total\n|\n|t:|1783399851\n|move|p1a: Chien-Pao|Throat Chop|p2a: Cresselia\n|-damage|p2a: Cresselia|83/323\n|move|p2a: Cresselia|Moonlight|p2a: Cresselia\n|-heal|p2a: Cresselia|244/323\n|\n|-end|p2a: Cresselia|Throat Chop|[silent]\n|upkeep\n|turn|14\n|inactive|Time left: 300 sec this turn | 300 sec total\n|\n|t:|1783399852\n|move|p1a: Chien-Pao|Throat Chop|p2a: Cresselia\n|-damage|p2a: Cresselia|84/323\n|-start|p2a: Cresselia|Throat Chop|[silent]\n|move|p2a: Cresselia|Moonlight|p2a: Cresselia\n|-heal|p2a: Cresselia|245/323\n|\n|upkeep\n|turn|15\n|inactive|Time left: 300 sec this turn | 300 sec total\n|\n|t:|1783399852\n|move|p1a: Chien-Pao|Throat Chop|p2a: Cresselia\n|-damage|p2a: Cresselia|73/323\n|move|p2a: Cresselia|Moonlight|p2a: Cresselia\n|-heal|p2a: Cresselia|234/323\n|\n|-end|p2a: Cresselia|Throat Chop|[silent]\n|upkeep\n|turn|16\n|inactive|Time left: 300 sec this turn | 300 sec total\n|\n|t:|1783399852\n|move|p1a: Chien-Pao|Throat Chop|p2a: Cresselia\n|-damage|p2a: Cresselia|66/323\n|-start|p2a: Cresselia|Throat Chop|[silent]\n|move|p2a: Cresselia|Moonlight|p2a: Cresselia\n|-heal|p2a: Cresselia|227/323\n|\n|upkeep\n|turn|17\n|inactive|Time left: 300 sec this turn | 300 sec total\n|\n|t:|1783399852\n|move|p1a: Chien-Pao|Throat Chop|p2a: Cresselia\n|-damage|p2a: Cresselia|55/323\n|move|p2a: Cresselia|Psyshock|p1a: Chien-Pao\n|-damage|p1a: Chien-Pao|5/100\n|\n|-end|p2a: Cresselia|Throat Chop|[silent]\n|upkeep\n|turn|18\n|inactive|Time left: 300 sec this turn | 300 sec total\n|\n|t:|1783399853\n|move|p1a: Chien-Pao|Throat Chop|p2a: Cresselia\n|-damage|p2a: Cresselia|0 fnt\n|faint|p2a: Cresselia\n|\n|upkeep\n|inactive|Time left: 300 sec this turn | 300 sec total | 5 sec grace\n|\n|t:|1783399853\n|switch|p2a: Persian|Persian-Alola, L86, F|136/252\n|turn|19\n|inactive|Time left: 300 sec this turn | 300 sec total\n|\n|t:|1783399853\n|move|p1a: Chien-Pao|Ice Shard|p2a: Persian\n|-damage|p2a: Persian|42/252\n|move|p2a: Persian|Tera Blast|p1a: Chien-Pao\n|-damage|p1a: Chien-Pao|0 fnt\n|faint|p1a: Chien-Pao\n|-damage|p2a: Persian|17/252|[from] item: Life Orb\n|\n|upkeep\n|\n|t:|1783399853\n|switch|p1a: Arceus|Arceus-Flying, L69|100/100\n|-damage|p1a: Arceus|76/100|[from] Stealth Rock\n|turn|20\n|inactive|Time left: 300 sec this turn | 300 sec total\n|\n|t:|1783399854\n|move|p2a: Persian|Thunderbolt|p1a: Arceus\n|-supereffective|p1a: Arceus\n|-damage|p1a: Arceus|25/100\n|-damage|p2a: Persian|0 fnt|[from] item: Life Orb\n|faint|p2a: Persian\n|move|p1a: Arceus|Recover|p1a: Arceus\n|-heal|p1a: Arceus|75/100\n|\n|upkeep\n|inactive|Time left: 300 sec this turn | 300 sec total | 5 sec grace\n|\n|t:|1783399854\n|switch|p2a: Hitmonchan|Hitmonchan, L87, M|229/229\n|turn|21\n|inactive|Time left: 300 sec this turn | 300 sec total\n|\n|t:|1783399854\n|move|p1a: Arceus|Judgment|p2a: Hitmonchan\n|-supereffective|p2a: Hitmonchan\n|-damage|p2a: Hitmonchan|109/229\n|move|p2a: Hitmonchan|Poison Jab|p1a: Arceus\n|-damage|p1a: Arceus|52/100\n|-status|p1a: Arceus|psn\n|\n|-damage|p1a: Arceus|40/100 psn|[from] psn\n|upkeep\n|turn|22\n|inactive|Time left: 300 sec this turn | 300 sec total\n|\n|t:|1783399854\n|switch|p2a: Giratina|Giratina, L75|349/349\n|-ability|p2a: Giratina|Pressure\n|move|p1a: Arceus|Judgment|p2a: Giratina\n|-damage|p2a: Giratina|256/349\n|\n|-heal|p2a: Giratina|277/349|[from] item: Leftovers\n|-damage|p1a: Arceus|28/100 psn|[from] psn\n|upkeep\n|turn|23\n|inactive|Time left: 300 sec this turn | 300 sec total\n|\n|t:|1783399855\n|move|p1a: Arceus|Recover|p1a: Arceus\n|-heal|p1a: Arceus|78/100 psn\n|move|p2a: Giratina|Shadow Ball|p1a: Arceus\n|-damage|p1a: Arceus|52/100 psn\n|-unboost|p1a: Arceus|spd|1\n|\n|-heal|p2a: Giratina|298/349|[from] item: Leftovers\n|-damage|p1a: Arceus|40/100 psn|[from] psn\n|upkeep\n|turn|24\n|inactive|Time left: 300 sec this turn | 300 sec total\n|\n|t:|1783399855\n|move|p1a: Arceus|Recover|p1a: Arceus\n|-heal|p1a: Arceus|90/100 psn\n|move|p2a: Giratina|Shadow Ball|p1a: Arceus\n|-damage|p1a: Arceus|56/100 psn\n|\n|-heal|p2a: Giratina|319/349|[from] item: Leftovers\n|-damage|p1a: Arceus|44/100 psn|[from] psn\n|upkeep\n|turn|25\n|inactive|Time left: 300 sec this turn | 300 sec total\n|\n|t:|1783399855\n|move|p1a: Arceus|Recover|p1a: Arceus\n|-heal|p1a: Arceus|94/100 psn\n|move|p2a: Giratina|Shadow Ball|p1a: Arceus\n|-damage|p1a: Arceus|56/100 psn\n|\n|-heal|p2a: Giratina|340/349|[from] item: Leftovers\n|-damage|p1a: Arceus|44/100 psn|[from] psn\n|upkeep\n|turn|26\n|inactive|Time left: 300 sec this turn | 300 sec total\n|\n|t:|1783399855\n|move|p1a: Arceus|Recover|p1a: Arceus\n|-heal|p1a: Arceus|94/100 psn\n|move|p2a: Giratina|Shadow Ball|p1a: Arceus\n|-damage|p1a: Arceus|57/100 psn\n|\n|-heal|p2a: Giratina|349/349|[from] item: Leftovers\n|-damage|p1a: Arceus|45/100 psn|[from] psn\n|upkeep\n|turn|27\n|inactive|Time left: 300 sec this turn | 300 sec total\n|\n|t:|1783399856\n|move|p1a: Arceus|Recover|p1a: Arceus\n|-heal|p1a: Arceus|95/100 psn\n|move|p2a: Giratina|Shadow Ball|p1a: Arceus\n|-damage|p1a: Arceus|60/100 psn\n|\n|-damage|p1a: Arceus|48/100 psn|[from] psn\n|upkeep\n|turn|28\n|inactive|Time left: 300 sec this turn | 300 sec total\n|\n|t:|1783399856\n|move|p1a: Arceus|Recover|p1a: Arceus\n|-heal|p1a: Arceus|98/100 psn\n|move|p2a: Giratina|Shadow Ball|p1a: Arceus\n|-damage|p1a: Arceus|63/100 psn\n|\n|-damage|p1a: Arceus|51/100 psn|[from] psn\n|upkeep\n|turn|29\n|inactive|Time left: 300 sec this turn | 300 sec total\n|\n|t:|1783399856\n|move|p1a: Arceus|Recover|p1a: Arceus\n|-heal|p1a: Arceus|100/100 psn\n|move|p2a: Giratina|Shadow Ball|p1a: Arceus\n|-damage|p1a: Arceus|63/100 psn\n|\n|-damage|p1a: Arceus|51/100 psn|[from] psn\n|upkeep\n|turn|30\n|inactive|Time left: 300 sec this turn | 300 sec total\n|\n|t:|1783399856\n|move|p1a: Arceus|Judgment|p2a: Giratina\n|-damage|p2a: Giratina|250/349\n|move|p2a: Giratina|Shadow Ball|p1a: Arceus\n|-damage|p1a: Arceus|17/100 psn\n|\n|-heal|p2a: Giratina|271/349|[from] item: Leftovers\n|-damage|p1a: Arceus|5/100 psn|[from] psn\n|upkeep\n|turn|31\n|inactive|Time left: 300 sec this turn | 300 sec total\n|\n|t:|1783399857\n|move|p1a: Arceus|Judgment|p2a: Giratina\n|-damage|p2a: Giratina|175/349\n|move|p2a: Giratina|Will-O-Wisp||[still]\n|-fail|p2a: Giratina\n|\n|-heal|p2a: Giratina|196/349|[from] item: Leftovers\n|-damage|p1a: Arceus|0 fnt|[from] psn\n|faint|p1a: Arceus\n|upkeep\n|\n|t:|1783399857\n|switch|p1a: Gothitelle|Gothitelle, L90, F|100/100\n|-damage|p1a: Gothitelle|88/100|[from] Stealth Rock\n|turn|32\n|inactive|Time left: 300 sec this turn | 300 sec total\n|\n|t:|1783399857\n|move|p1a: Gothitelle|Psychic|p2a: Giratina\n|-damage|p2a: Giratina|108/349\n|move|p2a: Giratina|Shadow Ball|p1a: Gothitelle\n|-supereffective|p1a: Gothitelle\n|-damage|p1a: Gothitelle|43/100\n|\n|-heal|p2a: Giratina|129/349|[from] item: Leftovers\n|upkeep\n|turn|33\n|inactive|Time left: 300 sec this turn | 300 sec total\n|\n|t:|1783399857\n|move|p1a: Gothitelle|Psychic|p2a: Giratina\n|-damage|p2a: Giratina|30/349\n|move|p2a: Giratina|Rest|p2a: Giratina\n|-status|p2a: Giratina|slp|[from] move: Rest\n|-heal|p2a: Giratina|349/349 slp|[silent]\n|\n|upkeep\n|turn|34\n|inactive|Time left: 300 sec this turn | 300 sec total\n|\n|t:|1783399858\n|move|p1a: Gothitelle|Psychic|p2a: Giratina\n|-damage|p2a: Giratina|249/349 slp\n|cant|p2a: Giratina|slp\n|move|p2a: Giratina|Sleep Talk|p2a: Giratina\n|move|p2a: Giratina|Shadow Ball|p1a: Gothitelle|[from] move: Sleep Talk\n|-supereffective|p1a: Gothitelle\n|-damage|p1a: Gothitelle|1/100\n|\n|-heal|p2a: Giratina|270/349 slp|[from] item: Leftovers\n|upkeep\n|turn|35\n|inactive|Time left: 300 sec this turn | 300 sec total\n|\n|t:|1783399858\n|move|p1a: Gothitelle|Psychic|p2a: Giratina\n|-crit|p2a: Giratina\n|-damage|p2a: Giratina|137/349 slp\n|cant|p2a: Giratina|slp\n|move|p2a: Giratina|Sleep Talk|p2a: Giratina\n|move|p2a: Giratina|Shadow Ball|p1a: Gothitelle|[from] move: Sleep Talk\n|-supereffective|p1a: Gothitelle\n|-damage|p1a: Gothitelle|0 fnt\n|faint|p1a: Gothitelle\n|\n|-heal|p2a: Giratina|158/349 slp|[from] item: Leftovers\n|upkeep\n|\n|t:|1783399858\n|switch|p1a: Victreebel|Victreebel, L90, M|100/100\n|-damage|p1a: Victreebel|88/100|[from] Stealth Rock\n|turn|36\n|inactive|Time left: 300 sec this turn | 300 sec total\n|\n|t:|1783399858\n|-curestatus|p2a: Giratina|slp|[msg]\n|move|p2a: Giratina|Will-O-Wisp|p1a: Victreebel|[miss]\n|-miss|p2a: Giratina|p1a: Victreebel\n|move|p1a: Victreebel|Power Whip|p2a: Giratina\n|-resisted|p2a: Giratina\n|-damage|p2a: Giratina|72/349\n|-damage|p1a: Victreebel|78/100|[from] item: Life Orb\n|\n|-heal|p2a: Giratina|93/349|[from] item: Leftovers\n|upkeep\n|turn|37\n|inactive|Time left: 300 sec this turn | 300 sec total\n|\n|t:|1783399859\n|move|p2a: Giratina|Will-O-Wisp|p1a: Victreebel\n|-status|p1a: Victreebel|brn\n|move|p1a: Victreebel|Sludge Wave|p2a: Giratina\n|-resisted|p2a: Giratina\n|-damage|p2a: Giratina|23/349\n|-damage|p1a: Victreebel|68/100 brn|[from] item: Life Orb\n|\n|-heal|p2a: Giratina|44/349|[from] item: Leftovers\n|-damage|p1a: Victreebel|62/100 brn|[from] brn\n|upkeep\n|turn|38\n|inactive|Time left: 300 sec this turn | 300 sec total\n|\n|t:|1783399859\n|move|p2a: Giratina|Rest|p2a: Giratina\n|-status|p2a: Giratina|slp|[from] move: Rest\n|-heal|p2a: Giratina|349/349 slp|[silent]\n|move|p1a: Victreebel|Sludge Wave|p2a: Giratina\n|-resisted|p2a: Giratina\n|-damage|p2a: Giratina|281/349 slp\n|-damage|p1a: Victreebel|52/100 brn|[from] item: Life Orb\n|\n|-heal|p2a: Giratina|302/349 slp|[from] item: Leftovers\n|-damage|p1a: Victreebel|46/100 brn|[from] brn\n|upkeep\n|turn|39\n|inactive|Time left: 300 sec this turn | 300 sec total\n|\n|t:|1783399859\n|cant|p2a: Giratina|slp\n|move|p2a: Giratina|Sleep Talk|p2a: Giratina\n|move|p2a: Giratina|Shadow Ball|p1a: Victreebel|[from] move: Sleep Talk\n|-damage|p1a: Victreebel|18/100 brn\n|move|p1a: Victreebel|Power Whip|p2a: Giratina\n|-resisted|p2a: Giratina\n|-crit|p2a: Giratina\n|-damage|p2a: Giratina|233/349 slp\n|-damage|p1a: Victreebel|8/100 brn|[from] item: Life Orb\n|\n|-heal|p2a: Giratina|254/349 slp|[from] item: Leftovers\n|-damage|p1a: Victreebel|2/100 brn|[from] brn\n|upkeep\n|turn|40\n|inactive|Time left: 300 sec this turn | 300 sec total\n|\n|t:|1783399859\n|cant|p2a: Giratina|slp\n|move|p2a: Giratina|Sleep Talk|p2a: Giratina\n|move|p2a: Giratina|Rest||[from] move: Sleep Talk|[still]\n|-fail|p2a: Giratina\n|move|p1a: Victreebel|Sludge Wave|p2a: Giratina\n|-resisted|p2a: Giratina\n|-damage|p2a: Giratina|188/349 slp\n|-damage|p1a: Victreebel|0 fnt|[from] item: Life Orb\n|faint|p1a: Victreebel\n|\n|-heal|p2a: Giratina|209/349 slp|[from] item: Leftovers\n|upkeep\n|\n|t:|1783399860\n|switch|p1a: Crabominable|Crabominable, L90, M|18/100\n|-damage|p1a: Crabominable|6/100|[from] Stealth Rock\n|turn|41\n|inactive|Time left: 300 sec this turn | 300 sec total\n|\n|t:|1783399860\n|switch|p1a: Iron Hands|Iron Hands, L79|100/100\n|-damage|p1a: Iron Hands|94/100|[from] Stealth Rock\n|-curestatus|p2a: Giratina|slp|[msg]\n|move|p2a: Giratina|Shadow Ball|p1a: Iron Hands\n|-damage|p1a: Iron Hands|79/100\n|-unboost|p1a: Iron Hands|spd|1\n|\n|-heal|p2a: Giratina|230/349|[from] item: Leftovers\n|upkeep\n|turn|42\n|inactive|Time left: 300 sec this turn | 300 sec total\n|\n|t:|1783399860\n|move|p2a: Giratina|Will-O-Wisp|p1a: Iron Hands\n|-status|p1a: Iron Hands|brn\n|move|p1a: Iron Hands|Thunder Punch|p2a: Giratina\n|-resisted|p2a: Giratina\n|-damage|p2a: Giratina|211/349\n|-status|p2a: Giratina|par\n|\n|-heal|p2a: Giratina|232/349 par|[from] item: Leftovers\n|-damage|p1a: Iron Hands|73/100 brn|[from] brn\n|upkeep\n|turn|43\n|inactive|Time left: 300 sec this turn | 300 sec total\n|\n|t:|1783399860\n|move|p1a: Iron Hands|Drain Punch|p2a: Giratina\n|-immune|p2a: Giratina\n|move|p2a: Giratina|Rest|p2a: Giratina\n|-status|p2a: Giratina|slp|[from] move: Rest\n|-heal|p2a: Giratina|349/349 slp|[silent]\n|\n|-damage|p1a: Iron Hands|67/100 brn|[from] brn\n|upkeep\n|turn|44\n|inactive|Time left: 300 sec this turn | 300 sec total\n|\n|t:|1783399861\n|move|p1a: Iron Hands|Fake Out||[still]\n|-hint|Fake Out only works on your first turn out.\n|-fail|p1a: Iron Hands\n|cant|p2a: Giratina|slp\n|move|p2a: Giratina|Sleep Talk|p2a: Giratina\n|move|p2a: Giratina|Shadow Ball|p1a: Iron Hands|[from] move: Sleep Talk\n|-damage|p1a: Iron Hands|44/100 brn\n|\n|-damage|p1a: Iron Hands|38/100 brn|[from] brn\n|upkeep\n|turn|45\n|inactive|Time left: 300 sec this turn | 300 sec total\n|\n|t:|1783399861\n|switch|p2a: Hitmonchan|Hitmonchan, L87, M|109/229\n|move|p1a: Iron Hands|Thunder Punch|p2a: Hitmonchan\n|-damage|p2a: Hitmonchan|61/229\n|\n|-damage|p1a: Iron Hands|32/100 brn|[from] brn\n|upkeep\n|turn|46\n|inactive|Time left: 300 sec this turn | 300 sec total\n|\n|t:|1783399861\n|-end|p1a: Iron Hands|Quark Drive|[silent]\n|switch|p1a: Crabominable|Crabominable, L90, M|6/100\n|-damage|p1a: Crabominable|0 fnt|[from] Stealth Rock\n|faint|p1a: Crabominable\n|move|p2a: Hitmonchan|Drain Punch|p1: Crabominable|[notarget]\n|-fail|p2a: Hitmonchan\n|\n|upkeep\n|\n|t:|1783399861\n|switch|p1a: Iron Hands|Iron Hands, L79|32/100 brn\n|-damage|p1a: Iron Hands|26/100 brn|[from] Stealth Rock\n|turn|47\n|inactive|Time left: 300 sec this turn | 300 sec total\n|\n|t:|1783399861\n|move|p2a: Hitmonchan|Drain Punch|p1a: Iron Hands\n|-damage|p1a: Iron Hands|0 fnt\n|-heal|p2a: Hitmonchan|108/229|[from] drain|[of] p1a: Iron Hands\n|faint|p1a: Iron Hands\n|-end|p1a: Iron Hands|Quark Drive|[silent]\n|\n|win|p0y01512ff", "uploadtime": 1783399861, "views": 0, "rating": 0, "private": 0, "password": null, "_winner": "p0y01512ff", "_our_name": "p0y01512ff"}