{"id": "battle-gen9randombattle-19", "formatid": "gen9randombattle", "format": "[Gen 9] Random Battle", "players": ["p0x0191181", "p0y019483e"], "log": "|init|battle\n|title|p0x0191181 vs. p0y019483e\n|j|\u2606p0x0191181\n|j|\u2606p0y019483e\n|t:|1783399924\n|gametype|singles\n|player|p1|p0x0191181|265|\n|player|p2|p0y019483e|169|\n|gen|9\n|tier|[Gen 9] Random Battle\n|rule|Species Clause: Limit one of each Pok\u00e9mon\n|rule|HP Percentage Mod: HP is shown in percentages\n|rule|Sleep Clause Mod: Limit one foe put to sleep\n|rule|Illusion Level Mod: Illusion disguises the Pok\u00e9mon's true level\n|\n|t:|1783399924\n|teamsize|p1|6\n|teamsize|p2|6\n|start\n|switch|p1a: Deoxys|Deoxys, L74|100/100\n|switch|p2a: Amoonguss|Amoonguss, L82, M|321/321\n|-ability|p1a: Deoxys|Pressure\n|turn|1\n|inactive|Battle timer is ON: inactive players will automatically lose when time's up. (requested by p0y019483e)\n|inactive|p0x0191181 also wants the timer to be on.\n|\n|t:|1783399924\n|switch|p2a: Zacian|Zacian-Crowned, L64|225/225\n|-ability|p2a: Zacian|Intrepid Sword|boost\n|-boost|p2a: Zacian|atk|1\n|move|p1a: Deoxys|Psycho Boost|p2a: Zacian\n|-resisted|p2a: Zacian\n|-damage|p2a: Zacian|120/225\n|-unboost|p1a: Deoxys|spa|2\n|-damage|p1a: Deoxys|91/100|[from] item: Life Orb\n|\n|upkeep\n|turn|2\n|inactive|Time left: 300 sec this turn | 300 sec total\n|\n|t:|1783399924\n|move|p1a: Deoxys|Superpower|p2a: Zacian\n|-damage|p2a: Zacian|0 fnt\n|-unboost|p1a: Deoxys|atk|1\n|-unboost|p1a: Deoxys|def|1\n|faint|p2a: Zacian\n|-damage|p1a: Deoxys|81/100|[from] item: Life Orb\n|\n|upkeep\n|inactive|Time left: 300 sec this turn | 300 sec total | 5 sec grace\n|\n|t:|1783399924\n|switch|p2a: Charizard|Charizard, L85, F|271/271\n|turn|3\n|inactive|Time left: 300 sec this turn | 300 sec total\n|\n|t:|1783399925\n|switch|p1a: Spiritomb|Spiritomb, L89, F|100/100\n|move|p2a: Charizard|Swords Dance|p2a: Charizard\n|-boost|p2a: Charizard|atk|2\n|\n|upkeep\n|turn|4\n|inactive|Time left: 300 sec this turn | 300 sec total\n|\n|t:|1783399925\n|-terastallize|p2a: Charizard|Dragon\n|move|p2a: Charizard|Outrage|p1a: Spiritomb\n|-damage|p1a: Spiritomb|21/100\n|move|p1a: Spiritomb|Foul Play|p2a: Charizard\n|-damage|p2a: Charizard|79/271\n|\n|-heal|p1a: Spiritomb|27/100|[from] item: Leftovers\n|upkeep\n|turn|5\n|inactive|Time left: 300 sec this turn | 300 sec total\n|\n|t:|1783399925\n|switch|p1a: Bisharp|Bisharp, L79, F|100/100\n|move|p2a: Charizard|Outrage|p1a: Bisharp|[from] lockedmove\n|-resisted|p1a: Bisharp\n|-crit|p1a: Bisharp\n|-damage|p1a: Bisharp|55/100\n|-start|p2a: Charizard|confusion|[fatigue]\n|\n|upkeep\n|turn|6\n|inactive|Time left: 300 sec this turn | 300 sec total\n|\n|t:|1783399925\n|switch|p2a: Decidueye|Decidueye-Hisui, L87, M|295/295\n|move|p1a: Bisharp|Sucker Punch||[still]\n|-fail|p1a: Bisharp\n|\n|upkeep\n|turn|7\n|inactive|Time left: 300 sec this turn | 300 sec total\n|\n|t:|1783399926\n|-terastallize|p1a: Bisharp|Flying\n|move|p1a: Bisharp|Swords Dance|p1a: Bisharp\n|-boost|p1a: Bisharp|atk|2\n|move|p2a: Decidueye|Triple Arrows|p1a: Bisharp\n|-resisted|p1a: Bisharp\n|-damage|p1a: Bisharp|40/100\n|\n|upkeep\n|turn|8\n|inactive|Time left: 300 sec this turn | 300 sec total\n|\n|t:|1783399926\n|move|p1a: Bisharp|Iron Head|p2a: Decidueye\n|-damage|p2a: Decidueye|117/295\n|move|p2a: Decidueye|Roost|p2a: Decidueye\n|-heal|p2a: Decidueye|265/295\n|-singleturn|p2a: Decidueye|move: Roost\n|\n|-heal|p2a: Decidueye|283/295|[from] item: Leftovers\n|upkeep\n|turn|9\n|inactive|Time left: 300 sec this turn | 300 sec total\n|\n|t:|1783399926\n|switch|p2a: Arcanine|Arcanine, L84, F|288/288\n|-ability|p2a: Arcanine|Intimidate|boost\n|-unboost|p1a: Bisharp|atk|1\n|-ability|p1a: Bisharp|Defiant|boost\n|-boost|p1a: Bisharp|atk|2\n|move|p1a: Bisharp|Iron Head|p2a: Arcanine\n|-resisted|p2a: Arcanine\n|-damage|p2a: Arcanine|176/288\n|\n|upkeep\n|turn|10\n|inactive|Time left: 300 sec this turn | 300 sec total\n|\n|t:|1783399926\n|move|p2a: Arcanine|Extreme Speed|p1a: Bisharp\n|-damage|p1a: Bisharp|23/100\n|move|p1a: Bisharp|Throat Chop|p2a: Arcanine\n|-damage|p2a: Arcanine|0 fnt\n|faint|p2a: Arcanine\n|\n|upkeep\n|inactive|Time left: 300 sec this turn | 300 sec total | 5 sec grace\n|\n|t:|1783399926\n|switch|p2a: Hawlucha|Hawlucha, L80, M|256/256\n|turn|11\n|inactive|Time left: 300 sec this turn | 300 sec total\n|\n|t:|1783399927\n|move|p1a: Bisharp|Sucker Punch|p2a: Hawlucha\n|-resisted|p2a: Hawlucha\n|-damage|p2a: Hawlucha|143/256\n|move|p2a: Hawlucha|Brave Bird|p1a: Bisharp\n|-damage|p1a: Bisharp|0 fnt\n|faint|p1a: Bisharp\n|-damage|p2a: Hawlucha|126/256|[from] Recoil\n|\n|upkeep\n|\n|t:|1783399927\n|switch|p1a: Delibird|Delibird, F|100/100\n|turn|12\n|inactive|Time left: 300 sec this turn | 300 sec total\n|\n|t:|1783399927\n|move|p1a: Delibird|Ice Shard|p2a: Hawlucha\n|-supereffective|p2a: Hawlucha\n|-damage|p2a: Hawlucha|0 fnt\n|faint|p2a: Hawlucha\n|\n|upkeep\n|inactive|Time left: 300 sec this turn | 300 sec total | 5 sec grace\n|\n|t:|1783399927\n|switch|p2a: Amoonguss|Amoonguss, L82, M|321/321\n|turn|13\n|inactive|Time left: 300 sec this turn | 300 sec total\n|\n|t:|1783399928\n|move|p1a: Delibird|Brave Bird|p2a: Amoonguss|[miss]\n|-miss|p1a: Delibird|p2a: Amoonguss\n|move|p2a: Amoonguss|Spore|p1a: Delibird\n|-status|p1a: Delibird|slp|[from] move: Spore\n|\n|upkeep\n|turn|14\n|inactive|Time left: 300 sec this turn | 300 sec total\n|\n|t:|1783399928\n|switch|p1a: Blaziken|Blaziken, L76, F|100/100\n|move|p2a: Amoonguss|Sludge Bomb|p1a: Blaziken\n|-damage|p1a: Blaziken|58/100\n|\n|upkeep\n|turn|15\n|inactive|Time left: 300 sec this turn | 300 sec total\n|\n|t:|1783399928\n|move|p1a: Blaziken|Flare Blitz|p2a: Amoonguss\n|-supereffective|p2a: Amoonguss\n|-damage|p2a: Amoonguss|0 fnt\n|faint|p2a: Amoonguss\n|-damage|p1a: Blaziken|15/100|[from] Recoil\n|-damage|p1a: Blaziken|5/100|[from] item: Life Orb\n|\n|-ability|p1a: Blaziken|Speed Boost|boost\n|-boost|p1a: Blaziken|spe|1\n|upkeep\n|inactive|Time left: 300 sec this turn | 300 sec total | 5 sec grace\n|\n|t:|1783399928\n|switch|p2a: Charizard|Charizard, L85, F, tera:Dragon|79/271\n|turn|16\n|inactive|Time left: 300 sec this turn | 300 sec total\n|\n|t:|1783399929\n|move|p1a: Blaziken|Flare Blitz|p2a: Charizard\n|-resisted|p2a: Charizard\n|-damage|p2a: Charizard|0 fnt\n|faint|p2a: Charizard\n|-damage|p1a: Blaziken|0 fnt|[from] Recoil\n|faint|p1a: Blaziken\n|\n|upkeep\n|inactive|Time left: 300 sec this turn | 300 sec total | 5 sec grace\n|\n|t:|1783399929\n|switch|p2a: Decidueye|Decidueye-Hisui, L87, M|283/295\n|switch|p1a: Keldeo|Keldeo-Resolute, L79|100/100\n|turn|17\n|inactive|Time left: 300 sec this turn | 300 sec total\n|\n|t:|1783399929\n|move|p1a: Keldeo|Air Slash|p2a: Decidueye\n|-supereffective|p2a: Decidueye\n|-damage|p2a: Decidueye|0 fnt\n|faint|p2a: Decidueye\n|\n|win|p0x0191181", "uploadtime": 1783399929, "views": 0, "rating": 0, "private": 0, "password": null, "_winner": "p0x0191181", "_our_name": "p0y019483e"}