{"id": "battle-gen9randombattle-855", "formatid": "gen9randombattle", "format": "[Gen 9] Random Battle", "players": ["p0x85570af", "p0y8552b88"], "log": "|init|battle\n|title|p0x85570af vs. p0y8552b88\n|j|\u2606p0x85570af\n|j|\u2606p0y8552b88\n|t:|1783549811\n|gametype|singles\n|player|p1|p0x85570af|265|\n|player|p2|p0y8552b88|169|\n|gen|9\n|tier|[Gen 9] Random Battle\n|rule|Species Clause: Limit one of each Pok\u00e9mon\n|rule|HP Percentage Mod: HP is shown in percentages\n|rule|Sleep Clause Mod: Limit one foe put to sleep\n|rule|Illusion Level Mod: Illusion disguises the Pok\u00e9mon's true level\n|\n|t:|1783549811\n|teamsize|p1|6\n|teamsize|p2|6\n|start\n|switch|p1a: Blaziken|Blaziken, L76, F|247/247\n|switch|p2a: Altaria|Altaria, L89, F|100/100\n|turn|1\n|inactive|Battle timer is ON: inactive players will automatically lose when time's up. (requested by p0y8552b88)\n|inactive|Time left: 300 sec this turn | 300 sec total | 60 sec grace\n|inactive|p0x85570af also wants the timer to be on.\n|\n|t:|1783549812\n|-terastallize|p1a: Blaziken|Dark\n|move|p2a: Altaria|Brave Bird|p1a: Blaziken\n|-damage|p1a: Blaziken|109/247\n|-damage|p2a: Altaria|84/100|[from] Recoil\n|move|p1a: Blaziken|Swords Dance|p1a: Blaziken\n|-boost|p1a: Blaziken|atk|2\n|\n|-ability|p1a: Blaziken|Speed Boost|boost\n|-boost|p1a: Blaziken|spe|1\n|upkeep\n|turn|2\n|inactive|Time left: 300 sec this turn | 300 sec total\n|\n|t:|1783549813\n|move|p1a: Blaziken|Knock Off|p2a: Altaria\n|-damage|p2a: Altaria|0 fnt\n|-enditem|p2a: Altaria|Heavy-Duty Boots|[from] move: Knock Off|[of] p1a: Blaziken\n|faint|p2a: Altaria\n|-damage|p1a: Blaziken|85/247|[from] item: Life Orb\n|\n|-ability|p1a: Blaziken|Speed Boost|boost\n|-boost|p1a: Blaziken|spe|1\n|upkeep\n|\n|t:|1783549814\n|switch|p2a: Conkeldurr|Conkeldurr, L80, M|100/100\n|turn|3\n|inactive|Time left: 300 sec this turn | 300 sec total\n|\n|t:|1783549815\n|move|p2a: Conkeldurr|Mach Punch|p1a: Blaziken\n|-supereffective|p1a: Blaziken\n|-damage|p1a: Blaziken|0 fnt\n|faint|p1a: Blaziken\n|\n|-status|p2a: Conkeldurr|brn|[from] item: Flame Orb\n|upkeep\n|inactive|Time left: 300 sec this turn | 300 sec total | 5 sec grace\n|\n|t:|1783549816\n|switch|p1a: Palkia|Palkia, L75|259/259\n|-ability|p1a: Palkia|Pressure\n|turn|4\n|inactive|Time left: 300 sec this turn | 300 sec total\n|\n|t:|1783549817\n|move|p1a: Palkia|Draco Meteor|p2a: Conkeldurr\n|-damage|p2a: Conkeldurr|0 fnt\n|-unboost|p1a: Palkia|spa|2\n|faint|p2a: Conkeldurr\n|\n|upkeep\n|\n|t:|1783549818\n|switch|p2a: Kricketune|Kricketune, L99, M|100/100\n|turn|5\n|inactive|Time left: 300 sec this turn | 300 sec total\n|\n|t:|1783549819\n|switch|p1a: Gliscor|Gliscor, L76, F|239/239\n|move|p2a: Kricketune|Sticky Web|p1a: Gliscor\n|-sidestart|p1: p0x85570af|move: Sticky Web\n|\n|-status|p1a: Gliscor|tox|[from] item: Toxic Orb\n|upkeep\n|turn|6\n|inactive|Time left: 300 sec this turn | 300 sec total\n|\n|t:|1783549820\n|switch|p2a: Vaporeon|Vaporeon, L86, M|100/100\n|move|p1a: Gliscor|Knock Off|p2a: Vaporeon\n|-damage|p2a: Vaporeon|82/100\n|-enditem|p2a: Vaporeon|Leftovers|[from] move: Knock Off|[of] p1a: Gliscor\n|\n|upkeep\n|turn|7\n|inactive|Time left: 300 sec this turn | 300 sec total\n|\n|t:|1783549821\n|switch|p1a: Palkia|Palkia, L75|259/259\n|-activate|p1a: Palkia|move: Sticky Web\n|-unboost|p1a: Palkia|spe|1\n|-ability|p1a: Palkia|Pressure\n|move|p2a: Vaporeon|Scald|p1a: Palkia\n|-resisted|p1a: Palkia\n|-damage|p1a: Palkia|237/259\n|\n|upkeep\n|turn|8\n|inactive|Time left: 300 sec this turn | 300 sec total\n|\n|t:|1783549822\n|move|p2a: Vaporeon|Calm Mind|p2a: Vaporeon\n|-boost|p2a: Vaporeon|spa|1\n|-boost|p2a: Vaporeon|spd|1\n|move|p1a: Palkia|Spacial Rend|p2a: Vaporeon\n|-damage|p2a: Vaporeon|52/100\n|\n|upkeep\n|turn|9\n|inactive|Time left: 300 sec this turn | 300 sec total\n|\n|t:|1783549823\n|move|p2a: Vaporeon|Calm Mind|p2a: Vaporeon\n|-boost|p2a: Vaporeon|spa|1\n|-boost|p2a: Vaporeon|spd|1\n|move|p1a: Palkia|Spacial Rend|p2a: Vaporeon\n|-damage|p2a: Vaporeon|30/100\n|\n|upkeep\n|turn|10\n|inactive|Time left: 300 sec this turn | 300 sec total\n|\n|t:|1783549824\n|move|p2a: Vaporeon|Wish|p2a: Vaporeon\n|move|p1a: Palkia|Spacial Rend|p2a: Vaporeon|[miss]\n|-miss|p1a: Palkia|p2a: Vaporeon\n|\n|upkeep\n|turn|11\n|inactive|Time left: 300 sec this turn | 300 sec total\n|\n|t:|1783549825\n|move|p2a: Vaporeon|Scald|p1a: Palkia\n|-resisted|p1a: Palkia\n|-damage|p1a: Palkia|196/259\n|move|p1a: Palkia|Spacial Rend|p2a: Vaporeon\n|-crit|p2a: Vaporeon\n|-damage|p2a: Vaporeon|0 fnt\n|faint|p2a: Vaporeon\n|\n|upkeep\n|\n|t:|1783549826\n|switch|p2a: Wyrdeer|Wyrdeer, L87, M|100/100\n|-ability|p2a: Wyrdeer|Intimidate|boost\n|-unboost|p1a: Palkia|atk|1\n|turn|12\n|inactive|Time left: 300 sec this turn | 300 sec total\n|\n|t:|1783549827\n|switch|p1a: Gliscor|Gliscor, L76, F|239/239 tox\n|move|p2a: Wyrdeer|Body Slam|p1a: Gliscor\n|-damage|p1a: Gliscor|160/239 tox\n|\n|-heal|p1a: Gliscor|189/239 tox|[from] ability: Poison Heal\n|upkeep\n|turn|13\n|inactive|Time left: 300 sec this turn | 300 sec total\n|\n|t:|1783549828\n|move|p1a: Gliscor|Knock Off|p2a: Wyrdeer\n|-supereffective|p2a: Wyrdeer\n|-damage|p2a: Wyrdeer|65/100\n|-enditem|p2a: Wyrdeer|Assault Vest|[from] move: Knock Off|[of] p1a: Gliscor\n|move|p2a: Wyrdeer|Psychic Noise|p1a: Gliscor\n|-damage|p1a: Gliscor|81/239 tox\n|-start|p1a: Gliscor|move: Heal Block\n|\n|upkeep\n|turn|14\n|inactive|Time left: 300 sec this turn | 300 sec total\n|\n|t:|1783549829\n|move|p1a: Gliscor|Protect|p1a: Gliscor\n|-singleturn|p1a: Gliscor|Protect\n|move|p2a: Wyrdeer|Body Slam|p1a: Gliscor\n|-activate|p1a: Gliscor|move: Protect\n|\n|-end|p1a: Gliscor|move: Heal Block\n|upkeep\n|turn|15\n|inactive|Time left: 300 sec this turn | 300 sec total\n|\n|t:|1783549830\n|move|p1a: Gliscor|Knock Off|p2a: Wyrdeer\n|-supereffective|p2a: Wyrdeer\n|-damage|p2a: Wyrdeer|39/100\n|move|p2a: Wyrdeer|Body Slam|p1a: Gliscor\n|-damage|p1a: Gliscor|0 fnt\n|faint|p1a: Gliscor\n|\n|upkeep\n|inactive|Time left: 300 sec this turn | 300 sec total | 5 sec grace\n|\n|t:|1783549831\n|switch|p1a: Delphox|Delphox, L84, M|263/263\n|turn|16\n|inactive|Time left: 300 sec this turn | 300 sec total\n|\n|t:|1783549831\n|switch|p2a: Dewgong|Dewgong, L94, M|100/100\n|move|p1a: Delphox|Fire Blast|p2a: Dewgong\n|-damage|p2a: Dewgong|83/100\n|-status|p2a: Dewgong|brn\n|\n|-damage|p2a: Dewgong|77/100 brn|[from] brn\n|upkeep\n|turn|17\n|inactive|Time left: 300 sec this turn | 300 sec total\n|\n|t:|1783549832\n|switch|p1a: Palkia|Palkia, L75|196/259\n|-activate|p1a: Palkia|move: Sticky Web\n|-unboost|p1a: Palkia|spe|1\n|-ability|p1a: Palkia|Pressure\n|move|p2a: Dewgong|Surf|p1a: Palkia\n|-resisted|p1a: Palkia\n|-damage|p1a: Palkia|177/259\n|\n|-damage|p2a: Dewgong|70/100 brn|[from] brn\n|upkeep\n|turn|18\n|inactive|Time left: 300 sec this turn | 300 sec total\n|\n|t:|1783549834\n|move|p2a: Dewgong|Triple Axel|p1a: Palkia\n|-damage|p1a: Palkia|168/259\n|-damage|p1a: Palkia|149/259\n|-damage|p1a: Palkia|117/259\n|-hitcount|p1a: Palkia|3\n|move|p1a: Palkia|Spacial Rend|p2a: Dewgong\n|-damage|p2a: Dewgong|21/100 brn\n|\n|-damage|p2a: Dewgong|14/100 brn|[from] brn\n|upkeep\n|turn|19\n|inactive|Time left: 300 sec this turn | 300 sec total\n|\n|t:|1783549835\n|move|p2a: Dewgong|Surf|p1a: Palkia\n|-resisted|p1a: Palkia\n|-damage|p1a: Palkia|97/259\n|move|p1a: Palkia|Spacial Rend|p2a: Dewgong\n|-damage|p2a: Dewgong|0 fnt\n|faint|p2a: Dewgong\n|\n|upkeep\n|\n|t:|1783549836\n|switch|p2a: Wyrdeer|Wyrdeer, L87, M|39/100\n|-ability|p2a: Wyrdeer|Intimidate|boost\n|-unboost|p1a: Palkia|atk|1\n|turn|20\n|inactive|Time left: 300 sec this turn | 300 sec total\n|\n|t:|1783549837\n|move|p2a: Wyrdeer|Body Slam|p1a: Palkia\n|-damage|p1a: Palkia|0 fnt\n|faint|p1a: Palkia\n|\n|upkeep\n|inactive|Time left: 300 sec this turn | 300 sec total | 5 sec grace\n|\n|t:|1783549838\n|switch|p1a: Delphox|Delphox, L84, M|263/263\n|turn|21\n|inactive|Time left: 300 sec this turn | 300 sec total\n|\n|t:|1783549839\n|move|p1a: Delphox|Fire Blast|p2a: Wyrdeer\n|-damage|p2a: Wyrdeer|0 fnt\n|faint|p2a: Wyrdeer\n|\n|upkeep\n|\n|t:|1783549840\n|switch|p2a: Kricketune|Kricketune, L99, M|100/100\n|turn|22\n|inactive|Time left: 300 sec this turn | 300 sec total\n|\n|t:|1783549841\n|-terastallize|p2a: Kricketune|Ghost\n|move|p1a: Delphox|Fire Blast|p2a: Kricketune\n|-damage|p2a: Kricketune|45/100\n|move|p2a: Kricketune|Pounce|p1a: Delphox\n|-damage|p1a: Delphox|154/263\n|-unboost|p1a: Delphox|spe|1\n|\n|upkeep\n|turn|23\n|inactive|Time left: 300 sec this turn | 300 sec total\n|\n|t:|1783549842\n|move|p2a: Kricketune|Knock Off|p1a: Delphox\n|-supereffective|p1a: Delphox\n|-damage|p1a: Delphox|0 fnt\n|-enditem|p1a: Delphox|Heavy-Duty Boots|[from] move: Knock Off|[of] p2a: Kricketune\n|faint|p1a: Delphox\n|\n|upkeep\n|inactive|Time left: 300 sec this turn | 300 sec total | 5 sec grace\n|\n|t:|1783549843\n|switch|p1a: Sunflora|Sunflora, M|312/312\n|-activate|p1a: Sunflora|move: Sticky Web\n|-unboost|p1a: Sunflora|spe|1\n|turn|24\n|inactive|Time left: 300 sec this turn | 300 sec total\n|\n|t:|1783549844\n|move|p2a: Kricketune|Knock Off|p1a: Sunflora\n|-damage|p1a: Sunflora|216/312\n|-enditem|p1a: Sunflora|Choice Specs|[from] move: Knock Off|[of] p2a: Kricketune\n|move|p1a: Sunflora|Earth Power|p2a: Kricketune\n|-damage|p2a: Kricketune|10/100\n|\n|upkeep\n|turn|25\n|inactive|Time left: 300 sec this turn | 300 sec total\n|\n|t:|1783549845\n|move|p2a: Kricketune|Pounce|p1a: Sunflora\n|-supereffective|p1a: Sunflora\n|-damage|p1a: Sunflora|0 fnt\n|faint|p1a: Sunflora\n|\n|upkeep\n|inactive|Time left: 300 sec this turn | 300 sec total | 5 sec grace\n|\n|t:|1783549846\n|switch|p1a: Cinccino|Cinccino, L83, M|260/260\n|-activate|p1a: Cinccino|move: Sticky Web\n|-unboost|p1a: Cinccino|spe|1\n|turn|26\n|inactive|Time left: 300 sec this turn | 300 sec total\n|\n|t:|1783549847\n|move|p2a: Kricketune|Pounce|p1a: Cinccino\n|-damage|p1a: Cinccino|127/260\n|-unboost|p1a: Cinccino|spe|1\n|move|p1a: Cinccino|Bullet Seed|p2a: Kricketune\n|-damage|p2a: Kricketune|0 fnt\n|faint|p2a: Kricketune\n|-hitcount|p2: Kricketune|1\n|\n|win|p0x85570af", "uploadtime": 1783549847, "views": 0, "rating": 0, "private": 0, "password": null, "_winner": "p0x85570af", "_our_name": "p0x85570af"}