{"id": "battle-gen9randombattle-2700", "formatid": "gen9randombattle", "format": "[Gen 9] Random Battle", "players": ["p0x2700c571", "p0y2700457d"], "log": "|init|battle\n|title|p0x2700c571 vs. p0y2700457d\n|j|\u2606p0x2700c571\n|j|\u2606p0y2700457d\n|t:|1783571131\n|gametype|singles\n|player|p1|p0x2700c571|102|\n|player|p2|p0y2700457d|101|\n|gen|9\n|tier|[Gen 9] Random Battle\n|rule|Species Clause: Limit one of each Pok\u00e9mon\n|rule|HP Percentage Mod: HP is shown in percentages\n|rule|Sleep Clause Mod: Limit one foe put to sleep\n|rule|Illusion Level Mod: Illusion disguises the Pok\u00e9mon's true level\n|\n|t:|1783571131\n|teamsize|p1|6\n|teamsize|p2|6\n|start\n|switch|p1a: Chi-Yu|Chi-Yu, L77|100/100\n|switch|p2a: Tauros|Tauros, L82, M|257/257\n|-ability|p1a: Chi-Yu|Beads of Ruin\n|turn|1\n|inactive|Battle timer is ON: inactive players will automatically lose when time's up. (requested by p0x2700c571)\n|inactive|Time left: 300 sec this turn | 300 sec total | 60 sec grace\n|inactive|p0y2700457d also wants the timer to be on.\n|\n|t:|1783571133\n|switch|p1a: Dondozo|Dondozo, L78, F|100/100\n|move|p2a: Tauros|Earthquake|p1a: Dondozo\n|-damage|p1a: Dondozo|80/100\n|-damage|p2a: Tauros|232/257|[from] item: Life Orb\n|\n|-heal|p1a: Dondozo|86/100|[from] item: Leftovers\n|upkeep\n|turn|2\n|inactive|Time left: 300 sec this turn | 300 sec total\n|\n|t:|1783571134\n|switch|p2a: Inteleon|Inteleon, L81, F|246/246\n|move|p1a: Dondozo|Wave Crash|p2a: Inteleon\n|-resisted|p2a: Inteleon\n|-damage|p2a: Inteleon|178/246\n|-damage|p1a: Dondozo|80/100|[from] Recoil\n|\n|-heal|p1a: Dondozo|86/100|[from] item: Leftovers\n|upkeep\n|turn|3\n|inactive|Time left: 300 sec this turn | 300 sec total\n|\n|t:|1783571135\n|move|p2a: Inteleon|Scald|p1a: Dondozo\n|-resisted|p1a: Dondozo\n|-crit|p1a: Dondozo\n|-damage|p1a: Dondozo|49/100\n|-status|p1a: Dondozo|brn\n|move|p1a: Dondozo|Wave Crash|p2a: Inteleon\n|-resisted|p2a: Inteleon\n|-damage|p2a: Inteleon|144/246\n|-damage|p1a: Dondozo|46/100 brn|[from] Recoil\n|\n|-heal|p1a: Dondozo|52/100 brn|[from] item: Leftovers\n|-damage|p1a: Dondozo|46/100 brn|[from] brn\n|upkeep\n|turn|4\n|inactive|Time left: 300 sec this turn | 300 sec total\n|\n|t:|1783571136\n|move|p2a: Inteleon|Scald|p1a: Dondozo\n|-resisted|p1a: Dondozo\n|-damage|p1a: Dondozo|21/100 brn\n|move|p1a: Dondozo|Rest|p1a: Dondozo\n|-status|p1a: Dondozo|slp|[from] move: Rest\n|-heal|p1a: Dondozo|100/100 slp|[silent]\n|\n|upkeep\n|turn|5\n|inactive|Time left: 300 sec this turn | 300 sec total\n|\n|t:|1783571137\n|switch|p1a: Kyurem|Kyurem, L77|100/100\n|-ability|p1a: Kyurem|Pressure\n|move|p2a: Inteleon|Scald|p1a: Kyurem\n|-resisted|p1a: Kyurem\n|-damage|p1a: Kyurem|78/100\n|-status|p1a: Kyurem|brn\n|\n|-damage|p1a: Kyurem|72/100 brn|[from] brn\n|upkeep\n|turn|6\n|inactive|Time left: 300 sec this turn | 300 sec total\n|\n|t:|1783571139\n|move|p2a: Inteleon|Scald|p1a: Kyurem\n|-resisted|p1a: Kyurem\n|-damage|p1a: Kyurem|48/100 brn\n|move|p1a: Kyurem|Freeze-Dry|p2a: Inteleon\n|-supereffective|p2a: Inteleon\n|-damage|p2a: Inteleon|0 fnt\n|faint|p2a: Inteleon\n|\n|-damage|p1a: Kyurem|42/100 brn|[from] brn\n|upkeep\n|inactive|Time left: 300 sec this turn | 300 sec total | 5 sec grace\n|\n|t:|1783571140\n|switch|p2a: Baxcalibur|Baxcalibur, L75, M|296/296\n|turn|7\n|inactive|Time left: 300 sec this turn | 300 sec total\n|\n|t:|1783571140\n|move|p1a: Kyurem|Freeze-Dry|p2a: Baxcalibur\n|-damage|p2a: Baxcalibur|172/296\n|move|p2a: Baxcalibur|Dragon Dance|p2a: Baxcalibur\n|-boost|p2a: Baxcalibur|atk|1\n|-boost|p2a: Baxcalibur|spe|1\n|\n|-damage|p1a: Kyurem|36/100 brn|[from] brn\n|upkeep\n|turn|8\n|inactive|Time left: 300 sec this turn | 300 sec total\n|\n|t:|1783571141\n|switch|p1a: Mimikyu|Mimikyu, L79, M|100/100\n|move|p2a: Baxcalibur|Glaive Rush|p1a: Mimikyu\n|-immune|p1a: Mimikyu\n|\n|upkeep\n|turn|9\n|inactive|Time left: 300 sec this turn | 300 sec total\n|\n|t:|1783571142\n|-terastallize|p2a: Baxcalibur|Ground\n|move|p2a: Baxcalibur|Glaive Rush|p1a: Mimikyu\n|-immune|p1a: Mimikyu\n|move|p1a: Mimikyu|Play Rough|p2a: Baxcalibur\n|-damage|p2a: Baxcalibur|54/296\n|-damage|p1a: Mimikyu|91/100|[from] item: Life Orb\n|\n|upkeep\n|turn|10\n|inactive|Time left: 300 sec this turn | 300 sec total\n|\n|t:|1783571143\n|move|p2a: Baxcalibur|Icicle Crash|p1a: Mimikyu\n|-activate|p1a: Mimikyu|ability: Disguise\n|-damage|p1a: Mimikyu|91/100\n|detailschange|p1a: Mimikyu|Mimikyu-Busted, L79, M\n|-damage|p1a: Mimikyu|78/100|[from] pokemon: Mimikyu-Busted\n|move|p1a: Mimikyu|Play Rough|p2a: Baxcalibur\n|-damage|p2a: Baxcalibur|0 fnt\n|faint|p2a: Baxcalibur\n|-damage|p1a: Mimikyu|69/100|[from] item: Life Orb\n|\n|upkeep\n|inactive|Time left: 300 sec this turn | 300 sec total | 5 sec grace\n|\n|t:|1783571144\n|switch|p2a: Rotom|Rotom, L88|231/231\n|turn|11\n|inactive|Time left: 300 sec this turn | 300 sec total\n|\n|t:|1783571145\n|switch|p1a: Plusle|Plusle, L95, F|100/100\n|move|p2a: Rotom|Nasty Plot|p2a: Rotom\n|-boost|p2a: Rotom|spa|2\n|\n|upkeep\n|turn|12\n|inactive|Time left: 300 sec this turn | 300 sec total\n|\n|t:|1783571145\n|move|p1a: Plusle|Nasty Plot|p1a: Plusle\n|-boost|p1a: Plusle|spa|2\n|move|p2a: Rotom|Shadow Ball|p1a: Plusle\n|-damage|p1a: Plusle|17/100\n|-damage|p2a: Rotom|208/231|[from] item: Life Orb\n|\n|upkeep\n|turn|13\n|inactive|Time left: 300 sec this turn | 300 sec total\n|\n|t:|1783571146\n|-terastallize|p1a: Plusle|Fairy\n|move|p1a: Plusle|Alluring Voice|p2a: Rotom\n|-damage|p2a: Rotom|0 fnt\n|faint|p2a: Rotom\n|-damage|p1a: Plusle|7/100|[from] item: Life Orb\n|\n|upkeep\n|inactive|Time left: 300 sec this turn | 300 sec total | 5 sec grace\n|\n|t:|1783571147\n|switch|p2a: Dachsbun|Dachsbun, L92, M|254/254\n|turn|14\n|inactive|Time left: 300 sec this turn | 300 sec total\n|\n|t:|1783571148\n|move|p2a: Dachsbun|Protect|p2a: Dachsbun\n|-singleturn|p2a: Dachsbun|Protect\n|move|p1a: Plusle|Thunderbolt|p2a: Dachsbun\n|-activate|p2a: Dachsbun|move: Protect\n|\n|upkeep\n|turn|15\n|inactive|Time left: 300 sec this turn | 300 sec total\n|\n|t:|1783571148\n|move|p2a: Dachsbun|Protect||[still]\n|-fail|p2a: Dachsbun\n|move|p1a: Plusle|Thunderbolt|p2a: Dachsbun\n|-damage|p2a: Dachsbun|0 fnt\n|faint|p2a: Dachsbun\n|-damage|p1a: Plusle|0 fnt|[from] item: Life Orb\n|faint|p1a: Plusle\n|\n|upkeep\n|inactive|Time left: 300 sec this turn | 300 sec total | 5 sec grace\n|\n|t:|1783571149\n|switch|p1a: Weavile|Weavile, L79, M|100/100\n|switch|p2a: Tauros|Tauros, L82, M|232/257\n|turn|16\n|inactive|Time left: 300 sec this turn | 300 sec total\n|\n|t:|1783571150\n|move|p1a: Weavile|Knock Off|p2a: Tauros\n|-damage|p2a: Tauros|84/257\n|-enditem|p2a: Tauros|Life Orb|[from] move: Knock Off|[of] p1a: Weavile\n|move|p2a: Tauros|Close Combat|p1a: Weavile\n|-supereffective|p1a: Weavile\n|-damage|p1a: Weavile|0 fnt\n|-unboost|p2a: Tauros|def|1\n|-unboost|p2a: Tauros|spd|1\n|faint|p1a: Weavile\n|\n|upkeep\n|\n|t:|1783571151\n|switch|p1a: Dondozo|Dondozo, L78, F|100/100 slp\n|turn|17\n|inactive|Time left: 300 sec this turn | 300 sec total\n|\n|t:|1783571152\n|move|p2a: Tauros|Body Slam|p1a: Dondozo\n|-damage|p1a: Dondozo|74/100 slp\n|cant|p1a: Dondozo|slp\n|move|p1a: Dondozo|Sleep Talk|p1a: Dondozo\n|move|p1a: Dondozo|Rest||[from] move: Sleep Talk|[still]\n|-fail|p1a: Dondozo\n|\n|-heal|p1a: Dondozo|80/100 slp|[from] item: Leftovers\n|upkeep\n|turn|18\n|inactive|Time left: 300 sec this turn | 300 sec total\n|\n|t:|1783571153\n|move|p2a: Tauros|Body Slam|p1a: Dondozo\n|-crit|p1a: Dondozo\n|-damage|p1a: Dondozo|39/100 slp\n|cant|p1a: Dondozo|slp\n|move|p1a: Dondozo|Sleep Talk|p1a: Dondozo\n|move|p1a: Dondozo|Curse|p1a: Dondozo|[from] move: Sleep Talk\n|-unboost|p1a: Dondozo|spe|1\n|-boost|p1a: Dondozo|atk|1\n|-boost|p1a: Dondozo|def|1\n|\n|-heal|p1a: Dondozo|45/100 slp|[from] item: Leftovers\n|upkeep\n|turn|19\n|inactive|Time left: 300 sec this turn | 300 sec total\n|\n|t:|1783571153\n|move|p2a: Tauros|Body Slam|p1a: Dondozo\n|-damage|p1a: Dondozo|27/100 slp\n|-curestatus|p1a: Dondozo|slp|[msg]\n|move|p1a: Dondozo|Wave Crash|p2a: Tauros\n|-damage|p2a: Tauros|0 fnt\n|faint|p2a: Tauros\n|-damage|p1a: Dondozo|19/100|[from] Recoil\n|\n|-heal|p1a: Dondozo|25/100|[from] item: Leftovers\n|upkeep\n|inactive|Time left: 300 sec this turn | 300 sec total | 5 sec grace\n|\n|t:|1783571154\n|switch|p2a: Vivillon|Vivillon-Modern, L83, F|268/268\n|turn|20\n|inactive|Time left: 300 sec this turn | 300 sec total\n|\n|t:|1783571155\n|move|p2a: Vivillon|Sleep Powder|p1a: Dondozo\n|-status|p1a: Dondozo|slp|[from] move: Sleep Powder\n|cant|p1a: Dondozo|slp\n|\n|-heal|p1a: Dondozo|31/100 slp|[from] item: Leftovers\n|upkeep\n|turn|21\n|inactive|Time left: 300 sec this turn | 300 sec total\n|\n|t:|1783571156\n|switch|p1a: Chi-Yu|Chi-Yu, L77|100/100\n|-ability|p1a: Chi-Yu|Beads of Ruin\n|move|p2a: Vivillon|Hurricane|p1a: Chi-Yu\n|-damage|p1a: Chi-Yu|55/100\n|\n|upkeep\n|turn|22\n|inactive|Time left: 300 sec this turn | 300 sec total\n|\n|t:|1783571157\n|move|p1a: Chi-Yu|Fire Blast|p2a: Vivillon|[miss]\n|-miss|p1a: Chi-Yu|p2a: Vivillon\n|move|p2a: Vivillon|Quiver Dance|p2a: Vivillon\n|-boost|p2a: Vivillon|spa|1\n|-boost|p2a: Vivillon|spd|1\n|-boost|p2a: Vivillon|spe|1\n|\n|upkeep\n|turn|23\n|inactive|Time left: 300 sec this turn | 300 sec total\n|\n|t:|1783571158\n|move|p2a: Vivillon|Hurricane|p1a: Chi-Yu|[miss]\n|-miss|p2a: Vivillon|p1a: Chi-Yu\n|move|p1a: Chi-Yu|Fire Blast|p2a: Vivillon\n|-supereffective|p2a: Vivillon\n|-damage|p2a: Vivillon|0 fnt\n|faint|p2a: Vivillon\n|\n|win|p0x2700c571", "uploadtime": 1783571158, "views": 0, "rating": 0, "private": 0, "password": null, "_winner": "p0x2700c571", "_our_name": "p0y2700457d"}