{"id": "battle-gen9randombattle-598", "formatid": "gen9randombattle", "format": "[Gen 9] Random Battle", "players": ["p0x5981d86", "p0y5982389"], "log": "|init|battle\n|title|p0x5981d86 vs. p0y5982389\n|j|\u2606p0x5981d86\n|j|\u2606p0y5982389\n|t:|1783546767\n|gametype|singles\n|player|p1|p0x5981d86|101|\n|player|p2|p0y5982389|266|\n|gen|9\n|tier|[Gen 9] Random Battle\n|rule|Species Clause: Limit one of each Pok\u00e9mon\n|rule|HP Percentage Mod: HP is shown in percentages\n|rule|Sleep Clause Mod: Limit one foe put to sleep\n|rule|Illusion Level Mod: Illusion disguises the Pok\u00e9mon's true level\n|\n|t:|1783546767\n|teamsize|p1|6\n|teamsize|p2|6\n|start\n|switch|p1a: Garchomp|Garchomp, L74, M|282/282\n|switch|p2a: Salazzle|Salazzle, L83, F|100/100\n|turn|1\n|inactive|Battle timer is ON: inactive players will automatically lose when time's up. (requested by p0x5981d86)\n|inactive|p0y5982389 also wants the timer to be on.\n|\n|t:|1783546768\n|switch|p2a: Granbull|Granbull, L88, F|100/100\n|-ability|p2a: Granbull|Intimidate|boost\n|-unboost|p1a: Garchomp|atk|1\n|move|p1a: Garchomp|Scale Shot|p2a: Granbull\n|-immune|p2a: Granbull\n|\n|upkeep\n|turn|2\n|inactive|Time left: 300 sec this turn | 300 sec total\n|\n|t:|1783546769\n|switch|p1a: Slaking|Slaking, L84, F|389/389\n|move|p2a: Granbull|Play Rough|p1a: Slaking\n|-damage|p1a: Slaking|272/389\n|\n|upkeep\n|turn|3\n|inactive|Time left: 300 sec this turn | 300 sec total\n|\n|t:|1783546771\n|move|p1a: Slaking|Giga Impact|p2a: Granbull\n|-damage|p2a: Granbull|0 fnt\n|-mustrecharge|p1a: Slaking\n|faint|p2a: Granbull\n|\n|upkeep\n|\n|t:|1783546772\n|switch|p2a: Infernape|Infernape, L82, M|100/100\n|turn|4\n|inactive|Time left: 300 sec this turn | 300 sec total\n|\n|t:|1783546773\n|move|p2a: Infernape|Close Combat|p1a: Slaking\n|-supereffective|p1a: Slaking\n|-damage|p1a: Slaking|0 fnt\n|-unboost|p2a: Infernape|def|1\n|-unboost|p2a: Infernape|spd|1\n|faint|p1a: Slaking\n|-damage|p2a: Infernape|91/100|[from] item: Life Orb\n|\n|upkeep\n|inactive|Time left: 300 sec this turn | 300 sec total | 5 sec grace\n|\n|t:|1783546774\n|switch|p1a: Garchomp|Garchomp, L74, M|282/282\n|turn|5\n|inactive|Time left: 300 sec this turn | 300 sec total\n|\n|t:|1783546775\n|switch|p2a: Squawkabilly|Squawkabilly-Yellow, L89, M|100/100\n|move|p1a: Garchomp|Earthquake|p2a: Squawkabilly\n|-immune|p2a: Squawkabilly\n|\n|upkeep\n|turn|6\n|inactive|Time left: 300 sec this turn | 300 sec total\n|\n|t:|1783546776\n|move|p2a: Squawkabilly|Double-Edge|p1a: Garchomp\n|-damage|p1a: Garchomp|0 fnt\n|-damage|p2a: Squawkabilly|88/100|[from] ability: Rough Skin|[of] p1a: Garchomp\n|faint|p1a: Garchomp\n|-damage|p2a: Squawkabilly|56/100|[from] Recoil\n|\n|upkeep\n|inactive|Time left: 300 sec this turn | 300 sec total | 5 sec grace\n|\n|t:|1783546777\n|switch|p1a: Empoleon|Empoleon, L84, F|278/278\n|turn|7\n|inactive|Time left: 300 sec this turn | 300 sec total\n|\n|t:|1783546778\n|move|p2a: Squawkabilly|Double-Edge|p1a: Empoleon\n|-resisted|p1a: Empoleon\n|-damage|p1a: Empoleon|128/278\n|-damage|p2a: Squawkabilly|39/100|[from] Recoil\n|move|p1a: Empoleon|Surf|p2a: Squawkabilly\n|-damage|p2a: Squawkabilly|0 fnt\n|faint|p2a: Squawkabilly\n|\n|-heal|p1a: Empoleon|145/278|[from] item: Leftovers\n|upkeep\n|\n|t:|1783546779\n|switch|p2a: Infernape|Infernape, L82, M|91/100\n|turn|8\n|inactive|Time left: 300 sec this turn | 300 sec total\n|\n|t:|1783546780\n|switch|p1a: Rabsca|Rabsca, L91, M|284/284\n|move|p2a: Infernape|Close Combat|p1a: Rabsca\n|-resisted|p1a: Rabsca\n|-damage|p1a: Rabsca|248/284\n|-unboost|p2a: Infernape|def|1\n|-unboost|p2a: Infernape|spd|1\n|-damage|p2a: Infernape|81/100|[from] item: Life Orb\n|\n|upkeep\n|turn|9\n|inactive|Time left: 300 sec this turn | 300 sec total\n|\n|t:|1783546781\n|move|p2a: Infernape|Overheat|p1a: Rabsca|[miss]\n|-miss|p2a: Infernape|p1a: Rabsca\n|move|p1a: Rabsca|Psychic|p2a: Infernape\n|-supereffective|p2a: Infernape\n|-damage|p2a: Infernape|0 fnt\n|faint|p2a: Infernape\n|\n|upkeep\n|\n|t:|1783546782\n|switch|p2a: Swanna|Swanna, L89, F|100/100\n|turn|10\n|inactive|Time left: 300 sec this turn | 300 sec total\n|\n|t:|1783546783\n|-terastallize|p1a: Rabsca|Steel\n|move|p2a: Swanna|Brave Bird|p1a: Rabsca\n|-resisted|p1a: Rabsca\n|-damage|p1a: Rabsca|182/284\n|-damage|p2a: Swanna|93/100|[from] Recoil\n|move|p1a: Rabsca|Psychic|p2a: Swanna\n|-damage|p2a: Swanna|33/100\n|-unboost|p2a: Swanna|spd|1\n|\n|upkeep\n|turn|11\n|inactive|Time left: 300 sec this turn | 300 sec total\n|\n|t:|1783546784\n|move|p2a: Swanna|Knock Off|p1a: Rabsca\n|-damage|p1a: Rabsca|110/284\n|-enditem|p1a: Rabsca|Heavy-Duty Boots|[from] move: Knock Off|[of] p2a: Swanna\n|move|p1a: Rabsca|Psychic|p2a: Swanna\n|-damage|p2a: Swanna|0 fnt\n|faint|p2a: Swanna\n|\n|upkeep\n|\n|t:|1783546785\n|switch|p2a: Salazzle|Salazzle, L83, F|100/100\n|turn|12\n|inactive|Time left: 300 sec this turn | 300 sec total\n|\n|t:|1783546786\n|move|p2a: Salazzle|Flamethrower|p1a: Rabsca\n|-supereffective|p1a: Rabsca\n|-damage|p1a: Rabsca|0 fnt\n|faint|p1a: Rabsca\n|\n|upkeep\n|inactive|Time left: 300 sec this turn | 300 sec total | 5 sec grace\n|\n|t:|1783546786\n|switch|p1a: Staraptor|Staraptor, L79, F|263/263\n|turn|13\n|inactive|Time left: 300 sec this turn | 300 sec total\n|\n|t:|1783546787\n|move|p2a: Salazzle|Flamethrower|p1a: Staraptor\n|-damage|p1a: Staraptor|128/263\n|move|p1a: Staraptor|Brave Bird|p2a: Salazzle\n|-damage|p2a: Salazzle|0 fnt\n|faint|p2a: Salazzle\n|-damage|p1a: Staraptor|46/263|[from] Recoil\n|\n|upkeep\n|\n|t:|1783546788\n|switch|p2a: Tentacruel|Tentacruel, L84, M|100/100\n|turn|14\n|inactive|Time left: 300 sec this turn | 300 sec total\n|\n|t:|1783546789\n|switch|p1a: Empoleon|Empoleon, L84, F|145/278\n|move|p2a: Tentacruel|Knock Off|p1a: Empoleon\n|-damage|p1a: Empoleon|95/278\n|-enditem|p1a: Empoleon|Leftovers|[from] move: Knock Off|[of] p2a: Tentacruel\n|\n|upkeep\n|turn|15\n|inactive|Time left: 300 sec this turn | 300 sec total\n|\n|t:|1783546790\n|move|p2a: Tentacruel|Rapid Spin|p1a: Empoleon\n|-resisted|p1a: Empoleon\n|-damage|p1a: Empoleon|81/278\n|-boost|p2a: Tentacruel|spe|1\n|move|p1a: Empoleon|Roost|p1a: Empoleon\n|-heal|p1a: Empoleon|220/278\n|-singleturn|p1a: Empoleon|move: Roost\n|\n|upkeep\n|turn|16\n|inactive|Time left: 300 sec this turn | 300 sec total\n|\n|t:|1783546791\n|move|p2a: Tentacruel|Rapid Spin|p1a: Empoleon\n|-resisted|p1a: Empoleon\n|-damage|p1a: Empoleon|206/278\n|-boost|p2a: Tentacruel|spe|1\n|move|p1a: Empoleon|Knock Off|p2a: Tentacruel\n|-damage|p2a: Tentacruel|71/100\n|-enditem|p2a: Tentacruel|Assault Vest|[from] move: Knock Off|[of] p1a: Empoleon\n|\n|upkeep\n|turn|17\n|inactive|Time left: 300 sec this turn | 300 sec total\n|\n|t:|1783546792\n|move|p2a: Tentacruel|Knock Off|p1a: Empoleon\n|-damage|p1a: Empoleon|171/278\n|move|p1a: Empoleon|Roost|p1a: Empoleon\n|-heal|p1a: Empoleon|278/278\n|-singleturn|p1a: Empoleon|move: Roost\n|\n|upkeep\n|turn|18\n|inactive|Time left: 300 sec this turn | 300 sec total\n|\n|t:|1783546793\n|move|p2a: Tentacruel|Rapid Spin|p1a: Empoleon\n|-resisted|p1a: Empoleon\n|-damage|p1a: Empoleon|263/278\n|-boost|p2a: Tentacruel|spe|1\n|move|p1a: Empoleon|Knock Off|p2a: Tentacruel\n|-damage|p2a: Tentacruel|52/100\n|\n|upkeep\n|turn|19\n|inactive|Time left: 300 sec this turn | 300 sec total\n|\n|t:|1783546794\n|move|p2a: Tentacruel|Surf|p1a: Empoleon\n|-resisted|p1a: Empoleon\n|-damage|p1a: Empoleon|226/278\n|move|p1a: Empoleon|Knock Off|p2a: Tentacruel\n|-damage|p2a: Tentacruel|31/100\n|\n|upkeep\n|turn|20\n|inactive|Time left: 300 sec this turn | 300 sec total\n|\n|t:|1783546795\n|move|p2a: Tentacruel|Knock Off|p1a: Empoleon\n|-damage|p1a: Empoleon|191/278\n|move|p1a: Empoleon|Knock Off|p2a: Tentacruel\n|-damage|p2a: Tentacruel|12/100\n|\n|upkeep\n|turn|21\n|inactive|Time left: 300 sec this turn | 300 sec total\n|\n|t:|1783546797\n|move|p2a: Tentacruel|Knock Off|p1a: Empoleon\n|-damage|p1a: Empoleon|154/278\n|move|p1a: Empoleon|Surf|p2a: Tentacruel\n|-resisted|p2a: Tentacruel\n|-damage|p2a: Tentacruel|0 fnt\n|faint|p2a: Tentacruel\n|\n|win|p0x5981d86", "uploadtime": 1783546797, "views": 0, "rating": 0, "private": 0, "password": null, "_winner": "p0x5981d86", "_our_name": "p0x5981d86"}