{"id": "battle-gen9randombattle-382", "formatid": "gen9randombattle", "format": "[Gen 9] Random Battle", "players": ["p0x382a18f", "p0y382d66f"], "log": "|init|battle\n|title|p0x382a18f vs. p0y382d66f\n|j|\u2606p0x382a18f\n|j|\u2606p0y382d66f\n|t:|1783543526\n|gametype|singles\n|player|p1|p0x382a18f|169|\n|player|p2|p0y382d66f|101|\n|gen|9\n|tier|[Gen 9] Random Battle\n|rule|Species Clause: Limit one of each Pok\u00e9mon\n|rule|HP Percentage Mod: HP is shown in percentages\n|rule|Sleep Clause Mod: Limit one foe put to sleep\n|rule|Illusion Level Mod: Illusion disguises the Pok\u00e9mon's true level\n|\n|t:|1783543526\n|teamsize|p1|6\n|teamsize|p2|6\n|start\n|switch|p1a: Illumise|Illumise, L91, F|266/266\n|switch|p2a: Lunala|Lunala, L70|100/100\n|turn|1\n|inactive|Battle timer is ON: inactive players will automatically lose when time's up. (requested by p0y382d66f)\n|inactive|Time left: 300 sec this turn | 300 sec total | 60 sec grace\n|inactive|p0x382a18f also wants the timer to be on.\n|\n|t:|1783543528\n|move|p1a: Illumise|Thunder Wave|p2a: Lunala\n|-status|p2a: Lunala|par\n|move|p2a: Lunala|Calm Mind|p2a: Lunala\n|-boost|p2a: Lunala|spa|1\n|-boost|p2a: Lunala|spd|1\n|\n|upkeep\n|turn|2\n|inactive|Time left: 300 sec this turn | 300 sec total\n|\n|t:|1783543529\n|switch|p1a: Ambipom|Ambipom, L84, F|263/263\n|move|p2a: Lunala|Psyshock|p1a: Ambipom\n|-damage|p1a: Ambipom|128/263\n|\n|upkeep\n|turn|3\n|inactive|Time left: 300 sec this turn | 300 sec total\n|\n|t:|1783543530\n|move|p1a: Ambipom|Knock Off|p2a: Lunala\n|-supereffective|p2a: Lunala\n|-crit|p2a: Lunala\n|-damage|p2a: Lunala|0 fnt\n|-enditem|p2a: Lunala|Leftovers|[from] move: Knock Off|[of] p1a: Ambipom\n|faint|p2a: Lunala\n|\n|upkeep\n|\n|t:|1783543531\n|switch|p2a: Minior|Minior-Violet, L79|100/100\n|-formechange|p2a: Minior|Minior-Meteor||[from] ability: Shields Down\n|turn|4\n|inactive|Time left: 300 sec this turn | 300 sec total\n|\n|t:|1783543533\n|move|p1a: Ambipom|Knock Off|p2a: Minior\n|-damage|p2a: Minior|54/100\n|-enditem|p2a: Minior|White Herb|[from] move: Knock Off|[of] p1a: Ambipom\n|move|p2a: Minior|Shell Smash|p2a: Minior\n|-unboost|p2a: Minior|def|1\n|-unboost|p2a: Minior|spd|1\n|-boost|p2a: Minior|atk|2\n|-boost|p2a: Minior|spa|2\n|-boost|p2a: Minior|spe|2\n|\n|upkeep\n|turn|5\n|inactive|Time left: 300 sec this turn | 300 sec total\n|\n|t:|1783543533\n|switch|p1a: Heatran|Heatran, L79, F|273/273\n|-item|p1a: Heatran|Air Balloon\n|move|p2a: Minior|Acrobatics|p1a: Heatran\n|-resisted|p1a: Heatran\n|-damage|p1a: Heatran|204/273\n|-enditem|p1a: Heatran|Air Balloon\n|\n|upkeep\n|turn|6\n|inactive|Time left: 300 sec this turn | 300 sec total\n|\n|t:|1783543535\n|-terastallize|p1a: Heatran|Flying\n|move|p2a: Minior|Earthquake|p1a: Heatran\n|-immune|p1a: Heatran\n|move|p1a: Heatran|Heavy Slam|p2a: Minior\n|-supereffective|p2a: Minior\n|-damage|p2a: Minior|0 fnt\n|faint|p2a: Minior\n|\n|upkeep\n|\n|t:|1783543535\n|switch|p2a: Hitmontop|Hitmontop, L88, M|100/100\n|turn|7\n|inactive|Time left: 300 sec this turn | 300 sec total\n|\n|t:|1783543536\n|switch|p1a: Quaquaval|Quaquaval, L79, F|264/264\n|move|p2a: Hitmontop|Triple Axel|p1a: Quaquaval\n|-resisted|p1a: Quaquaval\n|-damage|p1a: Quaquaval|251/264\n|-resisted|p1a: Quaquaval\n|-damage|p1a: Quaquaval|222/264\n|-resisted|p1a: Quaquaval\n|-crit|p1a: Quaquaval\n|-damage|p1a: Quaquaval|163/264\n|-hitcount|p1a: Quaquaval|3\n|\n|upkeep\n|turn|8\n|inactive|Time left: 300 sec this turn | 300 sec total\n|\n|t:|1783543537\n|move|p1a: Quaquaval|Close Combat|p2a: Hitmontop\n|-damage|p2a: Hitmontop|38/100\n|-unboost|p1a: Quaquaval|def|1\n|-unboost|p1a: Quaquaval|spd|1\n|-damage|p1a: Quaquaval|137/264|[from] item: Life Orb\n|move|p2a: Hitmontop|Rapid Spin|p1a: Quaquaval\n|-damage|p1a: Quaquaval|39/264\n|-boost|p2a: Hitmontop|spe|1\n|\n|-heal|p2a: Hitmontop|44/100|[from] item: Leftovers\n|upkeep\n|turn|9\n|inactive|Time left: 300 sec this turn | 300 sec total\n|\n|t:|1783543538\n|switch|p1a: Scream Tail|Scream Tail, L84|330/330\n|move|p2a: Hitmontop|Rapid Spin|p1a: Scream Tail\n|-damage|p1a: Scream Tail|275/330\n|-boost|p2a: Hitmontop|spe|1\n|\n|-heal|p2a: Hitmontop|50/100|[from] item: Leftovers\n|-heal|p1a: Scream Tail|295/330|[from] item: Leftovers\n|upkeep\n|turn|10\n|inactive|Time left: 300 sec this turn | 300 sec total\n|\n|t:|1783543539\n|-terastallize|p2a: Hitmontop|Ice\n|move|p2a: Hitmontop|Triple Axel|p1a: Scream Tail\n|-damage|p1a: Scream Tail|261/330\n|-damage|p1a: Scream Tail|201/330\n|-damage|p1a: Scream Tail|105/330\n|-hitcount|p1a: Scream Tail|3\n|move|p1a: Scream Tail|Dazzling Gleam|p2a: Hitmontop\n|-damage|p2a: Hitmontop|28/100\n|\n|-heal|p2a: Hitmontop|34/100|[from] item: Leftovers\n|-heal|p1a: Scream Tail|125/330|[from] item: Leftovers\n|upkeep\n|turn|11\n|inactive|Time left: 300 sec this turn | 300 sec total\n|\n|t:|1783543540\n|move|p1a: Scream Tail|Protect|p1a: Scream Tail\n|-singleturn|p1a: Scream Tail|Protect\n|move|p2a: Hitmontop|Triple Axel|p1a: Scream Tail\n|-activate|p1a: Scream Tail|move: Protect\n|\n|-heal|p2a: Hitmontop|40/100|[from] item: Leftovers\n|-heal|p1a: Scream Tail|145/330|[from] item: Leftovers\n|upkeep\n|turn|12\n|inactive|Time left: 300 sec this turn | 300 sec total\n|\n|t:|1783543541\n|move|p2a: Hitmontop|Triple Axel|p1a: Scream Tail\n|-crit|p1a: Scream Tail\n|-damage|p1a: Scream Tail|91/330\n|-damage|p1a: Scream Tail|28/330\n|-damage|p1a: Scream Tail|0 fnt\n|faint|p1a: Scream Tail\n|-end|p1a: Scream Tail|Protosynthesis|[silent]\n|-hitcount|p1: Scream Tail|3\n|\n|-heal|p2a: Hitmontop|46/100|[from] item: Leftovers\n|upkeep\n|inactive|Time left: 300 sec this turn | 300 sec total | 5 sec grace\n|\n|t:|1783543542\n|switch|p1a: Quaquaval|Quaquaval, L79, F|39/264\n|turn|13\n|inactive|Time left: 300 sec this turn | 300 sec total\n|\n|t:|1783543542\n|move|p2a: Hitmontop|Triple Axel|p1a: Quaquaval\n|-resisted|p1a: Quaquaval\n|-damage|p1a: Quaquaval|18/264\n|-hitcount|p1a: Quaquaval|1\n|move|p1a: Quaquaval|Close Combat|p2a: Hitmontop\n|-supereffective|p2a: Hitmontop\n|-damage|p2a: Hitmontop|0 fnt\n|-unboost|p1a: Quaquaval|def|1\n|-unboost|p1a: Quaquaval|spd|1\n|faint|p2a: Hitmontop\n|-ability|p1a: Quaquaval|Moxie|boost\n|-boost|p1a: Quaquaval|atk|1\n|-damage|p1a: Quaquaval|0 fnt|[from] item: Life Orb\n|faint|p1a: Quaquaval\n|\n|upkeep\n|inactive|Time left: 300 sec this turn | 300 sec total | 5 sec grace\n|\n|t:|1783543543\n|switch|p1a: Heatran|Heatran, L79, F, tera:Flying|204/273\n|switch|p2a: Iron Bundle|Iron Bundle, L78|100/100\n|turn|14\n|inactive|Time left: 300 sec this turn | 300 sec total\n|\n|t:|1783543544\n|move|p2a: Iron Bundle|Ice Beam|p1a: Heatran\n|-supereffective|p1a: Heatran\n|-damage|p1a: Heatran|34/273\n|move|p1a: Heatran|Magma Storm|p2a: Iron Bundle|[miss]\n|-miss|p1a: Heatran|p2a: Iron Bundle\n|\n|upkeep\n|turn|15\n|inactive|Time left: 300 sec this turn | 300 sec total\n|\n|t:|1783543546\n|move|p2a: Iron Bundle|Ice Beam|p1a: Heatran\n|-supereffective|p1a: Heatran\n|-damage|p1a: Heatran|0 fnt\n|faint|p1a: Heatran\n|\n|upkeep\n|inactive|Time left: 300 sec this turn | 300 sec total | 5 sec grace\n|\n|t:|1783543547\n|switch|p1a: Hitmonlee|Hitmonlee, L85, M|224/224\n|turn|16\n|inactive|Time left: 300 sec this turn | 300 sec total\n|\n|t:|1783543548\n|move|p2a: Iron Bundle|Ice Beam|p1a: Hitmonlee\n|-damage|p1a: Hitmonlee|145/224\n|move|p1a: Hitmonlee|Close Combat|p2a: Iron Bundle\n|-supereffective|p2a: Iron Bundle\n|-damage|p2a: Iron Bundle|0 fnt\n|-unboost|p1a: Hitmonlee|def|1\n|-unboost|p1a: Hitmonlee|spd|1\n|faint|p2a: Iron Bundle\n|-end|p2a: Iron Bundle|Quark Drive|[silent]\n|-enditem|p1a: Hitmonlee|White Herb\n|-clearnegativeboost|p1a: Hitmonlee|[silent]\n|\n|upkeep\n|\n|t:|1783543549\n|switch|p2a: Mew|Mew, L82|100/100\n|turn|17\n|inactive|Time left: 300 sec this turn | 300 sec total\n|\n|t:|1783543550\n|move|p1a: Hitmonlee|Knock Off|p2a: Mew\n|-supereffective|p2a: Mew\n|-damage|p2a: Mew|49/100\n|-enditem|p2a: Mew|Life Orb|[from] move: Knock Off|[of] p1a: Hitmonlee\n|move|p2a: Mew|Psychic|p1a: Hitmonlee\n|-supereffective|p1a: Hitmonlee\n|-damage|p1a: Hitmonlee|0 fnt\n|faint|p1a: Hitmonlee\n|\n|upkeep\n|inactive|Time left: 300 sec this turn | 300 sec total | 5 sec grace\n|\n|t:|1783543552\n|switch|p1a: Ambipom|Ambipom, L84, F|128/263\n|turn|18\n|inactive|Time left: 300 sec this turn | 300 sec total\n|\n|t:|1783543553\n|move|p1a: Ambipom|Double-Edge|p2a: Mew\n|-damage|p2a: Mew|0 fnt\n|faint|p2a: Mew\n|-damage|p1a: Ambipom|80/263|[from] Recoil\n|\n|upkeep\n|\n|t:|1783543554\n|switch|p2a: Oricorio|Oricorio-Sensu, L85, F|100/100\n|turn|19\n|inactive|Time left: 300 sec this turn | 300 sec total\n|\n|t:|1783543555\n|switch|p1a: Illumise|Illumise, L91, F|266/266\n|move|p2a: Oricorio|Quiver Dance|p2a: Oricorio\n|-boost|p2a: Oricorio|spa|1\n|-boost|p2a: Oricorio|spd|1\n|-boost|p2a: Oricorio|spe|1\n|\n|upkeep\n|turn|20\n|inactive|Time left: 300 sec this turn | 300 sec total\n|\n|t:|1783543556\n|move|p1a: Illumise|Encore|p2a: Oricorio\n|-start|p2a: Oricorio|Encore\n|move|p2a: Oricorio|Quiver Dance|p2a: Oricorio\n|-boost|p2a: Oricorio|spa|1\n|-boost|p2a: Oricorio|spd|1\n|-boost|p2a: Oricorio|spe|1\n|\n|upkeep\n|turn|21\n|inactive|Time left: 300 sec this turn | 300 sec total\n|\n|t:|1783543557\n|switch|p1a: Ambipom|Ambipom, L84, F|80/263\n|move|p2a: Oricorio|Quiver Dance|p2a: Oricorio\n|-boost|p2a: Oricorio|spa|1\n|-boost|p2a: Oricorio|spd|1\n|-boost|p2a: Oricorio|spe|1\n|\n|upkeep\n|turn|22\n|inactive|Time left: 300 sec this turn | 300 sec total\n|\n|t:|1783543557\n|move|p2a: Oricorio|Quiver Dance|p2a: Oricorio\n|-boost|p2a: Oricorio|spa|1\n|-boost|p2a: Oricorio|spd|1\n|-boost|p2a: Oricorio|spe|1\n|move|p1a: Ambipom|Triple Axel|p2a: Oricorio\n|-supereffective|p2a: Oricorio\n|-damage|p2a: Oricorio|74/100\n|-supereffective|p2a: Oricorio\n|-damage|p2a: Oricorio|19/100\n|-supereffective|p2a: Oricorio\n|-damage|p2a: Oricorio|0 fnt\n|faint|p2a: Oricorio\n|-hitcount|p2: Oricorio|3\n|\n|win|p0x382a18f", "uploadtime": 1783543557, "views": 0, "rating": 0, "private": 0, "password": null, "_winner": "p0x382a18f", "_our_name": "p0x382a18f"}