{"id": "battle-gen9randombattle-239", "formatid": "gen9randombattle", "format": "[Gen 9] Random Battle", "players": ["p0x239e356", "p0y239c2a0"], "log": "|init|battle\n|title|p0x239e356 vs. p0y239c2a0\n|j|\u2606p0x239e356\n|j|\u2606p0y239c2a0\n|t:|1783541883\n|gametype|singles\n|player|p1|p0x239e356|101|\n|player|p2|p0y239c2a0|169|\n|gen|9\n|tier|[Gen 9] Random Battle\n|rule|Species Clause: Limit one of each Pok\u00e9mon\n|rule|HP Percentage Mod: HP is shown in percentages\n|rule|Sleep Clause Mod: Limit one foe put to sleep\n|rule|Illusion Level Mod: Illusion disguises the Pok\u00e9mon's true level\n|\n|t:|1783541883\n|teamsize|p1|6\n|teamsize|p2|6\n|start\n|switch|p1a: Flareon|Flareon, L90, F|263/263\n|switch|p2a: Cresselia|Cresselia, L80, F|100/100\n|turn|1\n|inactive|Battle timer is ON: inactive players will automatically lose when time's up. (requested by p0y239c2a0)\n|inactive|Time left: 300 sec this turn | 300 sec total | 60 sec grace\n|inactive|p0x239e356 also wants the timer to be on.\n|\n|t:|1783541884\n|move|p2a: Cresselia|Psyshock|p1a: Flareon\n|-damage|p1a: Flareon|184/263\n|move|p1a: Flareon|Flare Blitz|p2a: Cresselia\n|-damage|p2a: Cresselia|48/100\n|-damage|p1a: Flareon|128/263|[from] Recoil\n|\n|-heal|p2a: Cresselia|54/100|[from] item: Leftovers\n|-status|p1a: Flareon|tox|[from] item: Toxic Orb\n|upkeep\n|turn|2\n|inactive|Time left: 300 sec this turn | 300 sec total\n|\n|t:|1783541885\n|move|p2a: Cresselia|Moonlight|p2a: Cresselia\n|-heal|p2a: Cresselia|100/100\n|move|p1a: Flareon|Facade|p2a: Cresselia\n|-damage|p2a: Cresselia|42/100\n|\n|-heal|p2a: Cresselia|48/100|[from] item: Leftovers\n|-damage|p1a: Flareon|112/263 tox|[from] psn\n|upkeep\n|turn|3\n|inactive|Time left: 300 sec this turn | 300 sec total\n|\n|t:|1783541885\n|move|p2a: Cresselia|Moonlight|p2a: Cresselia\n|-heal|p2a: Cresselia|98/100\n|move|p1a: Flareon|Facade|p2a: Cresselia\n|-damage|p2a: Cresselia|38/100\n|\n|-heal|p2a: Cresselia|44/100|[from] item: Leftovers\n|-damage|p1a: Flareon|80/263 tox|[from] psn\n|upkeep\n|turn|4\n|inactive|Time left: 300 sec this turn | 300 sec total\n|\n|t:|1783541886\n|switch|p1a: Torterra|Torterra, L78, M|276/276\n|move|p2a: Cresselia|Moonlight|p2a: Cresselia\n|-heal|p2a: Cresselia|94/100\n|\n|-heal|p2a: Cresselia|99/100|[from] item: Leftovers\n|upkeep\n|turn|5\n|inactive|Time left: 300 sec this turn | 300 sec total\n|\n|t:|1783541887\n|switch|p2a: Glastrier|Glastrier, L86|100/100\n|move|p1a: Torterra|Shell Smash|p1a: Torterra\n|-unboost|p1a: Torterra|def|1\n|-unboost|p1a: Torterra|spd|1\n|-boost|p1a: Torterra|atk|2\n|-boost|p1a: Torterra|spa|2\n|-boost|p1a: Torterra|spe|2\n|\n|upkeep\n|turn|6\n|inactive|Time left: 300 sec this turn | 300 sec total\n|\n|t:|1783541888\n|-terastallize|p1a: Torterra|Water\n|move|p1a: Torterra|Bullet Seed|p2a: Glastrier\n|-damage|p2a: Glastrier|89/100\n|-damage|p2a: Glastrier|76/100\n|-damage|p2a: Glastrier|65/100\n|-damage|p2a: Glastrier|53/100\n|-hitcount|p2a: Glastrier|4\n|move|p2a: Glastrier|Icicle Crash|p1a: Torterra\n|-resisted|p1a: Torterra\n|-damage|p1a: Torterra|177/276\n|\n|upkeep\n|turn|7\n|inactive|Time left: 300 sec this turn | 300 sec total\n|\n|t:|1783541889\n|-terastallize|p2a: Glastrier|Fighting\n|move|p1a: Torterra|Bullet Seed|p2a: Glastrier\n|-damage|p2a: Glastrier|43/100\n|-damage|p2a: Glastrier|31/100\n|-damage|p2a: Glastrier|20/100\n|-damage|p2a: Glastrier|8/100\n|-damage|p2a: Glastrier|0 fnt\n|faint|p2a: Glastrier\n|-hitcount|p2: Glastrier|5\n|\n|upkeep\n|\n|t:|1783541890\n|switch|p2a: Crabominable|Crabominable, L90, M|100/100\n|turn|8\n|inactive|Time left: 300 sec this turn | 300 sec total\n|\n|t:|1783541891\n|move|p1a: Torterra|Bullet Seed|p2a: Crabominable\n|-damage|p2a: Crabominable|84/100\n|-damage|p2a: Crabominable|68/100\n|-damage|p2a: Crabominable|51/100\n|-damage|p2a: Crabominable|35/100\n|-hitcount|p2a: Crabominable|4\n|move|p2a: Crabominable|Drain Punch|p1a: Torterra\n|-damage|p1a: Torterra|0 fnt\n|-heal|p2a: Crabominable|62/100|[from] drain|[of] p1a: Torterra\n|faint|p1a: Torterra\n|\n|upkeep\n|inactive|Time left: 300 sec this turn | 300 sec total | 5 sec grace\n|\n|t:|1783541892\n|switch|p1a: Flareon|Flareon, L90, F|80/263 tox\n|turn|9\n|inactive|Time left: 300 sec this turn | 300 sec total\n|\n|t:|1783541893\n|switch|p2a: Sudowoodo|Sudowoodo, L94, M|100/100\n|move|p1a: Flareon|Facade|p2a: Sudowoodo\n|-resisted|p2a: Sudowoodo\n|-damage|p2a: Sudowoodo|73/100\n|\n|-heal|p2a: Sudowoodo|79/100|[from] item: Leftovers\n|-damage|p1a: Flareon|64/263 tox|[from] psn\n|upkeep\n|turn|10\n|inactive|Time left: 300 sec this turn | 300 sec total\n|\n|t:|1783541894\n|switch|p1a: Mudsdale|Mudsdale, L83, M|302/302\n|move|p2a: Sudowoodo|Stealth Rock|p1a: Mudsdale\n|-sidestart|p1: p0x239e356|move: Stealth Rock\n|\n|-heal|p2a: Sudowoodo|85/100|[from] item: Leftovers\n|upkeep\n|turn|11\n|inactive|Time left: 300 sec this turn | 300 sec total\n|\n|t:|1783541895\n|move|p2a: Sudowoodo|Wood Hammer|p1a: Mudsdale\n|-supereffective|p1a: Mudsdale\n|-damage|p1a: Mudsdale|116/302\n|-ability|p1a: Mudsdale|Stamina|boost\n|-boost|p1a: Mudsdale|def|1\n|move|p1a: Mudsdale|Earthquake|p2a: Sudowoodo\n|-supereffective|p2a: Sudowoodo\n|-damage|p2a: Sudowoodo|14/100\n|\n|-heal|p2a: Sudowoodo|20/100|[from] item: Leftovers\n|-heal|p1a: Mudsdale|134/302|[from] item: Leftovers\n|upkeep\n|turn|12\n|inactive|Time left: 300 sec this turn | 300 sec total\n|\n|t:|1783541896\n|switch|p1a: Eternatus|Eternatus, L69|308/308\n|-damage|p1a: Eternatus|270/308|[from] Stealth Rock\n|-ability|p1a: Eternatus|Pressure\n|move|p2a: Sudowoodo|Wood Hammer|p1a: Eternatus\n|-resisted|p1a: Eternatus\n|-damage|p1a: Eternatus|242/308\n|-damage|p2a: Sudowoodo|4/100|[from] item: Rocky Helmet|[of] p1a: Eternatus\n|\n|-heal|p2a: Sudowoodo|10/100|[from] item: Leftovers\n|upkeep\n|turn|13\n|inactive|Time left: 300 sec this turn | 300 sec total\n|\n|t:|1783541897\n|switch|p2a: Cresselia|Cresselia, L80, F|99/100\n|move|p1a: Eternatus|Flamethrower|p2a: Cresselia\n|-damage|p2a: Cresselia|83/100\n|\n|-heal|p2a: Cresselia|90/100|[from] item: Leftovers\n|upkeep\n|turn|14\n|inactive|Time left: 300 sec this turn | 300 sec total\n|\n|t:|1783541898\n|move|p1a: Eternatus|Toxic|p2a: Cresselia\n|-status|p2a: Cresselia|tox\n|move|p2a: Cresselia|Calm Mind|p2a: Cresselia\n|-boost|p2a: Cresselia|spa|1\n|-boost|p2a: Cresselia|spd|1\n|\n|-heal|p2a: Cresselia|96/100 tox|[from] item: Leftovers\n|-damage|p2a: Cresselia|90/100 tox|[from] psn\n|upkeep\n|turn|15\n|inactive|Time left: 300 sec this turn | 300 sec total\n|\n|t:|1783541899\n|switch|p1a: Volbeat|Volbeat, L90, M|263/263\n|move|p2a: Cresselia|Psyshock|p1a: Volbeat\n|-damage|p1a: Volbeat|160/263\n|\n|-heal|p2a: Cresselia|96/100 tox|[from] item: Leftovers\n|-damage|p2a: Cresselia|83/100 tox|[from] psn\n|upkeep\n|turn|16\n|inactive|Time left: 300 sec this turn | 300 sec total\n|\n|t:|1783541900\n|move|p1a: Volbeat|Lunge|p2a: Cresselia\n|-supereffective|p2a: Cresselia\n|-damage|p2a: Cresselia|39/100 tox\n|-unboost|p2a: Cresselia|atk|1\n|move|p2a: Cresselia|Moonblast|p1a: Volbeat\n|-damage|p1a: Volbeat|83/263\n|-unboost|p1a: Volbeat|spa|1\n|\n|-heal|p2a: Cresselia|45/100 tox|[from] item: Leftovers\n|-damage|p2a: Cresselia|27/100 tox|[from] psn\n|upkeep\n|turn|17\n|inactive|Time left: 300 sec this turn | 300 sec total\n|\n|t:|1783541902\n|move|p1a: Volbeat|Lunge|p2a: Cresselia\n|-supereffective|p2a: Cresselia\n|-damage|p2a: Cresselia|0 fnt\n|faint|p2a: Cresselia\n|\n|upkeep\n|\n|t:|1783541902\n|switch|p2a: Crabominable|Crabominable, L90, M|62/100\n|turn|18\n|inactive|Time left: 300 sec this turn | 300 sec total\n|\n|t:|1783541904\n|move|p1a: Volbeat|Roost|p1a: Volbeat\n|-heal|p1a: Volbeat|215/263\n|-singleturn|p1a: Volbeat|move: Roost\n|move|p2a: Crabominable|Knock Off|p1a: Volbeat\n|-damage|p1a: Volbeat|111/263\n|-enditem|p1a: Volbeat|Heavy-Duty Boots|[from] move: Knock Off|[of] p2a: Crabominable\n|\n|upkeep\n|turn|19\n|inactive|Time left: 300 sec this turn | 300 sec total\n|\n|t:|1783541905\n|move|p1a: Volbeat|Lunge|p2a: Crabominable\n|-resisted|p2a: Crabominable\n|-damage|p2a: Crabominable|50/100\n|-unboost|p2a: Crabominable|atk|1\n|move|p2a: Crabominable|Drain Punch|p1a: Volbeat\n|-resisted|p1a: Volbeat\n|-damage|p1a: Volbeat|62/263\n|-heal|p2a: Crabominable|58/100|[from] drain|[of] p1a: Volbeat\n|\n|upkeep\n|turn|20\n|inactive|Time left: 300 sec this turn | 300 sec total\n|\n|t:|1783541906\n|switch|p2a: Bellibolt|Bellibolt, L84, F|100/100\n|move|p1a: Volbeat|Lunge|p2a: Bellibolt\n|-damage|p2a: Bellibolt|78/100\n|-unboost|p2a: Bellibolt|atk|1\n|-start|p2a: Bellibolt|Charge|Lunge|[from] ability: Electromorphosis\n|\n|-heal|p2a: Bellibolt|84/100|[from] item: Leftovers\n|upkeep\n|turn|21\n|inactive|Time left: 300 sec this turn | 300 sec total\n|\n|t:|1783541907\n|move|p1a: Volbeat|Roost|p1a: Volbeat\n|-heal|p1a: Volbeat|194/263\n|-singleturn|p1a: Volbeat|move: Roost\n|move|p2a: Bellibolt|Thunderbolt|p1a: Volbeat\n|-damage|p1a: Volbeat|5/263\n|-end|p2a: Bellibolt|Charge|[silent]\n|\n|-heal|p2a: Bellibolt|90/100|[from] item: Leftovers\n|upkeep\n|turn|22\n|inactive|Time left: 300 sec this turn | 300 sec total\n|\n|t:|1783541908\n|move|p1a: Volbeat|Roost|p1a: Volbeat\n|-heal|p1a: Volbeat|137/263\n|-singleturn|p1a: Volbeat|move: Roost\n|move|p2a: Bellibolt|Toxic|p1a: Volbeat\n|-status|p1a: Volbeat|tox\n|\n|-heal|p2a: Bellibolt|96/100|[from] item: Leftovers\n|-damage|p1a: Volbeat|121/263 tox|[from] psn\n|upkeep\n|turn|23\n|inactive|Time left: 300 sec this turn | 300 sec total\n|\n|t:|1783541909\n|switch|p2a: Crabominable|Crabominable, L90, M|58/100\n|move|p1a: Volbeat|Lunge|p2a: Crabominable\n|-resisted|p2a: Crabominable\n|-damage|p2a: Crabominable|44/100\n|-unboost|p2a: Crabominable|atk|1\n|\n|-damage|p1a: Volbeat|89/263 tox|[from] psn\n|upkeep\n|turn|24\n|inactive|Time left: 300 sec this turn | 300 sec total\n|\n|t:|1783541910\n|move|p1a: Volbeat|Lunge|p2a: Crabominable\n|-resisted|p2a: Crabominable\n|-damage|p2a: Crabominable|31/100\n|-unboost|p2a: Crabominable|atk|1\n|move|p2a: Crabominable|Drain Punch|p1a: Volbeat\n|-resisted|p1a: Volbeat\n|-damage|p1a: Volbeat|50/263 tox\n|-heal|p2a: Crabominable|38/100|[from] drain|[of] p1a: Volbeat\n|\n|-damage|p1a: Volbeat|2/263 tox|[from] psn\n|upkeep\n|turn|25\n|inactive|Time left: 300 sec this turn | 300 sec total\n|\n|t:|1783541911\n|switch|p2a: Sudowoodo|Sudowoodo, L94, M|10/100\n|move|p1a: Volbeat|Lunge|p2a: Sudowoodo\n|-damage|p2a: Sudowoodo|0 fnt\n|faint|p2a: Sudowoodo\n|\n|-damage|p1a: Volbeat|0 fnt|[from] psn\n|faint|p1a: Volbeat\n|upkeep\n|inactive|Time left: 300 sec this turn | 300 sec total | 5 sec grace\n|\n|t:|1783541912\n|switch|p1a: Ambipom|Ambipom, L84, M|263/263\n|switch|p2a: Crabominable|Crabominable, L90, M|38/100\n|-damage|p1a: Ambipom|231/263|[from] Stealth Rock\n|turn|26\n|inactive|Time left: 300 sec this turn | 300 sec total\n|\n|t:|1783541914\n|switch|p2a: Bellibolt|Bellibolt, L84, F|96/100\n|move|p1a: Ambipom|Low Kick|p2a: Bellibolt\n|-damage|p2a: Bellibolt|74/100\n|-start|p2a: Bellibolt|Charge|Low Kick|[from] ability: Electromorphosis\n|\n|-heal|p2a: Bellibolt|80/100|[from] item: Leftovers\n|upkeep\n|turn|27\n|inactive|Time left: 300 sec this turn | 300 sec total\n|\n|t:|1783541915\n|switch|p1a: Eternatus|Eternatus, L69|242/308\n|-damage|p1a: Eternatus|204/308|[from] Stealth Rock\n|-ability|p1a: Eternatus|Pressure\n|move|p2a: Bellibolt|Thunderbolt|p1a: Eternatus\n|-resisted|p1a: Eternatus\n|-damage|p1a: Eternatus|85/308\n|-end|p2a: Bellibolt|Charge|[silent]\n|\n|-heal|p2a: Bellibolt|87/100|[from] item: Leftovers\n|upkeep\n|turn|28\n|inactive|Time left: 300 sec this turn | 300 sec total\n|\n|t:|1783541916\n|move|p1a: Eternatus|Recover|p1a: Eternatus\n|-heal|p1a: Eternatus|239/308\n|move|p2a: Bellibolt|Thunderbolt|p1a: Eternatus\n|-resisted|p1a: Eternatus\n|-damage|p1a: Eternatus|179/308\n|\n|-heal|p2a: Bellibolt|93/100|[from] item: Leftovers\n|upkeep\n|turn|29\n|inactive|Time left: 300 sec this turn | 300 sec total\n|\n|t:|1783541917\n|switch|p2a: Crabominable|Crabominable, L90, M|38/100\n|move|p1a: Eternatus|Toxic|p2a: Crabominable\n|-status|p2a: Crabominable|tox\n|\n|-damage|p2a: Crabominable|31/100 tox|[from] psn\n|upkeep\n|turn|30\n|inactive|Time left: 300 sec this turn | 300 sec total\n|\n|t:|1783541918\n|move|p1a: Eternatus|Recover|p1a: Eternatus\n|-heal|p1a: Eternatus|308/308\n|move|p2a: Crabominable|Ice Hammer|p1a: Eternatus\n|-supereffective|p1a: Eternatus\n|-damage|p1a: Eternatus|0 fnt\n|-unboost|p2a: Crabominable|spe|1\n|-damage|p2a: Crabominable|15/100 tox|[from] item: Rocky Helmet|[of] p1a: Eternatus\n|faint|p1a: Eternatus\n|\n|-damage|p2a: Crabominable|2/100 tox|[from] psn\n|upkeep\n|inactive|Time left: 300 sec this turn | 300 sec total | 5 sec grace\n|\n|t:|1783541919\n|switch|p1a: Ambipom|Ambipom, L84, M|231/263\n|-damage|p1a: Ambipom|199/263|[from] Stealth Rock\n|turn|31\n|inactive|Time left: 300 sec this turn | 300 sec total\n|\n|t:|1783541920\n|move|p1a: Ambipom|Double-Edge|p2a: Crabominable\n|-damage|p2a: Crabominable|0 fnt\n|faint|p2a: Crabominable\n|-damage|p1a: Ambipom|197/263|[from] Recoil\n|\n|upkeep\n|\n|t:|1783541921\n|switch|p2a: Qwilfish|Qwilfish, L86, F|100/100\n|-ability|p2a: Qwilfish|Intimidate|boost\n|-unboost|p1a: Ambipom|atk|1\n|turn|32\n|inactive|Time left: 300 sec this turn | 300 sec total\n|\n|t:|1783541922\n|move|p1a: Ambipom|Knock Off|p2a: Qwilfish\n|-damage|p2a: Qwilfish|80/100\n|-enditem|p2a: Qwilfish|Heavy-Duty Boots|[from] move: Knock Off|[of] p1a: Ambipom\n|move|p2a: Qwilfish|Flip Turn|p1a: Ambipom\n|-damage|p1a: Ambipom|121/263\n|\n|t:|1783541923\n|switch|p2a: Bellibolt|Bellibolt, L84, F|93/100|[from] Flip Turn\n|\n|-heal|p2a: Bellibolt|99/100|[from] item: Leftovers\n|upkeep\n|turn|33\n|inactive|Time left: 300 sec this turn | 300 sec total\n|\n|t:|1783541924\n|switch|p1a: Mudsdale|Mudsdale, L83, M|134/302\n|-damage|p1a: Mudsdale|116/302|[from] Stealth Rock\n|move|p2a: Bellibolt|Muddy Water|p1a: Mudsdale\n|-supereffective|p1a: Mudsdale\n|-damage|p1a: Mudsdale|0 fnt\n|faint|p1a: Mudsdale\n|\n|-heal|p2a: Bellibolt|100/100|[from] item: Leftovers\n|upkeep\n|inactive|Time left: 300 sec this turn | 300 sec total | 5 sec grace\n|\n|t:|1783541925\n|switch|p1a: Ambipom|Ambipom, L84, M|121/263\n|-damage|p1a: Ambipom|89/263|[from] Stealth Rock\n|turn|34\n|inactive|Time left: 300 sec this turn | 300 sec total\n|\n|t:|1783541925\n|move|p1a: Ambipom|Fake Out|p2a: Bellibolt\n|-damage|p2a: Bellibolt|78/100\n|-start|p2a: Bellibolt|Charge|Fake Out|[from] ability: Electromorphosis\n|cant|p2a: Bellibolt|flinch\n|-end|p2a: Bellibolt|Charge|[silent]\n|\n|-heal|p2a: Bellibolt|84/100|[from] item: Leftovers\n|upkeep\n|turn|35\n|inactive|Time left: 300 sec this turn | 300 sec total\n|\n|t:|1783541926\n|switch|p1a: Flareon|Flareon, L90, F|64/263 tox\n|-damage|p1a: Flareon|0 fnt|[from] Stealth Rock\n|faint|p1a: Flareon\n|move|p2a: Bellibolt|Thunderbolt|p1: Flareon|[notarget]\n|-fail|p2a: Bellibolt\n|\n|-heal|p2a: Bellibolt|90/100|[from] item: Leftovers\n|upkeep\n|inactive|Time left: 300 sec this turn | 300 sec total | 5 sec grace\n|\n|t:|1783541927\n|switch|p1a: Ambipom|Ambipom, L84, M|89/263\n|-damage|p1a: Ambipom|57/263|[from] Stealth Rock\n|turn|36\n|inactive|Time left: 300 sec this turn | 300 sec total\n|\n|t:|1783541928\n|move|p1a: Ambipom|Fake Out|p2a: Bellibolt\n|-damage|p2a: Bellibolt|65/100\n|-start|p2a: Bellibolt|Charge|Fake Out|[from] ability: Electromorphosis\n|cant|p2a: Bellibolt|flinch\n|-end|p2a: Bellibolt|Charge|[silent]\n|\n|-heal|p2a: Bellibolt|71/100|[from] item: Leftovers\n|upkeep\n|turn|37\n|inactive|Time left: 300 sec this turn | 300 sec total\n|\n|t:|1783541929\n|move|p1a: Ambipom|Fake Out||[still]\n|-hint|Fake Out only works on your first turn out.\n|-fail|p1a: Ambipom\n|move|p2a: Bellibolt|Thunderbolt|p1a: Ambipom\n|-damage|p1a: Ambipom|0 fnt\n|faint|p1a: Ambipom\n|\n|win|p0y239c2a0", "uploadtime": 1783541929, "views": 0, "rating": 0, "private": 0, "password": null, "_winner": "p0y239c2a0", "_our_name": "p0x239e356"}