{"id": "battle-gen9randombattle-1278", "formatid": "gen9randombattle", "format": "[Gen 9] Random Battle", "players": ["p0x1278abbe", "p0y12783f5e"], "log": "|init|battle\n|title|p0x1278abbe vs. p0y12783f5e\n|j|\u2606p0x1278abbe\n|j|\u2606p0y12783f5e\n|t:|1783553967\n|gametype|singles\n|player|p1|p0x1278abbe|265|\n|player|p2|p0y12783f5e|169|\n|gen|9\n|tier|[Gen 9] Random Battle\n|rule|Species Clause: Limit one of each Pok\u00e9mon\n|rule|HP Percentage Mod: HP is shown in percentages\n|rule|Sleep Clause Mod: Limit one foe put to sleep\n|rule|Illusion Level Mod: Illusion disguises the Pok\u00e9mon's true level\n|\n|t:|1783553967\n|teamsize|p1|6\n|teamsize|p2|6\n|start\n|switch|p1a: Chimecho|Chimecho, L93, F|100/100\n|switch|p2a: Klawf|Klawf, L90, F|272/272\n|turn|1\n|inactive|Battle timer is ON: inactive players will automatically lose when time's up. (requested by p0y12783f5e)\n|inactive|p0x1278abbe also wants the timer to be on.\n|\n|t:|1783553968\n|move|p2a: Klawf|Swords Dance|p2a: Klawf\n|-boost|p2a: Klawf|atk|2\n|move|p1a: Chimecho|Psychic Noise|p2a: Klawf\n|-crit|p2a: Klawf\n|-damage|p2a: Klawf|68/272\n|-start|p2a: Klawf|move: Heal Block\n|-ability|p2a: Klawf|Anger Shell|boost\n|-boost|p2a: Klawf|atk|1\n|-boost|p2a: Klawf|spa|1\n|-boost|p2a: Klawf|spe|1\n|-unboost|p2a: Klawf|def|1\n|-unboost|p2a: Klawf|spd|1\n|\n|upkeep\n|turn|2\n|inactive|Time left: 300 sec this turn | 300 sec total\n|\n|t:|1783553969\n|move|p2a: Klawf|Stone Edge|p1a: Chimecho\n|-damage|p1a: Chimecho|0 fnt\n|faint|p1a: Chimecho\n|\n|-end|p2a: Klawf|move: Heal Block\n|upkeep\n|\n|t:|1783553970\n|switch|p1a: Weezing|Weezing, L88, M|100/100\n|turn|3\n|inactive|Time left: 300 sec this turn | 300 sec total\n|\n|t:|1783553971\n|-terastallize|p2a: Klawf|Rock\n|move|p2a: Klawf|Stone Edge|p1a: Weezing|[miss]\n|-miss|p2a: Klawf|p1a: Weezing\n|move|p1a: Weezing|Gunk Shot|p2a: Klawf\n|-resisted|p2a: Klawf\n|-damage|p2a: Klawf|0 fnt\n|faint|p2a: Klawf\n|\n|upkeep\n|inactive|Time left: 300 sec this turn | 300 sec total | 5 sec grace\n|\n|t:|1783553972\n|switch|p2a: Wyrdeer|Wyrdeer, L87, F|321/321\n|-ability|p2a: Wyrdeer|Intimidate|boost\n|-unboost|p1a: Weezing|atk|1\n|turn|4\n|inactive|Time left: 300 sec this turn | 300 sec total\n|\n|t:|1783553973\n|move|p2a: Wyrdeer|Psychic Noise|p1a: Weezing\n|-supereffective|p1a: Weezing\n|-damage|p1a: Weezing|18/100\n|-start|p1a: Weezing|move: Heal Block\n|move|p1a: Weezing|Will-O-Wisp|p2a: Wyrdeer|[miss]\n|-miss|p1a: Weezing|p2a: Wyrdeer\n|\n|upkeep\n|turn|5\n|inactive|Time left: 300 sec this turn | 300 sec total\n|\n|t:|1783553974\n|move|p2a: Wyrdeer|Psychic Noise|p1a: Weezing\n|-supereffective|p1a: Weezing\n|-damage|p1a: Weezing|0 fnt\n|faint|p1a: Weezing\n|\n|upkeep\n|\n|t:|1783553974\n|switch|p1a: Scyther|Scyther, L82, F|100/100\n|turn|6\n|inactive|Time left: 300 sec this turn | 300 sec total\n|\n|t:|1783553976\n|switch|p2a: Granbull|Granbull, L88, F|302/302\n|-ability|p2a: Granbull|Intimidate|boost\n|-unboost|p1a: Scyther|atk|1\n|move|p1a: Scyther|Swords Dance|p1a: Scyther\n|-boost|p1a: Scyther|atk|2\n|\n|upkeep\n|turn|7\n|inactive|Time left: 300 sec this turn | 300 sec total\n|\n|t:|1783553977\n|move|p1a: Scyther|Dual Wingbeat|p2a: Granbull\n|-damage|p2a: Granbull|202/302\n|-damage|p2a: Granbull|102/302\n|-hitcount|p2a: Granbull|2\n|move|p2a: Granbull|Play Rough|p1a: Scyther|[miss]\n|-miss|p2a: Granbull|p1a: Scyther\n|\n|-heal|p2a: Granbull|120/302|[from] item: Leftovers\n|upkeep\n|turn|8\n|inactive|Time left: 300 sec this turn | 300 sec total\n|\n|t:|1783553978\n|move|p1a: Scyther|Dual Wingbeat|p2a: Granbull\n|-damage|p2a: Granbull|15/302\n|-crit|p2a: Granbull\n|-damage|p2a: Granbull|0 fnt\n|faint|p2a: Granbull\n|-hitcount|p2: Granbull|2\n|\n|upkeep\n|inactive|Time left: 300 sec this turn | 300 sec total | 5 sec grace\n|\n|t:|1783553978\n|switch|p2a: Iron Jugulis|Iron Jugulis, L77|271/271\n|turn|9\n|inactive|Time left: 300 sec this turn | 300 sec total\n|\n|t:|1783553979\n|move|p1a: Scyther|Dual Wingbeat|p2a: Iron Jugulis\n|-damage|p2a: Iron Jugulis|162/271\n|-damage|p2a: Iron Jugulis|47/271\n|-hitcount|p2a: Iron Jugulis|2\n|move|p2a: Iron Jugulis|Hurricane|p1a: Scyther|[miss]\n|-miss|p2a: Iron Jugulis|p1a: Scyther\n|\n|upkeep\n|turn|10\n|inactive|Time left: 300 sec this turn | 300 sec total\n|\n|t:|1783553980\n|move|p1a: Scyther|Dual Wingbeat|p2a: Iron Jugulis\n|-damage|p2a: Iron Jugulis|0 fnt\n|faint|p2a: Iron Jugulis\n|-end|p2a: Iron Jugulis|Quark Drive|[silent]\n|-hitcount|p2: Iron Jugulis|1\n|\n|upkeep\n|inactive|Time left: 300 sec this turn | 300 sec total | 5 sec grace\n|\n|t:|1783553981\n|switch|p2a: Wyrdeer|Wyrdeer, L87, F|321/321\n|-ability|p2a: Wyrdeer|Intimidate|boost\n|-unboost|p1a: Scyther|atk|1\n|turn|11\n|inactive|Time left: 300 sec this turn | 300 sec total\n|\n|t:|1783553982\n|move|p1a: Scyther|Swords Dance|p1a: Scyther\n|-boost|p1a: Scyther|atk|2\n|move|p2a: Wyrdeer|Thunder Wave|p1a: Scyther\n|-status|p1a: Scyther|par\n|\n|upkeep\n|turn|12\n|inactive|Time left: 300 sec this turn | 300 sec total\n|\n|t:|1783553983\n|move|p2a: Wyrdeer|Body Slam|p1a: Scyther\n|-crit|p1a: Scyther\n|-damage|p1a: Scyther|34/100 par\n|move|p1a: Scyther|Bug Bite|p2a: Wyrdeer\n|-supereffective|p2a: Wyrdeer\n|-damage|p2a: Wyrdeer|0 fnt\n|faint|p2a: Wyrdeer\n|\n|upkeep\n|inactive|Time left: 300 sec this turn | 300 sec total | 5 sec grace\n|\n|t:|1783553984\n|switch|p2a: Crabominable|Crabominable, L90, F|321/321\n|turn|13\n|inactive|Time left: 300 sec this turn | 300 sec total\n|\n|t:|1783553985\n|move|p2a: Crabominable|Ice Hammer|p1a: Scyther\n|-supereffective|p1a: Scyther\n|-damage|p1a: Scyther|0 fnt\n|-unboost|p2a: Crabominable|spe|1\n|faint|p1a: Scyther\n|\n|upkeep\n|\n|t:|1783553986\n|switch|p1a: Minun|Minun, L95, F|100/100\n|turn|14\n|inactive|Time left: 300 sec this turn | 300 sec total\n|\n|t:|1783553987\n|-terastallize|p1a: Minun|Fairy\n|move|p1a: Minun|Alluring Voice|p2a: Crabominable\n|-supereffective|p2a: Crabominable\n|-damage|p2a: Crabominable|53/321\n|-damage|p1a: Minun|91/100|[from] item: Life Orb\n|move|p2a: Crabominable|Ice Hammer|p1a: Minun\n|-damage|p1a: Minun|0 fnt\n|-unboost|p2a: Crabominable|spe|1\n|faint|p1a: Minun\n|\n|upkeep\n|\n|t:|1783553988\n|switch|p1a: Iron Bundle|Iron Bundle, L78|100/100\n|turn|15\n|inactive|Time left: 300 sec this turn | 300 sec total\n|\n|t:|1783553989\n|switch|p2a: Exeggutor|Exeggutor, L89, F|312/312\n|move|p1a: Iron Bundle|Ice Beam|p2a: Exeggutor\n|-supereffective|p2a: Exeggutor\n|-damage|p2a: Exeggutor|6/312\n|-enditem|p2a: Exeggutor|Sitrus Berry|[eat]\n|-heal|p2a: Exeggutor|84/312|[from] item: Sitrus Berry\n|\n|upkeep\n|turn|16\n|inactive|Time left: 300 sec this turn | 300 sec total\n|\n|t:|1783553990\n|move|p2a: Exeggutor|Protect|p2a: Exeggutor\n|-singleturn|p2a: Exeggutor|Protect\n|move|p1a: Iron Bundle|Ice Beam|p2a: Exeggutor\n|-activate|p2a: Exeggutor|move: Protect\n|\n|-item|p2a: Exeggutor|Sitrus Berry|[from] ability: Harvest\n|upkeep\n|-enditem|p2a: Exeggutor|Sitrus Berry|[eat]\n|-heal|p2a: Exeggutor|162/312|[from] item: Sitrus Berry\n|turn|17\n|inactive|Time left: 300 sec this turn | 300 sec total\n|\n|t:|1783553991\n|move|p2a: Exeggutor|Protect||[still]\n|-fail|p2a: Exeggutor\n|move|p1a: Iron Bundle|Ice Beam|p2a: Exeggutor\n|-supereffective|p2a: Exeggutor\n|-crit|p2a: Exeggutor\n|-damage|p2a: Exeggutor|0 fnt\n|faint|p2a: Exeggutor\n|\n|upkeep\n|inactive|Time left: 300 sec this turn | 300 sec total | 5 sec grace\n|\n|t:|1783553992\n|switch|p2a: Crabominable|Crabominable, L90, F|53/321\n|turn|18\n|inactive|Time left: 300 sec this turn | 300 sec total\n|\n|t:|1783553993\n|move|p1a: Iron Bundle|Ice Beam|p2a: Crabominable\n|-resisted|p2a: Crabominable\n|-damage|p2a: Crabominable|0 fnt\n|faint|p2a: Crabominable\n|\n|win|p0x1278abbe", "uploadtime": 1783553993, "views": 0, "rating": 0, "private": 0, "password": null, "_winner": "p0x1278abbe", "_our_name": "p0y12783f5e"}