{"id": "battle-gen9randombattle-1423", "formatid": "gen9randombattle", "format": "[Gen 9] Random Battle", "players": ["p0x14234484", "p0y142315ac"], "log": "|init|battle\n|title|p0x14234484 vs. p0y142315ac\n|j|\u2606p0x14234484\n|j|\u2606p0y142315ac\n|t:|1783556565\n|gametype|singles\n|player|p1|p0x14234484|265|\n|player|p2|p0y142315ac|265|\n|gen|9\n|tier|[Gen 9] Random Battle\n|rule|Species Clause: Limit one of each Pok\u00e9mon\n|rule|HP Percentage Mod: HP is shown in percentages\n|rule|Sleep Clause Mod: Limit one foe put to sleep\n|rule|Illusion Level Mod: Illusion disguises the Pok\u00e9mon's true level\n|\n|t:|1783556565\n|teamsize|p1|6\n|teamsize|p2|6\n|start\n|switch|p1a: Stantler|Stantler, L92, F|284/284\n|switch|p2a: Suicune|Suicune, L82|100/100\n|-ability|p1a: Stantler|Intimidate|boost\n|-unboost|p2a: Suicune|atk|1\n|-ability|p2a: Suicune|Pressure\n|turn|1\n|inactive|Battle timer is ON: inactive players will automatically lose when time's up. (requested by p0x14234484)\n|inactive|p0y142315ac also wants the timer to be on.\n|\n|t:|1783556566\n|move|p1a: Stantler|Calm Mind|p1a: Stantler\n|-boost|p1a: Stantler|spa|1\n|-boost|p1a: Stantler|spd|1\n|move|p2a: Suicune|Calm Mind|p2a: Suicune\n|-boost|p2a: Suicune|spa|1\n|-boost|p2a: Suicune|spd|1\n|\n|upkeep\n|turn|2\n|inactive|Time left: 300 sec this turn | 300 sec total\n|\n|t:|1783556567\n|move|p1a: Stantler|Calm Mind|p1a: Stantler\n|-boost|p1a: Stantler|spa|1\n|-boost|p1a: Stantler|spd|1\n|move|p2a: Suicune|Scald|p1a: Stantler\n|-damage|p1a: Stantler|239/284\n|-status|p1a: Stantler|brn\n|\n|-damage|p1a: Stantler|222/284 brn|[from] brn\n|upkeep\n|turn|3\n|inactive|Time left: 300 sec this turn | 300 sec total\n|\n|t:|1783556568\n|move|p1a: Stantler|Earth Power|p2a: Suicune\n|-damage|p2a: Suicune|75/100\n|move|p2a: Suicune|Scald|p1a: Stantler\n|-damage|p1a: Stantler|179/284 brn\n|\n|-heal|p2a: Suicune|81/100|[from] item: Leftovers\n|-damage|p1a: Stantler|162/284 brn|[from] brn\n|upkeep\n|turn|4\n|inactive|Time left: 300 sec this turn | 300 sec total\n|\n|t:|1783556569\n|move|p1a: Stantler|Earth Power|p2a: Suicune\n|-damage|p2a: Suicune|56/100\n|move|p2a: Suicune|Scald|p1a: Stantler\n|-damage|p1a: Stantler|116/284 brn\n|\n|-heal|p2a: Suicune|62/100|[from] item: Leftovers\n|-damage|p1a: Stantler|99/284 brn|[from] brn\n|upkeep\n|turn|5\n|inactive|Time left: 300 sec this turn | 300 sec total\n|\n|t:|1783556570\n|move|p1a: Stantler|Earth Power|p2a: Suicune\n|-damage|p2a: Suicune|36/100\n|-unboost|p2a: Suicune|spd|1\n|move|p2a: Suicune|Scald|p1a: Stantler\n|-damage|p1a: Stantler|53/284 brn\n|\n|-heal|p2a: Suicune|42/100|[from] item: Leftovers\n|-damage|p1a: Stantler|36/284 brn|[from] brn\n|upkeep\n|turn|6\n|inactive|Time left: 300 sec this turn | 300 sec total\n|\n|t:|1783556571\n|move|p1a: Stantler|Tera Blast|p2a: Suicune\n|-damage|p2a: Suicune|0 fnt\n|faint|p2a: Suicune\n|\n|-damage|p1a: Stantler|19/284 brn|[from] brn\n|upkeep\n|\n|t:|1783556572\n|switch|p2a: Girafarig|Girafarig, L89, F|100/100\n|turn|7\n|inactive|Time left: 300 sec this turn | 300 sec total\n|\n|t:|1783556573\n|move|p1a: Stantler|Tera Blast|p2a: Girafarig\n|-damage|p2a: Girafarig|47/100\n|move|p2a: Girafarig|Nasty Plot|p2a: Girafarig\n|-boost|p2a: Girafarig|spa|2\n|\n|-damage|p1a: Stantler|2/284 brn|[from] brn\n|upkeep\n|turn|8\n|inactive|Time left: 300 sec this turn | 300 sec total\n|\n|t:|1783556574\n|switch|p2a: Houndstone|Houndstone, L86, M|100/100\n|move|p1a: Stantler|Tera Blast|p2a: Houndstone\n|-immune|p2a: Houndstone\n|\n|-damage|p1a: Stantler|0 fnt|[from] brn\n|faint|p1a: Stantler\n|upkeep\n|inactive|Time left: 300 sec this turn | 300 sec total | 5 sec grace\n|\n|t:|1783556575\n|switch|p1a: Clawitzer|Clawitzer, L87, F|265/265\n|turn|9\n|inactive|Time left: 300 sec this turn | 300 sec total\n|\n|t:|1783556577\n|move|p2a: Houndstone|Poltergeist|p1a: Clawitzer\n|-activate|p1a: Clawitzer|move: Poltergeist|Choice Specs\n|-damage|p1a: Clawitzer|148/265\n|move|p1a: Clawitzer|Water Pulse|p2a: Houndstone\n|-damage|p2a: Houndstone|60/100\n|\n|upkeep\n|turn|10\n|inactive|Time left: 300 sec this turn | 300 sec total\n|\n|t:|1783556578\n|move|p2a: Houndstone|Poltergeist|p1a: Clawitzer\n|-activate|p1a: Clawitzer|move: Poltergeist|Choice Specs\n|-damage|p1a: Clawitzer|28/265\n|move|p1a: Clawitzer|Water Pulse|p2a: Houndstone\n|-damage|p2a: Houndstone|22/100\n|\n|upkeep\n|turn|11\n|inactive|Time left: 300 sec this turn | 300 sec total\n|\n|t:|1783556579\n|switch|p1a: Meloetta|Meloetta, L82|298/298\n|move|p2a: Houndstone|Play Rough|p1a: Meloetta\n|-damage|p1a: Meloetta|214/298\n|\n|-heal|p1a: Meloetta|232/298|[from] item: Leftovers\n|upkeep\n|turn|12\n|inactive|Time left: 300 sec this turn | 300 sec total\n|\n|t:|1783556580\n|move|p1a: Meloetta|Psyshock|p2a: Houndstone\n|-damage|p2a: Houndstone|0 fnt\n|faint|p2a: Houndstone\n|\n|-heal|p1a: Meloetta|250/298|[from] item: Leftovers\n|upkeep\n|\n|t:|1783556581\n|switch|p2a: Kingambit|Kingambit, L74, F|100/100\n|-activate|p2a: Kingambit|ability: Supreme Overlord\n|-start|p2a: Kingambit|fallen2|[silent]\n|turn|13\n|inactive|Time left: 300 sec this turn | 300 sec total\n|\n|t:|1783556582\n|-terastallize|p2a: Kingambit|Dark\n|move|p1a: Meloetta|Focus Blast|p2a: Kingambit\n|-supereffective|p2a: Kingambit\n|-damage|p2a: Kingambit|13/100\n|-unboost|p2a: Kingambit|spd|1\n|move|p2a: Kingambit|Kowtow Cleave|p1a: Meloetta\n|-supereffective|p1a: Meloetta\n|-damage|p1a: Meloetta|0 fnt\n|faint|p1a: Meloetta\n|\n|-heal|p2a: Kingambit|19/100|[from] item: Leftovers\n|upkeep\n|inactive|Time left: 300 sec this turn | 300 sec total | 5 sec grace\n|\n|t:|1783556583\n|switch|p1a: Minior|Minior-Indigo, L79|224/224\n|-formechange|p1a: Minior|Minior-Meteor||[from] ability: Shields Down\n|turn|14\n|inactive|Time left: 300 sec this turn | 300 sec total\n|\n|t:|1783556584\n|move|p1a: Minior|Power Gem|p2a: Kingambit\n|-damage|p2a: Kingambit|0 fnt\n|faint|p2a: Kingambit\n|-end|p2a: Kingambit|fallen2|[silent]\n|\n|upkeep\n|\n|t:|1783556585\n|switch|p2a: Ogerpon|Ogerpon-Wellspring, L76, F|100/100\n|turn|15\n|inactive|Time left: 300 sec this turn | 300 sec total\n|\n|t:|1783556586\n|-terastallize|p1a: Minior|Water\n|move|p2a: Ogerpon|Ivy Cudgel|p1a: Minior|[anim] Ivy Cudgel Water\n|-resisted|p1a: Minior\n|-damage|p1a: Minior|160/224\n|move|p1a: Minior|Shell Smash|p1a: Minior\n|-unboost|p1a: Minior|def|1\n|-unboost|p1a: Minior|spd|1\n|-boost|p1a: Minior|atk|2\n|-boost|p1a: Minior|spa|2\n|-boost|p1a: Minior|spe|2\n|-enditem|p1a: Minior|White Herb\n|-clearnegativeboost|p1a: Minior|[silent]\n|\n|upkeep\n|turn|16\n|inactive|Time left: 300 sec this turn | 300 sec total\n|\n|t:|1783556588\n|move|p1a: Minior|Acrobatics|p2a: Ogerpon\n|-supereffective|p2a: Ogerpon\n|-damage|p2a: Ogerpon|0 fnt\n|faint|p2a: Ogerpon\n|\n|upkeep\n|\n|t:|1783556588\n|switch|p2a: Fezandipiti|Fezandipiti, L82, M|100/100\n|turn|17\n|inactive|Time left: 300 sec this turn | 300 sec total\n|\n|t:|1783556589\n|move|p1a: Minior|Earthquake|p2a: Fezandipiti\n|-supereffective|p2a: Fezandipiti\n|-damage|p2a: Fezandipiti|30/100\n|move|p2a: Fezandipiti|Gunk Shot|p1a: Minior|[miss]\n|-miss|p2a: Fezandipiti|p1a: Minior\n|\n|-heal|p2a: Fezandipiti|36/100|[from] item: Leftovers\n|upkeep\n|turn|18\n|inactive|Time left: 300 sec this turn | 300 sec total\n|\n|t:|1783556590\n|move|p1a: Minior|Acrobatics|p2a: Fezandipiti\n|-damage|p2a: Fezandipiti|0 fnt\n|faint|p2a: Fezandipiti\n|\n|upkeep\n|\n|t:|1783556591\n|switch|p2a: Girafarig|Girafarig, L89, F|47/100\n|turn|19\n|inactive|Time left: 300 sec this turn | 300 sec total\n|\n|t:|1783556592\n|move|p1a: Minior|Acrobatics|p2a: Girafarig\n|-crit|p2a: Girafarig\n|-damage|p2a: Girafarig|0 fnt\n|faint|p2a: Girafarig\n|\n|win|p0x14234484", "uploadtime": 1783556592, "views": 0, "rating": 0, "private": 0, "password": null, "_winner": "p0x14234484", "_our_name": "p0x14234484"}