{"id": "battle-gen9randombattle-2032", "formatid": "gen9randombattle", "format": "[Gen 9] Random Battle", "players": ["p0x203242a8", "p0y2032bdb3"], "log": "|init|battle\n|title|p0x203242a8 vs. p0y2032bdb3\n|j|\u2606p0x203242a8\n|j|\u2606p0y2032bdb3\n|t:|1783562765\n|gametype|singles\n|player|p1|p0x203242a8|102|\n|player|p2|p0y2032bdb3|266|\n|gen|9\n|tier|[Gen 9] Random Battle\n|rule|Species Clause: Limit one of each Pok\u00e9mon\n|rule|HP Percentage Mod: HP is shown in percentages\n|rule|Sleep Clause Mod: Limit one foe put to sleep\n|rule|Illusion Level Mod: Illusion disguises the Pok\u00e9mon's true level\n|\n|t:|1783562765\n|teamsize|p1|6\n|teamsize|p2|6\n|start\n|switch|p1a: Torkoal|Torkoal, L88, F|266/266\n|switch|p2a: Ditto|Ditto, L87|100/100\n|-transform|p2a: Ditto|p1a: Torkoal|[from] ability: Imposter\n|-weather|SunnyDay|[from] ability: Drought|[of] p2a: Ditto\n|turn|1\n|inactive|Battle timer is ON: inactive players will automatically lose when time's up. (requested by p0x203242a8)\n|inactive|p0y2032bdb3 also wants the timer to be on.\n|\n|t:|1783562767\n|move|p2a: Ditto|Lava Plume|p1a: Torkoal\n|-resisted|p1a: Torkoal\n|-damage|p1a: Torkoal|200/266\n|move|p1a: Torkoal|Lava Plume|p2a: Ditto\n|-resisted|p2a: Ditto\n|-damage|p2a: Ditto|67/100\n|\n|-weather|SunnyDay|[upkeep]\n|upkeep\n|turn|2\n|inactive|Time left: 300 sec this turn | 300 sec total\n|\n|t:|1783562768\n|move|p2a: Ditto|Lava Plume|p1a: Torkoal\n|-resisted|p1a: Torkoal\n|-damage|p1a: Torkoal|130/266\n|move|p1a: Torkoal|Lava Plume|p2a: Ditto\n|-resisted|p2a: Ditto\n|-damage|p2a: Ditto|33/100\n|\n|-weather|SunnyDay|[upkeep]\n|upkeep\n|turn|3\n|inactive|Time left: 300 sec this turn | 300 sec total\n|\n|t:|1783562769\n|switch|p2a: Clawitzer|Clawitzer, L87, M|100/100\n|move|p1a: Torkoal|Lava Plume|p2a: Clawitzer\n|-resisted|p2a: Clawitzer\n|-damage|p2a: Clawitzer|78/100\n|\n|-weather|SunnyDay|[upkeep]\n|upkeep\n|turn|4\n|inactive|Time left: 300 sec this turn | 300 sec total\n|\n|t:|1783562770\n|switch|p1a: Flutter Mane|Flutter Mane, L74|203/203\n|-activate|p1a: Flutter Mane|ability: Protosynthesis\n|-start|p1a: Flutter Mane|protosynthesisspa\n|move|p2a: Clawitzer|Dragon Pulse|p1a: Flutter Mane\n|-immune|p1a: Flutter Mane\n|\n|-weather|SunnyDay|[upkeep]\n|upkeep\n|turn|5\n|inactive|Time left: 300 sec this turn | 300 sec total\n|\n|t:|1783562771\n|switch|p2a: Tentacruel|Tentacruel, L84, M|100/100\n|move|p1a: Flutter Mane|Moonblast|p2a: Tentacruel\n|-resisted|p2a: Tentacruel\n|-damage|p2a: Tentacruel|81/100\n|-unboost|p2a: Tentacruel|spa|1\n|\n|-weather|none\n|-end|p1a: Flutter Mane|Protosynthesis\n|upkeep\n|turn|6\n|inactive|Time left: 300 sec this turn | 300 sec total\n|\n|t:|1783562772\n|move|p1a: Flutter Mane|Moonblast|p2a: Tentacruel\n|-resisted|p2a: Tentacruel\n|-damage|p2a: Tentacruel|66/100\n|move|p2a: Tentacruel|Flip Turn|p1a: Flutter Mane\n|-damage|p1a: Flutter Mane|116/203\n|\n|t:|1783562773\n|switch|p2a: Rhyperior|Rhyperior, L82, F|100/100|[from] Flip Turn\n|\n|upkeep\n|turn|7\n|inactive|Time left: 300 sec this turn | 300 sec total\n|\n|t:|1783562774\n|move|p1a: Flutter Mane|Moonblast|p2a: Rhyperior\n|-damage|p2a: Rhyperior|38/100\n|move|p2a: Rhyperior|Earthquake|p1a: Flutter Mane\n|-damage|p1a: Flutter Mane|0 fnt\n|faint|p1a: Flutter Mane\n|-end|p1a: Flutter Mane|Protosynthesis|[silent]\n|\n|upkeep\n|inactive|Time left: 300 sec this turn | 300 sec total | 5 sec grace\n|\n|t:|1783562775\n|switch|p1a: Kyogre|Kyogre, L71|259/259\n|-weather|RainDance|[from] ability: Drizzle|[of] p1a: Kyogre\n|turn|8\n|inactive|Time left: 300 sec this turn | 300 sec total\n|\n|t:|1783562777\n|move|p1a: Kyogre|Water Spout|p2a: Rhyperior\n|-supereffective|p2a: Rhyperior\n|-crit|p2a: Rhyperior\n|-damage|p2a: Rhyperior|0 fnt\n|faint|p2a: Rhyperior\n|\n|-weather|RainDance|[upkeep]\n|upkeep\n|\n|t:|1783562777\n|switch|p2a: Clawitzer|Clawitzer, L87, M|78/100\n|turn|9\n|inactive|Time left: 300 sec this turn | 300 sec total\n|\n|t:|1783562778\n|move|p1a: Kyogre|Water Spout|p2a: Clawitzer\n|-resisted|p2a: Clawitzer\n|-damage|p2a: Clawitzer|36/100\n|move|p2a: Clawitzer|Dragon Pulse|p1a: Kyogre\n|-damage|p1a: Kyogre|130/259\n|\n|-weather|RainDance|[upkeep]\n|upkeep\n|turn|10\n|inactive|Time left: 300 sec this turn | 300 sec total\n|\n|t:|1783562779\n|switch|p1a: Scream Tail|Scream Tail, L84|330/330\n|move|p2a: Clawitzer|Dragon Pulse|p1a: Scream Tail\n|-immune|p1a: Scream Tail\n|\n|-weather|RainDance|[upkeep]\n|upkeep\n|turn|11\n|inactive|Time left: 300 sec this turn | 300 sec total\n|\n|t:|1783562781\n|move|p1a: Scream Tail|Thunder Wave|p2a: Clawitzer\n|-status|p2a: Clawitzer|par\n|move|p2a: Clawitzer|Dragon Pulse|p1a: Scream Tail\n|-immune|p1a: Scream Tail\n|\n|-weather|RainDance|[upkeep]\n|upkeep\n|turn|12\n|inactive|Time left: 300 sec this turn | 300 sec total\n|\n|t:|1783562782\n|move|p1a: Scream Tail|Dazzling Gleam|p2a: Clawitzer\n|-damage|p2a: Clawitzer|11/100 par\n|move|p2a: Clawitzer|Dragon Pulse|p1a: Scream Tail\n|-immune|p1a: Scream Tail\n|\n|-weather|none\n|upkeep\n|turn|13\n|inactive|Time left: 300 sec this turn | 300 sec total\n|\n|t:|1783562783\n|move|p1a: Scream Tail|Dazzling Gleam|p2a: Clawitzer\n|-damage|p2a: Clawitzer|0 fnt\n|faint|p2a: Clawitzer\n|\n|upkeep\n|\n|t:|1783562784\n|switch|p2a: Volcarona|Volcarona, L77, M|100/100\n|turn|14\n|inactive|Time left: 300 sec this turn | 300 sec total\n|\n|t:|1783562785\n|-end|p1a: Scream Tail|Protosynthesis|[silent]\n|switch|p1a: Scrafty|Scrafty, L83, M|244/244\n|-ability|p1a: Scrafty|Intimidate|boost\n|-unboost|p2a: Volcarona|atk|1\n|move|p2a: Volcarona|Quiver Dance|p2a: Volcarona\n|-boost|p2a: Volcarona|spa|1\n|-boost|p2a: Volcarona|spd|1\n|-boost|p2a: Volcarona|spe|1\n|\n|upkeep\n|turn|15\n|inactive|Time left: 300 sec this turn | 300 sec total\n|\n|t:|1783562786\n|move|p2a: Volcarona|Quiver Dance|p2a: Volcarona\n|-boost|p2a: Volcarona|spa|1\n|-boost|p2a: Volcarona|spd|1\n|-boost|p2a: Volcarona|spe|1\n|move|p1a: Scrafty|Knock Off|p2a: Volcarona\n|-damage|p2a: Volcarona|49/100\n|-enditem|p2a: Volcarona|Heavy-Duty Boots|[from] move: Knock Off|[of] p1a: Scrafty\n|\n|upkeep\n|turn|16\n|inactive|Time left: 300 sec this turn | 300 sec total\n|\n|t:|1783562786\n|-terastallize|p1a: Scrafty|Poison\n|move|p2a: Volcarona|Fire Blast|p1a: Scrafty\n|-damage|p1a: Scrafty|54/244\n|move|p1a: Scrafty|Poison Jab|p2a: Volcarona\n|-crit|p2a: Volcarona\n|-damage|p2a: Volcarona|0 fnt\n|faint|p2a: Volcarona\n|\n|-heal|p1a: Scrafty|69/244|[from] item: Leftovers\n|upkeep\n|\n|t:|1783562787\n|switch|p2a: Klawf|Klawf, L90, F|100/100\n|turn|17\n|inactive|Time left: 300 sec this turn | 300 sec total\n|\n|t:|1783562788\n|switch|p1a: Scream Tail|Scream Tail, L84|330/330\n|move|p2a: Klawf|Swords Dance|p2a: Klawf\n|-boost|p2a: Klawf|atk|2\n|\n|upkeep\n|turn|18\n|inactive|Time left: 300 sec this turn | 300 sec total\n|\n|t:|1783562789\n|move|p1a: Scream Tail|Thunder Wave|p2a: Klawf\n|-status|p2a: Klawf|par\n|cant|p2a: Klawf|par\n|\n|upkeep\n|turn|19\n|inactive|Time left: 300 sec this turn | 300 sec total\n|\n|t:|1783562790\n|-end|p1a: Scream Tail|Protosynthesis|[silent]\n|switch|p1a: Scrafty|Scrafty, L83, M, tera:Poison|69/244\n|-ability|p1a: Scrafty|Intimidate|boost\n|-unboost|p2a: Klawf|atk|1\n|move|p2a: Klawf|Knock Off|p1a: Scrafty\n|-damage|p1a: Scrafty|0 fnt\n|-enditem|p1a: Scrafty|Leftovers|[from] move: Knock Off|[of] p2a: Klawf\n|faint|p1a: Scrafty\n|\n|upkeep\n|inactive|Time left: 300 sec this turn | 300 sec total | 5 sec grace\n|\n|t:|1783562791\n|switch|p1a: Kyogre|Kyogre, L71|130/259\n|-weather|RainDance|[from] ability: Drizzle|[of] p1a: Kyogre\n|turn|20\n|inactive|Time left: 300 sec this turn | 300 sec total\n|\n|t:|1783562792\n|switch|p2a: Tentacruel|Tentacruel, L84, M|66/100\n|move|p1a: Kyogre|Water Spout|p2a: Tentacruel\n|-resisted|p2a: Tentacruel\n|-damage|p2a: Tentacruel|55/100\n|\n|-weather|RainDance|[upkeep]\n|upkeep\n|turn|21\n|inactive|Time left: 300 sec this turn | 300 sec total\n|\n|t:|1783562793\n|move|p1a: Kyogre|Water Spout|p2a: Tentacruel\n|-resisted|p2a: Tentacruel\n|-damage|p2a: Tentacruel|42/100\n|move|p2a: Tentacruel|Sludge Bomb|p1a: Kyogre\n|-damage|p1a: Kyogre|66/259\n|-status|p1a: Kyogre|psn\n|\n|-weather|RainDance|[upkeep]\n|-damage|p1a: Kyogre|34/259 psn|[from] psn\n|upkeep\n|turn|22\n|inactive|Time left: 300 sec this turn | 300 sec total\n|\n|t:|1783562793\n|switch|p1a: Scream Tail|Scream Tail, L84|330/330\n|move|p2a: Tentacruel|Sludge Bomb|p1a: Scream Tail\n|-supereffective|p1a: Scream Tail\n|-damage|p1a: Scream Tail|190/330\n|\n|-weather|RainDance|[upkeep]\n|-heal|p1a: Scream Tail|210/330|[from] item: Leftovers\n|upkeep\n|turn|23\n|inactive|Time left: 300 sec this turn | 300 sec total\n|\n|t:|1783562794\n|move|p1a: Scream Tail|Wish|p1a: Scream Tail\n|move|p2a: Tentacruel|Sludge Bomb|p1a: Scream Tail\n|-supereffective|p1a: Scream Tail\n|-damage|p1a: Scream Tail|72/330\n|\n|-weather|RainDance|[upkeep]\n|-heal|p1a: Scream Tail|92/330|[from] item: Leftovers\n|upkeep\n|turn|24\n|inactive|Time left: 300 sec this turn | 300 sec total\n|\n|t:|1783562795\n|move|p1a: Scream Tail|Protect|p1a: Scream Tail\n|-singleturn|p1a: Scream Tail|Protect\n|move|p2a: Tentacruel|Surf|p1a: Scream Tail\n|-activate|p1a: Scream Tail|move: Protect\n|\n|-weather|none\n|-heal|p1a: Scream Tail|257/330|[from] move: Wish|[wisher] Scream Tail\n|-heal|p1a: Scream Tail|277/330|[from] item: Leftovers\n|upkeep\n|turn|25\n|inactive|Time left: 300 sec this turn | 300 sec total\n|\n|t:|1783562796\n|move|p1a: Scream Tail|Thunder Wave|p2a: Tentacruel\n|-status|p2a: Tentacruel|par\n|move|p2a: Tentacruel|Sludge Bomb|p1a: Scream Tail\n|-supereffective|p1a: Scream Tail\n|-damage|p1a: Scream Tail|155/330\n|\n|-heal|p1a: Scream Tail|175/330|[from] item: Leftovers\n|upkeep\n|turn|26\n|inactive|Time left: 300 sec this turn | 300 sec total\n|\n|t:|1783562797\n|move|p1a: Scream Tail|Wish|p1a: Scream Tail\n|move|p2a: Tentacruel|Sludge Bomb|p1a: Scream Tail\n|-supereffective|p1a: Scream Tail\n|-damage|p1a: Scream Tail|47/330\n|-status|p1a: Scream Tail|psn\n|\n|-heal|p1a: Scream Tail|67/330 psn|[from] item: Leftovers\n|-damage|p1a: Scream Tail|26/330 psn|[from] psn\n|upkeep\n|turn|27\n|inactive|Time left: 300 sec this turn | 300 sec total\n|\n|t:|1783562798\n|-end|p1a: Scream Tail|Protosynthesis|[silent]\n|switch|p1a: Torkoal|Torkoal, L88, F|130/266\n|-weather|SunnyDay|[from] ability: Drought|[of] p1a: Torkoal\n|move|p2a: Tentacruel|Surf|p1a: Torkoal\n|-supereffective|p1a: Torkoal\n|-damage|p1a: Torkoal|38/266\n|\n|-weather|SunnyDay|[upkeep]\n|-heal|p1a: Torkoal|203/266|[from] move: Wish|[wisher] Scream Tail\n|upkeep\n|turn|28\n|inactive|Time left: 300 sec this turn | 300 sec total\n|\n|t:|1783562799\n|move|p2a: Tentacruel|Sludge Bomb|p1a: Torkoal\n|-damage|p1a: Torkoal|103/266\n|move|p1a: Torkoal|Rapid Spin|p2a: Tentacruel\n|-damage|p2a: Tentacruel|25/100 par\n|-boost|p1a: Torkoal|spe|1\n|\n|-weather|SunnyDay|[upkeep]\n|upkeep\n|turn|29\n|inactive|Time left: 300 sec this turn | 300 sec total\n|\n|t:|1783562799\n|move|p1a: Torkoal|Rapid Spin|p2a: Tentacruel\n|-damage|p2a: Tentacruel|9/100 par\n|-boost|p1a: Torkoal|spe|1\n|cant|p2a: Tentacruel|par\n|\n|-weather|SunnyDay|[upkeep]\n|upkeep\n|turn|30\n|inactive|Time left: 300 sec this turn | 300 sec total\n|\n|t:|1783562800\n|move|p1a: Torkoal|Solar Beam||[still]\n|-prepare|p1a: Torkoal|Solar Beam\n|-anim|p1a: Torkoal|Solar Beam|p2a: Tentacruel\n|-damage|p2a: Tentacruel|0 fnt\n|faint|p2a: Tentacruel\n|\n|-weather|SunnyDay|[upkeep]\n|upkeep\n|\n|t:|1783562801\n|switch|p2a: Klawf|Klawf, L90, F|100/100 par\n|turn|31\n|inactive|Time left: 300 sec this turn | 300 sec total\n|\n|t:|1783562802\n|move|p1a: Torkoal|Solar Beam||[still]\n|-prepare|p1a: Torkoal|Solar Beam\n|-anim|p1a: Torkoal|Solar Beam|p2a: Klawf\n|-supereffective|p2a: Klawf\n|-damage|p2a: Klawf|20/100 par\n|-ability|p2a: Klawf|Anger Shell|boost\n|-boost|p2a: Klawf|atk|1\n|-boost|p2a: Klawf|spa|1\n|-boost|p2a: Klawf|spe|1\n|-unboost|p2a: Klawf|def|1\n|-unboost|p2a: Klawf|spd|1\n|-enditem|p2a: Klawf|Sitrus Berry|[eat]\n|-heal|p2a: Klawf|45/100 par|[from] item: Sitrus Berry\n|move|p2a: Klawf|Swords Dance|p2a: Klawf\n|-boost|p2a: Klawf|atk|2\n|\n|-weather|none\n|upkeep\n|turn|32\n|inactive|Time left: 300 sec this turn | 300 sec total\n|\n|t:|1783562803\n|move|p1a: Torkoal|Solar Beam||[still]\n|-prepare|p1a: Torkoal|Solar Beam\n|move|p2a: Klawf|Knock Off|p1a: Torkoal\n|-damage|p1a: Torkoal|0 fnt\n|-enditem|p1a: Torkoal|Heavy-Duty Boots|[from] move: Knock Off|[of] p2a: Klawf\n|faint|p1a: Torkoal\n|\n|upkeep\n|inactive|Time left: 300 sec this turn | 300 sec total | 5 sec grace\n|\n|t:|1783562804\n|switch|p1a: Scizor|Scizor, L79, F|240/240\n|turn|33\n|inactive|Time left: 300 sec this turn | 300 sec total\n|\n|t:|1783562805\n|switch|p2a: Ditto|Ditto, L87|33/100\n|-transform|p2a: Ditto|p1a: Scizor|[from] ability: Imposter\n|move|p1a: Scizor|Close Combat|p2a: Ditto\n|-damage|p2a: Ditto|0 fnt\n|-unboost|p1a: Scizor|def|1\n|-unboost|p1a: Scizor|spd|1\n|faint|p2a: Ditto\n|-damage|p1a: Scizor|216/240|[from] item: Life Orb\n|\n|upkeep\n|\n|t:|1783562806\n|switch|p2a: Klawf|Klawf, L90, F|45/100 par\n|turn|34\n|inactive|Time left: 300 sec this turn | 300 sec total\n|\n|t:|1783562807\n|move|p1a: Scizor|Close Combat|p2a: Klawf\n|-supereffective|p2a: Klawf\n|-damage|p2a: Klawf|0 fnt\n|-unboost|p1a: Scizor|def|1\n|-unboost|p1a: Scizor|spd|1\n|faint|p2a: Klawf\n|-damage|p1a: Scizor|192/240|[from] item: Life Orb\n|\n|win|p0x203242a8", "uploadtime": 1783562807, "views": 0, "rating": 0, "private": 0, "password": null, "_winner": "p0x203242a8", "_our_name": "p0x203242a8"}