{"id": "battle-gen9randombattle-646", "formatid": "gen9randombattle", "format": "[Gen 9] Random Battle", "players": ["p0x646db58", "p0y6465e29"], "log": "|init|battle\n|title|p0x646db58 vs. p0y6465e29\n|j|\u2606p0x646db58\n|j|\u2606p0y6465e29\n|t:|1783547306\n|gametype|singles\n|player|p1|p0x646db58|266|\n|player|p2|p0y6465e29|266|\n|gen|9\n|tier|[Gen 9] Random Battle\n|rule|Species Clause: Limit one of each Pok\u00e9mon\n|rule|HP Percentage Mod: HP is shown in percentages\n|rule|Sleep Clause Mod: Limit one foe put to sleep\n|rule|Illusion Level Mod: Illusion disguises the Pok\u00e9mon's true level\n|\n|t:|1783547306\n|teamsize|p1|6\n|teamsize|p2|6\n|start\n|switch|p1a: Toedscruel|Toedscruel, L87, M|281/281\n|switch|p2a: Falinks|Falinks, L84|100/100\n|turn|1\n|inactive|Battle timer is ON: inactive players will automatically lose when time's up. (requested by p0x646db58)\n|\n|t:|1783547308\n|move|p2a: Falinks|No Retreat|p2a: Falinks\n|-boost|p2a: Falinks|atk|1\n|-boost|p2a: Falinks|def|1\n|-boost|p2a: Falinks|spa|1\n|-boost|p2a: Falinks|spd|1\n|-boost|p2a: Falinks|spe|1\n|-start|p2a: Falinks|move: No Retreat\n|move|p1a: Toedscruel|Spore|p2a: Falinks\n|-status|p2a: Falinks|slp|[from] move: Spore\n|\n|upkeep\n|turn|2\n|inactive|Time left: 300 sec this turn | 300 sec total\n|inactive|p0y6465e29 also wants the timer to be on.\n|\n|t:|1783547309\n|cant|p2a: Falinks|slp\n|move|p1a: Toedscruel|Earth Power|p2a: Falinks\n|-damage|p2a: Falinks|66/100 slp\n|\n|upkeep\n|turn|3\n|inactive|Time left: 300 sec this turn | 300 sec total\n|\n|t:|1783547310\n|cant|p2a: Falinks|slp\n|move|p1a: Toedscruel|Earth Power|p2a: Falinks\n|-damage|p2a: Falinks|35/100 slp\n|\n|upkeep\n|turn|4\n|inactive|Time left: 300 sec this turn | 300 sec total\n|\n|t:|1783547311\n|-curestatus|p2a: Falinks|slp|[msg]\n|move|p2a: Falinks|Close Combat|p1a: Toedscruel\n|-damage|p1a: Toedscruel|4/281\n|-unboost|p2a: Falinks|def|1\n|-unboost|p2a: Falinks|spd|1\n|-damage|p2a: Falinks|25/100|[from] item: Life Orb\n|move|p1a: Toedscruel|Earth Power|p2a: Falinks\n|-damage|p2a: Falinks|0 fnt\n|faint|p2a: Falinks\n|\n|-heal|p1a: Toedscruel|21/281|[from] item: Leftovers\n|upkeep\n|\n|t:|1783547312\n|switch|p2a: Sinistcha|Sinistcha, L83|100/100\n|turn|5\n|inactive|Time left: 300 sec this turn | 300 sec total\n|\n|t:|1783547313\n|switch|p1a: Vespiquen|Vespiquen, L99, F|299/299\n|-ability|p1a: Vespiquen|Pressure\n|move|p2a: Sinistcha|Calm Mind|p2a: Sinistcha\n|-boost|p2a: Sinistcha|spa|1\n|-boost|p2a: Sinistcha|spd|1\n|\n|upkeep\n|turn|6\n|inactive|Time left: 300 sec this turn | 300 sec total\n|\n|t:|1783547314\n|move|p2a: Sinistcha|Shadow Ball|p1a: Vespiquen\n|-damage|p1a: Vespiquen|184/299\n|move|p1a: Vespiquen|Hurricane|p2a: Sinistcha\n|-supereffective|p2a: Sinistcha\n|-damage|p2a: Sinistcha|24/100\n|\n|-heal|p2a: Sinistcha|30/100|[from] item: Leftovers\n|upkeep\n|turn|7\n|inactive|Time left: 300 sec this turn | 300 sec total\n|\n|t:|1783547316\n|move|p2a: Sinistcha|Strength Sap|p1a: Vespiquen\n|-unboost|p1a: Vespiquen|atk|1\n|-heal|p2a: Sinistcha|100/100\n|move|p1a: Vespiquen|Hurricane|p2a: Sinistcha\n|-supereffective|p2a: Sinistcha\n|-crit|p2a: Sinistcha\n|-damage|p2a: Sinistcha|0 fnt\n|faint|p2a: Sinistcha\n|\n|upkeep\n|\n|t:|1783547317\n|switch|p2a: Koraidon|Koraidon, L64|100/100\n|-weather|SunnyDay|[from] ability: Orichalcum Pulse|[of] p2a: Koraidon\n|-activate|p2a: Koraidon|Orichalcum Pulse|[source]\n|turn|8\n|inactive|Time left: 300 sec this turn | 300 sec total\n|\n|t:|1783547318\n|move|p2a: Koraidon|Flare Blitz|p1a: Vespiquen\n|-supereffective|p1a: Vespiquen\n|-crit|p1a: Vespiquen\n|-damage|p1a: Vespiquen|0 fnt\n|faint|p1a: Vespiquen\n|-damage|p2a: Koraidon|75/100|[from] Recoil\n|\n|-weather|SunnyDay|[upkeep]\n|upkeep\n|inactive|Time left: 300 sec this turn | 300 sec total | 5 sec grace\n|\n|t:|1783547319\n|switch|p1a: Cloyster|Cloyster, L80, F|211/211\n|turn|9\n|inactive|Time left: 300 sec this turn | 300 sec total\n|\n|t:|1783547321\n|move|p2a: Koraidon|Collision Course|p1a: Cloyster\n|-supereffective|p1a: Cloyster\n|-damage|p1a: Cloyster|49/211\n|move|p1a: Cloyster|Shell Smash|p1a: Cloyster\n|-unboost|p1a: Cloyster|def|1\n|-unboost|p1a: Cloyster|spd|1\n|-boost|p1a: Cloyster|atk|2\n|-boost|p1a: Cloyster|spa|2\n|-boost|p1a: Cloyster|spe|2\n|-enditem|p1a: Cloyster|White Herb\n|-clearnegativeboost|p1a: Cloyster|[silent]\n|\n|-weather|SunnyDay|[upkeep]\n|upkeep\n|turn|10\n|inactive|Time left: 300 sec this turn | 300 sec total\n|\n|t:|1783547322\n|move|p1a: Cloyster|Icicle Spear|p2a: Koraidon\n|-supereffective|p2a: Koraidon\n|-damage|p2a: Koraidon|34/100\n|-supereffective|p2a: Koraidon\n|-damage|p2a: Koraidon|0 fnt\n|faint|p2a: Koraidon\n|-hitcount|p2: Koraidon|2\n|\n|-weather|SunnyDay|[upkeep]\n|upkeep\n|\n|t:|1783547323\n|switch|p2a: Solgaleo|Solgaleo, L74|100/100\n|turn|11\n|inactive|Time left: 300 sec this turn | 300 sec total\n|\n|t:|1783547324\n|move|p1a: Cloyster|Icicle Spear|p2a: Solgaleo\n|-resisted|p2a: Solgaleo\n|-damage|p2a: Solgaleo|93/100\n|-resisted|p2a: Solgaleo\n|-damage|p2a: Solgaleo|85/100\n|-resisted|p2a: Solgaleo\n|-damage|p2a: Solgaleo|78/100\n|-resisted|p2a: Solgaleo\n|-damage|p2a: Solgaleo|71/100\n|-resisted|p2a: Solgaleo\n|-damage|p2a: Solgaleo|64/100\n|-hitcount|p2a: Solgaleo|5\n|move|p2a: Solgaleo|Sunsteel Strike|p1a: Cloyster\n|-damage|p1a: Cloyster|0 fnt\n|faint|p1a: Cloyster\n|\n|-weather|SunnyDay|[upkeep]\n|upkeep\n|inactive|Time left: 300 sec this turn | 300 sec total | 5 sec grace\n|\n|t:|1783547325\n|switch|p1a: Drednaw|Drednaw, L81, M|278/278\n|turn|12\n|inactive|Time left: 300 sec this turn | 300 sec total\n|\n|t:|1783547326\n|move|p2a: Solgaleo|Knock Off|p1a: Drednaw\n|-damage|p1a: Drednaw|203/278\n|-enditem|p1a: Drednaw|White Herb|[from] move: Knock Off|[of] p2a: Solgaleo\n|move|p1a: Drednaw|Shell Smash|p1a: Drednaw\n|-unboost|p1a: Drednaw|def|1\n|-unboost|p1a: Drednaw|spd|1\n|-boost|p1a: Drednaw|atk|2\n|-boost|p1a: Drednaw|spa|2\n|-boost|p1a: Drednaw|spe|2\n|\n|-weather|none\n|upkeep\n|turn|13\n|inactive|Time left: 300 sec this turn | 300 sec total\n|\n|t:|1783547327\n|-terastallize|p1a: Drednaw|Dark\n|move|p1a: Drednaw|Crunch|p2a: Solgaleo\n|-supereffective|p2a: Solgaleo\n|-damage|p2a: Solgaleo|0 fnt\n|-damage|p1a: Drednaw|157/278|[from] item: Rocky Helmet|[of] p2a: Solgaleo\n|faint|p2a: Solgaleo\n|\n|upkeep\n|\n|t:|1783547327\n|switch|p2a: Mudsdale|Mudsdale, L83, M|100/100\n|turn|14\n|inactive|Time left: 300 sec this turn | 300 sec total\n|\n|t:|1783547328\n|-terastallize|p2a: Mudsdale|Steel\n|move|p1a: Drednaw|Liquidation|p2a: Mudsdale\n|-damage|p2a: Mudsdale|44/100\n|-ability|p2a: Mudsdale|Stamina|boost\n|-boost|p2a: Mudsdale|def|1\n|move|p2a: Mudsdale|Heavy Slam|p1a: Drednaw\n|-damage|p1a: Drednaw|0 fnt\n|faint|p1a: Drednaw\n|\n|-heal|p2a: Mudsdale|50/100|[from] item: Leftovers\n|upkeep\n|inactive|Time left: 300 sec this turn | 300 sec total | 5 sec grace\n|\n|t:|1783547329\n|switch|p1a: Toedscruel|Toedscruel, L87, M|21/281\n|turn|15\n|inactive|Time left: 300 sec this turn | 300 sec total\n|\n|t:|1783547330\n|switch|p2a: Florges|Florges-White, L85, F|100/100\n|move|p1a: Toedscruel|Earth Power|p2a: Florges\n|-damage|p2a: Florges|81/100\n|\n|-heal|p1a: Toedscruel|38/281|[from] item: Leftovers\n|-heal|p2a: Florges|86/100|[from] item: Leftovers\n|upkeep\n|turn|16\n|inactive|Time left: 300 sec this turn | 300 sec total\n|\n|t:|1783547331\n|move|p2a: Florges|Moonblast|p1a: Toedscruel\n|-damage|p1a: Toedscruel|0 fnt\n|faint|p1a: Toedscruel\n|\n|-heal|p2a: Florges|92/100|[from] item: Leftovers\n|upkeep\n|inactive|Time left: 300 sec this turn | 300 sec total | 5 sec grace\n|\n|t:|1783547332\n|switch|p1a: Iron Treads|Iron Treads, L77|265/265\n|turn|17\n|inactive|Time left: 300 sec this turn | 300 sec total\n|\n|t:|1783547333\n|move|p2a: Florges|Protect|p2a: Florges\n|-singleturn|p2a: Florges|Protect\n|move|p1a: Iron Treads|Earthquake|p2a: Florges\n|-activate|p2a: Florges|move: Protect\n|\n|-heal|p2a: Florges|98/100|[from] item: Leftovers\n|upkeep\n|turn|18\n|inactive|Time left: 300 sec this turn | 300 sec total\n|\n|t:|1783547334\n|move|p1a: Iron Treads|Iron Head|p2a: Florges\n|-supereffective|p2a: Florges\n|-damage|p2a: Florges|27/100\n|move|p2a: Florges|Wish|p2a: Florges\n|\n|-heal|p2a: Florges|33/100|[from] item: Leftovers\n|upkeep\n|turn|19\n|inactive|Time left: 300 sec this turn | 300 sec total\n|\n|t:|1783547335\n|move|p2a: Florges|Protect|p2a: Florges\n|-singleturn|p2a: Florges|Protect\n|move|p1a: Iron Treads|Earthquake|p2a: Florges\n|-activate|p2a: Florges|move: Protect\n|\n|-heal|p2a: Florges|83/100|[from] move: Wish|[wisher] Florges\n|-heal|p2a: Florges|89/100|[from] item: Leftovers\n|upkeep\n|turn|20\n|inactive|Time left: 300 sec this turn | 300 sec total\n|\n|t:|1783547335\n|move|p1a: Iron Treads|Iron Head|p2a: Florges\n|-supereffective|p2a: Florges\n|-damage|p2a: Florges|17/100\n|cant|p2a: Florges|flinch\n|\n|-heal|p2a: Florges|23/100|[from] item: Leftovers\n|upkeep\n|turn|21\n|inactive|Time left: 300 sec this turn | 300 sec total\n|\n|t:|1783547336\n|move|p2a: Florges|Protect|p2a: Florges\n|-singleturn|p2a: Florges|Protect\n|move|p1a: Iron Treads|Earthquake|p2a: Florges\n|-activate|p2a: Florges|move: Protect\n|\n|-heal|p2a: Florges|29/100|[from] item: Leftovers\n|upkeep\n|turn|22\n|inactive|Time left: 300 sec this turn | 300 sec total\n|\n|t:|1783547337\n|move|p2a: Florges|Protect||[still]\n|-fail|p2a: Florges\n|move|p1a: Iron Treads|Earthquake|p2a: Florges\n|-damage|p2a: Florges|0 fnt\n|faint|p2a: Florges\n|\n|upkeep\n|\n|t:|1783547338\n|switch|p2a: Mudsdale|Mudsdale, L83, M, tera:Steel|50/100\n|turn|23\n|inactive|Time left: 300 sec this turn | 300 sec total\n|\n|t:|1783547339\n|move|p1a: Iron Treads|Earthquake|p2a: Mudsdale\n|-supereffective|p2a: Mudsdale\n|-damage|p2a: Mudsdale|0 fnt\n|faint|p2a: Mudsdale\n|\n|win|p0x646db58", "uploadtime": 1783547339, "views": 0, "rating": 0, "private": 0, "password": null, "_winner": "p0x646db58", "_our_name": "p0x646db58"}