{"id": "battle-gen9randombattle-2114", "formatid": "gen9randombattle", "format": "[Gen 9] Random Battle", "players": ["p0x2114b006", "p0y2114313b"], "log": "|init|battle\n|title|p0x2114b006 vs. p0y2114313b\n|j|\u2606p0x2114b006\n|j|\u2606p0y2114313b\n|t:|1783564493\n|gametype|singles\n|player|p1|p0x2114b006|1|\n|player|p2|p0y2114313b|265|\n|gen|9\n|tier|[Gen 9] Random Battle\n|rule|Species Clause: Limit one of each Pok\u00e9mon\n|rule|HP Percentage Mod: HP is shown in percentages\n|rule|Sleep Clause Mod: Limit one foe put to sleep\n|rule|Illusion Level Mod: Illusion disguises the Pok\u00e9mon's true level\n|\n|t:|1783564493\n|teamsize|p1|6\n|teamsize|p2|6\n|start\n|switch|p1a: Volcarona|Volcarona, L77, F|257/257\n|switch|p2a: Klawf|Klawf, L90, M|100/100\n|turn|1\n|inactive|Battle timer is ON: inactive players will automatically lose when time's up. (requested by p0x2114b006)\n|inactive|p0y2114313b also wants the timer to be on.\n|\n|t:|1783564494\n|move|p1a: Volcarona|Quiver Dance|p1a: Volcarona\n|-boost|p1a: Volcarona|spa|1\n|-boost|p1a: Volcarona|spd|1\n|-boost|p1a: Volcarona|spe|1\n|move|p2a: Klawf|Stone Edge|p1a: Volcarona\n|-supereffective|p1a: Volcarona\n|-damage|p1a: Volcarona|0 fnt\n|faint|p1a: Volcarona\n|-damage|p2a: Klawf|91/100|[from] item: Life Orb\n|\n|upkeep\n|inactive|Time left: 300 sec this turn | 300 sec total | 65 sec grace\n|\n|t:|1783564495\n|switch|p1a: Greedent|Greedent, L86, M|347/347\n|turn|2\n|inactive|Time left: 300 sec this turn | 300 sec total\n|\n|t:|1783564496\n|move|p2a: Klawf|Knock Off|p1a: Greedent\n|-damage|p1a: Greedent|259/347\n|-enditem|p1a: Greedent|Sitrus Berry|[from] move: Knock Off|[of] p2a: Klawf\n|-damage|p2a: Klawf|81/100|[from] item: Life Orb\n|move|p1a: Greedent|Swords Dance|p1a: Greedent\n|-boost|p1a: Greedent|atk|2\n|\n|upkeep\n|turn|3\n|inactive|Time left: 300 sec this turn | 300 sec total\n|\n|t:|1783564496\n|move|p2a: Klawf|Stone Edge|p1a: Greedent\n|-damage|p1a: Greedent|99/347\n|-damage|p2a: Klawf|71/100|[from] item: Life Orb\n|move|p1a: Greedent|Earthquake|p2a: Klawf\n|-supereffective|p2a: Klawf\n|-damage|p2a: Klawf|0 fnt\n|faint|p2a: Klawf\n|\n|upkeep\n|\n|t:|1783564497\n|switch|p2a: Azelf|Azelf, L82|100/100\n|turn|4\n|inactive|Time left: 300 sec this turn | 300 sec total\n|\n|t:|1783564498\n|move|p2a: Azelf|Psyshock|p1a: Greedent\n|-damage|p1a: Greedent|0 fnt\n|faint|p1a: Greedent\n|\n|upkeep\n|inactive|Time left: 300 sec this turn | 300 sec total | 5 sec grace\n|\n|t:|1783564498\n|switch|p1a: Meowstic|Meowstic, L89, M|277/277\n|turn|5\n|inactive|Time left: 300 sec this turn | 300 sec total\n|\n|t:|1783564499\n|move|p2a: Azelf|Psyshock|p1a: Meowstic\n|-resisted|p1a: Meowstic\n|-damage|p1a: Meowstic|193/277\n|move|p1a: Meowstic|Alluring Voice|p2a: Azelf\n|-damage|p2a: Azelf|73/100\n|\n|upkeep\n|turn|6\n|inactive|Time left: 300 sec this turn | 300 sec total\n|\n|t:|1783564500\n|switch|p2a: Blastoise|Blastoise, L80, M|100/100\n|move|p1a: Meowstic|Light Screen|p1a: Meowstic\n|-sidestart|p1: p0x2114b006|move: Light Screen\n|\n|upkeep\n|turn|7\n|inactive|Time left: 300 sec this turn | 300 sec total\n|\n|t:|1783564501\n|move|p1a: Meowstic|Alluring Voice|p2a: Blastoise\n|-damage|p2a: Blastoise|80/100\n|move|p2a: Blastoise|Shell Smash|p2a: Blastoise\n|-unboost|p2a: Blastoise|def|1\n|-unboost|p2a: Blastoise|spd|1\n|-boost|p2a: Blastoise|atk|2\n|-boost|p2a: Blastoise|spa|2\n|-boost|p2a: Blastoise|spe|2\n|-enditem|p2a: Blastoise|White Herb\n|-clearnegativeboost|p2a: Blastoise|[silent]\n|\n|upkeep\n|turn|8\n|inactive|Time left: 300 sec this turn | 300 sec total\n|\n|t:|1783564501\n|move|p2a: Blastoise|Earthquake|p1a: Meowstic\n|-damage|p1a: Meowstic|72/277\n|move|p1a: Meowstic|Psychic Noise|p2a: Blastoise\n|-damage|p2a: Blastoise|52/100\n|-start|p2a: Blastoise|move: Heal Block\n|\n|upkeep\n|turn|9\n|inactive|Time left: 300 sec this turn | 300 sec total\n|\n|t:|1783564502\n|switch|p1a: Brute Bonnet|Brute Bonnet, L80|309/309\n|move|p2a: Blastoise|Earthquake|p1a: Brute Bonnet\n|-resisted|p1a: Brute Bonnet\n|-damage|p1a: Brute Bonnet|255/309\n|\n|-heal|p1a: Brute Bonnet|274/309|[from] item: Leftovers\n|-end|p2a: Blastoise|move: Heal Block\n|upkeep\n|turn|10\n|inactive|Time left: 300 sec this turn | 300 sec total\n|\n|t:|1783564503\n|move|p2a: Blastoise|Ice Beam|p1a: Brute Bonnet\n|-supereffective|p1a: Brute Bonnet\n|-damage|p1a: Brute Bonnet|181/309\n|move|p1a: Brute Bonnet|Crunch|p2a: Blastoise\n|-damage|p2a: Blastoise|19/100\n|\n|-heal|p1a: Brute Bonnet|200/309|[from] item: Leftovers\n|upkeep\n|turn|11\n|inactive|Time left: 300 sec this turn | 300 sec total\n|\n|t:|1783564504\n|move|p2a: Blastoise|Ice Beam|p1a: Brute Bonnet\n|-supereffective|p1a: Brute Bonnet\n|-damage|p1a: Brute Bonnet|96/309\n|move|p1a: Brute Bonnet|Crunch|p2a: Blastoise\n|-damage|p2a: Blastoise|0 fnt\n|faint|p2a: Blastoise\n|\n|-heal|p1a: Brute Bonnet|115/309|[from] item: Leftovers\n|upkeep\n|\n|t:|1783564505\n|switch|p2a: Arcanine|Arcanine-Hisui, L79, F|100/100\n|turn|12\n|inactive|Time left: 300 sec this turn | 300 sec total\n|\n|t:|1783564506\n|-end|p1a: Brute Bonnet|Protosynthesis|[silent]\n|switch|p1a: Slowking|Slowking, L88, M|310/310\n|move|p2a: Arcanine|Flare Blitz|p1a: Slowking\n|-resisted|p1a: Slowking\n|-damage|p1a: Slowking|246/310\n|\n|upkeep\n|turn|13\n|inactive|Time left: 300 sec this turn | 300 sec total\n|\n|t:|1783564507\n|switch|p2a: Raging Bolt|Raging Bolt, L78|100/100\n|move|p1a: Slowking|Scald|p2a: Raging Bolt\n|-resisted|p2a: Raging Bolt\n|-damage|p2a: Raging Bolt|85/100\n|\n|-heal|p2a: Raging Bolt|92/100|[from] item: Leftovers\n|-sideend|p1: p0x2114b006|move: Light Screen\n|upkeep\n|turn|14\n|inactive|Time left: 300 sec this turn | 300 sec total\n|\n|t:|1783564508\n|switch|p1a: Brute Bonnet|Brute Bonnet, L80|115/309\n|move|p2a: Raging Bolt|Calm Mind|p2a: Raging Bolt\n|-boost|p2a: Raging Bolt|spa|1\n|-boost|p2a: Raging Bolt|spd|1\n|\n|-heal|p2a: Raging Bolt|98/100|[from] item: Leftovers\n|-heal|p1a: Brute Bonnet|134/309|[from] item: Leftovers\n|upkeep\n|turn|15\n|inactive|Time left: 300 sec this turn | 300 sec total\n|\n|t:|1783564509\n|move|p2a: Raging Bolt|Draco Meteor|p1a: Brute Bonnet\n|-damage|p1a: Brute Bonnet|0 fnt\n|-unboost|p2a: Raging Bolt|spa|2\n|faint|p1a: Brute Bonnet\n|-end|p1a: Brute Bonnet|Protosynthesis|[silent]\n|\n|-heal|p2a: Raging Bolt|100/100|[from] item: Leftovers\n|upkeep\n|inactive|Time left: 300 sec this turn | 300 sec total | 5 sec grace\n|\n|t:|1783564510\n|switch|p1a: Meowstic|Meowstic, L89, M|72/277\n|turn|16\n|inactive|Time left: 300 sec this turn | 300 sec total\n|\n|t:|1783564511\n|-end|p2a: Raging Bolt|Protosynthesis|[silent]\n|switch|p2a: Greninja|Greninja, L80, M|100/100\n|move|p1a: Meowstic|Light Screen|p1a: Meowstic\n|-sidestart|p1: p0x2114b006|move: Light Screen\n|\n|upkeep\n|turn|17\n|inactive|Time left: 300 sec this turn | 300 sec total\n|\n|t:|1783564512\n|switch|p1a: Avalugg|Avalugg, L88, F|310/310\n|move|p2a: Greninja|Gunk Shot|p1a: Avalugg|[miss]\n|-start|p2a: Greninja|typechange|Poison|[from] ability: Protean\n|-miss|p2a: Greninja|p1a: Avalugg\n|\n|upkeep\n|turn|18\n|inactive|Time left: 300 sec this turn | 300 sec total\n|\n|t:|1783564513\n|switch|p2a: Raging Bolt|Raging Bolt, L78|100/100\n|move|p1a: Avalugg|Avalanche|p2a: Raging Bolt\n|-supereffective|p2a: Raging Bolt\n|-damage|p2a: Raging Bolt|50/100\n|\n|-heal|p2a: Raging Bolt|56/100|[from] item: Leftovers\n|upkeep\n|turn|19\n|inactive|Time left: 300 sec this turn | 300 sec total\n|\n|t:|1783564514\n|-terastallize|p2a: Raging Bolt|Fairy\n|move|p2a: Raging Bolt|Calm Mind|p2a: Raging Bolt\n|-boost|p2a: Raging Bolt|spa|1\n|-boost|p2a: Raging Bolt|spd|1\n|move|p1a: Avalugg|Avalanche|p2a: Raging Bolt\n|-damage|p2a: Raging Bolt|29/100\n|\n|-heal|p2a: Raging Bolt|35/100|[from] item: Leftovers\n|upkeep\n|turn|20\n|inactive|Time left: 300 sec this turn | 300 sec total\n|\n|t:|1783564515\n|move|p2a: Raging Bolt|Calm Mind|p2a: Raging Bolt\n|-boost|p2a: Raging Bolt|spa|1\n|-boost|p2a: Raging Bolt|spd|1\n|move|p1a: Avalugg|Avalanche|p2a: Raging Bolt\n|-damage|p2a: Raging Bolt|11/100\n|\n|-heal|p2a: Raging Bolt|17/100|[from] item: Leftovers\n|upkeep\n|turn|21\n|inactive|Time left: 300 sec this turn | 300 sec total\n|\n|t:|1783564516\n|move|p2a: Raging Bolt|Draco Meteor|p1a: Avalugg\n|-damage|p1a: Avalugg|70/310\n|-unboost|p2a: Raging Bolt|spa|2\n|move|p1a: Avalugg|Avalanche|p2a: Raging Bolt\n|-damage|p2a: Raging Bolt|0 fnt\n|faint|p2a: Raging Bolt\n|-end|p2a: Raging Bolt|Protosynthesis|[silent]\n|\n|upkeep\n|\n|t:|1783564517\n|switch|p2a: Greninja|Greninja, L80, M|100/100\n|turn|22\n|inactive|Time left: 300 sec this turn | 300 sec total\n|\n|t:|1783564518\n|move|p2a: Greninja|Grass Knot|p1a: Avalugg\n|-start|p2a: Greninja|typechange|Grass|[from] ability: Protean\n|-damage|p1a: Avalugg|0 fnt\n|faint|p1a: Avalugg\n|-damage|p2a: Greninja|91/100|[from] item: Life Orb\n|\n|upkeep\n|inactive|Time left: 300 sec this turn | 300 sec total | 5 sec grace\n|\n|t:|1783564519\n|switch|p1a: Slowking|Slowking, L88, M|310/310\n|turn|23\n|inactive|Time left: 300 sec this turn | 300 sec total\n|\n|t:|1783564520\n|move|p2a: Greninja|Gunk Shot|p1a: Slowking\n|-damage|p1a: Slowking|209/310\n|-damage|p2a: Greninja|81/100|[from] item: Life Orb\n|move|p1a: Slowking|Scald|p2a: Greninja\n|-resisted|p2a: Greninja\n|-damage|p2a: Greninja|57/100\n|\n|-sideend|p1: p0x2114b006|move: Light Screen\n|upkeep\n|turn|24\n|inactive|Time left: 300 sec this turn | 300 sec total\n|\n|t:|1783564522\n|move|p2a: Greninja|Dark Pulse|p1a: Slowking\n|-supereffective|p1a: Slowking\n|-damage|p1a: Slowking|89/310\n|-damage|p2a: Greninja|48/100|[from] item: Life Orb\n|-prepare|p1a: Slowking|Chilly Reception|[premajor]\n|move|p1a: Slowking|Chilly Reception|p1a: Slowking\n|-weather|Snowscape\n|inactive|Time left: 300 sec this turn | 300 sec total | 5 sec grace\n|\n|t:|1783564522\n|switch|p1a: Meowstic|Meowstic, L89, M|72/277|[from] Chilly Reception\n|\n|-weather|Snowscape|[upkeep]\n|upkeep\n|turn|25\n|inactive|Time left: 300 sec this turn | 300 sec total\n|\n|t:|1783564523\n|move|p1a: Meowstic|Light Screen|p1a: Meowstic\n|-sidestart|p1: p0x2114b006|move: Light Screen\n|move|p2a: Greninja|Gunk Shot|p1a: Meowstic\n|-damage|p1a: Meowstic|0 fnt\n|faint|p1a: Meowstic\n|-damage|p2a: Greninja|38/100|[from] item: Life Orb\n|\n|-weather|Snowscape|[upkeep]\n|upkeep\n|inactive|Time left: 300 sec this turn | 300 sec total | 5 sec grace\n|\n|t:|1783564524\n|switch|p1a: Slowking|Slowking, L88, M|192/310\n|turn|26\n|inactive|Time left: 300 sec this turn | 300 sec total\n|\n|t:|1783564525\n|move|p2a: Greninja|Gunk Shot|p1a: Slowking\n|-damage|p1a: Slowking|83/310\n|-status|p1a: Slowking|psn\n|-damage|p2a: Greninja|28/100|[from] item: Life Orb\n|move|p1a: Slowking|Slack Off|p1a: Slowking\n|-heal|p1a: Slowking|238/310 psn\n|\n|-weather|Snowscape|[upkeep]\n|-damage|p1a: Slowking|200/310 psn|[from] psn\n|upkeep\n|turn|27\n|inactive|Time left: 300 sec this turn | 300 sec total\n|\n|t:|1783564526\n|move|p2a: Greninja|Gunk Shot|p1a: Slowking\n|-damage|p1a: Slowking|97/310 psn\n|-damage|p2a: Greninja|18/100|[from] item: Life Orb\n|move|p1a: Slowking|Slack Off|p1a: Slowking\n|-heal|p1a: Slowking|252/310 psn\n|\n|-weather|Snowscape|[upkeep]\n|-damage|p1a: Slowking|214/310 psn|[from] psn\n|upkeep\n|turn|28\n|inactive|Time left: 300 sec this turn | 300 sec total\n|\n|t:|1783564527\n|move|p2a: Greninja|Gunk Shot|p1a: Slowking\n|-damage|p1a: Slowking|117/310 psn\n|-damage|p2a: Greninja|9/100|[from] item: Life Orb\n|move|p1a: Slowking|Slack Off|p1a: Slowking\n|-heal|p1a: Slowking|272/310 psn\n|\n|-weather|none\n|-damage|p1a: Slowking|234/310 psn|[from] psn\n|upkeep\n|turn|29\n|inactive|Time left: 300 sec this turn | 300 sec total\n|\n|t:|1783564528\n|move|p2a: Greninja|Gunk Shot|p1a: Slowking\n|-damage|p1a: Slowking|134/310 psn\n|-damage|p2a: Greninja|0 fnt|[from] item: Life Orb\n|faint|p2a: Greninja\n|move|p1a: Slowking|Slack Off|p1a: Slowking\n|-heal|p1a: Slowking|289/310 psn\n|\n|-damage|p1a: Slowking|251/310 psn|[from] psn\n|upkeep\n|\n|t:|1783564529\n|switch|p2a: Arcanine|Arcanine-Hisui, L79, F|100/100\n|turn|30\n|inactive|Time left: 300 sec this turn | 300 sec total\n|\n|t:|1783564530\n|move|p2a: Arcanine|Head Smash|p1a: Slowking\n|-damage|p1a: Slowking|79/310 psn\n|move|p1a: Slowking|Slack Off|p1a: Slowking\n|-heal|p1a: Slowking|234/310 psn\n|\n|-damage|p1a: Slowking|196/310 psn|[from] psn\n|upkeep\n|turn|31\n|inactive|Time left: 300 sec this turn | 300 sec total\n|\n|t:|1783564531\n|move|p2a: Arcanine|Head Smash|p1a: Slowking\n|-damage|p1a: Slowking|36/310 psn\n|move|p1a: Slowking|Scald|p2a: Arcanine\n|-supereffective|p2a: Arcanine\n|-damage|p2a: Arcanine|0 fnt\n|faint|p2a: Arcanine\n|\n|-damage|p1a: Slowking|0 fnt|[from] psn\n|faint|p1a: Slowking\n|\n|win|p0y2114313b", "uploadtime": 1783564531, "views": 0, "rating": 0, "private": 0, "password": null, "_winner": "p0y2114313b", "_our_name": "p0x2114b006"}