{"id": "battle-gen9randombattle-618", "formatid": "gen9randombattle", "format": "[Gen 9] Random Battle", "players": ["p0x618c7fe", "p0y618710f"], "log": "|init|battle\n|title|p0x618c7fe vs. p0y618710f\n|j|\u2606p0x618c7fe\n|j|\u2606p0y618710f\n|t:|1783546978\n|gametype|singles\n|player|p1|p0x618c7fe|266|\n|player|p2|p0y618710f|170|\n|gen|9\n|tier|[Gen 9] Random Battle\n|rule|Species Clause: Limit one of each Pok\u00e9mon\n|rule|HP Percentage Mod: HP is shown in percentages\n|rule|Sleep Clause Mod: Limit one foe put to sleep\n|rule|Illusion Level Mod: Illusion disguises the Pok\u00e9mon's true level\n|\n|t:|1783546978\n|teamsize|p1|6\n|teamsize|p2|6\n|start\n|switch|p1a: Trevenant|Trevenant, L89, M|296/296\n|switch|p2a: Eternatus|Eternatus, L69|100/100\n|-ability|p2a: Eternatus|Pressure\n|turn|1\n|inactive|Battle timer is ON: inactive players will automatically lose when time's up. (requested by p0x618c7fe)\n|inactive|p0y618710f also wants the timer to be on.\n|\n|t:|1783546979\n|move|p2a: Eternatus|Meteor Beam||[still]\n|-prepare|p2a: Eternatus|Meteor Beam\n|-boost|p2a: Eternatus|spa|1\n|-enditem|p2a: Eternatus|Power Herb\n|-anim|p2a: Eternatus|Meteor Beam|p1a: Trevenant\n|-damage|p1a: Trevenant|174/296\n|move|p1a: Trevenant|Poltergeist||[still]\n|-fail|p1a: Trevenant\n|\n|upkeep\n|turn|2\n|inactive|Time left: 300 sec this turn | 300 sec total\n|\n|t:|1783546980\n|move|p1a: Trevenant|Protect|p1a: Trevenant\n|-singleturn|p1a: Trevenant|Protect\n|move|p2a: Eternatus|Meteor Beam||[still]\n|-prepare|p2a: Eternatus|Meteor Beam\n|-boost|p2a: Eternatus|spa|1\n|\n|upkeep\n|turn|3\n|inactive|Time left: 300 sec this turn | 300 sec total\n|\n|t:|1783546982\n|switch|p1a: Lucario|Lucario, L84, M|255/255\n|move|p2a: Eternatus|Meteor Beam|p1a: Lucario|[from] lockedmove\n|-resisted|p1a: Lucario\n|-damage|p1a: Lucario|211/255\n|\n|upkeep\n|turn|4\n|inactive|Time left: 300 sec this turn | 300 sec total\n|\n|t:|1783546983\n|move|p1a: Lucario|Extreme Speed|p2a: Eternatus\n|-crit|p2a: Eternatus\n|-damage|p2a: Eternatus|47/100\n|move|p2a: Eternatus|Fire Blast|p1a: Lucario\n|-supereffective|p1a: Lucario\n|-damage|p1a: Lucario|0 fnt\n|faint|p1a: Lucario\n|\n|upkeep\n|inactive|Time left: 300 sec this turn | 300 sec total | 5 sec grace\n|\n|t:|1783546984\n|switch|p1a: Munkidori|Munkidori, L79, M|269/269\n|turn|5\n|inactive|Time left: 300 sec this turn | 300 sec total\n|\n|t:|1783546985\n|move|p2a: Eternatus|Dynamax Cannon|p1a: Munkidori\n|-damage|p1a: Munkidori|140/269\n|move|p1a: Munkidori|Psychic Noise|p2a: Eternatus\n|-supereffective|p2a: Eternatus\n|-damage|p2a: Eternatus|0 fnt\n|faint|p2a: Eternatus\n|\n|upkeep\n|\n|t:|1783546986\n|switch|p2a: Pawmot|Pawmot, L80, M|100/100\n|turn|6\n|inactive|Time left: 300 sec this turn | 300 sec total\n|\n|t:|1783546987\n|move|p2a: Pawmot|Double Shock|p1a: Munkidori\n|-damage|p1a: Munkidori|0 fnt\n|-start|p2a: Pawmot|typechange|???/Fighting|[from] move: Double Shock\n|faint|p1a: Munkidori\n|-damage|p2a: Pawmot|91/100|[from] item: Life Orb\n|\n|upkeep\n|inactive|Time left: 300 sec this turn | 300 sec total | 5 sec grace\n|\n|t:|1783546988\n|switch|p1a: Salamence|Salamence, L77, M|273/273\n|-ability|p1a: Salamence|Intimidate|boost\n|-unboost|p2a: Pawmot|atk|1\n|turn|7\n|inactive|Time left: 300 sec this turn | 300 sec total\n|\n|t:|1783546989\n|move|p2a: Pawmot|Ice Punch|p1a: Salamence\n|-supereffective|p1a: Salamence\n|-damage|p1a: Salamence|23/273\n|-damage|p2a: Pawmot|81/100|[from] item: Life Orb\n|move|p1a: Salamence|Dragon Dance|p1a: Salamence\n|-boost|p1a: Salamence|atk|1\n|-boost|p1a: Salamence|spe|1\n|\n|upkeep\n|turn|8\n|inactive|Time left: 300 sec this turn | 300 sec total\n|\n|t:|1783546990\n|switch|p2a: Persian|Persian-Alola, L86, F|100/100\n|move|p1a: Salamence|Outrage|p2a: Persian\n|-damage|p2a: Persian|49/100\n|\n|upkeep\n|turn|9\n|inactive|Time left: 300 sec this turn | 300 sec total\n|\n|t:|1783546991\n|-terastallize|p2a: Persian|Fairy\n|move|p1a: Salamence|Outrage|p2a: Persian|[from] lockedmove\n|-immune|p2a: Persian\n|-start|p1a: Salamence|confusion|[fatigue]\n|move|p2a: Persian|Nasty Plot|p2a: Persian\n|-boost|p2a: Persian|spa|2\n|\n|upkeep\n|turn|10\n|inactive|Time left: 300 sec this turn | 300 sec total\n|\n|t:|1783546992\n|-activate|p1a: Salamence|confusion\n|-damage|p1a: Salamence|0 fnt|[from] confusion\n|faint|p1a: Salamence\n|move|p2a: Persian|Dark Pulse|p1: Salamence|[notarget]\n|-fail|p2a: Persian\n|\n|upkeep\n|inactive|Time left: 300 sec this turn | 300 sec total | 5 sec grace\n|\n|t:|1783546993\n|switch|p1a: Houndoom|Houndoom, L87, M|272/272\n|turn|11\n|inactive|Time left: 300 sec this turn | 300 sec total\n|\n|t:|1783546994\n|move|p2a: Persian|Tera Blast|p1a: Houndoom|[anim] Tera Blast Fairy\n|-damage|p1a: Houndoom|80/272\n|-damage|p2a: Persian|39/100|[from] item: Life Orb\n|move|p1a: Houndoom|Sludge Bomb|p2a: Persian\n|-supereffective|p2a: Persian\n|-damage|p2a: Persian|0 fnt\n|faint|p2a: Persian\n|\n|upkeep\n|\n|t:|1783546996\n|switch|p2a: Hoopa|Hoopa-Unbound, L80|100/100\n|turn|12\n|inactive|Time left: 300 sec this turn | 300 sec total\n|\n|t:|1783546997\n|move|p1a: Houndoom|Sucker Punch|p2a: Hoopa\n|-damage|p2a: Hoopa|64/100\n|move|p2a: Hoopa|Hyperspace Fury|p1a: Houndoom\n|-resisted|p1a: Houndoom\n|-damage|p1a: Houndoom|0 fnt\n|-unboost|p2a: Hoopa|def|1\n|faint|p1a: Houndoom\n|\n|upkeep\n|inactive|Time left: 300 sec this turn | 300 sec total | 5 sec grace\n|\n|t:|1783546998\n|switch|p1a: Trevenant|Trevenant, L89, M|174/296\n|turn|13\n|inactive|Time left: 300 sec this turn | 300 sec total\n|\n|t:|1783546999\n|-terastallize|p1a: Trevenant|Fairy\n|move|p2a: Hoopa|Hyperspace Fury|p1a: Trevenant\n|-resisted|p1a: Trevenant\n|-damage|p1a: Trevenant|90/296\n|-unboost|p2a: Hoopa|def|1\n|-enditem|p1a: Trevenant|Sitrus Berry|[eat]\n|-heal|p1a: Trevenant|164/296|[from] item: Sitrus Berry\n|move|p1a: Trevenant|Drain Punch|p2a: Hoopa\n|-damage|p2a: Hoopa|0 fnt\n|-heal|p1a: Trevenant|247/296|[from] drain|[of] p2a: Hoopa\n|faint|p2a: Hoopa\n|\n|-item|p1a: Trevenant|Sitrus Berry|[from] ability: Harvest\n|upkeep\n|\n|t:|1783547000\n|switch|p2a: Magmortar|Magmortar, L88, F|100/100\n|turn|14\n|inactive|Time left: 300 sec this turn | 300 sec total\n|\n|t:|1783547001\n|move|p2a: Magmortar|Fire Blast|p1a: Trevenant\n|-damage|p1a: Trevenant|87/296\n|-status|p1a: Trevenant|brn\n|-enditem|p1a: Trevenant|Sitrus Berry|[eat]\n|-heal|p1a: Trevenant|161/296 brn|[from] item: Sitrus Berry\n|move|p1a: Trevenant|Poltergeist|p2a: Magmortar|[miss]\n|-miss|p1a: Trevenant|p2a: Magmortar\n|\n|-damage|p1a: Trevenant|143/296 brn|[from] brn\n|-item|p1a: Trevenant|Sitrus Berry|[from] ability: Harvest\n|upkeep\n|-enditem|p1a: Trevenant|Sitrus Berry|[eat]\n|-heal|p1a: Trevenant|217/296 brn|[from] item: Sitrus Berry\n|turn|15\n|inactive|Time left: 300 sec this turn | 300 sec total\n|\n|t:|1783547002\n|move|p2a: Magmortar|Fire Blast|p1a: Trevenant\n|-damage|p1a: Trevenant|63/296 brn\n|move|p1a: Trevenant|Toxic|p2a: Magmortar\n|-status|p2a: Magmortar|tox\n|\n|-damage|p2a: Magmortar|94/100 tox|[from] psn\n|-damage|p1a: Trevenant|45/296 brn|[from] brn\n|upkeep\n|turn|16\n|inactive|Time left: 300 sec this turn | 300 sec total\n|\n|t:|1783547003\n|move|p1a: Trevenant|Protect|p1a: Trevenant\n|-singleturn|p1a: Trevenant|Protect\n|move|p2a: Magmortar|Fire Blast|p1a: Trevenant\n|-activate|p1a: Trevenant|move: Protect\n|\n|-damage|p2a: Magmortar|82/100 tox|[from] psn\n|-damage|p1a: Trevenant|27/296 brn|[from] brn\n|-item|p1a: Trevenant|Sitrus Berry|[from] ability: Harvest\n|upkeep\n|-enditem|p1a: Trevenant|Sitrus Berry|[eat]\n|-heal|p1a: Trevenant|101/296 brn|[from] item: Sitrus Berry\n|turn|17\n|inactive|Time left: 300 sec this turn | 300 sec total\n|\n|t:|1783547004\n|move|p1a: Trevenant|Protect||[still]\n|-fail|p1a: Trevenant\n|move|p2a: Magmortar|Fire Blast|p1a: Trevenant\n|-damage|p1a: Trevenant|0 fnt\n|faint|p1a: Trevenant\n|\n|-damage|p2a: Magmortar|63/100 tox|[from] psn\n|upkeep\n|inactive|Time left: 300 sec this turn | 300 sec total | 5 sec grace\n|\n|t:|1783547005\n|switch|p1a: Rabsca|Rabsca, L91, F|284/284\n|turn|18\n|inactive|Time left: 300 sec this turn | 300 sec total\n|\n|t:|1783547006\n|move|p2a: Magmortar|Fire Blast|p1a: Rabsca\n|-supereffective|p1a: Rabsca\n|-damage|p1a: Rabsca|0 fnt\n|faint|p1a: Rabsca\n|\n|win|p0y618710f", "uploadtime": 1783547006, "views": 0, "rating": 0, "private": 0, "password": null, "_winner": "p0y618710f", "_our_name": "p0x618c7fe"}