{"id": "battle-gen9randombattle-1662", "formatid": "gen9randombattle", "format": "[Gen 9] Random Battle", "players": ["p0x1662ecf9", "p0y1662e97d"], "log": "|init|battle\n|title|p0x1662ecf9 vs. p0y1662e97d\n|j|\u2606p0x1662ecf9\n|j|\u2606p0y1662e97d\n|t:|1783559250\n|gametype|singles\n|player|p1|p0x1662ecf9|170|\n|player|p2|p0y1662e97d|102|\n|gen|9\n|tier|[Gen 9] Random Battle\n|rule|Species Clause: Limit one of each Pok\u00e9mon\n|rule|HP Percentage Mod: HP is shown in percentages\n|rule|Sleep Clause Mod: Limit one foe put to sleep\n|rule|Illusion Level Mod: Illusion disguises the Pok\u00e9mon's true level\n|\n|t:|1783559250\n|teamsize|p1|6\n|teamsize|p2|6\n|start\n|switch|p1a: Chien-Pao|Chien-Pao, L72|100/100\n|switch|p2a: Jirachi|Jirachi, L80|291/291\n|-ability|p1a: Chien-Pao|Sword of Ruin\n|turn|1\n|inactive|Battle timer is ON: inactive players will automatically lose when time's up. (requested by p0y1662e97d)\n|inactive|p0x1662ecf9 also wants the timer to be on.\n|\n|t:|1783559252\n|switch|p1a: Chandelure|Chandelure, L83, F|100/100\n|move|p2a: Jirachi|Drain Punch|p1a: Chandelure\n|-immune|p1a: Chandelure\n|\n|upkeep\n|turn|2\n|inactive|Time left: 300 sec this turn | 300 sec total\n|\n|t:|1783559253\n|switch|p2a: Coalossal|Coalossal, L89, F|341/341\n|move|p1a: Chandelure|Fire Blast|p2a: Coalossal\n|-resisted|p2a: Coalossal\n|-damage|p2a: Coalossal|303/341\n|\n|upkeep\n|turn|3\n|inactive|Time left: 300 sec this turn | 300 sec total\n|\n|t:|1783559255\n|move|p1a: Chandelure|Fire Blast|p2a: Coalossal\n|-resisted|p2a: Coalossal\n|-damage|p2a: Coalossal|269/341\n|move|p2a: Coalossal|Stone Edge|p1a: Chandelure\n|-supereffective|p1a: Chandelure\n|-damage|p1a: Chandelure|15/100\n|\n|upkeep\n|turn|4\n|inactive|Time left: 300 sec this turn | 300 sec total\n|\n|t:|1783559256\n|move|p1a: Chandelure|Fire Blast|p2a: Coalossal\n|-resisted|p2a: Coalossal\n|-crit|p2a: Coalossal\n|-damage|p2a: Coalossal|214/341\n|move|p2a: Coalossal|Stone Edge|p1a: Chandelure\n|-supereffective|p1a: Chandelure\n|-crit|p1a: Chandelure\n|-damage|p1a: Chandelure|0 fnt\n|faint|p1a: Chandelure\n|\n|upkeep\n|\n|t:|1783559257\n|switch|p1a: Reuniclus|Reuniclus, L88, M|100/100\n|turn|5\n|inactive|Time left: 300 sec this turn | 300 sec total\n|\n|t:|1783559259\n|move|p2a: Coalossal|Flamethrower|p1a: Reuniclus\n|-damage|p1a: Reuniclus|75/100\n|move|p1a: Reuniclus|Focus Blast|p2a: Coalossal\n|-supereffective|p2a: Coalossal\n|-damage|p2a: Coalossal|0 fnt\n|faint|p2a: Coalossal\n|\n|upkeep\n|inactive|Time left: 300 sec this turn | 300 sec total | 5 sec grace\n|\n|t:|1783559260\n|switch|p2a: Tsareena|Tsareena, L87, F|267/267\n|turn|6\n|inactive|Time left: 300 sec this turn | 300 sec total\n|\n|t:|1783559261\n|move|p2a: Tsareena|Power Whip|p1a: Reuniclus|[miss]\n|-miss|p2a: Tsareena|p1a: Reuniclus\n|move|p1a: Reuniclus|Recover|p1a: Reuniclus\n|-heal|p1a: Reuniclus|100/100\n|\n|upkeep\n|turn|7\n|inactive|Time left: 300 sec this turn | 300 sec total\n|\n|t:|1783559262\n|move|p2a: Tsareena|Power Whip|p1a: Reuniclus\n|-damage|p1a: Reuniclus|19/100\n|move|p1a: Reuniclus|Calm Mind|p1a: Reuniclus\n|-boost|p1a: Reuniclus|spa|1\n|-boost|p1a: Reuniclus|spd|1\n|\n|upkeep\n|turn|8\n|inactive|Time left: 300 sec this turn | 300 sec total\n|\n|t:|1783559263\n|switch|p1a: Rotom|Rotom-Mow, L87|100/100\n|move|p2a: Tsareena|Power Whip|p1a: Rotom\n|-resisted|p1a: Rotom\n|-damage|p1a: Rotom|55/100\n|\n|-heal|p1a: Rotom|61/100|[from] item: Leftovers\n|upkeep\n|turn|9\n|inactive|Time left: 300 sec this turn | 300 sec total\n|\n|t:|1783559264\n|move|p1a: Rotom|Will-O-Wisp|p2a: Tsareena|[miss]\n|-miss|p1a: Rotom|p2a: Tsareena\n|move|p2a: Tsareena|Power Whip|p1a: Rotom|[miss]\n|-miss|p2a: Tsareena|p1a: Rotom\n|\n|-heal|p1a: Rotom|67/100|[from] item: Leftovers\n|upkeep\n|turn|10\n|inactive|Time left: 300 sec this turn | 300 sec total\n|\n|t:|1783559265\n|move|p1a: Rotom|Will-O-Wisp|p2a: Tsareena\n|-status|p2a: Tsareena|brn\n|move|p2a: Tsareena|Power Whip|p1a: Rotom\n|-resisted|p1a: Rotom\n|-damage|p1a: Rotom|47/100\n|\n|-heal|p1a: Rotom|53/100|[from] item: Leftovers\n|-damage|p2a: Tsareena|251/267 brn|[from] brn\n|upkeep\n|turn|11\n|inactive|Time left: 300 sec this turn | 300 sec total\n|\n|t:|1783559266\n|move|p1a: Rotom|Nasty Plot|p1a: Rotom\n|-boost|p1a: Rotom|spa|2\n|move|p2a: Tsareena|Power Whip|p1a: Rotom\n|-resisted|p1a: Rotom\n|-damage|p1a: Rotom|31/100\n|\n|-heal|p1a: Rotom|37/100|[from] item: Leftovers\n|-damage|p2a: Tsareena|235/267 brn|[from] brn\n|upkeep\n|turn|12\n|inactive|Time left: 300 sec this turn | 300 sec total\n|\n|t:|1783559267\n|move|p1a: Rotom|Thunderbolt|p2a: Tsareena\n|-resisted|p2a: Tsareena\n|-damage|p2a: Tsareena|145/267 brn\n|move|p2a: Tsareena|Power Whip|p1a: Rotom\n|-resisted|p1a: Rotom\n|-damage|p1a: Rotom|17/100\n|\n|-heal|p1a: Rotom|23/100|[from] item: Leftovers\n|-damage|p2a: Tsareena|129/267 brn|[from] brn\n|upkeep\n|turn|13\n|inactive|Time left: 300 sec this turn | 300 sec total\n|\n|t:|1783559268\n|move|p1a: Rotom|Thunderbolt|p2a: Tsareena\n|-resisted|p2a: Tsareena\n|-damage|p2a: Tsareena|28/267 brn\n|move|p2a: Tsareena|Power Whip|p1a: Rotom\n|-resisted|p1a: Rotom\n|-damage|p1a: Rotom|0 fnt\n|faint|p1a: Rotom\n|\n|-damage|p2a: Tsareena|12/267 brn|[from] brn\n|upkeep\n|\n|t:|1783559269\n|switch|p1a: Chien-Pao|Chien-Pao, L72|100/100\n|-ability|p1a: Chien-Pao|Sword of Ruin\n|turn|14\n|inactive|Time left: 300 sec this turn | 300 sec total\n|\n|t:|1783559270\n|move|p1a: Chien-Pao|Throat Chop|p2a: Tsareena\n|-damage|p2a: Tsareena|0 fnt\n|faint|p2a: Tsareena\n|\n|upkeep\n|inactive|Time left: 300 sec this turn | 300 sec total | 5 sec grace\n|\n|t:|1783559271\n|switch|p2a: Great Tusk|Great Tusk, L77|304/304\n|turn|15\n|inactive|Time left: 300 sec this turn | 300 sec total\n|\n|t:|1783559272\n|move|p1a: Chien-Pao|Icicle Crash|p2a: Great Tusk\n|-supereffective|p2a: Great Tusk\n|-damage|p2a: Great Tusk|140/304\n|move|p2a: Great Tusk|Close Combat|p1a: Chien-Pao\n|-supereffective|p1a: Chien-Pao\n|-damage|p1a: Chien-Pao|0 fnt\n|-unboost|p2a: Great Tusk|def|1\n|-unboost|p2a: Great Tusk|spd|1\n|faint|p1a: Chien-Pao\n|\n|-heal|p2a: Great Tusk|159/304|[from] item: Leftovers\n|upkeep\n|\n|t:|1783559273\n|switch|p1a: Phione|Phione, L91|100/100\n|turn|16\n|inactive|Time left: 300 sec this turn | 300 sec total\n|\n|t:|1783559274\n|-end|p2a: Great Tusk|Protosynthesis|[silent]\n|switch|p2a: Jirachi|Jirachi, L80|291/291\n|move|p1a: Phione|Scald|p2a: Jirachi\n|-damage|p2a: Jirachi|204/291\n|\n|-heal|p2a: Jirachi|222/291|[from] item: Leftovers\n|upkeep\n|turn|17\n|inactive|Time left: 300 sec this turn | 300 sec total\n|\n|t:|1783559276\n|move|p2a: Jirachi|Iron Head|p1a: Phione\n|-resisted|p1a: Phione\n|-damage|p1a: Phione|88/100\n|move|p1a: Phione|Scald|p2a: Jirachi\n|-damage|p2a: Jirachi|140/291\n|\n|-heal|p2a: Jirachi|158/291|[from] item: Leftovers\n|-heal|p1a: Phione|94/100|[from] item: Leftovers\n|upkeep\n|turn|18\n|inactive|Time left: 300 sec this turn | 300 sec total\n|\n|t:|1783559277\n|move|p2a: Jirachi|Iron Head|p1a: Phione\n|-resisted|p1a: Phione\n|-damage|p1a: Phione|79/100\n|cant|p1a: Phione|flinch\n|\n|-heal|p2a: Jirachi|176/291|[from] item: Leftovers\n|-heal|p1a: Phione|85/100|[from] item: Leftovers\n|upkeep\n|turn|19\n|inactive|Time left: 300 sec this turn | 300 sec total\n|\n|t:|1783559278\n|move|p2a: Jirachi|Iron Head|p1a: Phione\n|-resisted|p1a: Phione\n|-damage|p1a: Phione|72/100\n|cant|p1a: Phione|flinch\n|\n|-heal|p2a: Jirachi|194/291|[from] item: Leftovers\n|-heal|p1a: Phione|78/100|[from] item: Leftovers\n|upkeep\n|turn|20\n|inactive|Time left: 300 sec this turn | 300 sec total\n|\n|t:|1783559279\n|move|p2a: Jirachi|Iron Head|p1a: Phione\n|-resisted|p1a: Phione\n|-damage|p1a: Phione|65/100\n|move|p1a: Phione|Scald|p2a: Jirachi\n|-crit|p2a: Jirachi\n|-damage|p2a: Jirachi|67/291\n|-status|p2a: Jirachi|brn\n|\n|-heal|p2a: Jirachi|85/291 brn|[from] item: Leftovers\n|-heal|p1a: Phione|71/100|[from] item: Leftovers\n|-damage|p2a: Jirachi|67/291 brn|[from] brn\n|upkeep\n|turn|21\n|inactive|Time left: 300 sec this turn | 300 sec total\n|\n|t:|1783559280\n|move|p2a: Jirachi|Iron Head|p1a: Phione\n|-resisted|p1a: Phione\n|-damage|p1a: Phione|65/100\n|cant|p1a: Phione|flinch\n|\n|-heal|p2a: Jirachi|85/291 brn|[from] item: Leftovers\n|-heal|p1a: Phione|71/100|[from] item: Leftovers\n|-damage|p2a: Jirachi|67/291 brn|[from] brn\n|upkeep\n|turn|22\n|inactive|Time left: 300 sec this turn | 300 sec total\n|\n|t:|1783559281\n|move|p2a: Jirachi|Iron Head|p1a: Phione\n|-resisted|p1a: Phione\n|-damage|p1a: Phione|64/100\n|cant|p1a: Phione|flinch\n|\n|-heal|p2a: Jirachi|85/291 brn|[from] item: Leftovers\n|-heal|p1a: Phione|70/100|[from] item: Leftovers\n|-damage|p2a: Jirachi|67/291 brn|[from] brn\n|upkeep\n|turn|23\n|inactive|Time left: 300 sec this turn | 300 sec total\n|\n|t:|1783559282\n|move|p2a: Jirachi|Iron Head|p1a: Phione\n|-resisted|p1a: Phione\n|-damage|p1a: Phione|64/100\n|cant|p1a: Phione|flinch\n|\n|-heal|p2a: Jirachi|85/291 brn|[from] item: Leftovers\n|-heal|p1a: Phione|70/100|[from] item: Leftovers\n|-damage|p2a: Jirachi|67/291 brn|[from] brn\n|upkeep\n|turn|24\n|inactive|Time left: 300 sec this turn | 300 sec total\n|\n|t:|1783559283\n|move|p2a: Jirachi|Iron Head|p1a: Phione\n|-resisted|p1a: Phione\n|-damage|p1a: Phione|64/100\n|move|p1a: Phione|Scald|p2a: Jirachi\n|-damage|p2a: Jirachi|0 fnt\n|faint|p2a: Jirachi\n|\n|-heal|p1a: Phione|70/100|[from] item: Leftovers\n|upkeep\n|inactive|Time left: 300 sec this turn | 300 sec total | 5 sec grace\n|\n|t:|1783559284\n|switch|p2a: Lycanroc|Lycanroc, L86, F|269/269\n|turn|25\n|inactive|Time left: 300 sec this turn | 300 sec total\n|\n|t:|1783559285\n|move|p2a: Lycanroc|Stone Edge|p1a: Phione\n|-damage|p1a: Phione|12/100\n|-damage|p2a: Lycanroc|243/269|[from] item: Life Orb\n|move|p1a: Phione|Scald|p2a: Lycanroc\n|-supereffective|p2a: Lycanroc\n|-damage|p2a: Lycanroc|37/269\n|\n|-heal|p1a: Phione|18/100|[from] item: Leftovers\n|upkeep\n|turn|26\n|inactive|Time left: 300 sec this turn | 300 sec total\n|\n|t:|1783559286\n|switch|p1a: Clodsire|Clodsire, L81, F|100/100\n|move|p2a: Lycanroc|Close Combat|p1a: Clodsire\n|-resisted|p1a: Clodsire\n|-damage|p1a: Clodsire|77/100\n|-unboost|p2a: Lycanroc|def|1\n|-unboost|p2a: Lycanroc|spd|1\n|-damage|p2a: Lycanroc|11/269|[from] item: Life Orb\n|\n|-heal|p1a: Clodsire|83/100|[from] item: Leftovers\n|upkeep\n|turn|27\n|inactive|Time left: 300 sec this turn | 300 sec total\n|\n|t:|1783559287\n|switch|p2a: Great Tusk|Great Tusk, L77|159/304\n|move|p1a: Clodsire|Curse|p1a: Clodsire\n|-unboost|p1a: Clodsire|spe|1\n|-boost|p1a: Clodsire|atk|1\n|-boost|p1a: Clodsire|def|1\n|\n|-heal|p2a: Great Tusk|178/304|[from] item: Leftovers\n|-heal|p1a: Clodsire|89/100|[from] item: Leftovers\n|upkeep\n|turn|28\n|inactive|Time left: 300 sec this turn | 300 sec total\n|\n|t:|1783559288\n|move|p2a: Great Tusk|Earthquake|p1a: Clodsire\n|-supereffective|p1a: Clodsire\n|-damage|p1a: Clodsire|31/100\n|move|p1a: Clodsire|Earthquake|p2a: Great Tusk\n|-damage|p2a: Great Tusk|79/304\n|\n|-heal|p2a: Great Tusk|98/304|[from] item: Leftovers\n|-heal|p1a: Clodsire|37/100|[from] item: Leftovers\n|upkeep\n|turn|29\n|inactive|Time left: 300 sec this turn | 300 sec total\n|\n|t:|1783559289\n|-terastallize|p1a: Clodsire|Flying\n|move|p2a: Great Tusk|Earthquake|p1a: Clodsire\n|-immune|p1a: Clodsire\n|move|p1a: Clodsire|Earthquake|p2a: Great Tusk\n|-damage|p2a: Great Tusk|5/304\n|\n|-heal|p2a: Great Tusk|24/304|[from] item: Leftovers\n|-heal|p1a: Clodsire|43/100|[from] item: Leftovers\n|upkeep\n|turn|30\n|inactive|Time left: 300 sec this turn | 300 sec total\n|\n|t:|1783559290\n|move|p2a: Great Tusk|Stone Edge|p1a: Clodsire\n|-supereffective|p1a: Clodsire\n|-damage|p1a: Clodsire|1/100\n|move|p1a: Clodsire|Recover|p1a: Clodsire\n|-heal|p1a: Clodsire|52/100\n|\n|-heal|p2a: Great Tusk|43/304|[from] item: Leftovers\n|-heal|p1a: Clodsire|58/100|[from] item: Leftovers\n|upkeep\n|turn|31\n|inactive|Time left: 300 sec this turn | 300 sec total\n|\n|t:|1783559291\n|move|p2a: Great Tusk|Stone Edge|p1a: Clodsire\n|-supereffective|p1a: Clodsire\n|-damage|p1a: Clodsire|19/100\n|move|p1a: Clodsire|Earthquake|p2a: Great Tusk\n|-damage|p2a: Great Tusk|0 fnt\n|faint|p2a: Great Tusk\n|-end|p2a: Great Tusk|Protosynthesis|[silent]\n|\n|-heal|p1a: Clodsire|25/100|[from] item: Leftovers\n|upkeep\n|inactive|Time left: 300 sec this turn | 300 sec total | 5 sec grace\n|\n|t:|1783559292\n|switch|p2a: Lycanroc|Lycanroc, L86, F|11/269\n|turn|32\n|inactive|Time left: 300 sec this turn | 300 sec total\n|\n|t:|1783559293\n|switch|p1a: Reuniclus|Reuniclus, L88, M|19/100\n|move|p2a: Lycanroc|Accelerock|p1a: Reuniclus\n|-damage|p1a: Reuniclus|0 fnt\n|faint|p1a: Reuniclus\n|-damage|p2a: Lycanroc|0 fnt|[from] item: Life Orb\n|faint|p2a: Lycanroc\n|\n|upkeep\n|inactive|Time left: 300 sec this turn | 300 sec total | 5 sec grace\n|\n|t:|1783559294\n|switch|p2a: Volbeat|Volbeat, L90, M|263/263\n|switch|p1a: Clodsire|Clodsire, L81, F, tera:Flying|25/100\n|turn|33\n|inactive|Time left: 300 sec this turn | 300 sec total\n|\n|t:|1783559295\n|move|p2a: Volbeat|Thunder Wave|p1a: Clodsire\n|-status|p1a: Clodsire|par\n|move|p1a: Clodsire|Recover|p1a: Clodsire\n|-heal|p1a: Clodsire|75/100 par\n|\n|-heal|p1a: Clodsire|82/100 par|[from] item: Leftovers\n|upkeep\n|turn|34\n|inactive|Time left: 300 sec this turn | 300 sec total\n|\n|t:|1783559296\n|move|p2a: Volbeat|Encore|p1a: Clodsire\n|-start|p1a: Clodsire|Encore\n|move|p1a: Clodsire|Recover|p1a: Clodsire\n|-heal|p1a: Clodsire|100/100 par\n|\n|upkeep\n|turn|35\n|inactive|Time left: 300 sec this turn | 300 sec total\n|\n|t:|1783559297\n|switch|p1a: Phione|Phione, L91|18/100\n|move|p2a: Volbeat|U-turn|p1a: Phione\n|-damage|p1a: Phione|0 fnt\n|faint|p1a: Phione\n|\n|upkeep\n|\n|t:|1783559298\n|switch|p1a: Clodsire|Clodsire, L81, F, tera:Flying|100/100 par\n|turn|36\n|inactive|Time left: 300 sec this turn | 300 sec total\n|\n|t:|1783559299\n|move|p2a: Volbeat|Thunder Wave|p1a: Clodsire\n|-fail|p1a: Clodsire|par\n|move|p1a: Clodsire|Gunk Shot|p2a: Volbeat|[miss]\n|-miss|p1a: Clodsire|p2a: Volbeat\n|\n|upkeep\n|turn|37\n|inactive|Time left: 300 sec this turn | 300 sec total\n|\n|t:|1783559300\n|move|p2a: Volbeat|Thunder Wave|p1a: Clodsire\n|-fail|p1a: Clodsire|par\n|cant|p1a: Clodsire|par\n|\n|upkeep\n|turn|38\n|inactive|Time left: 300 sec this turn | 300 sec total\n|\n|t:|1783559301\n|move|p2a: Volbeat|U-turn|p1a: Clodsire\n|-resisted|p1a: Clodsire\n|-damage|p1a: Clodsire|88/100 par\n|cant|p1a: Clodsire|par\n|\n|-heal|p1a: Clodsire|94/100 par|[from] item: Leftovers\n|upkeep\n|turn|39\n|inactive|Time left: 300 sec this turn | 300 sec total\n|\n|t:|1783559301\n|move|p2a: Volbeat|Thunder Wave|p1a: Clodsire|[miss]\n|-miss|p2a: Volbeat|p1a: Clodsire\n|cant|p1a: Clodsire|par\n|\n|-heal|p1a: Clodsire|99/100 par|[from] item: Leftovers\n|upkeep\n|turn|40\n|inactive|Time left: 300 sec this turn | 300 sec total\n|\n|t:|1783559302\n|-terastallize|p2a: Volbeat|Steel\n|move|p2a: Volbeat|Encore|p1a: Clodsire\n|-start|p1a: Clodsire|Encore\n|cant|p1a: Clodsire|par\n|\n|-heal|p1a: Clodsire|100/100 par|[from] item: Leftovers\n|upkeep\n|turn|41\n|inactive|Time left: 300 sec this turn | 300 sec total\n|\n|t:|1783559303\n|move|p2a: Volbeat|U-turn|p1a: Clodsire\n|-resisted|p1a: Clodsire\n|-damage|p1a: Clodsire|87/100 par\n|move|p1a: Clodsire|Gunk Shot|p2a: Volbeat\n|-immune|p2a: Volbeat\n|\n|-heal|p1a: Clodsire|93/100 par|[from] item: Leftovers\n|upkeep\n|turn|42\n|inactive|Time left: 300 sec this turn | 300 sec total\n|\n|t:|1783559305\n|move|p2a: Volbeat|Encore||[still]\n|-fail|p2a: Volbeat\n|move|p1a: Clodsire|Gunk Shot|p2a: Volbeat\n|-immune|p2a: Volbeat\n|\n|-heal|p1a: Clodsire|99/100 par|[from] item: Leftovers\n|-end|p1a: Clodsire|Encore\n|upkeep\n|turn|43\n|inactive|Time left: 300 sec this turn | 300 sec total\n|\n|t:|1783559306\n|move|p2a: Volbeat|Encore|p1a: Clodsire\n|-start|p1a: Clodsire|Encore\n|move|p1a: Clodsire|Gunk Shot|p2a: Volbeat\n|-immune|p2a: Volbeat\n|\n|-heal|p1a: Clodsire|100/100 par|[from] item: Leftovers\n|upkeep\n|turn|44\n|inactive|Time left: 300 sec this turn | 300 sec total\n|\n|t:|1783559307\n|move|p2a: Volbeat|Roost||[still]\n|-fail|p2a: Volbeat|heal\n|move|p1a: Clodsire|Gunk Shot|p2a: Volbeat\n|-immune|p2a: Volbeat\n|\n|upkeep\n|turn|45\n|inactive|Time left: 300 sec this turn | 300 sec total\n|\n|t:|1783559308\n|move|p2a: Volbeat|Roost||[still]\n|-fail|p2a: Volbeat|heal\n|move|p1a: Clodsire|Gunk Shot|p2a: Volbeat\n|-immune|p2a: Volbeat\n|\n|-end|p1a: Clodsire|Encore\n|upkeep\n|turn|46\n|inactive|Time left: 300 sec this turn | 300 sec total\n|\n|t:|1783559309\n|move|p2a: Volbeat|Encore|p1a: Clodsire\n|-start|p1a: Clodsire|Encore\n|cant|p1a: Clodsire|par\n|\n|upkeep\n|turn|47\n|inactive|Time left: 300 sec this turn | 300 sec total\n|\n|t:|1783559310\n|move|p2a: Volbeat|Thunder Wave|p1a: Clodsire\n|-fail|p1a: Clodsire|par\n|move|p1a: Clodsire|Gunk Shot|p2a: Volbeat\n|-immune|p2a: Volbeat\n|\n|upkeep\n|turn|48\n|inactive|Time left: 300 sec this turn | 300 sec total\n|\n|t:|1783559311\n|move|p2a: Volbeat|Encore||[still]\n|-fail|p2a: Volbeat\n|move|p1a: Clodsire|Gunk Shot|p2a: Volbeat\n|-immune|p2a: Volbeat\n|\n|-end|p1a: Clodsire|Encore\n|upkeep\n|turn|49\n|inactive|Time left: 300 sec this turn | 300 sec total\n|\n|t:|1783559312\n|move|p2a: Volbeat|Encore||[still]\n|-fail|p2a: Volbeat\n|move|p1a: Clodsire|Earthquake|p2a: Volbeat\n|-supereffective|p2a: Volbeat\n|-damage|p2a: Volbeat|75/263\n|\n|upkeep\n|turn|50\n|inactive|Time left: 300 sec this turn | 300 sec total\n|\n|t:|1783559313\n|move|p2a: Volbeat|Roost|p2a: Volbeat\n|-heal|p2a: Volbeat|207/263\n|move|p1a: Clodsire|Earthquake|p2a: Volbeat\n|-supereffective|p2a: Volbeat\n|-damage|p2a: Volbeat|37/263\n|\n|upkeep\n|turn|51\n|inactive|Time left: 300 sec this turn | 300 sec total\n|\n|t:|1783559314\n|move|p2a: Volbeat|Roost|p2a: Volbeat\n|-heal|p2a: Volbeat|169/263\n|cant|p1a: Clodsire|par\n|\n|upkeep\n|turn|52\n|inactive|Time left: 300 sec this turn | 300 sec total\n|\n|t:|1783559315\n|move|p2a: Volbeat|Roost|p2a: Volbeat\n|-heal|p2a: Volbeat|263/263\n|move|p1a: Clodsire|Earthquake|p2a: Volbeat\n|-supereffective|p2a: Volbeat\n|-damage|p2a: Volbeat|87/263\n|\n|upkeep\n|turn|53\n|inactive|Time left: 300 sec this turn | 300 sec total\n|\n|t:|1783559316\n|move|p2a: Volbeat|Roost|p2a: Volbeat\n|-heal|p2a: Volbeat|219/263\n|move|p1a: Clodsire|Earthquake|p2a: Volbeat\n|-supereffective|p2a: Volbeat\n|-damage|p2a: Volbeat|49/263\n|\n|upkeep\n|turn|54\n|inactive|Time left: 300 sec this turn | 300 sec total\n|\n|t:|1783559317\n|move|p2a: Volbeat|Roost|p2a: Volbeat\n|-heal|p2a: Volbeat|181/263\n|cant|p1a: Clodsire|par\n|\n|upkeep\n|turn|55\n|inactive|Time left: 300 sec this turn | 300 sec total\n|\n|t:|1783559318\n|move|p2a: Volbeat|Roost|p2a: Volbeat\n|-heal|p2a: Volbeat|263/263\n|move|p1a: Clodsire|Earthquake|p2a: Volbeat\n|-supereffective|p2a: Volbeat\n|-damage|p2a: Volbeat|93/263\n|\n|upkeep\n|turn|56\n|inactive|Time left: 300 sec this turn | 300 sec total\n|\n|t:|1783559319\n|move|p2a: Volbeat|Thunder Wave|p1a: Clodsire\n|-fail|p1a: Clodsire|par\n|cant|p1a: Clodsire|par\n|\n|upkeep\n|turn|57\n|inactive|Time left: 300 sec this turn | 300 sec total\n|\n|t:|1783559320\n|move|p2a: Volbeat|Thunder Wave|p1a: Clodsire\n|-fail|p1a: Clodsire|par\n|cant|p1a: Clodsire|par\n|\n|upkeep\n|turn|58\n|inactive|Time left: 300 sec this turn | 300 sec total\n|\n|t:|1783559321\n|move|p2a: Volbeat|Thunder Wave|p1a: Clodsire\n|-fail|p1a: Clodsire|par\n|move|p1a: Clodsire|Earthquake|p2a: Volbeat\n|-supereffective|p2a: Volbeat\n|-damage|p2a: Volbeat|0 fnt\n|faint|p2a: Volbeat\n|\n|win|p0x1662ecf9", "uploadtime": 1783559321, "views": 0, "rating": 0, "private": 0, "password": null, "_winner": "p0x1662ecf9", "_our_name": "p0y1662e97d"}