{"id": "battle-gen9randombattle-808", "formatid": "gen9randombattle", "format": "[Gen 9] Random Battle", "players": ["p0x80846e4", "p0y8085b6e"], "log": "|init|battle\n|title|p0x80846e4 vs. p0y8085b6e\n|j|\u2606p0x80846e4\n|j|\u2606p0y8085b6e\n|t:|1783549272\n|gametype|singles\n|player|p1|p0x80846e4|102|\n|player|p2|p0y8085b6e|170|\n|gen|9\n|tier|[Gen 9] Random Battle\n|rule|Species Clause: Limit one of each Pok\u00e9mon\n|rule|HP Percentage Mod: HP is shown in percentages\n|rule|Sleep Clause Mod: Limit one foe put to sleep\n|rule|Illusion Level Mod: Illusion disguises the Pok\u00e9mon's true level\n|\n|t:|1783549272\n|teamsize|p1|6\n|teamsize|p2|6\n|start\n|switch|p1a: Magmortar|Magmortar, L88, M|275/275\n|switch|p2a: Sableye|Sableye, L88, M|100/100\n|turn|1\n|inactive|Battle timer is ON: inactive players will automatically lose when time's up. (requested by p0x80846e4)\n|inactive|p0y8085b6e also wants the timer to be on.\n|\n|t:|1783549274\n|switch|p2a: Conkeldurr|Conkeldurr, L80, F|100/100\n|move|p1a: Magmortar|Fire Blast|p2a: Conkeldurr\n|-damage|p2a: Conkeldurr|30/100\n|\n|-status|p2a: Conkeldurr|brn|[from] item: Flame Orb\n|upkeep\n|turn|2\n|inactive|Time left: 300 sec this turn | 300 sec total\n|\n|t:|1783549275\n|switch|p2a: Clefable|Clefable, L83, M|100/100\n|move|p1a: Magmortar|Fire Blast|p2a: Clefable\n|-damage|p2a: Clefable|48/100\n|\n|-heal|p2a: Clefable|54/100|[from] item: Leftovers\n|upkeep\n|turn|3\n|inactive|Time left: 300 sec this turn | 300 sec total\n|\n|t:|1783549277\n|move|p1a: Magmortar|Fire Blast|p2a: Clefable\n|-damage|p2a: Clefable|0 fnt\n|faint|p2a: Clefable\n|\n|upkeep\n|\n|t:|1783549278\n|switch|p2a: Oricorio|Oricorio, L84, M|100/100\n|turn|4\n|inactive|Time left: 300 sec this turn | 300 sec total\n|\n|t:|1783549279\n|move|p2a: Oricorio|Quiver Dance|p2a: Oricorio\n|-boost|p2a: Oricorio|spa|1\n|-boost|p2a: Oricorio|spd|1\n|-boost|p2a: Oricorio|spe|1\n|move|p1a: Magmortar|Focus Blast|p2a: Oricorio\n|-resisted|p2a: Oricorio\n|-damage|p2a: Oricorio|84/100\n|-unboost|p2a: Oricorio|spd|1\n|\n|upkeep\n|turn|5\n|inactive|Time left: 300 sec this turn | 300 sec total\n|\n|t:|1783549280\n|move|p2a: Oricorio|Quiver Dance|p2a: Oricorio\n|-boost|p2a: Oricorio|spa|1\n|-boost|p2a: Oricorio|spd|1\n|-boost|p2a: Oricorio|spe|1\n|move|p1a: Magmortar|Fire Blast|p2a: Oricorio\n|-resisted|p2a: Oricorio\n|-damage|p2a: Oricorio|60/100\n|\n|upkeep\n|turn|6\n|inactive|Time left: 300 sec this turn | 300 sec total\n|\n|t:|1783549281\n|move|p2a: Oricorio|Hurricane|p1a: Magmortar|[miss]\n|-miss|p2a: Oricorio|p1a: Magmortar\n|move|p1a: Magmortar|Fire Blast|p2a: Oricorio|[miss]\n|-miss|p1a: Magmortar|p2a: Oricorio\n|\n|upkeep\n|turn|7\n|inactive|Time left: 300 sec this turn | 300 sec total\n|\n|t:|1783549282\n|move|p2a: Oricorio|Hurricane|p1a: Magmortar|[miss]\n|-miss|p2a: Oricorio|p1a: Magmortar\n|move|p1a: Magmortar|Fire Blast|p2a: Oricorio\n|-resisted|p2a: Oricorio\n|-damage|p2a: Oricorio|37/100\n|\n|upkeep\n|turn|8\n|inactive|Time left: 300 sec this turn | 300 sec total\n|\n|t:|1783549283\n|move|p2a: Oricorio|Roost|p2a: Oricorio\n|-heal|p2a: Oricorio|88/100\n|-singleturn|p2a: Oricorio|move: Roost\n|move|p1a: Magmortar|Focus Blast|p2a: Oricorio|[miss]\n|-miss|p1a: Magmortar|p2a: Oricorio\n|\n|upkeep\n|turn|9\n|inactive|Time left: 300 sec this turn | 300 sec total\n|\n|t:|1783549284\n|move|p2a: Oricorio|Hurricane|p1a: Magmortar\n|-damage|p1a: Magmortar|74/275\n|move|p1a: Magmortar|Fire Blast|p2a: Oricorio\n|-resisted|p2a: Oricorio\n|-damage|p2a: Oricorio|62/100\n|\n|upkeep\n|turn|10\n|inactive|Time left: 300 sec this turn | 300 sec total\n|\n|t:|1783549286\n|move|p2a: Oricorio|Revelation Dance|p1a: Magmortar\n|-resisted|p1a: Magmortar\n|-damage|p1a: Magmortar|0 fnt\n|faint|p1a: Magmortar\n|\n|upkeep\n|inactive|Time left: 300 sec this turn | 300 sec total | 5 sec grace\n|\n|t:|1783549287\n|switch|p1a: Ambipom|Ambipom, L84, F|263/263\n|turn|11\n|inactive|Time left: 300 sec this turn | 300 sec total\n|\n|t:|1783549288\n|move|p1a: Ambipom|Fake Out|p2a: Oricorio\n|-damage|p2a: Oricorio|24/100\n|cant|p2a: Oricorio|flinch\n|\n|upkeep\n|turn|12\n|inactive|Time left: 300 sec this turn | 300 sec total\n|\n|t:|1783549289\n|move|p2a: Oricorio|Hurricane|p1a: Ambipom|[miss]\n|-miss|p2a: Oricorio|p1a: Ambipom\n|move|p1a: Ambipom|Knock Off|p2a: Oricorio\n|-damage|p2a: Oricorio|0 fnt\n|-enditem|p2a: Oricorio|Heavy-Duty Boots|[from] move: Knock Off|[of] p1a: Ambipom\n|faint|p2a: Oricorio\n|\n|upkeep\n|\n|t:|1783549290\n|switch|p2a: Necrozma|Necrozma, L80|100/100\n|turn|13\n|inactive|Time left: 300 sec this turn | 300 sec total\n|\n|t:|1783549291\n|switch|p1a: Lilligant|Lilligant, L86, F|261/261\n|move|p2a: Necrozma|Dragon Dance|p2a: Necrozma\n|-boost|p2a: Necrozma|atk|1\n|-boost|p2a: Necrozma|spe|1\n|\n|upkeep\n|turn|14\n|inactive|Time left: 300 sec this turn | 300 sec total\n|\n|t:|1783549292\n|move|p2a: Necrozma|Photon Geyser|p1a: Lilligant\n|-damage|p1a: Lilligant|41/261\n|-damage|p2a: Necrozma|91/100|[from] item: Life Orb\n|move|p1a: Lilligant|Petal Dance|p2a: Necrozma\n|-damage|p2a: Necrozma|21/100\n|-damage|p1a: Lilligant|15/261|[from] item: Life Orb\n|\n|upkeep\n|turn|15\n|inactive|Time left: 300 sec this turn | 300 sec total\n|\n|t:|1783549294\n|move|p2a: Necrozma|Earthquake|p1a: Lilligant\n|-resisted|p1a: Lilligant\n|-damage|p1a: Lilligant|0 fnt\n|faint|p1a: Lilligant\n|-damage|p2a: Necrozma|11/100|[from] item: Life Orb\n|\n|upkeep\n|inactive|Time left: 300 sec this turn | 300 sec total | 5 sec grace\n|\n|t:|1783549295\n|switch|p1a: Cloyster|Cloyster, L80, M|211/211\n|turn|16\n|inactive|Time left: 300 sec this turn | 300 sec total\n|\n|t:|1783549296\n|move|p2a: Necrozma|Photon Geyser|p1a: Cloyster\n|-damage|p1a: Cloyster|90/211\n|-damage|p2a: Necrozma|2/100|[from] item: Life Orb\n|move|p1a: Cloyster|Shell Smash|p1a: Cloyster\n|-unboost|p1a: Cloyster|def|1\n|-unboost|p1a: Cloyster|spd|1\n|-boost|p1a: Cloyster|atk|2\n|-boost|p1a: Cloyster|spa|2\n|-boost|p1a: Cloyster|spe|2\n|-enditem|p1a: Cloyster|White Herb\n|-clearnegativeboost|p1a: Cloyster|[silent]\n|\n|upkeep\n|turn|17\n|inactive|Time left: 300 sec this turn | 300 sec total\n|\n|t:|1783549297\n|move|p1a: Cloyster|Icicle Spear|p2a: Necrozma\n|-damage|p2a: Necrozma|0 fnt\n|faint|p2a: Necrozma\n|-hitcount|p2: Necrozma|1\n|\n|upkeep\n|\n|t:|1783549297\n|switch|p2a: Conkeldurr|Conkeldurr, L80, F|30/100 brn\n|turn|18\n|inactive|Time left: 300 sec this turn | 300 sec total\n|\n|t:|1783549298\n|move|p2a: Conkeldurr|Mach Punch|p1a: Cloyster\n|-supereffective|p1a: Cloyster\n|-damage|p1a: Cloyster|0 fnt\n|faint|p1a: Cloyster\n|\n|-damage|p2a: Conkeldurr|24/100 brn|[from] brn\n|upkeep\n|inactive|Time left: 300 sec this turn | 300 sec total | 5 sec grace\n|\n|t:|1783549299\n|switch|p1a: Salazzle|Salazzle, L83, F|249/249\n|turn|19\n|inactive|Time left: 300 sec this turn | 300 sec total\n|\n|t:|1783549300\n|switch|p2a: Staraptor|Staraptor, L79, F|100/100\n|move|p1a: Salazzle|Flamethrower|p2a: Staraptor\n|-damage|p2a: Staraptor|49/100\n|\n|upkeep\n|turn|20\n|inactive|Time left: 300 sec this turn | 300 sec total\n|\n|t:|1783549301\n|-terastallize|p2a: Staraptor|Flying\n|move|p2a: Staraptor|Brave Bird|p1a: Salazzle\n|-damage|p1a: Salazzle|0 fnt\n|faint|p1a: Salazzle\n|-damage|p2a: Staraptor|18/100|[from] Recoil\n|\n|upkeep\n|inactive|Time left: 300 sec this turn | 300 sec total | 5 sec grace\n|\n|t:|1783549303\n|switch|p1a: Ambipom|Ambipom, L84, F|263/263\n|turn|21\n|inactive|Time left: 300 sec this turn | 300 sec total\n|\n|t:|1783549304\n|move|p1a: Ambipom|Fake Out|p2a: Staraptor\n|-damage|p2a: Staraptor|0 fnt\n|faint|p2a: Staraptor\n|\n|upkeep\n|\n|t:|1783549305\n|switch|p2a: Sableye|Sableye, L88, M|100/100\n|turn|22\n|inactive|Time left: 300 sec this turn | 300 sec total\n|\n|t:|1783549306\n|switch|p1a: Mienshao|Mienshao, L83, M|244/244\n|move|p2a: Sableye|Knock Off|p1a: Mienshao\n|-resisted|p1a: Mienshao\n|-damage|p1a: Mienshao|183/244\n|-enditem|p1a: Mienshao|Life Orb|[from] move: Knock Off|[of] p2a: Sableye\n|\n|upkeep\n|turn|23\n|inactive|Time left: 300 sec this turn | 300 sec total\n|\n|t:|1783549307\n|move|p2a: Sableye|Thunder Wave|p1a: Mienshao\n|-status|p1a: Mienshao|par\n|move|p1a: Mienshao|Swords Dance|p1a: Mienshao\n|-boost|p1a: Mienshao|atk|2\n|\n|upkeep\n|turn|24\n|inactive|Time left: 300 sec this turn | 300 sec total\n|\n|t:|1783549308\n|move|p2a: Sableye|Encore|p1a: Mienshao\n|-start|p1a: Mienshao|Encore\n|cant|p1a: Mienshao|par\n|\n|upkeep\n|turn|25\n|inactive|Time left: 300 sec this turn | 300 sec total\n|\n|t:|1783549309\n|switch|p2a: Conkeldurr|Conkeldurr, L80, F|24/100 brn\n|cant|p1a: Mienshao|par\n|\n|-damage|p2a: Conkeldurr|18/100 brn|[from] brn\n|upkeep\n|turn|26\n|inactive|Time left: 300 sec this turn | 300 sec total\n|\n|t:|1783549310\n|move|p2a: Conkeldurr|Close Combat|p1a: Mienshao\n|-damage|p1a: Mienshao|0 fnt\n|-unboost|p2a: Conkeldurr|def|1\n|-unboost|p2a: Conkeldurr|spd|1\n|faint|p1a: Mienshao\n|\n|-damage|p2a: Conkeldurr|12/100 brn|[from] brn\n|upkeep\n|inactive|Time left: 300 sec this turn | 300 sec total | 5 sec grace\n|\n|t:|1783549311\n|switch|p1a: Ambipom|Ambipom, L84, F|263/263\n|turn|27\n|inactive|Time left: 300 sec this turn | 300 sec total\n|\n|t:|1783549312\n|switch|p2a: Sableye|Sableye, L88, M|100/100\n|move|p1a: Ambipom|Fake Out|p2a: Sableye\n|-immune|p2a: Sableye\n|\n|upkeep\n|turn|28\n|inactive|Time left: 300 sec this turn | 300 sec total\n|\n|t:|1783549313\n|move|p2a: Sableye|Encore|p1a: Ambipom\n|-start|p1a: Ambipom|Encore\n|move|p1a: Ambipom|Fake Out||[still]\n|-hint|Fake Out only works on your first turn out.\n|-fail|p1a: Ambipom\n|\n|upkeep\n|turn|29\n|inactive|Time left: 300 sec this turn | 300 sec total\n|\n|t:|1783549314\n|switch|p2a: Conkeldurr|Conkeldurr, L80, F|12/100 brn\n|move|p1a: Ambipom|Fake Out||[still]\n|-hint|Fake Out only works on your first turn out.\n|-fail|p1a: Ambipom\n|\n|-damage|p2a: Conkeldurr|6/100 brn|[from] brn\n|upkeep\n|turn|30\n|inactive|Time left: 300 sec this turn | 300 sec total\n|\n|t:|1783549315\n|move|p1a: Ambipom|Fake Out||[still]\n|-hint|Fake Out only works on your first turn out.\n|-fail|p1a: Ambipom\n|move|p2a: Conkeldurr|Close Combat|p1a: Ambipom\n|-supereffective|p1a: Ambipom\n|-damage|p1a: Ambipom|0 fnt\n|-unboost|p2a: Conkeldurr|def|1\n|-unboost|p2a: Conkeldurr|spd|1\n|faint|p1a: Ambipom\n|\n|win|p0y8085b6e", "uploadtime": 1783549315, "views": 0, "rating": 0, "private": 0, "password": null, "_winner": "p0y8085b6e", "_our_name": "p0x80846e4"}