{"id": "battle-gen9randombattle-2619", "formatid": "gen9randombattle", "format": "[Gen 9] Random Battle", "players": ["p0x2619d38d", "p0y2619bc3e"], "log": "|init|battle\n|title|p0x2619d38d vs. p0y2619bc3e\n|j|\u2606p0x2619d38d\n|j|\u2606p0y2619bc3e\n|t:|1783570234\n|gametype|singles\n|player|p1|p0x2619d38d|169|\n|player|p2|p0y2619bc3e|265|\n|gen|9\n|tier|[Gen 9] Random Battle\n|rule|Species Clause: Limit one of each Pok\u00e9mon\n|rule|HP Percentage Mod: HP is shown in percentages\n|rule|Sleep Clause Mod: Limit one foe put to sleep\n|rule|Illusion Level Mod: Illusion disguises the Pok\u00e9mon's true level\n|\n|t:|1783570234\n|teamsize|p1|6\n|teamsize|p2|6\n|start\n|switch|p1a: Sinistcha|Sinistcha, L83|100/100\n|switch|p2a: Dedenne|Dedenne, L88, M|261/261\n|turn|1\n|inactive|Battle timer is ON: inactive players will automatically lose when time's up. (requested by p0y2619bc3e)\n|inactive|p0x2619d38d also wants the timer to be on.\n|\n|t:|1783570235\n|switch|p2a: Grimmsnarl|Grimmsnarl, L83, M|293/293\n|move|p1a: Sinistcha|Matcha Gotcha|p2a: Grimmsnarl\n|-damage|p2a: Grimmsnarl|175/293\n|-status|p2a: Grimmsnarl|brn\n|\n|-heal|p2a: Grimmsnarl|193/293 brn|[from] item: Leftovers\n|-damage|p2a: Grimmsnarl|175/293 brn|[from] brn\n|upkeep\n|turn|2\n|inactive|Time left: 300 sec this turn | 300 sec total\n|\n|t:|1783570237\n|move|p2a: Grimmsnarl|Parting Shot|p1a: Sinistcha\n|-unboost|p1a: Sinistcha|atk|1\n|-unboost|p1a: Sinistcha|spa|1\n|inactive|Time left: 300 sec this turn | 300 sec total | 5 sec grace\n|\n|t:|1783570238\n|switch|p2a: Registeel|Registeel, L81|262/262|[from] Parting Shot\n|move|p1a: Sinistcha|Matcha Gotcha|p2a: Registeel|[miss]\n|-miss|p1a: Sinistcha|p2a: Registeel\n|\n|upkeep\n|turn|3\n|inactive|Time left: 300 sec this turn | 300 sec total\n|\n|t:|1783570239\n|switch|p1a: Exeggutor|Exeggutor, L89, F|100/100\n|move|p2a: Registeel|Stealth Rock|p1a: Exeggutor\n|-sidestart|p1: p0x2619d38d|move: Stealth Rock\n|\n|upkeep\n|turn|4\n|inactive|Time left: 300 sec this turn | 300 sec total\n|\n|t:|1783570240\n|move|p1a: Exeggutor|Calm Mind|p1a: Exeggutor\n|-boost|p1a: Exeggutor|spa|1\n|-boost|p1a: Exeggutor|spd|1\n|move|p2a: Registeel|Body Press|p1a: Exeggutor\n|-resisted|p1a: Exeggutor\n|-damage|p1a: Exeggutor|89/100\n|\n|upkeep\n|turn|5\n|inactive|Time left: 300 sec this turn | 300 sec total\n|\n|t:|1783570241\n|move|p1a: Exeggutor|Giga Drain|p2a: Registeel\n|-resisted|p2a: Registeel\n|-crit|p2a: Registeel\n|-damage|p2a: Registeel|181/262\n|-heal|p1a: Exeggutor|100/100|[from] drain|[of] p2a: Registeel\n|move|p2a: Registeel|Thunder Wave|p1a: Exeggutor\n|-status|p1a: Exeggutor|par\n|\n|-heal|p2a: Registeel|197/262|[from] item: Leftovers\n|upkeep\n|turn|6\n|inactive|Time left: 300 sec this turn | 300 sec total\n|\n|t:|1783570242\n|move|p2a: Registeel|Iron Head|p1a: Exeggutor\n|-damage|p1a: Exeggutor|78/100 par\n|cant|p1a: Exeggutor|flinch\n|\n|-heal|p2a: Registeel|213/262|[from] item: Leftovers\n|upkeep\n|turn|7\n|inactive|Time left: 300 sec this turn | 300 sec total\n|\n|t:|1783570243\n|move|p2a: Registeel|Iron Head|p1a: Exeggutor\n|-damage|p1a: Exeggutor|58/100 par\n|cant|p1a: Exeggutor|flinch\n|\n|-heal|p2a: Registeel|229/262|[from] item: Leftovers\n|upkeep\n|turn|8\n|inactive|Time left: 300 sec this turn | 300 sec total\n|\n|t:|1783570244\n|move|p2a: Registeel|Iron Head|p1a: Exeggutor\n|-damage|p1a: Exeggutor|36/100 par\n|-enditem|p1a: Exeggutor|Sitrus Berry|[eat]\n|-heal|p1a: Exeggutor|61/100 par|[from] item: Sitrus Berry\n|move|p1a: Exeggutor|Giga Drain|p2a: Registeel\n|-resisted|p2a: Registeel\n|-damage|p2a: Registeel|173/262\n|-heal|p1a: Exeggutor|70/100 par|[from] drain|[of] p2a: Registeel\n|\n|-heal|p2a: Registeel|189/262|[from] item: Leftovers\n|-item|p1a: Exeggutor|Sitrus Berry|[from] ability: Harvest\n|upkeep\n|turn|9\n|inactive|Time left: 300 sec this turn | 300 sec total\n|\n|t:|1783570245\n|move|p2a: Registeel|Iron Head|p1a: Exeggutor\n|-damage|p1a: Exeggutor|51/100 par\n|cant|p1a: Exeggutor|flinch\n|\n|-heal|p2a: Registeel|205/262|[from] item: Leftovers\n|upkeep\n|turn|10\n|inactive|Time left: 300 sec this turn | 300 sec total\n|\n|t:|1783570247\n|move|p2a: Registeel|Iron Head|p1a: Exeggutor\n|-damage|p1a: Exeggutor|31/100 par\n|-enditem|p1a: Exeggutor|Sitrus Berry|[eat]\n|-heal|p1a: Exeggutor|56/100 par|[from] item: Sitrus Berry\n|move|p1a: Exeggutor|Giga Drain|p2a: Registeel\n|-resisted|p2a: Registeel\n|-damage|p2a: Registeel|153/262\n|-heal|p1a: Exeggutor|65/100 par|[from] drain|[of] p2a: Registeel\n|\n|-heal|p2a: Registeel|169/262|[from] item: Leftovers\n|upkeep\n|turn|11\n|inactive|Time left: 300 sec this turn | 300 sec total\n|\n|t:|1783570248\n|move|p2a: Registeel|Iron Head|p1a: Exeggutor\n|-damage|p1a: Exeggutor|44/100 par\n|move|p1a: Exeggutor|Giga Drain|p2a: Registeel\n|-resisted|p2a: Registeel\n|-damage|p2a: Registeel|109/262\n|-heal|p1a: Exeggutor|54/100 par|[from] drain|[of] p2a: Registeel\n|\n|-heal|p2a: Registeel|125/262|[from] item: Leftovers\n|upkeep\n|turn|12\n|inactive|Time left: 300 sec this turn | 300 sec total\n|\n|t:|1783570249\n|move|p2a: Registeel|Iron Head|p1a: Exeggutor\n|-damage|p1a: Exeggutor|34/100 par\n|move|p1a: Exeggutor|Giga Drain|p2a: Registeel\n|-resisted|p2a: Registeel\n|-damage|p2a: Registeel|74/262\n|-heal|p1a: Exeggutor|42/100 par|[from] drain|[of] p2a: Registeel\n|\n|-heal|p2a: Registeel|90/262|[from] item: Leftovers\n|upkeep\n|turn|13\n|inactive|Time left: 300 sec this turn | 300 sec total\n|\n|t:|1783570250\n|move|p2a: Registeel|Iron Head|p1a: Exeggutor\n|-damage|p1a: Exeggutor|21/100 par\n|move|p1a: Exeggutor|Giga Drain|p2a: Registeel\n|-resisted|p2a: Registeel\n|-damage|p2a: Registeel|33/262\n|-heal|p1a: Exeggutor|31/100 par|[from] drain|[of] p2a: Registeel\n|\n|-heal|p2a: Registeel|49/262|[from] item: Leftovers\n|upkeep\n|turn|14\n|inactive|Time left: 300 sec this turn | 300 sec total\n|\n|t:|1783570251\n|move|p2a: Registeel|Iron Head|p1a: Exeggutor\n|-damage|p1a: Exeggutor|11/100 par\n|cant|p1a: Exeggutor|flinch\n|\n|-heal|p2a: Registeel|65/262|[from] item: Leftovers\n|-item|p1a: Exeggutor|Sitrus Berry|[from] ability: Harvest\n|upkeep\n|-enditem|p1a: Exeggutor|Sitrus Berry|[eat]\n|-heal|p1a: Exeggutor|36/100 par|[from] item: Sitrus Berry\n|turn|15\n|inactive|Time left: 300 sec this turn | 300 sec total\n|\n|t:|1783570251\n|move|p2a: Registeel|Iron Head|p1a: Exeggutor\n|-damage|p1a: Exeggutor|14/100 par\n|move|p1a: Exeggutor|Giga Drain|p2a: Registeel\n|-resisted|p2a: Registeel\n|-damage|p2a: Registeel|9/262\n|-heal|p1a: Exeggutor|23/100 par|[from] drain|[of] p2a: Registeel\n|\n|-heal|p2a: Registeel|25/262|[from] item: Leftovers\n|upkeep\n|turn|16\n|inactive|Time left: 300 sec this turn | 300 sec total\n|\n|t:|1783570252\n|move|p2a: Registeel|Iron Head|p1a: Exeggutor\n|-damage|p1a: Exeggutor|2/100 par\n|cant|p1a: Exeggutor|flinch\n|\n|-heal|p2a: Registeel|41/262|[from] item: Leftovers\n|upkeep\n|turn|17\n|inactive|Time left: 300 sec this turn | 300 sec total\n|\n|t:|1783570253\n|switch|p1a: Sinistcha|Sinistcha, L83|100/100\n|-damage|p1a: Sinistcha|88/100|[from] Stealth Rock\n|move|p2a: Registeel|Body Press|p1a: Sinistcha\n|-immune|p1a: Sinistcha\n|\n|-heal|p1a: Sinistcha|94/100|[from] item: Leftovers\n|-heal|p2a: Registeel|57/262|[from] item: Leftovers\n|upkeep\n|turn|18\n|inactive|Time left: 300 sec this turn | 300 sec total\n|\n|t:|1783570254\n|switch|p2a: Grimmsnarl|Grimmsnarl, L83, M|175/293 brn\n|move|p1a: Sinistcha|Shadow Ball|p2a: Grimmsnarl\n|-resisted|p2a: Grimmsnarl\n|-damage|p2a: Grimmsnarl|115/293 brn\n|\n|-heal|p1a: Sinistcha|99/100|[from] item: Leftovers\n|-heal|p2a: Grimmsnarl|133/293 brn|[from] item: Leftovers\n|-damage|p2a: Grimmsnarl|115/293 brn|[from] brn\n|upkeep\n|turn|19\n|inactive|Time left: 300 sec this turn | 300 sec total\n|\n|t:|1783570255\n|move|p1a: Sinistcha|Matcha Gotcha|p2a: Grimmsnarl\n|-crit|p2a: Grimmsnarl\n|-damage|p2a: Grimmsnarl|0 fnt\n|-heal|p1a: Sinistcha|100/100|[from] drain|[of] p2a: Grimmsnarl\n|faint|p2a: Grimmsnarl\n|\n|upkeep\n|inactive|Time left: 300 sec this turn | 300 sec total | 5 sec grace\n|\n|t:|1783570256\n|switch|p2a: Sableye|Sableye, L88, M|231/231\n|turn|20\n|inactive|Time left: 300 sec this turn | 300 sec total\n|\n|t:|1783570257\n|move|p1a: Sinistcha|Shadow Ball|p2a: Sableye\n|-damage|p2a: Sableye|116/231\n|move|p2a: Sableye|Knock Off|p1a: Sinistcha\n|-supereffective|p1a: Sinistcha\n|-damage|p1a: Sinistcha|38/100\n|-enditem|p1a: Sinistcha|Leftovers|[from] move: Knock Off|[of] p2a: Sableye\n|\n|-heal|p2a: Sableye|130/231|[from] item: Leftovers\n|upkeep\n|turn|21\n|inactive|Time left: 300 sec this turn | 300 sec total\n|\n|t:|1783570257\n|move|p1a: Sinistcha|Strength Sap|p2a: Sableye\n|-unboost|p2a: Sableye|atk|1\n|-heal|p1a: Sinistcha|100/100\n|move|p2a: Sableye|Knock Off|p1a: Sinistcha\n|-supereffective|p1a: Sinistcha\n|-damage|p1a: Sinistcha|70/100\n|\n|-heal|p2a: Sableye|144/231|[from] item: Leftovers\n|upkeep\n|turn|22\n|inactive|Time left: 300 sec this turn | 300 sec total\n|\n|t:|1783570258\n|move|p2a: Sableye|Recover|p2a: Sableye\n|-heal|p2a: Sableye|231/231\n|move|p1a: Sinistcha|Matcha Gotcha|p2a: Sableye\n|-damage|p2a: Sableye|111/231\n|-heal|p1a: Sinistcha|93/100|[from] drain|[of] p2a: Sableye\n|\n|-heal|p2a: Sableye|125/231|[from] item: Leftovers\n|upkeep\n|turn|23\n|inactive|Time left: 300 sec this turn | 300 sec total\n|\n|t:|1783570259\n|move|p2a: Sableye|Recover|p2a: Sableye\n|-heal|p2a: Sableye|231/231\n|move|p1a: Sinistcha|Shadow Ball|p2a: Sableye\n|-damage|p2a: Sableye|120/231\n|\n|-heal|p2a: Sableye|134/231|[from] item: Leftovers\n|upkeep\n|turn|24\n|inactive|Time left: 300 sec this turn | 300 sec total\n|\n|t:|1783570260\n|move|p2a: Sableye|Recover|p2a: Sableye\n|-heal|p2a: Sableye|231/231\n|move|p1a: Sinistcha|Calm Mind|p1a: Sinistcha\n|-boost|p1a: Sinistcha|spa|1\n|-boost|p1a: Sinistcha|spd|1\n|\n|upkeep\n|turn|25\n|inactive|Time left: 300 sec this turn | 300 sec total\n|\n|t:|1783570261\n|move|p2a: Sableye|Encore|p1a: Sinistcha\n|-start|p1a: Sinistcha|Encore\n|move|p1a: Sinistcha|Calm Mind|p1a: Sinistcha\n|-boost|p1a: Sinistcha|spa|1\n|-boost|p1a: Sinistcha|spd|1\n|\n|upkeep\n|turn|26\n|inactive|Time left: 300 sec this turn | 300 sec total\n|\n|t:|1783570262\n|switch|p2a: Slowking|Slowking, L88, F|310/310\n|move|p1a: Sinistcha|Calm Mind|p1a: Sinistcha\n|-boost|p1a: Sinistcha|spa|1\n|-boost|p1a: Sinistcha|spd|1\n|\n|upkeep\n|turn|27\n|inactive|Time left: 300 sec this turn | 300 sec total\n|\n|t:|1783570263\n|switch|p2a: Sableye|Sableye, L88, M|231/231\n|move|p1a: Sinistcha|Calm Mind|p1a: Sinistcha\n|-boost|p1a: Sinistcha|spa|1\n|-boost|p1a: Sinistcha|spd|1\n|\n|-end|p1a: Sinistcha|Encore\n|upkeep\n|turn|28\n|inactive|Time left: 300 sec this turn | 300 sec total\n|\n|t:|1783570264\n|move|p2a: Sableye|Encore|p1a: Sinistcha\n|-start|p1a: Sinistcha|Encore\n|move|p1a: Sinistcha|Calm Mind|p1a: Sinistcha\n|-boost|p1a: Sinistcha|spa|1\n|-boost|p1a: Sinistcha|spd|1\n|\n|upkeep\n|turn|29\n|inactive|Time left: 300 sec this turn | 300 sec total\n|\n|t:|1783570265\n|switch|p2a: Pawmot|Pawmot, L80, M|243/243\n|move|p1a: Sinistcha|Calm Mind|p1a: Sinistcha\n|-boost|p1a: Sinistcha|spa|1\n|-boost|p1a: Sinistcha|spd|1\n|\n|upkeep\n|turn|30\n|inactive|Time left: 300 sec this turn | 300 sec total\n|\n|t:|1783570266\n|move|p2a: Pawmot|Ice Punch|p1a: Sinistcha\n|-supereffective|p1a: Sinistcha\n|-damage|p1a: Sinistcha|30/100\n|-damage|p2a: Pawmot|219/243|[from] item: Life Orb\n|move|p1a: Sinistcha|Calm Mind|p1a: Sinistcha\n|-boost|p1a: Sinistcha|spa|0\n|-boost|p1a: Sinistcha|spd|0\n|\n|-end|p1a: Sinistcha|Encore\n|upkeep\n|turn|31\n|inactive|Time left: 300 sec this turn | 300 sec total\n|\n|t:|1783570267\n|-terastallize|p2a: Pawmot|Electric\n|move|p2a: Pawmot|Double Shock|p1a: Sinistcha\n|-resisted|p1a: Sinistcha\n|-damage|p1a: Sinistcha|0 fnt\n|-start|p2a: Pawmot|typechange|Electric|[from] move: Double Shock\n|faint|p1a: Sinistcha\n|-damage|p2a: Pawmot|195/243|[from] item: Life Orb\n|\n|upkeep\n|\n|t:|1783570268\n|switch|p1a: Eiscue|Eiscue, L88, M|100/100\n|-damage|p1a: Eiscue|76/100|[from] Stealth Rock\n|turn|32\n|inactive|Time left: 300 sec this turn | 300 sec total\n|\n|t:|1783570269\n|switch|p2a: Slowking|Slowking, L88, F|310/310\n|move|p1a: Eiscue|Belly Drum|p1a: Eiscue\n|-damage|p1a: Eiscue|26/100\n|-setboost|p1a: Eiscue|atk|6|[from] move: Belly Drum\n|-enditem|p1a: Eiscue|Sitrus Berry|[eat]\n|-heal|p1a: Eiscue|50/100|[from] item: Sitrus Berry\n|\n|upkeep\n|turn|33\n|inactive|Time left: 300 sec this turn | 300 sec total\n|\n|t:|1783570270\n|move|p1a: Eiscue|Ice Spinner|p2a: Slowking\n|-resisted|p2a: Slowking\n|-damage|p2a: Slowking|154/310\n|move|p2a: Slowking|Scald|p1a: Eiscue\n|-damage|p1a: Eiscue|19/100\n|\n|-heal|p2a: Slowking|173/310|[from] item: Leftovers\n|upkeep\n|turn|34\n|inactive|Time left: 300 sec this turn | 300 sec total\n|\n|t:|1783570271\n|-terastallize|p1a: Eiscue|Water\n|move|p1a: Eiscue|Liquidation|p2a: Slowking\n|-resisted|p2a: Slowking\n|-damage|p2a: Slowking|0 fnt\n|faint|p2a: Slowking\n|\n|upkeep\n|inactive|Time left: 300 sec this turn | 300 sec total | 5 sec grace\n|\n|t:|1783570272\n|switch|p2a: Dedenne|Dedenne, L88, M|261/261\n|turn|35\n|inactive|Time left: 300 sec this turn | 300 sec total\n|\n|t:|1783570273\n|move|p2a: Dedenne|Thunderbolt|p1a: Eiscue\n|-supereffective|p1a: Eiscue\n|-damage|p1a: Eiscue|0 fnt\n|faint|p1a: Eiscue\n|\n|upkeep\n|\n|t:|1783570274\n|switch|p1a: Arceus|Arceus, L68|100/100\n|-damage|p1a: Arceus|88/100|[from] Stealth Rock\n|turn|36\n|inactive|Time left: 300 sec this turn | 300 sec total\n|\n|t:|1783570275\n|move|p2a: Dedenne|Nuzzle|p1a: Arceus\n|-damage|p1a: Arceus|82/100\n|-status|p1a: Arceus|par\n|cant|p1a: Arceus|par\n|\n|upkeep\n|turn|37\n|inactive|Time left: 300 sec this turn | 300 sec total\n|\n|t:|1783570276\n|move|p2a: Dedenne|Thunderbolt|p1a: Arceus\n|-damage|p1a: Arceus|49/100 par\n|move|p1a: Arceus|Earthquake|p2a: Dedenne\n|-supereffective|p2a: Dedenne\n|-damage|p2a: Dedenne|79/261\n|-enditem|p2a: Dedenne|Sitrus Berry|[eat]\n|-heal|p2a: Dedenne|144/261|[from] item: Sitrus Berry\n|-heal|p2a: Dedenne|231/261|[from] ability: Cheek Pouch\n|-damage|p1a: Arceus|40/100 par|[from] item: Life Orb\n|\n|upkeep\n|turn|38\n|inactive|Time left: 300 sec this turn | 300 sec total\n|\n|t:|1783570277\n|move|p2a: Dedenne|Thunderbolt|p1a: Arceus\n|-damage|p1a: Arceus|7/100 par\n|move|p1a: Arceus|Recover|p1a: Arceus\n|-heal|p1a: Arceus|57/100 par\n|\n|upkeep\n|turn|39\n|inactive|Time left: 300 sec this turn | 300 sec total\n|\n|t:|1783570278\n|move|p2a: Dedenne|Thunderbolt|p1a: Arceus\n|-damage|p1a: Arceus|25/100 par\n|move|p1a: Arceus|Earthquake|p2a: Dedenne\n|-supereffective|p2a: Dedenne\n|-damage|p2a: Dedenne|36/261\n|-damage|p1a: Arceus|15/100 par|[from] item: Life Orb\n|\n|upkeep\n|turn|40\n|inactive|Time left: 300 sec this turn | 300 sec total\n|\n|t:|1783570279\n|cant|p1a: Arceus|par\n|move|p2a: Dedenne|Dazzling Gleam|p1a: Arceus\n|-damage|p1a: Arceus|0 fnt\n|faint|p1a: Arceus\n|\n|upkeep\n|\n|t:|1783570280\n|switch|p1a: Lumineon|Lumineon, L93, F|100/100\n|turn|41\n|inactive|Time left: 300 sec this turn | 300 sec total\n|\n|t:|1783570281\n|move|p2a: Dedenne|Thunderbolt|p1a: Lumineon\n|-supereffective|p1a: Lumineon\n|-damage|p1a: Lumineon|44/100\n|move|p1a: Lumineon|Ice Beam|p2a: Dedenne\n|-damage|p2a: Dedenne|0 fnt\n|faint|p2a: Dedenne\n|\n|upkeep\n|inactive|Time left: 300 sec this turn | 300 sec total | 5 sec grace\n|\n|t:|1783570282\n|switch|p2a: Pawmot|Pawmot, L80, M, tera:Electric|195/243\n|turn|42\n|inactive|Time left: 300 sec this turn | 300 sec total\n|\n|t:|1783570283\n|move|p1a: Lumineon|U-turn|p2a: Pawmot\n|-damage|p2a: Pawmot|139/243\n|\n|t:|1783570284\n|switch|p1a: Exeggutor|Exeggutor, L89, F|2/100 par|[from] U-turn\n|-damage|p1a: Exeggutor|0 fnt|[from] Stealth Rock\n|faint|p1a: Exeggutor\n|move|p2a: Pawmot|Double Shock|p1: Exeggutor|[notarget]\n|-fail|p2a: Pawmot\n|\n|upkeep\n|\n|t:|1783570285\n|switch|p1a: Lumineon|Lumineon, L93, F|44/100\n|turn|43\n|inactive|Time left: 300 sec this turn | 300 sec total\n|\n|t:|1783570286\n|switch|p2a: Registeel|Registeel, L81|57/262\n|move|p1a: Lumineon|Hydro Pump|p2a: Registeel\n|-damage|p2a: Registeel|0 fnt\n|faint|p2a: Registeel\n|\n|upkeep\n|inactive|Time left: 300 sec this turn | 300 sec total | 5 sec grace\n|\n|t:|1783570286\n|switch|p2a: Sableye|Sableye, L88, M|231/231\n|turn|44\n|inactive|Time left: 300 sec this turn | 300 sec total\n|\n|t:|1783570287\n|move|p1a: Lumineon|Hydro Pump|p2a: Sableye\n|-damage|p2a: Sableye|102/231\n|move|p2a: Sableye|Knock Off|p1a: Lumineon\n|-damage|p1a: Lumineon|11/100\n|-enditem|p1a: Lumineon|Heavy-Duty Boots|[from] move: Knock Off|[of] p2a: Sableye\n|\n|-heal|p2a: Sableye|116/231|[from] item: Leftovers\n|upkeep\n|turn|45\n|inactive|Time left: 300 sec this turn | 300 sec total\n|\n|t:|1783570289\n|move|p2a: Sableye|Recover|p2a: Sableye\n|-heal|p2a: Sableye|231/231\n|move|p1a: Lumineon|Hydro Pump|p2a: Sableye\n|-damage|p2a: Sableye|107/231\n|\n|-heal|p2a: Sableye|121/231|[from] item: Leftovers\n|upkeep\n|turn|46\n|inactive|Time left: 300 sec this turn | 300 sec total\n|\n|t:|1783570290\n|move|p2a: Sableye|Recover|p2a: Sableye\n|-heal|p2a: Sableye|231/231\n|move|p1a: Lumineon|Hydro Pump|p2a: Sableye|[miss]\n|-miss|p1a: Lumineon|p2a: Sableye\n|\n|upkeep\n|turn|47\n|inactive|Time left: 300 sec this turn | 300 sec total\n|\n|t:|1783570291\n|move|p2a: Sableye|Will-O-Wisp|p1a: Lumineon\n|-status|p1a: Lumineon|brn\n|move|p1a: Lumineon|Encore|p2a: Sableye\n|-start|p2a: Sableye|Encore\n|\n|-damage|p1a: Lumineon|5/100 brn|[from] brn\n|upkeep\n|turn|48\n|inactive|Time left: 300 sec this turn | 300 sec total\n|\n|t:|1783570292\n|switch|p2a: Pawmot|Pawmot, L80, M, tera:Electric|139/243\n|move|p1a: Lumineon|U-turn|p2a: Pawmot\n|-damage|p2a: Pawmot|111/243\n|\n|t:|1783570292\n|switch|p1a: Ditto|Ditto, L87|100/100|[from] U-turn\n|-damage|p1a: Ditto|88/100|[from] Stealth Rock\n|-transform|p1a: Ditto|p2a: Pawmot|[from] ability: Imposter\n|\n|upkeep\n|turn|49\n|inactive|Time left: 300 sec this turn | 300 sec total\n|\n|t:|1783570293\n|switch|p1a: Lumineon|Lumineon, L93, F|5/100 brn\n|-damage|p1a: Lumineon|0 fnt|[from] Stealth Rock\n|faint|p1a: Lumineon\n|move|p2a: Pawmot|Close Combat|p1: Lumineon|[notarget]\n|-fail|p2a: Pawmot\n|\n|upkeep\n|\n|t:|1783570294\n|switch|p1a: Ditto|Ditto, L87|88/100\n|-damage|p1a: Ditto|76/100|[from] Stealth Rock\n|-transform|p1a: Ditto|p2a: Pawmot|[from] ability: Imposter\n|turn|50\n|inactive|Time left: 300 sec this turn | 300 sec total\n|\n|t:|1783570295\n|move|p1a: Ditto|Ice Punch|p2a: Pawmot\n|-damage|p2a: Pawmot|23/243\n|move|p2a: Pawmot|Close Combat|p1a: Ditto\n|-damage|p1a: Ditto|0 fnt\n|-unboost|p2a: Pawmot|def|1\n|-unboost|p2a: Pawmot|spd|1\n|faint|p1a: Ditto\n|-damage|p2a: Pawmot|0 fnt|[from] item: Life Orb\n|faint|p2a: Pawmot\n|\n|win|p0y2619bc3e", "uploadtime": 1783570295, "views": 0, "rating": 0, "private": 0, "password": null, "_winner": "p0y2619bc3e", "_our_name": "p0y2619bc3e"}