{"id": "battle-gen9randombattle-1959", "formatid": "gen9randombattle", "format": "[Gen 9] Random Battle", "players": ["p0x1959a264", "p0y1959546d"], "log": "|init|battle\n|title|p0x1959a264 vs. p0y1959546d\n|j|\u2606p0x1959a264\n|j|\u2606p0y1959546d\n|t:|1783561937\n|gametype|singles\n|player|p1|p0x1959a264|265|\n|player|p2|p0y1959546d|266|\n|gen|9\n|tier|[Gen 9] Random Battle\n|rule|Species Clause: Limit one of each Pok\u00e9mon\n|rule|HP Percentage Mod: HP is shown in percentages\n|rule|Sleep Clause Mod: Limit one foe put to sleep\n|rule|Illusion Level Mod: Illusion disguises the Pok\u00e9mon's true level\n|\n|t:|1783561937\n|teamsize|p1|6\n|teamsize|p2|6\n|start\n|switch|p1a: Zekrom|Zekrom, L71|100/100\n|switch|p2a: Copperajah|Copperajah, L86, F|350/350\n|-ability|p1a: Zekrom|Teravolt\n|turn|1\n|inactive|Battle timer is ON: inactive players will automatically lose when time's up. (requested by p0x1959a264)\n|inactive|Time left: 300 sec this turn | 300 sec total | 60 sec grace\n|inactive|p0y1959546d also wants the timer to be on.\n|\n|t:|1783561938\n|move|p1a: Zekrom|Bolt Strike|p2a: Copperajah|[miss]\n|-miss|p1a: Zekrom|p2a: Copperajah\n|move|p2a: Copperajah|Play Rough|p1a: Zekrom\n|-supereffective|p1a: Zekrom\n|-damage|p1a: Zekrom|1/100\n|\n|-heal|p1a: Zekrom|7/100|[from] item: Leftovers\n|upkeep\n|turn|2\n|inactive|Time left: 300 sec this turn | 300 sec total\n|\n|t:|1783561940\n|move|p1a: Zekrom|Bolt Strike|p2a: Copperajah\n|-damage|p2a: Copperajah|193/350\n|move|p2a: Copperajah|Earthquake|p1a: Zekrom\n|-supereffective|p1a: Zekrom\n|-damage|p1a: Zekrom|0 fnt\n|faint|p1a: Zekrom\n|-damage|p2a: Copperajah|158/350|[from] item: Life Orb\n|\n|upkeep\n|\n|t:|1783561941\n|switch|p1a: Basculegion|Basculegion, L80, M|100/100\n|turn|3\n|inactive|Time left: 300 sec this turn | 300 sec total\n|\n|t:|1783561942\n|switch|p2a: Tentacruel|Tentacruel, L84, F|272/272\n|move|p1a: Basculegion|Wave Crash|p2a: Tentacruel\n|-resisted|p2a: Tentacruel\n|-damage|p2a: Tentacruel|160/272\n|-damage|p1a: Basculegion|89/100|[from] Recoil\n|\n|-heal|p2a: Tentacruel|177/272|[from] item: Leftovers\n|upkeep\n|turn|4\n|inactive|Time left: 300 sec this turn | 300 sec total\n|\n|t:|1783561943\n|move|p2a: Tentacruel|Toxic Spikes|p1a: Basculegion\n|-sidestart|p1: p0x1959a264|move: Toxic Spikes\n|move|p1a: Basculegion|Shadow Ball|p2a: Tentacruel\n|-damage|p2a: Tentacruel|99/272\n|\n|-heal|p2a: Tentacruel|116/272|[from] item: Leftovers\n|upkeep\n|turn|5\n|inactive|Time left: 300 sec this turn | 300 sec total\n|\n|t:|1783561944\n|move|p2a: Tentacruel|Toxic Spikes|p1a: Basculegion\n|-sidestart|p1: p0x1959a264|move: Toxic Spikes\n|move|p1a: Basculegion|Wave Crash|p2a: Tentacruel\n|-resisted|p2a: Tentacruel\n|-damage|p2a: Tentacruel|0 fnt\n|faint|p2a: Tentacruel\n|-damage|p1a: Basculegion|77/100|[from] Recoil\n|\n|upkeep\n|inactive|Time left: 300 sec this turn | 300 sec total | 5 sec grace\n|\n|t:|1783561945\n|switch|p2a: Skuntank|Skuntank, L84, F|310/310\n|turn|6\n|inactive|Time left: 300 sec this turn | 300 sec total\n|\n|t:|1783561946\n|switch|p1a: Ribombee|Ribombee, L83, F|100/100\n|move|p2a: Skuntank|Knock Off|p1a: Ribombee\n|-resisted|p1a: Ribombee\n|-damage|p1a: Ribombee|71/100\n|-enditem|p1a: Ribombee|Heavy-Duty Boots|[from] move: Knock Off|[of] p2a: Skuntank\n|\n|upkeep\n|turn|7\n|inactive|Time left: 300 sec this turn | 300 sec total\n|\n|t:|1783561947\n|-terastallize|p1a: Ribombee|Ground\n|move|p1a: Ribombee|Tera Blast|p2a: Skuntank|[anim] Tera Blast Ground\n|-supereffective|p2a: Skuntank\n|-damage|p2a: Skuntank|158/310\n|move|p2a: Skuntank|Gunk Shot|p1a: Ribombee\n|-resisted|p1a: Ribombee\n|-damage|p1a: Ribombee|37/100\n|\n|upkeep\n|turn|8\n|inactive|Time left: 300 sec this turn | 300 sec total\n|\n|t:|1783561948\n|move|p1a: Ribombee|Quiver Dance|p1a: Ribombee\n|-boost|p1a: Ribombee|spa|1\n|-boost|p1a: Ribombee|spd|1\n|-boost|p1a: Ribombee|spe|1\n|move|p2a: Skuntank|Knock Off|p1a: Ribombee\n|-damage|p1a: Ribombee|1/100\n|\n|upkeep\n|turn|9\n|inactive|Time left: 300 sec this turn | 300 sec total\n|\n|t:|1783561949\n|move|p2a: Skuntank|Sucker Punch|p1a: Ribombee\n|-damage|p1a: Ribombee|0 fnt\n|faint|p1a: Ribombee\n|\n|upkeep\n|\n|t:|1783561950\n|switch|p1a: Toedscruel|Toedscruel, L87, M|100/100\n|-status|p1a: Toedscruel|tox\n|turn|10\n|inactive|Time left: 300 sec this turn | 300 sec total\n|\n|t:|1783561951\n|move|p1a: Toedscruel|Rapid Spin|p2a: Skuntank\n|-damage|p2a: Skuntank|122/310\n|-boost|p1a: Toedscruel|spe|1\n|-sideend|p1: p0x1959a264|Toxic Spikes|[from] move: Rapid Spin|[of] p1a: Toedscruel\n|move|p2a: Skuntank|Knock Off|p1a: Toedscruel\n|-damage|p1a: Toedscruel|62/100 tox\n|-enditem|p1a: Toedscruel|Assault Vest|[from] move: Knock Off|[of] p2a: Skuntank\n|\n|-damage|p1a: Toedscruel|56/100 tox|[from] psn\n|upkeep\n|turn|11\n|inactive|Time left: 300 sec this turn | 300 sec total\n|\n|t:|1783561952\n|switch|p2a: Cresselia|Cresselia, L80, F|323/323\n|move|p1a: Toedscruel|Earth Power|p2a: Cresselia\n|-immune|p2a: Cresselia|[from] ability: Levitate\n|\n|-damage|p1a: Toedscruel|44/100 tox|[from] psn\n|upkeep\n|turn|12\n|inactive|Time left: 300 sec this turn | 300 sec total\n|\n|t:|1783561953\n|move|p1a: Toedscruel|Knock Off|p2a: Cresselia\n|-supereffective|p2a: Cresselia\n|-damage|p2a: Cresselia|227/323\n|-enditem|p2a: Cresselia|Leftovers|[from] move: Knock Off|[of] p1a: Toedscruel\n|move|p2a: Cresselia|Calm Mind|p2a: Cresselia\n|-boost|p2a: Cresselia|spa|1\n|-boost|p2a: Cresselia|spd|1\n|\n|-damage|p1a: Toedscruel|25/100 tox|[from] psn\n|upkeep\n|turn|13\n|inactive|Time left: 300 sec this turn | 300 sec total\n|\n|t:|1783561954\n|switch|p1a: Indeedee|Indeedee-F, L90, F|100/100\n|-fieldstart|move: Psychic Terrain|[from] ability: Psychic Surge|[of] p1a: Indeedee\n|move|p2a: Cresselia|Calm Mind|p2a: Cresselia\n|-boost|p2a: Cresselia|spa|1\n|-boost|p2a: Cresselia|spd|1\n|\n|upkeep\n|turn|14\n|inactive|Time left: 300 sec this turn | 300 sec total\n|\n|t:|1783561955\n|move|p1a: Indeedee|Shadow Ball|p2a: Cresselia\n|-supereffective|p2a: Cresselia\n|-damage|p2a: Cresselia|139/323\n|move|p2a: Cresselia|Calm Mind|p2a: Cresselia\n|-boost|p2a: Cresselia|spa|1\n|-boost|p2a: Cresselia|spd|1\n|\n|upkeep\n|turn|15\n|inactive|Time left: 300 sec this turn | 300 sec total\n|\n|t:|1783561956\n|move|p1a: Indeedee|Shadow Ball|p2a: Cresselia\n|-supereffective|p2a: Cresselia\n|-damage|p2a: Cresselia|67/323\n|move|p2a: Cresselia|Moonlight|p2a: Cresselia\n|-heal|p2a: Cresselia|228/323\n|\n|upkeep\n|turn|16\n|inactive|Time left: 300 sec this turn | 300 sec total\n|\n|t:|1783561957\n|move|p1a: Indeedee|Shadow Ball|p2a: Cresselia\n|-supereffective|p2a: Cresselia\n|-damage|p2a: Cresselia|160/323\n|move|p2a: Cresselia|Psyshock|p1a: Indeedee\n|-resisted|p1a: Indeedee\n|-crit|p1a: Indeedee\n|-damage|p1a: Indeedee|46/100\n|\n|upkeep\n|turn|17\n|inactive|Time left: 300 sec this turn | 300 sec total\n|\n|t:|1783561958\n|move|p1a: Indeedee|Shadow Ball|p2a: Cresselia\n|-supereffective|p2a: Cresselia\n|-damage|p2a: Cresselia|98/323\n|move|p2a: Cresselia|Psyshock|p1a: Indeedee\n|-resisted|p1a: Indeedee\n|-damage|p1a: Indeedee|14/100\n|\n|-fieldend|move: Psychic Terrain\n|upkeep\n|turn|18\n|inactive|Time left: 300 sec this turn | 300 sec total\n|\n|t:|1783561959\n|move|p1a: Indeedee|Shadow Ball|p2a: Cresselia\n|-supereffective|p2a: Cresselia\n|-damage|p2a: Cresselia|30/323\n|-unboost|p2a: Cresselia|spd|1\n|move|p2a: Cresselia|Moonlight|p2a: Cresselia\n|-heal|p2a: Cresselia|191/323\n|\n|upkeep\n|turn|19\n|inactive|Time left: 300 sec this turn | 300 sec total\n|\n|t:|1783561960\n|move|p1a: Indeedee|Shadow Ball|p2a: Cresselia\n|-supereffective|p2a: Cresselia\n|-damage|p2a: Cresselia|105/323\n|move|p2a: Cresselia|Psyshock|p1a: Indeedee\n|-resisted|p1a: Indeedee\n|-damage|p1a: Indeedee|0 fnt\n|faint|p1a: Indeedee\n|\n|upkeep\n|\n|t:|1783561961\n|switch|p1a: Basculegion|Basculegion, L80, M|77/100\n|turn|20\n|inactive|Time left: 300 sec this turn | 300 sec total\n|\n|t:|1783561962\n|move|p2a: Cresselia|Moonlight|p2a: Cresselia\n|-heal|p2a: Cresselia|266/323\n|move|p1a: Basculegion|Wave Crash|p2a: Cresselia\n|-damage|p2a: Cresselia|98/323\n|-damage|p1a: Basculegion|60/100|[from] Recoil\n|\n|upkeep\n|turn|21\n|inactive|Time left: 300 sec this turn | 300 sec total\n|\n|t:|1783561963\n|switch|p1a: Toedscruel|Toedscruel, L87, M|25/100 tox\n|move|p2a: Cresselia|Psyshock|p1a: Toedscruel\n|-damage|p1a: Toedscruel|0 fnt\n|faint|p1a: Toedscruel\n|\n|upkeep\n|\n|t:|1783561964\n|switch|p1a: Regigigas|Regigigas, L84|100/100\n|-start|p1a: Regigigas|ability: Slow Start\n|turn|22\n|inactive|Time left: 300 sec this turn | 300 sec total\n|\n|t:|1783561965\n|move|p2a: Cresselia|Moonlight|p2a: Cresselia\n|-heal|p2a: Cresselia|259/323\n|move|p1a: Regigigas|Body Slam|p2a: Cresselia\n|-damage|p2a: Cresselia|195/323\n|\n|upkeep\n|turn|23\n|inactive|Time left: 300 sec this turn | 300 sec total\n|\n|t:|1783561967\n|move|p2a: Cresselia|Psyshock|p1a: Regigigas\n|-damage|p1a: Regigigas|57/100\n|move|p1a: Regigigas|Body Slam|p2a: Cresselia\n|-damage|p2a: Cresselia|138/323\n|\n|-heal|p1a: Regigigas|63/100|[from] item: Leftovers\n|upkeep\n|turn|24\n|inactive|Time left: 300 sec this turn | 300 sec total\n|\n|t:|1783561968\n|move|p2a: Cresselia|Moonlight|p2a: Cresselia\n|-heal|p2a: Cresselia|299/323\n|move|p1a: Regigigas|Body Slam|p2a: Cresselia\n|-damage|p2a: Cresselia|236/323\n|-status|p2a: Cresselia|par\n|\n|-heal|p1a: Regigigas|69/100|[from] item: Leftovers\n|upkeep\n|turn|25\n|inactive|Time left: 300 sec this turn | 300 sec total\n|\n|t:|1783561969\n|move|p1a: Regigigas|Knock Off|p2a: Cresselia\n|-supereffective|p2a: Cresselia\n|-damage|p2a: Cresselia|178/323 par\n|move|p2a: Cresselia|Psyshock|p1a: Regigigas\n|-damage|p1a: Regigigas|28/100\n|\n|-heal|p1a: Regigigas|34/100|[from] item: Leftovers\n|upkeep\n|turn|26\n|inactive|Time left: 300 sec this turn | 300 sec total\n|\n|t:|1783561970\n|move|p1a: Regigigas|Rest|p1a: Regigigas\n|-status|p1a: Regigigas|slp|[from] move: Rest\n|-heal|p1a: Regigigas|100/100 slp|[silent]\n|cant|p2a: Cresselia|par\n|\n|-end|p1a: Regigigas|Slow Start\n|upkeep\n|turn|27\n|inactive|Time left: 300 sec this turn | 300 sec total\n|\n|t:|1783561971\n|cant|p1a: Regigigas|slp\n|move|p1a: Regigigas|Sleep Talk|p1a: Regigigas\n|move|p1a: Regigigas|Body Slam|p2a: Cresselia|[from] move: Sleep Talk\n|-damage|p2a: Cresselia|60/323 par\n|move|p2a: Cresselia|Moonlight|p2a: Cresselia\n|-heal|p2a: Cresselia|221/323 par\n|\n|upkeep\n|turn|28\n|inactive|Time left: 300 sec this turn | 300 sec total\n|\n|t:|1783561972\n|cant|p1a: Regigigas|slp\n|move|p1a: Regigigas|Sleep Talk|p1a: Regigigas\n|move|p1a: Regigigas|Body Slam|p2a: Cresselia|[from] move: Sleep Talk\n|-damage|p2a: Cresselia|101/323 par\n|cant|p2a: Cresselia|par\n|\n|upkeep\n|turn|29\n|inactive|Time left: 300 sec this turn | 300 sec total\n|\n|t:|1783561973\n|-curestatus|p1a: Regigigas|slp|[msg]\n|move|p1a: Regigigas|Body Slam|p2a: Cresselia\n|-damage|p2a: Cresselia|0 fnt\n|faint|p2a: Cresselia\n|\n|upkeep\n|inactive|Time left: 300 sec this turn | 300 sec total | 5 sec grace\n|\n|t:|1783561974\n|switch|p2a: Ribombee|Ribombee, L83, M|235/235\n|turn|30\n|inactive|Time left: 300 sec this turn | 300 sec total\n|\n|t:|1783561975\n|move|p2a: Ribombee|Sticky Web|p1a: Regigigas\n|-sidestart|p1: p0x1959a264|move: Sticky Web\n|move|p1a: Regigigas|Body Slam|p2a: Ribombee\n|-damage|p2a: Ribombee|52/235\n|\n|upkeep\n|turn|31\n|inactive|Time left: 300 sec this turn | 300 sec total\n|\n|t:|1783561976\n|move|p2a: Ribombee|Stun Spore|p1a: Regigigas|[miss]\n|-miss|p2a: Ribombee|p1a: Regigigas\n|move|p1a: Regigigas|Knock Off|p2a: Ribombee\n|-resisted|p2a: Ribombee\n|-damage|p2a: Ribombee|0 fnt\n|-enditem|p2a: Ribombee|Heavy-Duty Boots|[from] move: Knock Off|[of] p1a: Regigigas\n|faint|p2a: Ribombee\n|\n|upkeep\n|inactive|Time left: 300 sec this turn | 300 sec total | 5 sec grace\n|\n|t:|1783561977\n|switch|p2a: Primarina|Primarina, L83, M|268/268\n|turn|32\n|inactive|Time left: 300 sec this turn | 300 sec total\n|\n|t:|1783561978\n|move|p1a: Regigigas|Body Slam|p2a: Primarina\n|-damage|p2a: Primarina|126/268\n|move|p2a: Primarina|Draining Kiss|p1a: Regigigas\n|-damage|p1a: Regigigas|84/100\n|-heal|p2a: Primarina|167/268|[from] drain|[of] p1a: Regigigas\n|\n|-heal|p1a: Regigigas|90/100|[from] item: Leftovers\n|-heal|p2a: Primarina|183/268|[from] item: Leftovers\n|upkeep\n|turn|33\n|inactive|Time left: 300 sec this turn | 300 sec total\n|\n|t:|1783561978\n|switch|p2a: Copperajah|Copperajah, L86, F|158/350\n|move|p1a: Regigigas|Body Slam|p2a: Copperajah\n|-resisted|p2a: Copperajah\n|-damage|p2a: Copperajah|83/350\n|-status|p2a: Copperajah|par\n|\n|-heal|p1a: Regigigas|96/100|[from] item: Leftovers\n|upkeep\n|turn|34\n|inactive|Time left: 300 sec this turn | 300 sec total\n|\n|t:|1783561979\n|move|p1a: Regigigas|Knock Off|p2a: Copperajah\n|-damage|p2a: Copperajah|0 fnt\n|-enditem|p2a: Copperajah|Life Orb|[from] move: Knock Off|[of] p1a: Regigigas\n|faint|p2a: Copperajah\n|\n|-heal|p1a: Regigigas|100/100|[from] item: Leftovers\n|upkeep\n|inactive|Time left: 300 sec this turn | 300 sec total | 5 sec grace\n|\n|t:|1783561980\n|switch|p2a: Primarina|Primarina, L83, M|183/268\n|turn|35\n|inactive|Time left: 300 sec this turn | 300 sec total\n|\n|t:|1783561981\n|move|p1a: Regigigas|Body Slam|p2a: Primarina\n|-damage|p2a: Primarina|35/268\n|move|p2a: Primarina|Psychic|p1a: Regigigas\n|-damage|p1a: Regigigas|80/100\n|\n|-heal|p1a: Regigigas|86/100|[from] item: Leftovers\n|-heal|p2a: Primarina|51/268|[from] item: Leftovers\n|upkeep\n|turn|36\n|inactive|Time left: 300 sec this turn | 300 sec total\n|\n|t:|1783561982\n|-terastallize|p2a: Primarina|Poison\n|move|p1a: Regigigas|Body Slam|p2a: Primarina\n|-damage|p2a: Primarina|0 fnt\n|faint|p2a: Primarina\n|\n|-heal|p1a: Regigigas|92/100|[from] item: Leftovers\n|upkeep\n|inactive|Time left: 300 sec this turn | 300 sec total | 5 sec grace\n|\n|t:|1783561983\n|switch|p2a: Skuntank|Skuntank, L84, F|122/310\n|turn|37\n|inactive|Time left: 300 sec this turn | 300 sec total\n|\n|t:|1783561984\n|move|p1a: Regigigas|Body Slam|p2a: Skuntank\n|-damage|p2a: Skuntank|0 fnt\n|-damage|p1a: Regigigas|67/100|[from] ability: Aftermath|[of] p2a: Skuntank\n|faint|p2a: Skuntank\n|\n|win|p0x1959a264", "uploadtime": 1783561984, "views": 0, "rating": 0, "private": 0, "password": null, "_winner": "p0x1959a264", "_our_name": "p0y1959546d"}