{"id": "battle-gen9randombattle-700", "formatid": "gen9randombattle", "format": "[Gen 9] Random Battle", "players": ["p0x70075ec", "p0y700f5cd"], "log": "|init|battle\n|title|p0x70075ec vs. p0y700f5cd\n|j|\u2606p0x70075ec\n|j|\u2606p0y700f5cd\n|t:|1783547931\n|gametype|singles\n|player|p1|p0x70075ec|101|\n|player|p2|p0y700f5cd|101|\n|gen|9\n|tier|[Gen 9] Random Battle\n|rule|Species Clause: Limit one of each Pok\u00e9mon\n|rule|HP Percentage Mod: HP is shown in percentages\n|rule|Sleep Clause Mod: Limit one foe put to sleep\n|rule|Illusion Level Mod: Illusion disguises the Pok\u00e9mon's true level\n|\n|t:|1783547931\n|teamsize|p1|6\n|teamsize|p2|6\n|start\n|switch|p1a: Latias|Latias, L79, F|256/256\n|switch|p2a: Dragapult|Dragapult, L77, M|100/100\n|turn|1\n|inactive|Battle timer is ON: inactive players will automatically lose when time's up. (requested by p0y700f5cd)\n|inactive|Time left: 300 sec this turn | 300 sec total | 60 sec grace\n|inactive|p0x70075ec also wants the timer to be on.\n|\n|t:|1783547933\n|move|p2a: Dragapult|Shadow Ball|p1a: Latias\n|-supereffective|p1a: Latias\n|-damage|p1a: Latias|86/256\n|move|p1a: Latias|Psyshock|p2a: Dragapult\n|-damage|p2a: Dragapult|50/100\n|\n|upkeep\n|turn|2\n|inactive|Time left: 300 sec this turn | 300 sec total\n|\n|t:|1783547934\n|switch|p1a: Dewgong|Dewgong, L94, M|322/322\n|move|p2a: Dragapult|Shadow Ball|p1a: Dewgong\n|-damage|p1a: Dewgong|232/322\n|\n|upkeep\n|turn|3\n|inactive|Time left: 300 sec this turn | 300 sec total\n|\n|t:|1783547935\n|move|p2a: Dragapult|Shadow Ball|p1a: Dewgong\n|-damage|p1a: Dewgong|142/322\n|move|p1a: Dewgong|Triple Axel|p2a: Dragapult\n|-supereffective|p2a: Dragapult\n|-damage|p2a: Dragapult|29/100\n|-supereffective|p2a: Dragapult\n|-damage|p2a: Dragapult|0 fnt\n|faint|p2a: Dragapult\n|-hitcount|p2: Dragapult|2\n|\n|upkeep\n|\n|t:|1783547936\n|switch|p2a: Diancie|Diancie, L82|100/100\n|turn|4\n|inactive|Time left: 300 sec this turn | 300 sec total\n|\n|t:|1783547937\n|move|p1a: Dewgong|Flip Turn|p2a: Diancie\n|-supereffective|p2a: Diancie\n|-damage|p2a: Diancie|61/100\n|inactive|Time left: 300 sec this turn | 300 sec total | 5 sec grace\n|\n|t:|1783547939\n|switch|p1a: Chimecho|Chimecho, L93, F|290/290|[from] Flip Turn\n|move|p2a: Diancie|Diamond Storm|p1a: Chimecho\n|-damage|p1a: Chimecho|182/290\n|\n|-heal|p1a: Chimecho|200/290|[from] item: Leftovers\n|upkeep\n|turn|5\n|inactive|Time left: 300 sec this turn | 300 sec total\n|\n|t:|1783547940\n|move|p1a: Chimecho|Calm Mind|p1a: Chimecho\n|-boost|p1a: Chimecho|spa|1\n|-boost|p1a: Chimecho|spd|1\n|move|p2a: Diancie|Diamond Storm|p1a: Chimecho\n|-damage|p1a: Chimecho|94/290\n|\n|-heal|p1a: Chimecho|112/290|[from] item: Leftovers\n|upkeep\n|turn|6\n|inactive|Time left: 300 sec this turn | 300 sec total\n|\n|t:|1783547941\n|move|p1a: Chimecho|Recover|p1a: Chimecho\n|-heal|p1a: Chimecho|257/290\n|move|p2a: Diancie|Diamond Storm|p1a: Chimecho|[miss]\n|-miss|p2a: Diancie|p1a: Chimecho\n|\n|-heal|p1a: Chimecho|275/290|[from] item: Leftovers\n|upkeep\n|turn|7\n|inactive|Time left: 300 sec this turn | 300 sec total\n|\n|t:|1783547942\n|move|p1a: Chimecho|Calm Mind|p1a: Chimecho\n|-boost|p1a: Chimecho|spa|1\n|-boost|p1a: Chimecho|spd|1\n|move|p2a: Diancie|Diamond Storm|p1a: Chimecho\n|-damage|p1a: Chimecho|179/290\n|-boost|p2a: Diancie|def|2\n|\n|-heal|p1a: Chimecho|197/290|[from] item: Leftovers\n|upkeep\n|turn|8\n|inactive|Time left: 300 sec this turn | 300 sec total\n|\n|t:|1783547943\n|move|p1a: Chimecho|Psychic Noise|p2a: Diancie\n|-damage|p2a: Diancie|20/100\n|-start|p2a: Diancie|move: Heal Block\n|move|p2a: Diancie|Diamond Storm|p1a: Chimecho\n|-damage|p1a: Chimecho|94/290\n|\n|-heal|p1a: Chimecho|112/290|[from] item: Leftovers\n|upkeep\n|turn|9\n|inactive|Time left: 300 sec this turn | 300 sec total\n|\n|t:|1783547945\n|switch|p2a: Bastiodon|Bastiodon, L89, M|100/100\n|move|p1a: Chimecho|Dazzling Gleam|p2a: Bastiodon\n|-resisted|p2a: Bastiodon\n|-damage|p2a: Bastiodon|83/100\n|\n|-heal|p1a: Chimecho|130/290|[from] item: Leftovers\n|upkeep\n|turn|10\n|inactive|Time left: 300 sec this turn | 300 sec total\n|\n|t:|1783547946\n|move|p1a: Chimecho|Recover|p1a: Chimecho\n|-heal|p1a: Chimecho|275/290\n|move|p2a: Bastiodon|Foul Play|p1a: Chimecho\n|-supereffective|p1a: Chimecho\n|-crit|p1a: Chimecho\n|-damage|p1a: Chimecho|179/290\n|\n|-heal|p1a: Chimecho|197/290|[from] item: Leftovers\n|upkeep\n|turn|11\n|inactive|Time left: 300 sec this turn | 300 sec total\n|\n|t:|1783547947\n|move|p1a: Chimecho|Calm Mind|p1a: Chimecho\n|-boost|p1a: Chimecho|spa|1\n|-boost|p1a: Chimecho|spd|1\n|move|p2a: Bastiodon|Foul Play|p1a: Chimecho\n|-supereffective|p1a: Chimecho\n|-damage|p1a: Chimecho|131/290\n|\n|-heal|p1a: Chimecho|149/290|[from] item: Leftovers\n|upkeep\n|turn|12\n|inactive|Time left: 300 sec this turn | 300 sec total\n|\n|t:|1783547947\n|move|p1a: Chimecho|Recover|p1a: Chimecho\n|-heal|p1a: Chimecho|290/290\n|move|p2a: Bastiodon|Foul Play|p1a: Chimecho\n|-supereffective|p1a: Chimecho\n|-damage|p1a: Chimecho|222/290\n|\n|-heal|p1a: Chimecho|240/290|[from] item: Leftovers\n|upkeep\n|turn|13\n|inactive|Time left: 300 sec this turn | 300 sec total\n|\n|t:|1783547949\n|move|p1a: Chimecho|Dazzling Gleam|p2a: Bastiodon\n|-resisted|p2a: Bastiodon\n|-damage|p2a: Bastiodon|59/100\n|move|p2a: Bastiodon|Iron Defense|p2a: Bastiodon\n|-boost|p2a: Bastiodon|def|2\n|\n|-heal|p1a: Chimecho|258/290|[from] item: Leftovers\n|upkeep\n|turn|14\n|inactive|Time left: 300 sec this turn | 300 sec total\n|\n|t:|1783547950\n|move|p1a: Chimecho|Dazzling Gleam|p2a: Bastiodon\n|-resisted|p2a: Bastiodon\n|-damage|p2a: Bastiodon|35/100\n|move|p2a: Bastiodon|Foul Play|p1a: Chimecho\n|-supereffective|p1a: Chimecho\n|-damage|p1a: Chimecho|188/290\n|\n|-heal|p1a: Chimecho|206/290|[from] item: Leftovers\n|upkeep\n|turn|15\n|inactive|Time left: 300 sec this turn | 300 sec total\n|\n|t:|1783547951\n|move|p1a: Chimecho|Dazzling Gleam|p2a: Bastiodon\n|-resisted|p2a: Bastiodon\n|-damage|p2a: Bastiodon|12/100\n|move|p2a: Bastiodon|Rest|p2a: Bastiodon\n|-status|p2a: Bastiodon|slp|[from] move: Rest\n|-heal|p2a: Bastiodon|100/100 slp|[silent]\n|-enditem|p2a: Bastiodon|Chesto Berry|[eat]\n|-curestatus|p2a: Bastiodon|slp|[msg]\n|\n|-heal|p1a: Chimecho|224/290|[from] item: Leftovers\n|upkeep\n|turn|16\n|inactive|Time left: 300 sec this turn | 300 sec total\n|\n|t:|1783547952\n|move|p1a: Chimecho|Dazzling Gleam|p2a: Bastiodon\n|-resisted|p2a: Bastiodon\n|-damage|p2a: Bastiodon|79/100\n|move|p2a: Bastiodon|Body Press|p1a: Chimecho\n|-resisted|p1a: Chimecho\n|-damage|p1a: Chimecho|137/290\n|\n|-heal|p1a: Chimecho|155/290|[from] item: Leftovers\n|upkeep\n|turn|17\n|inactive|Time left: 300 sec this turn | 300 sec total\n|\n|t:|1783547954\n|move|p1a: Chimecho|Recover|p1a: Chimecho\n|-heal|p1a: Chimecho|290/290\n|move|p2a: Bastiodon|Foul Play|p1a: Chimecho\n|-supereffective|p1a: Chimecho\n|-damage|p1a: Chimecho|228/290\n|\n|-heal|p1a: Chimecho|246/290|[from] item: Leftovers\n|upkeep\n|turn|18\n|inactive|Time left: 300 sec this turn | 300 sec total\n|\n|t:|1783547955\n|move|p1a: Chimecho|Dazzling Gleam|p2a: Bastiodon\n|-resisted|p2a: Bastiodon\n|-damage|p2a: Bastiodon|56/100\n|move|p2a: Bastiodon|Body Press|p1a: Chimecho\n|-resisted|p1a: Chimecho\n|-damage|p1a: Chimecho|143/290\n|\n|-heal|p1a: Chimecho|161/290|[from] item: Leftovers\n|upkeep\n|turn|19\n|inactive|Time left: 300 sec this turn | 300 sec total\n|\n|t:|1783547956\n|move|p1a: Chimecho|Recover|p1a: Chimecho\n|-heal|p1a: Chimecho|290/290\n|move|p2a: Bastiodon|Body Press|p1a: Chimecho\n|-resisted|p1a: Chimecho\n|-damage|p1a: Chimecho|191/290\n|\n|-heal|p1a: Chimecho|209/290|[from] item: Leftovers\n|upkeep\n|turn|20\n|inactive|Time left: 300 sec this turn | 300 sec total\n|\n|t:|1783547958\n|move|p1a: Chimecho|Dazzling Gleam|p2a: Bastiodon\n|-resisted|p2a: Bastiodon\n|-damage|p2a: Bastiodon|35/100\n|move|p2a: Bastiodon|Body Press|p1a: Chimecho\n|-resisted|p1a: Chimecho\n|-damage|p1a: Chimecho|108/290\n|\n|-heal|p1a: Chimecho|126/290|[from] item: Leftovers\n|upkeep\n|turn|21\n|inactive|Time left: 300 sec this turn | 300 sec total\n|\n|t:|1783547959\n|move|p1a: Chimecho|Dazzling Gleam|p2a: Bastiodon\n|-resisted|p2a: Bastiodon\n|-damage|p2a: Bastiodon|10/100\n|move|p2a: Bastiodon|Foul Play|p1a: Chimecho\n|-supereffective|p1a: Chimecho\n|-damage|p1a: Chimecho|58/290\n|\n|-heal|p1a: Chimecho|76/290|[from] item: Leftovers\n|upkeep\n|turn|22\n|inactive|Time left: 300 sec this turn | 300 sec total\n|\n|t:|1783547960\n|move|p1a: Chimecho|Dazzling Gleam|p2a: Bastiodon\n|-resisted|p2a: Bastiodon\n|-damage|p2a: Bastiodon|0 fnt\n|faint|p2a: Bastiodon\n|\n|-heal|p1a: Chimecho|94/290|[from] item: Leftovers\n|upkeep\n|\n|t:|1783547961\n|switch|p2a: Espeon|Espeon, L84, M|100/100\n|turn|23\n|inactive|Time left: 300 sec this turn | 300 sec total\n|\n|t:|1783547963\n|move|p2a: Espeon|Shadow Ball|p1a: Chimecho\n|-supereffective|p1a: Chimecho\n|-damage|p1a: Chimecho|18/290\n|move|p1a: Chimecho|Recover|p1a: Chimecho\n|-heal|p1a: Chimecho|163/290\n|\n|-heal|p1a: Chimecho|181/290|[from] item: Leftovers\n|upkeep\n|turn|24\n|inactive|Time left: 300 sec this turn | 300 sec total\n|\n|t:|1783547964\n|move|p2a: Espeon|Shadow Ball|p1a: Chimecho\n|-supereffective|p1a: Chimecho\n|-damage|p1a: Chimecho|103/290\n|-unboost|p1a: Chimecho|spd|1\n|move|p1a: Chimecho|Dazzling Gleam|p2a: Espeon\n|-damage|p2a: Espeon|31/100\n|\n|-heal|p1a: Chimecho|121/290|[from] item: Leftovers\n|upkeep\n|turn|25\n|inactive|Time left: 300 sec this turn | 300 sec total\n|\n|t:|1783547965\n|move|p2a: Espeon|Shadow Ball|p1a: Chimecho\n|-supereffective|p1a: Chimecho\n|-damage|p1a: Chimecho|33/290\n|move|p1a: Chimecho|Recover|p1a: Chimecho\n|-heal|p1a: Chimecho|178/290\n|\n|-heal|p1a: Chimecho|196/290|[from] item: Leftovers\n|upkeep\n|turn|26\n|inactive|Time left: 300 sec this turn | 300 sec total\n|\n|t:|1783547966\n|move|p2a: Espeon|Shadow Ball|p1a: Chimecho\n|-supereffective|p1a: Chimecho\n|-damage|p1a: Chimecho|94/290\n|move|p1a: Chimecho|Dazzling Gleam|p2a: Espeon\n|-damage|p2a: Espeon|0 fnt\n|faint|p2a: Espeon\n|\n|-heal|p1a: Chimecho|112/290|[from] item: Leftovers\n|upkeep\n|\n|t:|1783547967\n|switch|p2a: Arceus|Arceus-Ice, L72|100/100\n|turn|27\n|inactive|Time left: 300 sec this turn | 300 sec total\n|\n|t:|1783547967\n|move|p2a: Arceus|Calm Mind|p2a: Arceus\n|-boost|p2a: Arceus|spa|1\n|-boost|p2a: Arceus|spd|1\n|move|p1a: Chimecho|Psychic Noise|p2a: Arceus\n|-damage|p2a: Arceus|48/100\n|-start|p2a: Arceus|move: Heal Block\n|\n|-heal|p1a: Chimecho|130/290|[from] item: Leftovers\n|upkeep\n|turn|28\n|inactive|Time left: 300 sec this turn | 300 sec total\n|\n|t:|1783547968\n|move|p2a: Arceus|Calm Mind|p2a: Arceus\n|-boost|p2a: Arceus|spa|1\n|-boost|p2a: Arceus|spd|1\n|move|p1a: Chimecho|Psychic Noise|p2a: Arceus\n|-damage|p2a: Arceus|7/100\n|\n|-heal|p1a: Chimecho|148/290|[from] item: Leftovers\n|-end|p2a: Arceus|move: Heal Block\n|upkeep\n|turn|29\n|inactive|Time left: 300 sec this turn | 300 sec total\n|\n|t:|1783547969\n|move|p2a: Arceus|Recover|p2a: Arceus\n|-heal|p2a: Arceus|57/100\n|move|p1a: Chimecho|Psychic Noise|p2a: Arceus\n|-damage|p2a: Arceus|18/100\n|-start|p2a: Arceus|move: Heal Block\n|\n|-heal|p1a: Chimecho|166/290|[from] item: Leftovers\n|upkeep\n|turn|30\n|inactive|Time left: 300 sec this turn | 300 sec total\n|\n|t:|1783547970\n|move|p2a: Arceus|Judgment|p1a: Chimecho\n|-damage|p1a: Chimecho|69/290\n|move|p1a: Chimecho|Recover|p1a: Chimecho\n|-heal|p1a: Chimecho|214/290\n|\n|-heal|p1a: Chimecho|232/290|[from] item: Leftovers\n|-end|p2a: Arceus|move: Heal Block\n|upkeep\n|turn|31\n|inactive|Time left: 300 sec this turn | 300 sec total\n|\n|t:|1783547971\n|move|p2a: Arceus|Recover|p2a: Arceus\n|-heal|p2a: Arceus|68/100\n|move|p1a: Chimecho|Psychic Noise|p2a: Arceus\n|-damage|p2a: Arceus|28/100\n|-start|p2a: Arceus|move: Heal Block\n|\n|-heal|p1a: Chimecho|250/290|[from] item: Leftovers\n|upkeep\n|turn|32\n|inactive|Time left: 300 sec this turn | 300 sec total\n|\n|t:|1783547973\n|move|p2a: Arceus|Judgment|p1a: Chimecho\n|-damage|p1a: Chimecho|157/290\n|move|p1a: Chimecho|Psychic Noise|p2a: Arceus\n|-damage|p2a: Arceus|0 fnt\n|faint|p2a: Arceus\n|\n|-heal|p1a: Chimecho|175/290|[from] item: Leftovers\n|upkeep\n|\n|t:|1783547974\n|switch|p2a: Comfey|Comfey, L85, M|100/100\n|turn|33\n|inactive|Time left: 300 sec this turn | 300 sec total\n|\n|t:|1783547975\n|move|p2a: Comfey|Calm Mind|p2a: Comfey\n|-boost|p2a: Comfey|spa|1\n|-boost|p2a: Comfey|spd|1\n|move|p1a: Chimecho|Psychic Noise|p2a: Comfey\n|-damage|p2a: Comfey|39/100\n|-start|p2a: Comfey|move: Heal Block\n|\n|-heal|p1a: Chimecho|193/290|[from] item: Leftovers\n|upkeep\n|turn|34\n|inactive|Time left: 300 sec this turn | 300 sec total\n|\n|t:|1783547976\n|-terastallize|p2a: Comfey|Ground\n|move|p2a: Comfey|Tera Blast|p1a: Chimecho|[anim] Tera Blast Ground\n|-immune|p1a: Chimecho|[from] ability: Levitate\n|move|p1a: Chimecho|Psychic Noise|p2a: Comfey\n|-damage|p2a: Comfey|0 fnt\n|faint|p2a: Comfey\n|\n|-heal|p1a: Chimecho|211/290|[from] item: Leftovers\n|upkeep\n|\n|t:|1783547977\n|switch|p2a: Diancie|Diancie, L82|20/100\n|turn|35\n|inactive|Time left: 300 sec this turn | 300 sec total\n|\n|t:|1783547978\n|-terastallize|p1a: Chimecho|Steel\n|move|p1a: Chimecho|Dazzling Gleam|p2a: Diancie\n|-damage|p2a: Diancie|0 fnt\n|faint|p2a: Diancie\n|\n|win|p0x70075ec", "uploadtime": 1783547978, "views": 0, "rating": 0, "private": 0, "password": null, "_winner": "p0x70075ec", "_our_name": "p0x70075ec"}