{"id": "battle-gen9randombattle-1332", "formatid": "gen9randombattle", "format": "[Gen 9] Random Battle", "players": ["p0x13321df8", "p0y13326eda"], "log": "|init|battle\n|title|p0x13321df8 vs. p0y13326eda\n|j|\u2606p0x13321df8\n|j|\u2606p0y13326eda\n|t:|1783555463\n|gametype|singles\n|player|p1|p0x13321df8|170|\n|player|p2|p0y13326eda|170|\n|gen|9\n|tier|[Gen 9] Random Battle\n|rule|Species Clause: Limit one of each Pok\u00e9mon\n|rule|HP Percentage Mod: HP is shown in percentages\n|rule|Sleep Clause Mod: Limit one foe put to sleep\n|rule|Illusion Level Mod: Illusion disguises the Pok\u00e9mon's true level\n|\n|t:|1783555463\n|teamsize|p1|6\n|teamsize|p2|6\n|start\n|switch|p1a: Zangoose|Zangoose, L85, M|263/263\n|switch|p2a: Reshiram|Reshiram, L76|100/100\n|-ability|p2a: Reshiram|Turboblaze\n|turn|1\n|inactive|Battle timer is ON: inactive players will automatically lose when time's up. (requested by p0y13326eda)\n|inactive|Time left: 300 sec this turn | 300 sec total | 60 sec grace\n|inactive|p0x13321df8 also wants the timer to be on.\n|\n|t:|1783555465\n|move|p1a: Zangoose|Facade|p2a: Reshiram\n|-damage|p2a: Reshiram|68/100\n|move|p2a: Reshiram|Outrage|p1a: Zangoose\n|-damage|p1a: Zangoose|110/263\n|\n|-status|p1a: Zangoose|tox|[from] item: Toxic Orb\n|upkeep\n|turn|2\n|inactive|Time left: 300 sec this turn | 300 sec total\n|\n|t:|1783555466\n|move|p1a: Zangoose|Facade|p2a: Reshiram\n|-damage|p2a: Reshiram|0 fnt\n|faint|p2a: Reshiram\n|\n|-damage|p1a: Zangoose|94/263 tox|[from] psn\n|upkeep\n|\n|t:|1783555467\n|switch|p2a: Volcanion|Volcanion, L79|100/100\n|turn|3\n|inactive|Time left: 300 sec this turn | 300 sec total\n|\n|t:|1783555469\n|-terastallize|p1a: Zangoose|Normal\n|move|p2a: Volcanion|Flamethrower|p1a: Zangoose\n|-damage|p1a: Zangoose|0 fnt\n|faint|p1a: Zangoose\n|\n|upkeep\n|inactive|Time left: 300 sec this turn | 300 sec total | 5 sec grace\n|\n|t:|1783555470\n|switch|p1a: Raichu|Raichu, L88, F|249/249\n|turn|4\n|inactive|Time left: 300 sec this turn | 300 sec total\n|\n|t:|1783555471\n|switch|p2a: Gardevoir|Gardevoir, L83, M|100/100\n|-ability|p2a: Gardevoir|Lightning Rod|Trace|[from] ability: Trace|[of] p1a: Raichu\n|move|p1a: Raichu|Thunderbolt|p2a: Gardevoir\n|-ability|p2a: Gardevoir|Lightning Rod|boost\n|-boost|p2a: Gardevoir|spa|1\n|\n|upkeep\n|turn|5\n|inactive|Time left: 300 sec this turn | 300 sec total\n|\n|t:|1783555472\n|switch|p1a: Cresselia|Cresselia, L80, F|323/323\n|move|p2a: Gardevoir|Moonblast|p1a: Cresselia\n|-crit|p1a: Cresselia\n|-damage|p1a: Cresselia|25/323\n|-unboost|p1a: Cresselia|spa|1\n|-damage|p2a: Gardevoir|91/100|[from] item: Life Orb\n|\n|-heal|p1a: Cresselia|45/323|[from] item: Leftovers\n|upkeep\n|turn|6\n|inactive|Time left: 300 sec this turn | 300 sec total\n|\n|t:|1783555473\n|move|p1a: Cresselia|Moonlight|p1a: Cresselia\n|-heal|p1a: Cresselia|206/323\n|move|p2a: Gardevoir|Moonblast|p1a: Cresselia\n|-damage|p1a: Cresselia|29/323\n|-unboost|p1a: Cresselia|spa|1\n|-damage|p2a: Gardevoir|81/100|[from] item: Life Orb\n|\n|-heal|p1a: Cresselia|49/323|[from] item: Leftovers\n|upkeep\n|turn|7\n|inactive|Time left: 300 sec this turn | 300 sec total\n|\n|t:|1783555475\n|move|p1a: Cresselia|Moonlight|p1a: Cresselia\n|-heal|p1a: Cresselia|210/323\n|move|p2a: Gardevoir|Calm Mind|p2a: Gardevoir\n|-boost|p2a: Gardevoir|spa|1\n|-boost|p2a: Gardevoir|spd|1\n|\n|-heal|p1a: Cresselia|230/323|[from] item: Leftovers\n|upkeep\n|turn|8\n|inactive|Time left: 300 sec this turn | 300 sec total\n|\n|t:|1783555476\n|move|p1a: Cresselia|Calm Mind|p1a: Cresselia\n|-boost|p1a: Cresselia|spa|1\n|-boost|p1a: Cresselia|spd|1\n|move|p2a: Gardevoir|Moonblast|p1a: Cresselia\n|-damage|p1a: Cresselia|61/323\n|-unboost|p1a: Cresselia|spa|1\n|-damage|p2a: Gardevoir|72/100|[from] item: Life Orb\n|\n|-heal|p1a: Cresselia|81/323|[from] item: Leftovers\n|upkeep\n|turn|9\n|inactive|Time left: 300 sec this turn | 300 sec total\n|\n|t:|1783555477\n|move|p1a: Cresselia|Moonlight|p1a: Cresselia\n|-heal|p1a: Cresselia|242/323\n|move|p2a: Gardevoir|Moonblast|p1a: Cresselia\n|-damage|p1a: Cresselia|73/323\n|-damage|p2a: Gardevoir|62/100|[from] item: Life Orb\n|\n|-heal|p1a: Cresselia|93/323|[from] item: Leftovers\n|upkeep\n|turn|10\n|inactive|Time left: 300 sec this turn | 300 sec total\n|\n|t:|1783555478\n|move|p1a: Cresselia|Moonlight|p1a: Cresselia\n|-heal|p1a: Cresselia|254/323\n|move|p2a: Gardevoir|Moonblast|p1a: Cresselia\n|-damage|p1a: Cresselia|94/323\n|-damage|p2a: Gardevoir|52/100|[from] item: Life Orb\n|\n|-heal|p1a: Cresselia|114/323|[from] item: Leftovers\n|upkeep\n|turn|11\n|inactive|Time left: 300 sec this turn | 300 sec total\n|\n|t:|1783555479\n|move|p1a: Cresselia|Moonlight|p1a: Cresselia\n|-heal|p1a: Cresselia|275/323\n|move|p2a: Gardevoir|Moonblast|p1a: Cresselia\n|-damage|p1a: Cresselia|114/323\n|-damage|p2a: Gardevoir|43/100|[from] item: Life Orb\n|\n|-heal|p1a: Cresselia|134/323|[from] item: Leftovers\n|upkeep\n|turn|12\n|inactive|Time left: 300 sec this turn | 300 sec total\n|\n|t:|1783555480\n|move|p1a: Cresselia|Moonlight|p1a: Cresselia\n|-heal|p1a: Cresselia|295/323\n|move|p2a: Gardevoir|Moonblast|p1a: Cresselia\n|-damage|p1a: Cresselia|108/323\n|-unboost|p1a: Cresselia|spa|1\n|-damage|p2a: Gardevoir|33/100|[from] item: Life Orb\n|\n|-heal|p1a: Cresselia|128/323|[from] item: Leftovers\n|upkeep\n|turn|13\n|inactive|Time left: 300 sec this turn | 300 sec total\n|\n|t:|1783555481\n|move|p1a: Cresselia|Moonlight|p1a: Cresselia\n|-heal|p1a: Cresselia|289/323\n|move|p2a: Gardevoir|Moonblast|p1a: Cresselia\n|-damage|p1a: Cresselia|104/323\n|-damage|p2a: Gardevoir|23/100|[from] item: Life Orb\n|\n|-heal|p1a: Cresselia|124/323|[from] item: Leftovers\n|upkeep\n|turn|14\n|inactive|Time left: 300 sec this turn | 300 sec total\n|\n|t:|1783555483\n|move|p1a: Cresselia|Psyshock|p2a: Gardevoir\n|-resisted|p2a: Gardevoir\n|-damage|p2a: Gardevoir|16/100\n|move|p2a: Gardevoir|Calm Mind|p2a: Gardevoir\n|-boost|p2a: Gardevoir|spa|1\n|-boost|p2a: Gardevoir|spd|1\n|\n|-heal|p1a: Cresselia|144/323|[from] item: Leftovers\n|upkeep\n|turn|15\n|inactive|Time left: 300 sec this turn | 300 sec total\n|\n|t:|1783555484\n|move|p1a: Cresselia|Psyshock|p2a: Gardevoir\n|-resisted|p2a: Gardevoir\n|-crit|p2a: Gardevoir\n|-damage|p2a: Gardevoir|0 fnt\n|faint|p2a: Gardevoir\n|\n|-heal|p1a: Cresselia|164/323|[from] item: Leftovers\n|upkeep\n|\n|t:|1783555485\n|switch|p2a: Passimian|Passimian, L83, F|100/100\n|turn|16\n|inactive|Time left: 300 sec this turn | 300 sec total\n|\n|t:|1783555486\n|move|p1a: Cresselia|Moonlight|p1a: Cresselia\n|-heal|p1a: Cresselia|323/323\n|move|p2a: Passimian|Bulk Up|p2a: Passimian\n|-boost|p2a: Passimian|atk|1\n|-boost|p2a: Passimian|def|1\n|\n|upkeep\n|turn|17\n|inactive|Time left: 300 sec this turn | 300 sec total\n|\n|t:|1783555487\n|switch|p1a: Tornadus|Tornadus, L82, M|263/263\n|move|p2a: Passimian|Knock Off|p1a: Tornadus\n|-damage|p1a: Tornadus|124/263\n|-enditem|p1a: Tornadus|Choice Specs|[from] move: Knock Off|[of] p2a: Passimian\n|\n|upkeep\n|turn|18\n|inactive|Time left: 300 sec this turn | 300 sec total\n|\n|t:|1783555488\n|-terastallize|p2a: Passimian|Steel\n|move|p1a: Tornadus|Bleakwind Storm|p2a: Passimian\n|-resisted|p2a: Passimian\n|-damage|p2a: Passimian|75/100\n|-unboost|p2a: Passimian|spe|1\n|-ability|p2a: Passimian|Defiant|boost\n|-boost|p2a: Passimian|atk|2\n|move|p2a: Passimian|Gunk Shot|p1a: Tornadus\n|-damage|p1a: Tornadus|0 fnt\n|faint|p1a: Tornadus\n|\n|-heal|p2a: Passimian|81/100|[from] item: Leftovers\n|upkeep\n|inactive|Time left: 300 sec this turn | 300 sec total | 5 sec grace\n|\n|t:|1783555489\n|switch|p1a: Tauros|Tauros-Paldea-Combat, L82, M|257/257\n|-ability|p1a: Tauros|Intimidate|boost\n|-unboost|p2a: Passimian|atk|1\n|-ability|p2a: Passimian|Defiant|boost\n|-boost|p2a: Passimian|atk|2\n|turn|19\n|inactive|Time left: 300 sec this turn | 300 sec total\n|\n|t:|1783555490\n|move|p1a: Tauros|Close Combat|p2a: Passimian\n|-supereffective|p2a: Passimian\n|-damage|p2a: Passimian|0 fnt\n|-unboost|p1a: Tauros|def|1\n|-unboost|p1a: Tauros|spd|1\n|faint|p2a: Passimian\n|\n|upkeep\n|\n|t:|1783555491\n|switch|p2a: Volcanion|Volcanion, L79|100/100\n|turn|20\n|inactive|Time left: 300 sec this turn | 300 sec total\n|\n|t:|1783555492\n|switch|p1a: Cresselia|Cresselia, L80, F|323/323\n|move|p2a: Volcanion|Steam Eruption|p1a: Cresselia\n|-damage|p1a: Cresselia|206/323\n|\n|-heal|p1a: Cresselia|226/323|[from] item: Leftovers\n|upkeep\n|turn|21\n|inactive|Time left: 300 sec this turn | 300 sec total\n|\n|t:|1783555494\n|move|p2a: Volcanion|Steam Eruption|p1a: Cresselia\n|-damage|p1a: Cresselia|126/323\n|move|p1a: Cresselia|Calm Mind|p1a: Cresselia\n|-boost|p1a: Cresselia|spa|1\n|-boost|p1a: Cresselia|spd|1\n|\n|-heal|p1a: Cresselia|146/323|[from] item: Leftovers\n|upkeep\n|turn|22\n|inactive|Time left: 300 sec this turn | 300 sec total\n|\n|t:|1783555495\n|move|p2a: Volcanion|Steam Eruption|p1a: Cresselia\n|-damage|p1a: Cresselia|70/323\n|move|p1a: Cresselia|Moonblast|p2a: Volcanion\n|-resisted|p2a: Volcanion\n|-damage|p2a: Volcanion|84/100\n|\n|-heal|p1a: Cresselia|90/323|[from] item: Leftovers\n|upkeep\n|turn|23\n|inactive|Time left: 300 sec this turn | 300 sec total\n|\n|t:|1783555496\n|move|p2a: Volcanion|Steam Eruption|p1a: Cresselia\n|-damage|p1a: Cresselia|23/323\n|move|p1a: Cresselia|Moonblast|p2a: Volcanion\n|-resisted|p2a: Volcanion\n|-damage|p2a: Volcanion|69/100\n|\n|-heal|p1a: Cresselia|43/323|[from] item: Leftovers\n|upkeep\n|turn|24\n|inactive|Time left: 300 sec this turn | 300 sec total\n|\n|t:|1783555497\n|move|p2a: Volcanion|Steam Eruption|p1a: Cresselia\n|-damage|p1a: Cresselia|0 fnt\n|faint|p1a: Cresselia\n|\n|upkeep\n|inactive|Time left: 300 sec this turn | 300 sec total | 5 sec grace\n|\n|t:|1783555498\n|switch|p1a: Raichu|Raichu, L88, F|249/249\n|turn|25\n|inactive|Time left: 300 sec this turn | 300 sec total\n|\n|t:|1783555499\n|switch|p2a: Dugtrio|Dugtrio-Alola, L84, F|100/100\n|move|p1a: Raichu|Thunderbolt|p2a: Dugtrio\n|-immune|p2a: Dugtrio\n|\n|upkeep\n|turn|26\n|inactive|Time left: 300 sec this turn | 300 sec total\n|\n|t:|1783555500\n|move|p1a: Raichu|Surf|p2a: Dugtrio\n|-supereffective|p2a: Dugtrio\n|-damage|p2a: Dugtrio|1/100\n|-damage|p1a: Raichu|225/249|[from] item: Life Orb\n|move|p2a: Dugtrio|Earthquake|p1a: Raichu\n|-supereffective|p1a: Raichu\n|-damage|p1a: Raichu|0 fnt\n|faint|p1a: Raichu\n|-damage|p2a: Dugtrio|0 fnt|[from] item: Life Orb\n|faint|p2a: Dugtrio\n|\n|upkeep\n|inactive|Time left: 300 sec this turn | 300 sec total | 5 sec grace\n|\n|t:|1783555503\n|switch|p1a: Thundurus|Thundurus, L80, M|258/258\n|switch|p2a: Volcanion|Volcanion, L79|69/100\n|turn|27\n|inactive|Time left: 300 sec this turn | 300 sec total\n|\n|t:|1783555504\n|switch|p2a: Oinkologne|Oinkologne-F, L92, F|100/100\n|move|p1a: Thundurus|Thunderbolt|p2a: Oinkologne\n|-damage|p2a: Oinkologne|73/100\n|\n|-heal|p2a: Oinkologne|79/100|[from] item: Leftovers\n|upkeep\n|turn|28\n|inactive|Time left: 300 sec this turn | 300 sec total\n|\n|t:|1783555505\n|switch|p1a: Tauros|Tauros-Paldea-Combat, L82, M|257/257\n|-ability|p1a: Tauros|Intimidate|boost\n|-unboost|p2a: Oinkologne|atk|1\n|move|p2a: Oinkologne|Body Slam|p1a: Tauros\n|-crit|p1a: Tauros\n|-damage|p1a: Tauros|127/257\n|\n|-heal|p2a: Oinkologne|85/100|[from] item: Leftovers\n|upkeep\n|turn|29\n|inactive|Time left: 300 sec this turn | 300 sec total\n|\n|t:|1783555506\n|switch|p2a: Volcanion|Volcanion, L79|69/100\n|move|p1a: Tauros|Earthquake|p2a: Volcanion\n|-supereffective|p2a: Volcanion\n|-damage|p2a: Volcanion|0 fnt\n|faint|p2a: Volcanion\n|\n|upkeep\n|\n|t:|1783555507\n|switch|p2a: Oinkologne|Oinkologne-F, L92, F|85/100\n|turn|30\n|inactive|Time left: 300 sec this turn | 300 sec total\n|\n|t:|1783555508\n|move|p1a: Tauros|Earthquake|p2a: Oinkologne\n|-damage|p2a: Oinkologne|51/100\n|move|p2a: Oinkologne|Curse|p2a: Oinkologne\n|-unboost|p2a: Oinkologne|spe|1\n|-boost|p2a: Oinkologne|atk|1\n|-boost|p2a: Oinkologne|def|1\n|\n|-heal|p2a: Oinkologne|57/100|[from] item: Leftovers\n|upkeep\n|turn|31\n|inactive|Time left: 300 sec this turn | 300 sec total\n|\n|t:|1783555510\n|switch|p1a: Thundurus|Thundurus, L80, M|258/258\n|move|p2a: Oinkologne|Curse|p2a: Oinkologne\n|-unboost|p2a: Oinkologne|spe|1\n|-boost|p2a: Oinkologne|atk|1\n|-boost|p2a: Oinkologne|def|1\n|\n|-heal|p2a: Oinkologne|63/100|[from] item: Leftovers\n|upkeep\n|turn|32\n|inactive|Time left: 300 sec this turn | 300 sec total\n|\n|t:|1783555511\n|move|p1a: Thundurus|Thunderbolt|p2a: Oinkologne\n|-damage|p2a: Oinkologne|36/100\n|move|p2a: Oinkologne|Rest|p2a: Oinkologne\n|-status|p2a: Oinkologne|slp|[from] move: Rest\n|-heal|p2a: Oinkologne|100/100 slp|[silent]\n|\n|upkeep\n|turn|33\n|inactive|Time left: 300 sec this turn | 300 sec total\n|\n|t:|1783555512\n|switch|p1a: Tauros|Tauros-Paldea-Combat, L82, M|127/257\n|-ability|p1a: Tauros|Intimidate|boost\n|-unboost|p2a: Oinkologne|atk|1\n|cant|p2a: Oinkologne|slp\n|move|p2a: Oinkologne|Sleep Talk|p2a: Oinkologne\n|move|p2a: Oinkologne|Body Slam|p1a: Tauros|[from] move: Sleep Talk\n|-damage|p1a: Tauros|1/257\n|\n|upkeep\n|turn|34\n|inactive|Time left: 300 sec this turn | 300 sec total\n|\n|t:|1783555513\n|move|p1a: Tauros|Close Combat|p2a: Oinkologne\n|-supereffective|p2a: Oinkologne\n|-damage|p2a: Oinkologne|35/100 slp\n|-unboost|p1a: Tauros|def|1\n|-unboost|p1a: Tauros|spd|1\n|cant|p2a: Oinkologne|slp\n|move|p2a: Oinkologne|Sleep Talk|p2a: Oinkologne\n|move|p2a: Oinkologne|Curse|p2a: Oinkologne|[from] move: Sleep Talk\n|-unboost|p2a: Oinkologne|spe|1\n|-boost|p2a: Oinkologne|atk|1\n|-boost|p2a: Oinkologne|def|1\n|\n|-heal|p2a: Oinkologne|41/100 slp|[from] item: Leftovers\n|upkeep\n|turn|35\n|inactive|Time left: 300 sec this turn | 300 sec total\n|\n|t:|1783555514\n|move|p1a: Tauros|Close Combat|p2a: Oinkologne\n|-supereffective|p2a: Oinkologne\n|-damage|p2a: Oinkologne|0 fnt\n|-unboost|p1a: Tauros|def|1\n|-unboost|p1a: Tauros|spd|1\n|faint|p2a: Oinkologne\n|\n|win|p0x13321df8", "uploadtime": 1783555514, "views": 0, "rating": 0, "private": 0, "password": null, "_winner": "p0x13321df8", "_our_name": "p0x13321df8"}