{"id": "battle-gen9randombattle-209", "formatid": "gen9randombattle", "format": "[Gen 9] Random Battle", "players": ["p0x209d280", "p0y2091376"], "log": "|init|battle\n|title|p0x209d280 vs. p0y2091376\n|j|\u2606p0x209d280\n|j|\u2606p0y2091376\n|t:|1783541523\n|gametype|singles\n|player|p1|p0x209d280|170|\n|player|p2|p0y2091376|1|\n|gen|9\n|tier|[Gen 9] Random Battle\n|rule|Species Clause: Limit one of each Pok\u00e9mon\n|rule|HP Percentage Mod: HP is shown in percentages\n|rule|Sleep Clause Mod: Limit one foe put to sleep\n|rule|Illusion Level Mod: Illusion disguises the Pok\u00e9mon's true level\n|\n|t:|1783541523\n|teamsize|p1|6\n|teamsize|p2|6\n|start\n|switch|p1a: Forretress|Forretress, L84, F|100/100\n|switch|p2a: Tauros|Tauros-Paldea-Blaze, L81, M|252/252\n|turn|1\n|inactive|Battle timer is ON: inactive players will automatically lose when time's up. (requested by p0x209d280)\n|inactive|Time left: 300 sec this turn | 300 sec total | 60 sec grace\n|inactive|p0y2091376 also wants the timer to be on.\n|\n|t:|1783541525\n|switch|p1a: Palossand|Palossand, L89, M|100/100\n|move|p2a: Tauros|Raging Bull|p1a: Palossand\n|-crit|p1a: Palossand\n|-damage|p1a: Palossand|58/100\n|\n|-heal|p1a: Palossand|64/100|[from] item: Leftovers\n|upkeep\n|turn|2\n|inactive|Time left: 300 sec this turn | 300 sec total\n|\n|t:|1783541526\n|switch|p2a: Stantler|Stantler, L92, F|284/284\n|-ability|p2a: Stantler|Intimidate|boost\n|-unboost|p1a: Palossand|atk|1\n|move|p1a: Palossand|Earth Power|p2a: Stantler\n|-damage|p2a: Stantler|196/284\n|\n|-heal|p1a: Palossand|70/100|[from] item: Leftovers\n|upkeep\n|turn|3\n|inactive|Time left: 300 sec this turn | 300 sec total\n|\n|t:|1783541527\n|move|p2a: Stantler|Earthquake|p1a: Palossand\n|-damage|p1a: Palossand|46/100\n|move|p1a: Palossand|Sludge Bomb|p2a: Stantler\n|-damage|p2a: Stantler|137/284\n|\n|-heal|p1a: Palossand|52/100|[from] item: Leftovers\n|upkeep\n|turn|4\n|inactive|Time left: 300 sec this turn | 300 sec total\n|\n|t:|1783541528\n|move|p2a: Stantler|Throat Chop|p1a: Palossand\n|-supereffective|p1a: Palossand\n|-damage|p1a: Palossand|19/100\n|-start|p1a: Palossand|Throat Chop|[silent]\n|move|p1a: Palossand|Earth Power|p2a: Stantler\n|-damage|p2a: Stantler|53/284\n|\n|-heal|p1a: Palossand|25/100|[from] item: Leftovers\n|upkeep\n|turn|5\n|inactive|Time left: 300 sec this turn | 300 sec total\n|\n|t:|1783541530\n|switch|p1a: Forretress|Forretress, L84, F|100/100\n|move|p2a: Stantler|Throat Chop|p1a: Forretress\n|-damage|p1a: Forretress|85/100\n|-start|p1a: Forretress|Throat Chop|[silent]\n|\n|-heal|p1a: Forretress|91/100|[from] item: Leftovers\n|upkeep\n|turn|6\n|inactive|Time left: 300 sec this turn | 300 sec total\n|\n|t:|1783541531\n|switch|p2a: Meowstic|Meowstic-F, L89, F|277/277\n|move|p1a: Forretress|Stealth Rock|p2a: Meowstic\n|-sidestart|p2: p0y2091376|move: Stealth Rock\n|\n|-heal|p1a: Forretress|97/100|[from] item: Leftovers\n|-end|p1a: Forretress|Throat Chop|[silent]\n|upkeep\n|turn|7\n|inactive|Time left: 300 sec this turn | 300 sec total\n|\n|t:|1783541531\n|move|p2a: Meowstic|Nasty Plot|p2a: Meowstic\n|-boost|p2a: Meowstic|spa|2\n|move|p1a: Forretress|Rapid Spin|p2a: Meowstic\n|-damage|p2a: Meowstic|240/277\n|-boost|p1a: Forretress|spe|1\n|\n|-heal|p1a: Forretress|100/100|[from] item: Leftovers\n|upkeep\n|turn|8\n|inactive|Time left: 300 sec this turn | 300 sec total\n|\n|t:|1783541532\n|move|p2a: Meowstic|Psychic|p1a: Forretress\n|-resisted|p1a: Forretress\n|-damage|p1a: Forretress|43/100\n|-damage|p2a: Meowstic|213/277|[from] item: Life Orb\n|move|p1a: Forretress|Iron Head|p2a: Meowstic\n|-damage|p2a: Meowstic|126/277\n|\n|-heal|p1a: Forretress|49/100|[from] item: Leftovers\n|upkeep\n|turn|9\n|inactive|Time left: 300 sec this turn | 300 sec total\n|\n|t:|1783541533\n|switch|p1a: Sylveon|Sylveon, L85, M|100/100\n|move|p2a: Meowstic|Psychic|p1a: Sylveon\n|-damage|p1a: Sylveon|42/100\n|-damage|p2a: Meowstic|99/277|[from] item: Life Orb\n|\n|-heal|p1a: Sylveon|48/100|[from] item: Leftovers\n|upkeep\n|turn|10\n|inactive|Time left: 300 sec this turn | 300 sec total\n|\n|t:|1783541534\n|-terastallize|p1a: Sylveon|Steel\n|move|p2a: Meowstic|Psychic|p1a: Sylveon\n|-resisted|p1a: Sylveon\n|-damage|p1a: Sylveon|16/100\n|-damage|p2a: Meowstic|72/277|[from] item: Life Orb\n|move|p1a: Sylveon|Hyper Voice|p2a: Meowstic\n|-damage|p2a: Meowstic|0 fnt\n|faint|p2a: Meowstic\n|\n|-heal|p1a: Sylveon|22/100|[from] item: Leftovers\n|upkeep\n|inactive|Time left: 300 sec this turn | 300 sec total | 5 sec grace\n|\n|t:|1783541535\n|switch|p2a: Tinkaton|Tinkaton, L82, F|274/274\n|-damage|p2a: Tinkaton|257/274|[from] Stealth Rock\n|-ability|p2a: Tinkaton|Mold Breaker\n|turn|11\n|inactive|Time left: 300 sec this turn | 300 sec total\n|\n|t:|1783541536\n|switch|p1a: Forretress|Forretress, L84, F|49/100\n|move|p2a: Tinkaton|Swords Dance|p2a: Tinkaton\n|-boost|p2a: Tinkaton|atk|2\n|\n|-heal|p2a: Tinkaton|274/274|[from] item: Leftovers\n|-heal|p1a: Forretress|55/100|[from] item: Leftovers\n|upkeep\n|turn|12\n|inactive|Time left: 300 sec this turn | 300 sec total\n|\n|t:|1783541537\n|move|p2a: Tinkaton|Gigaton Hammer|p1a: Forretress\n|-resisted|p1a: Forretress\n|-damage|p1a: Forretress|22/100\n|move|p1a: Forretress|Iron Head|p2a: Tinkaton\n|-damage|p2a: Tinkaton|177/274\n|\n|-heal|p2a: Tinkaton|194/274|[from] item: Leftovers\n|-heal|p1a: Forretress|28/100|[from] item: Leftovers\n|upkeep\n|turn|13\n|inactive|Time left: 300 sec this turn | 300 sec total\n|\n|t:|1783541538\n|move|p2a: Tinkaton|Play Rough|p1a: Forretress\n|-resisted|p1a: Forretress\n|-damage|p1a: Forretress|7/100\n|move|p1a: Forretress|Body Press|p2a: Tinkaton\n|-damage|p2a: Tinkaton|113/274\n|\n|-heal|p2a: Tinkaton|130/274|[from] item: Leftovers\n|-heal|p1a: Forretress|13/100|[from] item: Leftovers\n|upkeep\n|turn|14\n|inactive|Time left: 300 sec this turn | 300 sec total\n|\n|t:|1783541539\n|move|p2a: Tinkaton|Play Rough|p1a: Forretress\n|-resisted|p1a: Forretress\n|-damage|p1a: Forretress|0 fnt\n|faint|p1a: Forretress\n|\n|-heal|p2a: Tinkaton|147/274|[from] item: Leftovers\n|upkeep\n|\n|t:|1783541540\n|switch|p1a: Dialga|Dialga-Origin, L73|100/100\n|-ability|p1a: Dialga|Pressure\n|turn|15\n|inactive|Time left: 300 sec this turn | 300 sec total\n|\n|t:|1783541541\n|move|p2a: Tinkaton|Protect|p2a: Tinkaton\n|-singleturn|p2a: Tinkaton|Protect\n|move|p1a: Dialga|Fire Blast|p2a: Tinkaton\n|-activate|p2a: Tinkaton|move: Protect\n|\n|-heal|p2a: Tinkaton|164/274|[from] item: Leftovers\n|upkeep\n|turn|16\n|inactive|Time left: 300 sec this turn | 300 sec total\n|\n|t:|1783541542\n|move|p2a: Tinkaton|Play Rough|p1a: Dialga\n|-damage|p1a: Dialga|50/100\n|move|p1a: Dialga|Fire Blast|p2a: Tinkaton\n|-supereffective|p2a: Tinkaton\n|-damage|p2a: Tinkaton|8/274\n|\n|-heal|p2a: Tinkaton|25/274|[from] item: Leftovers\n|upkeep\n|turn|17\n|inactive|Time left: 300 sec this turn | 300 sec total\n|\n|t:|1783541543\n|move|p2a: Tinkaton|Play Rough|p1a: Dialga\n|-damage|p1a: Dialga|2/100\n|move|p1a: Dialga|Flash Cannon|p2a: Tinkaton\n|-damage|p2a: Tinkaton|0 fnt\n|faint|p2a: Tinkaton\n|\n|upkeep\n|inactive|Time left: 300 sec this turn | 300 sec total | 5 sec grace\n|\n|t:|1783541544\n|switch|p2a: Stantler|Stantler, L92, F|53/284\n|-damage|p2a: Stantler|18/284|[from] Stealth Rock\n|-ability|p2a: Stantler|Intimidate|boost\n|-unboost|p1a: Dialga|atk|1\n|turn|18\n|inactive|Time left: 300 sec this turn | 300 sec total\n|\n|t:|1783541545\n|switch|p1a: Slither Wing|Slither Wing, L81|100/100\n|move|p2a: Stantler|Body Slam|p1a: Slither Wing\n|-damage|p1a: Slither Wing|55/100\n|\n|upkeep\n|turn|19\n|inactive|Time left: 300 sec this turn | 300 sec total\n|\n|t:|1783541546\n|move|p2a: Stantler|Body Slam|p1a: Slither Wing\n|-damage|p1a: Slither Wing|15/100\n|-status|p1a: Slither Wing|par\n|move|p1a: Slither Wing|Morning Sun|p1a: Slither Wing\n|-heal|p1a: Slither Wing|65/100 par\n|\n|upkeep\n|turn|20\n|inactive|Time left: 300 sec this turn | 300 sec total\n|\n|t:|1783541548\n|move|p2a: Stantler|Body Slam|p1a: Slither Wing\n|-damage|p1a: Slither Wing|25/100 par\n|move|p1a: Slither Wing|U-turn|p2a: Stantler\n|-damage|p2a: Stantler|0 fnt\n|faint|p2a: Stantler\n|\n|t:|1783541549\n|-end|p1a: Slither Wing|Protosynthesis|[silent]\n|switch|p1a: Sylveon|Sylveon, L85, M, tera:Steel|22/100|[from] U-turn\n|\n|-heal|p1a: Sylveon|28/100|[from] item: Leftovers\n|upkeep\n|inactive|Time left: 300 sec this turn | 300 sec total | 10 sec grace\n|\n|t:|1783541550\n|switch|p2a: Tauros|Tauros-Paldea-Blaze, L81, M|252/252\n|-damage|p2a: Tauros|221/252|[from] Stealth Rock\n|turn|21\n|inactive|Time left: 300 sec this turn | 300 sec total\n|\n|t:|1783541551\n|move|p1a: Sylveon|Protect|p1a: Sylveon\n|-singleturn|p1a: Sylveon|Protect\n|move|p2a: Tauros|Raging Bull|p1a: Sylveon\n|-activate|p1a: Sylveon|move: Protect\n|\n|-heal|p1a: Sylveon|34/100|[from] item: Leftovers\n|upkeep\n|turn|22\n|inactive|Time left: 300 sec this turn | 300 sec total\n|\n|t:|1783541551\n|switch|p1a: Lycanroc|Lycanroc-Midnight, L89, M|100/100\n|move|p2a: Tauros|Raging Bull|p1a: Lycanroc\n|-resisted|p1a: Lycanroc\n|-damage|p1a: Lycanroc|83/100\n|\n|upkeep\n|turn|23\n|inactive|Time left: 300 sec this turn | 300 sec total\n|\n|t:|1783541552\n|switch|p1a: Palossand|Palossand, L89, M|25/100\n|move|p2a: Tauros|Bulk Up|p2a: Tauros\n|-boost|p2a: Tauros|atk|1\n|-boost|p2a: Tauros|def|1\n|\n|-heal|p1a: Palossand|31/100|[from] item: Leftovers\n|upkeep\n|turn|24\n|inactive|Time left: 300 sec this turn | 300 sec total\n|\n|t:|1783541553\n|switch|p1a: Dialga|Dialga-Origin, L73|2/100\n|-ability|p1a: Dialga|Pressure\n|move|p2a: Tauros|Raging Bull|p1a: Dialga\n|-damage|p1a: Dialga|0 fnt\n|faint|p1a: Dialga\n|\n|upkeep\n|\n|t:|1783541554\n|switch|p1a: Sylveon|Sylveon, L85, M, tera:Steel|34/100\n|turn|25\n|inactive|Time left: 300 sec this turn | 300 sec total\n|\n|t:|1783541555\n|move|p1a: Sylveon|Protect|p1a: Sylveon\n|-singleturn|p1a: Sylveon|Protect\n|move|p2a: Tauros|Raging Bull|p1a: Sylveon\n|-activate|p1a: Sylveon|move: Protect\n|\n|-heal|p1a: Sylveon|40/100|[from] item: Leftovers\n|upkeep\n|turn|26\n|inactive|Time left: 300 sec this turn | 300 sec total\n|\n|t:|1783541556\n|switch|p1a: Lycanroc|Lycanroc-Midnight, L89, M|83/100\n|move|p2a: Tauros|Raging Bull|p1a: Lycanroc\n|-resisted|p1a: Lycanroc\n|-damage|p1a: Lycanroc|58/100\n|\n|upkeep\n|turn|27\n|inactive|Time left: 300 sec this turn | 300 sec total\n|\n|t:|1783541557\n|switch|p1a: Palossand|Palossand, L89, M|31/100\n|move|p2a: Tauros|Raging Bull|p1a: Palossand\n|-damage|p1a: Palossand|0 fnt\n|faint|p1a: Palossand\n|\n|upkeep\n|\n|t:|1783541558\n|switch|p1a: Lycanroc|Lycanroc-Midnight, L89, M|58/100\n|turn|28\n|inactive|Time left: 300 sec this turn | 300 sec total\n|\n|t:|1783541560\n|switch|p1a: Slither Wing|Slither Wing, L81|25/100 par\n|move|p2a: Tauros|Close Combat|p1a: Slither Wing\n|-resisted|p1a: Slither Wing\n|-damage|p1a: Slither Wing|0 fnt\n|-unboost|p2a: Tauros|def|1\n|-unboost|p2a: Tauros|spd|1\n|faint|p1a: Slither Wing\n|-end|p1a: Slither Wing|Protosynthesis|[silent]\n|\n|upkeep\n|\n|t:|1783541561\n|switch|p1a: Sylveon|Sylveon, L85, M, tera:Steel|40/100\n|turn|29\n|inactive|Time left: 300 sec this turn | 300 sec total\n|\n|t:|1783541562\n|move|p1a: Sylveon|Protect|p1a: Sylveon\n|-singleturn|p1a: Sylveon|Protect\n|move|p2a: Tauros|Close Combat|p1a: Sylveon\n|-activate|p1a: Sylveon|move: Protect\n|\n|-heal|p1a: Sylveon|46/100|[from] item: Leftovers\n|upkeep\n|turn|30\n|inactive|Time left: 300 sec this turn | 300 sec total\n|\n|t:|1783541563\n|move|p1a: Sylveon|Protect||[still]\n|-fail|p1a: Sylveon\n|move|p2a: Tauros|Close Combat|p1a: Sylveon\n|-supereffective|p1a: Sylveon\n|-damage|p1a: Sylveon|0 fnt\n|-unboost|p2a: Tauros|def|1\n|-unboost|p2a: Tauros|spd|1\n|faint|p1a: Sylveon\n|\n|upkeep\n|\n|t:|1783541563\n|switch|p1a: Lycanroc|Lycanroc-Midnight, L89, M|58/100\n|turn|31\n|inactive|Time left: 300 sec this turn | 300 sec total\n|\n|t:|1783541564\n|move|p2a: Tauros|Close Combat|p1a: Lycanroc\n|-supereffective|p1a: Lycanroc\n|-damage|p1a: Lycanroc|0 fnt\n|-unboost|p2a: Tauros|def|1\n|-unboost|p2a: Tauros|spd|1\n|faint|p1a: Lycanroc\n|\n|win|p0y2091376", "uploadtime": 1783541564, "views": 0, "rating": 0, "private": 0, "password": null, "_winner": "p0y2091376", "_our_name": "p0y2091376"}