{"id": "battle-gen9randombattle-394", "formatid": "gen9randombattle", "format": "[Gen 9] Random Battle", "players": ["p0x39460b5", "p0y3940f3f"], "log": "|init|battle\n|title|p0x39460b5 vs. p0y3940f3f\n|j|\u2606p0x39460b5\n|j|\u2606p0y3940f3f\n|t:|1783544253\n|gametype|singles\n|player|p1|p0x39460b5|2|\n|player|p2|p0y3940f3f|102|\n|gen|9\n|tier|[Gen 9] Random Battle\n|rule|Species Clause: Limit one of each Pok\u00e9mon\n|rule|HP Percentage Mod: HP is shown in percentages\n|rule|Sleep Clause Mod: Limit one foe put to sleep\n|rule|Illusion Level Mod: Illusion disguises the Pok\u00e9mon's true level\n|\n|t:|1783544253\n|teamsize|p1|6\n|teamsize|p2|6\n|start\n|switch|p1a: Scream Tail|Scream Tail, L84|330/330\n|switch|p2a: Crawdaunt|Crawdaunt, L84, M|100/100\n|turn|1\n|inactive|Battle timer is ON: inactive players will automatically lose when time's up. (requested by p0y3940f3f)\n|inactive|Time left: 300 sec this turn | 300 sec total | 60 sec grace\n|inactive|p0x39460b5 also wants the timer to be on.\n|\n|t:|1783544255\n|move|p1a: Scream Tail|Dazzling Gleam|p2a: Crawdaunt\n|-supereffective|p2a: Crawdaunt\n|-damage|p2a: Crawdaunt|26/100\n|move|p2a: Crawdaunt|Dragon Dance|p2a: Crawdaunt\n|-boost|p2a: Crawdaunt|atk|1\n|-boost|p2a: Crawdaunt|spe|1\n|\n|upkeep\n|turn|2\n|inactive|Time left: 300 sec this turn | 300 sec total\n|\n|t:|1783544257\n|move|p1a: Scream Tail|Dazzling Gleam|p2a: Crawdaunt\n|-supereffective|p2a: Crawdaunt\n|-damage|p2a: Crawdaunt|0 fnt\n|faint|p2a: Crawdaunt\n|\n|upkeep\n|\n|t:|1783544258\n|switch|p2a: Ogerpon|Ogerpon-Hearthflame, L74, F|100/100\n|-ability|p2a: Ogerpon|Mold Breaker\n|turn|3\n|inactive|Time left: 300 sec this turn | 300 sec total\n|\n|t:|1783544259\n|-end|p1a: Scream Tail|Protosynthesis|[silent]\n|switch|p1a: Diancie|Diancie, L82|216/216\n|move|p2a: Ogerpon|Swords Dance|p2a: Ogerpon\n|-boost|p2a: Ogerpon|atk|2\n|\n|upkeep\n|turn|4\n|inactive|Time left: 300 sec this turn | 300 sec total\n|\n|t:|1783544260\n|-terastallize|p1a: Diancie|Fighting\n|move|p2a: Ogerpon|Horn Leech|p1a: Diancie\n|-damage|p1a: Diancie|90/216\n|move|p1a: Diancie|Diamond Storm|p2a: Ogerpon\n|-supereffective|p2a: Ogerpon\n|-damage|p2a: Ogerpon|0 fnt\n|faint|p2a: Ogerpon\n|\n|-heal|p1a: Diancie|103/216|[from] item: Leftovers\n|upkeep\n|\n|t:|1783544261\n|switch|p2a: Munkidori|Munkidori, L79, M|100/100\n|turn|5\n|inactive|Time left: 300 sec this turn | 300 sec total\n|\n|t:|1783544263\n|switch|p1a: Scream Tail|Scream Tail, L84|330/330\n|move|p2a: Munkidori|Sludge Wave|p1a: Scream Tail\n|-supereffective|p1a: Scream Tail\n|-crit|p1a: Scream Tail\n|-damage|p1a: Scream Tail|0 fnt\n|faint|p1a: Scream Tail\n|-end|p1a: Scream Tail|Protosynthesis|[silent]\n|\n|upkeep\n|inactive|Time left: 300 sec this turn | 300 sec total | 5 sec grace\n|\n|t:|1783544264\n|switch|p1a: Polteageist|Polteageist-Antique, L78|222/222\n|turn|6\n|inactive|Time left: 300 sec this turn | 300 sec total\n|\n|t:|1783544265\n|move|p2a: Munkidori|Sludge Wave|p1a: Polteageist\n|-resisted|p1a: Polteageist\n|-damage|p1a: Polteageist|149/222\n|-start|p2a: Munkidori|Disable|Sludge Wave|[from] ability: Cursed Body|[of] p1a: Polteageist\n|move|p1a: Polteageist|Shell Smash|p1a: Polteageist\n|-unboost|p1a: Polteageist|def|1\n|-unboost|p1a: Polteageist|spd|1\n|-boost|p1a: Polteageist|atk|2\n|-boost|p1a: Polteageist|spa|2\n|-boost|p1a: Polteageist|spe|2\n|-enditem|p1a: Polteageist|White Herb\n|-clearnegativeboost|p1a: Polteageist|[silent]\n|\n|upkeep\n|turn|7\n|inactive|Time left: 300 sec this turn | 300 sec total\n|\n|t:|1783544266\n|switch|p2a: Dipplin|Dipplin, L88, F|100/100\n|move|p1a: Polteageist|Shadow Ball|p2a: Dipplin\n|-damage|p2a: Dipplin|56/100\n|\n|upkeep\n|turn|8\n|inactive|Time left: 300 sec this turn | 300 sec total\n|\n|t:|1783544267\n|move|p1a: Polteageist|Shadow Ball|p2a: Dipplin\n|-damage|p2a: Dipplin|13/100\n|move|p2a: Dipplin|Dragon Tail|p1a: Polteageist|[miss]\n|-miss|p2a: Dipplin|p1a: Polteageist\n|\n|upkeep\n|turn|9\n|inactive|Time left: 300 sec this turn | 300 sec total\n|\n|t:|1783544268\n|move|p1a: Polteageist|Stored Power|p2a: Dipplin\n|-damage|p2a: Dipplin|0 fnt\n|faint|p2a: Dipplin\n|\n|upkeep\n|\n|t:|1783544269\n|switch|p2a: Solgaleo|Solgaleo, L74|100/100\n|turn|10\n|inactive|Time left: 300 sec this turn | 300 sec total\n|\n|t:|1783544270\n|-terastallize|p2a: Solgaleo|Dark\n|move|p1a: Polteageist|Shadow Ball|p2a: Solgaleo\n|-resisted|p2a: Solgaleo\n|-damage|p2a: Solgaleo|68/100\n|move|p2a: Solgaleo|Knock Off|p1a: Polteageist\n|-supereffective|p1a: Polteageist\n|-damage|p1a: Polteageist|0 fnt\n|faint|p1a: Polteageist\n|\n|upkeep\n|inactive|Time left: 300 sec this turn | 300 sec total | 5 sec grace\n|\n|t:|1783544271\n|switch|p1a: Diancie|Diancie, L82, tera:Fighting|103/216\n|turn|11\n|inactive|Time left: 300 sec this turn | 300 sec total\n|\n|t:|1783544272\n|switch|p2a: Munkidori|Munkidori, L79, M|100/100\n|move|p1a: Diancie|Body Press|p2a: Munkidori\n|-resisted|p2a: Munkidori\n|-damage|p2a: Munkidori|88/100\n|\n|-heal|p1a: Diancie|116/216|[from] item: Leftovers\n|upkeep\n|turn|12\n|inactive|Time left: 300 sec this turn | 300 sec total\n|\n|t:|1783544273\n|switch|p1a: Bruxish|Bruxish, L85, F|254/254\n|move|p2a: Munkidori|Psyshock|p1a: Bruxish\n|-resisted|p1a: Bruxish\n|-damage|p1a: Bruxish|172/254\n|\n|upkeep\n|turn|13\n|inactive|Time left: 300 sec this turn | 300 sec total\n|\n|t:|1783544274\n|switch|p2a: Solgaleo|Solgaleo, L74, tera:Dark|68/100\n|move|p1a: Bruxish|Wave Crash|p2a: Solgaleo\n|-crit|p2a: Solgaleo\n|-damage|p2a: Solgaleo|0 fnt\n|faint|p2a: Solgaleo\n|-damage|p1a: Bruxish|99/254|[from] Recoil\n|\n|upkeep\n|\n|t:|1783544275\n|switch|p2a: Munkidori|Munkidori, L79, M|88/100\n|turn|14\n|inactive|Time left: 300 sec this turn | 300 sec total\n|\n|t:|1783544276\n|switch|p1a: Flamigo|Flamigo, L82, M|269/269\n|move|p2a: Munkidori|Sludge Wave|p1a: Flamigo\n|-damage|p1a: Flamigo|44/269\n|-status|p1a: Flamigo|tox|[from] ability: Toxic Chain|[of] p2a: Munkidori\n|\n|-damage|p1a: Flamigo|28/269 tox|[from] psn\n|upkeep\n|turn|15\n|inactive|Time left: 300 sec this turn | 300 sec total\n|\n|t:|1783544277\n|move|p1a: Flamigo|Brave Bird|p2a: Munkidori\n|-damage|p2a: Munkidori|27/100\n|-damage|p1a: Flamigo|0 fnt|[from] Recoil\n|faint|p1a: Flamigo\n|move|p2a: Munkidori|Sludge Wave|p1: Flamigo|[notarget]\n|-fail|p2a: Munkidori\n|\n|upkeep\n|inactive|Time left: 300 sec this turn | 300 sec total | 5 sec grace\n|\n|t:|1783544278\n|switch|p1a: Tornadus|Tornadus, L82, M|263/263\n|turn|16\n|inactive|Time left: 300 sec this turn | 300 sec total\n|\n|t:|1783544279\n|move|p1a: Tornadus|Bleakwind Storm|p2a: Munkidori\n|-damage|p2a: Munkidori|0 fnt\n|faint|p2a: Munkidori\n|\n|upkeep\n|\n|t:|1783544280\n|switch|p2a: Froslass|Froslass, L87, F|100/100\n|turn|17\n|inactive|Time left: 300 sec this turn | 300 sec total\n|\n|t:|1783544281\n|move|p2a: Froslass|Triple Axel|p1a: Tornadus\n|-supereffective|p1a: Tornadus\n|-damage|p1a: Tornadus|213/263\n|-supereffective|p1a: Tornadus\n|-damage|p1a: Tornadus|115/263\n|-supereffective|p1a: Tornadus\n|-damage|p1a: Tornadus|0 fnt\n|faint|p1a: Tornadus\n|-hitcount|p1: Tornadus|3\n|\n|upkeep\n|inactive|Time left: 300 sec this turn | 300 sec total | 5 sec grace\n|\n|t:|1783544281\n|switch|p1a: Diancie|Diancie, L82, tera:Fighting|116/216\n|turn|18\n|inactive|Time left: 300 sec this turn | 300 sec total\n|\n|t:|1783544282\n|move|p2a: Froslass|Will-O-Wisp|p1a: Diancie\n|-status|p1a: Diancie|brn\n|move|p1a: Diancie|Diamond Storm|p2a: Froslass\n|-supereffective|p2a: Froslass\n|-damage|p2a: Froslass|53/100\n|-boost|p1a: Diancie|def|2\n|\n|-heal|p1a: Diancie|129/216 brn|[from] item: Leftovers\n|-damage|p1a: Diancie|116/216 brn|[from] brn\n|upkeep\n|turn|19\n|inactive|Time left: 300 sec this turn | 300 sec total\n|\n|t:|1783544283\n|move|p2a: Froslass|Triple Axel|p1a: Diancie\n|-damage|p1a: Diancie|109/216 brn\n|-damage|p1a: Diancie|96/216 brn\n|-damage|p1a: Diancie|75/216 brn\n|-hitcount|p1a: Diancie|3\n|move|p1a: Diancie|Moonblast|p2a: Froslass\n|-damage|p2a: Froslass|10/100\n|-unboost|p2a: Froslass|spa|1\n|\n|-heal|p1a: Diancie|88/216 brn|[from] item: Leftovers\n|-damage|p1a: Diancie|75/216 brn|[from] brn\n|upkeep\n|turn|20\n|inactive|Time left: 300 sec this turn | 300 sec total\n|\n|t:|1783544284\n|move|p2a: Froslass|Triple Axel|p1a: Diancie\n|-damage|p1a: Diancie|68/216 brn\n|-damage|p1a: Diancie|55/216 brn\n|-damage|p1a: Diancie|33/216 brn\n|-hitcount|p1a: Diancie|3\n|move|p1a: Diancie|Moonblast|p2a: Froslass\n|-damage|p2a: Froslass|0 fnt\n|-start|p1a: Diancie|Disable|Moonblast|[from] ability: Cursed Body|[of] p2a: Froslass\n|faint|p2a: Froslass\n|\n|win|p0x39460b5", "uploadtime": 1783544284, "views": 0, "rating": 0, "private": 0, "password": null, "_winner": "p0x39460b5", "_our_name": "p0x39460b5"}