{"id": "battle-gen9randombattle-2494", "formatid": "gen9randombattle", "format": "[Gen 9] Random Battle", "players": ["p0x2494ad0c", "p0y249492a9"], "log": "|init|battle\n|title|p0x2494ad0c vs. p0y249492a9\n|j|\u2606p0x2494ad0c\n|j|\u2606p0y249492a9\n|t:|1783568918\n|gametype|singles\n|player|p1|p0x2494ad0c|266|\n|player|p2|p0y249492a9|169|\n|gen|9\n|tier|[Gen 9] Random Battle\n|rule|Species Clause: Limit one of each Pok\u00e9mon\n|rule|HP Percentage Mod: HP is shown in percentages\n|rule|Sleep Clause Mod: Limit one foe put to sleep\n|rule|Illusion Level Mod: Illusion disguises the Pok\u00e9mon's true level\n|\n|t:|1783568918\n|teamsize|p1|6\n|teamsize|p2|6\n|start\n|switch|p1a: Dipplin|Dipplin, L88, M|100/100\n|switch|p2a: Flutter Mane|Flutter Mane, L74|203/203\n|turn|1\n|inactive|Battle timer is ON: inactive players will automatically lose when time's up. (requested by p0x2494ad0c)\n|inactive|Time left: 300 sec this turn | 300 sec total | 60 sec grace\n|inactive|p0y249492a9 also wants the timer to be on.\n|\n|t:|1783568920\n|move|p2a: Flutter Mane|Calm Mind|p2a: Flutter Mane\n|-boost|p2a: Flutter Mane|spa|1\n|-boost|p2a: Flutter Mane|spd|1\n|move|p1a: Dipplin|Giga Drain|p2a: Flutter Mane\n|-damage|p2a: Flutter Mane|155/203\n|\n|upkeep\n|turn|2\n|inactive|Time left: 300 sec this turn | 300 sec total\n|\n|t:|1783568921\n|move|p2a: Flutter Mane|Moonblast|p1a: Dipplin\n|-supereffective|p1a: Dipplin\n|-damage|p1a: Dipplin|2/100\n|-damage|p2a: Flutter Mane|135/203|[from] item: Life Orb\n|move|p1a: Dipplin|Recover|p1a: Dipplin\n|-heal|p1a: Dipplin|52/100\n|\n|upkeep\n|turn|3\n|inactive|Time left: 300 sec this turn | 300 sec total\n|\n|t:|1783568922\n|move|p2a: Flutter Mane|Moonblast|p1a: Dipplin\n|-supereffective|p1a: Dipplin\n|-damage|p1a: Dipplin|0 fnt\n|faint|p1a: Dipplin\n|-damage|p2a: Flutter Mane|115/203|[from] item: Life Orb\n|\n|upkeep\n|\n|t:|1783568923\n|switch|p1a: Golem|Golem, L87, M|100/100\n|turn|4\n|inactive|Time left: 300 sec this turn | 300 sec total\n|\n|t:|1783568924\n|move|p2a: Flutter Mane|Shadow Ball|p1a: Golem\n|-crit|p1a: Golem\n|-damage|p1a: Golem|2/100\n|-damage|p2a: Flutter Mane|95/203|[from] item: Life Orb\n|move|p1a: Golem|Earthquake|p2a: Flutter Mane\n|-damage|p2a: Flutter Mane|0 fnt\n|faint|p2a: Flutter Mane\n|-end|p2a: Flutter Mane|Protosynthesis|[silent]\n|\n|upkeep\n|inactive|Time left: 300 sec this turn | 300 sec total | 5 sec grace\n|\n|t:|1783568925\n|switch|p2a: Serperior|Serperior, L79, M|248/248\n|turn|5\n|inactive|Time left: 300 sec this turn | 300 sec total\n|\n|t:|1783568926\n|switch|p1a: Delphox|Delphox, L84, F|100/100\n|move|p2a: Serperior|Leaf Storm|p1a: Delphox|[miss]\n|-miss|p2a: Serperior|p1a: Delphox\n|\n|upkeep\n|turn|6\n|inactive|Time left: 300 sec this turn | 300 sec total\n|\n|t:|1783568928\n|switch|p2a: Alcremie|Alcremie-Mint-Cream, L90, F|263/263\n|move|p1a: Delphox|Fire Blast|p2a: Alcremie\n|-damage|p2a: Alcremie|122/263\n|\n|-heal|p2a: Alcremie|138/263|[from] item: Leftovers\n|upkeep\n|turn|7\n|inactive|Time left: 300 sec this turn | 300 sec total\n|\n|t:|1783568929\n|move|p1a: Delphox|Fire Blast|p2a: Alcremie\n|-damage|p2a: Alcremie|0 fnt\n|faint|p2a: Alcremie\n|\n|upkeep\n|inactive|Time left: 300 sec this turn | 300 sec total | 5 sec grace\n|\n|t:|1783568930\n|switch|p2a: Raging Bolt|Raging Bolt, L78|323/323\n|turn|8\n|inactive|Time left: 300 sec this turn | 300 sec total\n|\n|t:|1783568931\n|move|p1a: Delphox|Fire Blast|p2a: Raging Bolt\n|-resisted|p2a: Raging Bolt\n|-damage|p2a: Raging Bolt|224/323\n|-status|p2a: Raging Bolt|brn\n|move|p2a: Raging Bolt|Calm Mind|p2a: Raging Bolt\n|-boost|p2a: Raging Bolt|spa|1\n|-boost|p2a: Raging Bolt|spd|1\n|\n|-heal|p2a: Raging Bolt|244/323 brn|[from] item: Leftovers\n|-damage|p2a: Raging Bolt|224/323 brn|[from] brn\n|upkeep\n|turn|9\n|inactive|Time left: 300 sec this turn | 300 sec total\n|\n|t:|1783568932\n|switch|p1a: Golem|Golem, L87, M|2/100\n|move|p2a: Raging Bolt|Thunderbolt|p1a: Golem\n|-immune|p1a: Golem\n|\n|-heal|p2a: Raging Bolt|244/323 brn|[from] item: Leftovers\n|-damage|p2a: Raging Bolt|224/323 brn|[from] brn\n|upkeep\n|turn|10\n|inactive|Time left: 300 sec this turn | 300 sec total\n|\n|t:|1783568933\n|move|p2a: Raging Bolt|Draco Meteor|p1a: Golem\n|-damage|p1a: Golem|0 fnt\n|-unboost|p2a: Raging Bolt|spa|2\n|faint|p1a: Golem\n|\n|-heal|p2a: Raging Bolt|244/323 brn|[from] item: Leftovers\n|-damage|p2a: Raging Bolt|224/323 brn|[from] brn\n|upkeep\n|\n|t:|1783568934\n|switch|p1a: Falinks|Falinks, L84|100/100\n|turn|11\n|inactive|Time left: 300 sec this turn | 300 sec total\n|\n|t:|1783568935\n|move|p1a: Falinks|No Retreat|p1a: Falinks\n|-boost|p1a: Falinks|atk|1\n|-boost|p1a: Falinks|def|1\n|-boost|p1a: Falinks|spa|1\n|-boost|p1a: Falinks|spd|1\n|-boost|p1a: Falinks|spe|1\n|-start|p1a: Falinks|move: No Retreat\n|move|p2a: Raging Bolt|Thunderbolt|p1a: Falinks\n|-damage|p1a: Falinks|72/100\n|\n|-heal|p2a: Raging Bolt|244/323 brn|[from] item: Leftovers\n|-damage|p2a: Raging Bolt|224/323 brn|[from] brn\n|upkeep\n|turn|12\n|inactive|Time left: 300 sec this turn | 300 sec total\n|\n|t:|1783568936\n|move|p1a: Falinks|Close Combat|p2a: Raging Bolt\n|-damage|p2a: Raging Bolt|0 fnt\n|-unboost|p1a: Falinks|def|1\n|-unboost|p1a: Falinks|spd|1\n|faint|p2a: Raging Bolt\n|-end|p2a: Raging Bolt|Protosynthesis|[silent]\n|-damage|p1a: Falinks|63/100|[from] item: Life Orb\n|\n|upkeep\n|inactive|Time left: 300 sec this turn | 300 sec total | 5 sec grace\n|\n|t:|1783568937\n|switch|p2a: Regieleki|Regieleki, L79|256/256\n|turn|13\n|inactive|Time left: 300 sec this turn | 300 sec total\n|\n|t:|1783568938\n|move|p2a: Regieleki|Thunderbolt|p1a: Falinks\n|-damage|p1a: Falinks|0 fnt\n|faint|p1a: Falinks\n|\n|upkeep\n|\n|t:|1783568939\n|switch|p1a: Delphox|Delphox, L84, F|100/100\n|turn|14\n|inactive|Time left: 300 sec this turn | 300 sec total\n|\n|t:|1783568940\n|move|p2a: Regieleki|Thunderbolt|p1a: Delphox\n|-damage|p1a: Delphox|57/100\n|move|p1a: Delphox|Fire Blast|p2a: Regieleki\n|-damage|p2a: Regieleki|0 fnt\n|faint|p2a: Regieleki\n|\n|upkeep\n|inactive|Time left: 300 sec this turn | 300 sec total | 5 sec grace\n|\n|t:|1783568941\n|switch|p2a: Serperior|Serperior, L79, M|248/248\n|turn|15\n|inactive|Time left: 300 sec this turn | 300 sec total\n|\n|t:|1783568942\n|-terastallize|p2a: Serperior|Water\n|move|p2a: Serperior|Leaf Storm|p1a: Delphox\n|-resisted|p1a: Delphox\n|-damage|p1a: Delphox|34/100\n|-boost|p2a: Serperior|spa|2\n|-damage|p2a: Serperior|224/248|[from] item: Life Orb\n|move|p1a: Delphox|Fire Blast|p2a: Serperior\n|-resisted|p2a: Serperior\n|-damage|p2a: Serperior|123/248\n|\n|upkeep\n|turn|16\n|inactive|Time left: 300 sec this turn | 300 sec total\n|\n|t:|1783568943\n|move|p2a: Serperior|Synthesis|p2a: Serperior\n|-heal|p2a: Serperior|247/248\n|move|p1a: Delphox|Fire Blast|p2a: Serperior\n|-resisted|p2a: Serperior\n|-damage|p2a: Serperior|150/248\n|-status|p2a: Serperior|brn\n|\n|-damage|p2a: Serperior|135/248 brn|[from] brn\n|upkeep\n|turn|17\n|inactive|Time left: 300 sec this turn | 300 sec total\n|\n|t:|1783568944\n|move|p2a: Serperior|Leaf Storm|p1a: Delphox|[miss]\n|-miss|p2a: Serperior|p1a: Delphox\n|move|p1a: Delphox|Fire Blast|p2a: Serperior\n|-resisted|p2a: Serperior\n|-damage|p2a: Serperior|32/248 brn\n|\n|-damage|p2a: Serperior|17/248 brn|[from] brn\n|upkeep\n|turn|18\n|inactive|Time left: 300 sec this turn | 300 sec total\n|\n|t:|1783568945\n|move|p2a: Serperior|Synthesis|p2a: Serperior\n|-heal|p2a: Serperior|141/248 brn\n|move|p1a: Delphox|Fire Blast|p2a: Serperior\n|-resisted|p2a: Serperior\n|-damage|p2a: Serperior|40/248 brn\n|\n|-damage|p2a: Serperior|25/248 brn|[from] brn\n|upkeep\n|turn|19\n|inactive|Time left: 300 sec this turn | 300 sec total\n|\n|t:|1783568946\n|switch|p1a: Rotom|Rotom-Frost, L87|100/100\n|move|p2a: Serperior|Synthesis|p2a: Serperior\n|-heal|p2a: Serperior|149/248 brn\n|\n|-damage|p2a: Serperior|134/248 brn|[from] brn\n|upkeep\n|turn|20\n|inactive|Time left: 300 sec this turn | 300 sec total\n|\n|t:|1783568946\n|move|p2a: Serperior|Leaf Storm|p1a: Rotom\n|-damage|p1a: Rotom|8/100\n|-boost|p2a: Serperior|spa|2\n|-damage|p2a: Serperior|110/248 brn|[from] item: Life Orb\n|move|p1a: Rotom|Thunderbolt|p2a: Serperior\n|-supereffective|p2a: Serperior\n|-damage|p2a: Serperior|0 fnt\n|faint|p2a: Serperior\n|\n|upkeep\n|inactive|Time left: 300 sec this turn | 300 sec total | 5 sec grace\n|\n|t:|1783568947\n|switch|p2a: Kingambit|Kingambit, L74, M|270/270\n|-activate|p2a: Kingambit|ability: Supreme Overlord\n|-start|p2a: Kingambit|fallen5|[silent]\n|turn|21\n|inactive|Time left: 300 sec this turn | 300 sec total\n|\n|t:|1783568948\n|-terastallize|p1a: Rotom|Electric\n|move|p1a: Rotom|Nasty Plot|p1a: Rotom\n|-boost|p1a: Rotom|spa|2\n|move|p2a: Kingambit|Swords Dance|p2a: Kingambit\n|-boost|p2a: Kingambit|atk|2\n|\n|upkeep\n|turn|22\n|inactive|Time left: 300 sec this turn | 300 sec total\n|\n|t:|1783568949\n|move|p2a: Kingambit|Sucker Punch|p1a: Rotom\n|-damage|p1a: Rotom|0 fnt\n|faint|p1a: Rotom\n|\n|upkeep\n|\n|t:|1783568950\n|switch|p1a: Ursaring|Ursaring, L84, F|100/100\n|turn|23\n|inactive|Time left: 300 sec this turn | 300 sec total\n|\n|t:|1783568950\n|move|p2a: Kingambit|Sucker Punch|p1a: Ursaring\n|-damage|p1a: Ursaring|14/100\n|move|p1a: Ursaring|Close Combat|p2a: Kingambit\n|-supereffective|p2a: Kingambit\n|-damage|p2a: Kingambit|0 fnt\n|-unboost|p1a: Ursaring|def|1\n|-unboost|p1a: Ursaring|spd|1\n|faint|p2a: Kingambit\n|-end|p2a: Kingambit|fallen5|[silent]\n|\n|win|p0x2494ad0c", "uploadtime": 1783568950, "views": 0, "rating": 0, "private": 0, "password": null, "_winner": "p0x2494ad0c", "_our_name": "p0y249492a9"}