{"id": "battle-gen9randombattle-351", "formatid": "gen9randombattle", "format": "[Gen 9] Random Battle", "players": ["p0x351c137", "p0y3518e6e"], "log": "|init|battle\n|title|p0x351c137 vs. p0y3518e6e\n|j|\u2606p0x351c137\n|j|\u2606p0y3518e6e\n|t:|1783543713\n|gametype|singles\n|player|p1|p0x351c137|266|\n|player|p2|p0y3518e6e|2|\n|gen|9\n|tier|[Gen 9] Random Battle\n|rule|Species Clause: Limit one of each Pok\u00e9mon\n|rule|HP Percentage Mod: HP is shown in percentages\n|rule|Sleep Clause Mod: Limit one foe put to sleep\n|rule|Illusion Level Mod: Illusion disguises the Pok\u00e9mon's true level\n|\n|t:|1783543713\n|teamsize|p1|6\n|teamsize|p2|6\n|start\n|switch|p1a: Plusle|Plusle, L95, M|268/268\n|switch|p2a: Whiscash|Whiscash, L88, M|100/100\n|turn|1\n|inactive|Battle timer is ON: inactive players will automatically lose when time's up. (requested by p0x351c137)\n|inactive|p0y3518e6e also wants the timer to be on.\n|\n|t:|1783543715\n|switch|p1a: Misdreavus|Misdreavus, L90, F|254/254\n|move|p2a: Whiscash|Earthquake|p1a: Misdreavus\n|-immune|p1a: Misdreavus|[from] ability: Levitate\n|\n|upkeep\n|turn|2\n|inactive|Time left: 300 sec this turn | 300 sec total\n|\n|t:|1783543716\n|move|p1a: Misdreavus|Calm Mind|p1a: Misdreavus\n|-boost|p1a: Misdreavus|spa|1\n|-boost|p1a: Misdreavus|spd|1\n|move|p2a: Whiscash|Dragon Dance|p2a: Whiscash\n|-boost|p2a: Whiscash|atk|1\n|-boost|p2a: Whiscash|spe|1\n|\n|upkeep\n|turn|3\n|inactive|Time left: 300 sec this turn | 300 sec total\n|\n|t:|1783543717\n|move|p2a: Whiscash|Liquidation|p1a: Misdreavus\n|-damage|p1a: Misdreavus|114/254\n|-damage|p2a: Whiscash|91/100|[from] item: Life Orb\n|move|p1a: Misdreavus|Will-O-Wisp|p2a: Whiscash|[miss]\n|-miss|p1a: Misdreavus|p2a: Whiscash\n|\n|upkeep\n|turn|4\n|inactive|Time left: 300 sec this turn | 300 sec total\n|\n|t:|1783543719\n|switch|p1a: Keldeo|Keldeo-Resolute, L79|273/273\n|move|p2a: Whiscash|Liquidation|p1a: Keldeo\n|-resisted|p1a: Keldeo\n|-damage|p1a: Keldeo|195/273\n|-damage|p2a: Whiscash|81/100|[from] item: Life Orb\n|\n|-heal|p1a: Keldeo|212/273|[from] item: Leftovers\n|upkeep\n|turn|5\n|inactive|Time left: 300 sec this turn | 300 sec total\n|\n|t:|1783543720\n|switch|p1a: Misdreavus|Misdreavus, L90, F|114/254\n|move|p2a: Whiscash|Earthquake|p1a: Misdreavus\n|-immune|p1a: Misdreavus|[from] ability: Levitate\n|\n|upkeep\n|turn|6\n|inactive|Time left: 300 sec this turn | 300 sec total\n|\n|t:|1783543721\n|switch|p1a: Keldeo|Keldeo-Resolute, L79|212/273\n|move|p2a: Whiscash|Liquidation|p1a: Keldeo\n|-resisted|p1a: Keldeo\n|-damage|p1a: Keldeo|118/273\n|-damage|p2a: Whiscash|71/100|[from] item: Life Orb\n|\n|-heal|p1a: Keldeo|135/273|[from] item: Leftovers\n|upkeep\n|turn|7\n|inactive|Time left: 300 sec this turn | 300 sec total\n|\n|t:|1783543722\n|switch|p1a: Misdreavus|Misdreavus, L90, F|114/254\n|move|p2a: Whiscash|Earthquake|p1a: Misdreavus\n|-immune|p1a: Misdreavus|[from] ability: Levitate\n|\n|upkeep\n|turn|8\n|inactive|Time left: 300 sec this turn | 300 sec total\n|\n|t:|1783543723\n|move|p2a: Whiscash|Liquidation|p1a: Misdreavus\n|-damage|p1a: Misdreavus|0 fnt\n|faint|p1a: Misdreavus\n|-damage|p2a: Whiscash|61/100|[from] item: Life Orb\n|\n|upkeep\n|inactive|Time left: 300 sec this turn | 300 sec total | 5 sec grace\n|\n|t:|1783543724\n|switch|p1a: Garganacl|Garganacl, L80, M|291/291\n|turn|9\n|inactive|Time left: 300 sec this turn | 300 sec total\n|\n|t:|1783543725\n|-terastallize|p1a: Garganacl|Ghost\n|move|p2a: Whiscash|Earthquake|p1a: Garganacl\n|-damage|p1a: Garganacl|134/291\n|-damage|p2a: Whiscash|52/100|[from] item: Life Orb\n|move|p1a: Garganacl|Salt Cure|p2a: Whiscash\n|-resisted|p2a: Whiscash\n|-crit|p2a: Whiscash\n|-damage|p2a: Whiscash|42/100\n|-start|p2a: Whiscash|Salt Cure\n|\n|-heal|p1a: Garganacl|152/291|[from] item: Leftovers\n|-damage|p2a: Whiscash|17/100|[from] Salt Cure\n|upkeep\n|turn|10\n|inactive|Time left: 300 sec this turn | 300 sec total\n|\n|t:|1783543727\n|move|p2a: Whiscash|Earthquake|p1a: Garganacl\n|-damage|p1a: Garganacl|4/291\n|-damage|p2a: Whiscash|8/100|[from] item: Life Orb\n|move|p1a: Garganacl|Stealth Rock|p2a: Whiscash\n|-sidestart|p2: p0y3518e6e|move: Stealth Rock\n|\n|-heal|p1a: Garganacl|22/291|[from] item: Leftovers\n|-damage|p2a: Whiscash|0 fnt|[from] Salt Cure\n|faint|p2a: Whiscash\n|upkeep\n|\n|t:|1783543728\n|switch|p2a: Flygon|Flygon, L82, F|100/100\n|-damage|p2a: Flygon|94/100|[from] Stealth Rock\n|turn|11\n|inactive|Time left: 300 sec this turn | 300 sec total\n|\n|t:|1783543729\n|move|p1a: Garganacl|Protect|p1a: Garganacl\n|-singleturn|p1a: Garganacl|Protect\n|move|p2a: Flygon|Dragon Dance|p2a: Flygon\n|-boost|p2a: Flygon|atk|1\n|-boost|p2a: Flygon|spe|1\n|\n|-heal|p1a: Garganacl|40/291|[from] item: Leftovers\n|upkeep\n|turn|12\n|inactive|Time left: 300 sec this turn | 300 sec total\n|\n|t:|1783543730\n|move|p1a: Garganacl|Protect||[still]\n|-fail|p1a: Garganacl\n|move|p2a: Flygon|Outrage|p1a: Garganacl\n|-damage|p1a: Garganacl|0 fnt\n|faint|p1a: Garganacl\n|\n|upkeep\n|inactive|Time left: 300 sec this turn | 300 sec total | 5 sec grace\n|\n|t:|1783543731\n|switch|p1a: Grafaiai|Grafaiai, L86, M|249/249\n|turn|13\n|inactive|Time left: 300 sec this turn | 300 sec total\n|\n|t:|1783543732\n|move|p2a: Flygon|Outrage|p1a: Grafaiai|[from] lockedmove\n|-damage|p1a: Grafaiai|21/249\n|-start|p2a: Flygon|confusion|[fatigue]\n|-enditem|p2a: Flygon|Lum Berry|[eat]\n|-end|p2a: Flygon|confusion\n|move|p1a: Grafaiai|Knock Off|p2a: Flygon\n|-damage|p2a: Flygon|68/100\n|-damage|p1a: Grafaiai|0 fnt|[from] item: Life Orb\n|faint|p1a: Grafaiai\n|\n|upkeep\n|inactive|Time left: 300 sec this turn | 300 sec total | 5 sec grace\n|\n|t:|1783543733\n|switch|p1a: Weavile|Weavile, L79, F|240/240\n|turn|14\n|inactive|Time left: 300 sec this turn | 300 sec total\n|\n|t:|1783543734\n|-terastallize|p2a: Flygon|Steel\n|move|p2a: Flygon|Outrage|p1a: Weavile\n|-damage|p1a: Weavile|14/240\n|move|p1a: Weavile|Triple Axel|p2a: Flygon\n|-resisted|p2a: Flygon\n|-damage|p2a: Flygon|64/100\n|-resisted|p2a: Flygon\n|-damage|p2a: Flygon|54/100\n|-resisted|p2a: Flygon\n|-damage|p2a: Flygon|42/100\n|-hitcount|p2a: Flygon|3\n|\n|upkeep\n|turn|15\n|inactive|Time left: 300 sec this turn | 300 sec total\n|\n|t:|1783543735\n|move|p2a: Flygon|Outrage|p1a: Weavile|[from] lockedmove\n|-damage|p1a: Weavile|0 fnt\n|faint|p1a: Weavile\n|-start|p2a: Flygon|confusion|[fatigue]\n|\n|upkeep\n|inactive|Time left: 300 sec this turn | 300 sec total | 5 sec grace\n|\n|t:|1783543736\n|switch|p1a: Plusle|Plusle, L95, M|268/268\n|turn|16\n|inactive|Time left: 300 sec this turn | 300 sec total\n|\n|t:|1783543737\n|-activate|p2a: Flygon|confusion\n|move|p2a: Flygon|Outrage|p1a: Plusle\n|-crit|p1a: Plusle\n|-damage|p1a: Plusle|0 fnt\n|faint|p1a: Plusle\n|\n|upkeep\n|inactive|Time left: 300 sec this turn | 300 sec total | 5 sec grace\n|\n|t:|1783543738\n|switch|p1a: Keldeo|Keldeo-Resolute, L79|135/273\n|turn|17\n|inactive|Time left: 300 sec this turn | 300 sec total\n|\n|t:|1783543739\n|-end|p2a: Flygon|confusion\n|move|p2a: Flygon|Outrage|p1a: Keldeo|[from] lockedmove\n|-damage|p1a: Keldeo|0 fnt\n|faint|p1a: Keldeo\n|\n|win|p0y3518e6e", "uploadtime": 1783543739, "views": 0, "rating": 0, "private": 0, "password": null, "_winner": "p0y3518e6e", "_our_name": "p0x351c137"}