{"id": "battle-gen9randombattle-2508", "formatid": "gen9randombattle", "format": "[Gen 9] Random Battle", "players": ["p0x2508176e", "p0y25088b76"], "log": "|init|battle\n|title|p0x2508176e vs. p0y25088b76\n|j|\u2606p0x2508176e\n|j|\u2606p0y25088b76\n|t:|1783568081\n|gametype|singles\n|player|p1|p0x2508176e|266|\n|player|p2|p0y25088b76|101|\n|gen|9\n|tier|[Gen 9] Random Battle\n|rule|Species Clause: Limit one of each Pok\u00e9mon\n|rule|HP Percentage Mod: HP is shown in percentages\n|rule|Sleep Clause Mod: Limit one foe put to sleep\n|rule|Illusion Level Mod: Illusion disguises the Pok\u00e9mon's true level\n|\n|t:|1783568081\n|teamsize|p1|6\n|teamsize|p2|6\n|start\n|switch|p1a: Raging Bolt|Raging Bolt, L78|323/323\n|switch|p2a: Annihilape|Annihilape, L76, F|100/100\n|turn|1\n|inactive|Battle timer is ON: inactive players will automatically lose when time's up. (requested by p0x2508176e)\n|inactive|p0y25088b76 also wants the timer to be on.\n|\n|t:|1783568083\n|move|p2a: Annihilape|Bulk Up|p2a: Annihilape\n|-boost|p2a: Annihilape|atk|1\n|-boost|p2a: Annihilape|def|1\n|move|p1a: Raging Bolt|Calm Mind|p1a: Raging Bolt\n|-boost|p1a: Raging Bolt|spa|1\n|-boost|p1a: Raging Bolt|spd|1\n|\n|upkeep\n|turn|2\n|inactive|Time left: 300 sec this turn | 300 sec total\n|\n|t:|1783568084\n|move|p2a: Annihilape|Drain Punch|p1a: Raging Bolt\n|-damage|p1a: Raging Bolt|214/323\n|move|p1a: Raging Bolt|Thunderbolt|p2a: Annihilape\n|-damage|p2a: Annihilape|35/100\n|\n|-heal|p2a: Annihilape|42/100|[from] item: Leftovers\n|-heal|p1a: Raging Bolt|234/323|[from] item: Leftovers\n|upkeep\n|turn|3\n|inactive|Time left: 300 sec this turn | 300 sec total\n|\n|t:|1783568085\n|switch|p2a: Whiscash|Whiscash, L88, M|100/100\n|move|p1a: Raging Bolt|Thunderbolt|p2a: Whiscash\n|-immune|p2a: Whiscash\n|\n|-heal|p1a: Raging Bolt|254/323|[from] item: Leftovers\n|upkeep\n|turn|4\n|inactive|Time left: 300 sec this turn | 300 sec total\n|\n|t:|1783568086\n|move|p1a: Raging Bolt|Draco Meteor|p2a: Whiscash\n|-damage|p2a: Whiscash|15/100\n|-unboost|p1a: Raging Bolt|spa|2\n|move|p2a: Whiscash|Earthquake|p1a: Raging Bolt\n|-supereffective|p1a: Raging Bolt\n|-damage|p1a: Raging Bolt|26/323\n|\n|-heal|p1a: Raging Bolt|46/323|[from] item: Leftovers\n|-heal|p2a: Whiscash|21/100|[from] item: Leftovers\n|upkeep\n|turn|5\n|inactive|Time left: 300 sec this turn | 300 sec total\n|\n|t:|1783568087\n|move|p1a: Raging Bolt|Draco Meteor|p2a: Whiscash\n|-damage|p2a: Whiscash|0 fnt\n|-unboost|p1a: Raging Bolt|spa|2\n|faint|p2a: Whiscash\n|\n|-heal|p1a: Raging Bolt|66/323|[from] item: Leftovers\n|upkeep\n|\n|t:|1783568088\n|switch|p2a: Annihilape|Annihilape, L76, F|42/100\n|turn|6\n|inactive|Time left: 300 sec this turn | 300 sec total\n|\n|t:|1783568089\n|-end|p1a: Raging Bolt|Protosynthesis|[silent]\n|switch|p1a: Sunflora|Sunflora, M|312/312\n|move|p2a: Annihilape|Bulk Up|p2a: Annihilape\n|-boost|p2a: Annihilape|atk|1\n|-boost|p2a: Annihilape|def|1\n|\n|-heal|p2a: Annihilape|48/100|[from] item: Leftovers\n|upkeep\n|turn|7\n|inactive|Time left: 300 sec this turn | 300 sec total\n|\n|t:|1783568090\n|move|p2a: Annihilape|Drain Punch|p1a: Sunflora\n|-damage|p1a: Sunflora|170/312\n|-heal|p2a: Annihilape|72/100|[from] drain|[of] p1a: Sunflora\n|move|p1a: Sunflora|Dazzling Gleam|p2a: Annihilape\n|-supereffective|p2a: Annihilape\n|-damage|p2a: Annihilape|0 fnt\n|faint|p2a: Annihilape\n|\n|upkeep\n|\n|t:|1783568091\n|switch|p2a: Clefable|Clefable, L83, F|100/100\n|turn|8\n|inactive|Time left: 300 sec this turn | 300 sec total\n|\n|t:|1783568092\n|move|p2a: Clefable|Calm Mind|p2a: Clefable\n|-boost|p2a: Clefable|spa|1\n|-boost|p2a: Clefable|spd|1\n|move|p1a: Sunflora|Dazzling Gleam|p2a: Clefable\n|-crit|p2a: Clefable\n|-damage|p2a: Clefable|34/100\n|\n|upkeep\n|turn|9\n|inactive|Time left: 300 sec this turn | 300 sec total\n|\n|t:|1783568093\n|switch|p1a: Reshiram|Reshiram, L76|277/277\n|-ability|p1a: Reshiram|Turboblaze\n|move|p2a: Clefable|Moonblast|p1a: Reshiram\n|-damage|p1a: Reshiram|98/277\n|-unboost|p1a: Reshiram|spa|1\n|\n|upkeep\n|turn|10\n|inactive|Time left: 300 sec this turn | 300 sec total\n|\n|t:|1783568094\n|-terastallize|p1a: Reshiram|Fire\n|move|p1a: Reshiram|Blue Flare|p2a: Clefable\n|-damage|p2a: Clefable|1/100\n|move|p2a: Clefable|Moonlight|p2a: Clefable\n|-heal|p2a: Clefable|51/100\n|\n|upkeep\n|turn|11\n|inactive|Time left: 300 sec this turn | 300 sec total\n|\n|t:|1783568095\n|move|p1a: Reshiram|Blue Flare|p2a: Clefable\n|-damage|p2a: Clefable|19/100\n|move|p2a: Clefable|Moonlight|p2a: Clefable\n|-heal|p2a: Clefable|69/100\n|\n|upkeep\n|turn|12\n|inactive|Time left: 300 sec this turn | 300 sec total\n|\n|t:|1783568097\n|move|p1a: Reshiram|Blue Flare|p2a: Clefable\n|-damage|p2a: Clefable|34/100\n|move|p2a: Clefable|Calm Mind|p2a: Clefable\n|-boost|p2a: Clefable|spa|1\n|-boost|p2a: Clefable|spd|1\n|\n|upkeep\n|turn|13\n|inactive|Time left: 300 sec this turn | 300 sec total\n|\n|t:|1783568097\n|move|p1a: Reshiram|Blue Flare|p2a: Clefable\n|-damage|p2a: Clefable|10/100\n|move|p2a: Clefable|Moonlight|p2a: Clefable\n|-heal|p2a: Clefable|60/100\n|\n|upkeep\n|turn|14\n|inactive|Time left: 300 sec this turn | 300 sec total\n|\n|t:|1783568098\n|move|p1a: Reshiram|Blue Flare|p2a: Clefable\n|-damage|p2a: Clefable|32/100\n|move|p2a: Clefable|Moonblast|p1a: Reshiram\n|-resisted|p1a: Reshiram\n|-damage|p1a: Reshiram|0 fnt\n|faint|p1a: Reshiram\n|\n|upkeep\n|inactive|Time left: 300 sec this turn | 300 sec total | 5 sec grace\n|\n|t:|1783568100\n|switch|p1a: Meowstic|Meowstic, L89, M|277/277\n|turn|15\n|inactive|Time left: 300 sec this turn | 300 sec total\n|\n|t:|1783568101\n|move|p1a: Meowstic|Light Screen|p1a: Meowstic\n|-sidestart|p1: p0x2508176e|move: Light Screen\n|move|p2a: Clefable|Moonblast|p1a: Meowstic\n|-damage|p1a: Meowstic|142/277\n|-unboost|p1a: Meowstic|spa|1\n|\n|upkeep\n|turn|16\n|inactive|Time left: 300 sec this turn | 300 sec total\n|\n|t:|1783568102\n|move|p1a: Meowstic|Thunder Wave|p2a: Clefable\n|-status|p2a: Clefable|par\n|move|p2a: Clefable|Moonlight|p2a: Clefable\n|-heal|p2a: Clefable|82/100 par\n|\n|upkeep\n|turn|17\n|inactive|Time left: 300 sec this turn | 300 sec total\n|\n|t:|1783568103\n|move|p1a: Meowstic|Reflect|p1a: Meowstic\n|-sidestart|p1: p0x2508176e|Reflect\n|cant|p2a: Clefable|par\n|\n|upkeep\n|turn|18\n|inactive|Time left: 300 sec this turn | 300 sec total\n|\n|t:|1783568104\n|switch|p1a: Sunflora|Sunflora, M|170/312\n|move|p2a: Clefable|Moonblast|p1a: Sunflora\n|-damage|p1a: Sunflora|61/312\n|\n|upkeep\n|turn|19\n|inactive|Time left: 300 sec this turn | 300 sec total\n|\n|t:|1783568105\n|move|p1a: Sunflora|Sludge Bomb|p2a: Clefable\n|-supereffective|p2a: Clefable\n|-crit|p2a: Clefable\n|-damage|p2a: Clefable|0 fnt\n|faint|p2a: Clefable\n|\n|upkeep\n|\n|t:|1783568106\n|switch|p2a: Milotic|Milotic, L83, F|100/100\n|turn|20\n|inactive|Time left: 300 sec this turn | 300 sec total\n|\n|t:|1783568107\n|move|p2a: Milotic|Ice Beam|p1a: Sunflora\n|-supereffective|p1a: Sunflora\n|-damage|p1a: Sunflora|7/312\n|-status|p1a: Sunflora|frz\n|-curestatus|p1a: Sunflora|frz|[msg]\n|move|p1a: Sunflora|Sludge Bomb|p2a: Milotic\n|-damage|p2a: Milotic|63/100\n|\n|-heal|p2a: Milotic|69/100|[from] item: Leftovers\n|upkeep\n|turn|21\n|inactive|Time left: 300 sec this turn | 300 sec total\n|\n|t:|1783568108\n|switch|p1a: Lumineon|Lumineon, L93, M|279/279\n|move|p2a: Milotic|Ice Beam|p1a: Lumineon\n|-resisted|p1a: Lumineon\n|-damage|p1a: Lumineon|265/279\n|\n|-heal|p2a: Milotic|75/100|[from] item: Leftovers\n|upkeep\n|turn|22\n|inactive|Time left: 300 sec this turn | 300 sec total\n|\n|t:|1783568109\n|move|p1a: Lumineon|Hydro Pump|p2a: Milotic\n|-resisted|p2a: Milotic\n|-damage|p2a: Milotic|60/100\n|move|p2a: Milotic|Recover|p2a: Milotic\n|-heal|p2a: Milotic|100/100\n|\n|-sideend|p1: p0x2508176e|move: Light Screen\n|upkeep\n|turn|23\n|inactive|Time left: 300 sec this turn | 300 sec total\n|\n|t:|1783568111\n|move|p1a: Lumineon|Hydro Pump|p2a: Milotic\n|-resisted|p2a: Milotic\n|-damage|p2a: Milotic|87/100\n|move|p2a: Milotic|Ice Beam|p1a: Lumineon\n|-resisted|p1a: Lumineon\n|-crit|p1a: Lumineon\n|-damage|p1a: Lumineon|219/279\n|\n|-heal|p2a: Milotic|93/100|[from] item: Leftovers\n|upkeep\n|turn|24\n|inactive|Time left: 300 sec this turn | 300 sec total\n|\n|t:|1783568112\n|move|p1a: Lumineon|Ice Beam|p2a: Milotic\n|-resisted|p2a: Milotic\n|-damage|p2a: Milotic|85/100\n|move|p2a: Milotic|Ice Beam|p1a: Lumineon\n|-resisted|p1a: Lumineon\n|-damage|p1a: Lumineon|192/279\n|\n|-heal|p2a: Milotic|91/100|[from] item: Leftovers\n|-sideend|p1: p0x2508176e|Reflect\n|upkeep\n|turn|25\n|inactive|Time left: 300 sec this turn | 300 sec total\n|\n|t:|1783568113\n|move|p1a: Lumineon|Hydro Pump|p2a: Milotic\n|-resisted|p2a: Milotic\n|-damage|p2a: Milotic|77/100\n|move|p2a: Milotic|Ice Beam|p1a: Lumineon\n|-resisted|p1a: Lumineon\n|-damage|p1a: Lumineon|164/279\n|\n|-heal|p2a: Milotic|83/100|[from] item: Leftovers\n|upkeep\n|turn|26\n|inactive|Time left: 300 sec this turn | 300 sec total\n|\n|t:|1783568114\n|move|p1a: Lumineon|Ice Beam|p2a: Milotic\n|-resisted|p2a: Milotic\n|-damage|p2a: Milotic|76/100\n|move|p2a: Milotic|Ice Beam|p1a: Lumineon\n|-resisted|p1a: Lumineon\n|-damage|p1a: Lumineon|134/279\n|-status|p1a: Lumineon|frz\n|\n|-heal|p2a: Milotic|82/100|[from] item: Leftovers\n|upkeep\n|turn|27\n|inactive|Time left: 300 sec this turn | 300 sec total\n|\n|t:|1783568115\n|cant|p1a: Lumineon|frz\n|move|p2a: Milotic|Ice Beam|p1a: Lumineon\n|-resisted|p1a: Lumineon\n|-damage|p1a: Lumineon|103/279 frz\n|\n|-heal|p2a: Milotic|88/100|[from] item: Leftovers\n|upkeep\n|turn|28\n|inactive|Time left: 300 sec this turn | 300 sec total\n|\n|t:|1783568116\n|cant|p1a: Lumineon|frz\n|move|p2a: Milotic|Dragon Tail|p1a: Lumineon\n|-damage|p1a: Lumineon|75/279 frz\n|drag|p1a: Tropius|Tropius, L91, F|328/328\n|\n|-heal|p2a: Milotic|94/100|[from] item: Leftovers\n|upkeep\n|turn|29\n|inactive|Time left: 300 sec this turn | 300 sec total\n|\n|t:|1783568117\n|move|p2a: Milotic|Ice Beam|p1a: Tropius\n|-supereffective|p1a: Tropius\n|-damage|p1a: Tropius|84/328\n|-status|p1a: Tropius|frz\n|-enditem|p1a: Tropius|Sitrus Berry|[eat]\n|-heal|p1a: Tropius|166/328 frz|[from] item: Sitrus Berry\n|cant|p1a: Tropius|frz\n|\n|-heal|p2a: Milotic|99/100|[from] item: Leftovers\n|-item|p1a: Tropius|Sitrus Berry|[from] ability: Harvest\n|upkeep\n|turn|30\n|inactive|Time left: 300 sec this turn | 300 sec total\n|\n|t:|1783568118\n|switch|p1a: Lumineon|Lumineon, L93, M|75/279 frz\n|move|p2a: Milotic|Ice Beam|p1a: Lumineon\n|-resisted|p1a: Lumineon\n|-damage|p1a: Lumineon|43/279 frz\n|\n|-heal|p2a: Milotic|100/100|[from] item: Leftovers\n|upkeep\n|turn|31\n|inactive|Time left: 300 sec this turn | 300 sec total\n|\n|t:|1783568119\n|cant|p1a: Lumineon|frz\n|move|p2a: Milotic|Ice Beam|p1a: Lumineon\n|-resisted|p1a: Lumineon\n|-damage|p1a: Lumineon|16/279 frz\n|\n|upkeep\n|turn|32\n|inactive|Time left: 300 sec this turn | 300 sec total\n|\n|t:|1783568120\n|switch|p1a: Meowstic|Meowstic, L89, M|142/277\n|move|p2a: Milotic|Ice Beam|p1a: Meowstic\n|-damage|p1a: Meowstic|82/277\n|\n|upkeep\n|turn|33\n|inactive|Time left: 300 sec this turn | 300 sec total\n|\n|t:|1783568121\n|move|p1a: Meowstic|Light Screen|p1a: Meowstic\n|-sidestart|p1: p0x2508176e|move: Light Screen\n|move|p2a: Milotic|Scald|p1a: Meowstic\n|-damage|p1a: Meowstic|37/277\n|\n|upkeep\n|turn|34\n|inactive|Time left: 300 sec this turn | 300 sec total\n|\n|t:|1783568122\n|move|p1a: Meowstic|Reflect|p1a: Meowstic\n|-sidestart|p1: p0x2508176e|Reflect\n|move|p2a: Milotic|Scald|p1a: Meowstic\n|-damage|p1a: Meowstic|0 fnt\n|faint|p1a: Meowstic\n|\n|upkeep\n|inactive|Time left: 300 sec this turn | 300 sec total | 5 sec grace\n|\n|t:|1783568123\n|switch|p1a: Sunflora|Sunflora, M|7/312\n|turn|35\n|inactive|Time left: 300 sec this turn | 300 sec total\n|\n|t:|1783568124\n|move|p2a: Milotic|Ice Beam|p1a: Sunflora\n|-supereffective|p1a: Sunflora\n|-crit|p1a: Sunflora\n|-damage|p1a: Sunflora|0 fnt\n|faint|p1a: Sunflora\n|\n|upkeep\n|inactive|Time left: 300 sec this turn | 300 sec total | 5 sec grace\n|\n|t:|1783568125\n|switch|p1a: Lumineon|Lumineon, L93, M|16/279 frz\n|turn|36\n|inactive|Time left: 300 sec this turn | 300 sec total\n|\n|t:|1783568126\n|-curestatus|p1a: Lumineon|frz|[msg]\n|move|p1a: Lumineon|Ice Beam|p2a: Milotic\n|-resisted|p2a: Milotic\n|-damage|p2a: Milotic|93/100\n|move|p2a: Milotic|Ice Beam|p1a: Lumineon\n|-resisted|p1a: Lumineon\n|-damage|p1a: Lumineon|2/279\n|\n|-heal|p2a: Milotic|99/100|[from] item: Leftovers\n|upkeep\n|turn|37\n|inactive|Time left: 300 sec this turn | 300 sec total\n|\n|t:|1783568127\n|move|p1a: Lumineon|Hydro Pump|p2a: Milotic|[miss]\n|-miss|p1a: Lumineon|p2a: Milotic\n|move|p2a: Milotic|Ice Beam|p1a: Lumineon\n|-resisted|p1a: Lumineon\n|-damage|p1a: Lumineon|0 fnt\n|faint|p1a: Lumineon\n|\n|-heal|p2a: Milotic|100/100|[from] item: Leftovers\n|upkeep\n|inactive|Time left: 300 sec this turn | 300 sec total | 5 sec grace\n|\n|t:|1783568128\n|switch|p1a: Tropius|Tropius, L91, F|166/328 frz\n|turn|38\n|inactive|Time left: 300 sec this turn | 300 sec total\n|\n|t:|1783568129\n|move|p2a: Milotic|Ice Beam|p1a: Tropius\n|-supereffective|p1a: Tropius\n|-damage|p1a: Tropius|52/328 frz\n|-enditem|p1a: Tropius|Sitrus Berry|[eat]\n|-heal|p1a: Tropius|134/328 frz|[from] item: Sitrus Berry\n|cant|p1a: Tropius|frz\n|\n|upkeep\n|turn|39\n|inactive|Time left: 300 sec this turn | 300 sec total\n|\n|t:|1783568130\n|move|p2a: Milotic|Ice Beam|p1a: Tropius\n|-supereffective|p1a: Tropius\n|-damage|p1a: Tropius|20/328 frz\n|cant|p1a: Tropius|frz\n|\n|upkeep\n|turn|40\n|inactive|Time left: 300 sec this turn | 300 sec total\n|\n|t:|1783568131\n|switch|p2a: Calyrex|Calyrex, L93|100/100\n|-ability|p2a: Calyrex|Unnerve\n|switch|p1a: Raging Bolt|Raging Bolt, L78|66/323\n|\n|-heal|p1a: Raging Bolt|86/323|[from] item: Leftovers\n|-sideend|p1: p0x2508176e|move: Light Screen\n|upkeep\n|turn|41\n|inactive|Time left: 300 sec this turn | 300 sec total\n|\n|t:|1783568131\n|-end|p1a: Raging Bolt|Protosynthesis|[silent]\n|switch|p1a: Tropius|Tropius, L91, F|20/328 frz\n|-terastallize|p2a: Calyrex|Steel\n|move|p2a: Calyrex|Psyshock|p1a: Tropius\n|-damage|p1a: Tropius|0 fnt\n|faint|p1a: Tropius\n|\n|-sideend|p1: p0x2508176e|Reflect\n|upkeep\n|inactive|Time left: 300 sec this turn | 300 sec total | 5 sec grace\n|\n|t:|1783568132\n|switch|p1a: Raging Bolt|Raging Bolt, L78|86/323\n|turn|42\n|inactive|Time left: 300 sec this turn | 300 sec total\n|\n|t:|1783568133\n|move|p2a: Calyrex|Psyshock|p1a: Raging Bolt\n|-damage|p1a: Raging Bolt|0 fnt\n|faint|p1a: Raging Bolt\n|-end|p1a: Raging Bolt|Protosynthesis|[silent]\n|\n|win|p0y25088b76", "uploadtime": 1783568133, "views": 0, "rating": 0, "private": 0, "password": null, "_winner": "p0y25088b76", "_our_name": "p0x2508176e"}