{"id": "battle-gen9randombattle-446", "formatid": "gen9randombattle", "format": "[Gen 9] Random Battle", "players": ["p0x446f6d4", "p0y4467ac2"], "log": "|init|battle\n|title|p0x446f6d4 vs. p0y4467ac2\n|j|\u2606p0x446f6d4\n|j|\u2606p0y4467ac2\n|t:|1783544924\n|gametype|singles\n|player|p1|p0x446f6d4|2|\n|player|p2|p0y4467ac2|101|\n|gen|9\n|tier|[Gen 9] Random Battle\n|rule|Species Clause: Limit one of each Pok\u00e9mon\n|rule|HP Percentage Mod: HP is shown in percentages\n|rule|Sleep Clause Mod: Limit one foe put to sleep\n|rule|Illusion Level Mod: Illusion disguises the Pok\u00e9mon's true level\n|\n|t:|1783544924\n|teamsize|p1|6\n|teamsize|p2|6\n|start\n|switch|p1a: Ting-Lu|Ting-Lu, L78|100/100\n|switch|p2a: Grumpig|Grumpig, L92, F|297/297\n|-ability|p1a: Ting-Lu|Vessel of Ruin\n|turn|1\n|inactive|Battle timer is ON: inactive players will automatically lose when time's up. (requested by p0x446f6d4)\n|inactive|Time left: 300 sec this turn | 300 sec total | 60 sec grace\n|inactive|p0y4467ac2 also wants the timer to be on.\n|\n|t:|1783544926\n|move|p2a: Grumpig|Nasty Plot|p2a: Grumpig\n|-boost|p2a: Grumpig|spa|2\n|move|p1a: Ting-Lu|Earthquake|p2a: Grumpig\n|-damage|p2a: Grumpig|176/297\n|\n|-heal|p2a: Grumpig|194/297|[from] item: Leftovers\n|upkeep\n|turn|2\n|inactive|Time left: 300 sec this turn | 300 sec total\n|\n|t:|1783544927\n|move|p2a: Grumpig|Earth Power|p1a: Ting-Lu\n|-damage|p1a: Ting-Lu|70/100\n|move|p1a: Ting-Lu|Throat Chop|p2a: Grumpig\n|-supereffective|p2a: Grumpig\n|-damage|p2a: Grumpig|20/297\n|-start|p2a: Grumpig|Throat Chop|[silent]\n|\n|-heal|p2a: Grumpig|38/297|[from] item: Leftovers\n|-heal|p1a: Ting-Lu|76/100|[from] item: Leftovers\n|upkeep\n|turn|3\n|inactive|Time left: 300 sec this turn | 300 sec total\n|\n|t:|1783544928\n|move|p2a: Grumpig|Earth Power|p1a: Ting-Lu\n|-damage|p1a: Ting-Lu|40/100\n|move|p1a: Ting-Lu|Earthquake|p2a: Grumpig\n|-damage|p2a: Grumpig|0 fnt\n|faint|p2a: Grumpig\n|\n|-heal|p1a: Ting-Lu|47/100|[from] item: Leftovers\n|upkeep\n|inactive|Time left: 300 sec this turn | 300 sec total | 5 sec grace\n|\n|t:|1783544929\n|switch|p2a: Inteleon|Inteleon, L81, M|246/246\n|turn|4\n|inactive|Time left: 300 sec this turn | 300 sec total\n|\n|t:|1783544931\n|switch|p1a: Mimikyu|Mimikyu, L79, F|100/100\n|move|p2a: Inteleon|Scald|p1a: Mimikyu\n|-activate|p1a: Mimikyu|ability: Disguise\n|-damage|p1a: Mimikyu|100/100\n|detailschange|p1a: Mimikyu|Mimikyu-Busted, L79, F\n|-damage|p1a: Mimikyu|88/100|[from] pokemon: Mimikyu-Busted\n|\n|upkeep\n|turn|5\n|inactive|Time left: 300 sec this turn | 300 sec total\n|\n|t:|1783544932\n|switch|p1a: Cresselia|Cresselia, L80, F|100/100\n|move|p2a: Inteleon|Scald|p1a: Cresselia\n|-damage|p1a: Cresselia|65/100\n|\n|-heal|p1a: Cresselia|71/100|[from] item: Leftovers\n|upkeep\n|turn|6\n|inactive|Time left: 300 sec this turn | 300 sec total\n|\n|t:|1783544933\n|move|p2a: Inteleon|Scald|p1a: Cresselia\n|-crit|p1a: Cresselia\n|-damage|p1a: Cresselia|15/100\n|move|p1a: Cresselia|Calm Mind|p1a: Cresselia\n|-boost|p1a: Cresselia|spa|1\n|-boost|p1a: Cresselia|spd|1\n|\n|-heal|p1a: Cresselia|21/100|[from] item: Leftovers\n|upkeep\n|turn|7\n|inactive|Time left: 300 sec this turn | 300 sec total\n|\n|t:|1783544934\n|move|p2a: Inteleon|Scald|p1a: Cresselia\n|-damage|p1a: Cresselia|0 fnt\n|faint|p1a: Cresselia\n|\n|upkeep\n|\n|t:|1783544935\n|switch|p1a: Clefable|Clefable, L83, M|100/100\n|turn|8\n|inactive|Time left: 300 sec this turn | 300 sec total\n|\n|t:|1783544936\n|move|p2a: Inteleon|Scald|p1a: Clefable\n|-damage|p1a: Clefable|54/100\n|move|p1a: Clefable|Moonblast|p2a: Inteleon\n|-damage|p2a: Inteleon|90/246\n|\n|upkeep\n|turn|9\n|inactive|Time left: 300 sec this turn | 300 sec total\n|\n|t:|1783544937\n|-terastallize|p2a: Inteleon|Water\n|move|p2a: Inteleon|Scald|p1a: Clefable\n|-damage|p1a: Clefable|0 fnt\n|faint|p1a: Clefable\n|\n|upkeep\n|\n|t:|1783544938\n|switch|p1a: Bronzong|Bronzong, L88|100/100\n|turn|10\n|inactive|Time left: 300 sec this turn | 300 sec total\n|\n|t:|1783544939\n|move|p2a: Inteleon|Scald|p1a: Bronzong\n|-damage|p1a: Bronzong|38/100\n|move|p1a: Bronzong|Psychic Noise|p2a: Inteleon\n|-damage|p2a: Inteleon|0 fnt\n|faint|p2a: Inteleon\n|\n|-heal|p1a: Bronzong|45/100|[from] item: Leftovers\n|upkeep\n|inactive|Time left: 300 sec this turn | 300 sec total | 5 sec grace\n|\n|t:|1783544940\n|switch|p2a: Registeel|Registeel, L81|262/262\n|turn|11\n|inactive|Time left: 300 sec this turn | 300 sec total\n|\n|t:|1783544941\n|move|p2a: Registeel|Iron Defense|p2a: Registeel\n|-boost|p2a: Registeel|def|2\n|move|p1a: Bronzong|Iron Defense|p1a: Bronzong\n|-boost|p1a: Bronzong|def|2\n|\n|-heal|p1a: Bronzong|51/100|[from] item: Leftovers\n|upkeep\n|turn|12\n|inactive|Time left: 300 sec this turn | 300 sec total\n|\n|t:|1783544942\n|move|p2a: Registeel|Iron Defense|p2a: Registeel\n|-boost|p2a: Registeel|def|2\n|move|p1a: Bronzong|Body Press|p2a: Registeel\n|-supereffective|p2a: Registeel\n|-damage|p2a: Registeel|202/262\n|\n|-heal|p1a: Bronzong|57/100|[from] item: Leftovers\n|upkeep\n|turn|13\n|inactive|Time left: 300 sec this turn | 300 sec total\n|\n|t:|1783544943\n|move|p2a: Registeel|Body Press|p1a: Bronzong\n|-damage|p1a: Bronzong|25/100\n|move|p1a: Bronzong|Iron Defense|p1a: Bronzong\n|-boost|p1a: Bronzong|def|2\n|\n|-heal|p1a: Bronzong|31/100|[from] item: Leftovers\n|upkeep\n|turn|14\n|inactive|Time left: 300 sec this turn | 300 sec total\n|\n|t:|1783544944\n|move|p2a: Registeel|Body Press|p1a: Bronzong\n|-damage|p1a: Bronzong|7/100\n|move|p1a: Bronzong|Body Press|p2a: Registeel\n|-supereffective|p2a: Registeel\n|-damage|p2a: Registeel|108/262\n|\n|-heal|p1a: Bronzong|13/100|[from] item: Leftovers\n|upkeep\n|turn|15\n|inactive|Time left: 300 sec this turn | 300 sec total\n|\n|t:|1783544945\n|move|p2a: Registeel|Body Press|p1a: Bronzong\n|-damage|p1a: Bronzong|0 fnt\n|faint|p1a: Bronzong\n|\n|upkeep\n|\n|t:|1783544946\n|switch|p1a: Okidogi|Okidogi, L77, M|100/100\n|turn|16\n|inactive|Time left: 300 sec this turn | 300 sec total\n|\n|t:|1783544947\n|move|p1a: Okidogi|Bulk Up|p1a: Okidogi\n|-boost|p1a: Okidogi|atk|1\n|-boost|p1a: Okidogi|def|1\n|move|p2a: Registeel|Rest|p2a: Registeel\n|-status|p2a: Registeel|slp|[from] move: Rest\n|-heal|p2a: Registeel|262/262 slp|[silent]\n|-enditem|p2a: Registeel|Chesto Berry|[eat]\n|-curestatus|p2a: Registeel|slp|[msg]\n|\n|upkeep\n|turn|17\n|inactive|Time left: 300 sec this turn | 300 sec total\n|\n|t:|1783544948\n|move|p1a: Okidogi|Bulk Up|p1a: Okidogi\n|-boost|p1a: Okidogi|atk|1\n|-boost|p1a: Okidogi|def|1\n|move|p2a: Registeel|Iron Defense|p2a: Registeel\n|-boost|p2a: Registeel|def|2\n|\n|upkeep\n|turn|18\n|inactive|Time left: 300 sec this turn | 300 sec total\n|\n|t:|1783544949\n|move|p1a: Okidogi|Bulk Up|p1a: Okidogi\n|-boost|p1a: Okidogi|atk|1\n|-boost|p1a: Okidogi|def|1\n|move|p2a: Registeel|Body Press|p1a: Okidogi\n|-resisted|p1a: Okidogi\n|-damage|p1a: Okidogi|81/100\n|\n|-heal|p1a: Okidogi|87/100|[from] item: Leftovers\n|upkeep\n|turn|19\n|inactive|Time left: 300 sec this turn | 300 sec total\n|\n|t:|1783544950\n|move|p1a: Okidogi|Drain Punch|p2a: Registeel\n|-supereffective|p2a: Registeel\n|-damage|p2a: Registeel|182/262\n|-heal|p1a: Okidogi|100/100|[from] drain|[of] p2a: Registeel\n|move|p2a: Registeel|Body Press|p1a: Okidogi\n|-resisted|p1a: Okidogi\n|-damage|p1a: Okidogi|79/100\n|\n|-heal|p1a: Okidogi|85/100|[from] item: Leftovers\n|upkeep\n|turn|20\n|inactive|Time left: 300 sec this turn | 300 sec total\n|\n|t:|1783544951\n|move|p1a: Okidogi|Drain Punch|p2a: Registeel\n|-supereffective|p2a: Registeel\n|-damage|p2a: Registeel|108/262\n|-heal|p1a: Okidogi|99/100|[from] drain|[of] p2a: Registeel\n|move|p2a: Registeel|Body Press|p1a: Okidogi\n|-resisted|p1a: Okidogi\n|-damage|p1a: Okidogi|80/100\n|\n|-heal|p1a: Okidogi|86/100|[from] item: Leftovers\n|upkeep\n|turn|21\n|inactive|Time left: 300 sec this turn | 300 sec total\n|\n|t:|1783544952\n|move|p1a: Okidogi|Drain Punch|p2a: Registeel\n|-supereffective|p2a: Registeel\n|-damage|p2a: Registeel|36/262\n|-heal|p1a: Okidogi|99/100|[from] drain|[of] p2a: Registeel\n|move|p2a: Registeel|Rest|p2a: Registeel\n|-status|p2a: Registeel|slp|[from] move: Rest\n|-heal|p2a: Registeel|262/262 slp|[silent]\n|\n|-heal|p1a: Okidogi|100/100|[from] item: Leftovers\n|upkeep\n|turn|22\n|inactive|Time left: 300 sec this turn | 300 sec total\n|\n|t:|1783544953\n|move|p1a: Okidogi|Drain Punch|p2a: Registeel\n|-supereffective|p2a: Registeel\n|-damage|p2a: Registeel|194/262 slp\n|cant|p2a: Registeel|slp\n|\n|upkeep\n|turn|23\n|inactive|Time left: 300 sec this turn | 300 sec total\n|\n|t:|1783544954\n|move|p1a: Okidogi|Drain Punch|p2a: Registeel\n|-supereffective|p2a: Registeel\n|-damage|p2a: Registeel|120/262 slp\n|cant|p2a: Registeel|slp\n|\n|upkeep\n|turn|24\n|inactive|Time left: 300 sec this turn | 300 sec total\n|\n|t:|1783544955\n|move|p1a: Okidogi|Drain Punch|p2a: Registeel\n|-supereffective|p2a: Registeel\n|-damage|p2a: Registeel|52/262 slp\n|-curestatus|p2a: Registeel|slp|[msg]\n|move|p2a: Registeel|Rest|p2a: Registeel\n|-status|p2a: Registeel|slp|[from] move: Rest\n|-heal|p2a: Registeel|262/262 slp|[silent]\n|\n|upkeep\n|turn|25\n|inactive|Time left: 300 sec this turn | 300 sec total\n|\n|t:|1783544956\n|move|p1a: Okidogi|Drain Punch|p2a: Registeel\n|-supereffective|p2a: Registeel\n|-damage|p2a: Registeel|188/262 slp\n|cant|p2a: Registeel|slp\n|\n|upkeep\n|turn|26\n|inactive|Time left: 300 sec this turn | 300 sec total\n|\n|t:|1783544958\n|move|p1a: Okidogi|Drain Punch|p2a: Registeel\n|-supereffective|p2a: Registeel\n|-damage|p2a: Registeel|110/262 slp\n|cant|p2a: Registeel|slp\n|\n|upkeep\n|turn|27\n|inactive|Time left: 300 sec this turn | 300 sec total\n|\n|t:|1783544959\n|move|p1a: Okidogi|Drain Punch|p2a: Registeel\n|-supereffective|p2a: Registeel\n|-damage|p2a: Registeel|36/262 slp\n|-curestatus|p2a: Registeel|slp|[msg]\n|move|p2a: Registeel|Rest|p2a: Registeel\n|-status|p2a: Registeel|slp|[from] move: Rest\n|-heal|p2a: Registeel|262/262 slp|[silent]\n|\n|upkeep\n|turn|28\n|inactive|Time left: 300 sec this turn | 300 sec total\n|\n|t:|1783544960\n|move|p1a: Okidogi|Drain Punch|p2a: Registeel\n|-supereffective|p2a: Registeel\n|-damage|p2a: Registeel|184/262 slp\n|cant|p2a: Registeel|slp\n|\n|upkeep\n|turn|29\n|inactive|Time left: 300 sec this turn | 300 sec total\n|\n|t:|1783544961\n|move|p1a: Okidogi|Drain Punch|p2a: Registeel\n|-supereffective|p2a: Registeel\n|-damage|p2a: Registeel|110/262 slp\n|cant|p2a: Registeel|slp\n|\n|upkeep\n|turn|30\n|inactive|Time left: 300 sec this turn | 300 sec total\n|\n|t:|1783544962\n|move|p1a: Okidogi|Drain Punch|p2a: Registeel\n|-supereffective|p2a: Registeel\n|-damage|p2a: Registeel|36/262 slp\n|-curestatus|p2a: Registeel|slp|[msg]\n|move|p2a: Registeel|Rest|p2a: Registeel\n|-status|p2a: Registeel|slp|[from] move: Rest\n|-heal|p2a: Registeel|262/262 slp|[silent]\n|\n|upkeep\n|turn|31\n|inactive|Time left: 300 sec this turn | 300 sec total\n|\n|t:|1783544963\n|move|p1a: Okidogi|Drain Punch|p2a: Registeel\n|-supereffective|p2a: Registeel\n|-damage|p2a: Registeel|188/262 slp\n|cant|p2a: Registeel|slp\n|\n|upkeep\n|turn|32\n|inactive|Time left: 300 sec this turn | 300 sec total\n|\n|t:|1783544964\n|move|p1a: Okidogi|Drain Punch|p2a: Registeel\n|-supereffective|p2a: Registeel\n|-damage|p2a: Registeel|120/262 slp\n|cant|p2a: Registeel|slp\n|\n|upkeep\n|turn|33\n|inactive|Time left: 300 sec this turn | 300 sec total\n|\n|t:|1783544965\n|move|p1a: Okidogi|Drain Punch|p2a: Registeel\n|-supereffective|p2a: Registeel\n|-damage|p2a: Registeel|48/262 slp\n|-curestatus|p2a: Registeel|slp|[msg]\n|move|p2a: Registeel|Rest|p2a: Registeel\n|-status|p2a: Registeel|slp|[from] move: Rest\n|-heal|p2a: Registeel|262/262 slp|[silent]\n|\n|upkeep\n|turn|34\n|inactive|Time left: 300 sec this turn | 300 sec total\n|\n|t:|1783544967\n|move|p1a: Okidogi|Drain Punch|p2a: Registeel\n|-supereffective|p2a: Registeel\n|-damage|p2a: Registeel|196/262 slp\n|cant|p2a: Registeel|slp\n|\n|upkeep\n|turn|35\n|inactive|Time left: 300 sec this turn | 300 sec total\n|\n|t:|1783544967\n|move|p1a: Okidogi|Bulk Up|p1a: Okidogi\n|-boost|p1a: Okidogi|atk|1\n|-boost|p1a: Okidogi|def|1\n|cant|p2a: Registeel|slp\n|\n|upkeep\n|turn|36\n|inactive|Time left: 300 sec this turn | 300 sec total\n|\n|t:|1783544968\n|move|p1a: Okidogi|Knock Off|p2a: Registeel\n|-damage|p2a: Registeel|170/262 slp\n|-curestatus|p2a: Registeel|slp|[msg]\n|move|p2a: Registeel|Body Press|p1a: Okidogi\n|-resisted|p1a: Okidogi\n|-damage|p1a: Okidogi|83/100\n|\n|-heal|p1a: Okidogi|89/100|[from] item: Leftovers\n|upkeep\n|turn|37\n|inactive|Time left: 300 sec this turn | 300 sec total\n|\n|t:|1783544970\n|move|p1a: Okidogi|Knock Off|p2a: Registeel\n|-damage|p2a: Registeel|143/262\n|move|p2a: Registeel|Body Press|p1a: Okidogi\n|-resisted|p1a: Okidogi\n|-damage|p1a: Okidogi|72/100\n|\n|-heal|p1a: Okidogi|78/100|[from] item: Leftovers\n|upkeep\n|turn|38\n|inactive|Time left: 300 sec this turn | 300 sec total\n|\n|t:|1783544971\n|move|p1a: Okidogi|Bulk Up|p1a: Okidogi\n|-boost|p1a: Okidogi|atk|1\n|-boost|p1a: Okidogi|def|1\n|move|p2a: Registeel|Body Press|p1a: Okidogi\n|-resisted|p1a: Okidogi\n|-damage|p1a: Okidogi|63/100\n|\n|-heal|p1a: Okidogi|69/100|[from] item: Leftovers\n|upkeep\n|turn|39\n|inactive|Time left: 300 sec this turn | 300 sec total\n|\n|t:|1783544972\n|move|p1a: Okidogi|Knock Off|p2a: Registeel\n|-damage|p2a: Registeel|115/262\n|move|p2a: Registeel|Body Press|p1a: Okidogi\n|-resisted|p1a: Okidogi\n|-damage|p1a: Okidogi|55/100\n|\n|-heal|p1a: Okidogi|61/100|[from] item: Leftovers\n|upkeep\n|turn|40\n|inactive|Time left: 300 sec this turn | 300 sec total\n|\n|t:|1783544973\n|move|p1a: Okidogi|Knock Off|p2a: Registeel\n|-damage|p2a: Registeel|83/262\n|move|p2a: Registeel|Body Press|p1a: Okidogi\n|-resisted|p1a: Okidogi\n|-damage|p1a: Okidogi|46/100\n|\n|-heal|p1a: Okidogi|52/100|[from] item: Leftovers\n|upkeep\n|turn|41\n|inactive|Time left: 300 sec this turn | 300 sec total\n|\n|t:|1783544974\n|move|p1a: Okidogi|Knock Off|p2a: Registeel\n|-damage|p2a: Registeel|54/262\n|move|p2a: Registeel|Body Press|p1a: Okidogi\n|-resisted|p1a: Okidogi\n|-crit|p1a: Okidogi\n|-damage|p1a: Okidogi|0 fnt\n|faint|p1a: Okidogi\n|\n|upkeep\n|\n|t:|1783544975\n|switch|p1a: Ting-Lu|Ting-Lu, L78|47/100\n|-ability|p1a: Ting-Lu|Vessel of Ruin\n|turn|42\n|inactive|Time left: 300 sec this turn | 300 sec total\n|\n|t:|1783544976\n|switch|p1a: Mimikyu|Mimikyu-Busted, L79, F|88/100\n|move|p2a: Registeel|Body Press|p1a: Mimikyu\n|-immune|p1a: Mimikyu\n|\n|upkeep\n|turn|43\n|inactive|Time left: 300 sec this turn | 300 sec total\n|\n|t:|1783544977\n|move|p1a: Mimikyu|Swords Dance|p1a: Mimikyu\n|-boost|p1a: Mimikyu|atk|2\n|move|p2a: Registeel|Iron Head|p1a: Mimikyu\n|-supereffective|p1a: Mimikyu\n|-damage|p1a: Mimikyu|18/100\n|\n|upkeep\n|turn|44\n|inactive|Time left: 300 sec this turn | 300 sec total\n|\n|t:|1783544978\n|move|p1a: Mimikyu|Shadow Claw|p2a: Registeel\n|-damage|p2a: Registeel|27/262\n|-damage|p1a: Mimikyu|8/100|[from] item: Life Orb\n|move|p2a: Registeel|Iron Head|p1a: Mimikyu\n|-supereffective|p1a: Mimikyu\n|-damage|p1a: Mimikyu|0 fnt\n|faint|p1a: Mimikyu\n|\n|upkeep\n|\n|t:|1783544979\n|switch|p1a: Ting-Lu|Ting-Lu, L78|47/100\n|-ability|p1a: Ting-Lu|Vessel of Ruin\n|turn|45\n|inactive|Time left: 300 sec this turn | 300 sec total\n|\n|t:|1783544980\n|-terastallize|p1a: Ting-Lu|Poison\n|move|p2a: Registeel|Body Press|p1a: Ting-Lu\n|-resisted|p1a: Ting-Lu\n|-damage|p1a: Ting-Lu|15/100\n|move|p1a: Ting-Lu|Whirlwind|p2a: Registeel\n|drag|p2a: Klawf|Klawf, L90, M|272/272\n|\n|-heal|p1a: Ting-Lu|21/100|[from] item: Leftovers\n|upkeep\n|turn|46\n|inactive|Time left: 300 sec this turn | 300 sec total\n|\n|t:|1783544981\n|move|p2a: Klawf|High Horsepower|p1a: Ting-Lu\n|-supereffective|p1a: Ting-Lu\n|-damage|p1a: Ting-Lu|0 fnt\n|faint|p1a: Ting-Lu\n|-damage|p2a: Klawf|245/272|[from] item: Life Orb\n|\n|win|p0y4467ac2", "uploadtime": 1783544981, "views": 0, "rating": 0, "private": 0, "password": null, "_winner": "p0y4467ac2", "_our_name": "p0y4467ac2"}