{"id": "battle-gen9randombattle-691", "formatid": "gen9randombattle", "format": "[Gen 9] Random Battle", "players": ["p0x69190a3", "p0y691de0c"], "log": "|init|battle\n|title|p0x69190a3 vs. p0y691de0c\n|j|\u2606p0x69190a3\n|j|\u2606p0y691de0c\n|t:|1783547149\n|gametype|singles\n|player|p1|p0x69190a3|169|\n|player|p2|p0y691de0c|170|\n|gen|9\n|tier|[Gen 9] Random Battle\n|rule|Species Clause: Limit one of each Pok\u00e9mon\n|rule|HP Percentage Mod: HP is shown in percentages\n|rule|Sleep Clause Mod: Limit one foe put to sleep\n|rule|Illusion Level Mod: Illusion disguises the Pok\u00e9mon's true level\n|\n|t:|1783547149\n|teamsize|p1|6\n|teamsize|p2|6\n|start\n|switch|p1a: Mimikyu|Mimikyu, L79, M|216/216\n|switch|p2a: Raichu|Raichu-Alola, L87, M|100/100\n|turn|1\n|inactive|Battle timer is ON: inactive players will automatically lose when time's up. (requested by p0x69190a3)\n|\n|t:|1783547150\n|switch|p2a: Hariyama|Hariyama, L87, F|100/100\n|move|p1a: Mimikyu|Swords Dance|p1a: Mimikyu\n|-boost|p1a: Mimikyu|atk|2\n|\n|upkeep\n|turn|2\n|inactive|Time left: 300 sec this turn | 300 sec total\n|inactive|p0y691de0c also wants the timer to be on.\n|\n|t:|1783547152\n|-terastallize|p2a: Hariyama|Steel\n|move|p1a: Mimikyu|Play Rough|p2a: Hariyama\n|-resisted|p2a: Hariyama\n|-damage|p2a: Hariyama|65/100\n|-unboost|p2a: Hariyama|atk|1\n|-damage|p1a: Mimikyu|195/216|[from] item: Life Orb\n|move|p2a: Hariyama|Heavy Slam|p1a: Mimikyu\n|-activate|p1a: Mimikyu|ability: Disguise\n|-damage|p1a: Mimikyu|195/216\n|detailschange|p1a: Mimikyu|Mimikyu-Busted, L79, M\n|-damage|p1a: Mimikyu|168/216|[from] pokemon: Mimikyu-Busted\n|\n|upkeep\n|turn|3\n|inactive|Time left: 300 sec this turn | 300 sec total\n|\n|t:|1783547153\n|switch|p2a: Amoonguss|Amoonguss, L82, F|100/100\n|move|p1a: Mimikyu|Drain Punch|p2a: Amoonguss\n|-resisted|p2a: Amoonguss\n|-crit|p2a: Amoonguss\n|-damage|p2a: Amoonguss|69/100\n|-heal|p1a: Mimikyu|216/216|[from] drain|[of] p2a: Amoonguss\n|-damage|p1a: Mimikyu|195/216|[from] item: Life Orb\n|\n|-heal|p2a: Amoonguss|76/100|[from] item: Leftovers\n|upkeep\n|turn|4\n|inactive|Time left: 300 sec this turn | 300 sec total\n|\n|t:|1783547154\n|move|p1a: Mimikyu|Play Rough|p2a: Amoonguss|[miss]\n|-miss|p1a: Mimikyu|p2a: Amoonguss\n|move|p2a: Amoonguss|Spore|p1a: Mimikyu\n|-status|p1a: Mimikyu|slp|[from] move: Spore\n|\n|-heal|p2a: Amoonguss|82/100|[from] item: Leftovers\n|upkeep\n|turn|5\n|inactive|Time left: 300 sec this turn | 300 sec total\n|\n|t:|1783547155\n|switch|p1a: Flygon|Flygon, L82, M|265/265\n|move|p2a: Amoonguss|Sludge Bomb|p1a: Flygon\n|-resisted|p1a: Flygon\n|-damage|p1a: Flygon|219/265\n|\n|-heal|p2a: Amoonguss|88/100|[from] item: Leftovers\n|upkeep\n|turn|6\n|inactive|Time left: 300 sec this turn | 300 sec total\n|\n|t:|1783547157\n|move|p1a: Flygon|Outrage|p2a: Amoonguss\n|-damage|p2a: Amoonguss|21/100\n|move|p2a: Amoonguss|Giga Drain|p1a: Flygon\n|-damage|p1a: Flygon|146/265\n|-heal|p2a: Amoonguss|32/100|[from] drain|[of] p1a: Flygon\n|\n|-heal|p2a: Amoonguss|39/100|[from] item: Leftovers\n|upkeep\n|turn|7\n|inactive|Time left: 300 sec this turn | 300 sec total\n|\n|t:|1783547158\n|switch|p2a: Dedenne|Dedenne, L88, M|100/100\n|move|p1a: Flygon|Outrage|p2a: Dedenne|[from] lockedmove\n|-immune|p2a: Dedenne\n|-start|p1a: Flygon|confusion|[fatigue]\n|\n|upkeep\n|turn|8\n|inactive|Time left: 300 sec this turn | 300 sec total\n|\n|t:|1783547159\n|switch|p1a: Drifblim|Drifblim, L86, M|396/396\n|move|p2a: Dedenne|Dazzling Gleam|p1a: Drifblim\n|-damage|p1a: Drifblim|288/396\n|\n|upkeep\n|turn|9\n|inactive|Time left: 300 sec this turn | 300 sec total\n|\n|t:|1783547160\n|move|p2a: Dedenne|Thunderbolt|p1a: Drifblim\n|-supereffective|p1a: Drifblim\n|-damage|p1a: Drifblim|18/396\n|-enditem|p1a: Drifblim|Sitrus Berry|[eat]\n|-heal|p1a: Drifblim|117/396|[from] item: Sitrus Berry\n|move|p1a: Drifblim|Shadow Ball|p2a: Dedenne\n|-damage|p2a: Dedenne|64/100\n|\n|upkeep\n|turn|10\n|inactive|Time left: 300 sec this turn | 300 sec total\n|\n|t:|1783547161\n|move|p1a: Drifblim|Strength Sap|p2a: Dedenne\n|-unboost|p2a: Dedenne|atk|1\n|-heal|p1a: Drifblim|269/396\n|move|p2a: Dedenne|Thunderbolt|p1a: Drifblim\n|-supereffective|p1a: Drifblim\n|-damage|p1a: Drifblim|5/396\n|-status|p1a: Drifblim|par\n|\n|upkeep\n|turn|11\n|inactive|Time left: 300 sec this turn | 300 sec total\n|\n|t:|1783547162\n|switch|p1a: Flygon|Flygon, L82, M|146/265\n|move|p2a: Dedenne|Dazzling Gleam|p1a: Flygon\n|-supereffective|p1a: Flygon\n|-damage|p1a: Flygon|0 fnt\n|faint|p1a: Flygon\n|\n|upkeep\n|inactive|Time left: 300 sec this turn | 300 sec total | 5 sec grace\n|\n|t:|1783547163\n|switch|p1a: Azelf|Azelf, L82|257/257\n|turn|12\n|inactive|Time left: 300 sec this turn | 300 sec total\n|\n|t:|1783547164\n|switch|p2a: Hariyama|Hariyama, L87, F, tera:Steel|65/100\n|move|p1a: Azelf|Psychic|p2a: Hariyama\n|-resisted|p2a: Hariyama\n|-damage|p2a: Hariyama|50/100\n|-unboost|p2a: Hariyama|spd|1\n|-damage|p1a: Azelf|232/257|[from] item: Life Orb\n|\n|upkeep\n|turn|13\n|inactive|Time left: 300 sec this turn | 300 sec total\n|\n|t:|1783547165\n|-terastallize|p1a: Azelf|Dark\n|move|p1a: Azelf|Knock Off|p2a: Hariyama\n|-damage|p2a: Hariyama|3/100\n|-enditem|p2a: Hariyama|Assault Vest|[from] move: Knock Off|[of] p1a: Azelf\n|-damage|p1a: Azelf|207/257|[from] item: Life Orb\n|move|p2a: Hariyama|Knock Off|p1a: Azelf\n|-resisted|p1a: Azelf\n|-damage|p1a: Azelf|154/257\n|-enditem|p1a: Azelf|Life Orb|[from] move: Knock Off|[of] p2a: Hariyama\n|\n|upkeep\n|turn|14\n|inactive|Time left: 300 sec this turn | 300 sec total\n|\n|t:|1783547167\n|move|p1a: Azelf|Knock Off|p2a: Hariyama\n|-damage|p2a: Hariyama|0 fnt\n|faint|p2a: Hariyama\n|\n|upkeep\n|\n|t:|1783547168\n|switch|p2a: Barraskewda|Barraskewda, L81, M|100/100\n|turn|15\n|inactive|Time left: 300 sec this turn | 300 sec total\n|\n|t:|1783547169\n|switch|p1a: Drifblim|Drifblim, L86, M|5/396 par\n|move|p2a: Barraskewda|Waterfall|p1a: Drifblim\n|-damage|p1a: Drifblim|0 fnt\n|faint|p1a: Drifblim\n|\n|upkeep\n|inactive|Time left: 300 sec this turn | 300 sec total | 5 sec grace\n|\n|t:|1783547170\n|switch|p1a: Rotom|Rotom-Mow, L87|229/229\n|turn|16\n|inactive|Time left: 300 sec this turn | 300 sec total\n|\n|t:|1783547171\n|switch|p2a: Amoonguss|Amoonguss, L82, F|72/100\n|move|p1a: Rotom|Volt Switch|p2a: Amoonguss\n|-resisted|p2a: Amoonguss\n|-damage|p2a: Amoonguss|57/100\n|inactive|Time left: 300 sec this turn | 300 sec total | 5 sec grace\n|\n|t:|1783547172\n|switch|p1a: Azelf|Azelf, L82, tera:Dark|154/257|[from] Volt Switch\n|\n|-heal|p2a: Amoonguss|63/100|[from] item: Leftovers\n|upkeep\n|turn|17\n|inactive|Time left: 300 sec this turn | 300 sec total\n|\n|t:|1783547173\n|switch|p2a: Dedenne|Dedenne, L88, M|64/100\n|move|p1a: Azelf|Knock Off|p2a: Dedenne\n|-resisted|p2a: Dedenne\n|-damage|p2a: Dedenne|35/100\n|-enditem|p2a: Dedenne|Sitrus Berry|[from] move: Knock Off|[of] p1a: Azelf\n|\n|upkeep\n|turn|18\n|inactive|Time left: 300 sec this turn | 300 sec total\n|\n|t:|1783547174\n|switch|p2a: Iron Boulder|Iron Boulder, L77|100/100\n|-enditem|p2a: Iron Boulder|Booster Energy\n|-activate|p2a: Iron Boulder|ability: Quark Drive|[fromitem]\n|-start|p2a: Iron Boulder|quarkdrivespe\n|move|p1a: Azelf|Psychic|p2a: Iron Boulder\n|-resisted|p2a: Iron Boulder\n|-damage|p2a: Iron Boulder|81/100\n|-unboost|p2a: Iron Boulder|spd|1\n|\n|upkeep\n|turn|19\n|inactive|Time left: 300 sec this turn | 300 sec total\n|\n|t:|1783547175\n|move|p2a: Iron Boulder|Close Combat|p1a: Azelf\n|-supereffective|p1a: Azelf\n|-damage|p1a: Azelf|0 fnt\n|-unboost|p2a: Iron Boulder|def|1\n|-unboost|p2a: Iron Boulder|spd|1\n|faint|p1a: Azelf\n|\n|upkeep\n|inactive|Time left: 300 sec this turn | 300 sec total | 5 sec grace\n|\n|t:|1783547176\n|switch|p1a: Palafin|Palafin, L77, M|281/281\n|turn|20\n|inactive|Time left: 300 sec this turn | 300 sec total\n|\n|t:|1783547177\n|-end|p2a: Iron Boulder|Quark Drive|[silent]\n|switch|p2a: Amoonguss|Amoonguss, L82, F|96/100\n|move|p1a: Palafin|Bulk Up|p1a: Palafin\n|-boost|p1a: Palafin|atk|1\n|-boost|p1a: Palafin|def|1\n|\n|-heal|p2a: Amoonguss|100/100|[from] item: Leftovers\n|upkeep\n|turn|21\n|inactive|Time left: 300 sec this turn | 300 sec total\n|\n|t:|1783547177\n|detailschange|p1a: Palafin|Palafin-Hero, L77, M\n|switch|p1a: Rotom|Rotom-Mow, L87|229/229\n|move|p2a: Amoonguss|Giga Drain|p1a: Rotom\n|-resisted|p1a: Rotom\n|-damage|p1a: Rotom|202/229\n|\n|upkeep\n|turn|22\n|inactive|Time left: 300 sec this turn | 300 sec total\n|\n|t:|1783547178\n|move|p1a: Rotom|Volt Switch|p2a: Amoonguss\n|-resisted|p2a: Amoonguss\n|-damage|p2a: Amoonguss|87/100\n|inactive|Time left: 300 sec this turn | 300 sec total | 5 sec grace\n|\n|t:|1783547179\n|switch|p1a: Mimikyu|Mimikyu-Busted, L79, M|195/216 slp|[from] Volt Switch\n|move|p2a: Amoonguss|Sludge Bomb|p1a: Mimikyu\n|-damage|p1a: Mimikyu|125/216 slp\n|\n|-heal|p2a: Amoonguss|94/100|[from] item: Leftovers\n|upkeep\n|turn|23\n|inactive|Time left: 300 sec this turn | 300 sec total\n|\n|t:|1783547180\n|switch|p1a: Palafin|Palafin-Hero, L77, M|281/281\n|-activate|p1a: Palafin|ability: Zero to Hero\n|move|p2a: Amoonguss|Giga Drain|p1a: Palafin\n|-supereffective|p1a: Palafin\n|-damage|p1a: Palafin|137/281\n|-heal|p2a: Amoonguss|100/100|[from] drain|[of] p1a: Palafin\n|\n|-heal|p1a: Palafin|154/281|[from] item: Leftovers\n|upkeep\n|turn|24\n|inactive|Time left: 300 sec this turn | 300 sec total\n|\n|t:|1783547181\n|switch|p1a: Rotom|Rotom-Mow, L87|202/229\n|move|p2a: Amoonguss|Giga Drain|p1a: Rotom\n|-resisted|p1a: Rotom\n|-damage|p1a: Rotom|175/229\n|\n|upkeep\n|turn|25\n|inactive|Time left: 300 sec this turn | 300 sec total\n|\n|t:|1783547182\n|move|p1a: Rotom|Thunderbolt|p2a: Amoonguss\n|-resisted|p2a: Amoonguss\n|-damage|p2a: Amoonguss|81/100\n|move|p2a: Amoonguss|Sludge Bomb|p1a: Rotom\n|-supereffective|p1a: Rotom\n|-damage|p1a: Rotom|49/229\n|-status|p1a: Rotom|psn\n|\n|-heal|p2a: Amoonguss|88/100|[from] item: Leftovers\n|-damage|p1a: Rotom|21/229 psn|[from] psn\n|upkeep\n|turn|26\n|inactive|Time left: 300 sec this turn | 300 sec total\n|\n|t:|1783547183\n|move|p1a: Rotom|Thunderbolt|p2a: Amoonguss\n|-resisted|p2a: Amoonguss\n|-damage|p2a: Amoonguss|70/100\n|move|p2a: Amoonguss|Giga Drain|p1a: Rotom\n|-resisted|p1a: Rotom\n|-damage|p1a: Rotom|0 fnt\n|-heal|p2a: Amoonguss|74/100|[from] drain|[of] p1a: Rotom\n|faint|p1a: Rotom\n|\n|-heal|p2a: Amoonguss|80/100|[from] item: Leftovers\n|upkeep\n|inactive|Time left: 300 sec this turn | 300 sec total | 5 sec grace\n|\n|t:|1783547184\n|switch|p1a: Mimikyu|Mimikyu-Busted, L79, M|125/216 slp\n|turn|27\n|inactive|Time left: 300 sec this turn | 300 sec total\n|\n|t:|1783547184\n|cant|p1a: Mimikyu|slp\n|move|p2a: Amoonguss|Giga Drain|p1a: Mimikyu\n|-damage|p1a: Mimikyu|65/216 slp\n|-heal|p2a: Amoonguss|89/100|[from] drain|[of] p1a: Mimikyu\n|\n|-heal|p2a: Amoonguss|96/100|[from] item: Leftovers\n|upkeep\n|turn|28\n|inactive|Time left: 300 sec this turn | 300 sec total\n|\n|t:|1783547185\n|cant|p1a: Mimikyu|slp\n|move|p2a: Amoonguss|Sludge Bomb|p1a: Mimikyu\n|-damage|p1a: Mimikyu|0 fnt\n|faint|p1a: Mimikyu\n|\n|-heal|p2a: Amoonguss|100/100|[from] item: Leftovers\n|upkeep\n|inactive|Time left: 300 sec this turn | 300 sec total | 5 sec grace\n|\n|t:|1783547186\n|switch|p1a: Palafin|Palafin-Hero, L77, M|154/281\n|turn|29\n|inactive|Time left: 300 sec this turn | 300 sec total\n|\n|t:|1783547187\n|move|p1a: Palafin|Ice Punch|p2a: Amoonguss\n|-supereffective|p2a: Amoonguss\n|-crit|p2a: Amoonguss\n|-damage|p2a: Amoonguss|29/100\n|move|p2a: Amoonguss|Giga Drain|p1a: Palafin\n|-supereffective|p1a: Palafin\n|-damage|p1a: Palafin|10/281\n|-heal|p2a: Amoonguss|52/100|[from] drain|[of] p1a: Palafin\n|\n|-heal|p1a: Palafin|27/281|[from] item: Leftovers\n|-heal|p2a: Amoonguss|58/100|[from] item: Leftovers\n|upkeep\n|turn|30\n|inactive|Time left: 300 sec this turn | 300 sec total\n|\n|t:|1783547188\n|move|p1a: Palafin|Ice Punch|p2a: Amoonguss\n|-supereffective|p2a: Amoonguss\n|-damage|p2a: Amoonguss|4/100\n|move|p2a: Amoonguss|Giga Drain|p1a: Palafin\n|-supereffective|p1a: Palafin\n|-damage|p1a: Palafin|0 fnt\n|-heal|p2a: Amoonguss|8/100|[from] drain|[of] p1a: Palafin\n|faint|p1a: Palafin\n|\n|win|p0y691de0c", "uploadtime": 1783547188, "views": 0, "rating": 0, "private": 0, "password": null, "_winner": "p0y691de0c", "_our_name": "p0x69190a3"}