{"id": "battle-gen9randombattle-170", "formatid": "gen9randombattle", "format": "[Gen 9] Random Battle", "players": ["p0x1706f5b", "p0y17043ed"], "log": "|init|battle\n|title|p0x1706f5b vs. p0y17043ed\n|j|\u2606p0x1706f5b\n|j|\u2606p0y17043ed\n|t:|1783541108\n|gametype|singles\n|player|p1|p0x1706f5b|265|\n|player|p2|p0y17043ed|170|\n|gen|9\n|tier|[Gen 9] Random Battle\n|rule|Species Clause: Limit one of each Pok\u00e9mon\n|rule|HP Percentage Mod: HP is shown in percentages\n|rule|Sleep Clause Mod: Limit one foe put to sleep\n|rule|Illusion Level Mod: Illusion disguises the Pok\u00e9mon's true level\n|\n|t:|1783541108\n|teamsize|p1|6\n|teamsize|p2|6\n|start\n|switch|p1a: Torterra|Torterra, L78, F|276/276\n|switch|p2a: Sableye|Sableye, L88, M|100/100\n|turn|1\n|inactive|Battle timer is ON: inactive players will automatically lose when time's up. (requested by p0x1706f5b)\n|\n|t:|1783541109\n|move|p2a: Sableye|Will-O-Wisp|p1a: Torterra\n|-status|p1a: Torterra|brn\n|move|p1a: Torterra|Shell Smash|p1a: Torterra\n|-unboost|p1a: Torterra|def|1\n|-unboost|p1a: Torterra|spd|1\n|-boost|p1a: Torterra|atk|2\n|-boost|p1a: Torterra|spa|2\n|-boost|p1a: Torterra|spe|2\n|\n|-damage|p1a: Torterra|259/276 brn|[from] brn\n|upkeep\n|turn|2\n|inactive|Time left: 300 sec this turn | 300 sec total\n|inactive|p0y17043ed also wants the timer to be on.\n|\n|t:|1783541110\n|move|p2a: Sableye|Encore|p1a: Torterra\n|-start|p1a: Torterra|Encore\n|move|p1a: Torterra|Shell Smash|p1a: Torterra\n|-unboost|p1a: Torterra|def|1\n|-unboost|p1a: Torterra|spd|1\n|-boost|p1a: Torterra|atk|2\n|-boost|p1a: Torterra|spa|2\n|-boost|p1a: Torterra|spe|2\n|\n|-damage|p1a: Torterra|242/276 brn|[from] brn\n|upkeep\n|turn|3\n|inactive|Time left: 300 sec this turn | 300 sec total\n|\n|t:|1783541111\n|move|p1a: Torterra|Shell Smash|p1a: Torterra\n|-unboost|p1a: Torterra|def|1\n|-unboost|p1a: Torterra|spd|1\n|-boost|p1a: Torterra|atk|2\n|-boost|p1a: Torterra|spa|2\n|-boost|p1a: Torterra|spe|2\n|move|p2a: Sableye|Knock Off|p1a: Torterra\n|-crit|p1a: Torterra\n|-damage|p1a: Torterra|0 fnt\n|-enditem|p1a: Torterra|Loaded Dice|[from] move: Knock Off|[of] p2a: Sableye\n|faint|p1a: Torterra\n|\n|upkeep\n|inactive|Time left: 300 sec this turn | 300 sec total | 5 sec grace\n|\n|t:|1783541112\n|switch|p1a: Qwilfish|Qwilfish-Hisui, L83, M|244/244\n|-ability|p1a: Qwilfish|Intimidate|boost\n|-unboost|p2a: Sableye|atk|1\n|turn|4\n|inactive|Time left: 300 sec this turn | 300 sec total\n|\n|t:|1783541113\n|switch|p2a: Salamence|Salamence, L77, F|100/100\n|-ability|p2a: Salamence|Intimidate|boost\n|-unboost|p1a: Qwilfish|atk|1\n|move|p1a: Qwilfish|Crunch|p2a: Salamence\n|-crit|p2a: Salamence\n|-damage|p2a: Salamence|45/100\n|\n|upkeep\n|turn|5\n|inactive|Time left: 300 sec this turn | 300 sec total\n|\n|t:|1783541115\n|switch|p1a: Iron Hands|Iron Hands, L79|373/373\n|move|p2a: Salamence|Outrage|p1a: Iron Hands\n|-damage|p1a: Iron Hands|244/373\n|\n|upkeep\n|turn|6\n|inactive|Time left: 300 sec this turn | 300 sec total\n|\n|t:|1783541116\n|move|p1a: Iron Hands|Fake Out|p2a: Salamence\n|-damage|p2a: Salamence|31/100\n|cant|p2a: Salamence|flinch\n|\n|upkeep\n|turn|7\n|inactive|Time left: 300 sec this turn | 300 sec total\n|\n|t:|1783541117\n|move|p2a: Salamence|Outrage|p1a: Iron Hands\n|-damage|p1a: Iron Hands|121/373\n|move|p1a: Iron Hands|Thunder Punch|p2a: Salamence\n|-damage|p2a: Salamence|0 fnt\n|faint|p2a: Salamence\n|\n|upkeep\n|\n|t:|1783541118\n|switch|p2a: Baxcalibur|Baxcalibur, L75, F|100/100\n|turn|8\n|inactive|Time left: 300 sec this turn | 300 sec total\n|\n|t:|1783541119\n|-end|p1a: Iron Hands|Quark Drive|[silent]\n|switch|p1a: Qwilfish|Qwilfish-Hisui, L83, M|244/244\n|-ability|p1a: Qwilfish|Intimidate|boost\n|-unboost|p2a: Baxcalibur|atk|1\n|move|p2a: Baxcalibur|Glaive Rush|p1a: Qwilfish\n|-damage|p1a: Qwilfish|138/244\n|-singlemove|p2a: Baxcalibur|Glaive Rush|[silent]\n|\n|upkeep\n|turn|9\n|inactive|Time left: 300 sec this turn | 300 sec total\n|\n|t:|1783541120\n|move|p1a: Qwilfish|Gunk Shot|p2a: Baxcalibur\n|-crit|p2a: Baxcalibur\n|-damage|p2a: Baxcalibur|0 fnt\n|faint|p2a: Baxcalibur\n|\n|upkeep\n|\n|t:|1783541121\n|switch|p2a: Pincurchin|Pincurchin, F|100/100\n|-fieldstart|move: Electric Terrain|[from] ability: Electric Surge|[of] p2a: Pincurchin\n|turn|10\n|inactive|Time left: 300 sec this turn | 300 sec total\n|\n|t:|1783541122\n|switch|p1a: Groudon|Groudon, L72|263/263\n|-weather|SunnyDay|[from] ability: Drought|[of] p1a: Groudon\n|move|p2a: Pincurchin|Thunderbolt|p1a: Groudon\n|-immune|p1a: Groudon\n|\n|-weather|SunnyDay|[upkeep]\n|upkeep\n|turn|11\n|inactive|Time left: 300 sec this turn | 300 sec total\n|\n|t:|1783541123\n|move|p1a: Groudon|Swords Dance|p1a: Groudon\n|-boost|p1a: Groudon|atk|2\n|move|p2a: Pincurchin|Scald|p1a: Groudon\n|-supereffective|p1a: Groudon\n|-damage|p1a: Groudon|171/263\n|\n|-weather|SunnyDay|[upkeep]\n|-heal|p1a: Groudon|187/263|[from] item: Leftovers\n|upkeep\n|turn|12\n|inactive|Time left: 300 sec this turn | 300 sec total\n|\n|t:|1783541124\n|-terastallize|p2a: Pincurchin|Water\n|move|p1a: Groudon|Precipice Blades|p2a: Pincurchin\n|-damage|p2a: Pincurchin|21/100\n|move|p2a: Pincurchin|Scald|p1a: Groudon\n|-supereffective|p1a: Groudon\n|-damage|p1a: Groudon|53/263\n|-status|p1a: Groudon|brn\n|\n|-weather|SunnyDay|[upkeep]\n|-heal|p1a: Groudon|69/263 brn|[from] item: Leftovers\n|-heal|p2a: Pincurchin|28/100|[from] item: Leftovers\n|-damage|p1a: Groudon|53/263 brn|[from] brn\n|upkeep\n|turn|13\n|inactive|Time left: 300 sec this turn | 300 sec total\n|\n|t:|1783541125\n|switch|p2a: Drifblim|Drifblim, L86, F|100/100\n|move|p1a: Groudon|Precipice Blades|p2a: Drifblim\n|-immune|p2a: Drifblim\n|\n|-weather|SunnyDay|[upkeep]\n|-heal|p1a: Groudon|69/263 brn|[from] item: Leftovers\n|-damage|p1a: Groudon|53/263 brn|[from] brn\n|upkeep\n|turn|14\n|inactive|Time left: 300 sec this turn | 300 sec total\n|\n|t:|1783541125\n|move|p2a: Drifblim|Shadow Ball|p1a: Groudon\n|-damage|p1a: Groudon|0 fnt\n|faint|p1a: Groudon\n|\n|-weather|none\n|-fieldend|move: Electric Terrain\n|upkeep\n|inactive|Time left: 300 sec this turn | 300 sec total | 5 sec grace\n|\n|t:|1783541126\n|switch|p1a: Qwilfish|Qwilfish-Hisui, L83, M|138/244\n|-ability|p1a: Qwilfish|Intimidate|boost\n|-unboost|p2a: Drifblim|atk|1\n|turn|15\n|inactive|Time left: 300 sec this turn | 300 sec total\n|\n|t:|1783541127\n|move|p1a: Qwilfish|Crunch|p2a: Drifblim\n|-supereffective|p2a: Drifblim\n|-damage|p2a: Drifblim|40/100\n|-unboost|p2a: Drifblim|def|1\n|-enditem|p2a: Drifblim|Sitrus Berry|[eat]\n|-heal|p2a: Drifblim|65/100|[from] item: Sitrus Berry\n|move|p2a: Drifblim|Strength Sap|p1a: Qwilfish\n|-unboost|p1a: Qwilfish|atk|1\n|-heal|p2a: Drifblim|100/100\n|\n|upkeep\n|turn|16\n|inactive|Time left: 300 sec this turn | 300 sec total\n|\n|t:|1783541128\n|switch|p2a: Pincurchin|Pincurchin, F, tera:Water|28/100\n|-fieldstart|move: Electric Terrain|[from] ability: Electric Surge|[of] p2a: Pincurchin\n|move|p1a: Qwilfish|Crunch|p2a: Pincurchin\n|-damage|p2a: Pincurchin|11/100\n|\n|-heal|p2a: Pincurchin|18/100|[from] item: Leftovers\n|upkeep\n|turn|17\n|inactive|Time left: 300 sec this turn | 300 sec total\n|\n|t:|1783541129\n|move|p1a: Qwilfish|Gunk Shot|p2a: Pincurchin\n|-damage|p2a: Pincurchin|0 fnt\n|faint|p2a: Pincurchin\n|\n|upkeep\n|\n|t:|1783541130\n|switch|p2a: Camerupt|Camerupt, L91, M|100/100\n|turn|18\n|inactive|Time left: 300 sec this turn | 300 sec total\n|\n|t:|1783541131\n|switch|p1a: Mesprit|Mesprit, L85|275/275\n|move|p2a: Camerupt|Earthquake|p1a: Mesprit\n|-immune|p1a: Mesprit|[from] ability: Levitate\n|\n|upkeep\n|turn|19\n|inactive|Time left: 300 sec this turn | 300 sec total\n|\n|t:|1783541132\n|move|p1a: Mesprit|Psychic Noise|p2a: Camerupt\n|-damage|p2a: Camerupt|64/100\n|-start|p2a: Camerupt|move: Heal Block\n|move|p2a: Camerupt|Will-O-Wisp|p1a: Mesprit|[miss]\n|-miss|p2a: Camerupt|p1a: Mesprit\n|\n|upkeep\n|turn|20\n|inactive|Time left: 300 sec this turn | 300 sec total\n|\n|t:|1783541133\n|move|p1a: Mesprit|Psychic Noise|p2a: Camerupt\n|-damage|p2a: Camerupt|32/100\n|move|p2a: Camerupt|Will-O-Wisp|p1a: Mesprit\n|-status|p1a: Mesprit|brn\n|\n|-damage|p1a: Mesprit|258/275 brn|[from] brn\n|-end|p2a: Camerupt|move: Heal Block\n|-fieldend|move: Electric Terrain\n|upkeep\n|turn|21\n|inactive|Time left: 300 sec this turn | 300 sec total\n|\n|t:|1783541134\n|move|p1a: Mesprit|Psychic Noise|p2a: Camerupt\n|-damage|p2a: Camerupt|1/100\n|-start|p2a: Camerupt|move: Heal Block\n|move|p2a: Camerupt|Stealth Rock|p1a: Mesprit\n|-sidestart|p1: p0x1706f5b|move: Stealth Rock\n|\n|-heal|p1a: Mesprit|275/275 brn|[from] item: Leftovers\n|-damage|p1a: Mesprit|258/275 brn|[from] brn\n|upkeep\n|turn|22\n|inactive|Time left: 300 sec this turn | 300 sec total\n|\n|t:|1783541135\n|switch|p2a: Drifblim|Drifblim, L86, F|100/100\n|move|p1a: Mesprit|U-turn|p2a: Drifblim\n|-resisted|p2a: Drifblim\n|-damage|p2a: Drifblim|98/100\n|inactive|Time left: 300 sec this turn | 300 sec total | 5 sec grace\n|\n|t:|1783541136\n|switch|p1a: Qwilfish|Qwilfish-Hisui, L83, M|138/244|[from] U-turn\n|-damage|p1a: Qwilfish|108/244|[from] Stealth Rock\n|-ability|p1a: Qwilfish|Intimidate|boost\n|-unboost|p2a: Drifblim|atk|1\n|\n|upkeep\n|turn|23\n|inactive|Time left: 300 sec this turn | 300 sec total\n|\n|t:|1783541137\n|move|p1a: Qwilfish|Crunch|p2a: Drifblim\n|-supereffective|p2a: Drifblim\n|-damage|p2a: Drifblim|31/100\n|move|p2a: Drifblim|Strength Sap|p1a: Qwilfish\n|-unboost|p1a: Qwilfish|atk|1\n|-heal|p2a: Drifblim|82/100\n|\n|upkeep\n|turn|24\n|inactive|Time left: 300 sec this turn | 300 sec total\n|\n|t:|1783541138\n|move|p1a: Qwilfish|Crunch|p2a: Drifblim\n|-supereffective|p2a: Drifblim\n|-damage|p2a: Drifblim|38/100\n|move|p2a: Drifblim|Strength Sap|p1a: Qwilfish\n|-unboost|p1a: Qwilfish|atk|1\n|-heal|p2a: Drifblim|72/100\n|\n|upkeep\n|turn|25\n|inactive|Time left: 300 sec this turn | 300 sec total\n|\n|t:|1783541139\n|move|p1a: Qwilfish|Crunch|p2a: Drifblim\n|-supereffective|p2a: Drifblim\n|-damage|p2a: Drifblim|37/100\n|move|p2a: Drifblim|Strength Sap|p1a: Qwilfish\n|-unboost|p1a: Qwilfish|atk|1\n|-heal|p2a: Drifblim|63/100\n|\n|upkeep\n|turn|26\n|inactive|Time left: 300 sec this turn | 300 sec total\n|\n|t:|1783541140\n|move|p1a: Qwilfish|Crunch|p2a: Drifblim\n|-supereffective|p2a: Drifblim\n|-damage|p2a: Drifblim|37/100\n|move|p2a: Drifblim|Strength Sap|p1a: Qwilfish\n|-unboost|p1a: Qwilfish|atk|1\n|-heal|p2a: Drifblim|58/100\n|\n|upkeep\n|turn|27\n|inactive|Time left: 300 sec this turn | 300 sec total\n|\n|t:|1783541141\n|switch|p1a: Iron Hands|Iron Hands, L79|121/373\n|-damage|p1a: Iron Hands|98/373|[from] Stealth Rock\n|move|p2a: Drifblim|Strength Sap|p1a: Iron Hands\n|-unboost|p1a: Iron Hands|atk|1\n|-heal|p2a: Drifblim|100/100\n|\n|upkeep\n|turn|28\n|inactive|Time left: 300 sec this turn | 300 sec total\n|\n|t:|1783541142\n|move|p2a: Drifblim|Calm Mind|p2a: Drifblim\n|-boost|p2a: Drifblim|spa|1\n|-boost|p2a: Drifblim|spd|1\n|move|p1a: Iron Hands|Thunder Punch|p2a: Drifblim\n|-supereffective|p2a: Drifblim\n|-damage|p2a: Drifblim|46/100\n|\n|upkeep\n|turn|29\n|inactive|Time left: 300 sec this turn | 300 sec total\n|\n|t:|1783541143\n|move|p2a: Drifblim|Strength Sap|p1a: Iron Hands\n|-unboost|p1a: Iron Hands|atk|1\n|-heal|p2a: Drifblim|91/100\n|move|p1a: Iron Hands|Thunder Punch|p2a: Drifblim\n|-supereffective|p2a: Drifblim\n|-damage|p2a: Drifblim|56/100\n|\n|upkeep\n|turn|30\n|inactive|Time left: 300 sec this turn | 300 sec total\n|\n|t:|1783541144\n|move|p2a: Drifblim|Air Slash|p1a: Iron Hands\n|-damage|p1a: Iron Hands|0 fnt\n|faint|p1a: Iron Hands\n|-end|p1a: Iron Hands|Quark Drive|[silent]\n|\n|upkeep\n|inactive|Time left: 300 sec this turn | 300 sec total | 5 sec grace\n|\n|t:|1783541145\n|switch|p1a: Qwilfish|Qwilfish-Hisui, L83, M|108/244\n|-damage|p1a: Qwilfish|78/244|[from] Stealth Rock\n|-ability|p1a: Qwilfish|Intimidate|boost\n|-unboost|p2a: Drifblim|atk|1\n|turn|31\n|inactive|Time left: 300 sec this turn | 300 sec total\n|\n|t:|1783541146\n|switch|p2a: Sableye|Sableye, L88, M|100/100\n|move|p1a: Qwilfish|Crunch|p2a: Sableye\n|-damage|p2a: Sableye|62/100\n|\n|-heal|p2a: Sableye|68/100|[from] item: Leftovers\n|upkeep\n|turn|32\n|inactive|Time left: 300 sec this turn | 300 sec total\n|\n|t:|1783541147\n|move|p1a: Qwilfish|Crunch|p2a: Sableye\n|-damage|p2a: Sableye|30/100\n|move|p2a: Sableye|Knock Off|p1a: Qwilfish\n|-resisted|p1a: Qwilfish\n|-damage|p1a: Qwilfish|48/244\n|-enditem|p1a: Qwilfish|Eviolite|[from] move: Knock Off|[of] p2a: Sableye\n|\n|-heal|p2a: Sableye|36/100|[from] item: Leftovers\n|upkeep\n|turn|33\n|inactive|Time left: 300 sec this turn | 300 sec total\n|\n|t:|1783541149\n|switch|p2a: Camerupt|Camerupt, L91, M|1/100\n|move|p1a: Qwilfish|Crunch|p2a: Camerupt\n|-damage|p2a: Camerupt|0 fnt\n|faint|p2a: Camerupt\n|\n|upkeep\n|\n|t:|1783541149\n|switch|p2a: Drifblim|Drifblim, L86, F|56/100\n|turn|34\n|inactive|Time left: 300 sec this turn | 300 sec total\n|\n|t:|1783541150\n|move|p1a: Qwilfish|Crunch|p2a: Drifblim\n|-supereffective|p2a: Drifblim\n|-damage|p2a: Drifblim|0 fnt\n|faint|p2a: Drifblim\n|\n|upkeep\n|\n|t:|1783541151\n|switch|p2a: Sableye|Sableye, L88, M|36/100\n|turn|35\n|inactive|Time left: 300 sec this turn | 300 sec total\n|\n|t:|1783541152\n|move|p2a: Sableye|Recover|p2a: Sableye\n|-heal|p2a: Sableye|86/100\n|move|p1a: Qwilfish|Crunch|p2a: Sableye\n|-damage|p2a: Sableye|45/100\n|\n|-heal|p2a: Sableye|51/100|[from] item: Leftovers\n|upkeep\n|turn|36\n|inactive|Time left: 300 sec this turn | 300 sec total\n|\n|t:|1783541153\n|move|p1a: Qwilfish|Crunch|p2a: Sableye\n|-damage|p2a: Sableye|16/100\n|move|p2a: Sableye|Knock Off|p1a: Qwilfish\n|-resisted|p1a: Qwilfish\n|-damage|p1a: Qwilfish|13/244\n|\n|-heal|p2a: Sableye|22/100|[from] item: Leftovers\n|upkeep\n|turn|37\n|inactive|Time left: 300 sec this turn | 300 sec total\n|\n|t:|1783541154\n|move|p1a: Qwilfish|Crunch|p2a: Sableye\n|-damage|p2a: Sableye|0 fnt\n|faint|p2a: Sableye\n|\n|win|p0x1706f5b", "uploadtime": 1783541154, "views": 0, "rating": 0, "private": 0, "password": null, "_winner": "p0x1706f5b", "_our_name": "p0x1706f5b"}