{"id": "battle-gen9randombattle-2555", "formatid": "gen9randombattle", "format": "[Gen 9] Random Battle", "players": ["p0x2555f5b5", "p0y2555b873"], "log": "|init|battle\n|title|p0x2555f5b5 vs. p0y2555b873\n|j|\u2606p0x2555f5b5\n|j|\u2606p0y2555b873\n|t:|1783568599\n|gametype|singles\n|player|p1|p0x2555f5b5|101|\n|player|p2|p0y2555b873|169|\n|gen|9\n|tier|[Gen 9] Random Battle\n|rule|Species Clause: Limit one of each Pok\u00e9mon\n|rule|HP Percentage Mod: HP is shown in percentages\n|rule|Sleep Clause Mod: Limit one foe put to sleep\n|rule|Illusion Level Mod: Illusion disguises the Pok\u00e9mon's true level\n|\n|t:|1783568599\n|teamsize|p1|6\n|teamsize|p2|6\n|start\n|switch|p1a: Golem|Golem-Alola, L93, M|300/300\n|switch|p2a: Skeledirge|Skeledirge, L79, F|100/100\n|turn|1\n|inactive|Battle timer is ON: inactive players will automatically lose when time's up. (requested by p0y2555b873)\n|inactive|Time left: 300 sec this turn | 300 sec total | 60 sec grace\n|inactive|p0x2555f5b5 also wants the timer to be on.\n|\n|t:|1783568600\n|switch|p2a: Exeggutor|Exeggutor-Alola, L89, M|100/100\n|-item|p1a: Golem|Life Orb|[from] ability: Frisk|[of] p2a: Exeggutor\n|move|p1a: Golem|Stone Edge|p2a: Exeggutor\n|-damage|p2a: Exeggutor|39/100\n|-damage|p1a: Golem|270/300|[from] item: Life Orb\n|\n|upkeep\n|turn|2\n|inactive|Time left: 300 sec this turn | 300 sec total\n|\n|t:|1783568601\n|move|p1a: Golem|Stone Edge|p2a: Exeggutor\n|-damage|p2a: Exeggutor|0 fnt\n|faint|p2a: Exeggutor\n|-damage|p1a: Golem|240/300|[from] item: Life Orb\n|\n|upkeep\n|\n|t:|1783568602\n|switch|p2a: Basculin|Basculin, L86, F|100/100\n|turn|3\n|inactive|Time left: 300 sec this turn | 300 sec total\n|\n|t:|1783568603\n|switch|p1a: Appletun|Appletun, L92, M|352/352\n|move|p2a: Basculin|Wave Crash|p1a: Appletun\n|-resisted|p1a: Appletun\n|-damage|p1a: Appletun|294/352\n|-damage|p2a: Basculin|93/100|[from] Recoil\n|\n|-heal|p1a: Appletun|316/352|[from] item: Leftovers\n|upkeep\n|turn|4\n|inactive|Time left: 300 sec this turn | 300 sec total\n|\n|t:|1783568604\n|switch|p2a: Vikavolt|Vikavolt, L83, M|100/100\n|move|p1a: Appletun|Apple Acid|p2a: Vikavolt\n|-resisted|p2a: Vikavolt\n|-damage|p2a: Vikavolt|77/100\n|-unboost|p2a: Vikavolt|spd|1\n|\n|-heal|p1a: Appletun|338/352|[from] item: Leftovers\n|upkeep\n|turn|5\n|inactive|Time left: 300 sec this turn | 300 sec total\n|\n|t:|1783568605\n|move|p2a: Vikavolt|Sticky Web|p1a: Appletun\n|-sidestart|p1: p0x2555f5b5|move: Sticky Web\n|move|p1a: Appletun|Draco Meteor|p2a: Vikavolt\n|-damage|p2a: Vikavolt|0 fnt\n|-unboost|p1a: Appletun|spa|2\n|faint|p2a: Vikavolt\n|\n|-heal|p1a: Appletun|352/352|[from] item: Leftovers\n|upkeep\n|\n|t:|1783568606\n|switch|p2a: Gardevoir|Gardevoir, L83, M|100/100\n|-ability|p2a: Gardevoir|Thick Fat|Trace|[from] ability: Trace|[of] p1a: Appletun\n|turn|6\n|inactive|Time left: 300 sec this turn | 300 sec total\n|\n|t:|1783568607\n|switch|p1a: Toucannon|Toucannon, L88, M|284/284\n|move|p2a: Gardevoir|Moonblast|p1a: Toucannon\n|-damage|p1a: Toucannon|161/284\n|\n|upkeep\n|turn|7\n|inactive|Time left: 300 sec this turn | 300 sec total\n|\n|t:|1783568608\n|-terastallize|p1a: Toucannon|Steel\n|-singleturn|p1a: Toucannon|move: Beak Blast\n|move|p2a: Gardevoir|Moonblast|p1a: Toucannon\n|-resisted|p1a: Toucannon\n|-damage|p1a: Toucannon|96/284\n|move|p1a: Toucannon|Beak Blast|p2a: Gardevoir\n|-damage|p2a: Gardevoir|28/100\n|\n|upkeep\n|turn|8\n|inactive|Time left: 300 sec this turn | 300 sec total\n|\n|t:|1783568609\n|move|p2a: Gardevoir|Moonblast|p1a: Toucannon\n|-resisted|p1a: Toucannon\n|-damage|p1a: Toucannon|30/284\n|-unboost|p1a: Toucannon|spa|1\n|move|p1a: Toucannon|Roost|p1a: Toucannon\n|-heal|p1a: Toucannon|172/284\n|\n|upkeep\n|turn|9\n|inactive|Time left: 300 sec this turn | 300 sec total\n|\n|t:|1783568610\n|-singleturn|p1a: Toucannon|move: Beak Blast\n|move|p2a: Gardevoir|Moonblast|p1a: Toucannon\n|-resisted|p1a: Toucannon\n|-damage|p1a: Toucannon|111/284\n|move|p1a: Toucannon|Beak Blast|p2a: Gardevoir\n|-damage|p2a: Gardevoir|0 fnt\n|faint|p2a: Gardevoir\n|\n|upkeep\n|\n|t:|1783568611\n|switch|p2a: Skeledirge|Skeledirge, L79, F|100/100\n|turn|10\n|inactive|Time left: 300 sec this turn | 300 sec total\n|\n|t:|1783568612\n|switch|p1a: Golem|Golem-Alola, L93, M|240/300\n|-activate|p1a: Golem|move: Sticky Web\n|-unboost|p1a: Golem|spe|1\n|move|p2a: Skeledirge|Torch Song|p1a: Golem\n|-resisted|p1a: Golem\n|-damage|p1a: Golem|192/300\n|-boost|p2a: Skeledirge|spa|1\n|\n|upkeep\n|turn|11\n|inactive|Time left: 300 sec this turn | 300 sec total\n|\n|t:|1783568613\n|move|p2a: Skeledirge|Shadow Ball|p1a: Golem\n|-damage|p1a: Golem|48/300\n|move|p1a: Golem|Stone Edge|p2a: Skeledirge\n|-supereffective|p2a: Skeledirge\n|-damage|p2a: Skeledirge|0 fnt\n|faint|p2a: Skeledirge\n|-damage|p1a: Golem|18/300|[from] item: Life Orb\n|\n|upkeep\n|\n|t:|1783568614\n|switch|p2a: Basculin|Basculin, L86, F|93/100\n|turn|12\n|inactive|Time left: 300 sec this turn | 300 sec total\n|\n|t:|1783568615\n|switch|p1a: Appletun|Appletun, L92, M|352/352\n|-activate|p1a: Appletun|move: Sticky Web\n|-unboost|p1a: Appletun|spe|1\n|move|p2a: Basculin|Flip Turn|p1a: Appletun\n|-resisted|p1a: Appletun\n|-damage|p1a: Appletun|321/352\n|\n|t:|1783568616\n|switch|p2a: Granbull|Granbull, L88, F|100/100|[from] Flip Turn\n|-ability|p2a: Granbull|Intimidate|boost\n|-unboost|p1a: Appletun|atk|1\n|\n|-heal|p1a: Appletun|343/352|[from] item: Leftovers\n|upkeep\n|turn|13\n|inactive|Time left: 300 sec this turn | 300 sec total\n|\n|t:|1783568617\n|move|p2a: Granbull|Play Rough|p1a: Appletun\n|-supereffective|p1a: Appletun\n|-damage|p1a: Appletun|89/352\n|move|p1a: Appletun|Apple Acid|p2a: Granbull\n|-damage|p2a: Granbull|58/100\n|-unboost|p2a: Granbull|spd|1\n|\n|-heal|p2a: Granbull|64/100|[from] item: Leftovers\n|-heal|p1a: Appletun|111/352|[from] item: Leftovers\n|upkeep\n|turn|14\n|inactive|Time left: 300 sec this turn | 300 sec total\n|\n|t:|1783568618\n|move|p2a: Granbull|Play Rough|p1a: Appletun\n|-supereffective|p1a: Appletun\n|-damage|p1a: Appletun|0 fnt\n|faint|p1a: Appletun\n|\n|-heal|p2a: Granbull|70/100|[from] item: Leftovers\n|upkeep\n|inactive|Time left: 300 sec this turn | 300 sec total | 5 sec grace\n|\n|t:|1783568619\n|switch|p1a: Toucannon|Toucannon, L88, M, tera:Steel|111/284\n|turn|15\n|inactive|Time left: 300 sec this turn | 300 sec total\n|\n|t:|1783568620\n|switch|p2a: Basculin|Basculin, L86, F|93/100\n|move|p1a: Toucannon|Boomburst|p2a: Basculin\n|-damage|p2a: Basculin|24/100\n|\n|upkeep\n|turn|16\n|inactive|Time left: 300 sec this turn | 300 sec total\n|\n|t:|1783568621\n|switch|p1a: Golem|Golem-Alola, L93, M|18/300\n|-activate|p1a: Golem|move: Sticky Web\n|-unboost|p1a: Golem|spe|1\n|move|p2a: Basculin|Flip Turn|p1a: Golem\n|-supereffective|p1a: Golem\n|-damage|p1a: Golem|0 fnt\n|faint|p1a: Golem\n|\n|t:|1783568622\n|switch|p2a: Granbull|Granbull, L88, F|70/100|[from] Flip Turn\n|\n|-heal|p2a: Granbull|76/100|[from] item: Leftovers\n|upkeep\n|inactive|Time left: 300 sec this turn | 300 sec total | 10 sec grace\n|\n|t:|1783568623\n|switch|p1a: Grimmsnarl|Grimmsnarl, L83, M|293/293\n|-activate|p1a: Grimmsnarl|move: Sticky Web\n|-unboost|p1a: Grimmsnarl|spe|1\n|turn|17\n|inactive|Time left: 300 sec this turn | 300 sec total\n|\n|t:|1783568624\n|move|p1a: Grimmsnarl|Parting Shot|p2a: Granbull\n|-unboost|p2a: Granbull|atk|1\n|-unboost|p2a: Granbull|spa|1\n|inactive|Time left: 300 sec this turn | 300 sec total | 5 sec grace\n|\n|t:|1783568625\n|switch|p1a: Decidueye|Decidueye, L88, F|281/281|[from] Parting Shot\n|-activate|p1a: Decidueye|move: Sticky Web\n|-unboost|p1a: Decidueye|spe|1\n|move|p2a: Granbull|Play Rough|p1a: Decidueye\n|-damage|p1a: Decidueye|187/281\n|\n|-heal|p2a: Granbull|82/100|[from] item: Leftovers\n|upkeep\n|turn|18\n|inactive|Time left: 300 sec this turn | 300 sec total\n|\n|t:|1783568626\n|switch|p2a: Basculin|Basculin, L86, F|24/100\n|move|p1a: Decidueye|Spirit Shackle|p2a: Basculin\n|-damage|p2a: Basculin|0 fnt\n|faint|p2a: Basculin\n|\n|upkeep\n|\n|t:|1783568627\n|switch|p2a: Granbull|Granbull, L88, F|82/100\n|-ability|p2a: Granbull|Intimidate|boost\n|-unboost|p1a: Decidueye|atk|1\n|turn|19\n|inactive|Time left: 300 sec this turn | 300 sec total\n|\n|t:|1783568628\n|move|p2a: Granbull|Encore|p1a: Decidueye\n|-start|p1a: Decidueye|Encore\n|move|p1a: Decidueye|Spirit Shackle|p2a: Granbull\n|-damage|p2a: Granbull|58/100\n|-activate|p2a: Granbull|trapped\n|\n|-heal|p2a: Granbull|64/100|[from] item: Leftovers\n|upkeep\n|turn|20\n|inactive|Time left: 300 sec this turn | 300 sec total\n|\n|t:|1783568629\n|switch|p1a: Toucannon|Toucannon, L88, M, tera:Steel|111/284\n|move|p2a: Granbull|Thunder Wave|p1a: Toucannon\n|-status|p1a: Toucannon|par\n|\n|-heal|p2a: Granbull|70/100|[from] item: Leftovers\n|upkeep\n|turn|21\n|inactive|Time left: 300 sec this turn | 300 sec total\n|\n|t:|1783568630\n|-singleturn|p1a: Toucannon|move: Beak Blast\n|move|p2a: Granbull|Earthquake|p1a: Toucannon\n|-supereffective|p1a: Toucannon\n|-damage|p1a: Toucannon|0 fnt\n|faint|p1a: Toucannon\n|\n|-heal|p2a: Granbull|76/100|[from] item: Leftovers\n|upkeep\n|inactive|Time left: 300 sec this turn | 300 sec total | 5 sec grace\n|\n|t:|1783568630\n|switch|p1a: Decidueye|Decidueye, L88, F|187/281\n|-activate|p1a: Decidueye|move: Sticky Web\n|-unboost|p1a: Decidueye|spe|1\n|turn|22\n|inactive|Time left: 300 sec this turn | 300 sec total\n|\n|t:|1783568631\n|move|p2a: Granbull|Thunder Wave|p1a: Decidueye\n|-status|p1a: Decidueye|par\n|move|p1a: Decidueye|Leaf Storm|p2a: Granbull\n|-damage|p2a: Granbull|8/100\n|-unboost|p1a: Decidueye|spa|2\n|\n|-heal|p2a: Granbull|14/100|[from] item: Leftovers\n|upkeep\n|turn|23\n|inactive|Time left: 300 sec this turn | 300 sec total\n|\n|t:|1783568632\n|move|p2a: Granbull|Play Rough|p1a: Decidueye\n|-damage|p1a: Decidueye|52/281 par\n|move|p1a: Decidueye|Spirit Shackle|p2a: Granbull\n|-damage|p2a: Granbull|0 fnt\n|faint|p2a: Granbull\n|\n|win|p0x2555f5b5", "uploadtime": 1783568632, "views": 0, "rating": 0, "private": 0, "password": null, "_winner": "p0x2555f5b5", "_our_name": "p0x2555f5b5"}