{"id": "battle-gen9randombattle-1041", "formatid": "gen9randombattle", "format": "[Gen 9] Random Battle", "players": ["p0x1041adf9", "p0y104196d1"], "log": "|init|battle\n|title|p0x1041adf9 vs. p0y104196d1\n|j|\u2606p0x1041adf9\n|j|\u2606p0y104196d1\n|t:|1783551958\n|gametype|singles\n|player|p1|p0x1041adf9|2|\n|player|p2|p0y104196d1|170|\n|gen|9\n|tier|[Gen 9] Random Battle\n|rule|Species Clause: Limit one of each Pok\u00e9mon\n|rule|HP Percentage Mod: HP is shown in percentages\n|rule|Sleep Clause Mod: Limit one foe put to sleep\n|rule|Illusion Level Mod: Illusion disguises the Pok\u00e9mon's true level\n|\n|t:|1783551958\n|teamsize|p1|6\n|teamsize|p2|6\n|start\n|switch|p1a: Dragapult|Dragapult, L77, F|100/100\n|switch|p2a: Regirock|Regirock, L83|268/268\n|turn|1\n|inactive|Battle timer is ON: inactive players will automatically lose when time's up. (requested by p0y104196d1)\n|inactive|p0x1041adf9 also wants the timer to be on.\n|\n|t:|1783551960\n|move|p1a: Dragapult|Shadow Ball|p2a: Regirock\n|-damage|p2a: Regirock|163/268\n|move|p2a: Regirock|Stealth Rock|p1a: Dragapult\n|-sidestart|p1: p0x1041adf9|move: Stealth Rock\n|\n|-heal|p2a: Regirock|179/268|[from] item: Leftovers\n|upkeep\n|turn|2\n|inactive|Time left: 300 sec this turn | 300 sec total\n|\n|t:|1783551961\n|switch|p2a: Indeedee|Indeedee-F, L90, F|272/272\n|-fieldstart|move: Psychic Terrain|[from] ability: Psychic Surge|[of] p2a: Indeedee\n|move|p1a: Dragapult|Shadow Ball|p2a: Indeedee\n|-immune|p2a: Indeedee\n|\n|upkeep\n|turn|3\n|inactive|Time left: 300 sec this turn | 300 sec total\n|\n|t:|1783551963\n|move|p2a: Indeedee|Psychic|p1a: Dragapult\n|-damage|p1a: Dragapult|39/100\n|move|p1a: Dragapult|Shadow Ball|p2a: Indeedee\n|-immune|p2a: Indeedee\n|\n|upkeep\n|turn|4\n|inactive|Time left: 300 sec this turn | 300 sec total\n|\n|t:|1783551964\n|switch|p1a: Orthworm|Orthworm, L88, M|100/100\n|-damage|p1a: Orthworm|94/100|[from] Stealth Rock\n|move|p2a: Indeedee|Psychic|p1a: Orthworm\n|-resisted|p1a: Orthworm\n|-damage|p1a: Orthworm|58/100\n|\n|upkeep\n|turn|5\n|inactive|Time left: 300 sec this turn | 300 sec total\n|\n|t:|1783551965\n|move|p2a: Indeedee|Psychic|p1a: Orthworm\n|-resisted|p1a: Orthworm\n|-damage|p1a: Orthworm|25/100\n|move|p1a: Orthworm|Rest|p1a: Orthworm\n|-status|p1a: Orthworm|slp|[from] move: Rest\n|-heal|p1a: Orthworm|100/100 slp|[silent]\n|-enditem|p1a: Orthworm|Chesto Berry|[eat]\n|-curestatus|p1a: Orthworm|slp|[msg]\n|\n|upkeep\n|turn|6\n|inactive|Time left: 300 sec this turn | 300 sec total\n|\n|t:|1783551966\n|move|p2a: Indeedee|Psychic|p1a: Orthworm\n|-resisted|p1a: Orthworm\n|-damage|p1a: Orthworm|65/100\n|move|p1a: Orthworm|Coil|p1a: Orthworm\n|-boost|p1a: Orthworm|atk|1\n|-boost|p1a: Orthworm|def|1\n|-boost|p1a: Orthworm|accuracy|1\n|\n|-fieldend|move: Psychic Terrain\n|upkeep\n|turn|7\n|inactive|Time left: 300 sec this turn | 300 sec total\n|\n|t:|1783551967\n|move|p2a: Indeedee|Psychic|p1a: Orthworm\n|-resisted|p1a: Orthworm\n|-damage|p1a: Orthworm|38/100\n|-unboost|p1a: Orthworm|spd|1\n|move|p1a: Orthworm|Body Press|p2a: Indeedee\n|-damage|p2a: Indeedee|121/272\n|\n|upkeep\n|turn|8\n|inactive|Time left: 300 sec this turn | 300 sec total\n|\n|t:|1783551968\n|switch|p1a: Braviary|Braviary-Hisui, L85, M|100/100\n|-damage|p1a: Braviary|76/100|[from] Stealth Rock\n|move|p2a: Indeedee|Psychic|p1a: Braviary\n|-resisted|p1a: Braviary\n|-damage|p1a: Braviary|56/100\n|\n|upkeep\n|turn|9\n|inactive|Time left: 300 sec this turn | 300 sec total\n|\n|t:|1783551970\n|move|p2a: Indeedee|Psychic|p1a: Braviary\n|-resisted|p1a: Braviary\n|-damage|p1a: Braviary|36/100\n|move|p1a: Braviary|Hurricane|p2a: Indeedee|[miss]\n|-miss|p1a: Braviary|p2a: Indeedee\n|\n|upkeep\n|turn|10\n|inactive|Time left: 300 sec this turn | 300 sec total\n|\n|t:|1783551971\n|move|p2a: Indeedee|Psychic|p1a: Braviary\n|-resisted|p1a: Braviary\n|-damage|p1a: Braviary|15/100\n|move|p1a: Braviary|Hurricane|p2a: Indeedee\n|-damage|p2a: Indeedee|0 fnt\n|faint|p2a: Indeedee\n|\n|upkeep\n|inactive|Time left: 300 sec this turn | 300 sec total | 5 sec grace\n|\n|t:|1783551972\n|switch|p2a: Cobalion|Cobalion, L80|277/277\n|turn|11\n|inactive|Time left: 300 sec this turn | 300 sec total\n|\n|t:|1783551973\n|move|p2a: Cobalion|Flash Cannon|p1a: Braviary\n|-damage|p1a: Braviary|0 fnt\n|faint|p1a: Braviary\n|\n|upkeep\n|\n|t:|1783551974\n|switch|p1a: Dragapult|Dragapult, L77, F|39/100\n|-damage|p1a: Dragapult|27/100|[from] Stealth Rock\n|turn|12\n|inactive|Time left: 300 sec this turn | 300 sec total\n|\n|t:|1783551975\n|move|p1a: Dragapult|Fire Blast|p2a: Cobalion\n|-supereffective|p2a: Cobalion\n|-damage|p2a: Cobalion|27/277\n|move|p2a: Cobalion|Flash Cannon|p1a: Dragapult\n|-damage|p1a: Dragapult|0 fnt\n|faint|p1a: Dragapult\n|\n|-heal|p2a: Cobalion|44/277|[from] item: Leftovers\n|upkeep\n|\n|t:|1783551976\n|switch|p1a: Toucannon|Toucannon, L88, F|100/100\n|turn|13\n|inactive|Time left: 300 sec this turn | 300 sec total\n|\n|t:|1783551977\n|switch|p2a: Regirock|Regirock, L83|179/268\n|-singleturn|p1a: Toucannon|move: Beak Blast\n|move|p1a: Toucannon|Beak Blast|p2a: Regirock\n|-resisted|p2a: Regirock\n|-damage|p2a: Regirock|141/268\n|\n|-heal|p2a: Regirock|157/268|[from] item: Leftovers\n|upkeep\n|turn|14\n|inactive|Time left: 300 sec this turn | 300 sec total\n|\n|t:|1783551978\n|move|p1a: Toucannon|Boomburst|p2a: Regirock\n|-resisted|p2a: Regirock\n|-damage|p2a: Regirock|90/268\n|move|p2a: Regirock|Stone Edge|p1a: Toucannon\n|-supereffective|p1a: Toucannon\n|-damage|p1a: Toucannon|22/100\n|\n|-heal|p2a: Regirock|106/268|[from] item: Leftovers\n|upkeep\n|turn|15\n|inactive|Time left: 300 sec this turn | 300 sec total\n|\n|t:|1783551980\n|move|p1a: Toucannon|Boomburst|p2a: Regirock\n|-resisted|p2a: Regirock\n|-damage|p2a: Regirock|48/268\n|move|p2a: Regirock|Body Press|p1a: Toucannon\n|-crit|p1a: Toucannon\n|-damage|p1a: Toucannon|0 fnt\n|faint|p1a: Toucannon\n|\n|-heal|p2a: Regirock|64/268|[from] item: Leftovers\n|upkeep\n|\n|t:|1783551980\n|switch|p1a: Orthworm|Orthworm, L88, M|38/100\n|-damage|p1a: Orthworm|32/100|[from] Stealth Rock\n|turn|16\n|inactive|Time left: 300 sec this turn | 300 sec total\n|\n|t:|1783551981\n|-terastallize|p2a: Regirock|Fighting\n|move|p1a: Orthworm|Body Press|p2a: Regirock\n|-damage|p2a: Regirock|15/268\n|move|p2a: Regirock|Body Press|p1a: Orthworm\n|-supereffective|p1a: Orthworm\n|-damage|p1a: Orthworm|0 fnt\n|faint|p1a: Orthworm\n|\n|-heal|p2a: Regirock|31/268|[from] item: Leftovers\n|upkeep\n|\n|t:|1783551982\n|switch|p1a: Furret|Furret, L94, M|100/100\n|-damage|p1a: Furret|88/100|[from] Stealth Rock\n|-item|p2a: Regirock|Leftovers|[from] ability: Frisk|[of] p1a: Furret\n|turn|17\n|inactive|Time left: 300 sec this turn | 300 sec total\n|\n|t:|1783551984\n|switch|p2a: Donphan|Donphan, L84, F|288/288\n|move|p1a: Furret|Double-Edge|p2a: Donphan\n|-damage|p2a: Donphan|146/288\n|-damage|p1a: Furret|73/100|[from] Recoil\n|\n|upkeep\n|turn|18\n|inactive|Time left: 300 sec this turn | 300 sec total\n|\n|t:|1783551985\n|switch|p2a: Jumpluff|Jumpluff, L87, F|271/271\n|move|p1a: Furret|Double-Edge|p2a: Jumpluff\n|-damage|p2a: Jumpluff|52/271\n|-damage|p1a: Furret|50/100|[from] Recoil\n|\n|upkeep\n|turn|19\n|inactive|Time left: 300 sec this turn | 300 sec total\n|\n|t:|1783551986\n|move|p2a: Jumpluff|Strength Sap|p1a: Furret\n|-unboost|p1a: Furret|atk|1\n|-heal|p2a: Jumpluff|248/271\n|move|p1a: Furret|Double-Edge|p2a: Jumpluff\n|-damage|p2a: Jumpluff|97/271\n|-damage|p1a: Furret|34/100|[from] Recoil\n|\n|upkeep\n|turn|20\n|inactive|Time left: 300 sec this turn | 300 sec total\n|\n|t:|1783551987\n|move|p2a: Jumpluff|Strength Sap|p1a: Furret\n|-unboost|p1a: Furret|atk|1\n|-heal|p2a: Jumpluff|227/271\n|move|p1a: Furret|Double-Edge|p2a: Jumpluff\n|-damage|p2a: Jumpluff|125/271\n|-damage|p1a: Furret|23/100|[from] Recoil\n|\n|upkeep\n|turn|21\n|inactive|Time left: 300 sec this turn | 300 sec total\n|\n|t:|1783551988\n|switch|p1a: Luvdisc|Luvdisc, M|100/100\n|move|p2a: Jumpluff|Acrobatics|p1a: Luvdisc\n|-damage|p1a: Luvdisc|64/100\n|\n|upkeep\n|turn|22\n|inactive|Time left: 300 sec this turn | 300 sec total\n|\n|t:|1783551989\n|move|p1a: Luvdisc|Surf|p2a: Jumpluff\n|-resisted|p2a: Jumpluff\n|-damage|p2a: Jumpluff|94/271\n|move|p2a: Jumpluff|Acrobatics|p1a: Luvdisc\n|-damage|p1a: Luvdisc|28/100\n|\n|upkeep\n|turn|23\n|inactive|Time left: 300 sec this turn | 300 sec total\n|\n|t:|1783551990\n|move|p1a: Luvdisc|Whirlpool|p2a: Jumpluff\n|-resisted|p2a: Jumpluff\n|-damage|p2a: Jumpluff|81/271\n|-activate|p2a: Jumpluff|move: Whirlpool|[of] p1a: Luvdisc\n|move|p2a: Jumpluff|Acrobatics|p1a: Luvdisc\n|-damage|p1a: Luvdisc|0 fnt\n|faint|p1a: Luvdisc\n|\n|-end|p2a: Jumpluff|Whirlpool|[partiallytrapped]|[silent]\n|upkeep\n|\n|t:|1783551990\n|switch|p1a: Furret|Furret, L94, M|23/100\n|-damage|p1a: Furret|10/100|[from] Stealth Rock\n|turn|24\n|inactive|Time left: 300 sec this turn | 300 sec total\n|\n|t:|1783551991\n|move|p2a: Jumpluff|Acrobatics|p1a: Furret\n|-damage|p1a: Furret|0 fnt\n|faint|p1a: Furret\n|\n|win|p0y104196d1", "uploadtime": 1783551991, "views": 0, "rating": 0, "private": 0, "password": null, "_winner": "p0y104196d1", "_our_name": "p0y104196d1"}