{"id": "battle-gen9randombattle-2632", "formatid": "gen9randombattle", "format": "[Gen 9] Random Battle", "players": ["p0x26323447", "p0y2632d77b"], "log": "|init|battle\n|title|p0x26323447 vs. p0y2632d77b\n|j|\u2606p0x26323447\n|j|\u2606p0y2632d77b\n|t:|1783570396\n|gametype|singles\n|player|p1|p0x26323447|169|\n|player|p2|p0y2632d77b|1|\n|gen|9\n|tier|[Gen 9] Random Battle\n|rule|Species Clause: Limit one of each Pok\u00e9mon\n|rule|HP Percentage Mod: HP is shown in percentages\n|rule|Sleep Clause Mod: Limit one foe put to sleep\n|rule|Illusion Level Mod: Illusion disguises the Pok\u00e9mon's true level\n|\n|t:|1783570396\n|teamsize|p1|6\n|teamsize|p2|6\n|start\n|switch|p1a: Sylveon|Sylveon, L85, M|100/100\n|switch|p2a: Pelipper|Pelipper, L86, M|243/243\n|-weather|RainDance|[from] ability: Drizzle|[of] p2a: Pelipper\n|turn|1\n|inactive|Battle timer is ON: inactive players will automatically lose when time's up. (requested by p0x26323447)\n|inactive|Time left: 300 sec this turn | 300 sec total | 60 sec grace\n|inactive|p0y2632d77b also wants the timer to be on.\n|\n|t:|1783570397\n|move|p2a: Pelipper|Weather Ball|p1a: Sylveon\n|-damage|p1a: Sylveon|36/100\n|move|p1a: Sylveon|Hyper Voice|p2a: Pelipper\n|-damage|p2a: Pelipper|98/243\n|\n|-weather|RainDance|[upkeep]\n|-heal|p1a: Sylveon|42/100|[from] item: Leftovers\n|upkeep\n|turn|2\n|inactive|Time left: 300 sec this turn | 300 sec total\n|\n|t:|1783570398\n|switch|p1a: Flapple|Flapple, L88, F|100/100\n|move|p2a: Pelipper|Weather Ball|p1a: Flapple\n|-resisted|p1a: Flapple\n|-damage|p1a: Flapple|70/100\n|\n|-weather|RainDance|[upkeep]\n|upkeep\n|turn|3\n|inactive|Time left: 300 sec this turn | 300 sec total\n|\n|t:|1783570399\n|move|p1a: Flapple|Outrage|p2a: Pelipper\n|-damage|p2a: Pelipper|0 fnt\n|faint|p2a: Pelipper\n|\n|-weather|RainDance|[upkeep]\n|upkeep\n|inactive|Time left: 300 sec this turn | 300 sec total | 5 sec grace\n|\n|t:|1783570400\n|switch|p2a: Tatsugiri|Tatsugiri, L87, M|260/260\n|turn|4\n|inactive|Time left: 300 sec this turn | 300 sec total\n|\n|t:|1783570401\n|move|p2a: Tatsugiri|Draco Meteor|p1a: Flapple\n|-supereffective|p1a: Flapple\n|-damage|p1a: Flapple|0 fnt\n|-unboost|p2a: Tatsugiri|spa|2\n|faint|p1a: Flapple\n|\n|-weather|RainDance|[upkeep]\n|upkeep\n|\n|t:|1783570402\n|switch|p1a: Malamar|Malamar, L82, F|100/100\n|turn|5\n|inactive|Time left: 300 sec this turn | 300 sec total\n|\n|t:|1783570403\n|switch|p2a: Sandaconda|Sandaconda, L84, M|258/258\n|move|p1a: Malamar|Superpower|p2a: Sandaconda\n|-damage|p2a: Sandaconda|196/258\n|-boost|p1a: Malamar|atk|1\n|-boost|p1a: Malamar|def|1\n|\n|-weather|none\n|-heal|p2a: Sandaconda|212/258|[from] item: Leftovers\n|upkeep\n|turn|6\n|inactive|Time left: 300 sec this turn | 300 sec total\n|\n|t:|1783570404\n|move|p2a: Sandaconda|Glare|p1a: Malamar\n|-status|p1a: Malamar|par\n|move|p1a: Malamar|Superpower|p2a: Sandaconda\n|-damage|p2a: Sandaconda|125/258\n|-boost|p1a: Malamar|atk|1\n|-boost|p1a: Malamar|def|1\n|\n|-heal|p2a: Sandaconda|141/258|[from] item: Leftovers\n|upkeep\n|turn|7\n|inactive|Time left: 300 sec this turn | 300 sec total\n|\n|t:|1783570405\n|move|p2a: Sandaconda|Rest|p2a: Sandaconda\n|-status|p2a: Sandaconda|slp|[from] move: Rest\n|-heal|p2a: Sandaconda|258/258 slp|[silent]\n|move|p1a: Malamar|Knock Off|p2a: Sandaconda\n|-damage|p2a: Sandaconda|117/258 slp\n|-enditem|p2a: Sandaconda|Leftovers|[from] move: Knock Off|[of] p1a: Malamar\n|\n|-activate|p2a: Sandaconda|ability: Shed Skin\n|-curestatus|p2a: Sandaconda|slp|[msg]\n|upkeep\n|turn|8\n|inactive|Time left: 300 sec this turn | 300 sec total\n|\n|t:|1783570406\n|move|p2a: Sandaconda|Rest|p2a: Sandaconda\n|-status|p2a: Sandaconda|slp|[from] move: Rest\n|-heal|p2a: Sandaconda|258/258 slp|[silent]\n|move|p1a: Malamar|Superpower|p2a: Sandaconda\n|-damage|p2a: Sandaconda|149/258 slp\n|-boost|p1a: Malamar|atk|1\n|-boost|p1a: Malamar|def|1\n|\n|upkeep\n|turn|9\n|inactive|Time left: 300 sec this turn | 300 sec total\n|\n|t:|1783570407\n|cant|p2a: Sandaconda|slp\n|move|p1a: Malamar|Superpower|p2a: Sandaconda\n|-damage|p2a: Sandaconda|7/258 slp\n|-boost|p1a: Malamar|atk|1\n|-boost|p1a: Malamar|def|1\n|\n|upkeep\n|turn|10\n|inactive|Time left: 300 sec this turn | 300 sec total\n|\n|t:|1783570408\n|cant|p2a: Sandaconda|slp\n|move|p1a: Malamar|Superpower|p2a: Sandaconda\n|-damage|p2a: Sandaconda|0 fnt\n|-boost|p1a: Malamar|atk|1\n|-boost|p1a: Malamar|def|1\n|faint|p2a: Sandaconda\n|\n|upkeep\n|inactive|Time left: 300 sec this turn | 300 sec total | 5 sec grace\n|\n|t:|1783570409\n|switch|p2a: Chandelure|Chandelure, L83, M|235/235\n|turn|11\n|inactive|Time left: 300 sec this turn | 300 sec total\n|\n|t:|1783570410\n|move|p2a: Chandelure|Fire Blast|p1a: Malamar|[miss]\n|-miss|p2a: Chandelure|p1a: Malamar\n|move|p1a: Malamar|Knock Off|p2a: Chandelure\n|-supereffective|p2a: Chandelure\n|-damage|p2a: Chandelure|0 fnt\n|-enditem|p2a: Chandelure|Choice Scarf|[from] move: Knock Off|[of] p1a: Malamar\n|faint|p2a: Chandelure\n|\n|upkeep\n|inactive|Time left: 300 sec this turn | 300 sec total | 5 sec grace\n|\n|t:|1783570411\n|switch|p2a: Tatsugiri|Tatsugiri, L87, M|260/260\n|turn|12\n|inactive|Time left: 300 sec this turn | 300 sec total\n|\n|t:|1783570412\n|-terastallize|p2a: Tatsugiri|Water\n|move|p2a: Tatsugiri|Hydro Pump|p1a: Malamar|[miss]\n|-miss|p2a: Tatsugiri|p1a: Malamar\n|move|p1a: Malamar|Superpower|p2a: Tatsugiri\n|-damage|p2a: Tatsugiri|0 fnt\n|-boost|p1a: Malamar|atk|1\n|-boost|p1a: Malamar|def|1\n|faint|p2a: Tatsugiri\n|\n|upkeep\n|inactive|Time left: 300 sec this turn | 300 sec total | 5 sec grace\n|\n|t:|1783570412\n|switch|p2a: Mesprit|Mesprit, L85|275/275\n|turn|13\n|inactive|Time left: 300 sec this turn | 300 sec total\n|\n|t:|1783570414\n|move|p2a: Mesprit|U-turn|p1a: Malamar\n|-supereffective|p1a: Malamar\n|-damage|p1a: Malamar|79/100 par\n|inactive|Time left: 300 sec this turn | 300 sec total | 5 sec grace\n|\n|t:|1783570414\n|switch|p2a: Landorus|Landorus-Therian, L76, M|260/260|[from] U-turn\n|-ability|p2a: Landorus|Intimidate|boost\n|-boost|p1a: Malamar|atk|0\n|cant|p1a: Malamar|par\n|\n|-heal|p1a: Malamar|85/100 par|[from] item: Leftovers\n|upkeep\n|turn|14\n|inactive|Time left: 300 sec this turn | 300 sec total\n|\n|t:|1783570415\n|move|p2a: Landorus|U-turn|p1a: Malamar\n|-supereffective|p1a: Malamar\n|-damage|p1a: Malamar|63/100 par\n|inactive|Time left: 300 sec this turn | 300 sec total | 5 sec grace\n|\n|t:|1783570416\n|switch|p2a: Mesprit|Mesprit, L85|275/275|[from] U-turn\n|move|p1a: Malamar|Knock Off|p2a: Mesprit\n|-supereffective|p2a: Mesprit\n|-damage|p2a: Mesprit|0 fnt\n|-enditem|p2a: Mesprit|Assault Vest|[from] move: Knock Off|[of] p1a: Malamar\n|faint|p2a: Mesprit\n|\n|-heal|p1a: Malamar|69/100 par|[from] item: Leftovers\n|upkeep\n|inactive|Time left: 300 sec this turn | 300 sec total | 10 sec grace\n|\n|t:|1783570417\n|switch|p2a: Landorus|Landorus-Therian, L76, M|260/260\n|-ability|p2a: Landorus|Intimidate|boost\n|-boost|p1a: Malamar|atk|0\n|turn|15\n|inactive|Time left: 300 sec this turn | 300 sec total\n|\n|t:|1783570418\n|-terastallize|p1a: Malamar|Fighting\n|move|p2a: Landorus|U-turn|p1a: Malamar\n|-resisted|p1a: Malamar\n|-damage|p1a: Malamar|67/100 par\n|move|p1a: Malamar|Knock Off|p2a: Landorus\n|-damage|p2a: Landorus|0 fnt\n|-enditem|p2a: Landorus|Leftovers|[from] move: Knock Off|[of] p1a: Malamar\n|faint|p2a: Landorus\n|\n|win|p0x26323447", "uploadtime": 1783570418, "views": 0, "rating": 0, "private": 0, "password": null, "_winner": "p0x26323447", "_our_name": "p0y2632d77b"}