{"id": "battle-gen9randombattle-2277", "formatid": "gen9randombattle", "format": "[Gen 9] Random Battle", "players": ["p0x22777cfc", "p0y2277106a"], "log": "|init|battle\n|title|p0x22777cfc vs. p0y2277106a\n|j|\u2606p0x22777cfc\n|j|\u2606p0y2277106a\n|t:|1783566390\n|gametype|singles\n|player|p1|p0x22777cfc|101|\n|player|p2|p0y2277106a|265|\n|gen|9\n|tier|[Gen 9] Random Battle\n|rule|Species Clause: Limit one of each Pok\u00e9mon\n|rule|HP Percentage Mod: HP is shown in percentages\n|rule|Sleep Clause Mod: Limit one foe put to sleep\n|rule|Illusion Level Mod: Illusion disguises the Pok\u00e9mon's true level\n|\n|t:|1783566390\n|teamsize|p1|6\n|teamsize|p2|6\n|start\n|switch|p1a: Drifblim|Drifblim, L86, F|396/396\n|switch|p2a: Ho-Oh|Ho-Oh, L71|100/100\n|turn|1\n|inactive|Battle timer is ON: inactive players will automatically lose when time's up. (requested by p0x22777cfc)\n|inactive|p0y2277106a also wants the timer to be on.\n|\n|t:|1783566391\n|move|p1a: Drifblim|Calm Mind|p1a: Drifblim\n|-boost|p1a: Drifblim|spa|1\n|-boost|p1a: Drifblim|spd|1\n|move|p2a: Ho-Oh|Sacred Fire|p1a: Drifblim\n|-damage|p1a: Drifblim|255/396\n|\n|upkeep\n|turn|2\n|inactive|Time left: 300 sec this turn | 300 sec total\n|\n|t:|1783566392\n|switch|p2a: Wigglytuff|Wigglytuff, L96, M|100/100\n|move|p1a: Drifblim|Strength Sap|p2a: Wigglytuff\n|-unboost|p2a: Wigglytuff|atk|1\n|-ability|p2a: Wigglytuff|Competitive|boost\n|-boost|p2a: Wigglytuff|spa|2\n|-heal|p1a: Drifblim|396/396\n|\n|upkeep\n|turn|3\n|inactive|Time left: 300 sec this turn | 300 sec total\n|\n|t:|1783566393\n|move|p1a: Drifblim|Calm Mind|p1a: Drifblim\n|-boost|p1a: Drifblim|spa|1\n|-boost|p1a: Drifblim|spd|1\n|move|p2a: Wigglytuff|Dazzling Gleam|p1a: Drifblim\n|-damage|p1a: Drifblim|261/396\n|\n|upkeep\n|turn|4\n|inactive|Time left: 300 sec this turn | 300 sec total\n|\n|t:|1783566394\n|move|p1a: Drifblim|Air Slash|p2a: Wigglytuff\n|-damage|p2a: Wigglytuff|52/100\n|cant|p2a: Wigglytuff|flinch\n|\n|-heal|p2a: Wigglytuff|59/100|[from] item: Leftovers\n|upkeep\n|turn|5\n|inactive|Time left: 300 sec this turn | 300 sec total\n|\n|t:|1783566395\n|move|p1a: Drifblim|Air Slash|p2a: Wigglytuff\n|-damage|p2a: Wigglytuff|14/100\n|move|p2a: Wigglytuff|Knock Off|p1a: Drifblim\n|-supereffective|p1a: Drifblim\n|-damage|p1a: Drifblim|119/396\n|-enditem|p1a: Drifblim|Sitrus Berry|[from] move: Knock Off|[of] p2a: Wigglytuff\n|\n|-heal|p2a: Wigglytuff|20/100|[from] item: Leftovers\n|upkeep\n|turn|6\n|inactive|Time left: 300 sec this turn | 300 sec total\n|\n|t:|1783566396\n|move|p1a: Drifblim|Air Slash|p2a: Wigglytuff\n|-damage|p2a: Wigglytuff|0 fnt\n|faint|p2a: Wigglytuff\n|\n|upkeep\n|\n|t:|1783566397\n|switch|p2a: Lapras|Lapras, L87, F|100/100\n|turn|7\n|inactive|Time left: 300 sec this turn | 300 sec total\n|\n|t:|1783566398\n|move|p1a: Drifblim|Strength Sap|p2a: Lapras\n|-unboost|p2a: Lapras|atk|1\n|-heal|p1a: Drifblim|317/396\n|move|p2a: Lapras|Icicle Spear|p1a: Drifblim\n|-supereffective|p1a: Drifblim\n|-damage|p1a: Drifblim|257/396\n|-supereffective|p1a: Drifblim\n|-crit|p1a: Drifblim\n|-damage|p1a: Drifblim|137/396\n|-supereffective|p1a: Drifblim\n|-damage|p1a: Drifblim|77/396\n|-supereffective|p1a: Drifblim\n|-damage|p1a: Drifblim|17/396\n|-supereffective|p1a: Drifblim\n|-damage|p1a: Drifblim|0 fnt\n|faint|p1a: Drifblim\n|-hitcount|p1: Drifblim|5\n|\n|upkeep\n|inactive|Time left: 300 sec this turn | 300 sec total | 5 sec grace\n|\n|t:|1783566399\n|switch|p1a: Rampardos|Rampardos, L90, M|321/321\n|turn|8\n|inactive|Time left: 300 sec this turn | 300 sec total\n|\n|t:|1783566400\n|switch|p2a: Donphan|Donphan, L84, M|100/100\n|move|p1a: Rampardos|Rock Slide|p2a: Donphan|[miss]\n|-miss|p1a: Rampardos|p2a: Donphan\n|\n|upkeep\n|turn|9\n|inactive|Time left: 300 sec this turn | 300 sec total\n|\n|t:|1783566401\n|switch|p1a: Oranguru|Oranguru, L92, F|315/315\n|move|p2a: Donphan|Earthquake|p1a: Oranguru\n|-damage|p1a: Oranguru|192/315\n|\n|upkeep\n|turn|10\n|inactive|Time left: 300 sec this turn | 300 sec total\n|\n|t:|1783566402\n|move|p1a: Oranguru|Hyper Voice|p2a: Donphan\n|-damage|p2a: Donphan|49/100\n|move|p2a: Donphan|Earthquake|p1a: Oranguru\n|-damage|p1a: Oranguru|68/315\n|\n|upkeep\n|turn|11\n|inactive|Time left: 300 sec this turn | 300 sec total\n|\n|t:|1783566404\n|switch|p2a: Meganium|Meganium, L90, M|100/100\n|move|p1a: Oranguru|Hyper Voice|p2a: Meganium\n|-damage|p2a: Meganium|53/100\n|\n|-heal|p2a: Meganium|59/100|[from] item: Leftovers\n|upkeep\n|turn|12\n|inactive|Time left: 300 sec this turn | 300 sec total\n|\n|t:|1783566405\n|switch|p1a: Tropius|Tropius, L91, F|328/328\n|move|p2a: Meganium|Swords Dance|p2a: Meganium\n|-boost|p2a: Meganium|atk|2\n|\n|-heal|p2a: Meganium|65/100|[from] item: Leftovers\n|upkeep\n|turn|13\n|inactive|Time left: 300 sec this turn | 300 sec total\n|\n|t:|1783566406\n|move|p2a: Meganium|Knock Off|p1a: Tropius\n|-damage|p1a: Tropius|187/328\n|-enditem|p1a: Tropius|Sitrus Berry|[from] move: Knock Off|[of] p2a: Meganium\n|move|p1a: Tropius|Air Slash|p2a: Meganium\n|-supereffective|p2a: Meganium\n|-damage|p2a: Meganium|23/100\n|\n|-heal|p2a: Meganium|29/100|[from] item: Leftovers\n|upkeep\n|turn|14\n|inactive|Time left: 300 sec this turn | 300 sec total\n|\n|t:|1783566407\n|move|p2a: Meganium|Petal Blizzard|p1a: Tropius\n|-resisted|p1a: Tropius\n|-damage|p1a: Tropius|123/328\n|move|p1a: Tropius|Air Slash|p2a: Meganium\n|-supereffective|p2a: Meganium\n|-damage|p2a: Meganium|0 fnt\n|faint|p2a: Meganium\n|\n|upkeep\n|\n|t:|1783566408\n|switch|p2a: Lapras|Lapras, L87, F|100/100\n|turn|15\n|inactive|Time left: 300 sec this turn | 300 sec total\n|\n|t:|1783566409\n|move|p2a: Lapras|Dragon Dance|p2a: Lapras\n|-boost|p2a: Lapras|atk|1\n|-boost|p2a: Lapras|spe|1\n|move|p1a: Tropius|Leech Seed|p2a: Lapras\n|-start|p2a: Lapras|move: Leech Seed\n|\n|-damage|p2a: Lapras|88/100|[from] Leech Seed|[of] p1a: Tropius\n|-heal|p1a: Tropius|168/328|[silent]\n|upkeep\n|turn|16\n|inactive|Time left: 300 sec this turn | 300 sec total\n|\n|t:|1783566410\n|switch|p1a: Houndstone|Houndstone, L86, F|264/264\n|move|p2a: Lapras|Dragon Dance|p2a: Lapras\n|-boost|p2a: Lapras|atk|1\n|-boost|p2a: Lapras|spe|1\n|\n|-damage|p2a: Lapras|76/100|[from] Leech Seed|[of] p1a: Houndstone\n|upkeep\n|turn|17\n|inactive|Time left: 300 sec this turn | 300 sec total\n|\n|t:|1783566411\n|move|p2a: Lapras|Icicle Spear|p1a: Houndstone\n|-damage|p1a: Houndstone|219/264\n|-crit|p1a: Houndstone\n|-damage|p1a: Houndstone|155/264\n|-damage|p1a: Houndstone|112/264\n|-damage|p1a: Houndstone|70/264\n|-hitcount|p1a: Houndstone|4\n|move|p1a: Houndstone|Poltergeist|p2a: Lapras\n|-activate|p2a: Lapras|move: Poltergeist|Loaded Dice\n|-damage|p2a: Lapras|41/100\n|\n|-heal|p1a: Houndstone|86/264|[from] item: Leftovers\n|-damage|p2a: Lapras|29/100|[from] Leech Seed|[of] p1a: Houndstone\n|-heal|p1a: Houndstone|131/264|[silent]\n|upkeep\n|turn|18\n|inactive|Time left: 300 sec this turn | 300 sec total\n|\n|t:|1783566412\n|switch|p1a: Primarina|Primarina, L83, M|268/268\n|move|p2a: Lapras|Icicle Spear|p1a: Primarina\n|-resisted|p1a: Primarina\n|-damage|p1a: Primarina|240/268\n|-resisted|p1a: Primarina\n|-damage|p1a: Primarina|209/268\n|-resisted|p1a: Primarina\n|-crit|p1a: Primarina\n|-damage|p1a: Primarina|166/268\n|-resisted|p1a: Primarina\n|-damage|p1a: Primarina|137/268\n|-resisted|p1a: Primarina\n|-damage|p1a: Primarina|110/268\n|-hitcount|p1a: Primarina|5\n|\n|-heal|p1a: Primarina|126/268|[from] item: Leftovers\n|-damage|p2a: Lapras|16/100|[from] Leech Seed|[of] p1a: Primarina\n|-heal|p1a: Primarina|171/268|[silent]\n|upkeep\n|turn|19\n|inactive|Time left: 300 sec this turn | 300 sec total\n|\n|t:|1783566413\n|switch|p1a: Tropius|Tropius, L91, F|168/328\n|-terastallize|p2a: Lapras|Ground\n|move|p2a: Lapras|Earthquake|p1a: Tropius\n|-immune|p1a: Tropius\n|\n|-damage|p2a: Lapras|4/100|[from] Leech Seed|[of] p1a: Tropius\n|-heal|p1a: Tropius|213/328|[silent]\n|upkeep\n|turn|20\n|inactive|Time left: 300 sec this turn | 300 sec total\n|\n|t:|1783566415\n|move|p1a: Tropius|Protect|p1a: Tropius\n|-singleturn|p1a: Tropius|Protect\n|move|p2a: Lapras|Icicle Spear|p1a: Tropius\n|-activate|p1a: Tropius|move: Protect\n|\n|-damage|p2a: Lapras|0 fnt|[from] Leech Seed|[of] p1a: Tropius\n|-heal|p1a: Tropius|226/328|[silent]\n|faint|p2a: Lapras\n|upkeep\n|\n|t:|1783566416\n|switch|p2a: Ho-Oh|Ho-Oh, L71|100/100\n|turn|21\n|inactive|Time left: 300 sec this turn | 300 sec total\n|\n|t:|1783566417\n|switch|p1a: Primarina|Primarina, L83, M|171/268\n|move|p2a: Ho-Oh|Sacred Fire|p1a: Primarina\n|-resisted|p1a: Primarina\n|-damage|p1a: Primarina|116/268\n|-status|p1a: Primarina|brn\n|\n|-heal|p1a: Primarina|132/268 brn|[from] item: Leftovers\n|-damage|p1a: Primarina|116/268 brn|[from] brn\n|upkeep\n|turn|22\n|inactive|Time left: 300 sec this turn | 300 sec total\n|\n|t:|1783566418\n|switch|p1a: Rampardos|Rampardos, L90, M|321/321\n|move|p2a: Ho-Oh|Brave Bird|p1a: Rampardos\n|-resisted|p1a: Rampardos\n|-damage|p1a: Rampardos|245/321\n|-damage|p2a: Ho-Oh|91/100|[from] Recoil\n|\n|upkeep\n|turn|23\n|inactive|Time left: 300 sec this turn | 300 sec total\n|\n|t:|1783566419\n|switch|p2a: Donphan|Donphan, L84, M|49/100\n|move|p1a: Rampardos|Rock Slide|p2a: Donphan\n|-resisted|p2a: Donphan\n|-damage|p2a: Donphan|15/100\n|\n|upkeep\n|turn|24\n|inactive|Time left: 300 sec this turn | 300 sec total\n|\n|t:|1783566420\n|move|p2a: Donphan|Ice Shard|p1a: Rampardos\n|-damage|p1a: Rampardos|199/321\n|move|p1a: Rampardos|Fire Punch|p2a: Donphan\n|-damage|p2a: Donphan|0 fnt\n|faint|p2a: Donphan\n|\n|upkeep\n|\n|t:|1783566421\n|switch|p2a: Ho-Oh|Ho-Oh, L71|100/100\n|turn|25\n|inactive|Time left: 300 sec this turn | 300 sec total\n|\n|t:|1783566422\n|move|p2a: Ho-Oh|Earthquake|p1a: Rampardos\n|-supereffective|p1a: Rampardos\n|-damage|p1a: Rampardos|27/321\n|move|p1a: Rampardos|Rock Slide|p2a: Ho-Oh\n|-supereffective|p2a: Ho-Oh\n|-damage|p2a: Ho-Oh|0 fnt\n|faint|p2a: Ho-Oh\n|\n|upkeep\n|\n|t:|1783566423\n|switch|p2a: Salazzle|Salazzle, L83, F|100/100\n|turn|26\n|inactive|Time left: 300 sec this turn | 300 sec total\n|\n|t:|1783566424\n|switch|p1a: Primarina|Primarina, L83, M|116/268 brn\n|move|p2a: Salazzle|Sludge Wave|p1a: Primarina\n|-supereffective|p1a: Primarina\n|-damage|p1a: Primarina|0 fnt\n|faint|p1a: Primarina\n|\n|upkeep\n|inactive|Time left: 300 sec this turn | 300 sec total | 5 sec grace\n|\n|t:|1783566424\n|switch|p1a: Houndstone|Houndstone, L86, F|131/264\n|turn|27\n|inactive|Time left: 300 sec this turn | 300 sec total\n|\n|t:|1783566425\n|move|p2a: Salazzle|Fire Blast|p1a: Houndstone\n|-damage|p1a: Houndstone|0 fnt\n|faint|p1a: Houndstone\n|\n|upkeep\n|inactive|Time left: 300 sec this turn | 300 sec total | 5 sec grace\n|\n|t:|1783566426\n|switch|p1a: Tropius|Tropius, L91, F|226/328\n|turn|28\n|inactive|Time left: 300 sec this turn | 300 sec total\n|\n|t:|1783566427\n|move|p2a: Salazzle|Fire Blast|p1a: Tropius\n|-supereffective|p1a: Tropius\n|-damage|p1a: Tropius|2/328\n|move|p1a: Tropius|Leech Seed|p2a: Salazzle\n|-start|p2a: Salazzle|move: Leech Seed\n|\n|-damage|p2a: Salazzle|88/100|[from] Leech Seed|[of] p1a: Tropius\n|-heal|p1a: Tropius|33/328|[silent]\n|upkeep\n|turn|29\n|inactive|Time left: 300 sec this turn | 300 sec total\n|\n|t:|1783566428\n|move|p1a: Tropius|Protect|p1a: Tropius\n|-singleturn|p1a: Tropius|Protect\n|move|p2a: Salazzle|Fire Blast|p1a: Tropius\n|-activate|p1a: Tropius|move: Protect\n|\n|-damage|p2a: Salazzle|76/100|[from] Leech Seed|[of] p1a: Tropius\n|-heal|p1a: Tropius|64/328|[silent]\n|upkeep\n|turn|30\n|inactive|Time left: 300 sec this turn | 300 sec total\n|\n|t:|1783566429\n|-terastallize|p1a: Tropius|Steel\n|move|p2a: Salazzle|Fire Blast|p1a: Tropius\n|-supereffective|p1a: Tropius\n|-damage|p1a: Tropius|0 fnt\n|faint|p1a: Tropius\n|\n|upkeep\n|inactive|Time left: 300 sec this turn | 300 sec total | 5 sec grace\n|\n|t:|1783566430\n|switch|p1a: Rampardos|Rampardos, L90, M|27/321\n|turn|31\n|inactive|Time left: 300 sec this turn | 300 sec total\n|\n|t:|1783566430\n|move|p2a: Salazzle|Sludge Wave|p1a: Rampardos\n|-resisted|p1a: Rampardos\n|-damage|p1a: Rampardos|0 fnt\n|faint|p1a: Rampardos\n|\n|upkeep\n|inactive|Time left: 300 sec this turn | 300 sec total | 5 sec grace\n|\n|t:|1783566431\n|switch|p1a: Oranguru|Oranguru, L92, F|68/315\n|turn|32\n|inactive|Time left: 300 sec this turn | 300 sec total\n|\n|t:|1783566432\n|move|p2a: Salazzle|Sludge Wave|p1a: Oranguru\n|-damage|p1a: Oranguru|0 fnt\n|faint|p1a: Oranguru\n|\n|win|p0y2277106a", "uploadtime": 1783566432, "views": 0, "rating": 0, "private": 0, "password": null, "_winner": "p0y2277106a", "_our_name": "p0x22777cfc"}