{"id": "battle-gen9randombattle-2250", "formatid": "gen9randombattle", "format": "[Gen 9] Random Battle", "players": ["p0x22506e89", "p0y2250a25b"], "log": "|init|battle\n|title|p0x22506e89 vs. p0y2250a25b\n|j|\u2606p0x22506e89\n|j|\u2606p0y2250a25b\n|t:|1783565153\n|gametype|singles\n|player|p1|p0x22506e89|266|\n|player|p2|p0y2250a25b|2|\n|gen|9\n|tier|[Gen 9] Random Battle\n|rule|Species Clause: Limit one of each Pok\u00e9mon\n|rule|HP Percentage Mod: HP is shown in percentages\n|rule|Sleep Clause Mod: Limit one foe put to sleep\n|rule|Illusion Level Mod: Illusion disguises the Pok\u00e9mon's true level\n|\n|t:|1783565153\n|teamsize|p1|6\n|teamsize|p2|6\n|start\n|switch|p1a: Shaymin|Shaymin, L82|100/100\n|switch|p2a: Vigoroth|Vigoroth, L85, F|275/275\n|turn|1\n|inactive|Battle timer is ON: inactive players will automatically lose when time's up. (requested by p0x22506e89)\n|inactive|Time left: 300 sec this turn | 300 sec total | 60 sec grace\n|inactive|p0y2250a25b also wants the timer to be on.\n|\n|t:|1783565154\n|move|p1a: Shaymin|Seed Flare|p2a: Vigoroth|[miss]\n|-miss|p1a: Shaymin|p2a: Vigoroth\n|move|p2a: Vigoroth|Bulk Up|p2a: Vigoroth\n|-boost|p2a: Vigoroth|atk|1\n|-boost|p2a: Vigoroth|def|1\n|\n|upkeep\n|turn|2\n|inactive|Time left: 300 sec this turn | 300 sec total\n|\n|t:|1783565155\n|move|p1a: Shaymin|Seed Flare|p2a: Vigoroth\n|-damage|p2a: Vigoroth|169/275\n|move|p2a: Vigoroth|Knock Off|p1a: Shaymin\n|-damage|p1a: Shaymin|73/100\n|-enditem|p1a: Shaymin|Leftovers|[from] move: Knock Off|[of] p2a: Vigoroth\n|\n|upkeep\n|turn|3\n|inactive|Time left: 300 sec this turn | 300 sec total\n|\n|t:|1783565156\n|move|p1a: Shaymin|Seed Flare|p2a: Vigoroth\n|-damage|p2a: Vigoroth|58/275\n|move|p2a: Vigoroth|Slack Off|p2a: Vigoroth\n|-heal|p2a: Vigoroth|196/275\n|\n|upkeep\n|turn|4\n|inactive|Time left: 300 sec this turn | 300 sec total\n|\n|t:|1783565157\n|move|p1a: Shaymin|Seed Flare|p2a: Vigoroth\n|-damage|p2a: Vigoroth|75/275\n|move|p2a: Vigoroth|Body Slam|p1a: Shaymin\n|-damage|p1a: Shaymin|36/100\n|\n|upkeep\n|turn|5\n|inactive|Time left: 300 sec this turn | 300 sec total\n|\n|t:|1783565158\n|move|p1a: Shaymin|Seed Flare|p2a: Vigoroth|[miss]\n|-miss|p1a: Shaymin|p2a: Vigoroth\n|move|p2a: Vigoroth|Slack Off|p2a: Vigoroth\n|-heal|p2a: Vigoroth|213/275\n|\n|upkeep\n|turn|6\n|inactive|Time left: 300 sec this turn | 300 sec total\n|\n|t:|1783565159\n|move|p1a: Shaymin|Synthesis|p1a: Shaymin\n|-heal|p1a: Shaymin|86/100\n|move|p2a: Vigoroth|Body Slam|p1a: Shaymin\n|-damage|p1a: Shaymin|46/100\n|\n|upkeep\n|turn|7\n|inactive|Time left: 300 sec this turn | 300 sec total\n|\n|t:|1783565160\n|move|p1a: Shaymin|Seed Flare|p2a: Vigoroth\n|-damage|p2a: Vigoroth|93/275\n|move|p2a: Vigoroth|Body Slam|p1a: Shaymin\n|-damage|p1a: Shaymin|7/100\n|\n|upkeep\n|turn|8\n|inactive|Time left: 300 sec this turn | 300 sec total\n|\n|t:|1783565161\n|move|p1a: Shaymin|Seed Flare|p2a: Vigoroth\n|-damage|p2a: Vigoroth|0 fnt\n|faint|p2a: Vigoroth\n|\n|upkeep\n|inactive|Time left: 300 sec this turn | 300 sec total | 5 sec grace\n|\n|t:|1783565162\n|switch|p2a: Floatzel|Floatzel, L86, M|286/286\n|turn|9\n|inactive|Time left: 300 sec this turn | 300 sec total\n|\n|t:|1783565164\n|move|p2a: Floatzel|Wave Crash|p1a: Shaymin\n|-resisted|p1a: Shaymin\n|-damage|p1a: Shaymin|0 fnt\n|faint|p1a: Shaymin\n|-damage|p2a: Floatzel|279/286|[from] Recoil\n|\n|upkeep\n|\n|t:|1783565164\n|switch|p1a: Lanturn|Lanturn, L89, F|100/100\n|turn|10\n|inactive|Time left: 300 sec this turn | 300 sec total\n|\n|t:|1783565166\n|move|p2a: Floatzel|Wave Crash|p1a: Lanturn\n|-resisted|p1a: Lanturn\n|-damage|p1a: Lanturn|66/100\n|-damage|p2a: Floatzel|237/286|[from] Recoil\n|move|p1a: Lanturn|Thunderbolt|p2a: Floatzel\n|-supereffective|p2a: Floatzel\n|-damage|p2a: Floatzel|0 fnt\n|faint|p2a: Floatzel\n|\n|-heal|p1a: Lanturn|72/100|[from] item: Leftovers\n|upkeep\n|inactive|Time left: 300 sec this turn | 300 sec total | 5 sec grace\n|\n|t:|1783565167\n|switch|p2a: Furret|Furret, L94, M|312/312\n|-item|p1a: Lanturn|Leftovers|[from] ability: Frisk|[of] p2a: Furret\n|turn|11\n|inactive|Time left: 300 sec this turn | 300 sec total\n|\n|t:|1783565168\n|move|p2a: Furret|Double-Edge|p1a: Lanturn\n|-damage|p1a: Lanturn|1/100\n|-damage|p2a: Furret|227/312|[from] Recoil\n|move|p1a: Lanturn|Scald|p2a: Furret\n|-damage|p2a: Furret|124/312\n|\n|-heal|p1a: Lanturn|7/100|[from] item: Leftovers\n|upkeep\n|turn|12\n|inactive|Time left: 300 sec this turn | 300 sec total\n|\n|t:|1783565169\n|switch|p1a: Perrserker|Perrserker, L89, F|100/100\n|move|p2a: Furret|Double-Edge|p1a: Perrserker\n|-resisted|p1a: Perrserker\n|-damage|p1a: Perrserker|72/100\n|-damage|p2a: Furret|99/312|[from] Recoil\n|\n|upkeep\n|turn|13\n|inactive|Time left: 300 sec this turn | 300 sec total\n|\n|t:|1783565170\n|move|p2a: Furret|Double-Edge|p1a: Perrserker\n|-resisted|p1a: Perrserker\n|-damage|p1a: Perrserker|38/100\n|-damage|p2a: Furret|69/312|[from] Recoil\n|move|p1a: Perrserker|Iron Head|p2a: Furret\n|-damage|p2a: Furret|0 fnt\n|faint|p2a: Furret\n|-damage|p1a: Perrserker|29/100|[from] item: Life Orb\n|\n|upkeep\n|inactive|Time left: 300 sec this turn | 300 sec total | 5 sec grace\n|\n|t:|1783565171\n|switch|p2a: Yanmega|Yanmega, L82, F|275/275\n|turn|14\n|inactive|Time left: 300 sec this turn | 300 sec total\n|\n|t:|1783565172\n|move|p2a: Yanmega|Bug Buzz|p1a: Perrserker\n|-resisted|p1a: Perrserker\n|-damage|p1a: Perrserker|0 fnt\n|faint|p1a: Perrserker\n|\n|upkeep\n|\n|t:|1783565173\n|switch|p1a: Ogerpon|Ogerpon-Hearthflame, L74, F|100/100\n|-ability|p1a: Ogerpon|Mold Breaker\n|turn|15\n|inactive|Time left: 300 sec this turn | 300 sec total\n|\n|t:|1783565174\n|switch|p2a: Tornadus|Tornadus, L82, M|264/264\n|-terastallize|p1a: Ogerpon|Fire\n|detailschange|p1a: Ogerpon|Ogerpon-Hearthflame-Tera, L74, F, tera:Fire\n|-ability|p1a: Ogerpon|Embody Aspect (Hearthflame)|boost\n|-boost|p1a: Ogerpon|atk|1\n|move|p1a: Ogerpon|Ivy Cudgel|p2a: Tornadus|[anim] Ivy Cudgel Fire\n|-damage|p2a: Tornadus|0 fnt\n|faint|p2a: Tornadus\n|\n|upkeep\n|inactive|Time left: 300 sec this turn | 300 sec total | 5 sec grace\n|\n|t:|1783565175\n|switch|p2a: Kingambit|Kingambit, L74, F|270/270\n|-activate|p2a: Kingambit|ability: Supreme Overlord\n|-start|p2a: Kingambit|fallen4|[silent]\n|turn|16\n|inactive|Time left: 300 sec this turn | 300 sec total\n|\n|t:|1783565176\n|-terastallize|p2a: Kingambit|Flying\n|move|p1a: Ogerpon|Ivy Cudgel|p2a: Kingambit|[anim] Ivy Cudgel Fire\n|-damage|p2a: Kingambit|64/270\n|move|p2a: Kingambit|Kowtow Cleave|p1a: Ogerpon\n|-damage|p1a: Ogerpon|39/100\n|\n|-heal|p2a: Kingambit|80/270|[from] item: Leftovers\n|upkeep\n|turn|17\n|inactive|Time left: 300 sec this turn | 300 sec total\n|\n|t:|1783565177\n|switch|p1a: Lanturn|Lanturn, L89, F|7/100\n|move|p2a: Kingambit|Sucker Punch||[still]\n|-fail|p2a: Kingambit\n|\n|-heal|p1a: Lanturn|13/100|[from] item: Leftovers\n|-heal|p2a: Kingambit|96/270|[from] item: Leftovers\n|upkeep\n|turn|18\n|inactive|Time left: 300 sec this turn | 300 sec total\n|\n|t:|1783565177\n|move|p2a: Kingambit|Sucker Punch||[still]\n|-fail|p2a: Kingambit\n|move|p1a: Lanturn|Thunder Wave|p2a: Kingambit\n|-status|p2a: Kingambit|par\n|\n|-heal|p1a: Lanturn|19/100|[from] item: Leftovers\n|-heal|p2a: Kingambit|112/270 par|[from] item: Leftovers\n|upkeep\n|turn|19\n|inactive|Time left: 300 sec this turn | 300 sec total\n|\n|t:|1783565178\n|move|p1a: Lanturn|Scald|p2a: Kingambit\n|-damage|p2a: Kingambit|28/270 par\n|move|p2a: Kingambit|Kowtow Cleave|p1a: Lanturn\n|-damage|p1a: Lanturn|0 fnt\n|faint|p1a: Lanturn\n|\n|-heal|p2a: Kingambit|44/270 par|[from] item: Leftovers\n|upkeep\n|\n|t:|1783565179\n|switch|p1a: Ogerpon|Ogerpon-Hearthflame-Tera, L74, F, tera:Fire|39/100\n|-ability|p1a: Ogerpon|Embody Aspect (Hearthflame)|boost\n|-boost|p1a: Ogerpon|atk|1\n|turn|20\n|inactive|Time left: 300 sec this turn | 300 sec total\n|\n|t:|1783565180\n|move|p2a: Kingambit|Sucker Punch|p1a: Ogerpon\n|-damage|p1a: Ogerpon|0 fnt\n|faint|p1a: Ogerpon\n|detailschange|p1: Ogerpon|Ogerpon-Hearthflame, L74, F|[silent]\n|\n|-heal|p2a: Kingambit|60/270 par|[from] item: Leftovers\n|upkeep\n|\n|t:|1783565181\n|switch|p1a: Latias|Latias, L79, F|100/100\n|turn|21\n|inactive|Time left: 300 sec this turn | 300 sec total\n|\n|t:|1783565182\n|-end|p2a: Kingambit|fallen4|[silent]\n|switch|p2a: Yanmega|Yanmega, L82, F|275/275\n|move|p1a: Latias|Psyshock|p2a: Yanmega\n|-damage|p2a: Yanmega|178/275\n|\n|upkeep\n|turn|22\n|inactive|Time left: 300 sec this turn | 300 sec total\n|\n|t:|1783565183\n|switch|p2a: Kingambit|Kingambit, L74, F, tera:Flying|60/270 par\n|-activate|p2a: Kingambit|ability: Supreme Overlord\n|-start|p2a: Kingambit|fallen4|[silent]\n|move|p1a: Latias|Draco Meteor|p2a: Kingambit|[miss]\n|-miss|p1a: Latias|p2a: Kingambit\n|\n|-heal|p2a: Kingambit|76/270 par|[from] item: Leftovers\n|upkeep\n|turn|23\n|inactive|Time left: 300 sec this turn | 300 sec total\n|\n|t:|1783565183\n|-end|p2a: Kingambit|fallen4|[silent]\n|switch|p2a: Yanmega|Yanmega, L82, F|178/275\n|move|p1a: Latias|Psyshock|p2a: Yanmega\n|-damage|p2a: Yanmega|67/275\n|\n|upkeep\n|turn|24\n|inactive|Time left: 300 sec this turn | 300 sec total\n|\n|t:|1783565184\n|switch|p2a: Kingambit|Kingambit, L74, F, tera:Flying|76/270 par\n|-activate|p2a: Kingambit|ability: Supreme Overlord\n|-start|p2a: Kingambit|fallen4|[silent]\n|move|p1a: Latias|Psyshock|p2a: Kingambit\n|-damage|p2a: Kingambit|0 fnt\n|faint|p2a: Kingambit\n|-end|p2a: Kingambit|fallen4|[silent]\n|\n|upkeep\n|inactive|Time left: 300 sec this turn | 300 sec total | 5 sec grace\n|\n|t:|1783565185\n|switch|p2a: Yanmega|Yanmega, L82, F|67/275\n|turn|25\n|inactive|Time left: 300 sec this turn | 300 sec total\n|\n|t:|1783565186\n|move|p1a: Latias|Psyshock|p2a: Yanmega\n|-damage|p2a: Yanmega|0 fnt\n|faint|p2a: Yanmega\n|\n|win|p0x22506e89", "uploadtime": 1783565186, "views": 0, "rating": 0, "private": 0, "password": null, "_winner": "p0x22506e89", "_our_name": "p0y2250a25b"}