{"id": "battle-gen9randombattle-43", "formatid": "gen9randombattle", "format": "[Gen 9] Random Battle", "players": ["p0x0430a50", "p0y043bd7b"], "log": "|init|battle\n|title|p0x0430a50 vs. p0y043bd7b\n|j|\u2606p0x0430a50\n|j|\u2606p0y043bd7b\n|t:|1783533723\n|gametype|singles\n|player|p1|p0x0430a50|266|\n|player|p2|p0y043bd7b|101|\n|gen|9\n|tier|[Gen 9] Random Battle\n|rule|Species Clause: Limit one of each Pok\u00e9mon\n|rule|HP Percentage Mod: HP is shown in percentages\n|rule|Sleep Clause Mod: Limit one foe put to sleep\n|rule|Illusion Level Mod: Illusion disguises the Pok\u00e9mon's true level\n|\n|t:|1783533723\n|teamsize|p1|6\n|teamsize|p2|6\n|start\n|switch|p1a: Cinderace|Cinderace, L77, M|100/100\n|switch|p2a: Fezandipiti|Fezandipiti, L82, M|278/278\n|turn|1\n|inactive|Battle timer is ON: inactive players will automatically lose when time's up. (requested by p0x0430a50)\n|inactive|Time left: 300 sec this turn | 300 sec total | 60 sec grace\n|inactive|p0y043bd7b also wants the timer to be on.\n|\n|t:|1783533724\n|switch|p1a: Gliscor|Gliscor, L76, M|100/100\n|move|p2a: Fezandipiti|Play Rough|p1a: Gliscor\n|-damage|p1a: Gliscor|69/100\n|-status|p1a: Gliscor|tox|[from] ability: Toxic Chain|[of] p2a: Fezandipiti\n|\n|-heal|p1a: Gliscor|81/100 tox|[from] ability: Poison Heal\n|upkeep\n|turn|2\n|inactive|Time left: 300 sec this turn | 300 sec total\n|\n|t:|1783533726\n|move|p2a: Fezandipiti|Swords Dance|p2a: Fezandipiti\n|-boost|p2a: Fezandipiti|atk|2\n|move|p1a: Gliscor|Earthquake|p2a: Fezandipiti\n|-supereffective|p2a: Fezandipiti\n|-damage|p2a: Fezandipiti|104/278\n|\n|-heal|p2a: Fezandipiti|121/278|[from] item: Leftovers\n|-heal|p1a: Gliscor|93/100 tox|[from] ability: Poison Heal\n|upkeep\n|turn|3\n|inactive|Time left: 300 sec this turn | 300 sec total\n|\n|t:|1783533727\n|switch|p2a: Masquerain|Masquerain, L87, F|264/264\n|-ability|p2a: Masquerain|Intimidate|boost\n|-unboost|p1a: Gliscor|atk|1\n|move|p1a: Gliscor|Earthquake|p2a: Masquerain\n|-immune|p2a: Masquerain\n|\n|-heal|p1a: Gliscor|100/100 tox|[from] ability: Poison Heal\n|upkeep\n|turn|4\n|inactive|Time left: 300 sec this turn | 300 sec total\n|\n|t:|1783533728\n|switch|p1a: Tinkaton|Tinkaton, L82, F|100/100\n|-ability|p1a: Tinkaton|Mold Breaker\n|move|p2a: Masquerain|Sticky Web|p1a: Tinkaton\n|-sidestart|p1: p0x0430a50|move: Sticky Web\n|\n|upkeep\n|turn|5\n|inactive|Time left: 300 sec this turn | 300 sec total\n|\n|t:|1783533729\n|switch|p2a: Blaziken|Blaziken, L76, F|247/247\n|move|p1a: Tinkaton|Gigaton Hammer|p2a: Blaziken\n|-resisted|p2a: Blaziken\n|-damage|p2a: Blaziken|155/247\n|\n|upkeep\n|turn|6\n|inactive|Time left: 300 sec this turn | 300 sec total\n|\n|t:|1783533730\n|move|p1a: Tinkaton|Play Rough|p2a: Blaziken\n|-damage|p2a: Blaziken|62/247\n|move|p2a: Blaziken|Swords Dance|p2a: Blaziken\n|-boost|p2a: Blaziken|atk|2\n|\n|-ability|p2a: Blaziken|Speed Boost|boost\n|-boost|p2a: Blaziken|spe|1\n|upkeep\n|turn|7\n|inactive|Time left: 300 sec this turn | 300 sec total\n|\n|t:|1783533731\n|move|p1a: Tinkaton|Protect|p1a: Tinkaton\n|-singleturn|p1a: Tinkaton|Protect\n|move|p2a: Blaziken|Close Combat|p1a: Tinkaton\n|-activate|p1a: Tinkaton|move: Protect\n|\n|-ability|p2a: Blaziken|Speed Boost|boost\n|-boost|p2a: Blaziken|spe|1\n|upkeep\n|turn|8\n|inactive|Time left: 300 sec this turn | 300 sec total\n|\n|t:|1783533732\n|switch|p1a: Gliscor|Gliscor, L76, M|100/100 tox\n|move|p2a: Blaziken|Close Combat|p1a: Gliscor\n|-resisted|p1a: Gliscor\n|-damage|p1a: Gliscor|40/100 tox\n|-unboost|p2a: Blaziken|def|1\n|-unboost|p2a: Blaziken|spd|1\n|-damage|p2a: Blaziken|38/247|[from] item: Life Orb\n|\n|-heal|p1a: Gliscor|52/100 tox|[from] ability: Poison Heal\n|-ability|p2a: Blaziken|Speed Boost|boost\n|-boost|p2a: Blaziken|spe|1\n|upkeep\n|turn|9\n|inactive|Time left: 300 sec this turn | 300 sec total\n|\n|t:|1783533733\n|move|p1a: Gliscor|Protect|p1a: Gliscor\n|-singleturn|p1a: Gliscor|Protect\n|move|p2a: Blaziken|Knock Off|p1a: Gliscor\n|-activate|p1a: Gliscor|move: Protect\n|\n|-heal|p1a: Gliscor|65/100 tox|[from] ability: Poison Heal\n|-ability|p2a: Blaziken|Speed Boost|boost\n|-boost|p2a: Blaziken|spe|1\n|upkeep\n|turn|10\n|inactive|Time left: 300 sec this turn | 300 sec total\n|\n|t:|1783533734\n|move|p2a: Blaziken|Knock Off|p1a: Gliscor\n|-damage|p1a: Gliscor|3/100 tox\n|-enditem|p1a: Gliscor|Toxic Orb|[from] move: Knock Off|[of] p2a: Blaziken\n|-damage|p2a: Blaziken|14/247|[from] item: Life Orb\n|move|p1a: Gliscor|Earthquake|p2a: Blaziken\n|-supereffective|p2a: Blaziken\n|-damage|p2a: Blaziken|0 fnt\n|faint|p2a: Blaziken\n|\n|-heal|p1a: Gliscor|15/100 tox|[from] ability: Poison Heal\n|upkeep\n|inactive|Time left: 300 sec this turn | 300 sec total | 5 sec grace\n|\n|t:|1783533735\n|switch|p2a: Samurott|Samurott-Hisui, L77, F|265/265\n|turn|11\n|inactive|Time left: 300 sec this turn | 300 sec total\n|\n|t:|1783533736\n|move|p1a: Gliscor|Toxic|p2a: Samurott\n|-status|p2a: Samurott|tox\n|move|p2a: Samurott|Ceaseless Edge|p1a: Gliscor\n|-damage|p1a: Gliscor|0 fnt\n|-sidestart|p1: p0x0430a50|Spikes\n|faint|p1a: Gliscor\n|\n|-damage|p2a: Samurott|249/265 tox|[from] psn\n|upkeep\n|\n|t:|1783533737\n|switch|p1a: Cinderace|Cinderace, L77, M|100/100\n|turn|12\n|inactive|Time left: 300 sec this turn | 300 sec total\n|\n|t:|1783533738\n|move|p1a: Cinderace|Court Change|p1a: Cinderace\n|-start|p1a: Cinderace|typechange|Normal|[from] ability: Libero\n|-swapsideconditions\n|-activate|p1a: Cinderace|move: Court Change\n|move|p2a: Samurott|Ceaseless Edge|p1a: Cinderace\n|-damage|p1a: Cinderace|26/100\n|-sidestart|p1: p0x0430a50|Spikes\n|\n|-damage|p2a: Samurott|217/265 tox|[from] psn\n|upkeep\n|turn|13\n|inactive|Time left: 300 sec this turn | 300 sec total\n|\n|t:|1783533739\n|move|p1a: Cinderace|U-turn|p2a: Samurott\n|-supereffective|p2a: Samurott\n|-damage|p2a: Samurott|115/265 tox\n|\n|t:|1783533740\n|switch|p1a: Tinkaton|Tinkaton, L82, F|100/100|[from] U-turn\n|-damage|p1a: Tinkaton|88/100|[from] Spikes\n|-ability|p1a: Tinkaton|Mold Breaker\n|move|p2a: Samurott|Ceaseless Edge|p1a: Tinkaton\n|-resisted|p1a: Tinkaton\n|-damage|p1a: Tinkaton|58/100\n|-sidestart|p1: p0x0430a50|Spikes\n|\n|-heal|p1a: Tinkaton|64/100|[from] item: Leftovers\n|-damage|p2a: Samurott|67/265 tox|[from] psn\n|upkeep\n|turn|14\n|inactive|Time left: 300 sec this turn | 300 sec total\n|\n|t:|1783533741\n|move|p1a: Tinkaton|Swords Dance|p1a: Tinkaton\n|-boost|p1a: Tinkaton|atk|2\n|move|p2a: Samurott|Ceaseless Edge|p1a: Tinkaton\n|-resisted|p1a: Tinkaton\n|-damage|p1a: Tinkaton|34/100\n|-sidestart|p1: p0x0430a50|Spikes\n|\n|-heal|p1a: Tinkaton|41/100|[from] item: Leftovers\n|-damage|p2a: Samurott|3/265 tox|[from] psn\n|upkeep\n|turn|15\n|inactive|Time left: 300 sec this turn | 300 sec total\n|\n|t:|1783533742\n|move|p1a: Tinkaton|Gigaton Hammer|p2a: Samurott\n|-resisted|p2a: Samurott\n|-damage|p2a: Samurott|0 fnt\n|faint|p2a: Samurott\n|\n|-heal|p1a: Tinkaton|47/100|[from] item: Leftovers\n|upkeep\n|inactive|Time left: 300 sec this turn | 300 sec total | 5 sec grace\n|\n|t:|1783533743\n|switch|p2a: Chandelure|Chandelure, L83, M|235/235\n|turn|16\n|inactive|Time left: 300 sec this turn | 300 sec total\n|\n|t:|1783533744\n|move|p1a: Tinkaton|Protect|p1a: Tinkaton\n|-singleturn|p1a: Tinkaton|Protect\n|move|p2a: Chandelure|Fire Blast|p1a: Tinkaton\n|-activate|p1a: Tinkaton|move: Protect\n|\n|-heal|p1a: Tinkaton|53/100|[from] item: Leftovers\n|upkeep\n|turn|17\n|inactive|Time left: 300 sec this turn | 300 sec total\n|\n|t:|1783533745\n|move|p1a: Tinkaton|Gigaton Hammer|p2a: Chandelure\n|-resisted|p2a: Chandelure\n|-damage|p2a: Chandelure|114/235\n|move|p2a: Chandelure|Fire Blast|p1a: Tinkaton\n|-supereffective|p1a: Tinkaton\n|-damage|p1a: Tinkaton|0 fnt\n|faint|p1a: Tinkaton\n|\n|upkeep\n|\n|t:|1783533746\n|switch|p1a: Thundurus|Thundurus-Therian, L80, M|100/100\n|turn|18\n|inactive|Time left: 300 sec this turn | 300 sec total\n|\n|t:|1783533747\n|move|p1a: Thundurus|Thunderbolt|p2a: Chandelure\n|-damage|p2a: Chandelure|0 fnt\n|faint|p2a: Chandelure\n|\n|upkeep\n|inactive|Time left: 300 sec this turn | 300 sec total | 5 sec grace\n|\n|t:|1783533748\n|switch|p2a: Masquerain|Masquerain, L87, F|264/264\n|-ability|p2a: Masquerain|Intimidate|boost\n|-unboost|p1a: Thundurus|atk|1\n|turn|19\n|inactive|Time left: 300 sec this turn | 300 sec total\n|\n|t:|1783533749\n|-terastallize|p2a: Masquerain|Ground\n|move|p1a: Thundurus|Thunderbolt|p2a: Masquerain\n|-immune|p2a: Masquerain\n|move|p2a: Masquerain|Bug Buzz|p1a: Thundurus\n|-resisted|p1a: Thundurus\n|-damage|p1a: Thundurus|78/100\n|\n|upkeep\n|turn|20\n|inactive|Time left: 300 sec this turn | 300 sec total\n|\n|t:|1783533751\n|switch|p1a: Zangoose|Zangoose, L85, F|100/100\n|-damage|p1a: Zangoose|76/100|[from] Spikes\n|move|p2a: Masquerain|Bug Buzz|p1a: Zangoose\n|-damage|p1a: Zangoose|26/100\n|-unboost|p1a: Zangoose|spd|1\n|\n|-status|p1a: Zangoose|tox|[from] item: Toxic Orb\n|upkeep\n|turn|21\n|inactive|Time left: 300 sec this turn | 300 sec total\n|\n|t:|1783533752\n|switch|p2a: Fezandipiti|Fezandipiti, L82, M|121/278\n|-activate|p2a: Fezandipiti|move: Sticky Web\n|-unboost|p2a: Fezandipiti|spe|1\n|-damage|p2a: Fezandipiti|87/278|[from] Spikes\n|move|p1a: Zangoose|Facade|p2a: Fezandipiti\n|-damage|p2a: Fezandipiti|0 fnt\n|faint|p2a: Fezandipiti\n|\n|-damage|p1a: Zangoose|20/100 tox|[from] psn\n|upkeep\n|inactive|Time left: 300 sec this turn | 300 sec total | 5 sec grace\n|\n|t:|1783533753\n|switch|p2a: Whimsicott|Whimsicott, L84, F|238/238\n|-activate|p2a: Whimsicott|move: Sticky Web\n|-unboost|p2a: Whimsicott|spe|1\n|-damage|p2a: Whimsicott|209/238|[from] Spikes\n|turn|22\n|inactive|Time left: 300 sec this turn | 300 sec total\n|\n|t:|1783533754\n|move|p2a: Whimsicott|Substitute|p2a: Whimsicott\n|-start|p2a: Whimsicott|Substitute\n|-damage|p2a: Whimsicott|150/238\n|move|p1a: Zangoose|Facade|p2a: Whimsicott\n|-end|p2a: Whimsicott|Substitute\n|\n|-heal|p2a: Whimsicott|164/238|[from] item: Leftovers\n|-damage|p1a: Zangoose|8/100 tox|[from] psn\n|upkeep\n|turn|23\n|inactive|Time left: 300 sec this turn | 300 sec total\n|\n|t:|1783533755\n|move|p2a: Whimsicott|Substitute|p2a: Whimsicott\n|-start|p2a: Whimsicott|Substitute\n|-damage|p2a: Whimsicott|105/238\n|move|p1a: Zangoose|Facade|p2a: Whimsicott\n|-end|p2a: Whimsicott|Substitute\n|\n|-heal|p2a: Whimsicott|119/238|[from] item: Leftovers\n|-damage|p1a: Zangoose|0 fnt|[from] psn\n|faint|p1a: Zangoose\n|upkeep\n|\n|t:|1783533756\n|switch|p1a: Cinderace|Cinderace, L77, M|26/100\n|turn|24\n|inactive|Time left: 300 sec this turn | 300 sec total\n|\n|t:|1783533757\n|move|p1a: Cinderace|Pyro Ball|p2a: Whimsicott|[miss]\n|-miss|p1a: Cinderace|p2a: Whimsicott\n|move|p2a: Whimsicott|Moonblast|p1a: Cinderace\n|-resisted|p1a: Cinderace\n|-damage|p1a: Cinderace|5/100\n|\n|-heal|p2a: Whimsicott|133/238|[from] item: Leftovers\n|upkeep\n|turn|25\n|inactive|Time left: 300 sec this turn | 300 sec total\n|\n|t:|1783533758\n|move|p2a: Whimsicott|Substitute|p2a: Whimsicott\n|-start|p2a: Whimsicott|Substitute\n|-damage|p2a: Whimsicott|74/238\n|move|p1a: Cinderace|Pyro Ball|p2a: Whimsicott\n|-supereffective|p2a: Whimsicott\n|-end|p2a: Whimsicott|Substitute\n|\n|-heal|p2a: Whimsicott|88/238|[from] item: Leftovers\n|upkeep\n|turn|26\n|inactive|Time left: 300 sec this turn | 300 sec total\n|\n|t:|1783533759\n|move|p1a: Cinderace|Pyro Ball|p2a: Whimsicott\n|-supereffective|p2a: Whimsicott\n|-damage|p2a: Whimsicott|0 fnt\n|faint|p2a: Whimsicott\n|\n|upkeep\n|inactive|Time left: 300 sec this turn | 300 sec total | 5 sec grace\n|\n|t:|1783533760\n|switch|p2a: Masquerain|Masquerain, L87, F, tera:Ground|264/264\n|-ability|p2a: Masquerain|Intimidate|boost\n|-unboost|p1a: Cinderace|atk|1\n|turn|27\n|inactive|Time left: 300 sec this turn | 300 sec total\n|\n|t:|1783533761\n|move|p1a: Cinderace|High Jump Kick|p2a: Masquerain\n|-start|p1a: Cinderace|typechange|Fighting|[from] ability: Libero\n|-damage|p2a: Masquerain|162/264\n|move|p2a: Masquerain|Sticky Web|p1a: Cinderace\n|-sidestart|p1: p0x0430a50|move: Sticky Web\n|\n|upkeep\n|turn|28\n|inactive|Time left: 300 sec this turn | 300 sec total\n|\n|t:|1783533763\n|-terastallize|p1a: Cinderace|Fighting\n|move|p1a: Cinderace|High Jump Kick|p2a: Masquerain\n|-damage|p2a: Masquerain|20/264\n|move|p2a: Masquerain|U-turn|p1a: Cinderace\n|-resisted|p1a: Cinderace\n|-damage|p1a: Cinderace|0 fnt\n|faint|p1a: Cinderace\n|\n|upkeep\n|\n|t:|1783533764\n|switch|p1a: Thundurus|Thundurus-Therian, L80, M|78/100\n|turn|29\n|inactive|Time left: 300 sec this turn | 300 sec total\n|\n|t:|1783533765\n|move|p1a: Thundurus|Psychic|p2a: Masquerain\n|-damage|p2a: Masquerain|0 fnt\n|faint|p2a: Masquerain\n|\n|win|p0x0430a50", "uploadtime": 1783533765, "views": 0, "rating": 0, "private": 0, "password": null, "_winner": "p0x0430a50", "_our_name": "p0y043bd7b"}