{"id": "battle-gen9randombattle-1116", "formatid": "gen9randombattle", "format": "[Gen 9] Random Battle", "players": ["p0x111663e2", "p0y11161395"], "log": "|init|battle\n|title|p0x111663e2 vs. p0y11161395\n|j|\u2606p0x111663e2\n|j|\u2606p0y11161395\n|t:|1783552885\n|gametype|singles\n|player|p1|p0x111663e2|266|\n|player|p2|p0y11161395|101|\n|gen|9\n|tier|[Gen 9] Random Battle\n|rule|Species Clause: Limit one of each Pok\u00e9mon\n|rule|HP Percentage Mod: HP is shown in percentages\n|rule|Sleep Clause Mod: Limit one foe put to sleep\n|rule|Illusion Level Mod: Illusion disguises the Pok\u00e9mon's true level\n|\n|t:|1783552885\n|teamsize|p1|6\n|teamsize|p2|6\n|start\n|switch|p1a: Veluza|Veluza, L85, M|292/292\n|switch|p2a: Tatsugiri|Tatsugiri, L87, F|100/100\n|turn|1\n|inactive|Battle timer is ON: inactive players will automatically lose when time's up. (requested by p0y11161395)\n|inactive|Time left: 300 sec this turn | 300 sec total | 60 sec grace\n|inactive|p0x111663e2 also wants the timer to be on.\n|\n|t:|1783552887\n|move|p2a: Tatsugiri|Nasty Plot|p2a: Tatsugiri\n|-boost|p2a: Tatsugiri|spa|2\n|move|p1a: Veluza|Fillet Away|p1a: Veluza\n|-boost|p1a: Veluza|atk|2\n|-boost|p1a: Veluza|spa|2\n|-boost|p1a: Veluza|spe|2\n|-damage|p1a: Veluza|146/292\n|-enditem|p1a: Veluza|Sitrus Berry|[eat]\n|-heal|p1a: Veluza|219/292|[from] item: Sitrus Berry\n|\n|upkeep\n|turn|2\n|inactive|Time left: 300 sec this turn | 300 sec total\n|\n|t:|1783552888\n|-terastallize|p2a: Tatsugiri|Steel\n|move|p1a: Veluza|Psycho Cut|p2a: Tatsugiri\n|-resisted|p2a: Tatsugiri\n|-damage|p2a: Tatsugiri|40/100\n|move|p2a: Tatsugiri|Draco Meteor|p1a: Veluza\n|-damage|p1a: Veluza|0 fnt\n|-unboost|p2a: Tatsugiri|spa|2\n|faint|p1a: Veluza\n|\n|upkeep\n|inactive|Time left: 300 sec this turn | 300 sec total | 5 sec grace\n|\n|t:|1783552889\n|switch|p1a: Dragonite|Dragonite, L74, M|257/257\n|turn|3\n|inactive|Time left: 300 sec this turn | 300 sec total\n|\n|t:|1783552890\n|move|p2a: Tatsugiri|Draco Meteor|p1a: Dragonite\n|-supereffective|p1a: Dragonite\n|-damage|p1a: Dragonite|82/257\n|-unboost|p2a: Tatsugiri|spa|2\n|move|p1a: Dragonite|Dragon Dance|p1a: Dragonite\n|-boost|p1a: Dragonite|atk|1\n|-boost|p1a: Dragonite|spe|1\n|\n|upkeep\n|turn|4\n|inactive|Time left: 300 sec this turn | 300 sec total\n|\n|t:|1783552891\n|switch|p2a: Slaking|Slaking, L84, M|100/100\n|move|p1a: Dragonite|Outrage|p2a: Slaking\n|-damage|p2a: Slaking|53/100\n|\n|upkeep\n|turn|5\n|inactive|Time left: 300 sec this turn | 300 sec total\n|\n|t:|1783552892\n|move|p2a: Slaking|Knock Off|p1a: Dragonite\n|-damage|p1a: Dragonite|0 fnt\n|-enditem|p1a: Dragonite|Heavy-Duty Boots|[from] move: Knock Off|[of] p2a: Slaking\n|faint|p1a: Dragonite\n|\n|upkeep\n|inactive|Time left: 300 sec this turn | 300 sec total | 5 sec grace\n|\n|t:|1783552893\n|switch|p1a: Galvantula|Galvantula, L82, F|249/249\n|turn|6\n|inactive|Time left: 300 sec this turn | 300 sec total\n|\n|t:|1783552895\n|switch|p2a: Garchomp|Garchomp, L74, F|100/100\n|move|p1a: Galvantula|Sticky Web|p2a: Garchomp\n|-sidestart|p2: p0y11161395|move: Sticky Web\n|\n|upkeep\n|turn|7\n|inactive|Time left: 300 sec this turn | 300 sec total\n|\n|t:|1783552896\n|switch|p1a: Mudsdale|Mudsdale, L83, F|302/302\n|move|p2a: Garchomp|Earthquake|p1a: Mudsdale\n|-damage|p1a: Mudsdale|197/302\n|-ability|p1a: Mudsdale|Stamina|boost\n|-boost|p1a: Mudsdale|def|1\n|\n|-heal|p1a: Mudsdale|215/302|[from] item: Leftovers\n|upkeep\n|turn|8\n|inactive|Time left: 300 sec this turn | 300 sec total\n|\n|t:|1783552897\n|move|p2a: Garchomp|Swords Dance|p2a: Garchomp\n|-boost|p2a: Garchomp|atk|2\n|move|p1a: Mudsdale|Earthquake|p2a: Garchomp\n|-crit|p2a: Garchomp\n|-damage|p2a: Garchomp|28/100\n|\n|-heal|p1a: Mudsdale|233/302|[from] item: Leftovers\n|upkeep\n|turn|9\n|inactive|Time left: 300 sec this turn | 300 sec total\n|\n|t:|1783552898\n|move|p2a: Garchomp|Earthquake|p1a: Mudsdale\n|-damage|p1a: Mudsdale|113/302\n|-ability|p1a: Mudsdale|Stamina|boost\n|-boost|p1a: Mudsdale|def|1\n|move|p1a: Mudsdale|Earthquake|p2a: Garchomp\n|-damage|p2a: Garchomp|0 fnt\n|faint|p2a: Garchomp\n|\n|-heal|p1a: Mudsdale|131/302|[from] item: Leftovers\n|upkeep\n|\n|t:|1783552900\n|switch|p2a: Tatsugiri|Tatsugiri, L87, F, tera:Steel|40/100\n|turn|10\n|inactive|Time left: 300 sec this turn | 300 sec total\n|\n|t:|1783552901\n|-terastallize|p1a: Mudsdale|Steel\n|move|p2a: Tatsugiri|Surf|p1a: Mudsdale\n|-damage|p1a: Mudsdale|2/302\n|-ability|p1a: Mudsdale|Stamina|boost\n|-boost|p1a: Mudsdale|def|1\n|move|p1a: Mudsdale|Earthquake|p2a: Tatsugiri\n|-supereffective|p2a: Tatsugiri\n|-damage|p2a: Tatsugiri|0 fnt\n|faint|p2a: Tatsugiri\n|\n|-heal|p1a: Mudsdale|20/302|[from] item: Leftovers\n|upkeep\n|\n|t:|1783552902\n|switch|p2a: Slaking|Slaking, L84, M|53/100\n|-activate|p2a: Slaking|move: Sticky Web\n|-unboost|p2a: Slaking|spe|1\n|turn|11\n|inactive|Time left: 300 sec this turn | 300 sec total\n|\n|t:|1783552903\n|move|p2a: Slaking|Giga Impact|p1a: Mudsdale\n|-resisted|p1a: Mudsdale\n|-damage|p1a: Mudsdale|0 fnt\n|-mustrecharge|p2a: Slaking\n|faint|p1a: Mudsdale\n|\n|upkeep\n|inactive|Time left: 300 sec this turn | 300 sec total | 5 sec grace\n|\n|t:|1783552904\n|switch|p1a: Heatran|Heatran, L79, M|273/273\n|-item|p1a: Heatran|Air Balloon\n|turn|12\n|inactive|Time left: 300 sec this turn | 300 sec total\n|\n|t:|1783552905\n|cant|p2a: Slaking|recharge\n|move|p1a: Heatran|Lava Plume|p2a: Slaking\n|-damage|p2a: Slaking|24/100\n|-status|p2a: Slaking|brn\n|\n|-damage|p2a: Slaking|18/100 brn|[from] brn\n|upkeep\n|turn|13\n|inactive|Time left: 300 sec this turn | 300 sec total\n|\n|t:|1783552906\n|move|p2a: Slaking|Giga Impact|p1a: Heatran\n|-resisted|p1a: Heatran\n|-damage|p1a: Heatran|220/273\n|-mustrecharge|p2a: Slaking\n|-enditem|p1a: Heatran|Air Balloon\n|move|p1a: Heatran|Stealth Rock|p2a: Slaking\n|-sidestart|p2: p0y11161395|move: Stealth Rock\n|\n|-damage|p2a: Slaking|12/100 brn|[from] brn\n|upkeep\n|turn|14\n|inactive|Time left: 300 sec this turn | 300 sec total\n|\n|t:|1783552907\n|switch|p1a: Manaphy|Manaphy, L78|284/284\n|cant|p2a: Slaking|recharge\n|\n|-damage|p2a: Slaking|5/100 brn|[from] brn\n|upkeep\n|turn|15\n|inactive|Time left: 300 sec this turn | 300 sec total\n|\n|t:|1783552908\n|move|p2a: Slaking|Giga Impact|p1a: Manaphy\n|-damage|p1a: Manaphy|176/284\n|-mustrecharge|p2a: Slaking\n|move|p1a: Manaphy|Tail Glow|p1a: Manaphy\n|-boost|p1a: Manaphy|spa|3\n|\n|-heal|p1a: Manaphy|193/284|[from] item: Leftovers\n|-damage|p2a: Slaking|0 fnt|[from] brn\n|faint|p2a: Slaking\n|upkeep\n|\n|t:|1783552909\n|switch|p2a: Abomasnow|Abomasnow, L84, F|100/100\n|-activate|p2a: Abomasnow|move: Sticky Web\n|-unboost|p2a: Abomasnow|spe|1\n|-damage|p2a: Abomasnow|76/100|[from] Stealth Rock\n|-weather|Snowscape|[from] ability: Snow Warning|[of] p2a: Abomasnow\n|turn|16\n|inactive|Time left: 300 sec this turn | 300 sec total\n|\n|t:|1783552910\n|move|p1a: Manaphy|Ice Beam|p2a: Abomasnow\n|-damage|p2a: Abomasnow|24/100\n|move|p2a: Abomasnow|Wood Hammer|p1a: Manaphy\n|-supereffective|p1a: Manaphy\n|-damage|p1a: Manaphy|0 fnt\n|faint|p1a: Manaphy\n|-damage|p2a: Abomasnow|2/100|[from] Recoil\n|\n|-weather|Snowscape|[upkeep]\n|upkeep\n|inactive|Time left: 300 sec this turn | 300 sec total | 5 sec grace\n|\n|t:|1783552911\n|switch|p1a: Galvantula|Galvantula, L82, F|249/249\n|turn|17\n|inactive|Time left: 300 sec this turn | 300 sec total\n|\n|t:|1783552912\n|move|p2a: Abomasnow|Ice Shard|p1a: Galvantula\n|-damage|p1a: Galvantula|198/249\n|move|p1a: Galvantula|Volt Switch|p2a: Abomasnow\n|-resisted|p2a: Abomasnow\n|-damage|p2a: Abomasnow|0 fnt\n|faint|p2a: Abomasnow\n|inactive|Time left: 300 sec this turn | 300 sec total | 5 sec grace\n|\n|t:|1783552913\n|switch|p1a: Heatran|Heatran, L79, M|220/273|[from] Volt Switch\n|\n|-weather|Snowscape|[upkeep]\n|upkeep\n|\n|t:|1783552914\n|switch|p2a: Sableye|Sableye, L88, F|100/100\n|-activate|p2a: Sableye|move: Sticky Web\n|-unboost|p2a: Sableye|spe|1\n|-damage|p2a: Sableye|88/100|[from] Stealth Rock\n|turn|18\n|inactive|Time left: 300 sec this turn | 300 sec total\n|\n|t:|1783552915\n|move|p2a: Sableye|Thunder Wave|p1a: Heatran\n|-status|p1a: Heatran|par\n|move|p1a: Heatran|Lava Plume|p2a: Sableye\n|-damage|p2a: Sableye|43/100\n|-status|p2a: Sableye|brn\n|\n|-weather|Snowscape|[upkeep]\n|-heal|p2a: Sableye|49/100 brn|[from] item: Leftovers\n|-damage|p2a: Sableye|43/100 brn|[from] brn\n|upkeep\n|turn|19\n|inactive|Time left: 300 sec this turn | 300 sec total\n|\n|t:|1783552916\n|move|p2a: Sableye|Recover|p2a: Sableye\n|-heal|p2a: Sableye|93/100 brn\n|move|p1a: Heatran|Lava Plume|p2a: Sableye\n|-damage|p2a: Sableye|43/100 brn\n|\n|-weather|Snowscape|[upkeep]\n|-heal|p2a: Sableye|49/100 brn|[from] item: Leftovers\n|-damage|p2a: Sableye|43/100 brn|[from] brn\n|upkeep\n|turn|20\n|inactive|Time left: 300 sec this turn | 300 sec total\n|\n|t:|1783552917\n|move|p2a: Sableye|Recover|p2a: Sableye\n|-heal|p2a: Sableye|94/100 brn\n|move|p1a: Heatran|Lava Plume|p2a: Sableye\n|-damage|p2a: Sableye|44/100 brn\n|\n|-weather|none\n|-heal|p2a: Sableye|50/100 brn|[from] item: Leftovers\n|-damage|p2a: Sableye|44/100 brn|[from] brn\n|upkeep\n|turn|21\n|inactive|Time left: 300 sec this turn | 300 sec total\n|\n|t:|1783552918\n|move|p2a: Sableye|Recover|p2a: Sableye\n|-heal|p2a: Sableye|94/100 brn\n|move|p1a: Heatran|Heavy Slam|p2a: Sableye\n|-damage|p2a: Sableye|42/100 brn\n|\n|-heal|p2a: Sableye|48/100 brn|[from] item: Leftovers\n|-damage|p2a: Sableye|42/100 brn|[from] brn\n|upkeep\n|turn|22\n|inactive|Time left: 300 sec this turn | 300 sec total\n|\n|t:|1783552919\n|move|p2a: Sableye|Recover|p2a: Sableye\n|-heal|p2a: Sableye|92/100 brn\n|move|p1a: Heatran|Lava Plume|p2a: Sableye\n|-damage|p2a: Sableye|48/100 brn\n|\n|-heal|p2a: Sableye|54/100 brn|[from] item: Leftovers\n|-damage|p2a: Sableye|48/100 brn|[from] brn\n|upkeep\n|turn|23\n|inactive|Time left: 300 sec this turn | 300 sec total\n|\n|t:|1783552920\n|move|p2a: Sableye|Recover|p2a: Sableye\n|-heal|p2a: Sableye|98/100 brn\n|move|p1a: Heatran|Heavy Slam|p2a: Sableye\n|-damage|p2a: Sableye|47/100 brn\n|\n|-heal|p2a: Sableye|53/100 brn|[from] item: Leftovers\n|-damage|p2a: Sableye|47/100 brn|[from] brn\n|upkeep\n|turn|24\n|inactive|Time left: 300 sec this turn | 300 sec total\n|\n|t:|1783552921\n|move|p2a: Sableye|Recover|p2a: Sableye\n|-heal|p2a: Sableye|97/100 brn\n|move|p1a: Heatran|Earth Power|p2a: Sableye\n|-damage|p2a: Sableye|60/100 brn\n|\n|-heal|p2a: Sableye|66/100 brn|[from] item: Leftovers\n|-damage|p2a: Sableye|60/100 brn|[from] brn\n|upkeep\n|turn|25\n|inactive|Time left: 300 sec this turn | 300 sec total\n|\n|t:|1783552922\n|move|p2a: Sableye|Recover|p2a: Sableye\n|-heal|p2a: Sableye|100/100 brn\n|move|p1a: Heatran|Heavy Slam|p2a: Sableye\n|-damage|p2a: Sableye|49/100 brn\n|\n|-heal|p2a: Sableye|55/100 brn|[from] item: Leftovers\n|-damage|p2a: Sableye|49/100 brn|[from] brn\n|upkeep\n|turn|26\n|inactive|Time left: 300 sec this turn | 300 sec total\n|\n|t:|1783552923\n|switch|p1a: Galvantula|Galvantula, L82, F|198/249\n|move|p2a: Sableye|Recover|p2a: Sableye\n|-heal|p2a: Sableye|99/100 brn\n|\n|-heal|p2a: Sableye|100/100 brn|[from] item: Leftovers\n|-damage|p2a: Sableye|94/100 brn|[from] brn\n|upkeep\n|turn|27\n|inactive|Time left: 300 sec this turn | 300 sec total\n|\n|t:|1783552924\n|move|p1a: Galvantula|Thunder|p2a: Sableye\n|-damage|p2a: Sableye|39/100 brn\n|move|p2a: Sableye|Knock Off|p1a: Galvantula\n|-damage|p1a: Galvantula|141/249\n|-enditem|p1a: Galvantula|Heavy-Duty Boots|[from] move: Knock Off|[of] p2a: Sableye\n|\n|-heal|p2a: Sableye|45/100 brn|[from] item: Leftovers\n|-damage|p2a: Sableye|39/100 brn|[from] brn\n|upkeep\n|turn|28\n|inactive|Time left: 300 sec this turn | 300 sec total\n|\n|t:|1783552925\n|move|p2a: Sableye|Encore|p1a: Galvantula\n|-start|p1a: Galvantula|Encore\n|move|p1a: Galvantula|Thunder|p2a: Sableye\n|-damage|p2a: Sableye|0 fnt\n|faint|p2a: Sableye\n|\n|upkeep\n|\n|t:|1783552926\n|switch|p2a: Gengar|Gengar, L81, M|100/100\n|-activate|p2a: Gengar|move: Sticky Web\n|-unboost|p2a: Gengar|spe|1\n|-damage|p2a: Gengar|88/100|[from] Stealth Rock\n|turn|29\n|inactive|Time left: 300 sec this turn | 300 sec total\n|\n|t:|1783552927\n|move|p1a: Galvantula|Thunder|p2a: Gengar|[miss]\n|-miss|p1a: Galvantula|p2a: Gengar\n|move|p2a: Gengar|Shadow Ball|p1a: Galvantula\n|-damage|p1a: Galvantula|0 fnt\n|faint|p1a: Galvantula\n|-damage|p2a: Gengar|78/100|[from] item: Life Orb\n|\n|upkeep\n|inactive|Time left: 300 sec this turn | 300 sec total | 5 sec grace\n|\n|t:|1783552928\n|switch|p1a: Heatran|Heatran, L79, M|220/273 par\n|turn|30\n|inactive|Time left: 300 sec this turn | 300 sec total\n|\n|t:|1783552929\n|move|p2a: Gengar|Focus Blast|p1a: Heatran|[miss]\n|-miss|p2a: Gengar|p1a: Heatran\n|move|p1a: Heatran|Earth Power|p2a: Gengar\n|-supereffective|p2a: Gengar\n|-damage|p2a: Gengar|10/100\n|-start|p1a: Heatran|Disable|Earth Power|[from] ability: Cursed Body|[of] p2a: Gengar\n|\n|upkeep\n|turn|31\n|inactive|Time left: 300 sec this turn | 300 sec total\n|\n|t:|1783552930\n|move|p2a: Gengar|Sludge Wave|p1a: Heatran\n|-immune|p1a: Heatran\n|move|p1a: Heatran|Heavy Slam|p2a: Gengar\n|-damage|p2a: Gengar|0 fnt\n|faint|p2a: Gengar\n|\n|win|p0x111663e2", "uploadtime": 1783552930, "views": 0, "rating": 0, "private": 0, "password": null, "_winner": "p0x111663e2", "_our_name": "p0x111663e2"}