{"id": "battle-gen9randombattle-22", "formatid": "gen9randombattle", "format": "[Gen 9] Random Battle", "players": ["p0x0222f06", "p0y022cc4c"], "log": "|init|battle\n|title|p0x0222f06 vs. p0y022cc4c\n|j|\u2606p0x0222f06\n|j|\u2606p0y022cc4c\n|t:|1783533526\n|gametype|singles\n|player|p1|p0x0222f06|266|\n|player|p2|p0y022cc4c|102|\n|gen|9\n|tier|[Gen 9] Random Battle\n|rule|Species Clause: Limit one of each Pok\u00e9mon\n|rule|HP Percentage Mod: HP is shown in percentages\n|rule|Sleep Clause Mod: Limit one foe put to sleep\n|rule|Illusion Level Mod: Illusion disguises the Pok\u00e9mon's true level\n|\n|t:|1783533526\n|teamsize|p1|6\n|teamsize|p2|6\n|start\n|switch|p1a: Noivern|Noivern, L82, F|100/100\n|switch|p2a: Dipplin|Dipplin, L88, F|284/284\n|turn|1\n|inactive|Battle timer is ON: inactive players will automatically lose when time's up. (requested by p0x0222f06)\n|inactive|Time left: 300 sec this turn | 300 sec total | 60 sec grace\n|inactive|p0y022cc4c also wants the timer to be on.\n|\n|t:|1783533527\n|move|p1a: Noivern|Draco Meteor|p2a: Dipplin\n|-supereffective|p2a: Dipplin\n|-damage|p2a: Dipplin|38/284\n|-unboost|p1a: Noivern|spa|2\n|move|p2a: Dipplin|Dragon Pulse|p1a: Noivern\n|-supereffective|p1a: Noivern\n|-damage|p1a: Noivern|17/100\n|\n|upkeep\n|turn|2\n|inactive|Time left: 300 sec this turn | 300 sec total\n|\n|t:|1783533528\n|move|p1a: Noivern|Draco Meteor|p2a: Dipplin\n|-supereffective|p2a: Dipplin\n|-damage|p2a: Dipplin|0 fnt\n|-unboost|p1a: Noivern|spa|2\n|faint|p2a: Dipplin\n|\n|upkeep\n|inactive|Time left: 300 sec this turn | 300 sec total | 5 sec grace\n|\n|t:|1783533528\n|switch|p2a: Kleavor|Kleavor, L78, F|237/237\n|turn|3\n|inactive|Time left: 300 sec this turn | 300 sec total\n|\n|t:|1783533529\n|switch|p1a: Golurk|Golurk, L87|100/100\n|move|p2a: Kleavor|Stone Axe|p1a: Golurk\n|-resisted|p1a: Golurk\n|-damage|p1a: Golurk|79/100\n|-sidestart|p1: p0x0222f06|move: Stealth Rock\n|\n|upkeep\n|turn|4\n|inactive|Time left: 300 sec this turn | 300 sec total\n|\n|t:|1783533530\n|move|p2a: Kleavor|Stone Axe|p1a: Golurk\n|-resisted|p1a: Golurk\n|-damage|p1a: Golurk|59/100\n|move|p1a: Golurk|Poltergeist|p2a: Kleavor\n|-activate|p2a: Kleavor|move: Poltergeist|Heavy-Duty Boots\n|-damage|p2a: Kleavor|20/237\n|\n|upkeep\n|turn|5\n|inactive|Time left: 300 sec this turn | 300 sec total\n|\n|t:|1783533531\n|move|p2a: Kleavor|X-Scissor|p1a: Golurk\n|-resisted|p1a: Golurk\n|-damage|p1a: Golurk|36/100\n|move|p1a: Golurk|Poltergeist|p2a: Kleavor\n|-activate|p2a: Kleavor|move: Poltergeist|Heavy-Duty Boots\n|-damage|p2a: Kleavor|0 fnt\n|faint|p2a: Kleavor\n|\n|upkeep\n|inactive|Time left: 300 sec this turn | 300 sec total | 5 sec grace\n|\n|t:|1783533532\n|switch|p2a: Iron Crown|Iron Crown, L78|268/268\n|turn|6\n|inactive|Time left: 300 sec this turn | 300 sec total\n|\n|t:|1783533533\n|switch|p1a: Magmortar|Magmortar, L88, M|100/100\n|move|p2a: Iron Crown|Tachyon Cutter|p1a: Magmortar\n|-resisted|p1a: Magmortar\n|-damage|p1a: Magmortar|87/100\n|-resisted|p1a: Magmortar\n|-damage|p1a: Magmortar|74/100\n|-hitcount|p1a: Magmortar|2\n|\n|upkeep\n|turn|7\n|inactive|Time left: 300 sec this turn | 300 sec total\n|\n|t:|1783533535\n|-end|p2a: Iron Crown|Quark Drive|[silent]\n|switch|p2a: Reuniclus|Reuniclus, L88, F|337/337\n|move|p1a: Magmortar|Fire Blast|p2a: Reuniclus\n|-damage|p2a: Reuniclus|177/337\n|\n|upkeep\n|turn|8\n|inactive|Time left: 300 sec this turn | 300 sec total\n|\n|t:|1783533536\n|move|p1a: Magmortar|Fire Blast|p2a: Reuniclus\n|-damage|p2a: Reuniclus|15/337\n|-status|p2a: Reuniclus|brn\n|move|p2a: Reuniclus|Psyshock|p1a: Magmortar\n|-damage|p1a: Magmortar|9/100\n|\n|upkeep\n|turn|9\n|inactive|Time left: 300 sec this turn | 300 sec total\n|\n|t:|1783533537\n|move|p1a: Magmortar|Scorching Sands|p2a: Reuniclus\n|-damage|p2a: Reuniclus|0 fnt\n|faint|p2a: Reuniclus\n|\n|upkeep\n|inactive|Time left: 300 sec this turn | 300 sec total | 5 sec grace\n|\n|t:|1783533538\n|switch|p2a: Iron Crown|Iron Crown, L78|268/268\n|turn|10\n|inactive|Time left: 300 sec this turn | 300 sec total\n|\n|t:|1783533540\n|move|p2a: Iron Crown|Tachyon Cutter|p1a: Magmortar\n|-resisted|p1a: Magmortar\n|-damage|p1a: Magmortar|0 fnt\n|faint|p1a: Magmortar\n|-hitcount|p1: Magmortar|1\n|\n|upkeep\n|\n|t:|1783533540\n|switch|p1a: Rampardos|Rampardos, L90, M|100/100\n|-damage|p1a: Rampardos|88/100|[from] Stealth Rock\n|turn|11\n|inactive|Time left: 300 sec this turn | 300 sec total\n|\n|t:|1783533542\n|-terastallize|p1a: Rampardos|Psychic\n|move|p2a: Iron Crown|Tachyon Cutter|p1a: Rampardos\n|-damage|p1a: Rampardos|54/100\n|-damage|p1a: Rampardos|19/100\n|-hitcount|p1a: Rampardos|2\n|move|p1a: Rampardos|Fire Punch|p2a: Iron Crown\n|-supereffective|p2a: Iron Crown\n|-damage|p2a: Iron Crown|0 fnt\n|faint|p2a: Iron Crown\n|-end|p2a: Iron Crown|Quark Drive|[silent]\n|\n|upkeep\n|inactive|Time left: 300 sec this turn | 300 sec total | 5 sec grace\n|\n|t:|1783533543\n|switch|p2a: Heatran|Heatran, L79, F|273/273\n|-item|p2a: Heatran|Air Balloon\n|turn|12\n|inactive|Time left: 300 sec this turn | 300 sec total\n|\n|t:|1783533544\n|switch|p1a: Noivern|Noivern, L82, F|17/100\n|-damage|p1a: Noivern|0 fnt|[from] Stealth Rock\n|faint|p1a: Noivern\n|move|p2a: Heatran|Lava Plume|p1: Noivern|[notarget]\n|-fail|p2a: Heatran\n|\n|upkeep\n|\n|t:|1783533545\n|switch|p1a: Ogerpon|Ogerpon-Cornerstone, L76, F|100/100\n|-damage|p1a: Ogerpon|88/100|[from] Stealth Rock\n|turn|13\n|inactive|Time left: 300 sec this turn | 300 sec total\n|\n|t:|1783533546\n|move|p1a: Ogerpon|Superpower|p2a: Heatran\n|-supereffective|p2a: Heatran\n|-damage|p2a: Heatran|89/273\n|-unboost|p1a: Ogerpon|atk|1\n|-unboost|p1a: Ogerpon|def|1\n|-enditem|p2a: Heatran|Air Balloon\n|move|p2a: Heatran|Heavy Slam|p1a: Ogerpon\n|-supereffective|p1a: Ogerpon\n|-damage|p1a: Ogerpon|0 fnt\n|faint|p1a: Ogerpon\n|\n|upkeep\n|\n|t:|1783533547\n|switch|p1a: Rampardos|Rampardos, L90, M, tera:Psychic|19/100\n|-damage|p1a: Rampardos|7/100|[from] Stealth Rock\n|turn|14\n|inactive|Time left: 300 sec this turn | 300 sec total\n|\n|t:|1783533548\n|move|p2a: Heatran|Lava Plume|p1a: Rampardos\n|-damage|p1a: Rampardos|0 fnt\n|faint|p1a: Rampardos\n|\n|upkeep\n|\n|t:|1783533549\n|switch|p1a: Skarmory|Skarmory, L80, F|100/100\n|-damage|p1a: Skarmory|88/100|[from] Stealth Rock\n|turn|15\n|inactive|Time left: 300 sec this turn | 300 sec total\n|\n|t:|1783533550\n|-terastallize|p2a: Heatran|Grass\n|move|p2a: Heatran|Lava Plume|p1a: Skarmory\n|-supereffective|p1a: Skarmory\n|-damage|p1a: Skarmory|0 fnt\n|faint|p1a: Skarmory\n|\n|upkeep\n|\n|t:|1783533551\n|switch|p1a: Golurk|Golurk, L87|36/100\n|-damage|p1a: Golurk|29/100|[from] Stealth Rock\n|turn|16\n|inactive|Time left: 300 sec this turn | 300 sec total\n|\n|t:|1783533552\n|move|p2a: Heatran|Lava Plume|p1a: Golurk\n|-damage|p1a: Golurk|0 fnt\n|faint|p1a: Golurk\n|\n|win|p0y022cc4c", "uploadtime": 1783533552, "views": 0, "rating": 0, "private": 0, "password": null, "_winner": "p0y022cc4c", "_our_name": "p0y022cc4c"}