{"id": "battle-gen9randombattle-785", "formatid": "gen9randombattle", "format": "[Gen 9] Random Battle", "players": ["p0x7850e32", "p0y785ca18"], "log": "|init|battle\n|title|p0x7850e32 vs. p0y785ca18\n|j|\u2606p0x7850e32\n|j|\u2606p0y785ca18\n|t:|1783548226\n|gametype|singles\n|player|p1|p0x7850e32|1|\n|player|p2|p0y785ca18|169|\n|gen|9\n|tier|[Gen 9] Random Battle\n|rule|Species Clause: Limit one of each Pok\u00e9mon\n|rule|HP Percentage Mod: HP is shown in percentages\n|rule|Sleep Clause Mod: Limit one foe put to sleep\n|rule|Illusion Level Mod: Illusion disguises the Pok\u00e9mon's true level\n|\n|t:|1783548226\n|teamsize|p1|6\n|teamsize|p2|6\n|start\n|switch|p1a: Arceus|Arceus-Electric, L70|100/100\n|switch|p2a: Glastrier|Glastrier, L86|312/312\n|turn|1\n|inactive|Battle timer is ON: inactive players will automatically lose when time's up. (requested by p0y785ca18)\n|inactive|p0x7850e32 also wants the timer to be on.\n|\n|t:|1783548228\n|move|p1a: Arceus|Judgment|p2a: Glastrier\n|-damage|p2a: Glastrier|224/312\n|move|p2a: Glastrier|High Horsepower|p1a: Arceus\n|-supereffective|p1a: Arceus\n|-damage|p1a: Arceus|36/100\n|\n|upkeep\n|turn|2\n|inactive|Time left: 300 sec this turn | 300 sec total\n|\n|t:|1783548229\n|switch|p1a: Cramorant|Cramorant, L86, M|100/100\n|move|p2a: Glastrier|High Horsepower|p1a: Cramorant\n|-immune|p1a: Cramorant\n|\n|upkeep\n|turn|3\n|inactive|Time left: 300 sec this turn | 300 sec total\n|\n|t:|1783548230\n|move|p1a: Cramorant|Surf|p2a: Glastrier\n|-formechange|p1a: Cramorant|Cramorant-Gulping|\n|-damage|p2a: Glastrier|146/312\n|move|p2a: Glastrier|Swords Dance|p2a: Glastrier\n|-boost|p2a: Glastrier|atk|2\n|\n|upkeep\n|turn|4\n|inactive|Time left: 300 sec this turn | 300 sec total\n|\n|t:|1783548231\n|move|p1a: Cramorant|Surf|p2a: Glastrier\n|-damage|p2a: Glastrier|76/312\n|move|p2a: Glastrier|Icicle Crash|p1a: Cramorant\n|-damage|p1a: Cramorant|0 fnt\n|-damage|p2a: Glastrier|0 fnt|[from] ability: Gulp Missile|[of] p1a: Cramorant\n|-formechange|p1a: Cramorant|Cramorant|\n|faint|p1a: Cramorant\n|faint|p2a: Glastrier\n|\n|upkeep\n|inactive|Time left: 300 sec this turn | 300 sec total | 5 sec grace\n|\n|t:|1783548232\n|switch|p1a: Breloom|Breloom, L83, M|100/100\n|switch|p2a: Oranguru|Oranguru, L92, F|315/315\n|turn|5\n|inactive|Time left: 300 sec this turn | 300 sec total\n|\n|t:|1783548233\n|move|p1a: Breloom|Bullet Seed|p2a: Oranguru\n|-damage|p2a: Oranguru|251/315\n|-damage|p2a: Oranguru|193/315\n|-hitcount|p2a: Oranguru|2\n|-damage|p1a: Breloom|91/100|[from] item: Life Orb\n|move|p2a: Oranguru|Psyshock|p1a: Breloom\n|-supereffective|p1a: Breloom\n|-damage|p1a: Breloom|0 fnt\n|faint|p1a: Breloom\n|\n|upkeep\n|\n|t:|1783548234\n|switch|p1a: Archaludon|Archaludon, L78, M|100/100\n|turn|6\n|inactive|Time left: 300 sec this turn | 300 sec total\n|\n|t:|1783548235\n|move|p1a: Archaludon|Body Press|p2a: Oranguru\n|-damage|p2a: Oranguru|135/315\n|move|p2a: Oranguru|Psyshock|p1a: Archaludon\n|-resisted|p1a: Archaludon\n|-damage|p1a: Archaludon|78/100\n|-ability|p1a: Archaludon|Stamina|boost\n|-boost|p1a: Archaludon|def|1\n|\n|-heal|p1a: Archaludon|84/100|[from] item: Leftovers\n|upkeep\n|turn|7\n|inactive|Time left: 300 sec this turn | 300 sec total\n|\n|t:|1783548237\n|switch|p2a: Mew|Mew, L82|298/298\n|move|p1a: Archaludon|Flash Cannon|p2a: Mew\n|-damage|p2a: Mew|219/298\n|\n|-heal|p2a: Mew|237/298|[from] item: Leftovers\n|-heal|p1a: Archaludon|90/100|[from] item: Leftovers\n|upkeep\n|turn|8\n|inactive|Time left: 300 sec this turn | 300 sec total\n|\n|t:|1783548238\n|move|p2a: Mew|Toxic Spikes|p1a: Archaludon\n|-sidestart|p1: p0x7850e32|move: Toxic Spikes\n|move|p1a: Archaludon|Flash Cannon|p2a: Mew\n|-damage|p2a: Mew|152/298\n|\n|-heal|p2a: Mew|170/298|[from] item: Leftovers\n|-heal|p1a: Archaludon|96/100|[from] item: Leftovers\n|upkeep\n|turn|9\n|inactive|Time left: 300 sec this turn | 300 sec total\n|\n|t:|1783548240\n|move|p2a: Mew|Toxic Spikes|p1a: Archaludon\n|-sidestart|p1: p0x7850e32|move: Toxic Spikes\n|move|p1a: Archaludon|Flash Cannon|p2a: Mew\n|-damage|p2a: Mew|85/298\n|\n|-heal|p2a: Mew|103/298|[from] item: Leftovers\n|-heal|p1a: Archaludon|100/100|[from] item: Leftovers\n|upkeep\n|turn|10\n|inactive|Time left: 300 sec this turn | 300 sec total\n|\n|t:|1783548242\n|move|p2a: Mew|Psychic Noise|p1a: Archaludon\n|-resisted|p1a: Archaludon\n|-damage|p1a: Archaludon|80/100\n|-start|p1a: Archaludon|move: Heal Block\n|-ability|p1a: Archaludon|Stamina|boost\n|-boost|p1a: Archaludon|def|1\n|move|p1a: Archaludon|Flash Cannon|p2a: Mew\n|-damage|p2a: Mew|24/298\n|-unboost|p2a: Mew|spd|1\n|\n|-heal|p2a: Mew|42/298|[from] item: Leftovers\n|upkeep\n|turn|11\n|inactive|Time left: 300 sec this turn | 300 sec total\n|\n|t:|1783548244\n|move|p2a: Mew|Psychic Noise|p1a: Archaludon\n|-resisted|p1a: Archaludon\n|-damage|p1a: Archaludon|62/100\n|-ability|p1a: Archaludon|Stamina|boost\n|-boost|p1a: Archaludon|def|1\n|move|p1a: Archaludon|Body Press|p2a: Mew\n|-resisted|p2a: Mew\n|-damage|p2a: Mew|0 fnt\n|faint|p2a: Mew\n|\n|-end|p1a: Archaludon|move: Heal Block\n|upkeep\n|inactive|Time left: 300 sec this turn | 300 sec total | 5 sec grace\n|\n|t:|1783548245\n|switch|p2a: Noivern|Noivern, L82, F|274/274\n|turn|12\n|inactive|Time left: 300 sec this turn | 300 sec total\n|\n|t:|1783548246\n|move|p2a: Noivern|Draco Meteor|p1a: Archaludon\n|-damage|p1a: Archaludon|0 fnt\n|-unboost|p2a: Noivern|spa|2\n|faint|p1a: Archaludon\n|\n|upkeep\n|\n|t:|1783548247\n|switch|p1a: Rampardos|Rampardos, L90, F|100/100\n|-status|p1a: Rampardos|tox\n|turn|13\n|inactive|Time left: 300 sec this turn | 300 sec total\n|\n|t:|1783548248\n|switch|p2a: Zarude|Zarude-Dada, L77|288/288\n|move|p1a: Rampardos|Rock Slide|p2a: Zarude\n|-damage|p2a: Zarude|72/288\n|\n|-damage|p1a: Rampardos|94/100 tox|[from] psn\n|upkeep\n|turn|14\n|inactive|Time left: 300 sec this turn | 300 sec total\n|\n|t:|1783548249\n|move|p2a: Zarude|Power Whip|p1a: Rampardos\n|-supereffective|p1a: Rampardos\n|-damage|p1a: Rampardos|0 fnt\n|faint|p1a: Rampardos\n|\n|upkeep\n|\n|t:|1783548250\n|switch|p1a: Great Tusk|Great Tusk, L77|100/100\n|-status|p1a: Great Tusk|tox\n|turn|15\n|inactive|Time left: 300 sec this turn | 300 sec total\n|\n|t:|1783548252\n|-terastallize|p1a: Great Tusk|Steel\n|move|p2a: Zarude|Power Whip|p1a: Great Tusk|[miss]\n|-miss|p2a: Zarude|p1a: Great Tusk\n|move|p1a: Great Tusk|Bulk Up|p1a: Great Tusk\n|-boost|p1a: Great Tusk|atk|1\n|-boost|p1a: Great Tusk|def|1\n|\n|-damage|p1a: Great Tusk|94/100 tox|[from] psn\n|upkeep\n|turn|16\n|inactive|Time left: 300 sec this turn | 300 sec total\n|\n|t:|1783548253\n|switch|p2a: Noivern|Noivern, L82, F|274/274\n|move|p1a: Great Tusk|Stone Edge|p2a: Noivern\n|-supereffective|p2a: Noivern\n|-damage|p2a: Noivern|42/274\n|\n|-heal|p1a: Great Tusk|100/100 tox|[from] item: Leftovers\n|-damage|p1a: Great Tusk|88/100 tox|[from] psn\n|upkeep\n|turn|17\n|inactive|Time left: 300 sec this turn | 300 sec total\n|\n|t:|1783548254\n|-terastallize|p2a: Noivern|Fire\n|move|p2a: Noivern|Flamethrower|p1a: Great Tusk\n|-supereffective|p1a: Great Tusk\n|-damage|p1a: Great Tusk|0 fnt\n|faint|p1a: Great Tusk\n|-end|p1a: Great Tusk|Protosynthesis|[silent]\n|\n|upkeep\n|\n|t:|1783548255\n|switch|p1a: Arceus|Arceus-Electric, L70|36/100\n|-status|p1a: Arceus|tox\n|turn|18\n|inactive|Time left: 300 sec this turn | 300 sec total\n|\n|t:|1783548255\n|move|p2a: Noivern|Draco Meteor|p1a: Arceus\n|-damage|p1a: Arceus|0 fnt\n|-unboost|p2a: Noivern|spa|2\n|faint|p1a: Arceus\n|\n|win|p0y785ca18", "uploadtime": 1783548255, "views": 0, "rating": 0, "private": 0, "password": null, "_winner": "p0y785ca18", "_our_name": "p0y785ca18"}