{"id": "battle-gen9randombattle-1344", "formatid": "gen9randombattle", "format": "[Gen 9] Random Battle", "players": ["p0x1344ed02", "p0y13447a61"], "log": "|init|battle\n|title|p0x1344ed02 vs. p0y13447a61\n|j|\u2606p0x1344ed02\n|j|\u2606p0y13447a61\n|t:|1783554726\n|gametype|singles\n|player|p1|p0x1344ed02|101|\n|player|p2|p0y13447a61|1|\n|gen|9\n|tier|[Gen 9] Random Battle\n|rule|Species Clause: Limit one of each Pok\u00e9mon\n|rule|HP Percentage Mod: HP is shown in percentages\n|rule|Sleep Clause Mod: Limit one foe put to sleep\n|rule|Illusion Level Mod: Illusion disguises the Pok\u00e9mon's true level\n|\n|t:|1783554726\n|teamsize|p1|6\n|teamsize|p2|6\n|start\n|switch|p1a: Mamoswine|Mamoswine, L81, F|100/100\n|switch|p2a: Dondozo|Dondozo, L78, F|362/362\n|turn|1\n|inactive|Battle timer is ON: inactive players will automatically lose when time's up. (requested by p0y13447a61)\n|inactive|p0x1344ed02 also wants the timer to be on.\n|\n|t:|1783554728\n|switch|p1a: Vikavolt|Vikavolt, L83, F|100/100\n|move|p2a: Dondozo|Wave Crash|p1a: Vikavolt\n|-damage|p1a: Vikavolt|61/100\n|-damage|p2a: Dondozo|328/362|[from] Recoil\n|\n|-heal|p2a: Dondozo|350/362|[from] item: Leftovers\n|upkeep\n|turn|2\n|inactive|Time left: 300 sec this turn | 300 sec total\n|\n|t:|1783554729\n|switch|p2a: Pikachu|Pikachu, L93, M|216/216\n|move|p1a: Vikavolt|Sticky Web|p2a: Pikachu\n|-sidestart|p2: p0y13447a61|move: Sticky Web\n|\n|upkeep\n|turn|3\n|inactive|Time left: 300 sec this turn | 300 sec total\n|\n|t:|1783554731\n|move|p2a: Pikachu|Knock Off|p1a: Vikavolt\n|-damage|p1a: Vikavolt|17/100\n|-enditem|p1a: Vikavolt|Heavy-Duty Boots|[from] move: Knock Off|[of] p2a: Pikachu\n|move|p1a: Vikavolt|Bug Buzz|p2a: Pikachu\n|-damage|p2a: Pikachu|36/216\n|\n|upkeep\n|turn|4\n|inactive|Time left: 300 sec this turn | 300 sec total\n|\n|t:|1783554732\n|move|p2a: Pikachu|Surf|p1a: Vikavolt\n|-damage|p1a: Vikavolt|0 fnt\n|faint|p1a: Vikavolt\n|\n|upkeep\n|\n|t:|1783554733\n|switch|p1a: Sudowoodo|Sudowoodo, L94, M|100/100\n|turn|5\n|inactive|Time left: 300 sec this turn | 300 sec total\n|\n|t:|1783554734\n|move|p1a: Sudowoodo|Sucker Punch|p2a: Pikachu\n|-damage|p2a: Pikachu|0 fnt\n|faint|p2a: Pikachu\n|\n|upkeep\n|inactive|Time left: 300 sec this turn | 300 sec total | 5 sec grace\n|\n|t:|1783554735\n|switch|p2a: Oricorio|Oricorio-Sensu, L85, F|266/266\n|turn|6\n|inactive|Time left: 300 sec this turn | 300 sec total\n|\n|t:|1783554736\n|switch|p1a: Incineroar|Incineroar, L82, M|100/100\n|-ability|p1a: Incineroar|Intimidate|boost\n|-unboost|p2a: Oricorio|atk|1\n|move|p2a: Oricorio|Quiver Dance|p2a: Oricorio\n|-boost|p2a: Oricorio|spa|1\n|-boost|p2a: Oricorio|spd|1\n|-boost|p2a: Oricorio|spe|1\n|\n|upkeep\n|turn|7\n|inactive|Time left: 300 sec this turn | 300 sec total\n|\n|t:|1783554737\n|-terastallize|p2a: Oricorio|Fighting\n|move|p2a: Oricorio|Revelation Dance|p1a: Incineroar\n|-supereffective|p1a: Incineroar\n|-damage|p1a: Incineroar|0 fnt\n|faint|p1a: Incineroar\n|\n|upkeep\n|\n|t:|1783554738\n|switch|p1a: Brambleghast|Brambleghast, L88, M|100/100\n|turn|8\n|inactive|Time left: 300 sec this turn | 300 sec total\n|\n|t:|1783554739\n|move|p2a: Oricorio|Quiver Dance|p2a: Oricorio\n|-boost|p2a: Oricorio|spa|1\n|-boost|p2a: Oricorio|spd|1\n|-boost|p2a: Oricorio|spe|1\n|move|p1a: Brambleghast|Poltergeist|p2a: Oricorio\n|-activate|p2a: Oricorio|move: Poltergeist|Heavy-Duty Boots\n|-damage|p2a: Oricorio|83/266\n|\n|upkeep\n|turn|9\n|inactive|Time left: 300 sec this turn | 300 sec total\n|\n|t:|1783554741\n|move|p2a: Oricorio|Roost|p2a: Oricorio\n|-heal|p2a: Oricorio|216/266\n|move|p1a: Brambleghast|Power Whip|p2a: Oricorio\n|-damage|p2a: Oricorio|36/266\n|\n|upkeep\n|turn|10\n|inactive|Time left: 300 sec this turn | 300 sec total\n|\n|t:|1783554742\n|move|p2a: Oricorio|Roost|p2a: Oricorio\n|-heal|p2a: Oricorio|169/266\n|move|p1a: Brambleghast|Poltergeist|p2a: Oricorio\n|-activate|p2a: Oricorio|move: Poltergeist|Heavy-Duty Boots\n|-damage|p2a: Oricorio|0 fnt\n|faint|p2a: Oricorio\n|\n|upkeep\n|inactive|Time left: 300 sec this turn | 300 sec total | 5 sec grace\n|\n|t:|1783554743\n|switch|p2a: Eelektross|Eelektross, L87, M|290/290\n|turn|11\n|inactive|Time left: 300 sec this turn | 300 sec total\n|\n|t:|1783554744\n|move|p1a: Brambleghast|Power Whip|p2a: Eelektross\n|-damage|p2a: Eelektross|136/290\n|move|p2a: Eelektross|Knock Off|p1a: Brambleghast\n|-supereffective|p1a: Brambleghast\n|-damage|p1a: Brambleghast|18/100\n|-enditem|p1a: Brambleghast|Heavy-Duty Boots|[from] move: Knock Off|[of] p2a: Eelektross\n|\n|upkeep\n|turn|12\n|inactive|Time left: 300 sec this turn | 300 sec total\n|\n|t:|1783554745\n|switch|p2a: Slowbro|Slowbro-Galar, L87, F|307/307\n|-activate|p2a: Slowbro|move: Sticky Web\n|-unboost|p2a: Slowbro|spe|1\n|move|p1a: Brambleghast|Poltergeist|p2a: Slowbro\n|-activate|p2a: Slowbro|move: Poltergeist|Assault Vest\n|-supereffective|p2a: Slowbro\n|-damage|p2a: Slowbro|41/307\n|\n|upkeep\n|turn|13\n|inactive|Time left: 300 sec this turn | 300 sec total\n|\n|t:|1783554746\n|move|p1a: Brambleghast|Poltergeist|p2a: Slowbro\n|-activate|p2a: Slowbro|move: Poltergeist|Assault Vest\n|-supereffective|p2a: Slowbro\n|-damage|p2a: Slowbro|0 fnt\n|faint|p2a: Slowbro\n|\n|upkeep\n|inactive|Time left: 300 sec this turn | 300 sec total | 5 sec grace\n|\n|t:|1783554747\n|switch|p2a: Dondozo|Dondozo, L78, F|350/362\n|-activate|p2a: Dondozo|move: Sticky Web\n|-unboost|p2a: Dondozo|spe|1\n|turn|14\n|inactive|Time left: 300 sec this turn | 300 sec total\n|\n|t:|1783554748\n|move|p1a: Brambleghast|Power Whip|p2a: Dondozo|[miss]\n|-miss|p1a: Brambleghast|p2a: Dondozo\n|move|p2a: Dondozo|Wave Crash|p1a: Brambleghast\n|-resisted|p1a: Brambleghast\n|-damage|p1a: Brambleghast|0 fnt\n|faint|p1a: Brambleghast\n|-damage|p2a: Dondozo|336/362|[from] Recoil\n|\n|-heal|p2a: Dondozo|358/362|[from] item: Leftovers\n|upkeep\n|\n|t:|1783554749\n|switch|p1a: Sudowoodo|Sudowoodo, L94, M|100/100\n|turn|15\n|inactive|Time left: 300 sec this turn | 300 sec total\n|\n|t:|1783554750\n|move|p1a: Sudowoodo|Wood Hammer|p2a: Dondozo\n|-supereffective|p2a: Dondozo\n|-damage|p2a: Dondozo|70/362\n|move|p2a: Dondozo|Wave Crash|p1a: Sudowoodo\n|-supereffective|p1a: Sudowoodo\n|-damage|p1a: Sudowoodo|43/100\n|-damage|p2a: Dondozo|16/362|[from] Recoil\n|\n|-heal|p2a: Dondozo|38/362|[from] item: Leftovers\n|upkeep\n|turn|16\n|inactive|Time left: 300 sec this turn | 300 sec total\n|\n|t:|1783554751\n|move|p1a: Sudowoodo|Wood Hammer|p2a: Dondozo\n|-supereffective|p2a: Dondozo\n|-crit|p2a: Dondozo\n|-damage|p2a: Dondozo|0 fnt\n|faint|p2a: Dondozo\n|\n|upkeep\n|inactive|Time left: 300 sec this turn | 300 sec total | 5 sec grace\n|\n|t:|1783554751\n|switch|p2a: Eelektross|Eelektross, L87, M|136/290\n|turn|17\n|inactive|Time left: 300 sec this turn | 300 sec total\n|\n|t:|1783554752\n|move|p2a: Eelektross|Knock Off|p1a: Sudowoodo\n|-damage|p1a: Sudowoodo|23/100\n|-enditem|p1a: Sudowoodo|Choice Band|[from] move: Knock Off|[of] p2a: Eelektross\n|move|p1a: Sudowoodo|Wood Hammer|p2a: Eelektross\n|-damage|p2a: Eelektross|32/290\n|\n|upkeep\n|turn|18\n|inactive|Time left: 300 sec this turn | 300 sec total\n|\n|t:|1783554753\n|switch|p2a: Mudsdale|Mudsdale, L83, F|302/302\n|-activate|p2a: Mudsdale|move: Sticky Web\n|-unboost|p2a: Mudsdale|spe|1\n|-terastallize|p1a: Sudowoodo|Rock\n|move|p1a: Sudowoodo|Sucker Punch||[still]\n|-fail|p1a: Sudowoodo\n|\n|upkeep\n|turn|19\n|inactive|Time left: 300 sec this turn | 300 sec total\n|\n|t:|1783554753\n|move|p1a: Sudowoodo|Wood Hammer|p2a: Mudsdale\n|-supereffective|p2a: Mudsdale\n|-damage|p2a: Mudsdale|102/302\n|-ability|p2a: Mudsdale|Stamina|boost\n|-boost|p2a: Mudsdale|def|1\n|move|p2a: Mudsdale|Roar|p1a: Sudowoodo\n|drag|p1a: Mamoswine|Mamoswine, L81, F|100/100\n|\n|-heal|p2a: Mudsdale|120/302|[from] item: Leftovers\n|upkeep\n|turn|20\n|inactive|Time left: 300 sec this turn | 300 sec total\n|\n|t:|1783554754\n|move|p1a: Mamoswine|Icicle Crash|p2a: Mudsdale\n|-supereffective|p2a: Mudsdale\n|-damage|p2a: Mudsdale|0 fnt\n|faint|p2a: Mudsdale\n|-damage|p1a: Mamoswine|91/100|[from] item: Life Orb\n|\n|upkeep\n|inactive|Time left: 300 sec this turn | 300 sec total | 5 sec grace\n|\n|t:|1783554754\n|switch|p2a: Eelektross|Eelektross, L87, M|32/290\n|turn|21\n|inactive|Time left: 300 sec this turn | 300 sec total\n|\n|t:|1783554755\n|move|p1a: Mamoswine|Ice Shard|p2a: Eelektross\n|-damage|p2a: Eelektross|0 fnt\n|faint|p2a: Eelektross\n|-damage|p1a: Mamoswine|81/100|[from] item: Life Orb\n|\n|win|p0x1344ed02", "uploadtime": 1783554755, "views": 0, "rating": 0, "private": 0, "password": null, "_winner": "p0x1344ed02", "_our_name": "p0y13447a61"}