{"id": "battle-gen9randombattle-2903", "formatid": "gen9randombattle", "format": "[Gen 9] Random Battle", "players": ["p0x290387bc", "p0y29033130"], "log": "|init|battle\n|title|p0x290387bc vs. p0y29033130\n|j|\u2606p0x290387bc\n|j|\u2606p0y29033130\n|t:|1783572467\n|gametype|singles\n|player|p1|p0x290387bc|101|\n|player|p2|p0y29033130|101|\n|gen|9\n|tier|[Gen 9] Random Battle\n|rule|Species Clause: Limit one of each Pok\u00e9mon\n|rule|HP Percentage Mod: HP is shown in percentages\n|rule|Sleep Clause Mod: Limit one foe put to sleep\n|rule|Illusion Level Mod: Illusion disguises the Pok\u00e9mon's true level\n|\n|t:|1783572467\n|teamsize|p1|6\n|teamsize|p2|6\n|start\n|switch|p1a: Glimmora|Glimmora, L75, M|248/248\n|switch|p2a: Thundurus|Thundurus, L80, M|100/100\n|turn|1\n|inactive|Battle timer is ON: inactive players will automatically lose when time's up. (requested by p0y29033130)\n|inactive|Time left: 300 sec this turn | 300 sec total | 60 sec grace\n|inactive|p0x290387bc also wants the timer to be on.\n|\n|t:|1783572468\n|move|p2a: Thundurus|Thunderbolt|p1a: Glimmora\n|-damage|p1a: Glimmora|115/248\n|-status|p1a: Glimmora|par\n|move|p1a: Glimmora|Meteor Beam||[still]\n|-prepare|p1a: Glimmora|Meteor Beam\n|-boost|p1a: Glimmora|spa|1\n|-enditem|p1a: Glimmora|Power Herb\n|-anim|p1a: Glimmora|Meteor Beam|p2a: Thundurus\n|-supereffective|p2a: Thundurus\n|-damage|p2a: Thundurus|0 fnt\n|faint|p2a: Thundurus\n|\n|upkeep\n|\n|t:|1783572469\n|switch|p2a: Inteleon|Inteleon, L81, M|100/100\n|turn|2\n|inactive|Time left: 300 sec this turn | 300 sec total\n|\n|t:|1783572470\n|move|p2a: Inteleon|Ice Beam|p1a: Glimmora\n|-damage|p1a: Glimmora|0 fnt\n|faint|p1a: Glimmora\n|\n|upkeep\n|inactive|Time left: 300 sec this turn | 300 sec total | 5 sec grace\n|\n|t:|1783572471\n|switch|p1a: Crawdaunt|Crawdaunt, L84, M|243/243\n|turn|3\n|inactive|Time left: 300 sec this turn | 300 sec total\n|\n|t:|1783572472\n|move|p2a: Inteleon|Ice Beam|p1a: Crawdaunt\n|-resisted|p1a: Crawdaunt\n|-damage|p1a: Crawdaunt|174/243\n|move|p1a: Crawdaunt|Knock Off|p2a: Inteleon\n|-damage|p2a: Inteleon|0 fnt\n|-enditem|p2a: Inteleon|Choice Specs|[from] move: Knock Off|[of] p1a: Crawdaunt\n|faint|p2a: Inteleon\n|-damage|p1a: Crawdaunt|150/243|[from] item: Life Orb\n|\n|upkeep\n|\n|t:|1783572473\n|switch|p2a: Miraidon|Miraidon, L65|100/100\n|-fieldstart|move: Electric Terrain|[from] ability: Hadron Engine|[of] p2a: Miraidon\n|turn|4\n|inactive|Time left: 300 sec this turn | 300 sec total\n|\n|t:|1783572475\n|switch|p1a: Ting-Lu|Ting-Lu, L78|370/370\n|-ability|p1a: Ting-Lu|Vessel of Ruin\n|move|p2a: Miraidon|Electro Drift|p1a: Ting-Lu\n|-immune|p1a: Ting-Lu\n|\n|upkeep\n|turn|5\n|inactive|Time left: 300 sec this turn | 300 sec total\n|\n|t:|1783572476\n|switch|p2a: Ariados|Ariados, L95, F|100/100\n|move|p1a: Ting-Lu|Ruination|p2a: Ariados\n|-damage|p2a: Ariados|51/100\n|\n|upkeep\n|turn|6\n|inactive|Time left: 300 sec this turn | 300 sec total\n|\n|t:|1783572477\n|move|p2a: Ariados|Sticky Web|p1a: Ting-Lu\n|-sidestart|p1: p0x290387bc|move: Sticky Web\n|move|p1a: Ting-Lu|Earthquake|p2a: Ariados\n|-damage|p2a: Ariados|15/100\n|\n|upkeep\n|turn|7\n|inactive|Time left: 300 sec this turn | 300 sec total\n|\n|t:|1783572477\n|move|p2a: Ariados|Megahorn|p1a: Ting-Lu\n|-supereffective|p1a: Ting-Lu\n|-damage|p1a: Ting-Lu|4/370\n|move|p1a: Ting-Lu|Payback|p2a: Ariados\n|-damage|p2a: Ariados|0 fnt\n|faint|p2a: Ariados\n|\n|-heal|p1a: Ting-Lu|27/370|[from] item: Leftovers\n|upkeep\n|\n|t:|1783572478\n|switch|p2a: Dewgong|Dewgong, L94, M|100/100\n|turn|8\n|inactive|Time left: 300 sec this turn | 300 sec total\n|\n|t:|1783572479\n|move|p2a: Dewgong|Triple Axel|p1a: Ting-Lu\n|-supereffective|p1a: Ting-Lu\n|-damage|p1a: Ting-Lu|0 fnt\n|faint|p1a: Ting-Lu\n|-hitcount|p1: Ting-Lu|1\n|\n|-fieldend|move: Electric Terrain\n|upkeep\n|inactive|Time left: 300 sec this turn | 300 sec total | 5 sec grace\n|\n|t:|1783572480\n|switch|p1a: Crawdaunt|Crawdaunt, L84, M|150/243\n|-activate|p1a: Crawdaunt|move: Sticky Web\n|-unboost|p1a: Crawdaunt|spe|1\n|turn|9\n|inactive|Time left: 300 sec this turn | 300 sec total\n|\n|t:|1783572481\n|move|p2a: Dewgong|Triple Axel|p1a: Crawdaunt\n|-resisted|p1a: Crawdaunt\n|-damage|p1a: Crawdaunt|139/243\n|-resisted|p1a: Crawdaunt\n|-damage|p1a: Crawdaunt|118/243\n|-resisted|p1a: Crawdaunt\n|-damage|p1a: Crawdaunt|86/243\n|-hitcount|p1a: Crawdaunt|3\n|move|p1a: Crawdaunt|Knock Off|p2a: Dewgong\n|-damage|p2a: Dewgong|35/100\n|-enditem|p2a: Dewgong|Heavy-Duty Boots|[from] move: Knock Off|[of] p1a: Crawdaunt\n|-damage|p1a: Crawdaunt|62/243|[from] item: Life Orb\n|\n|upkeep\n|turn|10\n|inactive|Time left: 300 sec this turn | 300 sec total\n|\n|t:|1783572482\n|move|p1a: Crawdaunt|Aqua Jet|p2a: Dewgong\n|-resisted|p2a: Dewgong\n|-damage|p2a: Dewgong|21/100\n|-damage|p1a: Crawdaunt|38/243|[from] item: Life Orb\n|move|p2a: Dewgong|Triple Axel|p1a: Crawdaunt\n|-resisted|p1a: Crawdaunt\n|-damage|p1a: Crawdaunt|28/243\n|-resisted|p1a: Crawdaunt\n|-damage|p1a: Crawdaunt|8/243\n|-resisted|p1a: Crawdaunt\n|-damage|p1a: Crawdaunt|0 fnt\n|faint|p1a: Crawdaunt\n|-hitcount|p1: Crawdaunt|3\n|\n|upkeep\n|inactive|Time left: 300 sec this turn | 300 sec total | 5 sec grace\n|\n|t:|1783572483\n|switch|p1a: Kricketune|Kricketune, L99, M|312/312\n|turn|11\n|inactive|Time left: 300 sec this turn | 300 sec total\n|\n|t:|1783572484\n|move|p2a: Dewgong|Triple Axel|p1a: Kricketune\n|-damage|p1a: Kricketune|285/312\n|-damage|p1a: Kricketune|230/312\n|-damage|p1a: Kricketune|146/312\n|-hitcount|p1a: Kricketune|3\n|move|p1a: Kricketune|Sticky Web|p2a: Dewgong\n|-sidestart|p2: p0y29033130|move: Sticky Web\n|\n|upkeep\n|turn|12\n|inactive|Time left: 300 sec this turn | 300 sec total\n|\n|t:|1783572485\n|move|p1a: Kricketune|Pounce|p2a: Dewgong\n|-damage|p2a: Dewgong|0 fnt\n|faint|p2a: Dewgong\n|\n|upkeep\n|\n|t:|1783572485\n|switch|p2a: Miraidon|Miraidon, L65|100/100\n|-activate|p2a: Miraidon|move: Sticky Web\n|-unboost|p2a: Miraidon|spe|1\n|-fieldstart|move: Electric Terrain|[from] ability: Hadron Engine|[of] p2a: Miraidon\n|turn|13\n|inactive|Time left: 300 sec this turn | 300 sec total\n|\n|t:|1783572486\n|move|p1a: Kricketune|Knock Off|p2a: Miraidon\n|-damage|p2a: Miraidon|61/100\n|-enditem|p2a: Miraidon|Life Orb|[from] move: Knock Off|[of] p1a: Kricketune\n|move|p2a: Miraidon|Electro Drift|p1a: Kricketune\n|-damage|p1a: Kricketune|0 fnt\n|faint|p1a: Kricketune\n|\n|upkeep\n|inactive|Time left: 300 sec this turn | 300 sec total | 5 sec grace\n|\n|t:|1783572487\n|switch|p1a: Scream Tail|Scream Tail, L84|330/330\n|-activate|p1a: Scream Tail|move: Sticky Web\n|-unboost|p1a: Scream Tail|spe|1\n|turn|14\n|inactive|Time left: 300 sec this turn | 300 sec total\n|\n|t:|1783572488\n|switch|p2a: Oinkologne|Oinkologne-F, L92, F|100/100\n|-activate|p2a: Oinkologne|move: Sticky Web\n|-unboost|p2a: Oinkologne|spe|1\n|move|p1a: Scream Tail|Play Rough|p2a: Oinkologne\n|-damage|p2a: Oinkologne|79/100\n|\n|-heal|p2a: Oinkologne|85/100|[from] item: Leftovers\n|upkeep\n|turn|15\n|inactive|Time left: 300 sec this turn | 300 sec total\n|\n|t:|1783572489\n|move|p1a: Scream Tail|Play Rough|p2a: Oinkologne\n|-damage|p2a: Oinkologne|62/100\n|-unboost|p2a: Oinkologne|atk|1\n|move|p2a: Oinkologne|Curse|p2a: Oinkologne\n|-unboost|p2a: Oinkologne|spe|1\n|-boost|p2a: Oinkologne|atk|1\n|-boost|p2a: Oinkologne|def|1\n|\n|-heal|p2a: Oinkologne|68/100|[from] item: Leftovers\n|upkeep\n|turn|16\n|inactive|Time left: 300 sec this turn | 300 sec total\n|\n|t:|1783572490\n|move|p1a: Scream Tail|Play Rough|p2a: Oinkologne\n|-damage|p2a: Oinkologne|53/100\n|move|p2a: Oinkologne|Curse|p2a: Oinkologne\n|-unboost|p2a: Oinkologne|spe|1\n|-boost|p2a: Oinkologne|atk|1\n|-boost|p2a: Oinkologne|def|1\n|\n|-heal|p2a: Oinkologne|60/100|[from] item: Leftovers\n|upkeep\n|turn|17\n|inactive|Time left: 300 sec this turn | 300 sec total\n|\n|t:|1783572491\n|-end|p1a: Scream Tail|Protosynthesis|[silent]\n|switch|p1a: Tropius|Tropius, L91, M|328/328\n|move|p2a: Oinkologne|Body Slam|p1a: Tropius\n|-damage|p1a: Tropius|175/328\n|\n|-heal|p2a: Oinkologne|66/100|[from] item: Leftovers\n|-fieldend|move: Electric Terrain\n|upkeep\n|turn|18\n|inactive|Time left: 300 sec this turn | 300 sec total\n|\n|t:|1783572492\n|move|p1a: Tropius|Leech Seed|p2a: Oinkologne\n|-start|p2a: Oinkologne|move: Leech Seed\n|move|p2a: Oinkologne|Curse|p2a: Oinkologne\n|-unboost|p2a: Oinkologne|spe|1\n|-boost|p2a: Oinkologne|atk|1\n|-boost|p2a: Oinkologne|def|1\n|\n|-heal|p2a: Oinkologne|72/100|[from] item: Leftovers\n|-damage|p2a: Oinkologne|59/100|[from] Leech Seed|[of] p1a: Tropius\n|-heal|p1a: Tropius|220/328|[silent]\n|upkeep\n|turn|19\n|inactive|Time left: 300 sec this turn | 300 sec total\n|\n|t:|1783572493\n|move|p1a: Tropius|Substitute|p1a: Tropius\n|-start|p1a: Tropius|Substitute\n|-damage|p1a: Tropius|138/328\n|-enditem|p1a: Tropius|Sitrus Berry|[eat]\n|-heal|p1a: Tropius|220/328|[from] item: Sitrus Berry\n|move|p2a: Oinkologne|Body Slam|p1a: Tropius\n|-end|p1a: Tropius|Substitute\n|\n|-heal|p2a: Oinkologne|65/100|[from] item: Leftovers\n|-damage|p2a: Oinkologne|53/100|[from] Leech Seed|[of] p1a: Tropius\n|-heal|p1a: Tropius|265/328|[silent]\n|upkeep\n|turn|20\n|inactive|Time left: 300 sec this turn | 300 sec total\n|\n|t:|1783572494\n|move|p1a: Tropius|Protect|p1a: Tropius\n|-singleturn|p1a: Tropius|Protect\n|move|p2a: Oinkologne|Body Slam|p1a: Tropius\n|-activate|p1a: Tropius|move: Protect\n|\n|-heal|p2a: Oinkologne|59/100|[from] item: Leftovers\n|-damage|p2a: Oinkologne|46/100|[from] Leech Seed|[of] p1a: Tropius\n|-heal|p1a: Tropius|310/328|[silent]\n|upkeep\n|turn|21\n|inactive|Time left: 300 sec this turn | 300 sec total\n|\n|t:|1783572495\n|move|p1a: Tropius|Substitute|p1a: Tropius\n|-start|p1a: Tropius|Substitute\n|-damage|p1a: Tropius|228/328\n|move|p2a: Oinkologne|Body Slam|p1a: Tropius\n|-end|p1a: Tropius|Substitute\n|\n|-heal|p2a: Oinkologne|53/100|[from] item: Leftovers\n|-damage|p2a: Oinkologne|40/100|[from] Leech Seed|[of] p1a: Tropius\n|-heal|p1a: Tropius|273/328|[silent]\n|-item|p1a: Tropius|Sitrus Berry|[from] ability: Harvest\n|upkeep\n|turn|22\n|inactive|Time left: 300 sec this turn | 300 sec total\n|\n|t:|1783572496\n|move|p1a: Tropius|Air Slash|p2a: Oinkologne\n|-damage|p2a: Oinkologne|22/100\n|cant|p2a: Oinkologne|flinch\n|\n|-heal|p2a: Oinkologne|28/100|[from] item: Leftovers\n|-damage|p2a: Oinkologne|15/100|[from] Leech Seed|[of] p1a: Tropius\n|-heal|p1a: Tropius|318/328|[silent]\n|upkeep\n|turn|23\n|inactive|Time left: 300 sec this turn | 300 sec total\n|\n|t:|1783572497\n|move|p1a: Tropius|Air Slash|p2a: Oinkologne\n|-damage|p2a: Oinkologne|0 fnt\n|faint|p2a: Oinkologne\n|\n|upkeep\n|\n|t:|1783572498\n|switch|p2a: Miraidon|Miraidon, L65|61/100\n|-activate|p2a: Miraidon|move: Sticky Web\n|-unboost|p2a: Miraidon|spe|1\n|-fieldstart|move: Electric Terrain|[from] ability: Hadron Engine|[of] p2a: Miraidon\n|turn|24\n|inactive|Time left: 300 sec this turn | 300 sec total\n|\n|t:|1783572499\n|move|p1a: Tropius|Leech Seed|p2a: Miraidon|[miss]\n|-miss|p1a: Tropius|p2a: Miraidon\n|move|p2a: Miraidon|Calm Mind|p2a: Miraidon\n|-boost|p2a: Miraidon|spa|1\n|-boost|p2a: Miraidon|spd|1\n|\n|upkeep\n|turn|25\n|inactive|Time left: 300 sec this turn | 300 sec total\n|\n|t:|1783572500\n|move|p1a: Tropius|Leech Seed|p2a: Miraidon|[miss]\n|-miss|p1a: Tropius|p2a: Miraidon\n|move|p2a: Miraidon|Calm Mind|p2a: Miraidon\n|-boost|p2a: Miraidon|spa|1\n|-boost|p2a: Miraidon|spd|1\n|\n|upkeep\n|turn|26\n|inactive|Time left: 300 sec this turn | 300 sec total\n|\n|t:|1783572501\n|-terastallize|p2a: Miraidon|Electric\n|move|p1a: Tropius|Leech Seed|p2a: Miraidon|[miss]\n|-miss|p1a: Tropius|p2a: Miraidon\n|move|p2a: Miraidon|Electro Drift|p1a: Tropius\n|-damage|p1a: Tropius|0 fnt\n|faint|p1a: Tropius\n|\n|upkeep\n|inactive|Time left: 300 sec this turn | 300 sec total | 5 sec grace\n|\n|t:|1783572502\n|switch|p1a: Scream Tail|Scream Tail, L84|330/330\n|-activate|p1a: Scream Tail|move: Sticky Web\n|-unboost|p1a: Scream Tail|spe|1\n|turn|27\n|inactive|Time left: 300 sec this turn | 300 sec total\n|\n|t:|1783572503\n|-terastallize|p1a: Scream Tail|Steel\n|move|p1a: Scream Tail|Play Rough|p2a: Miraidon\n|-damage|p2a: Miraidon|25/100\n|move|p2a: Miraidon|Electro Drift|p1a: Scream Tail\n|-damage|p1a: Scream Tail|4/330\n|\n|-heal|p1a: Scream Tail|24/330|[from] item: Leftovers\n|upkeep\n|turn|28\n|inactive|Time left: 300 sec this turn | 300 sec total\n|\n|t:|1783572503\n|move|p1a: Scream Tail|Play Rough|p2a: Miraidon\n|-damage|p2a: Miraidon|0 fnt\n|faint|p2a: Miraidon\n|\n|win|p0x290387bc", "uploadtime": 1783572503, "views": 0, "rating": 0, "private": 0, "password": null, "_winner": "p0x290387bc", "_our_name": "p0x290387bc"}