{"id": "battle-gen9randombattle-1388", "formatid": "gen9randombattle", "format": "[Gen 9] Random Battle", "players": ["p0x1388b636", "p0y1388b4ea"], "log": "|init|battle\n|title|p0x1388b636 vs. p0y1388b4ea\n|j|\u2606p0x1388b636\n|j|\u2606p0y1388b4ea\n|t:|1783555204\n|gametype|singles\n|player|p1|p0x1388b636|2|\n|player|p2|p0y1388b4ea|102|\n|gen|9\n|tier|[Gen 9] Random Battle\n|rule|Species Clause: Limit one of each Pok\u00e9mon\n|rule|HP Percentage Mod: HP is shown in percentages\n|rule|Sleep Clause Mod: Limit one foe put to sleep\n|rule|Illusion Level Mod: Illusion disguises the Pok\u00e9mon's true level\n|\n|t:|1783555204\n|teamsize|p1|6\n|teamsize|p2|6\n|start\n|switch|p1a: Brambleghast|Brambleghast, L88, F|100/100\n|switch|p2a: Smeargle|Smeargle, L95, F|258/258\n|turn|1\n|inactive|Battle timer is ON: inactive players will automatically lose when time's up. (requested by p0y1388b4ea)\n|\n|t:|1783555206\n|move|p1a: Brambleghast|Power Whip|p2a: Smeargle\n|-enditem|p2a: Smeargle|Focus Sash\n|-damage|p2a: Smeargle|1/258\n|move|p2a: Smeargle|Sticky Web|p1a: Brambleghast\n|-sidestart|p1: p0x1388b636|move: Sticky Web\n|\n|upkeep\n|turn|2\n|inactive|Time left: 300 sec this turn | 300 sec total\n|inactive|p0x1388b636 also wants the timer to be on.\n|\n|t:|1783555207\n|move|p1a: Brambleghast|Rapid Spin|p2a: Smeargle\n|-damage|p2a: Smeargle|0 fnt\n|-boost|p1a: Brambleghast|spe|1\n|-sideend|p1: p0x1388b636|Sticky Web|[from] move: Rapid Spin|[of] p1a: Brambleghast\n|faint|p2a: Smeargle\n|\n|upkeep\n|inactive|Time left: 300 sec this turn | 300 sec total | 5 sec grace\n|\n|t:|1783555208\n|switch|p2a: Donphan|Donphan, L84, M|288/288\n|turn|3\n|inactive|Time left: 300 sec this turn | 300 sec total\n|\n|t:|1783555210\n|move|p1a: Brambleghast|Power Whip|p2a: Donphan\n|-supereffective|p2a: Donphan\n|-damage|p2a: Donphan|28/288\n|move|p2a: Donphan|Knock Off|p1a: Brambleghast\n|-supereffective|p1a: Brambleghast\n|-damage|p1a: Brambleghast|18/100\n|-enditem|p1a: Brambleghast|Heavy-Duty Boots|[from] move: Knock Off|[of] p2a: Donphan\n|\n|upkeep\n|turn|4\n|inactive|Time left: 300 sec this turn | 300 sec total\n|\n|t:|1783555211\n|move|p2a: Donphan|Ice Shard|p1a: Brambleghast\n|-supereffective|p1a: Brambleghast\n|-damage|p1a: Brambleghast|0 fnt\n|faint|p1a: Brambleghast\n|\n|upkeep\n|\n|t:|1783555212\n|switch|p1a: Conkeldurr|Conkeldurr, L80, M|100/100\n|turn|5\n|inactive|Time left: 300 sec this turn | 300 sec total\n|\n|t:|1783555213\n|move|p1a: Conkeldurr|Mach Punch|p2a: Donphan\n|-damage|p2a: Donphan|0 fnt\n|faint|p2a: Donphan\n|\n|-status|p1a: Conkeldurr|brn|[from] item: Flame Orb\n|upkeep\n|inactive|Time left: 300 sec this turn | 300 sec total | 5 sec grace\n|\n|t:|1783555214\n|switch|p2a: Latios|Latios, L78, M|253/253\n|turn|6\n|inactive|Time left: 300 sec this turn | 300 sec total\n|\n|t:|1783555216\n|switch|p1a: Gogoat|Gogoat, L88, F|100/100\n|move|p2a: Latios|Luster Purge|p1a: Gogoat\n|-damage|p1a: Gogoat|58/100\n|\n|-heal|p1a: Gogoat|64/100|[from] item: Leftovers\n|upkeep\n|turn|7\n|inactive|Time left: 300 sec this turn | 300 sec total\n|\n|t:|1783555217\n|switch|p1a: Krookodile|Krookodile, L79, F|100/100\n|-ability|p1a: Krookodile|Intimidate|boost\n|-unboost|p2a: Latios|atk|1\n|move|p2a: Latios|Luster Purge|p1a: Krookodile\n|-immune|p1a: Krookodile\n|\n|upkeep\n|turn|8\n|inactive|Time left: 300 sec this turn | 300 sec total\n|\n|t:|1783555218\n|switch|p2a: Keldeo|Keldeo-Resolute, L79|273/273\n|move|p1a: Krookodile|Knock Off|p2a: Keldeo\n|-resisted|p2a: Keldeo\n|-damage|p2a: Keldeo|219/273\n|-ability|p2a: Keldeo|Justified|boost\n|-boost|p2a: Keldeo|atk|1\n|-enditem|p2a: Keldeo|Leftovers|[from] move: Knock Off|[of] p1a: Krookodile\n|\n|upkeep\n|turn|9\n|inactive|Time left: 300 sec this turn | 300 sec total\n|\n|t:|1783555219\n|switch|p1a: Gogoat|Gogoat, L88, F|64/100\n|move|p2a: Keldeo|Secret Sword|p1a: Gogoat\n|-damage|p1a: Gogoat|29/100\n|\n|-heal|p1a: Gogoat|35/100|[from] item: Leftovers\n|upkeep\n|turn|10\n|inactive|Time left: 300 sec this turn | 300 sec total\n|\n|t:|1783555220\n|move|p2a: Keldeo|Secret Sword|p1a: Gogoat\n|-crit|p1a: Gogoat\n|-damage|p1a: Gogoat|0 fnt\n|faint|p1a: Gogoat\n|\n|upkeep\n|\n|t:|1783555221\n|switch|p1a: Conkeldurr|Conkeldurr, L80, M|100/100 brn\n|turn|11\n|inactive|Time left: 300 sec this turn | 300 sec total\n|\n|t:|1783555222\n|move|p2a: Keldeo|Substitute|p2a: Keldeo\n|-start|p2a: Keldeo|Substitute\n|-damage|p2a: Keldeo|151/273\n|move|p1a: Conkeldurr|Facade|p2a: Keldeo\n|-end|p2a: Keldeo|Substitute\n|\n|-damage|p1a: Conkeldurr|94/100 brn|[from] brn\n|upkeep\n|turn|12\n|inactive|Time left: 300 sec this turn | 300 sec total\n|\n|t:|1783555223\n|move|p2a: Keldeo|Substitute|p2a: Keldeo\n|-start|p2a: Keldeo|Substitute\n|-damage|p2a: Keldeo|83/273\n|move|p1a: Conkeldurr|Facade|p2a: Keldeo\n|-end|p2a: Keldeo|Substitute\n|\n|-damage|p1a: Conkeldurr|88/100 brn|[from] brn\n|upkeep\n|turn|13\n|inactive|Time left: 300 sec this turn | 300 sec total\n|\n|t:|1783555224\n|move|p2a: Keldeo|Hydro Pump|p1a: Conkeldurr\n|-damage|p1a: Conkeldurr|34/100 brn\n|move|p1a: Conkeldurr|Facade|p2a: Keldeo\n|-damage|p2a: Keldeo|0 fnt\n|faint|p2a: Keldeo\n|\n|-damage|p1a: Conkeldurr|28/100 brn|[from] brn\n|upkeep\n|inactive|Time left: 300 sec this turn | 300 sec total | 5 sec grace\n|\n|t:|1783555225\n|switch|p2a: Latios|Latios, L78, M|253/253\n|turn|14\n|inactive|Time left: 300 sec this turn | 300 sec total\n|\n|t:|1783555225\n|switch|p1a: Krookodile|Krookodile, L79, F|100/100\n|-ability|p1a: Krookodile|Intimidate|boost\n|-unboost|p2a: Latios|atk|1\n|move|p2a: Latios|Aura Sphere|p1a: Krookodile\n|-supereffective|p1a: Krookodile\n|-damage|p1a: Krookodile|20/100\n|\n|-heal|p1a: Krookodile|26/100|[from] item: Leftovers\n|upkeep\n|turn|15\n|inactive|Time left: 300 sec this turn | 300 sec total\n|\n|t:|1783555226\n|-terastallize|p1a: Krookodile|Poison\n|move|p2a: Latios|Aura Sphere|p1a: Krookodile\n|-resisted|p1a: Krookodile\n|-damage|p1a: Krookodile|4/100\n|move|p1a: Krookodile|Knock Off|p2a: Latios\n|-supereffective|p2a: Latios\n|-damage|p2a: Latios|7/253\n|-enditem|p2a: Latios|Choice Specs|[from] move: Knock Off|[of] p1a: Krookodile\n|\n|-heal|p1a: Krookodile|10/100|[from] item: Leftovers\n|upkeep\n|turn|16\n|inactive|Time left: 300 sec this turn | 300 sec total\n|\n|t:|1783555227\n|switch|p1a: Magmortar|Magmortar, L88, F|100/100\n|move|p2a: Latios|Luster Purge|p1a: Magmortar\n|-damage|p1a: Magmortar|63/100\n|\n|upkeep\n|turn|17\n|inactive|Time left: 300 sec this turn | 300 sec total\n|\n|t:|1783555227\n|move|p2a: Latios|Luster Purge|p1a: Magmortar\n|-damage|p1a: Magmortar|24/100\n|move|p1a: Magmortar|Fire Blast|p2a: Latios\n|-resisted|p2a: Latios\n|-damage|p2a: Latios|0 fnt\n|faint|p2a: Latios\n|\n|upkeep\n|inactive|Time left: 300 sec this turn | 300 sec total | 5 sec grace\n|\n|t:|1783555228\n|switch|p2a: Iron Boulder|Iron Boulder, L77|265/265\n|turn|18\n|inactive|Time left: 300 sec this turn | 300 sec total\n|\n|t:|1783555229\n|move|p2a: Iron Boulder|Swords Dance|p2a: Iron Boulder\n|-boost|p2a: Iron Boulder|atk|2\n|move|p1a: Magmortar|Earthquake|p2a: Iron Boulder\n|-supereffective|p2a: Iron Boulder\n|-damage|p2a: Iron Boulder|85/265\n|\n|upkeep\n|turn|19\n|inactive|Time left: 300 sec this turn | 300 sec total\n|\n|t:|1783555230\n|move|p2a: Iron Boulder|Zen Headbutt|p1a: Magmortar\n|-damage|p1a: Magmortar|0 fnt\n|-status|p2a: Iron Boulder|brn|[from] ability: Flame Body|[of] p1a: Magmortar\n|faint|p1a: Magmortar\n|-damage|p2a: Iron Boulder|59/265 brn|[from] item: Life Orb\n|\n|-damage|p2a: Iron Boulder|43/265 brn|[from] brn\n|upkeep\n|\n|t:|1783555230\n|switch|p1a: Conkeldurr|Conkeldurr, L80, M|28/100 brn\n|turn|20\n|inactive|Time left: 300 sec this turn | 300 sec total\n|\n|t:|1783555231\n|move|p1a: Conkeldurr|Mach Punch|p2a: Iron Boulder\n|-damage|p2a: Iron Boulder|0 fnt\n|faint|p2a: Iron Boulder\n|-end|p2a: Iron Boulder|Quark Drive|[silent]\n|\n|-damage|p1a: Conkeldurr|22/100 brn|[from] brn\n|upkeep\n|inactive|Time left: 300 sec this turn | 300 sec total | 5 sec grace\n|\n|t:|1783555232\n|switch|p2a: Dugtrio|Dugtrio-Alola, L84, M|196/196\n|turn|21\n|inactive|Time left: 300 sec this turn | 300 sec total\n|\n|t:|1783555233\n|move|p2a: Dugtrio|Sucker Punch|p1a: Conkeldurr\n|-resisted|p1a: Conkeldurr\n|-damage|p1a: Conkeldurr|11/100 brn\n|-damage|p2a: Dugtrio|177/196|[from] item: Life Orb\n|move|p1a: Conkeldurr|Mach Punch|p2a: Dugtrio\n|-supereffective|p2a: Dugtrio\n|-damage|p2a: Dugtrio|0 fnt\n|-ability|p2a: Dugtrio|Tangling Hair\n|-unboost|p1a: Conkeldurr|spe|1\n|faint|p2a: Dugtrio\n|\n|win|p0x1388b636", "uploadtime": 1783555233, "views": 0, "rating": 0, "private": 0, "password": null, "_winner": "p0x1388b636", "_our_name": "p0y1388b4ea"}