{"id": "battle-gen9randombattle-2131", "formatid": "gen9randombattle", "format": "[Gen 9] Random Battle", "players": ["p0x21316bcb", "p0y2131182d"], "log": "|init|battle\n|title|p0x21316bcb vs. p0y2131182d\n|j|\u2606p0x21316bcb\n|j|\u2606p0y2131182d\n|t:|1783564682\n|gametype|singles\n|player|p1|p0x21316bcb|101|\n|player|p2|p0y2131182d|102|\n|gen|9\n|tier|[Gen 9] Random Battle\n|rule|Species Clause: Limit one of each Pok\u00e9mon\n|rule|HP Percentage Mod: HP is shown in percentages\n|rule|Sleep Clause Mod: Limit one foe put to sleep\n|rule|Illusion Level Mod: Illusion disguises the Pok\u00e9mon's true level\n|\n|t:|1783564682\n|teamsize|p1|6\n|teamsize|p2|6\n|start\n|switch|p1a: Perrserker|Perrserker, L89, M|269/269\n|switch|p2a: Garchomp|Garchomp, L74, M|100/100\n|turn|1\n|inactive|Battle timer is ON: inactive players will automatically lose when time's up. (requested by p0y2131182d)\n|inactive|Time left: 300 sec this turn | 300 sec total | 60 sec grace\n|inactive|p0x21316bcb also wants the timer to be on.\n|\n|t:|1783564683\n|move|p2a: Garchomp|Earthquake|p1a: Perrserker\n|-supereffective|p1a: Perrserker\n|-damage|p1a: Perrserker|99/269\n|move|p1a: Perrserker|Iron Head|p2a: Garchomp\n|-damage|p2a: Garchomp|31/100\n|-damage|p1a: Perrserker|66/269|[from] ability: Rough Skin|[of] p2a: Garchomp\n|-damage|p1a: Perrserker|40/269|[from] item: Life Orb\n|\n|upkeep\n|turn|2\n|inactive|Time left: 300 sec this turn | 300 sec total\n|\n|t:|1783564684\n|switch|p1a: Espathra|Espathra, L80, F|283/283\n|move|p2a: Garchomp|Scale Shot|p1a: Espathra|[miss]\n|-miss|p2a: Garchomp|p1a: Espathra\n|\n|upkeep\n|turn|3\n|inactive|Time left: 300 sec this turn | 300 sec total\n|\n|t:|1783564684\n|switch|p2a: Carbink|Carbink, L90|100/100\n|move|p1a: Espathra|Lumina Crash|p2a: Carbink\n|-damage|p2a: Carbink|70/100\n|\n|-heal|p2a: Carbink|76/100|[from] item: Leftovers\n|-ability|p1a: Espathra|Speed Boost|boost\n|-boost|p1a: Espathra|spe|1\n|upkeep\n|turn|4\n|inactive|Time left: 300 sec this turn | 300 sec total\n|\n|t:|1783564685\n|switch|p2a: Grimmsnarl|Grimmsnarl, L83, M|100/100\n|move|p1a: Espathra|Lumina Crash|p2a: Grimmsnarl\n|-immune|p2a: Grimmsnarl\n|\n|-ability|p1a: Espathra|Speed Boost|boost\n|-boost|p1a: Espathra|spe|1\n|upkeep\n|turn|5\n|inactive|Time left: 300 sec this turn | 300 sec total\n|\n|t:|1783564686\n|move|p1a: Espathra|Lumina Crash|p2a: Grimmsnarl\n|-immune|p2a: Grimmsnarl\n|move|p2a: Grimmsnarl|Spirit Break|p1a: Espathra\n|-damage|p1a: Espathra|157/283\n|-unboost|p1a: Espathra|spa|1\n|\n|-ability|p1a: Espathra|Speed Boost|boost\n|-boost|p1a: Espathra|spe|1\n|upkeep\n|turn|6\n|inactive|Time left: 300 sec this turn | 300 sec total\n|\n|t:|1783564687\n|move|p1a: Espathra|Lumina Crash|p2a: Grimmsnarl\n|-immune|p2a: Grimmsnarl\n|move|p2a: Grimmsnarl|Spirit Break|p1a: Espathra\n|-damage|p1a: Espathra|18/283\n|-unboost|p1a: Espathra|spa|1\n|\n|-ability|p1a: Espathra|Speed Boost|boost\n|-boost|p1a: Espathra|spe|1\n|upkeep\n|turn|7\n|inactive|Time left: 300 sec this turn | 300 sec total\n|\n|t:|1783564688\n|move|p1a: Espathra|Lumina Crash|p2a: Grimmsnarl\n|-immune|p2a: Grimmsnarl\n|move|p2a: Grimmsnarl|Spirit Break|p1a: Espathra\n|-damage|p1a: Espathra|0 fnt\n|faint|p1a: Espathra\n|\n|upkeep\n|inactive|Time left: 300 sec this turn | 300 sec total | 5 sec grace\n|\n|t:|1783564689\n|switch|p1a: Houndoom|Houndoom, L87, F|272/272\n|turn|8\n|inactive|Time left: 300 sec this turn | 300 sec total\n|\n|t:|1783564690\n|move|p1a: Houndoom|Nasty Plot|p1a: Houndoom\n|-boost|p1a: Houndoom|spa|2\n|move|p2a: Grimmsnarl|Spirit Break|p1a: Houndoom\n|-damage|p1a: Houndoom|149/272\n|-unboost|p1a: Houndoom|spa|1\n|\n|upkeep\n|turn|9\n|inactive|Time left: 300 sec this turn | 300 sec total\n|\n|t:|1783564691\n|move|p1a: Houndoom|Fire Blast|p2a: Grimmsnarl\n|-damage|p2a: Grimmsnarl|17/100\n|move|p2a: Grimmsnarl|Spirit Break|p1a: Houndoom\n|-damage|p1a: Houndoom|28/272\n|-unboost|p1a: Houndoom|spa|1\n|\n|-heal|p2a: Grimmsnarl|23/100|[from] item: Leftovers\n|upkeep\n|turn|10\n|inactive|Time left: 300 sec this turn | 300 sec total\n|\n|t:|1783564693\n|move|p2a: Grimmsnarl|Sucker Punch|p1a: Houndoom\n|-resisted|p1a: Houndoom\n|-damage|p1a: Houndoom|0 fnt\n|faint|p1a: Houndoom\n|\n|-heal|p2a: Grimmsnarl|29/100|[from] item: Leftovers\n|upkeep\n|inactive|Time left: 300 sec this turn | 300 sec total | 5 sec grace\n|\n|t:|1783564694\n|switch|p1a: Garchomp|Garchomp, L74, F|282/282\n|turn|11\n|inactive|Time left: 300 sec this turn | 300 sec total\n|\n|t:|1783564695\n|move|p2a: Grimmsnarl|Parting Shot|p1a: Garchomp\n|-unboost|p1a: Garchomp|atk|1\n|-unboost|p1a: Garchomp|spa|1\n|\n|t:|1783564696\n|switch|p2a: Gastrodon|Gastrodon-East, L86, M|100/100|[from] Parting Shot\n|move|p1a: Garchomp|Earthquake|p2a: Gastrodon\n|-damage|p2a: Gastrodon|75/100\n|\n|-heal|p2a: Gastrodon|81/100|[from] item: Leftovers\n|upkeep\n|turn|12\n|inactive|Time left: 300 sec this turn | 300 sec total\n|\n|t:|1783564697\n|switch|p1a: Perrserker|Perrserker, L89, M|40/269\n|move|p2a: Gastrodon|Surf|p1a: Perrserker\n|-damage|p1a: Perrserker|0 fnt\n|faint|p1a: Perrserker\n|\n|-heal|p2a: Gastrodon|87/100|[from] item: Leftovers\n|upkeep\n|inactive|Time left: 300 sec this turn | 300 sec total | 5 sec grace\n|\n|t:|1783564698\n|switch|p1a: Spectrier|Spectrier, L75|274/274\n|turn|13\n|inactive|Time left: 300 sec this turn | 300 sec total\n|\n|t:|1783564699\n|move|p1a: Spectrier|Nasty Plot|p1a: Spectrier\n|-boost|p1a: Spectrier|spa|2\n|move|p2a: Gastrodon|Earthquake|p1a: Spectrier\n|-damage|p1a: Spectrier|132/274\n|\n|-heal|p1a: Spectrier|149/274|[from] item: Leftovers\n|-heal|p2a: Gastrodon|93/100|[from] item: Leftovers\n|upkeep\n|turn|14\n|inactive|Time left: 300 sec this turn | 300 sec total\n|\n|t:|1783564700\n|move|p1a: Spectrier|Shadow Ball|p2a: Gastrodon\n|-damage|p2a: Gastrodon|31/100\n|-unboost|p2a: Gastrodon|spd|1\n|move|p2a: Gastrodon|Earthquake|p1a: Spectrier\n|-damage|p1a: Spectrier|7/274\n|\n|-heal|p1a: Spectrier|24/274|[from] item: Leftovers\n|-heal|p2a: Gastrodon|37/100|[from] item: Leftovers\n|upkeep\n|turn|15\n|inactive|Time left: 300 sec this turn | 300 sec total\n|\n|t:|1783564701\n|move|p1a: Spectrier|Shadow Ball|p2a: Gastrodon\n|-damage|p2a: Gastrodon|0 fnt\n|faint|p2a: Gastrodon\n|-ability|p1a: Spectrier|Grim Neigh|boost\n|-boost|p1a: Spectrier|spa|1\n|\n|-heal|p1a: Spectrier|41/274|[from] item: Leftovers\n|upkeep\n|\n|t:|1783564702\n|switch|p2a: Grumpig|Grumpig, L92, F|100/100\n|turn|16\n|inactive|Time left: 300 sec this turn | 300 sec total\n|\n|t:|1783564703\n|-terastallize|p1a: Spectrier|Fairy\n|move|p2a: Grumpig|Shadow Ball|p1a: Spectrier\n|-damage|p1a: Spectrier|0 fnt\n|faint|p1a: Spectrier\n|\n|upkeep\n|inactive|Time left: 300 sec this turn | 300 sec total | 5 sec grace\n|\n|t:|1783564704\n|switch|p1a: Garchomp|Garchomp, L74, F|282/282\n|turn|17\n|inactive|Time left: 300 sec this turn | 300 sec total\n|\n|t:|1783564705\n|move|p2a: Grumpig|Shadow Ball|p1a: Garchomp\n|-damage|p1a: Garchomp|204/282\n|-unboost|p1a: Garchomp|spd|1\n|move|p1a: Garchomp|Earthquake|p2a: Grumpig\n|-damage|p2a: Grumpig|62/100\n|\n|upkeep\n|turn|18\n|inactive|Time left: 300 sec this turn | 300 sec total\n|\n|t:|1783564706\n|move|p2a: Grumpig|Shadow Ball|p1a: Garchomp\n|-crit|p1a: Garchomp\n|-damage|p1a: Garchomp|30/282\n|move|p1a: Garchomp|Earthquake|p2a: Grumpig\n|-damage|p2a: Grumpig|25/100\n|\n|upkeep\n|turn|19\n|inactive|Time left: 300 sec this turn | 300 sec total\n|\n|t:|1783564708\n|move|p2a: Grumpig|Shadow Ball|p1a: Garchomp\n|-damage|p1a: Garchomp|0 fnt\n|faint|p1a: Garchomp\n|\n|upkeep\n|inactive|Time left: 300 sec this turn | 300 sec total | 5 sec grace\n|\n|t:|1783564709\n|switch|p1a: Eternatus|Eternatus, L69|308/308\n|-ability|p1a: Eternatus|Pressure\n|turn|20\n|inactive|Time left: 300 sec this turn | 300 sec total\n|\n|t:|1783564710\n|switch|p2a: Carbink|Carbink, L90|76/100\n|move|p1a: Eternatus|Meteor Beam||[still]\n|-prepare|p1a: Eternatus|Meteor Beam\n|-boost|p1a: Eternatus|spa|1\n|-enditem|p1a: Eternatus|Power Herb\n|-anim|p1a: Eternatus|Meteor Beam|p2a: Carbink\n|-damage|p2a: Carbink|45/100\n|\n|-heal|p2a: Carbink|51/100|[from] item: Leftovers\n|upkeep\n|turn|21\n|inactive|Time left: 300 sec this turn | 300 sec total\n|\n|t:|1783564711\n|move|p1a: Eternatus|Sludge Bomb|p2a: Carbink\n|-damage|p2a: Carbink|13/100\n|move|p2a: Carbink|Moonblast|p1a: Eternatus\n|-damage|p1a: Eternatus|227/308\n|\n|-heal|p2a: Carbink|19/100|[from] item: Leftovers\n|upkeep\n|turn|22\n|inactive|Time left: 300 sec this turn | 300 sec total\n|\n|t:|1783564711\n|move|p1a: Eternatus|Sludge Bomb|p2a: Carbink\n|-damage|p2a: Carbink|0 fnt\n|faint|p2a: Carbink\n|\n|upkeep\n|\n|t:|1783564712\n|switch|p2a: Grumpig|Grumpig, L92, F|25/100\n|turn|23\n|inactive|Time left: 300 sec this turn | 300 sec total\n|\n|t:|1783564713\n|move|p2a: Grumpig|Psyshock|p1a: Eternatus\n|-supereffective|p1a: Eternatus\n|-damage|p1a: Eternatus|0 fnt\n|faint|p1a: Eternatus\n|\n|win|p0y2131182d", "uploadtime": 1783564713, "views": 0, "rating": 0, "private": 0, "password": null, "_winner": "p0y2131182d", "_our_name": "p0x21316bcb"}