{"id": "battle-gen9randombattle-995", "formatid": "gen9randombattle", "format": "[Gen 9] Random Battle", "players": ["p0x995a75e", "p0y995dd71"], "log": "|init|battle\n|title|p0x995a75e vs. p0y995dd71\n|j|\u2606p0x995a75e\n|j|\u2606p0y995dd71\n|t:|1783550710\n|gametype|singles\n|player|p1|p0x995a75e|169|\n|player|p2|p0y995dd71|169|\n|gen|9\n|tier|[Gen 9] Random Battle\n|rule|Species Clause: Limit one of each Pok\u00e9mon\n|rule|HP Percentage Mod: HP is shown in percentages\n|rule|Sleep Clause Mod: Limit one foe put to sleep\n|rule|Illusion Level Mod: Illusion disguises the Pok\u00e9mon's true level\n|\n|t:|1783550710\n|teamsize|p1|6\n|teamsize|p2|6\n|start\n|switch|p1a: Rabsca|Rabsca, L91, F|284/284\n|switch|p2a: Stonjourner|Stonjourner, L91, M|100/100\n|turn|1\n|inactive|Battle timer is ON: inactive players will automatically lose when time's up. (requested by p0y995dd71)\n|inactive|Time left: 300 sec this turn | 300 sec total | 60 sec grace\n|inactive|p0x995a75e also wants the timer to be on.\n|\n|t:|1783550712\n|move|p2a: Stonjourner|Heat Crash|p1a: Rabsca\n|-supereffective|p1a: Rabsca\n|-damage|p1a: Rabsca|11/284\n|-damage|p2a: Stonjourner|90/100|[from] item: Life Orb\n|move|p1a: Rabsca|Psychic|p2a: Stonjourner\n|-damage|p2a: Stonjourner|4/100\n|-unboost|p2a: Stonjourner|spd|1\n|\n|upkeep\n|turn|2\n|inactive|Time left: 300 sec this turn | 300 sec total\n|\n|t:|1783550713\n|move|p2a: Stonjourner|Heat Crash|p1a: Rabsca\n|-supereffective|p1a: Rabsca\n|-crit|p1a: Rabsca\n|-damage|p1a: Rabsca|0 fnt\n|faint|p1a: Rabsca\n|-damage|p2a: Stonjourner|0 fnt|[from] item: Life Orb\n|faint|p2a: Stonjourner\n|\n|upkeep\n|inactive|Time left: 300 sec this turn | 300 sec total | 5 sec grace\n|\n|t:|1783550714\n|switch|p2a: Porygon-Z|Porygon-Z, L83|100/100\n|switch|p1a: Bisharp|Bisharp, L79, M|232/232\n|-ability|p2a: Porygon-Z|Download|boost\n|-boost|p2a: Porygon-Z|spa|1\n|turn|3\n|inactive|Time left: 300 sec this turn | 300 sec total\n|\n|t:|1783550716\n|move|p2a: Porygon-Z|Thunderbolt|p1a: Bisharp\n|-damage|p1a: Bisharp|103/232\n|-damage|p2a: Porygon-Z|91/100|[from] item: Life Orb\n|move|p1a: Bisharp|Throat Chop|p2a: Porygon-Z\n|-damage|p2a: Porygon-Z|49/100\n|-start|p2a: Porygon-Z|Throat Chop|[silent]\n|\n|upkeep\n|turn|4\n|inactive|Time left: 300 sec this turn | 300 sec total\n|\n|t:|1783550717\n|move|p1a: Bisharp|Sucker Punch|p2a: Porygon-Z\n|-damage|p2a: Porygon-Z|13/100\n|move|p2a: Porygon-Z|Thunderbolt|p1a: Bisharp\n|-damage|p1a: Bisharp|0 fnt\n|faint|p1a: Bisharp\n|-damage|p2a: Porygon-Z|3/100|[from] item: Life Orb\n|\n|-end|p2a: Porygon-Z|Throat Chop|[silent]\n|upkeep\n|inactive|Time left: 300 sec this turn | 300 sec total | 5 sec grace\n|\n|t:|1783550718\n|switch|p1a: Venomoth|Venomoth, L84, M|255/255\n|turn|5\n|inactive|Time left: 300 sec this turn | 300 sec total\n|\n|t:|1783550719\n|move|p1a: Venomoth|Quiver Dance|p1a: Venomoth\n|-boost|p1a: Venomoth|spa|1\n|-boost|p1a: Venomoth|spd|1\n|-boost|p1a: Venomoth|spe|1\n|move|p2a: Porygon-Z|Thunderbolt|p1a: Venomoth\n|-damage|p1a: Venomoth|133/255\n|-damage|p2a: Porygon-Z|0 fnt|[from] item: Life Orb\n|faint|p2a: Porygon-Z\n|\n|upkeep\n|\n|t:|1783550720\n|switch|p2a: Copperajah|Copperajah, L86, M|100/100\n|turn|6\n|inactive|Time left: 300 sec this turn | 300 sec total\n|\n|t:|1783550721\n|move|p1a: Venomoth|Sleep Powder|p2a: Copperajah|[miss]\n|-miss|p1a: Venomoth|p2a: Copperajah\n|move|p2a: Copperajah|Iron Head|p1a: Venomoth\n|-damage|p1a: Venomoth|0 fnt\n|faint|p1a: Venomoth\n|\n|upkeep\n|inactive|Time left: 300 sec this turn | 300 sec total | 5 sec grace\n|\n|t:|1783550722\n|switch|p1a: Flareon|Flareon, L90, F|263/263\n|turn|7\n|inactive|Time left: 300 sec this turn | 300 sec total\n|\n|t:|1783550723\n|switch|p2a: Pecharunt|Pecharunt, L77|100/100\n|move|p1a: Flareon|Flare Blitz|p2a: Pecharunt\n|-damage|p2a: Pecharunt|54/100\n|-damage|p1a: Flareon|223/263|[from] Recoil\n|\n|-heal|p2a: Pecharunt|60/100|[from] item: Leftovers\n|-status|p1a: Flareon|tox|[from] item: Toxic Orb\n|upkeep\n|turn|8\n|inactive|Time left: 300 sec this turn | 300 sec total\n|\n|t:|1783550724\n|move|p2a: Pecharunt|Recover|p2a: Pecharunt\n|-heal|p2a: Pecharunt|100/100\n|move|p1a: Flareon|Flare Blitz|p2a: Pecharunt\n|-damage|p2a: Pecharunt|33/100\n|-damage|p1a: Flareon|165/263 tox|[from] Recoil\n|\n|-heal|p2a: Pecharunt|39/100|[from] item: Leftovers\n|-damage|p1a: Flareon|149/263 tox|[from] psn\n|upkeep\n|turn|9\n|inactive|Time left: 300 sec this turn | 300 sec total\n|\n|t:|1783550725\n|move|p2a: Pecharunt|Recover|p2a: Pecharunt\n|-heal|p2a: Pecharunt|89/100\n|move|p1a: Flareon|Flare Blitz|p2a: Pecharunt\n|-damage|p2a: Pecharunt|20/100\n|-damage|p1a: Flareon|89/263 tox|[from] Recoil\n|\n|-heal|p2a: Pecharunt|26/100|[from] item: Leftovers\n|-damage|p1a: Flareon|57/263 tox|[from] psn\n|upkeep\n|turn|10\n|inactive|Time left: 300 sec this turn | 300 sec total\n|\n|t:|1783550726\n|move|p2a: Pecharunt|Recover|p2a: Pecharunt\n|-heal|p2a: Pecharunt|76/100\n|move|p1a: Flareon|Flare Blitz|p2a: Pecharunt\n|-damage|p2a: Pecharunt|5/100\n|-damage|p1a: Flareon|0 fnt|[from] Recoil\n|faint|p1a: Flareon\n|\n|-heal|p2a: Pecharunt|11/100|[from] item: Leftovers\n|upkeep\n|inactive|Time left: 300 sec this turn | 300 sec total | 5 sec grace\n|\n|t:|1783550727\n|switch|p1a: Spectrier|Spectrier, L75|274/274\n|turn|11\n|inactive|Time left: 300 sec this turn | 300 sec total\n|\n|t:|1783550728\n|switch|p2a: Copperajah|Copperajah, L86, M|100/100\n|move|p1a: Spectrier|Shadow Ball|p2a: Copperajah\n|-damage|p2a: Copperajah|62/100\n|-damage|p1a: Spectrier|247/274|[from] item: Life Orb\n|\n|upkeep\n|turn|12\n|inactive|Time left: 300 sec this turn | 300 sec total\n|\n|t:|1783550729\n|move|p1a: Spectrier|Will-O-Wisp|p2a: Copperajah\n|-status|p2a: Copperajah|brn\n|move|p2a: Copperajah|Iron Head|p1a: Spectrier\n|-damage|p1a: Spectrier|111/274\n|\n|-damage|p2a: Copperajah|56/100 brn|[from] brn\n|upkeep\n|turn|13\n|inactive|Time left: 300 sec this turn | 300 sec total\n|\n|t:|1783550730\n|move|p1a: Spectrier|Shadow Ball|p2a: Copperajah\n|-damage|p2a: Copperajah|13/100 brn\n|-damage|p1a: Spectrier|84/274|[from] item: Life Orb\n|move|p2a: Copperajah|Iron Head|p1a: Spectrier\n|-damage|p1a: Spectrier|0 fnt\n|faint|p1a: Spectrier\n|\n|-damage|p2a: Copperajah|7/100 brn|[from] brn\n|upkeep\n|inactive|Time left: 300 sec this turn | 300 sec total | 5 sec grace\n|\n|t:|1783550731\n|switch|p1a: Sableye|Sableye, L88, M|231/231\n|turn|14\n|inactive|Time left: 300 sec this turn | 300 sec total\n|\n|t:|1783550732\n|move|p1a: Sableye|Knock Off|p2a: Copperajah\n|-damage|p2a: Copperajah|0 fnt\n|-enditem|p2a: Copperajah|Life Orb|[from] move: Knock Off|[of] p1a: Sableye\n|faint|p2a: Copperajah\n|\n|upkeep\n|\n|t:|1783550733\n|switch|p2a: Cramorant|Cramorant, L86, M|100/100\n|turn|15\n|inactive|Time left: 300 sec this turn | 300 sec total\n|\n|t:|1783550734\n|move|p1a: Sableye|Thunder Wave|p2a: Cramorant\n|-status|p2a: Cramorant|par\n|move|p2a: Cramorant|Surf|p1a: Sableye\n|-formechange|p2a: Cramorant|Cramorant-Gulping|\n|-damage|p1a: Sableye|120/231\n|\n|-heal|p1a: Sableye|134/231|[from] item: Leftovers\n|upkeep\n|turn|16\n|inactive|Time left: 300 sec this turn | 300 sec total\n|\n|t:|1783550735\n|move|p1a: Sableye|Recover|p1a: Sableye\n|-heal|p1a: Sableye|231/231\n|move|p2a: Cramorant|Surf|p1a: Sableye\n|-damage|p1a: Sableye|126/231\n|\n|-heal|p1a: Sableye|140/231|[from] item: Leftovers\n|upkeep\n|turn|17\n|inactive|Time left: 300 sec this turn | 300 sec total\n|\n|t:|1783550736\n|move|p1a: Sableye|Recover|p1a: Sableye\n|-heal|p1a: Sableye|231/231\n|cant|p2a: Cramorant|par\n|\n|upkeep\n|turn|18\n|inactive|Time left: 300 sec this turn | 300 sec total\n|\n|t:|1783550737\n|move|p1a: Sableye|Encore|p2a: Cramorant\n|-start|p2a: Cramorant|Encore\n|move|p2a: Cramorant|Surf|p1a: Sableye\n|-damage|p1a: Sableye|125/231\n|\n|-heal|p1a: Sableye|139/231|[from] item: Leftovers\n|upkeep\n|turn|19\n|inactive|Time left: 300 sec this turn | 300 sec total\n|\n|t:|1783550738\n|move|p1a: Sableye|Recover|p1a: Sableye\n|-heal|p1a: Sableye|231/231\n|move|p2a: Cramorant|Surf|p1a: Sableye\n|-damage|p1a: Sableye|119/231\n|\n|-heal|p1a: Sableye|133/231|[from] item: Leftovers\n|upkeep\n|turn|20\n|inactive|Time left: 300 sec this turn | 300 sec total\n|\n|t:|1783550739\n|move|p1a: Sableye|Recover|p1a: Sableye\n|-heal|p1a: Sableye|231/231\n|move|p2a: Cramorant|Surf|p1a: Sableye\n|-damage|p1a: Sableye|125/231\n|\n|-heal|p1a: Sableye|139/231|[from] item: Leftovers\n|-end|p2a: Cramorant|Encore\n|upkeep\n|turn|21\n|inactive|Time left: 300 sec this turn | 300 sec total\n|\n|t:|1783550740\n|move|p1a: Sableye|Recover|p1a: Sableye\n|-heal|p1a: Sableye|231/231\n|move|p2a: Cramorant|Surf|p1a: Sableye\n|-damage|p1a: Sableye|131/231\n|\n|-heal|p1a: Sableye|145/231|[from] item: Leftovers\n|upkeep\n|turn|22\n|inactive|Time left: 300 sec this turn | 300 sec total\n|\n|t:|1783550741\n|move|p1a: Sableye|Recover|p1a: Sableye\n|-heal|p1a: Sableye|231/231\n|move|p2a: Cramorant|Surf|p1a: Sableye\n|-damage|p1a: Sableye|120/231\n|\n|-heal|p1a: Sableye|134/231|[from] item: Leftovers\n|upkeep\n|turn|23\n|inactive|Time left: 300 sec this turn | 300 sec total\n|\n|t:|1783550742\n|switch|p2a: Malamar|Malamar, L82, F|100/100\n|move|p1a: Sableye|Recover|p1a: Sableye\n|-heal|p1a: Sableye|231/231\n|\n|upkeep\n|turn|24\n|inactive|Time left: 300 sec this turn | 300 sec total\n|\n|t:|1783550743\n|move|p2a: Malamar|Knock Off|p1a: Sableye\n|-damage|p1a: Sableye|135/231\n|-enditem|p1a: Sableye|Leftovers|[from] move: Knock Off|[of] p2a: Malamar\n|move|p1a: Sableye|Knock Off|p2a: Malamar\n|-damage|p2a: Malamar|63/100\n|-enditem|p2a: Malamar|Leftovers|[from] move: Knock Off|[of] p1a: Sableye\n|\n|upkeep\n|turn|25\n|inactive|Time left: 300 sec this turn | 300 sec total\n|\n|t:|1783550744\n|move|p1a: Sableye|Recover|p1a: Sableye\n|-heal|p1a: Sableye|231/231\n|move|p2a: Malamar|Knock Off|p1a: Sableye\n|-damage|p1a: Sableye|165/231\n|\n|upkeep\n|turn|26\n|inactive|Time left: 300 sec this turn | 300 sec total\n|\n|t:|1783550744\n|move|p2a: Malamar|Knock Off|p1a: Sableye\n|-damage|p1a: Sableye|95/231\n|move|p1a: Sableye|Knock Off|p2a: Malamar\n|-damage|p2a: Malamar|42/100\n|\n|upkeep\n|turn|27\n|inactive|Time left: 300 sec this turn | 300 sec total\n|\n|t:|1783550745\n|move|p2a: Malamar|Knock Off|p1a: Sableye\n|-damage|p1a: Sableye|22/231\n|move|p1a: Sableye|Knock Off|p2a: Malamar\n|-damage|p2a: Malamar|17/100\n|\n|upkeep\n|turn|28\n|inactive|Time left: 300 sec this turn | 300 sec total\n|\n|t:|1783550746\n|-terastallize|p1a: Sableye|Poison\n|move|p1a: Sableye|Thunder Wave|p2a: Malamar\n|-hint|Since gen 7, Dark is immune to Prankster moves.\n|-immune|p2a: Malamar\n|move|p2a: Malamar|Knock Off|p1a: Sableye\n|-damage|p1a: Sableye|0 fnt\n|faint|p1a: Sableye\n|\n|win|p0y995dd71", "uploadtime": 1783550746, "views": 0, "rating": 0, "private": 0, "password": null, "_winner": "p0y995dd71", "_our_name": "p0x995a75e"}