{"id": "battle-gen9randombattle-1579", "formatid": "gen9randombattle", "format": "[Gen 9] Random Battle", "players": ["p0x15797356", "p0y1579c094"], "log": "|init|battle\n|title|p0x15797356 vs. p0y1579c094\n|j|\u2606p0x15797356\n|j|\u2606p0y1579c094\n|t:|1783557471\n|gametype|singles\n|player|p1|p0x15797356|265|\n|player|p2|p0y1579c094|2|\n|gen|9\n|tier|[Gen 9] Random Battle\n|rule|Species Clause: Limit one of each Pok\u00e9mon\n|rule|HP Percentage Mod: HP is shown in percentages\n|rule|Sleep Clause Mod: Limit one foe put to sleep\n|rule|Illusion Level Mod: Illusion disguises the Pok\u00e9mon's true level\n|\n|t:|1783557471\n|teamsize|p1|6\n|teamsize|p2|6\n|start\n|switch|p1a: Salamence|Salamence, L77, F|100/100\n|switch|p2a: Cacturne|Cacturne, L92, F|278/278\n|-ability|p1a: Salamence|Intimidate|boost\n|-unboost|p2a: Cacturne|atk|1\n|turn|1\n|inactive|Battle timer is ON: inactive players will automatically lose when time's up. (requested by p0y1579c094)\n|inactive|p0x15797356 also wants the timer to be on.\n|\n|t:|1783557473\n|move|p1a: Salamence|Outrage|p2a: Cacturne\n|-damage|p2a: Cacturne|112/278\n|move|p2a: Cacturne|Knock Off|p1a: Salamence\n|-damage|p1a: Salamence|52/100\n|-enditem|p1a: Salamence|Heavy-Duty Boots|[from] move: Knock Off|[of] p2a: Cacturne\n|-damage|p2a: Cacturne|85/278|[from] item: Life Orb\n|\n|upkeep\n|turn|2\n|inactive|Time left: 300 sec this turn | 300 sec total\n|\n|t:|1783557474\n|switch|p2a: Heatran|Heatran, L79, F|273/273\n|-item|p2a: Heatran|Air Balloon\n|move|p1a: Salamence|Outrage|p2a: Heatran|[from] lockedmove\n|-resisted|p2a: Heatran\n|-damage|p2a: Heatran|207/273\n|-enditem|p2a: Heatran|Air Balloon\n|\n|upkeep\n|turn|3\n|inactive|Time left: 300 sec this turn | 300 sec total\n|\n|t:|1783557475\n|move|p1a: Salamence|Outrage|p2a: Heatran|[from] lockedmove\n|-resisted|p2a: Heatran\n|-damage|p2a: Heatran|149/273\n|-start|p1a: Salamence|confusion|[fatigue]\n|move|p2a: Heatran|Stealth Rock|p1a: Salamence\n|-sidestart|p1: p0x15797356|move: Stealth Rock\n|\n|upkeep\n|turn|4\n|inactive|Time left: 300 sec this turn | 300 sec total\n|\n|t:|1783557476\n|-activate|p1a: Salamence|confusion\n|move|p1a: Salamence|Earthquake|p2a: Heatran\n|-supereffective|p2a: Heatran\n|-damage|p2a: Heatran|0 fnt\n|faint|p2a: Heatran\n|\n|upkeep\n|inactive|Time left: 300 sec this turn | 300 sec total | 5 sec grace\n|\n|t:|1783557477\n|switch|p2a: Salamence|Salamence, L77, F|273/273\n|-ability|p2a: Salamence|Intimidate|boost\n|-unboost|p1a: Salamence|atk|1\n|turn|5\n|inactive|Time left: 300 sec this turn | 300 sec total\n|\n|t:|1783557479\n|move|p2a: Salamence|Outrage|p1a: Salamence\n|-supereffective|p1a: Salamence\n|-damage|p1a: Salamence|0 fnt\n|faint|p1a: Salamence\n|\n|upkeep\n|\n|t:|1783557480\n|switch|p1a: Sudowoodo|Sudowoodo, L94, F|100/100\n|-damage|p1a: Sudowoodo|88/100|[from] Stealth Rock\n|turn|6\n|inactive|Time left: 300 sec this turn | 300 sec total\n|\n|t:|1783557481\n|move|p2a: Salamence|Outrage|p1a: Sudowoodo|[from] lockedmove\n|-damage|p1a: Sudowoodo|55/100\n|move|p1a: Sudowoodo|Head Smash|p2a: Salamence\n|-supereffective|p2a: Salamence\n|-damage|p2a: Salamence|0 fnt\n|faint|p2a: Salamence\n|\n|upkeep\n|inactive|Time left: 300 sec this turn | 300 sec total | 5 sec grace\n|\n|t:|1783557482\n|switch|p2a: Cacturne|Cacturne, L92, F|85/278\n|turn|7\n|inactive|Time left: 300 sec this turn | 300 sec total\n|\n|t:|1783557483\n|move|p2a: Cacturne|Knock Off|p1a: Sudowoodo\n|-damage|p1a: Sudowoodo|8/100\n|-enditem|p1a: Sudowoodo|Choice Band|[from] move: Knock Off|[of] p2a: Cacturne\n|-damage|p2a: Cacturne|58/278|[from] item: Life Orb\n|move|p1a: Sudowoodo|Head Smash|p2a: Cacturne\n|-damage|p2a: Cacturne|0 fnt\n|faint|p2a: Cacturne\n|\n|upkeep\n|inactive|Time left: 300 sec this turn | 300 sec total | 5 sec grace\n|\n|t:|1783557484\n|switch|p2a: Okidogi|Okidogi, L77, M|262/262\n|turn|8\n|inactive|Time left: 300 sec this turn | 300 sec total\n|\n|t:|1783557485\n|move|p2a: Okidogi|Gunk Shot|p1a: Sudowoodo\n|-resisted|p1a: Sudowoodo\n|-damage|p1a: Sudowoodo|0 fnt\n|faint|p1a: Sudowoodo\n|\n|upkeep\n|\n|t:|1783557486\n|switch|p1a: Vivillon|Vivillon-Jungle, L83, F|100/100\n|turn|9\n|inactive|Time left: 300 sec this turn | 300 sec total\n|\n|t:|1783557487\n|switch|p2a: Pincurchin|Pincurchin, M|258/258\n|-fieldstart|move: Electric Terrain|[from] ability: Electric Surge|[of] p2a: Pincurchin\n|move|p1a: Vivillon|Sleep Powder|p2a: Pincurchin\n|-activate|p2a: Pincurchin|move: Electric Terrain\n|\n|upkeep\n|turn|10\n|inactive|Time left: 300 sec this turn | 300 sec total\n|\n|t:|1783557488\n|-terastallize|p1a: Vivillon|Ground\n|move|p1a: Vivillon|Quiver Dance|p1a: Vivillon\n|-boost|p1a: Vivillon|spa|1\n|-boost|p1a: Vivillon|spd|1\n|-boost|p1a: Vivillon|spe|1\n|move|p2a: Pincurchin|Zing Zap|p1a: Vivillon\n|-immune|p1a: Vivillon\n|\n|upkeep\n|turn|11\n|inactive|Time left: 300 sec this turn | 300 sec total\n|\n|t:|1783557490\n|-terastallize|p2a: Pincurchin|Water\n|move|p1a: Vivillon|Hurricane|p2a: Pincurchin\n|-damage|p2a: Pincurchin|128/258\n|move|p2a: Pincurchin|Liquidation|p1a: Vivillon\n|-supereffective|p1a: Vivillon\n|-damage|p1a: Vivillon|0 fnt\n|faint|p1a: Vivillon\n|\n|-heal|p2a: Pincurchin|144/258|[from] item: Leftovers\n|upkeep\n|\n|t:|1783557491\n|switch|p1a: Ursaluna|Ursaluna-Bloodmoon, L79, M|100/100\n|-damage|p1a: Ursaluna|94/100|[from] Stealth Rock\n|turn|12\n|inactive|Time left: 300 sec this turn | 300 sec total\n|\n|t:|1783557492\n|move|p1a: Ursaluna|Blood Moon|p2a: Pincurchin\n|-damage|p2a: Pincurchin|0 fnt\n|faint|p2a: Pincurchin\n|\n|-heal|p1a: Ursaluna|100/100|[from] item: Leftovers\n|upkeep\n|inactive|Time left: 300 sec this turn | 300 sec total | 5 sec grace\n|\n|t:|1783557493\n|switch|p2a: Victreebel|Victreebel, L90, F|290/290\n|turn|13\n|inactive|Time left: 300 sec this turn | 300 sec total\n|\n|t:|1783557494\n|switch|p1a: Bastiodon|Bastiodon, L89, M|100/100\n|-damage|p1a: Bastiodon|95/100|[from] Stealth Rock\n|move|p2a: Victreebel|Power Whip|p1a: Bastiodon\n|-damage|p1a: Bastiodon|47/100\n|-damage|p2a: Victreebel|261/290|[from] item: Life Orb\n|\n|-fieldend|move: Electric Terrain\n|upkeep\n|turn|14\n|inactive|Time left: 300 sec this turn | 300 sec total\n|\n|t:|1783557495\n|move|p2a: Victreebel|Swords Dance|p2a: Victreebel\n|-boost|p2a: Victreebel|atk|2\n|move|p1a: Bastiodon|Rest|p1a: Bastiodon\n|-status|p1a: Bastiodon|slp|[from] move: Rest\n|-heal|p1a: Bastiodon|100/100 slp|[silent]\n|-enditem|p1a: Bastiodon|Chesto Berry|[eat]\n|-curestatus|p1a: Bastiodon|slp|[msg]\n|\n|upkeep\n|turn|15\n|inactive|Time left: 300 sec this turn | 300 sec total\n|\n|t:|1783557496\n|move|p2a: Victreebel|Power Whip|p1a: Bastiodon\n|-damage|p1a: Bastiodon|12/100\n|-damage|p2a: Victreebel|232/290|[from] item: Life Orb\n|move|p1a: Bastiodon|Foul Play|p2a: Victreebel\n|-damage|p2a: Victreebel|41/290\n|\n|upkeep\n|turn|16\n|inactive|Time left: 300 sec this turn | 300 sec total\n|\n|t:|1783557497\n|move|p2a: Victreebel|Sucker Punch|p1a: Bastiodon\n|-damage|p1a: Bastiodon|0 fnt\n|faint|p1a: Bastiodon\n|-damage|p2a: Victreebel|12/290|[from] item: Life Orb\n|\n|upkeep\n|\n|t:|1783557499\n|switch|p1a: Ursaluna|Ursaluna-Bloodmoon, L79, M|100/100\n|-damage|p1a: Ursaluna|94/100|[from] Stealth Rock\n|turn|17\n|inactive|Time left: 300 sec this turn | 300 sec total\n|\n|t:|1783557500\n|move|p1a: Ursaluna|Vacuum Wave|p2a: Victreebel\n|-resisted|p2a: Victreebel\n|-damage|p2a: Victreebel|0 fnt\n|faint|p2a: Victreebel\n|\n|-heal|p1a: Ursaluna|100/100|[from] item: Leftovers\n|upkeep\n|inactive|Time left: 300 sec this turn | 300 sec total | 5 sec grace\n|\n|t:|1783557501\n|switch|p2a: Okidogi|Okidogi, L77, M|262/262\n|turn|18\n|inactive|Time left: 300 sec this turn | 300 sec total\n|\n|t:|1783557502\n|move|p2a: Okidogi|Drain Punch|p1a: Ursaluna\n|-supereffective|p1a: Ursaluna\n|-damage|p1a: Ursaluna|55/100\n|move|p1a: Ursaluna|Calm Mind|p1a: Ursaluna\n|-boost|p1a: Ursaluna|spa|1\n|-boost|p1a: Ursaluna|spd|1\n|\n|-heal|p1a: Ursaluna|61/100|[from] item: Leftovers\n|upkeep\n|turn|19\n|inactive|Time left: 300 sec this turn | 300 sec total\n|\n|t:|1783557503\n|move|p2a: Okidogi|Drain Punch|p1a: Ursaluna\n|-supereffective|p1a: Ursaluna\n|-damage|p1a: Ursaluna|14/100\n|move|p1a: Ursaluna|Blood Moon|p2a: Okidogi\n|-damage|p2a: Okidogi|87/262\n|\n|-heal|p1a: Ursaluna|21/100|[from] item: Leftovers\n|upkeep\n|turn|20\n|inactive|Time left: 300 sec this turn | 300 sec total\n|\n|t:|1783557504\n|move|p2a: Okidogi|Drain Punch|p1a: Ursaluna\n|-supereffective|p1a: Ursaluna\n|-damage|p1a: Ursaluna|0 fnt\n|-heal|p2a: Okidogi|118/262|[from] drain|[of] p1a: Ursaluna\n|faint|p1a: Ursaluna\n|\n|upkeep\n|\n|t:|1783557505\n|switch|p1a: Spidops|Spidops, L96, F|100/100\n|turn|21\n|inactive|Time left: 300 sec this turn | 300 sec total\n|\n|t:|1783557506\n|move|p2a: Okidogi|Gunk Shot|p1a: Spidops\n|-damage|p1a: Spidops|55/100\n|move|p1a: Spidops|Knock Off|p2a: Okidogi\n|-resisted|p2a: Okidogi\n|-damage|p2a: Okidogi|87/262\n|-enditem|p2a: Okidogi|Assault Vest|[from] move: Knock Off|[of] p1a: Spidops\n|\n|upkeep\n|turn|22\n|inactive|Time left: 300 sec this turn | 300 sec total\n|\n|t:|1783557507\n|move|p2a: Okidogi|Knock Off|p1a: Spidops\n|-crit|p1a: Spidops\n|-damage|p1a: Spidops|19/100\n|-enditem|p1a: Spidops|Heavy-Duty Boots|[from] move: Knock Off|[of] p2a: Okidogi\n|move|p1a: Spidops|Spikes|p2a: Okidogi\n|-sidestart|p2: p0y1579c094|Spikes\n|\n|upkeep\n|turn|23\n|inactive|Time left: 300 sec this turn | 300 sec total\n|\n|t:|1783557508\n|move|p2a: Okidogi|Gunk Shot|p1a: Spidops\n|-damage|p1a: Spidops|0 fnt\n|faint|p1a: Spidops\n|\n|win|p0y1579c094", "uploadtime": 1783557508, "views": 0, "rating": 0, "private": 0, "password": null, "_winner": "p0y1579c094", "_our_name": "p0y1579c094"}