{"id": "battle-gen9randombattle-2991", "formatid": "gen9randombattle", "format": "[Gen 9] Random Battle", "players": ["p0x29911a26", "p0y2991afd5"], "log": "|init|battle\n|title|p0x29911a26 vs. p0y2991afd5\n|j|\u2606p0x29911a26\n|j|\u2606p0y2991afd5\n|t:|1783573422\n|gametype|singles\n|player|p1|p0x29911a26|2|\n|player|p2|p0y2991afd5|265|\n|gen|9\n|tier|[Gen 9] Random Battle\n|rule|Species Clause: Limit one of each Pok\u00e9mon\n|rule|HP Percentage Mod: HP is shown in percentages\n|rule|Sleep Clause Mod: Limit one foe put to sleep\n|rule|Illusion Level Mod: Illusion disguises the Pok\u00e9mon's true level\n|\n|t:|1783573422\n|teamsize|p1|6\n|teamsize|p2|6\n|start\n|switch|p1a: Gliscor|Gliscor, L76, M|239/239\n|switch|p2a: Umbreon|Umbreon, L84, F|100/100\n|turn|1\n|inactive|Battle timer is ON: inactive players will automatically lose when time's up. (requested by p0y2991afd5)\n|inactive|Time left: 300 sec this turn | 300 sec total | 60 sec grace\n|inactive|p0x29911a26 also wants the timer to be on.\n|\n|t:|1783573424\n|move|p1a: Gliscor|Earthquake|p2a: Umbreon\n|-damage|p2a: Umbreon|78/100\n|move|p2a: Umbreon|Foul Play|p1a: Gliscor\n|-damage|p1a: Gliscor|164/239\n|\n|-heal|p2a: Umbreon|84/100|[from] item: Leftovers\n|-status|p1a: Gliscor|tox|[from] item: Toxic Orb\n|upkeep\n|turn|2\n|inactive|Time left: 300 sec this turn | 300 sec total\n|\n|t:|1783573425\n|move|p1a: Gliscor|Earthquake|p2a: Umbreon\n|-damage|p2a: Umbreon|59/100\n|move|p2a: Umbreon|Foul Play|p1a: Gliscor\n|-damage|p1a: Gliscor|89/239 tox\n|\n|-heal|p2a: Umbreon|65/100|[from] item: Leftovers\n|-heal|p1a: Gliscor|118/239 tox|[from] ability: Poison Heal\n|upkeep\n|turn|3\n|inactive|Time left: 300 sec this turn | 300 sec total\n|\n|t:|1783573426\n|move|p1a: Gliscor|Toxic|p2a: Umbreon\n|-status|p2a: Umbreon|tox\n|-activate|p2a: Umbreon|ability: Synchronize\n|-fail|p1a: Gliscor|tox\n|move|p2a: Umbreon|Foul Play|p1a: Gliscor\n|-damage|p1a: Gliscor|45/239 tox\n|\n|-heal|p2a: Umbreon|72/100 tox|[from] item: Leftovers\n|-heal|p1a: Gliscor|74/239 tox|[from] ability: Poison Heal\n|-damage|p2a: Umbreon|65/100 tox|[from] psn\n|upkeep\n|turn|4\n|inactive|Time left: 300 sec this turn | 300 sec total\n|\n|t:|1783573427\n|move|p1a: Gliscor|Earthquake|p2a: Umbreon\n|-damage|p2a: Umbreon|43/100 tox\n|move|p2a: Umbreon|Foul Play|p1a: Gliscor\n|-damage|p1a: Gliscor|2/239 tox\n|\n|-heal|p2a: Umbreon|49/100 tox|[from] item: Leftovers\n|-heal|p1a: Gliscor|31/239 tox|[from] ability: Poison Heal\n|-damage|p2a: Umbreon|37/100 tox|[from] psn\n|upkeep\n|turn|5\n|inactive|Time left: 300 sec this turn | 300 sec total\n|\n|t:|1783573428\n|move|p1a: Gliscor|Earthquake|p2a: Umbreon\n|-damage|p2a: Umbreon|14/100 tox\n|move|p2a: Umbreon|Foul Play|p1a: Gliscor\n|-damage|p1a: Gliscor|0 fnt\n|faint|p1a: Gliscor\n|\n|-heal|p2a: Umbreon|20/100 tox|[from] item: Leftovers\n|-damage|p2a: Umbreon|2/100 tox|[from] psn\n|upkeep\n|inactive|Time left: 300 sec this turn | 300 sec total | 5 sec grace\n|\n|t:|1783573429\n|switch|p1a: Orthworm|Orthworm, L88, F|266/266\n|turn|6\n|inactive|Time left: 300 sec this turn | 300 sec total\n|\n|t:|1783573431\n|switch|p2a: Houndstone|Houndstone, L86, F|100/100\n|move|p1a: Orthworm|Stealth Rock|p2a: Houndstone\n|-sidestart|p2: p0y2991afd5|move: Stealth Rock\n|\n|upkeep\n|turn|7\n|inactive|Time left: 300 sec this turn | 300 sec total\n|\n|t:|1783573432\n|move|p2a: Houndstone|Poltergeist|p1a: Orthworm\n|-activate|p1a: Orthworm|move: Poltergeist|Leftovers\n|-damage|p1a: Orthworm|184/266\n|move|p1a: Orthworm|Spikes|p2a: Houndstone\n|-sidestart|p2: p0y2991afd5|Spikes\n|\n|-heal|p1a: Orthworm|200/266|[from] item: Leftovers\n|upkeep\n|turn|8\n|inactive|Time left: 300 sec this turn | 300 sec total\n|\n|t:|1783573433\n|move|p2a: Houndstone|Poltergeist|p1a: Orthworm\n|-activate|p1a: Orthworm|move: Poltergeist|Leftovers\n|-damage|p1a: Orthworm|119/266\n|move|p1a: Orthworm|Spikes|p2a: Houndstone\n|-sidestart|p2: p0y2991afd5|Spikes\n|\n|-heal|p1a: Orthworm|135/266|[from] item: Leftovers\n|upkeep\n|turn|9\n|inactive|Time left: 300 sec this turn | 300 sec total\n|\n|t:|1783573434\n|move|p2a: Houndstone|Poltergeist|p1a: Orthworm\n|-activate|p1a: Orthworm|move: Poltergeist|Leftovers\n|-damage|p1a: Orthworm|48/266\n|move|p1a: Orthworm|Spikes|p2a: Houndstone\n|-sidestart|p2: p0y2991afd5|Spikes\n|\n|-heal|p1a: Orthworm|64/266|[from] item: Leftovers\n|upkeep\n|turn|10\n|inactive|Time left: 300 sec this turn | 300 sec total\n|\n|t:|1783573435\n|switch|p1a: Regirock|Regirock, L83|268/268\n|move|p2a: Houndstone|Poltergeist|p1a: Regirock\n|-activate|p1a: Regirock|move: Poltergeist|Chesto Berry\n|-damage|p1a: Regirock|202/268\n|\n|upkeep\n|turn|11\n|inactive|Time left: 300 sec this turn | 300 sec total\n|\n|t:|1783573436\n|switch|p2a: Glimmora|Glimmora, L75, M|100/100\n|move|p1a: Regirock|Stone Edge|p2a: Glimmora\n|-damage|p2a: Glimmora|57/100\n|-activate|p2a: Glimmora|ability: Toxic Debris\n|-sidestart|p1: p0x29911a26|move: Toxic Spikes\n|\n|upkeep\n|turn|12\n|inactive|Time left: 300 sec this turn | 300 sec total\n|\n|t:|1783573437\n|switch|p1a: Orthworm|Orthworm, L88, F|64/266\n|move|p2a: Glimmora|Mortal Spin|p1a: Orthworm\n|-immune|p1a: Orthworm\n|\n|-heal|p1a: Orthworm|80/266|[from] item: Leftovers\n|upkeep\n|turn|13\n|inactive|Time left: 300 sec this turn | 300 sec total\n|\n|t:|1783573438\n|switch|p2a: Milotic|Milotic, L83, M|100/100\n|-damage|p2a: Milotic|88/100|[from] Stealth Rock\n|-damage|p2a: Milotic|63/100|[from] Spikes\n|move|p1a: Orthworm|Heavy Slam|p2a: Milotic\n|-resisted|p2a: Milotic\n|-damage|p2a: Milotic|55/100\n|\n|-heal|p2a: Milotic|61/100|[from] item: Leftovers\n|-heal|p1a: Orthworm|96/266|[from] item: Leftovers\n|upkeep\n|turn|14\n|inactive|Time left: 300 sec this turn | 300 sec total\n|\n|t:|1783573439\n|switch|p1a: Zapdos|Zapdos-Galar, L77|265/265\n|move|p2a: Milotic|Scald|p1a: Zapdos\n|-damage|p1a: Zapdos|171/265\n|\n|-heal|p2a: Milotic|67/100|[from] item: Leftovers\n|upkeep\n|turn|15\n|inactive|Time left: 300 sec this turn | 300 sec total\n|\n|t:|1783573440\n|move|p1a: Zapdos|Bulk Up|p1a: Zapdos\n|-boost|p1a: Zapdos|atk|1\n|-boost|p1a: Zapdos|def|1\n|move|p2a: Milotic|Ice Beam|p1a: Zapdos\n|-supereffective|p1a: Zapdos\n|-damage|p1a: Zapdos|27/265\n|\n|-heal|p2a: Milotic|74/100|[from] item: Leftovers\n|upkeep\n|turn|16\n|inactive|Time left: 300 sec this turn | 300 sec total\n|\n|t:|1783573440\n|switch|p2a: Umbreon|Umbreon, L84, F|2/100 tox\n|-damage|p2a: Umbreon|0 fnt|[from] Stealth Rock\n|faint|p2a: Umbreon\n|move|p1a: Zapdos|Close Combat|p2: Umbreon|[notarget]\n|-fail|p1a: Zapdos\n|\n|upkeep\n|\n|t:|1783573441\n|switch|p2a: Iron Leaves|Iron Leaves, L80|100/100\n|-damage|p2a: Iron Leaves|88/100|[from] Stealth Rock\n|-damage|p2a: Iron Leaves|63/100|[from] Spikes\n|turn|17\n|inactive|Time left: 300 sec this turn | 300 sec total\n|\n|t:|1783573442\n|switch|p1a: Orthworm|Orthworm, L88, F|96/266\n|move|p2a: Iron Leaves|Leaf Blade|p1a: Orthworm\n|-resisted|p1a: Orthworm\n|-damage|p1a: Orthworm|52/266\n|-damage|p2a: Iron Leaves|54/100|[from] item: Life Orb\n|\n|-heal|p1a: Orthworm|68/266|[from] item: Leftovers\n|upkeep\n|turn|18\n|inactive|Time left: 300 sec this turn | 300 sec total\n|\n|t:|1783573443\n|move|p2a: Iron Leaves|Swords Dance|p2a: Iron Leaves\n|-boost|p2a: Iron Leaves|atk|2\n|move|p1a: Orthworm|Heavy Slam|p2a: Iron Leaves\n|-damage|p2a: Iron Leaves|28/100\n|\n|-heal|p1a: Orthworm|84/266|[from] item: Leftovers\n|upkeep\n|turn|19\n|inactive|Time left: 300 sec this turn | 300 sec total\n|\n|t:|1783573444\n|move|p2a: Iron Leaves|Leaf Blade|p1a: Orthworm\n|-resisted|p1a: Orthworm\n|-damage|p1a: Orthworm|0 fnt\n|faint|p1a: Orthworm\n|-damage|p2a: Iron Leaves|19/100|[from] item: Life Orb\n|\n|upkeep\n|inactive|Time left: 300 sec this turn | 300 sec total | 5 sec grace\n|\n|t:|1783573445\n|switch|p1a: Banette|Banette, L93, F|270/270\n|-status|p1a: Banette|psn\n|turn|20\n|inactive|Time left: 300 sec this turn | 300 sec total\n|\n|t:|1783573446\n|move|p1a: Banette|Shadow Sneak|p2a: Iron Leaves\n|-supereffective|p2a: Iron Leaves\n|-damage|p2a: Iron Leaves|0 fnt\n|faint|p2a: Iron Leaves\n|-end|p2a: Iron Leaves|Quark Drive|[silent]\n|-damage|p1a: Banette|243/270 psn|[from] item: Life Orb\n|\n|-damage|p1a: Banette|210/270 psn|[from] psn\n|upkeep\n|\n|t:|1783573447\n|switch|p2a: Glimmora|Glimmora, L75, M|100/100\n|-damage|p2a: Glimmora|88/100|[from] Stealth Rock\n|-damage|p2a: Glimmora|63/100|[from] Spikes\n|turn|21\n|inactive|Time left: 300 sec this turn | 300 sec total\n|\n|t:|1783573448\n|move|p2a: Glimmora|Dark Pulse|p1a: Banette\n|-supereffective|p1a: Banette\n|-damage|p1a: Banette|0 fnt\n|faint|p1a: Banette\n|-damage|p2a: Glimmora|54/100|[from] item: Life Orb\n|\n|upkeep\n|inactive|Time left: 300 sec this turn | 300 sec total | 5 sec grace\n|\n|t:|1783573448\n|switch|p1a: Sandaconda|Sandaconda, L84, F|258/258\n|-status|p1a: Sandaconda|psn\n|turn|22\n|inactive|Time left: 300 sec this turn | 300 sec total\n|\n|t:|1783573449\n|move|p2a: Glimmora|Dark Pulse|p1a: Sandaconda\n|-damage|p1a: Sandaconda|109/258 psn\n|-damage|p2a: Glimmora|44/100|[from] item: Life Orb\n|move|p1a: Sandaconda|Earthquake|p2a: Glimmora\n|-damage|p2a: Glimmora|0 fnt\n|replace|p2a: Zoroark|Zoroark, L83, M\n|-end|p2a: Zoroark|Illusion\n|-hint|Illusion Level Mod is active, so this Pok\u00e9mon's true level was hidden.\n|faint|p2a: Zoroark\n|\n|-heal|p1a: Sandaconda|125/258 psn|[from] item: Leftovers\n|-damage|p1a: Sandaconda|93/258 psn|[from] psn\n|upkeep\n|\n|t:|1783573450\n|switch|p2a: Glimmora|Glimmora, L75, M|57/100\n|turn|23\n|inactive|Time left: 300 sec this turn | 300 sec total\n|\n|t:|1783573451\n|move|p2a: Glimmora|Mortal Spin|p1a: Sandaconda\n|-resisted|p1a: Sandaconda\n|-damage|p1a: Sandaconda|86/258 psn\n|-sideend|p2: p0y2991afd5|Spikes|[from] move: Mortal Spin|[of] p2a: Glimmora\n|-sideend|p2: p0y2991afd5|Stealth Rock|[from] move: Mortal Spin|[of] p2a: Glimmora\n|move|p1a: Sandaconda|Rest|p1a: Sandaconda\n|-status|p1a: Sandaconda|slp|[from] move: Rest\n|-heal|p1a: Sandaconda|258/258 slp|[silent]\n|\n|-activate|p1a: Sandaconda|ability: Shed Skin\n|-curestatus|p1a: Sandaconda|slp|[msg]\n|upkeep\n|turn|24\n|inactive|Time left: 300 sec this turn | 300 sec total\n|\n|t:|1783573452\n|switch|p2a: Milotic|Milotic, L83, M|74/100\n|move|p1a: Sandaconda|Earthquake|p2a: Milotic\n|-damage|p2a: Milotic|30/100\n|\n|-heal|p2a: Milotic|36/100|[from] item: Leftovers\n|upkeep\n|turn|25\n|inactive|Time left: 300 sec this turn | 300 sec total\n|\n|t:|1783573453\n|move|p2a: Milotic|Recover|p2a: Milotic\n|-heal|p2a: Milotic|86/100\n|move|p1a: Sandaconda|Earthquake|p2a: Milotic\n|-damage|p2a: Milotic|39/100\n|\n|-heal|p2a: Milotic|46/100|[from] item: Leftovers\n|upkeep\n|turn|26\n|inactive|Time left: 300 sec this turn | 300 sec total\n|\n|t:|1783573454\n|-terastallize|p1a: Sandaconda|Steel\n|move|p2a: Milotic|Recover|p2a: Milotic\n|-heal|p2a: Milotic|96/100\n|move|p1a: Sandaconda|Earthquake|p2a: Milotic\n|-damage|p2a: Milotic|53/100\n|\n|-heal|p2a: Milotic|59/100|[from] item: Leftovers\n|upkeep\n|turn|27\n|inactive|Time left: 300 sec this turn | 300 sec total\n|\n|t:|1783573454\n|move|p2a: Milotic|Scald|p1a: Sandaconda\n|-damage|p1a: Sandaconda|150/258\n|move|p1a: Sandaconda|Earthquake|p2a: Milotic\n|-damage|p2a: Milotic|14/100\n|\n|-heal|p2a: Milotic|21/100|[from] item: Leftovers\n|-heal|p1a: Sandaconda|166/258|[from] item: Leftovers\n|upkeep\n|turn|28\n|inactive|Time left: 300 sec this turn | 300 sec total\n|\n|t:|1783573455\n|move|p2a: Milotic|Recover|p2a: Milotic\n|-heal|p2a: Milotic|71/100\n|move|p1a: Sandaconda|Earthquake|p2a: Milotic\n|-damage|p2a: Milotic|29/100\n|\n|-heal|p2a: Milotic|35/100|[from] item: Leftovers\n|-heal|p1a: Sandaconda|182/258|[from] item: Leftovers\n|upkeep\n|turn|29\n|inactive|Time left: 300 sec this turn | 300 sec total\n|\n|t:|1783573456\n|move|p2a: Milotic|Recover|p2a: Milotic\n|-heal|p2a: Milotic|85/100\n|move|p1a: Sandaconda|Earthquake|p2a: Milotic\n|-damage|p2a: Milotic|42/100\n|\n|-heal|p2a: Milotic|48/100|[from] item: Leftovers\n|-heal|p1a: Sandaconda|198/258|[from] item: Leftovers\n|upkeep\n|turn|30\n|inactive|Time left: 300 sec this turn | 300 sec total\n|\n|t:|1783573457\n|move|p2a: Milotic|Recover|p2a: Milotic\n|-heal|p2a: Milotic|98/100\n|move|p1a: Sandaconda|Earthquake|p2a: Milotic\n|-damage|p2a: Milotic|59/100\n|\n|-heal|p2a: Milotic|65/100|[from] item: Leftovers\n|-heal|p1a: Sandaconda|214/258|[from] item: Leftovers\n|upkeep\n|turn|31\n|inactive|Time left: 300 sec this turn | 300 sec total\n|\n|t:|1783573458\n|move|p2a: Milotic|Scald|p1a: Sandaconda\n|-damage|p1a: Sandaconda|108/258\n|-status|p1a: Sandaconda|brn\n|move|p1a: Sandaconda|Earthquake|p2a: Milotic\n|-damage|p2a: Milotic|45/100\n|\n|-heal|p2a: Milotic|51/100|[from] item: Leftovers\n|-heal|p1a: Sandaconda|124/258 brn|[from] item: Leftovers\n|-damage|p1a: Sandaconda|108/258 brn|[from] brn\n|upkeep\n|turn|32\n|inactive|Time left: 300 sec this turn | 300 sec total\n|\n|t:|1783573459\n|move|p2a: Milotic|Scald|p1a: Sandaconda\n|-damage|p1a: Sandaconda|11/258 brn\n|move|p1a: Sandaconda|Rest|p1a: Sandaconda\n|-status|p1a: Sandaconda|slp|[from] move: Rest\n|-heal|p1a: Sandaconda|258/258 slp|[silent]\n|\n|-heal|p2a: Milotic|57/100|[from] item: Leftovers\n|upkeep\n|turn|33\n|inactive|Time left: 300 sec this turn | 300 sec total\n|\n|t:|1783573460\n|move|p2a: Milotic|Recover|p2a: Milotic\n|-heal|p2a: Milotic|100/100\n|cant|p1a: Sandaconda|slp\n|\n|-activate|p1a: Sandaconda|ability: Shed Skin\n|-curestatus|p1a: Sandaconda|slp|[msg]\n|upkeep\n|turn|34\n|inactive|Time left: 300 sec this turn | 300 sec total\n|\n|t:|1783573461\n|move|p2a: Milotic|Scald|p1a: Sandaconda\n|-crit|p1a: Sandaconda\n|-damage|p1a: Sandaconda|95/258\n|-status|p1a: Sandaconda|brn\n|move|p1a: Sandaconda|Earthquake|p2a: Milotic\n|-damage|p2a: Milotic|81/100\n|\n|-heal|p2a: Milotic|87/100|[from] item: Leftovers\n|-heal|p1a: Sandaconda|111/258 brn|[from] item: Leftovers\n|-damage|p1a: Sandaconda|95/258 brn|[from] brn\n|upkeep\n|turn|35\n|inactive|Time left: 300 sec this turn | 300 sec total\n|\n|t:|1783573462\n|move|p2a: Milotic|Scald|p1a: Sandaconda\n|-damage|p1a: Sandaconda|2/258 brn\n|move|p1a: Sandaconda|Rest|p1a: Sandaconda\n|-status|p1a: Sandaconda|slp|[from] move: Rest\n|-heal|p1a: Sandaconda|258/258 slp|[silent]\n|\n|-heal|p2a: Milotic|93/100|[from] item: Leftovers\n|upkeep\n|turn|36\n|inactive|Time left: 300 sec this turn | 300 sec total\n|\n|t:|1783573463\n|move|p2a: Milotic|Scald|p1a: Sandaconda\n|-damage|p1a: Sandaconda|165/258 slp\n|cant|p1a: Sandaconda|slp\n|\n|-heal|p2a: Milotic|99/100|[from] item: Leftovers\n|-heal|p1a: Sandaconda|181/258 slp|[from] item: Leftovers\n|upkeep\n|turn|37\n|inactive|Time left: 300 sec this turn | 300 sec total\n|\n|t:|1783573464\n|move|p2a: Milotic|Scald|p1a: Sandaconda\n|-damage|p1a: Sandaconda|87/258 slp\n|cant|p1a: Sandaconda|slp\n|\n|-heal|p2a: Milotic|100/100|[from] item: Leftovers\n|-heal|p1a: Sandaconda|103/258 slp|[from] item: Leftovers\n|upkeep\n|turn|38\n|inactive|Time left: 300 sec this turn | 300 sec total\n|\n|t:|1783573466\n|move|p2a: Milotic|Scald|p1a: Sandaconda\n|-damage|p1a: Sandaconda|1/258 slp\n|-curestatus|p1a: Sandaconda|slp|[msg]\n|move|p1a: Sandaconda|Rest|p1a: Sandaconda\n|-status|p1a: Sandaconda|slp|[from] move: Rest\n|-heal|p1a: Sandaconda|258/258 slp|[silent]\n|\n|upkeep\n|turn|39\n|inactive|Time left: 300 sec this turn | 300 sec total\n|\n|t:|1783573467\n|move|p2a: Milotic|Scald|p1a: Sandaconda\n|-damage|p1a: Sandaconda|147/258 slp\n|cant|p1a: Sandaconda|slp\n|\n|-activate|p1a: Sandaconda|ability: Shed Skin\n|-curestatus|p1a: Sandaconda|slp|[msg]\n|-heal|p1a: Sandaconda|163/258|[from] item: Leftovers\n|upkeep\n|turn|40\n|inactive|Time left: 300 sec this turn | 300 sec total\n|\n|t:|1783573468\n|move|p2a: Milotic|Scald|p1a: Sandaconda\n|-damage|p1a: Sandaconda|57/258\n|move|p1a: Sandaconda|Rest|p1a: Sandaconda\n|-status|p1a: Sandaconda|slp|[from] move: Rest\n|-heal|p1a: Sandaconda|258/258 slp|[silent]\n|\n|upkeep\n|turn|41\n|inactive|Time left: 300 sec this turn | 300 sec total\n|\n|t:|1783573469\n|move|p2a: Milotic|Scald|p1a: Sandaconda\n|-damage|p1a: Sandaconda|162/258 slp\n|cant|p1a: Sandaconda|slp\n|\n|-heal|p1a: Sandaconda|178/258 slp|[from] item: Leftovers\n|upkeep\n|turn|42\n|inactive|Time left: 300 sec this turn | 300 sec total\n|\n|t:|1783573470\n|move|p2a: Milotic|Scald|p1a: Sandaconda\n|-damage|p1a: Sandaconda|79/258 slp\n|cant|p1a: Sandaconda|slp\n|\n|-heal|p1a: Sandaconda|95/258 slp|[from] item: Leftovers\n|upkeep\n|turn|43\n|inactive|Time left: 300 sec this turn | 300 sec total\n|\n|t:|1783573471\n|move|p2a: Milotic|Scald|p1a: Sandaconda\n|-damage|p1a: Sandaconda|0 fnt\n|faint|p1a: Sandaconda\n|\n|upkeep\n|inactive|Time left: 300 sec this turn | 300 sec total | 5 sec grace\n|\n|t:|1783573472\n|switch|p1a: Regirock|Regirock, L83|202/268\n|-status|p1a: Regirock|psn\n|turn|44\n|inactive|Time left: 300 sec this turn | 300 sec total\n|\n|t:|1783573473\n|move|p2a: Milotic|Scald|p1a: Regirock\n|-supereffective|p1a: Regirock\n|-damage|p1a: Regirock|46/268 psn\n|move|p1a: Regirock|Rest|p1a: Regirock\n|-status|p1a: Regirock|slp|[from] move: Rest\n|-heal|p1a: Regirock|268/268 slp|[silent]\n|-enditem|p1a: Regirock|Chesto Berry|[eat]\n|-curestatus|p1a: Regirock|slp|[msg]\n|\n|upkeep\n|turn|45\n|inactive|Time left: 300 sec this turn | 300 sec total\n|\n|t:|1783573474\n|move|p2a: Milotic|Scald|p1a: Regirock\n|-supereffective|p1a: Regirock\n|-damage|p1a: Regirock|112/268\n|-status|p1a: Regirock|brn\n|move|p1a: Regirock|Stone Edge|p2a: Milotic\n|-damage|p2a: Milotic|80/100\n|\n|-heal|p2a: Milotic|86/100|[from] item: Leftovers\n|-damage|p1a: Regirock|96/268 brn|[from] brn\n|upkeep\n|turn|46\n|inactive|Time left: 300 sec this turn | 300 sec total\n|\n|t:|1783573474\n|switch|p1a: Zapdos|Zapdos-Galar, L77|27/265\n|-terastallize|p2a: Milotic|Dragon\n|move|p2a: Milotic|Scald|p1a: Zapdos\n|-damage|p1a: Zapdos|0 fnt\n|faint|p1a: Zapdos\n|\n|-heal|p2a: Milotic|92/100|[from] item: Leftovers\n|upkeep\n|inactive|Time left: 300 sec this turn | 300 sec total | 5 sec grace\n|\n|t:|1783573475\n|switch|p1a: Regirock|Regirock, L83|96/268 brn\n|turn|47\n|inactive|Time left: 300 sec this turn | 300 sec total\n|\n|t:|1783573476\n|move|p2a: Milotic|Scald|p1a: Regirock\n|-supereffective|p1a: Regirock\n|-damage|p1a: Regirock|0 fnt\n|faint|p1a: Regirock\n|\n|win|p0y2991afd5", "uploadtime": 1783573476, "views": 0, "rating": 0, "private": 0, "password": null, "_winner": "p0y2991afd5", "_our_name": "p0x29911a26"}