{"id": "battle-gen9randombattle-423", "formatid": "gen9randombattle", "format": "[Gen 9] Random Battle", "players": ["p0x423d7f4", "p0y42376c4"], "log": "|init|battle\n|title|p0x423d7f4 vs. p0y42376c4\n|j|\u2606p0x423d7f4\n|j|\u2606p0y42376c4\n|t:|1783544629\n|gametype|singles\n|player|p1|p0x423d7f4|266|\n|player|p2|p0y42376c4|102|\n|gen|9\n|tier|[Gen 9] Random Battle\n|rule|Species Clause: Limit one of each Pok\u00e9mon\n|rule|HP Percentage Mod: HP is shown in percentages\n|rule|Sleep Clause Mod: Limit one foe put to sleep\n|rule|Illusion Level Mod: Illusion disguises the Pok\u00e9mon's true level\n|\n|t:|1783544629\n|teamsize|p1|6\n|teamsize|p2|6\n|start\n|switch|p1a: Quagsire|Quagsire, L84, M|100/100\n|switch|p2a: Magnezone|Magnezone, L85|258/258\n|turn|1\n|inactive|Battle timer is ON: inactive players will automatically lose when time's up. (requested by p0y42376c4)\n|inactive|p0x423d7f4 also wants the timer to be on.\n|\n|t:|1783544631\n|switch|p2a: Mandibuzz|Mandibuzz, L85, F|326/326\n|move|p1a: Quagsire|Earthquake|p2a: Mandibuzz\n|-immune|p2a: Mandibuzz\n|\n|upkeep\n|turn|2\n|inactive|Time left: 300 sec this turn | 300 sec total\n|\n|t:|1783544632\n|move|p2a: Mandibuzz|Foul Play|p1a: Quagsire\n|-damage|p1a: Quagsire|67/100\n|move|p1a: Quagsire|Spikes|p2a: Mandibuzz\n|-sidestart|p2: p0y42376c4|Spikes\n|\n|-heal|p1a: Quagsire|73/100|[from] item: Leftovers\n|upkeep\n|turn|3\n|inactive|Time left: 300 sec this turn | 300 sec total\n|\n|t:|1783544633\n|move|p2a: Mandibuzz|Foul Play|p1a: Quagsire\n|-damage|p1a: Quagsire|38/100\n|move|p1a: Quagsire|Toxic|p2a: Mandibuzz\n|-status|p2a: Mandibuzz|tox\n|\n|-heal|p1a: Quagsire|44/100|[from] item: Leftovers\n|-damage|p2a: Mandibuzz|306/326 tox|[from] psn\n|upkeep\n|turn|4\n|inactive|Time left: 300 sec this turn | 300 sec total\n|\n|t:|1783544634\n|move|p2a: Mandibuzz|Foul Play|p1a: Quagsire\n|-damage|p1a: Quagsire|10/100\n|move|p1a: Quagsire|Recover|p1a: Quagsire\n|-heal|p1a: Quagsire|60/100\n|\n|-heal|p1a: Quagsire|66/100|[from] item: Leftovers\n|-damage|p2a: Mandibuzz|266/326 tox|[from] psn\n|upkeep\n|turn|5\n|inactive|Time left: 300 sec this turn | 300 sec total\n|\n|t:|1783544635\n|move|p2a: Mandibuzz|Defog|p1a: Quagsire\n|-unboost|p1a: Quagsire|evasion|1\n|-sideend|p2: p0y42376c4|Spikes|[from] move: Defog|[of] p2a: Mandibuzz\n|move|p1a: Quagsire|Recover|p1a: Quagsire\n|-heal|p1a: Quagsire|100/100\n|\n|-damage|p2a: Mandibuzz|206/326 tox|[from] psn\n|upkeep\n|turn|6\n|inactive|Time left: 300 sec this turn | 300 sec total\n|\n|t:|1783544636\n|switch|p2a: Empoleon|Empoleon, L84, M|278/278\n|move|p1a: Quagsire|Spikes|p2a: Empoleon\n|-sidestart|p2: p0y42376c4|Spikes\n|\n|upkeep\n|turn|7\n|inactive|Time left: 300 sec this turn | 300 sec total\n|\n|t:|1783544637\n|move|p2a: Empoleon|Surf|p1a: Quagsire\n|-damage|p1a: Quagsire|53/100\n|move|p1a: Quagsire|Earthquake|p2a: Empoleon\n|-supereffective|p2a: Empoleon\n|-damage|p2a: Empoleon|72/278\n|\n|-heal|p2a: Empoleon|89/278|[from] item: Leftovers\n|-heal|p1a: Quagsire|59/100|[from] item: Leftovers\n|upkeep\n|turn|8\n|inactive|Time left: 300 sec this turn | 300 sec total\n|\n|t:|1783544639\n|move|p2a: Empoleon|Roost|p2a: Empoleon\n|-heal|p2a: Empoleon|228/278\n|-singleturn|p2a: Empoleon|move: Roost\n|move|p1a: Quagsire|Earthquake|p2a: Empoleon\n|-supereffective|p2a: Empoleon\n|-damage|p2a: Empoleon|28/278\n|\n|-heal|p2a: Empoleon|45/278|[from] item: Leftovers\n|-heal|p1a: Quagsire|65/100|[from] item: Leftovers\n|upkeep\n|turn|9\n|inactive|Time left: 300 sec this turn | 300 sec total\n|\n|t:|1783544640\n|move|p2a: Empoleon|Surf|p1a: Quagsire\n|-damage|p1a: Quagsire|24/100\n|move|p1a: Quagsire|Earthquake|p2a: Empoleon\n|-supereffective|p2a: Empoleon\n|-damage|p2a: Empoleon|0 fnt\n|faint|p2a: Empoleon\n|\n|-heal|p1a: Quagsire|30/100|[from] item: Leftovers\n|upkeep\n|inactive|Time left: 300 sec this turn | 300 sec total | 5 sec grace\n|\n|t:|1783544641\n|switch|p2a: Spectrier|Spectrier, L75|274/274\n|-damage|p2a: Spectrier|240/274|[from] Spikes\n|turn|10\n|inactive|Time left: 300 sec this turn | 300 sec total\n|\n|t:|1783544642\n|switch|p1a: Grafaiai|Grafaiai, L86, F|100/100\n|move|p2a: Spectrier|Shadow Ball|p1a: Grafaiai\n|-immune|p1a: Grafaiai\n|\n|upkeep\n|turn|11\n|inactive|Time left: 300 sec this turn | 300 sec total\n|\n|t:|1783544643\n|move|p2a: Spectrier|Will-O-Wisp|p1a: Grafaiai\n|-status|p1a: Grafaiai|brn\n|move|p1a: Grafaiai|Knock Off|p2a: Spectrier\n|-supereffective|p2a: Spectrier\n|-crit|p2a: Spectrier\n|-damage|p2a: Spectrier|82/274\n|-enditem|p2a: Spectrier|Life Orb|[from] move: Knock Off|[of] p1a: Grafaiai\n|\n|-damage|p1a: Grafaiai|94/100 brn|[from] brn\n|upkeep\n|turn|12\n|inactive|Time left: 300 sec this turn | 300 sec total\n|\n|t:|1783544644\n|move|p2a: Spectrier|Nasty Plot|p2a: Spectrier\n|-boost|p2a: Spectrier|spa|2\n|move|p1a: Grafaiai|Gunk Shot|p2a: Spectrier\n|-resisted|p2a: Spectrier\n|-damage|p2a: Spectrier|35/274\n|\n|-damage|p1a: Grafaiai|88/100 brn|[from] brn\n|upkeep\n|turn|13\n|inactive|Time left: 300 sec this turn | 300 sec total\n|\n|t:|1783544645\n|move|p2a: Spectrier|Dark Pulse|p1a: Grafaiai\n|-damage|p1a: Grafaiai|26/100 brn\n|move|p1a: Grafaiai|Knock Off|p2a: Spectrier\n|-supereffective|p2a: Spectrier\n|-crit|p2a: Spectrier\n|-damage|p2a: Spectrier|0 fnt\n|faint|p2a: Spectrier\n|\n|-damage|p1a: Grafaiai|20/100 brn|[from] brn\n|upkeep\n|inactive|Time left: 300 sec this turn | 300 sec total | 5 sec grace\n|\n|t:|1783544646\n|switch|p2a: Mandibuzz|Mandibuzz, L85, F|206/326 tox\n|turn|14\n|inactive|Time left: 300 sec this turn | 300 sec total\n|\n|t:|1783544646\n|move|p1a: Grafaiai|Knock Off|p2a: Mandibuzz\n|-resisted|p2a: Mandibuzz\n|-damage|p2a: Mandibuzz|192/326 tox\n|-enditem|p2a: Mandibuzz|Heavy-Duty Boots|[from] move: Knock Off|[of] p1a: Grafaiai\n|move|p2a: Mandibuzz|Foul Play|p1a: Grafaiai\n|-damage|p1a: Grafaiai|0 fnt\n|faint|p1a: Grafaiai\n|\n|-damage|p2a: Mandibuzz|172/326 tox|[from] psn\n|upkeep\n|\n|t:|1783544647\n|switch|p1a: Venomoth|Venomoth, L84, F|100/100\n|turn|15\n|inactive|Time left: 300 sec this turn | 300 sec total\n|\n|t:|1783544648\n|move|p1a: Venomoth|Quiver Dance|p1a: Venomoth\n|-boost|p1a: Venomoth|spa|1\n|-boost|p1a: Venomoth|spd|1\n|-boost|p1a: Venomoth|spe|1\n|move|p2a: Mandibuzz|Roost|p2a: Mandibuzz\n|-heal|p2a: Mandibuzz|326/326 tox\n|-singleturn|p2a: Mandibuzz|move: Roost\n|\n|-damage|p2a: Mandibuzz|286/326 tox|[from] psn\n|upkeep\n|turn|16\n|inactive|Time left: 300 sec this turn | 300 sec total\n|\n|t:|1783544649\n|switch|p2a: Cryogonal|Cryogonal, L89|287/287\n|move|p1a: Venomoth|Quiver Dance|p1a: Venomoth\n|-boost|p1a: Venomoth|spa|1\n|-boost|p1a: Venomoth|spd|1\n|-boost|p1a: Venomoth|spe|1\n|\n|upkeep\n|turn|17\n|inactive|Time left: 300 sec this turn | 300 sec total\n|\n|t:|1783544650\n|move|p1a: Venomoth|Quiver Dance|p1a: Venomoth\n|-boost|p1a: Venomoth|spa|1\n|-boost|p1a: Venomoth|spd|1\n|-boost|p1a: Venomoth|spe|1\n|move|p2a: Cryogonal|Haze|p2a: Cryogonal\n|-clearallboost\n|\n|upkeep\n|turn|18\n|inactive|Time left: 300 sec this turn | 300 sec total\n|\n|t:|1783544651\n|move|p2a: Cryogonal|Freeze-Dry|p1a: Venomoth\n|-damage|p1a: Venomoth|64/100\n|move|p1a: Venomoth|Quiver Dance|p1a: Venomoth\n|-boost|p1a: Venomoth|spa|1\n|-boost|p1a: Venomoth|spd|1\n|-boost|p1a: Venomoth|spe|1\n|\n|upkeep\n|turn|19\n|inactive|Time left: 300 sec this turn | 300 sec total\n|\n|t:|1783544652\n|move|p1a: Venomoth|Sleep Powder|p2a: Cryogonal\n|-status|p2a: Cryogonal|slp|[from] move: Sleep Powder\n|cant|p2a: Cryogonal|slp\n|\n|upkeep\n|turn|20\n|inactive|Time left: 300 sec this turn | 300 sec total\n|\n|t:|1783544653\n|move|p1a: Venomoth|Quiver Dance|p1a: Venomoth\n|-boost|p1a: Venomoth|spa|1\n|-boost|p1a: Venomoth|spd|1\n|-boost|p1a: Venomoth|spe|1\n|cant|p2a: Cryogonal|slp\n|\n|upkeep\n|turn|21\n|inactive|Time left: 300 sec this turn | 300 sec total\n|\n|t:|1783544654\n|move|p1a: Venomoth|Bug Buzz|p2a: Cryogonal\n|-damage|p2a: Cryogonal|166/287 slp\n|cant|p2a: Cryogonal|slp\n|\n|upkeep\n|turn|22\n|inactive|Time left: 300 sec this turn | 300 sec total\n|\n|t:|1783544655\n|move|p1a: Venomoth|Bug Buzz|p2a: Cryogonal\n|-damage|p2a: Cryogonal|43/287 slp\n|-curestatus|p2a: Cryogonal|slp|[msg]\n|move|p2a: Cryogonal|Haze|p2a: Cryogonal\n|-clearallboost\n|\n|upkeep\n|turn|23\n|inactive|Time left: 300 sec this turn | 300 sec total\n|\n|t:|1783544657\n|move|p2a: Cryogonal|Recover|p2a: Cryogonal\n|-heal|p2a: Cryogonal|187/287\n|move|p1a: Venomoth|Quiver Dance|p1a: Venomoth\n|-boost|p1a: Venomoth|spa|1\n|-boost|p1a: Venomoth|spd|1\n|-boost|p1a: Venomoth|spe|1\n|\n|upkeep\n|turn|24\n|inactive|Time left: 300 sec this turn | 300 sec total\n|\n|t:|1783544658\n|move|p1a: Venomoth|Sleep Powder|p2a: Cryogonal|[miss]\n|-miss|p1a: Venomoth|p2a: Cryogonal\n|move|p2a: Cryogonal|Haze|p2a: Cryogonal\n|-clearallboost\n|\n|upkeep\n|turn|25\n|inactive|Time left: 300 sec this turn | 300 sec total\n|\n|t:|1783544659\n|move|p2a: Cryogonal|Freeze-Dry|p1a: Venomoth\n|-damage|p1a: Venomoth|25/100\n|move|p1a: Venomoth|Quiver Dance|p1a: Venomoth\n|-boost|p1a: Venomoth|spa|1\n|-boost|p1a: Venomoth|spd|1\n|-boost|p1a: Venomoth|spe|1\n|\n|upkeep\n|turn|26\n|inactive|Time left: 300 sec this turn | 300 sec total\n|\n|t:|1783544660\n|move|p1a: Venomoth|Sleep Powder|p2a: Cryogonal\n|-status|p2a: Cryogonal|slp|[from] move: Sleep Powder\n|cant|p2a: Cryogonal|slp\n|\n|upkeep\n|turn|27\n|inactive|Time left: 300 sec this turn | 300 sec total\n|\n|t:|1783544661\n|move|p1a: Venomoth|Bug Buzz|p2a: Cryogonal\n|-damage|p2a: Cryogonal|90/287 slp\n|cant|p2a: Cryogonal|slp\n|\n|upkeep\n|turn|28\n|inactive|Time left: 300 sec this turn | 300 sec total\n|\n|t:|1783544662\n|move|p1a: Venomoth|Bug Buzz|p2a: Cryogonal\n|-damage|p2a: Cryogonal|0 fnt\n|faint|p2a: Cryogonal\n|\n|upkeep\n|inactive|Time left: 300 sec this turn | 300 sec total | 5 sec grace\n|\n|t:|1783544663\n|switch|p2a: Mandibuzz|Mandibuzz, L85, F|286/326 tox\n|turn|29\n|inactive|Time left: 300 sec this turn | 300 sec total\n|\n|t:|1783544664\n|move|p1a: Venomoth|Sludge Wave|p2a: Mandibuzz\n|-crit|p2a: Mandibuzz\n|-damage|p2a: Mandibuzz|102/326 tox\n|move|p2a: Mandibuzz|Foul Play|p1a: Venomoth\n|-damage|p1a: Venomoth|0 fnt\n|faint|p1a: Venomoth\n|\n|-damage|p2a: Mandibuzz|82/326 tox|[from] psn\n|upkeep\n|\n|t:|1783544665\n|switch|p1a: Clawitzer|Clawitzer, L87, M|100/100\n|turn|30\n|inactive|Time left: 300 sec this turn | 300 sec total\n|\n|t:|1783544666\n|move|p2a: Mandibuzz|Roost|p2a: Mandibuzz\n|-heal|p2a: Mandibuzz|245/326 tox\n|-singleturn|p2a: Mandibuzz|move: Roost\n|move|p1a: Clawitzer|Aura Sphere|p2a: Mandibuzz\n|-supereffective|p2a: Mandibuzz\n|-damage|p2a: Mandibuzz|0 fnt\n|faint|p2a: Mandibuzz\n|\n|upkeep\n|inactive|Time left: 300 sec this turn | 300 sec total | 5 sec grace\n|\n|t:|1783544667\n|switch|p2a: Magnezone|Magnezone, L85|258/258\n|-damage|p2a: Magnezone|226/258|[from] Spikes\n|turn|31\n|inactive|Time left: 300 sec this turn | 300 sec total\n|\n|t:|1783544668\n|-terastallize|p1a: Clawitzer|Fighting\n|move|p2a: Magnezone|Volt Switch|p1a: Clawitzer\n|-damage|p1a: Clawitzer|63/100\n|inactive|Time left: 300 sec this turn | 300 sec total | 5 sec grace\n|\n|t:|1783544669\n|switch|p2a: Palkia|Palkia-Origin, L72|249/249|[from] Volt Switch\n|-damage|p2a: Palkia|218/249|[from] Spikes\n|-ability|p2a: Palkia|Pressure\n|move|p1a: Clawitzer|Aura Sphere|p2a: Palkia\n|-damage|p2a: Palkia|0 fnt\n|faint|p2a: Palkia\n|\n|upkeep\n|inactive|Time left: 300 sec this turn | 300 sec total | 10 sec grace\n|\n|t:|1783544670\n|switch|p2a: Magnezone|Magnezone, L85|226/258\n|-damage|p2a: Magnezone|194/258|[from] Spikes\n|turn|32\n|inactive|Time left: 300 sec this turn | 300 sec total\n|\n|t:|1783544671\n|move|p2a: Magnezone|Thunderbolt|p1a: Clawitzer\n|-damage|p1a: Clawitzer|19/100\n|move|p1a: Clawitzer|Aura Sphere|p2a: Magnezone\n|-supereffective|p2a: Magnezone\n|-damage|p2a: Magnezone|0 fnt\n|faint|p2a: Magnezone\n|\n|win|p0x423d7f4", "uploadtime": 1783544671, "views": 0, "rating": 0, "private": 0, "password": null, "_winner": "p0x423d7f4", "_our_name": "p0y42376c4"}