{"id": "battle-gen9randombattle-2195", "formatid": "gen9randombattle", "format": "[Gen 9] Random Battle", "players": ["p0x219582a4", "p0y2195fbde"], "log": "|init|battle\n|title|p0x219582a4 vs. p0y2195fbde\n|j|\u2606p0x219582a4\n|j|\u2606p0y2195fbde\n|t:|1783564534\n|gametype|singles\n|player|p1|p0x219582a4|265|\n|player|p2|p0y2195fbde|101|\n|gen|9\n|tier|[Gen 9] Random Battle\n|rule|Species Clause: Limit one of each Pok\u00e9mon\n|rule|HP Percentage Mod: HP is shown in percentages\n|rule|Sleep Clause Mod: Limit one foe put to sleep\n|rule|Illusion Level Mod: Illusion disguises the Pok\u00e9mon's true level\n|\n|t:|1783564534\n|teamsize|p1|6\n|teamsize|p2|6\n|start\n|switch|p1a: Komala|Komala, L87, F|255/255\n|switch|p2a: Noivern|Noivern, L82, F|100/100\n|-ability|p1a: Komala|Comatose\n|turn|1\n|inactive|Battle timer is ON: inactive players will automatically lose when time's up. (requested by p0x219582a4)\n|\n|t:|1783564536\n|switch|p2a: Mightyena|Mightyena, L96, F|100/100\n|-ability|p2a: Mightyena|Intimidate|boost\n|-unboost|p1a: Komala|atk|1\n|move|p1a: Komala|Body Slam|p2a: Mightyena\n|-damage|p2a: Mightyena|72/100\n|\n|upkeep\n|turn|2\n|inactive|Time left: 300 sec this turn | 300 sec total\n|inactive|p0y2195fbde also wants the timer to be on.\n|\n|t:|1783564537\n|move|p2a: Mightyena|Throat Chop|p1a: Komala\n|-damage|p1a: Komala|72/255\n|-start|p1a: Komala|Throat Chop|[silent]\n|move|p1a: Komala|U-turn|p2a: Mightyena\n|-supereffective|p2a: Mightyena\n|-damage|p2a: Mightyena|40/100\n|inactive|Time left: 300 sec this turn | 300 sec total | 5 sec grace\n|\n|t:|1783564538\n|switch|p1a: Dedenne|Dedenne, L88, M|261/261|[from] U-turn\n|\n|upkeep\n|turn|3\n|inactive|Time left: 300 sec this turn | 300 sec total\n|\n|t:|1783564539\n|switch|p2a: Plusle|Plusle, L95, M|100/100\n|move|p1a: Dedenne|Dazzling Gleam|p2a: Plusle\n|-damage|p2a: Plusle|71/100\n|\n|upkeep\n|turn|4\n|inactive|Time left: 300 sec this turn | 300 sec total\n|\n|t:|1783564540\n|move|p2a: Plusle|Nasty Plot|p2a: Plusle\n|-boost|p2a: Plusle|spa|2\n|move|p1a: Dedenne|U-turn|p2a: Plusle\n|-damage|p2a: Plusle|52/100\n|inactive|Time left: 300 sec this turn | 300 sec total | 5 sec grace\n|\n|t:|1783564540\n|switch|p1a: Frosmoth|Frosmoth, L82, M|249/249|[from] U-turn\n|\n|upkeep\n|turn|5\n|inactive|Time left: 300 sec this turn | 300 sec total\n|\n|t:|1783564541\n|move|p2a: Plusle|Thunderbolt|p1a: Frosmoth\n|-crit|p1a: Frosmoth\n|-damage|p1a: Frosmoth|32/249\n|-damage|p2a: Plusle|42/100|[from] item: Life Orb\n|move|p1a: Frosmoth|Ice Beam|p2a: Plusle\n|-damage|p2a: Plusle|2/100\n|\n|upkeep\n|turn|6\n|inactive|Time left: 300 sec this turn | 300 sec total\n|\n|t:|1783564542\n|move|p2a: Plusle|Thunderbolt|p1a: Frosmoth\n|-damage|p1a: Frosmoth|0 fnt\n|faint|p1a: Frosmoth\n|-damage|p2a: Plusle|0 fnt|[from] item: Life Orb\n|faint|p2a: Plusle\n|\n|upkeep\n|inactive|Time left: 300 sec this turn | 300 sec total | 5 sec grace\n|\n|t:|1783564543\n|switch|p2a: Zamazenta|Zamazenta-Crowned, L68|100/100\n|switch|p1a: Seviper|Seviper, L93, M|287/287\n|-ability|p2a: Zamazenta|Dauntless Shield|boost\n|-boost|p2a: Zamazenta|def|1\n|turn|7\n|inactive|Time left: 300 sec this turn | 300 sec total\n|\n|t:|1783564544\n|move|p2a: Zamazenta|Heavy Slam|p1a: Seviper\n|-damage|p1a: Seviper|176/287\n|move|p1a: Seviper|Earthquake|p2a: Zamazenta\n|-supereffective|p2a: Zamazenta\n|-damage|p2a: Zamazenta|46/100\n|-damage|p1a: Seviper|148/287|[from] item: Life Orb\n|\n|upkeep\n|turn|8\n|inactive|Time left: 300 sec this turn | 300 sec total\n|\n|t:|1783564545\n|move|p2a: Zamazenta|Heavy Slam|p1a: Seviper\n|-damage|p1a: Seviper|18/287\n|move|p1a: Seviper|Earthquake|p2a: Zamazenta\n|-supereffective|p2a: Zamazenta\n|-damage|p2a: Zamazenta|0 fnt\n|faint|p2a: Zamazenta\n|-damage|p1a: Seviper|0 fnt|[from] item: Life Orb\n|faint|p1a: Seviper\n|\n|upkeep\n|inactive|Time left: 300 sec this turn | 300 sec total | 5 sec grace\n|\n|t:|1783564547\n|switch|p2a: Palafin|Palafin, L77, M|100/100\n|switch|p1a: Dedenne|Dedenne, L88, M|261/261\n|turn|9\n|inactive|Time left: 300 sec this turn | 300 sec total\n|\n|t:|1783564548\n|detailschange|p2a: Palafin|Palafin-Hero, L77, M\n|switch|p2a: Slowking|Slowking-Galar, L85, M|100/100\n|move|p1a: Dedenne|Thunderbolt|p2a: Slowking\n|-damage|p2a: Slowking|74/100\n|\n|upkeep\n|turn|10\n|inactive|Time left: 300 sec this turn | 300 sec total\n|\n|t:|1783564549\n|move|p1a: Dedenne|U-turn|p2a: Slowking\n|-damage|p2a: Slowking|62/100\n|inactive|Time left: 300 sec this turn | 300 sec total | 5 sec grace\n|\n|t:|1783564550\n|switch|p1a: Mightyena|Mightyena, L96, F|290/290|[from] U-turn\n|-ability|p1a: Mightyena|Intimidate|boost\n|-unboost|p2a: Slowking|atk|1\n|move|p2a: Slowking|Sludge Bomb|p1a: Mightyena\n|-damage|p1a: Mightyena|212/290\n|\n|upkeep\n|turn|11\n|inactive|Time left: 300 sec this turn | 300 sec total\n|\n|t:|1783564551\n|switch|p2a: Mightyena|Mightyena, L96, F|40/100\n|-ability|p2a: Mightyena|Intimidate|boost\n|-unboost|p1a: Mightyena|atk|1\n|move|p1a: Mightyena|Throat Chop|p2a: Mightyena\n|-resisted|p2a: Mightyena\n|-damage|p2a: Mightyena|27/100\n|-start|p2a: Mightyena|Throat Chop|[silent]\n|\n|upkeep\n|turn|12\n|inactive|Time left: 300 sec this turn | 300 sec total\n|\n|t:|1783564552\n|move|p1a: Mightyena|Play Rough|p2a: Mightyena\n|-supereffective|p2a: Mightyena\n|-damage|p2a: Mightyena|0 fnt\n|faint|p2a: Mightyena\n|\n|upkeep\n|\n|t:|1783564553\n|switch|p2a: Palafin|Palafin-Hero, L77, M|100/100\n|-activate|p2a: Palafin|ability: Zero to Hero\n|turn|13\n|inactive|Time left: 300 sec this turn | 300 sec total\n|\n|t:|1783564554\n|switch|p1a: Raging Bolt|Raging Bolt, L78|323/323\n|move|p2a: Palafin|Wave Crash|p1a: Raging Bolt\n|-resisted|p1a: Raging Bolt\n|-damage|p1a: Raging Bolt|188/323\n|-damage|p2a: Palafin|84/100|[from] Recoil\n|\n|-heal|p1a: Raging Bolt|208/323|[from] item: Leftovers\n|upkeep\n|turn|14\n|inactive|Time left: 300 sec this turn | 300 sec total\n|\n|t:|1783564555\n|switch|p2a: Slowking|Slowking-Galar, L85, M|95/100\n|move|p1a: Raging Bolt|Thunderbolt|p2a: Slowking\n|-damage|p2a: Slowking|64/100\n|-status|p2a: Slowking|par\n|\n|-heal|p1a: Raging Bolt|228/323|[from] item: Leftovers\n|upkeep\n|turn|15\n|inactive|Time left: 300 sec this turn | 300 sec total\n|\n|t:|1783564556\n|move|p1a: Raging Bolt|Calm Mind|p1a: Raging Bolt\n|-boost|p1a: Raging Bolt|spa|1\n|-boost|p1a: Raging Bolt|spd|1\n|move|p2a: Slowking|Sludge Bomb|p1a: Raging Bolt\n|-damage|p1a: Raging Bolt|150/323\n|\n|-heal|p1a: Raging Bolt|170/323|[from] item: Leftovers\n|upkeep\n|turn|16\n|inactive|Time left: 300 sec this turn | 300 sec total\n|\n|t:|1783564557\n|move|p1a: Raging Bolt|Calm Mind|p1a: Raging Bolt\n|-boost|p1a: Raging Bolt|spa|1\n|-boost|p1a: Raging Bolt|spd|1\n|move|p2a: Slowking|Sludge Bomb|p1a: Raging Bolt\n|-damage|p1a: Raging Bolt|115/323\n|-status|p1a: Raging Bolt|psn\n|\n|-heal|p1a: Raging Bolt|135/323 psn|[from] item: Leftovers\n|-damage|p1a: Raging Bolt|95/323 psn|[from] psn\n|upkeep\n|turn|17\n|inactive|Time left: 300 sec this turn | 300 sec total\n|\n|t:|1783564558\n|move|p1a: Raging Bolt|Thunderbolt|p2a: Slowking\n|-damage|p2a: Slowking|0 fnt\n|faint|p2a: Slowking\n|\n|-heal|p1a: Raging Bolt|115/323 psn|[from] item: Leftovers\n|-damage|p1a: Raging Bolt|75/323 psn|[from] psn\n|upkeep\n|\n|t:|1783564559\n|switch|p2a: Palafin|Palafin-Hero, L77, M|84/100\n|turn|18\n|inactive|Time left: 300 sec this turn | 300 sec total\n|\n|t:|1783564559\n|-terastallize|p2a: Palafin|Water\n|move|p2a: Palafin|Jet Punch|p1a: Raging Bolt\n|-resisted|p1a: Raging Bolt\n|-damage|p1a: Raging Bolt|0 fnt\n|faint|p1a: Raging Bolt\n|-end|p1a: Raging Bolt|Protosynthesis|[silent]\n|\n|upkeep\n|inactive|Time left: 300 sec this turn | 300 sec total | 5 sec grace\n|\n|t:|1783564560\n|switch|p1a: Mightyena|Mightyena, L96, F|212/290\n|-ability|p1a: Mightyena|Intimidate|boost\n|-unboost|p2a: Palafin|atk|1\n|turn|19\n|inactive|Time left: 300 sec this turn | 300 sec total\n|\n|t:|1783564561\n|switch|p1a: Dedenne|Dedenne, L88, M|261/261\n|move|p2a: Palafin|Jet Punch|p1a: Dedenne\n|-damage|p1a: Dedenne|129/261\n|-enditem|p1a: Dedenne|Sitrus Berry|[eat]\n|-heal|p1a: Dedenne|194/261|[from] item: Sitrus Berry\n|-heal|p1a: Dedenne|261/261|[from] ability: Cheek Pouch\n|\n|upkeep\n|turn|20\n|inactive|Time left: 300 sec this turn | 300 sec total\n|\n|t:|1783564562\n|move|p2a: Palafin|Jet Punch|p1a: Dedenne\n|-damage|p1a: Dedenne|115/261\n|move|p1a: Dedenne|Thunderbolt|p2a: Palafin\n|-supereffective|p2a: Palafin\n|-damage|p2a: Palafin|9/100\n|\n|upkeep\n|turn|21\n|inactive|Time left: 300 sec this turn | 300 sec total\n|\n|t:|1783564563\n|switch|p1a: Komala|Komala, L87, F|72/255\n|-ability|p1a: Komala|Comatose\n|move|p2a: Palafin|Jet Punch|p1a: Komala\n|-damage|p1a: Komala|0 fnt\n|faint|p1a: Komala\n|\n|upkeep\n|inactive|Time left: 300 sec this turn | 300 sec total | 5 sec grace\n|\n|t:|1783564564\n|switch|p1a: Mightyena|Mightyena, L96, F|212/290\n|-ability|p1a: Mightyena|Intimidate|boost\n|-unboost|p2a: Palafin|atk|1\n|turn|22\n|inactive|Time left: 300 sec this turn | 300 sec total\n|\n|t:|1783564565\n|-terastallize|p1a: Mightyena|Fairy\n|move|p2a: Palafin|Jet Punch|p1a: Mightyena\n|-damage|p1a: Mightyena|132/290\n|move|p1a: Mightyena|Play Rough|p2a: Palafin\n|-damage|p2a: Palafin|0 fnt\n|faint|p2a: Palafin\n|\n|upkeep\n|\n|t:|1783564566\n|switch|p2a: Noivern|Noivern, L82, F|100/100\n|turn|23\n|inactive|Time left: 300 sec this turn | 300 sec total\n|\n|t:|1783564567\n|move|p2a: Noivern|Hurricane|p1a: Mightyena\n|-damage|p1a: Mightyena|45/290\n|-start|p1a: Mightyena|confusion\n|-activate|p1a: Mightyena|confusion\n|move|p1a: Mightyena|Play Rough|p2a: Noivern\n|-supereffective|p2a: Noivern\n|-damage|p2a: Noivern|12/100\n|\n|upkeep\n|turn|24\n|inactive|Time left: 300 sec this turn | 300 sec total\n|\n|t:|1783564568\n|-activate|p1a: Mightyena|confusion\n|move|p1a: Mightyena|Sucker Punch||[still]\n|-fail|p1a: Mightyena\n|move|p2a: Noivern|Roost|p2a: Noivern\n|-heal|p2a: Noivern|62/100\n|-singleturn|p2a: Noivern|move: Roost\n|\n|upkeep\n|turn|25\n|inactive|Time left: 300 sec this turn | 300 sec total\n|\n|t:|1783564569\n|move|p2a: Noivern|Roost|p2a: Noivern\n|-heal|p2a: Noivern|100/100\n|-singleturn|p2a: Noivern|move: Roost\n|-activate|p1a: Mightyena|confusion\n|-damage|p1a: Mightyena|11/290|[from] confusion\n|\n|upkeep\n|turn|26\n|inactive|Time left: 300 sec this turn | 300 sec total\n|\n|t:|1783564570\n|-end|p1a: Mightyena|confusion\n|move|p1a: Mightyena|Sucker Punch||[still]\n|-fail|p1a: Mightyena\n|move|p2a: Noivern|Roost||[still]\n|-fail|p2a: Noivern|heal\n|\n|upkeep\n|turn|27\n|inactive|Time left: 300 sec this turn | 300 sec total\n|\n|t:|1783564571\n|move|p1a: Mightyena|Sucker Punch||[still]\n|-fail|p1a: Mightyena\n|move|p2a: Noivern|Roost||[still]\n|-fail|p2a: Noivern|heal\n|\n|upkeep\n|turn|28\n|inactive|Time left: 300 sec this turn | 300 sec total\n|\n|t:|1783564572\n|move|p1a: Mightyena|Sucker Punch||[still]\n|-fail|p1a: Mightyena\n|move|p2a: Noivern|Roost||[still]\n|-fail|p2a: Noivern|heal\n|\n|upkeep\n|turn|29\n|inactive|Time left: 300 sec this turn | 300 sec total\n|\n|t:|1783564573\n|move|p1a: Mightyena|Sucker Punch||[still]\n|-fail|p1a: Mightyena\n|move|p2a: Noivern|Roost||[still]\n|-fail|p2a: Noivern|heal\n|\n|upkeep\n|turn|30\n|inactive|Time left: 300 sec this turn | 300 sec total\n|\n|t:|1783564573\n|move|p1a: Mightyena|Sucker Punch||[still]\n|-fail|p1a: Mightyena\n|move|p2a: Noivern|Roost||[still]\n|-fail|p2a: Noivern|heal\n|\n|upkeep\n|turn|31\n|inactive|Time left: 300 sec this turn | 300 sec total\n|\n|t:|1783564574\n|move|p1a: Mightyena|Sucker Punch|p2a: Noivern\n|-damage|p2a: Noivern|65/100\n|move|p2a: Noivern|Hurricane|p1a: Mightyena\n|-damage|p1a: Mightyena|0 fnt\n|faint|p1a: Mightyena\n|\n|upkeep\n|inactive|Time left: 300 sec this turn | 300 sec total | 5 sec grace\n|\n|t:|1783564575\n|switch|p1a: Dedenne|Dedenne, L88, M|115/261\n|turn|32\n|inactive|Time left: 300 sec this turn | 300 sec total\n|\n|t:|1783564576\n|move|p2a: Noivern|Hurricane|p1a: Dedenne|[miss]\n|-miss|p2a: Noivern|p1a: Dedenne\n|move|p1a: Dedenne|Nuzzle|p2a: Noivern\n|-damage|p2a: Noivern|59/100\n|-status|p2a: Noivern|par\n|\n|upkeep\n|turn|33\n|inactive|Time left: 300 sec this turn | 300 sec total\n|\n|t:|1783564576\n|move|p1a: Dedenne|Dazzling Gleam|p2a: Noivern\n|-supereffective|p2a: Noivern\n|-damage|p2a: Noivern|0 fnt\n|faint|p2a: Noivern\n|\n|win|p0x219582a4", "uploadtime": 1783564576, "views": 0, "rating": 0, "private": 0, "password": null, "_winner": "p0x219582a4", "_our_name": "p0x219582a4"}