{"id": "battle-gen9randombattle-2446", "formatid": "gen9randombattle", "format": "[Gen 9] Random Battle", "players": ["p0x24466f2d", "p0y244675a0"], "log": "|init|battle\n|title|p0x24466f2d vs. p0y244675a0\n|j|\u2606p0x24466f2d\n|j|\u2606p0y244675a0\n|t:|1783568358\n|gametype|singles\n|player|p1|p0x24466f2d|101|\n|player|p2|p0y244675a0|1|\n|gen|9\n|tier|[Gen 9] Random Battle\n|rule|Species Clause: Limit one of each Pok\u00e9mon\n|rule|HP Percentage Mod: HP is shown in percentages\n|rule|Sleep Clause Mod: Limit one foe put to sleep\n|rule|Illusion Level Mod: Illusion disguises the Pok\u00e9mon's true level\n|\n|t:|1783568358\n|teamsize|p1|6\n|teamsize|p2|6\n|start\n|switch|p1a: Rillaboom|Rillaboom, L79, F|100/100\n|switch|p2a: Shaymin|Shaymin, L82|298/298\n|-fieldstart|move: Grassy Terrain|[from] ability: Grassy Surge|[of] p1a: Rillaboom\n|turn|1\n|inactive|Battle timer is ON: inactive players will automatically lose when time's up. (requested by p0y244675a0)\n|inactive|p0x24466f2d also wants the timer to be on.\n|\n|t:|1783568359\n|move|p2a: Shaymin|Seed Flare|p1a: Rillaboom\n|-resisted|p1a: Rillaboom\n|-damage|p1a: Rillaboom|68/100\n|move|p1a: Rillaboom|Swords Dance|p1a: Rillaboom\n|-boost|p1a: Rillaboom|atk|2\n|\n|-heal|p1a: Rillaboom|74/100|[from] Grassy Terrain\n|upkeep\n|turn|2\n|inactive|Time left: 300 sec this turn | 300 sec total\n|\n|t:|1783568360\n|move|p2a: Shaymin|Air Slash|p1a: Rillaboom\n|-supereffective|p1a: Rillaboom\n|-damage|p1a: Rillaboom|32/100\n|move|p1a: Rillaboom|High Horsepower|p2a: Shaymin|[miss]\n|-miss|p1a: Rillaboom|p2a: Shaymin\n|\n|-heal|p1a: Rillaboom|39/100|[from] Grassy Terrain\n|upkeep\n|turn|3\n|inactive|Time left: 300 sec this turn | 300 sec total\n|\n|t:|1783568362\n|move|p1a: Rillaboom|Grassy Glide|p2a: Shaymin\n|-resisted|p2a: Shaymin\n|-damage|p2a: Shaymin|202/298\n|-damage|p1a: Rillaboom|29/100|[from] item: Life Orb\n|move|p2a: Shaymin|Air Slash|p1a: Rillaboom\n|-supereffective|p1a: Rillaboom\n|-damage|p1a: Rillaboom|0 fnt\n|faint|p1a: Rillaboom\n|\n|-heal|p2a: Shaymin|220/298|[from] Grassy Terrain\n|-heal|p2a: Shaymin|238/298|[from] item: Leftovers\n|upkeep\n|\n|t:|1783568363\n|switch|p1a: Chien-Pao|Chien-Pao, L72|100/100\n|-ability|p1a: Chien-Pao|Sword of Ruin\n|turn|4\n|inactive|Time left: 300 sec this turn | 300 sec total\n|\n|t:|1783568364\n|move|p1a: Chien-Pao|Icicle Crash|p2a: Shaymin\n|-supereffective|p2a: Shaymin\n|-damage|p2a: Shaymin|0 fnt\n|faint|p2a: Shaymin\n|\n|upkeep\n|inactive|Time left: 300 sec this turn | 300 sec total | 5 sec grace\n|\n|t:|1783568365\n|switch|p2a: Eiscue|Eiscue, L88, M|274/274\n|turn|5\n|inactive|Time left: 300 sec this turn | 300 sec total\n|\n|t:|1783568366\n|move|p1a: Chien-Pao|Icicle Crash|p2a: Eiscue\n|-activate|p2a: Eiscue|ability: Ice Face\n|-damage|p2a: Eiscue|274/274\n|detailschange|p2a: Eiscue|Eiscue-Noice, L88, M\n|move|p2a: Eiscue|Belly Drum|p2a: Eiscue\n|-damage|p2a: Eiscue|137/274\n|-setboost|p2a: Eiscue|atk|6|[from] move: Belly Drum\n|-enditem|p2a: Eiscue|Sitrus Berry|[eat]\n|-heal|p2a: Eiscue|205/274|[from] item: Sitrus Berry\n|\n|-heal|p2a: Eiscue|222/274|[from] Grassy Terrain\n|-fieldend|move: Grassy Terrain\n|upkeep\n|turn|6\n|inactive|Time left: 300 sec this turn | 300 sec total\n|\n|t:|1783568367\n|move|p2a: Eiscue|Liquidation|p1a: Chien-Pao\n|-damage|p1a: Chien-Pao|0 fnt\n|faint|p1a: Chien-Pao\n|\n|upkeep\n|\n|t:|1783568368\n|switch|p1a: Giratina|Giratina, L75|100/100\n|-ability|p1a: Giratina|Pressure\n|turn|7\n|inactive|Time left: 300 sec this turn | 300 sec total\n|\n|t:|1783568370\n|-terastallize|p1a: Giratina|Fairy\n|move|p2a: Eiscue|Ice Spinner|p1a: Giratina\n|-damage|p1a: Giratina|27/100\n|move|p1a: Giratina|Dragon Tail|p2a: Eiscue\n|-damage|p2a: Eiscue|162/274\n|drag|p2a: Dachsbun|Dachsbun, L92, F|254/254\n|\n|-heal|p1a: Giratina|33/100|[from] item: Leftovers\n|upkeep\n|turn|8\n|inactive|Time left: 300 sec this turn | 300 sec total\n|\n|t:|1783568371\n|move|p2a: Dachsbun|Play Rough|p1a: Giratina\n|-damage|p1a: Giratina|7/100\n|move|p1a: Giratina|Rest|p1a: Giratina\n|-status|p1a: Giratina|slp|[from] move: Rest\n|-heal|p1a: Giratina|100/100 slp|[silent]\n|\n|upkeep\n|turn|9\n|inactive|Time left: 300 sec this turn | 300 sec total\n|\n|t:|1783568372\n|switch|p2a: Misdreavus|Misdreavus, L90, M|254/254\n|switch|p1a: Brambleghast|Brambleghast, L88, M|100/100\n|\n|upkeep\n|turn|10\n|inactive|Time left: 300 sec this turn | 300 sec total\n|\n|t:|1783568373\n|move|p1a: Brambleghast|Poltergeist|p2a: Misdreavus\n|-activate|p2a: Misdreavus|move: Poltergeist|Eviolite\n|-supereffective|p2a: Misdreavus\n|-damage|p2a: Misdreavus|12/254\n|move|p2a: Misdreavus|Shadow Ball|p1a: Brambleghast\n|-supereffective|p1a: Brambleghast\n|-damage|p1a: Brambleghast|18/100\n|\n|-heal|p1a: Brambleghast|24/100|[from] item: Leftovers\n|upkeep\n|turn|11\n|inactive|Time left: 300 sec this turn | 300 sec total\n|\n|t:|1783568374\n|move|p1a: Brambleghast|Strength Sap|p2a: Misdreavus\n|-unboost|p2a: Misdreavus|atk|1\n|-heal|p1a: Brambleghast|71/100\n|move|p2a: Misdreavus|Shadow Ball|p1a: Brambleghast\n|-supereffective|p1a: Brambleghast\n|-damage|p1a: Brambleghast|0 fnt\n|faint|p1a: Brambleghast\n|\n|upkeep\n|\n|t:|1783568375\n|switch|p1a: Porygon-Z|Porygon-Z, L83|100/100\n|turn|12\n|inactive|Time left: 300 sec this turn | 300 sec total\n|\n|t:|1783568376\n|move|p2a: Misdreavus|Draining Kiss|p1a: Porygon-Z\n|-damage|p1a: Porygon-Z|84/100\n|-heal|p2a: Misdreavus|47/254|[from] drain|[of] p1a: Porygon-Z\n|move|p1a: Porygon-Z|Nasty Plot|p1a: Porygon-Z\n|-boost|p1a: Porygon-Z|spa|2\n|\n|upkeep\n|turn|13\n|inactive|Time left: 300 sec this turn | 300 sec total\n|\n|t:|1783568378\n|move|p2a: Misdreavus|Draining Kiss|p1a: Porygon-Z\n|-damage|p1a: Porygon-Z|68/100\n|-heal|p2a: Misdreavus|79/254|[from] drain|[of] p1a: Porygon-Z\n|move|p1a: Porygon-Z|Agility|p1a: Porygon-Z\n|-boost|p1a: Porygon-Z|spe|2\n|\n|upkeep\n|turn|14\n|inactive|Time left: 300 sec this turn | 300 sec total\n|\n|t:|1783568379\n|move|p1a: Porygon-Z|Shadow Ball|p2a: Misdreavus\n|-supereffective|p2a: Misdreavus\n|-damage|p2a: Misdreavus|0 fnt\n|faint|p2a: Misdreavus\n|-damage|p1a: Porygon-Z|59/100|[from] item: Life Orb\n|\n|upkeep\n|inactive|Time left: 300 sec this turn | 300 sec total | 5 sec grace\n|\n|t:|1783568380\n|switch|p2a: Dipplin|Dipplin, L88, M|284/284\n|turn|15\n|inactive|Time left: 300 sec this turn | 300 sec total\n|\n|t:|1783568381\n|move|p1a: Porygon-Z|Tera Blast|p2a: Dipplin\n|-damage|p2a: Dipplin|47/284\n|-damage|p1a: Porygon-Z|49/100|[from] item: Life Orb\n|move|p2a: Dipplin|Dragon Pulse|p1a: Porygon-Z\n|-damage|p1a: Porygon-Z|8/100\n|\n|upkeep\n|turn|16\n|inactive|Time left: 300 sec this turn | 300 sec total\n|\n|t:|1783568383\n|move|p2a: Dipplin|Sucker Punch|p1a: Porygon-Z\n|-damage|p1a: Porygon-Z|0 fnt\n|faint|p1a: Porygon-Z\n|\n|upkeep\n|\n|t:|1783568384\n|switch|p1a: Komala|Komala, L87, M|100/100\n|-ability|p1a: Komala|Comatose\n|turn|17\n|inactive|Time left: 300 sec this turn | 300 sec total\n|\n|t:|1783568384\n|switch|p2a: Dachsbun|Dachsbun, L92, F|254/254\n|move|p1a: Komala|Body Slam|p2a: Dachsbun\n|-damage|p2a: Dachsbun|178/254\n|-status|p2a: Dachsbun|par\n|\n|-heal|p2a: Dachsbun|193/254 par|[from] item: Leftovers\n|upkeep\n|turn|18\n|inactive|Time left: 300 sec this turn | 300 sec total\n|\n|t:|1783568385\n|move|p1a: Komala|Body Slam|p2a: Dachsbun\n|-damage|p2a: Dachsbun|117/254 par\n|cant|p2a: Dachsbun|par\n|\n|-heal|p2a: Dachsbun|132/254 par|[from] item: Leftovers\n|upkeep\n|turn|19\n|inactive|Time left: 300 sec this turn | 300 sec total\n|\n|t:|1783568386\n|move|p1a: Komala|Body Slam|p2a: Dachsbun\n|-damage|p2a: Dachsbun|51/254 par\n|move|p2a: Dachsbun|Body Press|p1a: Komala\n|-supereffective|p1a: Komala\n|-damage|p1a: Komala|24/100\n|\n|-heal|p2a: Dachsbun|66/254 par|[from] item: Leftovers\n|upkeep\n|turn|20\n|inactive|Time left: 300 sec this turn | 300 sec total\n|\n|t:|1783568388\n|move|p1a: Komala|Body Slam|p2a: Dachsbun\n|-damage|p2a: Dachsbun|0 fnt\n|faint|p2a: Dachsbun\n|\n|upkeep\n|inactive|Time left: 300 sec this turn | 300 sec total | 5 sec grace\n|\n|t:|1783568389\n|switch|p2a: Eiscue|Eiscue-Noice, L88, M|162/274\n|turn|21\n|inactive|Time left: 300 sec this turn | 300 sec total\n|\n|t:|1783568390\n|switch|p1a: Giratina|Giratina, L75, tera:Fairy|100/100 slp\n|-ability|p1a: Giratina|Pressure\n|move|p2a: Eiscue|Ice Spinner|p1a: Giratina\n|-damage|p1a: Giratina|81/100 slp\n|\n|-heal|p1a: Giratina|87/100 slp|[from] item: Leftovers\n|upkeep\n|turn|22\n|inactive|Time left: 300 sec this turn | 300 sec total\n|\n|t:|1783568391\n|move|p2a: Eiscue|Belly Drum|p2a: Eiscue\n|-damage|p2a: Eiscue|25/274\n|-setboost|p2a: Eiscue|atk|6|[from] move: Belly Drum\n|cant|p1a: Giratina|slp\n|\n|-heal|p1a: Giratina|93/100 slp|[from] item: Leftovers\n|upkeep\n|turn|23\n|inactive|Time left: 300 sec this turn | 300 sec total\n|\n|t:|1783568392\n|switch|p1a: Komala|Komala, L87, M|24/100\n|-ability|p1a: Komala|Comatose\n|move|p2a: Eiscue|Ice Spinner|p1a: Komala\n|-damage|p1a: Komala|0 fnt\n|faint|p1a: Komala\n|\n|upkeep\n|\n|t:|1783568392\n|switch|p1a: Giratina|Giratina, L75, tera:Fairy|93/100 slp\n|-ability|p1a: Giratina|Pressure\n|turn|24\n|inactive|Time left: 300 sec this turn | 300 sec total\n|\n|t:|1783568393\n|-terastallize|p2a: Eiscue|Water\n|move|p2a: Eiscue|Ice Spinner|p1a: Giratina\n|-damage|p1a: Giratina|15/100 slp\n|cant|p1a: Giratina|slp\n|\n|-heal|p1a: Giratina|21/100 slp|[from] item: Leftovers\n|upkeep\n|turn|25\n|inactive|Time left: 300 sec this turn | 300 sec total\n|\n|t:|1783568394\n|move|p2a: Eiscue|Ice Spinner|p1a: Giratina\n|-crit|p1a: Giratina\n|-damage|p1a: Giratina|0 fnt\n|faint|p1a: Giratina\n|\n|win|p0y244675a0", "uploadtime": 1783568394, "views": 0, "rating": 0, "private": 0, "password": null, "_winner": "p0y244675a0", "_our_name": "p0y244675a0"}