{"id": "battle-gen9randombattle-835", "formatid": "gen9randombattle", "format": "[Gen 9] Random Battle", "players": ["p0x83577d1", "p0y835c945"], "log": "|init|battle\n|title|p0x83577d1 vs. p0y835c945\n|j|\u2606p0x83577d1\n|j|\u2606p0y835c945\n|t:|1783549573\n|gametype|singles\n|player|p1|p0x83577d1|2|\n|player|p2|p0y835c945|2|\n|gen|9\n|tier|[Gen 9] Random Battle\n|rule|Species Clause: Limit one of each Pok\u00e9mon\n|rule|HP Percentage Mod: HP is shown in percentages\n|rule|Sleep Clause Mod: Limit one foe put to sleep\n|rule|Illusion Level Mod: Illusion disguises the Pok\u00e9mon's true level\n|\n|t:|1783549573\n|teamsize|p1|6\n|teamsize|p2|6\n|start\n|switch|p1a: Staraptor|Staraptor, L79, F|100/100\n|switch|p2a: Flygon|Flygon, L82, M|265/265\n|turn|1\n|inactive|Battle timer is ON: inactive players will automatically lose when time's up. (requested by p0y835c945)\n|inactive|p0x83577d1 also wants the timer to be on.\n|\n|t:|1783549575\n|move|p2a: Flygon|Outrage|p1a: Staraptor\n|-damage|p1a: Staraptor|47/100\n|move|p1a: Staraptor|Brave Bird|p2a: Flygon\n|-damage|p2a: Flygon|9/265\n|-damage|p1a: Staraptor|15/100|[from] Recoil\n|\n|upkeep\n|turn|2\n|inactive|Time left: 300 sec this turn | 300 sec total\n|\n|t:|1783549576\n|switch|p1a: Registeel|Registeel, L81|100/100\n|move|p2a: Flygon|Outrage|p1a: Registeel|[from] lockedmove\n|-resisted|p1a: Registeel\n|-damage|p1a: Registeel|86/100\n|\n|-heal|p1a: Registeel|92/100|[from] item: Leftovers\n|upkeep\n|turn|3\n|inactive|Time left: 300 sec this turn | 300 sec total\n|\n|t:|1783549577\n|move|p2a: Flygon|Outrage|p1a: Registeel|[from] lockedmove\n|-resisted|p1a: Registeel\n|-damage|p1a: Registeel|76/100\n|-start|p2a: Flygon|confusion|[fatigue]\n|move|p1a: Registeel|Stealth Rock|p2a: Flygon\n|-sidestart|p2: p0y835c945|move: Stealth Rock\n|\n|-heal|p1a: Registeel|82/100|[from] item: Leftovers\n|upkeep\n|turn|4\n|inactive|Time left: 300 sec this turn | 300 sec total\n|\n|t:|1783549578\n|-activate|p2a: Flygon|confusion\n|move|p2a: Flygon|Outrage|p1a: Registeel\n|-resisted|p1a: Registeel\n|-damage|p1a: Registeel|65/100\n|move|p1a: Registeel|Iron Head|p2a: Flygon\n|-damage|p2a: Flygon|0 fnt\n|faint|p2a: Flygon\n|\n|-heal|p1a: Registeel|71/100|[from] item: Leftovers\n|upkeep\n|inactive|Time left: 300 sec this turn | 300 sec total | 5 sec grace\n|\n|t:|1783549579\n|switch|p2a: Gogoat|Gogoat, L88, M|360/360\n|-damage|p2a: Gogoat|315/360|[from] Stealth Rock\n|turn|5\n|inactive|Time left: 300 sec this turn | 300 sec total\n|\n|t:|1783549580\n|move|p2a: Gogoat|Bulk Up|p2a: Gogoat\n|-boost|p2a: Gogoat|atk|1\n|-boost|p2a: Gogoat|def|1\n|move|p1a: Registeel|Thunder Wave|p2a: Gogoat\n|-status|p2a: Gogoat|par\n|\n|-heal|p1a: Registeel|77/100|[from] item: Leftovers\n|-heal|p2a: Gogoat|337/360 par|[from] item: Leftovers\n|upkeep\n|turn|6\n|inactive|Time left: 300 sec this turn | 300 sec total\n|\n|t:|1783549581\n|switch|p1a: Staraptor|Staraptor, L79, F|15/100\n|move|p2a: Gogoat|Horn Leech|p1a: Staraptor\n|-resisted|p1a: Staraptor\n|-damage|p1a: Staraptor|0 fnt\n|-heal|p2a: Gogoat|356/360 par|[from] drain|[of] p1a: Staraptor\n|faint|p1a: Staraptor\n|\n|-heal|p2a: Gogoat|360/360 par|[from] item: Leftovers\n|upkeep\n|\n|t:|1783549582\n|switch|p1a: Wyrdeer|Wyrdeer, L87, M|100/100\n|-ability|p1a: Wyrdeer|Intimidate|boost\n|-unboost|p2a: Gogoat|atk|1\n|turn|7\n|inactive|Time left: 300 sec this turn | 300 sec total\n|\n|t:|1783549583\n|switch|p1a: Blaziken|Blaziken, L76, F|100/100\n|move|p2a: Gogoat|Bulk Up|p2a: Gogoat\n|-boost|p2a: Gogoat|atk|1\n|-boost|p2a: Gogoat|def|1\n|\n|upkeep\n|turn|8\n|inactive|Time left: 300 sec this turn | 300 sec total\n|\n|t:|1783549584\n|switch|p1a: Wyrdeer|Wyrdeer, L87, M|100/100\n|-ability|p1a: Wyrdeer|Intimidate|boost\n|-unboost|p2a: Gogoat|atk|1\n|move|p2a: Gogoat|Earthquake|p1a: Wyrdeer\n|-damage|p1a: Wyrdeer|74/100\n|\n|-heal|p1a: Wyrdeer|81/100|[from] item: Leftovers\n|upkeep\n|turn|9\n|inactive|Time left: 300 sec this turn | 300 sec total\n|\n|t:|1783549585\n|move|p1a: Wyrdeer|Psychic Noise|p2a: Gogoat\n|-damage|p2a: Gogoat|263/360 par\n|-start|p2a: Gogoat|move: Heal Block\n|move|p2a: Gogoat|Bulk Up|p2a: Gogoat\n|-boost|p2a: Gogoat|atk|1\n|-boost|p2a: Gogoat|def|1\n|\n|-heal|p1a: Wyrdeer|87/100|[from] item: Leftovers\n|upkeep\n|turn|10\n|inactive|Time left: 300 sec this turn | 300 sec total\n|\n|t:|1783549586\n|switch|p1a: Lokix|Lokix, L82, M|100/100\n|move|p2a: Gogoat|Earthquake|p1a: Lokix\n|-resisted|p1a: Lokix\n|-damage|p1a: Lokix|72/100\n|\n|-end|p2a: Gogoat|move: Heal Block\n|upkeep\n|turn|11\n|inactive|Time left: 300 sec this turn | 300 sec total\n|\n|t:|1783549588\n|switch|p1a: Wyrdeer|Wyrdeer, L87, M|87/100\n|-ability|p1a: Wyrdeer|Intimidate|boost\n|-unboost|p2a: Gogoat|atk|1\n|cant|p2a: Gogoat|par\n|\n|-heal|p1a: Wyrdeer|93/100|[from] item: Leftovers\n|-heal|p2a: Gogoat|285/360 par|[from] item: Leftovers\n|upkeep\n|turn|12\n|inactive|Time left: 300 sec this turn | 300 sec total\n|\n|t:|1783549589\n|move|p1a: Wyrdeer|Psychic Noise|p2a: Gogoat\n|-damage|p2a: Gogoat|189/360 par\n|-start|p2a: Gogoat|move: Heal Block\n|move|p2a: Gogoat|Bulk Up|p2a: Gogoat\n|-boost|p2a: Gogoat|atk|1\n|-boost|p2a: Gogoat|def|1\n|\n|-heal|p1a: Wyrdeer|99/100|[from] item: Leftovers\n|upkeep\n|turn|13\n|inactive|Time left: 300 sec this turn | 300 sec total\n|\n|t:|1783549590\n|move|p1a: Wyrdeer|Psychic Noise|p2a: Gogoat\n|-damage|p2a: Gogoat|92/360 par\n|cant|p2a: Gogoat|par\n|\n|-heal|p1a: Wyrdeer|100/100|[from] item: Leftovers\n|-end|p2a: Gogoat|move: Heal Block\n|upkeep\n|turn|14\n|inactive|Time left: 300 sec this turn | 300 sec total\n|\n|t:|1783549591\n|move|p1a: Wyrdeer|Psychic Noise|p2a: Gogoat\n|-damage|p2a: Gogoat|5/360 par\n|-start|p2a: Gogoat|move: Heal Block\n|move|p2a: Gogoat|Bulk Up|p2a: Gogoat\n|-boost|p2a: Gogoat|atk|1\n|-boost|p2a: Gogoat|def|1\n|\n|upkeep\n|turn|15\n|inactive|Time left: 300 sec this turn | 300 sec total\n|\n|t:|1783549592\n|move|p1a: Wyrdeer|Earthquake|p2a: Gogoat\n|-resisted|p2a: Gogoat\n|-damage|p2a: Gogoat|0 fnt\n|faint|p2a: Gogoat\n|\n|upkeep\n|inactive|Time left: 300 sec this turn | 300 sec total | 5 sec grace\n|\n|t:|1783549593\n|switch|p2a: Granbull|Granbull, L88, F|302/302\n|-damage|p2a: Granbull|265/302|[from] Stealth Rock\n|-ability|p2a: Granbull|Intimidate|boost\n|-unboost|p1a: Wyrdeer|atk|1\n|turn|16\n|inactive|Time left: 300 sec this turn | 300 sec total\n|\n|t:|1783549595\n|move|p1a: Wyrdeer|Body Slam|p2a: Granbull\n|-damage|p2a: Granbull|198/302\n|move|p2a: Granbull|Play Rough|p1a: Wyrdeer\n|-damage|p1a: Wyrdeer|60/100\n|\n|-heal|p1a: Wyrdeer|66/100|[from] item: Leftovers\n|-heal|p2a: Granbull|216/302|[from] item: Leftovers\n|upkeep\n|turn|17\n|inactive|Time left: 300 sec this turn | 300 sec total\n|\n|t:|1783549596\n|move|p1a: Wyrdeer|Psychic Noise|p2a: Granbull\n|-damage|p2a: Granbull|108/302\n|-start|p2a: Granbull|move: Heal Block\n|move|p2a: Granbull|Play Rough|p1a: Wyrdeer\n|-damage|p1a: Wyrdeer|27/100\n|\n|-heal|p1a: Wyrdeer|33/100|[from] item: Leftovers\n|upkeep\n|turn|18\n|inactive|Time left: 300 sec this turn | 300 sec total\n|\n|t:|1783549597\n|move|p1a: Wyrdeer|Psychic Noise|p2a: Granbull\n|-damage|p2a: Granbull|2/302\n|move|p2a: Granbull|Play Rough|p1a: Wyrdeer\n|-crit|p1a: Wyrdeer\n|-damage|p1a: Wyrdeer|0 fnt\n|faint|p1a: Wyrdeer\n|\n|-end|p2a: Granbull|move: Heal Block\n|upkeep\n|\n|t:|1783549598\n|switch|p1a: Blaziken|Blaziken, L76, F|100/100\n|turn|19\n|inactive|Time left: 300 sec this turn | 300 sec total\n|\n|t:|1783549599\n|move|p1a: Blaziken|Flare Blitz|p2a: Granbull\n|-damage|p2a: Granbull|0 fnt\n|faint|p2a: Granbull\n|-damage|p1a: Blaziken|99/100|[from] Recoil\n|-damage|p1a: Blaziken|90/100|[from] item: Life Orb\n|\n|-ability|p1a: Blaziken|Speed Boost|boost\n|-boost|p1a: Blaziken|spe|1\n|upkeep\n|inactive|Time left: 300 sec this turn | 300 sec total | 5 sec grace\n|\n|t:|1783549600\n|switch|p2a: Hawlucha|Hawlucha, L80, M|256/256\n|-damage|p2a: Hawlucha|224/256|[from] Stealth Rock\n|turn|20\n|inactive|Time left: 300 sec this turn | 300 sec total\n|\n|t:|1783549600\n|switch|p1a: Basculegion|Basculegion, L80, M|100/100\n|move|p2a: Hawlucha|Brave Bird|p1a: Basculegion\n|-damage|p1a: Basculegion|57/100\n|-damage|p2a: Hawlucha|178/256|[from] Recoil\n|\n|upkeep\n|turn|21\n|inactive|Time left: 300 sec this turn | 300 sec total\n|\n|t:|1783549601\n|-terastallize|p2a: Hawlucha|Flying\n|move|p2a: Hawlucha|Brave Bird|p1a: Basculegion\n|-damage|p1a: Basculegion|2/100\n|-damage|p2a: Hawlucha|119/256|[from] Recoil\n|move|p1a: Basculegion|Wave Crash|p2a: Hawlucha\n|-damage|p2a: Hawlucha|0 fnt\n|faint|p2a: Hawlucha\n|-damage|p1a: Basculegion|0 fnt|[from] Recoil\n|faint|p1a: Basculegion\n|\n|upkeep\n|inactive|Time left: 300 sec this turn | 300 sec total | 5 sec grace\n|\n|t:|1783549602\n|switch|p2a: Dedenne|Dedenne, L88, F|261/261\n|switch|p1a: Blaziken|Blaziken, L76, F|90/100\n|-damage|p2a: Dedenne|229/261|[from] Stealth Rock\n|turn|22\n|inactive|Time left: 300 sec this turn | 300 sec total\n|\n|t:|1783549603\n|move|p2a: Dedenne|Nuzzle|p1a: Blaziken\n|-damage|p1a: Blaziken|81/100\n|-status|p1a: Blaziken|par\n|move|p1a: Blaziken|Swords Dance|p1a: Blaziken\n|-boost|p1a: Blaziken|atk|2\n|\n|-ability|p1a: Blaziken|Speed Boost|boost\n|-boost|p1a: Blaziken|spe|1\n|upkeep\n|turn|23\n|inactive|Time left: 300 sec this turn | 300 sec total\n|\n|t:|1783549604\n|move|p2a: Dedenne|Dazzling Gleam|p1a: Blaziken\n|-damage|p1a: Blaziken|35/100 par\n|move|p1a: Blaziken|Flare Blitz|p2a: Dedenne\n|-damage|p2a: Dedenne|0 fnt\n|faint|p2a: Dedenne\n|-damage|p1a: Blaziken|5/100 par|[from] Recoil\n|-damage|p1a: Blaziken|0 fnt|[from] item: Life Orb\n|faint|p1a: Blaziken\n|\n|upkeep\n|inactive|Time left: 300 sec this turn | 300 sec total | 5 sec grace\n|\n|t:|1783549605\n|switch|p2a: Glaceon|Glaceon, L94, F|275/275\n|switch|p1a: Registeel|Registeel, L81|77/100\n|turn|24\n|inactive|Time left: 300 sec this turn | 300 sec total\n|\n|t:|1783549606\n|-terastallize|p1a: Registeel|Fighting\n|move|p2a: Glaceon|Protect|p2a: Glaceon\n|-singleturn|p2a: Glaceon|Protect\n|move|p1a: Registeel|Body Press|p2a: Glaceon\n|-activate|p2a: Glaceon|move: Protect\n|\n|-heal|p1a: Registeel|83/100|[from] item: Leftovers\n|upkeep\n|turn|25\n|inactive|Time left: 300 sec this turn | 300 sec total\n|\n|t:|1783549607\n|move|p2a: Glaceon|Wish|p2a: Glaceon\n|move|p1a: Registeel|Body Press|p2a: Glaceon\n|-supereffective|p2a: Glaceon\n|-damage|p2a: Glaceon|119/275\n|\n|-heal|p1a: Registeel|89/100|[from] item: Leftovers\n|upkeep\n|turn|26\n|inactive|Time left: 300 sec this turn | 300 sec total\n|\n|t:|1783549608\n|move|p2a: Glaceon|Protect|p2a: Glaceon\n|-singleturn|p2a: Glaceon|Protect\n|move|p1a: Registeel|Body Press|p2a: Glaceon\n|-activate|p2a: Glaceon|move: Protect\n|\n|-heal|p2a: Glaceon|256/275|[from] move: Wish|[wisher] Glaceon\n|-heal|p1a: Registeel|96/100|[from] item: Leftovers\n|upkeep\n|turn|27\n|inactive|Time left: 300 sec this turn | 300 sec total\n|\n|t:|1783549609\n|move|p2a: Glaceon|Wish|p2a: Glaceon\n|move|p1a: Registeel|Body Press|p2a: Glaceon\n|-supereffective|p2a: Glaceon\n|-damage|p2a: Glaceon|76/275\n|\n|-heal|p1a: Registeel|100/100|[from] item: Leftovers\n|upkeep\n|turn|28\n|inactive|Time left: 300 sec this turn | 300 sec total\n|\n|t:|1783549610\n|move|p2a: Glaceon|Protect|p2a: Glaceon\n|-singleturn|p2a: Glaceon|Protect\n|move|p1a: Registeel|Body Press|p2a: Glaceon\n|-activate|p2a: Glaceon|move: Protect\n|\n|-heal|p2a: Glaceon|213/275|[from] move: Wish|[wisher] Glaceon\n|upkeep\n|turn|29\n|inactive|Time left: 300 sec this turn | 300 sec total\n|\n|t:|1783549611\n|move|p2a: Glaceon|Wish|p2a: Glaceon\n|move|p1a: Registeel|Body Press|p2a: Glaceon\n|-supereffective|p2a: Glaceon\n|-damage|p2a: Glaceon|57/275\n|\n|upkeep\n|turn|30\n|inactive|Time left: 300 sec this turn | 300 sec total\n|\n|t:|1783549612\n|move|p2a: Glaceon|Protect|p2a: Glaceon\n|-singleturn|p2a: Glaceon|Protect\n|move|p1a: Registeel|Body Press|p2a: Glaceon\n|-activate|p2a: Glaceon|move: Protect\n|\n|-heal|p2a: Glaceon|194/275|[from] move: Wish|[wisher] Glaceon\n|upkeep\n|turn|31\n|inactive|Time left: 300 sec this turn | 300 sec total\n|\n|t:|1783549613\n|move|p2a: Glaceon|Protect|p2a: Glaceon\n|-singleturn|p2a: Glaceon|Protect\n|move|p1a: Registeel|Body Press|p2a: Glaceon\n|-activate|p2a: Glaceon|move: Protect\n|\n|upkeep\n|turn|32\n|inactive|Time left: 300 sec this turn | 300 sec total\n|\n|t:|1783549614\n|move|p2a: Glaceon|Freeze-Dry|p1a: Registeel\n|-damage|p1a: Registeel|70/100\n|move|p1a: Registeel|Body Press|p2a: Glaceon\n|-supereffective|p2a: Glaceon\n|-damage|p2a: Glaceon|8/275\n|\n|-heal|p1a: Registeel|76/100|[from] item: Leftovers\n|upkeep\n|turn|33\n|inactive|Time left: 300 sec this turn | 300 sec total\n|\n|t:|1783549615\n|move|p2a: Glaceon|Freeze-Dry|p1a: Registeel\n|-damage|p1a: Registeel|43/100\n|move|p1a: Registeel|Body Press|p2a: Glaceon\n|-supereffective|p2a: Glaceon\n|-damage|p2a: Glaceon|0 fnt\n|faint|p2a: Glaceon\n|\n|win|p0x83577d1", "uploadtime": 1783549615, "views": 0, "rating": 0, "private": 0, "password": null, "_winner": "p0x83577d1", "_our_name": "p0y835c945"}