{"id": "battle-gen9randombattle-2156", "formatid": "gen9randombattle", "format": "[Gen 9] Random Battle", "players": ["p0x21562f80", "p0y2156951b"], "log": "|init|battle\n|title|p0x21562f80 vs. p0y2156951b\n|j|\u2606p0x21562f80\n|j|\u2606p0y2156951b\n|t:|1783564139\n|gametype|singles\n|player|p1|p0x21562f80|169|\n|player|p2|p0y2156951b|266|\n|gen|9\n|tier|[Gen 9] Random Battle\n|rule|Species Clause: Limit one of each Pok\u00e9mon\n|rule|HP Percentage Mod: HP is shown in percentages\n|rule|Sleep Clause Mod: Limit one foe put to sleep\n|rule|Illusion Level Mod: Illusion disguises the Pok\u00e9mon's true level\n|\n|t:|1783564139\n|teamsize|p1|6\n|teamsize|p2|6\n|start\n|switch|p1a: Beartic|Beartic, L91, F|321/321\n|switch|p2a: Flapple|Flapple, L88, F|100/100\n|turn|1\n|inactive|Battle timer is ON: inactive players will automatically lose when time's up. (requested by p0y2156951b)\n|inactive|Time left: 300 sec this turn | 300 sec total | 60 sec grace\n|\n|t:|1783564141\n|move|p2a: Flapple|Outrage|p1a: Beartic|[miss]\n|-miss|p2a: Flapple|p1a: Beartic\n|move|p1a: Beartic|Icicle Crash|p2a: Flapple\n|-supereffective|p2a: Flapple\n|-damage|p2a: Flapple|0 fnt\n|faint|p2a: Flapple\n|\n|upkeep\n|inactive|p0x21562f80 also wants the timer to be on.\n|\n|t:|1783564141\n|switch|p2a: Mesprit|Mesprit, L85|100/100\n|turn|2\n|inactive|Time left: 300 sec this turn | 300 sec total\n|\n|t:|1783564143\n|move|p2a: Mesprit|Psychic|p1a: Beartic\n|-damage|p1a: Beartic|158/321\n|move|p1a: Beartic|Swords Dance|p1a: Beartic\n|-boost|p1a: Beartic|atk|2\n|\n|upkeep\n|turn|3\n|inactive|Time left: 300 sec this turn | 300 sec total\n|\n|t:|1783564144\n|move|p2a: Mesprit|Psychic|p1a: Beartic\n|-damage|p1a: Beartic|11/321\n|move|p1a: Beartic|Icicle Crash|p2a: Mesprit\n|-damage|p2a: Mesprit|13/100\n|\n|upkeep\n|turn|4\n|inactive|Time left: 300 sec this turn | 300 sec total\n|\n|t:|1783564145\n|move|p2a: Mesprit|Psychic|p1a: Beartic\n|-crit|p1a: Beartic\n|-damage|p1a: Beartic|0 fnt\n|faint|p1a: Beartic\n|\n|upkeep\n|inactive|Time left: 300 sec this turn | 300 sec total | 5 sec grace\n|\n|t:|1783564147\n|switch|p1a: Staraptor|Staraptor, L79, F|263/263\n|turn|5\n|inactive|Time left: 300 sec this turn | 300 sec total\n|\n|t:|1783564148\n|move|p1a: Staraptor|Brave Bird|p2a: Mesprit\n|-damage|p2a: Mesprit|0 fnt\n|faint|p2a: Mesprit\n|-damage|p1a: Staraptor|252/263|[from] Recoil\n|\n|upkeep\n|\n|t:|1783564149\n|switch|p2a: Zebstrika|Zebstrika, L87, M|100/100\n|turn|6\n|inactive|Time left: 300 sec this turn | 300 sec total\n|\n|t:|1783564150\n|switch|p1a: Exeggutor|Exeggutor-Alola, L89, F|314/314\n|move|p2a: Zebstrika|Supercell Slam|p1a: Exeggutor\n|-resisted|p1a: Exeggutor\n|-damage|p1a: Exeggutor|276/314\n|-damage|p2a: Zebstrika|91/100|[from] item: Life Orb\n|\n|upkeep\n|turn|7\n|inactive|Time left: 300 sec this turn | 300 sec total\n|\n|t:|1783564152\n|move|p2a: Zebstrika|Supercell Slam|p1a: Exeggutor\n|-resisted|p1a: Exeggutor\n|-damage|p1a: Exeggutor|244/314\n|-damage|p2a: Zebstrika|81/100|[from] item: Life Orb\n|move|p1a: Exeggutor|Dragon Pulse|p2a: Zebstrika\n|-damage|p2a: Zebstrika|23/100\n|\n|upkeep\n|turn|8\n|inactive|Time left: 300 sec this turn | 300 sec total\n|\n|t:|1783564152\n|move|p2a: Zebstrika|Overheat|p1a: Exeggutor\n|-damage|p1a: Exeggutor|117/314\n|-unboost|p2a: Zebstrika|spa|2\n|-enditem|p1a: Exeggutor|Sitrus Berry|[eat]\n|-heal|p1a: Exeggutor|195/314|[from] item: Sitrus Berry\n|-damage|p2a: Zebstrika|13/100|[from] item: Life Orb\n|move|p1a: Exeggutor|Calm Mind|p1a: Exeggutor\n|-boost|p1a: Exeggutor|spa|1\n|-boost|p1a: Exeggutor|spd|1\n|\n|upkeep\n|turn|9\n|inactive|Time left: 300 sec this turn | 300 sec total\n|\n|t:|1783564153\n|move|p2a: Zebstrika|High Horsepower|p1a: Exeggutor\n|-resisted|p1a: Exeggutor\n|-damage|p1a: Exeggutor|150/314\n|-damage|p2a: Zebstrika|3/100|[from] item: Life Orb\n|move|p1a: Exeggutor|Calm Mind|p1a: Exeggutor\n|-boost|p1a: Exeggutor|spa|1\n|-boost|p1a: Exeggutor|spd|1\n|\n|-item|p1a: Exeggutor|Sitrus Berry|[from] ability: Harvest\n|upkeep\n|-enditem|p1a: Exeggutor|Sitrus Berry|[eat]\n|-heal|p1a: Exeggutor|228/314|[from] item: Sitrus Berry\n|turn|10\n|inactive|Time left: 300 sec this turn | 300 sec total\n|\n|t:|1783564154\n|move|p2a: Zebstrika|Overheat|p1a: Exeggutor\n|-damage|p1a: Exeggutor|199/314\n|-unboost|p2a: Zebstrika|spa|2\n|-damage|p2a: Zebstrika|0 fnt|[from] item: Life Orb\n|faint|p2a: Zebstrika\n|move|p1a: Exeggutor|Calm Mind|p1a: Exeggutor\n|-boost|p1a: Exeggutor|spa|1\n|-boost|p1a: Exeggutor|spd|1\n|\n|upkeep\n|\n|t:|1783564155\n|switch|p2a: Komala|Komala, L87, F|100/100\n|-ability|p2a: Komala|Comatose\n|turn|11\n|inactive|Time left: 300 sec this turn | 300 sec total\n|\n|t:|1783564156\n|move|p2a: Komala|Body Slam|p1a: Exeggutor\n|-damage|p1a: Exeggutor|85/314\n|move|p1a: Exeggutor|Giga Drain|p2a: Komala\n|-damage|p2a: Komala|34/100\n|-heal|p1a: Exeggutor|170/314|[from] drain|[of] p2a: Komala\n|\n|upkeep\n|turn|12\n|inactive|Time left: 300 sec this turn | 300 sec total\n|\n|t:|1783564157\n|move|p2a: Komala|Body Slam|p1a: Exeggutor\n|-damage|p1a: Exeggutor|65/314\n|move|p1a: Exeggutor|Giga Drain|p2a: Komala\n|-damage|p2a: Komala|0 fnt\n|-heal|p1a: Exeggutor|108/314|[from] drain|[of] p2a: Komala\n|faint|p2a: Komala\n|\n|upkeep\n|\n|t:|1783564157\n|switch|p2a: Ursaring|Ursaring, L84, M|100/100\n|turn|13\n|inactive|Time left: 300 sec this turn | 300 sec total\n|\n|t:|1783564158\n|-terastallize|p2a: Ursaring|Normal\n|move|p2a: Ursaring|Facade|p1a: Exeggutor\n|-damage|p1a: Exeggutor|0 fnt\n|faint|p1a: Exeggutor\n|\n|-status|p2a: Ursaring|tox|[from] item: Toxic Orb\n|upkeep\n|inactive|Time left: 300 sec this turn | 300 sec total | 5 sec grace\n|\n|t:|1783564159\n|switch|p1a: Basculin|Basculin, L86, F|261/261\n|turn|14\n|inactive|Time left: 300 sec this turn | 300 sec total\n|\n|t:|1783564160\n|move|p1a: Basculin|Wave Crash|p2a: Ursaring\n|-damage|p2a: Ursaring|7/100 tox\n|-damage|p1a: Basculin|173/261|[from] Recoil\n|move|p2a: Ursaring|Swords Dance|p2a: Ursaring\n|-boost|p2a: Ursaring|atk|2\n|\n|-damage|p2a: Ursaring|1/100 tox|[from] psn\n|upkeep\n|turn|15\n|inactive|Time left: 300 sec this turn | 300 sec total\n|\n|t:|1783564161\n|switch|p1a: Primarina|Primarina, L83, M|268/268\n|move|p2a: Ursaring|Crunch|p1a: Primarina\n|-resisted|p1a: Primarina\n|-damage|p1a: Primarina|186/268\n|\n|-damage|p2a: Ursaring|0 fnt|[from] psn\n|faint|p2a: Ursaring\n|upkeep\n|\n|t:|1783564162\n|switch|p2a: Delphox|Delphox, L84, F|100/100\n|turn|16\n|inactive|Time left: 300 sec this turn | 300 sec total\n|\n|t:|1783564162\n|-terastallize|p1a: Primarina|Water\n|move|p2a: Delphox|Nasty Plot|p2a: Delphox\n|-boost|p2a: Delphox|spa|2\n|move|p1a: Primarina|Hydro Pump|p2a: Delphox\n|-supereffective|p2a: Delphox\n|-damage|p2a: Delphox|0 fnt\n|faint|p2a: Delphox\n|\n|win|p0x21562f80", "uploadtime": 1783564162, "views": 0, "rating": 0, "private": 0, "password": null, "_winner": "p0x21562f80", "_our_name": "p0x21562f80"}