{"id": "battle-gen9randombattle-906", "formatid": "gen9randombattle", "format": "[Gen 9] Random Battle", "players": ["p0x906c388", "p0y906ead0"], "log": "|init|battle\n|title|p0x906c388 vs. p0y906ead0\n|j|\u2606p0x906c388\n|j|\u2606p0y906ead0\n|t:|1783550414\n|gametype|singles\n|player|p1|p0x906c388|102|\n|player|p2|p0y906ead0|1|\n|gen|9\n|tier|[Gen 9] Random Battle\n|rule|Species Clause: Limit one of each Pok\u00e9mon\n|rule|HP Percentage Mod: HP is shown in percentages\n|rule|Sleep Clause Mod: Limit one foe put to sleep\n|rule|Illusion Level Mod: Illusion disguises the Pok\u00e9mon's true level\n|\n|t:|1783550414\n|teamsize|p1|6\n|teamsize|p2|6\n|start\n|switch|p1a: Drifblim|Drifblim, L86, F|396/396\n|switch|p2a: Hydreigon|Hydreigon, L79, F|100/100\n|turn|1\n|inactive|Battle timer is ON: inactive players will automatically lose when time's up. (requested by p0y906ead0)\n|inactive|p0x906c388 also wants the timer to be on.\n|\n|t:|1783550416\n|move|p2a: Hydreigon|Nasty Plot|p2a: Hydreigon\n|-boost|p2a: Hydreigon|spa|2\n|move|p1a: Drifblim|Strength Sap|p2a: Hydreigon\n|-unboost|p2a: Hydreigon|atk|1\n|\n|upkeep\n|turn|2\n|inactive|Time left: 300 sec this turn | 300 sec total | 60 sec grace\n|\n|t:|1783550417\n|switch|p1a: Mienshao|Mienshao, L83, M|243/243\n|move|p2a: Hydreigon|Dark Pulse|p1a: Mienshao\n|-resisted|p1a: Mienshao\n|-damage|p1a: Mienshao|99/243\n|-damage|p2a: Hydreigon|91/100|[from] item: Life Orb\n|\n|upkeep\n|turn|3\n|inactive|Time left: 300 sec this turn | 300 sec total\n|\n|t:|1783550418\n|move|p1a: Mienshao|High Jump Kick|p2a: Hydreigon\n|-supereffective|p2a: Hydreigon\n|-damage|p2a: Hydreigon|0 fnt\n|faint|p2a: Hydreigon\n|\n|upkeep\n|\n|t:|1783550419\n|switch|p2a: Volbeat|Volbeat, L90, M|100/100\n|turn|4\n|inactive|Time left: 300 sec this turn | 300 sec total\n|\n|t:|1783550420\n|move|p2a: Volbeat|Thunder Wave|p1a: Mienshao\n|-status|p1a: Mienshao|par\n|move|p1a: Mienshao|High Jump Kick|p2a: Volbeat\n|-resisted|p2a: Volbeat\n|-damage|p2a: Volbeat|46/100\n|\n|upkeep\n|turn|5\n|inactive|Time left: 300 sec this turn | 300 sec total\n|\n|t:|1783550421\n|move|p2a: Volbeat|Roost|p2a: Volbeat\n|-heal|p2a: Volbeat|96/100\n|-singleturn|p2a: Volbeat|move: Roost\n|move|p1a: Mienshao|High Jump Kick|p2a: Volbeat\n|-resisted|p2a: Volbeat\n|-damage|p2a: Volbeat|38/100\n|\n|upkeep\n|turn|6\n|inactive|Time left: 300 sec this turn | 300 sec total\n|\n|t:|1783550422\n|move|p2a: Volbeat|Roost|p2a: Volbeat\n|-heal|p2a: Volbeat|88/100\n|-singleturn|p2a: Volbeat|move: Roost\n|move|p1a: Mienshao|High Jump Kick|p2a: Volbeat\n|-resisted|p2a: Volbeat\n|-damage|p2a: Volbeat|32/100\n|\n|upkeep\n|turn|7\n|inactive|Time left: 300 sec this turn | 300 sec total\n|\n|t:|1783550424\n|move|p2a: Volbeat|Roost|p2a: Volbeat\n|-heal|p2a: Volbeat|82/100\n|-singleturn|p2a: Volbeat|move: Roost\n|move|p1a: Mienshao|High Jump Kick|p2a: Volbeat\n|-resisted|p2a: Volbeat\n|-damage|p2a: Volbeat|25/100\n|\n|upkeep\n|turn|8\n|inactive|Time left: 300 sec this turn | 300 sec total\n|\n|t:|1783550425\n|move|p2a: Volbeat|Roost|p2a: Volbeat\n|-heal|p2a: Volbeat|75/100\n|-singleturn|p2a: Volbeat|move: Roost\n|move|p1a: Mienshao|High Jump Kick|p2a: Volbeat\n|-resisted|p2a: Volbeat\n|-damage|p2a: Volbeat|14/100\n|\n|upkeep\n|turn|9\n|inactive|Time left: 300 sec this turn | 300 sec total\n|\n|t:|1783550425\n|move|p2a: Volbeat|Roost|p2a: Volbeat\n|-heal|p2a: Volbeat|64/100\n|-singleturn|p2a: Volbeat|move: Roost\n|move|p1a: Mienshao|High Jump Kick|p2a: Volbeat\n|-resisted|p2a: Volbeat\n|-damage|p2a: Volbeat|2/100\n|\n|upkeep\n|turn|10\n|inactive|Time left: 300 sec this turn | 300 sec total\n|\n|t:|1783550426\n|move|p2a: Volbeat|Roost|p2a: Volbeat\n|-heal|p2a: Volbeat|52/100\n|-singleturn|p2a: Volbeat|move: Roost\n|move|p1a: Mienshao|High Jump Kick|p2a: Volbeat\n|-resisted|p2a: Volbeat\n|-damage|p2a: Volbeat|0 fnt\n|faint|p2a: Volbeat\n|\n|upkeep\n|\n|t:|1783550427\n|switch|p2a: Slaking|Slaking, L84, F|100/100\n|turn|11\n|inactive|Time left: 300 sec this turn | 300 sec total\n|\n|t:|1783550429\n|switch|p1a: Drifblim|Drifblim, L86, F|396/396\n|move|p2a: Slaking|Giga Impact|p1a: Drifblim\n|-immune|p1a: Drifblim\n|\n|upkeep\n|turn|12\n|inactive|Time left: 300 sec this turn | 300 sec total\n|\n|t:|1783550430\n|cant|p2a: Slaking|ability: Truant\n|move|p1a: Drifblim|Calm Mind|p1a: Drifblim\n|-boost|p1a: Drifblim|spa|1\n|-boost|p1a: Drifblim|spd|1\n|\n|upkeep\n|turn|13\n|inactive|Time left: 300 sec this turn | 300 sec total\n|\n|t:|1783550430\n|move|p2a: Slaking|Giga Impact|p1a: Drifblim\n|-immune|p1a: Drifblim\n|move|p1a: Drifblim|Air Slash|p2a: Slaking\n|-damage|p2a: Slaking|60/100\n|\n|upkeep\n|turn|14\n|inactive|Time left: 300 sec this turn | 300 sec total\n|\n|t:|1783550431\n|cant|p2a: Slaking|ability: Truant\n|move|p1a: Drifblim|Air Slash|p2a: Slaking\n|-damage|p2a: Slaking|20/100\n|\n|upkeep\n|turn|15\n|inactive|Time left: 300 sec this turn | 300 sec total\n|\n|t:|1783550432\n|move|p2a: Slaking|Giga Impact|p1a: Drifblim\n|-immune|p1a: Drifblim\n|move|p1a: Drifblim|Air Slash|p2a: Slaking\n|-damage|p2a: Slaking|0 fnt\n|faint|p2a: Slaking\n|\n|upkeep\n|\n|t:|1783550433\n|switch|p2a: Volcanion|Volcanion, L79|100/100\n|turn|16\n|inactive|Time left: 300 sec this turn | 300 sec total\n|\n|t:|1783550434\n|move|p1a: Drifblim|Shadow Ball|p2a: Volcanion\n|-damage|p2a: Volcanion|66/100\n|move|p2a: Volcanion|Flame Charge|p1a: Drifblim\n|-damage|p1a: Drifblim|312/396\n|-boost|p2a: Volcanion|spe|1\n|\n|upkeep\n|turn|17\n|inactive|Time left: 300 sec this turn | 300 sec total\n|\n|t:|1783550435\n|move|p2a: Volcanion|Flame Charge|p1a: Drifblim\n|-damage|p1a: Drifblim|237/396\n|-boost|p2a: Volcanion|spe|1\n|move|p1a: Drifblim|Shadow Ball|p2a: Volcanion\n|-damage|p2a: Volcanion|34/100\n|\n|upkeep\n|turn|18\n|inactive|Time left: 300 sec this turn | 300 sec total\n|\n|t:|1783550436\n|move|p2a: Volcanion|Steam Eruption|p1a: Drifblim\n|-damage|p1a: Drifblim|116/396\n|-status|p1a: Drifblim|brn\n|-enditem|p1a: Drifblim|Sitrus Berry|[eat]\n|-heal|p1a: Drifblim|215/396 brn|[from] item: Sitrus Berry\n|move|p1a: Drifblim|Shadow Ball|p2a: Volcanion\n|-damage|p2a: Volcanion|1/100\n|-unboost|p2a: Volcanion|spd|1\n|\n|-damage|p1a: Drifblim|191/396 brn|[from] brn\n|upkeep\n|turn|19\n|inactive|Time left: 300 sec this turn | 300 sec total\n|\n|t:|1783550437\n|move|p1a: Drifblim|Strength Sap|p2a: Volcanion\n|-unboost|p2a: Volcanion|atk|1\n|-heal|p1a: Drifblim|396/396 brn\n|move|p2a: Volcanion|Flame Charge|p1a: Drifblim\n|-damage|p1a: Drifblim|344/396 brn\n|-boost|p2a: Volcanion|spe|1\n|\n|-damage|p1a: Drifblim|320/396 brn|[from] brn\n|upkeep\n|turn|20\n|inactive|Time left: 300 sec this turn | 300 sec total\n|\n|t:|1783550438\n|move|p2a: Volcanion|Steam Eruption|p1a: Drifblim\n|-damage|p1a: Drifblim|191/396 brn\n|move|p1a: Drifblim|Shadow Ball|p2a: Volcanion\n|-damage|p2a: Volcanion|0 fnt\n|faint|p2a: Volcanion\n|\n|-damage|p1a: Drifblim|167/396 brn|[from] brn\n|upkeep\n|\n|t:|1783550439\n|switch|p2a: Vigoroth|Vigoroth, L85, F|100/100\n|turn|21\n|inactive|Time left: 300 sec this turn | 300 sec total\n|\n|t:|1783550440\n|move|p1a: Drifblim|Strength Sap|p2a: Vigoroth\n|-unboost|p2a: Vigoroth|atk|1\n|-heal|p1a: Drifblim|352/396 brn\n|move|p2a: Vigoroth|Bulk Up|p2a: Vigoroth\n|-boost|p2a: Vigoroth|atk|1\n|-boost|p2a: Vigoroth|def|1\n|\n|-damage|p1a: Drifblim|328/396 brn|[from] brn\n|upkeep\n|turn|22\n|inactive|Time left: 300 sec this turn | 300 sec total\n|\n|t:|1783550441\n|move|p1a: Drifblim|Air Slash|p2a: Vigoroth\n|-damage|p2a: Vigoroth|60/100\n|cant|p2a: Vigoroth|flinch\n|\n|-damage|p1a: Drifblim|304/396 brn|[from] brn\n|upkeep\n|turn|23\n|inactive|Time left: 300 sec this turn | 300 sec total\n|\n|t:|1783550442\n|move|p1a: Drifblim|Air Slash|p2a: Vigoroth\n|-damage|p2a: Vigoroth|21/100\n|move|p2a: Vigoroth|Slack Off|p2a: Vigoroth\n|-heal|p2a: Vigoroth|71/100\n|\n|-damage|p1a: Drifblim|280/396 brn|[from] brn\n|upkeep\n|turn|24\n|inactive|Time left: 300 sec this turn | 300 sec total\n|\n|t:|1783550443\n|move|p1a: Drifblim|Strength Sap|p2a: Vigoroth\n|-unboost|p2a: Vigoroth|atk|1\n|-heal|p1a: Drifblim|396/396 brn\n|move|p2a: Vigoroth|Slack Off|p2a: Vigoroth\n|-heal|p2a: Vigoroth|100/100\n|\n|-damage|p1a: Drifblim|372/396 brn|[from] brn\n|upkeep\n|turn|25\n|inactive|Time left: 300 sec this turn | 300 sec total\n|\n|t:|1783550444\n|move|p1a: Drifblim|Calm Mind|p1a: Drifblim\n|-boost|p1a: Drifblim|spa|1\n|-boost|p1a: Drifblim|spd|1\n|move|p2a: Vigoroth|Bulk Up|p2a: Vigoroth\n|-boost|p2a: Vigoroth|atk|1\n|-boost|p2a: Vigoroth|def|1\n|\n|-damage|p1a: Drifblim|348/396 brn|[from] brn\n|upkeep\n|turn|26\n|inactive|Time left: 300 sec this turn | 300 sec total\n|\n|t:|1783550445\n|move|p1a: Drifblim|Air Slash|p2a: Vigoroth\n|-damage|p2a: Vigoroth|48/100\n|cant|p2a: Vigoroth|flinch\n|\n|-damage|p1a: Drifblim|324/396 brn|[from] brn\n|upkeep\n|turn|27\n|inactive|Time left: 300 sec this turn | 300 sec total\n|\n|t:|1783550446\n|switch|p2a: Walking Wake|Walking Wake, L79|100/100\n|move|p1a: Drifblim|Air Slash|p2a: Walking Wake\n|-damage|p2a: Walking Wake|45/100\n|\n|-damage|p1a: Drifblim|300/396 brn|[from] brn\n|upkeep\n|turn|28\n|inactive|Time left: 300 sec this turn | 300 sec total\n|\n|t:|1783550447\n|move|p1a: Drifblim|Air Slash|p2a: Walking Wake\n|-damage|p2a: Walking Wake|0 fnt\n|faint|p2a: Walking Wake\n|-end|p2a: Walking Wake|Protosynthesis|[silent]\n|\n|-damage|p1a: Drifblim|276/396 brn|[from] brn\n|upkeep\n|\n|t:|1783550448\n|switch|p2a: Vigoroth|Vigoroth, L85, F|48/100\n|turn|29\n|inactive|Time left: 300 sec this turn | 300 sec total\n|\n|t:|1783550448\n|move|p1a: Drifblim|Air Slash|p2a: Vigoroth\n|-damage|p2a: Vigoroth|0 fnt\n|faint|p2a: Vigoroth\n|\n|win|p0x906c388", "uploadtime": 1783550448, "views": 0, "rating": 0, "private": 0, "password": null, "_winner": "p0x906c388", "_our_name": "p0x906c388"}