{"id": "battle-gen9randombattle-121", "formatid": "gen9randombattle", "format": "[Gen 9] Random Battle", "players": ["p0x121386a", "p0y12149d0"], "log": "|init|battle\n|title|p0x121386a vs. p0y12149d0\n|j|\u2606p0x121386a\n|j|\u2606p0y12149d0\n|t:|1783534667\n|gametype|singles\n|player|p1|p0x121386a|169|\n|player|p2|p0y12149d0|1|\n|gen|9\n|tier|[Gen 9] Random Battle\n|rule|Species Clause: Limit one of each Pok\u00e9mon\n|rule|HP Percentage Mod: HP is shown in percentages\n|rule|Sleep Clause Mod: Limit one foe put to sleep\n|rule|Illusion Level Mod: Illusion disguises the Pok\u00e9mon's true level\n|\n|t:|1783534667\n|teamsize|p1|6\n|teamsize|p2|6\n|start\n|switch|p1a: Mew|Mew, L82|298/298\n|switch|p2a: Iron Leaves|Iron Leaves, L80|100/100\n|turn|1\n|inactive|Battle timer is ON: inactive players will automatically lose when time's up. (requested by p0x121386a)\n|inactive|p0y12149d0 also wants the timer to be on.\n|\n|t:|1783534669\n|move|p2a: Iron Leaves|Swords Dance|p2a: Iron Leaves\n|-boost|p2a: Iron Leaves|atk|2\n|move|p1a: Mew|Will-O-Wisp|p2a: Iron Leaves\n|-status|p2a: Iron Leaves|brn\n|\n|-damage|p2a: Iron Leaves|94/100 brn|[from] brn\n|upkeep\n|turn|2\n|inactive|Time left: 300 sec this turn | 300 sec total\n|\n|t:|1783534670\n|move|p2a: Iron Leaves|Leaf Blade|p1a: Mew\n|-damage|p1a: Mew|171/298\n|-damage|p2a: Iron Leaves|84/100 brn|[from] item: Life Orb\n|move|p1a: Mew|Stealth Rock|p2a: Iron Leaves\n|-sidestart|p2: p0y12149d0|move: Stealth Rock\n|\n|-heal|p1a: Mew|189/298|[from] item: Leftovers\n|-damage|p2a: Iron Leaves|78/100 brn|[from] brn\n|upkeep\n|turn|3\n|inactive|Time left: 300 sec this turn | 300 sec total\n|\n|t:|1783534672\n|move|p2a: Iron Leaves|Leaf Blade|p1a: Mew\n|-damage|p1a: Mew|59/298\n|-damage|p2a: Iron Leaves|68/100 brn|[from] item: Life Orb\n|move|p1a: Mew|U-turn|p2a: Iron Leaves\n|-supereffective|p2a: Iron Leaves\n|-damage|p2a: Iron Leaves|0 fnt\n|faint|p2a: Iron Leaves\n|-end|p2a: Iron Leaves|Quark Drive|[silent]\n|inactive|Time left: 300 sec this turn | 300 sec total | 5 sec grace\n|\n|t:|1783534673\n|switch|p1a: Spidops|Spidops, L96, F|271/271|[from] U-turn\n|\n|upkeep\n|\n|t:|1783534674\n|switch|p2a: Blaziken|Blaziken, L76, M|100/100\n|-damage|p2a: Blaziken|88/100|[from] Stealth Rock\n|turn|4\n|inactive|Time left: 300 sec this turn | 300 sec total\n|\n|t:|1783534675\n|move|p2a: Blaziken|Flare Blitz|p1a: Spidops\n|-supereffective|p1a: Spidops\n|-damage|p1a: Spidops|0 fnt\n|faint|p1a: Spidops\n|-damage|p2a: Blaziken|52/100|[from] Recoil\n|-damage|p2a: Blaziken|43/100|[from] item: Life Orb\n|\n|-ability|p2a: Blaziken|Speed Boost|boost\n|-boost|p2a: Blaziken|spe|1\n|upkeep\n|inactive|Time left: 300 sec this turn | 300 sec total | 5 sec grace\n|\n|t:|1783534676\n|switch|p1a: Rhyperior|Rhyperior, L82, F|323/323\n|turn|5\n|inactive|Time left: 300 sec this turn | 300 sec total\n|\n|t:|1783534677\n|move|p2a: Blaziken|Close Combat|p1a: Rhyperior\n|-supereffective|p1a: Rhyperior\n|-damage|p1a: Rhyperior|128/323\n|-unboost|p2a: Blaziken|def|1\n|-unboost|p2a: Blaziken|spd|1\n|-damage|p2a: Blaziken|33/100|[from] item: Life Orb\n|move|p1a: Rhyperior|Earthquake|p2a: Blaziken\n|-supereffective|p2a: Blaziken\n|-damage|p2a: Blaziken|0 fnt\n|faint|p2a: Blaziken\n|\n|upkeep\n|\n|t:|1783534678\n|switch|p2a: Gallade|Gallade, L80, M|100/100\n|-damage|p2a: Gallade|94/100|[from] Stealth Rock\n|turn|6\n|inactive|Time left: 300 sec this turn | 300 sec total\n|\n|t:|1783534679\n|-terastallize|p1a: Rhyperior|Bug\n|move|p2a: Gallade|Sacred Sword|p1a: Rhyperior\n|-resisted|p1a: Rhyperior\n|-damage|p1a: Rhyperior|53/323\n|-damage|p2a: Gallade|84/100|[from] item: Life Orb\n|move|p1a: Rhyperior|Earthquake|p2a: Gallade\n|-damage|p2a: Gallade|0 fnt\n|faint|p2a: Gallade\n|\n|upkeep\n|\n|t:|1783534680\n|switch|p2a: Galvantula|Galvantula, L82, M|100/100\n|turn|7\n|inactive|Time left: 300 sec this turn | 300 sec total\n|\n|t:|1783534681\n|move|p2a: Galvantula|Bug Buzz|p1a: Rhyperior\n|-damage|p1a: Rhyperior|0 fnt\n|faint|p1a: Rhyperior\n|\n|upkeep\n|inactive|Time left: 300 sec this turn | 300 sec total | 5 sec grace\n|\n|t:|1783534682\n|switch|p1a: Ninetales|Ninetales-Alola, L78, F|242/242\n|-weather|Snowscape|[from] ability: Snow Warning|[of] p1a: Ninetales\n|turn|8\n|inactive|Time left: 300 sec this turn | 300 sec total\n|\n|t:|1783534682\n|move|p2a: Galvantula|Sticky Web|p1a: Ninetales\n|-sidestart|p1: p0x121386a|move: Sticky Web\n|move|p1a: Ninetales|Aurora Veil|p1a: Ninetales\n|-sidestart|p1: p0x121386a|move: Aurora Veil\n|\n|-weather|Snowscape|[upkeep]\n|upkeep\n|turn|9\n|inactive|Time left: 300 sec this turn | 300 sec total\n|\n|t:|1783534683\n|move|p2a: Galvantula|Volt Switch|p1a: Ninetales\n|-damage|p1a: Ninetales|205/242\n|\n|t:|1783534684\n|switch|p2a: Mimikyu|Mimikyu, L79, F|100/100|[from] Volt Switch\n|-damage|p2a: Mimikyu|88/100|[from] Stealth Rock\n|move|p1a: Ninetales|Moonblast|p2a: Mimikyu\n|-activate|p2a: Mimikyu|ability: Disguise\n|-damage|p2a: Mimikyu|88/100\n|detailschange|p2a: Mimikyu|Mimikyu-Busted, L79, F\n|-damage|p2a: Mimikyu|75/100|[from] pokemon: Mimikyu-Busted\n|\n|-weather|Snowscape|[upkeep]\n|upkeep\n|turn|10\n|inactive|Time left: 300 sec this turn | 300 sec total\n|\n|t:|1783534685\n|move|p1a: Ninetales|Moonblast|p2a: Mimikyu\n|-damage|p2a: Mimikyu|45/100\n|move|p2a: Mimikyu|Swords Dance|p2a: Mimikyu\n|-boost|p2a: Mimikyu|atk|2\n|\n|-weather|Snowscape|[upkeep]\n|upkeep\n|turn|11\n|inactive|Time left: 300 sec this turn | 300 sec total\n|\n|t:|1783534686\n|move|p1a: Ninetales|Moonblast|p2a: Mimikyu\n|-damage|p2a: Mimikyu|14/100\n|move|p2a: Mimikyu|Play Rough|p1a: Ninetales\n|-damage|p1a: Ninetales|123/242\n|-damage|p2a: Mimikyu|5/100|[from] item: Life Orb\n|\n|-weather|Snowscape|[upkeep]\n|upkeep\n|turn|12\n|inactive|Time left: 300 sec this turn | 300 sec total\n|\n|t:|1783534687\n|move|p1a: Ninetales|Moonblast|p2a: Mimikyu\n|-damage|p2a: Mimikyu|0 fnt\n|faint|p2a: Mimikyu\n|\n|-weather|none\n|upkeep\n|\n|t:|1783534688\n|switch|p2a: Toucannon|Toucannon, L88, M|100/100\n|turn|13\n|inactive|Time left: 300 sec this turn | 300 sec total\n|\n|t:|1783534689\n|-singleturn|p2a: Toucannon|move: Beak Blast\n|move|p1a: Ninetales|Blizzard|p2a: Toucannon\n|-supereffective|p2a: Toucannon\n|-damage|p2a: Toucannon|30/100\n|move|p2a: Toucannon|Beak Blast|p1a: Ninetales\n|-damage|p1a: Ninetales|34/242\n|\n|upkeep\n|turn|14\n|inactive|Time left: 300 sec this turn | 300 sec total\n|\n|t:|1783534690\n|-terastallize|p2a: Toucannon|Steel\n|move|p1a: Ninetales|Blizzard|p2a: Toucannon\n|-resisted|p2a: Toucannon\n|-damage|p2a: Toucannon|12/100\n|move|p2a: Toucannon|Roost|p2a: Toucannon\n|-heal|p2a: Toucannon|62/100\n|\n|upkeep\n|turn|15\n|inactive|Time left: 300 sec this turn | 300 sec total\n|\n|t:|1783534691\n|switch|p1a: Mandibuzz|Mandibuzz, L85, F|326/326\n|move|p2a: Toucannon|Roost|p2a: Toucannon\n|-heal|p2a: Toucannon|100/100\n|\n|-sideend|p1: p0x121386a|move: Aurora Veil\n|upkeep\n|turn|16\n|inactive|Time left: 300 sec this turn | 300 sec total\n|\n|t:|1783534692\n|move|p1a: Mandibuzz|Defog|p2a: Toucannon\n|-unboost|p2a: Toucannon|evasion|1\n|-sideend|p2: p0y12149d0|Stealth Rock|[from] move: Defog|[of] p1a: Mandibuzz\n|-sideend|p1: p0x121386a|Sticky Web|[from] move: Defog|[of] p1a: Mandibuzz\n|move|p2a: Toucannon|Boomburst|p1a: Mandibuzz\n|-damage|p1a: Mandibuzz|194/326\n|\n|upkeep\n|turn|17\n|inactive|Time left: 300 sec this turn | 300 sec total\n|\n|t:|1783534693\n|-singleturn|p2a: Toucannon|move: Beak Blast\n|move|p1a: Mandibuzz|Foul Play|p2a: Toucannon\n|-damage|p2a: Toucannon|49/100\n|-status|p1a: Mandibuzz|brn\n|move|p2a: Toucannon|Beak Blast|p1a: Mandibuzz\n|-damage|p1a: Mandibuzz|64/326 brn\n|\n|-damage|p1a: Mandibuzz|44/326 brn|[from] brn\n|upkeep\n|turn|18\n|inactive|Time left: 300 sec this turn | 300 sec total\n|\n|t:|1783534694\n|move|p1a: Mandibuzz|Foul Play|p2a: Toucannon\n|-damage|p2a: Toucannon|27/100\n|move|p2a: Toucannon|Roost|p2a: Toucannon\n|-heal|p2a: Toucannon|77/100\n|\n|-damage|p1a: Mandibuzz|24/326 brn|[from] brn\n|upkeep\n|turn|19\n|inactive|Time left: 300 sec this turn | 300 sec total\n|\n|t:|1783534695\n|-singleturn|p2a: Toucannon|move: Beak Blast\n|move|p1a: Mandibuzz|Roost|p1a: Mandibuzz\n|-heal|p1a: Mandibuzz|187/326 brn\n|-singleturn|p1a: Mandibuzz|move: Roost\n|move|p2a: Toucannon|Beak Blast|p1a: Mandibuzz\n|-damage|p1a: Mandibuzz|69/326 brn\n|\n|-damage|p1a: Mandibuzz|49/326 brn|[from] brn\n|upkeep\n|turn|20\n|inactive|Time left: 300 sec this turn | 300 sec total\n|\n|t:|1783534696\n|move|p1a: Mandibuzz|Roost|p1a: Mandibuzz\n|-heal|p1a: Mandibuzz|212/326 brn\n|-singleturn|p1a: Mandibuzz|move: Roost\n|move|p2a: Toucannon|Roost|p2a: Toucannon\n|-heal|p2a: Toucannon|100/100\n|\n|-damage|p1a: Mandibuzz|192/326 brn|[from] brn\n|upkeep\n|turn|21\n|inactive|Time left: 300 sec this turn | 300 sec total\n|\n|t:|1783534697\n|-singleturn|p2a: Toucannon|move: Beak Blast\n|move|p1a: Mandibuzz|Roost|p1a: Mandibuzz\n|-heal|p1a: Mandibuzz|326/326 brn\n|-singleturn|p1a: Mandibuzz|move: Roost\n|move|p2a: Toucannon|Beak Blast|p1a: Mandibuzz\n|-damage|p1a: Mandibuzz|199/326 brn\n|\n|-damage|p1a: Mandibuzz|179/326 brn|[from] brn\n|upkeep\n|turn|22\n|inactive|Time left: 300 sec this turn | 300 sec total\n|\n|t:|1783534698\n|-singleturn|p2a: Toucannon|move: Beak Blast\n|move|p1a: Mandibuzz|Roost|p1a: Mandibuzz\n|-heal|p1a: Mandibuzz|326/326 brn\n|-singleturn|p1a: Mandibuzz|move: Roost\n|move|p2a: Toucannon|Beak Blast|p1a: Mandibuzz\n|-damage|p1a: Mandibuzz|199/326 brn\n|\n|-damage|p1a: Mandibuzz|179/326 brn|[from] brn\n|upkeep\n|turn|23\n|inactive|Time left: 300 sec this turn | 300 sec total\n|\n|t:|1783534699\n|-singleturn|p2a: Toucannon|move: Beak Blast\n|move|p1a: Mandibuzz|Roost|p1a: Mandibuzz\n|-heal|p1a: Mandibuzz|326/326 brn\n|-singleturn|p1a: Mandibuzz|move: Roost\n|move|p2a: Toucannon|Beak Blast|p1a: Mandibuzz\n|-damage|p1a: Mandibuzz|206/326 brn\n|\n|-damage|p1a: Mandibuzz|186/326 brn|[from] brn\n|upkeep\n|turn|24\n|inactive|Time left: 300 sec this turn | 300 sec total\n|\n|t:|1783534700\n|move|p1a: Mandibuzz|Roost|p1a: Mandibuzz\n|-heal|p1a: Mandibuzz|326/326 brn\n|-singleturn|p1a: Mandibuzz|move: Roost\n|move|p2a: Toucannon|Boomburst|p1a: Mandibuzz\n|-damage|p1a: Mandibuzz|211/326 brn\n|\n|-damage|p1a: Mandibuzz|191/326 brn|[from] brn\n|upkeep\n|turn|25\n|inactive|Time left: 300 sec this turn | 300 sec total\n|\n|t:|1783534701\n|move|p1a: Mandibuzz|Roost|p1a: Mandibuzz\n|-heal|p1a: Mandibuzz|326/326 brn\n|-singleturn|p1a: Mandibuzz|move: Roost\n|move|p2a: Toucannon|Boomburst|p1a: Mandibuzz\n|-damage|p1a: Mandibuzz|199/326 brn\n|\n|-damage|p1a: Mandibuzz|179/326 brn|[from] brn\n|upkeep\n|turn|26\n|inactive|Time left: 300 sec this turn | 300 sec total\n|\n|t:|1783534702\n|-singleturn|p2a: Toucannon|move: Beak Blast\n|move|p1a: Mandibuzz|Roost|p1a: Mandibuzz\n|-heal|p1a: Mandibuzz|326/326 brn\n|-singleturn|p1a: Mandibuzz|move: Roost\n|move|p2a: Toucannon|Beak Blast|p1a: Mandibuzz\n|-damage|p1a: Mandibuzz|205/326 brn\n|\n|-damage|p1a: Mandibuzz|185/326 brn|[from] brn\n|upkeep\n|turn|27\n|inactive|Time left: 300 sec this turn | 300 sec total\n|\n|t:|1783534703\n|switch|p2a: Galvantula|Galvantula, L82, M|100/100\n|move|p1a: Mandibuzz|Foul Play|p2a: Galvantula\n|-damage|p2a: Galvantula|84/100\n|\n|-damage|p1a: Mandibuzz|165/326 brn|[from] brn\n|upkeep\n|turn|28\n|inactive|Time left: 300 sec this turn | 300 sec total\n|\n|t:|1783534704\n|switch|p1a: Ogerpon|Ogerpon-Cornerstone, L76, F|247/247\n|move|p2a: Galvantula|Thunder|p1a: Ogerpon\n|-resisted|p1a: Ogerpon\n|-damage|p1a: Ogerpon|190/247\n|\n|upkeep\n|turn|29\n|inactive|Time left: 300 sec this turn | 300 sec total\n|\n|t:|1783534705\n|move|p2a: Galvantula|Bug Buzz|p1a: Ogerpon\n|-supereffective|p1a: Ogerpon\n|-damage|p1a: Ogerpon|2/247\n|move|p1a: Ogerpon|Ivy Cudgel|p2a: Galvantula|[anim] Ivy Cudgel Rock\n|-supereffective|p2a: Galvantula\n|-damage|p2a: Galvantula|0 fnt\n|faint|p2a: Galvantula\n|\n|upkeep\n|\n|t:|1783534706\n|switch|p2a: Toucannon|Toucannon, L88, M, tera:Steel|100/100\n|turn|30\n|inactive|Time left: 300 sec this turn | 300 sec total\n|\n|t:|1783534708\n|-singleturn|p2a: Toucannon|move: Beak Blast\n|move|p1a: Ogerpon|Superpower|p2a: Toucannon\n|-supereffective|p2a: Toucannon\n|-damage|p2a: Toucannon|31/100\n|-status|p1a: Ogerpon|brn\n|-unboost|p1a: Ogerpon|atk|1\n|-unboost|p1a: Ogerpon|def|1\n|move|p2a: Toucannon|Beak Blast|p1a: Ogerpon\n|-damage|p1a: Ogerpon|0 fnt\n|faint|p1a: Ogerpon\n|\n|upkeep\n|inactive|Time left: 300 sec this turn | 300 sec total | 5 sec grace\n|\n|t:|1783534708\n|switch|p1a: Mew|Mew, L82|59/298\n|turn|31\n|inactive|Time left: 300 sec this turn | 300 sec total\n|\n|t:|1783534710\n|move|p1a: Mew|Psychic Noise|p2a: Toucannon\n|-resisted|p2a: Toucannon\n|-damage|p2a: Toucannon|15/100\n|-start|p2a: Toucannon|move: Heal Block\n|cant|p2a: Toucannon|move: Heal Block|Roost\n|\n|-heal|p1a: Mew|77/298|[from] item: Leftovers\n|upkeep\n|turn|32\n|inactive|Time left: 300 sec this turn | 300 sec total\n|\n|t:|1783534711\n|-singleturn|p2a: Toucannon|move: Beak Blast\n|move|p1a: Mew|Psychic Noise|p2a: Toucannon\n|-resisted|p2a: Toucannon\n|-damage|p2a: Toucannon|2/100\n|move|p2a: Toucannon|Beak Blast|p1a: Mew\n|-damage|p1a: Mew|0 fnt\n|faint|p1a: Mew\n|\n|-end|p2a: Toucannon|move: Heal Block\n|upkeep\n|inactive|Time left: 300 sec this turn | 300 sec total | 5 sec grace\n|\n|t:|1783534712\n|switch|p1a: Mandibuzz|Mandibuzz, L85, F|165/326 brn\n|turn|33\n|inactive|Time left: 300 sec this turn | 300 sec total\n|\n|t:|1783534713\n|-singleturn|p2a: Toucannon|move: Beak Blast\n|move|p1a: Mandibuzz|Foul Play|p2a: Toucannon\n|-damage|p2a: Toucannon|0 fnt\n|faint|p2a: Toucannon\n|\n|win|p0x121386a", "uploadtime": 1783534713, "views": 0, "rating": 0, "private": 0, "password": null, "_winner": "p0x121386a", "_our_name": "p0x121386a"}