{"id": "battle-gen9randombattle-908", "formatid": "gen9randombattle", "format": "[Gen 9] Random Battle", "players": ["p0x908431a", "p0y9086054"], "log": "|init|battle\n|title|p0x908431a vs. p0y9086054\n|j|\u2606p0x908431a\n|j|\u2606p0y9086054\n|t:|1783549686\n|gametype|singles\n|player|p1|p0x908431a|1|\n|player|p2|p0y9086054|170|\n|gen|9\n|tier|[Gen 9] Random Battle\n|rule|Species Clause: Limit one of each Pok\u00e9mon\n|rule|HP Percentage Mod: HP is shown in percentages\n|rule|Sleep Clause Mod: Limit one foe put to sleep\n|rule|Illusion Level Mod: Illusion disguises the Pok\u00e9mon's true level\n|\n|t:|1783549686\n|teamsize|p1|6\n|teamsize|p2|6\n|start\n|switch|p1a: Grafaiai|Grafaiai, L86, F|100/100\n|switch|p2a: Dudunsparce|Dudunsparce-Three-Segment, L83, M|343/343\n|turn|1\n|inactive|Battle timer is ON: inactive players will automatically lose when time's up. (requested by p0x908431a)\n|inactive|Time left: 300 sec this turn | 300 sec total | 60 sec grace\n|inactive|p0y9086054 also wants the timer to be on.\n|\n|t:|1783549688\n|move|p1a: Grafaiai|Swords Dance|p1a: Grafaiai\n|-boost|p1a: Grafaiai|atk|2\n|move|p2a: Dudunsparce|Headbutt|p1a: Grafaiai\n|-damage|p1a: Grafaiai|64/100\n|\n|upkeep\n|turn|2\n|inactive|Time left: 300 sec this turn | 300 sec total\n|\n|t:|1783549690\n|-terastallize|p2a: Dudunsparce|Ground\n|move|p1a: Grafaiai|Gunk Shot|p2a: Dudunsparce\n|-resisted|p2a: Dudunsparce\n|-damage|p2a: Dudunsparce|148/343\n|-status|p2a: Dudunsparce|psn\n|-damage|p1a: Grafaiai|55/100|[from] item: Life Orb\n|move|p2a: Dudunsparce|Earthquake|p1a: Grafaiai\n|-supereffective|p1a: Grafaiai\n|-damage|p1a: Grafaiai|0 fnt\n|faint|p1a: Grafaiai\n|\n|-heal|p2a: Dudunsparce|169/343 psn|[from] item: Leftovers\n|-damage|p2a: Dudunsparce|127/343 psn|[from] psn\n|upkeep\n|\n|t:|1783549691\n|switch|p1a: Armarouge|Armarouge, L80, F|100/100\n|turn|3\n|inactive|Time left: 300 sec this turn | 300 sec total\n|\n|t:|1783549692\n|switch|p2a: Hydreigon|Hydreigon, L79, F|275/275\n|move|p1a: Armarouge|Armor Cannon|p2a: Hydreigon\n|-resisted|p2a: Hydreigon\n|-damage|p2a: Hydreigon|154/275\n|-unboost|p1a: Armarouge|def|1\n|-unboost|p1a: Armarouge|spd|1\n|\n|upkeep\n|turn|4\n|inactive|Time left: 300 sec this turn | 300 sec total\n|\n|t:|1783549693\n|switch|p1a: Zangoose|Zangoose, L85, F|100/100\n|move|p2a: Hydreigon|Draco Meteor|p1a: Zangoose\n|-damage|p1a: Zangoose|0 fnt\n|-unboost|p2a: Hydreigon|spa|2\n|faint|p1a: Zangoose\n|\n|upkeep\n|\n|t:|1783549694\n|switch|p1a: Zekrom|Zekrom, L71|100/100\n|-ability|p1a: Zekrom|Teravolt\n|turn|5\n|inactive|Time left: 300 sec this turn | 300 sec total\n|\n|t:|1783549695\n|move|p2a: Hydreigon|Draco Meteor|p1a: Zekrom\n|-supereffective|p1a: Zekrom\n|-damage|p1a: Zekrom|1/100\n|-unboost|p2a: Hydreigon|spa|2\n|move|p1a: Zekrom|Dragon Dance|p1a: Zekrom\n|-boost|p1a: Zekrom|atk|1\n|-boost|p1a: Zekrom|spe|1\n|\n|-heal|p1a: Zekrom|7/100|[from] item: Leftovers\n|upkeep\n|turn|6\n|inactive|Time left: 300 sec this turn | 300 sec total\n|\n|t:|1783549696\n|switch|p2a: Dudunsparce|Dudunsparce-Three-Segment, L83, M, tera:Ground|127/343 psn\n|move|p1a: Zekrom|Outrage|p2a: Dudunsparce\n|-damage|p2a: Dudunsparce|0 fnt\n|faint|p2a: Dudunsparce\n|\n|-heal|p1a: Zekrom|13/100|[from] item: Leftovers\n|upkeep\n|inactive|Time left: 300 sec this turn | 300 sec total | 5 sec grace\n|\n|t:|1783549697\n|switch|p2a: Crabominable|Crabominable, L90, F|321/321\n|turn|7\n|inactive|Time left: 300 sec this turn | 300 sec total\n|\n|t:|1783549698\n|move|p1a: Zekrom|Outrage|p2a: Crabominable|[from] lockedmove\n|-damage|p2a: Crabominable|116/321\n|-start|p1a: Zekrom|confusion|[fatigue]\n|move|p2a: Crabominable|Drain Punch|p1a: Zekrom\n|-damage|p1a: Zekrom|0 fnt\n|-heal|p2a: Crabominable|133/321|[from] drain|[of] p1a: Zekrom\n|faint|p1a: Zekrom\n|\n|upkeep\n|\n|t:|1783549699\n|switch|p1a: Basculin|Basculin, L86, F|100/100\n|turn|8\n|inactive|Time left: 300 sec this turn | 300 sec total\n|\n|t:|1783549700\n|move|p1a: Basculin|Wave Crash|p2a: Crabominable\n|-damage|p2a: Crabominable|0 fnt\n|faint|p2a: Crabominable\n|-damage|p1a: Basculin|84/100|[from] Recoil\n|\n|upkeep\n|inactive|Time left: 300 sec this turn | 300 sec total | 5 sec grace\n|\n|t:|1783549700\n|switch|p2a: Hydreigon|Hydreigon, L79, F|154/275\n|turn|9\n|inactive|Time left: 300 sec this turn | 300 sec total\n|\n|t:|1783549701\n|-terastallize|p1a: Basculin|Water\n|move|p1a: Basculin|Wave Crash|p2a: Hydreigon\n|-resisted|p2a: Hydreigon\n|-damage|p2a: Hydreigon|10/275\n|-damage|p1a: Basculin|65/100|[from] Recoil\n|move|p2a: Hydreigon|Dark Pulse|p1a: Basculin\n|-damage|p1a: Basculin|0 fnt\n|faint|p1a: Basculin\n|\n|upkeep\n|\n|t:|1783549702\n|switch|p1a: Dondozo|Dondozo, L78, F|100/100\n|turn|10\n|inactive|Time left: 300 sec this turn | 300 sec total\n|\n|t:|1783549703\n|move|p2a: Hydreigon|Dark Pulse|p1a: Dondozo\n|-crit|p1a: Dondozo\n|-damage|p1a: Dondozo|28/100\n|move|p1a: Dondozo|Wave Crash|p2a: Hydreigon\n|-resisted|p2a: Hydreigon\n|-damage|p2a: Hydreigon|0 fnt\n|faint|p2a: Hydreigon\n|-damage|p1a: Dondozo|27/100|[from] Recoil\n|\n|-heal|p1a: Dondozo|33/100|[from] item: Leftovers\n|upkeep\n|inactive|Time left: 300 sec this turn | 300 sec total | 5 sec grace\n|\n|t:|1783549704\n|switch|p2a: Golurk|Golurk, L87|297/297\n|turn|11\n|inactive|Time left: 300 sec this turn | 300 sec total\n|\n|t:|1783549705\n|move|p2a: Golurk|Earthquake|p1a: Dondozo\n|-damage|p1a: Dondozo|0 fnt\n|faint|p1a: Dondozo\n|\n|upkeep\n|\n|t:|1783549705\n|switch|p1a: Armarouge|Armarouge, L80, F|100/100\n|turn|12\n|inactive|Time left: 300 sec this turn | 300 sec total\n|\n|t:|1783549706\n|move|p1a: Armarouge|Energy Ball|p2a: Golurk\n|-supereffective|p2a: Golurk\n|-crit|p2a: Golurk\n|-damage|p2a: Golurk|0 fnt\n|faint|p2a: Golurk\n|\n|upkeep\n|inactive|Time left: 300 sec this turn | 300 sec total | 5 sec grace\n|\n|t:|1783549707\n|switch|p2a: Araquanid|Araquanid, L82, F|246/246\n|turn|13\n|inactive|Time left: 300 sec this turn | 300 sec total\n|\n|t:|1783549708\n|move|p1a: Armarouge|Energy Ball|p2a: Araquanid\n|-damage|p2a: Araquanid|162/246\n|move|p2a: Araquanid|Hydro Pump|p1a: Armarouge\n|-supereffective|p1a: Armarouge\n|-damage|p1a: Armarouge|0 fnt\n|faint|p1a: Armarouge\n|\n|win|p0y9086054", "uploadtime": 1783549708, "views": 0, "rating": 0, "private": 0, "password": null, "_winner": "p0y9086054", "_our_name": "p0y9086054"}