{"id": "battle-gen9randombattle-810", "formatid": "gen9randombattle", "format": "[Gen 9] Random Battle", "players": ["p0x810b63a", "p0y810a11b"], "log": "|init|battle\n|title|p0x810b63a vs. p0y810a11b\n|j|\u2606p0x810b63a\n|j|\u2606p0y810a11b\n|t:|1783548544\n|gametype|singles\n|player|p1|p0x810b63a|2|\n|player|p2|p0y810a11b|169|\n|gen|9\n|tier|[Gen 9] Random Battle\n|rule|Species Clause: Limit one of each Pok\u00e9mon\n|rule|HP Percentage Mod: HP is shown in percentages\n|rule|Sleep Clause Mod: Limit one foe put to sleep\n|rule|Illusion Level Mod: Illusion disguises the Pok\u00e9mon's true level\n|\n|t:|1783548544\n|teamsize|p1|6\n|teamsize|p2|6\n|start\n|switch|p1a: Calyrex|Calyrex, L93|337/337\n|switch|p2a: Perrserker|Perrserker, L89, F|100/100\n|-ability|p1a: Calyrex|Unnerve\n|turn|1\n|inactive|Battle timer is ON: inactive players will automatically lose when time's up. (requested by p0x810b63a)\n|inactive|p0y810a11b also wants the timer to be on.\n|\n|t:|1783548546\n|switch|p1a: Arbok|Arbok, L87, F|246/246\n|-ability|p1a: Arbok|Intimidate|boost\n|-unboost|p2a: Perrserker|atk|1\n|move|p2a: Perrserker|U-turn|p1a: Arbok\n|-resisted|p1a: Arbok\n|-damage|p1a: Arbok|206/246\n|-damage|p2a: Perrserker|91/100|[from] item: Life Orb\n|\n|t:|1783548547\n|switch|p2a: Girafarig|Girafarig, L89, M|100/100|[from] U-turn\n|\n|-heal|p1a: Arbok|221/246|[from] item: Leftovers\n|upkeep\n|turn|2\n|inactive|Time left: 300 sec this turn | 300 sec total\n|\n|t:|1783548548\n|move|p2a: Girafarig|Psychic|p1a: Arbok\n|-supereffective|p1a: Arbok\n|-damage|p1a: Arbok|0 fnt\n|faint|p1a: Arbok\n|\n|upkeep\n|inactive|Time left: 300 sec this turn | 300 sec total | 5 sec grace\n|\n|t:|1783548549\n|switch|p1a: Tauros|Tauros-Paldea-Combat, L82, M|257/257\n|-ability|p1a: Tauros|Intimidate|boost\n|-unboost|p2a: Girafarig|atk|1\n|turn|3\n|inactive|Time left: 300 sec this turn | 300 sec total\n|\n|t:|1783548550\n|move|p1a: Tauros|Throat Chop|p2a: Girafarig\n|-supereffective|p2a: Girafarig\n|-crit|p2a: Girafarig\n|-damage|p2a: Girafarig|24/100\n|-start|p2a: Girafarig|Throat Chop|[silent]\n|move|p2a: Girafarig|Psychic|p1a: Tauros\n|-supereffective|p1a: Tauros\n|-damage|p1a: Tauros|15/257\n|\n|upkeep\n|turn|4\n|inactive|Time left: 300 sec this turn | 300 sec total\n|\n|t:|1783548551\n|switch|p2a: Perrserker|Perrserker, L89, F|91/100\n|move|p1a: Tauros|Throat Chop|p2a: Perrserker\n|-damage|p2a: Perrserker|63/100\n|-start|p2a: Perrserker|Throat Chop|[silent]\n|\n|upkeep\n|turn|5\n|inactive|Time left: 300 sec this turn | 300 sec total\n|\n|t:|1783548552\n|move|p1a: Tauros|Throat Chop|p2a: Perrserker\n|-damage|p2a: Perrserker|36/100\n|move|p2a: Perrserker|Stealth Rock|p1a: Tauros\n|-sidestart|p1: p0x810b63a|move: Stealth Rock\n|\n|-end|p2a: Perrserker|Throat Chop|[silent]\n|upkeep\n|turn|6\n|inactive|Time left: 300 sec this turn | 300 sec total\n|\n|t:|1783548553\n|move|p1a: Tauros|Throat Chop|p2a: Perrserker\n|-damage|p2a: Perrserker|6/100\n|-start|p2a: Perrserker|Throat Chop|[silent]\n|move|p2a: Perrserker|U-turn|p1a: Tauros\n|-resisted|p1a: Tauros\n|-damage|p1a: Tauros|0 fnt\n|faint|p1a: Tauros\n|-damage|p2a: Perrserker|0 fnt|[from] item: Life Orb\n|faint|p2a: Perrserker\n|\n|upkeep\n|inactive|Time left: 300 sec this turn | 300 sec total | 5 sec grace\n|\n|t:|1783548553\n|switch|p1a: Exeggutor|Exeggutor-Alola, L89, M|314/314\n|switch|p2a: Girafarig|Girafarig, L89, M|24/100\n|-damage|p1a: Exeggutor|275/314|[from] Stealth Rock\n|turn|7\n|inactive|Time left: 300 sec this turn | 300 sec total\n|\n|t:|1783548554\n|move|p2a: Girafarig|Psychic|p1a: Exeggutor\n|-damage|p1a: Exeggutor|175/314\n|move|p1a: Exeggutor|Dragon Pulse|p2a: Girafarig\n|-damage|p2a: Girafarig|0 fnt\n|faint|p2a: Girafarig\n|\n|upkeep\n|\n|t:|1783548555\n|switch|p2a: Sneasler|Sneasler, L74, M|100/100\n|turn|8\n|inactive|Time left: 300 sec this turn | 300 sec total\n|\n|t:|1783548556\n|move|p2a: Sneasler|Gunk Shot|p1a: Exeggutor|[miss]\n|-miss|p2a: Sneasler|p1a: Exeggutor\n|move|p1a: Exeggutor|Dragon Pulse|p2a: Sneasler\n|-damage|p2a: Sneasler|39/100\n|\n|upkeep\n|turn|9\n|inactive|Time left: 300 sec this turn | 300 sec total\n|\n|t:|1783548557\n|move|p2a: Sneasler|Gunk Shot|p1a: Exeggutor\n|-supereffective|p1a: Exeggutor\n|-damage|p1a: Exeggutor|0 fnt\n|faint|p1a: Exeggutor\n|\n|upkeep\n|inactive|Time left: 300 sec this turn | 300 sec total | 5 sec grace\n|\n|t:|1783548558\n|switch|p1a: Eternatus|Eternatus, L69|308/308\n|-damage|p1a: Eternatus|270/308|[from] Stealth Rock\n|-ability|p1a: Eternatus|Pressure\n|turn|10\n|inactive|Time left: 300 sec this turn | 300 sec total\n|\n|t:|1783548559\n|switch|p2a: Swampert|Swampert, L83, F|100/100\n|move|p1a: Eternatus|Dynamax Cannon|p2a: Swampert\n|-damage|p2a: Swampert|68/100\n|\n|-heal|p2a: Swampert|74/100|[from] item: Leftovers\n|upkeep\n|turn|11\n|inactive|Time left: 300 sec this turn | 300 sec total\n|\n|t:|1783548560\n|switch|p1a: Calyrex|Calyrex, L93|337/337\n|-ability|p1a: Calyrex|Unnerve\n|-damage|p1a: Calyrex|295/337|[from] Stealth Rock\n|move|p2a: Swampert|Earthquake|p1a: Calyrex\n|-resisted|p1a: Calyrex\n|-damage|p1a: Calyrex|241/337\n|\n|-heal|p1a: Calyrex|262/337|[from] item: Leftovers\n|-heal|p2a: Swampert|80/100|[from] item: Leftovers\n|upkeep\n|turn|12\n|inactive|Time left: 300 sec this turn | 300 sec total\n|\n|t:|1783548562\n|-terastallize|p2a: Swampert|Poison\n|move|p1a: Calyrex|Giga Drain|p2a: Swampert\n|-resisted|p2a: Swampert\n|-damage|p2a: Swampert|67/100\n|-heal|p1a: Calyrex|282/337|[from] drain|[of] p2a: Swampert\n|move|p2a: Swampert|Knock Off|p1a: Calyrex\n|-supereffective|p1a: Calyrex\n|-damage|p1a: Calyrex|148/337\n|-enditem|p1a: Calyrex|Leftovers|[from] move: Knock Off|[of] p2a: Swampert\n|\n|-heal|p2a: Swampert|73/100|[from] item: Leftovers\n|upkeep\n|turn|13\n|inactive|Time left: 300 sec this turn | 300 sec total\n|\n|t:|1783548563\n|move|p1a: Calyrex|Psyshock|p2a: Swampert\n|-supereffective|p2a: Swampert\n|-damage|p2a: Swampert|9/100\n|move|p2a: Swampert|Knock Off|p1a: Calyrex\n|-supereffective|p1a: Calyrex\n|-damage|p1a: Calyrex|52/337\n|\n|-heal|p2a: Swampert|15/100|[from] item: Leftovers\n|upkeep\n|turn|14\n|inactive|Time left: 300 sec this turn | 300 sec total\n|\n|t:|1783548564\n|move|p1a: Calyrex|Psyshock|p2a: Swampert\n|-supereffective|p2a: Swampert\n|-damage|p2a: Swampert|0 fnt\n|faint|p2a: Swampert\n|\n|upkeep\n|\n|t:|1783548565\n|switch|p2a: Greninja|Greninja, L80, M|100/100\n|turn|15\n|inactive|Time left: 300 sec this turn | 300 sec total\n|\n|t:|1783548567\n|move|p2a: Greninja|Dark Pulse|p1a: Calyrex\n|-supereffective|p1a: Calyrex\n|-crit|p1a: Calyrex\n|-damage|p1a: Calyrex|0 fnt\n|faint|p1a: Calyrex\n|-ability|p2a: Greninja|Battle Bond|boost\n|-boost|p2a: Greninja|atk|1\n|-boost|p2a: Greninja|spa|1\n|-boost|p2a: Greninja|spe|1\n|-activate|p2a: Greninja|ability: Battle Bond\n|-damage|p2a: Greninja|91/100|[from] item: Life Orb\n|\n|upkeep\n|inactive|Time left: 300 sec this turn | 300 sec total | 5 sec grace\n|\n|t:|1783548568\n|switch|p1a: Iron Boulder|Iron Boulder, L77|265/265\n|-damage|p1a: Iron Boulder|232/265|[from] Stealth Rock\n|turn|16\n|inactive|Time left: 300 sec this turn | 300 sec total\n|\n|t:|1783548569\n|-terastallize|p1a: Iron Boulder|Fighting\n|move|p2a: Greninja|Dark Pulse|p1a: Iron Boulder\n|-resisted|p1a: Iron Boulder\n|-damage|p1a: Iron Boulder|161/265\n|-damage|p2a: Greninja|81/100|[from] item: Life Orb\n|cant|p1a: Iron Boulder|flinch\n|\n|upkeep\n|turn|17\n|inactive|Time left: 300 sec this turn | 300 sec total\n|\n|t:|1783548570\n|-end|p1a: Iron Boulder|Quark Drive|[silent]\n|switch|p1a: Eternatus|Eternatus, L69|270/308\n|-damage|p1a: Eternatus|232/308|[from] Stealth Rock\n|-ability|p1a: Eternatus|Pressure\n|move|p2a: Greninja|Hydro Pump|p1a: Eternatus\n|-resisted|p1a: Eternatus\n|-damage|p1a: Eternatus|107/308\n|-damage|p2a: Greninja|71/100|[from] item: Life Orb\n|\n|upkeep\n|turn|18\n|inactive|Time left: 300 sec this turn | 300 sec total\n|\n|t:|1783548571\n|switch|p1a: Iron Boulder|Iron Boulder, L77, tera:Fighting|161/265\n|-damage|p1a: Iron Boulder|145/265|[from] Stealth Rock\n|move|p2a: Greninja|Ice Beam|p1a: Iron Boulder\n|-damage|p1a: Iron Boulder|36/265\n|-damage|p2a: Greninja|61/100|[from] item: Life Orb\n|\n|upkeep\n|turn|19\n|inactive|Time left: 300 sec this turn | 300 sec total\n|\n|t:|1783548572\n|move|p2a: Greninja|Ice Beam|p1a: Iron Boulder\n|-damage|p1a: Iron Boulder|0 fnt\n|faint|p1a: Iron Boulder\n|-end|p1a: Iron Boulder|Quark Drive|[silent]\n|-damage|p2a: Greninja|52/100|[from] item: Life Orb\n|\n|upkeep\n|inactive|Time left: 300 sec this turn | 300 sec total | 5 sec grace\n|\n|t:|1783548574\n|switch|p1a: Eternatus|Eternatus, L69|107/308\n|-damage|p1a: Eternatus|69/308|[from] Stealth Rock\n|-ability|p1a: Eternatus|Pressure\n|turn|20\n|inactive|Time left: 300 sec this turn | 300 sec total\n|\n|t:|1783548574\n|move|p2a: Greninja|Ice Beam|p1a: Eternatus\n|-supereffective|p1a: Eternatus\n|-damage|p1a: Eternatus|0 fnt\n|faint|p1a: Eternatus\n|-damage|p2a: Greninja|42/100|[from] item: Life Orb\n|\n|win|p0y810a11b", "uploadtime": 1783548574, "views": 0, "rating": 0, "private": 0, "password": null, "_winner": "p0y810a11b", "_our_name": "p0x810b63a"}