{"id": "battle-gen9randombattle-1121", "formatid": "gen9randombattle", "format": "[Gen 9] Random Battle", "players": ["p0x1121003b", "p0y11216acc"], "log": "|init|battle\n|title|p0x1121003b vs. p0y11216acc\n|j|\u2606p0x1121003b\n|j|\u2606p0y11216acc\n|t:|1783552159\n|gametype|singles\n|player|p1|p0x1121003b|2|\n|player|p2|p0y11216acc|101|\n|gen|9\n|tier|[Gen 9] Random Battle\n|rule|Species Clause: Limit one of each Pok\u00e9mon\n|rule|HP Percentage Mod: HP is shown in percentages\n|rule|Sleep Clause Mod: Limit one foe put to sleep\n|rule|Illusion Level Mod: Illusion disguises the Pok\u00e9mon's true level\n|\n|t:|1783552159\n|teamsize|p1|6\n|teamsize|p2|6\n|start\n|switch|p1a: Qwilfish|Qwilfish, L86, F|100/100\n|switch|p2a: Milotic|Milotic, L83, F|293/293\n|-ability|p1a: Qwilfish|Intimidate|boost\n|-unboost|p2a: Milotic|atk|1\n|-ability|p2a: Milotic|Competitive|boost\n|-boost|p2a: Milotic|spa|2\n|turn|1\n|inactive|Battle timer is ON: inactive players will automatically lose when time's up. (requested by p0x1121003b)\n|inactive|Time left: 300 sec this turn | 300 sec total | 60 sec grace\n|inactive|p0y11216acc also wants the timer to be on.\n|\n|t:|1783552161\n|move|p1a: Qwilfish|Gunk Shot|p2a: Milotic\n|-damage|p2a: Milotic|154/293\n|-status|p2a: Milotic|psn\n|move|p2a: Milotic|Scald|p1a: Qwilfish\n|-resisted|p1a: Qwilfish\n|-damage|p1a: Qwilfish|57/100\n|\n|-heal|p2a: Milotic|172/293 psn|[from] item: Leftovers\n|-damage|p2a: Milotic|136/293 psn|[from] psn\n|upkeep\n|turn|2\n|inactive|Time left: 300 sec this turn | 300 sec total\n|\n|t:|1783552162\n|move|p1a: Qwilfish|Gunk Shot|p2a: Milotic\n|-damage|p2a: Milotic|0 fnt\n|faint|p2a: Milotic\n|\n|upkeep\n|inactive|Time left: 300 sec this turn | 300 sec total | 5 sec grace\n|\n|t:|1783552163\n|switch|p2a: Weavile|Weavile, L79, M|239/239\n|turn|3\n|inactive|Time left: 300 sec this turn | 300 sec total\n|\n|t:|1783552164\n|move|p2a: Weavile|Knock Off|p1a: Qwilfish\n|-damage|p1a: Qwilfish|0 fnt\n|-enditem|p1a: Qwilfish|Heavy-Duty Boots|[from] move: Knock Off|[of] p2a: Weavile\n|faint|p1a: Qwilfish\n|\n|upkeep\n|\n|t:|1783552165\n|switch|p1a: Lycanroc|Lycanroc-Midnight, L89, M|100/100\n|turn|4\n|inactive|Time left: 300 sec this turn | 300 sec total\n|\n|t:|1783552166\n|move|p2a: Weavile|Knock Off|p1a: Lycanroc\n|-damage|p1a: Lycanroc|41/100\n|-enditem|p1a: Lycanroc|Choice Band|[from] move: Knock Off|[of] p2a: Weavile\n|move|p1a: Lycanroc|Stone Edge|p2a: Weavile\n|-supereffective|p2a: Weavile\n|-damage|p2a: Weavile|0 fnt\n|faint|p2a: Weavile\n|\n|upkeep\n|inactive|Time left: 300 sec this turn | 300 sec total | 5 sec grace\n|\n|t:|1783552167\n|switch|p2a: Latios|Latios, L78, M|253/253\n|turn|5\n|inactive|Time left: 300 sec this turn | 300 sec total\n|\n|t:|1783552168\n|move|p1a: Lycanroc|Sucker Punch|p2a: Latios\n|-supereffective|p2a: Latios\n|-damage|p2a: Latios|107/253\n|move|p2a: Latios|Luster Purge|p1a: Lycanroc\n|-damage|p1a: Lycanroc|0 fnt\n|faint|p1a: Lycanroc\n|\n|upkeep\n|\n|t:|1783552169\n|switch|p1a: Darkrai|Darkrai, L77|100/100\n|turn|6\n|inactive|Time left: 300 sec this turn | 300 sec total\n|\n|t:|1783552170\n|switch|p2a: Carbink|Carbink, L90|236/236\n|move|p1a: Darkrai|Nasty Plot|p1a: Darkrai\n|-boost|p1a: Darkrai|spa|2\n|\n|upkeep\n|turn|7\n|inactive|Time left: 300 sec this turn | 300 sec total\n|\n|t:|1783552171\n|-terastallize|p1a: Darkrai|Poison\n|move|p1a: Darkrai|Sludge Bomb|p2a: Carbink\n|-damage|p2a: Carbink|79/236\n|-damage|p1a: Darkrai|91/100|[from] item: Life Orb\n|move|p2a: Carbink|Body Press|p1a: Darkrai\n|-resisted|p1a: Darkrai\n|-damage|p1a: Darkrai|70/100\n|\n|-heal|p2a: Carbink|93/236|[from] item: Leftovers\n|upkeep\n|turn|8\n|inactive|Time left: 300 sec this turn | 300 sec total\n|\n|t:|1783552172\n|move|p1a: Darkrai|Sludge Bomb|p2a: Carbink\n|-damage|p2a: Carbink|0 fnt\n|faint|p2a: Carbink\n|-damage|p1a: Darkrai|60/100|[from] item: Life Orb\n|\n|upkeep\n|inactive|Time left: 300 sec this turn | 300 sec total | 5 sec grace\n|\n|t:|1783552173\n|switch|p2a: Hatterene|Hatterene, L85, F|236/236\n|turn|9\n|inactive|Time left: 300 sec this turn | 300 sec total\n|\n|t:|1783552174\n|-terastallize|p2a: Hatterene|Steel\n|move|p1a: Darkrai|Sludge Bomb|p2a: Hatterene\n|-immune|p2a: Hatterene\n|move|p2a: Hatterene|Psychic|p1a: Darkrai\n|-supereffective|p1a: Darkrai\n|-damage|p1a: Darkrai|0 fnt\n|faint|p1a: Darkrai\n|\n|upkeep\n|\n|t:|1783552175\n|switch|p1a: Urshifu|Urshifu, L74, F|100/100\n|turn|10\n|inactive|Time left: 300 sec this turn | 300 sec total\n|\n|t:|1783552176\n|switch|p2a: Latios|Latios, L78, M|107/253\n|move|p1a: Urshifu|Close Combat|p2a: Latios\n|-resisted|p2a: Latios\n|-damage|p2a: Latios|4/253\n|-unboost|p1a: Urshifu|def|1\n|-unboost|p1a: Urshifu|spd|1\n|\n|upkeep\n|turn|11\n|inactive|Time left: 300 sec this turn | 300 sec total\n|\n|t:|1783552177\n|move|p2a: Latios|Draco Meteor|p1a: Urshifu\n|-damage|p1a: Urshifu|0 fnt\n|-unboost|p2a: Latios|spa|2\n|faint|p1a: Urshifu\n|\n|upkeep\n|\n|t:|1783552178\n|switch|p1a: Delibird|Delibird, F|100/100\n|turn|12\n|inactive|Time left: 300 sec this turn | 300 sec total\n|\n|t:|1783552179\n|move|p2a: Latios|Draco Meteor|p1a: Delibird\n|-damage|p1a: Delibird|43/100\n|-unboost|p2a: Latios|spa|2\n|move|p1a: Delibird|Drill Run|p2a: Latios\n|-immune|p2a: Latios|[from] ability: Levitate\n|\n|upkeep\n|turn|13\n|inactive|Time left: 300 sec this turn | 300 sec total\n|\n|t:|1783552180\n|move|p2a: Latios|Draco Meteor|p1a: Delibird\n|-damage|p1a: Delibird|0 fnt\n|-unboost|p2a: Latios|spa|2\n|faint|p1a: Delibird\n|\n|upkeep\n|\n|t:|1783552181\n|switch|p1a: Miraidon|Miraidon, L65|100/100\n|-fieldstart|move: Electric Terrain|[from] ability: Hadron Engine|[of] p1a: Miraidon\n|turn|14\n|inactive|Time left: 300 sec this turn | 300 sec total\n|\n|t:|1783552182\n|move|p2a: Latios|Draco Meteor|p1a: Miraidon\n|-supereffective|p1a: Miraidon\n|-damage|p1a: Miraidon|50/100\n|move|p1a: Miraidon|Calm Mind|p1a: Miraidon\n|-boost|p1a: Miraidon|spa|1\n|-boost|p1a: Miraidon|spd|1\n|\n|upkeep\n|turn|15\n|inactive|Time left: 300 sec this turn | 300 sec total\n|\n|t:|1783552183\n|move|p2a: Latios|Draco Meteor|p1a: Miraidon\n|-supereffective|p1a: Miraidon\n|-damage|p1a: Miraidon|14/100\n|move|p1a: Miraidon|Calm Mind|p1a: Miraidon\n|-boost|p1a: Miraidon|spa|1\n|-boost|p1a: Miraidon|spd|1\n|\n|upkeep\n|turn|16\n|inactive|Time left: 300 sec this turn | 300 sec total\n|\n|t:|1783552184\n|move|p2a: Latios|Draco Meteor|p1a: Miraidon\n|-supereffective|p1a: Miraidon\n|-damage|p1a: Miraidon|0 fnt\n|faint|p1a: Miraidon\n|\n|win|p0y11216acc", "uploadtime": 1783552184, "views": 0, "rating": 0, "private": 0, "password": null, "_winner": "p0y11216acc", "_our_name": "p0y11216acc"}