{"id": "battle-gen9randombattle-1866", "formatid": "gen9randombattle", "format": "[Gen 9] Random Battle", "players": ["p0x18662032", "p0y18669c4b"], "log": "|init|battle\n|title|p0x18662032 vs. p0y18669c4b\n|j|\u2606p0x18662032\n|j|\u2606p0y18669c4b\n|t:|1783560874\n|gametype|singles\n|player|p1|p0x18662032|265|\n|player|p2|p0y18669c4b|170|\n|gen|9\n|tier|[Gen 9] Random Battle\n|rule|Species Clause: Limit one of each Pok\u00e9mon\n|rule|HP Percentage Mod: HP is shown in percentages\n|rule|Sleep Clause Mod: Limit one foe put to sleep\n|rule|Illusion Level Mod: Illusion disguises the Pok\u00e9mon's true level\n|\n|t:|1783560874\n|teamsize|p1|6\n|teamsize|p2|6\n|start\n|switch|p1a: Regice|Regice, L88|100/100\n|switch|p2a: Cinccino|Cinccino, L83, M|260/260\n|turn|1\n|inactive|Battle timer is ON: inactive players will automatically lose when time's up. (requested by p0y18669c4b)\n|\n|t:|1783560875\n|move|p2a: Cinccino|Tidy Up|p2a: Cinccino\n|-boost|p2a: Cinccino|atk|1\n|-boost|p2a: Cinccino|spe|1\n|move|p1a: Regice|Ice Beam|p2a: Cinccino\n|-damage|p2a: Cinccino|110/260\n|\n|upkeep\n|turn|2\n|inactive|Time left: 300 sec this turn | 300 sec total\n|inactive|p0x18662032 also wants the timer to be on.\n|\n|t:|1783560876\n|move|p2a: Cinccino|Tail Slap|p1a: Regice\n|-damage|p1a: Regice|81/100\n|-damage|p1a: Regice|63/100\n|-damage|p1a: Regice|45/100\n|-damage|p1a: Regice|27/100\n|-hitcount|p1a: Regice|4\n|move|p1a: Regice|Body Press|p2a: Cinccino\n|-supereffective|p2a: Cinccino\n|-damage|p2a: Cinccino|0 fnt\n|faint|p2a: Cinccino\n|\n|upkeep\n|inactive|Time left: 300 sec this turn | 300 sec total | 5 sec grace\n|\n|t:|1783560877\n|switch|p2a: Iron Thorns|Iron Thorns, L83|302/302\n|-enditem|p2a: Iron Thorns|Booster Energy\n|-activate|p2a: Iron Thorns|ability: Quark Drive|[fromitem]\n|-start|p2a: Iron Thorns|quarkdriveatk\n|turn|3\n|inactive|Time left: 300 sec this turn | 300 sec total\n|\n|t:|1783560878\n|switch|p1a: Bellossom|Bellossom, L84, F|100/100\n|move|p2a: Iron Thorns|Dragon Dance|p2a: Iron Thorns\n|-boost|p2a: Iron Thorns|atk|1\n|-boost|p2a: Iron Thorns|spe|1\n|\n|upkeep\n|turn|4\n|inactive|Time left: 300 sec this turn | 300 sec total\n|\n|t:|1783560879\n|-terastallize|p2a: Iron Thorns|Rock\n|move|p2a: Iron Thorns|Stone Edge|p1a: Bellossom\n|-crit|p1a: Bellossom\n|-damage|p1a: Bellossom|0 fnt\n|faint|p1a: Bellossom\n|\n|upkeep\n|\n|t:|1783560880\n|switch|p1a: Whiscash|Whiscash, L88, F|100/100\n|turn|5\n|inactive|Time left: 300 sec this turn | 300 sec total\n|\n|t:|1783560881\n|move|p2a: Iron Thorns|Earthquake|p1a: Whiscash\n|-damage|p1a: Whiscash|44/100\n|move|p1a: Whiscash|Hydro Pump|p2a: Iron Thorns\n|-supereffective|p2a: Iron Thorns\n|-damage|p2a: Iron Thorns|62/302\n|\n|-heal|p1a: Whiscash|51/100|[from] item: Leftovers\n|upkeep\n|turn|6\n|inactive|Time left: 300 sec this turn | 300 sec total\n|\n|t:|1783560882\n|switch|p1a: Regice|Regice, L88|27/100\n|move|p2a: Iron Thorns|Earthquake|p1a: Regice\n|-crit|p1a: Regice\n|-damage|p1a: Regice|0 fnt\n|faint|p1a: Regice\n|\n|upkeep\n|\n|t:|1783560883\n|switch|p1a: Dragapult|Dragapult, L77, F|100/100\n|turn|7\n|inactive|Time left: 300 sec this turn | 300 sec total\n|\n|t:|1783560884\n|move|p1a: Dragapult|Shadow Ball|p2a: Iron Thorns\n|-damage|p2a: Iron Thorns|0 fnt\n|faint|p2a: Iron Thorns\n|-end|p2a: Iron Thorns|Quark Drive|[silent]\n|\n|upkeep\n|inactive|Time left: 300 sec this turn | 300 sec total | 5 sec grace\n|\n|t:|1783560884\n|switch|p2a: Chi-Yu|Chi-Yu, L77|211/211\n|-ability|p2a: Chi-Yu|Beads of Ruin\n|turn|8\n|inactive|Time left: 300 sec this turn | 300 sec total\n|\n|t:|1783560886\n|switch|p1a: Blastoise|Blastoise, L80, M|100/100\n|move|p2a: Chi-Yu|Dark Pulse|p1a: Blastoise\n|-damage|p1a: Blastoise|55/100\n|\n|upkeep\n|turn|9\n|inactive|Time left: 300 sec this turn | 300 sec total\n|\n|t:|1783560887\n|move|p2a: Chi-Yu|Dark Pulse|p1a: Blastoise\n|-damage|p1a: Blastoise|14/100\n|move|p1a: Blastoise|Shell Smash|p1a: Blastoise\n|-unboost|p1a: Blastoise|def|1\n|-unboost|p1a: Blastoise|spd|1\n|-boost|p1a: Blastoise|atk|2\n|-boost|p1a: Blastoise|spa|2\n|-boost|p1a: Blastoise|spe|2\n|-enditem|p1a: Blastoise|White Herb\n|-clearnegativeboost|p1a: Blastoise|[silent]\n|\n|upkeep\n|turn|10\n|inactive|Time left: 300 sec this turn | 300 sec total\n|\n|t:|1783560888\n|move|p1a: Blastoise|Hydro Pump|p2a: Chi-Yu\n|-supereffective|p2a: Chi-Yu\n|-damage|p2a: Chi-Yu|0 fnt\n|faint|p2a: Chi-Yu\n|\n|upkeep\n|inactive|Time left: 300 sec this turn | 300 sec total | 5 sec grace\n|\n|t:|1783560889\n|switch|p2a: Regidrago|Regidrago, L77|435/435\n|turn|11\n|inactive|Time left: 300 sec this turn | 300 sec total\n|\n|t:|1783560889\n|move|p1a: Blastoise|Ice Beam|p2a: Regidrago\n|-supereffective|p2a: Regidrago\n|-damage|p2a: Regidrago|93/435\n|move|p2a: Regidrago|Dragon Claw|p1a: Blastoise\n|-damage|p1a: Blastoise|0 fnt\n|faint|p1a: Blastoise\n|-damage|p2a: Regidrago|50/435|[from] item: Life Orb\n|\n|upkeep\n|\n|t:|1783560890\n|switch|p1a: Dragapult|Dragapult, L77, F|100/100\n|turn|12\n|inactive|Time left: 300 sec this turn | 300 sec total\n|\n|t:|1783560891\n|move|p1a: Dragapult|U-turn|p2a: Regidrago\n|-damage|p2a: Regidrago|0 fnt\n|faint|p2a: Regidrago\n|\n|t:|1783560892\n|switch|p1a: Pawmot|Pawmot, L80, M|100/100|[from] U-turn\n|\n|upkeep\n|inactive|Time left: 300 sec this turn | 300 sec total | 10 sec grace\n|\n|t:|1783560893\n|switch|p2a: Scovillain|Scovillain, L91, F|266/266\n|turn|13\n|inactive|Time left: 300 sec this turn | 300 sec total\n|\n|t:|1783560894\n|switch|p1a: Dragapult|Dragapult, L77, F|100/100\n|move|p2a: Scovillain|Energy Ball|p1a: Dragapult\n|-resisted|p1a: Dragapult\n|-damage|p1a: Dragapult|71/100\n|\n|upkeep\n|turn|14\n|inactive|Time left: 300 sec this turn | 300 sec total\n|\n|t:|1783560895\n|-terastallize|p1a: Dragapult|Dragon\n|move|p2a: Scovillain|Energy Ball|p1a: Dragapult\n|-resisted|p1a: Dragapult\n|-damage|p1a: Dragapult|45/100\n|move|p1a: Dragapult|Draco Meteor|p2a: Scovillain\n|-damage|p2a: Scovillain|12/266\n|-unboost|p1a: Dragapult|spa|2\n|\n|upkeep\n|turn|15\n|inactive|Time left: 300 sec this turn | 300 sec total\n|\n|t:|1783560896\n|switch|p2a: Feraligatr|Feraligatr, L79, M|264/264\n|move|p1a: Dragapult|Draco Meteor|p2a: Feraligatr\n|-damage|p2a: Feraligatr|138/264\n|-unboost|p1a: Dragapult|spa|2\n|\n|upkeep\n|turn|16\n|inactive|Time left: 300 sec this turn | 300 sec total\n|\n|t:|1783560897\n|move|p1a: Dragapult|Draco Meteor|p2a: Feraligatr\n|-damage|p2a: Feraligatr|56/264\n|-unboost|p1a: Dragapult|spa|2\n|move|p2a: Feraligatr|Crunch|p1a: Dragapult\n|-damage|p1a: Dragapult|6/100\n|\n|upkeep\n|turn|17\n|inactive|Time left: 300 sec this turn | 300 sec total\n|\n|t:|1783560898\n|move|p1a: Dragapult|Draco Meteor|p2a: Feraligatr\n|-damage|p2a: Feraligatr|0 fnt\n|faint|p2a: Feraligatr\n|\n|upkeep\n|inactive|Time left: 300 sec this turn | 300 sec total | 5 sec grace\n|\n|t:|1783560899\n|switch|p2a: Scovillain|Scovillain, L91, F|12/266\n|turn|18\n|inactive|Time left: 300 sec this turn | 300 sec total\n|\n|t:|1783560899\n|move|p2a: Scovillain|Flamethrower|p1a: Dragapult\n|-resisted|p1a: Dragapult\n|-damage|p1a: Dragapult|0 fnt\n|faint|p1a: Dragapult\n|\n|upkeep\n|\n|t:|1783560900\n|switch|p1a: Whiscash|Whiscash, L88, F|51/100\n|turn|19\n|inactive|Time left: 300 sec this turn | 300 sec total\n|\n|t:|1783560901\n|move|p2a: Scovillain|Flamethrower|p1a: Whiscash\n|-resisted|p1a: Whiscash\n|-damage|p1a: Whiscash|29/100\n|move|p1a: Whiscash|Earthquake|p2a: Scovillain\n|-damage|p2a: Scovillain|0 fnt\n|faint|p2a: Scovillain\n|\n|win|p0x18662032", "uploadtime": 1783560901, "views": 0, "rating": 0, "private": 0, "password": null, "_winner": "p0x18662032", "_our_name": "p0y18669c4b"}