{"id": "battle-gen9randombattle-2286", "formatid": "gen9randombattle", "format": "[Gen 9] Random Battle", "players": ["p0x22863b07", "p0y2286d01e"], "log": "|init|battle\n|title|p0x22863b07 vs. p0y2286d01e\n|j|\u2606p0x22863b07\n|j|\u2606p0y2286d01e\n|t:|1783565535\n|gametype|singles\n|player|p1|p0x22863b07|265|\n|player|p2|p0y2286d01e|169|\n|gen|9\n|tier|[Gen 9] Random Battle\n|rule|Species Clause: Limit one of each Pok\u00e9mon\n|rule|HP Percentage Mod: HP is shown in percentages\n|rule|Sleep Clause Mod: Limit one foe put to sleep\n|rule|Illusion Level Mod: Illusion disguises the Pok\u00e9mon's true level\n|\n|t:|1783565535\n|teamsize|p1|6\n|teamsize|p2|6\n|start\n|switch|p1a: Noctowl|Noctowl, L95, F|100/100\n|switch|p2a: Golem|Golem, L87, F|281/281\n|turn|1\n|inactive|Battle timer is ON: inactive players will automatically lose when time's up. (requested by p0y2286d01e)\n|inactive|p0x22863b07 also wants the timer to be on.\n|\n|t:|1783565537\n|move|p1a: Noctowl|Hyper Voice|p2a: Golem\n|-resisted|p2a: Golem\n|-damage|p2a: Golem|155/281\n|move|p2a: Golem|Stone Edge|p1a: Noctowl\n|-supereffective|p1a: Noctowl\n|-damage|p1a: Noctowl|0 fnt\n|faint|p1a: Noctowl\n|\n|upkeep\n|\n|t:|1783565538\n|switch|p1a: Crabominable|Crabominable, L90, F|100/100\n|turn|2\n|inactive|Time left: 300 sec this turn | 300 sec total\n|\n|t:|1783565539\n|switch|p2a: Vespiquen|Vespiquen, L99, F|299/299\n|-ability|p2a: Vespiquen|Pressure\n|move|p1a: Crabominable|Drain Punch|p2a: Vespiquen\n|-resisted|p2a: Vespiquen\n|-damage|p2a: Vespiquen|262/299\n|\n|upkeep\n|turn|3\n|inactive|Time left: 300 sec this turn | 300 sec total\n|\n|t:|1783565541\n|move|p2a: Vespiquen|Hurricane|p1a: Crabominable\n|-supereffective|p1a: Crabominable\n|-damage|p1a: Crabominable|3/100\n|move|p1a: Crabominable|Drain Punch|p2a: Vespiquen\n|-resisted|p2a: Vespiquen\n|-damage|p2a: Vespiquen|221/299\n|-heal|p1a: Crabominable|10/100|[from] drain|[of] p2a: Vespiquen\n|\n|upkeep\n|turn|4\n|inactive|Time left: 300 sec this turn | 300 sec total\n|\n|t:|1783565542\n|move|p2a: Vespiquen|U-turn|p1a: Crabominable\n|-resisted|p1a: Crabominable\n|-damage|p1a: Crabominable|0 fnt\n|faint|p1a: Crabominable\n|inactive|Time left: 300 sec this turn | 300 sec total | 5 sec grace\n|\n|t:|1783565543\n|switch|p2a: Tyranitar|Tyranitar, L78, M|284/284|[from] U-turn\n|-weather|Sandstorm|[from] ability: Sand Stream|[of] p2a: Tyranitar\n|\n|-weather|Sandstorm|[upkeep]\n|upkeep\n|\n|t:|1783565545\n|switch|p1a: Magearna|Magearna, L77|100/100\n|turn|5\n|inactive|Time left: 300 sec this turn | 300 sec total\n|\n|t:|1783565546\n|move|p1a: Magearna|Shift Gear|p1a: Magearna\n|-boost|p1a: Magearna|spe|2\n|-boost|p1a: Magearna|atk|1\n|move|p2a: Tyranitar|Stealth Rock|p1a: Magearna\n|-sidestart|p1: p0x22863b07|move: Stealth Rock\n|\n|-weather|Sandstorm|[upkeep]\n|upkeep\n|turn|6\n|inactive|Time left: 300 sec this turn | 300 sec total\n|\n|t:|1783565547\n|move|p1a: Magearna|Iron Head|p2a: Tyranitar\n|-supereffective|p2a: Tyranitar\n|-damage|p2a: Tyranitar|98/284\n|move|p2a: Tyranitar|Earthquake|p1a: Magearna\n|-supereffective|p1a: Magearna\n|-damage|p1a: Magearna|43/100\n|-enditem|p1a: Magearna|Weakness Policy\n|-boost|p1a: Magearna|atk|2|[from] item: Weakness Policy\n|-boost|p1a: Magearna|spa|2|[from] item: Weakness Policy\n|\n|-weather|Sandstorm|[upkeep]\n|-heal|p2a: Tyranitar|115/284|[from] item: Leftovers\n|upkeep\n|turn|7\n|inactive|Time left: 300 sec this turn | 300 sec total\n|\n|t:|1783565548\n|switch|p2a: Scizor|Scizor, L79, M|240/240\n|move|p1a: Magearna|Iron Head|p2a: Scizor\n|-resisted|p2a: Scizor\n|-damage|p2a: Scizor|156/240\n|\n|-weather|Sandstorm|[upkeep]\n|upkeep\n|turn|8\n|inactive|Time left: 300 sec this turn | 300 sec total\n|\n|t:|1783565549\n|-terastallize|p2a: Scizor|Steel\n|move|p2a: Scizor|Bullet Punch|p1a: Magearna\n|-damage|p1a: Magearna|0 fnt\n|faint|p1a: Magearna\n|\n|-weather|none\n|upkeep\n|\n|t:|1783565550\n|switch|p1a: Grumpig|Grumpig, L92, F|100/100\n|-damage|p1a: Grumpig|88/100|[from] Stealth Rock\n|turn|9\n|inactive|Time left: 300 sec this turn | 300 sec total\n|\n|t:|1783565551\n|move|p2a: Scizor|Bullet Punch|p1a: Grumpig\n|-damage|p1a: Grumpig|34/100\n|move|p1a: Grumpig|Earth Power|p2a: Scizor\n|-supereffective|p2a: Scizor\n|-damage|p2a: Scizor|0 fnt\n|faint|p2a: Scizor\n|\n|-heal|p1a: Grumpig|40/100|[from] item: Leftovers\n|upkeep\n|inactive|Time left: 300 sec this turn | 300 sec total | 5 sec grace\n|\n|t:|1783565552\n|switch|p2a: Vespiquen|Vespiquen, L99, F|221/299\n|-ability|p2a: Vespiquen|Pressure\n|turn|10\n|inactive|Time left: 300 sec this turn | 300 sec total\n|\n|t:|1783565553\n|switch|p1a: Zapdos|Zapdos, L78|100/100\n|move|p2a: Vespiquen|U-turn|p1a: Zapdos\n|-resisted|p1a: Zapdos\n|-damage|p1a: Zapdos|84/100\n|inactive|Time left: 300 sec this turn | 300 sec total | 5 sec grace\n|\n|t:|1783565554\n|switch|p2a: Tyranitar|Tyranitar, L78, M|115/284|[from] U-turn\n|-weather|Sandstorm|[from] ability: Sand Stream|[of] p2a: Tyranitar\n|\n|-weather|Sandstorm|[upkeep]\n|-damage|p1a: Zapdos|78/100|[from] Sandstorm\n|-heal|p2a: Tyranitar|132/284|[from] item: Leftovers\n|upkeep\n|turn|11\n|inactive|Time left: 300 sec this turn | 300 sec total\n|\n|t:|1783565555\n|move|p1a: Zapdos|Roost|p1a: Zapdos\n|-heal|p1a: Zapdos|100/100\n|-singleturn|p1a: Zapdos|move: Roost\n|move|p2a: Tyranitar|Knock Off|p1a: Zapdos\n|-damage|p1a: Zapdos|55/100\n|-enditem|p1a: Zapdos|Heavy-Duty Boots|[from] move: Knock Off|[of] p2a: Tyranitar\n|\n|-weather|Sandstorm|[upkeep]\n|-damage|p1a: Zapdos|49/100|[from] Sandstorm\n|-heal|p2a: Tyranitar|149/284|[from] item: Leftovers\n|upkeep\n|turn|12\n|inactive|Time left: 300 sec this turn | 300 sec total\n|\n|t:|1783565556\n|move|p1a: Zapdos|Roost|p1a: Zapdos\n|-heal|p1a: Zapdos|99/100\n|-singleturn|p1a: Zapdos|move: Roost\n|move|p2a: Tyranitar|Stone Edge|p1a: Zapdos\n|-damage|p1a: Zapdos|49/100\n|\n|-weather|Sandstorm|[upkeep]\n|-damage|p1a: Zapdos|43/100|[from] Sandstorm\n|-heal|p2a: Tyranitar|166/284|[from] item: Leftovers\n|upkeep\n|turn|13\n|inactive|Time left: 300 sec this turn | 300 sec total\n|\n|t:|1783565558\n|move|p1a: Zapdos|Roost|p1a: Zapdos\n|-heal|p1a: Zapdos|93/100\n|-singleturn|p1a: Zapdos|move: Roost\n|move|p2a: Tyranitar|Stone Edge|p1a: Zapdos\n|-damage|p1a: Zapdos|40/100\n|\n|-weather|Sandstorm|[upkeep]\n|-damage|p1a: Zapdos|34/100|[from] Sandstorm\n|-heal|p2a: Tyranitar|183/284|[from] item: Leftovers\n|upkeep\n|turn|14\n|inactive|Time left: 300 sec this turn | 300 sec total\n|\n|t:|1783565559\n|move|p1a: Zapdos|Roost|p1a: Zapdos\n|-heal|p1a: Zapdos|84/100\n|-singleturn|p1a: Zapdos|move: Roost\n|move|p2a: Tyranitar|Stone Edge|p1a: Zapdos\n|-damage|p1a: Zapdos|39/100\n|\n|-weather|none\n|-heal|p2a: Tyranitar|200/284|[from] item: Leftovers\n|upkeep\n|turn|15\n|inactive|Time left: 300 sec this turn | 300 sec total\n|\n|t:|1783565560\n|move|p1a: Zapdos|Thunderbolt|p2a: Tyranitar\n|-damage|p2a: Tyranitar|98/284\n|move|p2a: Tyranitar|Stone Edge|p1a: Zapdos\n|-supereffective|p1a: Zapdos\n|-damage|p1a: Zapdos|0 fnt\n|faint|p1a: Zapdos\n|\n|-heal|p2a: Tyranitar|115/284|[from] item: Leftovers\n|upkeep\n|\n|t:|1783565562\n|switch|p1a: Grumpig|Grumpig, L92, F|40/100\n|-damage|p1a: Grumpig|28/100|[from] Stealth Rock\n|turn|16\n|inactive|Time left: 300 sec this turn | 300 sec total\n|\n|t:|1783565562\n|switch|p2a: Vespiquen|Vespiquen, L99, F|221/299\n|-ability|p2a: Vespiquen|Pressure\n|move|p1a: Grumpig|Dazzling Gleam|p2a: Vespiquen\n|-damage|p2a: Vespiquen|173/299\n|\n|-heal|p1a: Grumpig|34/100|[from] item: Leftovers\n|upkeep\n|turn|17\n|inactive|Time left: 300 sec this turn | 300 sec total\n|\n|t:|1783565563\n|move|p1a: Grumpig|Psychic|p2a: Vespiquen\n|-damage|p2a: Vespiquen|94/299\n|move|p2a: Vespiquen|U-turn|p1a: Grumpig\n|-supereffective|p1a: Grumpig\n|-damage|p1a: Grumpig|0 fnt\n|faint|p1a: Grumpig\n|inactive|Time left: 300 sec this turn | 300 sec total | 5 sec grace\n|\n|t:|1783565564\n|switch|p2a: Tropius|Tropius, L91, M|328/328|[from] U-turn\n|\n|upkeep\n|\n|t:|1783565565\n|switch|p1a: Uxie|Uxie, L83|100/100\n|-damage|p1a: Uxie|88/100|[from] Stealth Rock\n|turn|18\n|inactive|Time left: 300 sec this turn | 300 sec total\n|\n|t:|1783565566\n|move|p1a: Uxie|Thunder Wave|p2a: Tropius\n|-status|p2a: Tropius|par\n|move|p2a: Tropius|Leech Seed|p1a: Uxie\n|-start|p1a: Uxie|move: Leech Seed\n|\n|-heal|p1a: Uxie|94/100|[from] item: Leftovers\n|-damage|p1a: Uxie|82/100|[from] Leech Seed|[of] p2a: Tropius\n|upkeep\n|turn|19\n|inactive|Time left: 300 sec this turn | 300 sec total\n|\n|t:|1783565567\n|switch|p2a: Tyranitar|Tyranitar, L78, M|115/284\n|-weather|Sandstorm|[from] ability: Sand Stream|[of] p2a: Tyranitar\n|move|p1a: Uxie|Thunder Wave|p2a: Tyranitar\n|-status|p2a: Tyranitar|par\n|\n|-weather|Sandstorm|[upkeep]\n|-damage|p1a: Uxie|76/100|[from] Sandstorm\n|-heal|p1a: Uxie|82/100|[from] item: Leftovers\n|-heal|p2a: Tyranitar|132/284 par|[from] item: Leftovers\n|-damage|p1a: Uxie|70/100|[from] Leech Seed|[of] p2a: Tyranitar\n|-heal|p2a: Tyranitar|164/284 par|[silent]\n|upkeep\n|turn|20\n|inactive|Time left: 300 sec this turn | 300 sec total\n|\n|t:|1783565567\n|move|p1a: Uxie|U-turn|p2a: Tyranitar\n|-supereffective|p2a: Tyranitar\n|-damage|p2a: Tyranitar|94/284 par\n|cant|p2a: Tyranitar|par\n|\n|-weather|Sandstorm|[upkeep]\n|-damage|p1a: Uxie|64/100|[from] Sandstorm\n|-heal|p1a: Uxie|70/100|[from] item: Leftovers\n|-heal|p2a: Tyranitar|111/284 par|[from] item: Leftovers\n|-damage|p1a: Uxie|57/100|[from] Leech Seed|[of] p2a: Tyranitar\n|-heal|p2a: Tyranitar|143/284 par|[silent]\n|upkeep\n|turn|21\n|inactive|Time left: 300 sec this turn | 300 sec total\n|\n|t:|1783565568\n|move|p1a: Uxie|Stealth Rock|p2a: Tyranitar\n|-sidestart|p2: p0y2286d01e|move: Stealth Rock\n|move|p2a: Tyranitar|Knock Off|p1a: Uxie\n|-supereffective|p1a: Uxie\n|-damage|p1a: Uxie|0 fnt\n|-enditem|p1a: Uxie|Leftovers|[from] move: Knock Off|[of] p2a: Tyranitar\n|faint|p1a: Uxie\n|\n|win|p0y2286d01e", "uploadtime": 1783565568, "views": 0, "rating": 0, "private": 0, "password": null, "_winner": "p0y2286d01e", "_our_name": "p0y2286d01e"}