{"id": "battle-gen9randombattle-2418", "formatid": "gen9randombattle", "format": "[Gen 9] Random Battle", "players": ["p0x24183efb", "p0y2418759f"], "log": "|init|battle\n|title|p0x24183efb vs. p0y2418759f\n|j|\u2606p0x24183efb\n|j|\u2606p0y2418759f\n|t:|1783567050\n|gametype|singles\n|player|p1|p0x24183efb|169|\n|player|p2|p0y2418759f|266|\n|gen|9\n|tier|[Gen 9] Random Battle\n|rule|Species Clause: Limit one of each Pok\u00e9mon\n|rule|HP Percentage Mod: HP is shown in percentages\n|rule|Sleep Clause Mod: Limit one foe put to sleep\n|rule|Illusion Level Mod: Illusion disguises the Pok\u00e9mon's true level\n|\n|t:|1783567050\n|teamsize|p1|6\n|teamsize|p2|6\n|start\n|switch|p1a: Tauros|Tauros, L82, M|100/100\n|switch|p2a: Meloetta|Meloetta, L82|298/298\n|turn|1\n|inactive|Battle timer is ON: inactive players will automatically lose when time's up. (requested by p0y2418759f)\n|inactive|p0x24183efb also wants the timer to be on.\n|\n|t:|1783567052\n|switch|p2a: Luxray|Luxray, L88, F|284/284\n|-ability|p2a: Luxray|Intimidate|boost\n|-unboost|p1a: Tauros|atk|1\n|move|p1a: Tauros|Body Slam|p2a: Luxray\n|-damage|p2a: Luxray|174/284\n|\n|upkeep\n|turn|2\n|inactive|Time left: 300 sec this turn | 300 sec total\n|\n|t:|1783567053\n|switch|p1a: Rhyperior|Rhyperior, L82, M|100/100\n|move|p2a: Luxray|Volt Switch|p1a: Rhyperior\n|-immune|p1a: Rhyperior\n|\n|upkeep\n|turn|3\n|inactive|Time left: 300 sec this turn | 300 sec total\n|\n|t:|1783567054\n|switch|p2a: Arcanine|Arcanine, L84, M|288/288\n|-ability|p2a: Arcanine|Intimidate|boost\n|-unboost|p1a: Rhyperior|atk|1\n|move|p1a: Rhyperior|Earthquake|p2a: Arcanine\n|-supereffective|p2a: Arcanine\n|-damage|p2a: Arcanine|94/288\n|\n|upkeep\n|turn|4\n|inactive|Time left: 300 sec this turn | 300 sec total\n|\n|t:|1783567055\n|move|p2a: Arcanine|Morning Sun|p2a: Arcanine\n|-heal|p2a: Arcanine|238/288\n|move|p1a: Rhyperior|Stone Edge|p2a: Arcanine\n|-supereffective|p2a: Arcanine\n|-damage|p2a: Arcanine|50/288\n|\n|upkeep\n|turn|5\n|inactive|Time left: 300 sec this turn | 300 sec total\n|\n|t:|1783567056\n|move|p2a: Arcanine|Morning Sun|p2a: Arcanine\n|-heal|p2a: Arcanine|194/288\n|move|p1a: Rhyperior|Earthquake|p2a: Arcanine\n|-supereffective|p2a: Arcanine\n|-damage|p2a: Arcanine|2/288\n|\n|upkeep\n|turn|6\n|inactive|Time left: 300 sec this turn | 300 sec total\n|\n|t:|1783567057\n|move|p2a: Arcanine|Morning Sun|p2a: Arcanine\n|-heal|p2a: Arcanine|146/288\n|move|p1a: Rhyperior|Rock Polish|p1a: Rhyperior\n|-boost|p1a: Rhyperior|spe|2\n|\n|upkeep\n|turn|7\n|inactive|Time left: 300 sec this turn | 300 sec total\n|\n|t:|1783567058\n|switch|p2a: Regidrago|Regidrago, L77|435/435\n|move|p1a: Rhyperior|Earthquake|p2a: Regidrago\n|-damage|p2a: Regidrago|297/435\n|\n|upkeep\n|turn|8\n|inactive|Time left: 300 sec this turn | 300 sec total\n|\n|t:|1783567059\n|move|p1a: Rhyperior|Ice Punch|p2a: Regidrago\n|-supereffective|p2a: Regidrago\n|-damage|p2a: Regidrago|147/435\n|-status|p2a: Regidrago|frz\n|-enditem|p2a: Regidrago|Lum Berry|[eat]\n|-curestatus|p2a: Regidrago|frz|[msg]\n|move|p2a: Regidrago|Outrage|p1a: Rhyperior\n|-damage|p1a: Rhyperior|61/100\n|\n|upkeep\n|turn|9\n|inactive|Time left: 300 sec this turn | 300 sec total\n|\n|t:|1783567060\n|move|p1a: Rhyperior|Ice Punch|p2a: Regidrago\n|-supereffective|p2a: Regidrago\n|-damage|p2a: Regidrago|0 fnt\n|faint|p2a: Regidrago\n|\n|upkeep\n|inactive|Time left: 300 sec this turn | 300 sec total | 5 sec grace\n|\n|t:|1783567061\n|switch|p2a: Scizor|Scizor, L79, F|240/240\n|turn|10\n|inactive|Time left: 300 sec this turn | 300 sec total\n|\n|t:|1783567062\n|move|p1a: Rhyperior|Earthquake|p2a: Scizor\n|-damage|p2a: Scizor|156/240\n|move|p2a: Scizor|U-turn|p1a: Rhyperior\n|-damage|p1a: Rhyperior|31/100\n|inactive|Time left: 300 sec this turn | 300 sec total | 5 sec grace\n|\n|t:|1783567063\n|switch|p2a: Meloetta|Meloetta, L82|298/298|[from] U-turn\n|\n|upkeep\n|turn|11\n|inactive|Time left: 300 sec this turn | 300 sec total\n|\n|t:|1783567064\n|move|p1a: Rhyperior|Stone Edge|p2a: Meloetta\n|-damage|p2a: Meloetta|192/298\n|move|p2a: Meloetta|Triple Axel|p1a: Rhyperior\n|-supereffective|p1a: Rhyperior\n|-damage|p1a: Rhyperior|25/100\n|-enditem|p1a: Rhyperior|Weakness Policy\n|-boost|p1a: Rhyperior|atk|2|[from] item: Weakness Policy\n|-boost|p1a: Rhyperior|spa|2|[from] item: Weakness Policy\n|-supereffective|p1a: Rhyperior\n|-damage|p1a: Rhyperior|14/100\n|-supereffective|p1a: Rhyperior\n|-damage|p1a: Rhyperior|0 fnt\n|faint|p1a: Rhyperior\n|-hitcount|p1: Rhyperior|3\n|-damage|p2a: Meloetta|163/298|[from] item: Life Orb\n|\n|upkeep\n|\n|t:|1783567065\n|switch|p1a: Iron Moth|Iron Moth, L78|100/100\n|turn|12\n|inactive|Time left: 300 sec this turn | 300 sec total\n|\n|t:|1783567066\n|move|p1a: Iron Moth|Fiery Dance|p2a: Meloetta\n|-damage|p2a: Meloetta|57/298\n|move|p2a: Meloetta|Knock Off|p1a: Iron Moth\n|-damage|p1a: Iron Moth|57/100\n|-enditem|p1a: Iron Moth|Choice Specs|[from] move: Knock Off|[of] p2a: Meloetta\n|-damage|p2a: Meloetta|28/298|[from] item: Life Orb\n|\n|upkeep\n|turn|13\n|inactive|Time left: 300 sec this turn | 300 sec total\n|\n|t:|1783567067\n|switch|p2a: Coalossal|Coalossal, L89, F|341/341\n|move|p1a: Iron Moth|Fiery Dance|p2a: Coalossal\n|-resisted|p2a: Coalossal\n|-damage|p2a: Coalossal|320/341\n|\n|upkeep\n|turn|14\n|inactive|Time left: 300 sec this turn | 300 sec total\n|\n|t:|1783567068\n|move|p1a: Iron Moth|Sludge Wave|p2a: Coalossal\n|-resisted|p2a: Coalossal\n|-damage|p2a: Coalossal|263/341\n|move|p2a: Coalossal|Stone Edge|p1a: Iron Moth\n|-supereffective|p1a: Iron Moth\n|-damage|p1a: Iron Moth|0 fnt\n|faint|p1a: Iron Moth\n|-end|p1a: Iron Moth|Quark Drive|[silent]\n|\n|upkeep\n|\n|t:|1783567069\n|switch|p1a: Calyrex|Calyrex-Shadow, L64|100/100\n|-ability|p1a: Calyrex|As One\n|-ability|p1a: Calyrex|Unnerve\n|turn|15\n|inactive|Time left: 300 sec this turn | 300 sec total\n|\n|t:|1783567070\n|move|p1a: Calyrex|Nasty Plot|p1a: Calyrex\n|-boost|p1a: Calyrex|spa|2\n|move|p2a: Coalossal|Stone Edge|p1a: Calyrex\n|-damage|p1a: Calyrex|41/100\n|\n|upkeep\n|turn|16\n|inactive|Time left: 300 sec this turn | 300 sec total\n|\n|t:|1783567071\n|switch|p2a: Meloetta|Meloetta, L82|28/298\n|move|p1a: Calyrex|Astral Barrage|p2a: Meloetta\n|-immune|p2a: Meloetta\n|\n|upkeep\n|turn|17\n|inactive|Time left: 300 sec this turn | 300 sec total\n|\n|t:|1783567072\n|move|p1a: Calyrex|Psyshock|p2a: Meloetta\n|-resisted|p2a: Meloetta\n|-damage|p2a: Meloetta|0 fnt\n|faint|p2a: Meloetta\n|-ability|p1a: Calyrex|Grim Neigh|boost\n|-boost|p1a: Calyrex|spa|1\n|-damage|p1a: Calyrex|32/100|[from] item: Life Orb\n|\n|upkeep\n|inactive|Time left: 300 sec this turn | 300 sec total | 5 sec grace\n|\n|t:|1783567073\n|switch|p2a: Scizor|Scizor, L79, F|156/240\n|turn|18\n|inactive|Time left: 300 sec this turn | 300 sec total\n|\n|t:|1783567074\n|switch|p1a: Wo-Chien|Wo-Chien, L83|100/100\n|-ability|p1a: Wo-Chien|Tablets of Ruin\n|move|p2a: Scizor|Bullet Punch|p1a: Wo-Chien\n|-damage|p1a: Wo-Chien|72/100\n|\n|-heal|p1a: Wo-Chien|78/100|[from] item: Leftovers\n|upkeep\n|turn|19\n|inactive|Time left: 300 sec this turn | 300 sec total\n|\n|t:|1783567075\n|move|p2a: Scizor|Bullet Punch|p1a: Wo-Chien\n|-damage|p1a: Wo-Chien|52/100\n|move|p1a: Wo-Chien|Knock Off|p2a: Scizor\n|-damage|p2a: Scizor|72/240\n|-enditem|p2a: Scizor|Choice Band|[from] move: Knock Off|[of] p1a: Wo-Chien\n|\n|-heal|p1a: Wo-Chien|58/100|[from] item: Leftovers\n|upkeep\n|turn|20\n|inactive|Time left: 300 sec this turn | 300 sec total\n|\n|t:|1783567076\n|switch|p1a: Heracross|Heracross, L80, F|100/100\n|move|p2a: Scizor|U-turn|p1a: Heracross\n|-resisted|p1a: Heracross\n|-damage|p1a: Heracross|83/100\n|inactive|Time left: 300 sec this turn | 300 sec total | 5 sec grace\n|\n|t:|1783567077\n|switch|p2a: Arcanine|Arcanine, L84, M|146/288|[from] U-turn\n|-ability|p2a: Arcanine|Intimidate|boost\n|-unboost|p1a: Heracross|atk|1\n|\n|upkeep\n|turn|21\n|inactive|Time left: 300 sec this turn | 300 sec total\n|\n|t:|1783567078\n|move|p1a: Heracross|Earthquake|p2a: Arcanine\n|-supereffective|p2a: Arcanine\n|-damage|p2a: Arcanine|32/288\n|move|p2a: Arcanine|Flare Blitz|p1a: Heracross\n|-supereffective|p1a: Heracross\n|-damage|p1a: Heracross|0 fnt\n|faint|p1a: Heracross\n|-damage|p2a: Arcanine|0 fnt|[from] Recoil\n|faint|p2a: Arcanine\n|\n|upkeep\n|inactive|Time left: 300 sec this turn | 300 sec total | 5 sec grace\n|\n|t:|1783567079\n|switch|p2a: Scizor|Scizor, L79, F|72/240\n|switch|p1a: Tauros|Tauros, L82, M|100/100\n|turn|22\n|inactive|Time left: 300 sec this turn | 300 sec total\n|\n|t:|1783567080\n|move|p2a: Scizor|Bullet Punch|p1a: Tauros\n|-damage|p1a: Tauros|73/100\n|move|p1a: Tauros|Earthquake|p2a: Scizor\n|-damage|p2a: Scizor|0 fnt\n|faint|p2a: Scizor\n|-damage|p1a: Tauros|64/100|[from] item: Life Orb\n|\n|upkeep\n|inactive|Time left: 300 sec this turn | 300 sec total | 5 sec grace\n|\n|t:|1783567081\n|switch|p2a: Luxray|Luxray, L88, F|174/284\n|-ability|p2a: Luxray|Intimidate|boost\n|-unboost|p1a: Tauros|atk|1\n|turn|23\n|inactive|Time left: 300 sec this turn | 300 sec total\n|\n|t:|1783567082\n|-terastallize|p1a: Tauros|Ground\n|move|p1a: Tauros|Earthquake|p2a: Luxray\n|-supereffective|p2a: Luxray\n|-crit|p2a: Luxray\n|-damage|p2a: Luxray|0 fnt\n|faint|p2a: Luxray\n|-damage|p1a: Tauros|54/100|[from] item: Life Orb\n|\n|upkeep\n|inactive|Time left: 300 sec this turn | 300 sec total | 5 sec grace\n|\n|t:|1783567083\n|switch|p2a: Coalossal|Coalossal, L89, F|263/341\n|turn|24\n|inactive|Time left: 300 sec this turn | 300 sec total\n|\n|t:|1783567084\n|-terastallize|p2a: Coalossal|Grass\n|move|p1a: Tauros|Earthquake|p2a: Coalossal\n|-resisted|p2a: Coalossal\n|-damage|p2a: Coalossal|228/341\n|-damage|p1a: Tauros|44/100|[from] item: Life Orb\n|move|p2a: Coalossal|Rapid Spin|p1a: Tauros\n|-damage|p1a: Tauros|32/100\n|-boost|p2a: Coalossal|spe|1\n|\n|upkeep\n|turn|25\n|inactive|Time left: 300 sec this turn | 300 sec total\n|\n|t:|1783567085\n|move|p1a: Tauros|Body Slam|p2a: Coalossal\n|-damage|p2a: Coalossal|146/341\n|move|p2a: Coalossal|Stone Edge|p1a: Tauros|[miss]\n|-miss|p2a: Coalossal|p1a: Tauros\n|\n|upkeep\n|turn|26\n|inactive|Time left: 300 sec this turn | 300 sec total\n|\n|t:|1783567086\n|move|p1a: Tauros|Body Slam|p2a: Coalossal\n|-damage|p2a: Coalossal|68/341\n|move|p2a: Coalossal|Overheat|p1a: Tauros\n|-crit|p1a: Tauros\n|-damage|p1a: Tauros|0 fnt\n|-unboost|p2a: Coalossal|spa|2\n|faint|p1a: Tauros\n|\n|upkeep\n|\n|t:|1783567087\n|switch|p1a: Calyrex|Calyrex-Shadow, L64|32/100\n|-ability|p1a: Calyrex|As One\n|-ability|p1a: Calyrex|Unnerve\n|turn|27\n|inactive|Time left: 300 sec this turn | 300 sec total\n|\n|t:|1783567088\n|move|p1a: Calyrex|Psyshock|p2a: Coalossal\n|-damage|p2a: Coalossal|0 fnt\n|faint|p2a: Coalossal\n|-damage|p1a: Calyrex|22/100|[from] item: Life Orb\n|\n|win|p0x24183efb", "uploadtime": 1783567088, "views": 0, "rating": 0, "private": 0, "password": null, "_winner": "p0x24183efb", "_our_name": "p0y2418759f"}