{"id": "battle-gen9randombattle-950", "formatid": "gen9randombattle", "format": "[Gen 9] Random Battle", "players": ["p0x950c31f", "p0y9508ad8"], "log": "|init|battle\n|title|p0x950c31f vs. p0y9508ad8\n|j|\u2606p0x950c31f\n|j|\u2606p0y9508ad8\n|t:|1783550159\n|gametype|singles\n|player|p1|p0x950c31f|169|\n|player|p2|p0y9508ad8|266|\n|gen|9\n|tier|[Gen 9] Random Battle\n|rule|Species Clause: Limit one of each Pok\u00e9mon\n|rule|HP Percentage Mod: HP is shown in percentages\n|rule|Sleep Clause Mod: Limit one foe put to sleep\n|rule|Illusion Level Mod: Illusion disguises the Pok\u00e9mon's true level\n|\n|t:|1783550159\n|teamsize|p1|6\n|teamsize|p2|6\n|start\n|switch|p1a: Slither Wing|Slither Wing, L81|270/270\n|switch|p2a: Kilowattrel|Kilowattrel, L83, M|100/100\n|turn|1\n|inactive|Battle timer is ON: inactive players will automatically lose when time's up. (requested by p0y9508ad8)\n|inactive|Time left: 300 sec this turn | 300 sec total | 60 sec grace\n|\n|t:|1783550160\n|-end|p1a: Slither Wing|Protosynthesis|[silent]\n|switch|p1a: Dugtrio|Dugtrio-Alola, L84, F|196/196\n|move|p2a: Kilowattrel|Hurricane|p1a: Dugtrio|[miss]\n|-miss|p2a: Kilowattrel|p1a: Dugtrio\n|\n|upkeep\n|turn|2\n|inactive|Time left: 300 sec this turn | 300 sec total\n|inactive|p0x950c31f also wants the timer to be on.\n|\n|t:|1783550161\n|move|p2a: Kilowattrel|Hurricane|p1a: Dugtrio\n|-resisted|p1a: Dugtrio\n|-damage|p1a: Dugtrio|129/196\n|move|p1a: Dugtrio|Stealth Rock|p2a: Kilowattrel\n|-sidestart|p2: p0y9508ad8|move: Stealth Rock\n|\n|upkeep\n|turn|3\n|inactive|Time left: 300 sec this turn | 300 sec total\n|\n|t:|1783550162\n|move|p2a: Kilowattrel|Hurricane|p1a: Dugtrio\n|-resisted|p1a: Dugtrio\n|-damage|p1a: Dugtrio|62/196\n|-start|p1a: Dugtrio|confusion\n|-activate|p1a: Dugtrio|confusion\n|move|p1a: Dugtrio|Stone Edge|p2a: Kilowattrel|[miss]\n|-miss|p1a: Dugtrio|p2a: Kilowattrel\n|\n|upkeep\n|turn|4\n|inactive|Time left: 300 sec this turn | 300 sec total\n|\n|t:|1783550163\n|move|p2a: Kilowattrel|Hurricane|p1a: Dugtrio\n|-resisted|p1a: Dugtrio\n|-damage|p1a: Dugtrio|0 fnt\n|faint|p1a: Dugtrio\n|\n|upkeep\n|inactive|Time left: 300 sec this turn | 300 sec total | 5 sec grace\n|\n|t:|1783550164\n|switch|p1a: Meowstic|Meowstic-F, L89, F|277/277\n|turn|5\n|inactive|Time left: 300 sec this turn | 300 sec total\n|\n|t:|1783550165\n|move|p2a: Kilowattrel|Hurricane|p1a: Meowstic\n|-damage|p1a: Meowstic|157/277\n|move|p1a: Meowstic|Nasty Plot|p1a: Meowstic\n|-boost|p1a: Meowstic|spa|2\n|\n|upkeep\n|turn|6\n|inactive|Time left: 300 sec this turn | 300 sec total\n|\n|t:|1783550166\n|-terastallize|p2a: Kilowattrel|Steel\n|move|p2a: Kilowattrel|Discharge|p1a: Meowstic\n|-damage|p1a: Meowstic|69/277\n|move|p1a: Meowstic|Psychic|p2a: Kilowattrel\n|-resisted|p2a: Kilowattrel\n|-damage|p2a: Kilowattrel|30/100\n|-damage|p1a: Meowstic|42/277|[from] item: Life Orb\n|\n|upkeep\n|turn|7\n|inactive|Time left: 300 sec this turn | 300 sec total\n|\n|t:|1783550167\n|move|p2a: Kilowattrel|Discharge|p1a: Meowstic\n|-damage|p1a: Meowstic|0 fnt\n|faint|p1a: Meowstic\n|\n|upkeep\n|inactive|Time left: 300 sec this turn | 300 sec total | 5 sec grace\n|\n|t:|1783550168\n|switch|p1a: Zangoose|Zangoose, L85, M|263/263\n|turn|8\n|inactive|Time left: 300 sec this turn | 300 sec total\n|\n|t:|1783550169\n|move|p2a: Kilowattrel|Discharge|p1a: Zangoose\n|-damage|p1a: Zangoose|146/263\n|-status|p1a: Zangoose|par\n|move|p1a: Zangoose|Knock Off|p2a: Kilowattrel\n|-damage|p2a: Kilowattrel|0 fnt\n|-enditem|p2a: Kilowattrel|Heavy-Duty Boots|[from] move: Knock Off|[of] p1a: Zangoose\n|faint|p2a: Kilowattrel\n|\n|upkeep\n|\n|t:|1783550170\n|switch|p2a: Emboar|Emboar, L84, F|100/100\n|-damage|p2a: Emboar|88/100|[from] Stealth Rock\n|turn|9\n|inactive|Time left: 300 sec this turn | 300 sec total\n|\n|t:|1783550171\n|move|p2a: Emboar|Close Combat|p1a: Zangoose\n|-supereffective|p1a: Zangoose\n|-damage|p1a: Zangoose|0 fnt\n|-unboost|p2a: Emboar|def|1\n|-unboost|p2a: Emboar|spd|1\n|faint|p1a: Zangoose\n|\n|upkeep\n|inactive|Time left: 300 sec this turn | 300 sec total | 5 sec grace\n|\n|t:|1783550172\n|switch|p1a: Slither Wing|Slither Wing, L81|270/270\n|turn|10\n|inactive|Time left: 300 sec this turn | 300 sec total\n|\n|t:|1783550173\n|switch|p2a: Slowking|Slowking-Galar, L85, F|100/100\n|-damage|p2a: Slowking|88/100|[from] Stealth Rock\n|move|p1a: Slither Wing|Close Combat|p2a: Slowking\n|-resisted|p2a: Slowking\n|-damage|p2a: Slowking|75/100\n|-unboost|p1a: Slither Wing|def|1\n|-unboost|p1a: Slither Wing|spd|1\n|\n|upkeep\n|turn|11\n|inactive|Time left: 300 sec this turn | 300 sec total\n|\n|t:|1783550174\n|move|p1a: Slither Wing|U-turn|p2a: Slowking\n|-damage|p2a: Slowking|43/100\n|inactive|Time left: 300 sec this turn | 300 sec total | 5 sec grace\n|\n|t:|1783550176\n|-end|p1a: Slither Wing|Protosynthesis|[silent]\n|switch|p1a: Rotom|Rotom-Fan, L86|226/226|[from] U-turn\n|move|p2a: Slowking|Sludge Bomb|p1a: Rotom\n|-damage|p1a: Rotom|136/226\n|\n|upkeep\n|turn|12\n|inactive|Time left: 300 sec this turn | 300 sec total\n|\n|t:|1783550177\n|move|p1a: Rotom|Air Slash|p2a: Slowking\n|-damage|p2a: Slowking|26/100\n|move|p2a: Slowking|Sludge Bomb|p1a: Rotom\n|-damage|p1a: Rotom|43/226\n|\n|upkeep\n|turn|13\n|inactive|Time left: 300 sec this turn | 300 sec total\n|\n|t:|1783550178\n|move|p1a: Rotom|Air Slash|p2a: Slowking\n|-damage|p2a: Slowking|9/100\n|move|p2a: Slowking|Surf|p1a: Rotom\n|-damage|p1a: Rotom|0 fnt\n|faint|p1a: Rotom\n|\n|upkeep\n|inactive|Time left: 300 sec this turn | 300 sec total | 5 sec grace\n|\n|t:|1783550179\n|switch|p1a: Corviknight|Corviknight, L80, M|288/288\n|-ability|p1a: Corviknight|Pressure\n|turn|14\n|inactive|Time left: 300 sec this turn | 300 sec total\n|\n|t:|1783550180\n|switch|p2a: Vaporeon|Vaporeon, L86, M|100/100\n|-damage|p2a: Vaporeon|88/100|[from] Stealth Rock\n|move|p1a: Corviknight|Brave Bird|p2a: Vaporeon\n|-damage|p2a: Vaporeon|50/100\n|-damage|p1a: Corviknight|242/288|[from] Recoil\n|\n|-heal|p2a: Vaporeon|56/100|[from] item: Leftovers\n|upkeep\n|turn|15\n|inactive|Time left: 300 sec this turn | 300 sec total\n|\n|t:|1783550181\n|move|p2a: Vaporeon|Scald|p1a: Corviknight\n|-damage|p1a: Corviknight|134/288\n|move|p1a: Corviknight|Roost|p1a: Corviknight\n|-heal|p1a: Corviknight|278/288\n|-singleturn|p1a: Corviknight|move: Roost\n|\n|-heal|p2a: Vaporeon|62/100|[from] item: Leftovers\n|upkeep\n|turn|16\n|inactive|Time left: 300 sec this turn | 300 sec total\n|\n|t:|1783550182\n|move|p2a: Vaporeon|Scald|p1a: Corviknight\n|-damage|p1a: Corviknight|173/288\n|-status|p1a: Corviknight|brn\n|move|p1a: Corviknight|Brave Bird|p2a: Vaporeon\n|-damage|p2a: Vaporeon|43/100\n|-damage|p1a: Corviknight|150/288 brn|[from] Recoil\n|\n|-heal|p2a: Vaporeon|49/100|[from] item: Leftovers\n|-damage|p1a: Corviknight|132/288 brn|[from] brn\n|upkeep\n|turn|17\n|inactive|Time left: 300 sec this turn | 300 sec total\n|\n|t:|1783550183\n|move|p2a: Vaporeon|Wish|p2a: Vaporeon\n|move|p1a: Corviknight|Roost|p1a: Corviknight\n|-heal|p1a: Corviknight|276/288 brn\n|-singleturn|p1a: Corviknight|move: Roost\n|\n|-heal|p2a: Vaporeon|55/100|[from] item: Leftovers\n|-damage|p1a: Corviknight|258/288 brn|[from] brn\n|upkeep\n|turn|18\n|inactive|Time left: 300 sec this turn | 300 sec total\n|\n|t:|1783550185\n|switch|p2a: Slowking|Slowking-Galar, L85, F|42/100\n|-damage|p2a: Slowking|30/100|[from] Stealth Rock\n|move|p1a: Corviknight|Roost|p1a: Corviknight\n|-heal|p1a: Corviknight|288/288 brn\n|-singleturn|p1a: Corviknight|move: Roost\n|\n|-heal|p2a: Slowking|90/100|[from] move: Wish|[wisher] Vaporeon\n|-damage|p1a: Corviknight|270/288 brn|[from] brn\n|upkeep\n|turn|19\n|inactive|Time left: 300 sec this turn | 300 sec total\n|\n|t:|1783550186\n|move|p1a: Corviknight|Brave Bird|p2a: Slowking\n|-damage|p2a: Slowking|72/100\n|-damage|p1a: Corviknight|252/288 brn|[from] Recoil\n|move|p2a: Slowking|Psychic Noise|p1a: Corviknight\n|-resisted|p1a: Corviknight\n|-damage|p1a: Corviknight|198/288 brn\n|-start|p1a: Corviknight|move: Heal Block\n|\n|-damage|p1a: Corviknight|180/288 brn|[from] brn\n|upkeep\n|turn|20\n|inactive|Time left: 300 sec this turn | 300 sec total\n|\n|t:|1783550187\n|move|p1a: Corviknight|Brave Bird|p2a: Slowking\n|-damage|p2a: Slowking|52/100\n|-damage|p1a: Corviknight|160/288 brn|[from] Recoil\n|move|p2a: Slowking|Fire Blast|p1a: Corviknight\n|-supereffective|p1a: Corviknight\n|-damage|p1a: Corviknight|0 fnt\n|faint|p1a: Corviknight\n|\n|upkeep\n|inactive|Time left: 300 sec this turn | 300 sec total | 5 sec grace\n|\n|t:|1783550188\n|switch|p1a: Slither Wing|Slither Wing, L81|270/270\n|turn|21\n|inactive|Time left: 300 sec this turn | 300 sec total\n|\n|t:|1783550189\n|move|p1a: Slither Wing|U-turn|p2a: Slowking\n|-damage|p2a: Slowking|21/100\n|move|p2a: Slowking|Psychic Noise|p1a: Slither Wing\n|-supereffective|p1a: Slither Wing\n|-damage|p1a: Slither Wing|96/270\n|-start|p1a: Slither Wing|move: Heal Block\n|\n|upkeep\n|turn|22\n|inactive|Time left: 300 sec this turn | 300 sec total\n|\n|t:|1783550190\n|move|p1a: Slither Wing|U-turn|p2a: Slowking\n|-damage|p2a: Slowking|0 fnt\n|faint|p2a: Slowking\n|\n|-end|p1a: Slither Wing|move: Heal Block\n|upkeep\n|\n|t:|1783550191\n|switch|p2a: Emboar|Emboar, L84, F|88/100\n|-damage|p2a: Emboar|76/100|[from] Stealth Rock\n|turn|23\n|inactive|Time left: 300 sec this turn | 300 sec total\n|\n|t:|1783550192\n|move|p1a: Slither Wing|Morning Sun|p1a: Slither Wing\n|-heal|p1a: Slither Wing|231/270\n|move|p2a: Emboar|Flare Blitz|p1a: Slither Wing\n|-supereffective|p1a: Slither Wing\n|-damage|p1a: Slither Wing|0 fnt\n|faint|p1a: Slither Wing\n|-end|p1a: Slither Wing|Protosynthesis|[silent]\n|-damage|p2a: Emboar|52/100|[from] Recoil\n|\n|win|p0y9508ad8", "uploadtime": 1783550192, "views": 0, "rating": 0, "private": 0, "password": null, "_winner": "p0y9508ad8", "_our_name": "p0x950c31f"}