{"id": "battle-gen9randombattle-83", "formatid": "gen9randombattle", "format": "[Gen 9] Random Battle", "players": ["p0x083129d", "p0y0832d38"], "log": "|init|battle\n|title|p0x083129d vs. p0y0832d38\n|j|\u2606p0x083129d\n|j|\u2606p0y0832d38\n|t:|1783540150\n|gametype|singles\n|player|p1|p0x083129d|1|\n|player|p2|p0y0832d38|265|\n|gen|9\n|tier|[Gen 9] Random Battle\n|rule|Species Clause: Limit one of each Pok\u00e9mon\n|rule|HP Percentage Mod: HP is shown in percentages\n|rule|Sleep Clause Mod: Limit one foe put to sleep\n|rule|Illusion Level Mod: Illusion disguises the Pok\u00e9mon's true level\n|\n|t:|1783540150\n|teamsize|p1|6\n|teamsize|p2|6\n|start\n|switch|p1a: Camerupt|Camerupt, L91, M|275/275\n|switch|p2a: Primarina|Primarina, L83, M|100/100\n|turn|1\n|inactive|Battle timer is ON: inactive players will automatically lose when time's up. (requested by p0x083129d)\n|inactive|p0y0832d38 also wants the timer to be on.\n|\n|t:|1783540151\n|move|p2a: Primarina|Hydro Pump|p1a: Camerupt\n|-supereffective|p1a: Camerupt\n|-damage|p1a: Camerupt|0 fnt\n|faint|p1a: Camerupt\n|\n|upkeep\n|inactive|Time left: 300 sec this turn | 300 sec total | 65 sec grace\n|\n|t:|1783540152\n|switch|p1a: Regieleki|Regieleki, L79|256/256\n|turn|2\n|inactive|Time left: 300 sec this turn | 300 sec total\n|\n|t:|1783540154\n|move|p1a: Regieleki|Volt Switch|p2a: Primarina\n|-supereffective|p2a: Primarina\n|-damage|p2a: Primarina|33/100\n|inactive|Time left: 300 sec this turn | 300 sec total | 5 sec grace\n|\n|t:|1783540155\n|switch|p1a: Rayquaza|Rayquaza, L72|270/270|[from] Volt Switch\n|-ability|p1a: Rayquaza|Air Lock\n|move|p2a: Primarina|Hydro Pump|p1a: Rayquaza\n|-resisted|p1a: Rayquaza\n|-damage|p1a: Rayquaza|91/270\n|\n|upkeep\n|turn|3\n|inactive|Time left: 300 sec this turn | 300 sec total\n|\n|t:|1783540156\n|switch|p2a: Suicune|Suicune, L82|100/100\n|-ability|p2a: Suicune|Pressure\n|move|p1a: Rayquaza|Dragon Ascent|p2a: Suicune\n|-damage|p2a: Suicune|43/100\n|-unboost|p1a: Rayquaza|def|1\n|-unboost|p1a: Rayquaza|spd|1\n|\n|-heal|p2a: Suicune|49/100|[from] item: Leftovers\n|upkeep\n|turn|4\n|inactive|Time left: 300 sec this turn | 300 sec total\n|\n|t:|1783540157\n|move|p2a: Suicune|Ice Beam|p1a: Rayquaza\n|-supereffective|p1a: Rayquaza\n|-damage|p1a: Rayquaza|0 fnt\n|faint|p1a: Rayquaza\n|\n|-heal|p2a: Suicune|55/100|[from] item: Leftovers\n|upkeep\n|inactive|Time left: 300 sec this turn | 300 sec total | 5 sec grace\n|\n|t:|1783540158\n|switch|p1a: Regieleki|Regieleki, L79|256/256\n|turn|5\n|inactive|Time left: 300 sec this turn | 300 sec total\n|\n|t:|1783540159\n|switch|p2a: Iron Leaves|Iron Leaves, L80|100/100\n|move|p1a: Regieleki|Volt Switch|p2a: Iron Leaves\n|-resisted|p2a: Iron Leaves\n|-damage|p2a: Iron Leaves|84/100\n|inactive|Time left: 300 sec this turn | 300 sec total | 5 sec grace\n|\n|t:|1783540160\n|switch|p1a: Persian|Persian, L92, F|269/269|[from] Volt Switch\n|\n|upkeep\n|turn|6\n|inactive|Time left: 300 sec this turn | 300 sec total\n|\n|t:|1783540162\n|-end|p2a: Iron Leaves|Quark Drive|[silent]\n|switch|p2a: Copperajah|Copperajah, L86, M|100/100\n|move|p1a: Persian|Fake Out|p2a: Copperajah\n|-resisted|p2a: Copperajah\n|-damage|p2a: Copperajah|88/100\n|\n|upkeep\n|turn|7\n|inactive|Time left: 300 sec this turn | 300 sec total\n|\n|t:|1783540163\n|move|p1a: Persian|U-turn|p2a: Copperajah\n|-resisted|p2a: Copperajah\n|-damage|p2a: Copperajah|81/100\n|inactive|Time left: 300 sec this turn | 300 sec total | 5 sec grace\n|\n|t:|1783540164\n|switch|p1a: Iron Treads|Iron Treads, L77|265/265|[from] U-turn\n|move|p2a: Copperajah|Iron Head|p1a: Iron Treads\n|-resisted|p1a: Iron Treads\n|-damage|p1a: Iron Treads|179/265\n|\n|upkeep\n|turn|8\n|inactive|Time left: 300 sec this turn | 300 sec total\n|\n|t:|1783540165\n|move|p1a: Iron Treads|Earthquake|p2a: Copperajah\n|-supereffective|p2a: Copperajah\n|-damage|p2a: Copperajah|18/100\n|move|p2a: Copperajah|Earthquake|p1a: Iron Treads\n|-supereffective|p1a: Iron Treads\n|-damage|p1a: Iron Treads|0 fnt\n|faint|p1a: Iron Treads\n|-end|p1a: Iron Treads|Quark Drive|[silent]\n|-damage|p2a: Copperajah|8/100|[from] item: Life Orb\n|\n|upkeep\n|inactive|Time left: 300 sec this turn | 300 sec total | 5 sec grace\n|\n|t:|1783540166\n|switch|p1a: Cetitan|Cetitan, L82, F|412/412\n|turn|9\n|inactive|Time left: 300 sec this turn | 300 sec total\n|\n|t:|1783540167\n|switch|p2a: Suicune|Suicune, L82|55/100\n|-ability|p2a: Suicune|Pressure\n|move|p1a: Cetitan|Earthquake|p2a: Suicune\n|-damage|p2a: Suicune|34/100\n|\n|-heal|p2a: Suicune|40/100|[from] item: Leftovers\n|upkeep\n|turn|10\n|inactive|Time left: 300 sec this turn | 300 sec total\n|\n|t:|1783540168\n|move|p2a: Suicune|Scald|p1a: Cetitan\n|-damage|p1a: Cetitan|306/412\n|-status|p1a: Cetitan|brn\n|move|p1a: Cetitan|Belly Drum|p1a: Cetitan\n|-damage|p1a: Cetitan|100/412 brn\n|-setboost|p1a: Cetitan|atk|6|[from] move: Belly Drum\n|-enditem|p1a: Cetitan|Sitrus Berry|[eat]\n|-heal|p1a: Cetitan|203/412 brn|[from] item: Sitrus Berry\n|\n|-heal|p2a: Suicune|46/100|[from] item: Leftovers\n|-damage|p1a: Cetitan|178/412 brn|[from] brn\n|upkeep\n|turn|11\n|inactive|Time left: 300 sec this turn | 300 sec total\n|\n|t:|1783540169\n|move|p2a: Suicune|Scald|p1a: Cetitan\n|-damage|p1a: Cetitan|70/412 brn\n|move|p1a: Cetitan|Earthquake|p2a: Suicune\n|-crit|p2a: Suicune\n|-damage|p2a: Suicune|0 fnt\n|faint|p2a: Suicune\n|\n|-damage|p1a: Cetitan|45/412 brn|[from] brn\n|upkeep\n|\n|t:|1783540170\n|switch|p2a: Illumise|Illumise, L91, F|100/100\n|turn|12\n|inactive|Time left: 300 sec this turn | 300 sec total\n|\n|t:|1783540171\n|move|p2a: Illumise|Bug Buzz|p1a: Cetitan\n|-damage|p1a: Cetitan|0 fnt\n|faint|p1a: Cetitan\n|\n|upkeep\n|inactive|Time left: 300 sec this turn | 300 sec total | 5 sec grace\n|\n|t:|1783540172\n|switch|p1a: Regieleki|Regieleki, L79|256/256\n|turn|13\n|inactive|Time left: 300 sec this turn | 300 sec total\n|\n|t:|1783540173\n|move|p1a: Regieleki|Thunderbolt|p2a: Illumise\n|-damage|p2a: Illumise|53/100\n|move|p2a: Illumise|Bug Buzz|p1a: Regieleki\n|-damage|p1a: Regieleki|124/256\n|\n|upkeep\n|turn|14\n|inactive|Time left: 300 sec this turn | 300 sec total\n|\n|t:|1783540174\n|move|p1a: Regieleki|Volt Switch|p2a: Illumise\n|-damage|p2a: Illumise|19/100\n|inactive|Time left: 300 sec this turn | 300 sec total | 5 sec grace\n|\n|t:|1783540175\n|switch|p1a: Persian|Persian, L92, F|269/269|[from] Volt Switch\n|move|p2a: Illumise|Bug Buzz|p1a: Persian\n|-damage|p1a: Persian|169/269\n|\n|upkeep\n|turn|15\n|inactive|Time left: 300 sec this turn | 300 sec total\n|\n|t:|1783540176\n|move|p1a: Persian|Fake Out|p2a: Illumise\n|-damage|p2a: Illumise|0 fnt\n|faint|p2a: Illumise\n|\n|upkeep\n|\n|t:|1783540177\n|switch|p2a: Zapdos|Zapdos-Galar, L77|100/100\n|turn|16\n|inactive|Time left: 300 sec this turn | 300 sec total\n|\n|t:|1783540178\n|move|p1a: Persian|Double-Edge|p2a: Zapdos\n|-damage|p2a: Zapdos|39/100\n|-damage|p1a: Persian|116/269|[from] Recoil\n|move|p2a: Zapdos|Close Combat|p1a: Persian\n|-supereffective|p1a: Persian\n|-damage|p1a: Persian|0 fnt\n|-unboost|p2a: Zapdos|def|1\n|-unboost|p2a: Zapdos|spd|1\n|faint|p1a: Persian\n|-damage|p2a: Zapdos|30/100|[from] item: Life Orb\n|\n|upkeep\n|inactive|Time left: 300 sec this turn | 300 sec total | 5 sec grace\n|\n|t:|1783540179\n|switch|p1a: Regieleki|Regieleki, L79|124/256\n|turn|17\n|inactive|Time left: 300 sec this turn | 300 sec total\n|\n|t:|1783540180\n|-terastallize|p1a: Regieleki|Electric\n|move|p1a: Regieleki|Volt Switch|p2a: Zapdos\n|-supereffective|p2a: Zapdos\n|-damage|p2a: Zapdos|0 fnt\n|faint|p2a: Zapdos\n|\n|upkeep\n|\n|t:|1783540181\n|switch|p2a: Iron Leaves|Iron Leaves, L80|84/100\n|turn|18\n|inactive|Time left: 300 sec this turn | 300 sec total\n|\n|t:|1783540181\n|move|p1a: Regieleki|Thunderbolt|p2a: Iron Leaves\n|-resisted|p2a: Iron Leaves\n|-damage|p2a: Iron Leaves|54/100\n|move|p2a: Iron Leaves|Psyblade|p1a: Regieleki\n|-damage|p1a: Regieleki|0 fnt\n|faint|p1a: Regieleki\n|-damage|p2a: Iron Leaves|44/100|[from] item: Life Orb\n|\n|win|p0y0832d38", "uploadtime": 1783540181, "views": 0, "rating": 0, "private": 0, "password": null, "_winner": "p0y0832d38", "_our_name": "p0x083129d"}