{"id": "battle-gen9randombattle-536", "formatid": "gen9randombattle", "format": "[Gen 9] Random Battle", "players": ["p0x536cd86", "p0y53626f5"], "log": "|init|battle\n|title|p0x536cd86 vs. p0y53626f5\n|j|\u2606p0x536cd86\n|j|\u2606p0y53626f5\n|t:|1783546015\n|gametype|singles\n|player|p1|p0x536cd86|170|\n|player|p2|p0y53626f5|169|\n|gen|9\n|tier|[Gen 9] Random Battle\n|rule|Species Clause: Limit one of each Pok\u00e9mon\n|rule|HP Percentage Mod: HP is shown in percentages\n|rule|Sleep Clause Mod: Limit one foe put to sleep\n|rule|Illusion Level Mod: Illusion disguises the Pok\u00e9mon's true level\n|\n|t:|1783546015\n|teamsize|p1|6\n|teamsize|p2|6\n|start\n|switch|p1a: Slowking|Slowking, L88, F|100/100\n|switch|p2a: Beartic|Beartic, L91, M|321/321\n|turn|1\n|inactive|Battle timer is ON: inactive players will automatically lose when time's up. (requested by p0y53626f5)\n|inactive|p0x536cd86 also wants the timer to be on.\n|\n|t:|1783546017\n|move|p2a: Beartic|Swords Dance|p2a: Beartic\n|-boost|p2a: Beartic|atk|2\n|move|p1a: Slowking|Scald|p2a: Beartic\n|-damage|p2a: Beartic|219/321\n|\n|upkeep\n|turn|2\n|inactive|Time left: 300 sec this turn | 300 sec total\n|\n|t:|1783546018\n|move|p2a: Beartic|Icicle Crash|p1a: Slowking\n|-resisted|p1a: Slowking\n|-damage|p1a: Slowking|60/100\n|move|p1a: Slowking|Scald|p2a: Beartic\n|-damage|p2a: Beartic|120/321\n|-status|p2a: Beartic|brn\n|\n|-damage|p2a: Beartic|100/321 brn|[from] brn\n|upkeep\n|turn|3\n|inactive|Time left: 300 sec this turn | 300 sec total\n|\n|t:|1783546019\n|move|p2a: Beartic|Icicle Crash|p1a: Slowking\n|-resisted|p1a: Slowking\n|-damage|p1a: Slowking|40/100\n|move|p1a: Slowking|Scald|p2a: Beartic\n|-damage|p2a: Beartic|0 fnt\n|faint|p2a: Beartic\n|\n|upkeep\n|inactive|Time left: 300 sec this turn | 300 sec total | 5 sec grace\n|\n|t:|1783546020\n|switch|p2a: Lapras|Lapras, L87, M|367/367\n|turn|4\n|inactive|Time left: 300 sec this turn | 300 sec total\n|\n|t:|1783546021\n|switch|p1a: Grimmsnarl|Grimmsnarl, L83, M|100/100\n|move|p2a: Lapras|Dragon Dance|p2a: Lapras\n|-boost|p2a: Lapras|atk|1\n|-boost|p2a: Lapras|spe|1\n|\n|upkeep\n|turn|5\n|inactive|Time left: 300 sec this turn | 300 sec total\n|\n|t:|1783546022\n|move|p1a: Grimmsnarl|Reflect|p1a: Grimmsnarl\n|-sidestart|p1: p0x536cd86|Reflect\n|move|p2a: Lapras|Dragon Dance|p2a: Lapras\n|-boost|p2a: Lapras|atk|1\n|-boost|p2a: Lapras|spe|1\n|\n|upkeep\n|turn|6\n|inactive|Time left: 300 sec this turn | 300 sec total\n|\n|t:|1783546023\n|move|p1a: Grimmsnarl|Parting Shot|p2a: Lapras\n|-unboost|p2a: Lapras|atk|1\n|-unboost|p2a: Lapras|spa|1\n|\n|t:|1783546024\n|switch|p1a: Slowking|Slowking, L88, F|73/100|[from] Parting Shot\n|move|p2a: Lapras|Dragon Dance|p2a: Lapras\n|-boost|p2a: Lapras|atk|1\n|-boost|p2a: Lapras|spe|1\n|\n|upkeep\n|turn|7\n|inactive|Time left: 300 sec this turn | 300 sec total\n|\n|t:|1783546025\n|move|p2a: Lapras|Dragon Dance|p2a: Lapras\n|-boost|p2a: Lapras|atk|1\n|-boost|p2a: Lapras|spe|1\n|-prepare|p1a: Slowking|Chilly Reception|[premajor]\n|move|p1a: Slowking|Chilly Reception|p1a: Slowking\n|-weather|Snowscape\n|\n|t:|1783546025\n|switch|p1a: Grimmsnarl|Grimmsnarl, L83, M|100/100|[from] Chilly Reception\n|\n|-weather|Snowscape|[upkeep]\n|upkeep\n|turn|8\n|inactive|Time left: 300 sec this turn | 300 sec total\n|\n|t:|1783546026\n|move|p1a: Grimmsnarl|Parting Shot|p2a: Lapras\n|-unboost|p2a: Lapras|atk|1\n|-unboost|p2a: Lapras|spa|1\n|\n|t:|1783546027\n|switch|p1a: Slowking|Slowking, L88, F|100/100|[from] Parting Shot\n|move|p2a: Lapras|Icicle Spear|p1a: Slowking\n|-resisted|p1a: Slowking\n|-damage|p1a: Slowking|96/100\n|-resisted|p1a: Slowking\n|-damage|p1a: Slowking|91/100\n|-resisted|p1a: Slowking\n|-damage|p1a: Slowking|87/100\n|-resisted|p1a: Slowking\n|-damage|p1a: Slowking|83/100\n|-resisted|p1a: Slowking\n|-damage|p1a: Slowking|79/100\n|-hitcount|p1a: Slowking|5\n|\n|-weather|Snowscape|[upkeep]\n|upkeep\n|turn|9\n|inactive|Time left: 300 sec this turn | 300 sec total\n|\n|t:|1783546028\n|move|p2a: Lapras|Dragon Dance|p2a: Lapras\n|-boost|p2a: Lapras|atk|1\n|-boost|p2a: Lapras|spe|1\n|-prepare|p1a: Slowking|Chilly Reception|[premajor]\n|move|p1a: Slowking|Chilly Reception|p1a: Slowking\n|\n|t:|1783546028\n|switch|p1a: Moltres|Moltres-Galar, L79|100/100|[from] Chilly Reception\n|\n|-weather|Snowscape|[upkeep]\n|upkeep\n|turn|10\n|inactive|Time left: 300 sec this turn | 300 sec total\n|\n|t:|1783546029\n|move|p2a: Lapras|Icicle Spear|p1a: Moltres\n|-supereffective|p1a: Moltres\n|-damage|p1a: Moltres|77/100\n|-supereffective|p1a: Moltres\n|-damage|p1a: Moltres|53/100\n|-supereffective|p1a: Moltres\n|-damage|p1a: Moltres|28/100\n|-supereffective|p1a: Moltres\n|-damage|p1a: Moltres|4/100\n|-hitcount|p1a: Moltres|4\n|-ability|p1a: Moltres|Berserk|boost\n|-boost|p1a: Moltres|spa|1\n|move|p1a: Moltres|Rest|p1a: Moltres\n|-status|p1a: Moltres|slp|[from] move: Rest\n|-heal|p1a: Moltres|100/100 slp|[silent]\n|-enditem|p1a: Moltres|Chesto Berry|[eat]\n|-curestatus|p1a: Moltres|slp|[msg]\n|\n|-weather|Snowscape|[upkeep]\n|upkeep\n|turn|11\n|inactive|Time left: 300 sec this turn | 300 sec total\n|\n|t:|1783546030\n|move|p2a: Lapras|Icicle Spear|p1a: Moltres\n|-supereffective|p1a: Moltres\n|-damage|p1a: Moltres|75/100\n|-supereffective|p1a: Moltres\n|-damage|p1a: Moltres|50/100\n|-supereffective|p1a: Moltres\n|-damage|p1a: Moltres|25/100\n|-supereffective|p1a: Moltres\n|-damage|p1a: Moltres|0 fnt\n|faint|p1a: Moltres\n|-hitcount|p1: Moltres|4\n|\n|-weather|none\n|upkeep\n|\n|t:|1783546031\n|switch|p1a: Grimmsnarl|Grimmsnarl, L83, M|100/100\n|turn|12\n|inactive|Time left: 300 sec this turn | 300 sec total\n|\n|t:|1783546031\n|move|p1a: Grimmsnarl|Parting Shot|p2a: Lapras\n|-unboost|p2a: Lapras|atk|1\n|-unboost|p2a: Lapras|spa|1\n|\n|t:|1783546032\n|switch|p1a: Slowking|Slowking, L88, F|100/100|[from] Parting Shot\n|move|p2a: Lapras|Icicle Spear|p1a: Slowking\n|-resisted|p1a: Slowking\n|-damage|p1a: Slowking|96/100\n|-resisted|p1a: Slowking\n|-damage|p1a: Slowking|92/100\n|-resisted|p1a: Slowking\n|-damage|p1a: Slowking|88/100\n|-resisted|p1a: Slowking\n|-damage|p1a: Slowking|83/100\n|-resisted|p1a: Slowking\n|-damage|p1a: Slowking|79/100\n|-hitcount|p1a: Slowking|5\n|\n|-sideend|p1: p0x536cd86|Reflect\n|upkeep\n|turn|13\n|inactive|Time left: 300 sec this turn | 300 sec total\n|\n|t:|1783546033\n|move|p2a: Lapras|Earthquake|p1a: Slowking\n|-damage|p1a: Slowking|31/100\n|move|p1a: Slowking|Slack Off|p1a: Slowking\n|-heal|p1a: Slowking|81/100\n|\n|upkeep\n|turn|14\n|inactive|Time left: 300 sec this turn | 300 sec total\n|\n|t:|1783546034\n|move|p2a: Lapras|Icicle Spear|p1a: Slowking\n|-resisted|p1a: Slowking\n|-damage|p1a: Slowking|73/100\n|-resisted|p1a: Slowking\n|-damage|p1a: Slowking|65/100\n|-resisted|p1a: Slowking\n|-damage|p1a: Slowking|56/100\n|-resisted|p1a: Slowking\n|-damage|p1a: Slowking|48/100\n|-hitcount|p1a: Slowking|4\n|-prepare|p1a: Slowking|Chilly Reception|[premajor]\n|move|p1a: Slowking|Chilly Reception|p1a: Slowking\n|-weather|Snowscape\n|\n|t:|1783546035\n|switch|p1a: Grimmsnarl|Grimmsnarl, L83, M|100/100|[from] Chilly Reception\n|\n|-weather|Snowscape|[upkeep]\n|upkeep\n|turn|15\n|inactive|Time left: 300 sec this turn | 300 sec total\n|\n|t:|1783546036\n|move|p1a: Grimmsnarl|Reflect|p1a: Grimmsnarl\n|-sidestart|p1: p0x536cd86|Reflect\n|move|p2a: Lapras|Icicle Spear|p1a: Grimmsnarl\n|-damage|p1a: Grimmsnarl|91/100\n|-damage|p1a: Grimmsnarl|81/100\n|-damage|p1a: Grimmsnarl|70/100\n|-damage|p1a: Grimmsnarl|59/100\n|-hitcount|p1a: Grimmsnarl|4\n|\n|-weather|Snowscape|[upkeep]\n|upkeep\n|turn|16\n|inactive|Time left: 300 sec this turn | 300 sec total\n|\n|t:|1783546037\n|move|p1a: Grimmsnarl|Parting Shot|p2a: Lapras\n|-unboost|p2a: Lapras|atk|1\n|-unboost|p2a: Lapras|spa|1\n|\n|t:|1783546038\n|switch|p1a: Slowking|Slowking, L88, F|81/100|[from] Parting Shot\n|move|p2a: Lapras|Icicle Spear|p1a: Slowking\n|-resisted|p1a: Slowking\n|-damage|p1a: Slowking|79/100\n|-resisted|p1a: Slowking\n|-damage|p1a: Slowking|75/100\n|-resisted|p1a: Slowking\n|-damage|p1a: Slowking|72/100\n|-resisted|p1a: Slowking\n|-damage|p1a: Slowking|70/100\n|-hitcount|p1a: Slowking|4\n|\n|-weather|Snowscape|[upkeep]\n|upkeep\n|turn|17\n|inactive|Time left: 300 sec this turn | 300 sec total\n|\n|t:|1783546039\n|switch|p1a: Grimmsnarl|Grimmsnarl, L83, M|59/100\n|move|p2a: Lapras|Dragon Dance|p2a: Lapras\n|-boost|p2a: Lapras|atk|1\n|-boost|p2a: Lapras|spe|1\n|\n|-weather|Snowscape|[upkeep]\n|upkeep\n|turn|18\n|inactive|Time left: 300 sec this turn | 300 sec total\n|\n|t:|1783546040\n|move|p1a: Grimmsnarl|Light Screen|p1a: Grimmsnarl\n|-sidestart|p1: p0x536cd86|move: Light Screen\n|move|p2a: Lapras|Icicle Spear|p1a: Grimmsnarl\n|-damage|p1a: Grimmsnarl|48/100\n|-damage|p1a: Grimmsnarl|36/100\n|-damage|p1a: Grimmsnarl|26/100\n|-crit|p1a: Grimmsnarl\n|-damage|p1a: Grimmsnarl|0 fnt\n|faint|p1a: Grimmsnarl\n|-hitcount|p1: Grimmsnarl|4\n|\n|-weather|none\n|upkeep\n|\n|t:|1783546041\n|switch|p1a: Sceptile|Sceptile, L87, M|100/100\n|turn|19\n|inactive|Time left: 300 sec this turn | 300 sec total\n|\n|t:|1783546042\n|move|p2a: Lapras|Icicle Spear|p1a: Sceptile\n|-supereffective|p1a: Sceptile\n|-damage|p1a: Sceptile|76/100\n|-supereffective|p1a: Sceptile\n|-damage|p1a: Sceptile|55/100\n|-supereffective|p1a: Sceptile\n|-damage|p1a: Sceptile|30/100\n|-supereffective|p1a: Sceptile\n|-damage|p1a: Sceptile|8/100\n|-supereffective|p1a: Sceptile\n|-damage|p1a: Sceptile|0 fnt\n|faint|p1a: Sceptile\n|-hitcount|p1: Sceptile|5\n|\n|upkeep\n|\n|t:|1783546043\n|switch|p1a: Dachsbun|Dachsbun, L92, F|100/100\n|turn|20\n|inactive|Time left: 300 sec this turn | 300 sec total\n|\n|t:|1783546044\n|move|p2a: Lapras|Icicle Spear|p1a: Dachsbun\n|-damage|p1a: Dachsbun|93/100\n|-damage|p1a: Dachsbun|86/100\n|-damage|p1a: Dachsbun|78/100\n|-damage|p1a: Dachsbun|70/100\n|-hitcount|p1a: Dachsbun|4\n|move|p1a: Dachsbun|Play Rough|p2a: Lapras\n|-damage|p2a: Lapras|270/367\n|\n|-heal|p1a: Dachsbun|76/100|[from] item: Leftovers\n|upkeep\n|turn|21\n|inactive|Time left: 300 sec this turn | 300 sec total\n|\n|t:|1783546045\n|move|p2a: Lapras|Waterfall|p1a: Dachsbun\n|-damage|p1a: Dachsbun|52/100\n|move|p1a: Dachsbun|Play Rough|p2a: Lapras\n|-damage|p2a: Lapras|164/367\n|\n|-heal|p1a: Dachsbun|58/100|[from] item: Leftovers\n|upkeep\n|turn|22\n|inactive|Time left: 300 sec this turn | 300 sec total\n|\n|t:|1783546046\n|move|p2a: Lapras|Waterfall|p1a: Dachsbun\n|-damage|p1a: Dachsbun|32/100\n|move|p1a: Dachsbun|Play Rough|p2a: Lapras\n|-damage|p2a: Lapras|64/367\n|\n|-heal|p1a: Dachsbun|38/100|[from] item: Leftovers\n|-sideend|p1: p0x536cd86|Reflect\n|upkeep\n|turn|23\n|inactive|Time left: 300 sec this turn | 300 sec total\n|\n|t:|1783546047\n|move|p1a: Dachsbun|Protect|p1a: Dachsbun\n|-singleturn|p1a: Dachsbun|Protect\n|move|p2a: Lapras|Waterfall|p1a: Dachsbun\n|-activate|p1a: Dachsbun|move: Protect\n|\n|-heal|p1a: Dachsbun|44/100|[from] item: Leftovers\n|upkeep\n|turn|24\n|inactive|Time left: 300 sec this turn | 300 sec total\n|\n|t:|1783546048\n|move|p2a: Lapras|Waterfall|p1a: Dachsbun\n|-damage|p1a: Dachsbun|0 fnt\n|faint|p1a: Dachsbun\n|\n|upkeep\n|\n|t:|1783546049\n|switch|p1a: Rabsca|Rabsca, L91, F|100/100\n|turn|25\n|inactive|Time left: 300 sec this turn | 300 sec total\n|\n|t:|1783546050\n|move|p2a: Lapras|Waterfall|p1a: Rabsca\n|-damage|p1a: Rabsca|44/100\n|cant|p1a: Rabsca|flinch\n|\n|-sideend|p1: p0x536cd86|move: Light Screen\n|upkeep\n|turn|26\n|inactive|Time left: 300 sec this turn | 300 sec total\n|\n|t:|1783546051\n|switch|p1a: Slowking|Slowking, L88, F|100/100\n|move|p2a: Lapras|Waterfall|p1a: Slowking\n|-resisted|p1a: Slowking\n|-damage|p1a: Slowking|72/100\n|\n|upkeep\n|turn|27\n|inactive|Time left: 300 sec this turn | 300 sec total\n|\n|t:|1783546052\n|move|p2a: Lapras|Earthquake|p1a: Slowking\n|-damage|p1a: Slowking|27/100\n|move|p1a: Slowking|Slack Off|p1a: Slowking\n|-heal|p1a: Slowking|77/100\n|\n|upkeep\n|turn|28\n|inactive|Time left: 300 sec this turn | 300 sec total\n|\n|t:|1783546053\n|move|p2a: Lapras|Waterfall|p1a: Slowking\n|-resisted|p1a: Slowking\n|-damage|p1a: Slowking|50/100\n|move|p1a: Slowking|Future Sight|p2a: Lapras\n|-start|p1a: Slowking|move: Future Sight\n|\n|upkeep\n|turn|29\n|inactive|Time left: 300 sec this turn | 300 sec total\n|\n|t:|1783546053\n|switch|p1a: Rabsca|Rabsca, L91, F|44/100\n|move|p2a: Lapras|Icicle Spear|p1a: Rabsca\n|-damage|p1a: Rabsca|27/100\n|-damage|p1a: Rabsca|11/100\n|-damage|p1a: Rabsca|0 fnt\n|faint|p1a: Rabsca\n|-hitcount|p1: Rabsca|3\n|\n|upkeep\n|\n|t:|1783546054\n|switch|p1a: Slowking|Slowking, L88, F|84/100\n|turn|30\n|inactive|Time left: 300 sec this turn | 300 sec total\n|\n|t:|1783546055\n|switch|p2a: Exeggutor|Exeggutor, L89, F|312/312\n|move|p1a: Slowking|Slack Off|p1a: Slowking\n|-heal|p1a: Slowking|100/100\n|\n|-end|p2a: Exeggutor|move: Future Sight\n|-resisted|p2a: Exeggutor\n|-damage|p2a: Exeggutor|234/312\n|upkeep\n|turn|31\n|inactive|Time left: 300 sec this turn | 300 sec total\n|\n|t:|1783546056\n|move|p2a: Exeggutor|Leech Seed|p1a: Slowking\n|-start|p1a: Slowking|move: Leech Seed\n|move|p1a: Slowking|Scald|p2a: Exeggutor\n|-resisted|p2a: Exeggutor\n|-damage|p2a: Exeggutor|186/312\n|\n|-damage|p1a: Slowking|88/100|[from] Leech Seed|[of] p2a: Exeggutor\n|-heal|p2a: Exeggutor|224/312|[silent]\n|upkeep\n|turn|32\n|inactive|Time left: 300 sec this turn | 300 sec total\n|\n|t:|1783546057\n|move|p2a: Exeggutor|Psychic Noise|p1a: Slowking\n|-resisted|p1a: Slowking\n|-damage|p1a: Slowking|73/100\n|-start|p1a: Slowking|move: Heal Block\n|cant|p1a: Slowking|move: Heal Block|Slack Off\n|\n|-damage|p1a: Slowking|61/100|[from] Leech Seed|[of] p2a: Exeggutor\n|-heal|p2a: Exeggutor|262/312|[silent]\n|upkeep\n|turn|33\n|inactive|Time left: 300 sec this turn | 300 sec total\n|\n|t:|1783546058\n|move|p2a: Exeggutor|Sludge Bomb|p1a: Slowking\n|-damage|p1a: Slowking|39/100\n|move|p1a: Slowking|Future Sight|p2a: Exeggutor\n|-start|p1a: Slowking|move: Future Sight\n|\n|-damage|p1a: Slowking|27/100|[from] Leech Seed|[of] p2a: Exeggutor\n|-heal|p2a: Exeggutor|300/312|[silent]\n|-end|p1a: Slowking|move: Heal Block\n|upkeep\n|turn|34\n|inactive|Time left: 300 sec this turn | 300 sec total\n|\n|t:|1783546059\n|move|p2a: Exeggutor|Psychic Noise|p1a: Slowking\n|-resisted|p1a: Slowking\n|-crit|p1a: Slowking\n|-damage|p1a: Slowking|6/100\n|-start|p1a: Slowking|move: Heal Block\n|cant|p1a: Slowking|move: Heal Block|Slack Off\n|\n|-damage|p1a: Slowking|0 fnt|[from] Leech Seed|[of] p2a: Exeggutor\n|-heal|p2a: Exeggutor|312/312|[silent]\n|faint|p1a: Slowking\n|\n|win|p0y53626f5", "uploadtime": 1783546059, "views": 0, "rating": 0, "private": 0, "password": null, "_winner": "p0y53626f5", "_our_name": "p0y53626f5"}