{"id": "battle-gen9randombattle-2957", "formatid": "gen9randombattle", "format": "[Gen 9] Random Battle", "players": ["p0x2957126e", "p0y29579a3e"], "log": "|init|battle\n|title|p0x2957126e vs. p0y29579a3e\n|j|\u2606p0x2957126e\n|j|\u2606p0y29579a3e\n|t:|1783573067\n|gametype|singles\n|player|p1|p0x2957126e|266|\n|player|p2|p0y29579a3e|102|\n|gen|9\n|tier|[Gen 9] Random Battle\n|rule|Species Clause: Limit one of each Pok\u00e9mon\n|rule|HP Percentage Mod: HP is shown in percentages\n|rule|Sleep Clause Mod: Limit one foe put to sleep\n|rule|Illusion Level Mod: Illusion disguises the Pok\u00e9mon's true level\n|\n|t:|1783573067\n|teamsize|p1|6\n|teamsize|p2|6\n|start\n|switch|p1a: Krookodile|Krookodile, L79, F|100/100\n|switch|p2a: Magnezone|Magnezone, L85|258/258\n|-ability|p1a: Krookodile|Intimidate|boost\n|-unboost|p2a: Magnezone|atk|1\n|turn|1\n|inactive|Battle timer is ON: inactive players will automatically lose when time's up. (requested by p0x2957126e)\n|inactive|Time left: 300 sec this turn | 300 sec total | 60 sec grace\n|inactive|p0y29579a3e also wants the timer to be on.\n|\n|t:|1783573068\n|switch|p2a: Shiftry|Shiftry, L89, M|305/305\n|move|p1a: Krookodile|Earthquake|p2a: Shiftry\n|-resisted|p2a: Shiftry\n|-damage|p2a: Shiftry|209/305\n|\n|upkeep\n|turn|2\n|inactive|Time left: 300 sec this turn | 300 sec total\n|\n|t:|1783573070\n|switch|p1a: Chesnaught|Chesnaught, L84, M|100/100\n|move|p2a: Shiftry|Leaf Blade|p1a: Chesnaught\n|-resisted|p1a: Chesnaught\n|-damage|p1a: Chesnaught|83/100\n|-damage|p2a: Shiftry|159/305|[from] item: Rocky Helmet|[of] p1a: Chesnaught\n|-damage|p2a: Shiftry|129/305|[from] item: Life Orb\n|\n|upkeep\n|turn|3\n|inactive|Time left: 300 sec this turn | 300 sec total\n|\n|t:|1783573071\n|switch|p2a: Polteageist|Polteageist-Antique, L78|222/222\n|move|p1a: Chesnaught|Body Press|p2a: Polteageist\n|-immune|p2a: Polteageist\n|\n|upkeep\n|turn|4\n|inactive|Time left: 300 sec this turn | 300 sec total\n|\n|t:|1783573072\n|switch|p1a: Krookodile|Krookodile, L79, F|100/100\n|-ability|p1a: Krookodile|Intimidate|boost\n|-unboost|p2a: Polteageist|atk|1\n|-enditem|p2a: Polteageist|White Herb\n|-clearnegativeboost|p2a: Polteageist|[silent]\n|move|p2a: Polteageist|Shell Smash|p2a: Polteageist\n|-unboost|p2a: Polteageist|def|1\n|-unboost|p2a: Polteageist|spd|1\n|-boost|p2a: Polteageist|atk|2\n|-boost|p2a: Polteageist|spa|2\n|-boost|p2a: Polteageist|spe|2\n|\n|upkeep\n|turn|5\n|inactive|Time left: 300 sec this turn | 300 sec total\n|\n|t:|1783573073\n|move|p2a: Polteageist|Strength Sap|p1a: Krookodile\n|-unboost|p1a: Krookodile|atk|1\n|move|p1a: Krookodile|Earthquake|p2a: Polteageist\n|-damage|p2a: Polteageist|3/222\n|\n|upkeep\n|turn|6\n|inactive|Time left: 300 sec this turn | 300 sec total\n|\n|t:|1783573074\n|move|p2a: Polteageist|Strength Sap|p1a: Krookodile\n|-unboost|p1a: Krookodile|atk|1\n|-heal|p2a: Polteageist|156/222\n|move|p1a: Krookodile|Earthquake|p2a: Polteageist\n|-damage|p2a: Polteageist|3/222\n|\n|upkeep\n|turn|7\n|inactive|Time left: 300 sec this turn | 300 sec total\n|\n|t:|1783573075\n|move|p2a: Polteageist|Strength Sap|p1a: Krookodile\n|-unboost|p1a: Krookodile|atk|1\n|-heal|p2a: Polteageist|118/222\n|move|p1a: Krookodile|Earthquake|p2a: Polteageist\n|-crit|p2a: Polteageist\n|-damage|p2a: Polteageist|0 fnt\n|faint|p2a: Polteageist\n|\n|upkeep\n|inactive|Time left: 300 sec this turn | 300 sec total | 5 sec grace\n|\n|t:|1783573076\n|switch|p2a: Blaziken|Blaziken, L76, F|247/247\n|turn|8\n|inactive|Time left: 300 sec this turn | 300 sec total\n|\n|t:|1783573077\n|move|p1a: Krookodile|Earthquake|p2a: Blaziken\n|-supereffective|p2a: Blaziken\n|-damage|p2a: Blaziken|71/247\n|move|p2a: Blaziken|Swords Dance|p2a: Blaziken\n|-boost|p2a: Blaziken|atk|2\n|\n|-ability|p2a: Blaziken|Speed Boost|boost\n|-boost|p2a: Blaziken|spe|1\n|upkeep\n|turn|9\n|inactive|Time left: 300 sec this turn | 300 sec total\n|\n|t:|1783573078\n|switch|p1a: Okidogi|Okidogi, L77, M|100/100\n|move|p2a: Blaziken|Close Combat|p1a: Okidogi\n|-resisted|p1a: Okidogi\n|-damage|p1a: Okidogi|44/100\n|-unboost|p2a: Blaziken|def|1\n|-unboost|p2a: Blaziken|spd|1\n|-damage|p2a: Blaziken|47/247|[from] item: Life Orb\n|\n|-heal|p1a: Okidogi|50/100|[from] item: Leftovers\n|-ability|p2a: Blaziken|Speed Boost|boost\n|-boost|p2a: Blaziken|spe|1\n|upkeep\n|turn|10\n|inactive|Time left: 300 sec this turn | 300 sec total\n|\n|t:|1783573079\n|switch|p1a: Chesnaught|Chesnaught, L84, M|83/100\n|move|p2a: Blaziken|Close Combat|p1a: Chesnaught\n|-damage|p1a: Chesnaught|2/100\n|-unboost|p2a: Blaziken|def|1\n|-unboost|p2a: Blaziken|spd|1\n|-damage|p2a: Blaziken|6/247|[from] item: Rocky Helmet|[of] p1a: Chesnaught\n|-damage|p2a: Blaziken|0 fnt|[from] item: Life Orb\n|faint|p2a: Blaziken\n|\n|upkeep\n|inactive|Time left: 300 sec this turn | 300 sec total | 5 sec grace\n|\n|t:|1783573080\n|switch|p2a: Flareon|Flareon, L90, F|263/263\n|turn|11\n|inactive|Time left: 300 sec this turn | 300 sec total\n|\n|t:|1783573081\n|switch|p1a: Krookodile|Krookodile, L79, F|100/100\n|-ability|p1a: Krookodile|Intimidate|boost\n|-unboost|p2a: Flareon|atk|1\n|move|p2a: Flareon|Trailblaze|p1a: Krookodile\n|-supereffective|p1a: Krookodile\n|-crit|p1a: Krookodile\n|-damage|p1a: Krookodile|33/100\n|-boost|p2a: Flareon|spe|1\n|\n|-status|p2a: Flareon|tox|[from] item: Toxic Orb\n|upkeep\n|turn|12\n|inactive|Time left: 300 sec this turn | 300 sec total\n|\n|t:|1783573082\n|switch|p1a: Chesnaught|Chesnaught, L84, M|2/100\n|-terastallize|p2a: Flareon|Normal\n|move|p2a: Flareon|Facade|p1a: Chesnaught\n|-damage|p1a: Chesnaught|0 fnt\n|-damage|p2a: Flareon|220/263 tox|[from] item: Rocky Helmet|[of] p1a: Chesnaught\n|faint|p1a: Chesnaught\n|\n|-damage|p2a: Flareon|204/263 tox|[from] psn\n|upkeep\n|\n|t:|1783573083\n|switch|p1a: Sandslash|Sandslash-Alola, L88, F|100/100\n|turn|13\n|inactive|Time left: 300 sec this turn | 300 sec total\n|\n|t:|1783573084\n|-terastallize|p1a: Sandslash|Ground\n|move|p2a: Flareon|Flare Blitz|p1a: Sandslash\n|-damage|p1a: Sandslash|51/100\n|-damage|p2a: Flareon|159/263 tox|[from] Recoil\n|move|p1a: Sandslash|Earthquake|p2a: Flareon\n|-crit|p2a: Flareon\n|-damage|p2a: Flareon|0 fnt\n|faint|p2a: Flareon\n|-damage|p1a: Sandslash|41/100|[from] item: Life Orb\n|\n|upkeep\n|inactive|Time left: 300 sec this turn | 300 sec total | 5 sec grace\n|\n|t:|1783573085\n|switch|p2a: Palkia|Palkia-Origin, L72|249/249\n|-ability|p2a: Palkia|Pressure\n|turn|14\n|inactive|Time left: 300 sec this turn | 300 sec total\n|\n|t:|1783573086\n|switch|p1a: Uxie|Uxie, L83|100/100\n|move|p2a: Palkia|Spacial Rend|p1a: Uxie\n|-damage|p1a: Uxie|64/100\n|\n|-heal|p1a: Uxie|70/100|[from] item: Leftovers\n|upkeep\n|turn|15\n|inactive|Time left: 300 sec this turn | 300 sec total\n|\n|t:|1783573087\n|move|p2a: Palkia|Spacial Rend|p1a: Uxie\n|-crit|p1a: Uxie\n|-damage|p1a: Uxie|10/100\n|move|p1a: Uxie|Psychic Noise|p2a: Palkia\n|-damage|p2a: Palkia|185/249\n|-start|p2a: Palkia|move: Heal Block\n|\n|-heal|p1a: Uxie|16/100|[from] item: Leftovers\n|upkeep\n|turn|16\n|inactive|Time left: 300 sec this turn | 300 sec total\n|\n|t:|1783573088\n|move|p2a: Palkia|Spacial Rend|p1a: Uxie\n|-crit|p1a: Uxie\n|-damage|p1a: Uxie|0 fnt\n|faint|p1a: Uxie\n|\n|-end|p2a: Palkia|move: Heal Block\n|upkeep\n|\n|t:|1783573089\n|switch|p1a: Krookodile|Krookodile, L79, F|33/100\n|-ability|p1a: Krookodile|Intimidate|boost\n|-unboost|p2a: Palkia|atk|1\n|turn|17\n|inactive|Time left: 300 sec this turn | 300 sec total\n|\n|t:|1783573090\n|move|p2a: Palkia|Spacial Rend|p1a: Krookodile\n|-damage|p1a: Krookodile|0 fnt\n|faint|p1a: Krookodile\n|\n|upkeep\n|\n|t:|1783573090\n|switch|p1a: Okidogi|Okidogi, L77, M|50/100\n|turn|18\n|inactive|Time left: 300 sec this turn | 300 sec total\n|\n|t:|1783573091\n|move|p2a: Palkia|Spacial Rend|p1a: Okidogi\n|-damage|p1a: Okidogi|0 fnt\n|faint|p1a: Okidogi\n|\n|upkeep\n|\n|t:|1783573092\n|switch|p1a: Roaring Moon|Roaring Moon, L72|100/100\n|-enditem|p1a: Roaring Moon|Booster Energy\n|-activate|p1a: Roaring Moon|ability: Protosynthesis|[fromitem]\n|-start|p1a: Roaring Moon|protosynthesisatk\n|turn|19\n|inactive|Time left: 300 sec this turn | 300 sec total\n|\n|t:|1783573093\n|move|p2a: Palkia|Spacial Rend|p1a: Roaring Moon\n|-supereffective|p1a: Roaring Moon\n|-damage|p1a: Roaring Moon|4/100\n|move|p1a: Roaring Moon|Dragon Dance|p1a: Roaring Moon\n|-boost|p1a: Roaring Moon|atk|1\n|-boost|p1a: Roaring Moon|spe|1\n|\n|upkeep\n|turn|20\n|inactive|Time left: 300 sec this turn | 300 sec total\n|\n|t:|1783573094\n|move|p1a: Roaring Moon|Iron Head|p2a: Palkia\n|-resisted|p2a: Palkia\n|-damage|p2a: Palkia|127/249\n|move|p2a: Palkia|Spacial Rend|p1a: Roaring Moon\n|-supereffective|p1a: Roaring Moon\n|-damage|p1a: Roaring Moon|0 fnt\n|faint|p1a: Roaring Moon\n|-end|p1a: Roaring Moon|Protosynthesis|[silent]\n|\n|upkeep\n|\n|t:|1783573094\n|switch|p1a: Sandslash|Sandslash-Alola, L88, F, tera:Ground|41/100\n|turn|21\n|inactive|Time left: 300 sec this turn | 300 sec total\n|\n|t:|1783573095\n|move|p2a: Palkia|Spacial Rend|p1a: Sandslash\n|-damage|p1a: Sandslash|0 fnt\n|faint|p1a: Sandslash\n|\n|win|p0y29579a3e", "uploadtime": 1783573095, "views": 0, "rating": 0, "private": 0, "password": null, "_winner": "p0y29579a3e", "_our_name": "p0y29579a3e"}