{"id": "battle-gen9randombattle-91", "formatid": "gen9randombattle", "format": "[Gen 9] Random Battle", "players": ["p0x09112df", "p0y09181dd"], "log": "|init|battle\n|title|p0x09112df vs. p0y09181dd\n|j|\u2606p0x09112df\n|j|\u2606p0y09181dd\n|t:|1783540540\n|gametype|singles\n|player|p1|p0x09112df|265|\n|player|p2|p0y09181dd|169|\n|gen|9\n|tier|[Gen 9] Random Battle\n|rule|Species Clause: Limit one of each Pok\u00e9mon\n|rule|HP Percentage Mod: HP is shown in percentages\n|rule|Sleep Clause Mod: Limit one foe put to sleep\n|rule|Illusion Level Mod: Illusion disguises the Pok\u00e9mon's true level\n|\n|t:|1783540540\n|teamsize|p1|6\n|teamsize|p2|6\n|start\n|switch|p1a: Honchkrow|Honchkrow, L86, M|100/100\n|switch|p2a: Greedent|Greedent, L86, M|347/347\n|turn|1\n|inactive|Battle timer is ON: inactive players will automatically lose when time's up. (requested by p0y09181dd)\n|inactive|p0x09112df also wants the timer to be on.\n|\n|t:|1783540541\n|move|p1a: Honchkrow|Brave Bird|p2a: Greedent\n|-damage|p2a: Greedent|190/347\n|-damage|p1a: Honchkrow|84/100|[from] Recoil\n|move|p2a: Greedent|Swords Dance|p2a: Greedent\n|-boost|p2a: Greedent|atk|2\n|\n|upkeep\n|turn|2\n|inactive|Time left: 300 sec this turn | 300 sec total\n|\n|t:|1783540542\n|move|p1a: Honchkrow|Brave Bird|p2a: Greedent\n|-damage|p2a: Greedent|34/347\n|-enditem|p2a: Greedent|Sitrus Berry|[eat]\n|-heal|p2a: Greedent|120/347|[from] item: Sitrus Berry\n|-heal|p2a: Greedent|235/347|[from] ability: Cheek Pouch\n|-damage|p1a: Honchkrow|67/100|[from] Recoil\n|move|p2a: Greedent|Double-Edge|p1a: Honchkrow\n|-damage|p1a: Honchkrow|0 fnt\n|faint|p1a: Honchkrow\n|-damage|p2a: Greedent|166/347|[from] Recoil\n|\n|upkeep\n|\n|t:|1783540543\n|switch|p1a: Greninja|Greninja, L80, M|100/100\n|turn|3\n|inactive|Time left: 300 sec this turn | 300 sec total\n|\n|t:|1783540544\n|move|p1a: Greninja|Hydro Pump|p2a: Greedent\n|-start|p1a: Greninja|typechange|Water|[from] ability: Protean\n|-damage|p2a: Greedent|0 fnt\n|faint|p2a: Greedent\n|\n|upkeep\n|inactive|Time left: 300 sec this turn | 300 sec total | 5 sec grace\n|\n|t:|1783540545\n|switch|p2a: Reuniclus|Reuniclus, L88, F|337/337\n|turn|4\n|inactive|Time left: 300 sec this turn | 300 sec total\n|\n|t:|1783540546\n|move|p1a: Greninja|Hydro Pump|p2a: Reuniclus\n|-damage|p2a: Reuniclus|183/337\n|move|p2a: Reuniclus|Psychic|p1a: Greninja\n|-damage|p1a: Greninja|13/100\n|\n|upkeep\n|turn|5\n|inactive|Time left: 300 sec this turn | 300 sec total\n|\n|t:|1783540547\n|move|p1a: Greninja|Hydro Pump|p2a: Reuniclus\n|-damage|p2a: Reuniclus|3/337\n|move|p2a: Reuniclus|Recover|p2a: Reuniclus\n|-heal|p2a: Reuniclus|172/337\n|\n|upkeep\n|turn|6\n|inactive|Time left: 300 sec this turn | 300 sec total\n|\n|t:|1783540548\n|move|p1a: Greninja|Hydro Pump|p2a: Reuniclus\n|-damage|p2a: Reuniclus|0 fnt\n|faint|p2a: Reuniclus\n|\n|upkeep\n|inactive|Time left: 300 sec this turn | 300 sec total | 5 sec grace\n|\n|t:|1783540549\n|switch|p2a: Iron Boulder|Iron Boulder, L77|265/265\n|-enditem|p2a: Iron Boulder|Booster Energy\n|-activate|p2a: Iron Boulder|ability: Quark Drive|[fromitem]\n|-start|p2a: Iron Boulder|quarkdrivespe\n|turn|7\n|inactive|Time left: 300 sec this turn | 300 sec total\n|\n|t:|1783540551\n|switch|p1a: Clodsire|Clodsire, L81, M|100/100\n|move|p2a: Iron Boulder|Mighty Cleave|p1a: Clodsire\n|-resisted|p1a: Clodsire\n|-damage|p1a: Clodsire|80/100\n|\n|-heal|p1a: Clodsire|86/100|[from] item: Leftovers\n|upkeep\n|turn|8\n|inactive|Time left: 300 sec this turn | 300 sec total\n|\n|t:|1783540552\n|move|p2a: Iron Boulder|Zen Headbutt|p1a: Clodsire\n|-supereffective|p1a: Clodsire\n|-damage|p1a: Clodsire|14/100\n|cant|p1a: Clodsire|flinch\n|\n|-heal|p1a: Clodsire|20/100|[from] item: Leftovers\n|upkeep\n|turn|9\n|inactive|Time left: 300 sec this turn | 300 sec total\n|\n|t:|1783540554\n|move|p2a: Iron Boulder|Mighty Cleave|p1a: Clodsire\n|-resisted|p1a: Clodsire\n|-crit|p1a: Clodsire\n|-damage|p1a: Clodsire|0 fnt\n|faint|p1a: Clodsire\n|\n|upkeep\n|\n|t:|1783540554\n|switch|p1a: Cetitan|Cetitan, L82, M|100/100\n|turn|10\n|inactive|Time left: 300 sec this turn | 300 sec total\n|\n|t:|1783540555\n|move|p2a: Iron Boulder|Mighty Cleave|p1a: Cetitan\n|-supereffective|p1a: Cetitan\n|-damage|p1a: Cetitan|39/100\n|-enditem|p1a: Cetitan|Sitrus Berry|[eat]\n|-heal|p1a: Cetitan|64/100|[from] item: Sitrus Berry\n|move|p1a: Cetitan|Earthquake|p2a: Iron Boulder\n|-supereffective|p2a: Iron Boulder\n|-damage|p2a: Iron Boulder|81/265\n|\n|upkeep\n|turn|11\n|inactive|Time left: 300 sec this turn | 300 sec total\n|\n|t:|1783540556\n|move|p2a: Iron Boulder|Mighty Cleave|p1a: Cetitan\n|-supereffective|p1a: Cetitan\n|-damage|p1a: Cetitan|0 fnt\n|faint|p1a: Cetitan\n|\n|upkeep\n|\n|t:|1783540557\n|switch|p1a: Tentacruel|Tentacruel, L84, F|100/100\n|turn|12\n|inactive|Time left: 300 sec this turn | 300 sec total\n|\n|t:|1783540558\n|move|p2a: Iron Boulder|Zen Headbutt|p1a: Tentacruel\n|-supereffective|p1a: Tentacruel\n|-damage|p1a: Tentacruel|23/100\n|move|p1a: Tentacruel|Surf|p2a: Iron Boulder\n|-supereffective|p2a: Iron Boulder\n|-damage|p2a: Iron Boulder|0 fnt\n|faint|p2a: Iron Boulder\n|-end|p2a: Iron Boulder|Quark Drive|[silent]\n|\n|-heal|p1a: Tentacruel|29/100|[from] item: Leftovers\n|upkeep\n|inactive|Time left: 300 sec this turn | 300 sec total | 5 sec grace\n|\n|t:|1783540559\n|switch|p2a: Ursaluna|Ursaluna-Bloodmoon, L79, M|308/308\n|turn|13\n|inactive|Time left: 300 sec this turn | 300 sec total\n|\n|t:|1783540560\n|move|p1a: Tentacruel|Surf|p2a: Ursaluna\n|-supereffective|p2a: Ursaluna\n|-damage|p2a: Ursaluna|86/308\n|move|p2a: Ursaluna|Blood Moon|p1a: Tentacruel\n|-damage|p1a: Tentacruel|0 fnt\n|faint|p1a: Tentacruel\n|\n|-heal|p2a: Ursaluna|105/308|[from] item: Leftovers\n|upkeep\n|\n|t:|1783540561\n|switch|p1a: Greninja|Greninja, L80, M|13/100\n|turn|14\n|inactive|Time left: 300 sec this turn | 300 sec total\n|\n|t:|1783540562\n|move|p2a: Ursaluna|Vacuum Wave|p1a: Greninja\n|-supereffective|p1a: Greninja\n|-damage|p1a: Greninja|0 fnt\n|faint|p1a: Greninja\n|\n|-heal|p2a: Ursaluna|124/308|[from] item: Leftovers\n|upkeep\n|\n|t:|1783540563\n|switch|p1a: Galvantula|Galvantula, L82, M|100/100\n|turn|15\n|inactive|Time left: 300 sec this turn | 300 sec total\n|\n|t:|1783540564\n|move|p1a: Galvantula|Bug Buzz|p2a: Ursaluna\n|-damage|p2a: Ursaluna|10/308\n|move|p2a: Ursaluna|Blood Moon|p1a: Galvantula\n|-damage|p1a: Galvantula|13/100\n|\n|-heal|p2a: Ursaluna|29/308|[from] item: Leftovers\n|upkeep\n|turn|16\n|inactive|Time left: 300 sec this turn | 300 sec total\n|\n|t:|1783540566\n|-terastallize|p2a: Ursaluna|Ghost\n|move|p2a: Ursaluna|Vacuum Wave|p1a: Galvantula\n|-resisted|p1a: Galvantula\n|-damage|p1a: Galvantula|3/100\n|move|p1a: Galvantula|Bug Buzz|p2a: Ursaluna\n|-resisted|p2a: Ursaluna\n|-crit|p2a: Ursaluna\n|-damage|p2a: Ursaluna|0 fnt\n|faint|p2a: Ursaluna\n|\n|upkeep\n|inactive|Time left: 300 sec this turn | 300 sec total | 5 sec grace\n|\n|t:|1783540567\n|switch|p2a: Magearna|Magearna-Original, L77|250/250\n|turn|17\n|inactive|Time left: 300 sec this turn | 300 sec total\n|\n|t:|1783540568\n|-terastallize|p1a: Galvantula|Electric\n|move|p1a: Galvantula|Thunder|p2a: Magearna\n|-damage|p2a: Magearna|114/250\n|-status|p2a: Magearna|par\n|move|p2a: Magearna|Aura Sphere|p1a: Galvantula\n|-damage|p1a: Galvantula|0 fnt\n|faint|p1a: Galvantula\n|\n|win|p0y09181dd", "uploadtime": 1783540568, "views": 0, "rating": 0, "private": 0, "password": null, "_winner": "p0y09181dd", "_our_name": "p0y09181dd"}