{"id": "battle-gen9randombattle-2558", "formatid": "gen9randombattle", "format": "[Gen 9] Random Battle", "players": ["p0x25582015", "p0y25582c35"], "log": "|init|battle\n|title|p0x25582015 vs. p0y25582c35\n|j|\u2606p0x25582015\n|j|\u2606p0y25582c35\n|t:|1783568633\n|gametype|singles\n|player|p1|p0x25582015|266|\n|player|p2|p0y25582c35|266|\n|gen|9\n|tier|[Gen 9] Random Battle\n|rule|Species Clause: Limit one of each Pok\u00e9mon\n|rule|HP Percentage Mod: HP is shown in percentages\n|rule|Sleep Clause Mod: Limit one foe put to sleep\n|rule|Illusion Level Mod: Illusion disguises the Pok\u00e9mon's true level\n|\n|t:|1783568633\n|teamsize|p1|6\n|teamsize|p2|6\n|start\n|switch|p1a: Kyogre|Kyogre, L71|259/259\n|switch|p2a: Noivern|Noivern, L82, M|100/100\n|-weather|RainDance|[from] ability: Drizzle|[of] p1a: Kyogre\n|turn|1\n|inactive|Battle timer is ON: inactive players will automatically lose when time's up. (requested by p0y25582c35)\n|inactive|Time left: 300 sec this turn | 300 sec total | 60 sec grace\n|inactive|p0x25582015 also wants the timer to be on.\n|\n|t:|1783568634\n|move|p1a: Kyogre|Ice Beam|p2a: Noivern\n|-supereffective|p2a: Noivern\n|-damage|p2a: Noivern|0 fnt\n|faint|p2a: Noivern\n|\n|-weather|RainDance|[upkeep]\n|upkeep\n|\n|t:|1783568635\n|switch|p2a: Vikavolt|Vikavolt, L83, F|100/100\n|turn|2\n|inactive|Time left: 300 sec this turn | 300 sec total\n|\n|t:|1783568636\n|move|p1a: Kyogre|Ice Beam|p2a: Vikavolt\n|-damage|p2a: Vikavolt|71/100\n|move|p2a: Vikavolt|Sticky Web|p1a: Kyogre\n|-sidestart|p1: p0x25582015|move: Sticky Web\n|\n|-weather|RainDance|[upkeep]\n|upkeep\n|turn|3\n|inactive|Time left: 300 sec this turn | 300 sec total\n|\n|t:|1783568637\n|switch|p1a: Tatsugiri|Tatsugiri, L87, F|260/260\n|move|p2a: Vikavolt|Discharge|p1a: Tatsugiri\n|-damage|p1a: Tatsugiri|154/260\n|\n|-weather|RainDance|[upkeep]\n|upkeep\n|turn|4\n|inactive|Time left: 300 sec this turn | 300 sec total\n|\n|t:|1783568638\n|move|p1a: Tatsugiri|Rapid Spin|p2a: Vikavolt\n|-damage|p2a: Vikavolt|62/100\n|-boost|p1a: Tatsugiri|spe|1\n|-sideend|p1: p0x25582015|Sticky Web|[from] move: Rapid Spin|[of] p1a: Tatsugiri\n|move|p2a: Vikavolt|Discharge|p1a: Tatsugiri\n|-damage|p1a: Tatsugiri|42/260\n|\n|-weather|RainDance|[upkeep]\n|upkeep\n|turn|5\n|inactive|Time left: 300 sec this turn | 300 sec total\n|\n|t:|1783568639\n|move|p1a: Tatsugiri|Surf|p2a: Vikavolt\n|-damage|p2a: Vikavolt|0 fnt\n|faint|p2a: Vikavolt\n|\n|-weather|none\n|upkeep\n|\n|t:|1783568640\n|switch|p2a: Zacian|Zacian-Crowned, L64|100/100\n|-ability|p2a: Zacian|Intrepid Sword|boost\n|-boost|p2a: Zacian|atk|1\n|turn|6\n|inactive|Time left: 300 sec this turn | 300 sec total\n|\n|t:|1783568640\n|move|p1a: Tatsugiri|Surf|p2a: Zacian\n|-damage|p2a: Zacian|47/100\n|move|p2a: Zacian|Behemoth Blade|p1a: Tatsugiri\n|-resisted|p1a: Tatsugiri\n|-damage|p1a: Tatsugiri|0 fnt\n|faint|p1a: Tatsugiri\n|\n|upkeep\n|inactive|Time left: 300 sec this turn | 300 sec total | 5 sec grace\n|\n|t:|1783568641\n|switch|p1a: Kyogre|Kyogre, L71|259/259\n|-weather|RainDance|[from] ability: Drizzle|[of] p1a: Kyogre\n|turn|7\n|inactive|Time left: 300 sec this turn | 300 sec total\n|\n|t:|1783568642\n|move|p1a: Kyogre|Water Spout|p2a: Zacian\n|-damage|p2a: Zacian|0 fnt\n|faint|p2a: Zacian\n|\n|-weather|RainDance|[upkeep]\n|upkeep\n|\n|t:|1783568643\n|switch|p2a: Persian|Persian, L92, F|100/100\n|turn|8\n|inactive|Time left: 300 sec this turn | 300 sec total\n|\n|t:|1783568644\n|switch|p1a: Krookodile|Krookodile, L79, F|280/280\n|-ability|p1a: Krookodile|Intimidate|boost\n|-unboost|p2a: Persian|atk|1\n|move|p2a: Persian|Double-Edge|p1a: Krookodile\n|-damage|p1a: Krookodile|151/280\n|-damage|p2a: Persian|85/100|[from] Recoil\n|\n|-weather|RainDance|[upkeep]\n|-heal|p1a: Krookodile|168/280|[from] item: Leftovers\n|upkeep\n|turn|9\n|inactive|Time left: 300 sec this turn | 300 sec total\n|\n|t:|1783568645\n|move|p2a: Persian|Double-Edge|p1a: Krookodile\n|-damage|p1a: Krookodile|42/280\n|-damage|p2a: Persian|69/100|[from] Recoil\n|move|p1a: Krookodile|Knock Off|p2a: Persian\n|-damage|p2a: Persian|20/100\n|-enditem|p2a: Persian|Choice Band|[from] move: Knock Off|[of] p1a: Krookodile\n|\n|-weather|RainDance|[upkeep]\n|-heal|p1a: Krookodile|59/280|[from] item: Leftovers\n|upkeep\n|turn|10\n|inactive|Time left: 300 sec this turn | 300 sec total\n|\n|t:|1783568646\n|switch|p1a: Metagross|Metagross, L79|256/256\n|move|p2a: Persian|Double-Edge|p1a: Metagross\n|-resisted|p1a: Metagross\n|-damage|p1a: Metagross|224/256\n|-damage|p2a: Persian|16/100|[from] Recoil\n|\n|-weather|RainDance|[upkeep]\n|upkeep\n|turn|11\n|inactive|Time left: 300 sec this turn | 300 sec total\n|\n|t:|1783568647\n|move|p2a: Persian|Knock Off|p1a: Metagross\n|-supereffective|p1a: Metagross\n|-damage|p1a: Metagross|162/256\n|-enditem|p1a: Metagross|Weakness Policy\n|-boost|p1a: Metagross|atk|2|[from] item: Weakness Policy\n|-boost|p1a: Metagross|spa|2|[from] item: Weakness Policy\n|move|p1a: Metagross|Agility|p1a: Metagross\n|-boost|p1a: Metagross|spe|2\n|\n|-weather|none\n|upkeep\n|turn|12\n|inactive|Time left: 300 sec this turn | 300 sec total\n|\n|t:|1783568648\n|move|p1a: Metagross|Knock Off|p2a: Persian\n|-damage|p2a: Persian|0 fnt\n|faint|p2a: Persian\n|\n|upkeep\n|\n|t:|1783568649\n|switch|p2a: Gholdengo|Gholdengo, L77|100/100\n|turn|13\n|inactive|Time left: 300 sec this turn | 300 sec total\n|\n|t:|1783568650\n|-terastallize|p2a: Gholdengo|Water\n|move|p1a: Metagross|Earthquake|p2a: Gholdengo\n|-damage|p2a: Gholdengo|34/100\n|move|p2a: Gholdengo|Shadow Ball|p1a: Metagross\n|-supereffective|p1a: Metagross\n|-damage|p1a: Metagross|0 fnt\n|faint|p1a: Metagross\n|\n|-heal|p2a: Gholdengo|40/100|[from] item: Leftovers\n|upkeep\n|inactive|Time left: 300 sec this turn | 300 sec total | 5 sec grace\n|\n|t:|1783568651\n|switch|p1a: Kyogre|Kyogre, L71|259/259\n|-weather|RainDance|[from] ability: Drizzle|[of] p1a: Kyogre\n|turn|14\n|inactive|Time left: 300 sec this turn | 300 sec total\n|\n|t:|1783568652\n|move|p1a: Kyogre|Water Spout|p2a: Gholdengo\n|-resisted|p2a: Gholdengo\n|-damage|p2a: Gholdengo|0 fnt\n|faint|p2a: Gholdengo\n|\n|-weather|RainDance|[upkeep]\n|upkeep\n|\n|t:|1783568653\n|switch|p2a: Ceruledge|Ceruledge, L78, F|100/100\n|turn|15\n|inactive|Time left: 300 sec this turn | 300 sec total\n|\n|t:|1783568654\n|-terastallize|p1a: Kyogre|Water\n|move|p1a: Kyogre|Water Spout|p2a: Ceruledge\n|-supereffective|p2a: Ceruledge\n|-damage|p2a: Ceruledge|0 fnt\n|faint|p2a: Ceruledge\n|\n|win|p0x25582015", "uploadtime": 1783568654, "views": 0, "rating": 0, "private": 0, "password": null, "_winner": "p0x25582015", "_our_name": "p0x25582015"}