{"id": "battle-gen9randombattle-1883", "formatid": "gen9randombattle", "format": "[Gen 9] Random Battle", "players": ["p0x1883e27c", "p0y1883f383"], "log": "|init|battle\n|title|p0x1883e27c vs. p0y1883f383\n|j|\u2606p0x1883e27c\n|j|\u2606p0y1883f383\n|t:|1783561803\n|gametype|singles\n|player|p1|p0x1883e27c|170|\n|player|p2|p0y1883f383|170|\n|gen|9\n|tier|[Gen 9] Random Battle\n|rule|Species Clause: Limit one of each Pok\u00e9mon\n|rule|HP Percentage Mod: HP is shown in percentages\n|rule|Sleep Clause Mod: Limit one foe put to sleep\n|rule|Illusion Level Mod: Illusion disguises the Pok\u00e9mon's true level\n|\n|t:|1783561803\n|teamsize|p1|6\n|teamsize|p2|6\n|start\n|switch|p1a: Deoxys|Deoxys-Defense, L84|221/221\n|switch|p2a: Manaphy|Manaphy, L78|100/100\n|-ability|p1a: Deoxys|Pressure\n|turn|1\n|inactive|Battle timer is ON: inactive players will automatically lose when time's up. (requested by p0x1883e27c)\n|inactive|p0y1883f383 also wants the timer to be on.\n|\n|t:|1783561804\n|move|p2a: Manaphy|Tail Glow|p2a: Manaphy\n|-boost|p2a: Manaphy|spa|3\n|move|p1a: Deoxys|Stealth Rock|p2a: Manaphy\n|-sidestart|p2: p0y1883f383|move: Stealth Rock\n|\n|upkeep\n|turn|2\n|inactive|Time left: 300 sec this turn | 300 sec total\n|\n|t:|1783561805\n|move|p2a: Manaphy|Surf|p1a: Deoxys\n|-damage|p1a: Deoxys|77/221\n|move|p1a: Deoxys|Recover|p1a: Deoxys\n|-heal|p1a: Deoxys|188/221\n|\n|-heal|p1a: Deoxys|201/221|[from] item: Leftovers\n|upkeep\n|turn|3\n|inactive|Time left: 300 sec this turn | 300 sec total\n|\n|t:|1783561806\n|move|p2a: Manaphy|Surf|p1a: Deoxys\n|-damage|p1a: Deoxys|63/221\n|move|p1a: Deoxys|Recover|p1a: Deoxys\n|-heal|p1a: Deoxys|174/221\n|\n|-heal|p1a: Deoxys|187/221|[from] item: Leftovers\n|upkeep\n|turn|4\n|inactive|Time left: 300 sec this turn | 300 sec total\n|\n|t:|1783561807\n|move|p2a: Manaphy|Surf|p1a: Deoxys\n|-damage|p1a: Deoxys|43/221\n|move|p1a: Deoxys|Recover|p1a: Deoxys\n|-heal|p1a: Deoxys|154/221\n|\n|-heal|p1a: Deoxys|167/221|[from] item: Leftovers\n|upkeep\n|turn|5\n|inactive|Time left: 300 sec this turn | 300 sec total\n|\n|t:|1783561808\n|move|p2a: Manaphy|Surf|p1a: Deoxys\n|-damage|p1a: Deoxys|41/221\n|move|p1a: Deoxys|Recover|p1a: Deoxys\n|-heal|p1a: Deoxys|152/221\n|\n|-heal|p1a: Deoxys|165/221|[from] item: Leftovers\n|upkeep\n|turn|6\n|inactive|Time left: 300 sec this turn | 300 sec total\n|\n|t:|1783561810\n|move|p2a: Manaphy|Surf|p1a: Deoxys\n|-damage|p1a: Deoxys|36/221\n|move|p1a: Deoxys|Recover|p1a: Deoxys\n|-heal|p1a: Deoxys|147/221\n|\n|-heal|p1a: Deoxys|160/221|[from] item: Leftovers\n|upkeep\n|turn|7\n|inactive|Time left: 300 sec this turn | 300 sec total\n|\n|t:|1783561811\n|move|p2a: Manaphy|Surf|p1a: Deoxys\n|-damage|p1a: Deoxys|27/221\n|move|p1a: Deoxys|Recover|p1a: Deoxys\n|-heal|p1a: Deoxys|138/221\n|\n|-heal|p1a: Deoxys|151/221|[from] item: Leftovers\n|upkeep\n|turn|8\n|inactive|Time left: 300 sec this turn | 300 sec total\n|\n|t:|1783561812\n|move|p2a: Manaphy|Surf|p1a: Deoxys\n|-damage|p1a: Deoxys|28/221\n|move|p1a: Deoxys|Recover|p1a: Deoxys\n|-heal|p1a: Deoxys|139/221\n|\n|-heal|p1a: Deoxys|152/221|[from] item: Leftovers\n|upkeep\n|turn|9\n|inactive|Time left: 300 sec this turn | 300 sec total\n|\n|t:|1783561813\n|move|p2a: Manaphy|Surf|p1a: Deoxys\n|-damage|p1a: Deoxys|11/221\n|move|p1a: Deoxys|Recover|p1a: Deoxys\n|-heal|p1a: Deoxys|122/221\n|\n|-heal|p1a: Deoxys|135/221|[from] item: Leftovers\n|upkeep\n|turn|10\n|inactive|Time left: 300 sec this turn | 300 sec total\n|\n|t:|1783561814\n|move|p2a: Manaphy|Surf|p1a: Deoxys\n|-damage|p1a: Deoxys|0 fnt\n|faint|p1a: Deoxys\n|\n|upkeep\n|inactive|Time left: 300 sec this turn | 300 sec total | 5 sec grace\n|\n|t:|1783561815\n|switch|p1a: Ursaring|Ursaring, L84, M|288/288\n|turn|11\n|inactive|Time left: 300 sec this turn | 300 sec total\n|\n|t:|1783561816\n|move|p2a: Manaphy|Surf|p1a: Ursaring\n|-damage|p1a: Ursaring|60/288\n|move|p1a: Ursaring|Swords Dance|p1a: Ursaring\n|-boost|p1a: Ursaring|atk|2\n|\n|-status|p1a: Ursaring|tox|[from] item: Toxic Orb\n|upkeep\n|turn|12\n|inactive|Time left: 300 sec this turn | 300 sec total\n|\n|t:|1783561817\n|move|p1a: Ursaring|Facade|p2a: Manaphy\n|-damage|p2a: Manaphy|0 fnt\n|faint|p2a: Manaphy\n|\n|-damage|p1a: Ursaring|42/288 tox|[from] psn\n|upkeep\n|\n|t:|1783561818\n|switch|p2a: Floatzel|Floatzel, L86, M|100/100\n|-damage|p2a: Floatzel|88/100|[from] Stealth Rock\n|turn|13\n|inactive|Time left: 300 sec this turn | 300 sec total\n|\n|t:|1783561819\n|move|p2a: Floatzel|Ice Spinner|p1a: Ursaring\n|-damage|p1a: Ursaring|0 fnt\n|faint|p1a: Ursaring\n|\n|-heal|p2a: Floatzel|94/100|[from] item: Leftovers\n|upkeep\n|inactive|Time left: 300 sec this turn | 300 sec total | 5 sec grace\n|\n|t:|1783561820\n|switch|p1a: Stonjourner|Stonjourner, L91, M|330/330\n|turn|14\n|inactive|Time left: 300 sec this turn | 300 sec total\n|\n|t:|1783561821\n|move|p2a: Floatzel|Bulk Up|p2a: Floatzel\n|-boost|p2a: Floatzel|atk|1\n|-boost|p2a: Floatzel|def|1\n|move|p1a: Stonjourner|Stone Edge|p2a: Floatzel|[miss]\n|-miss|p1a: Stonjourner|p2a: Floatzel\n|\n|-heal|p2a: Floatzel|99/100|[from] item: Leftovers\n|upkeep\n|turn|15\n|inactive|Time left: 300 sec this turn | 300 sec total\n|\n|t:|1783561822\n|-terastallize|p2a: Floatzel|Water\n|move|p2a: Floatzel|Wave Crash|p1a: Stonjourner\n|-supereffective|p1a: Stonjourner\n|-damage|p1a: Stonjourner|0 fnt\n|faint|p1a: Stonjourner\n|-damage|p2a: Floatzel|62/100|[from] Recoil\n|\n|-heal|p2a: Floatzel|68/100|[from] item: Leftovers\n|upkeep\n|inactive|Time left: 300 sec this turn | 300 sec total | 5 sec grace\n|\n|t:|1783561823\n|switch|p1a: Mudsdale|Mudsdale, L83, M|302/302\n|turn|16\n|inactive|Time left: 300 sec this turn | 300 sec total\n|\n|t:|1783561824\n|-terastallize|p1a: Mudsdale|Steel\n|move|p2a: Floatzel|Wave Crash|p1a: Mudsdale\n|-damage|p1a: Mudsdale|44/302\n|-ability|p1a: Mudsdale|Stamina|boost\n|-boost|p1a: Mudsdale|def|1\n|-damage|p2a: Floatzel|38/100|[from] Recoil\n|move|p1a: Mudsdale|Earthquake|p2a: Floatzel\n|-damage|p2a: Floatzel|0 fnt\n|faint|p2a: Floatzel\n|\n|-heal|p1a: Mudsdale|62/302|[from] item: Leftovers\n|upkeep\n|\n|t:|1783561825\n|switch|p2a: Koraidon|Koraidon, L64|100/100\n|-damage|p2a: Koraidon|95/100|[from] Stealth Rock\n|-weather|SunnyDay|[from] ability: Orichalcum Pulse|[of] p2a: Koraidon\n|-activate|p2a: Koraidon|Orichalcum Pulse|[source]\n|turn|17\n|inactive|Time left: 300 sec this turn | 300 sec total\n|\n|t:|1783561826\n|move|p2a: Koraidon|Flare Blitz|p1a: Mudsdale\n|-supereffective|p1a: Mudsdale\n|-damage|p1a: Mudsdale|0 fnt\n|faint|p1a: Mudsdale\n|-damage|p2a: Koraidon|86/100|[from] Recoil\n|\n|-weather|SunnyDay|[upkeep]\n|upkeep\n|inactive|Time left: 300 sec this turn | 300 sec total | 5 sec grace\n|\n|t:|1783561827\n|switch|p1a: Cinccino|Cinccino, L83, M|260/260\n|turn|18\n|inactive|Time left: 300 sec this turn | 300 sec total\n|\n|t:|1783561827\n|switch|p2a: Reuniclus|Reuniclus, L88, M|100/100\n|move|p1a: Cinccino|Triple Axel|p2a: Reuniclus\n|-damage|p2a: Reuniclus|94/100\n|-damage|p2a: Reuniclus|80/100\n|-damage|p2a: Reuniclus|60/100\n|-hitcount|p2a: Reuniclus|3\n|\n|-weather|SunnyDay|[upkeep]\n|upkeep\n|turn|19\n|inactive|Time left: 300 sec this turn | 300 sec total\n|\n|t:|1783561828\n|move|p1a: Cinccino|Tail Slap|p2a: Reuniclus|[miss]\n|-miss|p1a: Cinccino|p2a: Reuniclus\n|move|p2a: Reuniclus|Focus Blast|p1a: Cinccino|[miss]\n|-miss|p2a: Reuniclus|p1a: Cinccino\n|\n|-weather|SunnyDay|[upkeep]\n|upkeep\n|turn|20\n|inactive|Time left: 300 sec this turn | 300 sec total\n|\n|t:|1783561829\n|move|p1a: Cinccino|Tail Slap|p2a: Reuniclus\n|-damage|p2a: Reuniclus|47/100\n|-damage|p2a: Reuniclus|35/100\n|-damage|p2a: Reuniclus|22/100\n|-damage|p2a: Reuniclus|10/100\n|-damage|p2a: Reuniclus|0 fnt\n|faint|p2a: Reuniclus\n|-hitcount|p2: Reuniclus|5\n|\n|-weather|SunnyDay|[upkeep]\n|upkeep\n|\n|t:|1783561830\n|switch|p2a: Breloom|Breloom, L83, M|100/100\n|-damage|p2a: Breloom|95/100|[from] Stealth Rock\n|turn|21\n|inactive|Time left: 300 sec this turn | 300 sec total\n|\n|t:|1783561831\n|switch|p1a: Hawlucha|Hawlucha, L80, F|256/256\n|move|p2a: Breloom|Mach Punch|p1a: Hawlucha\n|-resisted|p1a: Hawlucha\n|-damage|p1a: Hawlucha|194/256\n|-damage|p2a: Breloom|85/100|[from] item: Life Orb\n|\n|-weather|none\n|upkeep\n|turn|22\n|inactive|Time left: 300 sec this turn | 300 sec total\n|\n|t:|1783561831\n|move|p1a: Hawlucha|Acrobatics|p2a: Breloom\n|-supereffective|p2a: Breloom\n|-damage|p2a: Breloom|0 fnt\n|faint|p2a: Breloom\n|\n|upkeep\n|\n|t:|1783561832\n|switch|p2a: Grafaiai|Grafaiai, L86, F|100/100\n|-damage|p2a: Grafaiai|88/100|[from] Stealth Rock\n|turn|23\n|inactive|Time left: 300 sec this turn | 300 sec total\n|\n|t:|1783561833\n|move|p2a: Grafaiai|Gunk Shot|p1a: Hawlucha\n|-crit|p1a: Hawlucha\n|-damage|p1a: Hawlucha|0 fnt\n|faint|p1a: Hawlucha\n|\n|upkeep\n|inactive|Time left: 300 sec this turn | 300 sec total | 5 sec grace\n|\n|t:|1783561834\n|switch|p1a: Cinccino|Cinccino, L83, M|260/260\n|turn|24\n|inactive|Time left: 300 sec this turn | 300 sec total\n|\n|t:|1783561835\n|move|p1a: Cinccino|Tail Slap|p2a: Grafaiai\n|-damage|p2a: Grafaiai|71/100\n|-damage|p2a: Grafaiai|53/100\n|-damage|p2a: Grafaiai|33/100\n|-damage|p2a: Grafaiai|13/100\n|-damage|p2a: Grafaiai|0 fnt\n|faint|p2a: Grafaiai\n|-hitcount|p2: Grafaiai|5\n|\n|upkeep\n|\n|t:|1783561835\n|switch|p2a: Koraidon|Koraidon, L64|86/100\n|-damage|p2a: Koraidon|80/100|[from] Stealth Rock\n|-weather|SunnyDay|[from] ability: Orichalcum Pulse|[of] p2a: Koraidon\n|-activate|p2a: Koraidon|Orichalcum Pulse|[source]\n|turn|25\n|inactive|Time left: 300 sec this turn | 300 sec total\n|\n|t:|1783561836\n|move|p1a: Cinccino|Triple Axel|p2a: Koraidon\n|-supereffective|p2a: Koraidon\n|-damage|p2a: Koraidon|60/100\n|-supereffective|p2a: Koraidon\n|-damage|p2a: Koraidon|26/100\n|-supereffective|p2a: Koraidon\n|-damage|p2a: Koraidon|0 fnt\n|faint|p2a: Koraidon\n|-hitcount|p2: Koraidon|3\n|\n|win|p0x1883e27c", "uploadtime": 1783561836, "views": 0, "rating": 0, "private": 0, "password": null, "_winner": "p0x1883e27c", "_our_name": "p0x1883e27c"}