{"id": "battle-gen9randombattle-2528", "formatid": "gen9randombattle", "format": "[Gen 9] Random Battle", "players": ["p0x25285444", "p0y25280e25"], "log": "|init|battle\n|title|p0x25285444 vs. p0y25280e25\n|j|\u2606p0x25285444\n|j|\u2606p0y25280e25\n|t:|1783568293\n|gametype|singles\n|player|p1|p0x25285444|265|\n|player|p2|p0y25280e25|266|\n|gen|9\n|tier|[Gen 9] Random Battle\n|rule|Species Clause: Limit one of each Pok\u00e9mon\n|rule|HP Percentage Mod: HP is shown in percentages\n|rule|Sleep Clause Mod: Limit one foe put to sleep\n|rule|Illusion Level Mod: Illusion disguises the Pok\u00e9mon's true level\n|\n|t:|1783568293\n|teamsize|p1|6\n|teamsize|p2|6\n|start\n|switch|p1a: Flareon|Flareon, L90, F|100/100\n|switch|p2a: Minior|Minior-Green, L79|224/224\n|-formechange|p2a: Minior|Minior-Meteor||[from] ability: Shields Down\n|turn|1\n|inactive|Battle timer is ON: inactive players will automatically lose when time's up. (requested by p0y25280e25)\n|inactive|p0x25285444 also wants the timer to be on.\n|\n|t:|1783568295\n|move|p1a: Flareon|Flare Blitz|p2a: Minior\n|-resisted|p2a: Minior\n|-damage|p2a: Minior|140/224\n|-damage|p1a: Flareon|90/100|[from] Recoil\n|move|p2a: Minior|Shell Smash|p2a: Minior\n|-unboost|p2a: Minior|def|1\n|-unboost|p2a: Minior|spd|1\n|-boost|p2a: Minior|atk|2\n|-boost|p2a: Minior|spa|2\n|-boost|p2a: Minior|spe|2\n|-enditem|p2a: Minior|White Herb\n|-clearnegativeboost|p2a: Minior|[silent]\n|\n|-status|p1a: Flareon|tox|[from] item: Toxic Orb\n|upkeep\n|turn|2\n|inactive|Time left: 300 sec this turn | 300 sec total\n|\n|t:|1783568296\n|-terastallize|p1a: Flareon|Normal\n|move|p2a: Minior|Acrobatics|p1a: Flareon\n|-damage|p1a: Flareon|18/100 tox\n|move|p1a: Flareon|Facade|p2a: Minior\n|-resisted|p2a: Minior\n|-crit|p2a: Minior\n|-damage|p2a: Minior|0 fnt\n|faint|p2a: Minior\n|\n|-damage|p1a: Flareon|12/100 tox|[from] psn\n|upkeep\n|inactive|Time left: 300 sec this turn | 300 sec total | 5 sec grace\n|\n|t:|1783568297\n|switch|p2a: Magcargo|Magcargo, L95, F|268/268\n|turn|3\n|inactive|Time left: 300 sec this turn | 300 sec total\n|\n|t:|1783568298\n|switch|p1a: Slowking|Slowking, L88, F|100/100\n|move|p2a: Magcargo|Shell Smash|p2a: Magcargo\n|-unboost|p2a: Magcargo|def|1\n|-unboost|p2a: Magcargo|spd|1\n|-boost|p2a: Magcargo|atk|2\n|-boost|p2a: Magcargo|spa|2\n|-boost|p2a: Magcargo|spe|2\n|\n|upkeep\n|turn|4\n|inactive|Time left: 300 sec this turn | 300 sec total\n|\n|t:|1783568299\n|-terastallize|p2a: Magcargo|Dragon\n|move|p2a: Magcargo|Shell Smash|p2a: Magcargo\n|-unboost|p2a: Magcargo|def|1\n|-unboost|p2a: Magcargo|spd|1\n|-boost|p2a: Magcargo|atk|2\n|-boost|p2a: Magcargo|spa|2\n|-boost|p2a: Magcargo|spe|2\n|move|p1a: Slowking|Scald|p2a: Magcargo\n|-resisted|p2a: Magcargo\n|-damage|p2a: Magcargo|182/268\n|\n|upkeep\n|turn|5\n|inactive|Time left: 300 sec this turn | 300 sec total\n|\n|t:|1783568300\n|move|p2a: Magcargo|Power Gem|p1a: Slowking\n|-damage|p1a: Slowking|27/100\n|move|p1a: Slowking|Psychic Noise|p2a: Magcargo\n|-damage|p2a: Magcargo|20/268\n|-start|p2a: Magcargo|move: Heal Block\n|\n|-heal|p1a: Slowking|33/100|[from] item: Leftovers\n|upkeep\n|turn|6\n|inactive|Time left: 300 sec this turn | 300 sec total\n|\n|t:|1783568300\n|switch|p1a: Flareon|Flareon, L90, F, tera:Normal|12/100 tox\n|move|p2a: Magcargo|Power Gem|p1a: Flareon\n|-damage|p1a: Flareon|0 fnt\n|faint|p1a: Flareon\n|\n|-end|p2a: Magcargo|move: Heal Block\n|upkeep\n|\n|t:|1783568301\n|switch|p1a: Munkidori|Munkidori, L79, M|100/100\n|turn|7\n|inactive|Time left: 300 sec this turn | 300 sec total\n|\n|t:|1783568302\n|move|p1a: Munkidori|Fake Out|p2a: Magcargo\n|-damage|p2a: Magcargo|0 fnt\n|faint|p2a: Magcargo\n|\n|upkeep\n|inactive|Time left: 300 sec this turn | 300 sec total | 5 sec grace\n|\n|t:|1783568303\n|switch|p2a: Lunala|Lunala, L70|308/308\n|turn|8\n|inactive|Time left: 300 sec this turn | 300 sec total\n|\n|t:|1783568303\n|move|p1a: Munkidori|U-turn|p2a: Lunala\n|-damage|p2a: Lunala|288/308\n|\n|t:|1783568304\n|switch|p1a: Sandslash|Sandslash, L89, M|100/100|[from] U-turn\n|move|p2a: Lunala|Moongeist Beam|p1a: Sandslash\n|-damage|p1a: Sandslash|53/100\n|\n|-heal|p2a: Lunala|307/308|[from] item: Leftovers\n|-heal|p1a: Sandslash|59/100|[from] item: Leftovers\n|upkeep\n|turn|9\n|inactive|Time left: 300 sec this turn | 300 sec total\n|\n|t:|1783568305\n|move|p2a: Lunala|Moongeist Beam|p1a: Sandslash\n|-damage|p1a: Sandslash|11/100\n|move|p1a: Sandslash|Knock Off|p2a: Lunala\n|-supereffective|p2a: Lunala\n|-damage|p2a: Lunala|0 fnt\n|-enditem|p2a: Lunala|Leftovers|[from] move: Knock Off|[of] p1a: Sandslash\n|faint|p2a: Lunala\n|\n|-heal|p1a: Sandslash|17/100|[from] item: Leftovers\n|upkeep\n|inactive|Time left: 300 sec this turn | 300 sec total | 5 sec grace\n|\n|t:|1783568306\n|switch|p2a: Golduck|Golduck, L90, M|290/290\n|-ability|p2a: Golduck|Cloud Nine\n|turn|10\n|inactive|Time left: 300 sec this turn | 300 sec total\n|\n|t:|1783568307\n|switch|p1a: Slowking|Slowking, L88, F|66/100\n|move|p2a: Golduck|Nasty Plot|p2a: Golduck\n|-boost|p2a: Golduck|spa|2\n|\n|-heal|p1a: Slowking|72/100|[from] item: Leftovers\n|upkeep\n|turn|11\n|inactive|Time left: 300 sec this turn | 300 sec total\n|\n|t:|1783568308\n|switch|p1a: Munkidori|Munkidori, L79, M|100/100\n|move|p2a: Golduck|Hydro Pump|p1a: Munkidori\n|-damage|p1a: Munkidori|28/100\n|\n|upkeep\n|turn|12\n|inactive|Time left: 300 sec this turn | 300 sec total\n|\n|t:|1783568309\n|move|p1a: Munkidori|Fake Out|p2a: Golduck\n|-damage|p2a: Golduck|268/290\n|cant|p2a: Golduck|flinch\n|\n|-heal|p2a: Golduck|286/290|[from] item: Leftovers\n|upkeep\n|turn|13\n|inactive|Time left: 300 sec this turn | 300 sec total\n|\n|t:|1783568310\n|move|p1a: Munkidori|Sludge Wave|p2a: Golduck\n|-damage|p2a: Golduck|166/290\n|move|p2a: Golduck|Hydro Pump|p1a: Munkidori\n|-damage|p1a: Munkidori|0 fnt\n|faint|p1a: Munkidori\n|\n|-heal|p2a: Golduck|184/290|[from] item: Leftovers\n|upkeep\n|\n|t:|1783568311\n|switch|p1a: Swanna|Swanna, L89, F|100/100\n|turn|14\n|inactive|Time left: 300 sec this turn | 300 sec total\n|\n|t:|1783568312\n|move|p1a: Swanna|Brave Bird|p2a: Golduck\n|-damage|p2a: Golduck|55/290\n|-damage|p1a: Swanna|85/100|[from] Recoil\n|move|p2a: Golduck|Hydro Pump|p1a: Swanna|[miss]\n|-miss|p2a: Golduck|p1a: Swanna\n|\n|-heal|p2a: Golduck|73/290|[from] item: Leftovers\n|upkeep\n|turn|15\n|inactive|Time left: 300 sec this turn | 300 sec total\n|\n|t:|1783568313\n|switch|p2a: Clodsire|Clodsire, L81, F|343/343\n|move|p1a: Swanna|Brave Bird|p2a: Clodsire\n|-damage|p2a: Clodsire|166/343\n|-damage|p1a: Swanna|64/100|[from] Recoil\n|\n|-heal|p2a: Clodsire|187/343|[from] item: Leftovers\n|upkeep\n|turn|16\n|inactive|Time left: 300 sec this turn | 300 sec total\n|\n|t:|1783568314\n|move|p1a: Swanna|Brave Bird|p2a: Clodsire\n|-damage|p2a: Clodsire|19/343\n|-damage|p1a: Swanna|44/100|[from] Recoil\n|move|p2a: Clodsire|Gunk Shot|p1a: Swanna\n|-damage|p1a: Swanna|2/100\n|-status|p1a: Swanna|psn\n|\n|-heal|p2a: Clodsire|40/343|[from] item: Leftovers\n|-damage|p1a: Swanna|0 fnt|[from] psn\n|faint|p1a: Swanna\n|upkeep\n|\n|t:|1783568316\n|switch|p1a: Drifblim|Drifblim, L86, M|100/100\n|turn|17\n|inactive|Time left: 300 sec this turn | 300 sec total\n|\n|t:|1783568316\n|move|p1a: Drifblim|Shadow Ball|p2a: Clodsire\n|-damage|p2a: Clodsire|0 fnt\n|faint|p2a: Clodsire\n|\n|upkeep\n|inactive|Time left: 300 sec this turn | 300 sec total | 5 sec grace\n|\n|t:|1783568318\n|switch|p2a: Golduck|Golduck, L90, M|73/290\n|-ability|p2a: Golduck|Cloud Nine\n|turn|18\n|inactive|Time left: 300 sec this turn | 300 sec total\n|\n|t:|1783568319\n|move|p2a: Golduck|Encore|p1a: Drifblim\n|-start|p1a: Drifblim|Encore\n|move|p1a: Drifblim|Shadow Ball|p2a: Golduck\n|-damage|p2a: Golduck|0 fnt\n|faint|p2a: Golduck\n|\n|upkeep\n|inactive|Time left: 300 sec this turn | 300 sec total | 5 sec grace\n|\n|t:|1783568319\n|switch|p2a: Chesnaught|Chesnaught, L84, M|285/285\n|turn|19\n|inactive|Time left: 300 sec this turn | 300 sec total\n|\n|t:|1783568320\n|switch|p1a: Sandslash|Sandslash, L89, M|17/100\n|move|p2a: Chesnaught|Synthesis|p2a: Chesnaught\n|-fail|p2a: Chesnaught|heal\n|\n|-heal|p1a: Sandslash|23/100|[from] item: Leftovers\n|upkeep\n|turn|20\n|inactive|Time left: 300 sec this turn | 300 sec total\n|\n|t:|1783568321\n|switch|p1a: Drifblim|Drifblim, L86, M|100/100\n|move|p2a: Chesnaught|Trailblaze|p1a: Drifblim\n|-resisted|p1a: Drifblim\n|-damage|p1a: Drifblim|88/100\n|-boost|p2a: Chesnaught|spe|1\n|\n|upkeep\n|turn|21\n|inactive|Time left: 300 sec this turn | 300 sec total\n|\n|t:|1783568322\n|move|p2a: Chesnaught|Synthesis|p2a: Chesnaught\n|-fail|p2a: Chesnaught|heal\n|move|p1a: Drifblim|Air Slash|p2a: Chesnaught\n|-supereffective|p2a: Chesnaught\n|-damage|p2a: Chesnaught|0 fnt\n|faint|p2a: Chesnaught\n|\n|win|p0x25285444", "uploadtime": 1783568322, "views": 0, "rating": 0, "private": 0, "password": null, "_winner": "p0x25285444", "_our_name": "p0y25280e25"}