{"id": "battle-gen9randombattle-2320", "formatid": "gen9randombattle", "format": "[Gen 9] Random Battle", "players": ["p0x2320f1e5", "p0y23202f7a"], "log": "|init|battle\n|title|p0x2320f1e5 vs. p0y23202f7a\n|j|\u2606p0x2320f1e5\n|j|\u2606p0y23202f7a\n|t:|1783566947\n|gametype|singles\n|player|p1|p0x2320f1e5|101|\n|player|p2|p0y23202f7a|2|\n|gen|9\n|tier|[Gen 9] Random Battle\n|rule|Species Clause: Limit one of each Pok\u00e9mon\n|rule|HP Percentage Mod: HP is shown in percentages\n|rule|Sleep Clause Mod: Limit one foe put to sleep\n|rule|Illusion Level Mod: Illusion disguises the Pok\u00e9mon's true level\n|\n|t:|1783566947\n|teamsize|p1|6\n|teamsize|p2|6\n|start\n|switch|p1a: Espeon|Espeon, L84, F|100/100\n|switch|p2a: Falinks|Falinks, L84|246/246\n|turn|1\n|inactive|Battle timer is ON: inactive players will automatically lose when time's up. (requested by p0x2320f1e5)\n|inactive|Time left: 300 sec this turn | 300 sec total | 60 sec grace\n|inactive|p0y23202f7a also wants the timer to be on.\n|\n|t:|1783566949\n|switch|p2a: Rampardos|Rampardos, L90, F|321/321\n|move|p1a: Espeon|Psyshock|p2a: Rampardos\n|-damage|p2a: Rampardos|148/321\n|-damage|p1a: Espeon|91/100|[from] item: Life Orb\n|\n|upkeep\n|turn|2\n|inactive|Time left: 300 sec this turn | 300 sec total\n|\n|t:|1783566950\n|move|p2a: Rampardos|Rock Slide|p1a: Espeon\n|-damage|p1a: Espeon|0 fnt\n|faint|p1a: Espeon\n|\n|upkeep\n|\n|t:|1783566951\n|switch|p1a: Cloyster|Cloyster, L80, F|100/100\n|turn|3\n|inactive|Time left: 300 sec this turn | 300 sec total\n|\n|t:|1783566952\n|-terastallize|p1a: Cloyster|Ground\n|move|p2a: Rampardos|Rock Slide|p1a: Cloyster\n|-resisted|p1a: Cloyster\n|-damage|p1a: Cloyster|76/100\n|move|p1a: Cloyster|Shell Smash|p1a: Cloyster\n|-unboost|p1a: Cloyster|def|1\n|-unboost|p1a: Cloyster|spd|1\n|-boost|p1a: Cloyster|atk|2\n|-boost|p1a: Cloyster|spa|2\n|-boost|p1a: Cloyster|spe|2\n|-enditem|p1a: Cloyster|White Herb\n|-clearnegativeboost|p1a: Cloyster|[silent]\n|\n|upkeep\n|turn|4\n|inactive|Time left: 300 sec this turn | 300 sec total\n|\n|t:|1783566953\n|move|p1a: Cloyster|Icicle Spear|p2a: Rampardos\n|-damage|p2a: Rampardos|84/321\n|-damage|p2a: Rampardos|26/321\n|-damage|p2a: Rampardos|0 fnt\n|faint|p2a: Rampardos\n|-hitcount|p2: Rampardos|3\n|\n|upkeep\n|inactive|Time left: 300 sec this turn | 300 sec total | 5 sec grace\n|\n|t:|1783566954\n|switch|p2a: Emboar|Emboar, L84, F|322/322\n|turn|5\n|inactive|Time left: 300 sec this turn | 300 sec total\n|\n|t:|1783566955\n|-terastallize|p2a: Emboar|Water\n|move|p1a: Cloyster|Drill Run|p2a: Emboar\n|-damage|p2a: Emboar|142/322\n|move|p2a: Emboar|Scald|p1a: Cloyster\n|-supereffective|p1a: Cloyster\n|-damage|p1a: Cloyster|0 fnt\n|faint|p1a: Cloyster\n|\n|upkeep\n|\n|t:|1783566956\n|switch|p1a: Squawkabilly|Squawkabilly-White, L89, F|100/100\n|turn|6\n|inactive|Time left: 300 sec this turn | 300 sec total\n|\n|t:|1783566956\n|switch|p2a: Gholdengo|Gholdengo, L77|261/261\n|move|p1a: Squawkabilly|Brave Bird|p2a: Gholdengo\n|-resisted|p2a: Gholdengo\n|-damage|p2a: Gholdengo|101/261\n|-damage|p1a: Squawkabilly|82/100|[from] Recoil\n|\n|-heal|p2a: Gholdengo|117/261|[from] item: Leftovers\n|upkeep\n|turn|7\n|inactive|Time left: 300 sec this turn | 300 sec total\n|\n|t:|1783566957\n|move|p1a: Squawkabilly|Brave Bird|p2a: Gholdengo\n|-resisted|p2a: Gholdengo\n|-damage|p2a: Gholdengo|0 fnt\n|faint|p2a: Gholdengo\n|-damage|p1a: Squawkabilly|69/100|[from] Recoil\n|\n|upkeep\n|inactive|Time left: 300 sec this turn | 300 sec total | 5 sec grace\n|\n|t:|1783566958\n|switch|p2a: Espeon|Espeon, L84, M|246/246\n|turn|8\n|inactive|Time left: 300 sec this turn | 300 sec total\n|\n|t:|1783566959\n|move|p2a: Espeon|Psychic|p1a: Squawkabilly\n|-damage|p1a: Squawkabilly|0 fnt\n|faint|p1a: Squawkabilly\n|-damage|p2a: Espeon|222/246|[from] item: Life Orb\n|\n|upkeep\n|\n|t:|1783566961\n|switch|p1a: Furret|Furret, L94, M|100/100\n|-item|p2a: Espeon|Life Orb|[from] ability: Frisk|[of] p1a: Furret\n|turn|9\n|inactive|Time left: 300 sec this turn | 300 sec total\n|\n|t:|1783566962\n|move|p2a: Espeon|Psychic|p1a: Furret\n|-damage|p1a: Furret|36/100\n|-damage|p2a: Espeon|198/246|[from] item: Life Orb\n|move|p1a: Furret|Double-Edge|p2a: Espeon\n|-damage|p2a: Espeon|0 fnt\n|faint|p2a: Espeon\n|-damage|p1a: Furret|16/100|[from] Recoil\n|\n|upkeep\n|inactive|Time left: 300 sec this turn | 300 sec total | 5 sec grace\n|\n|t:|1783566963\n|switch|p2a: Arceus|Arceus-Fairy, L69|280/280\n|turn|10\n|inactive|Time left: 300 sec this turn | 300 sec total\n|\n|t:|1783566964\n|move|p1a: Furret|Double-Edge|p2a: Arceus\n|-damage|p2a: Arceus|103/280\n|-damage|p1a: Furret|0 fnt|[from] Recoil\n|faint|p1a: Furret\n|move|p2a: Arceus|Calm Mind|p2a: Arceus\n|-boost|p2a: Arceus|spa|1\n|-boost|p2a: Arceus|spd|1\n|\n|upkeep\n|\n|t:|1783566965\n|switch|p1a: Weezing|Weezing-Galar, L86, F|100/100\n|turn|11\n|inactive|Time left: 300 sec this turn | 300 sec total\n|\n|t:|1783566966\n|move|p2a: Arceus|Recover|p2a: Arceus\n|-heal|p2a: Arceus|243/280\n|move|p1a: Weezing|Gunk Shot|p2a: Arceus|[miss]\n|-miss|p1a: Weezing|p2a: Arceus\n|\n|upkeep\n|turn|12\n|inactive|Time left: 300 sec this turn | 300 sec total\n|\n|t:|1783566967\n|move|p2a: Arceus|Calm Mind|p2a: Arceus\n|-boost|p2a: Arceus|spa|1\n|-boost|p2a: Arceus|spd|1\n|move|p1a: Weezing|Gunk Shot|p2a: Arceus\n|-supereffective|p2a: Arceus\n|-damage|p2a: Arceus|0 fnt\n|faint|p2a: Arceus\n|\n|upkeep\n|inactive|Time left: 300 sec this turn | 300 sec total | 5 sec grace\n|\n|t:|1783566968\n|switch|p2a: Emboar|Emboar, L84, F, tera:Water|142/322\n|turn|13\n|inactive|Time left: 300 sec this turn | 300 sec total\n|\n|t:|1783566969\n|move|p2a: Emboar|Scald|p1a: Weezing\n|-damage|p1a: Weezing|59/100\n|move|p1a: Weezing|Gunk Shot|p2a: Emboar\n|-damage|p2a: Emboar|0 fnt\n|faint|p2a: Emboar\n|\n|-heal|p1a: Weezing|65/100|[from] item: Leftovers\n|upkeep\n|inactive|Time left: 300 sec this turn | 300 sec total | 5 sec grace\n|\n|t:|1783566970\n|switch|p2a: Falinks|Falinks, L84|246/246\n|turn|14\n|inactive|Time left: 300 sec this turn | 300 sec total\n|\n|t:|1783566971\n|move|p2a: Falinks|No Retreat|p2a: Falinks\n|-boost|p2a: Falinks|atk|1\n|-boost|p2a: Falinks|def|1\n|-boost|p2a: Falinks|spa|1\n|-boost|p2a: Falinks|spd|1\n|-boost|p2a: Falinks|spe|1\n|-start|p2a: Falinks|move: No Retreat\n|move|p1a: Weezing|Strange Steam|p2a: Falinks\n|-supereffective|p2a: Falinks\n|-damage|p2a: Falinks|94/246\n|\n|-heal|p1a: Weezing|71/100|[from] item: Leftovers\n|upkeep\n|turn|15\n|inactive|Time left: 300 sec this turn | 300 sec total\n|\n|t:|1783566972\n|switch|p1a: Goodra|Goodra, L85, F|100/100\n|move|p2a: Falinks|Iron Head|p1a: Goodra\n|-damage|p1a: Goodra|58/100\n|-damage|p2a: Falinks|70/246|[from] item: Life Orb\n|\n|upkeep\n|turn|16\n|inactive|Time left: 300 sec this turn | 300 sec total\n|\n|t:|1783566973\n|switch|p1a: Weezing|Weezing-Galar, L86, F|71/100\n|move|p2a: Falinks|Iron Head|p1a: Weezing\n|-supereffective|p1a: Weezing\n|-damage|p1a: Weezing|0 fnt\n|faint|p1a: Weezing\n|-damage|p2a: Falinks|46/246|[from] item: Life Orb\n|\n|upkeep\n|\n|t:|1783566974\n|switch|p1a: Goodra|Goodra, L85, F|58/100\n|turn|17\n|inactive|Time left: 300 sec this turn | 300 sec total\n|\n|t:|1783566975\n|move|p2a: Falinks|Close Combat|p1a: Goodra\n|-damage|p1a: Goodra|0 fnt\n|-unboost|p2a: Falinks|def|1\n|-unboost|p2a: Falinks|spd|1\n|faint|p1a: Goodra\n|-damage|p2a: Falinks|22/246|[from] item: Life Orb\n|\n|win|p0y23202f7a", "uploadtime": 1783566975, "views": 0, "rating": 0, "private": 0, "password": null, "_winner": "p0y23202f7a", "_our_name": "p0y23202f7a"}