{"id": "battle-gen9randombattle-1133", "formatid": "gen9randombattle", "format": "[Gen 9] Random Battle", "players": ["p0x11334956", "p0y11330578"], "log": "|init|battle\n|title|p0x11334956 vs. p0y11330578\n|j|\u2606p0x11334956\n|j|\u2606p0y11330578\n|t:|1783552275\n|gametype|singles\n|player|p1|p0x11334956|101|\n|player|p2|p0y11330578|102|\n|gen|9\n|tier|[Gen 9] Random Battle\n|rule|Species Clause: Limit one of each Pok\u00e9mon\n|rule|HP Percentage Mod: HP is shown in percentages\n|rule|Sleep Clause Mod: Limit one foe put to sleep\n|rule|Illusion Level Mod: Illusion disguises the Pok\u00e9mon's true level\n|\n|t:|1783552275\n|teamsize|p1|6\n|teamsize|p2|6\n|start\n|switch|p1a: Illumise|Illumise, L91, F|100/100\n|switch|p2a: Espathra|Espathra, L80, F|283/283\n|turn|1\n|inactive|Battle timer is ON: inactive players will automatically lose when time's up. (requested by p0y11330578)\n|inactive|p0x11334956 also wants the timer to be on.\n|\n|t:|1783552277\n|move|p2a: Espathra|Calm Mind|p2a: Espathra\n|-boost|p2a: Espathra|spa|1\n|-boost|p2a: Espathra|spd|1\n|move|p1a: Illumise|Bug Buzz|p2a: Espathra\n|-supereffective|p2a: Espathra\n|-damage|p2a: Espathra|103/283\n|\n|-heal|p2a: Espathra|120/283|[from] item: Leftovers\n|-ability|p2a: Espathra|Speed Boost|boost\n|-boost|p2a: Espathra|spe|1\n|upkeep\n|turn|2\n|inactive|Time left: 300 sec this turn | 300 sec total\n|\n|t:|1783552278\n|switch|p1a: Mudsdale|Mudsdale, L83, F|100/100\n|move|p2a: Espathra|Protect||[still]\n|-fail|p2a: Espathra\n|\n|-heal|p2a: Espathra|137/283|[from] item: Leftovers\n|-ability|p2a: Espathra|Speed Boost|boost\n|-boost|p2a: Espathra|spe|1\n|upkeep\n|turn|3\n|inactive|Time left: 300 sec this turn | 300 sec total\n|\n|t:|1783552279\n|move|p2a: Espathra|Protect|p2a: Espathra\n|-singleturn|p2a: Espathra|Protect\n|move|p1a: Mudsdale|Earthquake|p2a: Espathra\n|-activate|p2a: Espathra|move: Protect\n|\n|-heal|p2a: Espathra|154/283|[from] item: Leftovers\n|-ability|p2a: Espathra|Speed Boost|boost\n|-boost|p2a: Espathra|spe|1\n|upkeep\n|turn|4\n|inactive|Time left: 300 sec this turn | 300 sec total\n|\n|t:|1783552280\n|move|p2a: Espathra|Stored Power|p1a: Mudsdale\n|-damage|p1a: Mudsdale|40/100\n|-ability|p1a: Mudsdale|Stamina|boost\n|-boost|p1a: Mudsdale|def|1\n|move|p1a: Mudsdale|Earthquake|p2a: Espathra\n|-damage|p2a: Espathra|0 fnt\n|faint|p2a: Espathra\n|\n|-heal|p1a: Mudsdale|46/100|[from] item: Leftovers\n|upkeep\n|inactive|Time left: 300 sec this turn | 300 sec total | 5 sec grace\n|\n|t:|1783552281\n|switch|p2a: Baxcalibur|Baxcalibur, L75, M|295/295\n|turn|5\n|inactive|Time left: 300 sec this turn | 300 sec total\n|\n|t:|1783552282\n|move|p2a: Baxcalibur|Icicle Crash|p1a: Mudsdale\n|-supereffective|p1a: Mudsdale\n|-damage|p1a: Mudsdale|0 fnt\n|faint|p1a: Mudsdale\n|\n|upkeep\n|\n|t:|1783552283\n|switch|p1a: Spiritomb|Spiritomb, L89, M|100/100\n|turn|6\n|inactive|Time left: 300 sec this turn | 300 sec total\n|\n|t:|1783552284\n|move|p2a: Baxcalibur|Icicle Crash|p1a: Spiritomb\n|-damage|p1a: Spiritomb|48/100\n|move|p1a: Spiritomb|Foul Play|p2a: Baxcalibur\n|-damage|p2a: Baxcalibur|166/295\n|\n|-heal|p1a: Spiritomb|54/100|[from] item: Leftovers\n|upkeep\n|turn|7\n|inactive|Time left: 300 sec this turn | 300 sec total\n|\n|t:|1783552285\n|move|p2a: Baxcalibur|Icicle Crash|p1a: Spiritomb\n|-damage|p1a: Spiritomb|5/100\n|move|p1a: Spiritomb|Foul Play|p2a: Baxcalibur\n|-damage|p2a: Baxcalibur|22/295\n|\n|-heal|p1a: Spiritomb|11/100|[from] item: Leftovers\n|upkeep\n|turn|8\n|inactive|Time left: 300 sec this turn | 300 sec total\n|\n|t:|1783552286\n|move|p2a: Baxcalibur|Icicle Crash|p1a: Spiritomb\n|-damage|p1a: Spiritomb|0 fnt\n|faint|p1a: Spiritomb\n|\n|upkeep\n|\n|t:|1783552287\n|switch|p1a: Inteleon|Inteleon, L81, M|100/100\n|turn|9\n|inactive|Time left: 300 sec this turn | 300 sec total\n|\n|t:|1783552288\n|switch|p2a: Suicune|Suicune, L82|298/298\n|-ability|p2a: Suicune|Pressure\n|move|p1a: Inteleon|Scald|p2a: Suicune\n|-resisted|p2a: Suicune\n|-damage|p2a: Suicune|239/298\n|\n|-heal|p2a: Suicune|257/298|[from] item: Leftovers\n|upkeep\n|turn|10\n|inactive|Time left: 300 sec this turn | 300 sec total\n|\n|t:|1783552289\n|move|p1a: Inteleon|Scald|p2a: Suicune\n|-resisted|p2a: Suicune\n|-damage|p2a: Suicune|194/298\n|move|p2a: Suicune|Calm Mind|p2a: Suicune\n|-boost|p2a: Suicune|spa|1\n|-boost|p2a: Suicune|spd|1\n|\n|-heal|p2a: Suicune|212/298|[from] item: Leftovers\n|upkeep\n|turn|11\n|inactive|Time left: 300 sec this turn | 300 sec total\n|\n|t:|1783552290\n|move|p1a: Inteleon|Scald|p2a: Suicune\n|-resisted|p2a: Suicune\n|-damage|p2a: Suicune|174/298\n|move|p2a: Suicune|Scald|p1a: Inteleon\n|-resisted|p1a: Inteleon\n|-damage|p1a: Inteleon|71/100\n|\n|-heal|p2a: Suicune|192/298|[from] item: Leftovers\n|upkeep\n|turn|12\n|inactive|Time left: 300 sec this turn | 300 sec total\n|\n|t:|1783552291\n|move|p1a: Inteleon|Scald|p2a: Suicune\n|-resisted|p2a: Suicune\n|-damage|p2a: Suicune|151/298\n|-status|p2a: Suicune|brn\n|move|p2a: Suicune|Calm Mind|p2a: Suicune\n|-boost|p2a: Suicune|spa|1\n|-boost|p2a: Suicune|spd|1\n|\n|-heal|p2a: Suicune|169/298 brn|[from] item: Leftovers\n|-damage|p2a: Suicune|151/298 brn|[from] brn\n|upkeep\n|turn|13\n|inactive|Time left: 300 sec this turn | 300 sec total\n|\n|t:|1783552292\n|move|p1a: Inteleon|Scald|p2a: Suicune\n|-resisted|p2a: Suicune\n|-damage|p2a: Suicune|120/298 brn\n|move|p2a: Suicune|Scald|p1a: Inteleon\n|-resisted|p1a: Inteleon\n|-damage|p1a: Inteleon|30/100\n|-status|p1a: Inteleon|brn\n|\n|-heal|p2a: Suicune|138/298 brn|[from] item: Leftovers\n|-damage|p1a: Inteleon|24/100 brn|[from] brn\n|-damage|p2a: Suicune|120/298 brn|[from] brn\n|upkeep\n|turn|14\n|inactive|Time left: 300 sec this turn | 300 sec total\n|\n|t:|1783552293\n|move|p1a: Inteleon|Scald|p2a: Suicune\n|-resisted|p2a: Suicune\n|-damage|p2a: Suicune|75/298 brn\n|move|p2a: Suicune|Scald|p1a: Inteleon\n|-resisted|p1a: Inteleon\n|-damage|p1a: Inteleon|0 fnt\n|faint|p1a: Inteleon\n|\n|-heal|p2a: Suicune|93/298 brn|[from] item: Leftovers\n|-damage|p2a: Suicune|75/298 brn|[from] brn\n|upkeep\n|\n|t:|1783552294\n|switch|p1a: Regieleki|Regieleki, L79|100/100\n|turn|15\n|inactive|Time left: 300 sec this turn | 300 sec total\n|\n|t:|1783552295\n|-terastallize|p2a: Suicune|Steel\n|move|p1a: Regieleki|Thunderbolt|p2a: Suicune\n|-damage|p2a: Suicune|18/298 brn\n|move|p2a: Suicune|Rest|p2a: Suicune\n|-status|p2a: Suicune|slp|[from] move: Rest\n|-heal|p2a: Suicune|298/298 slp|[silent]\n|\n|upkeep\n|turn|16\n|inactive|Time left: 300 sec this turn | 300 sec total\n|\n|t:|1783552295\n|switch|p1a: Illumise|Illumise, L91, F|100/100\n|cant|p2a: Suicune|slp\n|move|p2a: Suicune|Sleep Talk|p2a: Suicune\n|move|p2a: Suicune|Calm Mind|p2a: Suicune|[from] move: Sleep Talk\n|-boost|p2a: Suicune|spa|1\n|-boost|p2a: Suicune|spd|1\n|\n|upkeep\n|turn|17\n|inactive|Time left: 300 sec this turn | 300 sec total\n|\n|t:|1783552296\n|move|p1a: Illumise|Encore||[still]\n|-fail|p1a: Illumise\n|cant|p2a: Suicune|slp\n|move|p2a: Suicune|Sleep Talk|p2a: Suicune\n|move|p2a: Suicune|Calm Mind|p2a: Suicune|[from] move: Sleep Talk\n|-boost|p2a: Suicune|spa|1\n|-boost|p2a: Suicune|spd|1\n|\n|upkeep\n|turn|18\n|inactive|Time left: 300 sec this turn | 300 sec total\n|\n|t:|1783552297\n|move|p1a: Illumise|Encore||[still]\n|-fail|p1a: Illumise\n|-curestatus|p2a: Suicune|slp|[msg]\n|move|p2a: Suicune|Scald|p1a: Illumise\n|-damage|p1a: Illumise|13/100\n|\n|upkeep\n|turn|19\n|inactive|Time left: 300 sec this turn | 300 sec total\n|\n|t:|1783552298\n|move|p1a: Illumise|Thunder Wave|p2a: Suicune\n|-status|p2a: Suicune|par\n|move|p2a: Suicune|Scald|p1a: Illumise\n|-damage|p1a: Illumise|0 fnt\n|faint|p1a: Illumise\n|\n|upkeep\n|\n|t:|1783552299\n|switch|p1a: Regieleki|Regieleki, L79|100/100\n|turn|20\n|inactive|Time left: 300 sec this turn | 300 sec total\n|\n|t:|1783552300\n|move|p1a: Regieleki|Volt Switch|p2a: Suicune\n|-damage|p2a: Suicune|267/298 par\n|\n|t:|1783552301\n|switch|p1a: Lanturn|Lanturn, L89, M|100/100|[from] Volt Switch\n|move|p2a: Suicune|Scald|p1a: Lanturn\n|-resisted|p1a: Lanturn\n|-damage|p1a: Lanturn|70/100\n|\n|-heal|p2a: Suicune|285/298 par|[from] item: Leftovers\n|upkeep\n|turn|21\n|inactive|Time left: 300 sec this turn | 300 sec total\n|\n|t:|1783552301\n|move|p1a: Lanturn|Thunderbolt|p2a: Suicune\n|-damage|p2a: Suicune|260/298 par\n|move|p2a: Suicune|Scald|p1a: Lanturn\n|-resisted|p1a: Lanturn\n|-damage|p1a: Lanturn|40/100\n|\n|-heal|p2a: Suicune|278/298 par|[from] item: Leftovers\n|upkeep\n|turn|22\n|inactive|Time left: 300 sec this turn | 300 sec total\n|\n|t:|1783552303\n|move|p1a: Lanturn|Thunderbolt|p2a: Suicune\n|-damage|p2a: Suicune|254/298 par\n|cant|p2a: Suicune|par\n|\n|-heal|p2a: Suicune|272/298 par|[from] item: Leftovers\n|upkeep\n|turn|23\n|inactive|Time left: 300 sec this turn | 300 sec total\n|\n|t:|1783552304\n|move|p1a: Lanturn|Thunderbolt|p2a: Suicune\n|-damage|p2a: Suicune|245/298 par\n|cant|p2a: Suicune|par\n|\n|-heal|p2a: Suicune|263/298 par|[from] item: Leftovers\n|upkeep\n|turn|24\n|inactive|Time left: 300 sec this turn | 300 sec total\n|\n|t:|1783552305\n|move|p1a: Lanturn|Scald|p2a: Suicune\n|-damage|p2a: Suicune|241/298 par\n|cant|p2a: Suicune|par\n|\n|-heal|p2a: Suicune|259/298 par|[from] item: Leftovers\n|upkeep\n|turn|25\n|inactive|Time left: 300 sec this turn | 300 sec total\n|\n|t:|1783552306\n|move|p1a: Lanturn|Thunderbolt|p2a: Suicune\n|-damage|p2a: Suicune|232/298 par\n|move|p2a: Suicune|Scald|p1a: Lanturn\n|-resisted|p1a: Lanturn\n|-damage|p1a: Lanturn|10/100\n|\n|-heal|p2a: Suicune|250/298 par|[from] item: Leftovers\n|upkeep\n|turn|26\n|inactive|Time left: 300 sec this turn | 300 sec total\n|\n|t:|1783552307\n|move|p1a: Lanturn|Thunder Wave|p2a: Suicune\n|-fail|p2a: Suicune|par\n|move|p2a: Suicune|Scald|p1a: Lanturn\n|-resisted|p1a: Lanturn\n|-damage|p1a: Lanturn|0 fnt\n|faint|p1a: Lanturn\n|\n|-heal|p2a: Suicune|268/298 par|[from] item: Leftovers\n|upkeep\n|\n|t:|1783552308\n|switch|p1a: Regieleki|Regieleki, L79|100/100\n|turn|27\n|inactive|Time left: 300 sec this turn | 300 sec total\n|\n|t:|1783552309\n|-terastallize|p1a: Regieleki|Electric\n|move|p1a: Regieleki|Volt Switch|p2a: Suicune\n|-damage|p2a: Suicune|228/298 par\n|cant|p2a: Suicune|par\n|\n|-heal|p2a: Suicune|246/298 par|[from] item: Leftovers\n|upkeep\n|turn|28\n|inactive|Time left: 300 sec this turn | 300 sec total\n|\n|t:|1783552310\n|move|p1a: Regieleki|Thunderbolt|p2a: Suicune\n|-damage|p2a: Suicune|192/298 par\n|cant|p2a: Suicune|par\n|\n|-heal|p2a: Suicune|210/298 par|[from] item: Leftovers\n|upkeep\n|turn|29\n|inactive|Time left: 300 sec this turn | 300 sec total\n|\n|t:|1783552311\n|move|p1a: Regieleki|Thunderbolt|p2a: Suicune\n|-damage|p2a: Suicune|154/298 par\n|move|p2a: Suicune|Scald|p1a: Regieleki\n|-damage|p1a: Regieleki|0 fnt\n|faint|p1a: Regieleki\n|\n|win|p0y11330578", "uploadtime": 1783552311, "views": 0, "rating": 0, "private": 0, "password": null, "_winner": "p0y11330578", "_our_name": "p0y11330578"}