{"id": "battle-gen9randombattle-188", "formatid": "gen9randombattle", "format": "[Gen 9] Random Battle", "players": ["p0x1889982", "p0y18886db"], "log": "|init|battle\n|title|p0x1889982 vs. p0y18886db\n|j|\u2606p0x1889982\n|j|\u2606p0y18886db\n|t:|1783541282\n|gametype|singles\n|player|p1|p0x1889982|170|\n|player|p2|p0y18886db|101|\n|gen|9\n|tier|[Gen 9] Random Battle\n|rule|Species Clause: Limit one of each Pok\u00e9mon\n|rule|HP Percentage Mod: HP is shown in percentages\n|rule|Sleep Clause Mod: Limit one foe put to sleep\n|rule|Illusion Level Mod: Illusion disguises the Pok\u00e9mon's true level\n|\n|t:|1783541282\n|teamsize|p1|6\n|teamsize|p2|6\n|start\n|switch|p1a: Staraptor|Staraptor, L79, M|100/100\n|switch|p2a: Koraidon|Koraidon, L64|235/235\n|-weather|SunnyDay|[from] ability: Orichalcum Pulse|[of] p2a: Koraidon\n|-activate|p2a: Koraidon|Orichalcum Pulse|[source]\n|turn|1\n|inactive|Battle timer is ON: inactive players will automatically lose when time's up. (requested by p0y18886db)\n|inactive|p0x1889982 also wants the timer to be on.\n|\n|t:|1783541284\n|move|p1a: Staraptor|Brave Bird|p2a: Koraidon\n|-supereffective|p2a: Koraidon\n|-damage|p2a: Koraidon|0 fnt\n|faint|p2a: Koraidon\n|-damage|p1a: Staraptor|71/100|[from] Recoil\n|\n|-weather|SunnyDay|[upkeep]\n|upkeep\n|inactive|Time left: 300 sec this turn | 300 sec total | 65 sec grace\n|\n|t:|1783541285\n|switch|p2a: Grumpig|Grumpig, L92, F|297/297\n|turn|2\n|inactive|Time left: 300 sec this turn | 300 sec total\n|\n|t:|1783541287\n|move|p1a: Staraptor|Brave Bird|p2a: Grumpig\n|-damage|p2a: Grumpig|113/297\n|-damage|p1a: Staraptor|48/100|[from] Recoil\n|move|p2a: Grumpig|Psychic|p1a: Staraptor\n|-damage|p1a: Staraptor|0 fnt\n|faint|p1a: Staraptor\n|\n|-weather|SunnyDay|[upkeep]\n|-heal|p2a: Grumpig|131/297|[from] item: Leftovers\n|upkeep\n|\n|t:|1783541288\n|switch|p1a: Donphan|Donphan, L84, M|100/100\n|turn|3\n|inactive|Time left: 300 sec this turn | 300 sec total\n|\n|t:|1783541289\n|move|p2a: Grumpig|Psychic|p1a: Donphan\n|-damage|p1a: Donphan|55/100\n|move|p1a: Donphan|Earthquake|p2a: Grumpig\n|-damage|p2a: Grumpig|0 fnt\n|faint|p2a: Grumpig\n|\n|-weather|SunnyDay|[upkeep]\n|-heal|p1a: Donphan|62/100|[from] item: Leftovers\n|upkeep\n|inactive|Time left: 300 sec this turn | 300 sec total | 5 sec grace\n|\n|t:|1783541290\n|switch|p2a: Whimsicott|Whimsicott, L84, F|238/238\n|turn|4\n|inactive|Time left: 300 sec this turn | 300 sec total\n|\n|t:|1783541291\n|move|p2a: Whimsicott|Leech Seed|p1a: Donphan\n|-start|p1a: Donphan|move: Leech Seed\n|move|p1a: Donphan|Rapid Spin|p2a: Whimsicott\n|-damage|p2a: Whimsicott|192/238\n|-boost|p1a: Donphan|spe|1\n|-end|p1a: Donphan|Leech Seed|[from] move: Rapid Spin|[of] p1a: Donphan\n|\n|-weather|SunnyDay|[upkeep]\n|-heal|p2a: Whimsicott|206/238|[from] item: Leftovers\n|-heal|p1a: Donphan|68/100|[from] item: Leftovers\n|upkeep\n|turn|5\n|inactive|Time left: 300 sec this turn | 300 sec total\n|\n|t:|1783541292\n|move|p2a: Whimsicott|Moonblast|p1a: Donphan\n|-damage|p1a: Donphan|32/100\n|move|p1a: Donphan|Ice Spinner|p2a: Whimsicott\n|-supereffective|p2a: Whimsicott\n|-damage|p2a: Whimsicott|72/238\n|\n|-weather|none\n|-heal|p2a: Whimsicott|86/238|[from] item: Leftovers\n|-heal|p1a: Donphan|38/100|[from] item: Leftovers\n|upkeep\n|turn|6\n|inactive|Time left: 300 sec this turn | 300 sec total\n|\n|t:|1783541294\n|move|p2a: Whimsicott|Moonblast|p1a: Donphan\n|-damage|p1a: Donphan|0 fnt\n|faint|p1a: Donphan\n|\n|-heal|p2a: Whimsicott|100/238|[from] item: Leftovers\n|upkeep\n|\n|t:|1783541295\n|switch|p1a: Armarouge|Armarouge, L80, M|100/100\n|turn|7\n|inactive|Time left: 300 sec this turn | 300 sec total\n|\n|t:|1783541296\n|move|p2a: Whimsicott|Leech Seed|p1a: Armarouge\n|-start|p1a: Armarouge|move: Leech Seed\n|move|p1a: Armarouge|Meteor Beam||[still]\n|-prepare|p1a: Armarouge|Meteor Beam\n|-boost|p1a: Armarouge|spa|1\n|-enditem|p1a: Armarouge|Power Herb\n|-anim|p1a: Armarouge|Meteor Beam|p2a: Whimsicott\n|-damage|p2a: Whimsicott|0 fnt\n|faint|p2a: Whimsicott\n|\n|upkeep\n|inactive|Time left: 300 sec this turn | 300 sec total | 5 sec grace\n|\n|t:|1783541297\n|switch|p2a: Lanturn|Lanturn, L89, M|367/367\n|turn|8\n|inactive|Time left: 300 sec this turn | 300 sec total\n|\n|t:|1783541298\n|switch|p1a: Venusaur|Venusaur, L84, M|100/100\n|move|p2a: Lanturn|Scald|p1a: Venusaur\n|-resisted|p1a: Venusaur\n|-damage|p1a: Venusaur|88/100\n|\n|-heal|p1a: Venusaur|94/100|[from] item: Leftovers\n|upkeep\n|turn|9\n|inactive|Time left: 300 sec this turn | 300 sec total\n|\n|t:|1783541299\n|move|p1a: Venusaur|Toxic|p2a: Lanturn\n|-status|p2a: Lanturn|tox\n|move|p2a: Lanturn|Volt Switch|p1a: Venusaur\n|-resisted|p1a: Venusaur\n|-damage|p1a: Venusaur|83/100\n|inactive|Time left: 300 sec this turn | 300 sec total | 5 sec grace\n|\n|t:|1783541300\n|switch|p2a: Flygon|Flygon, L82, F|265/265|[from] Volt Switch\n|\n|-heal|p1a: Venusaur|89/100|[from] item: Leftovers\n|upkeep\n|turn|10\n|inactive|Time left: 300 sec this turn | 300 sec total\n|\n|t:|1783541301\n|switch|p1a: Ludicolo|Ludicolo, L90, M|100/100\n|move|p2a: Flygon|Dragon Dance|p2a: Flygon\n|-boost|p2a: Flygon|atk|1\n|-boost|p2a: Flygon|spe|1\n|\n|upkeep\n|turn|11\n|inactive|Time left: 300 sec this turn | 300 sec total\n|\n|t:|1783541302\n|-terastallize|p2a: Flygon|Ground\n|move|p2a: Flygon|Outrage|p1a: Ludicolo\n|-damage|p1a: Ludicolo|35/100\n|move|p1a: Ludicolo|Ice Beam|p2a: Flygon\n|-supereffective|p2a: Flygon\n|-damage|p2a: Flygon|67/265\n|-damage|p1a: Ludicolo|25/100|[from] item: Life Orb\n|\n|upkeep\n|turn|12\n|inactive|Time left: 300 sec this turn | 300 sec total\n|\n|t:|1783541302\n|switch|p1a: Armarouge|Armarouge, L80, M|100/100\n|move|p2a: Flygon|Outrage|p1a: Armarouge|[from] lockedmove\n|-damage|p1a: Armarouge|30/100\n|-ability|p1a: Armarouge|Weak Armor|boost\n|-unboost|p1a: Armarouge|def|1\n|-boost|p1a: Armarouge|spe|2\n|-start|p2a: Flygon|confusion|[fatigue]\n|-enditem|p2a: Flygon|Lum Berry|[eat]\n|-end|p2a: Flygon|confusion\n|\n|upkeep\n|turn|13\n|inactive|Time left: 300 sec this turn | 300 sec total\n|\n|t:|1783541303\n|move|p1a: Armarouge|Psyshock|p2a: Flygon\n|-damage|p2a: Flygon|0 fnt\n|faint|p2a: Flygon\n|\n|upkeep\n|inactive|Time left: 300 sec this turn | 300 sec total | 5 sec grace\n|\n|t:|1783541304\n|switch|p2a: Lanturn|Lanturn, L89, M|367/367 tox\n|turn|14\n|inactive|Time left: 300 sec this turn | 300 sec total\n|\n|t:|1783541304\n|move|p1a: Armarouge|Energy Ball|p2a: Lanturn\n|-supereffective|p2a: Lanturn\n|-damage|p2a: Lanturn|203/367 tox\n|-unboost|p2a: Lanturn|spd|1\n|move|p2a: Lanturn|Volt Switch|p1a: Armarouge\n|-damage|p1a: Armarouge|0 fnt\n|faint|p1a: Armarouge\n|inactive|Time left: 300 sec this turn | 300 sec total | 5 sec grace\n|\n|t:|1783541305\n|switch|p2a: Hitmonchan|Hitmonchan, L87, M|229/229|[from] Volt Switch\n|\n|upkeep\n|\n|t:|1783541306\n|switch|p1a: Gothitelle|Gothitelle, L90, M|100/100\n|turn|15\n|inactive|Time left: 300 sec this turn | 300 sec total\n|\n|t:|1783541306\n|move|p2a: Hitmonchan|Knock Off|p1a: Gothitelle\n|-supereffective|p1a: Gothitelle\n|-damage|p1a: Gothitelle|50/100\n|-enditem|p1a: Gothitelle|Leftovers|[from] move: Knock Off|[of] p2a: Hitmonchan\n|move|p1a: Gothitelle|Psychic Noise|p2a: Hitmonchan\n|-supereffective|p2a: Hitmonchan\n|-damage|p2a: Hitmonchan|79/229\n|-start|p2a: Hitmonchan|move: Heal Block\n|\n|upkeep\n|turn|16\n|inactive|Time left: 300 sec this turn | 300 sec total\n|\n|t:|1783541307\n|move|p2a: Hitmonchan|Rapid Spin|p1a: Gothitelle\n|-damage|p1a: Gothitelle|37/100\n|-boost|p2a: Hitmonchan|spe|1\n|move|p1a: Gothitelle|Psychic Noise|p2a: Hitmonchan\n|-supereffective|p2a: Hitmonchan\n|-damage|p2a: Hitmonchan|0 fnt\n|faint|p2a: Hitmonchan\n|\n|upkeep\n|inactive|Time left: 300 sec this turn | 300 sec total | 5 sec grace\n|\n|t:|1783541308\n|switch|p2a: Lanturn|Lanturn, L89, M|203/367 tox\n|turn|17\n|inactive|Time left: 300 sec this turn | 300 sec total\n|\n|t:|1783541308\n|switch|p1a: Venusaur|Venusaur, L84, M|89/100\n|move|p2a: Lanturn|Thunder Wave|p1a: Venusaur\n|-status|p1a: Venusaur|par\n|\n|-heal|p1a: Venusaur|96/100 par|[from] item: Leftovers\n|-damage|p2a: Lanturn|181/367 tox|[from] psn\n|upkeep\n|turn|18\n|inactive|Time left: 300 sec this turn | 300 sec total\n|\n|t:|1783541309\n|move|p2a: Lanturn|Thunder Wave|p1a: Venusaur\n|-fail|p1a: Venusaur|par\n|move|p1a: Venusaur|Sludge Bomb|p2a: Lanturn\n|-crit|p2a: Lanturn\n|-damage|p2a: Lanturn|39/367 tox\n|\n|-heal|p1a: Venusaur|100/100 par|[from] item: Leftovers\n|-damage|p2a: Lanturn|0 fnt|[from] psn\n|faint|p2a: Lanturn\n|\n|win|p0x1889982", "uploadtime": 1783541309, "views": 0, "rating": 0, "private": 0, "password": null, "_winner": "p0x1889982", "_our_name": "p0y18886db"}