{"id": "battle-gen9randombattle-1533", "formatid": "gen9randombattle", "format": "[Gen 9] Random Battle", "players": ["p0x1533f1e2", "p0y1533d8b4"], "log": "|init|battle\n|title|p0x1533f1e2 vs. p0y1533d8b4\n|j|\u2606p0x1533f1e2\n|j|\u2606p0y1533d8b4\n|t:|1783556931\n|gametype|singles\n|player|p1|p0x1533f1e2|1|\n|player|p2|p0y1533d8b4|170|\n|gen|9\n|tier|[Gen 9] Random Battle\n|rule|Species Clause: Limit one of each Pok\u00e9mon\n|rule|HP Percentage Mod: HP is shown in percentages\n|rule|Sleep Clause Mod: Limit one foe put to sleep\n|rule|Illusion Level Mod: Illusion disguises the Pok\u00e9mon's true level\n|\n|t:|1783556931\n|teamsize|p1|6\n|teamsize|p2|6\n|start\n|switch|p1a: Jirachi|Jirachi, L80|291/291\n|switch|p2a: Whiscash|Whiscash, L88, M|100/100\n|turn|1\n|inactive|Battle timer is ON: inactive players will automatically lose when time's up. (requested by p0y1533d8b4)\n|inactive|Time left: 300 sec this turn | 300 sec total | 60 sec grace\n|inactive|p0x1533f1e2 also wants the timer to be on.\n|\n|t:|1783556932\n|switch|p1a: Pelipper|Pelipper, L86, M|243/243\n|-weather|RainDance|[from] ability: Drizzle|[of] p1a: Pelipper\n|move|p2a: Whiscash|Stealth Rock|p1a: Pelipper\n|-sidestart|p1: p0x1533f1e2|move: Stealth Rock\n|\n|-weather|RainDance|[upkeep]\n|upkeep\n|turn|2\n|inactive|Time left: 300 sec this turn | 300 sec total\n|\n|t:|1783556933\n|move|p1a: Pelipper|Weather Ball|p2a: Whiscash\n|-damage|p2a: Whiscash|25/100\n|move|p2a: Whiscash|Hydro Pump|p1a: Pelipper\n|-resisted|p1a: Pelipper\n|-damage|p1a: Pelipper|146/243\n|\n|-weather|RainDance|[upkeep]\n|-heal|p2a: Whiscash|32/100|[from] item: Leftovers\n|upkeep\n|turn|3\n|inactive|Time left: 300 sec this turn | 300 sec total\n|\n|t:|1783556934\n|switch|p2a: Basculegion|Basculegion-F, L83, F|100/100\n|move|p1a: Pelipper|Weather Ball|p2a: Basculegion\n|-resisted|p2a: Basculegion\n|-damage|p2a: Basculegion|60/100\n|\n|-weather|RainDance|[upkeep]\n|upkeep\n|turn|4\n|inactive|Time left: 300 sec this turn | 300 sec total\n|\n|t:|1783556936\n|move|p2a: Basculegion|Hydro Pump|p1a: Pelipper\n|-resisted|p1a: Pelipper\n|-damage|p1a: Pelipper|0 fnt\n|faint|p1a: Pelipper\n|\n|-weather|RainDance|[upkeep]\n|upkeep\n|inactive|Time left: 300 sec this turn | 300 sec total | 5 sec grace\n|\n|t:|1783556936\n|switch|p1a: Rayquaza|Rayquaza, L72|270/270\n|-ability|p1a: Rayquaza|Air Lock\n|turn|5\n|inactive|Time left: 300 sec this turn | 300 sec total\n|\n|t:|1783556938\n|move|p1a: Rayquaza|Swords Dance|p1a: Rayquaza\n|-boost|p1a: Rayquaza|atk|2\n|move|p2a: Basculegion|Hydro Pump|p1a: Rayquaza\n|-resisted|p1a: Rayquaza\n|-damage|p1a: Rayquaza|134/270\n|\n|-weather|none\n|upkeep\n|turn|6\n|inactive|Time left: 300 sec this turn | 300 sec total\n|\n|t:|1783556939\n|move|p1a: Rayquaza|Dragon Ascent|p2a: Basculegion\n|-damage|p2a: Basculegion|0 fnt\n|-unboost|p1a: Rayquaza|def|1\n|-unboost|p1a: Rayquaza|spd|1\n|faint|p2a: Basculegion\n|\n|upkeep\n|\n|t:|1783556940\n|switch|p2a: Flamigo|Flamigo, L82, F|100/100\n|turn|7\n|inactive|Time left: 300 sec this turn | 300 sec total\n|\n|t:|1783556941\n|move|p1a: Rayquaza|Extreme Speed|p2a: Flamigo\n|-damage|p2a: Flamigo|51/100\n|move|p2a: Flamigo|Brave Bird|p1a: Rayquaza\n|-damage|p1a: Rayquaza|0 fnt\n|faint|p1a: Rayquaza\n|-damage|p2a: Flamigo|35/100|[from] Recoil\n|\n|upkeep\n|inactive|Time left: 300 sec this turn | 300 sec total | 5 sec grace\n|\n|t:|1783556942\n|switch|p1a: Bronzong|Bronzong, L88|261/261\n|-damage|p1a: Bronzong|245/261|[from] Stealth Rock\n|turn|8\n|inactive|Time left: 300 sec this turn | 300 sec total\n|\n|t:|1783556943\n|switch|p2a: Leavanny|Leavanny, L86, M|100/100\n|move|p1a: Bronzong|Stealth Rock|p2a: Leavanny\n|-sidestart|p2: p0y1533d8b4|move: Stealth Rock\n|\n|-heal|p1a: Bronzong|261/261|[from] item: Leftovers\n|upkeep\n|turn|9\n|inactive|Time left: 300 sec this turn | 300 sec total\n|\n|t:|1783556944\n|move|p2a: Leavanny|Sticky Web|p1a: Bronzong\n|-sidestart|p1: p0x1533f1e2|move: Sticky Web\n|move|p1a: Bronzong|Psychic Noise|p2a: Leavanny\n|-damage|p2a: Leavanny|72/100\n|-start|p2a: Leavanny|move: Heal Block\n|\n|upkeep\n|turn|10\n|inactive|Time left: 300 sec this turn | 300 sec total\n|\n|t:|1783556945\n|move|p2a: Leavanny|Lunge|p1a: Bronzong\n|-damage|p1a: Bronzong|194/261\n|-unboost|p1a: Bronzong|atk|1\n|move|p1a: Bronzong|Psychic Noise|p2a: Leavanny\n|-damage|p2a: Leavanny|43/100\n|\n|-heal|p1a: Bronzong|210/261|[from] item: Leftovers\n|-end|p2a: Leavanny|move: Heal Block\n|upkeep\n|turn|11\n|inactive|Time left: 300 sec this turn | 300 sec total\n|\n|t:|1783556946\n|move|p2a: Leavanny|Knock Off|p1a: Bronzong\n|-supereffective|p1a: Bronzong\n|-damage|p1a: Bronzong|88/261\n|-enditem|p1a: Bronzong|Leftovers|[from] move: Knock Off|[of] p2a: Leavanny\n|move|p1a: Bronzong|Psychic Noise|p2a: Leavanny\n|-damage|p2a: Leavanny|15/100\n|-start|p2a: Leavanny|move: Heal Block\n|\n|upkeep\n|turn|12\n|inactive|Time left: 300 sec this turn | 300 sec total\n|\n|t:|1783556947\n|move|p2a: Leavanny|Lunge|p1a: Bronzong\n|-damage|p1a: Bronzong|0 fnt\n|faint|p1a: Bronzong\n|\n|-end|p2a: Leavanny|move: Heal Block\n|upkeep\n|inactive|Time left: 300 sec this turn | 300 sec total | 5 sec grace\n|\n|t:|1783556948\n|switch|p1a: Whimsicott|Whimsicott, L84, M|238/238\n|turn|13\n|inactive|Time left: 300 sec this turn | 300 sec total\n|\n|t:|1783556949\n|switch|p2a: Ceruledge|Ceruledge, L78, M|100/100\n|move|p1a: Whimsicott|Moonblast|p2a: Ceruledge\n|-resisted|p2a: Ceruledge\n|-crit|p2a: Ceruledge\n|-damage|p2a: Ceruledge|75/100\n|\n|upkeep\n|turn|14\n|inactive|Time left: 300 sec this turn | 300 sec total\n|\n|t:|1783556951\n|switch|p1a: Rampardos|Rampardos, L90, F|321/321\n|-damage|p1a: Rampardos|281/321|[from] Stealth Rock\n|-activate|p1a: Rampardos|move: Sticky Web\n|-unboost|p1a: Rampardos|spe|1\n|move|p2a: Ceruledge|Bitter Blade|p1a: Rampardos\n|-resisted|p1a: Rampardos\n|-damage|p1a: Rampardos|216/321\n|-heal|p2a: Ceruledge|88/100|[from] drain|[of] p1a: Rampardos\n|\n|upkeep\n|turn|15\n|inactive|Time left: 300 sec this turn | 300 sec total\n|\n|t:|1783556952\n|move|p2a: Ceruledge|Close Combat|p1a: Rampardos\n|-supereffective|p1a: Rampardos\n|-damage|p1a: Rampardos|0 fnt\n|-unboost|p2a: Ceruledge|def|1\n|-unboost|p2a: Ceruledge|spd|1\n|faint|p1a: Rampardos\n|\n|upkeep\n|inactive|Time left: 300 sec this turn | 300 sec total | 5 sec grace\n|\n|t:|1783556953\n|switch|p1a: Jirachi|Jirachi, L80|291/291\n|-damage|p1a: Jirachi|273/291|[from] Stealth Rock\n|-activate|p1a: Jirachi|move: Sticky Web\n|-unboost|p1a: Jirachi|spe|1\n|turn|16\n|inactive|Time left: 300 sec this turn | 300 sec total\n|\n|t:|1783556954\n|move|p2a: Ceruledge|Bitter Blade|p1a: Jirachi\n|-supereffective|p1a: Jirachi\n|-damage|p1a: Jirachi|93/291\n|-heal|p2a: Ceruledge|100/100|[from] drain|[of] p1a: Jirachi\n|move|p1a: Jirachi|Psychic|p2a: Ceruledge\n|-damage|p2a: Ceruledge|47/100\n|\n|-heal|p1a: Jirachi|111/291|[from] item: Leftovers\n|upkeep\n|turn|17\n|inactive|Time left: 300 sec this turn | 300 sec total\n|\n|t:|1783556955\n|move|p1a: Jirachi|Protect|p1a: Jirachi\n|-singleturn|p1a: Jirachi|Protect\n|move|p2a: Ceruledge|Bitter Blade|p1a: Jirachi\n|-activate|p1a: Jirachi|move: Protect\n|\n|-heal|p1a: Jirachi|129/291|[from] item: Leftovers\n|upkeep\n|turn|18\n|inactive|Time left: 300 sec this turn | 300 sec total\n|\n|t:|1783556956\n|-terastallize|p1a: Jirachi|Water\n|move|p2a: Ceruledge|Bitter Blade|p1a: Jirachi\n|-resisted|p1a: Jirachi\n|-damage|p1a: Jirachi|84/291\n|-heal|p2a: Ceruledge|56/100|[from] drain|[of] p1a: Jirachi\n|move|p1a: Jirachi|Psychic|p2a: Ceruledge\n|-damage|p2a: Ceruledge|3/100\n|\n|-heal|p1a: Jirachi|102/291|[from] item: Leftovers\n|upkeep\n|turn|19\n|inactive|Time left: 300 sec this turn | 300 sec total\n|\n|t:|1783556957\n|move|p2a: Ceruledge|Poltergeist|p1a: Jirachi\n|-activate|p1a: Jirachi|move: Poltergeist|Leftovers\n|-damage|p1a: Jirachi|0 fnt\n|faint|p1a: Jirachi\n|\n|upkeep\n|inactive|Time left: 300 sec this turn | 300 sec total | 5 sec grace\n|\n|t:|1783556958\n|switch|p1a: Whimsicott|Whimsicott, L84, M|238/238\n|turn|20\n|inactive|Time left: 300 sec this turn | 300 sec total\n|\n|t:|1783556959\n|move|p1a: Whimsicott|Moonblast|p2a: Ceruledge\n|-resisted|p2a: Ceruledge\n|-damage|p2a: Ceruledge|0 fnt\n|faint|p2a: Ceruledge\n|\n|upkeep\n|\n|t:|1783556960\n|switch|p2a: Flamigo|Flamigo, L82, F|35/100\n|-damage|p2a: Flamigo|22/100|[from] Stealth Rock\n|turn|21\n|inactive|Time left: 300 sec this turn | 300 sec total\n|\n|t:|1783556961\n|move|p2a: Flamigo|Brave Bird|p1a: Whimsicott\n|-supereffective|p1a: Whimsicott\n|-damage|p1a: Whimsicott|0 fnt\n|faint|p1a: Whimsicott\n|-damage|p2a: Flamigo|0 fnt|[from] Recoil\n|faint|p2a: Flamigo\n|\n|win|p0y1533d8b4", "uploadtime": 1783556961, "views": 0, "rating": 0, "private": 0, "password": null, "_winner": "p0y1533d8b4", "_our_name": "p0x1533f1e2"}