{"id": "battle-gen9randombattle-2341", "formatid": "gen9randombattle", "format": "[Gen 9] Random Battle", "players": ["p0x23417030", "p0y234124ea"], "log": "|init|battle\n|title|p0x23417030 vs. p0y234124ea\n|j|\u2606p0x23417030\n|j|\u2606p0y234124ea\n|t:|1783567184\n|gametype|singles\n|player|p1|p0x23417030|2|\n|player|p2|p0y234124ea|266|\n|gen|9\n|tier|[Gen 9] Random Battle\n|rule|Species Clause: Limit one of each Pok\u00e9mon\n|rule|HP Percentage Mod: HP is shown in percentages\n|rule|Sleep Clause Mod: Limit one foe put to sleep\n|rule|Illusion Level Mod: Illusion disguises the Pok\u00e9mon's true level\n|\n|t:|1783567184\n|teamsize|p1|6\n|teamsize|p2|6\n|start\n|switch|p1a: Vikavolt|Vikavolt, L83, F|263/263\n|switch|p2a: Mew|Mew, L82|100/100\n|turn|1\n|inactive|Battle timer is ON: inactive players will automatically lose when time's up. (requested by p0x23417030)\n|\n|t:|1783567186\n|move|p2a: Mew|Swords Dance|p2a: Mew\n|-boost|p2a: Mew|atk|2\n|move|p1a: Vikavolt|Sticky Web|p2a: Mew\n|-sidestart|p2: p0y234124ea|move: Sticky Web\n|\n|upkeep\n|turn|2\n|inactive|Time left: 300 sec this turn | 300 sec total\n|inactive|p0y234124ea also wants the timer to be on.\n|\n|t:|1783567186\n|move|p2a: Mew|Psychic Fangs|p1a: Vikavolt\n|-damage|p1a: Vikavolt|47/263\n|-damage|p2a: Mew|91/100|[from] item: Life Orb\n|move|p1a: Vikavolt|Bug Buzz|p2a: Mew\n|-supereffective|p2a: Mew\n|-damage|p2a: Mew|10/100\n|\n|upkeep\n|turn|3\n|inactive|Time left: 300 sec this turn | 300 sec total\n|\n|t:|1783567188\n|move|p2a: Mew|Leech Life|p1a: Vikavolt\n|-damage|p1a: Vikavolt|0 fnt\n|-heal|p2a: Mew|18/100|[from] drain|[of] p1a: Vikavolt\n|faint|p1a: Vikavolt\n|-damage|p2a: Mew|9/100|[from] item: Life Orb\n|\n|upkeep\n|inactive|Time left: 300 sec this turn | 300 sec total | 5 sec grace\n|\n|t:|1783567189\n|switch|p1a: Banette|Banette, L93, M|270/270\n|turn|4\n|inactive|Time left: 300 sec this turn | 300 sec total\n|\n|t:|1783567190\n|move|p1a: Banette|Shadow Sneak|p2a: Mew\n|-supereffective|p2a: Mew\n|-damage|p2a: Mew|0 fnt\n|faint|p2a: Mew\n|-damage|p1a: Banette|243/270|[from] item: Life Orb\n|\n|upkeep\n|\n|t:|1783567190\n|switch|p2a: Heatran|Heatran, L79, F|100/100\n|-item|p2a: Heatran|Air Balloon\n|turn|5\n|inactive|Time left: 300 sec this turn | 300 sec total\n|\n|t:|1783567191\n|move|p1a: Banette|Poltergeist|p2a: Heatran\n|-activate|p2a: Heatran|move: Poltergeist|Air Balloon\n|-damage|p2a: Heatran|27/100\n|-enditem|p2a: Heatran|Air Balloon\n|-damage|p1a: Banette|216/270|[from] item: Life Orb\n|move|p2a: Heatran|Lava Plume|p1a: Banette\n|-damage|p1a: Banette|108/270\n|-start|p2a: Heatran|Disable|Lava Plume|[from] ability: Cursed Body|[of] p1a: Banette\n|\n|upkeep\n|turn|6\n|inactive|Time left: 300 sec this turn | 300 sec total\n|\n|t:|1783567192\n|switch|p1a: Kyogre|Kyogre, L71|259/259\n|-weather|RainDance|[from] ability: Drizzle|[of] p1a: Kyogre\n|move|p2a: Heatran|Heavy Slam|p1a: Kyogre\n|-resisted|p1a: Kyogre\n|-damage|p1a: Kyogre|239/259\n|\n|-weather|RainDance|[upkeep]\n|-heal|p1a: Kyogre|255/259|[from] item: Leftovers\n|upkeep\n|turn|7\n|inactive|Time left: 300 sec this turn | 300 sec total\n|\n|t:|1783567193\n|move|p1a: Kyogre|Origin Pulse|p2a: Heatran\n|-supereffective|p2a: Heatran\n|-damage|p2a: Heatran|0 fnt\n|faint|p2a: Heatran\n|\n|-weather|RainDance|[upkeep]\n|-heal|p1a: Kyogre|259/259|[from] item: Leftovers\n|upkeep\n|\n|t:|1783567194\n|switch|p2a: Articuno|Articuno, L86|100/100\n|-ability|p2a: Articuno|Pressure\n|turn|8\n|inactive|Time left: 300 sec this turn | 300 sec total\n|\n|t:|1783567195\n|move|p2a: Articuno|Freeze-Dry|p1a: Kyogre\n|-supereffective|p1a: Kyogre\n|-damage|p1a: Kyogre|133/259\n|move|p1a: Kyogre|Calm Mind|p1a: Kyogre\n|-boost|p1a: Kyogre|spa|1\n|-boost|p1a: Kyogre|spd|1\n|\n|-weather|RainDance|[upkeep]\n|-heal|p1a: Kyogre|149/259|[from] item: Leftovers\n|upkeep\n|turn|9\n|inactive|Time left: 300 sec this turn | 300 sec total\n|\n|t:|1783567196\n|move|p2a: Articuno|Brave Bird|p1a: Kyogre\n|-damage|p1a: Kyogre|20/259\n|-damage|p2a: Articuno|86/100|[from] Recoil\n|move|p1a: Kyogre|Thunder|p2a: Articuno\n|-supereffective|p2a: Articuno\n|-damage|p2a: Articuno|27/100\n|\n|-weather|RainDance|[upkeep]\n|-heal|p1a: Kyogre|36/259|[from] item: Leftovers\n|upkeep\n|turn|10\n|inactive|Time left: 300 sec this turn | 300 sec total\n|\n|t:|1783567197\n|move|p2a: Articuno|Freeze-Dry|p1a: Kyogre\n|-supereffective|p1a: Kyogre\n|-crit|p1a: Kyogre\n|-damage|p1a: Kyogre|0 fnt\n|faint|p1a: Kyogre\n|\n|-weather|none\n|upkeep\n|inactive|Time left: 300 sec this turn | 300 sec total | 5 sec grace\n|\n|t:|1783567198\n|switch|p1a: Iron Hands|Iron Hands, L79|373/373\n|turn|11\n|inactive|Time left: 300 sec this turn | 300 sec total\n|\n|t:|1783567199\n|move|p2a: Articuno|Roost|p2a: Articuno\n|-heal|p2a: Articuno|77/100\n|-singleturn|p2a: Articuno|move: Roost\n|move|p1a: Iron Hands|Drain Punch|p2a: Articuno\n|-supereffective|p2a: Articuno\n|-damage|p2a: Articuno|22/100\n|\n|upkeep\n|turn|12\n|inactive|Time left: 300 sec this turn | 300 sec total\n|\n|t:|1783567200\n|move|p2a: Articuno|Roost|p2a: Articuno\n|-heal|p2a: Articuno|72/100\n|-singleturn|p2a: Articuno|move: Roost\n|move|p1a: Iron Hands|Drain Punch|p2a: Articuno\n|-supereffective|p2a: Articuno\n|-damage|p2a: Articuno|13/100\n|\n|upkeep\n|turn|13\n|inactive|Time left: 300 sec this turn | 300 sec total\n|\n|t:|1783567201\n|move|p2a: Articuno|Roost|p2a: Articuno\n|-heal|p2a: Articuno|64/100\n|-singleturn|p2a: Articuno|move: Roost\n|move|p1a: Iron Hands|Drain Punch|p2a: Articuno\n|-supereffective|p2a: Articuno\n|-damage|p2a: Articuno|4/100\n|\n|upkeep\n|turn|14\n|inactive|Time left: 300 sec this turn | 300 sec total\n|\n|t:|1783567202\n|switch|p2a: Palossand|Palossand, L89, F|100/100\n|-activate|p2a: Palossand|move: Sticky Web\n|-unboost|p2a: Palossand|spe|1\n|move|p1a: Iron Hands|Drain Punch|p2a: Palossand\n|-immune|p2a: Palossand\n|\n|upkeep\n|turn|15\n|inactive|Time left: 300 sec this turn | 300 sec total\n|\n|t:|1783567203\n|-end|p1a: Iron Hands|Quark Drive|[silent]\n|switch|p1a: Komala|Komala, L87, M|255/255\n|-ability|p1a: Komala|Comatose\n|move|p2a: Palossand|Earth Power|p1a: Komala\n|-damage|p1a: Komala|194/255\n|\n|upkeep\n|turn|16\n|inactive|Time left: 300 sec this turn | 300 sec total\n|\n|t:|1783567204\n|move|p1a: Komala|Knock Off|p2a: Palossand\n|-supereffective|p2a: Palossand\n|-damage|p2a: Palossand|52/100\n|-enditem|p2a: Palossand|Leftovers|[from] move: Knock Off|[of] p1a: Komala\n|move|p2a: Palossand|Earth Power|p1a: Komala\n|-damage|p1a: Komala|133/255\n|\n|upkeep\n|turn|17\n|inactive|Time left: 300 sec this turn | 300 sec total\n|\n|t:|1783567205\n|move|p1a: Komala|Knock Off|p2a: Palossand\n|-supereffective|p2a: Palossand\n|-damage|p2a: Palossand|21/100\n|move|p2a: Palossand|Shore Up|p2a: Palossand\n|-heal|p2a: Palossand|71/100\n|\n|upkeep\n|turn|18\n|inactive|Time left: 300 sec this turn | 300 sec total\n|\n|t:|1783567206\n|move|p1a: Komala|Knock Off|p2a: Palossand\n|-supereffective|p2a: Palossand\n|-damage|p2a: Palossand|40/100\n|move|p2a: Palossand|Earth Power|p1a: Komala\n|-damage|p1a: Komala|66/255\n|\n|upkeep\n|turn|19\n|inactive|Time left: 300 sec this turn | 300 sec total\n|\n|t:|1783567207\n|move|p1a: Komala|Knock Off|p2a: Palossand\n|-supereffective|p2a: Palossand\n|-damage|p2a: Palossand|8/100\n|move|p2a: Palossand|Shore Up|p2a: Palossand\n|-heal|p2a: Palossand|58/100\n|\n|upkeep\n|turn|20\n|inactive|Time left: 300 sec this turn | 300 sec total\n|\n|t:|1783567208\n|switch|p1a: Vaporeon|Vaporeon, L86, F|364/364\n|move|p2a: Palossand|Earth Power|p1a: Vaporeon\n|-damage|p1a: Vaporeon|258/364\n|\n|-heal|p1a: Vaporeon|280/364|[from] item: Leftovers\n|upkeep\n|turn|21\n|inactive|Time left: 300 sec this turn | 300 sec total\n|\n|t:|1783567209\n|-terastallize|p2a: Palossand|Water\n|move|p1a: Vaporeon|Calm Mind|p1a: Vaporeon\n|-boost|p1a: Vaporeon|spa|1\n|-boost|p1a: Vaporeon|spd|1\n|move|p2a: Palossand|Shore Up|p2a: Palossand\n|-heal|p2a: Palossand|100/100\n|\n|-heal|p1a: Vaporeon|302/364|[from] item: Leftovers\n|upkeep\n|turn|22\n|inactive|Time left: 300 sec this turn | 300 sec total\n|\n|t:|1783567210\n|move|p1a: Vaporeon|Calm Mind|p1a: Vaporeon\n|-boost|p1a: Vaporeon|spa|1\n|-boost|p1a: Vaporeon|spd|1\n|move|p2a: Palossand|Shadow Ball|p1a: Vaporeon\n|-damage|p1a: Vaporeon|260/364\n|\n|-heal|p1a: Vaporeon|282/364|[from] item: Leftovers\n|upkeep\n|turn|23\n|inactive|Time left: 300 sec this turn | 300 sec total\n|\n|t:|1783567211\n|move|p1a: Vaporeon|Scald|p2a: Palossand\n|-resisted|p2a: Palossand\n|-damage|p2a: Palossand|68/100\n|-ability|p2a: Palossand|Water Compaction|boost\n|-boost|p2a: Palossand|def|2\n|move|p2a: Palossand|Earth Power|p1a: Vaporeon\n|-damage|p1a: Vaporeon|231/364\n|\n|-heal|p1a: Vaporeon|253/364|[from] item: Leftovers\n|upkeep\n|turn|24\n|inactive|Time left: 300 sec this turn | 300 sec total\n|\n|t:|1783567212\n|move|p1a: Vaporeon|Calm Mind|p1a: Vaporeon\n|-boost|p1a: Vaporeon|spa|1\n|-boost|p1a: Vaporeon|spd|1\n|move|p2a: Palossand|Shore Up|p2a: Palossand\n|-heal|p2a: Palossand|100/100\n|\n|-heal|p1a: Vaporeon|275/364|[from] item: Leftovers\n|upkeep\n|turn|25\n|inactive|Time left: 300 sec this turn | 300 sec total\n|\n|t:|1783567213\n|move|p1a: Vaporeon|Scald|p2a: Palossand\n|-resisted|p2a: Palossand\n|-damage|p2a: Palossand|59/100\n|-status|p2a: Palossand|brn\n|-ability|p2a: Palossand|Water Compaction|boost\n|-boost|p2a: Palossand|def|2\n|move|p2a: Palossand|Shore Up|p2a: Palossand\n|-heal|p2a: Palossand|100/100 brn\n|\n|-heal|p1a: Vaporeon|297/364|[from] item: Leftovers\n|-damage|p2a: Palossand|94/100 brn|[from] brn\n|upkeep\n|turn|26\n|inactive|Time left: 300 sec this turn | 300 sec total\n|\n|t:|1783567214\n|move|p1a: Vaporeon|Scald|p2a: Palossand\n|-resisted|p2a: Palossand\n|-crit|p2a: Palossand\n|-damage|p2a: Palossand|30/100 brn\n|-ability|p2a: Palossand|Water Compaction|boost\n|-boost|p2a: Palossand|def|2\n|move|p2a: Palossand|Shore Up|p2a: Palossand\n|-heal|p2a: Palossand|80/100 brn\n|\n|-heal|p1a: Vaporeon|319/364|[from] item: Leftovers\n|-damage|p2a: Palossand|73/100 brn|[from] brn\n|upkeep\n|turn|27\n|inactive|Time left: 300 sec this turn | 300 sec total\n|\n|t:|1783567215\n|move|p1a: Vaporeon|Scald|p2a: Palossand\n|-resisted|p2a: Palossand\n|-damage|p2a: Palossand|33/100 brn\n|move|p2a: Palossand|Shore Up|p2a: Palossand\n|-heal|p2a: Palossand|83/100 brn\n|\n|-heal|p1a: Vaporeon|341/364|[from] item: Leftovers\n|-damage|p2a: Palossand|77/100 brn|[from] brn\n|upkeep\n|turn|28\n|inactive|Time left: 300 sec this turn | 300 sec total\n|\n|t:|1783567216\n|move|p1a: Vaporeon|Scald|p2a: Palossand\n|-resisted|p2a: Palossand\n|-damage|p2a: Palossand|33/100 brn\n|move|p2a: Palossand|Shore Up|p2a: Palossand\n|-heal|p2a: Palossand|83/100 brn\n|\n|-heal|p1a: Vaporeon|363/364|[from] item: Leftovers\n|-damage|p2a: Palossand|77/100 brn|[from] brn\n|upkeep\n|turn|29\n|inactive|Time left: 300 sec this turn | 300 sec total\n|\n|t:|1783567217\n|switch|p2a: Dondozo|Dondozo, L78, M|100/100\n|-activate|p2a: Dondozo|move: Sticky Web\n|-unboost|p2a: Dondozo|spe|1\n|move|p1a: Vaporeon|Scald|p2a: Dondozo\n|-resisted|p2a: Dondozo\n|-crit|p2a: Dondozo\n|-damage|p2a: Dondozo|74/100\n|\n|-heal|p1a: Vaporeon|364/364|[from] item: Leftovers\n|-heal|p2a: Dondozo|80/100|[from] item: Leftovers\n|upkeep\n|turn|30\n|inactive|Time left: 300 sec this turn | 300 sec total\n|\n|t:|1783567218\n|move|p1a: Vaporeon|Scald|p2a: Dondozo\n|-resisted|p2a: Dondozo\n|-damage|p2a: Dondozo|63/100\n|-status|p2a: Dondozo|brn\n|move|p2a: Dondozo|Curse|p2a: Dondozo\n|-unboost|p2a: Dondozo|spe|1\n|-boost|p2a: Dondozo|atk|1\n|-boost|p2a: Dondozo|def|1\n|\n|-heal|p2a: Dondozo|69/100 brn|[from] item: Leftovers\n|-damage|p2a: Dondozo|63/100 brn|[from] brn\n|upkeep\n|turn|31\n|inactive|Time left: 300 sec this turn | 300 sec total\n|\n|t:|1783567220\n|move|p1a: Vaporeon|Scald|p2a: Dondozo\n|-resisted|p2a: Dondozo\n|-damage|p2a: Dondozo|47/100 brn\n|move|p2a: Dondozo|Rest|p2a: Dondozo\n|-status|p2a: Dondozo|slp|[from] move: Rest\n|-heal|p2a: Dondozo|100/100 slp|[silent]\n|\n|upkeep\n|turn|32\n|inactive|Time left: 300 sec this turn | 300 sec total\n|\n|t:|1783567221\n|move|p1a: Vaporeon|Scald|p2a: Dondozo\n|-resisted|p2a: Dondozo\n|-damage|p2a: Dondozo|83/100 slp\n|cant|p2a: Dondozo|slp\n|\n|-heal|p2a: Dondozo|89/100 slp|[from] item: Leftovers\n|upkeep\n|turn|33\n|inactive|Time left: 300 sec this turn | 300 sec total\n|\n|t:|1783567222\n|move|p1a: Vaporeon|Scald|p2a: Dondozo\n|-resisted|p2a: Dondozo\n|-damage|p2a: Dondozo|73/100 slp\n|cant|p2a: Dondozo|slp\n|\n|-heal|p2a: Dondozo|79/100 slp|[from] item: Leftovers\n|upkeep\n|turn|34\n|inactive|Time left: 300 sec this turn | 300 sec total\n|\n|t:|1783567223\n|move|p1a: Vaporeon|Calm Mind|p1a: Vaporeon\n|-boost|p1a: Vaporeon|spa|1\n|-boost|p1a: Vaporeon|spd|1\n|-curestatus|p2a: Dondozo|slp|[msg]\n|move|p2a: Dondozo|Curse|p2a: Dondozo\n|-unboost|p2a: Dondozo|spe|1\n|-boost|p2a: Dondozo|atk|1\n|-boost|p2a: Dondozo|def|1\n|\n|-heal|p2a: Dondozo|85/100|[from] item: Leftovers\n|upkeep\n|turn|35\n|inactive|Time left: 300 sec this turn | 300 sec total\n|\n|t:|1783567224\n|move|p1a: Vaporeon|Scald|p2a: Dondozo\n|-resisted|p2a: Dondozo\n|-damage|p2a: Dondozo|66/100\n|move|p2a: Dondozo|Curse|p2a: Dondozo\n|-unboost|p2a: Dondozo|spe|1\n|-boost|p2a: Dondozo|atk|1\n|-boost|p2a: Dondozo|def|1\n|\n|-heal|p2a: Dondozo|72/100|[from] item: Leftovers\n|upkeep\n|turn|36\n|inactive|Time left: 300 sec this turn | 300 sec total\n|\n|t:|1783567225\n|move|p1a: Vaporeon|Scald|p2a: Dondozo\n|-resisted|p2a: Dondozo\n|-damage|p2a: Dondozo|54/100\n|move|p2a: Dondozo|Curse|p2a: Dondozo\n|-unboost|p2a: Dondozo|spe|1\n|-boost|p2a: Dondozo|atk|1\n|-boost|p2a: Dondozo|def|1\n|\n|-heal|p2a: Dondozo|60/100|[from] item: Leftovers\n|upkeep\n|turn|37\n|inactive|Time left: 300 sec this turn | 300 sec total\n|\n|t:|1783567226\n|move|p1a: Vaporeon|Scald|p2a: Dondozo\n|-resisted|p2a: Dondozo\n|-damage|p2a: Dondozo|42/100\n|move|p2a: Dondozo|Rest|p2a: Dondozo\n|-status|p2a: Dondozo|slp|[from] move: Rest\n|-heal|p2a: Dondozo|100/100 slp|[silent]\n|\n|upkeep\n|turn|38\n|inactive|Time left: 300 sec this turn | 300 sec total\n|\n|t:|1783567227\n|move|p1a: Vaporeon|Scald|p2a: Dondozo\n|-resisted|p2a: Dondozo\n|-damage|p2a: Dondozo|83/100 slp\n|cant|p2a: Dondozo|slp\n|\n|-heal|p2a: Dondozo|89/100 slp|[from] item: Leftovers\n|upkeep\n|turn|39\n|inactive|Time left: 300 sec this turn | 300 sec total\n|\n|t:|1783567228\n|move|p1a: Vaporeon|Scald|p2a: Dondozo\n|-resisted|p2a: Dondozo\n|-crit|p2a: Dondozo\n|-damage|p2a: Dondozo|60/100 slp\n|cant|p2a: Dondozo|slp\n|\n|-heal|p2a: Dondozo|66/100 slp|[from] item: Leftovers\n|upkeep\n|turn|40\n|inactive|Time left: 300 sec this turn | 300 sec total\n|\n|t:|1783567229\n|move|p1a: Vaporeon|Scald|p2a: Dondozo\n|-resisted|p2a: Dondozo\n|-damage|p2a: Dondozo|46/100 slp\n|-curestatus|p2a: Dondozo|slp|[msg]\n|move|p2a: Dondozo|Rest|p2a: Dondozo\n|-status|p2a: Dondozo|slp|[from] move: Rest\n|-heal|p2a: Dondozo|100/100 slp|[silent]\n|\n|upkeep\n|turn|41\n|inactive|Time left: 300 sec this turn | 300 sec total\n|\n|t:|1783567231\n|move|p1a: Vaporeon|Scald|p2a: Dondozo\n|-resisted|p2a: Dondozo\n|-damage|p2a: Dondozo|84/100 slp\n|cant|p2a: Dondozo|slp\n|\n|-heal|p2a: Dondozo|90/100 slp|[from] item: Leftovers\n|upkeep\n|turn|42\n|inactive|Time left: 300 sec this turn | 300 sec total\n|\n|t:|1783567232\n|move|p1a: Vaporeon|Scald|p2a: Dondozo\n|-resisted|p2a: Dondozo\n|-damage|p2a: Dondozo|72/100 slp\n|cant|p2a: Dondozo|slp\n|\n|-heal|p2a: Dondozo|78/100 slp|[from] item: Leftovers\n|upkeep\n|turn|43\n|inactive|Time left: 300 sec this turn | 300 sec total\n|\n|t:|1783567233\n|move|p1a: Vaporeon|Scald|p2a: Dondozo\n|-resisted|p2a: Dondozo\n|-damage|p2a: Dondozo|59/100 slp\n|-curestatus|p2a: Dondozo|slp|[msg]\n|move|p2a: Dondozo|Sleep Talk||[still]\n|-fail|p2a: Dondozo\n|\n|-heal|p2a: Dondozo|65/100|[from] item: Leftovers\n|upkeep\n|turn|44\n|inactive|Time left: 300 sec this turn | 300 sec total\n|\n|t:|1783567234\n|move|p1a: Vaporeon|Scald|p2a: Dondozo\n|-resisted|p2a: Dondozo\n|-damage|p2a: Dondozo|46/100\n|move|p2a: Dondozo|Rest|p2a: Dondozo\n|-status|p2a: Dondozo|slp|[from] move: Rest\n|-heal|p2a: Dondozo|100/100 slp|[silent]\n|\n|upkeep\n|turn|45\n|inactive|Time left: 300 sec this turn | 300 sec total\n|\n|t:|1783567235\n|move|p1a: Vaporeon|Calm Mind|p1a: Vaporeon\n|-boost|p1a: Vaporeon|spa|1\n|-boost|p1a: Vaporeon|spd|1\n|cant|p2a: Dondozo|slp\n|\n|upkeep\n|turn|46\n|inactive|Time left: 300 sec this turn | 300 sec total\n|\n|t:|1783567236\n|move|p1a: Vaporeon|Scald|p2a: Dondozo\n|-resisted|p2a: Dondozo\n|-damage|p2a: Dondozo|83/100 slp\n|cant|p2a: Dondozo|slp\n|\n|-heal|p2a: Dondozo|89/100 slp|[from] item: Leftovers\n|upkeep\n|turn|47\n|inactive|Time left: 300 sec this turn | 300 sec total\n|\n|t:|1783567237\n|move|p1a: Vaporeon|Scald|p2a: Dondozo\n|-resisted|p2a: Dondozo\n|-damage|p2a: Dondozo|70/100 slp\n|-curestatus|p2a: Dondozo|slp|[msg]\n|move|p2a: Dondozo|Sleep Talk||[still]\n|-fail|p2a: Dondozo\n|\n|-heal|p2a: Dondozo|76/100|[from] item: Leftovers\n|upkeep\n|turn|48\n|inactive|Time left: 300 sec this turn | 300 sec total\n|\n|t:|1783567238\n|move|p1a: Vaporeon|Scald|p2a: Dondozo\n|-resisted|p2a: Dondozo\n|-damage|p2a: Dondozo|57/100\n|-status|p2a: Dondozo|brn\n|move|p2a: Dondozo|Rest|p2a: Dondozo\n|-status|p2a: Dondozo|slp|[from] move: Rest\n|-heal|p2a: Dondozo|100/100 slp|[silent]\n|\n|upkeep\n|turn|49\n|inactive|Time left: 300 sec this turn | 300 sec total\n|\n|t:|1783567240\n|move|p1a: Vaporeon|Scald|p2a: Dondozo\n|-resisted|p2a: Dondozo\n|-damage|p2a: Dondozo|82/100 slp\n|cant|p2a: Dondozo|slp\n|\n|-heal|p2a: Dondozo|88/100 slp|[from] item: Leftovers\n|upkeep\n|turn|50\n|inactive|Time left: 300 sec this turn | 300 sec total\n|\n|t:|1783567241\n|move|p1a: Vaporeon|Calm Mind|p1a: Vaporeon\n|-boost|p1a: Vaporeon|spa|1\n|-boost|p1a: Vaporeon|spd|1\n|cant|p2a: Dondozo|slp\n|\n|-heal|p2a: Dondozo|94/100 slp|[from] item: Leftovers\n|upkeep\n|turn|51\n|inactive|Time left: 300 sec this turn | 300 sec total\n|\n|t:|1783567242\n|move|p1a: Vaporeon|Wish|p1a: Vaporeon\n|-curestatus|p2a: Dondozo|slp|[msg]\n|move|p2a: Dondozo|Wave Crash|p1a: Vaporeon\n|-immune|p1a: Vaporeon|[from] ability: Water Absorb\n|\n|-heal|p2a: Dondozo|99/100|[from] item: Leftovers\n|upkeep\n|turn|52\n|inactive|Time left: 300 sec this turn | 300 sec total\n|\n|t:|1783567243\n|move|p1a: Vaporeon|Wish||[still]\n|-fail|p1a: Vaporeon\n|move|p2a: Dondozo|Wave Crash|p1a: Vaporeon\n|-immune|p1a: Vaporeon|[from] ability: Water Absorb\n|\n|-heal|p2a: Dondozo|100/100|[from] item: Leftovers\n|upkeep\n|turn|53\n|inactive|Time left: 300 sec this turn | 300 sec total\n|\n|t:|1783567243\n|move|p1a: Vaporeon|Wish|p1a: Vaporeon\n|move|p2a: Dondozo|Wave Crash|p1a: Vaporeon\n|-immune|p1a: Vaporeon|[from] ability: Water Absorb\n|\n|upkeep\n|turn|54\n|inactive|Time left: 300 sec this turn | 300 sec total\n|\n|t:|1783567244\n|move|p1a: Vaporeon|Wish||[still]\n|-fail|p1a: Vaporeon\n|move|p2a: Dondozo|Wave Crash|p1a: Vaporeon\n|-immune|p1a: Vaporeon|[from] ability: Water Absorb\n|\n|upkeep\n|turn|55\n|inactive|Time left: 300 sec this turn | 300 sec total\n|\n|t:|1783567245\n|move|p1a: Vaporeon|Calm Mind|p1a: Vaporeon\n|-boost|p1a: Vaporeon|spa|0\n|-boost|p1a: Vaporeon|spd|0\n|move|p2a: Dondozo|Wave Crash|p1a: Vaporeon\n|-immune|p1a: Vaporeon|[from] ability: Water Absorb\n|\n|upkeep\n|turn|56\n|inactive|Time left: 300 sec this turn | 300 sec total\n|\n|t:|1783567246\n|switch|p2a: Articuno|Articuno, L86|4/100\n|-ability|p2a: Articuno|Pressure\n|move|p1a: Vaporeon|Calm Mind|p1a: Vaporeon\n|-boost|p1a: Vaporeon|spa|0\n|-boost|p1a: Vaporeon|spd|0\n|\n|upkeep\n|turn|57\n|inactive|Time left: 300 sec this turn | 300 sec total\n|\n|t:|1783567246\n|move|p2a: Articuno|Roost|p2a: Articuno\n|-heal|p2a: Articuno|54/100\n|-singleturn|p2a: Articuno|move: Roost\n|move|p1a: Vaporeon|Wish|p1a: Vaporeon\n|\n|upkeep\n|turn|58\n|inactive|Time left: 300 sec this turn | 300 sec total\n|\n|t:|1783567247\n|move|p1a: Vaporeon|Protect|p1a: Vaporeon\n|-singleturn|p1a: Vaporeon|Protect\n|move|p2a: Articuno|Haze|p2a: Articuno\n|-clearallboost\n|\n|upkeep\n|turn|59\n|inactive|Time left: 300 sec this turn | 300 sec total\n|\n|t:|1783567248\n|move|p2a: Articuno|Roost|p2a: Articuno\n|-heal|p2a: Articuno|100/100\n|-singleturn|p2a: Articuno|move: Roost\n|move|p1a: Vaporeon|Wish|p1a: Vaporeon\n|\n|upkeep\n|turn|60\n|inactive|Time left: 300 sec this turn | 300 sec total\n|\n|t:|1783567249\n|move|p2a: Articuno|Brave Bird|p1a: Vaporeon\n|-damage|p1a: Vaporeon|210/364\n|-damage|p2a: Articuno|83/100|[from] Recoil\n|move|p1a: Vaporeon|Calm Mind|p1a: Vaporeon\n|-boost|p1a: Vaporeon|spa|1\n|-boost|p1a: Vaporeon|spd|1\n|\n|-heal|p1a: Vaporeon|364/364|[from] move: Wish|[wisher] Vaporeon\n|upkeep\n|turn|61\n|inactive|Time left: 300 sec this turn | 300 sec total\n|\n|t:|1783567250\n|move|p2a: Articuno|Roost|p2a: Articuno\n|-heal|p2a: Articuno|100/100\n|-singleturn|p2a: Articuno|move: Roost\n|move|p1a: Vaporeon|Calm Mind|p1a: Vaporeon\n|-boost|p1a: Vaporeon|spa|1\n|-boost|p1a: Vaporeon|spd|1\n|\n|upkeep\n|turn|62\n|inactive|Time left: 300 sec this turn | 300 sec total\n|\n|t:|1783567251\n|move|p2a: Articuno|Haze|p2a: Articuno\n|-clearallboost\n|move|p1a: Vaporeon|Calm Mind|p1a: Vaporeon\n|-boost|p1a: Vaporeon|spa|1\n|-boost|p1a: Vaporeon|spd|1\n|\n|upkeep\n|turn|63\n|inactive|Time left: 300 sec this turn | 300 sec total\n|\n|t:|1783567252\n|move|p2a: Articuno|Brave Bird|p1a: Vaporeon\n|-damage|p1a: Vaporeon|204/364\n|-damage|p2a: Articuno|83/100|[from] Recoil\n|move|p1a: Vaporeon|Wish|p1a: Vaporeon\n|\n|-heal|p1a: Vaporeon|226/364|[from] item: Leftovers\n|upkeep\n|turn|64\n|inactive|Time left: 300 sec this turn | 300 sec total\n|\n|t:|1783567253\n|move|p2a: Articuno|Brave Bird|p1a: Vaporeon\n|-damage|p1a: Vaporeon|75/364\n|-damage|p2a: Articuno|66/100|[from] Recoil\n|move|p1a: Vaporeon|Calm Mind|p1a: Vaporeon\n|-boost|p1a: Vaporeon|spa|1\n|-boost|p1a: Vaporeon|spd|1\n|\n|-heal|p1a: Vaporeon|257/364|[from] move: Wish|[wisher] Vaporeon\n|-heal|p1a: Vaporeon|279/364|[from] item: Leftovers\n|upkeep\n|turn|65\n|inactive|Time left: 300 sec this turn | 300 sec total\n|\n|t:|1783567254\n|move|p2a: Articuno|Haze|p2a: Articuno\n|-clearallboost\n|move|p1a: Vaporeon|Wish|p1a: Vaporeon\n|\n|-heal|p1a: Vaporeon|301/364|[from] item: Leftovers\n|upkeep\n|turn|66\n|inactive|Time left: 300 sec this turn | 300 sec total\n|\n|t:|1783567255\n|move|p2a: Articuno|Brave Bird|p1a: Vaporeon\n|-damage|p1a: Vaporeon|159/364\n|-damage|p2a: Articuno|50/100|[from] Recoil\n|move|p1a: Vaporeon|Calm Mind|p1a: Vaporeon\n|-boost|p1a: Vaporeon|spa|1\n|-boost|p1a: Vaporeon|spd|1\n|\n|-heal|p1a: Vaporeon|341/364|[from] move: Wish|[wisher] Vaporeon\n|-heal|p1a: Vaporeon|363/364|[from] item: Leftovers\n|upkeep\n|turn|67\n|inactive|Time left: 300 sec this turn | 300 sec total\n|\n|t:|1783567256\n|move|p2a: Articuno|Roost|p2a: Articuno\n|-heal|p2a: Articuno|99/100\n|-singleturn|p2a: Articuno|move: Roost\n|move|p1a: Vaporeon|Wish|p1a: Vaporeon\n|\n|-heal|p1a: Vaporeon|364/364|[from] item: Leftovers\n|upkeep\n|turn|68\n|inactive|Time left: 300 sec this turn | 300 sec total\n|\n|t:|1783567257\n|move|p2a: Articuno|Brave Bird|p1a: Vaporeon\n|-damage|p1a: Vaporeon|210/364\n|-damage|p2a: Articuno|83/100|[from] Recoil\n|move|p1a: Vaporeon|Calm Mind|p1a: Vaporeon\n|-boost|p1a: Vaporeon|spa|1\n|-boost|p1a: Vaporeon|spd|1\n|\n|-heal|p1a: Vaporeon|364/364|[from] move: Wish|[wisher] Vaporeon\n|upkeep\n|turn|69\n|inactive|Time left: 300 sec this turn | 300 sec total\n|\n|t:|1783567258\n|move|p2a: Articuno|Haze|p2a: Articuno\n|-clearallboost\n|move|p1a: Vaporeon|Calm Mind|p1a: Vaporeon\n|-boost|p1a: Vaporeon|spa|1\n|-boost|p1a: Vaporeon|spd|1\n|\n|upkeep\n|turn|70\n|inactive|Time left: 300 sec this turn | 300 sec total\n|\n|t:|1783567259\n|move|p2a: Articuno|Freeze-Dry|p1a: Vaporeon\n|-supereffective|p1a: Vaporeon\n|-damage|p1a: Vaporeon|272/364\n|-status|p1a: Vaporeon|frz\n|-curestatus|p1a: Vaporeon|frz|[msg]\n|move|p1a: Vaporeon|Calm Mind|p1a: Vaporeon\n|-boost|p1a: Vaporeon|spa|1\n|-boost|p1a: Vaporeon|spd|1\n|\n|-heal|p1a: Vaporeon|294/364|[from] item: Leftovers\n|upkeep\n|turn|71\n|inactive|Time left: 300 sec this turn | 300 sec total\n|\n|t:|1783567261\n|move|p2a: Articuno|Haze|p2a: Articuno\n|-clearallboost\n|move|p1a: Vaporeon|Calm Mind|p1a: Vaporeon\n|-boost|p1a: Vaporeon|spa|1\n|-boost|p1a: Vaporeon|spd|1\n|\n|-heal|p1a: Vaporeon|316/364|[from] item: Leftovers\n|upkeep\n|turn|72\n|inactive|Time left: 300 sec this turn | 300 sec total\n|\n|t:|1783567262\n|move|p2a: Articuno|Brave Bird|p1a: Vaporeon\n|-crit|p1a: Vaporeon\n|-damage|p1a: Vaporeon|90/364\n|-damage|p2a: Articuno|57/100|[from] Recoil\n|move|p1a: Vaporeon|Calm Mind|p1a: Vaporeon\n|-boost|p1a: Vaporeon|spa|1\n|-boost|p1a: Vaporeon|spd|1\n|\n|-heal|p1a: Vaporeon|112/364|[from] item: Leftovers\n|upkeep\n|turn|73\n|inactive|Time left: 300 sec this turn | 300 sec total\n|\n|t:|1783567263\n|move|p1a: Vaporeon|Protect|p1a: Vaporeon\n|-singleturn|p1a: Vaporeon|Protect\n|move|p2a: Articuno|Brave Bird|p1a: Vaporeon\n|-activate|p1a: Vaporeon|move: Protect\n|\n|-heal|p1a: Vaporeon|134/364|[from] item: Leftovers\n|upkeep\n|turn|74\n|inactive|Time left: 300 sec this turn | 300 sec total\n|\n|t:|1783567264\n|move|p1a: Vaporeon|Protect|p1a: Vaporeon\n|-singleturn|p1a: Vaporeon|Protect\n|move|p2a: Articuno|Brave Bird|p1a: Vaporeon\n|-activate|p1a: Vaporeon|move: Protect\n|\n|-heal|p1a: Vaporeon|156/364|[from] item: Leftovers\n|upkeep\n|turn|75\n|inactive|Time left: 300 sec this turn | 300 sec total\n|\n|t:|1783567265\n|move|p2a: Articuno|Brave Bird|p1a: Vaporeon\n|-damage|p1a: Vaporeon|14/364\n|-damage|p2a: Articuno|41/100|[from] Recoil\n|move|p1a: Vaporeon|Wish|p1a: Vaporeon\n|\n|-heal|p1a: Vaporeon|36/364|[from] item: Leftovers\n|upkeep\n|turn|76\n|inactive|Time left: 300 sec this turn | 300 sec total\n|\n|t:|1783567266\n|move|p1a: Vaporeon|Protect|p1a: Vaporeon\n|-singleturn|p1a: Vaporeon|Protect\n|move|p2a: Articuno|Brave Bird|p1a: Vaporeon\n|-activate|p1a: Vaporeon|move: Protect\n|\n|-heal|p1a: Vaporeon|218/364|[from] move: Wish|[wisher] Vaporeon\n|-heal|p1a: Vaporeon|240/364|[from] item: Leftovers\n|upkeep\n|turn|77\n|inactive|Time left: 300 sec this turn | 300 sec total\n|\n|t:|1783567267\n|move|p2a: Articuno|Roost|p2a: Articuno\n|-heal|p2a: Articuno|91/100\n|-singleturn|p2a: Articuno|move: Roost\n|move|p1a: Vaporeon|Wish|p1a: Vaporeon\n|\n|-heal|p1a: Vaporeon|262/364|[from] item: Leftovers\n|upkeep\n|turn|78\n|inactive|Time left: 300 sec this turn | 300 sec total\n|\n|t:|1783567268\n|move|p2a: Articuno|Brave Bird|p1a: Vaporeon\n|-damage|p1a: Vaporeon|94/364\n|-damage|p2a: Articuno|73/100|[from] Recoil\n|move|p1a: Vaporeon|Calm Mind|p1a: Vaporeon\n|-boost|p1a: Vaporeon|spa|1\n|-boost|p1a: Vaporeon|spd|1\n|\n|-heal|p1a: Vaporeon|276/364|[from] move: Wish|[wisher] Vaporeon\n|-heal|p1a: Vaporeon|298/364|[from] item: Leftovers\n|upkeep\n|turn|79\n|inactive|Time left: 300 sec this turn | 300 sec total\n|\n|t:|1783567269\n|move|p2a: Articuno|Haze|p2a: Articuno\n|-clearallboost\n|move|p1a: Vaporeon|Wish|p1a: Vaporeon\n|\n|-heal|p1a: Vaporeon|320/364|[from] item: Leftovers\n|upkeep\n|turn|80\n|inactive|Time left: 300 sec this turn | 300 sec total\n|\n|t:|1783567270\n|move|p2a: Articuno|Brave Bird|p1a: Vaporeon\n|-damage|p1a: Vaporeon|160/364\n|-damage|p2a: Articuno|55/100|[from] Recoil\n|move|p1a: Vaporeon|Calm Mind|p1a: Vaporeon\n|-boost|p1a: Vaporeon|spa|1\n|-boost|p1a: Vaporeon|spd|1\n|\n|-heal|p1a: Vaporeon|342/364|[from] move: Wish|[wisher] Vaporeon\n|-heal|p1a: Vaporeon|364/364|[from] item: Leftovers\n|upkeep\n|turn|81\n|inactive|Time left: 300 sec this turn | 300 sec total\n|\n|t:|1783567271\n|move|p2a: Articuno|Freeze-Dry|p1a: Vaporeon\n|-supereffective|p1a: Vaporeon\n|-damage|p1a: Vaporeon|274/364\n|move|p1a: Vaporeon|Wish|p1a: Vaporeon\n|\n|-heal|p1a: Vaporeon|296/364|[from] item: Leftovers\n|upkeep\n|turn|82\n|inactive|Time left: 300 sec this turn | 300 sec total\n|\n|t:|1783567272\n|move|p2a: Articuno|Brave Bird|p1a: Vaporeon\n|-damage|p1a: Vaporeon|151/364\n|-damage|p2a: Articuno|38/100|[from] Recoil\n|move|p1a: Vaporeon|Calm Mind|p1a: Vaporeon\n|-boost|p1a: Vaporeon|spa|1\n|-boost|p1a: Vaporeon|spd|1\n|\n|-heal|p1a: Vaporeon|333/364|[from] move: Wish|[wisher] Vaporeon\n|-heal|p1a: Vaporeon|355/364|[from] item: Leftovers\n|upkeep\n|turn|83\n|inactive|Time left: 300 sec this turn | 300 sec total\n|\n|t:|1783567274\n|move|p2a: Articuno|Freeze-Dry|p1a: Vaporeon\n|-supereffective|p1a: Vaporeon\n|-damage|p1a: Vaporeon|277/364\n|move|p1a: Vaporeon|Calm Mind|p1a: Vaporeon\n|-boost|p1a: Vaporeon|spa|1\n|-boost|p1a: Vaporeon|spd|1\n|\n|-heal|p1a: Vaporeon|299/364|[from] item: Leftovers\n|upkeep\n|turn|84\n|inactive|Time left: 300 sec this turn | 300 sec total\n|\n|t:|1783567275\n|move|p2a: Articuno|Freeze-Dry|p1a: Vaporeon\n|-supereffective|p1a: Vaporeon\n|-damage|p1a: Vaporeon|239/364\n|move|p1a: Vaporeon|Wish|p1a: Vaporeon\n|\n|-heal|p1a: Vaporeon|261/364|[from] item: Leftovers\n|upkeep\n|turn|85\n|inactive|Time left: 300 sec this turn | 300 sec total\n|\n|t:|1783567276\n|move|p2a: Articuno|Brave Bird|p1a: Vaporeon\n|-damage|p1a: Vaporeon|119/364\n|-damage|p2a: Articuno|23/100|[from] Recoil\n|move|p1a: Vaporeon|Calm Mind|p1a: Vaporeon\n|-boost|p1a: Vaporeon|spa|1\n|-boost|p1a: Vaporeon|spd|1\n|\n|-heal|p1a: Vaporeon|301/364|[from] move: Wish|[wisher] Vaporeon\n|-heal|p1a: Vaporeon|323/364|[from] item: Leftovers\n|upkeep\n|turn|86\n|inactive|Time left: 300 sec this turn | 300 sec total\n|\n|t:|1783567277\n|move|p2a: Articuno|Brave Bird|p1a: Vaporeon\n|-damage|p1a: Vaporeon|160/364\n|-damage|p2a: Articuno|4/100|[from] Recoil\n|move|p1a: Vaporeon|Calm Mind|p1a: Vaporeon\n|-boost|p1a: Vaporeon|spa|1\n|-boost|p1a: Vaporeon|spd|1\n|\n|-heal|p1a: Vaporeon|182/364|[from] item: Leftovers\n|upkeep\n|turn|87\n|inactive|Time left: 300 sec this turn | 300 sec total\n|\n|t:|1783567278\n|move|p2a: Articuno|Haze|p2a: Articuno\n|-clearallboost\n|move|p1a: Vaporeon|Wish|p1a: Vaporeon\n|\n|-heal|p1a: Vaporeon|204/364|[from] item: Leftovers\n|upkeep\n|turn|88\n|inactive|Time left: 300 sec this turn | 300 sec total\n|\n|t:|1783567279\n|move|p2a: Articuno|Brave Bird|p1a: Vaporeon\n|-damage|p1a: Vaporeon|53/364\n|-damage|p2a: Articuno|0 fnt|[from] Recoil\n|faint|p2a: Articuno\n|move|p1a: Vaporeon|Calm Mind|p1a: Vaporeon\n|-boost|p1a: Vaporeon|spa|1\n|-boost|p1a: Vaporeon|spd|1\n|\n|-heal|p1a: Vaporeon|235/364|[from] move: Wish|[wisher] Vaporeon\n|-heal|p1a: Vaporeon|257/364|[from] item: Leftovers\n|upkeep\n|\n|t:|1783567280\n|switch|p2a: Palossand|Palossand, L89, F, tera:Water|77/100 brn\n|-activate|p2a: Palossand|move: Sticky Web\n|-unboost|p2a: Palossand|spe|1\n|turn|89\n|inactive|Time left: 300 sec this turn | 300 sec total\n|\n|t:|1783567281\n|move|p1a: Vaporeon|Wish|p1a: Vaporeon\n|move|p2a: Palossand|Earth Power|p1a: Vaporeon\n|-damage|p1a: Vaporeon|193/364\n|\n|-heal|p1a: Vaporeon|215/364|[from] item: Leftovers\n|-damage|p2a: Palossand|70/100 brn|[from] brn\n|upkeep\n|turn|90\n|inactive|Time left: 300 sec this turn | 300 sec total\n|\n|t:|1783567282\n|move|p1a: Vaporeon|Calm Mind|p1a: Vaporeon\n|-boost|p1a: Vaporeon|spa|1\n|-boost|p1a: Vaporeon|spd|1\n|move|p2a: Palossand|Earth Power|p1a: Vaporeon\n|-damage|p1a: Vaporeon|164/364\n|\n|-heal|p1a: Vaporeon|346/364|[from] move: Wish|[wisher] Vaporeon\n|-heal|p1a: Vaporeon|364/364|[from] item: Leftovers\n|-damage|p2a: Palossand|64/100 brn|[from] brn\n|upkeep\n|turn|91\n|inactive|Time left: 300 sec this turn | 300 sec total\n|\n|t:|1783567283\n|move|p1a: Vaporeon|Calm Mind|p1a: Vaporeon\n|-boost|p1a: Vaporeon|spa|1\n|-boost|p1a: Vaporeon|spd|1\n|move|p2a: Palossand|Earth Power|p1a: Vaporeon\n|-crit|p1a: Vaporeon\n|-damage|p1a: Vaporeon|225/364\n|\n|-heal|p1a: Vaporeon|247/364|[from] item: Leftovers\n|-damage|p2a: Palossand|58/100 brn|[from] brn\n|upkeep\n|turn|92\n|inactive|Time left: 300 sec this turn | 300 sec total\n|\n|t:|1783567284\n|move|p1a: Vaporeon|Calm Mind|p1a: Vaporeon\n|-boost|p1a: Vaporeon|spa|1\n|-boost|p1a: Vaporeon|spd|1\n|move|p2a: Palossand|Earth Power|p1a: Vaporeon\n|-damage|p1a: Vaporeon|216/364\n|\n|-heal|p1a: Vaporeon|238/364|[from] item: Leftovers\n|-damage|p2a: Palossand|52/100 brn|[from] brn\n|upkeep\n|turn|93\n|inactive|Time left: 300 sec this turn | 300 sec total\n|\n|t:|1783567285\n|move|p1a: Vaporeon|Calm Mind|p1a: Vaporeon\n|-boost|p1a: Vaporeon|spa|1\n|-boost|p1a: Vaporeon|spd|1\n|move|p2a: Palossand|Shadow Ball|p1a: Vaporeon\n|-damage|p1a: Vaporeon|213/364\n|\n|-heal|p1a: Vaporeon|235/364|[from] item: Leftovers\n|-damage|p2a: Palossand|46/100 brn|[from] brn\n|upkeep\n|turn|94\n|inactive|Time left: 300 sec this turn | 300 sec total\n|\n|t:|1783567286\n|move|p1a: Vaporeon|Calm Mind|p1a: Vaporeon\n|-boost|p1a: Vaporeon|spa|1\n|-boost|p1a: Vaporeon|spd|1\n|move|p2a: Palossand|Earth Power|p1a: Vaporeon\n|-damage|p1a: Vaporeon|210/364\n|\n|-heal|p1a: Vaporeon|232/364|[from] item: Leftovers\n|-damage|p2a: Palossand|40/100 brn|[from] brn\n|upkeep\n|turn|95\n|inactive|Time left: 300 sec this turn | 300 sec total\n|\n|t:|1783567287\n|move|p1a: Vaporeon|Protect|p1a: Vaporeon\n|-singleturn|p1a: Vaporeon|Protect\n|move|p2a: Palossand|Earth Power|p1a: Vaporeon\n|-activate|p1a: Vaporeon|move: Protect\n|\n|-heal|p1a: Vaporeon|254/364|[from] item: Leftovers\n|-damage|p2a: Palossand|34/100 brn|[from] brn\n|upkeep\n|turn|96\n|inactive|Time left: 300 sec this turn | 300 sec total\n|\n|t:|1783567288\n|move|p1a: Vaporeon|Protect||[still]\n|-fail|p1a: Vaporeon\n|move|p2a: Palossand|Shadow Ball|p1a: Vaporeon\n|-damage|p1a: Vaporeon|230/364\n|\n|-heal|p1a: Vaporeon|252/364|[from] item: Leftovers\n|-damage|p2a: Palossand|28/100 brn|[from] brn\n|upkeep\n|turn|97\n|inactive|Time left: 300 sec this turn | 300 sec total\n|\n|t:|1783567289\n|move|p1a: Vaporeon|Protect|p1a: Vaporeon\n|-singleturn|p1a: Vaporeon|Protect\n|move|p2a: Palossand|Sludge Bomb|p1a: Vaporeon\n|-activate|p1a: Vaporeon|move: Protect\n|\n|-heal|p1a: Vaporeon|274/364|[from] item: Leftovers\n|-damage|p2a: Palossand|22/100 brn|[from] brn\n|upkeep\n|turn|98\n|inactive|Time left: 300 sec this turn | 300 sec total\n|\n|t:|1783567290\n|move|p1a: Vaporeon|Protect||[still]\n|-fail|p1a: Vaporeon\n|move|p2a: Palossand|Earth Power|p1a: Vaporeon\n|-damage|p1a: Vaporeon|247/364\n|\n|-heal|p1a: Vaporeon|269/364|[from] item: Leftovers\n|-damage|p2a: Palossand|16/100 brn|[from] brn\n|upkeep\n|turn|99\n|inactive|Time left: 300 sec this turn | 300 sec total\n|\n|t:|1783567291\n|move|p1a: Vaporeon|Protect|p1a: Vaporeon\n|-singleturn|p1a: Vaporeon|Protect\n|move|p2a: Palossand|Sludge Bomb|p1a: Vaporeon\n|-activate|p1a: Vaporeon|move: Protect\n|\n|-heal|p1a: Vaporeon|291/364|[from] item: Leftovers\n|-damage|p2a: Palossand|10/100 brn|[from] brn\n|upkeep\n|turn|100\n|inactive|Time left: 300 sec this turn | 300 sec total\n|\n|t:|1783567292\n|switch|p2a: Dondozo|Dondozo, L78, M|100/100\n|-activate|p2a: Dondozo|move: Sticky Web\n|-unboost|p2a: Dondozo|spe|1\n|move|p1a: Vaporeon|Protect||[still]\n|-fail|p1a: Vaporeon\n|\n|-heal|p1a: Vaporeon|313/364|[from] item: Leftovers\n|upkeep\n|turn|101\n|inactive|Time left: 300 sec this turn | 300 sec total\n|\n|t:|1783567293\n|move|p1a: Vaporeon|Protect|p1a: Vaporeon\n|-singleturn|p1a: Vaporeon|Protect\n|move|p2a: Dondozo|Wave Crash|p1a: Vaporeon\n|-activate|p1a: Vaporeon|move: Protect\n|\n|-heal|p1a: Vaporeon|335/364|[from] item: Leftovers\n|upkeep\n|turn|102\n|inactive|Time left: 300 sec this turn | 300 sec total\n|\n|t:|1783567294\n|move|p1a: Vaporeon|Protect||[still]\n|-fail|p1a: Vaporeon\n|move|p2a: Dondozo|Curse|p2a: Dondozo\n|-unboost|p2a: Dondozo|spe|1\n|-boost|p2a: Dondozo|atk|1\n|-boost|p2a: Dondozo|def|1\n|\n|-heal|p1a: Vaporeon|357/364|[from] item: Leftovers\n|upkeep\n|turn|103\n|inactive|Time left: 300 sec this turn | 300 sec total\n|\n|t:|1783567295\n|move|p1a: Vaporeon|Protect|p1a: Vaporeon\n|-singleturn|p1a: Vaporeon|Protect\n|move|p2a: Dondozo|Wave Crash|p1a: Vaporeon\n|-activate|p1a: Vaporeon|move: Protect\n|\n|-heal|p1a: Vaporeon|364/364|[from] item: Leftovers\n|upkeep\n|turn|104\n|inactive|Time left: 300 sec this turn | 300 sec total\n|\n|t:|1783567297\n|move|p1a: Vaporeon|Protect||[still]\n|-fail|p1a: Vaporeon\n|move|p2a: Dondozo|Wave Crash|p1a: Vaporeon\n|-immune|p1a: Vaporeon|[from] ability: Water Absorb\n|\n|upkeep\n|turn|105\n|inactive|Time left: 300 sec this turn | 300 sec total\n|\n|t:|1783567298\n|move|p1a: Vaporeon|Calm Mind|p1a: Vaporeon\n|-boost|p1a: Vaporeon|spa|0\n|-boost|p1a: Vaporeon|spd|0\n|move|p2a: Dondozo|Wave Crash|p1a: Vaporeon\n|-immune|p1a: Vaporeon|[from] ability: Water Absorb\n|\n|upkeep\n|turn|106\n|inactive|Time left: 300 sec this turn | 300 sec total\n|\n|t:|1783567299\n|move|p1a: Vaporeon|Protect|p1a: Vaporeon\n|-singleturn|p1a: Vaporeon|Protect\n|move|p2a: Dondozo|Wave Crash|p1a: Vaporeon\n|-activate|p1a: Vaporeon|move: Protect\n|\n|upkeep\n|turn|107\n|inactive|Time left: 300 sec this turn | 300 sec total\n|\n|t:|1783567300\n|move|p1a: Vaporeon|Calm Mind|p1a: Vaporeon\n|-boost|p1a: Vaporeon|spa|0\n|-boost|p1a: Vaporeon|spd|0\n|move|p2a: Dondozo|Wave Crash|p1a: Vaporeon\n|-immune|p1a: Vaporeon|[from] ability: Water Absorb\n|\n|upkeep\n|turn|108\n|inactive|Time left: 300 sec this turn | 300 sec total\n|\n|t:|1783567301\n|move|p1a: Vaporeon|Protect|p1a: Vaporeon\n|-singleturn|p1a: Vaporeon|Protect\n|move|p2a: Dondozo|Wave Crash|p1a: Vaporeon\n|-activate|p1a: Vaporeon|move: Protect\n|\n|upkeep\n|turn|109\n|inactive|Time left: 300 sec this turn | 300 sec total\n|\n|t:|1783567302\n|-activate|p1a: Vaporeon|move: Struggle\n|move|p1a: Vaporeon|Struggle|p2a: Dondozo\n|-damage|p2a: Dondozo|97/100\n|-damage|p1a: Vaporeon|273/364|[from] recoil\n|move|p2a: Dondozo|Wave Crash|p1a: Vaporeon\n|-heal|p1a: Vaporeon|364/364|[from] ability: Water Absorb|[of] p2a: Dondozo\n|\n|-heal|p2a: Dondozo|100/100|[from] item: Leftovers\n|upkeep\n|turn|110\n|inactive|Time left: 300 sec this turn | 300 sec total\n|\n|t:|1783567303\n|-activate|p1a: Vaporeon|move: Struggle\n|move|p1a: Vaporeon|Struggle|p2a: Dondozo\n|-damage|p2a: Dondozo|97/100\n|-damage|p1a: Vaporeon|273/364|[from] recoil\n|move|p2a: Dondozo|Wave Crash|p1a: Vaporeon\n|-heal|p1a: Vaporeon|364/364|[from] ability: Water Absorb|[of] p2a: Dondozo\n|\n|-heal|p2a: Dondozo|100/100|[from] item: Leftovers\n|upkeep\n|turn|111\n|inactive|Time left: 300 sec this turn | 300 sec total\n|\n|t:|1783567304\n|-activate|p1a: Vaporeon|move: Struggle\n|move|p1a: Vaporeon|Struggle|p2a: Dondozo\n|-damage|p2a: Dondozo|97/100\n|-damage|p1a: Vaporeon|273/364|[from] recoil\n|move|p2a: Dondozo|Wave Crash|p1a: Vaporeon\n|-heal|p1a: Vaporeon|364/364|[from] ability: Water Absorb|[of] p2a: Dondozo\n|\n|-heal|p2a: Dondozo|100/100|[from] item: Leftovers\n|upkeep\n|turn|112\n|inactive|Time left: 300 sec this turn | 300 sec total\n|\n|t:|1783567305\n|-activate|p1a: Vaporeon|move: Struggle\n|move|p1a: Vaporeon|Struggle|p2a: Dondozo\n|-damage|p2a: Dondozo|97/100\n|-damage|p1a: Vaporeon|273/364|[from] recoil\n|move|p2a: Dondozo|Wave Crash|p1a: Vaporeon\n|-heal|p1a: Vaporeon|364/364|[from] ability: Water Absorb|[of] p2a: Dondozo\n|\n|-heal|p2a: Dondozo|100/100|[from] item: Leftovers\n|upkeep\n|turn|113\n|inactive|Time left: 300 sec this turn | 300 sec total\n|\n|t:|1783567306\n|-activate|p1a: Vaporeon|move: Struggle\n|move|p1a: Vaporeon|Struggle|p2a: Dondozo\n|-damage|p2a: Dondozo|97/100\n|-damage|p1a: Vaporeon|273/364|[from] recoil\n|move|p2a: Dondozo|Curse|p2a: Dondozo\n|-unboost|p2a: Dondozo|spe|1\n|-boost|p2a: Dondozo|atk|1\n|-boost|p2a: Dondozo|def|1\n|\n|-heal|p1a: Vaporeon|295/364|[from] item: Leftovers\n|-heal|p2a: Dondozo|100/100|[from] item: Leftovers\n|upkeep\n|turn|114\n|inactive|Time left: 300 sec this turn | 300 sec total\n|\n|t:|1783567307\n|switch|p1a: Banette|Banette, L93, M|108/270\n|move|p2a: Dondozo|Curse|p2a: Dondozo\n|-unboost|p2a: Dondozo|spe|1\n|-boost|p2a: Dondozo|atk|1\n|-boost|p2a: Dondozo|def|1\n|\n|upkeep\n|turn|115\n|inactive|Time left: 300 sec this turn | 300 sec total\n|\n|t:|1783567308\n|move|p1a: Banette|Swords Dance|p1a: Banette\n|-boost|p1a: Banette|atk|2\n|move|p2a: Dondozo|Curse|p2a: Dondozo\n|-unboost|p2a: Dondozo|spe|1\n|-boost|p2a: Dondozo|atk|1\n|-boost|p2a: Dondozo|def|1\n|\n|upkeep\n|turn|116\n|inactive|Time left: 300 sec this turn | 300 sec total\n|\n|t:|1783567309\n|move|p1a: Banette|Swords Dance|p1a: Banette\n|-boost|p1a: Banette|atk|2\n|move|p2a: Dondozo|Rest|p2a: Dondozo\n|-fail|p2a: Dondozo|heal\n|\n|upkeep\n|turn|117\n|inactive|Time left: 300 sec this turn | 300 sec total\n|\n|t:|1783567310\n|move|p1a: Banette|Swords Dance|p1a: Banette\n|-boost|p1a: Banette|atk|2\n|move|p2a: Dondozo|Sleep Talk||[still]\n|-fail|p2a: Dondozo\n|\n|upkeep\n|turn|118\n|inactive|Time left: 300 sec this turn | 300 sec total\n|\n|t:|1783567311\n|move|p1a: Banette|Poltergeist|p2a: Dondozo\n|-activate|p2a: Dondozo|move: Poltergeist|Leftovers\n|-damage|p2a: Dondozo|82/100\n|-damage|p1a: Banette|81/270|[from] item: Life Orb\n|move|p2a: Dondozo|Curse|p2a: Dondozo\n|-unboost|p2a: Dondozo|spe|1\n|-boost|p2a: Dondozo|atk|1\n|-boost|p2a: Dondozo|def|1\n|\n|-heal|p2a: Dondozo|88/100|[from] item: Leftovers\n|upkeep\n|turn|119\n|inactive|Time left: 300 sec this turn | 300 sec total\n|\n|t:|1783567312\n|move|p1a: Banette|Gunk Shot|p2a: Dondozo\n|-damage|p2a: Dondozo|77/100\n|-damage|p1a: Banette|54/270|[from] item: Life Orb\n|move|p2a: Dondozo|Rest|p2a: Dondozo\n|-status|p2a: Dondozo|slp|[from] move: Rest\n|-heal|p2a: Dondozo|100/100 slp|[silent]\n|\n|upkeep\n|turn|120\n|inactive|Time left: 300 sec this turn | 300 sec total\n|\n|t:|1783567313\n|move|p1a: Banette|Swords Dance|p1a: Banette\n|-boost|p1a: Banette|atk|0\n|cant|p2a: Dondozo|slp\n|move|p2a: Dondozo|Sleep Talk|p2a: Dondozo\n|move|p2a: Dondozo|Wave Crash|p1a: Banette|[from] move: Sleep Talk\n|-damage|p1a: Banette|0 fnt\n|faint|p1a: Banette\n|-damage|p2a: Dondozo|96/100 slp|[from] Recoil\n|\n|-heal|p2a: Dondozo|100/100 slp|[from] item: Leftovers\n|upkeep\n|inactive|Time left: 300 sec this turn | 300 sec total | 5 sec grace\n|\n|t:|1783567314\n|switch|p1a: Iron Hands|Iron Hands, L79|373/373\n|turn|121\n|inactive|Time left: 300 sec this turn | 300 sec total\n|\n|t:|1783567315\n|move|p1a: Iron Hands|Volt Switch|p2a: Dondozo\n|-supereffective|p2a: Dondozo\n|-damage|p2a: Dondozo|67/100 slp\n|inactive|Time left: 300 sec this turn | 300 sec total | 5 sec grace\n|\n|t:|1783567316\n|-end|p1a: Iron Hands|Quark Drive|[silent]\n|switch|p1a: Vaporeon|Vaporeon, L86, F|295/364|[from] Volt Switch\n|cant|p2a: Dondozo|slp\n|move|p2a: Dondozo|Sleep Talk|p2a: Dondozo\n|move|p2a: Dondozo|Rest||[from] move: Sleep Talk|[still]\n|-fail|p2a: Dondozo\n|\n|-heal|p1a: Vaporeon|317/364|[from] item: Leftovers\n|-heal|p2a: Dondozo|73/100 slp|[from] item: Leftovers\n|upkeep\n|turn|122\n|inactive|Time left: 300 sec this turn | 300 sec total\n|\n|t:|1783567317\n|-activate|p1a: Vaporeon|move: Struggle\n|move|p1a: Vaporeon|Struggle|p2a: Dondozo\n|-damage|p2a: Dondozo|71/100 slp\n|-damage|p1a: Vaporeon|226/364|[from] recoil\n|-curestatus|p2a: Dondozo|slp|[msg]\n|move|p2a: Dondozo|Curse|p2a: Dondozo\n|-boost|p2a: Dondozo|atk|1\n|-boost|p2a: Dondozo|def|1\n|\n|-heal|p1a: Vaporeon|248/364|[from] item: Leftovers\n|-heal|p2a: Dondozo|78/100|[from] item: Leftovers\n|upkeep\n|turn|123\n|inactive|Time left: 300 sec this turn | 300 sec total\n|\n|t:|1783567318\n|switch|p1a: Iron Hands|Iron Hands, L79|373/373\n|move|p2a: Dondozo|Rest|p2a: Dondozo\n|-status|p2a: Dondozo|slp|[from] move: Rest\n|-heal|p2a: Dondozo|100/100 slp|[silent]\n|\n|upkeep\n|turn|124\n|inactive|Time left: 300 sec this turn | 300 sec total\n|\n|t:|1783567319\n|move|p1a: Iron Hands|Volt Switch|p2a: Dondozo\n|-supereffective|p2a: Dondozo\n|-damage|p2a: Dondozo|67/100 slp\n|inactive|Time left: 300 sec this turn | 300 sec total | 5 sec grace\n|\n|t:|1783567320\n|-end|p1a: Iron Hands|Quark Drive|[silent]\n|switch|p1a: Vaporeon|Vaporeon, L86, F|248/364|[from] Volt Switch\n|cant|p2a: Dondozo|slp\n|move|p2a: Dondozo|Sleep Talk|p2a: Dondozo\n|move|p2a: Dondozo|Rest||[from] move: Sleep Talk|[still]\n|-fail|p2a: Dondozo\n|\n|-heal|p1a: Vaporeon|270/364|[from] item: Leftovers\n|-heal|p2a: Dondozo|73/100 slp|[from] item: Leftovers\n|upkeep\n|turn|125\n|inactive|Time left: 300 sec this turn | 300 sec total\n|\n|t:|1783567321\n|-activate|p1a: Vaporeon|move: Struggle\n|move|p1a: Vaporeon|Struggle|p2a: Dondozo\n|-damage|p2a: Dondozo|71/100 slp\n|-damage|p1a: Vaporeon|179/364|[from] recoil\n|cant|p2a: Dondozo|slp\n|move|p2a: Dondozo|Sleep Talk|p2a: Dondozo\n|move|p2a: Dondozo|Rest||[from] move: Sleep Talk|[still]\n|-fail|p2a: Dondozo\n|\n|-heal|p1a: Vaporeon|201/364|[from] item: Leftovers\n|-heal|p2a: Dondozo|78/100 slp|[from] item: Leftovers\n|upkeep\n|turn|126\n|inactive|Time left: 300 sec this turn | 300 sec total\n|\n|t:|1783567322\n|-activate|p1a: Vaporeon|move: Struggle\n|move|p1a: Vaporeon|Struggle|p2a: Dondozo\n|-damage|p2a: Dondozo|76/100 slp\n|-damage|p1a: Vaporeon|110/364|[from] recoil\n|-curestatus|p2a: Dondozo|slp|[msg]\n|move|p2a: Dondozo|Sleep Talk||[still]\n|-fail|p2a: Dondozo\n|\n|-heal|p1a: Vaporeon|132/364|[from] item: Leftovers\n|-heal|p2a: Dondozo|82/100|[from] item: Leftovers\n|upkeep\n|turn|127\n|inactive|Time left: 300 sec this turn | 300 sec total\n|\n|t:|1783567323\n|-activate|p1a: Vaporeon|move: Struggle\n|move|p1a: Vaporeon|Struggle|p2a: Dondozo\n|-damage|p2a: Dondozo|81/100\n|-damage|p1a: Vaporeon|41/364|[from] recoil\n|move|p2a: Dondozo|Curse|p2a: Dondozo\n|\n|-heal|p1a: Vaporeon|63/364|[from] item: Leftovers\n|-heal|p2a: Dondozo|87/100|[from] item: Leftovers\n|upkeep\n|turn|128\n|inactive|Time left: 300 sec this turn | 300 sec total\n|\n|t:|1783567324\n|-activate|p1a: Vaporeon|move: Struggle\n|move|p1a: Vaporeon|Struggle|p2a: Dondozo\n|-damage|p2a: Dondozo|86/100\n|-damage|p1a: Vaporeon|0 fnt|[from] recoil\n|faint|p1a: Vaporeon\n|move|p2a: Dondozo|Curse|p2a: Dondozo\n|\n|-heal|p2a: Dondozo|92/100|[from] item: Leftovers\n|upkeep\n|inactive|Time left: 300 sec this turn | 300 sec total | 5 sec grace\n|\n|t:|1783567325\n|switch|p1a: Komala|Komala, L87, M|66/255\n|-ability|p1a: Komala|Comatose\n|turn|129\n|inactive|Time left: 300 sec this turn | 300 sec total\n|\n|t:|1783567326\n|move|p1a: Komala|Knock Off|p2a: Dondozo\n|-damage|p2a: Dondozo|86/100\n|-enditem|p2a: Dondozo|Leftovers|[from] move: Knock Off|[of] p1a: Komala\n|move|p2a: Dondozo|Sleep Talk||[still]\n|-fail|p2a: Dondozo\n|\n|upkeep\n|turn|130\n|inactive|Time left: 300 sec this turn | 300 sec total\n|\n|t:|1783567327\n|move|p1a: Komala|Rapid Spin|p2a: Dondozo\n|-damage|p2a: Dondozo|82/100\n|-boost|p1a: Komala|spe|1\n|move|p2a: Dondozo|Sleep Talk||[still]\n|-fail|p2a: Dondozo\n|\n|upkeep\n|turn|131\n|inactive|Time left: 300 sec this turn | 300 sec total\n|\n|t:|1783567328\n|move|p1a: Komala|Rapid Spin|p2a: Dondozo\n|-damage|p2a: Dondozo|77/100\n|-boost|p1a: Komala|spe|1\n|move|p2a: Dondozo|Sleep Talk||[still]\n|-fail|p2a: Dondozo\n|\n|upkeep\n|turn|132\n|inactive|Time left: 300 sec this turn | 300 sec total\n|\n|t:|1783567329\n|move|p1a: Komala|Rapid Spin|p2a: Dondozo\n|-damage|p2a: Dondozo|73/100\n|-boost|p1a: Komala|spe|1\n|move|p2a: Dondozo|Curse|p2a: Dondozo\n|\n|upkeep\n|turn|133\n|inactive|Time left: 300 sec this turn | 300 sec total\n|\n|t:|1783567330\n|move|p1a: Komala|Earthquake|p2a: Dondozo\n|-damage|p2a: Dondozo|67/100\n|move|p2a: Dondozo|Curse|p2a: Dondozo\n|\n|upkeep\n|turn|134\n|inactive|Time left: 300 sec this turn | 300 sec total\n|\n|t:|1783567331\n|move|p1a: Komala|Body Slam|p2a: Dondozo\n|-damage|p2a: Dondozo|60/100\n|-status|p2a: Dondozo|par\n|move|p2a: Dondozo|Sleep Talk||[still]\n|-fail|p2a: Dondozo\n|\n|upkeep\n|turn|135\n|inactive|Time left: 300 sec this turn | 300 sec total\n|\n|t:|1783567332\n|move|p1a: Komala|Rapid Spin|p2a: Dondozo\n|-damage|p2a: Dondozo|56/100 par\n|-boost|p1a: Komala|spe|1\n|move|p2a: Dondozo|Sleep Talk||[still]\n|-fail|p2a: Dondozo\n|\n|upkeep\n|turn|136\n|inactive|Time left: 300 sec this turn | 300 sec total\n|\n|t:|1783567333\n|move|p1a: Komala|Body Slam|p2a: Dondozo\n|-damage|p2a: Dondozo|49/100 par\n|move|p2a: Dondozo|Sleep Talk||[still]\n|-fail|p2a: Dondozo\n|\n|upkeep\n|turn|137\n|inactive|Time left: 300 sec this turn | 300 sec total\n|\n|t:|1783567334\n|move|p1a: Komala|Rapid Spin|p2a: Dondozo\n|-damage|p2a: Dondozo|44/100 par\n|-boost|p1a: Komala|spe|1\n|move|p2a: Dondozo|Sleep Talk||[still]\n|-fail|p2a: Dondozo\n|\n|upkeep\n|turn|138\n|inactive|Time left: 300 sec this turn | 300 sec total\n|\n|t:|1783567334\n|move|p1a: Komala|Earthquake|p2a: Dondozo\n|-damage|p2a: Dondozo|39/100 par\n|move|p2a: Dondozo|Curse|p2a: Dondozo\n|\n|upkeep\n|turn|139\n|inactive|Time left: 300 sec this turn | 300 sec total\n|\n|t:|1783567335\n|switch|p2a: Palossand|Palossand, L89, F, tera:Water|10/100 brn\n|-activate|p2a: Palossand|move: Sticky Web\n|-unboost|p2a: Palossand|spe|1\n|move|p1a: Komala|Body Slam|p2a: Palossand\n|-damage|p2a: Palossand|0 fnt\n|faint|p2a: Palossand\n|\n|upkeep\n|\n|t:|1783567336\n|switch|p2a: Luvdisc|Luvdisc, M|100/100\n|turn|140\n|inactive|Time left: 300 sec this turn | 300 sec total\n|\n|t:|1783567337\n|switch|p2a: Dondozo|Dondozo, L78, M|39/100 par\n|-activate|p2a: Dondozo|move: Sticky Web\n|-unboost|p2a: Dondozo|spe|1\n|move|p1a: Komala|Body Slam|p2a: Dondozo\n|-crit|p2a: Dondozo\n|-damage|p2a: Dondozo|0 fnt\n|faint|p2a: Dondozo\n|\n|upkeep\n|\n|t:|1783567338\n|switch|p2a: Luvdisc|Luvdisc, M|100/100\n|turn|141\n|inactive|Time left: 300 sec this turn | 300 sec total\n|\n|t:|1783567339\n|move|p1a: Komala|Body Slam|p2a: Luvdisc\n|-damage|p2a: Luvdisc|45/100\n|move|p2a: Luvdisc|Whirlpool|p1a: Komala\n|-damage|p1a: Komala|47/255\n|-activate|p1a: Komala|move: Whirlpool|[of] p2a: Luvdisc\n|\n|-damage|p1a: Komala|16/255|[from] move: Whirlpool|[partiallytrapped]\n|upkeep\n|turn|142\n|inactive|Time left: 300 sec this turn | 300 sec total\n|\n|t:|1783567340\n|-terastallize|p1a: Komala|Ghost\n|move|p1a: Komala|Rapid Spin|p2a: Luvdisc\n|-damage|p2a: Luvdisc|11/100\n|-boost|p1a: Komala|spe|1\n|-end|p1a: Komala|Whirlpool|[partiallytrapped]\n|move|p2a: Luvdisc|Endeavor|p1a: Komala\n|-immune|p1a: Komala\n|\n|upkeep\n|turn|143\n|inactive|Time left: 300 sec this turn | 300 sec total\n|\n|t:|1783567341\n|move|p1a: Komala|Body Slam|p2a: Luvdisc\n|-damage|p2a: Luvdisc|0 fnt\n|faint|p2a: Luvdisc\n|\n|win|p0x23417030", "uploadtime": 1783567341, "views": 0, "rating": 0, "private": 0, "password": null, "_winner": "p0x23417030", "_our_name": "p0x23417030"}