{"id": "battle-gen9randombattle-1811", "formatid": "gen9randombattle", "format": "[Gen 9] Random Battle", "players": ["p0x18115e15", "p0y18118e13"], "log": "|init|battle\n|title|p0x18115e15 vs. p0y18118e13\n|j|\u2606p0x18115e15\n|j|\u2606p0y18118e13\n|t:|1783560978\n|gametype|singles\n|player|p1|p0x18115e15|266|\n|player|p2|p0y18118e13|266|\n|gen|9\n|tier|[Gen 9] Random Battle\n|rule|Species Clause: Limit one of each Pok\u00e9mon\n|rule|HP Percentage Mod: HP is shown in percentages\n|rule|Sleep Clause Mod: Limit one foe put to sleep\n|rule|Illusion Level Mod: Illusion disguises the Pok\u00e9mon's true level\n|\n|t:|1783560978\n|teamsize|p1|6\n|teamsize|p2|6\n|start\n|switch|p1a: Iron Treads|Iron Treads, L77|100/100\n|switch|p2a: Magcargo|Magcargo, L95, M|268/268\n|turn|1\n|inactive|Battle timer is ON: inactive players will automatically lose when time's up. (requested by p0x18115e15)\n|inactive|Time left: 300 sec this turn | 300 sec total | 60 sec grace\n|inactive|p0y18118e13 also wants the timer to be on.\n|\n|t:|1783560979\n|-terastallize|p2a: Magcargo|Dragon\n|move|p1a: Iron Treads|Earthquake|p2a: Magcargo\n|-damage|p2a: Magcargo|193/268\n|move|p2a: Magcargo|Lava Plume|p1a: Iron Treads\n|-supereffective|p1a: Iron Treads\n|-damage|p1a: Iron Treads|39/100\n|\n|upkeep\n|turn|2\n|inactive|Time left: 300 sec this turn | 300 sec total\n|\n|t:|1783560981\n|move|p1a: Iron Treads|Iron Head|p2a: Magcargo\n|-damage|p2a: Magcargo|133/268\n|move|p2a: Magcargo|Lava Plume|p1a: Iron Treads\n|-supereffective|p1a: Iron Treads\n|-damage|p1a: Iron Treads|0 fnt\n|faint|p1a: Iron Treads\n|-end|p1a: Iron Treads|Quark Drive|[silent]\n|\n|upkeep\n|\n|t:|1783560982\n|switch|p1a: Braviary|Braviary-Hisui, L85, M|100/100\n|turn|3\n|inactive|Time left: 300 sec this turn | 300 sec total\n|\n|t:|1783560983\n|switch|p2a: Umbreon|Umbreon, L84, F|297/297\n|move|p1a: Braviary|Calm Mind|p1a: Braviary\n|-boost|p1a: Braviary|spa|1\n|-boost|p1a: Braviary|spd|1\n|\n|upkeep\n|turn|4\n|inactive|Time left: 300 sec this turn | 300 sec total\n|\n|t:|1783560984\n|move|p1a: Braviary|Hurricane|p2a: Umbreon\n|-damage|p2a: Umbreon|141/297\n|move|p2a: Umbreon|Foul Play|p1a: Braviary\n|-supereffective|p1a: Braviary\n|-damage|p1a: Braviary|47/100\n|\n|-heal|p2a: Umbreon|159/297|[from] item: Leftovers\n|upkeep\n|turn|5\n|inactive|Time left: 300 sec this turn | 300 sec total\n|\n|t:|1783560985\n|move|p1a: Braviary|Roost|p1a: Braviary\n|-heal|p1a: Braviary|97/100\n|-singleturn|p1a: Braviary|move: Roost\n|move|p2a: Umbreon|Foul Play|p1a: Braviary\n|-supereffective|p1a: Braviary\n|-damage|p1a: Braviary|44/100\n|\n|-heal|p2a: Umbreon|177/297|[from] item: Leftovers\n|upkeep\n|turn|6\n|inactive|Time left: 300 sec this turn | 300 sec total\n|\n|t:|1783560986\n|move|p1a: Braviary|Roost|p1a: Braviary\n|-heal|p1a: Braviary|94/100\n|-singleturn|p1a: Braviary|move: Roost\n|move|p2a: Umbreon|Foul Play|p1a: Braviary\n|-supereffective|p1a: Braviary\n|-damage|p1a: Braviary|47/100\n|\n|-heal|p2a: Umbreon|195/297|[from] item: Leftovers\n|upkeep\n|turn|7\n|inactive|Time left: 300 sec this turn | 300 sec total\n|\n|t:|1783560987\n|move|p1a: Braviary|Roost|p1a: Braviary\n|-heal|p1a: Braviary|97/100\n|-singleturn|p1a: Braviary|move: Roost\n|move|p2a: Umbreon|Foul Play|p1a: Braviary\n|-supereffective|p1a: Braviary\n|-damage|p1a: Braviary|45/100\n|\n|-heal|p2a: Umbreon|213/297|[from] item: Leftovers\n|upkeep\n|turn|8\n|inactive|Time left: 300 sec this turn | 300 sec total\n|\n|t:|1783560987\n|move|p1a: Braviary|Roost|p1a: Braviary\n|-heal|p1a: Braviary|95/100\n|-singleturn|p1a: Braviary|move: Roost\n|move|p2a: Umbreon|Foul Play|p1a: Braviary\n|-supereffective|p1a: Braviary\n|-damage|p1a: Braviary|47/100\n|\n|-heal|p2a: Umbreon|231/297|[from] item: Leftovers\n|upkeep\n|turn|9\n|inactive|Time left: 300 sec this turn | 300 sec total\n|\n|t:|1783560988\n|move|p1a: Braviary|Roost|p1a: Braviary\n|-heal|p1a: Braviary|97/100\n|-singleturn|p1a: Braviary|move: Roost\n|move|p2a: Umbreon|Foul Play|p1a: Braviary\n|-supereffective|p1a: Braviary\n|-damage|p1a: Braviary|50/100\n|\n|-heal|p2a: Umbreon|249/297|[from] item: Leftovers\n|upkeep\n|turn|10\n|inactive|Time left: 300 sec this turn | 300 sec total\n|\n|t:|1783560989\n|move|p1a: Braviary|Roost|p1a: Braviary\n|-heal|p1a: Braviary|99/100\n|-singleturn|p1a: Braviary|move: Roost\n|move|p2a: Umbreon|Foul Play|p1a: Braviary\n|-supereffective|p1a: Braviary\n|-damage|p1a: Braviary|50/100\n|\n|-heal|p2a: Umbreon|267/297|[from] item: Leftovers\n|upkeep\n|turn|11\n|inactive|Time left: 300 sec this turn | 300 sec total\n|\n|t:|1783560990\n|move|p1a: Braviary|Roost|p1a: Braviary\n|-heal|p1a: Braviary|99/100\n|-singleturn|p1a: Braviary|move: Roost\n|move|p2a: Umbreon|Foul Play|p1a: Braviary\n|-supereffective|p1a: Braviary\n|-damage|p1a: Braviary|48/100\n|\n|-heal|p2a: Umbreon|285/297|[from] item: Leftovers\n|upkeep\n|turn|12\n|inactive|Time left: 300 sec this turn | 300 sec total\n|\n|t:|1783560991\n|move|p1a: Braviary|Roost|p1a: Braviary\n|-heal|p1a: Braviary|98/100\n|-singleturn|p1a: Braviary|move: Roost\n|move|p2a: Umbreon|Foul Play|p1a: Braviary\n|-supereffective|p1a: Braviary\n|-damage|p1a: Braviary|48/100\n|\n|-heal|p2a: Umbreon|297/297|[from] item: Leftovers\n|upkeep\n|turn|13\n|inactive|Time left: 300 sec this turn | 300 sec total\n|\n|t:|1783560992\n|move|p1a: Braviary|Hurricane|p2a: Umbreon\n|-damage|p2a: Umbreon|161/297\n|move|p2a: Umbreon|Foul Play|p1a: Braviary\n|-supereffective|p1a: Braviary\n|-damage|p1a: Braviary|2/100\n|\n|-heal|p2a: Umbreon|179/297|[from] item: Leftovers\n|upkeep\n|turn|14\n|inactive|Time left: 300 sec this turn | 300 sec total\n|\n|t:|1783560994\n|move|p1a: Braviary|Hurricane|p2a: Umbreon\n|-damage|p2a: Umbreon|17/297\n|-start|p2a: Umbreon|confusion\n|-activate|p2a: Umbreon|confusion\n|move|p2a: Umbreon|Foul Play|p1a: Braviary\n|-supereffective|p1a: Braviary\n|-damage|p1a: Braviary|0 fnt\n|faint|p1a: Braviary\n|\n|-heal|p2a: Umbreon|35/297|[from] item: Leftovers\n|upkeep\n|\n|t:|1783560995\n|switch|p1a: Overqwil|Overqwil, L82, F|100/100\n|-ability|p1a: Overqwil|Intimidate|boost\n|-unboost|p2a: Umbreon|atk|1\n|turn|15\n|inactive|Time left: 300 sec this turn | 300 sec total\n|\n|t:|1783560996\n|switch|p2a: Terrakion|Terrakion, L79|273/273\n|move|p1a: Overqwil|Swords Dance|p1a: Overqwil\n|-boost|p1a: Overqwil|atk|2\n|\n|upkeep\n|turn|16\n|inactive|Time left: 300 sec this turn | 300 sec total\n|\n|t:|1783560997\n|move|p2a: Terrakion|Earthquake|p1a: Overqwil\n|-supereffective|p1a: Overqwil\n|-damage|p1a: Overqwil|25/100\n|move|p1a: Overqwil|Scale Shot|p2a: Terrakion\n|-damage|p2a: Terrakion|232/273\n|-damage|p2a: Terrakion|190/273\n|-damage|p2a: Terrakion|150/273\n|-crit|p2a: Terrakion\n|-damage|p2a: Terrakion|91/273\n|-damage|p2a: Terrakion|53/273\n|-hitcount|p2a: Terrakion|5\n|-unboost|p1a: Overqwil|def|1\n|-boost|p1a: Overqwil|spe|1\n|\n|upkeep\n|turn|17\n|inactive|Time left: 300 sec this turn | 300 sec total\n|\n|t:|1783560998\n|switch|p2a: Umbreon|Umbreon, L84, F|35/297\n|move|p1a: Overqwil|Crunch|p2a: Umbreon\n|-resisted|p2a: Umbreon\n|-damage|p2a: Umbreon|0 fnt\n|faint|p2a: Umbreon\n|\n|upkeep\n|inactive|Time left: 300 sec this turn | 300 sec total | 5 sec grace\n|\n|t:|1783560999\n|switch|p2a: Terrakion|Terrakion, L79|53/273\n|turn|18\n|inactive|Time left: 300 sec this turn | 300 sec total\n|\n|t:|1783561000\n|move|p2a: Terrakion|Quick Attack|p1a: Overqwil\n|-damage|p1a: Overqwil|1/100\n|move|p1a: Overqwil|Crunch|p2a: Terrakion\n|-resisted|p2a: Terrakion\n|-damage|p2a: Terrakion|0 fnt\n|faint|p2a: Terrakion\n|\n|upkeep\n|inactive|Time left: 300 sec this turn | 300 sec total | 5 sec grace\n|\n|t:|1783561001\n|switch|p2a: Toucannon|Toucannon, L88, F|284/284\n|turn|19\n|inactive|Time left: 300 sec this turn | 300 sec total\n|\n|t:|1783561002\n|move|p1a: Overqwil|Gunk Shot|p2a: Toucannon\n|-damage|p2a: Toucannon|4/284\n|move|p2a: Toucannon|Boomburst|p1a: Overqwil\n|-damage|p1a: Overqwil|0 fnt\n|faint|p1a: Overqwil\n|\n|upkeep\n|\n|t:|1783561003\n|switch|p1a: Volcarona|Volcarona, L77, M|100/100\n|turn|20\n|inactive|Time left: 300 sec this turn | 300 sec total\n|\n|t:|1783561004\n|-singleturn|p2a: Toucannon|move: Beak Blast\n|move|p1a: Volcarona|Giga Drain|p2a: Toucannon\n|-resisted|p2a: Toucannon\n|-damage|p2a: Toucannon|0 fnt\n|faint|p2a: Toucannon\n|\n|upkeep\n|inactive|Time left: 300 sec this turn | 300 sec total | 5 sec grace\n|\n|t:|1783561005\n|switch|p2a: Magcargo|Magcargo, L95, M, tera:Dragon|133/268\n|turn|21\n|inactive|Time left: 300 sec this turn | 300 sec total\n|\n|t:|1783561006\n|-terastallize|p1a: Volcarona|Fire\n|move|p1a: Volcarona|Quiver Dance|p1a: Volcarona\n|-boost|p1a: Volcarona|spa|1\n|-boost|p1a: Volcarona|spd|1\n|-boost|p1a: Volcarona|spe|1\n|move|p2a: Magcargo|Power Gem|p1a: Volcarona\n|-supereffective|p1a: Volcarona\n|-damage|p1a: Volcarona|48/100\n|\n|upkeep\n|turn|22\n|inactive|Time left: 300 sec this turn | 300 sec total\n|\n|t:|1783561006\n|move|p1a: Volcarona|Quiver Dance|p1a: Volcarona\n|-boost|p1a: Volcarona|spa|1\n|-boost|p1a: Volcarona|spd|1\n|-boost|p1a: Volcarona|spe|1\n|move|p2a: Magcargo|Power Gem|p1a: Volcarona\n|-supereffective|p1a: Volcarona\n|-damage|p1a: Volcarona|6/100\n|\n|upkeep\n|turn|23\n|inactive|Time left: 300 sec this turn | 300 sec total\n|\n|t:|1783561007\n|move|p1a: Volcarona|Morning Sun|p1a: Volcarona\n|-heal|p1a: Volcarona|56/100\n|move|p2a: Magcargo|Power Gem|p1a: Volcarona\n|-supereffective|p1a: Volcarona\n|-damage|p1a: Volcarona|20/100\n|\n|upkeep\n|turn|24\n|inactive|Time left: 300 sec this turn | 300 sec total\n|\n|t:|1783561008\n|move|p1a: Volcarona|Fire Blast|p2a: Magcargo\n|-resisted|p2a: Magcargo\n|-damage|p2a: Magcargo|0 fnt\n|faint|p2a: Magcargo\n|\n|upkeep\n|inactive|Time left: 300 sec this turn | 300 sec total | 5 sec grace\n|\n|t:|1783561009\n|switch|p2a: Brambleghast|Brambleghast, L88, F|240/240\n|turn|25\n|inactive|Time left: 300 sec this turn | 300 sec total\n|\n|t:|1783561009\n|move|p1a: Volcarona|Fire Blast|p2a: Brambleghast\n|-supereffective|p2a: Brambleghast\n|-damage|p2a: Brambleghast|0 fnt\n|faint|p2a: Brambleghast\n|\n|upkeep\n|inactive|Time left: 300 sec this turn | 300 sec total | 5 sec grace\n|\n|t:|1783561010\n|switch|p2a: Meganium|Meganium, L90, M|290/290\n|turn|26\n|inactive|Time left: 300 sec this turn | 300 sec total\n|\n|t:|1783561011\n|move|p1a: Volcarona|Fire Blast|p2a: Meganium|[miss]\n|-miss|p1a: Volcarona|p2a: Meganium\n|move|p2a: Meganium|Knock Off|p1a: Volcarona\n|-damage|p1a: Volcarona|0 fnt\n|-status|p2a: Meganium|brn|[from] ability: Flame Body|[of] p1a: Volcarona\n|-enditem|p1a: Volcarona|Heavy-Duty Boots|[from] move: Knock Off|[of] p2a: Meganium\n|faint|p1a: Volcarona\n|\n|-damage|p2a: Meganium|272/290 brn|[from] brn\n|upkeep\n|\n|t:|1783561012\n|switch|p1a: Skarmory|Skarmory, L80, F|100/100\n|turn|27\n|inactive|Time left: 300 sec this turn | 300 sec total\n|\n|t:|1783561013\n|move|p2a: Meganium|Swords Dance|p2a: Meganium\n|-boost|p2a: Meganium|atk|2\n|move|p1a: Skarmory|Brave Bird|p2a: Meganium\n|-supereffective|p2a: Meganium\n|-damage|p2a: Meganium|98/290 brn\n|-damage|p1a: Skarmory|76/100|[from] Recoil\n|\n|-heal|p2a: Meganium|116/290 brn|[from] item: Leftovers\n|-damage|p2a: Meganium|98/290 brn|[from] brn\n|upkeep\n|turn|28\n|inactive|Time left: 300 sec this turn | 300 sec total\n|\n|t:|1783561014\n|move|p2a: Meganium|Swords Dance|p2a: Meganium\n|-boost|p2a: Meganium|atk|2\n|move|p1a: Skarmory|Brave Bird|p2a: Meganium\n|-supereffective|p2a: Meganium\n|-damage|p2a: Meganium|0 fnt\n|faint|p2a: Meganium\n|-damage|p1a: Skarmory|63/100|[from] Recoil\n|\n|win|p0x18115e15", "uploadtime": 1783561014, "views": 0, "rating": 0, "private": 0, "password": null, "_winner": "p0x18115e15", "_our_name": "p0y18118e13"}