{"id": "battle-gen9randombattle-1748", "formatid": "gen9randombattle", "format": "[Gen 9] Random Battle", "players": ["p0x1748f0dc", "p0y1748f039"], "log": "|init|battle\n|title|p0x1748f0dc vs. p0y1748f039\n|j|\u2606p0x1748f0dc\n|j|\u2606p0y1748f039\n|t:|1783560200\n|gametype|singles\n|player|p1|p0x1748f0dc|169|\n|player|p2|p0y1748f039|102|\n|gen|9\n|tier|[Gen 9] Random Battle\n|rule|Species Clause: Limit one of each Pok\u00e9mon\n|rule|HP Percentage Mod: HP is shown in percentages\n|rule|Sleep Clause Mod: Limit one foe put to sleep\n|rule|Illusion Level Mod: Illusion disguises the Pok\u00e9mon's true level\n|\n|t:|1783560200\n|teamsize|p1|6\n|teamsize|p2|6\n|start\n|switch|p1a: Morpeko|Morpeko, L88, M|100/100\n|switch|p2a: Vileplume|Vileplume, L85, M|266/266\n|turn|1\n|inactive|Battle timer is ON: inactive players will automatically lose when time's up. (requested by p0x1748f0dc)\n|inactive|Time left: 300 sec this turn | 300 sec total | 60 sec grace\n|inactive|p0y1748f039 also wants the timer to be on.\n|\n|t:|1783560202\n|move|p1a: Morpeko|Aura Wheel|p2a: Vileplume\n|-resisted|p2a: Vileplume\n|-damage|p2a: Vileplume|203/266\n|-boost|p1a: Morpeko|spe|1\n|move|p2a: Vileplume|Sludge Bomb|p1a: Morpeko\n|-damage|p1a: Morpeko|40/100\n|-status|p1a: Morpeko|psn\n|\n|-heal|p1a: Morpeko|46/100 psn|[from] item: Leftovers\n|-heal|p2a: Vileplume|219/266|[from] item: Leftovers\n|-damage|p1a: Morpeko|34/100 psn|[from] psn\n|-formechange|p1a: Morpeko|Morpeko-Hangry||[from] ability: Hunger Switch\n|upkeep\n|turn|2\n|inactive|Time left: 300 sec this turn | 300 sec total\n|\n|t:|1783560203\n|move|p1a: Morpeko|Protect|p1a: Morpeko\n|-singleturn|p1a: Morpeko|Protect\n|move|p2a: Vileplume|Strength Sap|p1a: Morpeko\n|-activate|p1a: Morpeko|move: Protect\n|\n|-heal|p1a: Morpeko|40/100 psn|[from] item: Leftovers\n|-heal|p2a: Vileplume|235/266|[from] item: Leftovers\n|-damage|p1a: Morpeko|28/100 psn|[from] psn\n|-formechange|p1a: Morpeko|Morpeko||[from] ability: Hunger Switch\n|upkeep\n|turn|3\n|inactive|Time left: 300 sec this turn | 300 sec total\n|\n|t:|1783560203\n|move|p1a: Morpeko|Knock Off|p2a: Vileplume\n|-damage|p2a: Vileplume|127/266\n|-enditem|p2a: Vileplume|Leftovers|[from] move: Knock Off|[of] p1a: Morpeko\n|move|p2a: Vileplume|Sludge Bomb|p1a: Morpeko\n|-damage|p1a: Morpeko|0 fnt\n|faint|p1a: Morpeko\n|\n|upkeep\n|\n|t:|1783560204\n|switch|p1a: Drifblim|Drifblim, L86, F|100/100\n|turn|4\n|inactive|Time left: 300 sec this turn | 300 sec total\n|\n|t:|1783560205\n|-terastallize|p2a: Vileplume|Water\n|move|p1a: Drifblim|Air Slash|p2a: Vileplume\n|-damage|p2a: Vileplume|49/266\n|move|p2a: Vileplume|Strength Sap|p1a: Drifblim\n|-unboost|p1a: Drifblim|atk|1\n|-heal|p2a: Vileplume|191/266\n|\n|upkeep\n|turn|5\n|inactive|Time left: 300 sec this turn | 300 sec total\n|\n|t:|1783560206\n|move|p1a: Drifblim|Air Slash|p2a: Vileplume\n|-damage|p2a: Vileplume|109/266\n|cant|p2a: Vileplume|flinch\n|\n|upkeep\n|turn|6\n|inactive|Time left: 300 sec this turn | 300 sec total\n|\n|t:|1783560207\n|move|p1a: Drifblim|Calm Mind|p1a: Drifblim\n|-boost|p1a: Drifblim|spa|1\n|-boost|p1a: Drifblim|spd|1\n|move|p2a: Vileplume|Strength Sap|p1a: Drifblim\n|-unboost|p1a: Drifblim|atk|1\n|-heal|p2a: Vileplume|203/266\n|\n|upkeep\n|turn|7\n|inactive|Time left: 300 sec this turn | 300 sec total\n|\n|t:|1783560208\n|move|p1a: Drifblim|Air Slash|p2a: Vileplume\n|-damage|p2a: Vileplume|83/266\n|move|p2a: Vileplume|Leech Seed|p1a: Drifblim\n|-start|p1a: Drifblim|move: Leech Seed\n|\n|-damage|p1a: Drifblim|88/100|[from] Leech Seed|[of] p2a: Vileplume\n|-heal|p2a: Vileplume|132/266|[silent]\n|upkeep\n|turn|8\n|inactive|Time left: 300 sec this turn | 300 sec total\n|\n|t:|1783560209\n|move|p1a: Drifblim|Shadow Ball|p2a: Vileplume\n|-damage|p2a: Vileplume|0 fnt\n|faint|p2a: Vileplume\n|\n|upkeep\n|inactive|Time left: 300 sec this turn | 300 sec total | 5 sec grace\n|\n|t:|1783560210\n|switch|p2a: Ambipom|Ambipom, L84, M|263/263\n|turn|9\n|inactive|Time left: 300 sec this turn | 300 sec total\n|\n|t:|1783560211\n|switch|p1a: Avalugg|Avalugg, L88, F|100/100\n|move|p2a: Ambipom|Knock Off|p1a: Avalugg\n|-damage|p1a: Avalugg|88/100\n|-enditem|p1a: Avalugg|Heavy-Duty Boots|[from] move: Knock Off|[of] p2a: Ambipom\n|\n|upkeep\n|turn|10\n|inactive|Time left: 300 sec this turn | 300 sec total\n|\n|t:|1783560212\n|switch|p2a: Dragapult|Dragapult, L77, F|262/262\n|move|p1a: Avalugg|Body Press|p2a: Dragapult\n|-immune|p2a: Dragapult\n|\n|upkeep\n|turn|11\n|inactive|Time left: 300 sec this turn | 300 sec total\n|\n|t:|1783560213\n|move|p2a: Dragapult|Fire Blast|p1a: Avalugg\n|-supereffective|p1a: Avalugg\n|-damage|p1a: Avalugg|0 fnt\n|faint|p1a: Avalugg\n|\n|upkeep\n|\n|t:|1783560214\n|switch|p1a: Drifblim|Drifblim, L86, F|88/100\n|turn|12\n|inactive|Time left: 300 sec this turn | 300 sec total\n|\n|t:|1783560215\n|switch|p2a: Cryogonal|Cryogonal, L89|287/287\n|move|p1a: Drifblim|Calm Mind|p1a: Drifblim\n|-boost|p1a: Drifblim|spa|1\n|-boost|p1a: Drifblim|spd|1\n|\n|upkeep\n|turn|13\n|inactive|Time left: 300 sec this turn | 300 sec total\n|\n|t:|1783560216\n|move|p2a: Cryogonal|Freeze-Dry|p1a: Drifblim\n|-supereffective|p1a: Drifblim\n|-damage|p1a: Drifblim|48/100\n|-enditem|p1a: Drifblim|Sitrus Berry|[eat]\n|-heal|p1a: Drifblim|73/100|[from] item: Sitrus Berry\n|move|p1a: Drifblim|Calm Mind|p1a: Drifblim\n|-boost|p1a: Drifblim|spa|1\n|-boost|p1a: Drifblim|spd|1\n|\n|upkeep\n|turn|14\n|inactive|Time left: 300 sec this turn | 300 sec total\n|\n|t:|1783560217\n|move|p1a: Drifblim|Air Slash|p2a: Cryogonal\n|-damage|p2a: Cryogonal|181/287\n|move|p2a: Cryogonal|Haze|p2a: Cryogonal\n|-clearallboost\n|\n|upkeep\n|turn|15\n|inactive|Time left: 300 sec this turn | 300 sec total\n|\n|t:|1783560218\n|move|p1a: Drifblim|Calm Mind|p1a: Drifblim\n|-boost|p1a: Drifblim|spa|1\n|-boost|p1a: Drifblim|spd|1\n|move|p2a: Cryogonal|Freeze-Dry|p1a: Drifblim\n|-supereffective|p1a: Drifblim\n|-damage|p1a: Drifblim|33/100\n|\n|upkeep\n|turn|16\n|inactive|Time left: 300 sec this turn | 300 sec total\n|\n|t:|1783560219\n|move|p1a: Drifblim|Strength Sap|p2a: Cryogonal\n|-unboost|p2a: Cryogonal|atk|1\n|-heal|p1a: Drifblim|69/100\n|move|p2a: Cryogonal|Freeze-Dry|p1a: Drifblim\n|-supereffective|p1a: Drifblim\n|-damage|p1a: Drifblim|32/100\n|\n|upkeep\n|turn|17\n|inactive|Time left: 300 sec this turn | 300 sec total\n|\n|t:|1783560220\n|move|p1a: Drifblim|Air Slash|p2a: Cryogonal\n|-damage|p2a: Cryogonal|106/287\n|cant|p2a: Cryogonal|flinch\n|\n|upkeep\n|turn|18\n|inactive|Time left: 300 sec this turn | 300 sec total\n|\n|t:|1783560221\n|move|p1a: Drifblim|Air Slash|p2a: Cryogonal\n|-damage|p2a: Cryogonal|33/287\n|cant|p2a: Cryogonal|flinch\n|\n|upkeep\n|turn|19\n|inactive|Time left: 300 sec this turn | 300 sec total\n|\n|t:|1783560222\n|move|p1a: Drifblim|Air Slash|p2a: Cryogonal\n|-damage|p2a: Cryogonal|0 fnt\n|faint|p2a: Cryogonal\n|\n|upkeep\n|inactive|Time left: 300 sec this turn | 300 sec total | 5 sec grace\n|\n|t:|1783560222\n|switch|p2a: Ambipom|Ambipom, L84, M|263/263\n|turn|20\n|inactive|Time left: 300 sec this turn | 300 sec total\n|\n|t:|1783560223\n|move|p1a: Drifblim|Strength Sap|p2a: Ambipom\n|-unboost|p2a: Ambipom|atk|1\n|-heal|p1a: Drifblim|87/100\n|move|p2a: Ambipom|Knock Off|p1a: Drifblim\n|-supereffective|p1a: Drifblim\n|-damage|p1a: Drifblim|63/100\n|\n|upkeep\n|turn|21\n|inactive|Time left: 300 sec this turn | 300 sec total\n|\n|t:|1783560224\n|move|p1a: Drifblim|Air Slash|p2a: Ambipom|[miss]\n|-miss|p1a: Drifblim|p2a: Ambipom\n|move|p2a: Ambipom|Knock Off|p1a: Drifblim\n|-supereffective|p1a: Drifblim\n|-damage|p1a: Drifblim|40/100\n|\n|upkeep\n|turn|22\n|inactive|Time left: 300 sec this turn | 300 sec total\n|\n|t:|1783560225\n|move|p1a: Drifblim|Air Slash|p2a: Ambipom\n|-damage|p2a: Ambipom|127/263\n|move|p2a: Ambipom|Knock Off|p1a: Drifblim\n|-supereffective|p1a: Drifblim\n|-damage|p1a: Drifblim|14/100\n|\n|upkeep\n|turn|23\n|inactive|Time left: 300 sec this turn | 300 sec total\n|\n|t:|1783560226\n|move|p1a: Drifblim|Air Slash|p2a: Ambipom\n|-damage|p2a: Ambipom|0 fnt\n|faint|p2a: Ambipom\n|\n|upkeep\n|inactive|Time left: 300 sec this turn | 300 sec total | 5 sec grace\n|\n|t:|1783560227\n|switch|p2a: Luvdisc|Luvdisc, F|247/247\n|turn|24\n|inactive|Time left: 300 sec this turn | 300 sec total\n|\n|t:|1783560228\n|move|p1a: Drifblim|Strength Sap|p2a: Luvdisc\n|-unboost|p2a: Luvdisc|atk|1\n|-heal|p1a: Drifblim|31/100\n|move|p2a: Luvdisc|Whirlpool|p1a: Drifblim\n|-damage|p1a: Drifblim|23/100\n|-activate|p1a: Drifblim|move: Whirlpool|[of] p2a: Luvdisc\n|\n|-damage|p1a: Drifblim|11/100|[from] move: Whirlpool|[partiallytrapped]\n|upkeep\n|turn|25\n|inactive|Time left: 300 sec this turn | 300 sec total\n|\n|t:|1783560229\n|move|p1a: Drifblim|Strength Sap|p2a: Luvdisc\n|-unboost|p2a: Luvdisc|atk|1\n|-heal|p1a: Drifblim|22/100\n|move|p2a: Luvdisc|Surf|p1a: Drifblim\n|-damage|p1a: Drifblim|5/100\n|\n|-damage|p1a: Drifblim|0 fnt|[from] move: Whirlpool|[partiallytrapped]\n|faint|p1a: Drifblim\n|upkeep\n|\n|t:|1783560230\n|switch|p1a: Rotom|Rotom-Mow, L87|100/100\n|turn|26\n|inactive|Time left: 300 sec this turn | 300 sec total\n|\n|t:|1783560231\n|switch|p2a: Dragapult|Dragapult, L77, F|262/262\n|move|p1a: Rotom|Nasty Plot|p1a: Rotom\n|-boost|p1a: Rotom|spa|2\n|\n|upkeep\n|turn|27\n|inactive|Time left: 300 sec this turn | 300 sec total\n|\n|t:|1783560232\n|-terastallize|p1a: Rotom|Electric\n|move|p2a: Dragapult|Fire Blast|p1a: Rotom\n|-damage|p1a: Rotom|65/100\n|move|p1a: Rotom|Thunderbolt|p2a: Dragapult\n|-resisted|p2a: Dragapult\n|-damage|p2a: Dragapult|81/262\n|\n|-heal|p1a: Rotom|71/100|[from] item: Leftovers\n|upkeep\n|turn|28\n|inactive|Time left: 300 sec this turn | 300 sec total\n|\n|t:|1783560233\n|move|p2a: Dragapult|Fire Blast|p1a: Rotom\n|-damage|p1a: Rotom|32/100\n|move|p1a: Rotom|Thunderbolt|p2a: Dragapult\n|-resisted|p2a: Dragapult\n|-damage|p2a: Dragapult|0 fnt\n|faint|p2a: Dragapult\n|\n|-heal|p1a: Rotom|38/100|[from] item: Leftovers\n|upkeep\n|inactive|Time left: 300 sec this turn | 300 sec total | 5 sec grace\n|\n|t:|1783560234\n|switch|p2a: Chesnaught|Chesnaught, L84, M|285/285\n|turn|29\n|inactive|Time left: 300 sec this turn | 300 sec total\n|\n|t:|1783560235\n|move|p1a: Rotom|Will-O-Wisp|p2a: Chesnaught\n|-status|p2a: Chesnaught|brn\n|move|p2a: Chesnaught|Trailblaze|p1a: Rotom\n|-damage|p1a: Rotom|28/100\n|-boost|p2a: Chesnaught|spe|1\n|\n|-heal|p1a: Rotom|34/100|[from] item: Leftovers\n|-damage|p2a: Chesnaught|268/285 brn|[from] brn\n|upkeep\n|turn|30\n|inactive|Time left: 300 sec this turn | 300 sec total\n|\n|t:|1783560236\n|move|p2a: Chesnaught|Body Press|p1a: Rotom\n|-damage|p1a: Rotom|14/100\n|move|p1a: Rotom|Thunderbolt|p2a: Chesnaught\n|-resisted|p2a: Chesnaught\n|-damage|p2a: Chesnaught|98/285 brn\n|\n|-heal|p2a: Chesnaught|115/285 brn|[from] item: Leftovers\n|-heal|p1a: Rotom|20/100|[from] item: Leftovers\n|-damage|p2a: Chesnaught|98/285 brn|[from] brn\n|upkeep\n|turn|31\n|inactive|Time left: 300 sec this turn | 300 sec total\n|\n|t:|1783560237\n|move|p2a: Chesnaught|Body Press|p1a: Rotom\n|-damage|p1a: Rotom|1/100\n|move|p1a: Rotom|Thunderbolt|p2a: Chesnaught\n|-resisted|p2a: Chesnaught\n|-damage|p2a: Chesnaught|0 fnt\n|faint|p2a: Chesnaught\n|\n|-heal|p1a: Rotom|7/100|[from] item: Leftovers\n|upkeep\n|inactive|Time left: 300 sec this turn | 300 sec total | 5 sec grace\n|\n|t:|1783560238\n|switch|p2a: Luvdisc|Luvdisc, F|247/247\n|turn|32\n|inactive|Time left: 300 sec this turn | 300 sec total\n|\n|t:|1783560239\n|switch|p1a: Noivern|Noivern, L82, M, shiny|100/100\n|move|p2a: Luvdisc|Substitute|p2a: Luvdisc\n|-start|p2a: Luvdisc|Substitute\n|-damage|p2a: Luvdisc|186/247\n|\n|upkeep\n|turn|33\n|inactive|Time left: 300 sec this turn | 300 sec total\n|\n|t:|1783560240\n|move|p2a: Luvdisc|Whirlpool|p1a: Noivern\n|-resisted|p1a: Noivern\n|-damage|p1a: Noivern|95/100\n|-activate|p1a: Noivern|move: Whirlpool|[of] p2a: Luvdisc\n|move|p1a: Noivern|Draco Meteor|p2a: Luvdisc\n|-damage|p2a: Luvdisc|56/247\n|-unboost|p1a: Noivern|spa|2\n|\n|-damage|p1a: Noivern|82/100|[from] move: Whirlpool|[partiallytrapped]\n|upkeep\n|turn|34\n|inactive|Time left: 300 sec this turn | 300 sec total\n|\n|t:|1783560241\n|move|p2a: Luvdisc|Endeavor|p1a: Noivern\n|-damage|p1a: Noivern|21/100\n|move|p1a: Noivern|Draco Meteor|p2a: Luvdisc\n|-crit|p2a: Luvdisc\n|-damage|p2a: Luvdisc|0 fnt\n|-unboost|p1a: Noivern|spa|2\n|faint|p2a: Luvdisc\n|\n|win|p0x1748f0dc", "uploadtime": 1783560241, "views": 0, "rating": 0, "private": 0, "password": null, "_winner": "p0x1748f0dc", "_our_name": "p0y1748f039"}