{"id": "battle-gen9randombattle-147", "formatid": "gen9randombattle", "format": "[Gen 9] Random Battle", "players": ["p0x14746f4", "p0y147a2fc"], "log": "|init|battle\n|title|p0x14746f4 vs. p0y147a2fc\n|j|\u2606p0x14746f4\n|j|\u2606p0y147a2fc\n|t:|1783535438\n|gametype|singles\n|player|p1|p0x14746f4|2|\n|player|p2|p0y147a2fc|169|\n|gen|9\n|tier|[Gen 9] Random Battle\n|rule|Species Clause: Limit one of each Pok\u00e9mon\n|rule|HP Percentage Mod: HP is shown in percentages\n|rule|Sleep Clause Mod: Limit one foe put to sleep\n|rule|Illusion Level Mod: Illusion disguises the Pok\u00e9mon's true level\n|\n|t:|1783535438\n|teamsize|p1|6\n|teamsize|p2|6\n|start\n|switch|p1a: Sandaconda|Sandaconda, L84, M|258/258\n|switch|p2a: Dugtrio|Dugtrio-Alola, L84, F|100/100\n|turn|1\n|inactive|Battle timer is ON: inactive players will automatically lose when time's up. (requested by p0y147a2fc)\n|inactive|Time left: 300 sec this turn | 300 sec total | 60 sec grace\n|inactive|p0x14746f4 also wants the timer to be on.\n|\n|t:|1783535440\n|switch|p2a: Azumarill|Azumarill, L82, F|100/100\n|move|p1a: Sandaconda|Earthquake|p2a: Azumarill\n|-damage|p2a: Azumarill|55/100\n|\n|upkeep\n|turn|2\n|inactive|Time left: 300 sec this turn | 300 sec total\n|\n|t:|1783535441\n|move|p1a: Sandaconda|Earthquake|p2a: Azumarill\n|-damage|p2a: Azumarill|16/100\n|move|p2a: Azumarill|Liquidation|p1a: Sandaconda\n|-supereffective|p1a: Sandaconda\n|-damage|p1a: Sandaconda|22/258\n|\n|-heal|p1a: Sandaconda|38/258|[from] item: Leftovers\n|upkeep\n|turn|3\n|inactive|Time left: 300 sec this turn | 300 sec total\n|\n|t:|1783535442\n|move|p1a: Sandaconda|Earthquake|p2a: Azumarill\n|-damage|p2a: Azumarill|0 fnt\n|faint|p2a: Azumarill\n|\n|-heal|p1a: Sandaconda|54/258|[from] item: Leftovers\n|upkeep\n|\n|t:|1783535443\n|switch|p2a: Ambipom|Ambipom, L84, F|100/100\n|turn|4\n|inactive|Time left: 300 sec this turn | 300 sec total\n|\n|t:|1783535444\n|switch|p1a: Krookodile|Krookodile, L79, F|280/280\n|-ability|p1a: Krookodile|Intimidate|boost\n|-unboost|p2a: Ambipom|atk|1\n|move|p2a: Ambipom|Triple Axel|p1a: Krookodile\n|-supereffective|p1a: Krookodile\n|-crit|p1a: Krookodile\n|-damage|p1a: Krookodile|168/280\n|-supereffective|p1a: Krookodile\n|-damage|p1a: Krookodile|64/280\n|-supereffective|p1a: Krookodile\n|-damage|p1a: Krookodile|0 fnt\n|faint|p1a: Krookodile\n|-hitcount|p1: Krookodile|3\n|\n|upkeep\n|inactive|Time left: 300 sec this turn | 300 sec total | 5 sec grace\n|\n|t:|1783535445\n|switch|p1a: Grumpig|Grumpig, L92, F|297/297\n|turn|5\n|inactive|Time left: 300 sec this turn | 300 sec total\n|\n|t:|1783535446\n|switch|p2a: Skarmory|Skarmory, L80, F|100/100\n|move|p1a: Grumpig|Nasty Plot|p1a: Grumpig\n|-boost|p1a: Grumpig|spa|2\n|\n|upkeep\n|turn|6\n|inactive|Time left: 300 sec this turn | 300 sec total\n|\n|t:|1783535447\n|move|p1a: Grumpig|Shadow Ball|p2a: Skarmory\n|-damage|p2a: Skarmory|33/100\n|move|p2a: Skarmory|Brave Bird|p1a: Grumpig\n|-damage|p1a: Grumpig|185/297\n|-damage|p2a: Skarmory|18/100|[from] Recoil\n|\n|-heal|p1a: Grumpig|203/297|[from] item: Leftovers\n|upkeep\n|turn|7\n|inactive|Time left: 300 sec this turn | 300 sec total\n|\n|t:|1783535449\n|move|p1a: Grumpig|Psyshock|p2a: Skarmory\n|-resisted|p2a: Skarmory\n|-damage|p2a: Skarmory|0 fnt\n|faint|p2a: Skarmory\n|\n|-heal|p1a: Grumpig|221/297|[from] item: Leftovers\n|upkeep\n|\n|t:|1783535450\n|switch|p2a: Ambipom|Ambipom, L84, F|100/100\n|turn|8\n|inactive|Time left: 300 sec this turn | 300 sec total\n|\n|t:|1783535451\n|move|p2a: Ambipom|Double-Edge|p1a: Grumpig\n|-damage|p1a: Grumpig|5/297\n|-damage|p2a: Ambipom|74/100|[from] Recoil\n|move|p1a: Grumpig|Psyshock|p2a: Ambipom\n|-damage|p2a: Ambipom|0 fnt\n|faint|p2a: Ambipom\n|\n|-heal|p1a: Grumpig|23/297|[from] item: Leftovers\n|upkeep\n|\n|t:|1783535452\n|switch|p2a: Volcanion|Volcanion, L79|100/100\n|turn|9\n|inactive|Time left: 300 sec this turn | 300 sec total\n|\n|t:|1783535453\n|move|p2a: Volcanion|Flamethrower|p1a: Grumpig\n|-damage|p1a: Grumpig|0 fnt\n|faint|p1a: Grumpig\n|\n|upkeep\n|inactive|Time left: 300 sec this turn | 300 sec total | 5 sec grace\n|\n|t:|1783535454\n|switch|p1a: Wugtrio|Wugtrio, L91, M|212/212\n|turn|10\n|inactive|Time left: 300 sec this turn | 300 sec total\n|\n|t:|1783535455\n|move|p1a: Wugtrio|Stomping Tantrum|p2a: Volcanion\n|-supereffective|p2a: Volcanion\n|-damage|p2a: Volcanion|32/100\n|move|p2a: Volcanion|Flamethrower|p1a: Wugtrio\n|-resisted|p1a: Wugtrio\n|-damage|p1a: Wugtrio|155/212\n|\n|upkeep\n|turn|11\n|inactive|Time left: 300 sec this turn | 300 sec total\n|\n|t:|1783535456\n|switch|p2a: Cinccino|Cinccino, L83, M|100/100\n|move|p1a: Wugtrio|Stomping Tantrum|p2a: Cinccino\n|-damage|p2a: Cinccino|48/100\n|\n|upkeep\n|turn|12\n|inactive|Time left: 300 sec this turn | 300 sec total\n|\n|t:|1783535457\n|-terastallize|p2a: Cinccino|Grass\n|move|p1a: Wugtrio|Stomping Tantrum|p2a: Cinccino\n|-resisted|p2a: Cinccino\n|-damage|p2a: Cinccino|24/100\n|move|p2a: Cinccino|Bullet Seed|p1a: Wugtrio\n|-supereffective|p1a: Wugtrio\n|-crit|p1a: Wugtrio\n|-damage|p1a: Wugtrio|0 fnt\n|faint|p1a: Wugtrio\n|-hitcount|p1: Wugtrio|1\n|\n|upkeep\n|inactive|Time left: 300 sec this turn | 300 sec total | 5 sec grace\n|\n|t:|1783535458\n|switch|p1a: Cyclizar|Cyclizar, L84, M|255/255\n|turn|13\n|inactive|Time left: 300 sec this turn | 300 sec total\n|\n|t:|1783535459\n|switch|p2a: Dugtrio|Dugtrio-Alola, L84, F|100/100\n|move|p1a: Cyclizar|Rapid Spin|p2a: Dugtrio\n|-resisted|p2a: Dugtrio\n|-damage|p2a: Dugtrio|84/100\n|-boost|p1a: Cyclizar|spe|1\n|-ability|p2a: Dugtrio|Tangling Hair\n|-unboost|p1a: Cyclizar|spe|1\n|\n|upkeep\n|turn|14\n|inactive|Time left: 300 sec this turn | 300 sec total\n|\n|t:|1783535460\n|move|p1a: Cyclizar|Shed Tail|p1a: Cyclizar\n|-start|p1a: Cyclizar|Substitute|[from] move: Shed Tail\n|-damage|p1a: Cyclizar|127/255\n|inactive|Time left: 300 sec this turn | 300 sec total | 5 sec grace\n|\n|t:|1783535461\n|switch|p1a: Banette|Banette, L93, F|270/270|[from] Shed Tail\n|move|p2a: Dugtrio|Earthquake|p1a: Banette\n|-end|p1a: Banette|Substitute\n|-damage|p2a: Dugtrio|74/100|[from] item: Life Orb\n|\n|upkeep\n|turn|15\n|inactive|Time left: 300 sec this turn | 300 sec total\n|\n|t:|1783535462\n|move|p2a: Dugtrio|Earthquake|p1a: Banette\n|-damage|p1a: Banette|98/270\n|-damage|p2a: Dugtrio|64/100|[from] item: Life Orb\n|move|p1a: Banette|Poltergeist|p2a: Dugtrio|[miss]\n|-miss|p1a: Banette|p2a: Dugtrio\n|\n|upkeep\n|turn|16\n|inactive|Time left: 300 sec this turn | 300 sec total\n|\n|t:|1783535463\n|move|p2a: Dugtrio|Sucker Punch|p1a: Banette\n|-supereffective|p1a: Banette\n|-damage|p1a: Banette|0 fnt\n|faint|p1a: Banette\n|-damage|p2a: Dugtrio|55/100|[from] item: Life Orb\n|\n|upkeep\n|inactive|Time left: 300 sec this turn | 300 sec total | 5 sec grace\n|\n|t:|1783535464\n|switch|p1a: Cyclizar|Cyclizar, L84, M|212/255\n|turn|17\n|inactive|Time left: 300 sec this turn | 300 sec total\n|\n|t:|1783535464\n|-terastallize|p1a: Cyclizar|Dragon\n|move|p1a: Cyclizar|Draco Meteor|p2a: Dugtrio\n|-resisted|p2a: Dugtrio\n|-damage|p2a: Dugtrio|4/100\n|-unboost|p1a: Cyclizar|spa|2\n|move|p2a: Dugtrio|Earthquake|p1a: Cyclizar\n|-damage|p1a: Cyclizar|43/255\n|-damage|p2a: Dugtrio|0 fnt|[from] item: Life Orb\n|faint|p2a: Dugtrio\n|\n|upkeep\n|\n|t:|1783535465\n|switch|p2a: Volcanion|Volcanion, L79|32/100\n|turn|18\n|inactive|Time left: 300 sec this turn | 300 sec total\n|\n|t:|1783535466\n|move|p1a: Cyclizar|Draco Meteor|p2a: Volcanion\n|-damage|p2a: Volcanion|0 fnt\n|-unboost|p1a: Cyclizar|spa|2\n|faint|p2a: Volcanion\n|\n|upkeep\n|\n|t:|1783535467\n|switch|p2a: Cinccino|Cinccino, L83, M, tera:Grass|24/100\n|turn|19\n|inactive|Time left: 300 sec this turn | 300 sec total\n|\n|t:|1783535468\n|move|p1a: Cyclizar|Rapid Spin|p2a: Cinccino\n|-damage|p2a: Cinccino|0 fnt\n|-boost|p1a: Cyclizar|spe|1\n|faint|p2a: Cinccino\n|\n|win|p0x14746f4", "uploadtime": 1783535468, "views": 0, "rating": 0, "private": 0, "password": null, "_winner": "p0x14746f4", "_our_name": "p0x14746f4"}