{"id": "battle-gen9randombattle-1856", "formatid": "gen9randombattle", "format": "[Gen 9] Random Battle", "players": ["p0x1856af17", "p0y18567ddf"], "log": "|init|battle\n|title|p0x1856af17 vs. p0y18567ddf\n|j|\u2606p0x1856af17\n|j|\u2606p0y18567ddf\n|t:|1783561493\n|gametype|singles\n|player|p1|p0x1856af17|169|\n|player|p2|p0y18567ddf|266|\n|gen|9\n|tier|[Gen 9] Random Battle\n|rule|Species Clause: Limit one of each Pok\u00e9mon\n|rule|HP Percentage Mod: HP is shown in percentages\n|rule|Sleep Clause Mod: Limit one foe put to sleep\n|rule|Illusion Level Mod: Illusion disguises the Pok\u00e9mon's true level\n|\n|t:|1783561493\n|teamsize|p1|6\n|teamsize|p2|6\n|start\n|switch|p1a: Flygon|Flygon, L82, F|265/265\n|switch|p2a: Yanmega|Yanmega, L82, F|100/100\n|turn|1\n|inactive|Battle timer is ON: inactive players will automatically lose when time's up. (requested by p0y18567ddf)\n|inactive|Time left: 300 sec this turn | 300 sec total | 60 sec grace\n|inactive|p0x1856af17 also wants the timer to be on.\n|\n|t:|1783561495\n|move|p2a: Yanmega|Protect|p2a: Yanmega\n|-singleturn|p2a: Yanmega|Protect\n|move|p1a: Flygon|Stone Edge|p2a: Yanmega\n|-activate|p2a: Yanmega|move: Protect\n|\n|-ability|p2a: Yanmega|Speed Boost|boost\n|-boost|p2a: Yanmega|spe|1\n|upkeep\n|turn|2\n|inactive|Time left: 300 sec this turn | 300 sec total\n|\n|t:|1783561496\n|-terastallize|p2a: Yanmega|Ground\n|move|p2a: Yanmega|Bug Buzz|p1a: Flygon\n|-damage|p1a: Flygon|157/265\n|-unboost|p1a: Flygon|spd|1\n|move|p1a: Flygon|Stone Edge|p2a: Yanmega\n|-resisted|p2a: Yanmega\n|-damage|p2a: Yanmega|87/100\n|\n|-ability|p2a: Yanmega|Speed Boost|boost\n|-boost|p2a: Yanmega|spe|1\n|upkeep\n|turn|3\n|inactive|Time left: 300 sec this turn | 300 sec total\n|\n|t:|1783561497\n|switch|p1a: Drifblim|Drifblim, L86, M|396/396\n|move|p2a: Yanmega|Bug Buzz|p1a: Drifblim\n|-resisted|p1a: Drifblim\n|-damage|p1a: Drifblim|360/396\n|\n|-ability|p2a: Yanmega|Speed Boost|boost\n|-boost|p2a: Yanmega|spe|1\n|upkeep\n|turn|4\n|inactive|Time left: 300 sec this turn | 300 sec total\n|\n|t:|1783561498\n|move|p2a: Yanmega|Air Slash|p1a: Drifblim\n|-damage|p1a: Drifblim|242/396\n|cant|p1a: Drifblim|flinch\n|\n|-ability|p2a: Yanmega|Speed Boost|boost\n|-boost|p2a: Yanmega|spe|1\n|upkeep\n|turn|5\n|inactive|Time left: 300 sec this turn | 300 sec total\n|\n|t:|1783561499\n|move|p2a: Yanmega|Air Slash|p1a: Drifblim\n|-damage|p1a: Drifblim|118/396\n|-enditem|p1a: Drifblim|Sitrus Berry|[eat]\n|-heal|p1a: Drifblim|217/396|[from] item: Sitrus Berry\n|move|p1a: Drifblim|Calm Mind|p1a: Drifblim\n|-boost|p1a: Drifblim|spa|1\n|-boost|p1a: Drifblim|spd|1\n|\n|-ability|p2a: Yanmega|Speed Boost|boost\n|-boost|p2a: Yanmega|spe|1\n|upkeep\n|turn|6\n|inactive|Time left: 300 sec this turn | 300 sec total\n|\n|t:|1783561500\n|move|p2a: Yanmega|Air Slash|p1a: Drifblim\n|-damage|p1a: Drifblim|133/396\n|move|p1a: Drifblim|Air Slash|p2a: Yanmega\n|-damage|p2a: Yanmega|30/100\n|\n|-ability|p2a: Yanmega|Speed Boost|boost\n|-boost|p2a: Yanmega|spe|1\n|upkeep\n|turn|7\n|inactive|Time left: 300 sec this turn | 300 sec total\n|\n|t:|1783561501\n|move|p2a: Yanmega|Protect|p2a: Yanmega\n|-singleturn|p2a: Yanmega|Protect\n|move|p1a: Drifblim|Air Slash|p2a: Yanmega\n|-activate|p2a: Yanmega|move: Protect\n|\n|upkeep\n|turn|8\n|inactive|Time left: 300 sec this turn | 300 sec total\n|\n|t:|1783561502\n|move|p2a: Yanmega|Air Slash|p1a: Drifblim\n|-damage|p1a: Drifblim|55/396\n|move|p1a: Drifblim|Air Slash|p2a: Yanmega\n|-damage|p2a: Yanmega|0 fnt\n|faint|p2a: Yanmega\n|\n|upkeep\n|\n|t:|1783561503\n|switch|p2a: Magnezone|Magnezone, L85|100/100\n|turn|9\n|inactive|Time left: 300 sec this turn | 300 sec total\n|\n|t:|1783561504\n|move|p1a: Drifblim|Strength Sap|p2a: Magnezone\n|-unboost|p2a: Magnezone|atk|1\n|-heal|p1a: Drifblim|179/396\n|move|p2a: Magnezone|Thunderbolt|p1a: Drifblim\n|-supereffective|p1a: Drifblim\n|-damage|p1a: Drifblim|0 fnt\n|faint|p1a: Drifblim\n|\n|upkeep\n|inactive|Time left: 300 sec this turn | 300 sec total | 5 sec grace\n|\n|t:|1783561505\n|switch|p1a: Gallade|Gallade, L80, M|240/240\n|turn|10\n|inactive|Time left: 300 sec this turn | 300 sec total\n|\n|t:|1783561506\n|switch|p2a: Rayquaza|Rayquaza, L72|100/100\n|-ability|p2a: Rayquaza|Air Lock\n|move|p1a: Gallade|Sacred Sword|p2a: Rayquaza\n|-resisted|p2a: Rayquaza\n|-damage|p2a: Rayquaza|57/100\n|-damage|p1a: Gallade|216/240|[from] item: Life Orb\n|\n|upkeep\n|turn|11\n|inactive|Time left: 300 sec this turn | 300 sec total\n|\n|t:|1783561507\n|switch|p1a: Espathra|Espathra, L80, M|283/283\n|move|p2a: Rayquaza|Dragon Ascent|p1a: Espathra\n|-damage|p1a: Espathra|10/283\n|-unboost|p2a: Rayquaza|def|1\n|-unboost|p2a: Rayquaza|spd|1\n|\n|-heal|p1a: Espathra|27/283|[from] item: Leftovers\n|upkeep\n|turn|12\n|inactive|Time left: 300 sec this turn | 300 sec total\n|\n|t:|1783561508\n|switch|p2a: Magnezone|Magnezone, L85|100/100\n|move|p1a: Espathra|Dazzling Gleam|p2a: Magnezone\n|-resisted|p2a: Magnezone\n|-damage|p2a: Magnezone|90/100\n|\n|-heal|p1a: Espathra|44/283|[from] item: Leftovers\n|-heal|p2a: Magnezone|96/100|[from] item: Leftovers\n|-ability|p1a: Espathra|Speed Boost|boost\n|-boost|p1a: Espathra|spe|1\n|upkeep\n|turn|13\n|inactive|Time left: 300 sec this turn | 300 sec total\n|\n|t:|1783561509\n|switch|p1a: Sandy Shocks|Sandy Shocks, L80|267/267\n|move|p2a: Magnezone|Flash Cannon|p1a: Sandy Shocks\n|-resisted|p1a: Sandy Shocks\n|-damage|p1a: Sandy Shocks|194/267\n|\n|-heal|p2a: Magnezone|100/100|[from] item: Leftovers\n|upkeep\n|turn|14\n|inactive|Time left: 300 sec this turn | 300 sec total\n|\n|t:|1783561510\n|switch|p2a: Rayquaza|Rayquaza, L72|57/100\n|-ability|p2a: Rayquaza|Air Lock\n|move|p1a: Sandy Shocks|Earth Power|p2a: Rayquaza\n|-immune|p2a: Rayquaza\n|\n|upkeep\n|turn|15\n|inactive|Time left: 300 sec this turn | 300 sec total\n|\n|t:|1783561511\n|move|p1a: Sandy Shocks|Thunderbolt|p2a: Rayquaza\n|-damage|p2a: Rayquaza|13/100\n|move|p2a: Rayquaza|Earthquake|p1a: Sandy Shocks\n|-supereffective|p1a: Sandy Shocks\n|-damage|p1a: Sandy Shocks|0 fnt\n|faint|p1a: Sandy Shocks\n|-end|p1a: Sandy Shocks|Protosynthesis|[silent]\n|\n|upkeep\n|inactive|Time left: 300 sec this turn | 300 sec total | 5 sec grace\n|\n|t:|1783561512\n|switch|p1a: Flygon|Flygon, L82, F|157/265\n|turn|16\n|inactive|Time left: 300 sec this turn | 300 sec total\n|\n|t:|1783561513\n|switch|p2a: Umbreon|Umbreon, L84, F|100/100\n|move|p1a: Flygon|Stone Edge|p2a: Umbreon\n|-damage|p2a: Umbreon|82/100\n|\n|-heal|p2a: Umbreon|88/100|[from] item: Leftovers\n|upkeep\n|turn|17\n|inactive|Time left: 300 sec this turn | 300 sec total\n|\n|t:|1783561514\n|move|p1a: Flygon|Earthquake|p2a: Umbreon\n|-damage|p2a: Umbreon|61/100\n|move|p2a: Umbreon|Foul Play|p1a: Flygon\n|-crit|p1a: Flygon\n|-damage|p1a: Flygon|0 fnt\n|faint|p1a: Flygon\n|\n|-heal|p2a: Umbreon|67/100|[from] item: Leftovers\n|upkeep\n|inactive|Time left: 300 sec this turn | 300 sec total | 5 sec grace\n|\n|t:|1783561515\n|switch|p1a: Gallade|Gallade, L80, M|216/240\n|turn|18\n|inactive|Time left: 300 sec this turn | 300 sec total\n|\n|t:|1783561516\n|move|p1a: Gallade|Sacred Sword|p2a: Umbreon\n|-supereffective|p2a: Umbreon\n|-damage|p2a: Umbreon|0 fnt\n|faint|p2a: Umbreon\n|-damage|p1a: Gallade|192/240|[from] item: Life Orb\n|\n|upkeep\n|\n|t:|1783561516\n|switch|p2a: Rayquaza|Rayquaza, L72|13/100\n|-ability|p2a: Rayquaza|Air Lock\n|turn|19\n|inactive|Time left: 300 sec this turn | 300 sec total\n|\n|t:|1783561517\n|switch|p1a: Arceus|Arceus, L68|276/276\n|move|p2a: Rayquaza|Dragon Ascent|p1a: Arceus\n|-damage|p1a: Arceus|98/276\n|-unboost|p2a: Rayquaza|def|1\n|-unboost|p2a: Rayquaza|spd|1\n|\n|upkeep\n|turn|20\n|inactive|Time left: 300 sec this turn | 300 sec total\n|\n|t:|1783561518\n|move|p1a: Arceus|Extreme Speed|p2a: Rayquaza\n|-damage|p2a: Rayquaza|0 fnt\n|faint|p2a: Rayquaza\n|-damage|p1a: Arceus|71/276|[from] item: Life Orb\n|\n|upkeep\n|\n|t:|1783561519\n|switch|p2a: Farigiraf|Farigiraf, L90, M|100/100\n|turn|21\n|inactive|Time left: 300 sec this turn | 300 sec total\n|\n|t:|1783561520\n|move|p1a: Arceus|Recover|p1a: Arceus\n|-heal|p1a: Arceus|209/276\n|move|p2a: Farigiraf|Psychic Noise|p1a: Arceus\n|-damage|p1a: Arceus|115/276\n|-start|p1a: Arceus|move: Heal Block\n|\n|upkeep\n|turn|22\n|inactive|Time left: 300 sec this turn | 300 sec total\n|\n|t:|1783561521\n|switch|p1a: Espathra|Espathra, L80, M|44/283\n|move|p2a: Farigiraf|Psychic Noise|p1a: Espathra\n|-resisted|p1a: Espathra\n|-damage|p1a: Espathra|0 fnt\n|faint|p1a: Espathra\n|\n|upkeep\n|inactive|Time left: 300 sec this turn | 300 sec total | 5 sec grace\n|\n|t:|1783561522\n|switch|p1a: Gallade|Gallade, L80, M|192/240\n|turn|23\n|inactive|Time left: 300 sec this turn | 300 sec total\n|\n|t:|1783561523\n|-terastallize|p1a: Gallade|Dark\n|move|p1a: Gallade|Night Slash|p2a: Farigiraf\n|-supereffective|p2a: Farigiraf\n|-crit|p2a: Farigiraf\n|-damage|p2a: Farigiraf|0 fnt\n|faint|p2a: Farigiraf\n|-damage|p1a: Gallade|168/240|[from] item: Life Orb\n|\n|upkeep\n|\n|t:|1783561523\n|switch|p2a: Walking Wake|Walking Wake, L79|100/100\n|turn|24\n|inactive|Time left: 300 sec this turn | 300 sec total\n|\n|t:|1783561524\n|move|p2a: Walking Wake|Hydro Steam|p1a: Gallade\n|-damage|p1a: Gallade|65/240\n|-damage|p2a: Walking Wake|91/100|[from] item: Life Orb\n|move|p1a: Gallade|Sacred Sword|p2a: Walking Wake\n|-damage|p2a: Walking Wake|19/100\n|-damage|p1a: Gallade|41/240|[from] item: Life Orb\n|\n|upkeep\n|turn|25\n|inactive|Time left: 300 sec this turn | 300 sec total\n|\n|t:|1783561525\n|switch|p1a: Arceus|Arceus, L68|115/276\n|move|p2a: Walking Wake|Hydro Steam|p1a: Arceus\n|-damage|p1a: Arceus|1/276\n|-damage|p2a: Walking Wake|10/100|[from] item: Life Orb\n|\n|upkeep\n|turn|26\n|inactive|Time left: 300 sec this turn | 300 sec total\n|\n|t:|1783561526\n|move|p2a: Walking Wake|Hydro Steam|p1a: Arceus\n|-damage|p1a: Arceus|0 fnt\n|faint|p1a: Arceus\n|-damage|p2a: Walking Wake|0 fnt|[from] item: Life Orb\n|faint|p2a: Walking Wake\n|-end|p2a: Walking Wake|Protosynthesis|[silent]\n|\n|upkeep\n|inactive|Time left: 300 sec this turn | 300 sec total | 5 sec grace\n|\n|t:|1783561527\n|switch|p2a: Magnezone|Magnezone, L85|100/100\n|switch|p1a: Gallade|Gallade, L80, M, tera:Dark|41/240\n|turn|27\n|inactive|Time left: 300 sec this turn | 300 sec total\n|\n|t:|1783561528\n|move|p1a: Gallade|Sacred Sword|p2a: Magnezone\n|-supereffective|p2a: Magnezone\n|-damage|p2a: Magnezone|0 fnt\n|faint|p2a: Magnezone\n|-damage|p1a: Gallade|17/240|[from] item: Life Orb\n|\n|win|p0x1856af17", "uploadtime": 1783561528, "views": 0, "rating": 0, "private": 0, "password": null, "_winner": "p0x1856af17", "_our_name": "p0x1856af17"}