{"id": "battle-gen9randombattle-1438", "formatid": "gen9randombattle", "format": "[Gen 9] Random Battle", "players": ["p0x1438429f", "p0y1438769c"], "log": "|init|battle\n|title|p0x1438429f vs. p0y1438769c\n|j|\u2606p0x1438429f\n|j|\u2606p0y1438769c\n|t:|1783555823\n|gametype|singles\n|player|p1|p0x1438429f|102|\n|player|p2|p0y1438769c|169|\n|gen|9\n|tier|[Gen 9] Random Battle\n|rule|Species Clause: Limit one of each Pok\u00e9mon\n|rule|HP Percentage Mod: HP is shown in percentages\n|rule|Sleep Clause Mod: Limit one foe put to sleep\n|rule|Illusion Level Mod: Illusion disguises the Pok\u00e9mon's true level\n|\n|t:|1783555823\n|teamsize|p1|6\n|teamsize|p2|6\n|start\n|switch|p1a: Vileplume|Vileplume, L85, M|100/100\n|switch|p2a: Skuntank|Skuntank, L84, M|310/310\n|turn|1\n|inactive|Battle timer is ON: inactive players will automatically lose when time's up. (requested by p0x1438429f)\n|inactive|Time left: 300 sec this turn | 300 sec total | 60 sec grace\n|inactive|p0y1438769c also wants the timer to be on.\n|\n|t:|1783555824\n|move|p2a: Skuntank|Gunk Shot|p1a: Vileplume\n|-damage|p1a: Vileplume|35/100\n|-damage|p2a: Skuntank|279/310|[from] item: Life Orb\n|move|p1a: Vileplume|Strength Sap|p2a: Skuntank\n|-unboost|p2a: Skuntank|atk|1\n|-heal|p1a: Vileplume|100/100\n|\n|upkeep\n|turn|2\n|inactive|Time left: 300 sec this turn | 300 sec total\n|\n|t:|1783555825\n|switch|p2a: Victreebel|Victreebel, L90, F|290/290\n|move|p1a: Vileplume|Sludge Bomb|p2a: Victreebel\n|-damage|p2a: Victreebel|163/290\n|\n|upkeep\n|turn|3\n|inactive|Time left: 300 sec this turn | 300 sec total\n|\n|t:|1783555826\n|move|p2a: Victreebel|Sludge Wave|p1a: Vileplume\n|-crit|p1a: Vileplume\n|-damage|p1a: Vileplume|8/100\n|-damage|p2a: Victreebel|134/290|[from] item: Life Orb\n|move|p1a: Vileplume|Sludge Bomb|p2a: Victreebel\n|-damage|p2a: Victreebel|2/290\n|\n|-heal|p1a: Vileplume|14/100|[from] item: Leftovers\n|upkeep\n|turn|4\n|inactive|Time left: 300 sec this turn | 300 sec total\n|\n|t:|1783555828\n|move|p2a: Victreebel|Power Whip|p1a: Vileplume|[miss]\n|-miss|p2a: Victreebel|p1a: Vileplume\n|move|p1a: Vileplume|Strength Sap|p2a: Victreebel\n|-unboost|p2a: Victreebel|atk|1\n|-heal|p1a: Vileplume|100/100\n|\n|upkeep\n|turn|5\n|inactive|Time left: 300 sec this turn | 300 sec total\n|\n|t:|1783555828\n|move|p2a: Victreebel|Sludge Wave|p1a: Vileplume\n|-damage|p1a: Vileplume|40/100\n|-damage|p2a: Victreebel|0 fnt|[from] item: Life Orb\n|faint|p2a: Victreebel\n|move|p1a: Vileplume|Sludge Bomb|p2: Victreebel|[notarget]\n|-fail|p1a: Vileplume\n|\n|-heal|p1a: Vileplume|46/100|[from] item: Leftovers\n|upkeep\n|inactive|Time left: 300 sec this turn | 300 sec total | 5 sec grace\n|\n|t:|1783555829\n|switch|p2a: Skuntank|Skuntank, L84, M|279/310\n|turn|6\n|inactive|Time left: 300 sec this turn | 300 sec total\n|\n|t:|1783555830\n|switch|p1a: Arceus|Arceus-Flying, L69|100/100\n|move|p2a: Skuntank|Knock Off|p1a: Arceus\n|-crit|p1a: Arceus\n|-damage|p1a: Arceus|57/100\n|-damage|p2a: Skuntank|248/310|[from] item: Life Orb\n|\n|upkeep\n|turn|7\n|inactive|Time left: 300 sec this turn | 300 sec total\n|\n|t:|1783555831\n|move|p1a: Arceus|Judgment|p2a: Skuntank\n|-damage|p2a: Skuntank|125/310\n|move|p2a: Skuntank|Gunk Shot|p1a: Arceus|[miss]\n|-miss|p2a: Skuntank|p1a: Arceus\n|\n|upkeep\n|turn|8\n|inactive|Time left: 300 sec this turn | 300 sec total\n|\n|t:|1783555832\n|switch|p2a: Necrozma|Necrozma, L80|286/286\n|move|p1a: Arceus|Judgment|p2a: Necrozma\n|-damage|p2a: Necrozma|177/286\n|\n|upkeep\n|turn|9\n|inactive|Time left: 300 sec this turn | 300 sec total\n|\n|t:|1783555833\n|move|p1a: Arceus|Judgment|p2a: Necrozma\n|-damage|p2a: Necrozma|75/286\n|move|p2a: Necrozma|Dragon Dance|p2a: Necrozma\n|-boost|p2a: Necrozma|atk|1\n|-boost|p2a: Necrozma|spe|1\n|\n|upkeep\n|turn|10\n|inactive|Time left: 300 sec this turn | 300 sec total\n|\n|t:|1783555834\n|move|p2a: Necrozma|Photon Geyser|p1a: Arceus\n|-damage|p1a: Arceus|1/100\n|move|p1a: Arceus|Judgment|p2a: Necrozma\n|-damage|p2a: Necrozma|0 fnt\n|faint|p2a: Necrozma\n|\n|upkeep\n|inactive|Time left: 300 sec this turn | 300 sec total | 5 sec grace\n|\n|t:|1783555834\n|switch|p2a: Raichu|Raichu-Alola, L87, M|246/246\n|turn|11\n|inactive|Time left: 300 sec this turn | 300 sec total\n|\n|t:|1783555835\n|switch|p1a: Sylveon|Sylveon, L85, F|100/100\n|move|p2a: Raichu|Psyshock|p1a: Sylveon\n|-damage|p1a: Sylveon|44/100\n|\n|-heal|p1a: Sylveon|50/100|[from] item: Leftovers\n|upkeep\n|turn|12\n|inactive|Time left: 300 sec this turn | 300 sec total\n|\n|t:|1783555836\n|-terastallize|p1a: Sylveon|Steel\n|move|p2a: Raichu|Psyshock|p1a: Sylveon\n|-resisted|p1a: Sylveon\n|-damage|p1a: Sylveon|21/100\n|move|p1a: Sylveon|Hyper Voice|p2a: Raichu\n|-damage|p2a: Raichu|120/246\n|\n|-heal|p1a: Sylveon|27/100|[from] item: Leftovers\n|upkeep\n|turn|13\n|inactive|Time left: 300 sec this turn | 300 sec total\n|\n|t:|1783555836\n|move|p1a: Sylveon|Protect|p1a: Sylveon\n|-singleturn|p1a: Sylveon|Protect\n|move|p2a: Raichu|Psyshock|p1a: Sylveon\n|-activate|p1a: Sylveon|move: Protect\n|\n|-heal|p1a: Sylveon|33/100|[from] item: Leftovers\n|upkeep\n|turn|14\n|inactive|Time left: 300 sec this turn | 300 sec total\n|\n|t:|1783555837\n|move|p2a: Raichu|Psyshock|p1a: Sylveon\n|-resisted|p1a: Sylveon\n|-damage|p1a: Sylveon|7/100\n|move|p1a: Sylveon|Hyper Voice|p2a: Raichu\n|-damage|p2a: Raichu|0 fnt\n|faint|p2a: Raichu\n|\n|-heal|p1a: Sylveon|13/100|[from] item: Leftovers\n|upkeep\n|inactive|Time left: 300 sec this turn | 300 sec total | 5 sec grace\n|\n|t:|1783555838\n|switch|p2a: Hitmonlee|Hitmonlee, L85, M|224/224\n|turn|15\n|inactive|Time left: 300 sec this turn | 300 sec total\n|\n|t:|1783555838\n|switch|p1a: Toxapex|Toxapex, L82, M|100/100\n|move|p2a: Hitmonlee|Knock Off|p1a: Toxapex\n|-damage|p1a: Toxapex|76/100\n|-damage|p2a: Hitmonlee|187/224|[from] item: Rocky Helmet|[of] p1a: Toxapex\n|-enditem|p1a: Toxapex|Rocky Helmet|[from] move: Knock Off|[of] p2a: Hitmonlee\n|\n|upkeep\n|turn|16\n|inactive|Time left: 300 sec this turn | 300 sec total\n|\n|t:|1783555839\n|move|p2a: Hitmonlee|Swords Dance|p2a: Hitmonlee\n|-boost|p2a: Hitmonlee|atk|2\n|move|p1a: Toxapex|Toxic|p2a: Hitmonlee\n|-status|p2a: Hitmonlee|tox\n|\n|-damage|p2a: Hitmonlee|173/224 tox|[from] psn\n|upkeep\n|turn|17\n|inactive|Time left: 300 sec this turn | 300 sec total\n|\n|t:|1783555840\n|move|p2a: Hitmonlee|Knock Off|p1a: Toxapex\n|-damage|p1a: Toxapex|38/100\n|move|p1a: Toxapex|Haze|p1a: Toxapex\n|-clearallboost\n|\n|-damage|p2a: Hitmonlee|145/224 tox|[from] psn\n|upkeep\n|turn|18\n|inactive|Time left: 300 sec this turn | 300 sec total\n|\n|t:|1783555841\n|switch|p2a: Mightyena|Mightyena, L96, F|290/290\n|-ability|p2a: Mightyena|Intimidate|boost\n|-unboost|p1a: Toxapex|atk|1\n|move|p1a: Toxapex|Recover|p1a: Toxapex\n|-heal|p1a: Toxapex|88/100\n|\n|upkeep\n|turn|19\n|inactive|Time left: 300 sec this turn | 300 sec total\n|\n|t:|1783555842\n|move|p2a: Mightyena|Throat Chop|p1a: Toxapex\n|-damage|p1a: Toxapex|56/100\n|-start|p1a: Toxapex|Throat Chop|[silent]\n|move|p1a: Toxapex|Toxic|p2a: Mightyena\n|-status|p2a: Mightyena|tox\n|\n|-damage|p2a: Mightyena|272/290 tox|[from] psn\n|upkeep\n|turn|20\n|inactive|Time left: 300 sec this turn | 300 sec total\n|\n|t:|1783555843\n|switch|p2a: Skuntank|Skuntank, L84, M|125/310\n|move|p1a: Toxapex|Recover|p1a: Toxapex\n|-heal|p1a: Toxapex|100/100\n|\n|-end|p1a: Toxapex|Throat Chop|[silent]\n|upkeep\n|turn|21\n|inactive|Time left: 300 sec this turn | 300 sec total\n|\n|t:|1783555844\n|move|p2a: Skuntank|Gunk Shot|p1a: Toxapex\n|-resisted|p1a: Toxapex\n|-damage|p1a: Toxapex|75/100\n|-damage|p2a: Skuntank|94/310|[from] item: Life Orb\n|move|p1a: Toxapex|Liquidation|p2a: Skuntank\n|-damage|p2a: Skuntank|48/310\n|\n|upkeep\n|turn|22\n|inactive|Time left: 300 sec this turn | 300 sec total\n|\n|t:|1783555845\n|move|p2a: Skuntank|Knock Off|p1a: Toxapex\n|-damage|p1a: Toxapex|49/100\n|-damage|p2a: Skuntank|17/310|[from] item: Life Orb\n|move|p1a: Toxapex|Recover|p1a: Toxapex\n|-heal|p1a: Toxapex|99/100\n|\n|upkeep\n|turn|23\n|inactive|Time left: 300 sec this turn | 300 sec total\n|\n|t:|1783555847\n|switch|p2a: Mightyena|Mightyena, L96, F|272/290 tox\n|-ability|p2a: Mightyena|Intimidate|boost\n|-unboost|p1a: Toxapex|atk|1\n|move|p1a: Toxapex|Liquidation|p2a: Mightyena\n|-damage|p2a: Mightyena|238/290 tox\n|-unboost|p2a: Mightyena|def|1\n|\n|-damage|p2a: Mightyena|220/290 tox|[from] psn\n|upkeep\n|turn|24\n|inactive|Time left: 300 sec this turn | 300 sec total\n|\n|t:|1783555848\n|move|p2a: Mightyena|Throat Chop|p1a: Toxapex\n|-damage|p1a: Toxapex|66/100\n|-start|p1a: Toxapex|Throat Chop|[silent]\n|move|p1a: Toxapex|Recover|p1a: Toxapex\n|-heal|p1a: Toxapex|100/100\n|\n|-damage|p2a: Mightyena|184/290 tox|[from] psn\n|upkeep\n|turn|25\n|inactive|Time left: 300 sec this turn | 300 sec total\n|\n|t:|1783555849\n|switch|p2a: Hitmonlee|Hitmonlee, L85, M|145/224 tox\n|move|p1a: Toxapex|Liquidation|p2a: Hitmonlee\n|-damage|p2a: Hitmonlee|99/224 tox\n|-unboost|p2a: Hitmonlee|def|1\n|-enditem|p2a: Hitmonlee|White Herb\n|-clearnegativeboost|p2a: Hitmonlee|[silent]\n|\n|-damage|p2a: Hitmonlee|85/224 tox|[from] psn\n|-end|p1a: Toxapex|Throat Chop|[silent]\n|upkeep\n|turn|26\n|inactive|Time left: 300 sec this turn | 300 sec total\n|\n|t:|1783555850\n|move|p2a: Hitmonlee|Knock Off|p1a: Toxapex\n|-damage|p1a: Toxapex|84/100\n|move|p1a: Toxapex|Haze|p1a: Toxapex\n|-clearallboost\n|\n|-damage|p2a: Hitmonlee|57/224 tox|[from] psn\n|upkeep\n|turn|27\n|inactive|Time left: 300 sec this turn | 300 sec total\n|\n|t:|1783555851\n|move|p2a: Hitmonlee|Knock Off|p1a: Toxapex\n|-damage|p1a: Toxapex|66/100\n|move|p1a: Toxapex|Liquidation|p2a: Hitmonlee\n|-damage|p2a: Hitmonlee|0 fnt\n|faint|p2a: Hitmonlee\n|\n|upkeep\n|inactive|Time left: 300 sec this turn | 300 sec total | 5 sec grace\n|\n|t:|1783555853\n|switch|p2a: Mightyena|Mightyena, L96, F|184/290 tox\n|-ability|p2a: Mightyena|Intimidate|boost\n|-unboost|p1a: Toxapex|atk|1\n|turn|28\n|inactive|Time left: 300 sec this turn | 300 sec total\n|\n|t:|1783555854\n|move|p2a: Mightyena|Throat Chop|p1a: Toxapex\n|-crit|p1a: Toxapex\n|-damage|p1a: Toxapex|21/100\n|-start|p1a: Toxapex|Throat Chop|[silent]\n|move|p1a: Toxapex|Recover|p1a: Toxapex\n|-heal|p1a: Toxapex|71/100\n|\n|-damage|p2a: Mightyena|166/290 tox|[from] psn\n|upkeep\n|turn|29\n|inactive|Time left: 300 sec this turn | 300 sec total\n|\n|t:|1783555855\n|switch|p1a: Bellibolt|Bellibolt, L84, M|100/100\n|move|p2a: Mightyena|Throat Chop|p1a: Bellibolt\n|-damage|p1a: Bellibolt|69/100\n|-start|p1a: Bellibolt|Throat Chop|[silent]\n|-start|p1a: Bellibolt|Charge|Throat Chop|[from] ability: Electromorphosis\n|\n|-heal|p1a: Bellibolt|75/100|[from] item: Leftovers\n|-damage|p2a: Mightyena|130/290 tox|[from] psn\n|upkeep\n|turn|30\n|inactive|Time left: 300 sec this turn | 300 sec total\n|\n|t:|1783555856\n|switch|p2a: Skuntank|Skuntank, L84, M|17/310\n|move|p1a: Bellibolt|Thunderbolt|p2a: Skuntank\n|-damage|p2a: Skuntank|0 fnt\n|faint|p2a: Skuntank\n|-end|p1a: Bellibolt|Charge|[silent]\n|\n|-heal|p1a: Bellibolt|82/100|[from] item: Leftovers\n|-end|p1a: Bellibolt|Throat Chop|[silent]\n|upkeep\n|inactive|Time left: 300 sec this turn | 300 sec total | 5 sec grace\n|\n|t:|1783555856\n|switch|p2a: Mightyena|Mightyena, L96, F|130/290 tox\n|-ability|p2a: Mightyena|Intimidate|boost\n|-unboost|p1a: Bellibolt|atk|1\n|turn|31\n|inactive|Time left: 300 sec this turn | 300 sec total\n|\n|t:|1783555858\n|-terastallize|p2a: Mightyena|Poison\n|move|p2a: Mightyena|Poison Fang|p1a: Bellibolt\n|-damage|p1a: Bellibolt|59/100\n|-start|p1a: Bellibolt|Charge|Poison Fang|[from] ability: Electromorphosis\n|move|p1a: Bellibolt|Thunderbolt|p2a: Mightyena\n|-damage|p2a: Mightyena|0 fnt\n|faint|p2a: Mightyena\n|-end|p1a: Bellibolt|Charge|[silent]\n|\n|win|p0x1438429f", "uploadtime": 1783555858, "views": 0, "rating": 0, "private": 0, "password": null, "_winner": "p0x1438429f", "_our_name": "p0y1438769c"}