{"id": "battle-gen9randombattle-2130", "formatid": "gen9randombattle", "format": "[Gen 9] Random Battle", "players": ["p0x21301078", "p0y213089a0"], "log": "|init|battle\n|title|p0x21301078 vs. p0y213089a0\n|j|\u2606p0x21301078\n|j|\u2606p0y213089a0\n|t:|1783563873\n|gametype|singles\n|player|p1|p0x21301078|101|\n|player|p2|p0y213089a0|102|\n|gen|9\n|tier|[Gen 9] Random Battle\n|rule|Species Clause: Limit one of each Pok\u00e9mon\n|rule|HP Percentage Mod: HP is shown in percentages\n|rule|Sleep Clause Mod: Limit one foe put to sleep\n|rule|Illusion Level Mod: Illusion disguises the Pok\u00e9mon's true level\n|\n|t:|1783563873\n|teamsize|p1|6\n|teamsize|p2|6\n|start\n|switch|p1a: Polteageist|Polteageist, L78|100/100\n|switch|p2a: Roaring Moon|Roaring Moon, L72|270/270\n|turn|1\n|inactive|Battle timer is ON: inactive players will automatically lose when time's up. (requested by p0y213089a0)\n|\n|t:|1783563875\n|switch|p1a: Heatran|Heatran, L79, M|100/100\n|-item|p1a: Heatran|Air Balloon\n|move|p2a: Roaring Moon|Outrage|p1a: Heatran\n|-resisted|p1a: Heatran\n|-damage|p1a: Heatran|68/100\n|-enditem|p1a: Heatran|Air Balloon\n|\n|upkeep\n|turn|2\n|inactive|Time left: 300 sec this turn | 300 sec total\n|inactive|p0x21301078 also wants the timer to be on.\n|\n|t:|1783563876\n|move|p2a: Roaring Moon|Outrage|p1a: Heatran|[from] lockedmove\n|-resisted|p1a: Heatran\n|-damage|p1a: Heatran|35/100\n|move|p1a: Heatran|Stealth Rock|p2a: Roaring Moon\n|-sidestart|p2: p0y213089a0|move: Stealth Rock\n|\n|upkeep\n|turn|3\n|inactive|Time left: 300 sec this turn | 300 sec total\n|\n|t:|1783563877\n|move|p2a: Roaring Moon|Outrage|p1a: Heatran|[from] lockedmove\n|-resisted|p1a: Heatran\n|-crit|p1a: Heatran\n|-damage|p1a: Heatran|0 fnt\n|faint|p1a: Heatran\n|-start|p2a: Roaring Moon|confusion|[fatigue]\n|\n|upkeep\n|\n|t:|1783563877\n|switch|p1a: Spidops|Spidops, L96, M|100/100\n|turn|4\n|inactive|Time left: 300 sec this turn | 300 sec total\n|\n|t:|1783563878\n|-activate|p2a: Roaring Moon|confusion\n|-damage|p2a: Roaring Moon|228/270|[from] confusion\n|move|p1a: Spidops|Sticky Web|p2a: Roaring Moon\n|-sidestart|p2: p0y213089a0|move: Sticky Web\n|\n|upkeep\n|turn|5\n|inactive|Time left: 300 sec this turn | 300 sec total\n|\n|t:|1783563879\n|-end|p2a: Roaring Moon|confusion\n|move|p2a: Roaring Moon|Outrage|p1a: Spidops\n|-damage|p1a: Spidops|37/100\n|move|p1a: Spidops|Circle Throw|p2a: Roaring Moon\n|-supereffective|p2a: Roaring Moon\n|-damage|p2a: Roaring Moon|90/270\n|-end|p2a: Roaring Moon|Protosynthesis|[silent]\n|drag|p2a: Seviper|Seviper, L93, F|287/287\n|-damage|p2a: Seviper|252/287|[from] Stealth Rock\n|-activate|p2a: Seviper|move: Sticky Web\n|-unboost|p2a: Seviper|spe|1\n|\n|-heal|p2a: Seviper|269/287|[from] item: Leftovers\n|upkeep\n|turn|6\n|inactive|Time left: 300 sec this turn | 300 sec total\n|\n|t:|1783563881\n|move|p1a: Spidops|Toxic Spikes|p2a: Seviper\n|-sidestart|p2: p0y213089a0|move: Toxic Spikes\n|move|p2a: Seviper|Gunk Shot|p1a: Spidops\n|-damage|p1a: Spidops|0 fnt\n|faint|p1a: Spidops\n|\n|-heal|p2a: Seviper|286/287|[from] item: Leftovers\n|upkeep\n|\n|t:|1783563882\n|switch|p1a: Gogoat|Gogoat, L88, F|100/100\n|turn|7\n|inactive|Time left: 300 sec this turn | 300 sec total\n|\n|t:|1783563883\n|move|p1a: Gogoat|Bulk Up|p1a: Gogoat\n|-boost|p1a: Gogoat|atk|1\n|-boost|p1a: Gogoat|def|1\n|move|p2a: Seviper|Gunk Shot|p1a: Gogoat|[miss]\n|-miss|p2a: Seviper|p1a: Gogoat\n|\n|-heal|p2a: Seviper|287/287|[from] item: Leftovers\n|upkeep\n|turn|8\n|inactive|Time left: 300 sec this turn | 300 sec total\n|\n|t:|1783563884\n|move|p1a: Gogoat|Earthquake|p2a: Seviper\n|-supereffective|p2a: Seviper\n|-damage|p2a: Seviper|27/287\n|move|p2a: Seviper|Gunk Shot|p1a: Gogoat\n|-supereffective|p1a: Gogoat\n|-crit|p1a: Gogoat\n|-damage|p1a: Gogoat|0 fnt\n|faint|p1a: Gogoat\n|\n|-heal|p2a: Seviper|44/287|[from] item: Leftovers\n|upkeep\n|\n|t:|1783563885\n|switch|p1a: Polteageist|Polteageist, L78|100/100\n|turn|9\n|inactive|Time left: 300 sec this turn | 300 sec total\n|\n|t:|1783563886\n|move|p1a: Polteageist|Shell Smash|p1a: Polteageist\n|-unboost|p1a: Polteageist|def|1\n|-unboost|p1a: Polteageist|spd|1\n|-boost|p1a: Polteageist|atk|2\n|-boost|p1a: Polteageist|spa|2\n|-boost|p1a: Polteageist|spe|2\n|-enditem|p1a: Polteageist|White Herb\n|-clearnegativeboost|p1a: Polteageist|[silent]\n|move|p2a: Seviper|Earthquake|p1a: Polteageist\n|-damage|p1a: Polteageist|51/100\n|\n|-heal|p2a: Seviper|61/287|[from] item: Leftovers\n|upkeep\n|turn|10\n|inactive|Time left: 300 sec this turn | 300 sec total\n|\n|t:|1783563887\n|move|p1a: Polteageist|Shadow Ball|p2a: Seviper\n|-damage|p2a: Seviper|0 fnt\n|faint|p2a: Seviper\n|\n|upkeep\n|inactive|Time left: 300 sec this turn | 300 sec total | 5 sec grace\n|\n|t:|1783563888\n|switch|p2a: Meganium|Meganium, L90, F|290/290\n|-damage|p2a: Meganium|254/290|[from] Stealth Rock\n|-activate|p2a: Meganium|move: Sticky Web\n|-unboost|p2a: Meganium|spe|1\n|-status|p2a: Meganium|psn\n|turn|11\n|inactive|Time left: 300 sec this turn | 300 sec total\n|\n|t:|1783563889\n|move|p1a: Polteageist|Tera Blast|p2a: Meganium\n|-damage|p2a: Meganium|148/290 psn\n|move|p2a: Meganium|Petal Blizzard|p1a: Polteageist\n|-damage|p1a: Polteageist|0 fnt\n|faint|p1a: Polteageist\n|\n|-heal|p2a: Meganium|166/290 psn|[from] item: Leftovers\n|-damage|p2a: Meganium|130/290 psn|[from] psn\n|upkeep\n|\n|t:|1783563890\n|switch|p1a: Feraligatr|Feraligatr, L79, F|100/100\n|turn|12\n|inactive|Time left: 300 sec this turn | 300 sec total\n|\n|t:|1783563891\n|move|p1a: Feraligatr|Ice Punch|p2a: Meganium\n|-supereffective|p2a: Meganium\n|-damage|p2a: Meganium|0 fnt\n|faint|p2a: Meganium\n|\n|upkeep\n|inactive|Time left: 300 sec this turn | 300 sec total | 5 sec grace\n|\n|t:|1783563892\n|switch|p2a: Arboliva|Arboliva, L91, F|290/290\n|-damage|p2a: Arboliva|254/290|[from] Stealth Rock\n|-activate|p2a: Arboliva|move: Sticky Web\n|-unboost|p2a: Arboliva|spe|1\n|-status|p2a: Arboliva|psn\n|turn|13\n|inactive|Time left: 300 sec this turn | 300 sec total\n|\n|t:|1783563893\n|move|p1a: Feraligatr|Dragon Dance|p1a: Feraligatr\n|-boost|p1a: Feraligatr|atk|1\n|-boost|p1a: Feraligatr|spe|1\n|move|p2a: Arboliva|Energy Ball|p1a: Feraligatr\n|-supereffective|p1a: Feraligatr\n|-damage|p1a: Feraligatr|0 fnt\n|faint|p1a: Feraligatr\n|\n|-heal|p2a: Arboliva|272/290 psn|[from] item: Leftovers\n|-damage|p2a: Arboliva|236/290 psn|[from] psn\n|upkeep\n|\n|t:|1783563894\n|switch|p1a: Snorlax|Snorlax, L82, F|100/100\n|turn|14\n|inactive|Time left: 300 sec this turn | 300 sec total\n|\n|t:|1783563895\n|move|p1a: Snorlax|Curse|p1a: Snorlax\n|-unboost|p1a: Snorlax|spe|1\n|-boost|p1a: Snorlax|atk|1\n|-boost|p1a: Snorlax|def|1\n|move|p2a: Arboliva|Strength Sap|p1a: Snorlax\n|-unboost|p1a: Snorlax|atk|1\n|-heal|p2a: Arboliva|290/290 psn\n|\n|-damage|p2a: Arboliva|254/290 psn|[from] psn\n|upkeep\n|turn|15\n|inactive|Time left: 300 sec this turn | 300 sec total\n|\n|t:|1783563896\n|move|p2a: Arboliva|Strength Sap|p1a: Snorlax\n|-unboost|p1a: Snorlax|atk|1\n|-heal|p2a: Arboliva|290/290 psn\n|move|p1a: Snorlax|Curse|p1a: Snorlax\n|-unboost|p1a: Snorlax|spe|1\n|-boost|p1a: Snorlax|atk|1\n|-boost|p1a: Snorlax|def|1\n|\n|-damage|p2a: Arboliva|254/290 psn|[from] psn\n|upkeep\n|turn|16\n|inactive|Time left: 300 sec this turn | 300 sec total\n|\n|t:|1783563897\n|move|p2a: Arboliva|Strength Sap|p1a: Snorlax\n|-unboost|p1a: Snorlax|atk|1\n|-heal|p2a: Arboliva|290/290 psn\n|move|p1a: Snorlax|Curse|p1a: Snorlax\n|-unboost|p1a: Snorlax|spe|1\n|-boost|p1a: Snorlax|atk|1\n|-boost|p1a: Snorlax|def|1\n|\n|-damage|p2a: Arboliva|254/290 psn|[from] psn\n|upkeep\n|turn|17\n|inactive|Time left: 300 sec this turn | 300 sec total\n|\n|t:|1783563898\n|move|p2a: Arboliva|Strength Sap|p1a: Snorlax\n|-unboost|p1a: Snorlax|atk|1\n|-heal|p2a: Arboliva|290/290 psn\n|move|p1a: Snorlax|Curse|p1a: Snorlax\n|-unboost|p1a: Snorlax|spe|1\n|-boost|p1a: Snorlax|atk|1\n|-boost|p1a: Snorlax|def|1\n|\n|-damage|p2a: Arboliva|254/290 psn|[from] psn\n|upkeep\n|turn|18\n|inactive|Time left: 300 sec this turn | 300 sec total\n|\n|t:|1783563899\n|move|p2a: Arboliva|Strength Sap|p1a: Snorlax\n|-unboost|p1a: Snorlax|atk|1\n|-heal|p2a: Arboliva|290/290 psn\n|move|p1a: Snorlax|Curse|p1a: Snorlax\n|-unboost|p1a: Snorlax|spe|1\n|-boost|p1a: Snorlax|atk|1\n|-boost|p1a: Snorlax|def|1\n|\n|-damage|p2a: Arboliva|254/290 psn|[from] psn\n|upkeep\n|turn|19\n|inactive|Time left: 300 sec this turn | 300 sec total\n|\n|t:|1783563899\n|move|p2a: Arboliva|Strength Sap|p1a: Snorlax\n|-unboost|p1a: Snorlax|atk|1\n|-heal|p2a: Arboliva|290/290 psn\n|move|p1a: Snorlax|Curse|p1a: Snorlax\n|-unboost|p1a: Snorlax|spe|1\n|-boost|p1a: Snorlax|atk|1\n|-boost|p1a: Snorlax|def|1\n|\n|-damage|p2a: Arboliva|254/290 psn|[from] psn\n|upkeep\n|turn|20\n|inactive|Time left: 300 sec this turn | 300 sec total\n|\n|t:|1783563900\n|move|p2a: Arboliva|Strength Sap|p1a: Snorlax\n|-unboost|p1a: Snorlax|atk|1\n|-heal|p2a: Arboliva|290/290 psn\n|move|p1a: Snorlax|Curse|p1a: Snorlax\n|-boost|p1a: Snorlax|atk|1\n|\n|-damage|p2a: Arboliva|254/290 psn|[from] psn\n|upkeep\n|turn|21\n|inactive|Time left: 300 sec this turn | 300 sec total\n|\n|t:|1783563901\n|move|p2a: Arboliva|Strength Sap|p1a: Snorlax\n|-unboost|p1a: Snorlax|atk|1\n|-heal|p2a: Arboliva|290/290 psn\n|move|p1a: Snorlax|Curse|p1a: Snorlax\n|-boost|p1a: Snorlax|atk|1\n|\n|-damage|p2a: Arboliva|254/290 psn|[from] psn\n|upkeep\n|turn|22\n|inactive|Time left: 300 sec this turn | 300 sec total\n|\n|t:|1783563902\n|move|p2a: Arboliva|Strength Sap|p1a: Snorlax\n|-unboost|p1a: Snorlax|atk|1\n|-heal|p2a: Arboliva|290/290 psn\n|move|p1a: Snorlax|Curse|p1a: Snorlax\n|-boost|p1a: Snorlax|atk|1\n|\n|-damage|p2a: Arboliva|254/290 psn|[from] psn\n|upkeep\n|turn|23\n|inactive|Time left: 300 sec this turn | 300 sec total\n|\n|t:|1783563903\n|move|p2a: Arboliva|Strength Sap|p1a: Snorlax\n|-unboost|p1a: Snorlax|atk|1\n|-heal|p2a: Arboliva|290/290 psn\n|move|p1a: Snorlax|Curse|p1a: Snorlax\n|-boost|p1a: Snorlax|atk|1\n|\n|-damage|p2a: Arboliva|254/290 psn|[from] psn\n|upkeep\n|turn|24\n|inactive|Time left: 300 sec this turn | 300 sec total\n|\n|t:|1783563904\n|move|p2a: Arboliva|Strength Sap|p1a: Snorlax\n|-unboost|p1a: Snorlax|atk|1\n|-heal|p2a: Arboliva|290/290 psn\n|move|p1a: Snorlax|Curse|p1a: Snorlax\n|-boost|p1a: Snorlax|atk|1\n|\n|-damage|p2a: Arboliva|254/290 psn|[from] psn\n|upkeep\n|turn|25\n|inactive|Time left: 300 sec this turn | 300 sec total\n|\n|t:|1783563905\n|move|p2a: Arboliva|Strength Sap|p1a: Snorlax\n|-unboost|p1a: Snorlax|atk|1\n|-heal|p2a: Arboliva|290/290 psn\n|move|p1a: Snorlax|Curse|p1a: Snorlax\n|-boost|p1a: Snorlax|atk|1\n|\n|-damage|p2a: Arboliva|254/290 psn|[from] psn\n|upkeep\n|turn|26\n|inactive|Time left: 300 sec this turn | 300 sec total\n|\n|t:|1783563906\n|move|p2a: Arboliva|Strength Sap|p1a: Snorlax\n|-unboost|p1a: Snorlax|atk|1\n|-heal|p2a: Arboliva|290/290 psn\n|move|p1a: Snorlax|Curse|p1a: Snorlax\n|-boost|p1a: Snorlax|atk|1\n|\n|-damage|p2a: Arboliva|254/290 psn|[from] psn\n|upkeep\n|turn|27\n|inactive|Time left: 300 sec this turn | 300 sec total\n|\n|t:|1783563906\n|move|p2a: Arboliva|Strength Sap|p1a: Snorlax\n|-unboost|p1a: Snorlax|atk|1\n|-heal|p2a: Arboliva|290/290 psn\n|move|p1a: Snorlax|Curse|p1a: Snorlax\n|-boost|p1a: Snorlax|atk|1\n|\n|-damage|p2a: Arboliva|254/290 psn|[from] psn\n|upkeep\n|turn|28\n|inactive|Time left: 300 sec this turn | 300 sec total\n|\n|t:|1783563907\n|move|p2a: Arboliva|Strength Sap|p1a: Snorlax\n|-unboost|p1a: Snorlax|atk|1\n|-heal|p2a: Arboliva|290/290 psn\n|move|p1a: Snorlax|Curse|p1a: Snorlax\n|-boost|p1a: Snorlax|atk|1\n|\n|-damage|p2a: Arboliva|254/290 psn|[from] psn\n|upkeep\n|turn|29\n|inactive|Time left: 300 sec this turn | 300 sec total\n|\n|t:|1783563908\n|move|p2a: Arboliva|Strength Sap|p1a: Snorlax\n|-unboost|p1a: Snorlax|atk|1\n|-heal|p2a: Arboliva|290/290 psn\n|move|p1a: Snorlax|Curse|p1a: Snorlax\n|-boost|p1a: Snorlax|atk|1\n|\n|-damage|p2a: Arboliva|254/290 psn|[from] psn\n|upkeep\n|turn|30\n|inactive|Time left: 300 sec this turn | 300 sec total\n|\n|t:|1783563909\n|move|p2a: Arboliva|Energy Ball|p1a: Snorlax\n|-damage|p1a: Snorlax|70/100\n|move|p1a: Snorlax|Body Slam|p2a: Arboliva\n|-crit|p2a: Arboliva\n|-damage|p2a: Arboliva|121/290 psn\n|-fieldstart|move: Grassy Terrain|[from] ability: Seed Sower|[of] p2a: Arboliva\n|\n|-heal|p2a: Arboliva|139/290 psn|[from] Grassy Terrain\n|-heal|p2a: Arboliva|157/290 psn|[from] item: Leftovers\n|-heal|p1a: Snorlax|76/100|[from] Grassy Terrain\n|-heal|p1a: Snorlax|82/100|[from] item: Leftovers\n|-damage|p2a: Arboliva|121/290 psn|[from] psn\n|upkeep\n|turn|31\n|inactive|Time left: 300 sec this turn | 300 sec total\n|\n|t:|1783563910\n|move|p2a: Arboliva|Energy Ball|p1a: Snorlax\n|-damage|p1a: Snorlax|47/100\n|move|p1a: Snorlax|Body Slam|p2a: Arboliva\n|-damage|p2a: Arboliva|30/290 psn\n|\n|-heal|p2a: Arboliva|48/290 psn|[from] Grassy Terrain\n|-heal|p2a: Arboliva|66/290 psn|[from] item: Leftovers\n|-heal|p1a: Snorlax|53/100|[from] Grassy Terrain\n|-heal|p1a: Snorlax|59/100|[from] item: Leftovers\n|-damage|p2a: Arboliva|30/290 psn|[from] psn\n|upkeep\n|turn|32\n|inactive|Time left: 300 sec this turn | 300 sec total\n|\n|t:|1783563911\n|move|p2a: Arboliva|Hyper Voice|p1a: Snorlax\n|-damage|p1a: Snorlax|28/100\n|move|p1a: Snorlax|Rest|p1a: Snorlax\n|-status|p1a: Snorlax|slp|[from] move: Rest\n|-heal|p1a: Snorlax|100/100 slp|[silent]\n|\n|-heal|p2a: Arboliva|48/290 psn|[from] Grassy Terrain\n|-heal|p2a: Arboliva|66/290 psn|[from] item: Leftovers\n|-damage|p2a: Arboliva|30/290 psn|[from] psn\n|upkeep\n|turn|33\n|inactive|Time left: 300 sec this turn | 300 sec total\n|\n|t:|1783563912\n|move|p2a: Arboliva|Energy Ball|p1a: Snorlax\n|-damage|p1a: Snorlax|64/100 slp\n|-unboost|p1a: Snorlax|spd|1\n|cant|p1a: Snorlax|slp\n|move|p1a: Snorlax|Sleep Talk|p1a: Snorlax\n|move|p1a: Snorlax|Rest||[from] move: Sleep Talk|[still]\n|-fail|p1a: Snorlax\n|\n|-heal|p2a: Arboliva|48/290 psn|[from] Grassy Terrain\n|-heal|p2a: Arboliva|66/290 psn|[from] item: Leftovers\n|-heal|p1a: Snorlax|70/100 slp|[from] Grassy Terrain\n|-heal|p1a: Snorlax|76/100 slp|[from] item: Leftovers\n|-damage|p2a: Arboliva|30/290 psn|[from] psn\n|upkeep\n|turn|34\n|inactive|Time left: 300 sec this turn | 300 sec total\n|\n|t:|1783563913\n|-terastallize|p1a: Snorlax|Poison\n|move|p2a: Arboliva|Energy Ball|p1a: Snorlax\n|-resisted|p1a: Snorlax\n|-damage|p1a: Snorlax|49/100 slp\n|cant|p1a: Snorlax|slp\n|move|p1a: Snorlax|Sleep Talk|p1a: Snorlax\n|move|p1a: Snorlax|Body Slam|p2a: Arboliva|[from] move: Sleep Talk\n|-damage|p2a: Arboliva|0 fnt\n|faint|p2a: Arboliva\n|\n|-heal|p1a: Snorlax|55/100 slp|[from] Grassy Terrain\n|-heal|p1a: Snorlax|61/100 slp|[from] item: Leftovers\n|-fieldend|move: Grassy Terrain\n|upkeep\n|inactive|Time left: 300 sec this turn | 300 sec total | 5 sec grace\n|\n|t:|1783563914\n|switch|p2a: Palkia|Palkia-Origin, L72|249/249\n|-damage|p2a: Palkia|218/249|[from] Stealth Rock\n|-activate|p2a: Palkia|move: Sticky Web\n|-unboost|p2a: Palkia|spe|1\n|-status|p2a: Palkia|psn\n|-ability|p2a: Palkia|Pressure\n|turn|35\n|inactive|Time left: 300 sec this turn | 300 sec total\n|\n|t:|1783563915\n|-terastallize|p2a: Palkia|Water\n|move|p2a: Palkia|Hydro Pump|p1a: Snorlax|[miss]\n|-miss|p2a: Palkia|p1a: Snorlax\n|-curestatus|p1a: Snorlax|slp|[msg]\n|move|p1a: Snorlax|Rest|p1a: Snorlax\n|-status|p1a: Snorlax|slp|[from] move: Rest\n|-heal|p1a: Snorlax|100/100 slp|[silent]\n|\n|-damage|p2a: Palkia|187/249 psn|[from] psn\n|upkeep\n|turn|36\n|inactive|Time left: 300 sec this turn | 300 sec total\n|\n|t:|1783563916\n|move|p2a: Palkia|Hydro Pump|p1a: Snorlax\n|-damage|p1a: Snorlax|42/100 slp\n|cant|p1a: Snorlax|slp\n|move|p1a: Snorlax|Sleep Talk|p1a: Snorlax\n|move|p1a: Snorlax|Body Slam|p2a: Palkia|[from] move: Sleep Talk\n|-damage|p2a: Palkia|79/249 psn\n|\n|-heal|p1a: Snorlax|48/100 slp|[from] item: Leftovers\n|-damage|p2a: Palkia|48/249 psn|[from] psn\n|upkeep\n|turn|37\n|inactive|Time left: 300 sec this turn | 300 sec total\n|\n|t:|1783563917\n|move|p2a: Palkia|Hydro Pump|p1a: Snorlax\n|-damage|p1a: Snorlax|0 fnt\n|faint|p1a: Snorlax\n|\n|win|p0y213089a0", "uploadtime": 1783563917, "views": 0, "rating": 0, "private": 0, "password": null, "_winner": "p0y213089a0", "_our_name": "p0y213089a0"}