{"id": "battle-gen9randombattle-237", "formatid": "gen9randombattle", "format": "[Gen 9] Random Battle", "players": ["p0x23662a6", "p0y236fd72"], "log": "|init|battle\n|title|p0x23662a6 vs. p0y236fd72\n|j|\u2606p0x23662a6\n|j|\u2606p0y236fd72\n|t:|1783541848\n|gametype|singles\n|player|p1|p0x23662a6|101|\n|player|p2|p0y236fd72|2|\n|gen|9\n|tier|[Gen 9] Random Battle\n|rule|Species Clause: Limit one of each Pok\u00e9mon\n|rule|HP Percentage Mod: HP is shown in percentages\n|rule|Sleep Clause Mod: Limit one foe put to sleep\n|rule|Illusion Level Mod: Illusion disguises the Pok\u00e9mon's true level\n|\n|t:|1783541848\n|teamsize|p1|6\n|teamsize|p2|6\n|start\n|switch|p1a: Mandibuzz|Mandibuzz, L85, F|326/326\n|switch|p2a: Torkoal|Torkoal, L88, F|100/100\n|-weather|SunnyDay|[from] ability: Drought|[of] p2a: Torkoal\n|turn|1\n|inactive|Battle timer is ON: inactive players will automatically lose when time's up. (requested by p0x23662a6)\n|inactive|p0y236fd72 also wants the timer to be on.\n|\n|t:|1783541849\n|move|p1a: Mandibuzz|Foul Play|p2a: Torkoal\n|-damage|p2a: Torkoal|77/100\n|move|p2a: Torkoal|Lava Plume|p1a: Mandibuzz\n|-damage|p1a: Mandibuzz|200/326\n|\n|-weather|SunnyDay|[upkeep]\n|upkeep\n|turn|2\n|inactive|Time left: 300 sec this turn | 300 sec total\n|\n|t:|1783541850\n|move|p1a: Mandibuzz|Toxic|p2a: Torkoal\n|-status|p2a: Torkoal|tox\n|move|p2a: Torkoal|Lava Plume|p1a: Mandibuzz\n|-damage|p1a: Mandibuzz|77/326\n|\n|-weather|SunnyDay|[upkeep]\n|-damage|p2a: Torkoal|71/100 tox|[from] psn\n|upkeep\n|turn|3\n|inactive|Time left: 300 sec this turn | 300 sec total\n|\n|t:|1783541851\n|move|p1a: Mandibuzz|Roost|p1a: Mandibuzz\n|-heal|p1a: Mandibuzz|240/326\n|-singleturn|p1a: Mandibuzz|move: Roost\n|move|p2a: Torkoal|Lava Plume|p1a: Mandibuzz\n|-damage|p1a: Mandibuzz|114/326\n|\n|-weather|SunnyDay|[upkeep]\n|-damage|p2a: Torkoal|59/100 tox|[from] psn\n|upkeep\n|turn|4\n|inactive|Time left: 300 sec this turn | 300 sec total\n|\n|t:|1783541852\n|move|p1a: Mandibuzz|Roost|p1a: Mandibuzz\n|-heal|p1a: Mandibuzz|277/326\n|-singleturn|p1a: Mandibuzz|move: Roost\n|move|p2a: Torkoal|Lava Plume|p1a: Mandibuzz\n|-damage|p1a: Mandibuzz|168/326\n|\n|-weather|SunnyDay|[upkeep]\n|-damage|p2a: Torkoal|41/100 tox|[from] psn\n|upkeep\n|turn|5\n|inactive|Time left: 300 sec this turn | 300 sec total\n|\n|t:|1783541853\n|move|p1a: Mandibuzz|Roost|p1a: Mandibuzz\n|-heal|p1a: Mandibuzz|326/326\n|-singleturn|p1a: Mandibuzz|move: Roost\n|move|p2a: Torkoal|Lava Plume|p1a: Mandibuzz\n|-damage|p1a: Mandibuzz|217/326\n|\n|-weather|none\n|-damage|p2a: Torkoal|17/100 tox|[from] psn\n|upkeep\n|turn|6\n|inactive|Time left: 300 sec this turn | 300 sec total\n|\n|t:|1783541854\n|switch|p2a: Scrafty|Scrafty, L83, F|100/100\n|move|p1a: Mandibuzz|Foul Play|p2a: Scrafty\n|-resisted|p2a: Scrafty\n|-damage|p2a: Scrafty|93/100\n|\n|-heal|p2a: Scrafty|99/100|[from] item: Leftovers\n|upkeep\n|turn|7\n|inactive|Time left: 300 sec this turn | 300 sec total\n|\n|t:|1783541856\n|switch|p1a: Gardevoir|Gardevoir, L83, F|249/249\n|-ability|p1a: Gardevoir|Shed Skin|Trace|[from] ability: Trace|[of] p2a: Scrafty\n|move|p2a: Scrafty|Bulk Up|p2a: Scrafty\n|-boost|p2a: Scrafty|atk|1\n|-boost|p2a: Scrafty|def|1\n|\n|-heal|p2a: Scrafty|100/100|[from] item: Leftovers\n|upkeep\n|turn|8\n|inactive|Time left: 300 sec this turn | 300 sec total\n|\n|t:|1783541857\n|-terastallize|p2a: Scrafty|Poison\n|move|p1a: Gardevoir|Moonblast|p2a: Scrafty\n|-resisted|p2a: Scrafty\n|-damage|p2a: Scrafty|73/100\n|-unboost|p2a: Scrafty|spa|1\n|-damage|p1a: Gardevoir|225/249|[from] item: Life Orb\n|move|p2a: Scrafty|Knock Off|p1a: Gardevoir\n|-damage|p1a: Gardevoir|39/249\n|-enditem|p1a: Gardevoir|Life Orb|[from] move: Knock Off|[of] p2a: Scrafty\n|\n|-heal|p2a: Scrafty|80/100|[from] item: Leftovers\n|upkeep\n|turn|9\n|inactive|Time left: 300 sec this turn | 300 sec total\n|\n|t:|1783541858\n|move|p1a: Gardevoir|Psyshock|p2a: Scrafty\n|-supereffective|p2a: Scrafty\n|-damage|p2a: Scrafty|32/100\n|move|p2a: Scrafty|Knock Off|p1a: Gardevoir\n|-damage|p1a: Gardevoir|0 fnt\n|faint|p1a: Gardevoir\n|\n|-heal|p2a: Scrafty|38/100|[from] item: Leftovers\n|upkeep\n|inactive|Time left: 300 sec this turn | 300 sec total | 5 sec grace\n|\n|t:|1783541859\n|switch|p1a: Terrakion|Terrakion, L79|273/273\n|turn|10\n|inactive|Time left: 300 sec this turn | 300 sec total\n|\n|t:|1783541861\n|move|p1a: Terrakion|Earthquake|p2a: Scrafty\n|-supereffective|p2a: Scrafty\n|-damage|p2a: Scrafty|0 fnt\n|faint|p2a: Scrafty\n|\n|upkeep\n|\n|t:|1783541862\n|switch|p2a: Toucannon|Toucannon, L88, M|100/100\n|turn|11\n|inactive|Time left: 300 sec this turn | 300 sec total\n|\n|t:|1783541863\n|switch|p1a: Probopass|Probopass, L91, M|257/257\n|-singleturn|p2a: Toucannon|move: Beak Blast\n|move|p2a: Toucannon|Beak Blast|p1a: Probopass\n|-resisted|p1a: Probopass\n|-damage|p1a: Probopass|236/257\n|\n|-heal|p1a: Probopass|252/257|[from] item: Leftovers\n|upkeep\n|turn|12\n|inactive|Time left: 300 sec this turn | 300 sec total\n|\n|t:|1783541864\n|switch|p2a: Decidueye|Decidueye-Hisui, L87, F|100/100\n|move|p1a: Probopass|Power Gem|p2a: Decidueye\n|-resisted|p2a: Decidueye\n|-damage|p2a: Decidueye|88/100\n|\n|-heal|p2a: Decidueye|94/100|[from] item: Leftovers\n|-heal|p1a: Probopass|257/257|[from] item: Leftovers\n|upkeep\n|turn|13\n|inactive|Time left: 300 sec this turn | 300 sec total\n|\n|t:|1783541865\n|-terastallize|p1a: Probopass|Fighting\n|move|p2a: Decidueye|Triple Arrows|p1a: Probopass\n|-damage|p1a: Probopass|190/257\n|move|p1a: Probopass|Iron Defense|p1a: Probopass\n|-boost|p1a: Probopass|def|2\n|\n|-heal|p2a: Decidueye|100/100|[from] item: Leftovers\n|-heal|p1a: Probopass|206/257|[from] item: Leftovers\n|upkeep\n|turn|14\n|inactive|Time left: 300 sec this turn | 300 sec total\n|\n|t:|1783541866\n|move|p2a: Decidueye|Triple Arrows|p1a: Probopass\n|-damage|p1a: Probopass|169/257\n|-unboost|p1a: Probopass|def|1\n|move|p1a: Probopass|Body Press|p2a: Decidueye\n|-crit|p2a: Decidueye\n|-damage|p2a: Decidueye|0 fnt\n|faint|p2a: Decidueye\n|\n|-heal|p1a: Probopass|185/257|[from] item: Leftovers\n|upkeep\n|\n|t:|1783541867\n|switch|p2a: Torkoal|Torkoal, L88, F|17/100 tox\n|-weather|SunnyDay|[from] ability: Drought|[of] p2a: Torkoal\n|turn|15\n|inactive|Time left: 300 sec this turn | 300 sec total\n|\n|t:|1783541868\n|move|p1a: Probopass|Body Press|p2a: Torkoal\n|-damage|p2a: Torkoal|0 fnt\n|faint|p2a: Torkoal\n|\n|-weather|SunnyDay|[upkeep]\n|-heal|p1a: Probopass|201/257|[from] item: Leftovers\n|upkeep\n|\n|t:|1783541869\n|switch|p2a: Toucannon|Toucannon, L88, M|100/100\n|turn|16\n|inactive|Time left: 300 sec this turn | 300 sec total\n|\n|t:|1783541870\n|-singleturn|p2a: Toucannon|move: Beak Blast\n|move|p1a: Probopass|Body Press|p2a: Toucannon\n|-damage|p2a: Toucannon|22/100\n|-status|p1a: Probopass|brn\n|move|p2a: Toucannon|Beak Blast|p1a: Probopass\n|-supereffective|p1a: Probopass\n|-damage|p1a: Probopass|93/257 brn\n|\n|-weather|SunnyDay|[upkeep]\n|-heal|p1a: Probopass|109/257 brn|[from] item: Leftovers\n|-damage|p1a: Probopass|93/257 brn|[from] brn\n|upkeep\n|turn|17\n|inactive|Time left: 300 sec this turn | 300 sec total\n|\n|t:|1783541871\n|move|p2a: Toucannon|Boomburst|p1a: Probopass\n|-crit|p1a: Probopass\n|-damage|p1a: Probopass|0 fnt\n|faint|p1a: Probopass\n|\n|-weather|SunnyDay|[upkeep]\n|upkeep\n|inactive|Time left: 300 sec this turn | 300 sec total | 5 sec grace\n|\n|t:|1783541872\n|switch|p1a: Hitmonlee|Hitmonlee, L85, M|224/224\n|turn|18\n|inactive|Time left: 300 sec this turn | 300 sec total\n|\n|t:|1783541873\n|-singleturn|p2a: Toucannon|move: Beak Blast\n|move|p1a: Hitmonlee|Close Combat|p2a: Toucannon\n|-damage|p2a: Toucannon|0 fnt\n|-status|p1a: Hitmonlee|brn\n|-unboost|p1a: Hitmonlee|def|1\n|-unboost|p1a: Hitmonlee|spd|1\n|faint|p2a: Toucannon\n|-enditem|p1a: Hitmonlee|White Herb\n|-clearnegativeboost|p1a: Hitmonlee|[silent]\n|\n|-weather|SunnyDay|[upkeep]\n|-damage|p1a: Hitmonlee|210/224 brn|[from] brn\n|upkeep\n|\n|t:|1783541874\n|switch|p2a: Feraligatr|Feraligatr, L79, M|100/100\n|turn|19\n|inactive|Time left: 300 sec this turn | 300 sec total\n|\n|t:|1783541876\n|switch|p1a: Bellibolt|Bellibolt, L84, M|320/320\n|move|p2a: Feraligatr|Dragon Dance|p2a: Feraligatr\n|-boost|p2a: Feraligatr|atk|1\n|-boost|p2a: Feraligatr|spe|1\n|\n|-weather|none\n|upkeep\n|turn|20\n|inactive|Time left: 300 sec this turn | 300 sec total\n|\n|t:|1783541876\n|move|p2a: Feraligatr|Liquidation|p1a: Bellibolt\n|-damage|p1a: Bellibolt|124/320\n|-start|p1a: Bellibolt|Charge|Liquidation|[from] ability: Electromorphosis\n|move|p1a: Bellibolt|Thunderbolt|p2a: Feraligatr\n|-supereffective|p2a: Feraligatr\n|-damage|p2a: Feraligatr|0 fnt\n|faint|p2a: Feraligatr\n|-end|p1a: Bellibolt|Charge|[silent]\n|\n|-heal|p1a: Bellibolt|144/320|[from] item: Leftovers\n|upkeep\n|\n|t:|1783541877\n|switch|p2a: Chien-Pao|Chien-Pao, L72|100/100\n|-ability|p2a: Chien-Pao|Sword of Ruin\n|turn|21\n|inactive|Time left: 300 sec this turn | 300 sec total\n|\n|t:|1783541878\n|move|p2a: Chien-Pao|Icicle Crash|p1a: Bellibolt\n|-damage|p1a: Bellibolt|0 fnt\n|faint|p1a: Bellibolt\n|\n|upkeep\n|inactive|Time left: 300 sec this turn | 300 sec total | 5 sec grace\n|\n|t:|1783541879\n|switch|p1a: Terrakion|Terrakion, L79|273/273\n|turn|22\n|inactive|Time left: 300 sec this turn | 300 sec total\n|\n|t:|1783541880\n|move|p2a: Chien-Pao|Icicle Crash|p1a: Terrakion\n|-damage|p1a: Terrakion|120/273\n|move|p1a: Terrakion|Close Combat|p2a: Chien-Pao\n|-supereffective|p2a: Chien-Pao\n|-damage|p2a: Chien-Pao|0 fnt\n|-unboost|p1a: Terrakion|def|1\n|-unboost|p1a: Terrakion|spd|1\n|faint|p2a: Chien-Pao\n|\n|win|p0x23662a6", "uploadtime": 1783541880, "views": 0, "rating": 0, "private": 0, "password": null, "_winner": "p0x23662a6", "_our_name": "p0x23662a6"}