{"id": "battle-gen9randombattle-364", "formatid": "gen9randombattle", "format": "[Gen 9] Random Battle", "players": ["p0x36408fd", "p0y364aa50"], "log": "|init|battle\n|title|p0x36408fd vs. p0y364aa50\n|j|\u2606p0x36408fd\n|j|\u2606p0y364aa50\n|t:|1783543882\n|gametype|singles\n|player|p1|p0x36408fd|1|\n|player|p2|p0y364aa50|266|\n|gen|9\n|tier|[Gen 9] Random Battle\n|rule|Species Clause: Limit one of each Pok\u00e9mon\n|rule|HP Percentage Mod: HP is shown in percentages\n|rule|Sleep Clause Mod: Limit one foe put to sleep\n|rule|Illusion Level Mod: Illusion disguises the Pok\u00e9mon's true level\n|\n|t:|1783543882\n|teamsize|p1|6\n|teamsize|p2|6\n|start\n|switch|p1a: Meowstic|Meowstic-F, L89, F|100/100\n|switch|p2a: Rotom|Rotom-Mow, L87|229/229\n|turn|1\n|inactive|Battle timer is ON: inactive players will automatically lose when time's up. (requested by p0y364aa50)\n|inactive|p0x36408fd also wants the timer to be on.\n|\n|t:|1783543884\n|move|p1a: Meowstic|Nasty Plot|p1a: Meowstic\n|-boost|p1a: Meowstic|spa|2\n|move|p2a: Rotom|Nasty Plot|p2a: Rotom\n|-boost|p2a: Rotom|spa|2\n|\n|upkeep\n|turn|2\n|inactive|Time left: 300 sec this turn | 300 sec total\n|\n|t:|1783543885\n|move|p1a: Meowstic|Psychic|p2a: Rotom\n|-damage|p2a: Rotom|11/229\n|-damage|p1a: Meowstic|91/100|[from] item: Life Orb\n|move|p2a: Rotom|Leaf Storm|p1a: Meowstic\n|-damage|p1a: Meowstic|0 fnt\n|-unboost|p2a: Rotom|spa|2\n|faint|p1a: Meowstic\n|\n|-heal|p2a: Rotom|25/229|[from] item: Leftovers\n|upkeep\n|\n|t:|1783543886\n|switch|p1a: Serperior|Serperior, L79, F|100/100\n|turn|3\n|inactive|Time left: 300 sec this turn | 300 sec total\n|\n|t:|1783543888\n|switch|p2a: Hatterene|Hatterene, L85, F|236/236\n|move|p1a: Serperior|Leaf Storm|p2a: Hatterene\n|-damage|p2a: Hatterene|129/236\n|-boost|p1a: Serperior|spa|2\n|-damage|p1a: Serperior|91/100|[from] item: Life Orb\n|\n|-heal|p2a: Hatterene|143/236|[from] item: Leftovers\n|upkeep\n|turn|4\n|inactive|Time left: 300 sec this turn | 300 sec total\n|\n|t:|1783543889\n|-terastallize|p2a: Hatterene|Steel\n|move|p1a: Serperior|Leaf Storm|p2a: Hatterene\n|-resisted|p2a: Hatterene\n|-damage|p2a: Hatterene|36/236\n|-boost|p1a: Serperior|spa|2\n|-damage|p1a: Serperior|81/100|[from] item: Life Orb\n|move|p2a: Hatterene|Draining Kiss|p1a: Serperior\n|-damage|p1a: Serperior|52/100\n|-heal|p2a: Hatterene|90/236|[from] drain|[of] p1a: Serperior\n|\n|-heal|p2a: Hatterene|104/236|[from] item: Leftovers\n|upkeep\n|turn|5\n|inactive|Time left: 300 sec this turn | 300 sec total\n|\n|t:|1783543890\n|move|p1a: Serperior|Leaf Storm|p2a: Hatterene\n|-resisted|p2a: Hatterene\n|-crit|p2a: Hatterene\n|-damage|p2a: Hatterene|0 fnt\n|-boost|p1a: Serperior|spa|2\n|faint|p2a: Hatterene\n|-damage|p1a: Serperior|42/100|[from] item: Life Orb\n|\n|upkeep\n|inactive|Time left: 300 sec this turn | 300 sec total | 5 sec grace\n|\n|t:|1783543891\n|switch|p2a: Swanna|Swanna, L89, F|278/278\n|turn|6\n|inactive|Time left: 300 sec this turn | 300 sec total\n|\n|t:|1783543892\n|switch|p1a: Drednaw|Drednaw, L81, M|100/100\n|move|p2a: Swanna|Brave Bird|p1a: Drednaw\n|-resisted|p1a: Drednaw\n|-damage|p1a: Drednaw|77/100\n|-damage|p2a: Swanna|256/278|[from] Recoil\n|\n|upkeep\n|turn|7\n|inactive|Time left: 300 sec this turn | 300 sec total\n|\n|t:|1783543893\n|move|p2a: Swanna|Hydro Pump|p1a: Drednaw\n|-damage|p1a: Drednaw|25/100\n|move|p1a: Drednaw|Shell Smash|p1a: Drednaw\n|-unboost|p1a: Drednaw|def|1\n|-unboost|p1a: Drednaw|spd|1\n|-boost|p1a: Drednaw|atk|2\n|-boost|p1a: Drednaw|spa|2\n|-boost|p1a: Drednaw|spe|2\n|-enditem|p1a: Drednaw|White Herb\n|-clearnegativeboost|p1a: Drednaw|[silent]\n|\n|upkeep\n|turn|8\n|inactive|Time left: 300 sec this turn | 300 sec total\n|\n|t:|1783543894\n|move|p1a: Drednaw|Stone Edge|p2a: Swanna|[miss]\n|-miss|p1a: Drednaw|p2a: Swanna\n|move|p2a: Swanna|Hydro Pump|p1a: Drednaw\n|-damage|p1a: Drednaw|0 fnt\n|faint|p1a: Drednaw\n|\n|upkeep\n|\n|t:|1783543895\n|switch|p1a: Empoleon|Empoleon, L84, F|100/100\n|turn|9\n|inactive|Time left: 300 sec this turn | 300 sec total\n|\n|t:|1783543896\n|switch|p2a: Crawdaunt|Crawdaunt, L84, M|243/243\n|move|p1a: Empoleon|Ice Beam|p2a: Crawdaunt\n|-resisted|p2a: Crawdaunt\n|-damage|p2a: Crawdaunt|196/243\n|-status|p2a: Crawdaunt|frz\n|\n|upkeep\n|turn|10\n|inactive|Time left: 300 sec this turn | 300 sec total\n|\n|t:|1783543897\n|move|p1a: Empoleon|Ice Beam|p2a: Crawdaunt\n|-resisted|p2a: Crawdaunt\n|-damage|p2a: Crawdaunt|148/243 frz\n|-curestatus|p2a: Crawdaunt|frz|[msg]\n|move|p2a: Crawdaunt|Knock Off|p1a: Empoleon\n|-damage|p1a: Empoleon|23/100\n|-enditem|p1a: Empoleon|Leftovers|[from] move: Knock Off|[of] p2a: Crawdaunt\n|-damage|p2a: Crawdaunt|124/243|[from] item: Life Orb\n|\n|upkeep\n|turn|11\n|inactive|Time left: 300 sec this turn | 300 sec total\n|\n|t:|1783543898\n|move|p1a: Empoleon|Surf|p2a: Crawdaunt\n|-resisted|p2a: Crawdaunt\n|-damage|p2a: Crawdaunt|46/243\n|move|p2a: Crawdaunt|Dragon Dance|p2a: Crawdaunt\n|-boost|p2a: Crawdaunt|atk|1\n|-boost|p2a: Crawdaunt|spe|1\n|\n|upkeep\n|turn|12\n|inactive|Time left: 300 sec this turn | 300 sec total\n|\n|t:|1783543899\n|move|p2a: Crawdaunt|Knock Off|p1a: Empoleon\n|-damage|p1a: Empoleon|0 fnt\n|faint|p1a: Empoleon\n|-damage|p2a: Crawdaunt|22/243|[from] item: Life Orb\n|\n|upkeep\n|\n|t:|1783543900\n|switch|p1a: Serperior|Serperior, L79, F|42/100\n|turn|13\n|inactive|Time left: 300 sec this turn | 300 sec total\n|\n|t:|1783543900\n|move|p1a: Serperior|Leaf Storm|p2a: Crawdaunt\n|-supereffective|p2a: Crawdaunt\n|-damage|p2a: Crawdaunt|0 fnt\n|-boost|p1a: Serperior|spa|2\n|faint|p2a: Crawdaunt\n|-damage|p1a: Serperior|33/100|[from] item: Life Orb\n|\n|upkeep\n|inactive|Time left: 300 sec this turn | 300 sec total | 5 sec grace\n|\n|t:|1783543901\n|switch|p2a: Swanna|Swanna, L89, F|256/278\n|turn|14\n|inactive|Time left: 300 sec this turn | 300 sec total\n|\n|t:|1783543902\n|move|p2a: Swanna|Brave Bird|p1a: Serperior\n|-supereffective|p1a: Serperior\n|-damage|p1a: Serperior|0 fnt\n|faint|p1a: Serperior\n|-damage|p2a: Swanna|230/278|[from] Recoil\n|\n|upkeep\n|\n|t:|1783543903\n|switch|p1a: Reshiram|Reshiram, L76|100/100\n|-ability|p1a: Reshiram|Turboblaze\n|turn|15\n|inactive|Time left: 300 sec this turn | 300 sec total\n|\n|t:|1783543904\n|switch|p2a: Rhydon|Rhydon, L85, F|317/317\n|move|p1a: Reshiram|Dragon Tail|p2a: Rhydon\n|-damage|p2a: Rhydon|287/317\n|drag|p2a: Swanna|Swanna, L89, F|230/278\n|\n|upkeep\n|turn|16\n|inactive|Time left: 300 sec this turn | 300 sec total\n|\n|t:|1783543905\n|move|p2a: Swanna|Hydro Pump|p1a: Reshiram\n|-damage|p1a: Reshiram|63/100\n|move|p1a: Reshiram|Blue Flare|p2a: Swanna\n|-resisted|p2a: Swanna\n|-crit|p2a: Swanna\n|-damage|p2a: Swanna|77/278\n|\n|upkeep\n|turn|17\n|inactive|Time left: 300 sec this turn | 300 sec total\n|\n|t:|1783543906\n|move|p2a: Swanna|Roost|p2a: Swanna\n|-heal|p2a: Swanna|216/278\n|-singleturn|p2a: Swanna|move: Roost\n|move|p1a: Reshiram|Blue Flare|p2a: Swanna\n|-resisted|p2a: Swanna\n|-damage|p2a: Swanna|116/278\n|\n|upkeep\n|turn|18\n|inactive|Time left: 300 sec this turn | 300 sec total\n|\n|t:|1783543907\n|move|p2a: Swanna|Roost|p2a: Swanna\n|-heal|p2a: Swanna|255/278\n|-singleturn|p2a: Swanna|move: Roost\n|move|p1a: Reshiram|Blue Flare|p2a: Swanna\n|-resisted|p2a: Swanna\n|-damage|p2a: Swanna|153/278\n|\n|upkeep\n|turn|19\n|inactive|Time left: 300 sec this turn | 300 sec total\n|\n|t:|1783543908\n|move|p2a: Swanna|Roost|p2a: Swanna\n|-heal|p2a: Swanna|278/278\n|-singleturn|p2a: Swanna|move: Roost\n|move|p1a: Reshiram|Blue Flare|p2a: Swanna\n|-resisted|p2a: Swanna\n|-damage|p2a: Swanna|177/278\n|-status|p2a: Swanna|brn\n|\n|-damage|p2a: Swanna|160/278 brn|[from] brn\n|upkeep\n|turn|20\n|inactive|Time left: 300 sec this turn | 300 sec total\n|\n|t:|1783543909\n|move|p2a: Swanna|Roost|p2a: Swanna\n|-heal|p2a: Swanna|278/278 brn\n|-singleturn|p2a: Swanna|move: Roost\n|move|p1a: Reshiram|Dragon Tail|p2a: Swanna\n|-damage|p2a: Swanna|200/278 brn\n|drag|p2a: Rhydon|Rhydon, L85, F|287/317\n|\n|upkeep\n|turn|21\n|inactive|Time left: 300 sec this turn | 300 sec total\n|\n|t:|1783543910\n|move|p1a: Reshiram|Earth Power|p2a: Rhydon\n|-supereffective|p2a: Rhydon\n|-damage|p2a: Rhydon|117/317\n|move|p2a: Rhydon|Earthquake|p1a: Reshiram\n|-supereffective|p1a: Reshiram\n|-damage|p1a: Reshiram|0 fnt\n|faint|p1a: Reshiram\n|\n|upkeep\n|\n|t:|1783543912\n|switch|p1a: Grumpig|Grumpig, L92, F|100/100\n|turn|22\n|inactive|Time left: 300 sec this turn | 300 sec total\n|\n|t:|1783543913\n|move|p1a: Grumpig|Shadow Ball|p2a: Rhydon\n|-damage|p2a: Rhydon|47/317\n|-unboost|p2a: Rhydon|spd|1\n|move|p2a: Rhydon|Megahorn|p1a: Grumpig\n|-supereffective|p1a: Grumpig\n|-damage|p1a: Grumpig|10/100\n|\n|upkeep\n|turn|23\n|inactive|Time left: 300 sec this turn | 300 sec total\n|\n|t:|1783543914\n|switch|p2a: Iron Boulder|Iron Boulder, L77|265/265\n|-enditem|p2a: Iron Boulder|Booster Energy\n|-activate|p2a: Iron Boulder|ability: Quark Drive|[fromitem]\n|-start|p2a: Iron Boulder|quarkdrivespe\n|-terastallize|p1a: Grumpig|Psychic\n|move|p1a: Grumpig|Shadow Ball|p2a: Iron Boulder\n|-supereffective|p2a: Iron Boulder\n|-damage|p2a: Iron Boulder|155/265\n|\n|upkeep\n|turn|24\n|inactive|Time left: 300 sec this turn | 300 sec total\n|\n|t:|1783543915\n|move|p2a: Iron Boulder|Mighty Cleave|p1a: Grumpig\n|-damage|p1a: Grumpig|0 fnt\n|faint|p1a: Grumpig\n|\n|win|p0y364aa50", "uploadtime": 1783543915, "views": 0, "rating": 0, "private": 0, "password": null, "_winner": "p0y364aa50", "_our_name": "p0y364aa50"}