{"id": "battle-gen9randombattle-983", "formatid": "gen9randombattle", "format": "[Gen 9] Random Battle", "players": ["p0x98300f1", "p0y983344b"], "log": "|init|battle\n|title|p0x98300f1 vs. p0y983344b\n|j|\u2606p0x98300f1\n|j|\u2606p0y983344b\n|t:|1783551314\n|gametype|singles\n|player|p1|p0x98300f1|102|\n|player|p2|p0y983344b|169|\n|gen|9\n|tier|[Gen 9] Random Battle\n|rule|Species Clause: Limit one of each Pok\u00e9mon\n|rule|HP Percentage Mod: HP is shown in percentages\n|rule|Sleep Clause Mod: Limit one foe put to sleep\n|rule|Illusion Level Mod: Illusion disguises the Pok\u00e9mon's true level\n|\n|t:|1783551314\n|teamsize|p1|6\n|teamsize|p2|6\n|start\n|switch|p1a: Basculegion|Basculegion, L80, M|323/323\n|switch|p2a: Hatterene|Hatterene, L85, F|100/100\n|turn|1\n|inactive|Battle timer is ON: inactive players will automatically lose when time's up. (requested by p0x98300f1)\n|inactive|p0y983344b also wants the timer to be on.\n|\n|t:|1783551316\n|switch|p2a: Gogoat|Gogoat, L88, F|100/100\n|move|p1a: Basculegion|Shadow Ball|p2a: Gogoat\n|-crit|p2a: Gogoat\n|-damage|p2a: Gogoat|62/100\n|\n|-heal|p2a: Gogoat|68/100|[from] item: Leftovers\n|upkeep\n|turn|2\n|inactive|Time left: 300 sec this turn | 300 sec total\n|\n|t:|1783551317\n|move|p1a: Basculegion|Flip Turn|p2a: Gogoat\n|-resisted|p2a: Gogoat\n|-damage|p2a: Gogoat|52/100\n|inactive|Time left: 300 sec this turn | 300 sec total | 5 sec grace\n|\n|t:|1783551318\n|switch|p1a: Reshiram|Reshiram, L76|277/277|[from] Flip Turn\n|-ability|p1a: Reshiram|Turboblaze\n|move|p2a: Gogoat|Horn Leech|p1a: Reshiram\n|-resisted|p1a: Reshiram\n|-damage|p1a: Reshiram|256/277\n|-heal|p2a: Gogoat|55/100|[from] drain|[of] p1a: Reshiram\n|\n|-heal|p2a: Gogoat|62/100|[from] item: Leftovers\n|upkeep\n|turn|3\n|inactive|Time left: 300 sec this turn | 300 sec total\n|\n|t:|1783551320\n|switch|p2a: Hatterene|Hatterene, L85, F|100/100\n|move|p1a: Reshiram|Outrage|p2a: Hatterene\n|-immune|p2a: Hatterene\n|\n|upkeep\n|turn|4\n|inactive|Time left: 300 sec this turn | 300 sec total\n|\n|t:|1783551321\n|move|p1a: Reshiram|Dragon Dance|p1a: Reshiram\n|-boost|p1a: Reshiram|atk|1\n|-boost|p1a: Reshiram|spe|1\n|move|p2a: Hatterene|Psychic Noise|p1a: Reshiram\n|-damage|p1a: Reshiram|162/277\n|-start|p1a: Reshiram|move: Heal Block\n|\n|upkeep\n|turn|5\n|inactive|Time left: 300 sec this turn | 300 sec total\n|\n|t:|1783551322\n|move|p1a: Reshiram|Flare Blitz|p2a: Hatterene\n|-damage|p2a: Hatterene|31/100\n|-damage|p1a: Reshiram|108/277|[from] Recoil\n|move|p2a: Hatterene|Psychic Noise|p1a: Reshiram\n|-damage|p1a: Reshiram|18/277\n|\n|-end|p1a: Reshiram|move: Heal Block\n|upkeep\n|turn|6\n|inactive|Time left: 300 sec this turn | 300 sec total\n|\n|t:|1783551323\n|switch|p2a: Politoed|Politoed, L88, F|100/100\n|-weather|RainDance|[from] ability: Drizzle|[of] p2a: Politoed\n|move|p1a: Reshiram|Stone Edge|p2a: Politoed\n|-damage|p2a: Politoed|65/100\n|\n|-weather|RainDance|[upkeep]\n|upkeep\n|turn|7\n|inactive|Time left: 300 sec this turn | 300 sec total\n|\n|t:|1783551324\n|move|p1a: Reshiram|Outrage|p2a: Politoed\n|-damage|p2a: Politoed|0 fnt\n|faint|p2a: Politoed\n|\n|-weather|RainDance|[upkeep]\n|upkeep\n|\n|t:|1783551325\n|switch|p2a: Hatterene|Hatterene, L85, F|31/100\n|turn|8\n|inactive|Time left: 300 sec this turn | 300 sec total\n|\n|t:|1783551326\n|move|p1a: Reshiram|Outrage|p2a: Hatterene|[from] lockedmove\n|-immune|p2a: Hatterene\n|-start|p1a: Reshiram|confusion|[fatigue]\n|move|p2a: Hatterene|Draining Kiss|p1a: Reshiram\n|-damage|p1a: Reshiram|0 fnt\n|-heal|p2a: Hatterene|37/100|[from] drain|[of] p1a: Reshiram\n|faint|p1a: Reshiram\n|\n|-weather|RainDance|[upkeep]\n|upkeep\n|inactive|Time left: 300 sec this turn | 300 sec total | 5 sec grace\n|\n|t:|1783551326\n|switch|p1a: Basculegion|Basculegion, L80, M|323/323\n|turn|9\n|inactive|Time left: 300 sec this turn | 300 sec total\n|\n|t:|1783551327\n|switch|p2a: Gogoat|Gogoat, L88, F|62/100\n|move|p1a: Basculegion|Wave Crash|p2a: Gogoat\n|-resisted|p2a: Gogoat\n|-damage|p2a: Gogoat|20/100\n|-damage|p1a: Basculegion|273/323|[from] Recoil\n|\n|-weather|RainDance|[upkeep]\n|-heal|p2a: Gogoat|26/100|[from] item: Leftovers\n|upkeep\n|turn|10\n|inactive|Time left: 300 sec this turn | 300 sec total\n|\n|t:|1783551328\n|move|p1a: Basculegion|Wave Crash|p2a: Gogoat\n|-resisted|p2a: Gogoat\n|-damage|p2a: Gogoat|0 fnt\n|faint|p2a: Gogoat\n|-damage|p1a: Basculegion|243/323|[from] Recoil\n|\n|-weather|none\n|upkeep\n|\n|t:|1783551329\n|switch|p2a: Veluza|Veluza, L85, F|100/100\n|turn|11\n|inactive|Time left: 300 sec this turn | 300 sec total\n|\n|t:|1783551330\n|move|p1a: Basculegion|Shadow Ball|p2a: Veluza\n|-supereffective|p2a: Veluza\n|-damage|p2a: Veluza|17/100\n|move|p2a: Veluza|Night Slash|p1a: Basculegion\n|-supereffective|p1a: Basculegion\n|-damage|p1a: Basculegion|0 fnt\n|faint|p1a: Basculegion\n|\n|upkeep\n|inactive|Time left: 300 sec this turn | 300 sec total | 5 sec grace\n|\n|t:|1783551331\n|switch|p1a: Excadrill|Excadrill, L79, F|303/303\n|-ability|p1a: Excadrill|Mold Breaker\n|turn|12\n|inactive|Time left: 300 sec this turn | 300 sec total\n|\n|t:|1783551332\n|switch|p2a: Sandaconda|Sandaconda, L84, M|100/100\n|move|p1a: Excadrill|Earthquake|p2a: Sandaconda\n|-damage|p2a: Sandaconda|66/100\n|\n|-heal|p2a: Sandaconda|73/100|[from] item: Leftovers\n|upkeep\n|turn|13\n|inactive|Time left: 300 sec this turn | 300 sec total\n|\n|t:|1783551333\n|-terastallize|p1a: Excadrill|Ground\n|move|p1a: Excadrill|Swords Dance|p1a: Excadrill\n|-boost|p1a: Excadrill|atk|2\n|move|p2a: Sandaconda|Earthquake|p1a: Excadrill\n|-damage|p1a: Excadrill|135/303\n|\n|-heal|p1a: Excadrill|153/303|[from] item: Leftovers\n|-heal|p2a: Sandaconda|79/100|[from] item: Leftovers\n|upkeep\n|turn|14\n|inactive|Time left: 300 sec this turn | 300 sec total\n|\n|t:|1783551334\n|switch|p2a: Oricorio|Oricorio, L84, F|100/100\n|move|p1a: Excadrill|Earthquake|p2a: Oricorio\n|-immune|p2a: Oricorio\n|\n|-heal|p1a: Excadrill|171/303|[from] item: Leftovers\n|upkeep\n|turn|15\n|inactive|Time left: 300 sec this turn | 300 sec total\n|\n|t:|1783551335\n|move|p2a: Oricorio|Quiver Dance|p2a: Oricorio\n|-boost|p2a: Oricorio|spa|1\n|-boost|p2a: Oricorio|spd|1\n|-boost|p2a: Oricorio|spe|1\n|move|p1a: Excadrill|Rapid Spin|p2a: Oricorio\n|-damage|p2a: Oricorio|65/100\n|-boost|p1a: Excadrill|spe|1\n|\n|-heal|p1a: Excadrill|189/303|[from] item: Leftovers\n|upkeep\n|turn|16\n|inactive|Time left: 300 sec this turn | 300 sec total\n|\n|t:|1783551336\n|move|p2a: Oricorio|Quiver Dance|p2a: Oricorio\n|-boost|p2a: Oricorio|spa|1\n|-boost|p2a: Oricorio|spd|1\n|-boost|p2a: Oricorio|spe|1\n|move|p1a: Excadrill|Rapid Spin|p2a: Oricorio\n|-damage|p2a: Oricorio|31/100\n|-boost|p1a: Excadrill|spe|1\n|\n|-heal|p1a: Excadrill|207/303|[from] item: Leftovers\n|upkeep\n|turn|17\n|inactive|Time left: 300 sec this turn | 300 sec total\n|\n|t:|1783551337\n|move|p2a: Oricorio|Revelation Dance|p1a: Excadrill\n|-damage|p1a: Excadrill|0 fnt\n|faint|p1a: Excadrill\n|\n|upkeep\n|inactive|Time left: 300 sec this turn | 300 sec total | 5 sec grace\n|\n|t:|1783551338\n|switch|p1a: Mudsdale|Mudsdale, L83, F|302/302\n|turn|18\n|inactive|Time left: 300 sec this turn | 300 sec total\n|\n|t:|1783551339\n|move|p2a: Oricorio|Hurricane|p1a: Mudsdale\n|-damage|p1a: Mudsdale|61/302\n|-start|p1a: Mudsdale|confusion\n|-ability|p1a: Mudsdale|Stamina|boost\n|-boost|p1a: Mudsdale|def|1\n|-activate|p1a: Mudsdale|confusion\n|-damage|p1a: Mudsdale|40/302|[from] confusion\n|\n|-heal|p1a: Mudsdale|58/302|[from] item: Leftovers\n|upkeep\n|turn|19\n|inactive|Time left: 300 sec this turn | 300 sec total\n|\n|t:|1783551340\n|move|p2a: Oricorio|Revelation Dance|p1a: Mudsdale\n|-damage|p1a: Mudsdale|0 fnt\n|faint|p1a: Mudsdale\n|\n|upkeep\n|inactive|Time left: 300 sec this turn | 300 sec total | 5 sec grace\n|\n|t:|1783551342\n|switch|p1a: Smeargle|Smeargle, L95, M|258/258\n|turn|20\n|inactive|Time left: 300 sec this turn | 300 sec total\n|\n|t:|1783551343\n|move|p2a: Oricorio|Revelation Dance|p1a: Smeargle\n|-enditem|p1a: Smeargle|Focus Sash\n|-damage|p1a: Smeargle|1/258\n|move|p1a: Smeargle|Whirlwind|p2a: Oricorio\n|drag|p2a: Veluza|Veluza, L85, F|17/100\n|\n|upkeep\n|turn|21\n|inactive|Time left: 300 sec this turn | 300 sec total\n|\n|t:|1783551344\n|switch|p2a: Hatterene|Hatterene, L85, F|37/100\n|move|p1a: Smeargle|Ceaseless Edge|p2a: Hatterene|[miss]\n|-miss|p1a: Smeargle|p2a: Hatterene\n|\n|upkeep\n|turn|22\n|inactive|Time left: 300 sec this turn | 300 sec total\n|\n|t:|1783551345\n|switch|p2a: Sandaconda|Sandaconda, L84, M|79/100\n|move|p1a: Smeargle|Ceaseless Edge|p2a: Sandaconda|[miss]\n|-miss|p1a: Smeargle|p2a: Sandaconda\n|\n|-heal|p2a: Sandaconda|85/100|[from] item: Leftovers\n|upkeep\n|turn|23\n|inactive|Time left: 300 sec this turn | 300 sec total\n|\n|t:|1783551346\n|switch|p2a: Hatterene|Hatterene, L85, F|37/100\n|move|p1a: Smeargle|Ceaseless Edge|p2a: Hatterene\n|-damage|p2a: Hatterene|27/100\n|-sidestart|p2: p0y983344b|Spikes\n|\n|upkeep\n|turn|24\n|inactive|Time left: 300 sec this turn | 300 sec total\n|\n|t:|1783551347\n|move|p1a: Smeargle|Ceaseless Edge|p2a: Hatterene\n|-damage|p2a: Hatterene|18/100\n|-sidestart|p2: p0y983344b|Spikes\n|move|p2a: Hatterene|Psychic Noise|p1a: Smeargle\n|-damage|p1a: Smeargle|0 fnt\n|faint|p1a: Smeargle\n|\n|upkeep\n|inactive|Time left: 300 sec this turn | 300 sec total | 5 sec grace\n|\n|t:|1783551348\n|switch|p1a: Carbink|Carbink, L90|236/236\n|turn|25\n|inactive|Time left: 300 sec this turn | 300 sec total\n|\n|t:|1783551349\n|move|p1a: Carbink|Moonblast|p2a: Hatterene\n|-damage|p2a: Hatterene|0 fnt\n|faint|p2a: Hatterene\n|\n|upkeep\n|\n|t:|1783551350\n|switch|p2a: Oricorio|Oricorio, L84, F|31/100\n|turn|26\n|inactive|Time left: 300 sec this turn | 300 sec total\n|\n|t:|1783551351\n|-terastallize|p2a: Oricorio|Ground\n|move|p2a: Oricorio|Revelation Dance|p1a: Carbink\n|-supereffective|p1a: Carbink\n|-damage|p1a: Carbink|114/236\n|move|p1a: Carbink|Iron Defense|p1a: Carbink\n|-boost|p1a: Carbink|def|2\n|\n|upkeep\n|turn|27\n|inactive|Time left: 300 sec this turn | 300 sec total\n|\n|t:|1783551352\n|move|p2a: Oricorio|Revelation Dance|p1a: Carbink\n|-supereffective|p1a: Carbink\n|-damage|p1a: Carbink|6/236\n|move|p1a: Carbink|Rest|p1a: Carbink\n|-status|p1a: Carbink|slp|[from] move: Rest\n|-heal|p1a: Carbink|236/236 slp|[silent]\n|-enditem|p1a: Carbink|Chesto Berry|[eat]\n|-curestatus|p1a: Carbink|slp|[msg]\n|\n|upkeep\n|turn|28\n|inactive|Time left: 300 sec this turn | 300 sec total\n|\n|t:|1783551353\n|move|p2a: Oricorio|Revelation Dance|p1a: Carbink\n|-supereffective|p1a: Carbink\n|-damage|p1a: Carbink|116/236\n|move|p1a: Carbink|Body Press|p2a: Oricorio\n|-damage|p2a: Oricorio|0 fnt\n|faint|p2a: Oricorio\n|\n|upkeep\n|\n|t:|1783551354\n|switch|p2a: Sandaconda|Sandaconda, L84, M|85/100\n|-damage|p2a: Sandaconda|68/100|[from] Spikes\n|turn|29\n|inactive|Time left: 300 sec this turn | 300 sec total\n|\n|t:|1783551355\n|move|p2a: Sandaconda|Earthquake|p1a: Carbink\n|-supereffective|p1a: Carbink\n|-damage|p1a: Carbink|42/236\n|move|p1a: Carbink|Rest|p1a: Carbink\n|-status|p1a: Carbink|slp|[from] move: Rest\n|-heal|p1a: Carbink|236/236 slp|[silent]\n|\n|-heal|p2a: Sandaconda|75/100|[from] item: Leftovers\n|upkeep\n|turn|30\n|inactive|Time left: 300 sec this turn | 300 sec total\n|\n|t:|1783551356\n|move|p2a: Sandaconda|Coil|p2a: Sandaconda\n|-boost|p2a: Sandaconda|atk|1\n|-boost|p2a: Sandaconda|def|1\n|-boost|p2a: Sandaconda|accuracy|1\n|cant|p1a: Carbink|slp\n|\n|-heal|p2a: Sandaconda|81/100|[from] item: Leftovers\n|upkeep\n|turn|31\n|inactive|Time left: 300 sec this turn | 300 sec total\n|\n|t:|1783551357\n|move|p2a: Sandaconda|Earthquake|p1a: Carbink\n|-supereffective|p1a: Carbink\n|-damage|p1a: Carbink|132/236 slp\n|cant|p1a: Carbink|slp\n|\n|-heal|p2a: Sandaconda|87/100|[from] item: Leftovers\n|upkeep\n|turn|32\n|inactive|Time left: 300 sec this turn | 300 sec total\n|\n|t:|1783551358\n|move|p2a: Sandaconda|Earthquake|p1a: Carbink\n|-supereffective|p1a: Carbink\n|-damage|p1a: Carbink|34/236 slp\n|-curestatus|p1a: Carbink|slp|[msg]\n|move|p1a: Carbink|Rest|p1a: Carbink\n|-status|p1a: Carbink|slp|[from] move: Rest\n|-heal|p1a: Carbink|236/236 slp|[silent]\n|\n|-heal|p2a: Sandaconda|93/100|[from] item: Leftovers\n|upkeep\n|turn|33\n|inactive|Time left: 300 sec this turn | 300 sec total\n|\n|t:|1783551359\n|move|p2a: Sandaconda|Earthquake|p1a: Carbink\n|-supereffective|p1a: Carbink\n|-damage|p1a: Carbink|132/236 slp\n|cant|p1a: Carbink|slp\n|\n|-heal|p2a: Sandaconda|99/100|[from] item: Leftovers\n|upkeep\n|turn|34\n|inactive|Time left: 300 sec this turn | 300 sec total\n|\n|t:|1783551360\n|move|p2a: Sandaconda|Earthquake|p1a: Carbink\n|-supereffective|p1a: Carbink\n|-damage|p1a: Carbink|34/236 slp\n|cant|p1a: Carbink|slp\n|\n|-heal|p2a: Sandaconda|100/100|[from] item: Leftovers\n|upkeep\n|turn|35\n|inactive|Time left: 300 sec this turn | 300 sec total\n|\n|t:|1783551361\n|move|p2a: Sandaconda|Earthquake|p1a: Carbink\n|-supereffective|p1a: Carbink\n|-crit|p1a: Carbink\n|-damage|p1a: Carbink|0 fnt\n|faint|p1a: Carbink\n|\n|win|p0y983344b", "uploadtime": 1783551361, "views": 0, "rating": 0, "private": 0, "password": null, "_winner": "p0y983344b", "_our_name": "p0x98300f1"}