{"id": "battle-gen9randombattle-2176", "formatid": "gen9randombattle", "format": "[Gen 9] Random Battle", "players": ["p0x2176a9e3", "p0y2176ee5a"], "log": "|init|battle\n|title|p0x2176a9e3 vs. p0y2176ee5a\n|j|\u2606p0x2176a9e3\n|j|\u2606p0y2176ee5a\n|t:|1783565223\n|gametype|singles\n|player|p1|p0x2176a9e3|2|\n|player|p2|p0y2176ee5a|101|\n|gen|9\n|tier|[Gen 9] Random Battle\n|rule|Species Clause: Limit one of each Pok\u00e9mon\n|rule|HP Percentage Mod: HP is shown in percentages\n|rule|Sleep Clause Mod: Limit one foe put to sleep\n|rule|Illusion Level Mod: Illusion disguises the Pok\u00e9mon's true level\n|\n|t:|1783565223\n|teamsize|p1|6\n|teamsize|p2|6\n|start\n|switch|p1a: Sinistcha|Sinistcha-Masterpiece, L83|100/100\n|switch|p2a: Bisharp|Bisharp, L79, M|232/232\n|turn|1\n|inactive|Battle timer is ON: inactive players will automatically lose when time's up. (requested by p0x2176a9e3)\n|inactive|Time left: 300 sec this turn | 300 sec total | 60 sec grace\n|\n|t:|1783565224\n|move|p1a: Sinistcha|Calm Mind|p1a: Sinistcha\n|-boost|p1a: Sinistcha|spa|1\n|-boost|p1a: Sinistcha|spd|1\n|move|p2a: Bisharp|Stealth Rock|p1a: Sinistcha\n|-sidestart|p1: p0x2176a9e3|move: Stealth Rock\n|\n|upkeep\n|turn|2\n|inactive|Time left: 300 sec this turn | 300 sec total\n|inactive|p0y2176ee5a also wants the timer to be on.\n|\n|t:|1783565225\n|move|p1a: Sinistcha|Matcha Gotcha|p2a: Bisharp\n|-resisted|p2a: Bisharp\n|-damage|p2a: Bisharp|166/232\n|move|p2a: Bisharp|Throat Chop|p1a: Sinistcha\n|-supereffective|p1a: Sinistcha\n|-damage|p1a: Sinistcha|39/100\n|-start|p1a: Sinistcha|Throat Chop|[silent]\n|\n|-heal|p1a: Sinistcha|45/100|[from] item: Leftovers\n|upkeep\n|turn|3\n|inactive|Time left: 300 sec this turn | 300 sec total\n|\n|t:|1783565226\n|-terastallize|p1a: Sinistcha|Steel\n|move|p1a: Sinistcha|Matcha Gotcha|p2a: Bisharp\n|-resisted|p2a: Bisharp\n|-damage|p2a: Bisharp|109/232\n|-heal|p1a: Sinistcha|56/100|[from] drain|[of] p2a: Bisharp\n|move|p2a: Bisharp|Throat Chop|p1a: Sinistcha\n|-damage|p1a: Sinistcha|26/100\n|\n|-heal|p1a: Sinistcha|32/100|[from] item: Leftovers\n|-end|p1a: Sinistcha|Throat Chop|[silent]\n|upkeep\n|turn|4\n|inactive|Time left: 300 sec this turn | 300 sec total\n|\n|t:|1783565226\n|move|p1a: Sinistcha|Matcha Gotcha|p2a: Bisharp\n|-resisted|p2a: Bisharp\n|-damage|p2a: Bisharp|46/232\n|-heal|p1a: Sinistcha|45/100|[from] drain|[of] p2a: Bisharp\n|move|p2a: Bisharp|Throat Chop|p1a: Sinistcha\n|-damage|p1a: Sinistcha|12/100\n|-start|p1a: Sinistcha|Throat Chop|[silent]\n|\n|-heal|p1a: Sinistcha|17/100|[from] item: Leftovers\n|upkeep\n|turn|5\n|inactive|Time left: 300 sec this turn | 300 sec total\n|\n|t:|1783565227\n|switch|p2a: Malamar|Malamar, L82, F|275/275\n|move|p1a: Sinistcha|Strength Sap|p2a: Malamar\n|-boost|p2a: Malamar|atk|1\n|-heal|p1a: Sinistcha|95/100\n|\n|-heal|p1a: Sinistcha|100/100|[from] item: Leftovers\n|-end|p1a: Sinistcha|Throat Chop|[silent]\n|upkeep\n|turn|6\n|inactive|Time left: 300 sec this turn | 300 sec total\n|\n|t:|1783565228\n|move|p2a: Malamar|Superpower|p1a: Sinistcha\n|-supereffective|p1a: Sinistcha\n|-damage|p1a: Sinistcha|24/100\n|-boost|p2a: Malamar|atk|1\n|-boost|p2a: Malamar|def|1\n|move|p1a: Sinistcha|Matcha Gotcha|p2a: Malamar\n|-damage|p2a: Malamar|103/275\n|-heal|p1a: Sinistcha|58/100|[from] drain|[of] p2a: Malamar\n|\n|-heal|p1a: Sinistcha|64/100|[from] item: Leftovers\n|upkeep\n|turn|7\n|inactive|Time left: 300 sec this turn | 300 sec total\n|\n|t:|1783565229\n|move|p2a: Malamar|Superpower|p1a: Sinistcha\n|-supereffective|p1a: Sinistcha\n|-damage|p1a: Sinistcha|0 fnt\n|-boost|p2a: Malamar|atk|1\n|-boost|p2a: Malamar|def|1\n|faint|p1a: Sinistcha\n|\n|upkeep\n|\n|t:|1783565230\n|switch|p1a: Jolteon|Jolteon, L84, M|100/100\n|-damage|p1a: Jolteon|88/100|[from] Stealth Rock\n|turn|8\n|inactive|Time left: 300 sec this turn | 300 sec total\n|\n|t:|1783565231\n|switch|p2a: Pachirisu|Pachirisu, L96, F|271/271\n|move|p1a: Jolteon|Thunderbolt|p2a: Pachirisu\n|-immune|p2a: Pachirisu|[from] ability: Volt Absorb\n|\n|upkeep\n|turn|9\n|inactive|Time left: 300 sec this turn | 300 sec total\n|\n|t:|1783565232\n|move|p1a: Jolteon|Calm Mind|p1a: Jolteon\n|-boost|p1a: Jolteon|spa|1\n|-boost|p1a: Jolteon|spd|1\n|move|p2a: Pachirisu|Super Fang|p1a: Jolteon\n|-damage|p1a: Jolteon|44/100\n|\n|upkeep\n|turn|10\n|inactive|Time left: 300 sec this turn | 300 sec total\n|\n|t:|1783565233\n|switch|p2a: Heracross|Heracross, L80, M|259/259\n|move|p1a: Jolteon|Alluring Voice|p2a: Heracross\n|-supereffective|p2a: Heracross\n|-damage|p2a: Heracross|2/259\n|-damage|p1a: Jolteon|35/100|[from] item: Life Orb\n|\n|upkeep\n|turn|11\n|inactive|Time left: 300 sec this turn | 300 sec total\n|\n|t:|1783565234\n|move|p2a: Heracross|Close Combat|p1a: Jolteon\n|-damage|p1a: Jolteon|0 fnt\n|-unboost|p2a: Heracross|def|1\n|-unboost|p2a: Heracross|spd|1\n|faint|p1a: Jolteon\n|-ability|p2a: Heracross|Moxie|boost\n|-boost|p2a: Heracross|atk|1\n|\n|upkeep\n|\n|t:|1783565235\n|switch|p1a: Leavanny|Leavanny, L86, M|100/100\n|-damage|p1a: Leavanny|76/100|[from] Stealth Rock\n|turn|12\n|inactive|Time left: 300 sec this turn | 300 sec total\n|\n|t:|1783565236\n|move|p2a: Heracross|Close Combat|p1a: Leavanny\n|-resisted|p1a: Leavanny\n|-damage|p1a: Leavanny|32/100\n|-unboost|p2a: Heracross|def|1\n|-unboost|p2a: Heracross|spd|1\n|move|p1a: Leavanny|Sticky Web|p2a: Heracross\n|-sidestart|p2: p0y2176ee5a|move: Sticky Web\n|\n|upkeep\n|turn|13\n|inactive|Time left: 300 sec this turn | 300 sec total\n|\n|t:|1783565237\n|switch|p1a: Seviper|Seviper, L93, M|100/100\n|-damage|p1a: Seviper|88/100|[from] Stealth Rock\n|move|p2a: Heracross|Close Combat|p1a: Seviper\n|-resisted|p1a: Seviper\n|-damage|p1a: Seviper|41/100\n|-unboost|p2a: Heracross|def|1\n|-unboost|p2a: Heracross|spd|1\n|\n|-heal|p1a: Seviper|47/100|[from] item: Leftovers\n|upkeep\n|turn|14\n|inactive|Time left: 300 sec this turn | 300 sec total\n|\n|t:|1783565238\n|move|p2a: Heracross|Close Combat|p1a: Seviper\n|-resisted|p1a: Seviper\n|-damage|p1a: Seviper|6/100\n|-unboost|p2a: Heracross|def|1\n|-unboost|p2a: Heracross|spd|1\n|move|p1a: Seviper|Trailblaze|p2a: Heracross\n|-resisted|p2a: Heracross\n|-damage|p2a: Heracross|0 fnt\n|-boost|p1a: Seviper|spe|1\n|faint|p2a: Heracross\n|\n|-heal|p1a: Seviper|12/100|[from] item: Leftovers\n|upkeep\n|inactive|Time left: 300 sec this turn | 300 sec total | 5 sec grace\n|\n|t:|1783565240\n|switch|p2a: Malamar|Malamar, L82, F|103/275\n|-activate|p2a: Malamar|move: Sticky Web\n|-boost|p2a: Malamar|spe|1\n|turn|15\n|inactive|Time left: 300 sec this turn | 300 sec total\n|\n|t:|1783565241\n|move|p1a: Seviper|Gunk Shot|p2a: Malamar|[miss]\n|-miss|p1a: Seviper|p2a: Malamar\n|move|p2a: Malamar|Superpower|p1a: Seviper\n|-resisted|p1a: Seviper\n|-damage|p1a: Seviper|0 fnt\n|-boost|p2a: Malamar|atk|1\n|-boost|p2a: Malamar|def|1\n|faint|p1a: Seviper\n|\n|upkeep\n|\n|t:|1783565242\n|switch|p1a: Mudsdale|Mudsdale, L83, M|100/100\n|-damage|p1a: Mudsdale|95/100|[from] Stealth Rock\n|turn|16\n|inactive|Time left: 300 sec this turn | 300 sec total\n|\n|t:|1783565243\n|move|p2a: Malamar|Superpower|p1a: Mudsdale\n|-damage|p1a: Mudsdale|59/100\n|-boost|p2a: Malamar|atk|1\n|-boost|p2a: Malamar|def|1\n|-ability|p1a: Mudsdale|Stamina|boost\n|-boost|p1a: Mudsdale|def|1\n|move|p1a: Mudsdale|Roar|p2a: Malamar\n|drag|p2a: Oinkologne|Oinkologne-F, L92, F|361/361\n|-activate|p2a: Oinkologne|move: Sticky Web\n|-unboost|p2a: Oinkologne|spe|1\n|\n|-heal|p1a: Mudsdale|65/100|[from] item: Leftovers\n|upkeep\n|turn|17\n|inactive|Time left: 300 sec this turn | 300 sec total\n|\n|t:|1783565244\n|move|p2a: Oinkologne|Curse|p2a: Oinkologne\n|-unboost|p2a: Oinkologne|spe|1\n|-boost|p2a: Oinkologne|atk|1\n|-boost|p2a: Oinkologne|def|1\n|move|p1a: Mudsdale|Earthquake|p2a: Oinkologne\n|-damage|p2a: Oinkologne|268/361\n|\n|-heal|p1a: Mudsdale|71/100|[from] item: Leftovers\n|-heal|p2a: Oinkologne|290/361|[from] item: Leftovers\n|upkeep\n|turn|18\n|inactive|Time left: 300 sec this turn | 300 sec total\n|\n|t:|1783565245\n|move|p1a: Mudsdale|Earthquake|p2a: Oinkologne\n|-damage|p2a: Oinkologne|205/361\n|move|p2a: Oinkologne|Body Slam|p1a: Mudsdale\n|-damage|p1a: Mudsdale|41/100\n|-ability|p1a: Mudsdale|Stamina|boost\n|-boost|p1a: Mudsdale|def|1\n|\n|-heal|p1a: Mudsdale|47/100|[from] item: Leftovers\n|-heal|p2a: Oinkologne|227/361|[from] item: Leftovers\n|upkeep\n|turn|19\n|inactive|Time left: 300 sec this turn | 300 sec total\n|\n|t:|1783565246\n|move|p1a: Mudsdale|Earthquake|p2a: Oinkologne\n|-damage|p2a: Oinkologne|140/361\n|move|p2a: Oinkologne|Body Slam|p1a: Mudsdale\n|-damage|p1a: Mudsdale|23/100\n|-ability|p1a: Mudsdale|Stamina|boost\n|-boost|p1a: Mudsdale|def|1\n|\n|-heal|p1a: Mudsdale|29/100|[from] item: Leftovers\n|-heal|p2a: Oinkologne|162/361|[from] item: Leftovers\n|upkeep\n|turn|20\n|inactive|Time left: 300 sec this turn | 300 sec total\n|\n|t:|1783565247\n|move|p1a: Mudsdale|Earthquake|p2a: Oinkologne\n|-damage|p2a: Oinkologne|66/361\n|move|p2a: Oinkologne|Body Slam|p1a: Mudsdale\n|-crit|p1a: Mudsdale\n|-damage|p1a: Mudsdale|0 fnt\n|faint|p1a: Mudsdale\n|\n|-heal|p2a: Oinkologne|88/361|[from] item: Leftovers\n|upkeep\n|\n|t:|1783565248\n|switch|p1a: Passimian|Passimian, L83, F|100/100\n|-damage|p1a: Passimian|95/100|[from] Stealth Rock\n|turn|21\n|inactive|Time left: 300 sec this turn | 300 sec total\n|\n|t:|1783565249\n|move|p1a: Passimian|Bulk Up|p1a: Passimian\n|-boost|p1a: Passimian|atk|1\n|-boost|p1a: Passimian|def|1\n|move|p2a: Oinkologne|Body Slam|p1a: Passimian\n|-damage|p1a: Passimian|63/100\n|\n|-heal|p1a: Passimian|69/100|[from] item: Leftovers\n|-heal|p2a: Oinkologne|110/361|[from] item: Leftovers\n|upkeep\n|turn|22\n|inactive|Time left: 300 sec this turn | 300 sec total\n|\n|t:|1783565250\n|move|p1a: Passimian|Drain Punch|p2a: Oinkologne\n|-supereffective|p2a: Oinkologne\n|-damage|p2a: Oinkologne|0 fnt\n|-heal|p1a: Passimian|88/100|[from] drain|[of] p2a: Oinkologne\n|faint|p2a: Oinkologne\n|\n|-heal|p1a: Passimian|94/100|[from] item: Leftovers\n|upkeep\n|inactive|Time left: 300 sec this turn | 300 sec total | 5 sec grace\n|\n|t:|1783565251\n|switch|p2a: Jolteon|Jolteon, L84, F|246/246\n|-activate|p2a: Jolteon|move: Sticky Web\n|-unboost|p2a: Jolteon|spe|1\n|turn|23\n|inactive|Time left: 300 sec this turn | 300 sec total\n|\n|t:|1783565252\n|move|p1a: Passimian|Knock Off|p2a: Jolteon\n|-damage|p2a: Jolteon|83/246\n|-enditem|p2a: Jolteon|Life Orb|[from] move: Knock Off|[of] p1a: Passimian\n|move|p2a: Jolteon|Alluring Voice|p1a: Passimian\n|-supereffective|p1a: Passimian\n|-damage|p1a: Passimian|40/100\n|\n|-heal|p1a: Passimian|46/100|[from] item: Leftovers\n|upkeep\n|turn|24\n|inactive|Time left: 300 sec this turn | 300 sec total\n|\n|t:|1783565253\n|move|p1a: Passimian|Drain Punch|p2a: Jolteon\n|-damage|p2a: Jolteon|0 fnt\n|-heal|p1a: Passimian|60/100|[from] drain|[of] p2a: Jolteon\n|faint|p2a: Jolteon\n|\n|-heal|p1a: Passimian|66/100|[from] item: Leftovers\n|upkeep\n|inactive|Time left: 300 sec this turn | 300 sec total | 5 sec grace\n|\n|t:|1783565254\n|switch|p2a: Malamar|Malamar, L82, F|103/275\n|-activate|p2a: Malamar|move: Sticky Web\n|-boost|p2a: Malamar|spe|1\n|turn|25\n|inactive|Time left: 300 sec this turn | 300 sec total\n|\n|t:|1783565256\n|move|p2a: Malamar|Superpower|p1a: Passimian\n|-damage|p1a: Passimian|50/100\n|-boost|p2a: Malamar|atk|1\n|-boost|p2a: Malamar|def|1\n|move|p1a: Passimian|Drain Punch|p2a: Malamar\n|-damage|p2a: Malamar|3/275\n|-heal|p1a: Passimian|66/100|[from] drain|[of] p2a: Malamar\n|\n|-heal|p1a: Passimian|72/100|[from] item: Leftovers\n|upkeep\n|turn|26\n|inactive|Time left: 300 sec this turn | 300 sec total\n|\n|t:|1783565257\n|move|p2a: Malamar|Psycho Cut|p1a: Passimian\n|-supereffective|p1a: Passimian\n|-damage|p1a: Passimian|28/100\n|move|p1a: Passimian|Knock Off|p2a: Malamar\n|-crit|p2a: Malamar\n|-damage|p2a: Malamar|0 fnt\n|-enditem|p2a: Malamar|Chesto Berry|[from] move: Knock Off|[of] p1a: Passimian\n|faint|p2a: Malamar\n|\n|-heal|p1a: Passimian|34/100|[from] item: Leftovers\n|upkeep\n|inactive|Time left: 300 sec this turn | 300 sec total | 5 sec grace\n|\n|t:|1783565258\n|switch|p2a: Pachirisu|Pachirisu, L96, F|271/271\n|turn|27\n|inactive|Time left: 300 sec this turn | 300 sec total\n|\n|t:|1783565259\n|-terastallize|p2a: Pachirisu|Flying\n|move|p2a: Pachirisu|Discharge|p1a: Passimian\n|-damage|p1a: Passimian|5/100\n|move|p1a: Passimian|Drain Punch|p2a: Pachirisu\n|-resisted|p2a: Pachirisu\n|-damage|p2a: Pachirisu|204/271\n|-heal|p1a: Passimian|16/100|[from] drain|[of] p2a: Pachirisu\n|\n|-heal|p1a: Passimian|22/100|[from] item: Leftovers\n|upkeep\n|turn|28\n|inactive|Time left: 300 sec this turn | 300 sec total\n|\n|t:|1783565260\n|switch|p1a: Leavanny|Leavanny, L86, M|32/100\n|-damage|p1a: Leavanny|7/100|[from] Stealth Rock\n|move|p2a: Pachirisu|Discharge|p1a: Leavanny\n|-resisted|p1a: Leavanny\n|-damage|p1a: Leavanny|0 fnt\n|faint|p1a: Leavanny\n|\n|upkeep\n|\n|t:|1783565261\n|switch|p1a: Passimian|Passimian, L83, F|22/100\n|-damage|p1a: Passimian|16/100|[from] Stealth Rock\n|turn|29\n|inactive|Time left: 300 sec this turn | 300 sec total\n|\n|t:|1783565262\n|move|p2a: Pachirisu|Discharge|p1a: Passimian\n|-damage|p1a: Passimian|0 fnt\n|faint|p1a: Passimian\n|\n|win|p0y2176ee5a", "uploadtime": 1783565262, "views": 0, "rating": 0, "private": 0, "password": null, "_winner": "p0y2176ee5a", "_our_name": "p0y2176ee5a"}