{"id": "battle-gen9randombattle-210", "formatid": "gen9randombattle", "format": "[Gen 9] Random Battle", "players": ["p0x210c2cd", "p0y210d3fa"], "log": "|init|battle\n|title|p0x210c2cd vs. p0y210d3fa\n|j|\u2606p0x210c2cd\n|j|\u2606p0y210d3fa\n|t:|1783541992\n|gametype|singles\n|player|p1|p0x210c2cd|169|\n|player|p2|p0y210d3fa|169|\n|gen|9\n|tier|[Gen 9] Random Battle\n|rule|Species Clause: Limit one of each Pok\u00e9mon\n|rule|HP Percentage Mod: HP is shown in percentages\n|rule|Sleep Clause Mod: Limit one foe put to sleep\n|rule|Illusion Level Mod: Illusion disguises the Pok\u00e9mon's true level\n|\n|t:|1783541992\n|teamsize|p1|6\n|teamsize|p2|6\n|start\n|switch|p1a: Perrserker|Perrserker, L89, F|100/100\n|switch|p2a: Ursaring|Ursaring, L84, F|288/288\n|turn|1\n|inactive|Battle timer is ON: inactive players will automatically lose when time's up. (requested by p0x210c2cd)\n|inactive|Time left: 300 sec this turn | 300 sec total | 60 sec grace\n|inactive|p0y210d3fa also wants the timer to be on.\n|\n|t:|1783541994\n|move|p2a: Ursaring|Swords Dance|p2a: Ursaring\n|-boost|p2a: Ursaring|atk|2\n|move|p1a: Perrserker|Knock Off|p2a: Ursaring\n|-damage|p2a: Ursaring|90/288\n|-enditem|p2a: Ursaring|Toxic Orb|[from] move: Knock Off|[of] p1a: Perrserker\n|\n|upkeep\n|turn|2\n|inactive|Time left: 300 sec this turn | 300 sec total\n|\n|t:|1783541995\n|move|p2a: Ursaring|Close Combat|p1a: Perrserker\n|-supereffective|p1a: Perrserker\n|-damage|p1a: Perrserker|0 fnt\n|-unboost|p2a: Ursaring|def|1\n|-unboost|p2a: Ursaring|spd|1\n|faint|p1a: Perrserker\n|\n|upkeep\n|\n|t:|1783541996\n|switch|p1a: Braviary|Braviary-Hisui, L85, M|100/100\n|turn|3\n|inactive|Time left: 300 sec this turn | 300 sec total\n|\n|t:|1783541997\n|switch|p2a: Basculegion|Basculegion, L80, M|323/323\n|move|p1a: Braviary|Psychic|p2a: Basculegion\n|-damage|p2a: Basculegion|171/323\n|\n|upkeep\n|turn|4\n|inactive|Time left: 300 sec this turn | 300 sec total\n|\n|t:|1783541998\n|move|p2a: Basculegion|Shadow Ball|p1a: Braviary\n|-supereffective|p1a: Braviary\n|-damage|p1a: Braviary|35/100\n|-unboost|p1a: Braviary|spd|1\n|move|p1a: Braviary|Hurricane|p2a: Basculegion\n|-damage|p2a: Basculegion|0 fnt\n|faint|p2a: Basculegion\n|\n|upkeep\n|inactive|Time left: 300 sec this turn | 300 sec total | 5 sec grace\n|\n|t:|1783541999\n|switch|p2a: Vaporeon|Vaporeon, L86, M|364/364\n|turn|5\n|inactive|Time left: 300 sec this turn | 300 sec total\n|\n|t:|1783542000\n|switch|p1a: Archaludon|Archaludon, L78, M|100/100\n|move|p2a: Vaporeon|Scald|p1a: Archaludon\n|-resisted|p1a: Archaludon\n|-damage|p1a: Archaludon|77/100\n|-ability|p1a: Archaludon|Stamina|boost\n|-boost|p1a: Archaludon|def|1\n|\n|-heal|p1a: Archaludon|83/100|[from] item: Leftovers\n|upkeep\n|turn|6\n|inactive|Time left: 300 sec this turn | 300 sec total\n|\n|t:|1783542002\n|move|p1a: Archaludon|Stealth Rock|p2a: Vaporeon\n|-sidestart|p2: p0y210d3fa|move: Stealth Rock\n|move|p2a: Vaporeon|Calm Mind|p2a: Vaporeon\n|-boost|p2a: Vaporeon|spa|1\n|-boost|p2a: Vaporeon|spd|1\n|\n|-heal|p1a: Archaludon|89/100|[from] item: Leftovers\n|upkeep\n|turn|7\n|inactive|Time left: 300 sec this turn | 300 sec total\n|\n|t:|1783542003\n|move|p1a: Archaludon|Body Press|p2a: Vaporeon\n|-damage|p2a: Vaporeon|236/364\n|move|p2a: Vaporeon|Calm Mind|p2a: Vaporeon\n|-boost|p2a: Vaporeon|spa|1\n|-boost|p2a: Vaporeon|spd|1\n|\n|-heal|p1a: Archaludon|95/100|[from] item: Leftovers\n|-heal|p2a: Vaporeon|258/364|[from] item: Leftovers\n|upkeep\n|turn|8\n|inactive|Time left: 300 sec this turn | 300 sec total\n|\n|t:|1783542004\n|move|p1a: Archaludon|Body Press|p2a: Vaporeon\n|-damage|p2a: Vaporeon|147/364\n|move|p2a: Vaporeon|Scald|p1a: Archaludon\n|-resisted|p1a: Archaludon\n|-damage|p1a: Archaludon|49/100\n|-ability|p1a: Archaludon|Stamina|boost\n|-boost|p1a: Archaludon|def|1\n|\n|-heal|p1a: Archaludon|55/100|[from] item: Leftovers\n|-heal|p2a: Vaporeon|169/364|[from] item: Leftovers\n|upkeep\n|turn|9\n|inactive|Time left: 300 sec this turn | 300 sec total\n|\n|t:|1783542005\n|-terastallize|p2a: Vaporeon|Ghost\n|move|p1a: Archaludon|Body Press|p2a: Vaporeon\n|-immune|p2a: Vaporeon\n|move|p2a: Vaporeon|Scald|p1a: Archaludon\n|-resisted|p1a: Archaludon\n|-damage|p1a: Archaludon|5/100\n|-ability|p1a: Archaludon|Stamina|boost\n|-boost|p1a: Archaludon|def|1\n|\n|-heal|p1a: Archaludon|11/100|[from] item: Leftovers\n|-heal|p2a: Vaporeon|191/364|[from] item: Leftovers\n|upkeep\n|turn|10\n|inactive|Time left: 300 sec this turn | 300 sec total\n|\n|t:|1783542006\n|move|p1a: Archaludon|Flash Cannon|p2a: Vaporeon\n|-damage|p2a: Vaporeon|151/364\n|move|p2a: Vaporeon|Wish|p2a: Vaporeon\n|\n|-heal|p1a: Archaludon|17/100|[from] item: Leftovers\n|-heal|p2a: Vaporeon|173/364|[from] item: Leftovers\n|upkeep\n|turn|11\n|inactive|Time left: 300 sec this turn | 300 sec total\n|\n|t:|1783542007\n|switch|p1a: Tropius|Tropius, L91, M|100/100\n|move|p2a: Vaporeon|Scald|p1a: Tropius\n|-resisted|p1a: Tropius\n|-damage|p1a: Tropius|74/100\n|-status|p1a: Tropius|brn\n|\n|-heal|p2a: Vaporeon|355/364|[from] move: Wish|[wisher] Vaporeon\n|-heal|p2a: Vaporeon|364/364|[from] item: Leftovers\n|-damage|p1a: Tropius|68/100 brn|[from] brn\n|upkeep\n|turn|12\n|inactive|Time left: 300 sec this turn | 300 sec total\n|\n|t:|1783542008\n|move|p2a: Vaporeon|Scald|p1a: Tropius\n|-resisted|p1a: Tropius\n|-damage|p1a: Tropius|37/100 brn\n|-enditem|p1a: Tropius|Sitrus Berry|[eat]\n|-heal|p1a: Tropius|62/100 brn|[from] item: Sitrus Berry\n|move|p1a: Tropius|Leech Seed|p2a: Vaporeon\n|-start|p2a: Vaporeon|move: Leech Seed\n|\n|-damage|p2a: Vaporeon|319/364|[from] Leech Seed|[of] p1a: Tropius\n|-heal|p1a: Tropius|76/100 brn|[silent]\n|-damage|p1a: Tropius|70/100 brn|[from] brn\n|-item|p1a: Tropius|Sitrus Berry|[from] ability: Harvest\n|upkeep\n|turn|13\n|inactive|Time left: 300 sec this turn | 300 sec total\n|\n|t:|1783542009\n|move|p1a: Tropius|Protect|p1a: Tropius\n|-singleturn|p1a: Tropius|Protect\n|move|p2a: Vaporeon|Scald|p1a: Tropius\n|-activate|p1a: Tropius|move: Protect\n|\n|-heal|p2a: Vaporeon|341/364|[from] item: Leftovers\n|-damage|p2a: Vaporeon|296/364|[from] Leech Seed|[of] p1a: Tropius\n|-heal|p1a: Tropius|84/100 brn|[silent]\n|-damage|p1a: Tropius|78/100 brn|[from] brn\n|upkeep\n|turn|14\n|inactive|Time left: 300 sec this turn | 300 sec total\n|\n|t:|1783542009\n|move|p2a: Vaporeon|Scald|p1a: Tropius\n|-resisted|p1a: Tropius\n|-damage|p1a: Tropius|49/100 brn\n|-enditem|p1a: Tropius|Sitrus Berry|[eat]\n|-heal|p1a: Tropius|74/100 brn|[from] item: Sitrus Berry\n|move|p1a: Tropius|Substitute|p1a: Tropius\n|-start|p1a: Tropius|Substitute\n|-damage|p1a: Tropius|49/100 brn\n|\n|-heal|p2a: Vaporeon|318/364|[from] item: Leftovers\n|-damage|p2a: Vaporeon|273/364|[from] Leech Seed|[of] p1a: Tropius\n|-heal|p1a: Tropius|63/100 brn|[silent]\n|-damage|p1a: Tropius|57/100 brn|[from] brn\n|upkeep\n|turn|15\n|inactive|Time left: 300 sec this turn | 300 sec total\n|\n|t:|1783542010\n|move|p2a: Vaporeon|Wish|p2a: Vaporeon\n|move|p1a: Tropius|Air Slash|p2a: Vaporeon\n|-damage|p2a: Vaporeon|237/364\n|\n|-heal|p2a: Vaporeon|259/364|[from] item: Leftovers\n|-damage|p2a: Vaporeon|214/364|[from] Leech Seed|[of] p1a: Tropius\n|-heal|p1a: Tropius|71/100 brn|[silent]\n|-damage|p1a: Tropius|65/100 brn|[from] brn\n|upkeep\n|turn|16\n|inactive|Time left: 300 sec this turn | 300 sec total\n|\n|t:|1783542011\n|move|p1a: Tropius|Protect|p1a: Tropius\n|-singleturn|p1a: Tropius|Protect\n|move|p2a: Vaporeon|Calm Mind|p2a: Vaporeon\n|-boost|p2a: Vaporeon|spa|1\n|-boost|p2a: Vaporeon|spd|1\n|\n|-heal|p2a: Vaporeon|364/364|[from] move: Wish|[wisher] Vaporeon\n|-damage|p2a: Vaporeon|319/364|[from] Leech Seed|[of] p1a: Tropius\n|-heal|p1a: Tropius|78/100 brn|[silent]\n|-damage|p1a: Tropius|72/100 brn|[from] brn\n|-item|p1a: Tropius|Sitrus Berry|[from] ability: Harvest\n|upkeep\n|turn|17\n|inactive|Time left: 300 sec this turn | 300 sec total\n|\n|t:|1783542012\n|move|p2a: Vaporeon|Scald|p1a: Tropius\n|-resisted|p1a: Tropius\n|-end|p1a: Tropius|Substitute\n|move|p1a: Tropius|Air Slash|p2a: Vaporeon\n|-crit|p2a: Vaporeon\n|-damage|p2a: Vaporeon|213/364\n|\n|-heal|p2a: Vaporeon|235/364|[from] item: Leftovers\n|-damage|p2a: Vaporeon|190/364|[from] Leech Seed|[of] p1a: Tropius\n|-heal|p1a: Tropius|86/100 brn|[silent]\n|-damage|p1a: Tropius|80/100 brn|[from] brn\n|upkeep\n|turn|18\n|inactive|Time left: 300 sec this turn | 300 sec total\n|\n|t:|1783542013\n|switch|p1a: Umbreon|Umbreon, L84, M|100/100\n|move|p2a: Vaporeon|Wish|p2a: Vaporeon\n|\n|-heal|p2a: Vaporeon|212/364|[from] item: Leftovers\n|-damage|p2a: Vaporeon|167/364|[from] Leech Seed|[of] p1a: Umbreon\n|upkeep\n|turn|19\n|inactive|Time left: 300 sec this turn | 300 sec total\n|\n|t:|1783542013\n|move|p2a: Vaporeon|Scald|p1a: Umbreon\n|-damage|p1a: Umbreon|39/100\n|move|p1a: Umbreon|Foul Play|p2a: Vaporeon\n|-supereffective|p2a: Vaporeon\n|-damage|p2a: Vaporeon|29/364\n|\n|-heal|p2a: Vaporeon|211/364|[from] move: Wish|[wisher] Vaporeon\n|-heal|p2a: Vaporeon|233/364|[from] item: Leftovers\n|-heal|p1a: Umbreon|45/100|[from] item: Leftovers\n|-damage|p2a: Vaporeon|188/364|[from] Leech Seed|[of] p1a: Umbreon\n|-heal|p1a: Umbreon|60/100|[silent]\n|upkeep\n|turn|20\n|inactive|Time left: 300 sec this turn | 300 sec total\n|\n|t:|1783542014\n|move|p1a: Umbreon|Protect|p1a: Umbreon\n|-singleturn|p1a: Umbreon|Protect\n|move|p2a: Vaporeon|Scald|p1a: Umbreon\n|-activate|p1a: Umbreon|move: Protect\n|\n|-heal|p2a: Vaporeon|210/364|[from] item: Leftovers\n|-heal|p1a: Umbreon|66/100|[from] item: Leftovers\n|-damage|p2a: Vaporeon|165/364|[from] Leech Seed|[of] p1a: Umbreon\n|-heal|p1a: Umbreon|81/100|[silent]\n|upkeep\n|turn|21\n|inactive|Time left: 300 sec this turn | 300 sec total\n|\n|t:|1783542015\n|move|p2a: Vaporeon|Scald|p1a: Umbreon\n|-damage|p1a: Umbreon|21/100\n|move|p1a: Umbreon|Foul Play|p2a: Vaporeon\n|-supereffective|p2a: Vaporeon\n|-damage|p2a: Vaporeon|25/364\n|\n|-heal|p2a: Vaporeon|47/364|[from] item: Leftovers\n|-heal|p1a: Umbreon|27/100|[from] item: Leftovers\n|-damage|p2a: Vaporeon|2/364|[from] Leech Seed|[of] p1a: Umbreon\n|-heal|p1a: Umbreon|42/100|[silent]\n|upkeep\n|turn|22\n|inactive|Time left: 300 sec this turn | 300 sec total\n|\n|t:|1783542016\n|move|p1a: Umbreon|Protect|p1a: Umbreon\n|-singleturn|p1a: Umbreon|Protect\n|move|p2a: Vaporeon|Scald|p1a: Umbreon\n|-activate|p1a: Umbreon|move: Protect\n|\n|-heal|p2a: Vaporeon|24/364|[from] item: Leftovers\n|-heal|p1a: Umbreon|48/100|[from] item: Leftovers\n|-damage|p2a: Vaporeon|0 fnt|[from] Leech Seed|[of] p1a: Umbreon\n|-heal|p1a: Umbreon|56/100|[silent]\n|faint|p2a: Vaporeon\n|upkeep\n|inactive|Time left: 300 sec this turn | 300 sec total | 5 sec grace\n|\n|t:|1783542017\n|switch|p2a: Iron Valiant|Iron Valiant, L78|244/244\n|-damage|p2a: Iron Valiant|229/244|[from] Stealth Rock\n|turn|23\n|inactive|Time left: 300 sec this turn | 300 sec total\n|\n|t:|1783542018\n|switch|p1a: Tropius|Tropius, L91, M|80/100 brn\n|move|p2a: Iron Valiant|Moonblast|p1a: Tropius\n|-damage|p1a: Tropius|44/100 brn\n|-unboost|p1a: Tropius|spa|1\n|-enditem|p1a: Tropius|Sitrus Berry|[eat]\n|-heal|p1a: Tropius|69/100 brn|[from] item: Sitrus Berry\n|-damage|p2a: Iron Valiant|205/244|[from] item: Life Orb\n|\n|-damage|p1a: Tropius|63/100 brn|[from] brn\n|upkeep\n|turn|24\n|inactive|Time left: 300 sec this turn | 300 sec total\n|\n|t:|1783542019\n|move|p2a: Iron Valiant|Moonblast|p1a: Tropius\n|-damage|p1a: Tropius|25/100 brn\n|-damage|p2a: Iron Valiant|181/244|[from] item: Life Orb\n|move|p1a: Tropius|Air Slash|p2a: Iron Valiant\n|-supereffective|p2a: Iron Valiant\n|-damage|p2a: Iron Valiant|43/244\n|\n|-damage|p1a: Tropius|19/100 brn|[from] brn\n|upkeep\n|turn|25\n|inactive|Time left: 300 sec this turn | 300 sec total\n|\n|t:|1783542020\n|move|p2a: Iron Valiant|Moonblast|p1a: Tropius\n|-damage|p1a: Tropius|0 fnt\n|faint|p1a: Tropius\n|-damage|p2a: Iron Valiant|19/244|[from] item: Life Orb\n|\n|upkeep\n|\n|t:|1783542021\n|switch|p1a: Jolteon|Jolteon, L84, M|100/100\n|turn|26\n|inactive|Time left: 300 sec this turn | 300 sec total\n|\n|t:|1783542022\n|move|p1a: Jolteon|Alluring Voice|p2a: Iron Valiant\n|-supereffective|p2a: Iron Valiant\n|-damage|p2a: Iron Valiant|0 fnt\n|faint|p2a: Iron Valiant\n|-end|p2a: Iron Valiant|Quark Drive|[silent]\n|\n|upkeep\n|inactive|Time left: 300 sec this turn | 300 sec total | 5 sec grace\n|\n|t:|1783542023\n|switch|p2a: Forretress|Forretress, L84, M|263/263\n|-damage|p2a: Forretress|231/263|[from] Stealth Rock\n|turn|27\n|inactive|Time left: 300 sec this turn | 300 sec total\n|\n|t:|1783542024\n|move|p1a: Jolteon|Thunderbolt|p2a: Forretress\n|-damage|p2a: Forretress|98/263\n|move|p2a: Forretress|Rapid Spin|p1a: Jolteon\n|-damage|p1a: Jolteon|83/100\n|-boost|p2a: Forretress|spe|1\n|-sideend|p2: p0y210d3fa|Stealth Rock|[from] move: Rapid Spin|[of] p2a: Forretress\n|\n|-heal|p2a: Forretress|114/263|[from] item: Leftovers\n|upkeep\n|turn|28\n|inactive|Time left: 300 sec this turn | 300 sec total\n|\n|t:|1783542025\n|switch|p2a: Cyclizar|Cyclizar, L84, M|255/255\n|move|p1a: Jolteon|Thunderbolt|p2a: Cyclizar\n|-resisted|p2a: Cyclizar\n|-damage|p2a: Cyclizar|189/255\n|\n|upkeep\n|turn|29\n|inactive|Time left: 300 sec this turn | 300 sec total\n|\n|t:|1783542027\n|move|p1a: Jolteon|Alluring Voice|p2a: Cyclizar\n|-supereffective|p2a: Cyclizar\n|-damage|p2a: Cyclizar|39/255\n|move|p2a: Cyclizar|Knock Off|p1a: Jolteon\n|-damage|p1a: Jolteon|46/100\n|-enditem|p1a: Jolteon|Heavy-Duty Boots|[from] move: Knock Off|[of] p2a: Cyclizar\n|\n|upkeep\n|turn|30\n|inactive|Time left: 300 sec this turn | 300 sec total\n|\n|t:|1783542028\n|switch|p2a: Ursaring|Ursaring, L84, F|90/288\n|move|p1a: Jolteon|Thunderbolt|p2a: Ursaring\n|-damage|p2a: Ursaring|0 fnt\n|faint|p2a: Ursaring\n|\n|upkeep\n|inactive|Time left: 300 sec this turn | 300 sec total | 5 sec grace\n|\n|t:|1783542029\n|switch|p2a: Cyclizar|Cyclizar, L84, M|124/255\n|turn|31\n|inactive|Time left: 300 sec this turn | 300 sec total\n|\n|t:|1783542030\n|switch|p2a: Forretress|Forretress, L84, M|114/263\n|move|p1a: Jolteon|Alluring Voice|p2a: Forretress\n|-resisted|p2a: Forretress\n|-damage|p2a: Forretress|72/263\n|\n|-heal|p2a: Forretress|88/263|[from] item: Leftovers\n|upkeep\n|turn|32\n|inactive|Time left: 300 sec this turn | 300 sec total\n|\n|t:|1783542031\n|switch|p2a: Cyclizar|Cyclizar, L84, M|209/255\n|move|p1a: Jolteon|Volt Switch|p2a: Cyclizar\n|-resisted|p2a: Cyclizar\n|-damage|p2a: Cyclizar|157/255\n|\n|t:|1783542032\n|switch|p1a: Braviary|Braviary-Hisui, L85, M|35/100|[from] Volt Switch\n|\n|upkeep\n|turn|33\n|inactive|Time left: 300 sec this turn | 300 sec total\n|\n|t:|1783542033\n|-terastallize|p1a: Braviary|Fairy\n|move|p2a: Cyclizar|Shed Tail|p2a: Cyclizar\n|-start|p2a: Cyclizar|Substitute|[from] move: Shed Tail\n|-damage|p2a: Cyclizar|29/255\n|inactive|Time left: 300 sec this turn | 300 sec total | 5 sec grace\n|\n|t:|1783542034\n|switch|p2a: Forretress|Forretress, L84, M|88/263|[from] Shed Tail\n|move|p1a: Braviary|Psychic|p2a: Forretress\n|-resisted|p2a: Forretress\n|-crit|p2a: Forretress\n|-end|p2a: Forretress|Substitute\n|\n|-heal|p2a: Forretress|104/263|[from] item: Leftovers\n|upkeep\n|turn|34\n|inactive|Time left: 300 sec this turn | 300 sec total\n|\n|t:|1783542035\n|move|p1a: Braviary|Psychic|p2a: Forretress\n|-resisted|p2a: Forretress\n|-damage|p2a: Forretress|0 fnt\n|faint|p2a: Forretress\n|\n|upkeep\n|inactive|Time left: 300 sec this turn | 300 sec total | 5 sec grace\n|\n|t:|1783542036\n|switch|p2a: Cyclizar|Cyclizar, L84, M|114/255\n|turn|35\n|inactive|Time left: 300 sec this turn | 300 sec total\n|\n|t:|1783542037\n|move|p2a: Cyclizar|Shed Tail|p2a: Cyclizar\n|-fail|p2a: Cyclizar\n|move|p1a: Braviary|Psychic|p2a: Cyclizar\n|-damage|p2a: Cyclizar|0 fnt\n|faint|p2a: Cyclizar\n|\n|win|p0x210c2cd", "uploadtime": 1783542037, "views": 0, "rating": 0, "private": 0, "password": null, "_winner": "p0x210c2cd", "_our_name": "p0y210d3fa"}