{"id": "battle-gen9randombattle-2576", "formatid": "gen9randombattle", "format": "[Gen 9] Random Battle", "players": ["p0x257632be", "p0y2576798d"], "log": "|init|battle\n|title|p0x257632be vs. p0y2576798d\n|j|\u2606p0x257632be\n|j|\u2606p0y2576798d\n|t:|1783568835\n|gametype|singles\n|player|p1|p0x257632be|265|\n|player|p2|p0y2576798d|169|\n|gen|9\n|tier|[Gen 9] Random Battle\n|rule|Species Clause: Limit one of each Pok\u00e9mon\n|rule|HP Percentage Mod: HP is shown in percentages\n|rule|Sleep Clause Mod: Limit one foe put to sleep\n|rule|Illusion Level Mod: Illusion disguises the Pok\u00e9mon's true level\n|\n|t:|1783568835\n|teamsize|p1|6\n|teamsize|p2|6\n|start\n|switch|p1a: Articuno|Articuno, L86|100/100\n|switch|p2a: Meganium|Meganium, L90, F|290/290\n|-ability|p1a: Articuno|Pressure\n|turn|1\n|inactive|Battle timer is ON: inactive players will automatically lose when time's up. (requested by p0x257632be)\n|inactive|Time left: 300 sec this turn | 300 sec total | 60 sec grace\n|inactive|p0y2576798d also wants the timer to be on.\n|\n|t:|1783568837\n|move|p1a: Articuno|Freeze-Dry|p2a: Meganium\n|-supereffective|p2a: Meganium\n|-damage|p2a: Meganium|150/290\n|move|p2a: Meganium|Energy Ball|p1a: Articuno\n|-resisted|p1a: Articuno\n|-damage|p1a: Articuno|88/100\n|\n|-heal|p2a: Meganium|168/290|[from] item: Leftovers\n|upkeep\n|turn|2\n|inactive|Time left: 300 sec this turn | 300 sec total\n|\n|t:|1783568838\n|switch|p2a: Muk|Muk, L86, F|321/321\n|move|p1a: Articuno|Brave Bird|p2a: Muk\n|-damage|p2a: Muk|191/321\n|-damage|p1a: Articuno|73/100|[from] Recoil\n|\n|upkeep\n|turn|3\n|inactive|Time left: 300 sec this turn | 300 sec total\n|\n|t:|1783568839\n|move|p1a: Articuno|Freeze-Dry|p2a: Muk\n|-damage|p2a: Muk|125/321\n|move|p2a: Muk|Gunk Shot|p1a: Articuno|[miss]\n|-miss|p2a: Muk|p1a: Articuno\n|\n|upkeep\n|turn|4\n|inactive|Time left: 300 sec this turn | 300 sec total\n|\n|t:|1783568840\n|move|p1a: Articuno|Brave Bird|p2a: Muk\n|-damage|p2a: Muk|0 fnt\n|faint|p2a: Muk\n|-damage|p1a: Articuno|59/100|[from] Recoil\n|\n|upkeep\n|inactive|Time left: 300 sec this turn | 300 sec total | 5 sec grace\n|\n|t:|1783568841\n|switch|p2a: Weavile|Weavile, L79, M|239/239\n|turn|5\n|inactive|Time left: 300 sec this turn | 300 sec total\n|\n|t:|1783568842\n|move|p2a: Weavile|Triple Axel|p1a: Articuno\n|-damage|p1a: Articuno|49/100\n|-damage|p1a: Articuno|30/100\n|-hitcount|p1a: Articuno|2\n|move|p1a: Articuno|Roost|p1a: Articuno\n|-heal|p1a: Articuno|80/100\n|-singleturn|p1a: Articuno|move: Roost\n|\n|upkeep\n|turn|6\n|inactive|Time left: 300 sec this turn | 300 sec total\n|\n|t:|1783568843\n|move|p2a: Weavile|Triple Axel|p1a: Articuno\n|-damage|p1a: Articuno|69/100\n|-damage|p1a: Articuno|48/100\n|-damage|p1a: Articuno|16/100\n|-hitcount|p1a: Articuno|3\n|move|p1a: Articuno|Brave Bird|p2a: Weavile\n|-damage|p2a: Weavile|83/239\n|-damage|p1a: Articuno|0 fnt|[from] Recoil\n|faint|p1a: Articuno\n|\n|upkeep\n|\n|t:|1783568843\n|switch|p1a: Volcanion|Volcanion, L79|100/100\n|turn|7\n|inactive|Time left: 300 sec this turn | 300 sec total\n|\n|t:|1783568844\n|switch|p2a: Salamence|Salamence, L77, F|273/273\n|move|p1a: Volcanion|Flamethrower|p2a: Salamence\n|-resisted|p2a: Salamence\n|-damage|p2a: Salamence|207/273\n|\n|upkeep\n|turn|8\n|inactive|Time left: 300 sec this turn | 300 sec total\n|\n|t:|1783568845\n|move|p1a: Volcanion|Flamethrower|p2a: Salamence\n|-resisted|p2a: Salamence\n|-damage|p2a: Salamence|147/273\n|move|p2a: Salamence|Outrage|p1a: Volcanion\n|-damage|p1a: Volcanion|55/100\n|\n|upkeep\n|turn|9\n|inactive|Time left: 300 sec this turn | 300 sec total\n|\n|t:|1783568846\n|move|p1a: Volcanion|Flamethrower|p2a: Salamence\n|-resisted|p2a: Salamence\n|-damage|p2a: Salamence|80/273\n|move|p2a: Salamence|Outrage|p1a: Volcanion|[from] lockedmove\n|-damage|p1a: Volcanion|11/100\n|\n|upkeep\n|turn|10\n|inactive|Time left: 300 sec this turn | 300 sec total\n|\n|t:|1783568847\n|move|p1a: Volcanion|Flamethrower|p2a: Salamence\n|-resisted|p2a: Salamence\n|-damage|p2a: Salamence|20/273\n|move|p2a: Salamence|Outrage|p1a: Volcanion|[from] lockedmove\n|-damage|p1a: Volcanion|0 fnt\n|faint|p1a: Volcanion\n|-ability|p2a: Salamence|Moxie|boost\n|-boost|p2a: Salamence|atk|1\n|-start|p2a: Salamence|confusion|[fatigue]\n|\n|upkeep\n|\n|t:|1783568848\n|switch|p1a: Koraidon|Koraidon, L64|100/100\n|-weather|SunnyDay|[from] ability: Orichalcum Pulse|[of] p1a: Koraidon\n|-activate|p1a: Koraidon|Orichalcum Pulse|[source]\n|turn|11\n|inactive|Time left: 300 sec this turn | 300 sec total\n|\n|t:|1783568849\n|move|p1a: Koraidon|Scale Shot|p2a: Salamence\n|-supereffective|p2a: Salamence\n|-damage|p2a: Salamence|0 fnt\n|faint|p2a: Salamence\n|-hitcount|p2: Salamence|1\n|-unboost|p1a: Koraidon|def|1\n|-boost|p1a: Koraidon|spe|1\n|\n|-weather|SunnyDay|[upkeep]\n|upkeep\n|inactive|Time left: 300 sec this turn | 300 sec total | 5 sec grace\n|\n|t:|1783568850\n|switch|p2a: Weavile|Weavile, L79, M|83/239\n|turn|12\n|inactive|Time left: 300 sec this turn | 300 sec total\n|\n|t:|1783568850\n|move|p2a: Weavile|Ice Shard|p1a: Koraidon\n|-supereffective|p1a: Koraidon\n|-damage|p1a: Koraidon|3/100\n|move|p1a: Koraidon|Collision Course|p2a: Weavile\n|-supereffective|p2a: Weavile\n|-damage|p2a: Weavile|0 fnt\n|faint|p2a: Weavile\n|\n|-weather|SunnyDay|[upkeep]\n|upkeep\n|inactive|Time left: 300 sec this turn | 300 sec total | 5 sec grace\n|\n|t:|1783568851\n|switch|p2a: Houndoom|Houndoom, L87, F|272/272\n|turn|13\n|inactive|Time left: 300 sec this turn | 300 sec total\n|\n|t:|1783568852\n|move|p2a: Houndoom|Sucker Punch|p1a: Koraidon\n|-resisted|p1a: Koraidon\n|-damage|p1a: Koraidon|0 fnt\n|faint|p1a: Koraidon\n|\n|-weather|SunnyDay|[upkeep]\n|upkeep\n|\n|t:|1783568853\n|switch|p1a: Dugtrio|Dugtrio-Alola, L84, F|100/100\n|turn|14\n|inactive|Time left: 300 sec this turn | 300 sec total\n|\n|t:|1783568854\n|switch|p2a: Meganium|Meganium, L90, F|168/290\n|move|p1a: Dugtrio|Earthquake|p2a: Meganium\n|-resisted|p2a: Meganium\n|-damage|p2a: Meganium|104/290\n|-damage|p1a: Dugtrio|91/100|[from] item: Life Orb\n|\n|-weather|SunnyDay|[upkeep]\n|-heal|p2a: Meganium|122/290|[from] item: Leftovers\n|upkeep\n|turn|15\n|inactive|Time left: 300 sec this turn | 300 sec total\n|\n|t:|1783568855\n|move|p1a: Dugtrio|Swords Dance|p1a: Dugtrio\n|-boost|p1a: Dugtrio|atk|2\n|move|p2a: Meganium|Energy Ball|p1a: Dugtrio\n|-damage|p1a: Dugtrio|27/100\n|\n|-weather|none\n|-heal|p2a: Meganium|140/290|[from] item: Leftovers\n|upkeep\n|turn|16\n|inactive|Time left: 300 sec this turn | 300 sec total\n|\n|t:|1783568856\n|move|p1a: Dugtrio|Iron Head|p2a: Meganium\n|-damage|p2a: Meganium|0 fnt\n|faint|p2a: Meganium\n|-damage|p1a: Dugtrio|17/100|[from] item: Life Orb\n|\n|upkeep\n|inactive|Time left: 300 sec this turn | 300 sec total | 5 sec grace\n|\n|t:|1783568857\n|switch|p2a: Houndoom|Houndoom, L87, F|272/272\n|turn|17\n|inactive|Time left: 300 sec this turn | 300 sec total\n|\n|t:|1783568858\n|move|p2a: Houndoom|Sucker Punch||[still]\n|-fail|p2a: Houndoom\n|move|p1a: Dugtrio|Swords Dance|p1a: Dugtrio\n|-boost|p1a: Dugtrio|atk|2\n|\n|upkeep\n|turn|18\n|inactive|Time left: 300 sec this turn | 300 sec total\n|\n|t:|1783568859\n|move|p2a: Houndoom|Sucker Punch||[still]\n|-fail|p2a: Houndoom\n|move|p1a: Dugtrio|Swords Dance|p1a: Dugtrio\n|-boost|p1a: Dugtrio|atk|2\n|\n|upkeep\n|turn|19\n|inactive|Time left: 300 sec this turn | 300 sec total\n|\n|t:|1783568860\n|move|p2a: Houndoom|Sucker Punch||[still]\n|-fail|p2a: Houndoom\n|move|p1a: Dugtrio|Swords Dance|p1a: Dugtrio\n|-boost|p1a: Dugtrio|atk|0\n|\n|upkeep\n|turn|20\n|inactive|Time left: 300 sec this turn | 300 sec total\n|\n|t:|1783568861\n|move|p2a: Houndoom|Sucker Punch||[still]\n|-fail|p2a: Houndoom\n|move|p1a: Dugtrio|Swords Dance|p1a: Dugtrio\n|-boost|p1a: Dugtrio|atk|0\n|\n|upkeep\n|turn|21\n|inactive|Time left: 300 sec this turn | 300 sec total\n|\n|t:|1783568862\n|move|p2a: Houndoom|Sucker Punch||[still]\n|-fail|p2a: Houndoom\n|move|p1a: Dugtrio|Swords Dance|p1a: Dugtrio\n|-boost|p1a: Dugtrio|atk|0\n|\n|upkeep\n|turn|22\n|inactive|Time left: 300 sec this turn | 300 sec total\n|\n|t:|1783568862\n|move|p2a: Houndoom|Sucker Punch||[still]\n|-fail|p2a: Houndoom\n|move|p1a: Dugtrio|Swords Dance|p1a: Dugtrio\n|-boost|p1a: Dugtrio|atk|0\n|\n|upkeep\n|turn|23\n|inactive|Time left: 300 sec this turn | 300 sec total\n|\n|t:|1783568863\n|move|p2a: Houndoom|Sucker Punch||[still]\n|-fail|p2a: Houndoom\n|move|p1a: Dugtrio|Swords Dance|p1a: Dugtrio\n|-boost|p1a: Dugtrio|atk|0\n|\n|upkeep\n|turn|24\n|inactive|Time left: 300 sec this turn | 300 sec total\n|\n|t:|1783568864\n|switch|p2a: Forretress|Forretress, L84, F|263/263\n|move|p1a: Dugtrio|Earthquake|p2a: Forretress\n|-ability|p2a: Forretress|Sturdy\n|-damage|p2a: Forretress|1/263\n|-damage|p1a: Dugtrio|7/100|[from] item: Life Orb\n|\n|-heal|p2a: Forretress|17/263|[from] item: Leftovers\n|upkeep\n|turn|25\n|inactive|Time left: 300 sec this turn | 300 sec total\n|\n|t:|1783568866\n|move|p1a: Dugtrio|Earthquake|p2a: Forretress\n|-damage|p2a: Forretress|0 fnt\n|faint|p2a: Forretress\n|-damage|p1a: Dugtrio|0 fnt|[from] item: Life Orb\n|faint|p1a: Dugtrio\n|\n|upkeep\n|inactive|Time left: 300 sec this turn | 300 sec total | 5 sec grace\n|\n|t:|1783568867\n|switch|p1a: Slowbro|Slowbro-Galar, L87, F|100/100\n|switch|p2a: Houndoom|Houndoom, L87, F|272/272\n|turn|26\n|inactive|Time left: 300 sec this turn | 300 sec total\n|\n|t:|1783568868\n|-terastallize|p1a: Slowbro|Dark\n|move|p2a: Houndoom|Dark Pulse|p1a: Slowbro\n|-resisted|p1a: Slowbro\n|-damage|p1a: Slowbro|89/100\n|move|p1a: Slowbro|Earthquake|p2a: Houndoom\n|-supereffective|p2a: Houndoom\n|-damage|p2a: Houndoom|38/272\n|\n|upkeep\n|turn|27\n|inactive|Time left: 300 sec this turn | 300 sec total\n|\n|t:|1783568869\n|move|p2a: Houndoom|Dark Pulse|p1a: Slowbro\n|-resisted|p1a: Slowbro\n|-damage|p1a: Slowbro|78/100\n|cant|p1a: Slowbro|flinch\n|\n|upkeep\n|turn|28\n|inactive|Time left: 300 sec this turn | 300 sec total\n|\n|t:|1783568870\n|move|p2a: Houndoom|Dark Pulse|p1a: Slowbro\n|-resisted|p1a: Slowbro\n|-damage|p1a: Slowbro|65/100\n|cant|p1a: Slowbro|flinch\n|\n|upkeep\n|turn|29\n|inactive|Time left: 300 sec this turn | 300 sec total\n|\n|t:|1783568871\n|move|p2a: Houndoom|Dark Pulse|p1a: Slowbro\n|-resisted|p1a: Slowbro\n|-damage|p1a: Slowbro|52/100\n|move|p1a: Slowbro|Earthquake|p2a: Houndoom\n|-supereffective|p2a: Houndoom\n|-damage|p2a: Houndoom|0 fnt\n|faint|p2a: Houndoom\n|\n|win|p0x257632be", "uploadtime": 1783568871, "views": 0, "rating": 0, "private": 0, "password": null, "_winner": "p0x257632be", "_our_name": "p0y2576798d"}