{"id": "battle-gen9randombattle-107", "formatid": "gen9randombattle", "format": "[Gen 9] Random Battle", "players": ["p0x1079b6f", "p0y107001b"], "log": "|init|battle\n|title|p0x1079b6f vs. p0y107001b\n|j|\u2606p0x1079b6f\n|j|\u2606p0y107001b\n|t:|1783540409\n|gametype|singles\n|player|p1|p0x1079b6f|1|\n|player|p2|p0y107001b|265|\n|gen|9\n|tier|[Gen 9] Random Battle\n|rule|Species Clause: Limit one of each Pok\u00e9mon\n|rule|HP Percentage Mod: HP is shown in percentages\n|rule|Sleep Clause Mod: Limit one foe put to sleep\n|rule|Illusion Level Mod: Illusion disguises the Pok\u00e9mon's true level\n|\n|t:|1783540409\n|teamsize|p1|6\n|teamsize|p2|6\n|start\n|switch|p1a: Sinistcha|Sinistcha-Masterpiece, L83|100/100\n|switch|p2a: Weezing|Weezing-Galar, L86, M|252/252\n|turn|1\n|inactive|Battle timer is ON: inactive players will automatically lose when time's up. (requested by p0x1079b6f)\n|inactive|Time left: 300 sec this turn | 300 sec total | 60 sec grace\n|inactive|p0y107001b also wants the timer to be on.\n|\n|t:|1783540410\n|move|p1a: Sinistcha|Shadow Ball|p2a: Weezing\n|-damage|p2a: Weezing|131/252\n|-unboost|p2a: Weezing|spd|1\n|move|p2a: Weezing|Strange Steam|p1a: Sinistcha\n|-damage|p1a: Sinistcha|59/100\n|\n|-heal|p1a: Sinistcha|65/100|[from] item: Leftovers\n|-heal|p2a: Weezing|146/252|[from] item: Leftovers\n|upkeep\n|turn|2\n|inactive|Time left: 300 sec this turn | 300 sec total\n|\n|t:|1783540411\n|switch|p2a: Moltres|Moltres, L81|278/278\n|move|p1a: Sinistcha|Shadow Ball|p2a: Moltres\n|-damage|p2a: Moltres|164/278\n|\n|-heal|p1a: Sinistcha|71/100|[from] item: Leftovers\n|upkeep\n|turn|3\n|inactive|Time left: 300 sec this turn | 300 sec total\n|\n|t:|1783540413\n|move|p2a: Moltres|Brave Bird|p1a: Sinistcha\n|-supereffective|p1a: Sinistcha\n|-damage|p1a: Sinistcha|0 fnt\n|faint|p1a: Sinistcha\n|-damage|p2a: Moltres|105/278|[from] Recoil\n|\n|upkeep\n|\n|t:|1783540414\n|switch|p1a: Mabosstiff|Mabosstiff, L86, F|100/100\n|turn|4\n|inactive|Time left: 300 sec this turn | 300 sec total\n|\n|t:|1783540415\n|move|p1a: Mabosstiff|Crunch|p2a: Moltres\n|-damage|p2a: Moltres|0 fnt\n|faint|p2a: Moltres\n|\n|upkeep\n|inactive|Time left: 300 sec this turn | 300 sec total | 5 sec grace\n|\n|t:|1783540416\n|switch|p2a: Avalugg|Avalugg-Hisui, L90, F|317/317\n|turn|5\n|inactive|Time left: 300 sec this turn | 300 sec total\n|\n|t:|1783540417\n|move|p1a: Mabosstiff|Crunch|p2a: Avalugg\n|-damage|p2a: Avalugg|230/317\n|move|p2a: Avalugg|Avalanche|p1a: Mabosstiff\n|-damage|p1a: Mabosstiff|34/100\n|\n|upkeep\n|turn|6\n|inactive|Time left: 300 sec this turn | 300 sec total\n|\n|t:|1783540418\n|move|p1a: Mabosstiff|Crunch|p2a: Avalugg\n|-damage|p2a: Avalugg|149/317\n|move|p2a: Avalugg|Body Press|p1a: Mabosstiff\n|-supereffective|p1a: Mabosstiff\n|-damage|p1a: Mabosstiff|0 fnt\n|faint|p1a: Mabosstiff\n|\n|upkeep\n|\n|t:|1783540419\n|switch|p1a: Arceus|Arceus-Electric, L70|100/100\n|turn|7\n|inactive|Time left: 300 sec this turn | 300 sec total\n|\n|t:|1783540421\n|switch|p2a: Polteageist|Polteageist-Antique, L78|222/222\n|move|p1a: Arceus|Judgment|p2a: Polteageist\n|-damage|p2a: Polteageist|134/222\n|\n|upkeep\n|turn|8\n|inactive|Time left: 300 sec this turn | 300 sec total\n|\n|t:|1783540422\n|move|p1a: Arceus|Calm Mind|p1a: Arceus\n|-boost|p1a: Arceus|spa|1\n|-boost|p1a: Arceus|spd|1\n|move|p2a: Polteageist|Strength Sap|p1a: Arceus\n|-unboost|p1a: Arceus|atk|1\n|-heal|p2a: Polteageist|222/222\n|\n|upkeep\n|turn|9\n|inactive|Time left: 300 sec this turn | 300 sec total\n|\n|t:|1783540423\n|move|p1a: Arceus|Judgment|p2a: Polteageist\n|-damage|p2a: Polteageist|78/222\n|move|p2a: Polteageist|Strength Sap|p1a: Arceus\n|-unboost|p1a: Arceus|atk|1\n|-heal|p2a: Polteageist|193/222\n|\n|upkeep\n|turn|10\n|inactive|Time left: 300 sec this turn | 300 sec total\n|\n|t:|1783540424\n|move|p1a: Arceus|Judgment|p2a: Polteageist\n|-crit|p2a: Polteageist\n|-damage|p2a: Polteageist|0 fnt\n|faint|p2a: Polteageist\n|\n|upkeep\n|inactive|Time left: 300 sec this turn | 300 sec total | 5 sec grace\n|\n|t:|1783540425\n|switch|p2a: Mesprit|Mesprit, L85|275/275\n|turn|11\n|inactive|Time left: 300 sec this turn | 300 sec total\n|\n|t:|1783540426\n|move|p1a: Arceus|Judgment|p2a: Mesprit\n|-damage|p2a: Mesprit|137/275\n|move|p2a: Mesprit|Drain Punch|p1a: Arceus\n|-damage|p1a: Arceus|82/100\n|-heal|p2a: Mesprit|163/275|[from] drain|[of] p1a: Arceus\n|\n|-heal|p2a: Mesprit|180/275|[from] item: Leftovers\n|upkeep\n|turn|12\n|inactive|Time left: 300 sec this turn | 300 sec total\n|\n|t:|1783540427\n|move|p1a: Arceus|Judgment|p2a: Mesprit\n|-damage|p2a: Mesprit|45/275\n|move|p2a: Mesprit|Drain Punch|p1a: Arceus\n|-damage|p1a: Arceus|64/100\n|-heal|p2a: Mesprit|71/275|[from] drain|[of] p1a: Arceus\n|\n|-heal|p2a: Mesprit|88/275|[from] item: Leftovers\n|upkeep\n|turn|13\n|inactive|Time left: 300 sec this turn | 300 sec total\n|\n|t:|1783540428\n|move|p1a: Arceus|Judgment|p2a: Mesprit\n|-damage|p2a: Mesprit|0 fnt\n|faint|p2a: Mesprit\n|\n|upkeep\n|inactive|Time left: 300 sec this turn | 300 sec total | 5 sec grace\n|\n|t:|1783540429\n|switch|p2a: Rayquaza|Rayquaza, L72|270/270\n|-ability|p2a: Rayquaza|Air Lock\n|turn|14\n|inactive|Time left: 300 sec this turn | 300 sec total\n|\n|t:|1783540430\n|move|p1a: Arceus|Ice Beam|p2a: Rayquaza\n|-supereffective|p2a: Rayquaza\n|-damage|p2a: Rayquaza|0 fnt\n|faint|p2a: Rayquaza\n|\n|upkeep\n|inactive|Time left: 300 sec this turn | 300 sec total | 5 sec grace\n|\n|t:|1783540431\n|switch|p2a: Avalugg|Avalugg-Hisui, L90, F|149/317\n|turn|15\n|inactive|Time left: 300 sec this turn | 300 sec total\n|\n|t:|1783540432\n|move|p1a: Arceus|Judgment|p2a: Avalugg\n|-damage|p2a: Avalugg|0 fnt\n|faint|p2a: Avalugg\n|\n|upkeep\n|inactive|Time left: 300 sec this turn | 300 sec total | 5 sec grace\n|\n|t:|1783540433\n|switch|p2a: Weezing|Weezing-Galar, L86, M|146/252\n|turn|16\n|inactive|Time left: 300 sec this turn | 300 sec total\n|\n|t:|1783540433\n|-terastallize|p1a: Arceus|Ice\n|move|p1a: Arceus|Judgment|p2a: Weezing\n|-damage|p2a: Weezing|0 fnt\n|faint|p2a: Weezing\n|\n|win|p0x1079b6f", "uploadtime": 1783540433, "views": 0, "rating": 0, "private": 0, "password": null, "_winner": "p0x1079b6f", "_our_name": "p0y107001b"}