{"id": "battle-gen9randombattle-11", "formatid": "gen9randombattle", "format": "[Gen 9] Random Battle", "players": ["p0x011440f", "p0y0110f74"], "log": "|init|battle\n|title|p0x011440f vs. p0y0110f74\n|j|\u2606p0x011440f\n|j|\u2606p0y0110f74\n|t:|1783533389\n|gametype|singles\n|player|p1|p0x011440f|170|\n|player|p2|p0y0110f74|2|\n|gen|9\n|tier|[Gen 9] Random Battle\n|rule|Species Clause: Limit one of each Pok\u00e9mon\n|rule|HP Percentage Mod: HP is shown in percentages\n|rule|Sleep Clause Mod: Limit one foe put to sleep\n|rule|Illusion Level Mod: Illusion disguises the Pok\u00e9mon's true level\n|\n|t:|1783533389\n|teamsize|p1|6\n|teamsize|p2|6\n|start\n|switch|p1a: Terapagos|Terapagos, L77, M|265/265\n|switch|p2a: Salamence|Salamence, L77, F|100/100\n|-activate|p1a: Terapagos|ability: Tera Shift\n|detailschange|p1a: Terapagos|Terapagos-Terastal, L77, M\n|-heal|p1a: Terapagos|273/273|[silent]\n|turn|1\n|inactive|Battle timer is ON: inactive players will automatically lose when time's up. (requested by p0x011440f)\n|inactive|p0y0110f74 also wants the timer to be on.\n|\n|t:|1783533391\n|move|p2a: Salamence|Outrage|p1a: Terapagos\n|-activate|p1a: Terapagos|ability: Tera Shell\n|-resisted|p1a: Terapagos\n|-damage|p1a: Terapagos|207/273\n|move|p1a: Terapagos|Tera Starstorm|p2a: Salamence\n|-damage|p2a: Salamence|49/100\n|\n|upkeep\n|turn|2\n|inactive|Time left: 300 sec this turn | 300 sec total\n|\n|t:|1783533392\n|move|p2a: Salamence|Outrage|p1a: Terapagos|[from] lockedmove\n|-damage|p1a: Terapagos|84/273\n|move|p1a: Terapagos|Rapid Spin|p2a: Salamence\n|-damage|p2a: Salamence|31/100\n|-boost|p1a: Terapagos|spe|1\n|\n|upkeep\n|turn|3\n|inactive|Time left: 300 sec this turn | 300 sec total\n|\n|t:|1783533393\n|move|p1a: Terapagos|Tera Starstorm|p2a: Salamence\n|-damage|p2a: Salamence|0 fnt\n|faint|p2a: Salamence\n|\n|upkeep\n|\n|t:|1783533394\n|switch|p2a: Porygon2|Porygon2, L81|100/100\n|-ability|p2a: Porygon2|Download|boost\n|-boost|p2a: Porygon2|spa|1\n|turn|4\n|inactive|Time left: 300 sec this turn | 300 sec total\n|\n|t:|1783533395\n|move|p1a: Terapagos|Calm Mind|p1a: Terapagos\n|-boost|p1a: Terapagos|spa|1\n|-boost|p1a: Terapagos|spd|1\n|move|p2a: Porygon2|Tri Attack|p1a: Terapagos\n|-damage|p1a: Terapagos|12/273\n|\n|upkeep\n|turn|5\n|inactive|Time left: 300 sec this turn | 300 sec total\n|\n|t:|1783533395\n|move|p1a: Terapagos|Tera Starstorm|p2a: Porygon2\n|-damage|p2a: Porygon2|58/100\n|move|p2a: Porygon2|Ice Beam|p1a: Terapagos\n|-damage|p1a: Terapagos|0 fnt\n|faint|p1a: Terapagos\n|\n|upkeep\n|inactive|Time left: 300 sec this turn | 300 sec total | 5 sec grace\n|\n|t:|1783533396\n|switch|p1a: Great Tusk|Great Tusk, L77|304/304\n|turn|6\n|inactive|Time left: 300 sec this turn | 300 sec total\n|\n|t:|1783533397\n|move|p1a: Great Tusk|Close Combat|p2a: Porygon2\n|-supereffective|p2a: Porygon2\n|-damage|p2a: Porygon2|0 fnt\n|-unboost|p1a: Great Tusk|def|1\n|-unboost|p1a: Great Tusk|spd|1\n|faint|p2a: Porygon2\n|\n|upkeep\n|\n|t:|1783533398\n|switch|p2a: Veluza|Veluza, L85, F|100/100\n|turn|7\n|inactive|Time left: 300 sec this turn | 300 sec total\n|\n|t:|1783533399\n|-end|p1a: Great Tusk|Protosynthesis|[silent]\n|switch|p1a: Bellibolt|Bellibolt, L84, F|320/320\n|move|p2a: Veluza|Aqua Cutter|p1a: Bellibolt\n|-damage|p1a: Bellibolt|146/320\n|-start|p1a: Bellibolt|Charge|Aqua Cutter|[from] ability: Electromorphosis\n|\n|-heal|p1a: Bellibolt|166/320|[from] item: Leftovers\n|upkeep\n|turn|8\n|inactive|Time left: 300 sec this turn | 300 sec total\n|\n|t:|1783533400\n|move|p2a: Veluza|Aqua Cutter|p1a: Bellibolt\n|-damage|p1a: Bellibolt|0 fnt\n|faint|p1a: Bellibolt\n|\n|upkeep\n|inactive|Time left: 300 sec this turn | 300 sec total | 5 sec grace\n|\n|t:|1783533401\n|switch|p1a: Pincurchin|Pincurchin, M|258/258\n|-fieldstart|move: Electric Terrain|[from] ability: Electric Surge|[of] p1a: Pincurchin\n|turn|9\n|inactive|Time left: 300 sec this turn | 300 sec total\n|\n|t:|1783533402\n|switch|p2a: Alcremie|Alcremie, L90, F|100/100\n|move|p1a: Pincurchin|Thunderbolt|p2a: Alcremie\n|-damage|p2a: Alcremie|53/100\n|\n|-heal|p2a: Alcremie|59/100|[from] item: Leftovers\n|upkeep\n|turn|10\n|inactive|Time left: 300 sec this turn | 300 sec total\n|\n|t:|1783533403\n|move|p2a: Alcremie|Calm Mind|p2a: Alcremie\n|-boost|p2a: Alcremie|spa|1\n|-boost|p2a: Alcremie|spd|1\n|move|p1a: Pincurchin|Thunderbolt|p2a: Alcremie\n|-damage|p2a: Alcremie|29/100\n|\n|-heal|p2a: Alcremie|35/100|[from] item: Leftovers\n|upkeep\n|turn|11\n|inactive|Time left: 300 sec this turn | 300 sec total\n|\n|t:|1783533404\n|move|p2a: Alcremie|Recover|p2a: Alcremie\n|-heal|p2a: Alcremie|85/100\n|move|p1a: Pincurchin|Thunderbolt|p2a: Alcremie\n|-damage|p2a: Alcremie|56/100\n|\n|-heal|p2a: Alcremie|62/100|[from] item: Leftovers\n|upkeep\n|turn|12\n|inactive|Time left: 300 sec this turn | 300 sec total\n|\n|t:|1783533405\n|move|p2a: Alcremie|Alluring Voice|p1a: Pincurchin\n|-damage|p1a: Pincurchin|131/258\n|move|p1a: Pincurchin|Spikes|p2a: Alcremie\n|-sidestart|p2: p0y0110f74|Spikes\n|\n|-heal|p2a: Alcremie|68/100|[from] item: Leftovers\n|-heal|p1a: Pincurchin|147/258|[from] item: Leftovers\n|upkeep\n|turn|13\n|inactive|Time left: 300 sec this turn | 300 sec total\n|\n|t:|1783533406\n|move|p2a: Alcremie|Alluring Voice|p1a: Pincurchin\n|-damage|p1a: Pincurchin|0 fnt\n|faint|p1a: Pincurchin\n|\n|-heal|p2a: Alcremie|74/100|[from] item: Leftovers\n|-fieldend|move: Electric Terrain\n|upkeep\n|inactive|Time left: 300 sec this turn | 300 sec total | 5 sec grace\n|\n|t:|1783533407\n|switch|p1a: Great Tusk|Great Tusk, L77|304/304\n|turn|14\n|inactive|Time left: 300 sec this turn | 300 sec total\n|\n|t:|1783533408\n|-terastallize|p1a: Great Tusk|Steel\n|move|p1a: Great Tusk|Bulk Up|p1a: Great Tusk\n|-boost|p1a: Great Tusk|atk|1\n|-boost|p1a: Great Tusk|def|1\n|move|p2a: Alcremie|Alluring Voice|p1a: Great Tusk\n|-resisted|p1a: Great Tusk\n|-damage|p1a: Great Tusk|170/304\n|-start|p1a: Great Tusk|confusion\n|\n|-heal|p1a: Great Tusk|189/304|[from] item: Leftovers\n|-heal|p2a: Alcremie|80/100|[from] item: Leftovers\n|upkeep\n|turn|15\n|inactive|Time left: 300 sec this turn | 300 sec total\n|\n|t:|1783533409\n|-activate|p1a: Great Tusk|confusion\n|-damage|p1a: Great Tusk|166/304|[from] confusion\n|move|p2a: Alcremie|Alluring Voice|p1a: Great Tusk\n|-resisted|p1a: Great Tusk\n|-damage|p1a: Great Tusk|46/304\n|\n|-heal|p1a: Great Tusk|65/304|[from] item: Leftovers\n|-heal|p2a: Alcremie|86/100|[from] item: Leftovers\n|upkeep\n|turn|16\n|inactive|Time left: 300 sec this turn | 300 sec total\n|\n|t:|1783533410\n|-activate|p1a: Great Tusk|confusion\n|move|p1a: Great Tusk|Earthquake|p2a: Alcremie\n|-damage|p2a: Alcremie|13/100\n|move|p2a: Alcremie|Alluring Voice|p1a: Great Tusk\n|-resisted|p1a: Great Tusk\n|-damage|p1a: Great Tusk|0 fnt\n|faint|p1a: Great Tusk\n|-end|p1a: Great Tusk|Protosynthesis|[silent]\n|\n|-heal|p2a: Alcremie|20/100|[from] item: Leftovers\n|upkeep\n|inactive|Time left: 300 sec this turn | 300 sec total | 5 sec grace\n|\n|t:|1783533411\n|switch|p1a: Vigoroth|Vigoroth, L85, F|275/275\n|turn|17\n|inactive|Time left: 300 sec this turn | 300 sec total\n|\n|t:|1783533412\n|-terastallize|p2a: Alcremie|Steel\n|move|p1a: Vigoroth|Earthquake|p2a: Alcremie\n|-supereffective|p2a: Alcremie\n|-damage|p2a: Alcremie|0 fnt\n|faint|p2a: Alcremie\n|\n|upkeep\n|\n|t:|1783533413\n|switch|p2a: Qwilfish|Qwilfish-Hisui, L83, F|100/100\n|-damage|p2a: Qwilfish|88/100|[from] Spikes\n|-ability|p2a: Qwilfish|Intimidate|boost\n|-unboost|p1a: Vigoroth|atk|1\n|turn|18\n|inactive|Time left: 300 sec this turn | 300 sec total\n|\n|t:|1783533414\n|move|p1a: Vigoroth|Bulk Up|p1a: Vigoroth\n|-boost|p1a: Vigoroth|atk|1\n|-boost|p1a: Vigoroth|def|1\n|move|p2a: Qwilfish|Gunk Shot|p1a: Vigoroth\n|-damage|p1a: Vigoroth|215/275\n|-status|p1a: Vigoroth|psn\n|\n|-damage|p1a: Vigoroth|181/275 psn|[from] psn\n|upkeep\n|turn|19\n|inactive|Time left: 300 sec this turn | 300 sec total\n|\n|t:|1783533415\n|move|p1a: Vigoroth|Bulk Up|p1a: Vigoroth\n|-boost|p1a: Vigoroth|atk|1\n|-boost|p1a: Vigoroth|def|1\n|move|p2a: Qwilfish|Crunch|p1a: Vigoroth\n|-damage|p1a: Vigoroth|153/275 psn\n|\n|-damage|p1a: Vigoroth|119/275 psn|[from] psn\n|upkeep\n|turn|20\n|inactive|Time left: 300 sec this turn | 300 sec total\n|\n|t:|1783533416\n|move|p1a: Vigoroth|Slack Off|p1a: Vigoroth\n|-heal|p1a: Vigoroth|257/275 psn\n|move|p2a: Qwilfish|Crunch|p1a: Vigoroth\n|-damage|p1a: Vigoroth|227/275 psn\n|\n|-damage|p1a: Vigoroth|193/275 psn|[from] psn\n|upkeep\n|turn|21\n|inactive|Time left: 300 sec this turn | 300 sec total\n|\n|t:|1783533418\n|move|p1a: Vigoroth|Body Slam|p2a: Qwilfish\n|-damage|p2a: Qwilfish|55/100\n|-status|p2a: Qwilfish|par\n|move|p2a: Qwilfish|Gunk Shot|p1a: Vigoroth\n|-damage|p1a: Vigoroth|147/275 psn\n|\n|-damage|p1a: Vigoroth|113/275 psn|[from] psn\n|upkeep\n|turn|22\n|inactive|Time left: 300 sec this turn | 300 sec total\n|\n|t:|1783533419\n|move|p1a: Vigoroth|Slack Off|p1a: Vigoroth\n|-heal|p1a: Vigoroth|251/275 psn\n|move|p2a: Qwilfish|Gunk Shot|p1a: Vigoroth\n|-damage|p1a: Vigoroth|206/275 psn\n|\n|-damage|p1a: Vigoroth|172/275 psn|[from] psn\n|upkeep\n|turn|23\n|inactive|Time left: 300 sec this turn | 300 sec total\n|\n|t:|1783533420\n|move|p1a: Vigoroth|Bulk Up|p1a: Vigoroth\n|-boost|p1a: Vigoroth|atk|1\n|-boost|p1a: Vigoroth|def|1\n|move|p2a: Qwilfish|Crunch|p1a: Vigoroth\n|-damage|p1a: Vigoroth|150/275 psn\n|\n|-damage|p1a: Vigoroth|116/275 psn|[from] psn\n|upkeep\n|turn|24\n|inactive|Time left: 300 sec this turn | 300 sec total\n|\n|t:|1783533421\n|move|p1a: Vigoroth|Slack Off|p1a: Vigoroth\n|-heal|p1a: Vigoroth|254/275 psn\n|move|p2a: Qwilfish|Crunch|p1a: Vigoroth\n|-damage|p1a: Vigoroth|229/275 psn\n|\n|-damage|p1a: Vigoroth|195/275 psn|[from] psn\n|upkeep\n|turn|25\n|inactive|Time left: 300 sec this turn | 300 sec total\n|\n|t:|1783533422\n|move|p1a: Vigoroth|Earthquake|p2a: Qwilfish\n|-supereffective|p2a: Qwilfish\n|-damage|p2a: Qwilfish|0 fnt\n|faint|p2a: Qwilfish\n|\n|-damage|p1a: Vigoroth|161/275 psn|[from] psn\n|upkeep\n|\n|t:|1783533423\n|switch|p2a: Veluza|Veluza, L85, F|100/100\n|-damage|p2a: Veluza|88/100|[from] Spikes\n|turn|26\n|inactive|Time left: 300 sec this turn | 300 sec total\n|\n|t:|1783533424\n|move|p1a: Vigoroth|Body Slam|p2a: Veluza\n|-damage|p2a: Veluza|30/100\n|move|p2a: Veluza|Aqua Cutter|p1a: Vigoroth\n|-damage|p1a: Vigoroth|109/275 psn\n|\n|-damage|p1a: Vigoroth|75/275 psn|[from] psn\n|upkeep\n|turn|27\n|inactive|Time left: 300 sec this turn | 300 sec total\n|\n|t:|1783533425\n|move|p1a: Vigoroth|Body Slam|p2a: Veluza\n|-damage|p2a: Veluza|0 fnt\n|faint|p2a: Veluza\n|\n|-damage|p1a: Vigoroth|41/275 psn|[from] psn\n|upkeep\n|\n|t:|1783533426\n|switch|p2a: Ogerpon|Ogerpon-Hearthflame, L74, F|100/100\n|-damage|p2a: Ogerpon|88/100|[from] Spikes\n|-ability|p2a: Ogerpon|Mold Breaker\n|turn|28\n|inactive|Time left: 300 sec this turn | 300 sec total\n|\n|t:|1783533427\n|move|p2a: Ogerpon|Power Whip|p1a: Vigoroth|[miss]\n|-miss|p2a: Ogerpon|p1a: Vigoroth\n|move|p1a: Vigoroth|Slack Off|p1a: Vigoroth\n|-heal|p1a: Vigoroth|179/275 psn\n|\n|-damage|p1a: Vigoroth|145/275 psn|[from] psn\n|upkeep\n|turn|29\n|inactive|Time left: 300 sec this turn | 300 sec total\n|\n|t:|1783533428\n|move|p2a: Ogerpon|Swords Dance|p2a: Ogerpon\n|-boost|p2a: Ogerpon|atk|2\n|move|p1a: Vigoroth|Earthquake|p2a: Ogerpon\n|-damage|p2a: Ogerpon|26/100\n|\n|-damage|p1a: Vigoroth|111/275 psn|[from] psn\n|upkeep\n|turn|30\n|inactive|Time left: 300 sec this turn | 300 sec total\n|\n|t:|1783533429\n|move|p2a: Ogerpon|Ivy Cudgel|p1a: Vigoroth|[anim] Ivy Cudgel Fire\n|-crit|p1a: Vigoroth\n|-damage|p1a: Vigoroth|0 fnt\n|faint|p1a: Vigoroth\n|\n|upkeep\n|inactive|Time left: 300 sec this turn | 300 sec total | 5 sec grace\n|\n|t:|1783533430\n|switch|p1a: Darkrai|Darkrai, L77|234/234\n|turn|31\n|inactive|Time left: 300 sec this turn | 300 sec total\n|\n|t:|1783533431\n|move|p1a: Darkrai|Dark Pulse|p2a: Ogerpon\n|-damage|p2a: Ogerpon|0 fnt\n|faint|p2a: Ogerpon\n|-damage|p1a: Darkrai|211/234|[from] item: Life Orb\n|\n|win|p0x011440f", "uploadtime": 1783533431, "views": 0, "rating": 0, "private": 0, "password": null, "_winner": "p0x011440f", "_our_name": "p0x011440f"}