{"id": "battle-gen9randombattle-1723", "formatid": "gen9randombattle", "format": "[Gen 9] Random Battle", "players": ["p0x1723ed8f", "p0y1723c6b6"], "log": "|init|battle\n|title|p0x1723ed8f vs. p0y1723c6b6\n|j|\u2606p0x1723ed8f\n|j|\u2606p0y1723c6b6\n|t:|1783559151\n|gametype|singles\n|player|p1|p0x1723ed8f|102|\n|player|p2|p0y1723c6b6|170|\n|gen|9\n|tier|[Gen 9] Random Battle\n|rule|Species Clause: Limit one of each Pok\u00e9mon\n|rule|HP Percentage Mod: HP is shown in percentages\n|rule|Sleep Clause Mod: Limit one foe put to sleep\n|rule|Illusion Level Mod: Illusion disguises the Pok\u00e9mon's true level\n|\n|t:|1783559151\n|teamsize|p1|6\n|teamsize|p2|6\n|start\n|switch|p1a: Incineroar|Incineroar, L82, M|100/100\n|switch|p2a: Dugtrio|Dugtrio-Alola, L84, M|196/196\n|-ability|p1a: Incineroar|Intimidate|boost\n|-unboost|p2a: Dugtrio|atk|1\n|turn|1\n|inactive|Battle timer is ON: inactive players will automatically lose when time's up. (requested by p0y1723c6b6)\n|inactive|p0x1723ed8f also wants the timer to be on.\n|\n|t:|1783559153\n|move|p2a: Dugtrio|Earthquake|p1a: Incineroar\n|-supereffective|p1a: Incineroar\n|-damage|p1a: Incineroar|32/100\n|-damage|p2a: Dugtrio|177/196|[from] item: Life Orb\n|move|p1a: Incineroar|Knock Off|p2a: Dugtrio\n|-damage|p2a: Dugtrio|24/196\n|-ability|p2a: Dugtrio|Tangling Hair\n|-unboost|p1a: Incineroar|spe|1\n|-enditem|p2a: Dugtrio|Life Orb|[from] move: Knock Off|[of] p1a: Incineroar\n|\n|upkeep\n|turn|2\n|inactive|Time left: 300 sec this turn | 300 sec total\n|\n|t:|1783559154\n|switch|p1a: Braviary|Braviary-Hisui, L85, M|100/100\n|move|p2a: Dugtrio|Stealth Rock|p1a: Braviary\n|-sidestart|p1: p0x1723ed8f|move: Stealth Rock\n|\n|upkeep\n|turn|3\n|inactive|Time left: 300 sec this turn | 300 sec total\n|\n|t:|1783559155\n|switch|p2a: Brambleghast|Brambleghast, L88, F|240/240\n|move|p1a: Braviary|Esper Wing|p2a: Brambleghast\n|-damage|p2a: Brambleghast|123/240\n|-boost|p1a: Braviary|spe|1\n|\n|-heal|p2a: Brambleghast|138/240|[from] item: Leftovers\n|upkeep\n|turn|4\n|inactive|Time left: 300 sec this turn | 300 sec total\n|\n|t:|1783559157\n|move|p1a: Braviary|Esper Wing|p2a: Brambleghast\n|-damage|p2a: Brambleghast|35/240\n|-boost|p1a: Braviary|spe|1\n|move|p2a: Brambleghast|Poltergeist|p1a: Braviary\n|-activate|p1a: Braviary|move: Poltergeist|Heavy-Duty Boots\n|-supereffective|p1a: Braviary\n|-damage|p1a: Braviary|0 fnt\n|faint|p1a: Braviary\n|\n|-heal|p2a: Brambleghast|50/240|[from] item: Leftovers\n|upkeep\n|\n|t:|1783559158\n|switch|p1a: Dodrio|Dodrio, L85, M|100/100\n|turn|5\n|inactive|Time left: 300 sec this turn | 300 sec total\n|\n|t:|1783559159\n|switch|p2a: Golurk|Golurk, L87|297/297\n|move|p1a: Dodrio|Brave Bird|p2a: Golurk\n|-damage|p2a: Golurk|144/297\n|-damage|p1a: Dodrio|80/100|[from] Recoil\n|\n|upkeep\n|turn|6\n|inactive|Time left: 300 sec this turn | 300 sec total\n|\n|t:|1783559160\n|move|p1a: Dodrio|Brave Bird|p2a: Golurk\n|-damage|p2a: Golurk|0 fnt\n|faint|p2a: Golurk\n|-damage|p1a: Dodrio|60/100|[from] Recoil\n|\n|upkeep\n|inactive|Time left: 300 sec this turn | 300 sec total | 5 sec grace\n|\n|t:|1783559161\n|switch|p2a: Weezing|Weezing, L88, M|258/258\n|turn|7\n|inactive|Time left: 300 sec this turn | 300 sec total\n|\n|t:|1783559162\n|switch|p1a: Kingdra|Kingdra, L84, M|100/100\n|-damage|p1a: Kingdra|88/100|[from] Stealth Rock\n|move|p2a: Weezing|Sludge Bomb|p1a: Kingdra\n|-damage|p1a: Kingdra|54/100\n|-status|p1a: Kingdra|psn\n|-enditem|p1a: Kingdra|Lum Berry|[eat]\n|-curestatus|p1a: Kingdra|psn|[msg]\n|\n|upkeep\n|turn|8\n|inactive|Time left: 300 sec this turn | 300 sec total\n|\n|t:|1783559163\n|move|p1a: Kingdra|Outrage|p2a: Weezing\n|-damage|p2a: Weezing|171/258\n|move|p2a: Weezing|Sludge Bomb|p1a: Kingdra\n|-damage|p1a: Kingdra|20/100\n|\n|-heal|p2a: Weezing|187/258|[from] item: Leftovers\n|upkeep\n|turn|9\n|inactive|Time left: 300 sec this turn | 300 sec total\n|\n|t:|1783559164\n|move|p1a: Kingdra|Outrage|p2a: Weezing|[from] lockedmove\n|-damage|p2a: Weezing|100/258\n|move|p2a: Weezing|Sludge Bomb|p1a: Kingdra\n|-damage|p1a: Kingdra|0 fnt\n|faint|p1a: Kingdra\n|\n|-heal|p2a: Weezing|116/258|[from] item: Leftovers\n|upkeep\n|\n|t:|1783559166\n|switch|p1a: Iron Boulder|Iron Boulder, L77|100/100\n|-damage|p1a: Iron Boulder|88/100|[from] Stealth Rock\n|turn|10\n|inactive|Time left: 300 sec this turn | 300 sec total\n|\n|t:|1783559167\n|switch|p2a: Dugtrio|Dugtrio-Alola, L84, M|24/196\n|move|p1a: Iron Boulder|Zen Headbutt|p2a: Dugtrio\n|-resisted|p2a: Dugtrio\n|-damage|p2a: Dugtrio|0 fnt\n|-ability|p2a: Dugtrio|Tangling Hair\n|-unboost|p1a: Iron Boulder|spe|1\n|faint|p2a: Dugtrio\n|-damage|p1a: Iron Boulder|78/100|[from] item: Life Orb\n|\n|upkeep\n|inactive|Time left: 300 sec this turn | 300 sec total | 5 sec grace\n|\n|t:|1783559168\n|switch|p2a: Brambleghast|Brambleghast, L88, F|50/240\n|turn|11\n|inactive|Time left: 300 sec this turn | 300 sec total\n|\n|t:|1783559169\n|-end|p1a: Iron Boulder|Quark Drive|[silent]\n|switch|p1a: Incineroar|Incineroar, L82, M|32/100\n|-ability|p1a: Incineroar|Intimidate|boost\n|-unboost|p2a: Brambleghast|atk|1\n|move|p2a: Brambleghast|Power Whip|p1a: Incineroar\n|-resisted|p1a: Incineroar\n|-damage|p1a: Incineroar|14/100\n|\n|-heal|p2a: Brambleghast|65/240|[from] item: Leftovers\n|upkeep\n|turn|12\n|inactive|Time left: 300 sec this turn | 300 sec total\n|\n|t:|1783559170\n|move|p2a: Brambleghast|Power Whip|p1a: Incineroar\n|-resisted|p1a: Incineroar\n|-damage|p1a: Incineroar|0 fnt\n|faint|p1a: Incineroar\n|\n|-heal|p2a: Brambleghast|80/240|[from] item: Leftovers\n|upkeep\n|\n|t:|1783559171\n|switch|p1a: Dodrio|Dodrio, L85, M|60/100\n|turn|13\n|inactive|Time left: 300 sec this turn | 300 sec total\n|\n|t:|1783559172\n|move|p1a: Dodrio|Brave Bird|p2a: Brambleghast\n|-supereffective|p2a: Brambleghast\n|-damage|p2a: Brambleghast|0 fnt\n|faint|p2a: Brambleghast\n|-damage|p1a: Dodrio|49/100|[from] Recoil\n|\n|upkeep\n|inactive|Time left: 300 sec this turn | 300 sec total | 5 sec grace\n|\n|t:|1783559173\n|switch|p2a: Weezing|Weezing, L88, M|116/258\n|turn|14\n|inactive|Time left: 300 sec this turn | 300 sec total\n|\n|t:|1783559174\n|move|p1a: Dodrio|Double-Edge|p2a: Weezing\n|-damage|p2a: Weezing|7/258\n|-damage|p1a: Dodrio|34/100|[from] Recoil\n|move|p2a: Weezing|Sludge Bomb|p1a: Dodrio\n|-damage|p1a: Dodrio|0 fnt\n|faint|p1a: Dodrio\n|\n|-heal|p2a: Weezing|23/258|[from] item: Leftovers\n|upkeep\n|\n|t:|1783559175\n|switch|p1a: Dedenne|Dedenne, L88, F|100/100\n|-damage|p1a: Dedenne|88/100|[from] Stealth Rock\n|turn|15\n|inactive|Time left: 300 sec this turn | 300 sec total\n|\n|t:|1783559176\n|move|p1a: Dedenne|Thunderbolt|p2a: Weezing\n|-damage|p2a: Weezing|0 fnt\n|faint|p2a: Weezing\n|\n|upkeep\n|inactive|Time left: 300 sec this turn | 300 sec total | 5 sec grace\n|\n|t:|1783559178\n|switch|p2a: Sneasler|Sneasler, L74, F|240/240\n|turn|16\n|inactive|Time left: 300 sec this turn | 300 sec total\n|\n|t:|1783559179\n|move|p1a: Dedenne|Thunderbolt|p2a: Sneasler\n|-damage|p2a: Sneasler|132/240\n|move|p2a: Sneasler|Dire Claw|p1a: Dedenne\n|-supereffective|p1a: Dedenne\n|-damage|p1a: Dedenne|12/100\n|-enditem|p1a: Dedenne|Sitrus Berry|[eat]\n|-heal|p1a: Dedenne|37/100|[from] item: Sitrus Berry\n|-heal|p1a: Dedenne|70/100|[from] ability: Cheek Pouch\n|\n|upkeep\n|turn|17\n|inactive|Time left: 300 sec this turn | 300 sec total\n|\n|t:|1783559180\n|move|p1a: Dedenne|Dazzling Gleam|p2a: Sneasler\n|-damage|p2a: Sneasler|41/240\n|move|p2a: Sneasler|Dire Claw|p1a: Dedenne\n|-supereffective|p1a: Dedenne\n|-damage|p1a: Dedenne|0 fnt\n|faint|p1a: Dedenne\n|\n|upkeep\n|\n|t:|1783559181\n|switch|p1a: Iron Boulder|Iron Boulder, L77|78/100\n|-damage|p1a: Iron Boulder|66/100|[from] Stealth Rock\n|turn|18\n|inactive|Time left: 300 sec this turn | 300 sec total\n|\n|t:|1783559182\n|-terastallize|p1a: Iron Boulder|Fighting\n|-terastallize|p2a: Sneasler|Flying\n|move|p1a: Iron Boulder|Mighty Cleave|p2a: Sneasler\n|-supereffective|p2a: Sneasler\n|-damage|p2a: Sneasler|0 fnt\n|faint|p2a: Sneasler\n|-damage|p1a: Iron Boulder|56/100|[from] item: Life Orb\n|\n|upkeep\n|inactive|Time left: 300 sec this turn | 300 sec total | 5 sec grace\n|\n|t:|1783559183\n|switch|p2a: Kleavor|Kleavor, L78, F|237/237\n|turn|19\n|inactive|Time left: 300 sec this turn | 300 sec total\n|\n|t:|1783559183\n|move|p1a: Iron Boulder|Mighty Cleave|p2a: Kleavor\n|-supereffective|p2a: Kleavor\n|-damage|p2a: Kleavor|0 fnt\n|faint|p2a: Kleavor\n|-damage|p1a: Iron Boulder|46/100|[from] item: Life Orb\n|\n|win|p0x1723ed8f", "uploadtime": 1783559183, "views": 0, "rating": 0, "private": 0, "password": null, "_winner": "p0x1723ed8f", "_our_name": "p0y1723c6b6"}