{"id": "battle-gen9randombattle-425", "formatid": "gen9randombattle", "format": "[Gen 9] Random Battle", "players": ["p0x4258243", "p0y4256733"], "log": "|init|battle\n|title|p0x4258243 vs. p0y4256733\n|j|\u2606p0x4258243\n|j|\u2606p0y4256733\n|t:|1783544653\n|gametype|singles\n|player|p1|p0x4258243|1|\n|player|p2|p0y4256733|266|\n|gen|9\n|tier|[Gen 9] Random Battle\n|rule|Species Clause: Limit one of each Pok\u00e9mon\n|rule|HP Percentage Mod: HP is shown in percentages\n|rule|Sleep Clause Mod: Limit one foe put to sleep\n|rule|Illusion Level Mod: Illusion disguises the Pok\u00e9mon's true level\n|\n|t:|1783544653\n|teamsize|p1|6\n|teamsize|p2|6\n|start\n|switch|p1a: Ribombee|Ribombee, L83, F|235/235\n|switch|p2a: Meganium|Meganium, L90, F|100/100\n|turn|1\n|inactive|Battle timer is ON: inactive players will automatically lose when time's up. (requested by p0y4256733)\n|inactive|Time left: 300 sec this turn | 300 sec total | 60 sec grace\n|inactive|p0x4258243 also wants the timer to be on.\n|\n|t:|1783544655\n|move|p1a: Ribombee|Sticky Web|p2a: Meganium\n|-sidestart|p2: p0y4256733|move: Sticky Web\n|move|p2a: Meganium|Energy Ball|p1a: Ribombee\n|-resisted|p1a: Ribombee\n|-damage|p1a: Ribombee|179/235\n|\n|upkeep\n|turn|2\n|inactive|Time left: 300 sec this turn | 300 sec total\n|\n|t:|1783544656\n|move|p1a: Ribombee|Moonblast|p2a: Meganium\n|-damage|p2a: Meganium|73/100\n|-unboost|p2a: Meganium|spa|1\n|move|p2a: Meganium|Knock Off|p1a: Ribombee\n|-resisted|p1a: Ribombee\n|-damage|p1a: Ribombee|137/235\n|-enditem|p1a: Ribombee|Focus Sash|[from] move: Knock Off|[of] p2a: Meganium\n|\n|-heal|p2a: Meganium|79/100|[from] item: Leftovers\n|upkeep\n|turn|3\n|inactive|Time left: 300 sec this turn | 300 sec total\n|\n|t:|1783544657\n|move|p1a: Ribombee|U-turn|p2a: Meganium\n|-supereffective|p2a: Meganium\n|-damage|p2a: Meganium|49/100\n|inactive|Time left: 300 sec this turn | 300 sec total | 5 sec grace\n|\n|t:|1783544658\n|switch|p1a: Overqwil|Overqwil, L82, F|274/274|[from] U-turn\n|-ability|p1a: Overqwil|Intimidate|boost\n|-unboost|p2a: Meganium|atk|1\n|move|p2a: Meganium|Leech Seed|p1a: Overqwil\n|-start|p1a: Overqwil|move: Leech Seed\n|\n|-heal|p2a: Meganium|55/100|[from] item: Leftovers\n|-damage|p1a: Overqwil|240/274|[from] Leech Seed|[of] p2a: Meganium\n|-heal|p2a: Meganium|67/100|[silent]\n|upkeep\n|turn|4\n|inactive|Time left: 300 sec this turn | 300 sec total\n|\n|t:|1783544660\n|switch|p2a: Mudsdale|Mudsdale, L83, F|100/100\n|-activate|p2a: Mudsdale|move: Sticky Web\n|-unboost|p2a: Mudsdale|spe|1\n|move|p1a: Overqwil|Gunk Shot|p2a: Mudsdale|[miss]\n|-miss|p1a: Overqwil|p2a: Mudsdale\n|\n|-damage|p1a: Overqwil|206/274|[from] Leech Seed|[of] p2a: Mudsdale\n|upkeep\n|turn|5\n|inactive|Time left: 300 sec this turn | 300 sec total\n|\n|t:|1783544661\n|switch|p1a: Rotom|Rotom-Frost, L87|229/229\n|move|p2a: Mudsdale|Earthquake|p1a: Rotom\n|-immune|p1a: Rotom|[from] ability: Levitate\n|\n|upkeep\n|turn|6\n|inactive|Time left: 300 sec this turn | 300 sec total\n|\n|t:|1783544662\n|move|p1a: Rotom|Blizzard|p2a: Mudsdale|[miss]\n|-miss|p1a: Rotom|p2a: Mudsdale\n|move|p2a: Mudsdale|Stone Edge|p1a: Rotom\n|-supereffective|p1a: Rotom\n|-damage|p1a: Rotom|87/229\n|\n|upkeep\n|turn|7\n|inactive|Time left: 300 sec this turn | 300 sec total\n|\n|t:|1783544663\n|move|p1a: Rotom|Will-O-Wisp|p2a: Mudsdale\n|-status|p2a: Mudsdale|brn\n|move|p2a: Mudsdale|Stealth Rock|p1a: Rotom\n|-sidestart|p1: p0x4258243|move: Stealth Rock\n|\n|-damage|p2a: Mudsdale|95/100 brn|[from] brn\n|upkeep\n|turn|8\n|inactive|Time left: 300 sec this turn | 300 sec total\n|\n|t:|1783544664\n|move|p1a: Rotom|Nasty Plot|p1a: Rotom\n|-boost|p1a: Rotom|spa|2\n|move|p2a: Mudsdale|Stone Edge|p1a: Rotom\n|-supereffective|p1a: Rotom\n|-damage|p1a: Rotom|21/229\n|\n|-heal|p2a: Mudsdale|100/100 brn|[from] item: Leftovers\n|-damage|p2a: Mudsdale|95/100 brn|[from] brn\n|upkeep\n|turn|9\n|inactive|Time left: 300 sec this turn | 300 sec total\n|\n|t:|1783544665\n|move|p1a: Rotom|Blizzard|p2a: Mudsdale\n|-supereffective|p2a: Mudsdale\n|-damage|p2a: Mudsdale|0 fnt\n|faint|p2a: Mudsdale\n|\n|upkeep\n|\n|t:|1783544666\n|switch|p2a: Latias|Latias, L79, F|100/100\n|turn|10\n|inactive|Time left: 300 sec this turn | 300 sec total\n|\n|t:|1783544667\n|switch|p1a: Overqwil|Overqwil, L82, F|206/274\n|-damage|p1a: Overqwil|172/274|[from] Stealth Rock\n|-ability|p1a: Overqwil|Intimidate|boost\n|-unboost|p2a: Latias|atk|1\n|move|p2a: Latias|Psyshock|p1a: Overqwil\n|-immune|p1a: Overqwil\n|\n|upkeep\n|turn|11\n|inactive|Time left: 300 sec this turn | 300 sec total\n|\n|t:|1783544668\n|move|p2a: Latias|Draco Meteor|p1a: Overqwil\n|-damage|p1a: Overqwil|0 fnt\n|-unboost|p2a: Latias|spa|2\n|faint|p1a: Overqwil\n|\n|upkeep\n|inactive|Time left: 300 sec this turn | 300 sec total | 5 sec grace\n|\n|t:|1783544669\n|switch|p1a: Empoleon|Empoleon, L84, F|278/278\n|-damage|p1a: Empoleon|261/278|[from] Stealth Rock\n|turn|12\n|inactive|Time left: 300 sec this turn | 300 sec total\n|\n|t:|1783544670\n|switch|p2a: Meganium|Meganium, L90, F|67/100\n|-activate|p2a: Meganium|move: Sticky Web\n|-unboost|p2a: Meganium|spe|1\n|move|p1a: Empoleon|Knock Off|p2a: Meganium\n|-damage|p2a: Meganium|48/100\n|-enditem|p2a: Meganium|Leftovers|[from] move: Knock Off|[of] p1a: Empoleon\n|\n|-heal|p1a: Empoleon|278/278|[from] item: Leftovers\n|upkeep\n|turn|13\n|inactive|Time left: 300 sec this turn | 300 sec total\n|\n|t:|1783544671\n|move|p1a: Empoleon|Ice Beam|p2a: Meganium\n|-supereffective|p2a: Meganium\n|-damage|p2a: Meganium|9/100\n|move|p2a: Meganium|Synthesis|p2a: Meganium\n|-heal|p2a: Meganium|59/100\n|\n|upkeep\n|turn|14\n|inactive|Time left: 300 sec this turn | 300 sec total\n|\n|t:|1783544672\n|move|p1a: Empoleon|Ice Beam|p2a: Meganium\n|-supereffective|p2a: Meganium\n|-damage|p2a: Meganium|15/100\n|move|p2a: Meganium|Synthesis|p2a: Meganium\n|-heal|p2a: Meganium|65/100\n|\n|upkeep\n|turn|15\n|inactive|Time left: 300 sec this turn | 300 sec total\n|\n|t:|1783544673\n|move|p1a: Empoleon|Ice Beam|p2a: Meganium\n|-supereffective|p2a: Meganium\n|-damage|p2a: Meganium|24/100\n|move|p2a: Meganium|Leech Seed|p1a: Empoleon\n|-start|p1a: Empoleon|move: Leech Seed\n|\n|-damage|p1a: Empoleon|244/278|[from] Leech Seed|[of] p2a: Meganium\n|-heal|p2a: Meganium|36/100|[silent]\n|upkeep\n|turn|16\n|inactive|Time left: 300 sec this turn | 300 sec total\n|\n|t:|1783544674\n|move|p1a: Empoleon|Ice Beam|p2a: Meganium\n|-supereffective|p2a: Meganium\n|-damage|p2a: Meganium|0 fnt\n|faint|p2a: Meganium\n|\n|-heal|p1a: Empoleon|261/278|[from] item: Leftovers\n|upkeep\n|\n|t:|1783544676\n|switch|p2a: Latias|Latias, L79, F|100/100\n|turn|17\n|inactive|Time left: 300 sec this turn | 300 sec total\n|\n|t:|1783544677\n|move|p2a: Latias|Calm Mind|p2a: Latias\n|-boost|p2a: Latias|spa|1\n|-boost|p2a: Latias|spd|1\n|move|p1a: Empoleon|Knock Off|p2a: Latias\n|-supereffective|p2a: Latias\n|-damage|p2a: Latias|47/100\n|-enditem|p2a: Latias|Soul Dew|[from] move: Knock Off|[of] p1a: Empoleon\n|\n|-heal|p1a: Empoleon|278/278|[from] item: Leftovers\n|-damage|p1a: Empoleon|244/278|[from] Leech Seed|[of] p2a: Latias\n|-heal|p2a: Latias|60/100|[silent]\n|upkeep\n|turn|18\n|inactive|Time left: 300 sec this turn | 300 sec total\n|\n|t:|1783544678\n|switch|p1a: Rotom|Rotom-Frost, L87|21/229\n|move|p2a: Latias|Calm Mind|p2a: Latias\n|-boost|p2a: Latias|spa|1\n|-boost|p2a: Latias|spd|1\n|\n|upkeep\n|turn|19\n|inactive|Time left: 300 sec this turn | 300 sec total\n|\n|t:|1783544678\n|switch|p1a: Empoleon|Empoleon, L84, F|244/278\n|-damage|p1a: Empoleon|227/278|[from] Stealth Rock\n|move|p2a: Latias|Psyshock|p1a: Empoleon\n|-resisted|p1a: Empoleon\n|-damage|p1a: Empoleon|143/278\n|\n|-heal|p1a: Empoleon|160/278|[from] item: Leftovers\n|upkeep\n|turn|20\n|inactive|Time left: 300 sec this turn | 300 sec total\n|\n|t:|1783544679\n|move|p2a: Latias|Calm Mind|p2a: Latias\n|-boost|p2a: Latias|spa|1\n|-boost|p2a: Latias|spd|1\n|move|p1a: Empoleon|Roost|p1a: Empoleon\n|-heal|p1a: Empoleon|278/278\n|-singleturn|p1a: Empoleon|move: Roost\n|\n|upkeep\n|turn|21\n|inactive|Time left: 300 sec this turn | 300 sec total\n|\n|t:|1783544680\n|move|p2a: Latias|Recover|p2a: Latias\n|-heal|p2a: Latias|100/100\n|move|p1a: Empoleon|Knock Off|p2a: Latias\n|-supereffective|p2a: Latias\n|-damage|p2a: Latias|66/100\n|\n|upkeep\n|turn|22\n|inactive|Time left: 300 sec this turn | 300 sec total\n|\n|t:|1783544681\n|move|p2a: Latias|Psyshock|p1a: Empoleon\n|-resisted|p1a: Empoleon\n|-damage|p1a: Empoleon|182/278\n|move|p1a: Empoleon|Knock Off|p2a: Latias\n|-supereffective|p2a: Latias\n|-damage|p2a: Latias|34/100\n|\n|-heal|p1a: Empoleon|199/278|[from] item: Leftovers\n|upkeep\n|turn|23\n|inactive|Time left: 300 sec this turn | 300 sec total\n|\n|t:|1783544683\n|move|p2a: Latias|Recover|p2a: Latias\n|-heal|p2a: Latias|84/100\n|move|p1a: Empoleon|Knock Off|p2a: Latias\n|-supereffective|p2a: Latias\n|-crit|p2a: Latias\n|-damage|p2a: Latias|36/100\n|\n|-heal|p1a: Empoleon|216/278|[from] item: Leftovers\n|upkeep\n|turn|24\n|inactive|Time left: 300 sec this turn | 300 sec total\n|\n|t:|1783544684\n|move|p2a: Latias|Recover|p2a: Latias\n|-heal|p2a: Latias|86/100\n|move|p1a: Empoleon|Knock Off|p2a: Latias\n|-supereffective|p2a: Latias\n|-damage|p2a: Latias|53/100\n|\n|-heal|p1a: Empoleon|233/278|[from] item: Leftovers\n|upkeep\n|turn|25\n|inactive|Time left: 300 sec this turn | 300 sec total\n|\n|t:|1783544685\n|move|p2a: Latias|Recover|p2a: Latias\n|-heal|p2a: Latias|100/100\n|move|p1a: Empoleon|Knock Off|p2a: Latias\n|-supereffective|p2a: Latias\n|-damage|p2a: Latias|67/100\n|\n|-heal|p1a: Empoleon|250/278|[from] item: Leftovers\n|upkeep\n|turn|26\n|inactive|Time left: 300 sec this turn | 300 sec total\n|\n|t:|1783544686\n|move|p2a: Latias|Recover|p2a: Latias\n|-heal|p2a: Latias|100/100\n|move|p1a: Empoleon|Knock Off|p2a: Latias\n|-supereffective|p2a: Latias\n|-damage|p2a: Latias|66/100\n|\n|-heal|p1a: Empoleon|267/278|[from] item: Leftovers\n|upkeep\n|turn|27\n|inactive|Time left: 300 sec this turn | 300 sec total\n|\n|t:|1783544687\n|move|p2a: Latias|Psyshock|p1a: Empoleon\n|-resisted|p1a: Empoleon\n|-crit|p1a: Empoleon\n|-damage|p1a: Empoleon|109/278\n|move|p1a: Empoleon|Knock Off|p2a: Latias\n|-supereffective|p2a: Latias\n|-damage|p2a: Latias|33/100\n|\n|-heal|p1a: Empoleon|126/278|[from] item: Leftovers\n|upkeep\n|turn|28\n|inactive|Time left: 300 sec this turn | 300 sec total\n|\n|t:|1783544688\n|move|p2a: Latias|Recover|p2a: Latias\n|-heal|p2a: Latias|83/100\n|move|p1a: Empoleon|Knock Off|p2a: Latias\n|-supereffective|p2a: Latias\n|-damage|p2a: Latias|45/100\n|\n|-heal|p1a: Empoleon|143/278|[from] item: Leftovers\n|upkeep\n|turn|29\n|inactive|Time left: 300 sec this turn | 300 sec total\n|\n|t:|1783544689\n|move|p2a: Latias|Psyshock|p1a: Empoleon\n|-resisted|p1a: Empoleon\n|-damage|p1a: Empoleon|32/278\n|move|p1a: Empoleon|Roost|p1a: Empoleon\n|-heal|p1a: Empoleon|171/278\n|-singleturn|p1a: Empoleon|move: Roost\n|\n|-heal|p1a: Empoleon|188/278|[from] item: Leftovers\n|upkeep\n|turn|30\n|inactive|Time left: 300 sec this turn | 300 sec total\n|\n|t:|1783544690\n|move|p2a: Latias|Recover|p2a: Latias\n|-heal|p2a: Latias|95/100\n|move|p1a: Empoleon|Knock Off|p2a: Latias\n|-supereffective|p2a: Latias\n|-damage|p2a: Latias|59/100\n|\n|-heal|p1a: Empoleon|205/278|[from] item: Leftovers\n|upkeep\n|turn|31\n|inactive|Time left: 300 sec this turn | 300 sec total\n|\n|t:|1783544691\n|move|p2a: Latias|Psyshock|p1a: Empoleon\n|-resisted|p1a: Empoleon\n|-damage|p1a: Empoleon|111/278\n|move|p1a: Empoleon|Roost|p1a: Empoleon\n|-heal|p1a: Empoleon|250/278\n|-singleturn|p1a: Empoleon|move: Roost\n|\n|-heal|p1a: Empoleon|267/278|[from] item: Leftovers\n|upkeep\n|turn|32\n|inactive|Time left: 300 sec this turn | 300 sec total\n|\n|t:|1783544693\n|move|p2a: Latias|Recover|p2a: Latias\n|-heal|p2a: Latias|100/100\n|move|p1a: Empoleon|Knock Off|p2a: Latias\n|-supereffective|p2a: Latias\n|-damage|p2a: Latias|66/100\n|\n|-heal|p1a: Empoleon|278/278|[from] item: Leftovers\n|upkeep\n|turn|33\n|inactive|Time left: 300 sec this turn | 300 sec total\n|\n|t:|1783544694\n|move|p2a: Latias|Psyshock|p1a: Empoleon\n|-resisted|p1a: Empoleon\n|-damage|p1a: Empoleon|175/278\n|move|p1a: Empoleon|Knock Off|p2a: Latias\n|-supereffective|p2a: Latias\n|-damage|p2a: Latias|29/100\n|\n|-heal|p1a: Empoleon|192/278|[from] item: Leftovers\n|upkeep\n|turn|34\n|inactive|Time left: 300 sec this turn | 300 sec total\n|\n|t:|1783544695\n|-terastallize|p2a: Latias|Steel\n|move|p2a: Latias|Psyshock|p1a: Empoleon\n|-resisted|p1a: Empoleon\n|-damage|p1a: Empoleon|82/278\n|move|p1a: Empoleon|Knock Off|p2a: Latias\n|-damage|p2a: Latias|11/100\n|\n|-heal|p1a: Empoleon|99/278|[from] item: Leftovers\n|upkeep\n|turn|35\n|inactive|Time left: 300 sec this turn | 300 sec total\n|\n|t:|1783544696\n|move|p2a: Latias|Psyshock|p1a: Empoleon\n|-resisted|p1a: Empoleon\n|-damage|p1a: Empoleon|0 fnt\n|faint|p1a: Empoleon\n|\n|upkeep\n|inactive|Time left: 300 sec this turn | 300 sec total | 5 sec grace\n|\n|t:|1783544697\n|switch|p1a: Meowstic|Meowstic-F, L89, F|277/277\n|-damage|p1a: Meowstic|243/277|[from] Stealth Rock\n|turn|36\n|inactive|Time left: 300 sec this turn | 300 sec total\n|\n|t:|1783544698\n|move|p1a: Meowstic|Psyshock|p2a: Latias\n|-resisted|p2a: Latias\n|-crit|p2a: Latias\n|-damage|p2a: Latias|0 fnt\n|faint|p2a: Latias\n|-damage|p1a: Meowstic|216/277|[from] item: Life Orb\n|\n|upkeep\n|\n|t:|1783544699\n|switch|p2a: Gardevoir|Gardevoir, L83, M|100/100\n|-activate|p2a: Gardevoir|move: Sticky Web\n|-unboost|p2a: Gardevoir|spe|1\n|-ability|p2a: Gardevoir|Competitive|Trace|[from] ability: Trace|[of] p1a: Meowstic\n|turn|37\n|inactive|Time left: 300 sec this turn | 300 sec total\n|\n|t:|1783544701\n|move|p1a: Meowstic|Nasty Plot|p1a: Meowstic\n|-boost|p1a: Meowstic|spa|2\n|move|p2a: Gardevoir|Moonblast|p1a: Meowstic\n|-damage|p1a: Meowstic|86/277\n|\n|upkeep\n|turn|38\n|inactive|Time left: 300 sec this turn | 300 sec total\n|\n|t:|1783544702\n|move|p1a: Meowstic|Psyshock|p2a: Gardevoir\n|-resisted|p2a: Gardevoir\n|-damage|p2a: Gardevoir|41/100\n|-damage|p1a: Meowstic|59/277|[from] item: Life Orb\n|move|p2a: Gardevoir|Moonblast|p1a: Meowstic\n|-damage|p1a: Meowstic|0 fnt\n|faint|p1a: Meowstic\n|\n|upkeep\n|inactive|Time left: 300 sec this turn | 300 sec total | 5 sec grace\n|\n|t:|1783544704\n|switch|p1a: Shaymin|Shaymin, L82|298/298\n|-damage|p1a: Shaymin|261/298|[from] Stealth Rock\n|turn|39\n|inactive|Time left: 300 sec this turn | 300 sec total\n|\n|t:|1783544705\n|move|p1a: Shaymin|Seed Flare|p2a: Gardevoir\n|-damage|p2a: Gardevoir|0 fnt\n|faint|p2a: Gardevoir\n|\n|-heal|p1a: Shaymin|279/298|[from] item: Leftovers\n|upkeep\n|\n|t:|1783544706\n|switch|p2a: Gurdurr|Gurdurr, L85, M|100/100\n|-activate|p2a: Gurdurr|move: Sticky Web\n|-unboost|p2a: Gurdurr|spe|1\n|turn|40\n|inactive|Time left: 300 sec this turn | 300 sec total\n|\n|t:|1783544707\n|move|p1a: Shaymin|Seed Flare|p2a: Gurdurr\n|-damage|p2a: Gurdurr|62/100\n|move|p2a: Gurdurr|Bulk Up|p2a: Gurdurr\n|-boost|p2a: Gurdurr|atk|1\n|-boost|p2a: Gurdurr|def|1\n|\n|-heal|p1a: Shaymin|297/298|[from] item: Leftovers\n|upkeep\n|turn|41\n|inactive|Time left: 300 sec this turn | 300 sec total\n|\n|t:|1783544708\n|move|p1a: Shaymin|Seed Flare|p2a: Gurdurr\n|-damage|p2a: Gurdurr|17/100\n|-unboost|p2a: Gurdurr|spd|2\n|move|p2a: Gurdurr|Drain Punch|p1a: Shaymin\n|-damage|p1a: Shaymin|174/298\n|-heal|p2a: Gurdurr|39/100|[from] drain|[of] p1a: Shaymin\n|\n|-heal|p1a: Shaymin|192/298|[from] item: Leftovers\n|upkeep\n|turn|42\n|inactive|Time left: 300 sec this turn | 300 sec total\n|\n|t:|1783544709\n|switch|p2a: Dudunsparce|Dudunsparce-Three-Segment, L83, F|100/100\n|-activate|p2a: Dudunsparce|move: Sticky Web\n|-unboost|p2a: Dudunsparce|spe|1\n|move|p1a: Shaymin|Seed Flare|p2a: Dudunsparce|[miss]\n|-miss|p1a: Shaymin|p2a: Dudunsparce\n|\n|-heal|p1a: Shaymin|210/298|[from] item: Leftovers\n|upkeep\n|turn|43\n|inactive|Time left: 300 sec this turn | 300 sec total\n|\n|t:|1783544710\n|move|p1a: Shaymin|Seed Flare|p2a: Dudunsparce\n|-damage|p2a: Dudunsparce|60/100\n|move|p2a: Dudunsparce|Glare|p1a: Shaymin\n|-status|p1a: Shaymin|par\n|\n|-heal|p1a: Shaymin|228/298 par|[from] item: Leftovers\n|-heal|p2a: Dudunsparce|66/100|[from] item: Leftovers\n|upkeep\n|turn|44\n|inactive|Time left: 300 sec this turn | 300 sec total\n|\n|t:|1783544711\n|move|p1a: Shaymin|Seed Flare|p2a: Dudunsparce\n|-damage|p2a: Dudunsparce|22/100\n|-unboost|p2a: Dudunsparce|spd|2\n|move|p2a: Dudunsparce|Roost|p2a: Dudunsparce\n|-heal|p2a: Dudunsparce|72/100\n|-singleturn|p2a: Dudunsparce|move: Roost\n|\n|-heal|p1a: Shaymin|246/298 par|[from] item: Leftovers\n|-heal|p2a: Dudunsparce|78/100|[from] item: Leftovers\n|upkeep\n|turn|45\n|inactive|Time left: 300 sec this turn | 300 sec total\n|\n|t:|1783544712\n|switch|p2a: Gurdurr|Gurdurr, L85, M|39/100\n|-activate|p2a: Gurdurr|move: Sticky Web\n|-unboost|p2a: Gurdurr|spe|1\n|cant|p1a: Shaymin|par\n|\n|-heal|p1a: Shaymin|264/298 par|[from] item: Leftovers\n|upkeep\n|turn|46\n|inactive|Time left: 300 sec this turn | 300 sec total\n|\n|t:|1783544713\n|move|p1a: Shaymin|Seed Flare|p2a: Gurdurr\n|-damage|p2a: Gurdurr|0 fnt\n|faint|p2a: Gurdurr\n|\n|-heal|p1a: Shaymin|282/298 par|[from] item: Leftovers\n|upkeep\n|\n|t:|1783544714\n|switch|p2a: Dudunsparce|Dudunsparce-Three-Segment, L83, F|78/100\n|-activate|p2a: Dudunsparce|move: Sticky Web\n|-unboost|p2a: Dudunsparce|spe|1\n|turn|47\n|inactive|Time left: 300 sec this turn | 300 sec total\n|\n|t:|1783544715\n|cant|p1a: Shaymin|par\n|move|p2a: Dudunsparce|Roost|p2a: Dudunsparce\n|-heal|p2a: Dudunsparce|100/100\n|-singleturn|p2a: Dudunsparce|move: Roost\n|\n|-heal|p1a: Shaymin|298/298 par|[from] item: Leftovers\n|upkeep\n|turn|48\n|inactive|Time left: 300 sec this turn | 300 sec total\n|\n|t:|1783544716\n|move|p1a: Shaymin|Seed Flare|p2a: Dudunsparce\n|-damage|p2a: Dudunsparce|59/100\n|-unboost|p2a: Dudunsparce|spd|2\n|move|p2a: Dudunsparce|Headbutt|p1a: Shaymin\n|-damage|p1a: Shaymin|225/298 par\n|\n|-heal|p1a: Shaymin|243/298 par|[from] item: Leftovers\n|-heal|p2a: Dudunsparce|66/100|[from] item: Leftovers\n|upkeep\n|turn|49\n|inactive|Time left: 300 sec this turn | 300 sec total\n|\n|t:|1783544717\n|-terastallize|p1a: Shaymin|Ground\n|move|p1a: Shaymin|Earth Power|p2a: Dudunsparce\n|-damage|p2a: Dudunsparce|1/100\n|move|p2a: Dudunsparce|Headbutt|p1a: Shaymin\n|-damage|p1a: Shaymin|170/298 par\n|\n|-heal|p1a: Shaymin|188/298 par|[from] item: Leftovers\n|-heal|p2a: Dudunsparce|7/100|[from] item: Leftovers\n|upkeep\n|turn|50\n|inactive|Time left: 300 sec this turn | 300 sec total\n|\n|t:|1783544718\n|-curestatus|p1a: Shaymin|par|[from] ability: Natural Cure|[silent]\n|switch|p1a: Rotom|Rotom-Frost, L87|21/229\n|move|p2a: Dudunsparce|Roost|p2a: Dudunsparce\n|-heal|p2a: Dudunsparce|57/100\n|-singleturn|p2a: Dudunsparce|move: Roost\n|\n|-heal|p2a: Dudunsparce|63/100|[from] item: Leftovers\n|upkeep\n|turn|51\n|inactive|Time left: 300 sec this turn | 300 sec total\n|\n|t:|1783544719\n|move|p1a: Rotom|Thunderbolt|p2a: Dudunsparce\n|-damage|p2a: Dudunsparce|0 fnt\n|faint|p2a: Dudunsparce\n|\n|win|p0x4258243", "uploadtime": 1783544719, "views": 0, "rating": 0, "private": 0, "password": null, "_winner": "p0x4258243", "_our_name": "p0x4258243"}