{"id": "battle-gen9randombattle-2556", "formatid": "gen9randombattle", "format": "[Gen 9] Random Battle", "players": ["p0x2556b3d6", "p0y25565a9d"], "log": "|init|battle\n|title|p0x2556b3d6 vs. p0y25565a9d\n|j|\u2606p0x2556b3d6\n|j|\u2606p0y25565a9d\n|t:|1783568605\n|gametype|singles\n|player|p1|p0x2556b3d6|102|\n|player|p2|p0y25565a9d|102|\n|gen|9\n|tier|[Gen 9] Random Battle\n|rule|Species Clause: Limit one of each Pok\u00e9mon\n|rule|HP Percentage Mod: HP is shown in percentages\n|rule|Sleep Clause Mod: Limit one foe put to sleep\n|rule|Illusion Level Mod: Illusion disguises the Pok\u00e9mon's true level\n|\n|t:|1783568605\n|teamsize|p1|6\n|teamsize|p2|6\n|start\n|switch|p1a: Glaceon|Glaceon, L94, F|100/100\n|switch|p2a: Clawitzer|Clawitzer, L87, M|265/265\n|turn|1\n|inactive|Battle timer is ON: inactive players will automatically lose when time's up. (requested by p0x2556b3d6)\n|inactive|Time left: 300 sec this turn | 300 sec total | 60 sec grace\n|inactive|p0y25565a9d also wants the timer to be on.\n|\n|t:|1783568606\n|move|p1a: Glaceon|Freeze-Dry|p2a: Clawitzer\n|-supereffective|p2a: Clawitzer\n|-damage|p2a: Clawitzer|31/265\n|move|p2a: Clawitzer|Dragon Pulse|p1a: Glaceon\n|-damage|p1a: Glaceon|45/100\n|\n|upkeep\n|turn|2\n|inactive|Time left: 300 sec this turn | 300 sec total\n|\n|t:|1783568608\n|switch|p2a: Stantler|Stantler, L92, M|284/284\n|-ability|p2a: Stantler|Intimidate|boost\n|-unboost|p1a: Glaceon|atk|1\n|move|p1a: Glaceon|Freeze-Dry|p2a: Stantler\n|-damage|p2a: Stantler|202/284\n|-status|p2a: Stantler|frz\n|\n|upkeep\n|turn|3\n|inactive|Time left: 300 sec this turn | 300 sec total\n|\n|t:|1783568609\n|switch|p1a: Luxray|Luxray, L88, M|100/100\n|cant|p2a: Stantler|frz\n|\n|-status|p1a: Luxray|brn|[from] item: Flame Orb\n|upkeep\n|turn|4\n|inactive|Time left: 300 sec this turn | 300 sec total\n|\n|t:|1783568610\n|cant|p2a: Stantler|frz\n|move|p1a: Luxray|Facade|p2a: Stantler\n|-damage|p2a: Stantler|55/284 frz\n|\n|-damage|p1a: Luxray|94/100 brn|[from] brn\n|upkeep\n|turn|5\n|inactive|Time left: 300 sec this turn | 300 sec total\n|\n|t:|1783568611\n|cant|p2a: Stantler|frz\n|move|p1a: Luxray|Facade|p2a: Stantler\n|-damage|p2a: Stantler|0 fnt\n|faint|p2a: Stantler\n|\n|-damage|p1a: Luxray|88/100 brn|[from] brn\n|upkeep\n|inactive|Time left: 300 sec this turn | 300 sec total | 5 sec grace\n|\n|t:|1783568612\n|switch|p2a: Raging Bolt|Raging Bolt, L78|323/323\n|-enditem|p2a: Raging Bolt|Booster Energy\n|-activate|p2a: Raging Bolt|ability: Protosynthesis|[fromitem]\n|-start|p2a: Raging Bolt|protosynthesisspa\n|turn|6\n|inactive|Time left: 300 sec this turn | 300 sec total\n|\n|t:|1783568613\n|move|p1a: Luxray|Play Rough|p2a: Raging Bolt\n|-supereffective|p2a: Raging Bolt\n|-damage|p2a: Raging Bolt|41/323\n|move|p2a: Raging Bolt|Dragon Pulse|p1a: Luxray\n|-damage|p1a: Luxray|34/100 brn\n|\n|-damage|p1a: Luxray|28/100 brn|[from] brn\n|upkeep\n|turn|7\n|inactive|Time left: 300 sec this turn | 300 sec total\n|\n|t:|1783568614\n|move|p2a: Raging Bolt|Thunderclap|p1a: Luxray\n|-resisted|p1a: Luxray\n|-damage|p1a: Luxray|9/100 brn\n|move|p1a: Luxray|Supercell Slam|p2a: Raging Bolt\n|-resisted|p2a: Raging Bolt\n|-damage|p2a: Raging Bolt|0 fnt\n|faint|p2a: Raging Bolt\n|-end|p2a: Raging Bolt|Protosynthesis|[silent]\n|\n|-damage|p1a: Luxray|3/100 brn|[from] brn\n|upkeep\n|inactive|Time left: 300 sec this turn | 300 sec total | 5 sec grace\n|\n|t:|1783568614\n|switch|p2a: Clawitzer|Clawitzer, L87, M|31/265\n|turn|8\n|inactive|Time left: 300 sec this turn | 300 sec total\n|\n|t:|1783568615\n|switch|p1a: Vaporeon|Vaporeon, L86, M|100/100\n|move|p2a: Clawitzer|Dark Pulse|p1a: Vaporeon\n|-damage|p1a: Vaporeon|58/100\n|\n|-heal|p1a: Vaporeon|64/100|[from] item: Leftovers\n|upkeep\n|turn|9\n|inactive|Time left: 300 sec this turn | 300 sec total\n|\n|t:|1783568616\n|move|p1a: Vaporeon|Scald|p2a: Clawitzer\n|-resisted|p2a: Clawitzer\n|-damage|p2a: Clawitzer|0 fnt\n|faint|p2a: Clawitzer\n|\n|-heal|p1a: Vaporeon|70/100|[from] item: Leftovers\n|upkeep\n|inactive|Time left: 300 sec this turn | 300 sec total | 5 sec grace\n|\n|t:|1783568617\n|switch|p2a: Latias|Latias, L79, F|256/256\n|turn|10\n|inactive|Time left: 300 sec this turn | 300 sec total\n|\n|t:|1783568618\n|move|p2a: Latias|Calm Mind|p2a: Latias\n|-boost|p2a: Latias|spa|1\n|-boost|p2a: Latias|spd|1\n|move|p1a: Vaporeon|Wish|p1a: Vaporeon\n|\n|-heal|p1a: Vaporeon|76/100|[from] item: Leftovers\n|upkeep\n|turn|11\n|inactive|Time left: 300 sec this turn | 300 sec total\n|\n|t:|1783568619\n|move|p2a: Latias|Calm Mind|p2a: Latias\n|-boost|p2a: Latias|spa|1\n|-boost|p2a: Latias|spd|1\n|move|p1a: Vaporeon|Haze|p1a: Vaporeon\n|-clearallboost\n|\n|-heal|p1a: Vaporeon|100/100|[from] move: Wish|[wisher] Vaporeon\n|upkeep\n|turn|12\n|inactive|Time left: 300 sec this turn | 300 sec total\n|\n|t:|1783568620\n|move|p2a: Latias|Calm Mind|p2a: Latias\n|-boost|p2a: Latias|spa|1\n|-boost|p2a: Latias|spd|1\n|move|p1a: Vaporeon|Wish|p1a: Vaporeon\n|\n|upkeep\n|turn|13\n|inactive|Time left: 300 sec this turn | 300 sec total\n|\n|t:|1783568621\n|move|p2a: Latias|Calm Mind|p2a: Latias\n|-boost|p2a: Latias|spa|1\n|-boost|p2a: Latias|spd|1\n|move|p1a: Vaporeon|Haze|p1a: Vaporeon\n|-clearallboost\n|\n|upkeep\n|turn|14\n|inactive|Time left: 300 sec this turn | 300 sec total\n|\n|t:|1783568622\n|move|p2a: Latias|Calm Mind|p2a: Latias\n|-boost|p2a: Latias|spa|1\n|-boost|p2a: Latias|spd|1\n|move|p1a: Vaporeon|Wish|p1a: Vaporeon\n|\n|upkeep\n|turn|15\n|inactive|Time left: 300 sec this turn | 300 sec total\n|\n|t:|1783568623\n|move|p2a: Latias|Calm Mind|p2a: Latias\n|-boost|p2a: Latias|spa|1\n|-boost|p2a: Latias|spd|1\n|move|p1a: Vaporeon|Haze|p1a: Vaporeon\n|-clearallboost\n|\n|upkeep\n|turn|16\n|inactive|Time left: 300 sec this turn | 300 sec total\n|\n|t:|1783568624\n|move|p2a: Latias|Calm Mind|p2a: Latias\n|-boost|p2a: Latias|spa|1\n|-boost|p2a: Latias|spd|1\n|move|p1a: Vaporeon|Scald|p2a: Latias\n|-resisted|p2a: Latias\n|-damage|p2a: Latias|232/256\n|\n|upkeep\n|turn|17\n|inactive|Time left: 300 sec this turn | 300 sec total\n|\n|t:|1783568625\n|move|p2a: Latias|Psyshock|p1a: Vaporeon\n|-damage|p1a: Vaporeon|49/100\n|move|p1a: Vaporeon|Haze|p1a: Vaporeon\n|-clearallboost\n|\n|-heal|p1a: Vaporeon|55/100|[from] item: Leftovers\n|upkeep\n|turn|18\n|inactive|Time left: 300 sec this turn | 300 sec total\n|\n|t:|1783568626\n|move|p2a: Latias|Calm Mind|p2a: Latias\n|-boost|p2a: Latias|spa|1\n|-boost|p2a: Latias|spd|1\n|move|p1a: Vaporeon|Wish|p1a: Vaporeon\n|\n|-heal|p1a: Vaporeon|61/100|[from] item: Leftovers\n|upkeep\n|turn|19\n|inactive|Time left: 300 sec this turn | 300 sec total\n|\n|t:|1783568627\n|move|p2a: Latias|Calm Mind|p2a: Latias\n|-boost|p2a: Latias|spa|1\n|-boost|p2a: Latias|spd|1\n|move|p1a: Vaporeon|Haze|p1a: Vaporeon\n|-clearallboost\n|\n|-heal|p1a: Vaporeon|100/100|[from] move: Wish|[wisher] Vaporeon\n|upkeep\n|turn|20\n|inactive|Time left: 300 sec this turn | 300 sec total\n|\n|t:|1783568628\n|move|p2a: Latias|Calm Mind|p2a: Latias\n|-boost|p2a: Latias|spa|1\n|-boost|p2a: Latias|spd|1\n|move|p1a: Vaporeon|Scald|p2a: Latias\n|-resisted|p2a: Latias\n|-damage|p2a: Latias|205/256\n|\n|upkeep\n|turn|21\n|inactive|Time left: 300 sec this turn | 300 sec total\n|\n|t:|1783568629\n|move|p2a: Latias|Psyshock|p1a: Vaporeon\n|-damage|p1a: Vaporeon|49/100\n|move|p1a: Vaporeon|Haze|p1a: Vaporeon\n|-clearallboost\n|\n|-heal|p1a: Vaporeon|55/100|[from] item: Leftovers\n|upkeep\n|turn|22\n|inactive|Time left: 300 sec this turn | 300 sec total\n|\n|t:|1783568630\n|move|p2a: Latias|Calm Mind|p2a: Latias\n|-boost|p2a: Latias|spa|1\n|-boost|p2a: Latias|spd|1\n|move|p1a: Vaporeon|Wish|p1a: Vaporeon\n|\n|-heal|p1a: Vaporeon|61/100|[from] item: Leftovers\n|upkeep\n|turn|23\n|inactive|Time left: 300 sec this turn | 300 sec total\n|\n|t:|1783568631\n|move|p2a: Latias|Psyshock|p1a: Vaporeon\n|-damage|p1a: Vaporeon|7/100\n|move|p1a: Vaporeon|Haze|p1a: Vaporeon\n|-clearallboost\n|\n|-heal|p1a: Vaporeon|57/100|[from] move: Wish|[wisher] Vaporeon\n|-heal|p1a: Vaporeon|63/100|[from] item: Leftovers\n|upkeep\n|turn|24\n|inactive|Time left: 300 sec this turn | 300 sec total\n|\n|t:|1783568632\n|move|p2a: Latias|Calm Mind|p2a: Latias\n|-boost|p2a: Latias|spa|1\n|-boost|p2a: Latias|spd|1\n|move|p1a: Vaporeon|Wish|p1a: Vaporeon\n|\n|-heal|p1a: Vaporeon|69/100|[from] item: Leftovers\n|upkeep\n|turn|25\n|inactive|Time left: 300 sec this turn | 300 sec total\n|\n|t:|1783568633\n|move|p2a: Latias|Psyshock|p1a: Vaporeon\n|-damage|p1a: Vaporeon|15/100\n|move|p1a: Vaporeon|Haze|p1a: Vaporeon\n|-clearallboost\n|\n|-heal|p1a: Vaporeon|65/100|[from] move: Wish|[wisher] Vaporeon\n|-heal|p1a: Vaporeon|71/100|[from] item: Leftovers\n|upkeep\n|turn|26\n|inactive|Time left: 300 sec this turn | 300 sec total\n|\n|t:|1783568634\n|move|p2a: Latias|Calm Mind|p2a: Latias\n|-boost|p2a: Latias|spa|1\n|-boost|p2a: Latias|spd|1\n|move|p1a: Vaporeon|Wish|p1a: Vaporeon\n|\n|-heal|p1a: Vaporeon|77/100|[from] item: Leftovers\n|upkeep\n|turn|27\n|inactive|Time left: 300 sec this turn | 300 sec total\n|\n|t:|1783568635\n|move|p2a: Latias|Calm Mind|p2a: Latias\n|-boost|p2a: Latias|spa|1\n|-boost|p2a: Latias|spd|1\n|move|p1a: Vaporeon|Haze|p1a: Vaporeon\n|-clearallboost\n|\n|-heal|p1a: Vaporeon|100/100|[from] move: Wish|[wisher] Vaporeon\n|upkeep\n|turn|28\n|inactive|Time left: 300 sec this turn | 300 sec total\n|\n|t:|1783568636\n|move|p2a: Latias|Calm Mind|p2a: Latias\n|-boost|p2a: Latias|spa|1\n|-boost|p2a: Latias|spd|1\n|move|p1a: Vaporeon|Wish|p1a: Vaporeon\n|\n|upkeep\n|turn|29\n|inactive|Time left: 300 sec this turn | 300 sec total\n|\n|t:|1783568637\n|move|p2a: Latias|Calm Mind|p2a: Latias\n|-boost|p2a: Latias|spa|1\n|-boost|p2a: Latias|spd|1\n|move|p1a: Vaporeon|Haze|p1a: Vaporeon\n|-clearallboost\n|\n|upkeep\n|turn|30\n|inactive|Time left: 300 sec this turn | 300 sec total\n|\n|t:|1783568637\n|move|p2a: Latias|Calm Mind|p2a: Latias\n|-boost|p2a: Latias|spa|1\n|-boost|p2a: Latias|spd|1\n|move|p1a: Vaporeon|Scald|p2a: Latias\n|-resisted|p2a: Latias\n|-damage|p2a: Latias|181/256\n|\n|upkeep\n|turn|31\n|inactive|Time left: 300 sec this turn | 300 sec total\n|\n|t:|1783568638\n|move|p2a: Latias|Psyshock|p1a: Vaporeon\n|-damage|p1a: Vaporeon|48/100\n|move|p1a: Vaporeon|Haze|p1a: Vaporeon\n|-clearallboost\n|\n|-heal|p1a: Vaporeon|54/100|[from] item: Leftovers\n|upkeep\n|turn|32\n|inactive|Time left: 300 sec this turn | 300 sec total\n|\n|t:|1783568639\n|move|p2a: Latias|Calm Mind|p2a: Latias\n|-boost|p2a: Latias|spa|1\n|-boost|p2a: Latias|spd|1\n|move|p1a: Vaporeon|Wish|p1a: Vaporeon\n|\n|-heal|p1a: Vaporeon|60/100|[from] item: Leftovers\n|upkeep\n|turn|33\n|inactive|Time left: 300 sec this turn | 300 sec total\n|\n|t:|1783568640\n|move|p2a: Latias|Draco Meteor|p1a: Vaporeon\n|-damage|p1a: Vaporeon|1/100\n|-unboost|p2a: Latias|spa|2\n|move|p1a: Vaporeon|Haze|p1a: Vaporeon\n|-clearallboost\n|\n|-heal|p1a: Vaporeon|51/100|[from] move: Wish|[wisher] Vaporeon\n|-heal|p1a: Vaporeon|57/100|[from] item: Leftovers\n|upkeep\n|turn|34\n|inactive|Time left: 300 sec this turn | 300 sec total\n|\n|t:|1783568641\n|move|p2a: Latias|Calm Mind|p2a: Latias\n|-boost|p2a: Latias|spa|1\n|-boost|p2a: Latias|spd|1\n|move|p1a: Vaporeon|Wish|p1a: Vaporeon\n|\n|-heal|p1a: Vaporeon|63/100|[from] item: Leftovers\n|upkeep\n|turn|35\n|inactive|Time left: 300 sec this turn | 300 sec total\n|\n|t:|1783568641\n|move|p2a: Latias|Psyshock|p1a: Vaporeon\n|-damage|p1a: Vaporeon|11/100\n|move|p1a: Vaporeon|Haze|p1a: Vaporeon\n|-clearallboost\n|\n|-heal|p1a: Vaporeon|61/100|[from] move: Wish|[wisher] Vaporeon\n|-heal|p1a: Vaporeon|68/100|[from] item: Leftovers\n|upkeep\n|turn|36\n|inactive|Time left: 300 sec this turn | 300 sec total\n|\n|t:|1783568642\n|move|p2a: Latias|Calm Mind|p2a: Latias\n|-boost|p2a: Latias|spa|1\n|-boost|p2a: Latias|spd|1\n|move|p1a: Vaporeon|Wish|p1a: Vaporeon\n|\n|-heal|p1a: Vaporeon|74/100|[from] item: Leftovers\n|upkeep\n|turn|37\n|inactive|Time left: 300 sec this turn | 300 sec total\n|\n|t:|1783568643\n|move|p2a: Latias|Recover|p2a: Latias\n|-heal|p2a: Latias|256/256\n|move|p1a: Vaporeon|Haze|p1a: Vaporeon\n|-clearallboost\n|\n|-heal|p1a: Vaporeon|100/100|[from] move: Wish|[wisher] Vaporeon\n|upkeep\n|turn|38\n|inactive|Time left: 300 sec this turn | 300 sec total\n|\n|t:|1783568645\n|move|p2a: Latias|Calm Mind|p2a: Latias\n|-boost|p2a: Latias|spa|1\n|-boost|p2a: Latias|spd|1\n|move|p1a: Vaporeon|Wish|p1a: Vaporeon\n|\n|upkeep\n|turn|39\n|inactive|Time left: 300 sec this turn | 300 sec total\n|\n|t:|1783568646\n|move|p2a: Latias|Calm Mind|p2a: Latias\n|-boost|p2a: Latias|spa|1\n|-boost|p2a: Latias|spd|1\n|move|p1a: Vaporeon|Haze|p1a: Vaporeon\n|-clearallboost\n|\n|upkeep\n|turn|40\n|inactive|Time left: 300 sec this turn | 300 sec total\n|\n|t:|1783568646\n|move|p2a: Latias|Calm Mind|p2a: Latias\n|-boost|p2a: Latias|spa|1\n|-boost|p2a: Latias|spd|1\n|move|p1a: Vaporeon|Wish|p1a: Vaporeon\n|\n|upkeep\n|turn|41\n|inactive|Time left: 300 sec this turn | 300 sec total\n|\n|t:|1783568648\n|move|p2a: Latias|Calm Mind|p2a: Latias\n|-boost|p2a: Latias|spa|1\n|-boost|p2a: Latias|spd|1\n|move|p1a: Vaporeon|Haze|p1a: Vaporeon\n|-clearallboost\n|\n|upkeep\n|turn|42\n|inactive|Time left: 300 sec this turn | 300 sec total\n|\n|t:|1783568648\n|move|p2a: Latias|Calm Mind|p2a: Latias\n|-boost|p2a: Latias|spa|1\n|-boost|p2a: Latias|spd|1\n|move|p1a: Vaporeon|Scald|p2a: Latias\n|-resisted|p2a: Latias\n|-damage|p2a: Latias|232/256\n|\n|upkeep\n|turn|43\n|inactive|Time left: 300 sec this turn | 300 sec total\n|\n|t:|1783568650\n|move|p2a: Latias|Psyshock|p1a: Vaporeon\n|-damage|p1a: Vaporeon|46/100\n|move|p1a: Vaporeon|Haze|p1a: Vaporeon\n|-clearallboost\n|\n|-heal|p1a: Vaporeon|52/100|[from] item: Leftovers\n|upkeep\n|turn|44\n|inactive|Time left: 300 sec this turn | 300 sec total\n|\n|t:|1783568651\n|move|p2a: Latias|Calm Mind|p2a: Latias\n|-boost|p2a: Latias|spa|1\n|-boost|p2a: Latias|spd|1\n|move|p1a: Vaporeon|Wish|p1a: Vaporeon\n|\n|-heal|p1a: Vaporeon|58/100|[from] item: Leftovers\n|upkeep\n|turn|45\n|inactive|Time left: 300 sec this turn | 300 sec total\n|\n|t:|1783568652\n|move|p2a: Latias|Draco Meteor|p1a: Vaporeon\n|-damage|p1a: Vaporeon|0 fnt\n|-unboost|p2a: Latias|spa|2\n|faint|p1a: Vaporeon\n|\n|upkeep\n|\n|t:|1783568653\n|switch|p1a: Koraidon|Koraidon, L64|100/100\n|-weather|SunnyDay|[from] ability: Orichalcum Pulse|[of] p1a: Koraidon\n|-activate|p1a: Koraidon|Orichalcum Pulse|[source]\n|turn|46\n|inactive|Time left: 300 sec this turn | 300 sec total\n|\n|t:|1783568654\n|-terastallize|p1a: Koraidon|Fire\n|move|p2a: Latias|Draco Meteor|p1a: Koraidon\n|-damage|p1a: Koraidon|43/100\n|-unboost|p2a: Latias|spa|2\n|move|p1a: Koraidon|Outrage|p2a: Latias\n|-supereffective|p2a: Latias\n|-damage|p2a: Latias|0 fnt\n|faint|p2a: Latias\n|\n|-weather|SunnyDay|[upkeep]\n|upkeep\n|inactive|Time left: 300 sec this turn | 300 sec total | 5 sec grace\n|\n|t:|1783568655\n|switch|p2a: Veluza|Veluza, L85, F|292/292\n|turn|47\n|inactive|Time left: 300 sec this turn | 300 sec total\n|\n|t:|1783568656\n|move|p2a: Veluza|Psycho Cut|p1a: Koraidon\n|-damage|p1a: Koraidon|0 fnt\n|faint|p1a: Koraidon\n|\n|-weather|SunnyDay|[upkeep]\n|upkeep\n|\n|t:|1783568657\n|switch|p1a: Drifblim|Drifblim, L86, F|100/100\n|turn|48\n|inactive|Time left: 300 sec this turn | 300 sec total\n|\n|t:|1783568658\n|move|p2a: Veluza|Psycho Cut|p1a: Drifblim\n|-damage|p1a: Drifblim|53/100\n|move|p1a: Drifblim|Strength Sap|p2a: Veluza\n|-unboost|p2a: Veluza|atk|1\n|-heal|p1a: Drifblim|100/100\n|\n|-weather|SunnyDay|[upkeep]\n|upkeep\n|turn|49\n|inactive|Time left: 300 sec this turn | 300 sec total\n|\n|t:|1783568659\n|switch|p2a: Pachirisu|Pachirisu, L96, F|271/271\n|move|p1a: Drifblim|Shadow Ball|p2a: Pachirisu\n|-damage|p2a: Pachirisu|219/271\n|\n|-weather|SunnyDay|[upkeep]\n|upkeep\n|turn|50\n|inactive|Time left: 300 sec this turn | 300 sec total\n|\n|t:|1783568660\n|move|p2a: Pachirisu|Nuzzle|p1a: Drifblim\n|-supereffective|p1a: Drifblim\n|-damage|p1a: Drifblim|88/100\n|-status|p1a: Drifblim|par\n|move|p1a: Drifblim|Strength Sap|p2a: Pachirisu\n|-unboost|p2a: Pachirisu|atk|1\n|-heal|p1a: Drifblim|100/100 par\n|\n|-weather|none\n|upkeep\n|turn|51\n|inactive|Time left: 300 sec this turn | 300 sec total\n|\n|t:|1783568661\n|move|p2a: Pachirisu|Thunderbolt|p1a: Drifblim\n|-supereffective|p1a: Drifblim\n|-damage|p1a: Drifblim|47/100 par\n|-enditem|p1a: Drifblim|Sitrus Berry|[eat]\n|-heal|p1a: Drifblim|72/100 par|[from] item: Sitrus Berry\n|move|p1a: Drifblim|Shadow Ball|p2a: Pachirisu\n|-damage|p2a: Pachirisu|173/271\n|\n|upkeep\n|turn|52\n|inactive|Time left: 300 sec this turn | 300 sec total\n|\n|t:|1783568662\n|move|p2a: Pachirisu|Thunderbolt|p1a: Drifblim\n|-supereffective|p1a: Drifblim\n|-damage|p1a: Drifblim|25/100 par\n|move|p1a: Drifblim|Shadow Ball|p2a: Pachirisu\n|-damage|p2a: Pachirisu|124/271\n|-unboost|p2a: Pachirisu|spd|1\n|\n|upkeep\n|turn|53\n|inactive|Time left: 300 sec this turn | 300 sec total\n|\n|t:|1783568663\n|move|p2a: Pachirisu|Thunderbolt|p1a: Drifblim\n|-supereffective|p1a: Drifblim\n|-damage|p1a: Drifblim|0 fnt\n|faint|p1a: Drifblim\n|\n|upkeep\n|\n|t:|1783568663\n|switch|p1a: Glaceon|Glaceon, L94, F|45/100\n|turn|54\n|inactive|Time left: 300 sec this turn | 300 sec total\n|\n|t:|1783568664\n|move|p2a: Pachirisu|Super Fang|p1a: Glaceon\n|-damage|p1a: Glaceon|23/100\n|move|p1a: Glaceon|Freeze-Dry|p2a: Pachirisu\n|-damage|p2a: Pachirisu|18/271\n|\n|upkeep\n|turn|55\n|inactive|Time left: 300 sec this turn | 300 sec total\n|\n|t:|1783568665\n|move|p2a: Pachirisu|Thunderbolt|p1a: Glaceon\n|-damage|p1a: Glaceon|0 fnt\n|faint|p1a: Glaceon\n|\n|upkeep\n|\n|t:|1783568666\n|switch|p1a: Cryogonal|Cryogonal, L89|100/100\n|turn|56\n|inactive|Time left: 300 sec this turn | 300 sec total\n|\n|t:|1783568667\n|move|p1a: Cryogonal|Tera Blast|p2a: Pachirisu\n|-damage|p2a: Pachirisu|0 fnt\n|faint|p2a: Pachirisu\n|\n|upkeep\n|inactive|Time left: 300 sec this turn | 300 sec total | 5 sec grace\n|\n|t:|1783568668\n|switch|p2a: Veluza|Veluza, L85, F|292/292\n|turn|57\n|inactive|Time left: 300 sec this turn | 300 sec total\n|\n|t:|1783568669\n|-terastallize|p2a: Veluza|Dark\n|move|p2a: Veluza|Aqua Cutter|p1a: Cryogonal\n|-damage|p1a: Cryogonal|46/100\n|move|p1a: Cryogonal|Recover|p1a: Cryogonal\n|-heal|p1a: Cryogonal|96/100\n|\n|upkeep\n|turn|58\n|inactive|Time left: 300 sec this turn | 300 sec total\n|\n|t:|1783568670\n|move|p2a: Veluza|Aqua Cutter|p1a: Cryogonal\n|-damage|p1a: Cryogonal|33/100\n|move|p1a: Cryogonal|Ice Beam|p2a: Veluza\n|-damage|p2a: Veluza|169/292\n|\n|upkeep\n|turn|59\n|inactive|Time left: 300 sec this turn | 300 sec total\n|\n|t:|1783568671\n|switch|p1a: Luxray|Luxray, L88, M|3/100 brn\n|move|p2a: Veluza|Aqua Cutter|p1a: Luxray\n|-crit|p1a: Luxray\n|-damage|p1a: Luxray|0 fnt\n|faint|p1a: Luxray\n|\n|upkeep\n|\n|t:|1783568672\n|switch|p1a: Cryogonal|Cryogonal, L89|33/100\n|turn|60\n|inactive|Time left: 300 sec this turn | 300 sec total\n|\n|t:|1783568672\n|move|p2a: Veluza|Aqua Cutter|p1a: Cryogonal\n|-damage|p1a: Cryogonal|0 fnt\n|faint|p1a: Cryogonal\n|\n|win|p0y25565a9d", "uploadtime": 1783568672, "views": 0, "rating": 0, "private": 0, "password": null, "_winner": "p0y25565a9d", "_our_name": "p0y25565a9d"}