{"id": "battle-gen9randombattle-119", "formatid": "gen9randombattle", "format": "[Gen 9] Random Battle", "players": ["p0x119b03b", "p0y1195288"], "log": "|init|battle\n|title|p0x119b03b vs. p0y1195288\n|j|\u2606p0x119b03b\n|j|\u2606p0y1195288\n|t:|1783540546\n|gametype|singles\n|player|p1|p0x119b03b|169|\n|player|p2|p0y1195288|170|\n|gen|9\n|tier|[Gen 9] Random Battle\n|rule|Species Clause: Limit one of each Pok\u00e9mon\n|rule|HP Percentage Mod: HP is shown in percentages\n|rule|Sleep Clause Mod: Limit one foe put to sleep\n|rule|Illusion Level Mod: Illusion disguises the Pok\u00e9mon's true level\n|\n|t:|1783540546\n|teamsize|p1|6\n|teamsize|p2|6\n|start\n|switch|p1a: Oricorio|Oricorio-Pa'u, L87, F|100/100\n|switch|p2a: Illumise|Illumise, L91, F|266/266\n|turn|1\n|inactive|Battle timer is ON: inactive players will automatically lose when time's up. (requested by p0y1195288)\n|\n|t:|1783540548\n|switch|p2a: Flareon|Flareon, L90, M|263/263\n|move|p1a: Oricorio|Quiver Dance|p1a: Oricorio\n|-boost|p1a: Oricorio|spa|1\n|-boost|p1a: Oricorio|spd|1\n|-boost|p1a: Oricorio|spe|1\n|\n|-status|p2a: Flareon|tox|[from] item: Toxic Orb\n|upkeep\n|turn|2\n|inactive|Time left: 300 sec this turn | 300 sec total\n|inactive|p0x119b03b also wants the timer to be on.\n|\n|t:|1783540549\n|move|p1a: Oricorio|Hurricane|p2a: Flareon|[miss]\n|-miss|p1a: Oricorio|p2a: Flareon\n|move|p2a: Flareon|Flare Blitz|p1a: Oricorio\n|-damage|p1a: Oricorio|0 fnt\n|faint|p1a: Oricorio\n|-damage|p2a: Flareon|173/263 tox|[from] Recoil\n|\n|-damage|p2a: Flareon|157/263 tox|[from] psn\n|upkeep\n|\n|t:|1783540550\n|switch|p1a: Zekrom|Zekrom, L71|100/100\n|-ability|p1a: Zekrom|Teravolt\n|turn|3\n|inactive|Time left: 300 sec this turn | 300 sec total\n|\n|t:|1783540551\n|switch|p2a: Bellossom|Bellossom, L84, M|263/263\n|move|p1a: Zekrom|Outrage|p2a: Bellossom\n|-crit|p2a: Bellossom\n|-damage|p2a: Bellossom|85/263\n|\n|-heal|p2a: Bellossom|101/263|[from] item: Leftovers\n|upkeep\n|turn|4\n|inactive|Time left: 300 sec this turn | 300 sec total\n|\n|t:|1783540553\n|switch|p2a: Grimmsnarl|Grimmsnarl, L83, M|293/293\n|move|p1a: Zekrom|Outrage|p2a: Grimmsnarl|[from] lockedmove\n|-immune|p2a: Grimmsnarl\n|-start|p1a: Zekrom|confusion|[fatigue]\n|\n|upkeep\n|turn|5\n|inactive|Time left: 300 sec this turn | 300 sec total\n|\n|t:|1783540554\n|switch|p1a: Empoleon|Empoleon, L84, M|100/100\n|move|p2a: Grimmsnarl|Spirit Break|p1a: Empoleon\n|-resisted|p1a: Empoleon\n|-damage|p1a: Empoleon|82/100\n|-unboost|p1a: Empoleon|spa|1\n|-ability|p1a: Empoleon|Competitive|boost\n|-boost|p1a: Empoleon|spa|2\n|\n|-heal|p1a: Empoleon|88/100|[from] item: Leftovers\n|upkeep\n|turn|6\n|inactive|Time left: 300 sec this turn | 300 sec total\n|\n|t:|1783540555\n|switch|p2a: Bellossom|Bellossom, L84, M|101/263\n|move|p1a: Empoleon|Surf|p2a: Bellossom\n|-resisted|p2a: Bellossom\n|-damage|p2a: Bellossom|27/263\n|\n|-heal|p1a: Empoleon|94/100|[from] item: Leftovers\n|-heal|p2a: Bellossom|43/263|[from] item: Leftovers\n|upkeep\n|turn|7\n|inactive|Time left: 300 sec this turn | 300 sec total\n|\n|t:|1783540556\n|switch|p2a: Mimikyu|Mimikyu, L79, M|216/216\n|move|p1a: Empoleon|Surf|p2a: Mimikyu\n|-activate|p2a: Mimikyu|ability: Disguise\n|-damage|p2a: Mimikyu|216/216\n|detailschange|p2a: Mimikyu|Mimikyu-Busted, L79, M\n|-damage|p2a: Mimikyu|189/216|[from] pokemon: Mimikyu-Busted\n|\n|-heal|p1a: Empoleon|100/100|[from] item: Leftovers\n|upkeep\n|turn|8\n|inactive|Time left: 300 sec this turn | 300 sec total\n|\n|t:|1783540557\n|move|p2a: Mimikyu|Swords Dance|p2a: Mimikyu\n|-boost|p2a: Mimikyu|atk|2\n|move|p1a: Empoleon|Surf|p2a: Mimikyu\n|-crit|p2a: Mimikyu\n|-damage|p2a: Mimikyu|0 fnt\n|faint|p2a: Mimikyu\n|\n|upkeep\n|inactive|Time left: 300 sec this turn | 300 sec total | 5 sec grace\n|\n|t:|1783540558\n|switch|p2a: Flareon|Flareon, L90, M|157/263 tox\n|turn|9\n|inactive|Time left: 300 sec this turn | 300 sec total\n|\n|t:|1783540559\n|move|p2a: Flareon|Flare Blitz|p1a: Empoleon\n|-damage|p1a: Empoleon|0 fnt\n|faint|p1a: Empoleon\n|-damage|p2a: Flareon|65/263 tox|[from] Recoil\n|\n|-damage|p2a: Flareon|49/263 tox|[from] psn\n|upkeep\n|\n|t:|1783540560\n|switch|p1a: Mienshao|Mienshao, L83, F|100/100\n|turn|10\n|inactive|Time left: 300 sec this turn | 300 sec total\n|\n|t:|1783540561\n|switch|p2a: Grimmsnarl|Grimmsnarl, L83, M|293/293\n|move|p1a: Mienshao|High Jump Kick|p2a: Grimmsnarl\n|-damage|p2a: Grimmsnarl|0 fnt\n|faint|p2a: Grimmsnarl\n|\n|upkeep\n|inactive|Time left: 300 sec this turn | 300 sec total | 5 sec grace\n|\n|t:|1783540562\n|switch|p2a: Hawlucha|Hawlucha, L80, M|256/256\n|turn|11\n|inactive|Time left: 300 sec this turn | 300 sec total\n|\n|t:|1783540563\n|switch|p1a: Zekrom|Zekrom, L71|100/100\n|-ability|p1a: Zekrom|Teravolt\n|move|p2a: Hawlucha|Swords Dance|p2a: Hawlucha\n|-boost|p2a: Hawlucha|atk|2\n|\n|upkeep\n|turn|12\n|inactive|Time left: 300 sec this turn | 300 sec total\n|\n|t:|1783540564\n|-terastallize|p2a: Hawlucha|Fighting\n|move|p2a: Hawlucha|Close Combat|p1a: Zekrom\n|-damage|p1a: Zekrom|0 fnt\n|-unboost|p2a: Hawlucha|def|1\n|-unboost|p2a: Hawlucha|spd|1\n|faint|p1a: Zekrom\n|-enditem|p2a: Hawlucha|White Herb\n|-clearnegativeboost|p2a: Hawlucha|[silent]\n|\n|upkeep\n|\n|t:|1783540565\n|switch|p1a: Tauros|Tauros-Paldea-Blaze, L81, M|100/100\n|-ability|p1a: Tauros|Intimidate|boost\n|-unboost|p2a: Hawlucha|atk|1\n|turn|13\n|inactive|Time left: 300 sec this turn | 300 sec total\n|\n|t:|1783540566\n|switch|p1a: Hydreigon|Hydreigon, L79, M|100/100\n|move|p2a: Hawlucha|Acrobatics|p1a: Hydreigon\n|-damage|p1a: Hydreigon|47/100\n|\n|upkeep\n|turn|14\n|inactive|Time left: 300 sec this turn | 300 sec total\n|\n|t:|1783540567\n|move|p2a: Hawlucha|Acrobatics|p1a: Hydreigon\n|-damage|p1a: Hydreigon|0 fnt\n|faint|p1a: Hydreigon\n|\n|upkeep\n|\n|t:|1783540569\n|switch|p1a: Tauros|Tauros-Paldea-Blaze, L81, M|100/100\n|-ability|p1a: Tauros|Intimidate|boost\n|-unboost|p2a: Hawlucha|atk|1\n|turn|15\n|inactive|Time left: 300 sec this turn | 300 sec total\n|\n|t:|1783540569\n|-terastallize|p1a: Tauros|Fighting\n|move|p2a: Hawlucha|Acrobatics|p1a: Tauros\n|-supereffective|p1a: Tauros\n|-damage|p1a: Tauros|27/100\n|move|p1a: Tauros|Close Combat|p2a: Hawlucha\n|-damage|p2a: Hawlucha|0 fnt\n|-unboost|p1a: Tauros|def|1\n|-unboost|p1a: Tauros|spd|1\n|faint|p2a: Hawlucha\n|\n|upkeep\n|inactive|Time left: 300 sec this turn | 300 sec total | 5 sec grace\n|\n|t:|1783540570\n|switch|p2a: Illumise|Illumise, L91, F|266/266\n|turn|16\n|inactive|Time left: 300 sec this turn | 300 sec total\n|\n|t:|1783540571\n|switch|p1a: Mienshao|Mienshao, L83, F|100/100\n|move|p2a: Illumise|Thunder Wave|p1a: Mienshao\n|-status|p1a: Mienshao|par\n|\n|upkeep\n|turn|17\n|inactive|Time left: 300 sec this turn | 300 sec total\n|\n|t:|1783540572\n|switch|p1a: Tauros|Tauros-Paldea-Blaze, L81, M, tera:Fighting|27/100\n|-ability|p1a: Tauros|Intimidate|boost\n|-unboost|p2a: Illumise|atk|1\n|move|p2a: Illumise|Bug Buzz|p1a: Tauros\n|-resisted|p1a: Tauros\n|-damage|p1a: Tauros|4/100\n|\n|upkeep\n|turn|18\n|inactive|Time left: 300 sec this turn | 300 sec total\n|\n|t:|1783540573\n|switch|p2a: Bellossom|Bellossom, L84, M|43/263\n|move|p1a: Tauros|Stone Edge|p2a: Bellossom|[miss]\n|-miss|p1a: Tauros|p2a: Bellossom\n|\n|-heal|p2a: Bellossom|59/263|[from] item: Leftovers\n|upkeep\n|turn|19\n|inactive|Time left: 300 sec this turn | 300 sec total\n|\n|t:|1783540574\n|move|p1a: Tauros|Stone Edge|p2a: Bellossom|[miss]\n|-miss|p1a: Tauros|p2a: Bellossom\n|move|p2a: Bellossom|Strength Sap|p1a: Tauros\n|-unboost|p1a: Tauros|atk|1\n|-heal|p2a: Bellossom|263/263\n|\n|upkeep\n|turn|20\n|inactive|Time left: 300 sec this turn | 300 sec total\n|\n|t:|1783540575\n|move|p1a: Tauros|Stone Edge|p2a: Bellossom\n|-damage|p2a: Bellossom|196/263\n|move|p2a: Bellossom|Quiver Dance|p2a: Bellossom\n|-boost|p2a: Bellossom|spa|1\n|-boost|p2a: Bellossom|spd|1\n|-boost|p2a: Bellossom|spe|1\n|\n|-heal|p2a: Bellossom|212/263|[from] item: Leftovers\n|upkeep\n|turn|21\n|inactive|Time left: 300 sec this turn | 300 sec total\n|\n|t:|1783540576\n|move|p1a: Tauros|Stone Edge|p2a: Bellossom\n|-damage|p2a: Bellossom|143/263\n|move|p2a: Bellossom|Giga Drain|p1a: Tauros\n|-damage|p1a: Tauros|0 fnt\n|-heal|p2a: Bellossom|147/263|[from] drain|[of] p1a: Tauros\n|faint|p1a: Tauros\n|\n|-heal|p2a: Bellossom|163/263|[from] item: Leftovers\n|upkeep\n|\n|t:|1783540577\n|switch|p1a: Mienshao|Mienshao, L83, F|100/100 par\n|turn|22\n|inactive|Time left: 300 sec this turn | 300 sec total\n|\n|t:|1783540578\n|move|p2a: Bellossom|Giga Drain|p1a: Mienshao\n|-damage|p1a: Mienshao|40/100 par\n|-heal|p2a: Bellossom|237/263|[from] drain|[of] p1a: Mienshao\n|move|p1a: Mienshao|Stone Edge|p2a: Bellossom\n|-damage|p2a: Bellossom|115/263\n|\n|-heal|p2a: Bellossom|131/263|[from] item: Leftovers\n|upkeep\n|turn|23\n|inactive|Time left: 300 sec this turn | 300 sec total\n|\n|t:|1783540579\n|move|p2a: Bellossom|Giga Drain|p1a: Mienshao\n|-damage|p1a: Mienshao|0 fnt\n|-heal|p2a: Bellossom|179/263|[from] drain|[of] p1a: Mienshao\n|faint|p1a: Mienshao\n|\n|win|p0y1195288", "uploadtime": 1783540579, "views": 0, "rating": 0, "private": 0, "password": null, "_winner": "p0y1195288", "_our_name": "p0y1195288"}