{"id": "battle-gen9randombattle-2555", "formatid": "gen9randombattle", "format": "[Gen 9] Random Battle", "players": ["p0x25555305", "p0y2555df7e"], "log": "|init|battle\n|title|p0x25555305 vs. p0y2555df7e\n|j|\u2606p0x25555305\n|j|\u2606p0y2555df7e\n|t:|1783569550\n|gametype|singles\n|player|p1|p0x25555305|266|\n|player|p2|p0y2555df7e|2|\n|gen|9\n|tier|[Gen 9] Random Battle\n|rule|Species Clause: Limit one of each Pok\u00e9mon\n|rule|HP Percentage Mod: HP is shown in percentages\n|rule|Sleep Clause Mod: Limit one foe put to sleep\n|rule|Illusion Level Mod: Illusion disguises the Pok\u00e9mon's true level\n|\n|t:|1783569550\n|teamsize|p1|6\n|teamsize|p2|6\n|start\n|switch|p1a: Tsareena|Tsareena, L87, F|100/100\n|switch|p2a: Gouging Fire|Gouging Fire, L74|277/277\n|turn|1\n|inactive|Battle timer is ON: inactive players will automatically lose when time's up. (requested by p0x25555305)\n|inactive|Time left: 300 sec this turn | 300 sec total | 60 sec grace\n|inactive|p0y2555df7e also wants the timer to be on.\n|\n|t:|1783569551\n|switch|p1a: Lugia|Lugia, L73|100/100\n|move|p2a: Gouging Fire|Dragon Dance|p2a: Gouging Fire\n|-boost|p2a: Gouging Fire|atk|1\n|-boost|p2a: Gouging Fire|spe|1\n|\n|upkeep\n|turn|2\n|inactive|Time left: 300 sec this turn | 300 sec total\n|\n|t:|1783569552\n|move|p2a: Gouging Fire|Outrage|p1a: Lugia\n|-damage|p1a: Lugia|73/100\n|move|p1a: Lugia|Aeroblast|p2a: Gouging Fire\n|-damage|p2a: Gouging Fire|198/277\n|\n|upkeep\n|turn|3\n|inactive|Time left: 300 sec this turn | 300 sec total\n|\n|t:|1783569553\n|-terastallize|p1a: Lugia|Steel\n|move|p2a: Gouging Fire|Outrage|p1a: Lugia|[from] lockedmove\n|-resisted|p1a: Lugia\n|-damage|p1a: Lugia|48/100\n|move|p1a: Lugia|Recover|p1a: Lugia\n|-heal|p1a: Lugia|98/100\n|\n|upkeep\n|turn|4\n|inactive|Time left: 300 sec this turn | 300 sec total\n|\n|t:|1783569554\n|move|p2a: Gouging Fire|Outrage|p1a: Lugia|[from] lockedmove\n|-resisted|p1a: Lugia\n|-damage|p1a: Lugia|74/100\n|-start|p2a: Gouging Fire|confusion|[fatigue]\n|move|p1a: Lugia|Calm Mind|p1a: Lugia\n|-boost|p1a: Lugia|spa|1\n|-boost|p1a: Lugia|spd|1\n|\n|upkeep\n|turn|5\n|inactive|Time left: 300 sec this turn | 300 sec total\n|\n|t:|1783569555\n|-terastallize|p2a: Gouging Fire|Ground\n|-activate|p2a: Gouging Fire|confusion\n|move|p2a: Gouging Fire|Earthquake|p1a: Lugia\n|-supereffective|p1a: Lugia\n|-damage|p1a: Lugia|0 fnt\n|faint|p1a: Lugia\n|\n|upkeep\n|\n|t:|1783569556\n|switch|p1a: Bruxish|Bruxish, L85, F|100/100\n|turn|6\n|inactive|Time left: 300 sec this turn | 300 sec total\n|\n|t:|1783569557\n|-end|p2a: Gouging Fire|confusion\n|move|p2a: Gouging Fire|Outrage|p1a: Bruxish\n|-damage|p1a: Bruxish|25/100\n|move|p1a: Bruxish|Psychic Fangs|p2a: Gouging Fire\n|-damage|p2a: Gouging Fire|12/277\n|\n|upkeep\n|turn|7\n|inactive|Time left: 300 sec this turn | 300 sec total\n|\n|t:|1783569558\n|switch|p1a: Zamazenta|Zamazenta-Crowned, L68|100/100\n|-ability|p1a: Zamazenta|Dauntless Shield|boost\n|-boost|p1a: Zamazenta|def|1\n|move|p2a: Gouging Fire|Outrage|p1a: Zamazenta|[from] lockedmove\n|-resisted|p1a: Zamazenta\n|-damage|p1a: Zamazenta|82/100\n|\n|upkeep\n|turn|8\n|inactive|Time left: 300 sec this turn | 300 sec total\n|\n|t:|1783569559\n|move|p2a: Gouging Fire|Outrage|p1a: Zamazenta|[from] lockedmove\n|-resisted|p1a: Zamazenta\n|-damage|p1a: Zamazenta|63/100\n|-start|p2a: Gouging Fire|confusion|[fatigue]\n|move|p1a: Zamazenta|Body Press|p2a: Gouging Fire\n|-damage|p2a: Gouging Fire|0 fnt\n|faint|p2a: Gouging Fire\n|-end|p2a: Gouging Fire|Protosynthesis|[silent]\n|\n|upkeep\n|inactive|Time left: 300 sec this turn | 300 sec total | 5 sec grace\n|\n|t:|1783569560\n|switch|p2a: Decidueye|Decidueye-Hisui, L87, F|295/295\n|turn|9\n|inactive|Time left: 300 sec this turn | 300 sec total\n|\n|t:|1783569561\n|move|p1a: Zamazenta|Heavy Slam|p2a: Decidueye\n|-damage|p2a: Decidueye|190/295\n|move|p2a: Decidueye|Triple Arrows|p1a: Zamazenta\n|-supereffective|p1a: Zamazenta\n|-damage|p1a: Zamazenta|4/100\n|-unboost|p1a: Zamazenta|def|1\n|\n|-heal|p2a: Decidueye|208/295|[from] item: Leftovers\n|upkeep\n|turn|10\n|inactive|Time left: 300 sec this turn | 300 sec total\n|\n|t:|1783569562\n|move|p1a: Zamazenta|Heavy Slam|p2a: Decidueye\n|-damage|p2a: Decidueye|105/295\n|move|p2a: Decidueye|Triple Arrows|p1a: Zamazenta\n|-supereffective|p1a: Zamazenta\n|-damage|p1a: Zamazenta|0 fnt\n|faint|p1a: Zamazenta\n|\n|-heal|p2a: Decidueye|123/295|[from] item: Leftovers\n|upkeep\n|\n|t:|1783569563\n|switch|p1a: Bruxish|Bruxish, L85, F|25/100\n|turn|11\n|inactive|Time left: 300 sec this turn | 300 sec total\n|\n|t:|1783569564\n|switch|p2a: Skuntank|Skuntank, L84, F|310/310\n|move|p1a: Bruxish|Psychic Fangs|p2a: Skuntank\n|-immune|p2a: Skuntank\n|\n|upkeep\n|turn|12\n|inactive|Time left: 300 sec this turn | 300 sec total\n|\n|t:|1783569565\n|switch|p1a: Archaludon|Archaludon, L78, F|100/100\n|move|p2a: Skuntank|Knock Off|p1a: Archaludon\n|-damage|p1a: Archaludon|61/100\n|-ability|p1a: Archaludon|Stamina|boost\n|-boost|p1a: Archaludon|def|1\n|-enditem|p1a: Archaludon|Lum Berry|[from] move: Knock Off|[of] p2a: Skuntank\n|-damage|p2a: Skuntank|279/310|[from] item: Life Orb\n|\n|upkeep\n|turn|13\n|inactive|Time left: 300 sec this turn | 300 sec total\n|\n|t:|1783569566\n|move|p2a: Skuntank|Sucker Punch||[still]\n|-fail|p2a: Skuntank\n|move|p1a: Archaludon|Swords Dance|p1a: Archaludon\n|-boost|p1a: Archaludon|atk|2\n|\n|upkeep\n|turn|14\n|inactive|Time left: 300 sec this turn | 300 sec total\n|\n|t:|1783569567\n|move|p2a: Skuntank|Sucker Punch|p1a: Archaludon\n|-damage|p1a: Archaludon|43/100\n|-ability|p1a: Archaludon|Stamina|boost\n|-boost|p1a: Archaludon|def|1\n|-damage|p2a: Skuntank|248/310|[from] item: Life Orb\n|move|p1a: Archaludon|Outrage|p2a: Skuntank\n|-damage|p2a: Skuntank|0 fnt\n|-damage|p1a: Archaludon|18/100|[from] ability: Aftermath|[of] p2a: Skuntank\n|faint|p2a: Skuntank\n|\n|upkeep\n|inactive|Time left: 300 sec this turn | 300 sec total | 5 sec grace\n|\n|t:|1783569568\n|switch|p2a: Kyurem|Kyurem, L77|319/319\n|-ability|p2a: Kyurem|Pressure\n|turn|15\n|inactive|Time left: 300 sec this turn | 300 sec total\n|\n|t:|1783569569\n|move|p2a: Kyurem|Icicle Spear|p1a: Archaludon\n|-damage|p1a: Archaludon|14/100\n|-ability|p1a: Archaludon|Stamina|boost\n|-boost|p1a: Archaludon|def|1\n|-damage|p1a: Archaludon|10/100\n|-ability|p1a: Archaludon|Stamina|boost\n|-boost|p1a: Archaludon|def|1\n|-damage|p1a: Archaludon|7/100\n|-ability|p1a: Archaludon|Stamina|boost\n|-boost|p1a: Archaludon|def|1\n|-damage|p1a: Archaludon|4/100\n|-ability|p1a: Archaludon|Stamina|boost\n|-boost|p1a: Archaludon|def|1\n|-hitcount|p1a: Archaludon|4\n|move|p1a: Archaludon|Outrage|p2a: Kyurem|[from] lockedmove\n|-supereffective|p2a: Kyurem\n|-damage|p2a: Kyurem|0 fnt\n|faint|p2a: Kyurem\n|\n|upkeep\n|inactive|Time left: 300 sec this turn | 300 sec total | 5 sec grace\n|\n|t:|1783569570\n|switch|p2a: Floatzel|Floatzel, L86, F|286/286\n|turn|16\n|inactive|Time left: 300 sec this turn | 300 sec total\n|\n|t:|1783569571\n|move|p2a: Floatzel|Crunch|p1a: Archaludon\n|-damage|p1a: Archaludon|0 fnt\n|faint|p1a: Archaludon\n|\n|upkeep\n|\n|t:|1783569572\n|switch|p1a: Tsareena|Tsareena, L87, F|100/100\n|turn|17\n|inactive|Time left: 300 sec this turn | 300 sec total\n|\n|t:|1783569573\n|switch|p2a: Decidueye|Decidueye-Hisui, L87, F|123/295\n|move|p1a: Tsareena|Power Whip|p2a: Decidueye\n|-resisted|p2a: Decidueye\n|-damage|p2a: Decidueye|47/295\n|\n|-heal|p2a: Decidueye|65/295|[from] item: Leftovers\n|upkeep\n|turn|18\n|inactive|Time left: 300 sec this turn | 300 sec total\n|\n|t:|1783569574\n|move|p1a: Tsareena|Triple Axel|p2a: Decidueye\n|-supereffective|p2a: Decidueye\n|-damage|p2a: Decidueye|23/295\n|-supereffective|p2a: Decidueye\n|-damage|p2a: Decidueye|0 fnt\n|faint|p2a: Decidueye\n|-hitcount|p2: Decidueye|2\n|\n|upkeep\n|inactive|Time left: 300 sec this turn | 300 sec total | 5 sec grace\n|\n|t:|1783569575\n|switch|p2a: Floatzel|Floatzel, L86, F|286/286\n|turn|19\n|inactive|Time left: 300 sec this turn | 300 sec total\n|\n|t:|1783569576\n|move|p2a: Floatzel|Ice Spinner|p1a: Tsareena\n|-supereffective|p1a: Tsareena\n|-damage|p1a: Tsareena|39/100\n|move|p1a: Tsareena|Power Whip|p2a: Floatzel\n|-supereffective|p2a: Floatzel\n|-damage|p2a: Floatzel|0 fnt\n|faint|p2a: Floatzel\n|\n|upkeep\n|inactive|Time left: 300 sec this turn | 300 sec total | 5 sec grace\n|\n|t:|1783569577\n|switch|p2a: Ogerpon|Ogerpon-Cornerstone, L76, F|247/247\n|turn|20\n|inactive|Time left: 300 sec this turn | 300 sec total\n|\n|t:|1783569578\n|move|p2a: Ogerpon|Ivy Cudgel|p1a: Tsareena|[anim] Ivy Cudgel Rock\n|-damage|p1a: Tsareena|0 fnt\n|faint|p1a: Tsareena\n|\n|upkeep\n|\n|t:|1783569579\n|switch|p1a: Samurott|Samurott, L88, M|100/100\n|turn|21\n|inactive|Time left: 300 sec this turn | 300 sec total\n|\n|t:|1783569580\n|move|p2a: Ogerpon|Power Whip|p1a: Samurott\n|-supereffective|p1a: Samurott\n|-damage|p1a: Samurott|7/100\n|move|p1a: Samurott|Sacred Sword|p2a: Ogerpon\n|-supereffective|p2a: Ogerpon\n|-damage|p2a: Ogerpon|34/247\n|-damage|p1a: Samurott|0 fnt|[from] item: Life Orb\n|faint|p1a: Samurott\n|\n|upkeep\n|\n|t:|1783569581\n|switch|p1a: Bruxish|Bruxish, L85, F|25/100\n|turn|22\n|inactive|Time left: 300 sec this turn | 300 sec total\n|\n|t:|1783569582\n|move|p2a: Ogerpon|Ivy Cudgel|p1a: Bruxish|[anim] Ivy Cudgel Rock\n|-damage|p1a: Bruxish|0 fnt\n|faint|p1a: Bruxish\n|\n|win|p0y2555df7e", "uploadtime": 1783569582, "views": 0, "rating": 0, "private": 0, "password": null, "_winner": "p0y2555df7e", "_our_name": "p0y2555df7e"}