{"id": "battle-gen9randombattle-1893", "formatid": "gen9randombattle", "format": "[Gen 9] Random Battle", "players": ["p0x189377f5", "p0y18932db3"], "log": "|init|battle\n|title|p0x189377f5 vs. p0y18932db3\n|j|\u2606p0x189377f5\n|j|\u2606p0y18932db3\n|t:|1783561143\n|gametype|singles\n|player|p1|p0x189377f5|102|\n|player|p2|p0y18932db3|1|\n|gen|9\n|tier|[Gen 9] Random Battle\n|rule|Species Clause: Limit one of each Pok\u00e9mon\n|rule|HP Percentage Mod: HP is shown in percentages\n|rule|Sleep Clause Mod: Limit one foe put to sleep\n|rule|Illusion Level Mod: Illusion disguises the Pok\u00e9mon's true level\n|\n|t:|1783561143\n|teamsize|p1|6\n|teamsize|p2|6\n|start\n|switch|p1a: Falinks|Falinks, L84|100/100\n|switch|p2a: Rotom|Rotom-Heat, L83|219/219\n|turn|1\n|inactive|Battle timer is ON: inactive players will automatically lose when time's up. (requested by p0y18932db3)\n|inactive|p0x189377f5 also wants the timer to be on.\n|\n|t:|1783561145\n|move|p2a: Rotom|Overheat|p1a: Falinks\n|-damage|p1a: Falinks|28/100\n|-unboost|p2a: Rotom|spa|2\n|move|p1a: Falinks|No Retreat|p1a: Falinks\n|-boost|p1a: Falinks|atk|1\n|-boost|p1a: Falinks|def|1\n|-boost|p1a: Falinks|spa|1\n|-boost|p1a: Falinks|spd|1\n|-boost|p1a: Falinks|spe|1\n|-start|p1a: Falinks|move: No Retreat\n|\n|upkeep\n|turn|2\n|inactive|Time left: 300 sec this turn | 300 sec total\n|\n|t:|1783561146\n|move|p1a: Falinks|Close Combat|p2a: Rotom\n|-damage|p2a: Rotom|3/219\n|-unboost|p1a: Falinks|def|1\n|-unboost|p1a: Falinks|spd|1\n|-damage|p1a: Falinks|18/100|[from] item: Life Orb\n|move|p2a: Rotom|Volt Switch|p1a: Falinks\n|-damage|p1a: Falinks|0 fnt\n|faint|p1a: Falinks\n|inactive|Time left: 300 sec this turn | 300 sec total | 5 sec grace\n|\n|t:|1783561146\n|switch|p2a: Kricketune|Kricketune, L99, F|312/312|[from] Volt Switch\n|\n|upkeep\n|\n|t:|1783561147\n|switch|p1a: Ninetales|Ninetales, L85, F|100/100\n|-weather|SunnyDay|[from] ability: Drought|[of] p1a: Ninetales\n|turn|3\n|inactive|Time left: 300 sec this turn | 300 sec total\n|\n|t:|1783561148\n|switch|p2a: Ting-Lu|Ting-Lu, L78|370/370\n|-ability|p2a: Ting-Lu|Vessel of Ruin\n|move|p1a: Ninetales|Fire Blast|p2a: Ting-Lu\n|-damage|p2a: Ting-Lu|232/370\n|\n|-weather|SunnyDay|[upkeep]\n|-heal|p2a: Ting-Lu|255/370|[from] item: Leftovers\n|upkeep\n|turn|4\n|inactive|Time left: 300 sec this turn | 300 sec total\n|\n|t:|1783561150\n|switch|p1a: Flamigo|Flamigo, L82, M|100/100\n|move|p2a: Ting-Lu|Earthquake|p1a: Flamigo\n|-immune|p1a: Flamigo\n|\n|-weather|SunnyDay|[upkeep]\n|-heal|p2a: Ting-Lu|278/370|[from] item: Leftovers\n|upkeep\n|turn|5\n|inactive|Time left: 300 sec this turn | 300 sec total\n|\n|t:|1783561151\n|switch|p2a: Rotom|Rotom-Heat, L83|3/219\n|move|p1a: Flamigo|Close Combat|p2a: Rotom\n|-damage|p2a: Rotom|0 fnt\n|-unboost|p1a: Flamigo|def|1\n|-unboost|p1a: Flamigo|spd|1\n|faint|p2a: Rotom\n|\n|-weather|SunnyDay|[upkeep]\n|upkeep\n|inactive|Time left: 300 sec this turn | 300 sec total | 5 sec grace\n|\n|t:|1783561152\n|switch|p2a: Kricketune|Kricketune, L99, F|312/312\n|turn|6\n|inactive|Time left: 300 sec this turn | 300 sec total\n|\n|t:|1783561153\n|move|p1a: Flamigo|Close Combat|p2a: Kricketune\n|-resisted|p2a: Kricketune\n|-damage|p2a: Kricketune|188/312\n|-unboost|p1a: Flamigo|def|1\n|-unboost|p1a: Flamigo|spd|1\n|move|p2a: Kricketune|Knock Off|p1a: Flamigo\n|-resisted|p1a: Flamigo\n|-damage|p1a: Flamigo|63/100\n|-enditem|p1a: Flamigo|Choice Band|[from] move: Knock Off|[of] p2a: Kricketune\n|\n|-weather|SunnyDay|[upkeep]\n|upkeep\n|turn|7\n|inactive|Time left: 300 sec this turn | 300 sec total\n|\n|t:|1783561154\n|move|p1a: Flamigo|Brave Bird|p2a: Kricketune\n|-supereffective|p2a: Kricketune\n|-damage|p2a: Kricketune|0 fnt\n|faint|p2a: Kricketune\n|-damage|p1a: Flamigo|40/100|[from] Recoil\n|\n|-weather|none\n|upkeep\n|inactive|Time left: 300 sec this turn | 300 sec total | 5 sec grace\n|\n|t:|1783561155\n|switch|p2a: Ting-Lu|Ting-Lu, L78|278/370\n|-ability|p2a: Ting-Lu|Vessel of Ruin\n|turn|8\n|inactive|Time left: 300 sec this turn | 300 sec total\n|\n|t:|1783561156\n|switch|p2a: Deoxys|Deoxys-Defense, L84|221/221\n|-ability|p2a: Deoxys|Pressure\n|move|p1a: Flamigo|Close Combat|p2a: Deoxys\n|-resisted|p2a: Deoxys\n|-damage|p2a: Deoxys|180/221\n|-unboost|p1a: Flamigo|def|1\n|-unboost|p1a: Flamigo|spd|1\n|\n|-heal|p2a: Deoxys|193/221|[from] item: Leftovers\n|upkeep\n|turn|9\n|inactive|Time left: 300 sec this turn | 300 sec total\n|\n|t:|1783561157\n|switch|p1a: Ninetales|Ninetales, L85, F|100/100\n|-weather|SunnyDay|[from] ability: Drought|[of] p1a: Ninetales\n|move|p2a: Deoxys|Psychic Noise|p1a: Ninetales\n|-damage|p1a: Ninetales|81/100\n|-start|p1a: Ninetales|move: Heal Block\n|\n|-weather|SunnyDay|[upkeep]\n|-heal|p2a: Deoxys|206/221|[from] item: Leftovers\n|upkeep\n|turn|10\n|inactive|Time left: 300 sec this turn | 300 sec total\n|\n|t:|1783561158\n|move|p1a: Ninetales|Nasty Plot|p1a: Ninetales\n|-boost|p1a: Ninetales|spa|2\n|move|p2a: Deoxys|Knock Off|p1a: Ninetales\n|-damage|p1a: Ninetales|58/100\n|-enditem|p1a: Ninetales|Heavy-Duty Boots|[from] move: Knock Off|[of] p2a: Deoxys\n|\n|-weather|SunnyDay|[upkeep]\n|-heal|p2a: Deoxys|219/221|[from] item: Leftovers\n|-end|p1a: Ninetales|move: Heal Block\n|upkeep\n|turn|11\n|inactive|Time left: 300 sec this turn | 300 sec total\n|\n|t:|1783561159\n|move|p1a: Ninetales|Fire Blast|p2a: Deoxys\n|-damage|p2a: Deoxys|12/221\n|move|p2a: Deoxys|Teleport|p2a: Deoxys\n|inactive|Time left: 300 sec this turn | 300 sec total | 5 sec grace\n|\n|t:|1783561159\n|switch|p2a: Ting-Lu|Ting-Lu, L78|278/370|[from] Teleport\n|-ability|p2a: Ting-Lu|Vessel of Ruin\n|\n|-weather|SunnyDay|[upkeep]\n|-heal|p2a: Ting-Lu|301/370|[from] item: Leftovers\n|upkeep\n|turn|12\n|inactive|Time left: 300 sec this turn | 300 sec total\n|\n|t:|1783561160\n|-terastallize|p1a: Ninetales|Fire\n|move|p1a: Ninetales|Fire Blast|p2a: Ting-Lu|[miss]\n|-miss|p1a: Ninetales|p2a: Ting-Lu\n|move|p2a: Ting-Lu|Earthquake|p1a: Ninetales\n|-supereffective|p1a: Ninetales\n|-damage|p1a: Ninetales|0 fnt\n|faint|p1a: Ninetales\n|\n|-weather|SunnyDay|[upkeep]\n|-heal|p2a: Ting-Lu|324/370|[from] item: Leftovers\n|upkeep\n|\n|t:|1783561161\n|switch|p1a: Flamigo|Flamigo, L82, M|40/100\n|turn|13\n|inactive|Time left: 300 sec this turn | 300 sec total\n|\n|t:|1783561162\n|move|p1a: Flamigo|Close Combat|p2a: Ting-Lu\n|-supereffective|p2a: Ting-Lu\n|-damage|p2a: Ting-Lu|78/370\n|-unboost|p1a: Flamigo|def|1\n|-unboost|p1a: Flamigo|spd|1\n|move|p2a: Ting-Lu|Heavy Slam|p1a: Flamigo\n|-damage|p1a: Flamigo|0 fnt\n|faint|p1a: Flamigo\n|\n|-weather|none\n|-heal|p2a: Ting-Lu|101/370|[from] item: Leftovers\n|upkeep\n|\n|t:|1783561163\n|switch|p1a: Suicune|Suicune, L82|100/100\n|-ability|p1a: Suicune|Pressure\n|turn|14\n|inactive|Time left: 300 sec this turn | 300 sec total\n|\n|t:|1783561164\n|switch|p2a: Lanturn|Lanturn, L89, F|367/367\n|move|p1a: Suicune|Scald|p2a: Lanturn\n|-resisted|p2a: Lanturn\n|-damage|p2a: Lanturn|325/367\n|-status|p2a: Lanturn|brn\n|\n|-damage|p2a: Lanturn|303/367 brn|[from] brn\n|upkeep\n|turn|15\n|inactive|Time left: 300 sec this turn | 300 sec total\n|\n|t:|1783561164\n|move|p1a: Suicune|Calm Mind|p1a: Suicune\n|-boost|p1a: Suicune|spa|1\n|-boost|p1a: Suicune|spd|1\n|move|p2a: Lanturn|Volt Switch|p1a: Suicune\n|-supereffective|p1a: Suicune\n|-damage|p1a: Suicune|76/100\n|inactive|Time left: 300 sec this turn | 300 sec total | 5 sec grace\n|\n|t:|1783561165\n|switch|p2a: Deoxys|Deoxys-Defense, L84|12/221|[from] Volt Switch\n|-ability|p2a: Deoxys|Pressure\n|\n|-heal|p2a: Deoxys|25/221|[from] item: Leftovers\n|-heal|p1a: Suicune|82/100|[from] item: Leftovers\n|upkeep\n|turn|16\n|inactive|Time left: 300 sec this turn | 300 sec total\n|\n|t:|1783561166\n|move|p2a: Deoxys|Recover|p2a: Deoxys\n|-heal|p2a: Deoxys|136/221\n|move|p1a: Suicune|Calm Mind|p1a: Suicune\n|-boost|p1a: Suicune|spa|1\n|-boost|p1a: Suicune|spd|1\n|\n|-heal|p2a: Deoxys|149/221|[from] item: Leftovers\n|-heal|p1a: Suicune|88/100|[from] item: Leftovers\n|upkeep\n|turn|17\n|inactive|Time left: 300 sec this turn | 300 sec total\n|\n|t:|1783561167\n|move|p2a: Deoxys|Recover|p2a: Deoxys\n|-heal|p2a: Deoxys|221/221\n|move|p1a: Suicune|Scald|p2a: Deoxys\n|-damage|p2a: Deoxys|131/221\n|-status|p2a: Deoxys|brn\n|\n|-heal|p2a: Deoxys|144/221 brn|[from] item: Leftovers\n|-heal|p1a: Suicune|94/100|[from] item: Leftovers\n|-damage|p2a: Deoxys|131/221 brn|[from] brn\n|upkeep\n|turn|18\n|inactive|Time left: 300 sec this turn | 300 sec total\n|\n|t:|1783561168\n|move|p2a: Deoxys|Recover|p2a: Deoxys\n|-heal|p2a: Deoxys|221/221 brn\n|move|p1a: Suicune|Scald|p2a: Deoxys\n|-damage|p2a: Deoxys|130/221 brn\n|\n|-heal|p2a: Deoxys|143/221 brn|[from] item: Leftovers\n|-heal|p1a: Suicune|100/100|[from] item: Leftovers\n|-damage|p2a: Deoxys|130/221 brn|[from] brn\n|upkeep\n|turn|19\n|inactive|Time left: 300 sec this turn | 300 sec total\n|\n|t:|1783561169\n|move|p2a: Deoxys|Recover|p2a: Deoxys\n|-heal|p2a: Deoxys|221/221 brn\n|move|p1a: Suicune|Scald|p2a: Deoxys\n|-damage|p2a: Deoxys|124/221 brn\n|\n|-heal|p2a: Deoxys|137/221 brn|[from] item: Leftovers\n|-damage|p2a: Deoxys|124/221 brn|[from] brn\n|upkeep\n|turn|20\n|inactive|Time left: 300 sec this turn | 300 sec total\n|\n|t:|1783561170\n|move|p2a: Deoxys|Recover|p2a: Deoxys\n|-heal|p2a: Deoxys|221/221 brn\n|move|p1a: Suicune|Scald|p2a: Deoxys\n|-damage|p2a: Deoxys|130/221 brn\n|\n|-heal|p2a: Deoxys|143/221 brn|[from] item: Leftovers\n|-damage|p2a: Deoxys|130/221 brn|[from] brn\n|upkeep\n|turn|21\n|inactive|Time left: 300 sec this turn | 300 sec total\n|\n|t:|1783561171\n|move|p2a: Deoxys|Recover|p2a: Deoxys\n|-heal|p2a: Deoxys|221/221 brn\n|move|p1a: Suicune|Scald|p2a: Deoxys\n|-damage|p2a: Deoxys|121/221 brn\n|\n|-heal|p2a: Deoxys|134/221 brn|[from] item: Leftovers\n|-damage|p2a: Deoxys|121/221 brn|[from] brn\n|upkeep\n|turn|22\n|inactive|Time left: 300 sec this turn | 300 sec total\n|\n|t:|1783561172\n|move|p2a: Deoxys|Recover|p2a: Deoxys\n|-heal|p2a: Deoxys|221/221 brn\n|move|p1a: Suicune|Scald|p2a: Deoxys\n|-damage|p2a: Deoxys|136/221 brn\n|\n|-heal|p2a: Deoxys|149/221 brn|[from] item: Leftovers\n|-damage|p2a: Deoxys|136/221 brn|[from] brn\n|upkeep\n|turn|23\n|inactive|Time left: 300 sec this turn | 300 sec total\n|\n|t:|1783561173\n|move|p2a: Deoxys|Recover|p2a: Deoxys\n|-heal|p2a: Deoxys|221/221 brn\n|move|p1a: Suicune|Scald|p2a: Deoxys\n|-damage|p2a: Deoxys|134/221 brn\n|\n|-heal|p2a: Deoxys|147/221 brn|[from] item: Leftovers\n|-damage|p2a: Deoxys|134/221 brn|[from] brn\n|upkeep\n|turn|24\n|inactive|Time left: 300 sec this turn | 300 sec total\n|\n|t:|1783561175\n|move|p2a: Deoxys|Knock Off|p1a: Suicune\n|-damage|p1a: Suicune|93/100\n|-enditem|p1a: Suicune|Leftovers|[from] move: Knock Off|[of] p2a: Deoxys\n|move|p1a: Suicune|Scald|p2a: Deoxys\n|-damage|p2a: Deoxys|43/221 brn\n|\n|-heal|p2a: Deoxys|56/221 brn|[from] item: Leftovers\n|-damage|p2a: Deoxys|43/221 brn|[from] brn\n|upkeep\n|turn|25\n|inactive|Time left: 300 sec this turn | 300 sec total\n|\n|t:|1783561176\n|switch|p2a: Lanturn|Lanturn, L89, F|303/367 brn\n|move|p1a: Suicune|Scald|p2a: Lanturn\n|-resisted|p2a: Lanturn\n|-damage|p2a: Lanturn|220/367 brn\n|\n|-damage|p2a: Lanturn|198/367 brn|[from] brn\n|upkeep\n|turn|26\n|inactive|Time left: 300 sec this turn | 300 sec total\n|\n|t:|1783561177\n|move|p1a: Suicune|Calm Mind|p1a: Suicune\n|-boost|p1a: Suicune|spa|1\n|-boost|p1a: Suicune|spd|1\n|move|p2a: Lanturn|Volt Switch|p1a: Suicune\n|-supereffective|p1a: Suicune\n|-damage|p1a: Suicune|76/100\n|inactive|Time left: 300 sec this turn | 300 sec total | 5 sec grace\n|\n|t:|1783561178\n|switch|p2a: Deoxys|Deoxys-Defense, L84|43/221 brn|[from] Volt Switch\n|-ability|p2a: Deoxys|Pressure\n|\n|-heal|p2a: Deoxys|56/221 brn|[from] item: Leftovers\n|-damage|p2a: Deoxys|43/221 brn|[from] brn\n|upkeep\n|turn|27\n|inactive|Time left: 300 sec this turn | 300 sec total\n|\n|t:|1783561179\n|move|p2a: Deoxys|Psychic Noise|p1a: Suicune\n|-damage|p1a: Suicune|69/100\n|-start|p1a: Suicune|move: Heal Block\n|move|p1a: Suicune|Scald|p2a: Deoxys\n|-damage|p2a: Deoxys|0 fnt\n|faint|p2a: Deoxys\n|\n|upkeep\n|inactive|Time left: 300 sec this turn | 300 sec total | 5 sec grace\n|\n|t:|1783561180\n|switch|p2a: Lanturn|Lanturn, L89, F|198/367 brn\n|turn|28\n|inactive|Time left: 300 sec this turn | 300 sec total\n|\n|t:|1783561181\n|move|p1a: Suicune|Scald|p2a: Lanturn\n|-resisted|p2a: Lanturn\n|-damage|p2a: Lanturn|90/367 brn\n|move|p2a: Lanturn|Thunderbolt|p1a: Suicune\n|-supereffective|p1a: Suicune\n|-damage|p1a: Suicune|48/100\n|\n|-damage|p2a: Lanturn|68/367 brn|[from] brn\n|-end|p1a: Suicune|move: Heal Block\n|upkeep\n|turn|29\n|inactive|Time left: 300 sec this turn | 300 sec total\n|\n|t:|1783561182\n|move|p1a: Suicune|Scald|p2a: Lanturn\n|-resisted|p2a: Lanturn\n|-damage|p2a: Lanturn|0 fnt\n|faint|p2a: Lanturn\n|\n|upkeep\n|inactive|Time left: 300 sec this turn | 300 sec total | 5 sec grace\n|\n|t:|1783561183\n|switch|p2a: Klefki|Klefki, L84, F|233/233\n|turn|30\n|inactive|Time left: 300 sec this turn | 300 sec total\n|\n|t:|1783561184\n|move|p2a: Klefki|Thunder Wave|p1a: Suicune\n|-status|p1a: Suicune|par\n|move|p1a: Suicune|Scald|p2a: Klefki\n|-damage|p2a: Klefki|53/233\n|-status|p2a: Klefki|brn\n|\n|-heal|p2a: Klefki|67/233 brn|[from] item: Leftovers\n|-damage|p2a: Klefki|53/233 brn|[from] brn\n|upkeep\n|turn|31\n|inactive|Time left: 300 sec this turn | 300 sec total\n|\n|t:|1783561185\n|move|p2a: Klefki|Spikes|p1a: Suicune\n|-sidestart|p1: p0x189377f5|Spikes\n|move|p1a: Suicune|Rest|p1a: Suicune\n|-status|p1a: Suicune|slp|[from] move: Rest\n|-heal|p1a: Suicune|100/100 slp|[silent]\n|\n|-heal|p2a: Klefki|67/233 brn|[from] item: Leftovers\n|-damage|p2a: Klefki|53/233 brn|[from] brn\n|upkeep\n|turn|32\n|inactive|Time left: 300 sec this turn | 300 sec total\n|\n|t:|1783561186\n|move|p2a: Klefki|Spikes|p1a: Suicune\n|-sidestart|p1: p0x189377f5|Spikes\n|cant|p1a: Suicune|slp\n|move|p1a: Suicune|Sleep Talk|p1a: Suicune\n|move|p1a: Suicune|Calm Mind|p1a: Suicune|[from] move: Sleep Talk\n|-boost|p1a: Suicune|spa|1\n|-boost|p1a: Suicune|spd|1\n|\n|-heal|p2a: Klefki|67/233 brn|[from] item: Leftovers\n|-damage|p2a: Klefki|53/233 brn|[from] brn\n|upkeep\n|turn|33\n|inactive|Time left: 300 sec this turn | 300 sec total\n|\n|t:|1783561187\n|cant|p1a: Suicune|slp\n|move|p2a: Klefki|Dazzling Gleam|p1a: Suicune\n|-damage|p1a: Suicune|93/100 slp\n|\n|-heal|p2a: Klefki|67/233 brn|[from] item: Leftovers\n|-damage|p2a: Klefki|53/233 brn|[from] brn\n|upkeep\n|turn|34\n|inactive|Time left: 300 sec this turn | 300 sec total\n|\n|t:|1783561188\n|move|p2a: Klefki|Spikes|p1a: Suicune\n|-sidestart|p1: p0x189377f5|Spikes\n|-curestatus|p1a: Suicune|slp|[msg]\n|move|p1a: Suicune|Calm Mind|p1a: Suicune\n|-boost|p1a: Suicune|spa|1\n|-boost|p1a: Suicune|spd|1\n|\n|-heal|p2a: Klefki|67/233 brn|[from] item: Leftovers\n|-damage|p2a: Klefki|53/233 brn|[from] brn\n|upkeep\n|turn|35\n|inactive|Time left: 300 sec this turn | 300 sec total\n|\n|t:|1783561189\n|move|p2a: Klefki|Thunder Wave|p1a: Suicune\n|-status|p1a: Suicune|par\n|move|p1a: Suicune|Calm Mind|p1a: Suicune\n|-boost|p1a: Suicune|spa|1\n|-boost|p1a: Suicune|spd|1\n|\n|-heal|p2a: Klefki|67/233 brn|[from] item: Leftovers\n|-damage|p2a: Klefki|53/233 brn|[from] brn\n|upkeep\n|turn|36\n|inactive|Time left: 300 sec this turn | 300 sec total\n|\n|t:|1783561191\n|move|p2a: Klefki|Foul Play|p1a: Suicune\n|-damage|p1a: Suicune|88/100 par\n|cant|p1a: Suicune|par\n|\n|-heal|p2a: Klefki|67/233 brn|[from] item: Leftovers\n|-damage|p2a: Klefki|53/233 brn|[from] brn\n|upkeep\n|turn|37\n|inactive|Time left: 300 sec this turn | 300 sec total\n|\n|t:|1783561192\n|move|p2a: Klefki|Dazzling Gleam|p1a: Suicune\n|-damage|p1a: Suicune|83/100 par\n|move|p1a: Suicune|Rest|p1a: Suicune\n|-status|p1a: Suicune|slp|[from] move: Rest\n|-heal|p1a: Suicune|100/100 slp|[silent]\n|\n|-heal|p2a: Klefki|67/233 brn|[from] item: Leftovers\n|-damage|p2a: Klefki|53/233 brn|[from] brn\n|upkeep\n|turn|38\n|inactive|Time left: 300 sec this turn | 300 sec total\n|\n|t:|1783561193\n|switch|p2a: Ting-Lu|Ting-Lu, L78|101/370\n|-ability|p2a: Ting-Lu|Vessel of Ruin\n|cant|p1a: Suicune|slp\n|\n|-heal|p2a: Ting-Lu|124/370|[from] item: Leftovers\n|upkeep\n|turn|39\n|inactive|Time left: 300 sec this turn | 300 sec total\n|\n|t:|1783561194\n|cant|p1a: Suicune|slp\n|move|p2a: Ting-Lu|Earthquake|p1a: Suicune\n|-damage|p1a: Suicune|74/100 slp\n|\n|-heal|p2a: Ting-Lu|147/370|[from] item: Leftovers\n|upkeep\n|turn|40\n|inactive|Time left: 300 sec this turn | 300 sec total\n|\n|t:|1783561195\n|switch|p2a: Klefki|Klefki, L84, F|53/233 brn\n|-curestatus|p1a: Suicune|slp|[msg]\n|move|p1a: Suicune|Scald|p2a: Klefki\n|-damage|p2a: Klefki|0 fnt\n|faint|p2a: Klefki\n|\n|upkeep\n|inactive|Time left: 300 sec this turn | 300 sec total | 5 sec grace\n|\n|t:|1783561195\n|switch|p2a: Ting-Lu|Ting-Lu, L78|147/370\n|-ability|p2a: Ting-Lu|Vessel of Ruin\n|turn|41\n|inactive|Time left: 300 sec this turn | 300 sec total\n|\n|t:|1783561196\n|move|p1a: Suicune|Rest|p1a: Suicune\n|-status|p1a: Suicune|slp|[from] move: Rest\n|-heal|p1a: Suicune|100/100 slp|[silent]\n|move|p2a: Ting-Lu|Payback|p1a: Suicune\n|-damage|p1a: Suicune|72/100 slp\n|\n|-heal|p2a: Ting-Lu|170/370|[from] item: Leftovers\n|upkeep\n|turn|42\n|inactive|Time left: 300 sec this turn | 300 sec total\n|\n|t:|1783561197\n|-terastallize|p2a: Ting-Lu|Steel\n|cant|p1a: Suicune|slp\n|move|p1a: Suicune|Sleep Talk|p1a: Suicune\n|move|p1a: Suicune|Rest||[from] move: Sleep Talk|[still]\n|-fail|p1a: Suicune\n|move|p2a: Ting-Lu|Earthquake|p1a: Suicune\n|-damage|p1a: Suicune|41/100 slp\n|\n|-heal|p2a: Ting-Lu|193/370|[from] item: Leftovers\n|upkeep\n|turn|43\n|inactive|Time left: 300 sec this turn | 300 sec total\n|\n|t:|1783561198\n|cant|p1a: Suicune|slp\n|move|p1a: Suicune|Sleep Talk|p1a: Suicune\n|move|p1a: Suicune|Rest||[from] move: Sleep Talk|[still]\n|-fail|p1a: Suicune\n|move|p2a: Ting-Lu|Earthquake|p1a: Suicune\n|-damage|p1a: Suicune|12/100 slp\n|\n|-heal|p2a: Ting-Lu|216/370|[from] item: Leftovers\n|upkeep\n|turn|44\n|inactive|Time left: 300 sec this turn | 300 sec total\n|\n|t:|1783561199\n|-curestatus|p1a: Suicune|slp|[msg]\n|move|p1a: Suicune|Rest|p1a: Suicune\n|-status|p1a: Suicune|slp|[from] move: Rest\n|-heal|p1a: Suicune|100/100 slp|[silent]\n|move|p2a: Ting-Lu|Earthquake|p1a: Suicune\n|-crit|p1a: Suicune\n|-damage|p1a: Suicune|55/100 slp\n|\n|-heal|p2a: Ting-Lu|239/370|[from] item: Leftovers\n|upkeep\n|turn|45\n|inactive|Time left: 300 sec this turn | 300 sec total\n|\n|t:|1783561200\n|cant|p1a: Suicune|slp\n|move|p1a: Suicune|Sleep Talk|p1a: Suicune\n|move|p1a: Suicune|Scald|p2a: Ting-Lu|[from] move: Sleep Talk\n|-damage|p2a: Ting-Lu|0 fnt\n|faint|p2a: Ting-Lu\n|\n|win|p0x189377f5", "uploadtime": 1783561200, "views": 0, "rating": 0, "private": 0, "password": null, "_winner": "p0x189377f5", "_our_name": "p0y18932db3"}