{"id": "battle-gen9randombattle-2239", "formatid": "gen9randombattle", "format": "[Gen 9] Random Battle", "players": ["p0x2239cb57", "p0y22399e59"], "log": "|init|battle\n|title|p0x2239cb57 vs. p0y22399e59\n|j|\u2606p0x2239cb57\n|j|\u2606p0y22399e59\n|t:|1783565965\n|gametype|singles\n|player|p1|p0x2239cb57|2|\n|player|p2|p0y22399e59|102|\n|gen|9\n|tier|[Gen 9] Random Battle\n|rule|Species Clause: Limit one of each Pok\u00e9mon\n|rule|HP Percentage Mod: HP is shown in percentages\n|rule|Sleep Clause Mod: Limit one foe put to sleep\n|rule|Illusion Level Mod: Illusion disguises the Pok\u00e9mon's true level\n|\n|t:|1783565965\n|teamsize|p1|6\n|teamsize|p2|6\n|start\n|switch|p1a: Rampardos|Rampardos, L90, F|100/100\n|switch|p2a: Gumshoos|Gumshoos, L95, M|321/321\n|turn|1\n|inactive|Battle timer is ON: inactive players will automatically lose when time's up. (requested by p0x2239cb57)\n|inactive|Time left: 300 sec this turn | 300 sec total | 60 sec grace\n|inactive|p0y22399e59 also wants the timer to be on.\n|\n|t:|1783565966\n|move|p1a: Rampardos|Rock Slide|p2a: Gumshoos\n|-damage|p2a: Gumshoos|60/321\n|move|p2a: Gumshoos|Earthquake|p1a: Rampardos\n|-supereffective|p1a: Rampardos\n|-damage|p1a: Rampardos|0 fnt\n|faint|p1a: Rampardos\n|\n|upkeep\n|\n|t:|1783565967\n|switch|p1a: Mamoswine|Mamoswine, L81, F|100/100\n|turn|2\n|inactive|Time left: 300 sec this turn | 300 sec total\n|\n|t:|1783565969\n|move|p1a: Mamoswine|Earthquake|p2a: Gumshoos\n|-damage|p2a: Gumshoos|0 fnt\n|faint|p2a: Gumshoos\n|\n|upkeep\n|inactive|Time left: 300 sec this turn | 300 sec total | 5 sec grace\n|\n|t:|1783565970\n|switch|p2a: Bruxish|Bruxish, L85, M|254/254\n|turn|3\n|inactive|Time left: 300 sec this turn | 300 sec total\n|\n|t:|1783565971\n|switch|p1a: Samurott|Samurott-Hisui, L77, F|100/100\n|move|p2a: Bruxish|Wave Crash|p1a: Samurott\n|-resisted|p1a: Samurott\n|-damage|p1a: Samurott|51/100\n|-damage|p2a: Bruxish|211/254|[from] Recoil\n|\n|upkeep\n|turn|4\n|inactive|Time left: 300 sec this turn | 300 sec total\n|\n|t:|1783565972\n|move|p2a: Bruxish|Wave Crash|p1a: Samurott\n|-resisted|p1a: Samurott\n|-damage|p1a: Samurott|6/100\n|-damage|p2a: Bruxish|171/254|[from] Recoil\n|move|p1a: Samurott|Ceaseless Edge|p2a: Bruxish\n|-supereffective|p2a: Bruxish\n|-damage|p2a: Bruxish|0 fnt\n|-sidestart|p2: p0y22399e59|Spikes\n|faint|p2a: Bruxish\n|-damage|p1a: Samurott|0 fnt|[from] item: Life Orb\n|faint|p1a: Samurott\n|\n|upkeep\n|inactive|Time left: 300 sec this turn | 300 sec total | 5 sec grace\n|\n|t:|1783565973\n|switch|p2a: Articuno|Articuno-Galar, L84|288/288\n|switch|p1a: Mamoswine|Mamoswine, L81, F|100/100\n|turn|5\n|inactive|Time left: 300 sec this turn | 300 sec total\n|\n|t:|1783565974\n|move|p2a: Articuno|Hurricane|p1a: Mamoswine|[miss]\n|-miss|p2a: Articuno|p1a: Mamoswine\n|move|p1a: Mamoswine|Icicle Crash|p2a: Articuno\n|-supereffective|p2a: Articuno\n|-damage|p2a: Articuno|0 fnt\n|faint|p2a: Articuno\n|\n|upkeep\n|inactive|Time left: 300 sec this turn | 300 sec total | 5 sec grace\n|\n|t:|1783565975\n|switch|p2a: Duraludon|Duraludon, L82, M|249/249\n|-damage|p2a: Duraludon|218/249|[from] Spikes\n|turn|6\n|inactive|Time left: 300 sec this turn | 300 sec total\n|\n|t:|1783565976\n|switch|p1a: Entei|Entei, L78|100/100\n|move|p2a: Duraludon|Flash Cannon|p1a: Entei\n|-resisted|p1a: Entei\n|-damage|p1a: Entei|83/100\n|\n|upkeep\n|turn|7\n|inactive|Time left: 300 sec this turn | 300 sec total\n|\n|t:|1783565977\n|move|p1a: Entei|Sacred Fire|p2a: Duraludon\n|-damage|p2a: Duraludon|128/249\n|-status|p2a: Duraludon|brn\n|move|p2a: Duraludon|Draco Meteor|p1a: Entei\n|-damage|p1a: Entei|18/100\n|-unboost|p2a: Duraludon|spa|2\n|\n|-damage|p2a: Duraludon|113/249 brn|[from] brn\n|upkeep\n|turn|8\n|inactive|Time left: 300 sec this turn | 300 sec total\n|\n|t:|1783565978\n|move|p1a: Entei|Sacred Fire|p2a: Duraludon\n|-damage|p2a: Duraludon|20/249 brn\n|move|p2a: Duraludon|Draco Meteor|p1a: Entei\n|-damage|p1a: Entei|0 fnt\n|-unboost|p2a: Duraludon|spa|2\n|faint|p1a: Entei\n|\n|-damage|p2a: Duraludon|5/249 brn|[from] brn\n|upkeep\n|\n|t:|1783565979\n|switch|p1a: Vivillon|Vivillon-River, L83, F|100/100\n|turn|9\n|inactive|Time left: 300 sec this turn | 300 sec total\n|\n|t:|1783565980\n|move|p1a: Vivillon|Quiver Dance|p1a: Vivillon\n|-boost|p1a: Vivillon|spa|1\n|-boost|p1a: Vivillon|spd|1\n|-boost|p1a: Vivillon|spe|1\n|move|p2a: Duraludon|Thunder Wave|p1a: Vivillon\n|-status|p1a: Vivillon|par\n|\n|-damage|p2a: Duraludon|0 fnt|[from] brn\n|faint|p2a: Duraludon\n|upkeep\n|inactive|Time left: 300 sec this turn | 300 sec total | 5 sec grace\n|\n|t:|1783565981\n|switch|p2a: Cetitan|Cetitan, L82, F|413/413\n|-damage|p2a: Cetitan|362/413|[from] Spikes\n|turn|10\n|inactive|Time left: 300 sec this turn | 300 sec total\n|\n|t:|1783565982\n|switch|p1a: Mamoswine|Mamoswine, L81, F|100/100\n|move|p2a: Cetitan|Icicle Crash|p1a: Mamoswine\n|-damage|p1a: Mamoswine|69/100\n|\n|upkeep\n|turn|11\n|inactive|Time left: 300 sec this turn | 300 sec total\n|\n|t:|1783565983\n|-terastallize|p1a: Mamoswine|Ice\n|move|p1a: Mamoswine|Earthquake|p2a: Cetitan\n|-damage|p2a: Cetitan|104/413\n|move|p2a: Cetitan|Liquidation|p1a: Mamoswine\n|-damage|p1a: Mamoswine|33/100\n|\n|upkeep\n|turn|12\n|inactive|Time left: 300 sec this turn | 300 sec total\n|\n|t:|1783565984\n|move|p2a: Cetitan|Ice Shard|p1a: Mamoswine\n|-resisted|p1a: Mamoswine\n|-damage|p1a: Mamoswine|28/100\n|-damage|p2a: Cetitan|63/413|[from] item: Life Orb\n|move|p1a: Mamoswine|Earthquake|p2a: Cetitan\n|-damage|p2a: Cetitan|0 fnt\n|faint|p2a: Cetitan\n|\n|upkeep\n|inactive|Time left: 300 sec this turn | 300 sec total | 5 sec grace\n|\n|t:|1783565985\n|switch|p2a: Regidrago|Regidrago, L77|435/435\n|-damage|p2a: Regidrago|381/435|[from] Spikes\n|turn|13\n|inactive|Time left: 300 sec this turn | 300 sec total\n|\n|t:|1783565985\n|switch|p1a: Vivillon|Vivillon-River, L83, F|100/100 par\n|move|p2a: Regidrago|Dragon Dance|p2a: Regidrago\n|-boost|p2a: Regidrago|atk|1\n|-boost|p2a: Regidrago|spe|1\n|\n|upkeep\n|turn|14\n|inactive|Time left: 300 sec this turn | 300 sec total\n|\n|t:|1783565987\n|switch|p1a: Mamoswine|Mamoswine, L81, F, tera:Ice|28/100\n|-terastallize|p2a: Regidrago|Steel\n|move|p2a: Regidrago|Dragon Claw|p1a: Mamoswine\n|-damage|p1a: Mamoswine|0 fnt\n|faint|p1a: Mamoswine\n|-damage|p2a: Regidrago|338/435|[from] item: Life Orb\n|\n|upkeep\n|\n|t:|1783565987\n|switch|p1a: Toxicroak|Toxicroak, L84, M|100/100\n|turn|15\n|inactive|Time left: 300 sec this turn | 300 sec total\n|\n|t:|1783565988\n|move|p2a: Regidrago|Earthquake|p1a: Toxicroak\n|-supereffective|p1a: Toxicroak\n|-damage|p1a: Toxicroak|0 fnt\n|faint|p1a: Toxicroak\n|-damage|p2a: Regidrago|295/435|[from] item: Life Orb\n|\n|upkeep\n|\n|t:|1783565989\n|switch|p1a: Vivillon|Vivillon-River, L83, F|100/100 par\n|turn|16\n|inactive|Time left: 300 sec this turn | 300 sec total\n|\n|t:|1783565990\n|move|p2a: Regidrago|Dragon Claw|p1a: Vivillon\n|-damage|p1a: Vivillon|0 fnt\n|faint|p1a: Vivillon\n|-damage|p2a: Regidrago|252/435|[from] item: Life Orb\n|\n|win|p0y22399e59", "uploadtime": 1783565990, "views": 0, "rating": 0, "private": 0, "password": null, "_winner": "p0y22399e59", "_our_name": "p0y22399e59"}