{"id": "battle-gen9randombattle-144", "formatid": "gen9randombattle", "format": "[Gen 9] Random Battle", "players": ["p0x1449cd9", "p0y1447730"], "log": "|init|battle\n|title|p0x1449cd9 vs. p0y1447730\n|j|\u2606p0x1449cd9\n|j|\u2606p0y1447730\n|t:|1783535422\n|gametype|singles\n|player|p1|p0x1449cd9|169|\n|player|p2|p0y1447730|265|\n|gen|9\n|tier|[Gen 9] Random Battle\n|rule|Species Clause: Limit one of each Pok\u00e9mon\n|rule|HP Percentage Mod: HP is shown in percentages\n|rule|Sleep Clause Mod: Limit one foe put to sleep\n|rule|Illusion Level Mod: Illusion disguises the Pok\u00e9mon's true level\n|\n|t:|1783535422\n|teamsize|p1|6\n|teamsize|p2|6\n|start\n|switch|p1a: Umbreon|Umbreon, L84, M|100/100\n|switch|p2a: Gliscor|Gliscor, L76, M|239/239\n|turn|1\n|inactive|Battle timer is ON: inactive players will automatically lose when time's up. (requested by p0y1447730)\n|inactive|p0x1449cd9 also wants the timer to be on.\n|\n|t:|1783535423\n|move|p2a: Gliscor|Toxic|p1a: Umbreon\n|-status|p1a: Umbreon|tox\n|-activate|p1a: Umbreon|ability: Synchronize\n|-status|p2a: Gliscor|tox\n|move|p1a: Umbreon|Foul Play|p2a: Gliscor\n|-damage|p2a: Gliscor|164/239 tox\n|\n|-heal|p2a: Gliscor|193/239 tox|[from] ability: Poison Heal\n|-damage|p1a: Umbreon|94/100 tox|[from] psn\n|upkeep\n|turn|2\n|inactive|Time left: 300 sec this turn | 300 sec total\n|\n|t:|1783535424\n|switch|p1a: Drednaw|Drednaw, L81, M|100/100\n|move|p2a: Gliscor|Earthquake|p1a: Drednaw\n|-supereffective|p1a: Drednaw\n|-damage|p1a: Drednaw|38/100\n|\n|-heal|p2a: Gliscor|222/239 tox|[from] ability: Poison Heal\n|upkeep\n|turn|3\n|inactive|Time left: 300 sec this turn | 300 sec total\n|\n|t:|1783535425\n|-terastallize|p1a: Drednaw|Water\n|move|p2a: Gliscor|Earthquake|p1a: Drednaw\n|-damage|p1a: Drednaw|9/100\n|move|p1a: Drednaw|Liquidation|p2a: Gliscor\n|-supereffective|p2a: Gliscor\n|-damage|p2a: Gliscor|18/239 tox\n|\n|-heal|p2a: Gliscor|47/239 tox|[from] ability: Poison Heal\n|upkeep\n|turn|4\n|inactive|Time left: 300 sec this turn | 300 sec total\n|\n|t:|1783535426\n|switch|p1a: Tsareena|Tsareena, L87, F|100/100\n|move|p2a: Gliscor|Earthquake|p1a: Tsareena\n|-resisted|p1a: Tsareena\n|-damage|p1a: Tsareena|86/100\n|\n|-heal|p2a: Gliscor|76/239 tox|[from] ability: Poison Heal\n|upkeep\n|turn|5\n|inactive|Time left: 300 sec this turn | 300 sec total\n|\n|t:|1783535427\n|move|p2a: Gliscor|Protect|p2a: Gliscor\n|-singleturn|p2a: Gliscor|Protect\n|move|p1a: Tsareena|Power Whip|p2a: Gliscor\n|-activate|p2a: Gliscor|move: Protect\n|\n|-heal|p2a: Gliscor|105/239 tox|[from] ability: Poison Heal\n|upkeep\n|turn|6\n|inactive|Time left: 300 sec this turn | 300 sec total\n|\n|t:|1783535428\n|switch|p2a: Zekrom|Zekrom, L71|259/259\n|-ability|p2a: Zekrom|Teravolt\n|move|p1a: Tsareena|Power Whip|p2a: Zekrom\n|-resisted|p2a: Zekrom\n|-damage|p2a: Zekrom|186/259\n|\n|-heal|p2a: Zekrom|202/259|[from] item: Leftovers\n|upkeep\n|turn|7\n|inactive|Time left: 300 sec this turn | 300 sec total\n|\n|t:|1783535429\n|move|p1a: Tsareena|U-turn|p2a: Zekrom\n|-damage|p2a: Zekrom|147/259\n|\n|t:|1783535430\n|switch|p1a: Golurk|Golurk, L87|100/100|[from] U-turn\n|move|p2a: Zekrom|Dragon Dance|p2a: Zekrom\n|-boost|p2a: Zekrom|atk|1\n|-boost|p2a: Zekrom|spe|1\n|\n|-heal|p2a: Zekrom|163/259|[from] item: Leftovers\n|upkeep\n|turn|8\n|inactive|Time left: 300 sec this turn | 300 sec total\n|\n|t:|1783535431\n|move|p2a: Zekrom|Outrage|p1a: Golurk\n|-damage|p1a: Golurk|33/100\n|move|p1a: Golurk|Poltergeist|p2a: Zekrom\n|-activate|p2a: Zekrom|move: Poltergeist|Leftovers\n|-damage|p2a: Zekrom|0 fnt\n|faint|p2a: Zekrom\n|\n|upkeep\n|inactive|Time left: 300 sec this turn | 300 sec total | 5 sec grace\n|\n|t:|1783535432\n|switch|p2a: Ambipom|Ambipom, L84, F|263/263\n|turn|9\n|inactive|Time left: 300 sec this turn | 300 sec total\n|\n|t:|1783535433\n|switch|p1a: Golduck|Golduck, L90, M|100/100\n|-ability|p1a: Golduck|Cloud Nine\n|move|p2a: Ambipom|Triple Axel|p1a: Golduck\n|-resisted|p1a: Golduck\n|-damage|p1a: Golduck|95/100\n|-resisted|p1a: Golduck\n|-damage|p1a: Golduck|84/100\n|-hitcount|p1a: Golduck|2\n|\n|-heal|p1a: Golduck|90/100|[from] item: Leftovers\n|upkeep\n|turn|10\n|inactive|Time left: 300 sec this turn | 300 sec total\n|\n|t:|1783535434\n|move|p2a: Ambipom|Triple Axel|p1a: Golduck\n|-resisted|p1a: Golduck\n|-damage|p1a: Golduck|84/100\n|-resisted|p1a: Golduck\n|-damage|p1a: Golduck|72/100\n|-resisted|p1a: Golduck\n|-damage|p1a: Golduck|55/100\n|-hitcount|p1a: Golduck|3\n|move|p1a: Golduck|Hydro Pump|p2a: Ambipom|[miss]\n|-miss|p1a: Golduck|p2a: Ambipom\n|\n|-heal|p1a: Golduck|61/100|[from] item: Leftovers\n|upkeep\n|turn|11\n|inactive|Time left: 300 sec this turn | 300 sec total\n|\n|t:|1783535435\n|move|p2a: Ambipom|Triple Axel|p1a: Golduck\n|-resisted|p1a: Golduck\n|-damage|p1a: Golduck|56/100\n|-resisted|p1a: Golduck\n|-damage|p1a: Golduck|45/100\n|-resisted|p1a: Golduck\n|-damage|p1a: Golduck|30/100\n|-hitcount|p1a: Golduck|3\n|move|p1a: Golduck|Hydro Pump|p2a: Ambipom\n|-damage|p2a: Ambipom|112/263\n|\n|-heal|p1a: Golduck|36/100|[from] item: Leftovers\n|upkeep\n|turn|12\n|inactive|Time left: 300 sec this turn | 300 sec total\n|\n|t:|1783535436\n|-terastallize|p2a: Ambipom|Ice\n|move|p2a: Ambipom|Triple Axel|p1a: Golduck\n|-resisted|p1a: Golduck\n|-damage|p1a: Golduck|28/100\n|-hitcount|p1a: Golduck|1\n|move|p1a: Golduck|Hydro Pump|p2a: Ambipom\n|-damage|p2a: Ambipom|0 fnt\n|faint|p2a: Ambipom\n|\n|-heal|p1a: Golduck|34/100|[from] item: Leftovers\n|upkeep\n|inactive|Time left: 300 sec this turn | 300 sec total | 5 sec grace\n|\n|t:|1783535437\n|switch|p2a: Iron Valiant|Iron Valiant, L78|244/244\n|turn|13\n|inactive|Time left: 300 sec this turn | 300 sec total\n|\n|t:|1783535438\n|switch|p1a: Dedenne|Dedenne, L88, M|100/100\n|move|p2a: Iron Valiant|Moonblast|p1a: Dedenne\n|-damage|p1a: Dedenne|43/100\n|-unboost|p1a: Dedenne|spa|1\n|-enditem|p1a: Dedenne|Sitrus Berry|[eat]\n|-heal|p1a: Dedenne|68/100|[from] item: Sitrus Berry\n|-heal|p1a: Dedenne|100/100|[from] ability: Cheek Pouch\n|-damage|p2a: Iron Valiant|220/244|[from] item: Life Orb\n|\n|upkeep\n|turn|14\n|inactive|Time left: 300 sec this turn | 300 sec total\n|\n|t:|1783535439\n|move|p1a: Dedenne|Dazzling Gleam|p2a: Iron Valiant\n|-supereffective|p2a: Iron Valiant\n|-damage|p2a: Iron Valiant|62/244\n|move|p2a: Iron Valiant|Moonblast|p1a: Dedenne\n|-damage|p1a: Dedenne|35/100\n|-damage|p2a: Iron Valiant|38/244|[from] item: Life Orb\n|\n|upkeep\n|turn|15\n|inactive|Time left: 300 sec this turn | 300 sec total\n|\n|t:|1783535440\n|-end|p2a: Iron Valiant|Quark Drive|[silent]\n|switch|p2a: Gliscor|Gliscor, L76, M|105/239 tox\n|move|p1a: Dedenne|Dazzling Gleam|p2a: Gliscor\n|-crit|p2a: Gliscor\n|-damage|p2a: Gliscor|0 fnt\n|faint|p2a: Gliscor\n|\n|upkeep\n|inactive|Time left: 300 sec this turn | 300 sec total | 5 sec grace\n|\n|t:|1783535441\n|switch|p2a: Chien-Pao|Chien-Pao, L72|234/234\n|-ability|p2a: Chien-Pao|Sword of Ruin\n|turn|16\n|inactive|Time left: 300 sec this turn | 300 sec total\n|\n|t:|1783535442\n|move|p2a: Chien-Pao|Icicle Crash|p1a: Dedenne\n|-damage|p1a: Dedenne|0 fnt\n|faint|p1a: Dedenne\n|\n|upkeep\n|\n|t:|1783535443\n|switch|p1a: Golduck|Golduck, L90, M|34/100\n|-ability|p1a: Golduck|Cloud Nine\n|turn|17\n|inactive|Time left: 300 sec this turn | 300 sec total\n|\n|t:|1783535444\n|move|p2a: Chien-Pao|Throat Chop|p1a: Golduck\n|-damage|p1a: Golduck|0 fnt\n|faint|p1a: Golduck\n|\n|upkeep\n|\n|t:|1783535445\n|switch|p1a: Tsareena|Tsareena, L87, F|86/100\n|turn|18\n|inactive|Time left: 300 sec this turn | 300 sec total\n|\n|t:|1783535446\n|move|p2a: Chien-Pao|Icicle Crash|p1a: Tsareena\n|-supereffective|p1a: Tsareena\n|-damage|p1a: Tsareena|20/100\n|move|p1a: Tsareena|Rapid Spin|p2a: Chien-Pao\n|-damage|p2a: Chien-Pao|175/234\n|-boost|p1a: Tsareena|spe|1\n|\n|upkeep\n|turn|19\n|inactive|Time left: 300 sec this turn | 300 sec total\n|\n|t:|1783535447\n|switch|p2a: Corviknight|Corviknight, L80, M|288/288\n|move|p1a: Tsareena|Power Whip|p2a: Corviknight\n|-resisted|p2a: Corviknight\n|-damage|p2a: Corviknight|249/288\n|\n|-heal|p2a: Corviknight|267/288|[from] item: Leftovers\n|upkeep\n|turn|20\n|inactive|Time left: 300 sec this turn | 300 sec total\n|\n|t:|1783535448\n|move|p1a: Tsareena|Synthesis|p1a: Tsareena\n|-heal|p1a: Tsareena|69/100\n|move|p2a: Corviknight|Brave Bird|p1a: Tsareena\n|-supereffective|p1a: Tsareena\n|-damage|p1a: Tsareena|0 fnt\n|faint|p1a: Tsareena\n|-damage|p2a: Corviknight|206/288|[from] Recoil\n|\n|-heal|p2a: Corviknight|224/288|[from] item: Leftovers\n|upkeep\n|\n|t:|1783535449\n|switch|p1a: Drednaw|Drednaw, L81, M, tera:Water|9/100\n|turn|21\n|inactive|Time left: 300 sec this turn | 300 sec total\n|\n|t:|1783535450\n|move|p1a: Drednaw|Liquidation|p2a: Corviknight\n|-damage|p2a: Corviknight|112/288\n|move|p2a: Corviknight|Brave Bird|p1a: Drednaw\n|-damage|p1a: Drednaw|0 fnt\n|faint|p1a: Drednaw\n|-damage|p2a: Corviknight|104/288|[from] Recoil\n|\n|-heal|p2a: Corviknight|122/288|[from] item: Leftovers\n|upkeep\n|\n|t:|1783535451\n|switch|p1a: Umbreon|Umbreon, L84, M|94/100 tox\n|turn|22\n|inactive|Time left: 300 sec this turn | 300 sec total\n|\n|t:|1783535452\n|move|p1a: Umbreon|Foul Play|p2a: Corviknight\n|-damage|p2a: Corviknight|38/288\n|move|p2a: Corviknight|Roost|p2a: Corviknight\n|-heal|p2a: Corviknight|182/288\n|-singleturn|p2a: Corviknight|move: Roost\n|\n|-heal|p1a: Umbreon|100/100 tox|[from] item: Leftovers\n|-heal|p2a: Corviknight|200/288|[from] item: Leftovers\n|-damage|p1a: Umbreon|94/100 tox|[from] psn\n|upkeep\n|turn|23\n|inactive|Time left: 300 sec this turn | 300 sec total\n|\n|t:|1783535453\n|move|p1a: Umbreon|Wish|p1a: Umbreon\n|move|p2a: Corviknight|Roost|p2a: Corviknight\n|-heal|p2a: Corviknight|288/288\n|-singleturn|p2a: Corviknight|move: Roost\n|\n|-heal|p1a: Umbreon|100/100 tox|[from] item: Leftovers\n|-damage|p1a: Umbreon|88/100 tox|[from] psn\n|upkeep\n|turn|24\n|inactive|Time left: 300 sec this turn | 300 sec total\n|\n|t:|1783535454\n|move|p1a: Umbreon|Foul Play|p2a: Corviknight\n|-damage|p2a: Corviknight|203/288\n|move|p2a: Corviknight|Brave Bird|p1a: Umbreon\n|-damage|p1a: Umbreon|59/100 tox\n|-damage|p2a: Corviknight|174/288|[from] Recoil\n|\n|-heal|p1a: Umbreon|100/100 tox|[from] move: Wish|[wisher] Umbreon\n|-heal|p2a: Corviknight|192/288|[from] item: Leftovers\n|-damage|p1a: Umbreon|82/100 tox|[from] psn\n|upkeep\n|turn|25\n|inactive|Time left: 300 sec this turn | 300 sec total\n|\n|t:|1783535455\n|move|p1a: Umbreon|Wish|p1a: Umbreon\n|move|p2a: Corviknight|Roost|p2a: Corviknight\n|-heal|p2a: Corviknight|288/288\n|-singleturn|p2a: Corviknight|move: Roost\n|\n|-heal|p1a: Umbreon|88/100 tox|[from] item: Leftovers\n|-damage|p1a: Umbreon|64/100 tox|[from] psn\n|upkeep\n|turn|26\n|inactive|Time left: 300 sec this turn | 300 sec total\n|\n|t:|1783535456\n|move|p1a: Umbreon|Protect|p1a: Umbreon\n|-singleturn|p1a: Umbreon|Protect\n|move|p2a: Corviknight|Brave Bird|p1a: Umbreon\n|-activate|p1a: Umbreon|move: Protect\n|\n|-heal|p1a: Umbreon|100/100 tox|[from] move: Wish|[wisher] Umbreon\n|-damage|p1a: Umbreon|70/100 tox|[from] psn\n|upkeep\n|turn|27\n|inactive|Time left: 300 sec this turn | 300 sec total\n|\n|t:|1783535457\n|switch|p1a: Golurk|Golurk, L87|33/100\n|move|p2a: Corviknight|Brave Bird|p1a: Golurk\n|-damage|p1a: Golurk|0 fnt\n|faint|p1a: Golurk\n|-damage|p2a: Corviknight|256/288|[from] Recoil\n|\n|-heal|p2a: Corviknight|274/288|[from] item: Leftovers\n|upkeep\n|\n|t:|1783535458\n|switch|p1a: Umbreon|Umbreon, L84, M|70/100 tox\n|turn|28\n|inactive|Time left: 300 sec this turn | 300 sec total\n|\n|t:|1783535459\n|switch|p2a: Iron Valiant|Iron Valiant, L78|38/244\n|move|p1a: Umbreon|Wish|p1a: Umbreon\n|\n|-heal|p1a: Umbreon|76/100 tox|[from] item: Leftovers\n|-damage|p1a: Umbreon|70/100 tox|[from] psn\n|upkeep\n|turn|29\n|inactive|Time left: 300 sec this turn | 300 sec total\n|\n|t:|1783535460\n|move|p1a: Umbreon|Protect|p1a: Umbreon\n|-singleturn|p1a: Umbreon|Protect\n|move|p2a: Iron Valiant|Close Combat|p1a: Umbreon\n|-activate|p1a: Umbreon|move: Protect\n|\n|-heal|p1a: Umbreon|100/100 tox|[from] move: Wish|[wisher] Umbreon\n|-damage|p1a: Umbreon|88/100 tox|[from] psn\n|upkeep\n|turn|30\n|inactive|Time left: 300 sec this turn | 300 sec total\n|\n|t:|1783535460\n|move|p1a: Umbreon|Protect|p1a: Umbreon\n|-singleturn|p1a: Umbreon|Protect\n|move|p2a: Iron Valiant|Close Combat|p1a: Umbreon\n|-activate|p1a: Umbreon|move: Protect\n|\n|-heal|p1a: Umbreon|94/100 tox|[from] item: Leftovers\n|-damage|p1a: Umbreon|76/100 tox|[from] psn\n|upkeep\n|turn|31\n|inactive|Time left: 300 sec this turn | 300 sec total\n|\n|t:|1783535461\n|move|p1a: Umbreon|Protect||[still]\n|-fail|p1a: Umbreon\n|move|p2a: Iron Valiant|Moonblast|p1a: Umbreon\n|-supereffective|p1a: Umbreon\n|-damage|p1a: Umbreon|5/100 tox\n|-damage|p2a: Iron Valiant|14/244|[from] item: Life Orb\n|\n|-heal|p1a: Umbreon|11/100 tox|[from] item: Leftovers\n|-damage|p1a: Umbreon|0 fnt|[from] psn\n|faint|p1a: Umbreon\n|\n|win|p0y1447730", "uploadtime": 1783535461, "views": 0, "rating": 0, "private": 0, "password": null, "_winner": "p0y1447730", "_our_name": "p0y1447730"}