{"id": "battle-gen9randombattle-292", "formatid": "gen9randombattle", "format": "[Gen 9] Random Battle", "players": ["p0x292fa8c", "p0y292c12f"], "log": "|init|battle\n|title|p0x292fa8c vs. p0y292c12f\n|j|\u2606p0x292fa8c\n|j|\u2606p0y292c12f\n|t:|1783542960\n|gametype|singles\n|player|p1|p0x292fa8c|266|\n|player|p2|p0y292c12f|1|\n|gen|9\n|tier|[Gen 9] Random Battle\n|rule|Species Clause: Limit one of each Pok\u00e9mon\n|rule|HP Percentage Mod: HP is shown in percentages\n|rule|Sleep Clause Mod: Limit one foe put to sleep\n|rule|Illusion Level Mod: Illusion disguises the Pok\u00e9mon's true level\n|\n|t:|1783542960\n|teamsize|p1|6\n|teamsize|p2|6\n|start\n|switch|p1a: Necrozma|Necrozma, L80|100/100\n|switch|p2a: Cryogonal|Cryogonal, L89|287/287\n|turn|1\n|inactive|Battle timer is ON: inactive players will automatically lose when time's up. (requested by p0y292c12f)\n|inactive|p0x292fa8c also wants the timer to be on.\n|\n|t:|1783542962\n|move|p2a: Cryogonal|Ice Beam|p1a: Necrozma\n|-damage|p1a: Necrozma|61/100\n|move|p1a: Necrozma|Photon Geyser|p2a: Cryogonal\n|-damage|p2a: Cryogonal|200/287\n|\n|-heal|p1a: Necrozma|67/100|[from] item: Leftovers\n|upkeep\n|turn|2\n|inactive|Time left: 300 sec this turn | 300 sec total\n|\n|t:|1783542963\n|move|p2a: Cryogonal|Ice Beam|p1a: Necrozma\n|-damage|p1a: Necrozma|28/100\n|move|p1a: Necrozma|Calm Mind|p1a: Necrozma\n|-boost|p1a: Necrozma|spa|1\n|-boost|p1a: Necrozma|spd|1\n|\n|-heal|p1a: Necrozma|34/100|[from] item: Leftovers\n|upkeep\n|turn|3\n|inactive|Time left: 300 sec this turn | 300 sec total\n|\n|t:|1783542964\n|move|p2a: Cryogonal|Ice Beam|p1a: Necrozma\n|-damage|p1a: Necrozma|7/100\n|move|p1a: Necrozma|Moonlight|p1a: Necrozma\n|-heal|p1a: Necrozma|57/100\n|\n|-heal|p1a: Necrozma|63/100|[from] item: Leftovers\n|upkeep\n|turn|4\n|inactive|Time left: 300 sec this turn | 300 sec total\n|\n|t:|1783542965\n|move|p2a: Cryogonal|Rapid Spin|p1a: Necrozma\n|-damage|p1a: Necrozma|55/100\n|-boost|p2a: Cryogonal|spe|1\n|move|p1a: Necrozma|Photon Geyser|p2a: Cryogonal\n|-damage|p2a: Cryogonal|74/287\n|\n|-heal|p1a: Necrozma|61/100|[from] item: Leftovers\n|upkeep\n|turn|5\n|inactive|Time left: 300 sec this turn | 300 sec total\n|\n|t:|1783542966\n|move|p2a: Cryogonal|Recover|p2a: Cryogonal\n|-heal|p2a: Cryogonal|218/287\n|move|p1a: Necrozma|Photon Geyser|p2a: Cryogonal\n|-damage|p2a: Cryogonal|98/287\n|\n|-heal|p1a: Necrozma|67/100|[from] item: Leftovers\n|upkeep\n|turn|6\n|inactive|Time left: 300 sec this turn | 300 sec total\n|\n|t:|1783542967\n|move|p2a: Cryogonal|Recover|p2a: Cryogonal\n|-heal|p2a: Cryogonal|242/287\n|move|p1a: Necrozma|Photon Geyser|p2a: Cryogonal\n|-damage|p2a: Cryogonal|115/287\n|\n|-heal|p1a: Necrozma|73/100|[from] item: Leftovers\n|upkeep\n|turn|7\n|inactive|Time left: 300 sec this turn | 300 sec total\n|\n|t:|1783542968\n|move|p2a: Cryogonal|Recover|p2a: Cryogonal\n|-heal|p2a: Cryogonal|259/287\n|move|p1a: Necrozma|Photon Geyser|p2a: Cryogonal\n|-damage|p2a: Cryogonal|147/287\n|\n|-heal|p1a: Necrozma|78/100|[from] item: Leftovers\n|upkeep\n|turn|8\n|inactive|Time left: 300 sec this turn | 300 sec total\n|\n|t:|1783542969\n|move|p2a: Cryogonal|Recover|p2a: Cryogonal\n|-heal|p2a: Cryogonal|287/287\n|move|p1a: Necrozma|Photon Geyser|p2a: Cryogonal\n|-damage|p2a: Cryogonal|160/287\n|\n|-heal|p1a: Necrozma|84/100|[from] item: Leftovers\n|upkeep\n|turn|9\n|inactive|Time left: 300 sec this turn | 300 sec total\n|\n|t:|1783542970\n|move|p2a: Cryogonal|Recover|p2a: Cryogonal\n|-heal|p2a: Cryogonal|287/287\n|move|p1a: Necrozma|Photon Geyser|p2a: Cryogonal\n|-crit|p2a: Cryogonal\n|-damage|p2a: Cryogonal|109/287\n|\n|-heal|p1a: Necrozma|90/100|[from] item: Leftovers\n|upkeep\n|turn|10\n|inactive|Time left: 300 sec this turn | 300 sec total\n|\n|t:|1783542971\n|move|p2a: Cryogonal|Recover|p2a: Cryogonal\n|-heal|p2a: Cryogonal|253/287\n|move|p1a: Necrozma|Photon Geyser|p2a: Cryogonal\n|-damage|p2a: Cryogonal|138/287\n|\n|-heal|p1a: Necrozma|96/100|[from] item: Leftovers\n|upkeep\n|turn|11\n|inactive|Time left: 300 sec this turn | 300 sec total\n|\n|t:|1783542972\n|move|p2a: Cryogonal|Recover|p2a: Cryogonal\n|-heal|p2a: Cryogonal|282/287\n|move|p1a: Necrozma|Calm Mind|p1a: Necrozma\n|-boost|p1a: Necrozma|spa|1\n|-boost|p1a: Necrozma|spd|1\n|\n|-heal|p1a: Necrozma|100/100|[from] item: Leftovers\n|upkeep\n|turn|12\n|inactive|Time left: 300 sec this turn | 300 sec total\n|\n|t:|1783542973\n|move|p2a: Cryogonal|Ice Beam|p1a: Necrozma\n|-damage|p1a: Necrozma|83/100\n|move|p1a: Necrozma|Calm Mind|p1a: Necrozma\n|-boost|p1a: Necrozma|spa|1\n|-boost|p1a: Necrozma|spd|1\n|\n|-heal|p1a: Necrozma|89/100|[from] item: Leftovers\n|upkeep\n|turn|13\n|inactive|Time left: 300 sec this turn | 300 sec total\n|\n|t:|1783542974\n|switch|p2a: Clawitzer|Clawitzer, L87, F|265/265\n|move|p1a: Necrozma|Calm Mind|p1a: Necrozma\n|-boost|p1a: Necrozma|spa|1\n|-boost|p1a: Necrozma|spd|1\n|\n|-heal|p1a: Necrozma|95/100|[from] item: Leftovers\n|upkeep\n|turn|14\n|inactive|Time left: 300 sec this turn | 300 sec total\n|\n|t:|1783542976\n|switch|p2a: Cryogonal|Cryogonal, L89|282/287\n|move|p1a: Necrozma|Earth Power|p2a: Cryogonal\n|-immune|p2a: Cryogonal|[from] ability: Levitate\n|\n|-heal|p1a: Necrozma|100/100|[from] item: Leftovers\n|upkeep\n|turn|15\n|inactive|Time left: 300 sec this turn | 300 sec total\n|\n|t:|1783542976\n|move|p2a: Cryogonal|Rapid Spin|p1a: Necrozma\n|-damage|p1a: Necrozma|92/100\n|-boost|p2a: Cryogonal|spe|1\n|move|p1a: Necrozma|Calm Mind|p1a: Necrozma\n|-boost|p1a: Necrozma|spa|1\n|-boost|p1a: Necrozma|spd|1\n|\n|-heal|p1a: Necrozma|98/100|[from] item: Leftovers\n|upkeep\n|turn|16\n|inactive|Time left: 300 sec this turn | 300 sec total\n|\n|t:|1783542977\n|move|p2a: Cryogonal|Rapid Spin|p1a: Necrozma\n|-damage|p1a: Necrozma|90/100\n|-boost|p2a: Cryogonal|spe|1\n|move|p1a: Necrozma|Earth Power|p2a: Cryogonal\n|-immune|p2a: Cryogonal|[from] ability: Levitate\n|\n|-heal|p1a: Necrozma|96/100|[from] item: Leftovers\n|upkeep\n|turn|17\n|inactive|Time left: 300 sec this turn | 300 sec total\n|\n|t:|1783542978\n|move|p2a: Cryogonal|Rapid Spin|p1a: Necrozma\n|-damage|p1a: Necrozma|88/100\n|-boost|p2a: Cryogonal|spe|1\n|move|p1a: Necrozma|Calm Mind|p1a: Necrozma\n|-boost|p1a: Necrozma|spa|1\n|-boost|p1a: Necrozma|spd|1\n|\n|-heal|p1a: Necrozma|94/100|[from] item: Leftovers\n|upkeep\n|turn|18\n|inactive|Time left: 300 sec this turn | 300 sec total\n|\n|t:|1783542979\n|move|p2a: Cryogonal|Rapid Spin|p1a: Necrozma\n|-damage|p1a: Necrozma|85/100\n|-boost|p2a: Cryogonal|spe|1\n|move|p1a: Necrozma|Moonlight|p1a: Necrozma\n|-heal|p1a: Necrozma|100/100\n|\n|upkeep\n|turn|19\n|inactive|Time left: 300 sec this turn | 300 sec total\n|\n|t:|1783542980\n|move|p2a: Cryogonal|Ice Beam|p1a: Necrozma\n|-damage|p1a: Necrozma|90/100\n|move|p1a: Necrozma|Moonlight|p1a: Necrozma\n|-heal|p1a: Necrozma|100/100\n|\n|upkeep\n|turn|20\n|inactive|Time left: 300 sec this turn | 300 sec total\n|\n|t:|1783542981\n|move|p2a: Cryogonal|Rapid Spin|p1a: Necrozma\n|-damage|p1a: Necrozma|93/100\n|-boost|p2a: Cryogonal|spe|1\n|move|p1a: Necrozma|Earth Power|p2a: Cryogonal\n|-immune|p2a: Cryogonal|[from] ability: Levitate\n|\n|-heal|p1a: Necrozma|99/100|[from] item: Leftovers\n|upkeep\n|turn|21\n|inactive|Time left: 300 sec this turn | 300 sec total\n|\n|t:|1783542982\n|move|p2a: Cryogonal|Ice Beam|p1a: Necrozma\n|-damage|p1a: Necrozma|89/100\n|move|p1a: Necrozma|Moonlight|p1a: Necrozma\n|-heal|p1a: Necrozma|100/100\n|\n|upkeep\n|turn|22\n|inactive|Time left: 300 sec this turn | 300 sec total\n|\n|t:|1783542983\n|move|p2a: Cryogonal|Rapid Spin|p1a: Necrozma\n|-damage|p1a: Necrozma|92/100\n|-boost|p2a: Cryogonal|spe|1\n|move|p1a: Necrozma|Moonlight|p1a: Necrozma\n|-heal|p1a: Necrozma|100/100\n|\n|upkeep\n|turn|23\n|inactive|Time left: 300 sec this turn | 300 sec total\n|\n|t:|1783542984\n|move|p2a: Cryogonal|Ice Beam|p1a: Necrozma\n|-damage|p1a: Necrozma|91/100\n|move|p1a: Necrozma|Earth Power|p2a: Cryogonal\n|-immune|p2a: Cryogonal|[from] ability: Levitate\n|\n|-heal|p1a: Necrozma|97/100|[from] item: Leftovers\n|upkeep\n|turn|24\n|inactive|Time left: 300 sec this turn | 300 sec total\n|\n|t:|1783542985\n|move|p2a: Cryogonal|Ice Beam|p1a: Necrozma\n|-damage|p1a: Necrozma|88/100\n|move|p1a: Necrozma|Earth Power|p2a: Cryogonal\n|-immune|p2a: Cryogonal|[from] ability: Levitate\n|\n|-heal|p1a: Necrozma|94/100|[from] item: Leftovers\n|upkeep\n|turn|25\n|inactive|Time left: 300 sec this turn | 300 sec total\n|\n|t:|1783542986\n|move|p2a: Cryogonal|Ice Beam|p1a: Necrozma\n|-damage|p1a: Necrozma|83/100\n|move|p1a: Necrozma|Moonlight|p1a: Necrozma\n|-heal|p1a: Necrozma|100/100\n|\n|upkeep\n|turn|26\n|inactive|Time left: 300 sec this turn | 300 sec total\n|\n|t:|1783542987\n|move|p2a: Cryogonal|Ice Beam|p1a: Necrozma\n|-damage|p1a: Necrozma|90/100\n|move|p1a: Necrozma|Earth Power|p2a: Cryogonal\n|-immune|p2a: Cryogonal|[from] ability: Levitate\n|\n|-heal|p1a: Necrozma|96/100|[from] item: Leftovers\n|upkeep\n|turn|27\n|inactive|Time left: 300 sec this turn | 300 sec total\n|\n|t:|1783542988\n|move|p2a: Cryogonal|Ice Beam|p1a: Necrozma\n|-damage|p1a: Necrozma|86/100\n|move|p1a: Necrozma|Earth Power|p2a: Cryogonal\n|-immune|p2a: Cryogonal|[from] ability: Levitate\n|\n|-heal|p1a: Necrozma|92/100|[from] item: Leftovers\n|upkeep\n|turn|28\n|inactive|Time left: 300 sec this turn | 300 sec total\n|\n|t:|1783542989\n|move|p2a: Cryogonal|Ice Beam|p1a: Necrozma\n|-damage|p1a: Necrozma|82/100\n|-status|p1a: Necrozma|frz\n|cant|p1a: Necrozma|frz\n|\n|-heal|p1a: Necrozma|88/100 frz|[from] item: Leftovers\n|upkeep\n|turn|29\n|inactive|Time left: 300 sec this turn | 300 sec total\n|\n|t:|1783542990\n|move|p2a: Cryogonal|Tera Blast|p1a: Necrozma\n|-damage|p1a: Necrozma|82/100 frz\n|-curestatus|p1a: Necrozma|frz|[msg]\n|move|p1a: Necrozma|Earth Power|p2a: Cryogonal\n|-immune|p2a: Cryogonal|[from] ability: Levitate\n|\n|-heal|p1a: Necrozma|88/100|[from] item: Leftovers\n|upkeep\n|turn|30\n|inactive|Time left: 300 sec this turn | 300 sec total\n|\n|t:|1783542992\n|move|p2a: Cryogonal|Ice Beam|p1a: Necrozma\n|-damage|p1a: Necrozma|79/100\n|move|p1a: Necrozma|Earth Power|p2a: Cryogonal\n|-immune|p2a: Cryogonal|[from] ability: Levitate\n|\n|-heal|p1a: Necrozma|85/100|[from] item: Leftovers\n|upkeep\n|turn|31\n|inactive|Time left: 300 sec this turn | 300 sec total\n|\n|t:|1783542993\n|move|p2a: Cryogonal|Ice Beam|p1a: Necrozma\n|-damage|p1a: Necrozma|75/100\n|move|p1a: Necrozma|Earth Power|p2a: Cryogonal\n|-immune|p2a: Cryogonal|[from] ability: Levitate\n|\n|-heal|p1a: Necrozma|81/100|[from] item: Leftovers\n|upkeep\n|turn|32\n|inactive|Time left: 300 sec this turn | 300 sec total\n|\n|t:|1783542994\n|move|p2a: Cryogonal|Ice Beam|p1a: Necrozma\n|-damage|p1a: Necrozma|73/100\n|move|p1a: Necrozma|Moonlight|p1a: Necrozma\n|-heal|p1a: Necrozma|100/100\n|\n|upkeep\n|turn|33\n|inactive|Time left: 300 sec this turn | 300 sec total\n|\n|t:|1783542995\n|move|p2a: Cryogonal|Recover|p2a: Cryogonal\n|-heal|p2a: Cryogonal|287/287\n|move|p1a: Necrozma|Earth Power|p2a: Cryogonal\n|-immune|p2a: Cryogonal|[from] ability: Levitate\n|\n|upkeep\n|turn|34\n|inactive|Time left: 300 sec this turn | 300 sec total\n|\n|t:|1783542996\n|move|p2a: Cryogonal|Ice Beam|p1a: Necrozma\n|-damage|p1a: Necrozma|91/100\n|move|p1a: Necrozma|Earth Power|p2a: Cryogonal\n|-immune|p2a: Cryogonal|[from] ability: Levitate\n|\n|-heal|p1a: Necrozma|97/100|[from] item: Leftovers\n|upkeep\n|turn|35\n|inactive|Time left: 300 sec this turn | 300 sec total\n|\n|t:|1783542997\n|move|p2a: Cryogonal|Tera Blast|p1a: Necrozma\n|-damage|p1a: Necrozma|91/100\n|move|p1a: Necrozma|Earth Power|p2a: Cryogonal\n|-immune|p2a: Cryogonal|[from] ability: Levitate\n|\n|-heal|p1a: Necrozma|97/100|[from] item: Leftovers\n|upkeep\n|turn|36\n|inactive|Time left: 300 sec this turn | 300 sec total\n|\n|t:|1783542998\n|move|p2a: Cryogonal|Tera Blast|p1a: Necrozma\n|-damage|p1a: Necrozma|91/100\n|move|p1a: Necrozma|Earth Power|p2a: Cryogonal\n|-immune|p2a: Cryogonal|[from] ability: Levitate\n|\n|-heal|p1a: Necrozma|97/100|[from] item: Leftovers\n|upkeep\n|turn|37\n|inactive|Time left: 300 sec this turn | 300 sec total\n|\n|t:|1783542999\n|move|p2a: Cryogonal|Tera Blast|p1a: Necrozma\n|-damage|p1a: Necrozma|91/100\n|move|p1a: Necrozma|Calm Mind|p1a: Necrozma\n|-boost|p1a: Necrozma|spa|0\n|-boost|p1a: Necrozma|spd|0\n|\n|-heal|p1a: Necrozma|97/100|[from] item: Leftovers\n|upkeep\n|turn|38\n|inactive|Time left: 300 sec this turn | 300 sec total\n|\n|t:|1783543000\n|move|p2a: Cryogonal|Rapid Spin|p1a: Necrozma\n|-damage|p1a: Necrozma|88/100\n|move|p1a: Necrozma|Calm Mind|p1a: Necrozma\n|-boost|p1a: Necrozma|spa|0\n|-boost|p1a: Necrozma|spd|0\n|\n|-heal|p1a: Necrozma|94/100|[from] item: Leftovers\n|upkeep\n|turn|39\n|inactive|Time left: 300 sec this turn | 300 sec total\n|\n|t:|1783543001\n|move|p2a: Cryogonal|Rapid Spin|p1a: Necrozma\n|-damage|p1a: Necrozma|86/100\n|move|p1a: Necrozma|Calm Mind|p1a: Necrozma\n|-boost|p1a: Necrozma|spa|0\n|-boost|p1a: Necrozma|spd|0\n|\n|-heal|p1a: Necrozma|92/100|[from] item: Leftovers\n|upkeep\n|turn|40\n|inactive|Time left: 300 sec this turn | 300 sec total\n|\n|t:|1783543002\n|move|p2a: Cryogonal|Tera Blast|p1a: Necrozma\n|-damage|p1a: Necrozma|86/100\n|move|p1a: Necrozma|Earth Power|p2a: Cryogonal\n|-immune|p2a: Cryogonal|[from] ability: Levitate\n|\n|-heal|p1a: Necrozma|92/100|[from] item: Leftovers\n|upkeep\n|turn|41\n|inactive|Time left: 300 sec this turn | 300 sec total\n|\n|t:|1783543003\n|move|p2a: Cryogonal|Rapid Spin|p1a: Necrozma\n|-damage|p1a: Necrozma|83/100\n|move|p1a: Necrozma|Calm Mind|p1a: Necrozma\n|-boost|p1a: Necrozma|spa|0\n|-boost|p1a: Necrozma|spd|0\n|\n|-heal|p1a: Necrozma|89/100|[from] item: Leftovers\n|upkeep\n|turn|42\n|inactive|Time left: 300 sec this turn | 300 sec total\n|\n|t:|1783543004\n|move|p2a: Cryogonal|Rapid Spin|p1a: Necrozma\n|-damage|p1a: Necrozma|81/100\n|move|p1a: Necrozma|Calm Mind|p1a: Necrozma\n|-boost|p1a: Necrozma|spa|0\n|-boost|p1a: Necrozma|spd|0\n|\n|-heal|p1a: Necrozma|87/100|[from] item: Leftovers\n|upkeep\n|turn|43\n|inactive|Time left: 300 sec this turn | 300 sec total\n|\n|t:|1783543005\n|move|p2a: Cryogonal|Rapid Spin|p1a: Necrozma\n|-damage|p1a: Necrozma|78/100\n|move|p1a: Necrozma|Calm Mind|p1a: Necrozma\n|-boost|p1a: Necrozma|spa|0\n|-boost|p1a: Necrozma|spd|0\n|\n|-heal|p1a: Necrozma|84/100|[from] item: Leftovers\n|upkeep\n|turn|44\n|inactive|Time left: 300 sec this turn | 300 sec total\n|\n|t:|1783543007\n|move|p2a: Cryogonal|Rapid Spin|p1a: Necrozma\n|-damage|p1a: Necrozma|77/100\n|move|p1a: Necrozma|Calm Mind|p1a: Necrozma\n|-boost|p1a: Necrozma|spa|0\n|-boost|p1a: Necrozma|spd|0\n|\n|-heal|p1a: Necrozma|83/100|[from] item: Leftovers\n|upkeep\n|turn|45\n|inactive|Time left: 300 sec this turn | 300 sec total\n|\n|t:|1783543008\n|move|p2a: Cryogonal|Tera Blast|p1a: Necrozma\n|-damage|p1a: Necrozma|76/100\n|move|p1a: Necrozma|Calm Mind|p1a: Necrozma\n|-boost|p1a: Necrozma|spa|0\n|-boost|p1a: Necrozma|spd|0\n|\n|-heal|p1a: Necrozma|82/100|[from] item: Leftovers\n|upkeep\n|turn|46\n|inactive|Time left: 300 sec this turn | 300 sec total\n|\n|t:|1783543009\n|move|p2a: Cryogonal|Rapid Spin|p1a: Necrozma\n|-damage|p1a: Necrozma|75/100\n|move|p1a: Necrozma|Calm Mind|p1a: Necrozma\n|-boost|p1a: Necrozma|spa|0\n|-boost|p1a: Necrozma|spd|0\n|\n|-heal|p1a: Necrozma|81/100|[from] item: Leftovers\n|upkeep\n|turn|47\n|inactive|Time left: 300 sec this turn | 300 sec total\n|\n|t:|1783543010\n|move|p2a: Cryogonal|Tera Blast|p1a: Necrozma\n|-damage|p1a: Necrozma|74/100\n|move|p1a: Necrozma|Calm Mind|p1a: Necrozma\n|-boost|p1a: Necrozma|spa|0\n|-boost|p1a: Necrozma|spd|0\n|\n|-heal|p1a: Necrozma|80/100|[from] item: Leftovers\n|upkeep\n|turn|48\n|inactive|Time left: 300 sec this turn | 300 sec total\n|\n|t:|1783543011\n|move|p2a: Cryogonal|Tera Blast|p1a: Necrozma\n|-damage|p1a: Necrozma|75/100\n|move|p1a: Necrozma|Calm Mind|p1a: Necrozma\n|-boost|p1a: Necrozma|spa|0\n|-boost|p1a: Necrozma|spd|0\n|\n|-heal|p1a: Necrozma|81/100|[from] item: Leftovers\n|upkeep\n|turn|49\n|inactive|Time left: 300 sec this turn | 300 sec total\n|\n|t:|1783543013\n|move|p2a: Cryogonal|Tera Blast|p1a: Necrozma\n|-damage|p1a: Necrozma|75/100\n|move|p1a: Necrozma|Calm Mind|p1a: Necrozma\n|-boost|p1a: Necrozma|spa|0\n|-boost|p1a: Necrozma|spd|0\n|\n|-heal|p1a: Necrozma|81/100|[from] item: Leftovers\n|upkeep\n|turn|50\n|inactive|Time left: 300 sec this turn | 300 sec total\n|\n|t:|1783543014\n|move|p2a: Cryogonal|Rapid Spin|p1a: Necrozma\n|-damage|p1a: Necrozma|72/100\n|move|p1a: Necrozma|Calm Mind|p1a: Necrozma\n|-boost|p1a: Necrozma|spa|0\n|-boost|p1a: Necrozma|spd|0\n|\n|-heal|p1a: Necrozma|78/100|[from] item: Leftovers\n|upkeep\n|turn|51\n|inactive|Time left: 300 sec this turn | 300 sec total\n|\n|t:|1783543015\n|move|p2a: Cryogonal|Rapid Spin|p1a: Necrozma\n|-damage|p1a: Necrozma|70/100\n|move|p1a: Necrozma|Calm Mind|p1a: Necrozma\n|-boost|p1a: Necrozma|spa|0\n|-boost|p1a: Necrozma|spd|0\n|\n|-heal|p1a: Necrozma|76/100|[from] item: Leftovers\n|upkeep\n|turn|52\n|inactive|Time left: 300 sec this turn | 300 sec total\n|\n|t:|1783543016\n|move|p2a: Cryogonal|Tera Blast|p1a: Necrozma\n|-damage|p1a: Necrozma|70/100\n|move|p1a: Necrozma|Moonlight|p1a: Necrozma\n|-heal|p1a: Necrozma|100/100\n|\n|upkeep\n|turn|53\n|inactive|Time left: 300 sec this turn | 300 sec total\n|\n|t:|1783543017\n|move|p2a: Cryogonal|Tera Blast|p1a: Necrozma\n|-damage|p1a: Necrozma|95/100\n|move|p1a: Necrozma|Calm Mind|p1a: Necrozma\n|-boost|p1a: Necrozma|spa|0\n|-boost|p1a: Necrozma|spd|0\n|\n|-heal|p1a: Necrozma|100/100|[from] item: Leftovers\n|upkeep\n|turn|54\n|inactive|Time left: 300 sec this turn | 300 sec total\n|\n|t:|1783543019\n|move|p2a: Cryogonal|Rapid Spin|p1a: Necrozma\n|-damage|p1a: Necrozma|92/100\n|move|p1a: Necrozma|Calm Mind|p1a: Necrozma\n|-boost|p1a: Necrozma|spa|0\n|-boost|p1a: Necrozma|spd|0\n|\n|-heal|p1a: Necrozma|98/100|[from] item: Leftovers\n|upkeep\n|turn|55\n|inactive|Time left: 300 sec this turn | 300 sec total\n|\n|t:|1783543020\n|move|p2a: Cryogonal|Tera Blast|p1a: Necrozma\n|-damage|p1a: Necrozma|92/100\n|move|p1a: Necrozma|Calm Mind|p1a: Necrozma\n|-boost|p1a: Necrozma|spa|0\n|-boost|p1a: Necrozma|spd|0\n|\n|-heal|p1a: Necrozma|98/100|[from] item: Leftovers\n|upkeep\n|turn|56\n|inactive|Time left: 300 sec this turn | 300 sec total\n|\n|t:|1783543021\n|move|p2a: Cryogonal|Rapid Spin|p1a: Necrozma\n|-damage|p1a: Necrozma|90/100\n|move|p1a: Necrozma|Calm Mind|p1a: Necrozma\n|-boost|p1a: Necrozma|spa|0\n|-boost|p1a: Necrozma|spd|0\n|\n|-heal|p1a: Necrozma|96/100|[from] item: Leftovers\n|upkeep\n|turn|57\n|inactive|Time left: 300 sec this turn | 300 sec total\n|\n|t:|1783543022\n|move|p2a: Cryogonal|Tera Blast|p1a: Necrozma\n|-crit|p1a: Necrozma\n|-damage|p1a: Necrozma|62/100\n|move|p1a: Necrozma|Calm Mind|p1a: Necrozma\n|-boost|p1a: Necrozma|spa|0\n|-boost|p1a: Necrozma|spd|0\n|\n|-heal|p1a: Necrozma|68/100|[from] item: Leftovers\n|upkeep\n|turn|58\n|inactive|Time left: 300 sec this turn | 300 sec total\n|\n|t:|1783543023\n|move|p2a: Cryogonal|Tera Blast|p1a: Necrozma\n|-damage|p1a: Necrozma|62/100\n|move|p1a: Necrozma|Calm Mind|p1a: Necrozma\n|-boost|p1a: Necrozma|spa|0\n|-boost|p1a: Necrozma|spd|0\n|\n|-heal|p1a: Necrozma|68/100|[from] item: Leftovers\n|upkeep\n|turn|59\n|inactive|Time left: 300 sec this turn | 300 sec total\n|\n|t:|1783543024\n|move|p2a: Cryogonal|Tera Blast|p1a: Necrozma\n|-damage|p1a: Necrozma|61/100\n|move|p1a: Necrozma|Calm Mind|p1a: Necrozma\n|-boost|p1a: Necrozma|spa|0\n|-boost|p1a: Necrozma|spd|0\n|\n|-heal|p1a: Necrozma|67/100|[from] item: Leftovers\n|upkeep\n|turn|60\n|inactive|Time left: 300 sec this turn | 300 sec total\n|\n|t:|1783543025\n|move|p2a: Cryogonal|Rapid Spin|p1a: Necrozma\n|-damage|p1a: Necrozma|58/100\n|move|p1a: Necrozma|Calm Mind|p1a: Necrozma\n|-boost|p1a: Necrozma|spa|0\n|-boost|p1a: Necrozma|spd|0\n|\n|-heal|p1a: Necrozma|64/100|[from] item: Leftovers\n|upkeep\n|turn|61\n|inactive|Time left: 300 sec this turn | 300 sec total\n|\n|t:|1783543026\n|move|p2a: Cryogonal|Rapid Spin|p1a: Necrozma\n|-damage|p1a: Necrozma|55/100\n|move|p1a: Necrozma|Calm Mind|p1a: Necrozma\n|-boost|p1a: Necrozma|spa|0\n|-boost|p1a: Necrozma|spd|0\n|\n|-heal|p1a: Necrozma|61/100|[from] item: Leftovers\n|upkeep\n|turn|62\n|inactive|Time left: 300 sec this turn | 300 sec total\n|\n|t:|1783543027\n|move|p2a: Cryogonal|Rapid Spin|p1a: Necrozma\n|-damage|p1a: Necrozma|53/100\n|move|p1a: Necrozma|Calm Mind|p1a: Necrozma\n|-boost|p1a: Necrozma|spa|0\n|-boost|p1a: Necrozma|spd|0\n|\n|-heal|p1a: Necrozma|59/100|[from] item: Leftovers\n|upkeep\n|turn|63\n|inactive|Time left: 300 sec this turn | 300 sec total\n|\n|t:|1783543028\n|move|p2a: Cryogonal|Rapid Spin|p1a: Necrozma\n|-damage|p1a: Necrozma|51/100\n|move|p1a: Necrozma|Calm Mind|p1a: Necrozma\n|-boost|p1a: Necrozma|spa|0\n|-boost|p1a: Necrozma|spd|0\n|\n|-heal|p1a: Necrozma|57/100|[from] item: Leftovers\n|upkeep\n|turn|64\n|inactive|Time left: 300 sec this turn | 300 sec total\n|\n|t:|1783543029\n|switch|p1a: Polteageist|Polteageist-Antique, L78|100/100\n|move|p2a: Cryogonal|Rapid Spin|p1a: Polteageist\n|-immune|p1a: Polteageist\n|\n|upkeep\n|turn|65\n|inactive|Time left: 300 sec this turn | 300 sec total\n|\n|t:|1783543030\n|move|p2a: Cryogonal|Rapid Spin|p1a: Polteageist\n|-immune|p1a: Polteageist\n|move|p1a: Polteageist|Shell Smash|p1a: Polteageist\n|-unboost|p1a: Polteageist|def|1\n|-unboost|p1a: Polteageist|spd|1\n|-boost|p1a: Polteageist|atk|2\n|-boost|p1a: Polteageist|spa|2\n|-boost|p1a: Polteageist|spe|2\n|-enditem|p1a: Polteageist|White Herb\n|-clearnegativeboost|p1a: Polteageist|[silent]\n|\n|upkeep\n|turn|66\n|inactive|Time left: 300 sec this turn | 300 sec total\n|\n|t:|1783543031\n|switch|p2a: Farigiraf|Farigiraf, L90, M|362/362\n|move|p1a: Polteageist|Stored Power|p2a: Farigiraf\n|-resisted|p2a: Farigiraf\n|-damage|p2a: Farigiraf|230/362\n|\n|-heal|p2a: Farigiraf|252/362|[from] item: Leftovers\n|upkeep\n|turn|67\n|inactive|Time left: 300 sec this turn | 300 sec total\n|\n|t:|1783543032\n|move|p1a: Polteageist|Shell Smash|p1a: Polteageist\n|-unboost|p1a: Polteageist|def|1\n|-unboost|p1a: Polteageist|spd|1\n|-boost|p1a: Polteageist|atk|2\n|-boost|p1a: Polteageist|spa|2\n|-boost|p1a: Polteageist|spe|2\n|move|p2a: Farigiraf|Psychic Noise|p1a: Polteageist\n|-damage|p1a: Polteageist|38/100\n|-start|p1a: Polteageist|move: Heal Block\n|\n|-heal|p2a: Farigiraf|274/362|[from] item: Leftovers\n|upkeep\n|turn|68\n|inactive|Time left: 300 sec this turn | 300 sec total\n|\n|t:|1783543033\n|move|p2a: Farigiraf|Protect|p2a: Farigiraf\n|-singleturn|p2a: Farigiraf|Protect\n|move|p1a: Polteageist|Stored Power|p2a: Farigiraf\n|-activate|p2a: Farigiraf|move: Protect\n|\n|-heal|p2a: Farigiraf|296/362|[from] item: Leftovers\n|-end|p1a: Polteageist|move: Heal Block\n|upkeep\n|turn|69\n|inactive|Time left: 300 sec this turn | 300 sec total\n|\n|t:|1783543033\n|move|p2a: Farigiraf|Protect||[still]\n|-fail|p2a: Farigiraf\n|move|p1a: Polteageist|Stored Power|p2a: Farigiraf\n|-resisted|p2a: Farigiraf\n|-damage|p2a: Farigiraf|0 fnt\n|faint|p2a: Farigiraf\n|\n|upkeep\n|inactive|Time left: 300 sec this turn | 300 sec total | 5 sec grace\n|\n|t:|1783543034\n|switch|p2a: Meganium|Meganium, L90, M|290/290\n|turn|70\n|inactive|Time left: 300 sec this turn | 300 sec total\n|\n|t:|1783543035\n|-terastallize|p2a: Meganium|Steel\n|move|p1a: Polteageist|Stored Power|p2a: Meganium\n|-resisted|p2a: Meganium\n|-damage|p2a: Meganium|21/290\n|move|p2a: Meganium|Petal Blizzard|p1a: Polteageist\n|-crit|p1a: Polteageist\n|-damage|p1a: Polteageist|0 fnt\n|faint|p1a: Polteageist\n|\n|-heal|p2a: Meganium|39/290|[from] item: Leftovers\n|upkeep\n|\n|t:|1783543036\n|switch|p1a: Zamazenta|Zamazenta-Crowned, L68|100/100\n|-ability|p1a: Zamazenta|Dauntless Shield|boost\n|-boost|p1a: Zamazenta|def|1\n|turn|71\n|inactive|Time left: 300 sec this turn | 300 sec total\n|\n|t:|1783543037\n|switch|p2a: Sandy Shocks|Sandy Shocks, L80|267/267\n|move|p1a: Zamazenta|Body Press|p2a: Sandy Shocks\n|-damage|p2a: Sandy Shocks|153/267\n|\n|-heal|p2a: Sandy Shocks|169/267|[from] item: Leftovers\n|upkeep\n|turn|72\n|inactive|Time left: 300 sec this turn | 300 sec total\n|\n|t:|1783543038\n|move|p1a: Zamazenta|Body Press|p2a: Sandy Shocks\n|-damage|p2a: Sandy Shocks|57/267\n|move|p2a: Sandy Shocks|Earth Power|p1a: Zamazenta\n|-supereffective|p1a: Zamazenta\n|-damage|p1a: Zamazenta|20/100\n|-unboost|p1a: Zamazenta|spd|1\n|\n|-heal|p2a: Sandy Shocks|73/267|[from] item: Leftovers\n|upkeep\n|turn|73\n|inactive|Time left: 300 sec this turn | 300 sec total\n|\n|t:|1783543039\n|-end|p2a: Sandy Shocks|Protosynthesis|[silent]\n|switch|p2a: Clawitzer|Clawitzer, L87, F|265/265\n|move|p1a: Zamazenta|Body Press|p2a: Clawitzer\n|-damage|p2a: Clawitzer|156/265\n|\n|upkeep\n|turn|74\n|inactive|Time left: 300 sec this turn | 300 sec total\n|\n|t:|1783543040\n|move|p1a: Zamazenta|Body Press|p2a: Clawitzer\n|-damage|p2a: Clawitzer|48/265\n|move|p2a: Clawitzer|Water Pulse|p1a: Zamazenta\n|-damage|p1a: Zamazenta|0 fnt\n|faint|p1a: Zamazenta\n|\n|upkeep\n|\n|t:|1783543041\n|switch|p1a: Meloetta|Meloetta, L82|100/100\n|turn|75\n|inactive|Time left: 300 sec this turn | 300 sec total\n|\n|t:|1783543042\n|move|p1a: Meloetta|Calm Mind|p1a: Meloetta\n|-boost|p1a: Meloetta|spa|1\n|-boost|p1a: Meloetta|spd|1\n|move|p2a: Clawitzer|U-turn|p1a: Meloetta\n|-supereffective|p1a: Meloetta\n|-damage|p1a: Meloetta|70/100\n|inactive|Time left: 300 sec this turn | 300 sec total | 5 sec grace\n|\n|t:|1783543043\n|switch|p2a: Meganium|Meganium, L90, M, tera:Steel|39/290|[from] U-turn\n|\n|-heal|p1a: Meloetta|76/100|[from] item: Leftovers\n|-heal|p2a: Meganium|57/290|[from] item: Leftovers\n|upkeep\n|turn|76\n|inactive|Time left: 300 sec this turn | 300 sec total\n|\n|t:|1783543044\n|move|p2a: Meganium|Knock Off|p1a: Meloetta\n|-supereffective|p1a: Meloetta\n|-damage|p1a: Meloetta|27/100\n|-enditem|p1a: Meloetta|Leftovers|[from] move: Knock Off|[of] p2a: Meganium\n|move|p1a: Meloetta|Psyshock|p2a: Meganium\n|-resisted|p2a: Meganium\n|-damage|p2a: Meganium|0 fnt\n|faint|p2a: Meganium\n|\n|upkeep\n|inactive|Time left: 300 sec this turn | 300 sec total | 5 sec grace\n|\n|t:|1783543045\n|switch|p2a: Breloom|Breloom, L83, F|235/235\n|turn|77\n|inactive|Time left: 300 sec this turn | 300 sec total\n|\n|t:|1783543046\n|switch|p1a: Dipplin|Dipplin, L88, M|100/100\n|move|p2a: Breloom|Mach Punch|p1a: Dipplin\n|-damage|p1a: Dipplin|81/100\n|-damage|p2a: Breloom|212/235|[from] item: Life Orb\n|\n|upkeep\n|turn|78\n|inactive|Time left: 300 sec this turn | 300 sec total\n|\n|t:|1783543047\n|move|p2a: Breloom|Rock Tomb|p1a: Dipplin\n|-damage|p1a: Dipplin|62/100\n|-unboost|p1a: Dipplin|spe|1\n|-damage|p2a: Breloom|189/235|[from] item: Life Orb\n|move|p1a: Dipplin|Dragon Pulse|p2a: Breloom\n|-damage|p2a: Breloom|57/235\n|\n|upkeep\n|turn|79\n|inactive|Time left: 300 sec this turn | 300 sec total\n|\n|t:|1783543048\n|move|p2a: Breloom|Rock Tomb|p1a: Dipplin\n|-damage|p1a: Dipplin|42/100\n|-unboost|p1a: Dipplin|spe|1\n|-damage|p2a: Breloom|34/235|[from] item: Life Orb\n|move|p1a: Dipplin|Giga Drain|p2a: Breloom\n|-resisted|p2a: Breloom\n|-damage|p2a: Breloom|0 fnt\n|-heal|p1a: Dipplin|48/100|[from] drain|[of] p2a: Breloom\n|faint|p2a: Breloom\n|\n|upkeep\n|inactive|Time left: 300 sec this turn | 300 sec total | 5 sec grace\n|\n|t:|1783543050\n|switch|p2a: Clawitzer|Clawitzer, L87, F|48/265\n|turn|80\n|inactive|Time left: 300 sec this turn | 300 sec total\n|\n|t:|1783543051\n|switch|p1a: Necrozma|Necrozma, L80|57/100\n|move|p2a: Clawitzer|Dragon Pulse|p1a: Necrozma\n|-damage|p1a: Necrozma|15/100\n|\n|-heal|p1a: Necrozma|21/100|[from] item: Leftovers\n|upkeep\n|turn|81\n|inactive|Time left: 300 sec this turn | 300 sec total\n|\n|t:|1783543052\n|-terastallize|p1a: Necrozma|Ground\n|move|p1a: Necrozma|Earth Power|p2a: Clawitzer\n|-damage|p2a: Clawitzer|0 fnt\n|faint|p2a: Clawitzer\n|\n|-heal|p1a: Necrozma|27/100|[from] item: Leftovers\n|upkeep\n|inactive|Time left: 300 sec this turn | 300 sec total | 5 sec grace\n|\n|t:|1783543053\n|switch|p2a: Sandy Shocks|Sandy Shocks, L80|73/267\n|turn|82\n|inactive|Time left: 300 sec this turn | 300 sec total\n|\n|t:|1783543054\n|switch|p1a: Dipplin|Dipplin, L88, M|48/100\n|move|p2a: Sandy Shocks|Stealth Rock|p1a: Dipplin\n|-sidestart|p1: p0x292fa8c|move: Stealth Rock\n|\n|-heal|p2a: Sandy Shocks|89/267|[from] item: Leftovers\n|upkeep\n|turn|83\n|inactive|Time left: 300 sec this turn | 300 sec total\n|\n|t:|1783543055\n|move|p2a: Sandy Shocks|Spikes|p1a: Dipplin\n|-sidestart|p1: p0x292fa8c|Spikes\n|move|p1a: Dipplin|Recover|p1a: Dipplin\n|-heal|p1a: Dipplin|98/100\n|\n|-heal|p2a: Sandy Shocks|105/267|[from] item: Leftovers\n|upkeep\n|turn|84\n|inactive|Time left: 300 sec this turn | 300 sec total\n|\n|t:|1783543057\n|move|p2a: Sandy Shocks|Spikes|p1a: Dipplin\n|-sidestart|p1: p0x292fa8c|Spikes\n|move|p1a: Dipplin|Giga Drain|p2a: Sandy Shocks\n|-supereffective|p2a: Sandy Shocks\n|-damage|p2a: Sandy Shocks|0 fnt\n|-heal|p1a: Dipplin|100/100|[from] drain|[of] p2a: Sandy Shocks\n|faint|p2a: Sandy Shocks\n|-end|p2a: Sandy Shocks|Protosynthesis|[silent]\n|\n|upkeep\n|inactive|Time left: 300 sec this turn | 300 sec total | 5 sec grace\n|\n|t:|1783543058\n|switch|p2a: Cryogonal|Cryogonal, L89|287/287\n|turn|85\n|inactive|Time left: 300 sec this turn | 300 sec total\n|\n|t:|1783543059\n|move|p2a: Cryogonal|Rapid Spin|p1a: Dipplin\n|-damage|p1a: Dipplin|95/100\n|-boost|p2a: Cryogonal|spe|1\n|move|p1a: Dipplin|Dragon Pulse|p2a: Cryogonal\n|-damage|p2a: Cryogonal|224/287\n|\n|upkeep\n|turn|86\n|inactive|Time left: 300 sec this turn | 300 sec total\n|\n|t:|1783543060\n|move|p2a: Cryogonal|Tera Blast|p1a: Dipplin\n|-damage|p1a: Dipplin|80/100\n|move|p1a: Dipplin|Giga Drain|p2a: Cryogonal\n|-damage|p2a: Cryogonal|170/287\n|-heal|p1a: Dipplin|90/100|[from] drain|[of] p2a: Cryogonal\n|\n|upkeep\n|turn|87\n|inactive|Time left: 300 sec this turn | 300 sec total\n|\n|t:|1783543061\n|move|p2a: Cryogonal|Rapid Spin|p1a: Dipplin\n|-damage|p1a: Dipplin|85/100\n|-boost|p2a: Cryogonal|spe|1\n|move|p1a: Dipplin|Giga Drain|p2a: Cryogonal\n|-damage|p2a: Cryogonal|107/287\n|-heal|p1a: Dipplin|96/100|[from] drain|[of] p2a: Cryogonal\n|\n|upkeep\n|turn|88\n|inactive|Time left: 300 sec this turn | 300 sec total\n|\n|t:|1783543062\n|move|p2a: Cryogonal|Rapid Spin|p1a: Dipplin\n|-damage|p1a: Dipplin|91/100\n|-boost|p2a: Cryogonal|spe|1\n|move|p1a: Dipplin|Giga Drain|p2a: Cryogonal\n|-damage|p2a: Cryogonal|49/287\n|-heal|p1a: Dipplin|100/100|[from] drain|[of] p2a: Cryogonal\n|\n|upkeep\n|turn|89\n|inactive|Time left: 300 sec this turn | 300 sec total\n|\n|t:|1783543064\n|move|p1a: Dipplin|Sucker Punch|p2a: Cryogonal\n|-damage|p2a: Cryogonal|0 fnt\n|faint|p2a: Cryogonal\n|\n|win|p0x292fa8c", "uploadtime": 1783543064, "views": 0, "rating": 0, "private": 0, "password": null, "_winner": "p0x292fa8c", "_our_name": "p0y292c12f"}