{"id": "battle-gen9randombattle-1406", "formatid": "gen9randombattle", "format": "[Gen 9] Random Battle", "players": ["p0x1406f26c", "p0y1406bc03"], "log": "|init|battle\n|title|p0x1406f26c vs. p0y1406bc03\n|j|\u2606p0x1406f26c\n|j|\u2606p0y1406bc03\n|t:|1783556356\n|gametype|singles\n|player|p1|p0x1406f26c|102|\n|player|p2|p0y1406bc03|1|\n|gen|9\n|tier|[Gen 9] Random Battle\n|rule|Species Clause: Limit one of each Pok\u00e9mon\n|rule|HP Percentage Mod: HP is shown in percentages\n|rule|Sleep Clause Mod: Limit one foe put to sleep\n|rule|Illusion Level Mod: Illusion disguises the Pok\u00e9mon's true level\n|\n|t:|1783556356\n|teamsize|p1|6\n|teamsize|p2|6\n|start\n|switch|p1a: Grimmsnarl|Grimmsnarl, L83, M|293/293\n|switch|p2a: Clawitzer|Clawitzer, L87, F|100/100\n|turn|1\n|inactive|Battle timer is ON: inactive players will automatically lose when time's up. (requested by p0x1406f26c)\n|inactive|p0y1406bc03 also wants the timer to be on.\n|\n|t:|1783556357\n|move|p1a: Grimmsnarl|Light Screen|p1a: Grimmsnarl\n|-sidestart|p1: p0x1406f26c|move: Light Screen\n|move|p2a: Clawitzer|Water Pulse|p1a: Grimmsnarl\n|-crit|p1a: Grimmsnarl\n|-damage|p1a: Grimmsnarl|0 fnt\n|faint|p1a: Grimmsnarl\n|\n|upkeep\n|inactive|Time left: 300 sec this turn | 300 sec total | 65 sec grace\n|\n|t:|1783556358\n|switch|p1a: Magnezone|Magnezone, L85|258/258\n|turn|2\n|inactive|Time left: 300 sec this turn | 300 sec total\n|\n|t:|1783556360\n|switch|p2a: Iron Hands|Iron Hands, L79|100/100\n|move|p1a: Magnezone|Thunderbolt|p2a: Iron Hands\n|-resisted|p2a: Iron Hands\n|-damage|p2a: Iron Hands|83/100\n|\n|upkeep\n|turn|3\n|inactive|Time left: 300 sec this turn | 300 sec total\n|\n|t:|1783556361\n|switch|p1a: Golurk|Golurk, L87|297/297\n|move|p2a: Iron Hands|Drain Punch|p1a: Golurk\n|-immune|p1a: Golurk\n|\n|upkeep\n|turn|4\n|inactive|Time left: 300 sec this turn | 300 sec total\n|\n|t:|1783556363\n|-end|p2a: Iron Hands|Quark Drive|[silent]\n|switch|p2a: Abomasnow|Abomasnow, L84, F|100/100\n|-weather|Snowscape|[from] ability: Snow Warning|[of] p2a: Abomasnow\n|move|p1a: Golurk|Poltergeist|p2a: Abomasnow\n|-activate|p2a: Abomasnow|move: Poltergeist|Light Clay\n|-damage|p2a: Abomasnow|43/100\n|\n|-weather|Snowscape|[upkeep]\n|upkeep\n|turn|5\n|inactive|Time left: 300 sec this turn | 300 sec total\n|\n|t:|1783556364\n|move|p2a: Abomasnow|Aurora Veil|p2a: Abomasnow\n|-sidestart|p2: p0y1406bc03|move: Aurora Veil\n|move|p1a: Golurk|Poltergeist|p2a: Abomasnow\n|-activate|p2a: Abomasnow|move: Poltergeist|Light Clay\n|-damage|p2a: Abomasnow|12/100\n|\n|-weather|Snowscape|[upkeep]\n|upkeep\n|turn|6\n|inactive|Time left: 300 sec this turn | 300 sec total\n|\n|t:|1783556365\n|move|p2a: Abomasnow|Wood Hammer|p1a: Golurk\n|-supereffective|p1a: Golurk\n|-damage|p1a: Golurk|31/297\n|-damage|p2a: Abomasnow|0 fnt|[from] Recoil\n|faint|p2a: Abomasnow\n|move|p1a: Golurk|Poltergeist|p2: Abomasnow|[notarget]\n|-fail|p1a: Golurk\n|\n|-weather|Snowscape|[upkeep]\n|upkeep\n|\n|t:|1783556366\n|switch|p2a: Magcargo|Magcargo, L95, F|100/100\n|turn|7\n|inactive|Time left: 300 sec this turn | 300 sec total\n|\n|t:|1783556367\n|move|p1a: Golurk|Poltergeist|p2a: Magcargo\n|-activate|p2a: Magcargo|move: Poltergeist|Heavy-Duty Boots\n|-damage|p2a: Magcargo|73/100\n|-ability|p2a: Magcargo|Weak Armor|boost\n|-unboost|p2a: Magcargo|def|1\n|-boost|p2a: Magcargo|spe|2\n|move|p2a: Magcargo|Shell Smash|p2a: Magcargo\n|-unboost|p2a: Magcargo|def|1\n|-unboost|p2a: Magcargo|spd|1\n|-boost|p2a: Magcargo|atk|2\n|-boost|p2a: Magcargo|spa|2\n|-boost|p2a: Magcargo|spe|2\n|\n|-weather|Snowscape|[upkeep]\n|upkeep\n|turn|8\n|inactive|Time left: 300 sec this turn | 300 sec total\n|\n|t:|1783556368\n|switch|p1a: Noivern|Noivern, L82, F|274/274\n|move|p2a: Magcargo|Fire Blast|p1a: Noivern\n|-resisted|p1a: Noivern\n|-damage|p1a: Noivern|200/274\n|\n|-weather|none\n|-sideend|p1: p0x1406f26c|move: Light Screen\n|upkeep\n|turn|9\n|inactive|Time left: 300 sec this turn | 300 sec total\n|\n|t:|1783556369\n|switch|p1a: Golurk|Golurk, L87|31/297\n|move|p2a: Magcargo|Power Gem|p1a: Golurk\n|-resisted|p1a: Golurk\n|-damage|p1a: Golurk|0 fnt\n|faint|p1a: Golurk\n|\n|upkeep\n|inactive|Time left: 300 sec this turn | 300 sec total | 5 sec grace\n|\n|t:|1783556370\n|switch|p1a: Terrakion|Terrakion, L79|273/273\n|turn|10\n|inactive|Time left: 300 sec this turn | 300 sec total\n|\n|t:|1783556371\n|switch|p1a: Noivern|Noivern, L82, F|200/274\n|move|p2a: Magcargo|Fire Blast|p1a: Noivern\n|-resisted|p1a: Noivern\n|-damage|p1a: Noivern|58/274\n|\n|upkeep\n|turn|11\n|inactive|Time left: 300 sec this turn | 300 sec total\n|\n|t:|1783556372\n|move|p2a: Magcargo|Fire Blast|p1a: Noivern\n|-resisted|p1a: Noivern\n|-damage|p1a: Noivern|0 fnt\n|faint|p1a: Noivern\n|\n|upkeep\n|inactive|Time left: 300 sec this turn | 300 sec total | 5 sec grace\n|\n|t:|1783556373\n|switch|p1a: Terrakion|Terrakion, L79|273/273\n|turn|12\n|inactive|Time left: 300 sec this turn | 300 sec total\n|\n|t:|1783556374\n|-terastallize|p2a: Magcargo|Grass\n|-terastallize|p1a: Terrakion|Ground\n|move|p2a: Magcargo|Earth Power|p1a: Terrakion\n|-damage|p1a: Terrakion|106/273\n|move|p1a: Terrakion|Close Combat|p2a: Magcargo\n|-damage|p2a: Magcargo|24/100\n|-unboost|p1a: Terrakion|def|1\n|-unboost|p1a: Terrakion|spd|1\n|-ability|p2a: Magcargo|Weak Armor|boost\n|-unboost|p2a: Magcargo|def|1\n|-boost|p2a: Magcargo|spe|2\n|-damage|p1a: Terrakion|79/273|[from] item: Life Orb\n|\n|-sideend|p2: p0y1406bc03|move: Aurora Veil\n|upkeep\n|turn|13\n|inactive|Time left: 300 sec this turn | 300 sec total\n|\n|t:|1783556375\n|move|p2a: Magcargo|Earth Power|p1a: Terrakion\n|-damage|p1a: Terrakion|0 fnt\n|faint|p1a: Terrakion\n|\n|upkeep\n|inactive|Time left: 300 sec this turn | 300 sec total | 5 sec grace\n|\n|t:|1783556376\n|switch|p1a: Magnezone|Magnezone, L85|258/258\n|turn|14\n|inactive|Time left: 300 sec this turn | 300 sec total\n|\n|t:|1783556377\n|move|p2a: Magcargo|Fire Blast|p1a: Magnezone\n|-supereffective|p1a: Magnezone\n|-crit|p1a: Magnezone\n|-damage|p1a: Magnezone|0 fnt\n|faint|p1a: Magnezone\n|\n|upkeep\n|inactive|Time left: 300 sec this turn | 300 sec total | 5 sec grace\n|\n|t:|1783556378\n|switch|p1a: Orthworm|Orthworm, L88, F|266/266\n|turn|15\n|inactive|Time left: 300 sec this turn | 300 sec total\n|\n|t:|1783556379\n|move|p2a: Magcargo|Fire Blast|p1a: Orthworm\n|-supereffective|p1a: Orthworm\n|-damage|p1a: Orthworm|0 fnt\n|faint|p1a: Orthworm\n|\n|win|p0y1406bc03", "uploadtime": 1783556379, "views": 0, "rating": 0, "private": 0, "password": null, "_winner": "p0y1406bc03", "_our_name": "p0x1406f26c"}