{"id": "battle-gen9randombattle-2313", "formatid": "gen9randombattle", "format": "[Gen 9] Random Battle", "players": ["p0x2313d803", "p0y2313975d"], "log": "|init|battle\n|title|p0x2313d803 vs. p0y2313975d\n|j|\u2606p0x2313d803\n|j|\u2606p0y2313975d\n|t:|1783566854\n|gametype|singles\n|player|p1|p0x2313d803|102|\n|player|p2|p0y2313975d|2|\n|gen|9\n|tier|[Gen 9] Random Battle\n|rule|Species Clause: Limit one of each Pok\u00e9mon\n|rule|HP Percentage Mod: HP is shown in percentages\n|rule|Sleep Clause Mod: Limit one foe put to sleep\n|rule|Illusion Level Mod: Illusion disguises the Pok\u00e9mon's true level\n|\n|t:|1783566854\n|teamsize|p1|6\n|teamsize|p2|6\n|start\n|switch|p1a: Golurk|Golurk, L87|100/100\n|switch|p2a: Palkia|Palkia, L75|259/259\n|-ability|p2a: Palkia|Pressure\n|turn|1\n|inactive|Battle timer is ON: inactive players will automatically lose when time's up. (requested by p0x2313d803)\n|inactive|Time left: 300 sec this turn | 300 sec total | 60 sec grace\n|inactive|p0y2313975d also wants the timer to be on.\n|\n|t:|1783566856\n|switch|p1a: Meganium|Meganium, L90, M|100/100\n|move|p2a: Palkia|Hydro Pump|p1a: Meganium\n|-resisted|p1a: Meganium\n|-damage|p1a: Meganium|76/100\n|\n|-heal|p1a: Meganium|83/100|[from] item: Leftovers\n|upkeep\n|turn|2\n|inactive|Time left: 300 sec this turn | 300 sec total\n|\n|t:|1783566858\n|move|p1a: Meganium|Swords Dance|p1a: Meganium\n|-boost|p1a: Meganium|atk|2\n|move|p2a: Palkia|Spacial Rend|p1a: Meganium\n|-damage|p1a: Meganium|37/100\n|\n|-heal|p1a: Meganium|43/100|[from] item: Leftovers\n|upkeep\n|turn|3\n|inactive|Time left: 300 sec this turn | 300 sec total\n|\n|t:|1783566859\n|move|p1a: Meganium|Knock Off|p2a: Palkia\n|-damage|p2a: Palkia|129/259\n|-enditem|p2a: Palkia|Lustrous Orb|[from] move: Knock Off|[of] p1a: Meganium\n|move|p2a: Palkia|Fire Blast|p1a: Meganium\n|-supereffective|p1a: Meganium\n|-damage|p1a: Meganium|0 fnt\n|faint|p1a: Meganium\n|\n|upkeep\n|\n|t:|1783566859\n|switch|p1a: Conkeldurr|Conkeldurr, L80, M|100/100\n|turn|4\n|inactive|Time left: 300 sec this turn | 300 sec total\n|\n|t:|1783566861\n|move|p2a: Palkia|Hydro Pump|p1a: Conkeldurr\n|-damage|p1a: Conkeldurr|36/100\n|move|p1a: Conkeldurr|Close Combat|p2a: Palkia\n|-damage|p2a: Palkia|0 fnt\n|-unboost|p1a: Conkeldurr|def|1\n|-unboost|p1a: Conkeldurr|spd|1\n|faint|p2a: Palkia\n|\n|-status|p1a: Conkeldurr|brn|[from] item: Flame Orb\n|upkeep\n|inactive|Time left: 300 sec this turn | 300 sec total | 5 sec grace\n|\n|t:|1783566861\n|switch|p2a: Mamoswine|Mamoswine, L81, M|311/311\n|turn|5\n|inactive|Time left: 300 sec this turn | 300 sec total\n|\n|t:|1783566863\n|switch|p1a: Uxie|Uxie, L83|100/100\n|move|p2a: Mamoswine|Icicle Crash|p1a: Uxie|[miss]\n|-miss|p2a: Mamoswine|p1a: Uxie\n|\n|upkeep\n|turn|6\n|inactive|Time left: 300 sec this turn | 300 sec total\n|\n|t:|1783566864\n|switch|p1a: Heatran|Heatran, L79, M|100/100\n|move|p2a: Mamoswine|Icicle Crash|p1a: Heatran\n|-resisted|p1a: Heatran\n|-damage|p1a: Heatran|87/100\n|\n|upkeep\n|turn|7\n|inactive|Time left: 300 sec this turn | 300 sec total\n|\n|t:|1783566865\n|move|p2a: Mamoswine|Icicle Crash|p1a: Heatran\n|-resisted|p1a: Heatran\n|-damage|p1a: Heatran|75/100\n|cant|p1a: Heatran|flinch\n|\n|upkeep\n|turn|8\n|inactive|Time left: 300 sec this turn | 300 sec total\n|\n|t:|1783566866\n|move|p2a: Mamoswine|Icicle Crash|p1a: Heatran\n|-resisted|p1a: Heatran\n|-damage|p1a: Heatran|61/100\n|move|p1a: Heatran|Lava Plume|p2a: Mamoswine\n|-supereffective|p2a: Mamoswine\n|-damage|p2a: Mamoswine|177/311\n|-status|p2a: Mamoswine|brn\n|\n|-damage|p2a: Mamoswine|158/311 brn|[from] brn\n|upkeep\n|turn|9\n|inactive|Time left: 300 sec this turn | 300 sec total\n|\n|t:|1783566867\n|move|p2a: Mamoswine|Icicle Crash|p1a: Heatran|[miss]\n|-miss|p2a: Mamoswine|p1a: Heatran\n|move|p1a: Heatran|Lava Plume|p2a: Mamoswine\n|-supereffective|p2a: Mamoswine\n|-damage|p2a: Mamoswine|32/311 brn\n|\n|-damage|p2a: Mamoswine|13/311 brn|[from] brn\n|upkeep\n|turn|10\n|inactive|Time left: 300 sec this turn | 300 sec total\n|\n|t:|1783566868\n|switch|p2a: Manaphy|Manaphy, L78|284/284\n|move|p1a: Heatran|Magma Storm|p2a: Manaphy|[miss]\n|-miss|p1a: Heatran|p2a: Manaphy\n|\n|upkeep\n|turn|11\n|inactive|Time left: 300 sec this turn | 300 sec total\n|\n|t:|1783566869\n|move|p2a: Manaphy|Tail Glow|p2a: Manaphy\n|-boost|p2a: Manaphy|spa|3\n|move|p1a: Heatran|Magma Storm|p2a: Manaphy\n|-resisted|p2a: Manaphy\n|-damage|p2a: Manaphy|230/284\n|-activate|p2a: Manaphy|move: Magma Storm|[of] p1a: Heatran\n|\n|-heal|p2a: Manaphy|247/284|[from] item: Leftovers\n|-damage|p2a: Manaphy|212/284|[from] move: Magma Storm|[partiallytrapped]\n|upkeep\n|turn|12\n|inactive|Time left: 300 sec this turn | 300 sec total\n|\n|t:|1783566870\n|move|p2a: Manaphy|Surf|p1a: Heatran\n|-supereffective|p1a: Heatran\n|-damage|p1a: Heatran|0 fnt\n|faint|p1a: Heatran\n|\n|-heal|p2a: Manaphy|229/284|[from] item: Leftovers\n|-end|p2a: Manaphy|Magma Storm|[partiallytrapped]|[silent]\n|upkeep\n|\n|t:|1783566871\n|switch|p1a: Golurk|Golurk, L87|100/100\n|turn|13\n|inactive|Time left: 300 sec this turn | 300 sec total\n|\n|t:|1783566872\n|-terastallize|p1a: Golurk|Fighting\n|move|p2a: Manaphy|Surf|p1a: Golurk\n|-damage|p1a: Golurk|30/100\n|move|p1a: Golurk|Poltergeist|p2a: Manaphy\n|-activate|p2a: Manaphy|move: Poltergeist|Leftovers\n|-damage|p2a: Manaphy|0 fnt\n|faint|p2a: Manaphy\n|\n|upkeep\n|inactive|Time left: 300 sec this turn | 300 sec total | 5 sec grace\n|\n|t:|1783566873\n|switch|p2a: Banette|Banette, L93, F|270/270\n|turn|14\n|inactive|Time left: 300 sec this turn | 300 sec total\n|\n|t:|1783566874\n|move|p2a: Banette|Poltergeist|p1a: Golurk\n|-activate|p1a: Golurk|move: Poltergeist|Choice Band\n|-damage|p1a: Golurk|0 fnt\n|faint|p1a: Golurk\n|-damage|p2a: Banette|243/270|[from] item: Life Orb\n|\n|upkeep\n|\n|t:|1783566874\n|switch|p1a: Uxie|Uxie, L83|100/100\n|turn|15\n|inactive|Time left: 300 sec this turn | 300 sec total\n|\n|t:|1783566875\n|move|p1a: Uxie|Thunder Wave|p2a: Banette\n|-status|p2a: Banette|par\n|move|p2a: Banette|Poltergeist|p1a: Uxie\n|-activate|p1a: Uxie|move: Poltergeist|Leftovers\n|-supereffective|p1a: Uxie\n|-damage|p1a: Uxie|0 fnt\n|faint|p1a: Uxie\n|-damage|p2a: Banette|216/270 par|[from] item: Life Orb\n|\n|upkeep\n|\n|t:|1783566876\n|switch|p1a: Palossand|Palossand, L89, F|100/100\n|turn|16\n|inactive|Time left: 300 sec this turn | 300 sec total\n|\n|t:|1783566877\n|move|p1a: Palossand|Shadow Ball|p2a: Banette\n|-supereffective|p2a: Banette\n|-damage|p2a: Banette|0 fnt\n|faint|p2a: Banette\n|\n|upkeep\n|inactive|Time left: 300 sec this turn | 300 sec total | 5 sec grace\n|\n|t:|1783566878\n|switch|p2a: Mamoswine|Mamoswine, L81, M|13/311 brn\n|turn|17\n|inactive|Time left: 300 sec this turn | 300 sec total\n|\n|t:|1783566879\n|move|p2a: Mamoswine|Knock Off|p1a: Palossand\n|-supereffective|p1a: Palossand\n|-damage|p1a: Palossand|68/100\n|-enditem|p1a: Palossand|Leftovers|[from] move: Knock Off|[of] p2a: Mamoswine\n|move|p1a: Palossand|Shore Up|p1a: Palossand\n|-heal|p1a: Palossand|100/100\n|\n|-damage|p2a: Mamoswine|0 fnt|[from] brn\n|faint|p2a: Mamoswine\n|upkeep\n|inactive|Time left: 300 sec this turn | 300 sec total | 5 sec grace\n|\n|t:|1783566880\n|switch|p2a: Galvantula|Galvantula, L82, M|249/249\n|turn|18\n|inactive|Time left: 300 sec this turn | 300 sec total\n|\n|t:|1783566880\n|move|p2a: Galvantula|Sticky Web|p1a: Palossand\n|-sidestart|p1: p0x2313d803|move: Sticky Web\n|move|p1a: Palossand|Earth Power|p2a: Galvantula\n|-damage|p2a: Galvantula|107/249\n|\n|upkeep\n|turn|19\n|inactive|Time left: 300 sec this turn | 300 sec total\n|\n|t:|1783566881\n|move|p2a: Galvantula|Bug Buzz|p1a: Palossand\n|-resisted|p1a: Palossand\n|-damage|p1a: Palossand|84/100\n|move|p1a: Palossand|Shadow Ball|p2a: Galvantula\n|-damage|p2a: Galvantula|0 fnt\n|faint|p2a: Galvantula\n|\n|upkeep\n|inactive|Time left: 300 sec this turn | 300 sec total | 5 sec grace\n|\n|t:|1783566882\n|switch|p2a: Haxorus|Haxorus, L77, M|244/244\n|-ability|p2a: Haxorus|Mold Breaker\n|turn|20\n|inactive|Time left: 300 sec this turn | 300 sec total\n|\n|t:|1783566883\n|move|p2a: Haxorus|Iron Head|p1a: Palossand\n|-damage|p1a: Palossand|66/100\n|cant|p1a: Palossand|flinch\n|\n|upkeep\n|turn|21\n|inactive|Time left: 300 sec this turn | 300 sec total\n|\n|t:|1783566884\n|move|p2a: Haxorus|Dragon Dance|p2a: Haxorus\n|-boost|p2a: Haxorus|atk|1\n|-boost|p2a: Haxorus|spe|1\n|move|p1a: Palossand|Earth Power|p2a: Haxorus\n|-damage|p2a: Haxorus|102/244\n|\n|upkeep\n|turn|22\n|inactive|Time left: 300 sec this turn | 300 sec total\n|\n|t:|1783566885\n|move|p2a: Haxorus|Iron Head|p1a: Palossand\n|-damage|p1a: Palossand|40/100\n|move|p1a: Palossand|Earth Power|p2a: Haxorus\n|-damage|p2a: Haxorus|0 fnt\n|faint|p2a: Haxorus\n|\n|win|p0x2313d803", "uploadtime": 1783566885, "views": 0, "rating": 0, "private": 0, "password": null, "_winner": "p0x2313d803", "_our_name": "p0y2313975d"}