{"id": "battle-gen9randombattle-990", "formatid": "gen9randombattle", "format": "[Gen 9] Random Battle", "players": ["p0x990c86a", "p0y990bf13"], "log": "|init|battle\n|title|p0x990c86a vs. p0y990bf13\n|j|\u2606p0x990c86a\n|j|\u2606p0y990bf13\n|t:|1783551406\n|gametype|singles\n|player|p1|p0x990c86a|170|\n|player|p2|p0y990bf13|170|\n|gen|9\n|tier|[Gen 9] Random Battle\n|rule|Species Clause: Limit one of each Pok\u00e9mon\n|rule|HP Percentage Mod: HP is shown in percentages\n|rule|Sleep Clause Mod: Limit one foe put to sleep\n|rule|Illusion Level Mod: Illusion disguises the Pok\u00e9mon's true level\n|\n|t:|1783551406\n|teamsize|p1|6\n|teamsize|p2|6\n|start\n|switch|p1a: Hariyama|Hariyama, L87, M|392/392\n|switch|p2a: Blastoise|Blastoise, L80, F|100/100\n|turn|1\n|inactive|Battle timer is ON: inactive players will automatically lose when time's up. (requested by p0y990bf13)\n|inactive|Time left: 300 sec this turn | 300 sec total | 60 sec grace\n|inactive|p0x990c86a also wants the timer to be on.\n|\n|t:|1783551407\n|move|p2a: Blastoise|Shell Smash|p2a: Blastoise\n|-unboost|p2a: Blastoise|def|1\n|-unboost|p2a: Blastoise|spd|1\n|-boost|p2a: Blastoise|atk|2\n|-boost|p2a: Blastoise|spa|2\n|-boost|p2a: Blastoise|spe|2\n|-enditem|p2a: Blastoise|White Herb\n|-clearnegativeboost|p2a: Blastoise|[silent]\n|move|p1a: Hariyama|Knock Off|p2a: Blastoise\n|-damage|p2a: Blastoise|80/100\n|\n|-status|p1a: Hariyama|brn|[from] item: Flame Orb\n|upkeep\n|turn|2\n|inactive|Time left: 300 sec this turn | 300 sec total\n|\n|t:|1783551408\n|move|p2a: Blastoise|Hydro Pump|p1a: Hariyama\n|-damage|p1a: Hariyama|137/392 brn\n|move|p1a: Hariyama|Close Combat|p2a: Blastoise\n|-damage|p2a: Blastoise|0 fnt\n|-unboost|p1a: Hariyama|def|1\n|-unboost|p1a: Hariyama|spd|1\n|faint|p2a: Blastoise\n|\n|-damage|p1a: Hariyama|113/392 brn|[from] brn\n|upkeep\n|\n|t:|1783551409\n|switch|p2a: Porygon-Z|Porygon-Z, L83|100/100\n|-ability|p2a: Porygon-Z|Download|boost\n|-boost|p2a: Porygon-Z|spa|1\n|turn|3\n|inactive|Time left: 300 sec this turn | 300 sec total\n|\n|t:|1783551410\n|switch|p1a: Lunala|Lunala, L70|308/308\n|move|p2a: Porygon-Z|Tri Attack|p1a: Lunala\n|-immune|p1a: Lunala\n|\n|upkeep\n|turn|4\n|inactive|Time left: 300 sec this turn | 300 sec total\n|\n|t:|1783551411\n|move|p2a: Porygon-Z|Tri Attack|p1a: Lunala\n|-immune|p1a: Lunala\n|move|p1a: Lunala|Calm Mind|p1a: Lunala\n|-boost|p1a: Lunala|spa|1\n|-boost|p1a: Lunala|spd|1\n|\n|upkeep\n|turn|5\n|inactive|Time left: 300 sec this turn | 300 sec total\n|\n|t:|1783551412\n|switch|p2a: Ting-Lu|Ting-Lu, L78|100/100\n|-ability|p2a: Ting-Lu|Vessel of Ruin\n|move|p1a: Lunala|Psyshock|p2a: Ting-Lu\n|-immune|p2a: Ting-Lu\n|\n|upkeep\n|turn|6\n|inactive|Time left: 300 sec this turn | 300 sec total\n|\n|t:|1783551413\n|move|p1a: Lunala|Moongeist Beam|p2a: Ting-Lu\n|-resisted|p2a: Ting-Lu\n|-damage|p2a: Ting-Lu|82/100\n|move|p2a: Ting-Lu|Stealth Rock|p1a: Lunala\n|-sidestart|p1: p0x990c86a|move: Stealth Rock\n|\n|-heal|p2a: Ting-Lu|88/100|[from] item: Leftovers\n|upkeep\n|turn|7\n|inactive|Time left: 300 sec this turn | 300 sec total\n|\n|t:|1783551414\n|move|p1a: Lunala|Moongeist Beam|p2a: Ting-Lu\n|-resisted|p2a: Ting-Lu\n|-damage|p2a: Ting-Lu|70/100\n|move|p2a: Ting-Lu|Whirlwind|p1a: Lunala\n|drag|p1a: Araquanid|Araquanid, L82, F|246/246\n|\n|-heal|p2a: Ting-Lu|76/100|[from] item: Leftovers\n|upkeep\n|turn|8\n|inactive|Time left: 300 sec this turn | 300 sec total\n|\n|t:|1783551415\n|move|p1a: Araquanid|Sticky Web|p2a: Ting-Lu\n|-sidestart|p2: p0y990bf13|move: Sticky Web\n|move|p2a: Ting-Lu|Earthquake|p1a: Araquanid\n|-resisted|p1a: Araquanid\n|-damage|p1a: Araquanid|192/246\n|\n|-heal|p2a: Ting-Lu|82/100|[from] item: Leftovers\n|upkeep\n|turn|9\n|inactive|Time left: 300 sec this turn | 300 sec total\n|\n|t:|1783551416\n|move|p1a: Araquanid|Liquidation|p2a: Ting-Lu\n|-supereffective|p2a: Ting-Lu\n|-damage|p2a: Ting-Lu|27/100\n|move|p2a: Ting-Lu|Throat Chop|p1a: Araquanid\n|-damage|p1a: Araquanid|116/246\n|-start|p1a: Araquanid|Throat Chop|[silent]\n|\n|-heal|p2a: Ting-Lu|33/100|[from] item: Leftovers\n|upkeep\n|turn|10\n|inactive|Time left: 300 sec this turn | 300 sec total\n|\n|t:|1783551417\n|move|p1a: Araquanid|Liquidation|p2a: Ting-Lu\n|-supereffective|p2a: Ting-Lu\n|-damage|p2a: Ting-Lu|0 fnt\n|faint|p2a: Ting-Lu\n|\n|-end|p1a: Araquanid|Throat Chop|[silent]\n|upkeep\n|\n|t:|1783551419\n|switch|p2a: Kyurem|Kyurem-White, L73|100/100\n|-activate|p2a: Kyurem|move: Sticky Web\n|-unboost|p2a: Kyurem|spe|1\n|-ability|p2a: Kyurem|Turboblaze\n|turn|11\n|inactive|Time left: 300 sec this turn | 300 sec total\n|\n|t:|1783551420\n|switch|p1a: Lunala|Lunala, L70|308/308\n|-damage|p1a: Lunala|270/308|[from] Stealth Rock\n|move|p2a: Kyurem|Freeze-Dry|p1a: Lunala\n|-damage|p1a: Lunala|182/308\n|\n|-heal|p1a: Lunala|201/308|[from] item: Leftovers\n|upkeep\n|turn|12\n|inactive|Time left: 300 sec this turn | 300 sec total\n|\n|t:|1783551421\n|move|p2a: Kyurem|Freeze-Dry|p1a: Lunala\n|-damage|p1a: Lunala|104/308\n|move|p1a: Lunala|Calm Mind|p1a: Lunala\n|-boost|p1a: Lunala|spa|1\n|-boost|p1a: Lunala|spd|1\n|\n|-heal|p1a: Lunala|123/308|[from] item: Leftovers\n|upkeep\n|turn|13\n|inactive|Time left: 300 sec this turn | 300 sec total\n|\n|t:|1783551422\n|move|p2a: Kyurem|Freeze-Dry|p1a: Lunala\n|-damage|p1a: Lunala|60/308\n|move|p1a: Lunala|Moonlight|p1a: Lunala\n|-heal|p1a: Lunala|214/308\n|\n|-heal|p1a: Lunala|233/308|[from] item: Leftovers\n|upkeep\n|turn|14\n|inactive|Time left: 300 sec this turn | 300 sec total\n|\n|t:|1783551423\n|switch|p2a: Porygon-Z|Porygon-Z, L83|100/100\n|-activate|p2a: Porygon-Z|move: Sticky Web\n|-unboost|p2a: Porygon-Z|spe|1\n|-ability|p2a: Porygon-Z|Download|boost\n|-boost|p2a: Porygon-Z|atk|1\n|move|p1a: Lunala|Calm Mind|p1a: Lunala\n|-boost|p1a: Lunala|spa|1\n|-boost|p1a: Lunala|spd|1\n|\n|-heal|p1a: Lunala|252/308|[from] item: Leftovers\n|upkeep\n|turn|15\n|inactive|Time left: 300 sec this turn | 300 sec total\n|\n|t:|1783551424\n|move|p2a: Porygon-Z|Shadow Ball|p1a: Lunala\n|-supereffective|p1a: Lunala\n|-damage|p1a: Lunala|88/308\n|move|p1a: Lunala|Psyshock|p2a: Porygon-Z\n|-damage|p2a: Porygon-Z|35/100\n|\n|-heal|p1a: Lunala|107/308|[from] item: Leftovers\n|upkeep\n|turn|16\n|inactive|Time left: 300 sec this turn | 300 sec total\n|\n|t:|1783551425\n|-terastallize|p1a: Lunala|Fairy\n|move|p2a: Porygon-Z|Shadow Ball|p1a: Lunala\n|-crit|p1a: Lunala\n|-damage|p1a: Lunala|0 fnt\n|faint|p1a: Lunala\n|\n|upkeep\n|inactive|Time left: 300 sec this turn | 300 sec total | 5 sec grace\n|\n|t:|1783551426\n|switch|p1a: Araquanid|Araquanid, L82, F|116/246\n|turn|17\n|inactive|Time left: 300 sec this turn | 300 sec total\n|\n|t:|1783551427\n|move|p2a: Porygon-Z|Shadow Ball|p1a: Araquanid\n|-damage|p1a: Araquanid|58/246\n|move|p1a: Araquanid|Liquidation|p2a: Porygon-Z\n|-damage|p2a: Porygon-Z|0 fnt\n|faint|p2a: Porygon-Z\n|\n|upkeep\n|\n|t:|1783551428\n|switch|p2a: Kyurem|Kyurem-White, L73|100/100\n|-activate|p2a: Kyurem|move: Sticky Web\n|-unboost|p2a: Kyurem|spe|1\n|-ability|p2a: Kyurem|Turboblaze\n|turn|18\n|inactive|Time left: 300 sec this turn | 300 sec total\n|\n|t:|1783551429\n|move|p2a: Kyurem|Fusion Flare|p1a: Araquanid\n|-damage|p1a: Araquanid|0 fnt\n|faint|p1a: Araquanid\n|\n|upkeep\n|inactive|Time left: 300 sec this turn | 300 sec total | 5 sec grace\n|\n|t:|1783551430\n|switch|p1a: Inteleon|Inteleon, L81, F|246/246\n|-damage|p1a: Inteleon|216/246|[from] Stealth Rock\n|turn|19\n|inactive|Time left: 300 sec this turn | 300 sec total\n|\n|t:|1783551431\n|move|p1a: Inteleon|Ice Beam|p2a: Kyurem\n|-damage|p2a: Kyurem|62/100\n|move|p2a: Kyurem|Fusion Flare|p1a: Inteleon\n|-resisted|p1a: Inteleon\n|-damage|p1a: Inteleon|162/246\n|\n|upkeep\n|turn|20\n|inactive|Time left: 300 sec this turn | 300 sec total\n|\n|t:|1783551432\n|move|p1a: Inteleon|Ice Beam|p2a: Kyurem\n|-damage|p2a: Kyurem|27/100\n|move|p2a: Kyurem|Fusion Flare|p1a: Inteleon\n|-resisted|p1a: Inteleon\n|-damage|p1a: Inteleon|104/246\n|\n|upkeep\n|turn|21\n|inactive|Time left: 300 sec this turn | 300 sec total\n|\n|t:|1783551433\n|move|p1a: Inteleon|Ice Beam|p2a: Kyurem\n|-damage|p2a: Kyurem|0 fnt\n|faint|p2a: Kyurem\n|\n|upkeep\n|\n|t:|1783551434\n|switch|p2a: Venusaur|Venusaur, L84, F|100/100\n|-activate|p2a: Venusaur|move: Sticky Web\n|-unboost|p2a: Venusaur|spe|1\n|turn|22\n|inactive|Time left: 300 sec this turn | 300 sec total\n|\n|t:|1783551435\n|-terastallize|p2a: Venusaur|Steel\n|move|p1a: Inteleon|Ice Beam|p2a: Venusaur\n|-resisted|p2a: Venusaur\n|-damage|p2a: Venusaur|83/100\n|move|p2a: Venusaur|Sludge Bomb|p1a: Inteleon\n|-damage|p1a: Inteleon|0 fnt\n|faint|p1a: Inteleon\n|\n|-heal|p2a: Venusaur|89/100|[from] item: Leftovers\n|upkeep\n|inactive|Time left: 300 sec this turn | 300 sec total | 5 sec grace\n|\n|t:|1783551437\n|switch|p1a: Hariyama|Hariyama, L87, M|113/392 brn\n|-damage|p1a: Hariyama|89/392 brn|[from] Stealth Rock\n|turn|23\n|inactive|Time left: 300 sec this turn | 300 sec total\n|\n|t:|1783551438\n|move|p1a: Hariyama|Close Combat|p2a: Venusaur\n|-supereffective|p2a: Venusaur\n|-damage|p2a: Venusaur|0 fnt\n|-unboost|p1a: Hariyama|def|1\n|-unboost|p1a: Hariyama|spd|1\n|faint|p2a: Venusaur\n|\n|-damage|p1a: Hariyama|65/392 brn|[from] brn\n|upkeep\n|\n|t:|1783551439\n|switch|p2a: Luvdisc|Luvdisc, F|100/100\n|turn|24\n|inactive|Time left: 300 sec this turn | 300 sec total\n|\n|t:|1783551440\n|move|p2a: Luvdisc|Flip Turn|p1a: Hariyama\n|-damage|p1a: Hariyama|0 fnt\n|faint|p1a: Hariyama\n|\n|upkeep\n|inactive|Time left: 300 sec this turn | 300 sec total | 5 sec grace\n|\n|t:|1783551440\n|switch|p1a: Hawlucha|Hawlucha, L80, M|256/256\n|-damage|p1a: Hawlucha|224/256|[from] Stealth Rock\n|turn|25\n|inactive|Time left: 300 sec this turn | 300 sec total\n|\n|t:|1783551441\n|move|p2a: Luvdisc|Substitute|p2a: Luvdisc\n|-start|p2a: Luvdisc|Substitute\n|-damage|p2a: Luvdisc|76/100\n|move|p1a: Hawlucha|Close Combat|p2a: Luvdisc\n|-end|p2a: Luvdisc|Substitute\n|-unboost|p1a: Hawlucha|def|1\n|-unboost|p1a: Hawlucha|spd|1\n|-enditem|p1a: Hawlucha|White Herb\n|-clearnegativeboost|p1a: Hawlucha|[silent]\n|\n|upkeep\n|turn|26\n|inactive|Time left: 300 sec this turn | 300 sec total\n|\n|t:|1783551442\n|move|p1a: Hawlucha|Brave Bird|p2a: Luvdisc\n|-damage|p2a: Luvdisc|24/100\n|-damage|p1a: Hawlucha|182/256|[from] Recoil\n|move|p2a: Luvdisc|Substitute|p2a: Luvdisc\n|-fail|p2a: Luvdisc|move: Substitute|[weak]\n|\n|upkeep\n|turn|27\n|inactive|Time left: 300 sec this turn | 300 sec total\n|\n|t:|1783551442\n|move|p1a: Hawlucha|Brave Bird|p2a: Luvdisc\n|-damage|p2a: Luvdisc|0 fnt\n|faint|p2a: Luvdisc\n|-damage|p1a: Hawlucha|163/256|[from] Recoil\n|\n|win|p0x990c86a", "uploadtime": 1783551442, "views": 0, "rating": 0, "private": 0, "password": null, "_winner": "p0x990c86a", "_our_name": "p0x990c86a"}