{"id": "battle-gen9randombattle-2280", "formatid": "gen9randombattle", "format": "[Gen 9] Random Battle", "players": ["p0x22802330", "p0y2280800d"], "log": "|init|battle\n|title|p0x22802330 vs. p0y2280800d\n|j|\u2606p0x22802330\n|j|\u2606p0y2280800d\n|t:|1783565471\n|gametype|singles\n|player|p1|p0x22802330|169|\n|player|p2|p0y2280800d|102|\n|gen|9\n|tier|[Gen 9] Random Battle\n|rule|Species Clause: Limit one of each Pok\u00e9mon\n|rule|HP Percentage Mod: HP is shown in percentages\n|rule|Sleep Clause Mod: Limit one foe put to sleep\n|rule|Illusion Level Mod: Illusion disguises the Pok\u00e9mon's true level\n|\n|t:|1783565471\n|teamsize|p1|6\n|teamsize|p2|6\n|start\n|switch|p1a: Honchkrow|Honchkrow, L86, F|100/100\n|switch|p2a: Gogoat|Gogoat, L88, F|360/360\n|turn|1\n|inactive|Battle timer is ON: inactive players will automatically lose when time's up. (requested by p0x22802330)\n|inactive|Time left: 300 sec this turn | 300 sec total | 60 sec grace\n|inactive|p0y2280800d also wants the timer to be on.\n|\n|t:|1783565473\n|switch|p2a: Tinkaton|Tinkaton, L82, F|274/274\n|-ability|p2a: Tinkaton|Mold Breaker\n|move|p1a: Honchkrow|Brave Bird|p2a: Tinkaton\n|-resisted|p2a: Tinkaton\n|-damage|p2a: Tinkaton|182/274\n|-damage|p1a: Honchkrow|91/100|[from] Recoil\n|\n|-heal|p2a: Tinkaton|199/274|[from] item: Leftovers\n|upkeep\n|turn|2\n|inactive|Time left: 300 sec this turn | 300 sec total\n|\n|t:|1783565474\n|move|p2a: Tinkaton|Play Rough|p1a: Honchkrow\n|-supereffective|p1a: Honchkrow\n|-damage|p1a: Honchkrow|23/100\n|move|p1a: Honchkrow|Heat Wave|p2a: Tinkaton\n|-supereffective|p2a: Tinkaton\n|-damage|p2a: Tinkaton|71/274\n|-status|p2a: Tinkaton|brn\n|\n|-heal|p2a: Tinkaton|88/274 brn|[from] item: Leftovers\n|-damage|p2a: Tinkaton|71/274 brn|[from] brn\n|upkeep\n|turn|3\n|inactive|Time left: 300 sec this turn | 300 sec total\n|\n|t:|1783565475\n|move|p2a: Tinkaton|Gigaton Hammer|p1a: Honchkrow\n|-crit|p1a: Honchkrow\n|-damage|p1a: Honchkrow|0 fnt\n|faint|p1a: Honchkrow\n|\n|-heal|p2a: Tinkaton|88/274 brn|[from] item: Leftovers\n|-damage|p2a: Tinkaton|71/274 brn|[from] brn\n|upkeep\n|\n|t:|1783565475\n|switch|p1a: Hitmonchan|Hitmonchan, L87, M|100/100\n|turn|4\n|inactive|Time left: 300 sec this turn | 300 sec total\n|\n|t:|1783565476\n|move|p2a: Tinkaton|Knock Off|p1a: Hitmonchan\n|-resisted|p1a: Hitmonchan\n|-damage|p1a: Hitmonchan|95/100\n|-enditem|p1a: Hitmonchan|Leftovers|[from] move: Knock Off|[of] p2a: Tinkaton\n|move|p1a: Hitmonchan|Bulk Up|p1a: Hitmonchan\n|-boost|p1a: Hitmonchan|atk|1\n|-boost|p1a: Hitmonchan|def|1\n|\n|-heal|p2a: Tinkaton|88/274 brn|[from] item: Leftovers\n|-damage|p2a: Tinkaton|71/274 brn|[from] brn\n|upkeep\n|turn|5\n|inactive|Time left: 300 sec this turn | 300 sec total\n|\n|t:|1783565477\n|move|p2a: Tinkaton|Gigaton Hammer|p1a: Hitmonchan\n|-damage|p1a: Hitmonchan|73/100\n|move|p1a: Hitmonchan|Drain Punch|p2a: Tinkaton\n|-crit|p2a: Tinkaton\n|-damage|p2a: Tinkaton|0 fnt\n|-heal|p1a: Hitmonchan|89/100|[from] drain|[of] p2a: Tinkaton\n|faint|p2a: Tinkaton\n|\n|upkeep\n|inactive|Time left: 300 sec this turn | 300 sec total | 5 sec grace\n|\n|t:|1783565478\n|switch|p2a: Wigglytuff|Wigglytuff, L96, M|424/424\n|turn|6\n|inactive|Time left: 300 sec this turn | 300 sec total\n|\n|t:|1783565479\n|move|p1a: Hitmonchan|Drain Punch|p2a: Wigglytuff\n|-damage|p2a: Wigglytuff|208/424\n|-heal|p1a: Hitmonchan|100/100|[from] drain|[of] p2a: Wigglytuff\n|move|p2a: Wigglytuff|Dazzling Gleam|p1a: Hitmonchan\n|-supereffective|p1a: Hitmonchan\n|-damage|p1a: Hitmonchan|30/100\n|\n|-heal|p2a: Wigglytuff|234/424|[from] item: Leftovers\n|upkeep\n|turn|7\n|inactive|Time left: 300 sec this turn | 300 sec total\n|\n|t:|1783565480\n|-terastallize|p2a: Wigglytuff|Poison\n|move|p1a: Hitmonchan|Drain Punch|p2a: Wigglytuff\n|-resisted|p2a: Wigglytuff\n|-damage|p2a: Wigglytuff|132/424\n|-heal|p1a: Hitmonchan|52/100|[from] drain|[of] p2a: Wigglytuff\n|move|p2a: Wigglytuff|Dazzling Gleam|p1a: Hitmonchan\n|-supereffective|p1a: Hitmonchan\n|-crit|p1a: Hitmonchan\n|-damage|p1a: Hitmonchan|0 fnt\n|faint|p1a: Hitmonchan\n|\n|-heal|p2a: Wigglytuff|158/424|[from] item: Leftovers\n|upkeep\n|\n|t:|1783565481\n|switch|p1a: Espeon|Espeon, L84, F|100/100\n|turn|8\n|inactive|Time left: 300 sec this turn | 300 sec total\n|\n|t:|1783565482\n|move|p1a: Espeon|Psychic|p2a: Wigglytuff\n|-supereffective|p2a: Wigglytuff\n|-damage|p2a: Wigglytuff|0 fnt\n|faint|p2a: Wigglytuff\n|-damage|p1a: Espeon|91/100|[from] item: Life Orb\n|\n|upkeep\n|inactive|Time left: 300 sec this turn | 300 sec total | 5 sec grace\n|\n|t:|1783565483\n|switch|p2a: Lapras|Lapras, L87, M|367/367\n|turn|9\n|inactive|Time left: 300 sec this turn | 300 sec total\n|\n|t:|1783565484\n|move|p1a: Espeon|Calm Mind|p1a: Espeon\n|-boost|p1a: Espeon|spa|1\n|-boost|p1a: Espeon|spd|1\n|move|p2a: Lapras|Dragon Dance|p2a: Lapras\n|-boost|p2a: Lapras|atk|1\n|-boost|p2a: Lapras|spe|1\n|\n|upkeep\n|turn|10\n|inactive|Time left: 300 sec this turn | 300 sec total\n|\n|t:|1783565485\n|-terastallize|p1a: Espeon|Psychic\n|move|p1a: Espeon|Psychic|p2a: Lapras\n|-damage|p2a: Lapras|73/367\n|-damage|p1a: Espeon|81/100|[from] item: Life Orb\n|move|p2a: Lapras|Icicle Spear|p1a: Espeon\n|-damage|p1a: Espeon|61/100\n|-damage|p1a: Espeon|41/100\n|-damage|p1a: Espeon|22/100\n|-damage|p1a: Espeon|2/100\n|-damage|p1a: Espeon|0 fnt\n|faint|p1a: Espeon\n|-hitcount|p1: Espeon|5\n|\n|upkeep\n|\n|t:|1783565486\n|switch|p1a: Rabsca|Rabsca, L91, F|100/100\n|turn|11\n|inactive|Time left: 300 sec this turn | 300 sec total\n|\n|t:|1783565487\n|move|p2a: Lapras|Waterfall|p1a: Rabsca\n|-damage|p1a: Rabsca|60/100\n|cant|p1a: Rabsca|flinch\n|\n|upkeep\n|turn|12\n|inactive|Time left: 300 sec this turn | 300 sec total\n|\n|t:|1783565488\n|move|p2a: Lapras|Waterfall|p1a: Rabsca\n|-damage|p1a: Rabsca|20/100\n|move|p1a: Rabsca|Bug Buzz|p2a: Lapras\n|-damage|p2a: Lapras|0 fnt\n|faint|p2a: Lapras\n|\n|upkeep\n|inactive|Time left: 300 sec this turn | 300 sec total | 5 sec grace\n|\n|t:|1783565489\n|switch|p2a: Umbreon|Umbreon, L84, F|297/297\n|turn|13\n|inactive|Time left: 300 sec this turn | 300 sec total\n|\n|t:|1783565490\n|switch|p1a: Arboliva|Arboliva, L91, M|100/100\n|move|p2a: Umbreon|Foul Play|p1a: Arboliva\n|-damage|p1a: Arboliva|82/100\n|\n|upkeep\n|turn|14\n|inactive|Time left: 300 sec this turn | 300 sec total\n|\n|t:|1783565491\n|move|p2a: Umbreon|Toxic|p1a: Arboliva|[miss]\n|-miss|p2a: Umbreon|p1a: Arboliva\n|move|p1a: Arboliva|Hyper Voice|p2a: Umbreon\n|-damage|p2a: Umbreon|189/297\n|\n|-heal|p2a: Umbreon|207/297|[from] item: Leftovers\n|upkeep\n|turn|15\n|inactive|Time left: 300 sec this turn | 300 sec total\n|\n|t:|1783565492\n|move|p2a: Umbreon|Toxic|p1a: Arboliva|[miss]\n|-miss|p2a: Umbreon|p1a: Arboliva\n|move|p1a: Arboliva|Hyper Voice|p2a: Umbreon\n|-damage|p2a: Umbreon|102/297\n|\n|-heal|p2a: Umbreon|120/297|[from] item: Leftovers\n|upkeep\n|turn|16\n|inactive|Time left: 300 sec this turn | 300 sec total\n|\n|t:|1783565493\n|move|p2a: Umbreon|Wish|p2a: Umbreon\n|move|p1a: Arboliva|Hyper Voice|p2a: Umbreon\n|-crit|p2a: Umbreon\n|-damage|p2a: Umbreon|0 fnt\n|faint|p2a: Umbreon\n|\n|upkeep\n|inactive|Time left: 300 sec this turn | 300 sec total | 5 sec grace\n|\n|t:|1783565494\n|switch|p2a: Gogoat|Gogoat, L88, F|360/360\n|turn|17\n|inactive|Time left: 300 sec this turn | 300 sec total\n|\n|t:|1783565495\n|move|p2a: Gogoat|Bulk Up|p2a: Gogoat\n|-boost|p2a: Gogoat|atk|1\n|-boost|p2a: Gogoat|def|1\n|move|p1a: Arboliva|Substitute|p1a: Arboliva\n|-start|p1a: Arboliva|Substitute\n|-damage|p1a: Arboliva|57/100\n|\n|upkeep\n|turn|18\n|inactive|Time left: 300 sec this turn | 300 sec total\n|\n|t:|1783565496\n|move|p2a: Gogoat|Bulk Up|p2a: Gogoat\n|-boost|p2a: Gogoat|atk|1\n|-boost|p2a: Gogoat|def|1\n|move|p1a: Arboliva|Hyper Voice|p2a: Gogoat\n|-damage|p2a: Gogoat|213/360\n|\n|-heal|p2a: Gogoat|235/360|[from] item: Leftovers\n|upkeep\n|turn|19\n|inactive|Time left: 300 sec this turn | 300 sec total\n|\n|t:|1783565497\n|move|p2a: Gogoat|Milk Drink|p2a: Gogoat\n|-heal|p2a: Gogoat|360/360\n|move|p1a: Arboliva|Hyper Voice|p2a: Gogoat\n|-damage|p2a: Gogoat|228/360\n|\n|-heal|p2a: Gogoat|250/360|[from] item: Leftovers\n|upkeep\n|turn|20\n|inactive|Time left: 300 sec this turn | 300 sec total\n|\n|t:|1783565498\n|move|p2a: Gogoat|Horn Leech|p1a: Arboliva\n|-resisted|p1a: Arboliva\n|-end|p1a: Arboliva|Substitute\n|-heal|p2a: Gogoat|286/360|[from] drain|[of] p1a: Arboliva\n|move|p1a: Arboliva|Hyper Voice|p2a: Gogoat\n|-damage|p2a: Gogoat|139/360\n|\n|-heal|p2a: Gogoat|161/360|[from] item: Leftovers\n|upkeep\n|turn|21\n|inactive|Time left: 300 sec this turn | 300 sec total\n|\n|t:|1783565499\n|move|p2a: Gogoat|Milk Drink|p2a: Gogoat\n|-heal|p2a: Gogoat|341/360\n|move|p1a: Arboliva|Hyper Voice|p2a: Gogoat\n|-damage|p2a: Gogoat|191/360\n|\n|-heal|p2a: Gogoat|213/360|[from] item: Leftovers\n|upkeep\n|turn|22\n|inactive|Time left: 300 sec this turn | 300 sec total\n|\n|t:|1783565500\n|move|p2a: Gogoat|Horn Leech|p1a: Arboliva\n|-resisted|p1a: Arboliva\n|-damage|p1a: Arboliva|27/100\n|-heal|p2a: Gogoat|257/360|[from] drain|[of] p1a: Arboliva\n|-enditem|p1a: Arboliva|Sitrus Berry|[eat]\n|-heal|p1a: Arboliva|52/100|[from] item: Sitrus Berry\n|move|p1a: Arboliva|Hyper Voice|p2a: Gogoat\n|-damage|p2a: Gogoat|113/360\n|\n|-heal|p2a: Gogoat|135/360|[from] item: Leftovers\n|upkeep\n|turn|23\n|inactive|Time left: 300 sec this turn | 300 sec total\n|\n|t:|1783565501\n|move|p2a: Gogoat|Horn Leech|p1a: Arboliva\n|-resisted|p1a: Arboliva\n|-damage|p1a: Arboliva|25/100\n|-heal|p2a: Gogoat|173/360|[from] drain|[of] p1a: Arboliva\n|move|p1a: Arboliva|Hyper Voice|p2a: Gogoat\n|-damage|p2a: Gogoat|37/360\n|\n|-heal|p2a: Gogoat|59/360|[from] item: Leftovers\n|upkeep\n|turn|24\n|inactive|Time left: 300 sec this turn | 300 sec total\n|\n|t:|1783565502\n|move|p1a: Arboliva|Protect|p1a: Arboliva\n|-singleturn|p1a: Arboliva|Protect\n|move|p2a: Gogoat|Milk Drink|p2a: Gogoat\n|-heal|p2a: Gogoat|239/360\n|\n|-heal|p2a: Gogoat|261/360|[from] item: Leftovers\n|upkeep\n|turn|25\n|inactive|Time left: 300 sec this turn | 300 sec total\n|\n|t:|1783565503\n|move|p1a: Arboliva|Protect|p1a: Arboliva\n|-singleturn|p1a: Arboliva|Protect\n|move|p2a: Gogoat|Horn Leech|p1a: Arboliva\n|-activate|p1a: Arboliva|move: Protect\n|\n|-heal|p2a: Gogoat|283/360|[from] item: Leftovers\n|-item|p1a: Arboliva|Sitrus Berry|[from] ability: Harvest\n|upkeep\n|-enditem|p1a: Arboliva|Sitrus Berry|[eat]\n|-heal|p1a: Arboliva|50/100|[from] item: Sitrus Berry\n|turn|26\n|inactive|Time left: 300 sec this turn | 300 sec total\n|\n|t:|1783565504\n|move|p2a: Gogoat|Horn Leech|p1a: Arboliva\n|-resisted|p1a: Arboliva\n|-damage|p1a: Arboliva|21/100\n|-heal|p2a: Gogoat|326/360|[from] drain|[of] p1a: Arboliva\n|move|p1a: Arboliva|Hyper Voice|p2a: Gogoat\n|-damage|p2a: Gogoat|182/360\n|\n|-heal|p2a: Gogoat|204/360|[from] item: Leftovers\n|-item|p1a: Arboliva|Sitrus Berry|[from] ability: Harvest\n|upkeep\n|-enditem|p1a: Arboliva|Sitrus Berry|[eat]\n|-heal|p1a: Arboliva|46/100|[from] item: Sitrus Berry\n|turn|27\n|inactive|Time left: 300 sec this turn | 300 sec total\n|\n|t:|1783565505\n|move|p2a: Gogoat|Horn Leech|p1a: Arboliva\n|-resisted|p1a: Arboliva\n|-crit|p1a: Arboliva\n|-damage|p1a: Arboliva|6/100\n|-heal|p2a: Gogoat|261/360|[from] drain|[of] p1a: Arboliva\n|move|p1a: Arboliva|Hyper Voice|p2a: Gogoat\n|-damage|p2a: Gogoat|117/360\n|\n|-heal|p2a: Gogoat|139/360|[from] item: Leftovers\n|-item|p1a: Arboliva|Sitrus Berry|[from] ability: Harvest\n|upkeep\n|-enditem|p1a: Arboliva|Sitrus Berry|[eat]\n|-heal|p1a: Arboliva|31/100|[from] item: Sitrus Berry\n|turn|28\n|inactive|Time left: 300 sec this turn | 300 sec total\n|\n|t:|1783565506\n|move|p2a: Gogoat|Milk Drink|p2a: Gogoat\n|-heal|p2a: Gogoat|319/360\n|move|p1a: Arboliva|Hyper Voice|p2a: Gogoat\n|-damage|p2a: Gogoat|189/360\n|\n|-heal|p2a: Gogoat|211/360|[from] item: Leftovers\n|upkeep\n|turn|29\n|inactive|Time left: 300 sec this turn | 300 sec total\n|\n|t:|1783565508\n|move|p1a: Arboliva|Protect|p1a: Arboliva\n|-singleturn|p1a: Arboliva|Protect\n|move|p2a: Gogoat|Horn Leech|p1a: Arboliva\n|-activate|p1a: Arboliva|move: Protect\n|\n|-heal|p2a: Gogoat|233/360|[from] item: Leftovers\n|upkeep\n|turn|30\n|inactive|Time left: 300 sec this turn | 300 sec total\n|\n|t:|1783565509\n|move|p2a: Gogoat|Horn Leech|p1a: Arboliva\n|-resisted|p1a: Arboliva\n|-damage|p1a: Arboliva|4/100\n|-heal|p2a: Gogoat|272/360|[from] drain|[of] p1a: Arboliva\n|move|p1a: Arboliva|Hyper Voice|p2a: Gogoat\n|-damage|p2a: Gogoat|140/360\n|\n|-heal|p2a: Gogoat|162/360|[from] item: Leftovers\n|-item|p1a: Arboliva|Sitrus Berry|[from] ability: Harvest\n|upkeep\n|-enditem|p1a: Arboliva|Sitrus Berry|[eat]\n|-heal|p1a: Arboliva|29/100|[from] item: Sitrus Berry\n|turn|31\n|inactive|Time left: 300 sec this turn | 300 sec total\n|\n|t:|1783565510\n|move|p1a: Arboliva|Protect|p1a: Arboliva\n|-singleturn|p1a: Arboliva|Protect\n|move|p2a: Gogoat|Milk Drink|p2a: Gogoat\n|-heal|p2a: Gogoat|342/360\n|\n|-heal|p2a: Gogoat|360/360|[from] item: Leftovers\n|-item|p1a: Arboliva|Sitrus Berry|[from] ability: Harvest\n|upkeep\n|-enditem|p1a: Arboliva|Sitrus Berry|[eat]\n|-heal|p1a: Arboliva|54/100|[from] item: Sitrus Berry\n|turn|32\n|inactive|Time left: 300 sec this turn | 300 sec total\n|\n|t:|1783565511\n|move|p2a: Gogoat|Horn Leech|p1a: Arboliva\n|-resisted|p1a: Arboliva\n|-damage|p1a: Arboliva|25/100\n|move|p1a: Arboliva|Substitute|p1a: Arboliva\n|-fail|p1a: Arboliva|move: Substitute|[weak]\n|\n|-item|p1a: Arboliva|Sitrus Berry|[from] ability: Harvest\n|upkeep\n|-enditem|p1a: Arboliva|Sitrus Berry|[eat]\n|-heal|p1a: Arboliva|50/100|[from] item: Sitrus Berry\n|turn|33\n|inactive|Time left: 300 sec this turn | 300 sec total\n|\n|t:|1783565511\n|move|p1a: Arboliva|Protect|p1a: Arboliva\n|-singleturn|p1a: Arboliva|Protect\n|move|p2a: Gogoat|Horn Leech|p1a: Arboliva\n|-activate|p1a: Arboliva|move: Protect\n|\n|-item|p1a: Arboliva|Sitrus Berry|[from] ability: Harvest\n|upkeep\n|-enditem|p1a: Arboliva|Sitrus Berry|[eat]\n|-heal|p1a: Arboliva|75/100|[from] item: Sitrus Berry\n|turn|34\n|inactive|Time left: 300 sec this turn | 300 sec total\n|\n|t:|1783565512\n|move|p2a: Gogoat|Horn Leech|p1a: Arboliva\n|-resisted|p1a: Arboliva\n|-damage|p1a: Arboliva|49/100\n|move|p1a: Arboliva|Hyper Voice|p2a: Gogoat\n|-damage|p2a: Gogoat|228/360\n|\n|-heal|p2a: Gogoat|250/360|[from] item: Leftovers\n|-item|p1a: Arboliva|Sitrus Berry|[from] ability: Harvest\n|upkeep\n|-enditem|p1a: Arboliva|Sitrus Berry|[eat]\n|-heal|p1a: Arboliva|74/100|[from] item: Sitrus Berry\n|turn|35\n|inactive|Time left: 300 sec this turn | 300 sec total\n|\n|t:|1783565513\n|move|p2a: Gogoat|Horn Leech|p1a: Arboliva\n|-resisted|p1a: Arboliva\n|-damage|p1a: Arboliva|47/100\n|-heal|p2a: Gogoat|289/360|[from] drain|[of] p1a: Arboliva\n|move|p1a: Arboliva|Hyper Voice|p2a: Gogoat\n|-damage|p2a: Gogoat|150/360\n|\n|-heal|p2a: Gogoat|172/360|[from] item: Leftovers\n|-item|p1a: Arboliva|Sitrus Berry|[from] ability: Harvest\n|upkeep\n|-enditem|p1a: Arboliva|Sitrus Berry|[eat]\n|-heal|p1a: Arboliva|72/100|[from] item: Sitrus Berry\n|turn|36\n|inactive|Time left: 300 sec this turn | 300 sec total\n|\n|t:|1783565514\n|move|p1a: Arboliva|Protect|p1a: Arboliva\n|-singleturn|p1a: Arboliva|Protect\n|move|p2a: Gogoat|Horn Leech|p1a: Arboliva\n|-activate|p1a: Arboliva|move: Protect\n|\n|-heal|p2a: Gogoat|194/360|[from] item: Leftovers\n|-item|p1a: Arboliva|Sitrus Berry|[from] ability: Harvest\n|upkeep\n|turn|37\n|inactive|Time left: 300 sec this turn | 300 sec total\n|\n|t:|1783565515\n|move|p2a: Gogoat|Horn Leech|p1a: Arboliva\n|-resisted|p1a: Arboliva\n|-damage|p1a: Arboliva|45/100\n|-heal|p2a: Gogoat|233/360|[from] drain|[of] p1a: Arboliva\n|-enditem|p1a: Arboliva|Sitrus Berry|[eat]\n|-heal|p1a: Arboliva|70/100|[from] item: Sitrus Berry\n|move|p1a: Arboliva|Hyper Voice|p2a: Gogoat\n|-damage|p2a: Gogoat|101/360\n|\n|-heal|p2a: Gogoat|123/360|[from] item: Leftovers\n|-item|p1a: Arboliva|Sitrus Berry|[from] ability: Harvest\n|upkeep\n|turn|38\n|inactive|Time left: 300 sec this turn | 300 sec total\n|\n|t:|1783565516\n|move|p1a: Arboliva|Protect|p1a: Arboliva\n|-singleturn|p1a: Arboliva|Protect\n|move|p2a: Gogoat|Milk Drink|p2a: Gogoat\n|-heal|p2a: Gogoat|303/360\n|\n|-heal|p2a: Gogoat|325/360|[from] item: Leftovers\n|upkeep\n|turn|39\n|inactive|Time left: 300 sec this turn | 300 sec total\n|\n|t:|1783565517\n|move|p1a: Arboliva|Protect|p1a: Arboliva\n|-singleturn|p1a: Arboliva|Protect\n|move|p2a: Gogoat|Horn Leech|p1a: Arboliva\n|-activate|p1a: Arboliva|move: Protect\n|\n|-heal|p2a: Gogoat|347/360|[from] item: Leftovers\n|upkeep\n|turn|40\n|inactive|Time left: 300 sec this turn | 300 sec total\n|\n|t:|1783565518\n|move|p2a: Gogoat|Bulk Up|p2a: Gogoat\n|-boost|p2a: Gogoat|atk|1\n|-boost|p2a: Gogoat|def|1\n|move|p1a: Arboliva|Substitute|p1a: Arboliva\n|-start|p1a: Arboliva|Substitute\n|-damage|p1a: Arboliva|45/100\n|-enditem|p1a: Arboliva|Sitrus Berry|[eat]\n|-heal|p1a: Arboliva|70/100|[from] item: Sitrus Berry\n|\n|-heal|p2a: Gogoat|360/360|[from] item: Leftovers\n|upkeep\n|turn|41\n|inactive|Time left: 300 sec this turn | 300 sec total\n|\n|t:|1783565519\n|move|p1a: Arboliva|Protect|p1a: Arboliva\n|-singleturn|p1a: Arboliva|Protect\n|move|p2a: Gogoat|Earthquake|p1a: Arboliva\n|-activate|p1a: Arboliva|move: Protect\n|\n|upkeep\n|turn|42\n|inactive|Time left: 300 sec this turn | 300 sec total\n|\n|t:|1783565520\n|move|p2a: Gogoat|Earthquake|p1a: Arboliva\n|-resisted|p1a: Arboliva\n|-end|p1a: Arboliva|Substitute\n|move|p1a: Arboliva|Substitute|p1a: Arboliva\n|-start|p1a: Arboliva|Substitute\n|-damage|p1a: Arboliva|45/100\n|\n|-item|p1a: Arboliva|Sitrus Berry|[from] ability: Harvest\n|upkeep\n|-enditem|p1a: Arboliva|Sitrus Berry|[eat]\n|-heal|p1a: Arboliva|70/100|[from] item: Sitrus Berry\n|turn|43\n|inactive|Time left: 300 sec this turn | 300 sec total\n|\n|t:|1783565521\n|move|p1a: Arboliva|Protect|p1a: Arboliva\n|-singleturn|p1a: Arboliva|Protect\n|move|p2a: Gogoat|Earthquake|p1a: Arboliva\n|-activate|p1a: Arboliva|move: Protect\n|\n|-item|p1a: Arboliva|Sitrus Berry|[from] ability: Harvest\n|upkeep\n|turn|44\n|inactive|Time left: 300 sec this turn | 300 sec total\n|\n|t:|1783565522\n|move|p1a: Arboliva|Protect||[still]\n|-fail|p1a: Arboliva\n|move|p2a: Gogoat|Earthquake|p1a: Arboliva\n|-resisted|p1a: Arboliva\n|-end|p1a: Arboliva|Substitute\n|\n|upkeep\n|turn|45\n|inactive|Time left: 300 sec this turn | 300 sec total\n|\n|t:|1783565523\n|move|p1a: Arboliva|Protect|p1a: Arboliva\n|-singleturn|p1a: Arboliva|Protect\n|move|p2a: Gogoat|Earthquake|p1a: Arboliva\n|-activate|p1a: Arboliva|move: Protect\n|\n|upkeep\n|turn|46\n|inactive|Time left: 300 sec this turn | 300 sec total\n|\n|t:|1783565524\n|move|p2a: Gogoat|Earthquake|p1a: Arboliva\n|-resisted|p1a: Arboliva\n|-damage|p1a: Arboliva|38/100\n|-enditem|p1a: Arboliva|Sitrus Berry|[eat]\n|-heal|p1a: Arboliva|63/100|[from] item: Sitrus Berry\n|move|p1a: Arboliva|Substitute|p1a: Arboliva\n|-start|p1a: Arboliva|Substitute\n|-damage|p1a: Arboliva|38/100\n|\n|-item|p1a: Arboliva|Sitrus Berry|[from] ability: Harvest\n|upkeep\n|-enditem|p1a: Arboliva|Sitrus Berry|[eat]\n|-heal|p1a: Arboliva|63/100|[from] item: Sitrus Berry\n|turn|47\n|inactive|Time left: 300 sec this turn | 300 sec total\n|\n|t:|1783565525\n|move|p1a: Arboliva|Protect|p1a: Arboliva\n|-singleturn|p1a: Arboliva|Protect\n|move|p2a: Gogoat|Earthquake|p1a: Arboliva\n|-activate|p1a: Arboliva|move: Protect\n|\n|-item|p1a: Arboliva|Sitrus Berry|[from] ability: Harvest\n|upkeep\n|turn|48\n|inactive|Time left: 300 sec this turn | 300 sec total\n|\n|t:|1783565526\n|move|p1a: Arboliva|Protect||[still]\n|-fail|p1a: Arboliva\n|move|p2a: Gogoat|Earthquake|p1a: Arboliva\n|-resisted|p1a: Arboliva\n|-end|p1a: Arboliva|Substitute\n|\n|upkeep\n|turn|49\n|inactive|Time left: 300 sec this turn | 300 sec total\n|\n|t:|1783565527\n|move|p2a: Gogoat|Earthquake|p1a: Arboliva\n|-resisted|p1a: Arboliva\n|-damage|p1a: Arboliva|32/100\n|-enditem|p1a: Arboliva|Sitrus Berry|[eat]\n|-heal|p1a: Arboliva|57/100|[from] item: Sitrus Berry\n|move|p1a: Arboliva|Substitute|p1a: Arboliva\n|-start|p1a: Arboliva|Substitute\n|-damage|p1a: Arboliva|32/100\n|\n|-item|p1a: Arboliva|Sitrus Berry|[from] ability: Harvest\n|upkeep\n|-enditem|p1a: Arboliva|Sitrus Berry|[eat]\n|-heal|p1a: Arboliva|57/100|[from] item: Sitrus Berry\n|turn|50\n|inactive|Time left: 300 sec this turn | 300 sec total\n|\n|t:|1783565528\n|move|p1a: Arboliva|Protect|p1a: Arboliva\n|-singleturn|p1a: Arboliva|Protect\n|move|p2a: Gogoat|Earthquake|p1a: Arboliva\n|-activate|p1a: Arboliva|move: Protect\n|\n|upkeep\n|turn|51\n|inactive|Time left: 300 sec this turn | 300 sec total\n|\n|t:|1783565529\n|move|p1a: Arboliva|Protect|p1a: Arboliva\n|-singleturn|p1a: Arboliva|Protect\n|move|p2a: Gogoat|Earthquake|p1a: Arboliva\n|-activate|p1a: Arboliva|move: Protect\n|\n|upkeep\n|turn|52\n|inactive|Time left: 300 sec this turn | 300 sec total\n|\n|t:|1783565530\n|move|p2a: Gogoat|Earthquake|p1a: Arboliva\n|-resisted|p1a: Arboliva\n|-end|p1a: Arboliva|Substitute\n|move|p1a: Arboliva|Substitute|p1a: Arboliva\n|-start|p1a: Arboliva|Substitute\n|-damage|p1a: Arboliva|32/100\n|\n|-item|p1a: Arboliva|Sitrus Berry|[from] ability: Harvest\n|upkeep\n|-enditem|p1a: Arboliva|Sitrus Berry|[eat]\n|-heal|p1a: Arboliva|57/100|[from] item: Sitrus Berry\n|turn|53\n|inactive|Time left: 300 sec this turn | 300 sec total\n|\n|t:|1783565531\n|move|p2a: Gogoat|Earthquake|p1a: Arboliva\n|-resisted|p1a: Arboliva\n|-end|p1a: Arboliva|Substitute\n|move|p1a: Arboliva|Substitute|p1a: Arboliva\n|-start|p1a: Arboliva|Substitute\n|-damage|p1a: Arboliva|32/100\n|\n|upkeep\n|turn|54\n|inactive|Time left: 300 sec this turn | 300 sec total\n|\n|t:|1783565531\n|move|p2a: Gogoat|Earthquake|p1a: Arboliva\n|-resisted|p1a: Arboliva\n|-end|p1a: Arboliva|Substitute\n|move|p1a: Arboliva|Substitute|p1a: Arboliva\n|-start|p1a: Arboliva|Substitute\n|-damage|p1a: Arboliva|7/100\n|\n|upkeep\n|turn|55\n|inactive|Time left: 300 sec this turn | 300 sec total\n|\n|t:|1783565532\n|move|p2a: Gogoat|Earthquake|p1a: Arboliva\n|-resisted|p1a: Arboliva\n|-end|p1a: Arboliva|Substitute\n|move|p1a: Arboliva|Substitute|p1a: Arboliva\n|-fail|p1a: Arboliva|move: Substitute|[weak]\n|\n|-item|p1a: Arboliva|Sitrus Berry|[from] ability: Harvest\n|upkeep\n|-enditem|p1a: Arboliva|Sitrus Berry|[eat]\n|-heal|p1a: Arboliva|32/100|[from] item: Sitrus Berry\n|turn|56\n|inactive|Time left: 300 sec this turn | 300 sec total\n|\n|t:|1783565533\n|move|p2a: Gogoat|Bulk Up|p2a: Gogoat\n|-boost|p2a: Gogoat|atk|1\n|-boost|p2a: Gogoat|def|1\n|move|p1a: Arboliva|Leech Seed|p2a: Gogoat\n|-ability|p2a: Gogoat|Sap Sipper|boost\n|-boost|p2a: Gogoat|atk|1\n|\n|-item|p1a: Arboliva|Sitrus Berry|[from] ability: Harvest\n|upkeep\n|-enditem|p1a: Arboliva|Sitrus Berry|[eat]\n|-heal|p1a: Arboliva|57/100|[from] item: Sitrus Berry\n|turn|57\n|inactive|Time left: 300 sec this turn | 300 sec total\n|\n|t:|1783565534\n|move|p2a: Gogoat|Bulk Up|p2a: Gogoat\n|-boost|p2a: Gogoat|atk|1\n|-boost|p2a: Gogoat|def|1\n|move|p1a: Arboliva|Substitute|p1a: Arboliva\n|-start|p1a: Arboliva|Substitute\n|-damage|p1a: Arboliva|32/100\n|\n|upkeep\n|turn|58\n|inactive|Time left: 300 sec this turn | 300 sec total\n|\n|t:|1783565534\n|move|p2a: Gogoat|Bulk Up|p2a: Gogoat\n|-boost|p2a: Gogoat|atk|0\n|-boost|p2a: Gogoat|def|1\n|move|p1a: Arboliva|Substitute|p1a: Arboliva\n|-fail|p1a: Arboliva|move: Substitute\n|\n|upkeep\n|turn|59\n|inactive|Time left: 300 sec this turn | 300 sec total\n|\n|t:|1783565535\n|move|p2a: Gogoat|Earthquake|p1a: Arboliva\n|-resisted|p1a: Arboliva\n|-end|p1a: Arboliva|Substitute\n|move|p1a: Arboliva|Substitute|p1a: Arboliva\n|-start|p1a: Arboliva|Substitute\n|-damage|p1a: Arboliva|7/100\n|\n|-item|p1a: Arboliva|Sitrus Berry|[from] ability: Harvest\n|upkeep\n|-enditem|p1a: Arboliva|Sitrus Berry|[eat]\n|-heal|p1a: Arboliva|32/100|[from] item: Sitrus Berry\n|turn|60\n|inactive|Time left: 300 sec this turn | 300 sec total\n|\n|t:|1783565536\n|move|p2a: Gogoat|Bulk Up|p2a: Gogoat\n|-boost|p2a: Gogoat|atk|0\n|-boost|p2a: Gogoat|def|0\n|move|p1a: Arboliva|Leech Seed|p2a: Gogoat\n|-immune|p2a: Gogoat|[from] ability: Sap Sipper\n|\n|upkeep\n|turn|61\n|inactive|Time left: 300 sec this turn | 300 sec total\n|\n|t:|1783565537\n|move|p2a: Gogoat|Bulk Up|p2a: Gogoat\n|-boost|p2a: Gogoat|atk|0\n|-boost|p2a: Gogoat|def|0\n|move|p1a: Arboliva|Leech Seed|p2a: Gogoat\n|-immune|p2a: Gogoat|[from] ability: Sap Sipper\n|\n|-item|p1a: Arboliva|Sitrus Berry|[from] ability: Harvest\n|upkeep\n|-enditem|p1a: Arboliva|Sitrus Berry|[eat]\n|-heal|p1a: Arboliva|57/100|[from] item: Sitrus Berry\n|turn|62\n|inactive|Time left: 300 sec this turn | 300 sec total\n|\n|t:|1783565538\n|move|p2a: Gogoat|Bulk Up|p2a: Gogoat\n|-boost|p2a: Gogoat|atk|0\n|-boost|p2a: Gogoat|def|0\n|move|p1a: Arboliva|Leech Seed|p2a: Gogoat\n|-immune|p2a: Gogoat|[from] ability: Sap Sipper\n|\n|upkeep\n|turn|63\n|inactive|Time left: 300 sec this turn | 300 sec total\n|\n|t:|1783565539\n|move|p2a: Gogoat|Bulk Up|p2a: Gogoat\n|-boost|p2a: Gogoat|atk|0\n|-boost|p2a: Gogoat|def|0\n|move|p1a: Arboliva|Leech Seed|p2a: Gogoat\n|-immune|p2a: Gogoat|[from] ability: Sap Sipper\n|\n|upkeep\n|turn|64\n|inactive|Time left: 300 sec this turn | 300 sec total\n|\n|t:|1783565540\n|move|p2a: Gogoat|Bulk Up|p2a: Gogoat\n|-boost|p2a: Gogoat|atk|0\n|-boost|p2a: Gogoat|def|0\n|move|p1a: Arboliva|Leech Seed|p2a: Gogoat\n|-immune|p2a: Gogoat|[from] ability: Sap Sipper\n|\n|-item|p1a: Arboliva|Sitrus Berry|[from] ability: Harvest\n|upkeep\n|turn|65\n|inactive|Time left: 300 sec this turn | 300 sec total\n|\n|t:|1783565541\n|move|p2a: Gogoat|Bulk Up|p2a: Gogoat\n|-boost|p2a: Gogoat|atk|0\n|-boost|p2a: Gogoat|def|0\n|move|p1a: Arboliva|Substitute|p1a: Arboliva\n|-fail|p1a: Arboliva|move: Substitute\n|\n|upkeep\n|turn|66\n|inactive|Time left: 300 sec this turn | 300 sec total\n|\n|t:|1783565543\n|move|p2a: Gogoat|Milk Drink||[still]\n|-fail|p2a: Gogoat|heal\n|move|p1a: Arboliva|Substitute|p1a: Arboliva\n|-fail|p1a: Arboliva|move: Substitute\n|\n|upkeep\n|turn|67\n|inactive|Time left: 300 sec this turn | 300 sec total\n|\n|t:|1783565544\n|move|p2a: Gogoat|Bulk Up|p2a: Gogoat\n|-boost|p2a: Gogoat|atk|0\n|-boost|p2a: Gogoat|def|0\n|move|p1a: Arboliva|Substitute|p1a: Arboliva\n|-fail|p1a: Arboliva|move: Substitute\n|\n|upkeep\n|turn|68\n|inactive|Time left: 300 sec this turn | 300 sec total\n|\n|t:|1783565544\n|switch|p1a: Rabsca|Rabsca, L91, F|20/100\n|move|p2a: Gogoat|Bulk Up|p2a: Gogoat\n|-boost|p2a: Gogoat|atk|0\n|-boost|p2a: Gogoat|def|0\n|\n|upkeep\n|turn|69\n|inactive|Time left: 300 sec this turn | 300 sec total\n|\n|t:|1783565546\n|move|p2a: Gogoat|Horn Leech|p1a: Rabsca\n|-resisted|p1a: Rabsca\n|-damage|p1a: Rabsca|0 fnt\n|faint|p1a: Rabsca\n|\n|upkeep\n|\n|t:|1783565546\n|switch|p1a: Arboliva|Arboliva, L91, M|57/100\n|turn|70\n|inactive|Time left: 300 sec this turn | 300 sec total\n|\n|t:|1783565547\n|move|p2a: Gogoat|Bulk Up|p2a: Gogoat\n|-boost|p2a: Gogoat|atk|0\n|-boost|p2a: Gogoat|def|0\n|move|p1a: Arboliva|Leech Seed|p2a: Gogoat\n|-immune|p2a: Gogoat|[from] ability: Sap Sipper\n|\n|upkeep\n|turn|71\n|inactive|Time left: 300 sec this turn | 300 sec total\n|\n|t:|1783565548\n|move|p2a: Gogoat|Bulk Up|p2a: Gogoat\n|-boost|p2a: Gogoat|atk|0\n|-boost|p2a: Gogoat|def|0\n|move|p1a: Arboliva|Leech Seed|p2a: Gogoat\n|-immune|p2a: Gogoat|[from] ability: Sap Sipper\n|\n|upkeep\n|turn|72\n|inactive|Time left: 300 sec this turn | 300 sec total\n|\n|t:|1783565549\n|move|p2a: Gogoat|Bulk Up|p2a: Gogoat\n|-boost|p2a: Gogoat|atk|0\n|-boost|p2a: Gogoat|def|0\n|move|p1a: Arboliva|Leech Seed|p2a: Gogoat\n|-immune|p2a: Gogoat|[from] ability: Sap Sipper\n|\n|upkeep\n|turn|73\n|inactive|Time left: 300 sec this turn | 300 sec total\n|\n|t:|1783565550\n|move|p2a: Gogoat|Bulk Up|p2a: Gogoat\n|-boost|p2a: Gogoat|atk|0\n|-boost|p2a: Gogoat|def|0\n|move|p1a: Arboliva|Leech Seed|p2a: Gogoat\n|-immune|p2a: Gogoat|[from] ability: Sap Sipper\n|\n|upkeep\n|turn|74\n|inactive|Time left: 300 sec this turn | 300 sec total\n|\n|t:|1783565551\n|move|p2a: Gogoat|Bulk Up|p2a: Gogoat\n|-boost|p2a: Gogoat|atk|0\n|-boost|p2a: Gogoat|def|0\n|move|p1a: Arboliva|Leech Seed|p2a: Gogoat\n|-immune|p2a: Gogoat|[from] ability: Sap Sipper\n|\n|upkeep\n|turn|75\n|inactive|Time left: 300 sec this turn | 300 sec total\n|\n|t:|1783565552\n|move|p2a: Gogoat|Bulk Up|p2a: Gogoat\n|-boost|p2a: Gogoat|atk|0\n|-boost|p2a: Gogoat|def|0\n|move|p1a: Arboliva|Leech Seed|p2a: Gogoat\n|-immune|p2a: Gogoat|[from] ability: Sap Sipper\n|\n|upkeep\n|turn|76\n|inactive|Time left: 300 sec this turn | 300 sec total\n|\n|t:|1783565554\n|move|p2a: Gogoat|Bulk Up|p2a: Gogoat\n|-boost|p2a: Gogoat|atk|0\n|-boost|p2a: Gogoat|def|0\n|move|p1a: Arboliva|Leech Seed|p2a: Gogoat\n|-immune|p2a: Gogoat|[from] ability: Sap Sipper\n|\n|upkeep\n|turn|77\n|inactive|Time left: 300 sec this turn | 300 sec total\n|\n|t:|1783565555\n|move|p2a: Gogoat|Bulk Up|p2a: Gogoat\n|-boost|p2a: Gogoat|atk|0\n|-boost|p2a: Gogoat|def|0\n|move|p1a: Arboliva|Leech Seed|p2a: Gogoat\n|-immune|p2a: Gogoat|[from] ability: Sap Sipper\n|\n|upkeep\n|turn|78\n|inactive|Time left: 300 sec this turn | 300 sec total\n|\n|t:|1783565556\n|move|p2a: Gogoat|Bulk Up|p2a: Gogoat\n|-boost|p2a: Gogoat|atk|0\n|-boost|p2a: Gogoat|def|0\n|move|p1a: Arboliva|Leech Seed|p2a: Gogoat\n|-immune|p2a: Gogoat|[from] ability: Sap Sipper\n|\n|upkeep\n|turn|79\n|inactive|Time left: 300 sec this turn | 300 sec total\n|\n|t:|1783565557\n|move|p2a: Gogoat|Bulk Up|p2a: Gogoat\n|-boost|p2a: Gogoat|atk|0\n|-boost|p2a: Gogoat|def|0\n|move|p1a: Arboliva|Leech Seed|p2a: Gogoat\n|-immune|p2a: Gogoat|[from] ability: Sap Sipper\n|\n|upkeep\n|turn|80\n|inactive|Time left: 300 sec this turn | 300 sec total\n|\n|t:|1783565558\n|switch|p2a: Gastrodon|Gastrodon-East, L86, F|331/331\n|-activate|p1a: Arboliva|move: Struggle\n|move|p1a: Arboliva|Struggle|p2a: Gastrodon\n|-damage|p2a: Gastrodon|304/331\n|-damage|p1a: Arboliva|32/100|[from] recoil\n|-enditem|p1a: Arboliva|Sitrus Berry|[eat]\n|-heal|p1a: Arboliva|57/100|[from] item: Sitrus Berry\n|\n|-heal|p2a: Gastrodon|324/331|[from] item: Leftovers\n|-item|p1a: Arboliva|Sitrus Berry|[from] ability: Harvest\n|upkeep\n|turn|81\n|inactive|Time left: 300 sec this turn | 300 sec total\n|\n|t:|1783565559\n|switch|p1a: Basculegion|Basculegion, L80, M|100/100\n|move|p2a: Gastrodon|Earthquake|p1a: Basculegion\n|-damage|p1a: Basculegion|61/100\n|\n|-heal|p2a: Gastrodon|331/331|[from] item: Leftovers\n|upkeep\n|turn|82\n|inactive|Time left: 300 sec this turn | 300 sec total\n|\n|t:|1783565560\n|move|p1a: Basculegion|Shadow Ball|p2a: Gastrodon\n|-damage|p2a: Gastrodon|231/331\n|move|p2a: Gastrodon|Earthquake|p1a: Basculegion\n|-damage|p1a: Basculegion|23/100\n|\n|-heal|p2a: Gastrodon|251/331|[from] item: Leftovers\n|upkeep\n|turn|83\n|inactive|Time left: 300 sec this turn | 300 sec total\n|\n|t:|1783565561\n|move|p1a: Basculegion|Shadow Ball|p2a: Gastrodon\n|-damage|p2a: Gastrodon|161/331\n|move|p2a: Gastrodon|Earthquake|p1a: Basculegion\n|-damage|p1a: Basculegion|0 fnt\n|faint|p1a: Basculegion\n|\n|-heal|p2a: Gastrodon|181/331|[from] item: Leftovers\n|upkeep\n|\n|t:|1783565562\n|switch|p1a: Arboliva|Arboliva, L91, M|57/100\n|turn|84\n|inactive|Time left: 300 sec this turn | 300 sec total\n|\n|t:|1783565563\n|-activate|p1a: Arboliva|move: Struggle\n|move|p1a: Arboliva|Struggle|p2a: Gastrodon\n|-damage|p2a: Gastrodon|150/331\n|-damage|p1a: Arboliva|32/100|[from] recoil\n|-enditem|p1a: Arboliva|Sitrus Berry|[eat]\n|-heal|p1a: Arboliva|57/100|[from] item: Sitrus Berry\n|move|p2a: Gastrodon|Ice Beam|p1a: Arboliva\n|-supereffective|p1a: Arboliva\n|-damage|p1a: Arboliva|23/100\n|\n|-heal|p2a: Gastrodon|170/331|[from] item: Leftovers\n|-item|p1a: Arboliva|Sitrus Berry|[from] ability: Harvest\n|upkeep\n|-enditem|p1a: Arboliva|Sitrus Berry|[eat]\n|-heal|p1a: Arboliva|48/100|[from] item: Sitrus Berry\n|turn|85\n|inactive|Time left: 300 sec this turn | 300 sec total\n|\n|t:|1783565564\n|-activate|p1a: Arboliva|move: Struggle\n|move|p1a: Arboliva|Struggle|p2a: Gastrodon\n|-damage|p2a: Gastrodon|142/331\n|-damage|p1a: Arboliva|23/100|[from] recoil\n|move|p2a: Gastrodon|Ice Beam|p1a: Arboliva\n|-supereffective|p1a: Arboliva\n|-damage|p1a: Arboliva|0 fnt\n|faint|p1a: Arboliva\n|\n|win|p0y2280800d", "uploadtime": 1783565564, "views": 0, "rating": 0, "private": 0, "password": null, "_winner": "p0y2280800d", "_our_name": "p0y2280800d"}