{"id": "battle-gen9randombattle-1736", "formatid": "gen9randombattle", "format": "[Gen 9] Random Battle", "players": ["p0x173681ab", "p0y17360e7c"], "log": "|init|battle\n|title|p0x173681ab vs. p0y17360e7c\n|j|\u2606p0x173681ab\n|j|\u2606p0y17360e7c\n|t:|1783560077\n|gametype|singles\n|player|p1|p0x173681ab|170|\n|player|p2|p0y17360e7c|170|\n|gen|9\n|tier|[Gen 9] Random Battle\n|rule|Species Clause: Limit one of each Pok\u00e9mon\n|rule|HP Percentage Mod: HP is shown in percentages\n|rule|Sleep Clause Mod: Limit one foe put to sleep\n|rule|Illusion Level Mod: Illusion disguises the Pok\u00e9mon's true level\n|\n|t:|1783560077\n|teamsize|p1|6\n|teamsize|p2|6\n|start\n|switch|p1a: Vigoroth|Vigoroth, L85, F|275/275\n|switch|p2a: Toxicroak|Toxicroak, L84, F|100/100\n|turn|1\n|inactive|Battle timer is ON: inactive players will automatically lose when time's up. (requested by p0x173681ab)\n|inactive|p0y17360e7c also wants the timer to be on.\n|\n|t:|1783560078\n|move|p1a: Vigoroth|Bulk Up|p1a: Vigoroth\n|-boost|p1a: Vigoroth|atk|1\n|-boost|p1a: Vigoroth|def|1\n|move|p2a: Toxicroak|Close Combat|p1a: Vigoroth\n|-supereffective|p1a: Vigoroth\n|-damage|p1a: Vigoroth|89/275\n|-unboost|p2a: Toxicroak|def|1\n|-unboost|p2a: Toxicroak|spd|1\n|\n|upkeep\n|turn|2\n|inactive|Time left: 300 sec this turn | 300 sec total\n|\n|t:|1783560078\n|move|p1a: Vigoroth|Earthquake|p2a: Toxicroak\n|-supereffective|p2a: Toxicroak\n|-damage|p2a: Toxicroak|0 fnt\n|faint|p2a: Toxicroak\n|\n|upkeep\n|\n|t:|1783560079\n|switch|p2a: Iron Bundle|Iron Bundle, L78|100/100\n|turn|3\n|inactive|Time left: 300 sec this turn | 300 sec total\n|\n|t:|1783560080\n|move|p2a: Iron Bundle|Ice Beam|p1a: Vigoroth\n|-damage|p1a: Vigoroth|0 fnt\n|faint|p1a: Vigoroth\n|\n|upkeep\n|inactive|Time left: 300 sec this turn | 300 sec total | 5 sec grace\n|\n|t:|1783560081\n|switch|p1a: Reshiram|Reshiram, L76|277/277\n|-ability|p1a: Reshiram|Turboblaze\n|turn|4\n|inactive|Time left: 300 sec this turn | 300 sec total\n|\n|t:|1783560082\n|move|p2a: Iron Bundle|Ice Beam|p1a: Reshiram\n|-damage|p1a: Reshiram|133/277\n|move|p1a: Reshiram|Blue Flare|p2a: Iron Bundle\n|-damage|p2a: Iron Bundle|0 fnt\n|faint|p2a: Iron Bundle\n|-end|p2a: Iron Bundle|Quark Drive|[silent]\n|\n|upkeep\n|\n|t:|1783560083\n|switch|p2a: Palossand|Palossand, L89, F|100/100\n|turn|5\n|inactive|Time left: 300 sec this turn | 300 sec total\n|\n|t:|1783560084\n|move|p1a: Reshiram|Blue Flare|p2a: Palossand\n|-damage|p2a: Palossand|47/100\n|move|p2a: Palossand|Earth Power|p1a: Reshiram\n|-supereffective|p1a: Reshiram\n|-damage|p1a: Reshiram|0 fnt\n|faint|p1a: Reshiram\n|\n|-heal|p2a: Palossand|54/100|[from] item: Leftovers\n|upkeep\n|inactive|Time left: 300 sec this turn | 300 sec total | 5 sec grace\n|\n|t:|1783560085\n|switch|p1a: Ogerpon|Ogerpon-Wellspring, L76, F|247/247\n|turn|6\n|inactive|Time left: 300 sec this turn | 300 sec total\n|\n|t:|1783560086\n|switch|p2a: Victreebel|Victreebel, L90, F|100/100\n|move|p1a: Ogerpon|Power Whip|p2a: Victreebel\n|-resisted|p2a: Victreebel\n|-damage|p2a: Victreebel|87/100\n|\n|upkeep\n|turn|7\n|inactive|Time left: 300 sec this turn | 300 sec total\n|\n|t:|1783560087\n|switch|p1a: Qwilfish|Qwilfish, L86, F|252/252\n|-ability|p1a: Qwilfish|Intimidate|boost\n|-unboost|p2a: Victreebel|atk|1\n|move|p2a: Victreebel|Sludge Wave|p1a: Qwilfish\n|-resisted|p1a: Qwilfish\n|-damage|p1a: Qwilfish|151/252\n|-damage|p2a: Victreebel|77/100|[from] item: Life Orb\n|\n|-heal|p1a: Qwilfish|166/252|[from] item: Leftovers\n|upkeep\n|turn|8\n|inactive|Time left: 300 sec this turn | 300 sec total\n|\n|t:|1783560088\n|move|p1a: Qwilfish|Waterfall|p2a: Victreebel\n|-resisted|p2a: Victreebel\n|-damage|p2a: Victreebel|58/100\n|move|p2a: Victreebel|Strength Sap|p1a: Qwilfish\n|-unboost|p1a: Qwilfish|atk|1\n|-heal|p2a: Victreebel|100/100\n|\n|-heal|p1a: Qwilfish|181/252|[from] item: Leftovers\n|upkeep\n|turn|9\n|inactive|Time left: 300 sec this turn | 300 sec total\n|\n|t:|1783560090\n|switch|p1a: Dipplin|Dipplin, L88, M|284/284\n|move|p2a: Victreebel|Sludge Wave|p1a: Dipplin\n|-supereffective|p1a: Dipplin\n|-damage|p1a: Dipplin|50/284\n|-damage|p2a: Victreebel|90/100|[from] item: Life Orb\n|\n|upkeep\n|turn|10\n|inactive|Time left: 300 sec this turn | 300 sec total\n|\n|t:|1783560091\n|move|p2a: Victreebel|Sludge Wave|p1a: Dipplin\n|-supereffective|p1a: Dipplin\n|-damage|p1a: Dipplin|0 fnt\n|faint|p1a: Dipplin\n|-damage|p2a: Victreebel|80/100|[from] item: Life Orb\n|\n|upkeep\n|inactive|Time left: 300 sec this turn | 300 sec total | 5 sec grace\n|\n|t:|1783560092\n|switch|p1a: Ambipom|Ambipom, L84, M|263/263\n|turn|11\n|inactive|Time left: 300 sec this turn | 300 sec total\n|\n|t:|1783560093\n|switch|p2a: Palossand|Palossand, L89, F|54/100\n|move|p1a: Ambipom|Triple Axel|p2a: Palossand\n|-supereffective|p2a: Palossand\n|-damage|p2a: Palossand|37/100\n|-supereffective|p2a: Palossand\n|-damage|p2a: Palossand|1/100\n|-supereffective|p2a: Palossand\n|-damage|p2a: Palossand|0 fnt\n|faint|p2a: Palossand\n|-hitcount|p2: Palossand|3\n|\n|upkeep\n|\n|t:|1783560094\n|switch|p2a: Bisharp|Bisharp, L79, M|100/100\n|turn|12\n|inactive|Time left: 300 sec this turn | 300 sec total\n|\n|t:|1783560095\n|move|p1a: Ambipom|Triple Axel|p2a: Bisharp\n|-resisted|p2a: Bisharp\n|-damage|p2a: Bisharp|96/100\n|-resisted|p2a: Bisharp\n|-damage|p2a: Bisharp|87/100\n|-resisted|p2a: Bisharp\n|-damage|p2a: Bisharp|75/100\n|-hitcount|p2a: Bisharp|3\n|move|p2a: Bisharp|Swords Dance|p2a: Bisharp\n|-boost|p2a: Bisharp|atk|2\n|\n|upkeep\n|turn|13\n|inactive|Time left: 300 sec this turn | 300 sec total\n|\n|t:|1783560095\n|move|p1a: Ambipom|Triple Axel|p2a: Bisharp\n|-resisted|p2a: Bisharp\n|-damage|p2a: Bisharp|70/100\n|-resisted|p2a: Bisharp\n|-damage|p2a: Bisharp|62/100\n|-resisted|p2a: Bisharp\n|-damage|p2a: Bisharp|48/100\n|-hitcount|p2a: Bisharp|3\n|move|p2a: Bisharp|Iron Head|p1a: Ambipom\n|-damage|p1a: Ambipom|52/263\n|\n|upkeep\n|turn|14\n|inactive|Time left: 300 sec this turn | 300 sec total\n|\n|t:|1783560096\n|move|p2a: Bisharp|Sucker Punch|p1a: Ambipom\n|-damage|p1a: Ambipom|0 fnt\n|faint|p1a: Ambipom\n|\n|upkeep\n|inactive|Time left: 300 sec this turn | 300 sec total | 5 sec grace\n|\n|t:|1783560097\n|switch|p1a: Ogerpon|Ogerpon-Wellspring, L76, F|247/247\n|turn|15\n|inactive|Time left: 300 sec this turn | 300 sec total\n|\n|t:|1783560098\n|-terastallize|p1a: Ogerpon|Water\n|detailschange|p1a: Ogerpon|Ogerpon-Wellspring-Tera, L76, F, tera:Water\n|-ability|p1a: Ogerpon|Embody Aspect (Wellspring)|boost\n|-boost|p1a: Ogerpon|spd|1\n|move|p1a: Ogerpon|Ivy Cudgel|p2a: Bisharp|[anim] Ivy Cudgel Water\n|-damage|p2a: Bisharp|3/100\n|move|p2a: Bisharp|Throat Chop|p1a: Ogerpon\n|-damage|p1a: Ogerpon|49/247\n|-start|p1a: Ogerpon|Throat Chop|[silent]\n|\n|upkeep\n|turn|16\n|inactive|Time left: 300 sec this turn | 300 sec total\n|\n|t:|1783560099\n|switch|p1a: Qwilfish|Qwilfish, L86, F|181/252\n|-ability|p1a: Qwilfish|Intimidate|boost\n|-unboost|p2a: Bisharp|atk|1\n|-ability|p2a: Bisharp|Defiant|boost\n|-boost|p2a: Bisharp|atk|2\n|move|p2a: Bisharp|Sucker Punch||[still]\n|-fail|p2a: Bisharp\n|\n|-heal|p1a: Qwilfish|196/252|[from] item: Leftovers\n|upkeep\n|turn|17\n|inactive|Time left: 300 sec this turn | 300 sec total\n|\n|t:|1783560100\n|move|p1a: Qwilfish|Waterfall|p2a: Bisharp\n|-damage|p2a: Bisharp|0 fnt\n|faint|p2a: Bisharp\n|\n|-heal|p1a: Qwilfish|211/252|[from] item: Leftovers\n|upkeep\n|\n|t:|1783560101\n|switch|p2a: Zekrom|Zekrom, L71|100/100\n|-ability|p2a: Zekrom|Teravolt\n|turn|18\n|inactive|Time left: 300 sec this turn | 300 sec total\n|\n|t:|1783560102\n|switch|p1a: Ogerpon|Ogerpon-Wellspring-Tera, L76, F, tera:Water|49/247\n|-ability|p1a: Ogerpon|Embody Aspect (Wellspring)|boost\n|-boost|p1a: Ogerpon|spd|1\n|-terastallize|p2a: Zekrom|Steel\n|move|p2a: Zekrom|Outrage|p1a: Ogerpon\n|-damage|p1a: Ogerpon|0 fnt\n|faint|p1a: Ogerpon\n|detailschange|p1: Ogerpon|Ogerpon-Wellspring, L76, F|[silent]\n|\n|upkeep\n|inactive|Time left: 300 sec this turn | 300 sec total | 5 sec grace\n|\n|t:|1783560103\n|switch|p1a: Qwilfish|Qwilfish, L86, F|211/252\n|-ability|p1a: Qwilfish|Intimidate|boost\n|-unboost|p2a: Zekrom|atk|1\n|turn|19\n|inactive|Time left: 300 sec this turn | 300 sec total\n|\n|t:|1783560104\n|move|p1a: Qwilfish|Thunder Wave|p2a: Zekrom\n|-status|p2a: Zekrom|par\n|move|p2a: Zekrom|Outrage|p1a: Qwilfish|[from] lockedmove\n|-damage|p1a: Qwilfish|121/252\n|-start|p2a: Zekrom|confusion|[fatigue]\n|\n|-heal|p1a: Qwilfish|136/252|[from] item: Leftovers\n|upkeep\n|turn|20\n|inactive|Time left: 300 sec this turn | 300 sec total\n|\n|t:|1783560105\n|switch|p2a: Victreebel|Victreebel, L90, F|80/100\n|move|p1a: Qwilfish|Waterfall|p2a: Victreebel\n|-resisted|p2a: Victreebel\n|-damage|p2a: Victreebel|62/100\n|\n|-heal|p1a: Qwilfish|151/252|[from] item: Leftovers\n|upkeep\n|turn|21\n|inactive|Time left: 300 sec this turn | 300 sec total\n|\n|t:|1783560106\n|move|p1a: Qwilfish|Thunder Wave|p2a: Victreebel\n|-status|p2a: Victreebel|par\n|move|p2a: Victreebel|Power Whip|p1a: Qwilfish|[miss]\n|-miss|p2a: Victreebel|p1a: Qwilfish\n|\n|-heal|p1a: Qwilfish|166/252|[from] item: Leftovers\n|upkeep\n|turn|22\n|inactive|Time left: 300 sec this turn | 300 sec total\n|\n|t:|1783560107\n|move|p1a: Qwilfish|Waterfall|p2a: Victreebel\n|-resisted|p2a: Victreebel\n|-crit|p2a: Victreebel\n|-damage|p2a: Victreebel|37/100 par\n|cant|p2a: Victreebel|par\n|\n|-heal|p1a: Qwilfish|181/252|[from] item: Leftovers\n|upkeep\n|turn|23\n|inactive|Time left: 300 sec this turn | 300 sec total\n|\n|t:|1783560108\n|move|p1a: Qwilfish|Waterfall|p2a: Victreebel\n|-resisted|p2a: Victreebel\n|-damage|p2a: Victreebel|20/100 par\n|move|p2a: Victreebel|Power Whip|p1a: Qwilfish\n|-damage|p1a: Qwilfish|0 fnt\n|faint|p1a: Qwilfish\n|-damage|p2a: Victreebel|10/100 par|[from] item: Life Orb\n|\n|win|p0y17360e7c", "uploadtime": 1783560108, "views": 0, "rating": 0, "private": 0, "password": null, "_winner": "p0y17360e7c", "_our_name": "p0x173681ab"}