{"id": "battle-gen9randombattle-1714", "formatid": "gen9randombattle", "format": "[Gen 9] Random Battle", "players": ["p0x1714de45", "p0y1714f5b9"], "log": "|init|battle\n|title|p0x1714de45 vs. p0y1714f5b9\n|j|\u2606p0x1714de45\n|j|\u2606p0y1714f5b9\n|t:|1783559047\n|gametype|singles\n|player|p1|p0x1714de45|101|\n|player|p2|p0y1714f5b9|102|\n|gen|9\n|tier|[Gen 9] Random Battle\n|rule|Species Clause: Limit one of each Pok\u00e9mon\n|rule|HP Percentage Mod: HP is shown in percentages\n|rule|Sleep Clause Mod: Limit one foe put to sleep\n|rule|Illusion Level Mod: Illusion disguises the Pok\u00e9mon's true level\n|\n|t:|1783559047\n|teamsize|p1|6\n|teamsize|p2|6\n|start\n|switch|p1a: Crawdaunt|Crawdaunt, L84, M|100/100\n|switch|p2a: Rayquaza|Rayquaza, L72|270/270\n|-ability|p2a: Rayquaza|Air Lock\n|turn|1\n|inactive|Battle timer is ON: inactive players will automatically lose when time's up. (requested by p0x1714de45)\n|inactive|Time left: 300 sec this turn | 300 sec total | 60 sec grace\n|inactive|p0y1714f5b9 also wants the timer to be on.\n|\n|t:|1783559049\n|move|p2a: Rayquaza|Swords Dance|p2a: Rayquaza\n|-boost|p2a: Rayquaza|atk|2\n|move|p1a: Crawdaunt|Knock Off|p2a: Rayquaza\n|-damage|p2a: Rayquaza|28/270\n|-enditem|p2a: Rayquaza|Heavy-Duty Boots|[from] move: Knock Off|[of] p1a: Crawdaunt\n|-damage|p1a: Crawdaunt|91/100|[from] item: Life Orb\n|\n|upkeep\n|turn|2\n|inactive|Time left: 300 sec this turn | 300 sec total\n|\n|t:|1783559050\n|move|p2a: Rayquaza|Dragon Ascent|p1a: Crawdaunt\n|-damage|p1a: Crawdaunt|0 fnt\n|-unboost|p2a: Rayquaza|def|1\n|-unboost|p2a: Rayquaza|spd|1\n|faint|p1a: Crawdaunt\n|\n|upkeep\n|\n|t:|1783559051\n|switch|p1a: Galvantula|Galvantula, L82, M|100/100\n|turn|3\n|inactive|Time left: 300 sec this turn | 300 sec total\n|\n|t:|1783559052\n|move|p2a: Rayquaza|Extreme Speed|p1a: Galvantula\n|-damage|p1a: Galvantula|33/100\n|move|p1a: Galvantula|Sticky Web|p2a: Rayquaza\n|-sidestart|p2: p0y1714f5b9|move: Sticky Web\n|\n|upkeep\n|turn|4\n|inactive|Time left: 300 sec this turn | 300 sec total\n|\n|t:|1783559053\n|move|p2a: Rayquaza|Extreme Speed|p1a: Galvantula\n|-damage|p1a: Galvantula|0 fnt\n|faint|p1a: Galvantula\n|\n|upkeep\n|\n|t:|1783559054\n|switch|p1a: Greninja|Greninja, L80, M|100/100\n|turn|5\n|inactive|Time left: 300 sec this turn | 300 sec total\n|\n|t:|1783559056\n|move|p2a: Rayquaza|Extreme Speed|p1a: Greninja\n|-damage|p1a: Greninja|40/100\n|move|p1a: Greninja|Dark Pulse|p2a: Rayquaza\n|-damage|p2a: Rayquaza|0 fnt\n|faint|p2a: Rayquaza\n|-ability|p1a: Greninja|Battle Bond|boost\n|-boost|p1a: Greninja|atk|1\n|-boost|p1a: Greninja|spa|1\n|-boost|p1a: Greninja|spe|1\n|-activate|p1a: Greninja|ability: Battle Bond\n|-damage|p1a: Greninja|31/100|[from] item: Life Orb\n|\n|upkeep\n|inactive|Time left: 300 sec this turn | 300 sec total | 5 sec grace\n|\n|t:|1783559057\n|switch|p2a: Quagsire|Quagsire, L84, F|297/297\n|-activate|p2a: Quagsire|move: Sticky Web\n|-unboost|p2a: Quagsire|spe|1\n|turn|6\n|inactive|Time left: 300 sec this turn | 300 sec total\n|\n|t:|1783559058\n|-terastallize|p2a: Quagsire|Fairy\n|move|p1a: Greninja|Dark Pulse|p2a: Quagsire\n|-resisted|p2a: Quagsire\n|-damage|p2a: Quagsire|227/297\n|-damage|p1a: Greninja|21/100|[from] item: Life Orb\n|move|p2a: Quagsire|Earthquake|p1a: Greninja\n|-damage|p1a: Greninja|0 fnt\n|faint|p1a: Greninja\n|\n|-heal|p2a: Quagsire|245/297|[from] item: Leftovers\n|upkeep\n|\n|t:|1783559058\n|switch|p1a: Venusaur|Venusaur, L84, M|100/100\n|turn|7\n|inactive|Time left: 300 sec this turn | 300 sec total\n|\n|t:|1783559059\n|switch|p2a: Wyrdeer|Wyrdeer, L87, M|321/321\n|-activate|p2a: Wyrdeer|move: Sticky Web\n|-unboost|p2a: Wyrdeer|spe|1\n|-ability|p2a: Wyrdeer|Intimidate|boost\n|-unboost|p1a: Venusaur|atk|1\n|move|p1a: Venusaur|Sludge Bomb|p2a: Wyrdeer\n|-damage|p2a: Wyrdeer|222/321\n|\n|-heal|p2a: Wyrdeer|242/321|[from] item: Leftovers\n|upkeep\n|turn|8\n|inactive|Time left: 300 sec this turn | 300 sec total\n|\n|t:|1783559060\n|move|p1a: Venusaur|Sludge Bomb|p2a: Wyrdeer\n|-damage|p2a: Wyrdeer|145/321\n|-status|p2a: Wyrdeer|psn\n|move|p2a: Wyrdeer|Psychic Noise|p1a: Venusaur\n|-supereffective|p1a: Venusaur\n|-damage|p1a: Venusaur|38/100\n|-start|p1a: Venusaur|move: Heal Block\n|\n|-heal|p2a: Wyrdeer|165/321 psn|[from] item: Leftovers\n|-damage|p2a: Wyrdeer|125/321 psn|[from] psn\n|upkeep\n|turn|9\n|inactive|Time left: 300 sec this turn | 300 sec total\n|\n|t:|1783559061\n|move|p1a: Venusaur|Sludge Bomb|p2a: Wyrdeer\n|-damage|p2a: Wyrdeer|23/321 psn\n|move|p2a: Wyrdeer|Psychic Noise|p1a: Venusaur\n|-supereffective|p1a: Venusaur\n|-damage|p1a: Venusaur|0 fnt\n|faint|p1a: Venusaur\n|\n|-heal|p2a: Wyrdeer|43/321 psn|[from] item: Leftovers\n|-damage|p2a: Wyrdeer|3/321 psn|[from] psn\n|upkeep\n|\n|t:|1783559062\n|switch|p1a: Farigiraf|Farigiraf, L90, M|100/100\n|turn|10\n|inactive|Time left: 300 sec this turn | 300 sec total\n|\n|t:|1783559062\n|move|p1a: Farigiraf|Psychic Noise|p2a: Wyrdeer\n|-resisted|p2a: Wyrdeer\n|-damage|p2a: Wyrdeer|0 fnt\n|faint|p2a: Wyrdeer\n|\n|upkeep\n|inactive|Time left: 300 sec this turn | 300 sec total | 5 sec grace\n|\n|t:|1783559063\n|switch|p2a: Quagsire|Quagsire, L84, F, tera:Fairy|245/297\n|-activate|p2a: Quagsire|move: Sticky Web\n|-unboost|p2a: Quagsire|spe|1\n|turn|11\n|inactive|Time left: 300 sec this turn | 300 sec total\n|\n|t:|1783559064\n|move|p1a: Farigiraf|Psychic Noise|p2a: Quagsire\n|-damage|p2a: Quagsire|118/297\n|-start|p2a: Quagsire|move: Heal Block\n|move|p2a: Quagsire|Toxic|p1a: Farigiraf\n|-status|p1a: Farigiraf|tox\n|\n|-damage|p1a: Farigiraf|94/100 tox|[from] psn\n|upkeep\n|turn|12\n|inactive|Time left: 300 sec this turn | 300 sec total\n|\n|t:|1783559064\n|move|p1a: Farigiraf|Psychic Noise|p2a: Quagsire\n|-damage|p2a: Quagsire|0 fnt\n|faint|p2a: Quagsire\n|\n|-heal|p1a: Farigiraf|100/100 tox|[from] item: Leftovers\n|-damage|p1a: Farigiraf|88/100 tox|[from] psn\n|upkeep\n|inactive|Time left: 300 sec this turn | 300 sec total | 5 sec grace\n|\n|t:|1783559065\n|switch|p2a: Smeargle|Smeargle, L95, F|258/258\n|-activate|p2a: Smeargle|move: Sticky Web\n|-unboost|p2a: Smeargle|spe|1\n|turn|13\n|inactive|Time left: 300 sec this turn | 300 sec total\n|\n|t:|1783559066\n|move|p1a: Farigiraf|Body Slam|p2a: Smeargle\n|-damage|p2a: Smeargle|95/258\n|move|p2a: Smeargle|Sticky Web|p1a: Farigiraf\n|-sidestart|p1: p0x1714de45|move: Sticky Web\n|\n|-heal|p1a: Farigiraf|94/100 tox|[from] item: Leftovers\n|-damage|p1a: Farigiraf|76/100 tox|[from] psn\n|upkeep\n|turn|14\n|inactive|Time left: 300 sec this turn | 300 sec total\n|\n|t:|1783559067\n|move|p1a: Farigiraf|Wish|p1a: Farigiraf\n|move|p2a: Smeargle|Ceaseless Edge|p1a: Farigiraf\n|-supereffective|p1a: Farigiraf\n|-damage|p1a: Farigiraf|62/100 tox\n|-sidestart|p1: p0x1714de45|Spikes\n|\n|-heal|p1a: Farigiraf|68/100 tox|[from] item: Leftovers\n|-damage|p1a: Farigiraf|44/100 tox|[from] psn\n|upkeep\n|turn|15\n|inactive|Time left: 300 sec this turn | 300 sec total\n|\n|t:|1783559068\n|move|p1a: Farigiraf|Body Slam|p2a: Smeargle\n|-damage|p2a: Smeargle|0 fnt\n|faint|p2a: Smeargle\n|\n|-heal|p1a: Farigiraf|94/100 tox|[from] move: Wish|[wisher] Farigiraf\n|-heal|p1a: Farigiraf|99/100 tox|[from] item: Leftovers\n|-damage|p1a: Farigiraf|70/100 tox|[from] psn\n|upkeep\n|inactive|Time left: 300 sec this turn | 300 sec total | 5 sec grace\n|\n|t:|1783559069\n|switch|p2a: Sceptile|Sceptile, L87, M|264/264\n|-activate|p2a: Sceptile|move: Sticky Web\n|-unboost|p2a: Sceptile|spe|1\n|turn|16\n|inactive|Time left: 300 sec this turn | 300 sec total\n|\n|t:|1783559070\n|move|p2a: Sceptile|Earthquake|p1a: Farigiraf\n|-damage|p1a: Farigiraf|44/100 tox\n|-damage|p2a: Sceptile|238/264|[from] item: Life Orb\n|move|p1a: Farigiraf|Wish|p1a: Farigiraf\n|\n|-heal|p1a: Farigiraf|50/100 tox|[from] item: Leftovers\n|-damage|p1a: Farigiraf|13/100 tox|[from] psn\n|upkeep\n|turn|17\n|inactive|Time left: 300 sec this turn | 300 sec total\n|\n|t:|1783559071\n|switch|p1a: Froslass|Froslass, L87, F|100/100\n|-activate|p1a: Froslass|move: Sticky Web\n|-unboost|p1a: Froslass|spe|1\n|-damage|p1a: Froslass|88/100|[from] Spikes\n|move|p2a: Sceptile|Earthquake|p1a: Froslass\n|-damage|p1a: Froslass|50/100\n|-start|p2a: Sceptile|Disable|Earthquake|[from] ability: Cursed Body|[of] p1a: Froslass\n|-damage|p2a: Sceptile|212/264|[from] item: Life Orb\n|\n|-heal|p1a: Froslass|100/100|[from] move: Wish|[wisher] Farigiraf\n|upkeep\n|turn|18\n|inactive|Time left: 300 sec this turn | 300 sec total\n|\n|t:|1783559072\n|move|p2a: Sceptile|Giga Drain|p1a: Froslass\n|-damage|p1a: Froslass|49/100\n|-heal|p2a: Sceptile|264/264|[from] drain|[of] p1a: Froslass\n|-damage|p2a: Sceptile|238/264|[from] item: Life Orb\n|move|p1a: Froslass|Will-O-Wisp|p2a: Sceptile\n|-status|p2a: Sceptile|brn\n|\n|-damage|p2a: Sceptile|222/264 brn|[from] brn\n|upkeep\n|turn|19\n|inactive|Time left: 300 sec this turn | 300 sec total\n|\n|t:|1783559073\n|move|p2a: Sceptile|Giga Drain|p1a: Froslass\n|-damage|p1a: Froslass|0 fnt\n|-heal|p2a: Sceptile|264/264 brn|[from] drain|[of] p1a: Froslass\n|faint|p1a: Froslass\n|-damage|p2a: Sceptile|238/264 brn|[from] item: Life Orb\n|\n|-damage|p2a: Sceptile|222/264 brn|[from] brn\n|upkeep\n|\n|t:|1783559074\n|switch|p1a: Farigiraf|Farigiraf, L90, M|13/100 tox\n|-activate|p1a: Farigiraf|move: Sticky Web\n|-unboost|p1a: Farigiraf|spe|1\n|-damage|p1a: Farigiraf|1/100 tox|[from] Spikes\n|turn|20\n|inactive|Time left: 300 sec this turn | 300 sec total\n|\n|t:|1783559075\n|-terastallize|p1a: Farigiraf|Ground\n|move|p1a: Farigiraf|Protect|p1a: Farigiraf\n|-singleturn|p1a: Farigiraf|Protect\n|move|p2a: Sceptile|Rock Slide|p1a: Farigiraf\n|-activate|p1a: Farigiraf|move: Protect\n|\n|-heal|p1a: Farigiraf|7/100 tox|[from] item: Leftovers\n|-damage|p1a: Farigiraf|1/100 tox|[from] psn\n|-damage|p2a: Sceptile|206/264 brn|[from] brn\n|-end|p2a: Sceptile|Disable\n|upkeep\n|turn|21\n|inactive|Time left: 300 sec this turn | 300 sec total\n|\n|t:|1783559076\n|move|p1a: Farigiraf|Protect|p1a: Farigiraf\n|-singleturn|p1a: Farigiraf|Protect\n|move|p2a: Sceptile|Giga Drain|p1a: Farigiraf\n|-activate|p1a: Farigiraf|move: Protect\n|\n|-heal|p1a: Farigiraf|7/100 tox|[from] item: Leftovers\n|-damage|p1a: Farigiraf|0 fnt|[from] psn\n|faint|p1a: Farigiraf\n|\n|win|p0y1714f5b9", "uploadtime": 1783559076, "views": 0, "rating": 0, "private": 0, "password": null, "_winner": "p0y1714f5b9", "_our_name": "p0y1714f5b9"}