{"id": "battle-gen9randombattle-2313", "formatid": "gen9randombattle", "format": "[Gen 9] Random Battle", "players": ["p0x23133521", "p0y23137b82"], "log": "|init|battle\n|title|p0x23133521 vs. p0y23137b82\n|j|\u2606p0x23133521\n|j|\u2606p0y23137b82\n|t:|1783565841\n|gametype|singles\n|player|p1|p0x23133521|101|\n|player|p2|p0y23137b82|101|\n|gen|9\n|tier|[Gen 9] Random Battle\n|rule|Species Clause: Limit one of each Pok\u00e9mon\n|rule|HP Percentage Mod: HP is shown in percentages\n|rule|Sleep Clause Mod: Limit one foe put to sleep\n|rule|Illusion Level Mod: Illusion disguises the Pok\u00e9mon's true level\n|\n|t:|1783565841\n|teamsize|p1|6\n|teamsize|p2|6\n|start\n|switch|p1a: Swalot|Swalot, L90, M|326/326\n|switch|p2a: Exeggutor|Exeggutor-Alola, L89, F|100/100\n|turn|1\n|inactive|Battle timer is ON: inactive players will automatically lose when time's up. (requested by p0x23133521)\n|\n|t:|1783565843\n|move|p1a: Swalot|Gunk Shot|p2a: Exeggutor\n|-supereffective|p2a: Exeggutor\n|-damage|p2a: Exeggutor|26/100\n|-enditem|p2a: Exeggutor|Sitrus Berry|[eat]\n|-heal|p2a: Exeggutor|51/100|[from] item: Sitrus Berry\n|move|p2a: Exeggutor|Dragon Pulse|p1a: Swalot\n|-damage|p1a: Swalot|209/326\n|\n|-heal|p1a: Swalot|229/326|[from] item: Leftovers\n|upkeep\n|turn|2\n|inactive|Time left: 300 sec this turn | 300 sec total\n|inactive|p0y23137b82 also wants the timer to be on.\n|\n|t:|1783565844\n|switch|p2a: Stantler|Stantler, L92, M|100/100\n|-ability|p2a: Stantler|Intimidate|boost\n|-unboost|p1a: Swalot|atk|1\n|move|p1a: Swalot|Gunk Shot|p2a: Stantler\n|-damage|p2a: Stantler|77/100\n|\n|-heal|p1a: Swalot|249/326|[from] item: Leftovers\n|upkeep\n|turn|3\n|inactive|Time left: 300 sec this turn | 300 sec total\n|\n|t:|1783565845\n|move|p2a: Stantler|Earthquake|p1a: Swalot\n|-supereffective|p1a: Swalot\n|-damage|p1a: Swalot|79/326\n|move|p1a: Swalot|Swords Dance|p1a: Swalot\n|-boost|p1a: Swalot|atk|2\n|\n|-heal|p1a: Swalot|99/326|[from] item: Leftovers\n|upkeep\n|turn|4\n|inactive|Time left: 300 sec this turn | 300 sec total\n|\n|t:|1783565846\n|-terastallize|p1a: Swalot|Ground\n|move|p2a: Stantler|Body Slam|p1a: Swalot\n|-damage|p1a: Swalot|0 fnt\n|faint|p1a: Swalot\n|\n|upkeep\n|inactive|Time left: 300 sec this turn | 300 sec total | 5 sec grace\n|\n|t:|1783565847\n|switch|p1a: Tauros|Tauros-Paldea-Aqua, L81, M|254/254\n|-ability|p1a: Tauros|Intimidate|boost\n|-unboost|p2a: Stantler|atk|1\n|turn|5\n|inactive|Time left: 300 sec this turn | 300 sec total\n|\n|t:|1783565848\n|switch|p2a: Manaphy|Manaphy, L78|100/100\n|move|p1a: Tauros|Close Combat|p2a: Manaphy\n|-damage|p2a: Manaphy|30/100\n|-unboost|p1a: Tauros|def|1\n|-unboost|p1a: Tauros|spd|1\n|\n|-heal|p2a: Manaphy|36/100|[from] item: Leftovers\n|upkeep\n|turn|6\n|inactive|Time left: 300 sec this turn | 300 sec total\n|\n|t:|1783565849\n|switch|p2a: Fezandipiti|Fezandipiti, L82, M|100/100\n|move|p1a: Tauros|Close Combat|p2a: Fezandipiti\n|-resisted|p2a: Fezandipiti\n|-damage|p2a: Fezandipiti|82/100\n|-unboost|p1a: Tauros|def|1\n|-unboost|p1a: Tauros|spd|1\n|\n|-heal|p2a: Fezandipiti|88/100|[from] item: Leftovers\n|upkeep\n|turn|7\n|inactive|Time left: 300 sec this turn | 300 sec total\n|\n|t:|1783565850\n|switch|p1a: Magnezone|Magnezone, L85|258/258\n|move|p2a: Fezandipiti|Moonblast|p1a: Magnezone\n|-resisted|p1a: Magnezone\n|-damage|p1a: Magnezone|219/258\n|\n|-heal|p2a: Fezandipiti|94/100|[from] item: Leftovers\n|-heal|p1a: Magnezone|235/258|[from] item: Leftovers\n|upkeep\n|turn|8\n|inactive|Time left: 300 sec this turn | 300 sec total\n|\n|t:|1783565851\n|move|p2a: Fezandipiti|Moonblast|p1a: Magnezone\n|-resisted|p1a: Magnezone\n|-damage|p1a: Magnezone|202/258\n|move|p1a: Magnezone|Flash Cannon|p2a: Fezandipiti\n|-supereffective|p2a: Fezandipiti\n|-damage|p2a: Fezandipiti|8/100\n|\n|-heal|p2a: Fezandipiti|14/100|[from] item: Leftovers\n|-heal|p1a: Magnezone|218/258|[from] item: Leftovers\n|upkeep\n|turn|9\n|inactive|Time left: 300 sec this turn | 300 sec total\n|\n|t:|1783565852\n|move|p2a: Fezandipiti|Roost|p2a: Fezandipiti\n|-heal|p2a: Fezandipiti|64/100\n|-singleturn|p2a: Fezandipiti|move: Roost\n|move|p1a: Magnezone|Flash Cannon|p2a: Fezandipiti\n|-supereffective|p2a: Fezandipiti\n|-damage|p2a: Fezandipiti|0 fnt\n|faint|p2a: Fezandipiti\n|\n|-heal|p1a: Magnezone|234/258|[from] item: Leftovers\n|upkeep\n|\n|t:|1783565853\n|switch|p2a: Stantler|Stantler, L92, M|77/100\n|-ability|p2a: Stantler|Intimidate|boost\n|-unboost|p1a: Magnezone|atk|1\n|turn|10\n|inactive|Time left: 300 sec this turn | 300 sec total\n|\n|t:|1783565854\n|switch|p1a: Tauros|Tauros-Paldea-Aqua, L81, M|254/254\n|-ability|p1a: Tauros|Intimidate|boost\n|-unboost|p2a: Stantler|atk|1\n|move|p2a: Stantler|Earthquake|p1a: Tauros\n|-damage|p1a: Tauros|206/254\n|\n|upkeep\n|turn|11\n|inactive|Time left: 300 sec this turn | 300 sec total\n|\n|t:|1783565854\n|switch|p2a: Manaphy|Manaphy, L78|36/100\n|move|p1a: Tauros|Close Combat|p2a: Manaphy\n|-damage|p2a: Manaphy|0 fnt\n|-unboost|p1a: Tauros|def|1\n|-unboost|p1a: Tauros|spd|1\n|faint|p2a: Manaphy\n|\n|upkeep\n|\n|t:|1783565855\n|switch|p2a: Iron Boulder|Iron Boulder, L77|100/100\n|turn|12\n|inactive|Time left: 300 sec this turn | 300 sec total\n|\n|t:|1783565856\n|move|p2a: Iron Boulder|Swords Dance|p2a: Iron Boulder\n|-boost|p2a: Iron Boulder|atk|2\n|move|p1a: Tauros|Close Combat|p2a: Iron Boulder\n|-damage|p2a: Iron Boulder|13/100\n|-unboost|p1a: Tauros|def|1\n|-unboost|p1a: Tauros|spd|1\n|\n|upkeep\n|turn|13\n|inactive|Time left: 300 sec this turn | 300 sec total\n|\n|t:|1783565857\n|switch|p1a: Sandy Shocks|Sandy Shocks, L80|267/267\n|move|p2a: Iron Boulder|Close Combat|p1a: Sandy Shocks\n|-damage|p1a: Sandy Shocks|43/267\n|-unboost|p2a: Iron Boulder|def|1\n|-unboost|p2a: Iron Boulder|spd|1\n|-damage|p2a: Iron Boulder|3/100|[from] item: Life Orb\n|\n|upkeep\n|turn|14\n|inactive|Time left: 300 sec this turn | 300 sec total\n|\n|t:|1783565858\n|move|p2a: Iron Boulder|Close Combat|p1a: Sandy Shocks\n|-damage|p1a: Sandy Shocks|0 fnt\n|-unboost|p2a: Iron Boulder|def|1\n|-unboost|p2a: Iron Boulder|spd|1\n|faint|p1a: Sandy Shocks\n|-end|p1a: Sandy Shocks|Protosynthesis|[silent]\n|-damage|p2a: Iron Boulder|0 fnt|[from] item: Life Orb\n|faint|p2a: Iron Boulder\n|-end|p2a: Iron Boulder|Quark Drive|[silent]\n|\n|upkeep\n|inactive|Time left: 300 sec this turn | 300 sec total | 5 sec grace\n|\n|t:|1783565859\n|switch|p2a: Pachirisu|Pachirisu, L96, M|100/100\n|switch|p1a: Tauros|Tauros-Paldea-Aqua, L81, M|206/254\n|-ability|p1a: Tauros|Intimidate|boost\n|-unboost|p2a: Pachirisu|atk|1\n|turn|15\n|inactive|Time left: 300 sec this turn | 300 sec total\n|\n|t:|1783565860\n|move|p2a: Pachirisu|Discharge|p1a: Tauros\n|-supereffective|p1a: Tauros\n|-damage|p1a: Tauros|54/254\n|move|p1a: Tauros|Close Combat|p2a: Pachirisu\n|-damage|p2a: Pachirisu|19/100\n|-unboost|p1a: Tauros|def|1\n|-unboost|p1a: Tauros|spd|1\n|\n|upkeep\n|turn|16\n|inactive|Time left: 300 sec this turn | 300 sec total\n|\n|t:|1783565861\n|switch|p1a: Magnezone|Magnezone, L85|234/258\n|move|p2a: Pachirisu|Discharge|p1a: Magnezone\n|-resisted|p1a: Magnezone\n|-damage|p1a: Magnezone|200/258\n|\n|-heal|p1a: Magnezone|216/258|[from] item: Leftovers\n|upkeep\n|turn|17\n|inactive|Time left: 300 sec this turn | 300 sec total\n|\n|t:|1783565863\n|move|p2a: Pachirisu|Super Fang|p1a: Magnezone\n|-damage|p1a: Magnezone|108/258\n|move|p1a: Magnezone|Flash Cannon|p2a: Pachirisu\n|-resisted|p2a: Pachirisu\n|-damage|p2a: Pachirisu|0 fnt\n|faint|p2a: Pachirisu\n|\n|-heal|p1a: Magnezone|124/258|[from] item: Leftovers\n|upkeep\n|\n|t:|1783565864\n|switch|p2a: Exeggutor|Exeggutor-Alola, L89, F|51/100\n|turn|18\n|inactive|Time left: 300 sec this turn | 300 sec total\n|\n|t:|1783565865\n|move|p1a: Magnezone|Flash Cannon|p2a: Exeggutor\n|-damage|p2a: Exeggutor|11/100\n|move|p2a: Exeggutor|Flamethrower|p1a: Magnezone\n|-supereffective|p1a: Magnezone\n|-damage|p1a: Magnezone|0 fnt\n|faint|p1a: Magnezone\n|\n|-item|p2a: Exeggutor|Sitrus Berry|[from] ability: Harvest\n|upkeep\n|-enditem|p2a: Exeggutor|Sitrus Berry|[eat]\n|-heal|p2a: Exeggutor|36/100|[from] item: Sitrus Berry\n|inactive|Time left: 300 sec this turn | 300 sec total | 5 sec grace\n|\n|t:|1783565866\n|switch|p1a: Tauros|Tauros-Paldea-Aqua, L81, M|54/254\n|-ability|p1a: Tauros|Intimidate|boost\n|-unboost|p2a: Exeggutor|atk|1\n|turn|19\n|inactive|Time left: 300 sec this turn | 300 sec total\n|\n|t:|1783565867\n|move|p1a: Tauros|Close Combat|p2a: Exeggutor\n|-damage|p2a: Exeggutor|0 fnt\n|-unboost|p1a: Tauros|def|1\n|-unboost|p1a: Tauros|spd|1\n|faint|p2a: Exeggutor\n|\n|upkeep\n|\n|t:|1783565868\n|switch|p2a: Stantler|Stantler, L92, M|77/100\n|-ability|p2a: Stantler|Intimidate|boost\n|-unboost|p1a: Tauros|atk|1\n|turn|20\n|inactive|Time left: 300 sec this turn | 300 sec total\n|\n|t:|1783565869\n|move|p1a: Tauros|Close Combat|p2a: Stantler\n|-supereffective|p2a: Stantler\n|-damage|p2a: Stantler|8/100\n|-unboost|p1a: Tauros|def|1\n|-unboost|p1a: Tauros|spd|1\n|move|p2a: Stantler|Body Slam|p1a: Tauros\n|-damage|p1a: Tauros|0 fnt\n|faint|p1a: Tauros\n|\n|upkeep\n|inactive|Time left: 300 sec this turn | 300 sec total | 5 sec grace\n|\n|t:|1783565869\n|switch|p1a: Gyarados|Gyarados, L79, F|280/280\n|-ability|p1a: Gyarados|Intimidate|boost\n|-unboost|p2a: Stantler|atk|1\n|turn|21\n|inactive|Time left: 300 sec this turn | 300 sec total\n|\n|t:|1783565870\n|move|p2a: Stantler|Thunder Wave|p1a: Gyarados\n|-status|p1a: Gyarados|par\n|move|p1a: Gyarados|Earthquake|p2a: Stantler\n|-damage|p2a: Stantler|0 fnt\n|faint|p2a: Stantler\n|\n|win|p0x23133521", "uploadtime": 1783565870, "views": 0, "rating": 0, "private": 0, "password": null, "_winner": "p0x23133521", "_our_name": "p0x23133521"}