{"id": "battle-gen9randombattle-989", "formatid": "gen9randombattle", "format": "[Gen 9] Random Battle", "players": ["p0x9896277", "p0y989174f"], "log": "|init|battle\n|title|p0x9896277 vs. p0y989174f\n|j|\u2606p0x9896277\n|j|\u2606p0y989174f\n|t:|1783551381\n|gametype|singles\n|player|p1|p0x9896277|266|\n|player|p2|p0y989174f|169|\n|gen|9\n|tier|[Gen 9] Random Battle\n|rule|Species Clause: Limit one of each Pok\u00e9mon\n|rule|HP Percentage Mod: HP is shown in percentages\n|rule|Sleep Clause Mod: Limit one foe put to sleep\n|rule|Illusion Level Mod: Illusion disguises the Pok\u00e9mon's true level\n|\n|t:|1783551381\n|teamsize|p1|6\n|teamsize|p2|6\n|start\n|switch|p1a: Cobalion|Cobalion, L80|100/100\n|switch|p2a: Hoopa|Hoopa, L85|275/275\n|turn|1\n|inactive|Battle timer is ON: inactive players will automatically lose when time's up. (requested by p0x9896277)\n|inactive|Time left: 300 sec this turn | 300 sec total | 60 sec grace\n|inactive|p0y989174f also wants the timer to be on.\n|\n|t:|1783551382\n|move|p1a: Cobalion|Calm Mind|p1a: Cobalion\n|-boost|p1a: Cobalion|spa|1\n|-boost|p1a: Cobalion|spd|1\n|move|p2a: Hoopa|Focus Blast|p1a: Cobalion\n|-supereffective|p1a: Cobalion\n|-damage|p1a: Cobalion|10/100\n|-damage|p2a: Hoopa|248/275|[from] item: Life Orb\n|\n|-heal|p1a: Cobalion|16/100|[from] item: Leftovers\n|upkeep\n|turn|2\n|inactive|Time left: 300 sec this turn | 300 sec total\n|\n|t:|1783551384\n|move|p1a: Cobalion|Flash Cannon|p2a: Hoopa\n|-damage|p2a: Hoopa|167/275\n|move|p2a: Hoopa|Psyshock|p1a: Cobalion\n|-damage|p1a: Cobalion|0 fnt\n|faint|p1a: Cobalion\n|-damage|p2a: Hoopa|140/275|[from] item: Life Orb\n|\n|upkeep\n|\n|t:|1783551385\n|switch|p1a: Espathra|Espathra, L80, F|100/100\n|turn|3\n|inactive|Time left: 300 sec this turn | 300 sec total\n|\n|t:|1783551386\n|move|p1a: Espathra|Shadow Ball|p2a: Hoopa\n|-supereffective|p2a: Hoopa\n|-damage|p2a: Hoopa|0 fnt\n|faint|p2a: Hoopa\n|\n|-ability|p1a: Espathra|Speed Boost|boost\n|-boost|p1a: Espathra|spe|1\n|upkeep\n|inactive|Time left: 300 sec this turn | 300 sec total | 5 sec grace\n|\n|t:|1783551387\n|switch|p2a: Zarude|Zarude, L77|288/288\n|turn|4\n|inactive|Time left: 300 sec this turn | 300 sec total\n|\n|t:|1783551388\n|switch|p1a: Incineroar|Incineroar, L82, F|100/100\n|-ability|p1a: Incineroar|Intimidate|boost\n|-unboost|p2a: Zarude|atk|1\n|move|p2a: Zarude|Knock Off|p1a: Incineroar\n|-resisted|p1a: Incineroar\n|-damage|p1a: Incineroar|90/100\n|-enditem|p1a: Incineroar|Heavy-Duty Boots|[from] move: Knock Off|[of] p2a: Zarude\n|\n|upkeep\n|turn|5\n|inactive|Time left: 300 sec this turn | 300 sec total\n|\n|t:|1783551390\n|switch|p2a: Cloyster|Cloyster, L80, M|211/211\n|move|p1a: Incineroar|Flare Blitz|p2a: Cloyster\n|-damage|p2a: Cloyster|136/211\n|-damage|p1a: Incineroar|81/100|[from] Recoil\n|\n|upkeep\n|turn|6\n|inactive|Time left: 300 sec this turn | 300 sec total\n|\n|t:|1783551391\n|switch|p1a: Espathra|Espathra, L80, F|100/100\n|move|p2a: Cloyster|Shell Smash|p2a: Cloyster\n|-unboost|p2a: Cloyster|def|1\n|-unboost|p2a: Cloyster|spd|1\n|-boost|p2a: Cloyster|atk|2\n|-boost|p2a: Cloyster|spa|2\n|-boost|p2a: Cloyster|spe|2\n|-enditem|p2a: Cloyster|White Herb\n|-clearnegativeboost|p2a: Cloyster|[silent]\n|\n|upkeep\n|turn|7\n|inactive|Time left: 300 sec this turn | 300 sec total\n|\n|t:|1783551392\n|switch|p1a: Incineroar|Incineroar, L82, F|81/100\n|-ability|p1a: Incineroar|Intimidate|boost\n|-unboost|p2a: Cloyster|atk|1\n|move|p2a: Cloyster|Icicle Spear|p1a: Incineroar\n|-resisted|p1a: Incineroar\n|-damage|p1a: Incineroar|75/100\n|-resisted|p1a: Incineroar\n|-damage|p1a: Incineroar|68/100\n|-resisted|p1a: Incineroar\n|-damage|p1a: Incineroar|62/100\n|-resisted|p1a: Incineroar\n|-damage|p1a: Incineroar|55/100\n|-resisted|p1a: Incineroar\n|-damage|p1a: Incineroar|49/100\n|-hitcount|p1a: Incineroar|5\n|\n|upkeep\n|turn|8\n|inactive|Time left: 300 sec this turn | 300 sec total\n|\n|t:|1783551393\n|switch|p1a: Espathra|Espathra, L80, F|100/100\n|move|p2a: Cloyster|Hydro Pump|p1a: Espathra\n|-damage|p1a: Espathra|8/100\n|\n|upkeep\n|turn|9\n|inactive|Time left: 300 sec this turn | 300 sec total\n|\n|t:|1783551394\n|move|p2a: Cloyster|Icicle Spear|p1a: Espathra\n|-damage|p1a: Espathra|0 fnt\n|faint|p1a: Espathra\n|-hitcount|p1: Espathra|1\n|\n|upkeep\n|\n|t:|1783551395\n|switch|p1a: Latios|Latios, L78, M|100/100\n|turn|10\n|inactive|Time left: 300 sec this turn | 300 sec total\n|\n|t:|1783551396\n|-terastallize|p1a: Latios|Psychic\n|move|p2a: Cloyster|Icicle Spear|p1a: Latios\n|-damage|p1a: Latios|84/100\n|-damage|p1a: Latios|68/100\n|-damage|p1a: Latios|53/100\n|-damage|p1a: Latios|36/100\n|-damage|p1a: Latios|21/100\n|-hitcount|p1a: Latios|5\n|move|p1a: Latios|Luster Purge|p2a: Cloyster\n|-damage|p2a: Cloyster|0 fnt\n|faint|p2a: Cloyster\n|\n|upkeep\n|inactive|Time left: 300 sec this turn | 300 sec total | 5 sec grace\n|\n|t:|1783551397\n|switch|p2a: Zarude|Zarude, L77|288/288\n|turn|11\n|inactive|Time left: 300 sec this turn | 300 sec total\n|\n|t:|1783551398\n|switch|p1a: Incineroar|Incineroar, L82, F|49/100\n|-ability|p1a: Incineroar|Intimidate|boost\n|-unboost|p2a: Zarude|atk|1\n|move|p2a: Zarude|U-turn|p1a: Incineroar\n|-damage|p1a: Incineroar|37/100\n|inactive|Time left: 300 sec this turn | 300 sec total | 5 sec grace\n|\n|t:|1783551399\n|switch|p2a: Altaria|Altaria, L89, M|278/278|[from] U-turn\n|\n|upkeep\n|turn|12\n|inactive|Time left: 300 sec this turn | 300 sec total\n|\n|t:|1783551400\n|switch|p1a: Garganacl|Garganacl, L80, F|100/100\n|move|p2a: Altaria|Dragon Dance|p2a: Altaria\n|-boost|p2a: Altaria|atk|1\n|-boost|p2a: Altaria|spe|1\n|\n|upkeep\n|turn|13\n|inactive|Time left: 300 sec this turn | 300 sec total\n|\n|t:|1783551401\n|move|p2a: Altaria|Dragon Dance|p2a: Altaria\n|-boost|p2a: Altaria|atk|1\n|-boost|p2a: Altaria|spe|1\n|move|p1a: Garganacl|Salt Cure|p2a: Altaria\n|-supereffective|p2a: Altaria\n|-damage|p2a: Altaria|200/278\n|-start|p2a: Altaria|Salt Cure\n|\n|-damage|p2a: Altaria|166/278|[from] Salt Cure\n|upkeep\n|turn|14\n|inactive|Time left: 300 sec this turn | 300 sec total\n|\n|t:|1783551402\n|move|p2a: Altaria|Roost|p2a: Altaria\n|-heal|p2a: Altaria|278/278\n|-singleturn|p2a: Altaria|move: Roost\n|move|p1a: Garganacl|Iron Defense|p1a: Garganacl\n|-boost|p1a: Garganacl|def|2\n|\n|-damage|p2a: Altaria|244/278|[from] Salt Cure\n|upkeep\n|turn|15\n|inactive|Time left: 300 sec this turn | 300 sec total\n|\n|t:|1783551403\n|move|p2a: Altaria|Dragon Dance|p2a: Altaria\n|-boost|p2a: Altaria|atk|1\n|-boost|p2a: Altaria|spe|1\n|move|p1a: Garganacl|Body Press|p2a: Altaria\n|-resisted|p2a: Altaria\n|-damage|p2a: Altaria|186/278\n|\n|-damage|p2a: Altaria|152/278|[from] Salt Cure\n|upkeep\n|turn|16\n|inactive|Time left: 300 sec this turn | 300 sec total\n|\n|t:|1783551404\n|move|p2a: Altaria|Roost|p2a: Altaria\n|-heal|p2a: Altaria|278/278\n|-singleturn|p2a: Altaria|move: Roost\n|move|p1a: Garganacl|Body Press|p2a: Altaria\n|-damage|p2a: Altaria|164/278\n|\n|-damage|p2a: Altaria|130/278|[from] Salt Cure\n|upkeep\n|turn|17\n|inactive|Time left: 300 sec this turn | 300 sec total\n|\n|t:|1783551405\n|move|p2a: Altaria|Roost|p2a: Altaria\n|-heal|p2a: Altaria|269/278\n|-singleturn|p2a: Altaria|move: Roost\n|move|p1a: Garganacl|Body Press|p2a: Altaria\n|-damage|p2a: Altaria|148/278\n|\n|-damage|p2a: Altaria|114/278|[from] Salt Cure\n|upkeep\n|turn|18\n|inactive|Time left: 300 sec this turn | 300 sec total\n|\n|t:|1783551406\n|move|p2a: Altaria|Roost|p2a: Altaria\n|-heal|p2a: Altaria|253/278\n|-singleturn|p2a: Altaria|move: Roost\n|move|p1a: Garganacl|Body Press|p2a: Altaria\n|-damage|p2a: Altaria|127/278\n|\n|-damage|p2a: Altaria|93/278|[from] Salt Cure\n|upkeep\n|turn|19\n|inactive|Time left: 300 sec this turn | 300 sec total\n|\n|t:|1783551406\n|move|p2a: Altaria|Roost|p2a: Altaria\n|-heal|p2a: Altaria|232/278\n|-singleturn|p2a: Altaria|move: Roost\n|move|p1a: Garganacl|Body Press|p2a: Altaria\n|-crit|p2a: Altaria\n|-damage|p2a: Altaria|52/278\n|\n|-damage|p2a: Altaria|18/278|[from] Salt Cure\n|upkeep\n|turn|20\n|inactive|Time left: 300 sec this turn | 300 sec total\n|\n|t:|1783551407\n|move|p2a: Altaria|Roost|p2a: Altaria\n|-heal|p2a: Altaria|157/278\n|-singleturn|p2a: Altaria|move: Roost\n|move|p1a: Garganacl|Body Press|p2a: Altaria\n|-damage|p2a: Altaria|28/278\n|\n|-damage|p2a: Altaria|0 fnt|[from] Salt Cure\n|faint|p2a: Altaria\n|upkeep\n|inactive|Time left: 300 sec this turn | 300 sec total | 5 sec grace\n|\n|t:|1783551408\n|switch|p2a: Latios|Latios, L78, M|253/253\n|turn|21\n|inactive|Time left: 300 sec this turn | 300 sec total\n|\n|t:|1783551409\n|move|p2a: Latios|Luster Purge|p1a: Garganacl\n|-damage|p1a: Garganacl|53/100\n|move|p1a: Garganacl|Salt Cure|p2a: Latios\n|-damage|p2a: Latios|205/253\n|-start|p2a: Latios|Salt Cure\n|\n|-heal|p1a: Garganacl|59/100|[from] item: Leftovers\n|-damage|p2a: Latios|174/253|[from] Salt Cure\n|upkeep\n|turn|22\n|inactive|Time left: 300 sec this turn | 300 sec total\n|\n|t:|1783551410\n|switch|p1a: Incineroar|Incineroar, L82, F|37/100\n|-ability|p1a: Incineroar|Intimidate|boost\n|-unboost|p2a: Latios|atk|1\n|move|p2a: Latios|Draco Meteor|p1a: Incineroar\n|-damage|p1a: Incineroar|0 fnt\n|-unboost|p2a: Latios|spa|2\n|faint|p1a: Incineroar\n|\n|-damage|p2a: Latios|143/253|[from] Salt Cure\n|upkeep\n|\n|t:|1783551411\n|switch|p1a: Garganacl|Garganacl, L80, F|59/100\n|turn|23\n|inactive|Time left: 300 sec this turn | 300 sec total\n|\n|t:|1783551412\n|switch|p2a: Regirock|Regirock, L83|268/268\n|move|p1a: Garganacl|Iron Defense|p1a: Garganacl\n|-boost|p1a: Garganacl|def|2\n|\n|-heal|p1a: Garganacl|65/100|[from] item: Leftovers\n|upkeep\n|turn|24\n|inactive|Time left: 300 sec this turn | 300 sec total\n|\n|t:|1783551413\n|switch|p2a: Latios|Latios, L78, M|143/253\n|move|p1a: Garganacl|Recover|p1a: Garganacl\n|-heal|p1a: Garganacl|100/100\n|\n|upkeep\n|turn|25\n|inactive|Time left: 300 sec this turn | 300 sec total\n|\n|t:|1783551413\n|move|p2a: Latios|Luster Purge|p1a: Garganacl\n|-damage|p1a: Garganacl|56/100\n|move|p1a: Garganacl|Salt Cure|p2a: Latios\n|-damage|p2a: Latios|95/253\n|-start|p2a: Latios|Salt Cure\n|\n|-heal|p1a: Garganacl|62/100|[from] item: Leftovers\n|-damage|p2a: Latios|64/253|[from] Salt Cure\n|upkeep\n|turn|26\n|inactive|Time left: 300 sec this turn | 300 sec total\n|\n|t:|1783551415\n|move|p2a: Latios|Draco Meteor|p1a: Garganacl\n|-damage|p1a: Garganacl|1/100\n|-unboost|p2a: Latios|spa|2\n|move|p1a: Garganacl|Recover|p1a: Garganacl\n|-heal|p1a: Garganacl|51/100\n|\n|-heal|p1a: Garganacl|58/100|[from] item: Leftovers\n|-damage|p2a: Latios|33/253|[from] Salt Cure\n|upkeep\n|turn|27\n|inactive|Time left: 300 sec this turn | 300 sec total\n|\n|t:|1783551416\n|move|p2a: Latios|Recover|p2a: Latios\n|-heal|p2a: Latios|160/253\n|move|p1a: Garganacl|Recover|p1a: Garganacl\n|-heal|p1a: Garganacl|100/100\n|\n|-damage|p2a: Latios|129/253|[from] Salt Cure\n|upkeep\n|turn|28\n|inactive|Time left: 300 sec this turn | 300 sec total\n|\n|t:|1783551417\n|switch|p2a: Regirock|Regirock, L83|268/268\n|move|p1a: Garganacl|Body Press|p2a: Regirock\n|-supereffective|p2a: Regirock\n|-damage|p2a: Regirock|120/268\n|\n|upkeep\n|turn|29\n|inactive|Time left: 300 sec this turn | 300 sec total\n|\n|t:|1783551418\n|move|p2a: Regirock|Rest|p2a: Regirock\n|-status|p2a: Regirock|slp|[from] move: Rest\n|-heal|p2a: Regirock|268/268 slp|[silent]\n|-enditem|p2a: Regirock|Chesto Berry|[eat]\n|-curestatus|p2a: Regirock|slp|[msg]\n|move|p1a: Garganacl|Body Press|p2a: Regirock\n|-supereffective|p2a: Regirock\n|-damage|p2a: Regirock|132/268\n|\n|upkeep\n|turn|30\n|inactive|Time left: 300 sec this turn | 300 sec total\n|\n|t:|1783551419\n|move|p2a: Regirock|Curse|p2a: Regirock\n|-unboost|p2a: Regirock|spe|1\n|-boost|p2a: Regirock|atk|1\n|-boost|p2a: Regirock|def|1\n|move|p1a: Garganacl|Body Press|p2a: Regirock\n|-supereffective|p2a: Regirock\n|-damage|p2a: Regirock|34/268\n|\n|upkeep\n|turn|31\n|inactive|Time left: 300 sec this turn | 300 sec total\n|\n|t:|1783551420\n|move|p1a: Garganacl|Body Press|p2a: Regirock\n|-supereffective|p2a: Regirock\n|-damage|p2a: Regirock|0 fnt\n|faint|p2a: Regirock\n|\n|upkeep\n|inactive|Time left: 300 sec this turn | 300 sec total | 5 sec grace\n|\n|t:|1783551421\n|switch|p2a: Latios|Latios, L78, M|129/253\n|turn|32\n|inactive|Time left: 300 sec this turn | 300 sec total\n|\n|t:|1783551422\n|move|p2a: Latios|Luster Purge|p1a: Garganacl\n|-damage|p1a: Garganacl|50/100\n|move|p1a: Garganacl|Salt Cure|p2a: Latios\n|-damage|p2a: Latios|81/253\n|-start|p2a: Latios|Salt Cure\n|\n|-heal|p1a: Garganacl|56/100|[from] item: Leftovers\n|-damage|p2a: Latios|50/253|[from] Salt Cure\n|upkeep\n|turn|33\n|inactive|Time left: 300 sec this turn | 300 sec total\n|\n|t:|1783551423\n|switch|p1a: Tropius|Tropius, L91, F|100/100\n|move|p2a: Latios|Draco Meteor|p1a: Tropius\n|-damage|p1a: Tropius|53/100\n|-unboost|p2a: Latios|spa|2\n|\n|-damage|p2a: Latios|19/253|[from] Salt Cure\n|upkeep\n|turn|34\n|inactive|Time left: 300 sec this turn | 300 sec total\n|\n|t:|1783551424\n|switch|p2a: Zarude|Zarude, L77|288/288\n|move|p1a: Tropius|Substitute|p1a: Tropius\n|-start|p1a: Tropius|Substitute\n|-damage|p1a: Tropius|28/100\n|-enditem|p1a: Tropius|Sitrus Berry|[eat]\n|-heal|p1a: Tropius|53/100|[from] item: Sitrus Berry\n|\n|upkeep\n|turn|35\n|inactive|Time left: 300 sec this turn | 300 sec total\n|\n|t:|1783551425\n|-terastallize|p2a: Zarude|Dark\n|move|p2a: Zarude|Knock Off|p1a: Tropius\n|-end|p1a: Tropius|Substitute\n|move|p1a: Tropius|Air Slash|p2a: Zarude\n|-damage|p2a: Zarude|206/288\n|\n|-item|p1a: Tropius|Sitrus Berry|[from] ability: Harvest\n|upkeep\n|turn|36\n|inactive|Time left: 300 sec this turn | 300 sec total\n|\n|t:|1783551426\n|move|p2a: Zarude|Knock Off|p1a: Tropius\n|-damage|p1a: Tropius|12/100\n|-enditem|p1a: Tropius|Sitrus Berry|[from] move: Knock Off|[of] p2a: Zarude\n|move|p1a: Tropius|Leech Seed|p2a: Zarude\n|-start|p2a: Zarude|move: Leech Seed\n|\n|-damage|p2a: Zarude|170/288|[from] Leech Seed|[of] p1a: Tropius\n|-heal|p1a: Tropius|23/100|[silent]\n|upkeep\n|turn|37\n|inactive|Time left: 300 sec this turn | 300 sec total\n|\n|t:|1783551427\n|move|p1a: Tropius|Protect|p1a: Tropius\n|-singleturn|p1a: Tropius|Protect\n|move|p2a: Zarude|Knock Off|p1a: Tropius\n|-activate|p1a: Tropius|move: Protect\n|\n|-damage|p2a: Zarude|134/288|[from] Leech Seed|[of] p1a: Tropius\n|-heal|p1a: Tropius|34/100|[silent]\n|upkeep\n|turn|38\n|inactive|Time left: 300 sec this turn | 300 sec total\n|\n|t:|1783551428\n|move|p2a: Zarude|Knock Off|p1a: Tropius\n|-damage|p1a: Tropius|9/100\n|move|p1a: Tropius|Air Slash|p2a: Zarude\n|-damage|p2a: Zarude|50/288\n|\n|-damage|p2a: Zarude|14/288|[from] Leech Seed|[of] p1a: Tropius\n|-heal|p1a: Tropius|20/100|[silent]\n|upkeep\n|turn|39\n|inactive|Time left: 300 sec this turn | 300 sec total\n|\n|t:|1783551430\n|move|p2a: Zarude|Knock Off|p1a: Tropius\n|-damage|p1a: Tropius|0 fnt\n|faint|p1a: Tropius\n|\n|upkeep\n|\n|t:|1783551431\n|switch|p1a: Latios|Latios, L78, M, tera:Psychic|21/100\n|turn|40\n|inactive|Time left: 300 sec this turn | 300 sec total\n|\n|t:|1783551432\n|switch|p2a: Latios|Latios, L78, M|19/253\n|move|p1a: Latios|Aura Sphere|p2a: Latios\n|-resisted|p2a: Latios\n|-damage|p2a: Latios|0 fnt\n|faint|p2a: Latios\n|\n|upkeep\n|inactive|Time left: 300 sec this turn | 300 sec total | 5 sec grace\n|\n|t:|1783551433\n|switch|p2a: Zarude|Zarude, L77, tera:Dark|14/288\n|turn|41\n|inactive|Time left: 300 sec this turn | 300 sec total\n|\n|t:|1783551434\n|move|p2a: Zarude|Power Whip|p1a: Latios\n|-damage|p1a: Latios|0 fnt\n|faint|p1a: Latios\n|\n|upkeep\n|\n|t:|1783551435\n|switch|p1a: Garganacl|Garganacl, L80, F|56/100\n|turn|42\n|inactive|Time left: 300 sec this turn | 300 sec total\n|\n|t:|1783551436\n|move|p2a: Zarude|Power Whip|p1a: Garganacl\n|-supereffective|p1a: Garganacl\n|-damage|p1a: Garganacl|0 fnt\n|faint|p1a: Garganacl\n|\n|win|p0y989174f", "uploadtime": 1783551436, "views": 0, "rating": 0, "private": 0, "password": null, "_winner": "p0y989174f", "_our_name": "p0y989174f"}