{"id": "battle-gen9randombattle-1178", "formatid": "gen9randombattle", "format": "[Gen 9] Random Battle", "players": ["p0x11786538", "p0y11784ba2"], "log": "|init|battle\n|title|p0x11786538 vs. p0y11784ba2\n|j|\u2606p0x11786538\n|j|\u2606p0y11784ba2\n|t:|1783552767\n|gametype|singles\n|player|p1|p0x11786538|169|\n|player|p2|p0y11784ba2|101|\n|gen|9\n|tier|[Gen 9] Random Battle\n|rule|Species Clause: Limit one of each Pok\u00e9mon\n|rule|HP Percentage Mod: HP is shown in percentages\n|rule|Sleep Clause Mod: Limit one foe put to sleep\n|rule|Illusion Level Mod: Illusion disguises the Pok\u00e9mon's true level\n|\n|t:|1783552767\n|teamsize|p1|6\n|teamsize|p2|6\n|start\n|switch|p1a: Sandaconda|Sandaconda, L84, M|258/258\n|switch|p2a: Manaphy|Manaphy, L78|100/100\n|turn|1\n|inactive|Battle timer is ON: inactive players will automatically lose when time's up. (requested by p0x11786538)\n|inactive|p0y11784ba2 also wants the timer to be on.\n|\n|t:|1783552768\n|switch|p1a: Dunsparce|Dunsparce, L86, F|312/312\n|move|p2a: Manaphy|Tail Glow|p2a: Manaphy\n|-boost|p2a: Manaphy|spa|3\n|\n|upkeep\n|turn|2\n|inactive|Time left: 300 sec this turn | 300 sec total\n|\n|t:|1783552769\n|move|p2a: Manaphy|Surf|p1a: Dunsparce\n|-damage|p1a: Dunsparce|131/312\n|move|p1a: Dunsparce|Body Slam|p2a: Manaphy\n|-damage|p2a: Manaphy|74/100\n|-status|p2a: Manaphy|par\n|\n|-heal|p2a: Manaphy|80/100 par|[from] item: Leftovers\n|upkeep\n|turn|3\n|inactive|Time left: 300 sec this turn | 300 sec total\n|\n|t:|1783552770\n|move|p1a: Dunsparce|Roost|p1a: Dunsparce\n|-heal|p1a: Dunsparce|287/312\n|-singleturn|p1a: Dunsparce|move: Roost\n|cant|p2a: Manaphy|par\n|\n|-heal|p2a: Manaphy|86/100 par|[from] item: Leftovers\n|upkeep\n|turn|4\n|inactive|Time left: 300 sec this turn | 300 sec total\n|\n|t:|1783552771\n|move|p1a: Dunsparce|Body Slam|p2a: Manaphy\n|-damage|p2a: Manaphy|61/100 par\n|cant|p2a: Manaphy|par\n|\n|-heal|p2a: Manaphy|67/100 par|[from] item: Leftovers\n|upkeep\n|turn|5\n|inactive|Time left: 300 sec this turn | 300 sec total\n|\n|t:|1783552772\n|move|p1a: Dunsparce|Body Slam|p2a: Manaphy\n|-damage|p2a: Manaphy|41/100 par\n|move|p2a: Manaphy|Surf|p1a: Dunsparce\n|-damage|p1a: Dunsparce|127/312\n|\n|-heal|p2a: Manaphy|47/100 par|[from] item: Leftovers\n|upkeep\n|turn|6\n|inactive|Time left: 300 sec this turn | 300 sec total\n|\n|t:|1783552773\n|move|p1a: Dunsparce|Roost|p1a: Dunsparce\n|-heal|p1a: Dunsparce|283/312\n|-singleturn|p1a: Dunsparce|move: Roost\n|move|p2a: Manaphy|Surf|p1a: Dunsparce\n|-damage|p1a: Dunsparce|99/312\n|\n|-heal|p2a: Manaphy|53/100 par|[from] item: Leftovers\n|upkeep\n|turn|7\n|inactive|Time left: 300 sec this turn | 300 sec total\n|\n|t:|1783552774\n|move|p1a: Dunsparce|Roost|p1a: Dunsparce\n|-heal|p1a: Dunsparce|255/312\n|-singleturn|p1a: Dunsparce|move: Roost\n|move|p2a: Manaphy|Surf|p1a: Dunsparce\n|-damage|p1a: Dunsparce|96/312\n|\n|-heal|p2a: Manaphy|59/100 par|[from] item: Leftovers\n|upkeep\n|turn|8\n|inactive|Time left: 300 sec this turn | 300 sec total\n|\n|t:|1783552775\n|move|p1a: Dunsparce|Roost|p1a: Dunsparce\n|-heal|p1a: Dunsparce|252/312\n|-singleturn|p1a: Dunsparce|move: Roost\n|cant|p2a: Manaphy|par\n|\n|-heal|p2a: Manaphy|65/100 par|[from] item: Leftovers\n|upkeep\n|turn|9\n|inactive|Time left: 300 sec this turn | 300 sec total\n|\n|t:|1783552776\n|move|p1a: Dunsparce|Body Slam|p2a: Manaphy\n|-damage|p2a: Manaphy|41/100 par\n|move|p2a: Manaphy|Surf|p1a: Dunsparce\n|-damage|p1a: Dunsparce|72/312\n|\n|-heal|p2a: Manaphy|47/100 par|[from] item: Leftovers\n|upkeep\n|turn|10\n|inactive|Time left: 300 sec this turn | 300 sec total\n|\n|t:|1783552778\n|move|p1a: Dunsparce|Roost|p1a: Dunsparce\n|-heal|p1a: Dunsparce|228/312\n|-singleturn|p1a: Dunsparce|move: Roost\n|move|p2a: Manaphy|Surf|p1a: Dunsparce\n|-damage|p1a: Dunsparce|62/312\n|\n|-heal|p2a: Manaphy|53/100 par|[from] item: Leftovers\n|upkeep\n|turn|11\n|inactive|Time left: 300 sec this turn | 300 sec total\n|\n|t:|1783552779\n|move|p1a: Dunsparce|Roost|p1a: Dunsparce\n|-heal|p1a: Dunsparce|218/312\n|-singleturn|p1a: Dunsparce|move: Roost\n|move|p2a: Manaphy|Surf|p1a: Dunsparce\n|-damage|p1a: Dunsparce|37/312\n|\n|-heal|p2a: Manaphy|59/100 par|[from] item: Leftovers\n|upkeep\n|turn|12\n|inactive|Time left: 300 sec this turn | 300 sec total\n|\n|t:|1783552780\n|move|p1a: Dunsparce|Body Slam|p2a: Manaphy\n|-damage|p2a: Manaphy|35/100 par\n|move|p2a: Manaphy|Ice Beam|p1a: Dunsparce\n|-damage|p1a: Dunsparce|0 fnt\n|faint|p1a: Dunsparce\n|\n|-heal|p2a: Manaphy|41/100 par|[from] item: Leftovers\n|upkeep\n|inactive|Time left: 300 sec this turn | 300 sec total | 5 sec grace\n|\n|t:|1783552781\n|switch|p1a: Donphan|Donphan, L84, F|288/288\n|turn|13\n|inactive|Time left: 300 sec this turn | 300 sec total\n|\n|t:|1783552782\n|switch|p2a: Abomasnow|Abomasnow, L84, M|100/100\n|-weather|Snowscape|[from] ability: Snow Warning|[of] p2a: Abomasnow\n|move|p1a: Donphan|Earthquake|p2a: Abomasnow\n|-resisted|p2a: Abomasnow\n|-damage|p2a: Abomasnow|85/100\n|\n|-weather|Snowscape|[upkeep]\n|upkeep\n|turn|14\n|inactive|Time left: 300 sec this turn | 300 sec total\n|\n|t:|1783552783\n|move|p2a: Abomasnow|Aurora Veil|p2a: Abomasnow\n|-sidestart|p2: p0y11784ba2|move: Aurora Veil\n|move|p1a: Donphan|Stealth Rock|p2a: Abomasnow\n|-sidestart|p2: p0y11784ba2|move: Stealth Rock\n|\n|-weather|Snowscape|[upkeep]\n|upkeep\n|turn|15\n|inactive|Time left: 300 sec this turn | 300 sec total\n|\n|t:|1783552784\n|switch|p1a: Malamar|Malamar, L82, M|275/275\n|move|p2a: Abomasnow|Blizzard|p1a: Malamar\n|-damage|p1a: Malamar|151/275\n|\n|-weather|Snowscape|[upkeep]\n|upkeep\n|turn|16\n|inactive|Time left: 300 sec this turn | 300 sec total\n|\n|t:|1783552785\n|move|p1a: Malamar|Superpower|p2a: Abomasnow\n|-supereffective|p2a: Abomasnow\n|-damage|p2a: Abomasnow|66/100\n|-boost|p1a: Malamar|atk|1\n|-boost|p1a: Malamar|def|1\n|move|p2a: Abomasnow|Blizzard|p1a: Malamar\n|-damage|p1a: Malamar|15/275\n|-status|p1a: Malamar|frz\n|\n|-weather|Snowscape|[upkeep]\n|upkeep\n|turn|17\n|inactive|Time left: 300 sec this turn | 300 sec total\n|\n|t:|1783552786\n|cant|p1a: Malamar|frz\n|move|p2a: Abomasnow|Earthquake|p1a: Malamar\n|-damage|p1a: Malamar|0 fnt\n|faint|p1a: Malamar\n|\n|-weather|none\n|upkeep\n|inactive|Time left: 300 sec this turn | 300 sec total | 5 sec grace\n|\n|t:|1783552787\n|switch|p1a: Articuno|Articuno-Galar, L84|288/288\n|turn|18\n|inactive|Time left: 300 sec this turn | 300 sec total\n|\n|t:|1783552788\n|move|p1a: Articuno|Calm Mind|p1a: Articuno\n|-boost|p1a: Articuno|spa|1\n|-boost|p1a: Articuno|spd|1\n|move|p2a: Abomasnow|Blizzard|p1a: Articuno\n|-supereffective|p1a: Articuno\n|-damage|p1a: Articuno|142/288\n|\n|upkeep\n|turn|19\n|inactive|Time left: 300 sec this turn | 300 sec total\n|\n|t:|1783552788\n|move|p1a: Articuno|Recover|p1a: Articuno\n|-heal|p1a: Articuno|286/288\n|move|p2a: Abomasnow|Blizzard|p1a: Articuno|[miss]\n|-miss|p2a: Abomasnow|p1a: Articuno\n|\n|upkeep\n|turn|20\n|inactive|Time left: 300 sec this turn | 300 sec total\n|\n|t:|1783552789\n|switch|p2a: Garchomp|Garchomp, L74, F|100/100\n|-damage|p2a: Garchomp|94/100|[from] Stealth Rock\n|move|p1a: Articuno|Hurricane|p2a: Garchomp\n|-damage|p2a: Garchomp|54/100\n|\n|upkeep\n|turn|21\n|inactive|Time left: 300 sec this turn | 300 sec total\n|\n|t:|1783552791\n|move|p1a: Articuno|Hurricane|p2a: Garchomp|[miss]\n|-miss|p1a: Articuno|p2a: Garchomp\n|move|p2a: Garchomp|Scale Shot|p1a: Articuno\n|-damage|p1a: Articuno|256/288\n|-damage|p1a: Articuno|231/288\n|-damage|p1a: Articuno|204/288\n|-damage|p1a: Articuno|176/288\n|-hitcount|p1a: Articuno|4\n|-unboost|p2a: Garchomp|def|1\n|-boost|p2a: Garchomp|spe|1\n|\n|-sideend|p2: p0y11784ba2|move: Aurora Veil\n|upkeep\n|turn|22\n|inactive|Time left: 300 sec this turn | 300 sec total\n|\n|t:|1783552792\n|switch|p2a: Cacturne|Cacturne, L92, M|100/100\n|-damage|p2a: Cacturne|88/100|[from] Stealth Rock\n|move|p1a: Articuno|Freezing Glare|p2a: Cacturne\n|-immune|p2a: Cacturne\n|\n|upkeep\n|turn|23\n|inactive|Time left: 300 sec this turn | 300 sec total\n|\n|t:|1783552793\n|-terastallize|p1a: Articuno|Steel\n|move|p1a: Articuno|Hurricane|p2a: Cacturne|[miss]\n|-miss|p1a: Articuno|p2a: Cacturne\n|move|p2a: Cacturne|Knock Off|p1a: Articuno\n|-damage|p1a: Articuno|0 fnt\n|-enditem|p1a: Articuno|Heavy-Duty Boots|[from] move: Knock Off|[of] p2a: Cacturne\n|faint|p1a: Articuno\n|-damage|p2a: Cacturne|79/100|[from] item: Life Orb\n|\n|upkeep\n|inactive|Time left: 300 sec this turn | 300 sec total | 5 sec grace\n|\n|t:|1783552793\n|switch|p1a: Sandaconda|Sandaconda, L84, M|258/258\n|turn|24\n|inactive|Time left: 300 sec this turn | 300 sec total\n|\n|t:|1783552795\n|move|p1a: Sandaconda|Coil|p1a: Sandaconda\n|-boost|p1a: Sandaconda|atk|1\n|-boost|p1a: Sandaconda|def|1\n|-boost|p1a: Sandaconda|accuracy|1\n|move|p2a: Cacturne|Swords Dance|p2a: Cacturne\n|-boost|p2a: Cacturne|atk|2\n|\n|upkeep\n|turn|25\n|inactive|Time left: 300 sec this turn | 300 sec total\n|\n|t:|1783552796\n|move|p1a: Sandaconda|Coil|p1a: Sandaconda\n|-boost|p1a: Sandaconda|atk|1\n|-boost|p1a: Sandaconda|def|1\n|-boost|p1a: Sandaconda|accuracy|1\n|move|p2a: Cacturne|Seed Bomb|p1a: Sandaconda\n|-supereffective|p1a: Sandaconda\n|-damage|p1a: Sandaconda|24/258\n|-damage|p2a: Cacturne|69/100|[from] item: Life Orb\n|\n|upkeep\n|turn|26\n|inactive|Time left: 300 sec this turn | 300 sec total\n|\n|t:|1783552797\n|move|p2a: Cacturne|Sucker Punch||[still]\n|-fail|p2a: Cacturne\n|move|p1a: Sandaconda|Coil|p1a: Sandaconda\n|-boost|p1a: Sandaconda|atk|1\n|-boost|p1a: Sandaconda|def|1\n|-boost|p1a: Sandaconda|accuracy|1\n|\n|upkeep\n|turn|27\n|inactive|Time left: 300 sec this turn | 300 sec total\n|\n|t:|1783552798\n|move|p2a: Cacturne|Sucker Punch||[still]\n|-fail|p2a: Cacturne\n|move|p1a: Sandaconda|Coil|p1a: Sandaconda\n|-boost|p1a: Sandaconda|atk|1\n|-boost|p1a: Sandaconda|def|1\n|-boost|p1a: Sandaconda|accuracy|1\n|\n|upkeep\n|turn|28\n|inactive|Time left: 300 sec this turn | 300 sec total\n|\n|t:|1783552799\n|move|p2a: Cacturne|Sucker Punch||[still]\n|-fail|p2a: Cacturne\n|move|p1a: Sandaconda|Coil|p1a: Sandaconda\n|-boost|p1a: Sandaconda|atk|1\n|-boost|p1a: Sandaconda|def|1\n|-boost|p1a: Sandaconda|accuracy|1\n|\n|upkeep\n|turn|29\n|inactive|Time left: 300 sec this turn | 300 sec total\n|\n|t:|1783552800\n|move|p2a: Cacturne|Sucker Punch||[still]\n|-fail|p2a: Cacturne\n|move|p1a: Sandaconda|Coil|p1a: Sandaconda\n|-boost|p1a: Sandaconda|atk|1\n|-boost|p1a: Sandaconda|def|1\n|-boost|p1a: Sandaconda|accuracy|1\n|\n|upkeep\n|turn|30\n|inactive|Time left: 300 sec this turn | 300 sec total\n|\n|t:|1783552801\n|move|p2a: Cacturne|Sucker Punch||[still]\n|-fail|p2a: Cacturne\n|move|p1a: Sandaconda|Coil|p1a: Sandaconda\n|-boost|p1a: Sandaconda|atk|0\n|-boost|p1a: Sandaconda|def|0\n|-boost|p1a: Sandaconda|accuracy|0\n|\n|upkeep\n|turn|31\n|inactive|Time left: 300 sec this turn | 300 sec total\n|\n|t:|1783552802\n|move|p2a: Cacturne|Sucker Punch||[still]\n|-fail|p2a: Cacturne\n|move|p1a: Sandaconda|Coil|p1a: Sandaconda\n|-boost|p1a: Sandaconda|atk|0\n|-boost|p1a: Sandaconda|def|0\n|-boost|p1a: Sandaconda|accuracy|0\n|\n|upkeep\n|turn|32\n|inactive|Time left: 300 sec this turn | 300 sec total\n|\n|t:|1783552803\n|move|p2a: Cacturne|Sucker Punch||[still]\n|-fail|p2a: Cacturne\n|move|p1a: Sandaconda|Coil|p1a: Sandaconda\n|-boost|p1a: Sandaconda|atk|0\n|-boost|p1a: Sandaconda|def|0\n|-boost|p1a: Sandaconda|accuracy|0\n|\n|upkeep\n|turn|33\n|inactive|Time left: 300 sec this turn | 300 sec total\n|\n|t:|1783552804\n|move|p2a: Cacturne|Sucker Punch||[still]\n|-fail|p2a: Cacturne\n|move|p1a: Sandaconda|Coil|p1a: Sandaconda\n|-boost|p1a: Sandaconda|atk|0\n|-boost|p1a: Sandaconda|def|0\n|-boost|p1a: Sandaconda|accuracy|0\n|\n|upkeep\n|turn|34\n|inactive|Time left: 300 sec this turn | 300 sec total\n|\n|t:|1783552805\n|switch|p2a: Manaphy|Manaphy, L78|41/100 par\n|-damage|p2a: Manaphy|28/100 par|[from] Stealth Rock\n|move|p1a: Sandaconda|Scale Shot|p2a: Manaphy\n|-damage|p2a: Manaphy|2/100 par\n|-damage|p2a: Manaphy|0 fnt\n|faint|p2a: Manaphy\n|-hitcount|p2: Manaphy|2\n|-unboost|p1a: Sandaconda|def|1\n|-boost|p1a: Sandaconda|spe|1\n|\n|upkeep\n|\n|t:|1783552806\n|switch|p2a: Garchomp|Garchomp, L74, F|54/100\n|-damage|p2a: Garchomp|48/100|[from] Stealth Rock\n|turn|35\n|inactive|Time left: 300 sec this turn | 300 sec total\n|\n|t:|1783552807\n|move|p1a: Sandaconda|Earthquake|p2a: Garchomp\n|-damage|p2a: Garchomp|0 fnt\n|faint|p2a: Garchomp\n|\n|upkeep\n|\n|t:|1783552808\n|switch|p2a: Dachsbun|Dachsbun, L92, M|100/100\n|-damage|p2a: Dachsbun|88/100|[from] Stealth Rock\n|turn|36\n|inactive|Time left: 300 sec this turn | 300 sec total\n|\n|t:|1783552809\n|move|p2a: Dachsbun|Protect|p2a: Dachsbun\n|-singleturn|p2a: Dachsbun|Protect\n|move|p1a: Sandaconda|Earthquake|p2a: Dachsbun\n|-activate|p2a: Dachsbun|move: Protect\n|\n|-heal|p2a: Dachsbun|94/100|[from] item: Leftovers\n|upkeep\n|turn|37\n|inactive|Time left: 300 sec this turn | 300 sec total\n|\n|t:|1783552810\n|move|p2a: Dachsbun|Protect|p2a: Dachsbun\n|-singleturn|p2a: Dachsbun|Protect\n|move|p1a: Sandaconda|Earthquake|p2a: Dachsbun\n|-activate|p2a: Dachsbun|move: Protect\n|\n|-heal|p2a: Dachsbun|99/100|[from] item: Leftovers\n|upkeep\n|turn|38\n|inactive|Time left: 300 sec this turn | 300 sec total\n|\n|t:|1783552811\n|move|p1a: Sandaconda|Earthquake|p2a: Dachsbun\n|-damage|p2a: Dachsbun|0 fnt\n|faint|p2a: Dachsbun\n|\n|upkeep\n|\n|t:|1783552812\n|switch|p2a: Abomasnow|Abomasnow, L84, M|66/100\n|-damage|p2a: Abomasnow|41/100|[from] Stealth Rock\n|-weather|Snowscape|[from] ability: Snow Warning|[of] p2a: Abomasnow\n|turn|39\n|inactive|Time left: 300 sec this turn | 300 sec total\n|\n|t:|1783552813\n|move|p1a: Sandaconda|Earthquake|p2a: Abomasnow\n|-resisted|p2a: Abomasnow\n|-damage|p2a: Abomasnow|0 fnt\n|faint|p2a: Abomasnow\n|\n|-weather|Snowscape|[upkeep]\n|upkeep\n|\n|t:|1783552814\n|switch|p2a: Grafaiai|Grafaiai, L86, M|100/100\n|-damage|p2a: Grafaiai|88/100|[from] Stealth Rock\n|turn|40\n|inactive|Time left: 300 sec this turn | 300 sec total\n|\n|t:|1783552815\n|move|p1a: Sandaconda|Earthquake|p2a: Grafaiai\n|-supereffective|p2a: Grafaiai\n|-damage|p2a: Grafaiai|0 fnt\n|faint|p2a: Grafaiai\n|\n|-weather|Snowscape|[upkeep]\n|upkeep\n|\n|t:|1783552816\n|switch|p2a: Cacturne|Cacturne, L92, M|69/100\n|-damage|p2a: Cacturne|57/100|[from] Stealth Rock\n|turn|41\n|inactive|Time left: 300 sec this turn | 300 sec total\n|\n|t:|1783552817\n|move|p1a: Sandaconda|Earthquake|p2a: Cacturne\n|-resisted|p2a: Cacturne\n|-damage|p2a: Cacturne|0 fnt\n|faint|p2a: Cacturne\n|\n|win|p0x11786538", "uploadtime": 1783552817, "views": 0, "rating": 0, "private": 0, "password": null, "_winner": "p0x11786538", "_our_name": "p0x11786538"}