{"id": "battle-gen9randombattle-499", "formatid": "gen9randombattle", "format": "[Gen 9] Random Battle", "players": ["p0x4996236", "p0y49967bb"], "log": "|init|battle\n|title|p0x4996236 vs. p0y49967bb\n|j|\u2606p0x4996236\n|j|\u2606p0y49967bb\n|t:|1783544827\n|gametype|singles\n|player|p1|p0x4996236|102|\n|player|p2|p0y49967bb|101|\n|gen|9\n|tier|[Gen 9] Random Battle\n|rule|Species Clause: Limit one of each Pok\u00e9mon\n|rule|HP Percentage Mod: HP is shown in percentages\n|rule|Sleep Clause Mod: Limit one foe put to sleep\n|rule|Illusion Level Mod: Illusion disguises the Pok\u00e9mon's true level\n|\n|t:|1783544827\n|teamsize|p1|6\n|teamsize|p2|6\n|start\n|switch|p1a: Vivillon|Vivillon-Icy Snow, L83, F|268/268\n|switch|p2a: Toxapex|Toxapex, L82, M|100/100\n|turn|1\n|inactive|Battle timer is ON: inactive players will automatically lose when time's up. (requested by p0x4996236)\n|inactive|p0y49967bb also wants the timer to be on.\n|\n|t:|1783544829\n|move|p1a: Vivillon|Sleep Powder|p2a: Toxapex\n|-status|p2a: Toxapex|slp|[from] move: Sleep Powder\n|cant|p2a: Toxapex|slp\n|\n|upkeep\n|turn|2\n|inactive|Time left: 300 sec this turn | 300 sec total\n|\n|t:|1783544830\n|move|p1a: Vivillon|Quiver Dance|p1a: Vivillon\n|-boost|p1a: Vivillon|spa|1\n|-boost|p1a: Vivillon|spd|1\n|-boost|p1a: Vivillon|spe|1\n|-curestatus|p2a: Toxapex|slp|[msg]\n|move|p2a: Toxapex|Liquidation|p1a: Vivillon\n|-damage|p1a: Vivillon|178/268\n|-unboost|p1a: Vivillon|def|1\n|\n|upkeep\n|turn|3\n|inactive|Time left: 300 sec this turn | 300 sec total\n|\n|t:|1783544831\n|move|p1a: Vivillon|Sleep Powder|p2a: Toxapex\n|-status|p2a: Toxapex|slp|[from] move: Sleep Powder\n|cant|p2a: Toxapex|slp\n|\n|upkeep\n|turn|4\n|inactive|Time left: 300 sec this turn | 300 sec total\n|\n|t:|1783544832\n|move|p1a: Vivillon|Hurricane|p2a: Toxapex\n|-damage|p2a: Toxapex|50/100 slp\n|cant|p2a: Toxapex|slp\n|\n|-heal|p2a: Toxapex|57/100 slp|[from] item: Leftovers\n|upkeep\n|turn|5\n|inactive|Time left: 300 sec this turn | 300 sec total\n|\n|t:|1783544833\n|switch|p2a: Arceus|Arceus, L68|100/100\n|move|p1a: Vivillon|Hurricane|p2a: Arceus|[miss]\n|-miss|p1a: Vivillon|p2a: Arceus\n|\n|upkeep\n|turn|6\n|inactive|Time left: 300 sec this turn | 300 sec total\n|\n|t:|1783544834\n|move|p2a: Arceus|Extreme Speed|p1a: Vivillon\n|-damage|p1a: Vivillon|0 fnt\n|faint|p1a: Vivillon\n|-damage|p2a: Arceus|91/100|[from] item: Life Orb\n|\n|upkeep\n|inactive|Time left: 300 sec this turn | 300 sec total | 5 sec grace\n|\n|t:|1783544835\n|switch|p1a: Beartic|Beartic, L91, F|321/321\n|turn|7\n|inactive|Time left: 300 sec this turn | 300 sec total\n|\n|t:|1783544836\n|switch|p2a: Quaquaval|Quaquaval, L79, F|100/100\n|move|p1a: Beartic|Close Combat|p2a: Quaquaval\n|-damage|p2a: Quaquaval|43/100\n|-unboost|p1a: Beartic|def|1\n|-unboost|p1a: Beartic|spd|1\n|\n|upkeep\n|turn|8\n|inactive|Time left: 300 sec this turn | 300 sec total\n|\n|t:|1783544837\n|switch|p1a: Chesnaught|Chesnaught, L84, F|285/285\n|move|p2a: Quaquaval|Close Combat|p1a: Chesnaught\n|-damage|p1a: Chesnaught|151/285\n|-unboost|p2a: Quaquaval|def|1\n|-unboost|p2a: Quaquaval|spd|1\n|-damage|p2a: Quaquaval|26/100|[from] item: Rocky Helmet|[of] p1a: Chesnaught\n|-damage|p2a: Quaquaval|16/100|[from] item: Life Orb\n|\n|upkeep\n|turn|9\n|inactive|Time left: 300 sec this turn | 300 sec total\n|\n|t:|1783544839\n|move|p2a: Quaquaval|Triple Axel|p1a: Chesnaught\n|-supereffective|p1a: Chesnaught\n|-damage|p1a: Chesnaught|120/285\n|-damage|p2a: Quaquaval|0 fnt|[from] item: Rocky Helmet|[of] p1a: Chesnaught\n|faint|p2a: Quaquaval\n|-hitcount|p1a: Chesnaught|1\n|move|p1a: Chesnaught|Synthesis|p1a: Chesnaught\n|-heal|p1a: Chesnaught|262/285\n|\n|upkeep\n|\n|t:|1783544839\n|switch|p2a: Pecharunt|Pecharunt, L77|100/100\n|turn|10\n|inactive|Time left: 300 sec this turn | 300 sec total\n|\n|t:|1783544840\n|move|p2a: Pecharunt|Nasty Plot|p2a: Pecharunt\n|-boost|p2a: Pecharunt|spa|2\n|move|p1a: Chesnaught|Spikes|p2a: Pecharunt\n|-sidestart|p2: p0y49967bb|Spikes\n|\n|upkeep\n|turn|11\n|inactive|Time left: 300 sec this turn | 300 sec total\n|\n|t:|1783544841\n|-terastallize|p1a: Chesnaught|Steel\n|move|p2a: Pecharunt|Malignant Chain|p1a: Chesnaught\n|-immune|p1a: Chesnaught\n|move|p1a: Chesnaught|Spikes|p2a: Pecharunt\n|-sidestart|p2: p0y49967bb|Spikes\n|\n|upkeep\n|turn|12\n|inactive|Time left: 300 sec this turn | 300 sec total\n|\n|t:|1783544842\n|move|p2a: Pecharunt|Nasty Plot|p2a: Pecharunt\n|-boost|p2a: Pecharunt|spa|2\n|move|p1a: Chesnaught|Spikes|p2a: Pecharunt\n|-sidestart|p2: p0y49967bb|Spikes\n|\n|upkeep\n|turn|13\n|inactive|Time left: 300 sec this turn | 300 sec total\n|\n|t:|1783544843\n|move|p2a: Pecharunt|Nasty Plot|p2a: Pecharunt\n|-boost|p2a: Pecharunt|spa|2\n|move|p1a: Chesnaught|Synthesis|p1a: Chesnaught\n|-heal|p1a: Chesnaught|285/285\n|\n|upkeep\n|turn|14\n|inactive|Time left: 300 sec this turn | 300 sec total\n|\n|t:|1783544844\n|move|p2a: Pecharunt|Shadow Ball|p1a: Chesnaught\n|-immune|p1a: Chesnaught|[from] ability: Bulletproof\n|move|p1a: Chesnaught|Spikes||[still]\n|-fail|p1a: Chesnaught\n|\n|upkeep\n|turn|15\n|inactive|Time left: 300 sec this turn | 300 sec total\n|\n|t:|1783544845\n|move|p2a: Pecharunt|Shadow Ball|p1a: Chesnaught\n|-immune|p1a: Chesnaught|[from] ability: Bulletproof\n|move|p1a: Chesnaught|Spikes||[still]\n|-fail|p1a: Chesnaught\n|\n|upkeep\n|turn|16\n|inactive|Time left: 300 sec this turn | 300 sec total\n|\n|t:|1783544846\n|move|p2a: Pecharunt|Shadow Ball|p1a: Chesnaught\n|-immune|p1a: Chesnaught|[from] ability: Bulletproof\n|move|p1a: Chesnaught|Synthesis|p1a: Chesnaught\n|-fail|p1a: Chesnaught|heal\n|\n|upkeep\n|turn|17\n|inactive|Time left: 300 sec this turn | 300 sec total\n|\n|t:|1783544847\n|move|p2a: Pecharunt|Shadow Ball|p1a: Chesnaught\n|-immune|p1a: Chesnaught|[from] ability: Bulletproof\n|move|p1a: Chesnaught|Synthesis|p1a: Chesnaught\n|-fail|p1a: Chesnaught|heal\n|\n|upkeep\n|turn|18\n|inactive|Time left: 300 sec this turn | 300 sec total\n|\n|t:|1783544848\n|move|p2a: Pecharunt|Shadow Ball|p1a: Chesnaught\n|-immune|p1a: Chesnaught|[from] ability: Bulletproof\n|move|p1a: Chesnaught|Wood Hammer|p2a: Pecharunt\n|-resisted|p2a: Pecharunt\n|-damage|p2a: Pecharunt|83/100\n|-damage|p1a: Chesnaught|270/285|[from] Recoil\n|\n|-heal|p2a: Pecharunt|89/100|[from] item: Leftovers\n|upkeep\n|turn|19\n|inactive|Time left: 300 sec this turn | 300 sec total\n|\n|t:|1783544849\n|move|p2a: Pecharunt|Malignant Chain|p1a: Chesnaught\n|-immune|p1a: Chesnaught\n|move|p1a: Chesnaught|Synthesis|p1a: Chesnaught\n|-heal|p1a: Chesnaught|285/285\n|\n|-heal|p2a: Pecharunt|95/100|[from] item: Leftovers\n|upkeep\n|turn|20\n|inactive|Time left: 300 sec this turn | 300 sec total\n|\n|t:|1783544849\n|move|p2a: Pecharunt|Malignant Chain|p1a: Chesnaught\n|-immune|p1a: Chesnaught\n|move|p1a: Chesnaught|Wood Hammer|p2a: Pecharunt\n|-resisted|p2a: Pecharunt\n|-damage|p2a: Pecharunt|78/100\n|-damage|p1a: Chesnaught|270/285|[from] Recoil\n|\n|-heal|p2a: Pecharunt|84/100|[from] item: Leftovers\n|upkeep\n|turn|21\n|inactive|Time left: 300 sec this turn | 300 sec total\n|\n|t:|1783544850\n|move|p2a: Pecharunt|Recover|p2a: Pecharunt\n|-heal|p2a: Pecharunt|100/100\n|move|p1a: Chesnaught|Synthesis|p1a: Chesnaught\n|-heal|p1a: Chesnaught|285/285\n|\n|upkeep\n|turn|22\n|inactive|Time left: 300 sec this turn | 300 sec total\n|\n|t:|1783544851\n|move|p2a: Pecharunt|Shadow Ball|p1a: Chesnaught\n|-immune|p1a: Chesnaught|[from] ability: Bulletproof\n|move|p1a: Chesnaught|Body Press|p2a: Pecharunt\n|-immune|p2a: Pecharunt\n|\n|upkeep\n|turn|23\n|inactive|Time left: 300 sec this turn | 300 sec total\n|\n|t:|1783544852\n|move|p2a: Pecharunt|Shadow Ball|p1a: Chesnaught\n|-immune|p1a: Chesnaught|[from] ability: Bulletproof\n|move|p1a: Chesnaught|Body Press|p2a: Pecharunt\n|-immune|p2a: Pecharunt\n|\n|upkeep\n|turn|24\n|inactive|Time left: 300 sec this turn | 300 sec total\n|\n|t:|1783544853\n|move|p2a: Pecharunt|Malignant Chain|p1a: Chesnaught\n|-immune|p1a: Chesnaught\n|move|p1a: Chesnaught|Wood Hammer|p2a: Pecharunt\n|-resisted|p2a: Pecharunt\n|-damage|p2a: Pecharunt|84/100\n|-damage|p1a: Chesnaught|270/285|[from] Recoil\n|\n|-heal|p2a: Pecharunt|90/100|[from] item: Leftovers\n|upkeep\n|turn|25\n|inactive|Time left: 300 sec this turn | 300 sec total\n|\n|t:|1783544855\n|move|p2a: Pecharunt|Shadow Ball|p1a: Chesnaught\n|-immune|p1a: Chesnaught|[from] ability: Bulletproof\n|move|p1a: Chesnaught|Synthesis|p1a: Chesnaught\n|-heal|p1a: Chesnaught|285/285\n|\n|-heal|p2a: Pecharunt|96/100|[from] item: Leftovers\n|upkeep\n|turn|26\n|inactive|Time left: 300 sec this turn | 300 sec total\n|\n|t:|1783544856\n|move|p2a: Pecharunt|Shadow Ball|p1a: Chesnaught\n|-immune|p1a: Chesnaught|[from] ability: Bulletproof\n|move|p1a: Chesnaught|Wood Hammer|p2a: Pecharunt\n|-resisted|p2a: Pecharunt\n|-damage|p2a: Pecharunt|79/100\n|-damage|p1a: Chesnaught|270/285|[from] Recoil\n|\n|-heal|p2a: Pecharunt|85/100|[from] item: Leftovers\n|upkeep\n|turn|27\n|inactive|Time left: 300 sec this turn | 300 sec total\n|\n|t:|1783544857\n|move|p2a: Pecharunt|Recover|p2a: Pecharunt\n|-heal|p2a: Pecharunt|100/100\n|move|p1a: Chesnaught|Wood Hammer|p2a: Pecharunt\n|-resisted|p2a: Pecharunt\n|-damage|p2a: Pecharunt|84/100\n|-damage|p1a: Chesnaught|256/285|[from] Recoil\n|\n|-heal|p2a: Pecharunt|90/100|[from] item: Leftovers\n|upkeep\n|turn|28\n|inactive|Time left: 300 sec this turn | 300 sec total\n|\n|t:|1783544858\n|move|p2a: Pecharunt|Shadow Ball|p1a: Chesnaught\n|-immune|p1a: Chesnaught|[from] ability: Bulletproof\n|move|p1a: Chesnaught|Synthesis|p1a: Chesnaught\n|-heal|p1a: Chesnaught|285/285\n|\n|-heal|p2a: Pecharunt|96/100|[from] item: Leftovers\n|upkeep\n|turn|29\n|inactive|Time left: 300 sec this turn | 300 sec total\n|\n|t:|1783544859\n|move|p2a: Pecharunt|Malignant Chain|p1a: Chesnaught\n|-immune|p1a: Chesnaught\n|move|p1a: Chesnaught|Wood Hammer|p2a: Pecharunt\n|-resisted|p2a: Pecharunt\n|-damage|p2a: Pecharunt|79/100\n|-damage|p1a: Chesnaught|270/285|[from] Recoil\n|\n|-heal|p2a: Pecharunt|85/100|[from] item: Leftovers\n|upkeep\n|turn|30\n|inactive|Time left: 300 sec this turn | 300 sec total\n|\n|t:|1783544860\n|move|p2a: Pecharunt|Malignant Chain|p1a: Chesnaught\n|-immune|p1a: Chesnaught\n|move|p1a: Chesnaught|Wood Hammer|p2a: Pecharunt\n|-resisted|p2a: Pecharunt\n|-damage|p2a: Pecharunt|67/100\n|-damage|p1a: Chesnaught|254/285|[from] Recoil\n|\n|-heal|p2a: Pecharunt|73/100|[from] item: Leftovers\n|upkeep\n|turn|31\n|inactive|Time left: 300 sec this turn | 300 sec total\n|\n|t:|1783544862\n|move|p2a: Pecharunt|Malignant Chain|p1a: Chesnaught\n|-immune|p1a: Chesnaught\n|move|p1a: Chesnaught|Wood Hammer|p2a: Pecharunt\n|-resisted|p2a: Pecharunt\n|-damage|p2a: Pecharunt|57/100\n|-damage|p1a: Chesnaught|240/285|[from] Recoil\n|\n|-heal|p2a: Pecharunt|63/100|[from] item: Leftovers\n|upkeep\n|turn|32\n|inactive|Time left: 300 sec this turn | 300 sec total\n|\n|t:|1783544863\n|move|p2a: Pecharunt|Shadow Ball|p1a: Chesnaught\n|-immune|p1a: Chesnaught|[from] ability: Bulletproof\n|move|p1a: Chesnaught|Wood Hammer|p2a: Pecharunt\n|-resisted|p2a: Pecharunt\n|-damage|p2a: Pecharunt|45/100\n|-damage|p1a: Chesnaught|224/285|[from] Recoil\n|\n|-heal|p2a: Pecharunt|51/100|[from] item: Leftovers\n|upkeep\n|turn|33\n|inactive|Time left: 300 sec this turn | 300 sec total\n|\n|t:|1783544864\n|move|p2a: Pecharunt|Recover|p2a: Pecharunt\n|-heal|p2a: Pecharunt|100/100\n|move|p1a: Chesnaught|Body Press|p2a: Pecharunt\n|-immune|p2a: Pecharunt\n|\n|upkeep\n|turn|34\n|inactive|Time left: 300 sec this turn | 300 sec total\n|\n|t:|1783544865\n|move|p2a: Pecharunt|Shadow Ball|p1a: Chesnaught\n|-immune|p1a: Chesnaught|[from] ability: Bulletproof\n|move|p1a: Chesnaught|Wood Hammer|p2a: Pecharunt\n|-resisted|p2a: Pecharunt\n|-damage|p2a: Pecharunt|83/100\n|-damage|p1a: Chesnaught|209/285|[from] Recoil\n|\n|-heal|p2a: Pecharunt|89/100|[from] item: Leftovers\n|upkeep\n|turn|35\n|inactive|Time left: 300 sec this turn | 300 sec total\n|\n|t:|1783544866\n|move|p2a: Pecharunt|Recover|p2a: Pecharunt\n|-heal|p2a: Pecharunt|100/100\n|move|p1a: Chesnaught|Wood Hammer|p2a: Pecharunt\n|-resisted|p2a: Pecharunt\n|-damage|p2a: Pecharunt|84/100\n|-damage|p1a: Chesnaught|195/285|[from] Recoil\n|\n|-heal|p2a: Pecharunt|90/100|[from] item: Leftovers\n|upkeep\n|turn|36\n|inactive|Time left: 300 sec this turn | 300 sec total\n|\n|t:|1783544867\n|move|p2a: Pecharunt|Shadow Ball|p1a: Chesnaught\n|-immune|p1a: Chesnaught|[from] ability: Bulletproof\n|move|p1a: Chesnaught|Body Press|p2a: Pecharunt\n|-immune|p2a: Pecharunt\n|\n|-heal|p2a: Pecharunt|96/100|[from] item: Leftovers\n|upkeep\n|turn|37\n|inactive|Time left: 300 sec this turn | 300 sec total\n|\n|t:|1783544868\n|move|p2a: Pecharunt|Shadow Ball|p1a: Chesnaught\n|-immune|p1a: Chesnaught|[from] ability: Bulletproof\n|move|p1a: Chesnaught|Wood Hammer|p2a: Pecharunt\n|-resisted|p2a: Pecharunt\n|-damage|p2a: Pecharunt|78/100\n|-damage|p1a: Chesnaught|179/285|[from] Recoil\n|\n|-heal|p2a: Pecharunt|84/100|[from] item: Leftovers\n|upkeep\n|turn|38\n|inactive|Time left: 300 sec this turn | 300 sec total\n|\n|t:|1783544870\n|move|p2a: Pecharunt|Shadow Ball|p1a: Chesnaught\n|-immune|p1a: Chesnaught|[from] ability: Bulletproof\n|move|p1a: Chesnaught|Body Press|p2a: Pecharunt\n|-immune|p2a: Pecharunt\n|\n|-heal|p2a: Pecharunt|90/100|[from] item: Leftovers\n|upkeep\n|turn|39\n|inactive|Time left: 300 sec this turn | 300 sec total\n|\n|t:|1783544871\n|move|p2a: Pecharunt|Shadow Ball|p1a: Chesnaught\n|-immune|p1a: Chesnaught|[from] ability: Bulletproof\n|move|p1a: Chesnaught|Body Press|p2a: Pecharunt\n|-immune|p2a: Pecharunt\n|\n|-heal|p2a: Pecharunt|96/100|[from] item: Leftovers\n|upkeep\n|turn|40\n|inactive|Time left: 300 sec this turn | 300 sec total\n|\n|t:|1783544872\n|move|p2a: Pecharunt|Shadow Ball|p1a: Chesnaught\n|-immune|p1a: Chesnaught|[from] ability: Bulletproof\n|move|p1a: Chesnaught|Wood Hammer|p2a: Pecharunt\n|-resisted|p2a: Pecharunt\n|-damage|p2a: Pecharunt|78/100\n|-damage|p1a: Chesnaught|163/285|[from] Recoil\n|\n|-heal|p2a: Pecharunt|84/100|[from] item: Leftovers\n|upkeep\n|turn|41\n|inactive|Time left: 300 sec this turn | 300 sec total\n|\n|t:|1783544873\n|move|p2a: Pecharunt|Shadow Ball|p1a: Chesnaught\n|-immune|p1a: Chesnaught|[from] ability: Bulletproof\n|move|p1a: Chesnaught|Body Press|p2a: Pecharunt\n|-immune|p2a: Pecharunt\n|\n|-heal|p2a: Pecharunt|90/100|[from] item: Leftovers\n|upkeep\n|turn|42\n|inactive|Time left: 300 sec this turn | 300 sec total\n|\n|t:|1783544874\n|move|p2a: Pecharunt|Shadow Ball|p1a: Chesnaught\n|-immune|p1a: Chesnaught|[from] ability: Bulletproof\n|move|p1a: Chesnaught|Wood Hammer|p2a: Pecharunt\n|-resisted|p2a: Pecharunt\n|-damage|p2a: Pecharunt|73/100\n|-damage|p1a: Chesnaught|148/285|[from] Recoil\n|\n|-heal|p2a: Pecharunt|79/100|[from] item: Leftovers\n|upkeep\n|turn|43\n|inactive|Time left: 300 sec this turn | 300 sec total\n|\n|t:|1783544875\n|move|p2a: Pecharunt|Recover|p2a: Pecharunt\n|-heal|p2a: Pecharunt|100/100\n|move|p1a: Chesnaught|Body Press|p2a: Pecharunt\n|-immune|p2a: Pecharunt\n|\n|upkeep\n|turn|44\n|inactive|Time left: 300 sec this turn | 300 sec total\n|\n|t:|1783544876\n|move|p2a: Pecharunt|Shadow Ball|p1a: Chesnaught\n|-immune|p1a: Chesnaught|[from] ability: Bulletproof\n|move|p1a: Chesnaught|Body Press|p2a: Pecharunt\n|-immune|p2a: Pecharunt\n|\n|upkeep\n|turn|45\n|inactive|Time left: 300 sec this turn | 300 sec total\n|\n|t:|1783544877\n|move|p2a: Pecharunt|Shadow Ball|p1a: Chesnaught\n|-immune|p1a: Chesnaught|[from] ability: Bulletproof\n|move|p1a: Chesnaught|Wood Hammer|p2a: Pecharunt\n|-resisted|p2a: Pecharunt\n|-damage|p2a: Pecharunt|84/100\n|-damage|p1a: Chesnaught|134/285|[from] Recoil\n|\n|-heal|p2a: Pecharunt|91/100|[from] item: Leftovers\n|upkeep\n|turn|46\n|inactive|Time left: 300 sec this turn | 300 sec total\n|\n|t:|1783544878\n|move|p2a: Pecharunt|Recover|p2a: Pecharunt\n|-heal|p2a: Pecharunt|100/100\n|move|p1a: Chesnaught|Body Press|p2a: Pecharunt\n|-immune|p2a: Pecharunt\n|\n|upkeep\n|turn|47\n|inactive|Time left: 300 sec this turn | 300 sec total\n|\n|t:|1783544879\n|move|p2a: Pecharunt|Shadow Ball|p1a: Chesnaught\n|-immune|p1a: Chesnaught|[from] ability: Bulletproof\n|move|p1a: Chesnaught|Body Press|p2a: Pecharunt\n|-immune|p2a: Pecharunt\n|\n|upkeep\n|turn|48\n|inactive|Time left: 300 sec this turn | 300 sec total\n|\n|t:|1783544880\n|move|p2a: Pecharunt|Shadow Ball|p1a: Chesnaught\n|-immune|p1a: Chesnaught|[from] ability: Bulletproof\n|move|p1a: Chesnaught|Body Press|p2a: Pecharunt\n|-immune|p2a: Pecharunt\n|\n|upkeep\n|turn|49\n|inactive|Time left: 300 sec this turn | 300 sec total\n|\n|t:|1783544881\n|move|p2a: Pecharunt|Recover||[still]\n|-fail|p2a: Pecharunt|heal\n|move|p1a: Chesnaught|Body Press|p2a: Pecharunt\n|-immune|p2a: Pecharunt\n|\n|upkeep\n|turn|50\n|inactive|Time left: 300 sec this turn | 300 sec total\n|\n|t:|1783544882\n|move|p2a: Pecharunt|Recover||[still]\n|-fail|p2a: Pecharunt|heal\n|move|p1a: Chesnaught|Body Press|p2a: Pecharunt\n|-immune|p2a: Pecharunt\n|\n|upkeep\n|turn|51\n|inactive|Time left: 300 sec this turn | 300 sec total\n|\n|t:|1783544883\n|move|p2a: Pecharunt|Nasty Plot|p2a: Pecharunt\n|-boost|p2a: Pecharunt|spa|0\n|move|p1a: Chesnaught|Wood Hammer|p2a: Pecharunt\n|-resisted|p2a: Pecharunt\n|-damage|p2a: Pecharunt|83/100\n|-damage|p1a: Chesnaught|119/285|[from] Recoil\n|\n|-heal|p2a: Pecharunt|89/100|[from] item: Leftovers\n|upkeep\n|turn|52\n|inactive|Time left: 300 sec this turn | 300 sec total\n|\n|t:|1783544883\n|move|p2a: Pecharunt|Nasty Plot|p2a: Pecharunt\n|-boost|p2a: Pecharunt|spa|0\n|move|p1a: Chesnaught|Wood Hammer|p2a: Pecharunt\n|-resisted|p2a: Pecharunt\n|-damage|p2a: Pecharunt|71/100\n|-damage|p1a: Chesnaught|103/285|[from] Recoil\n|\n|-heal|p2a: Pecharunt|77/100|[from] item: Leftovers\n|upkeep\n|turn|53\n|inactive|Time left: 300 sec this turn | 300 sec total\n|\n|t:|1783544884\n|move|p2a: Pecharunt|Nasty Plot|p2a: Pecharunt\n|-boost|p2a: Pecharunt|spa|0\n|move|p1a: Chesnaught|Wood Hammer|p2a: Pecharunt\n|-resisted|p2a: Pecharunt\n|-damage|p2a: Pecharunt|60/100\n|-damage|p1a: Chesnaught|88/285|[from] Recoil\n|\n|-heal|p2a: Pecharunt|66/100|[from] item: Leftovers\n|upkeep\n|turn|54\n|inactive|Time left: 300 sec this turn | 300 sec total\n|\n|t:|1783544885\n|move|p2a: Pecharunt|Nasty Plot|p2a: Pecharunt\n|-boost|p2a: Pecharunt|spa|0\n|move|p1a: Chesnaught|Wood Hammer|p2a: Pecharunt\n|-resisted|p2a: Pecharunt\n|-damage|p2a: Pecharunt|48/100\n|-damage|p1a: Chesnaught|73/285|[from] Recoil\n|\n|-heal|p2a: Pecharunt|54/100|[from] item: Leftovers\n|upkeep\n|turn|55\n|inactive|Time left: 300 sec this turn | 300 sec total\n|\n|t:|1783544885\n|move|p2a: Pecharunt|Nasty Plot|p2a: Pecharunt\n|-boost|p2a: Pecharunt|spa|0\n|move|p1a: Chesnaught|Wood Hammer|p2a: Pecharunt\n|-resisted|p2a: Pecharunt\n|-damage|p2a: Pecharunt|36/100\n|-damage|p1a: Chesnaught|57/285|[from] Recoil\n|\n|-heal|p2a: Pecharunt|42/100|[from] item: Leftovers\n|upkeep\n|turn|56\n|inactive|Time left: 300 sec this turn | 300 sec total\n|\n|t:|1783544886\n|move|p2a: Pecharunt|Nasty Plot|p2a: Pecharunt\n|-boost|p2a: Pecharunt|spa|0\n|move|p1a: Chesnaught|Wood Hammer|p2a: Pecharunt\n|-resisted|p2a: Pecharunt\n|-damage|p2a: Pecharunt|23/100\n|-damage|p1a: Chesnaught|41/285|[from] Recoil\n|\n|-heal|p2a: Pecharunt|30/100|[from] item: Leftovers\n|upkeep\n|turn|57\n|inactive|Time left: 300 sec this turn | 300 sec total\n|\n|t:|1783544887\n|move|p2a: Pecharunt|Nasty Plot|p2a: Pecharunt\n|-boost|p2a: Pecharunt|spa|0\n|move|p1a: Chesnaught|Wood Hammer|p2a: Pecharunt\n|-resisted|p2a: Pecharunt\n|-damage|p2a: Pecharunt|11/100\n|-damage|p1a: Chesnaught|25/285|[from] Recoil\n|\n|-heal|p2a: Pecharunt|17/100|[from] item: Leftovers\n|upkeep\n|turn|58\n|inactive|Time left: 300 sec this turn | 300 sec total\n|\n|t:|1783544888\n|move|p2a: Pecharunt|Nasty Plot|p2a: Pecharunt\n|-boost|p2a: Pecharunt|spa|0\n|move|p1a: Chesnaught|Wood Hammer|p2a: Pecharunt\n|-resisted|p2a: Pecharunt\n|-damage|p2a: Pecharunt|0 fnt\n|faint|p2a: Pecharunt\n|-damage|p1a: Chesnaught|10/285|[from] Recoil\n|\n|upkeep\n|\n|t:|1783544889\n|switch|p2a: Sinistcha|Sinistcha-Masterpiece, L83|100/100\n|-damage|p2a: Sinistcha|76/100|[from] Spikes\n|turn|59\n|inactive|Time left: 300 sec this turn | 300 sec total\n|\n|t:|1783544890\n|switch|p1a: Incineroar|Incineroar, L82, F|290/290\n|-ability|p1a: Incineroar|Intimidate|boost\n|-unboost|p2a: Sinistcha|atk|1\n|move|p2a: Sinistcha|Calm Mind|p2a: Sinistcha\n|-boost|p2a: Sinistcha|spa|1\n|-boost|p2a: Sinistcha|spd|1\n|\n|-heal|p2a: Sinistcha|82/100|[from] item: Leftovers\n|upkeep\n|turn|60\n|inactive|Time left: 300 sec this turn | 300 sec total\n|\n|t:|1783544891\n|move|p2a: Sinistcha|Matcha Gotcha|p1a: Incineroar|[miss]\n|-miss|p2a: Sinistcha|p1a: Incineroar\n|move|p1a: Incineroar|Knock Off|p2a: Sinistcha\n|-supereffective|p2a: Sinistcha\n|-damage|p2a: Sinistcha|11/100\n|-enditem|p2a: Sinistcha|Leftovers|[from] move: Knock Off|[of] p1a: Incineroar\n|\n|upkeep\n|turn|61\n|inactive|Time left: 300 sec this turn | 300 sec total\n|\n|t:|1783544892\n|switch|p1a: Tentacruel|Tentacruel, L84, M|272/272\n|move|p2a: Sinistcha|Strength Sap|p1a: Tentacruel\n|-unboost|p1a: Tentacruel|atk|1\n|-damage|p2a: Sinistcha|0 fnt|[from] ability: Liquid Ooze|[of] p1a: Tentacruel\n|faint|p2a: Sinistcha\n|\n|upkeep\n|\n|t:|1783544893\n|switch|p2a: Toxapex|Toxapex, L82, M|90/100 slp\n|-damage|p2a: Toxapex|65/100 slp|[from] Spikes\n|turn|62\n|inactive|Time left: 300 sec this turn | 300 sec total\n|\n|t:|1783544894\n|move|p1a: Tentacruel|Surf|p2a: Toxapex\n|-resisted|p2a: Toxapex\n|-damage|p2a: Toxapex|50/100 slp\n|cant|p2a: Toxapex|slp\n|\n|-heal|p2a: Toxapex|57/100 slp|[from] item: Leftovers\n|upkeep\n|turn|63\n|inactive|Time left: 300 sec this turn | 300 sec total\n|\n|t:|1783544895\n|move|p1a: Tentacruel|Haze|p1a: Tentacruel\n|-clearallboost\n|-curestatus|p2a: Toxapex|slp|[msg]\n|move|p2a: Toxapex|Liquidation|p1a: Tentacruel\n|-resisted|p1a: Tentacruel\n|-damage|p1a: Tentacruel|235/272\n|\n|-heal|p1a: Tentacruel|252/272|[from] item: Leftovers\n|-heal|p2a: Toxapex|63/100|[from] item: Leftovers\n|upkeep\n|turn|64\n|inactive|Time left: 300 sec this turn | 300 sec total\n|\n|t:|1783544896\n|move|p1a: Tentacruel|Sludge Bomb|p2a: Toxapex\n|-resisted|p2a: Toxapex\n|-damage|p2a: Toxapex|50/100\n|move|p2a: Toxapex|Recover|p2a: Toxapex\n|-heal|p2a: Toxapex|99/100\n|\n|-heal|p1a: Tentacruel|269/272|[from] item: Leftovers\n|-heal|p2a: Toxapex|100/100|[from] item: Leftovers\n|upkeep\n|turn|65\n|inactive|Time left: 300 sec this turn | 300 sec total\n|\n|t:|1783544898\n|move|p1a: Tentacruel|Rapid Spin|p2a: Toxapex\n|-damage|p2a: Toxapex|92/100\n|-boost|p1a: Tentacruel|spe|1\n|move|p2a: Toxapex|Liquidation|p1a: Tentacruel\n|-resisted|p1a: Tentacruel\n|-damage|p1a: Tentacruel|233/272\n|\n|-heal|p1a: Tentacruel|250/272|[from] item: Leftovers\n|-heal|p2a: Toxapex|98/100|[from] item: Leftovers\n|upkeep\n|turn|66\n|inactive|Time left: 300 sec this turn | 300 sec total\n|\n|t:|1783544899\n|move|p1a: Tentacruel|Rapid Spin|p2a: Toxapex\n|-damage|p2a: Toxapex|89/100\n|-boost|p1a: Tentacruel|spe|1\n|move|p2a: Toxapex|Liquidation|p1a: Tentacruel\n|-resisted|p1a: Tentacruel\n|-damage|p1a: Tentacruel|214/272\n|\n|-heal|p1a: Tentacruel|231/272|[from] item: Leftovers\n|-heal|p2a: Toxapex|95/100|[from] item: Leftovers\n|upkeep\n|turn|67\n|inactive|Time left: 300 sec this turn | 300 sec total\n|\n|t:|1783544900\n|move|p1a: Tentacruel|Surf|p2a: Toxapex\n|-resisted|p2a: Toxapex\n|-damage|p2a: Toxapex|82/100\n|move|p2a: Toxapex|Liquidation|p1a: Tentacruel\n|-resisted|p1a: Tentacruel\n|-damage|p1a: Tentacruel|194/272\n|-unboost|p1a: Tentacruel|def|1\n|\n|-heal|p1a: Tentacruel|211/272|[from] item: Leftovers\n|-heal|p2a: Toxapex|88/100|[from] item: Leftovers\n|upkeep\n|turn|68\n|inactive|Time left: 300 sec this turn | 300 sec total\n|\n|t:|1783544901\n|move|p1a: Tentacruel|Surf|p2a: Toxapex\n|-resisted|p2a: Toxapex\n|-damage|p2a: Toxapex|74/100\n|move|p2a: Toxapex|Liquidation|p1a: Tentacruel\n|-resisted|p1a: Tentacruel\n|-damage|p1a: Tentacruel|154/272\n|\n|-heal|p1a: Tentacruel|171/272|[from] item: Leftovers\n|-heal|p2a: Toxapex|80/100|[from] item: Leftovers\n|upkeep\n|turn|69\n|inactive|Time left: 300 sec this turn | 300 sec total\n|\n|t:|1783544903\n|move|p1a: Tentacruel|Surf|p2a: Toxapex\n|-resisted|p2a: Toxapex\n|-damage|p2a: Toxapex|66/100\n|move|p2a: Toxapex|Liquidation|p1a: Tentacruel\n|-resisted|p1a: Tentacruel\n|-crit|p1a: Tentacruel\n|-damage|p1a: Tentacruel|86/272\n|\n|-heal|p1a: Tentacruel|103/272|[from] item: Leftovers\n|-heal|p2a: Toxapex|72/100|[from] item: Leftovers\n|upkeep\n|turn|70\n|inactive|Time left: 300 sec this turn | 300 sec total\n|\n|t:|1783544904\n|move|p1a: Tentacruel|Sludge Bomb|p2a: Toxapex\n|-resisted|p2a: Toxapex\n|-damage|p2a: Toxapex|57/100\n|move|p2a: Toxapex|Liquidation|p1a: Tentacruel\n|-resisted|p1a: Tentacruel\n|-damage|p1a: Tentacruel|49/272\n|\n|-heal|p1a: Tentacruel|66/272|[from] item: Leftovers\n|-heal|p2a: Toxapex|63/100|[from] item: Leftovers\n|upkeep\n|turn|71\n|inactive|Time left: 300 sec this turn | 300 sec total\n|\n|t:|1783544905\n|move|p1a: Tentacruel|Sludge Bomb|p2a: Toxapex\n|-resisted|p2a: Toxapex\n|-damage|p2a: Toxapex|49/100\n|move|p2a: Toxapex|Liquidation|p1a: Tentacruel\n|-resisted|p1a: Tentacruel\n|-damage|p1a: Tentacruel|3/272\n|\n|-heal|p1a: Tentacruel|20/272|[from] item: Leftovers\n|-heal|p2a: Toxapex|55/100|[from] item: Leftovers\n|upkeep\n|turn|72\n|inactive|Time left: 300 sec this turn | 300 sec total\n|\n|t:|1783544907\n|move|p1a: Tentacruel|Sludge Bomb|p2a: Toxapex\n|-resisted|p2a: Toxapex\n|-damage|p2a: Toxapex|42/100\n|move|p2a: Toxapex|Liquidation|p1a: Tentacruel\n|-resisted|p1a: Tentacruel\n|-damage|p1a: Tentacruel|0 fnt\n|faint|p1a: Tentacruel\n|\n|-heal|p2a: Toxapex|48/100|[from] item: Leftovers\n|upkeep\n|inactive|Time left: 300 sec this turn | 300 sec total | 5 sec grace\n|\n|t:|1783544908\n|switch|p1a: Minun|Minun, L95, M|268/268\n|turn|73\n|inactive|Time left: 300 sec this turn | 300 sec total\n|\n|t:|1783544909\n|-terastallize|p2a: Toxapex|Grass\n|move|p1a: Minun|Thunderbolt|p2a: Toxapex\n|-resisted|p2a: Toxapex\n|-damage|p2a: Toxapex|26/100\n|-damage|p1a: Minun|242/268|[from] item: Life Orb\n|move|p2a: Toxapex|Liquidation|p1a: Minun\n|-damage|p1a: Minun|157/268\n|\n|-heal|p2a: Toxapex|32/100|[from] item: Leftovers\n|upkeep\n|turn|74\n|inactive|Time left: 300 sec this turn | 300 sec total\n|\n|t:|1783544910\n|move|p1a: Minun|Nasty Plot|p1a: Minun\n|-boost|p1a: Minun|spa|2\n|move|p2a: Toxapex|Recover|p2a: Toxapex\n|-heal|p2a: Toxapex|82/100\n|\n|-heal|p2a: Toxapex|88/100|[from] item: Leftovers\n|upkeep\n|turn|75\n|inactive|Time left: 300 sec this turn | 300 sec total\n|\n|t:|1783544911\n|move|p1a: Minun|Alluring Voice|p2a: Toxapex\n|-damage|p2a: Toxapex|37/100\n|-damage|p1a: Minun|131/268|[from] item: Life Orb\n|move|p2a: Toxapex|Toxic|p1a: Minun\n|-status|p1a: Minun|tox\n|\n|-heal|p2a: Toxapex|43/100|[from] item: Leftovers\n|-damage|p1a: Minun|115/268 tox|[from] psn\n|upkeep\n|turn|76\n|inactive|Time left: 300 sec this turn | 300 sec total\n|\n|t:|1783544912\n|move|p1a: Minun|Alluring Voice|p2a: Toxapex\n|-damage|p2a: Toxapex|0 fnt\n|faint|p2a: Toxapex\n|-damage|p1a: Minun|89/268 tox|[from] item: Life Orb\n|\n|-damage|p1a: Minun|57/268 tox|[from] psn\n|upkeep\n|\n|t:|1783544913\n|switch|p2a: Arceus|Arceus, L68|91/100\n|-damage|p2a: Arceus|66/100|[from] Spikes\n|turn|77\n|inactive|Time left: 300 sec this turn | 300 sec total\n|\n|t:|1783544914\n|move|p2a: Arceus|Extreme Speed|p1a: Minun\n|-damage|p1a: Minun|0 fnt\n|faint|p1a: Minun\n|-damage|p2a: Arceus|56/100|[from] item: Life Orb\n|\n|upkeep\n|inactive|Time left: 300 sec this turn | 300 sec total | 5 sec grace\n|\n|t:|1783544915\n|switch|p1a: Beartic|Beartic, L91, F|321/321\n|turn|78\n|inactive|Time left: 300 sec this turn | 300 sec total\n|\n|t:|1783544915\n|move|p2a: Arceus|Recover|p2a: Arceus\n|-heal|p2a: Arceus|100/100\n|move|p1a: Beartic|Close Combat|p2a: Arceus\n|-supereffective|p2a: Arceus\n|-damage|p2a: Arceus|17/100\n|-unboost|p1a: Beartic|def|1\n|-unboost|p1a: Beartic|spd|1\n|\n|upkeep\n|turn|79\n|inactive|Time left: 300 sec this turn | 300 sec total\n|\n|t:|1783544916\n|move|p2a: Arceus|Earthquake|p1a: Beartic\n|-damage|p1a: Beartic|213/321\n|-damage|p2a: Arceus|7/100|[from] item: Life Orb\n|move|p1a: Beartic|Close Combat|p2a: Arceus\n|-supereffective|p2a: Arceus\n|-damage|p2a: Arceus|0 fnt\n|-unboost|p1a: Beartic|def|1\n|-unboost|p1a: Beartic|spd|1\n|faint|p2a: Arceus\n|\n|upkeep\n|\n|t:|1783544917\n|switch|p2a: Magcargo|Magcargo, L95, F|100/100\n|turn|80\n|inactive|Time left: 300 sec this turn | 300 sec total\n|\n|t:|1783544918\n|move|p1a: Beartic|Earthquake|p2a: Magcargo\n|-supereffective|p2a: Magcargo\n|-damage|p2a: Magcargo|0 fnt\n|faint|p2a: Magcargo\n|\n|win|p0x4996236", "uploadtime": 1783544918, "views": 0, "rating": 0, "private": 0, "password": null, "_winner": "p0x4996236", "_our_name": "p0x4996236"}