{"id": "battle-gen9randombattle-210", "formatid": "gen9randombattle", "format": "[Gen 9] Random Battle", "players": ["p0x2105bb0", "p0y210035b"], "log": "|init|battle\n|title|p0x2105bb0 vs. p0y210035b\n|j|\u2606p0x2105bb0\n|j|\u2606p0y210035b\n|t:|1783535690\n|gametype|singles\n|player|p1|p0x2105bb0|2|\n|player|p2|p0y210035b|101|\n|gen|9\n|tier|[Gen 9] Random Battle\n|rule|Species Clause: Limit one of each Pok\u00e9mon\n|rule|HP Percentage Mod: HP is shown in percentages\n|rule|Sleep Clause Mod: Limit one foe put to sleep\n|rule|Illusion Level Mod: Illusion disguises the Pok\u00e9mon's true level\n|\n|t:|1783535690\n|teamsize|p1|6\n|teamsize|p2|6\n|start\n|switch|p1a: Umbreon|Umbreon, L84, F|100/100\n|switch|p2a: Meloetta|Meloetta, L82|298/298\n|turn|1\n|inactive|Battle timer is ON: inactive players will automatically lose when time's up. (requested by p0y210035b)\n|inactive|p0x2105bb0 also wants the timer to be on.\n|\n|t:|1783535692\n|move|p2a: Meloetta|Focus Blast|p1a: Umbreon\n|-supereffective|p1a: Umbreon\n|-damage|p1a: Umbreon|22/100\n|move|p1a: Umbreon|Foul Play|p2a: Meloetta\n|-supereffective|p2a: Meloetta\n|-damage|p2a: Meloetta|110/298\n|\n|-heal|p1a: Umbreon|28/100|[from] item: Leftovers\n|upkeep\n|turn|2\n|inactive|Time left: 300 sec this turn | 300 sec total\n|\n|t:|1783535693\n|move|p2a: Meloetta|Focus Blast|p1a: Umbreon\n|-supereffective|p1a: Umbreon\n|-damage|p1a: Umbreon|0 fnt\n|faint|p1a: Umbreon\n|\n|upkeep\n|\n|t:|1783535694\n|switch|p1a: Terrakion|Terrakion, L79|100/100\n|turn|3\n|inactive|Time left: 300 sec this turn | 300 sec total\n|\n|t:|1783535695\n|switch|p2a: Eiscue|Eiscue, L88, F|274/274\n|move|p1a: Terrakion|Close Combat|p2a: Eiscue\n|-activate|p2a: Eiscue|ability: Ice Face\n|-damage|p2a: Eiscue|274/274\n|-unboost|p1a: Terrakion|def|1\n|-unboost|p1a: Terrakion|spd|1\n|detailschange|p2a: Eiscue|Eiscue-Noice, L88, F\n|-damage|p1a: Terrakion|91/100|[from] item: Life Orb\n|\n|upkeep\n|turn|4\n|inactive|Time left: 300 sec this turn | 300 sec total\n|\n|t:|1783535696\n|switch|p1a: Volcanion|Volcanion, L79|100/100\n|-terastallize|p2a: Eiscue|Water\n|move|p2a: Eiscue|Liquidation|p1a: Volcanion\n|-immune|p1a: Volcanion|[from] ability: Water Absorb\n|\n|upkeep\n|turn|5\n|inactive|Time left: 300 sec this turn | 300 sec total\n|\n|t:|1783535697\n|move|p2a: Eiscue|Ice Spinner|p1a: Volcanion\n|-resisted|p1a: Volcanion\n|-damage|p1a: Volcanion|94/100\n|move|p1a: Volcanion|Steam Eruption|p2a: Eiscue\n|-resisted|p2a: Eiscue\n|-damage|p2a: Eiscue|188/274\n|-status|p2a: Eiscue|brn\n|\n|-damage|p2a: Eiscue|171/274 brn|[from] brn\n|upkeep\n|turn|6\n|inactive|Time left: 300 sec this turn | 300 sec total\n|\n|t:|1783535698\n|move|p2a: Eiscue|Zen Headbutt|p1a: Volcanion\n|-damage|p1a: Volcanion|85/100\n|cant|p1a: Volcanion|flinch\n|\n|-damage|p2a: Eiscue|154/274 brn|[from] brn\n|upkeep\n|turn|7\n|inactive|Time left: 300 sec this turn | 300 sec total\n|\n|t:|1783535699\n|move|p2a: Eiscue|Ice Spinner|p1a: Volcanion\n|-resisted|p1a: Volcanion\n|-damage|p1a: Volcanion|81/100\n|move|p1a: Volcanion|Flame Charge|p2a: Eiscue\n|-resisted|p2a: Eiscue\n|-damage|p2a: Eiscue|124/274 brn\n|-boost|p1a: Volcanion|spe|1\n|-enditem|p2a: Eiscue|Sitrus Berry|[eat]\n|-heal|p2a: Eiscue|192/274 brn|[from] item: Sitrus Berry\n|\n|-damage|p2a: Eiscue|175/274 brn|[from] brn\n|upkeep\n|turn|8\n|inactive|Time left: 300 sec this turn | 300 sec total\n|\n|t:|1783535701\n|move|p2a: Eiscue|Zen Headbutt|p1a: Volcanion\n|-crit|p1a: Volcanion\n|-damage|p1a: Volcanion|68/100\n|cant|p1a: Volcanion|flinch\n|\n|-damage|p2a: Eiscue|158/274 brn|[from] brn\n|upkeep\n|turn|9\n|inactive|Time left: 300 sec this turn | 300 sec total\n|\n|t:|1783535702\n|move|p2a: Eiscue|Zen Headbutt|p1a: Volcanion\n|-damage|p1a: Volcanion|59/100\n|move|p1a: Volcanion|Flamethrower|p2a: Eiscue\n|-resisted|p2a: Eiscue\n|-damage|p2a: Eiscue|83/274 brn\n|\n|-damage|p2a: Eiscue|66/274 brn|[from] brn\n|upkeep\n|turn|10\n|inactive|Time left: 300 sec this turn | 300 sec total\n|\n|t:|1783535703\n|move|p2a: Eiscue|Zen Headbutt|p1a: Volcanion\n|-damage|p1a: Volcanion|50/100\n|cant|p1a: Volcanion|flinch\n|\n|-damage|p2a: Eiscue|49/274 brn|[from] brn\n|upkeep\n|turn|11\n|inactive|Time left: 300 sec this turn | 300 sec total\n|\n|t:|1783535704\n|move|p2a: Eiscue|Zen Headbutt|p1a: Volcanion\n|-damage|p1a: Volcanion|40/100\n|move|p1a: Volcanion|Steam Eruption|p2a: Eiscue\n|-resisted|p2a: Eiscue\n|-damage|p2a: Eiscue|0 fnt\n|faint|p2a: Eiscue\n|\n|upkeep\n|inactive|Time left: 300 sec this turn | 300 sec total | 5 sec grace\n|\n|t:|1783535705\n|switch|p2a: Meloetta|Meloetta, L82|110/298\n|turn|12\n|inactive|Time left: 300 sec this turn | 300 sec total\n|\n|t:|1783535706\n|-terastallize|p1a: Volcanion|Water\n|move|p1a: Volcanion|Steam Eruption|p2a: Meloetta\n|-damage|p2a: Meloetta|0 fnt\n|faint|p2a: Meloetta\n|\n|upkeep\n|inactive|Time left: 300 sec this turn | 300 sec total | 5 sec grace\n|\n|t:|1783535707\n|switch|p2a: Tornadus|Tornadus, L82, M|263/263\n|turn|13\n|inactive|Time left: 300 sec this turn | 300 sec total\n|\n|t:|1783535708\n|move|p1a: Volcanion|Steam Eruption|p2a: Tornadus\n|-damage|p2a: Tornadus|81/263\n|move|p2a: Tornadus|Bleakwind Storm|p1a: Volcanion\n|-damage|p1a: Volcanion|0 fnt\n|faint|p1a: Volcanion\n|\n|upkeep\n|\n|t:|1783535709\n|switch|p1a: Drifblim|Drifblim, L86, F|100/100\n|turn|14\n|inactive|Time left: 300 sec this turn | 300 sec total\n|\n|t:|1783535709\n|move|p2a: Tornadus|Bleakwind Storm|p1a: Drifblim\n|-damage|p1a: Drifblim|33/100\n|-enditem|p1a: Drifblim|Sitrus Berry|[eat]\n|-heal|p1a: Drifblim|58/100|[from] item: Sitrus Berry\n|move|p1a: Drifblim|Calm Mind|p1a: Drifblim\n|-boost|p1a: Drifblim|spa|1\n|-boost|p1a: Drifblim|spd|1\n|\n|upkeep\n|turn|15\n|inactive|Time left: 300 sec this turn | 300 sec total\n|\n|t:|1783535710\n|switch|p2a: Probopass|Probopass, L91, M|257/257\n|move|p1a: Drifblim|Shadow Ball|p2a: Probopass\n|-damage|p2a: Probopass|185/257\n|\n|-heal|p2a: Probopass|201/257|[from] item: Leftovers\n|upkeep\n|turn|16\n|inactive|Time left: 300 sec this turn | 300 sec total\n|\n|t:|1783535711\n|move|p1a: Drifblim|Strength Sap|p2a: Probopass\n|-unboost|p2a: Probopass|atk|1\n|-heal|p1a: Drifblim|84/100\n|move|p2a: Probopass|Power Gem|p1a: Drifblim\n|-supereffective|p1a: Drifblim\n|-damage|p1a: Drifblim|43/100\n|\n|-heal|p2a: Probopass|217/257|[from] item: Leftovers\n|upkeep\n|turn|17\n|inactive|Time left: 300 sec this turn | 300 sec total\n|\n|t:|1783535711\n|move|p1a: Drifblim|Calm Mind|p1a: Drifblim\n|-boost|p1a: Drifblim|spa|1\n|-boost|p1a: Drifblim|spd|1\n|move|p2a: Probopass|Power Gem|p1a: Drifblim\n|-supereffective|p1a: Drifblim\n|-damage|p1a: Drifblim|14/100\n|\n|-heal|p2a: Probopass|233/257|[from] item: Leftovers\n|upkeep\n|turn|18\n|inactive|Time left: 300 sec this turn | 300 sec total\n|\n|t:|1783535712\n|move|p1a: Drifblim|Strength Sap|p2a: Probopass\n|-unboost|p2a: Probopass|atk|1\n|-heal|p1a: Drifblim|32/100\n|move|p2a: Probopass|Power Gem|p1a: Drifblim\n|-supereffective|p1a: Drifblim\n|-damage|p1a: Drifblim|5/100\n|\n|-heal|p2a: Probopass|249/257|[from] item: Leftovers\n|upkeep\n|turn|19\n|inactive|Time left: 300 sec this turn | 300 sec total\n|\n|t:|1783535713\n|move|p1a: Drifblim|Shadow Ball|p2a: Probopass\n|-damage|p2a: Probopass|140/257\n|move|p2a: Probopass|Power Gem|p1a: Drifblim\n|-supereffective|p1a: Drifblim\n|-damage|p1a: Drifblim|0 fnt\n|faint|p1a: Drifblim\n|\n|-heal|p2a: Probopass|156/257|[from] item: Leftovers\n|upkeep\n|\n|t:|1783535714\n|switch|p1a: Serperior|Serperior, L79, M|100/100\n|turn|20\n|inactive|Time left: 300 sec this turn | 300 sec total\n|\n|t:|1783535714\n|switch|p2a: Tornadus|Tornadus, L82, M|81/263\n|move|p1a: Serperior|Leaf Storm|p2a: Tornadus\n|-resisted|p2a: Tornadus\n|-damage|p2a: Tornadus|30/263\n|-boost|p1a: Serperior|spa|2\n|\n|upkeep\n|turn|21\n|inactive|Time left: 300 sec this turn | 300 sec total\n|\n|t:|1783535715\n|switch|p1a: Shiftry|Shiftry, L89, M|100/100\n|move|p2a: Tornadus|Bleakwind Storm|p1a: Shiftry\n|-ability|p1a: Shiftry|Wind Rider|boost\n|-boost|p1a: Shiftry|atk|1\n|\n|upkeep\n|turn|22\n|inactive|Time left: 300 sec this turn | 300 sec total\n|\n|t:|1783535716\n|switch|p2a: Probopass|Probopass, L91, M|156/257\n|move|p1a: Shiftry|Knock Off|p2a: Probopass\n|-damage|p2a: Probopass|44/257\n|-enditem|p2a: Probopass|Leftovers|[from] move: Knock Off|[of] p1a: Shiftry\n|\n|upkeep\n|turn|23\n|inactive|Time left: 300 sec this turn | 300 sec total\n|\n|t:|1783535717\n|move|p1a: Shiftry|Knock Off|p2a: Probopass\n|-damage|p2a: Probopass|0 fnt\n|faint|p2a: Probopass\n|\n|upkeep\n|inactive|Time left: 300 sec this turn | 300 sec total | 5 sec grace\n|\n|t:|1783535718\n|switch|p2a: Tornadus|Tornadus, L82, M|30/263\n|turn|24\n|inactive|Time left: 300 sec this turn | 300 sec total\n|\n|t:|1783535719\n|move|p2a: Tornadus|Focus Blast|p1a: Shiftry\n|-supereffective|p1a: Shiftry\n|-damage|p1a: Shiftry|0 fnt\n|faint|p1a: Shiftry\n|\n|upkeep\n|\n|t:|1783535720\n|switch|p1a: Serperior|Serperior, L79, M|100/100\n|turn|25\n|inactive|Time left: 300 sec this turn | 300 sec total\n|\n|t:|1783535721\n|move|p2a: Tornadus|Focus Blast|p1a: Serperior\n|-damage|p1a: Serperior|40/100\n|move|p1a: Serperior|Leaf Storm|p2a: Tornadus\n|-resisted|p2a: Tornadus\n|-damage|p2a: Tornadus|0 fnt\n|-boost|p1a: Serperior|spa|2\n|faint|p2a: Tornadus\n|\n|-heal|p1a: Serperior|46/100|[from] item: Leftovers\n|upkeep\n|inactive|Time left: 300 sec this turn | 300 sec total | 5 sec grace\n|\n|t:|1783535723\n|switch|p2a: Sunflora|Sunflora, F|312/312\n|turn|26\n|inactive|Time left: 300 sec this turn | 300 sec total\n|\n|t:|1783535724\n|move|p1a: Serperior|Substitute|p1a: Serperior\n|-start|p1a: Serperior|Substitute\n|-damage|p1a: Serperior|21/100\n|move|p2a: Sunflora|Sunny Day|p2a: Sunflora\n|-weather|SunnyDay\n|\n|-weather|SunnyDay|[upkeep]\n|-heal|p1a: Serperior|27/100|[from] item: Leftovers\n|upkeep\n|turn|27\n|inactive|Time left: 300 sec this turn | 300 sec total\n|\n|t:|1783535725\n|move|p2a: Sunflora|Solar Beam||[still]\n|-prepare|p2a: Sunflora|Solar Beam\n|-anim|p2a: Sunflora|Solar Beam|p1a: Serperior\n|-resisted|p1a: Serperior\n|-end|p1a: Serperior|Substitute\n|-damage|p2a: Sunflora|281/312|[from] item: Life Orb\n|move|p1a: Serperior|Substitute|p1a: Serperior\n|-start|p1a: Serperior|Substitute\n|-damage|p1a: Serperior|2/100\n|\n|-weather|SunnyDay|[upkeep]\n|-heal|p1a: Serperior|8/100|[from] item: Leftovers\n|upkeep\n|turn|28\n|inactive|Time left: 300 sec this turn | 300 sec total\n|\n|t:|1783535726\n|move|p2a: Sunflora|Solar Beam||[still]\n|-prepare|p2a: Sunflora|Solar Beam\n|-anim|p2a: Sunflora|Solar Beam|p1a: Serperior\n|-resisted|p1a: Serperior\n|-end|p1a: Serperior|Substitute\n|-damage|p2a: Sunflora|250/312|[from] item: Life Orb\n|move|p1a: Serperior|Tera Blast|p2a: Sunflora\n|-damage|p2a: Sunflora|180/312\n|\n|-weather|SunnyDay|[upkeep]\n|-heal|p1a: Serperior|14/100|[from] item: Leftovers\n|upkeep\n|turn|29\n|inactive|Time left: 300 sec this turn | 300 sec total\n|\n|t:|1783535727\n|move|p2a: Sunflora|Solar Beam||[still]\n|-prepare|p2a: Sunflora|Solar Beam\n|-anim|p2a: Sunflora|Solar Beam|p1a: Serperior\n|-resisted|p1a: Serperior\n|-damage|p1a: Serperior|0 fnt\n|faint|p1a: Serperior\n|-damage|p2a: Sunflora|149/312|[from] item: Life Orb\n|\n|-weather|SunnyDay|[upkeep]\n|upkeep\n|\n|t:|1783535728\n|switch|p1a: Terrakion|Terrakion, L79|91/100\n|turn|30\n|inactive|Time left: 300 sec this turn | 300 sec total\n|\n|t:|1783535728\n|move|p2a: Sunflora|Solar Beam||[still]\n|-prepare|p2a: Sunflora|Solar Beam\n|-anim|p2a: Sunflora|Solar Beam|p1a: Terrakion\n|-supereffective|p1a: Terrakion\n|-damage|p1a: Terrakion|0 fnt\n|faint|p1a: Terrakion\n|-damage|p2a: Sunflora|118/312|[from] item: Life Orb\n|\n|win|p0y210035b", "uploadtime": 1783535728, "views": 0, "rating": 0, "private": 0, "password": null, "_winner": "p0y210035b", "_our_name": "p0y210035b"}