{"id": "battle-gen9randombattle-2292", "formatid": "gen9randombattle", "format": "[Gen 9] Random Battle", "players": ["p0x2292cbca", "p0y229238a0"], "log": "|init|battle\n|title|p0x2292cbca vs. p0y229238a0\n|j|\u2606p0x2292cbca\n|j|\u2606p0y229238a0\n|t:|1783565620\n|gametype|singles\n|player|p1|p0x2292cbca|266|\n|player|p2|p0y229238a0|266|\n|gen|9\n|tier|[Gen 9] Random Battle\n|rule|Species Clause: Limit one of each Pok\u00e9mon\n|rule|HP Percentage Mod: HP is shown in percentages\n|rule|Sleep Clause Mod: Limit one foe put to sleep\n|rule|Illusion Level Mod: Illusion disguises the Pok\u00e9mon's true level\n|\n|t:|1783565620\n|teamsize|p1|6\n|teamsize|p2|6\n|start\n|switch|p1a: Snorlax|Snorlax, L82, F|397/397\n|switch|p2a: Luvdisc|Luvdisc, F|100/100\n|turn|1\n|inactive|Battle timer is ON: inactive players will automatically lose when time's up. (requested by p0x2292cbca)\n|inactive|p0y229238a0 also wants the timer to be on.\n|\n|t:|1783565621\n|switch|p2a: Luxray|Luxray, L88, F|100/100\n|move|p1a: Snorlax|Body Slam|p2a: Luxray\n|-damage|p2a: Luxray|67/100\n|\n|-status|p2a: Luxray|brn|[from] item: Flame Orb\n|upkeep\n|turn|2\n|inactive|Time left: 300 sec this turn | 300 sec total\n|\n|t:|1783565622\n|move|p2a: Luxray|Facade|p1a: Snorlax\n|-damage|p1a: Snorlax|146/397\n|move|p1a: Snorlax|Body Slam|p2a: Luxray\n|-damage|p2a: Luxray|34/100 brn\n|\n|-heal|p1a: Snorlax|170/397|[from] item: Leftovers\n|-damage|p2a: Luxray|28/100 brn|[from] brn\n|upkeep\n|turn|3\n|inactive|Time left: 300 sec this turn | 300 sec total\n|\n|t:|1783565623\n|move|p2a: Luxray|Facade|p1a: Snorlax\n|-damage|p1a: Snorlax|0 fnt\n|faint|p1a: Snorlax\n|\n|-damage|p2a: Luxray|22/100 brn|[from] brn\n|upkeep\n|inactive|Time left: 300 sec this turn | 300 sec total | 5 sec grace\n|\n|t:|1783565624\n|switch|p1a: Minior|Minior, L79|224/224\n|-formechange|p1a: Minior|Minior-Meteor||[from] ability: Shields Down\n|turn|4\n|inactive|Time left: 300 sec this turn | 300 sec total\n|\n|t:|1783565625\n|switch|p1a: Hydrapple|Hydrapple, L83, F|312/312\n|move|p2a: Luxray|Supercell Slam|p1a: Hydrapple\n|-resisted|p1a: Hydrapple\n|-damage|p1a: Hydrapple|272/312\n|\n|-damage|p2a: Luxray|16/100 brn|[from] brn\n|upkeep\n|turn|5\n|inactive|Time left: 300 sec this turn | 300 sec total\n|\n|t:|1783565627\n|move|p2a: Luxray|Play Rough|p1a: Hydrapple|[miss]\n|-miss|p2a: Luxray|p1a: Hydrapple\n|move|p1a: Hydrapple|Fickle Beam|p2a: Luxray\n|-damage|p2a: Luxray|0 fnt\n|faint|p2a: Luxray\n|\n|upkeep\n|\n|t:|1783565627\n|switch|p2a: Oricorio|Oricorio-Sensu, L85, F|100/100\n|turn|6\n|inactive|Time left: 300 sec this turn | 300 sec total\n|\n|t:|1783565629\n|move|p2a: Oricorio|Quiver Dance|p2a: Oricorio\n|-boost|p2a: Oricorio|spa|1\n|-boost|p2a: Oricorio|spd|1\n|-boost|p2a: Oricorio|spe|1\n|move|p1a: Hydrapple|Fickle Beam|p2a: Oricorio\n|-damage|p2a: Oricorio|71/100\n|\n|upkeep\n|turn|7\n|inactive|Time left: 300 sec this turn | 300 sec total\n|\n|t:|1783565630\n|move|p2a: Oricorio|Hurricane|p1a: Hydrapple\n|-supereffective|p1a: Hydrapple\n|-damage|p1a: Hydrapple|2/312\n|move|p1a: Hydrapple|Dragon Tail|p2a: Oricorio\n|-damage|p2a: Oricorio|47/100\n|drag|p2a: Sandaconda|Sandaconda, L84, F|100/100\n|\n|upkeep\n|turn|8\n|inactive|Time left: 300 sec this turn | 300 sec total\n|\n|t:|1783565631\n|switch|p1a: Basculegion|Basculegion, L80, M|323/323\n|move|p2a: Sandaconda|Earthquake|p1a: Basculegion\n|-damage|p1a: Basculegion|169/323\n|\n|upkeep\n|turn|9\n|inactive|Time left: 300 sec this turn | 300 sec total\n|\n|t:|1783565632\n|-terastallize|p2a: Sandaconda|Dragon\n|move|p1a: Basculegion|Wave Crash|p2a: Sandaconda\n|-resisted|p2a: Sandaconda\n|-damage|p2a: Sandaconda|73/100\n|-damage|p1a: Basculegion|146/323|[from] Recoil\n|move|p2a: Sandaconda|Scale Shot|p1a: Basculegion\n|-damage|p1a: Basculegion|104/323\n|-damage|p1a: Basculegion|64/323\n|-damage|p1a: Basculegion|27/323\n|-damage|p1a: Basculegion|0 fnt\n|faint|p1a: Basculegion\n|-hitcount|p1: Basculegion|4\n|-unboost|p2a: Sandaconda|def|1\n|-boost|p2a: Sandaconda|spe|1\n|\n|upkeep\n|inactive|Time left: 300 sec this turn | 300 sec total | 5 sec grace\n|\n|t:|1783565633\n|switch|p1a: Minior|Minior, L79|224/224\n|-formechange|p1a: Minior|Minior-Meteor||[from] ability: Shields Down\n|turn|10\n|inactive|Time left: 300 sec this turn | 300 sec total\n|\n|t:|1783565634\n|switch|p1a: Hydrapple|Hydrapple, L83, F|106/312\n|move|p2a: Sandaconda|Coil|p2a: Sandaconda\n|-boost|p2a: Sandaconda|atk|1\n|-boost|p2a: Sandaconda|def|1\n|-boost|p2a: Sandaconda|accuracy|1\n|\n|upkeep\n|turn|11\n|inactive|Time left: 300 sec this turn | 300 sec total\n|\n|t:|1783565635\n|-terastallize|p1a: Hydrapple|Steel\n|move|p2a: Sandaconda|Scale Shot|p1a: Hydrapple\n|-resisted|p1a: Hydrapple\n|-damage|p1a: Hydrapple|88/312\n|-resisted|p1a: Hydrapple\n|-damage|p1a: Hydrapple|69/312\n|-resisted|p1a: Hydrapple\n|-damage|p1a: Hydrapple|51/312\n|-resisted|p1a: Hydrapple\n|-damage|p1a: Hydrapple|31/312\n|-hitcount|p1a: Hydrapple|4\n|-unboost|p2a: Sandaconda|def|1\n|-boost|p2a: Sandaconda|spe|1\n|move|p1a: Hydrapple|Fickle Beam|p2a: Sandaconda|[anim] Fickle Beam All Out\n|-activate|p1a: Hydrapple|move: Fickle Beam\n|-supereffective|p2a: Sandaconda\n|-crit|p2a: Sandaconda\n|-damage|p2a: Sandaconda|0 fnt\n|faint|p2a: Sandaconda\n|\n|upkeep\n|\n|t:|1783565636\n|switch|p2a: Arcanine|Arcanine-Hisui, L79, F|100/100\n|turn|12\n|inactive|Time left: 300 sec this turn | 300 sec total\n|\n|t:|1783565637\n|move|p2a: Arcanine|Head Smash|p1a: Hydrapple\n|-resisted|p1a: Hydrapple\n|-damage|p1a: Hydrapple|0 fnt\n|faint|p1a: Hydrapple\n|\n|upkeep\n|inactive|Time left: 300 sec this turn | 300 sec total | 5 sec grace\n|\n|t:|1783565638\n|switch|p1a: Minior|Minior, L79|224/224\n|-formechange|p1a: Minior|Minior-Meteor||[from] ability: Shields Down\n|turn|13\n|inactive|Time left: 300 sec this turn | 300 sec total\n|\n|t:|1783565639\n|switch|p1a: Trevenant|Trevenant, L89, M|296/296\n|move|p2a: Arcanine|Head Smash|p1a: Trevenant\n|-damage|p1a: Trevenant|116/296\n|-enditem|p1a: Trevenant|Sitrus Berry|[eat]\n|-heal|p1a: Trevenant|190/296|[from] item: Sitrus Berry\n|\n|-item|p1a: Trevenant|Sitrus Berry|[from] ability: Harvest\n|upkeep\n|turn|14\n|inactive|Time left: 300 sec this turn | 300 sec total\n|\n|t:|1783565639\n|move|p2a: Arcanine|Flare Blitz|p1a: Trevenant\n|-supereffective|p1a: Trevenant\n|-damage|p1a: Trevenant|0 fnt\n|faint|p1a: Trevenant\n|\n|upkeep\n|inactive|Time left: 300 sec this turn | 300 sec total | 5 sec grace\n|\n|t:|1783565640\n|switch|p1a: Minior|Minior, L79|224/224\n|-formechange|p1a: Minior|Minior-Meteor||[from] ability: Shields Down\n|turn|15\n|inactive|Time left: 300 sec this turn | 300 sec total\n|\n|t:|1783565641\n|move|p2a: Arcanine|Head Smash|p1a: Minior\n|-supereffective|p1a: Minior\n|-damage|p1a: Minior|0 fnt\n|faint|p1a: Minior\n|\n|upkeep\n|inactive|Time left: 300 sec this turn | 300 sec total | 5 sec grace\n|\n|t:|1783565642\n|switch|p1a: Delibird|Delibird, F|252/252\n|turn|16\n|inactive|Time left: 300 sec this turn | 300 sec total\n|\n|t:|1783565642\n|move|p1a: Delibird|Drill Run|p2a: Arcanine\n|-supereffective|p2a: Arcanine\n|-damage|p2a: Arcanine|0 fnt\n|faint|p2a: Arcanine\n|\n|upkeep\n|\n|t:|1783565643\n|switch|p2a: Chandelure|Chandelure, L83, M|100/100\n|turn|17\n|inactive|Time left: 300 sec this turn | 300 sec total\n|\n|t:|1783565644\n|move|p2a: Chandelure|Fire Blast|p1a: Delibird\n|-supereffective|p1a: Delibird\n|-damage|p1a: Delibird|0 fnt\n|faint|p1a: Delibird\n|\n|win|p0y229238a0", "uploadtime": 1783565644, "views": 0, "rating": 0, "private": 0, "password": null, "_winner": "p0y229238a0", "_our_name": "p0x2292cbca"}