{"id": "battle-gen9randombattle-1139", "formatid": "gen9randombattle", "format": "[Gen 9] Random Battle", "players": ["p0x11391ee5", "p0y113924e6"], "log": "|init|battle\n|title|p0x11391ee5 vs. p0y113924e6\n|j|\u2606p0x11391ee5\n|j|\u2606p0y113924e6\n|t:|1783553202\n|gametype|singles\n|player|p1|p0x11391ee5|265|\n|player|p2|p0y113924e6|2|\n|gen|9\n|tier|[Gen 9] Random Battle\n|rule|Species Clause: Limit one of each Pok\u00e9mon\n|rule|HP Percentage Mod: HP is shown in percentages\n|rule|Sleep Clause Mod: Limit one foe put to sleep\n|rule|Illusion Level Mod: Illusion disguises the Pok\u00e9mon's true level\n|\n|t:|1783553202\n|teamsize|p1|6\n|teamsize|p2|6\n|start\n|switch|p1a: Plusle|Plusle, L95, M|268/268\n|switch|p2a: Torterra|Torterra, L78, M|100/100\n|turn|1\n|inactive|Battle timer is ON: inactive players will automatically lose when time's up. (requested by p0y113924e6)\n|inactive|Time left: 300 sec this turn | 300 sec total | 60 sec grace\n|\n|t:|1783553204\n|move|p1a: Plusle|Nasty Plot|p1a: Plusle\n|-boost|p1a: Plusle|spa|2\n|move|p2a: Torterra|Shell Smash|p2a: Torterra\n|-unboost|p2a: Torterra|def|1\n|-unboost|p2a: Torterra|spd|1\n|-boost|p2a: Torterra|atk|2\n|-boost|p2a: Torterra|spa|2\n|-boost|p2a: Torterra|spe|2\n|\n|upkeep\n|turn|2\n|inactive|Time left: 300 sec this turn | 300 sec total\n|inactive|p0x11391ee5 also wants the timer to be on.\n|\n|t:|1783553205\n|-terastallize|p1a: Plusle|Grass\n|move|p2a: Torterra|Headlong Rush|p1a: Plusle\n|-resisted|p1a: Plusle\n|-damage|p1a: Plusle|79/268\n|-unboost|p2a: Torterra|def|1\n|-unboost|p2a: Torterra|spd|1\n|move|p1a: Plusle|Grass Knot|p2a: Torterra\n|-damage|p2a: Torterra|0 fnt\n|faint|p2a: Torterra\n|-damage|p1a: Plusle|53/268|[from] item: Life Orb\n|\n|upkeep\n|\n|t:|1783553206\n|switch|p2a: Iron Bundle|Iron Bundle, L78|100/100\n|turn|3\n|inactive|Time left: 300 sec this turn | 300 sec total\n|\n|t:|1783553207\n|move|p2a: Iron Bundle|Freeze-Dry|p1a: Plusle\n|-supereffective|p1a: Plusle\n|-damage|p1a: Plusle|0 fnt\n|faint|p1a: Plusle\n|\n|upkeep\n|inactive|Time left: 300 sec this turn | 300 sec total | 5 sec grace\n|\n|t:|1783553208\n|switch|p1a: Coalossal|Coalossal, L89, F|341/341\n|turn|4\n|inactive|Time left: 300 sec this turn | 300 sec total\n|\n|t:|1783553209\n|move|p2a: Iron Bundle|Hydro Pump|p1a: Coalossal\n|-supereffective|p1a: Coalossal\n|-crit|p1a: Coalossal\n|-damage|p1a: Coalossal|0 fnt\n|faint|p1a: Coalossal\n|\n|upkeep\n|inactive|Time left: 300 sec this turn | 300 sec total | 5 sec grace\n|\n|t:|1783553210\n|switch|p1a: Leavanny|Leavanny, L86, F|269/269\n|turn|5\n|inactive|Time left: 300 sec this turn | 300 sec total\n|\n|t:|1783553211\n|move|p2a: Iron Bundle|Freeze-Dry|p1a: Leavanny\n|-supereffective|p1a: Leavanny\n|-damage|p1a: Leavanny|87/269\n|move|p1a: Leavanny|Bullet Seed|p2a: Iron Bundle\n|-supereffective|p2a: Iron Bundle\n|-damage|p2a: Iron Bundle|75/100\n|-supereffective|p2a: Iron Bundle\n|-damage|p2a: Iron Bundle|50/100\n|-supereffective|p2a: Iron Bundle\n|-damage|p2a: Iron Bundle|27/100\n|-supereffective|p2a: Iron Bundle\n|-damage|p2a: Iron Bundle|2/100\n|-supereffective|p2a: Iron Bundle\n|-damage|p2a: Iron Bundle|0 fnt\n|faint|p2a: Iron Bundle\n|-end|p2a: Iron Bundle|Quark Drive|[silent]\n|-hitcount|p2: Iron Bundle|5\n|\n|upkeep\n|\n|t:|1783553212\n|switch|p2a: Pawmot|Pawmot, L80, M|100/100\n|turn|6\n|inactive|Time left: 300 sec this turn | 300 sec total\n|\n|t:|1783553213\n|move|p2a: Pawmot|Knock Off|p1a: Leavanny\n|-damage|p1a: Leavanny|0 fnt\n|-enditem|p1a: Leavanny|Loaded Dice|[from] move: Knock Off|[of] p2a: Pawmot\n|faint|p1a: Leavanny\n|-damage|p2a: Pawmot|91/100|[from] item: Life Orb\n|\n|upkeep\n|inactive|Time left: 300 sec this turn | 300 sec total | 5 sec grace\n|\n|t:|1783553213\n|switch|p1a: Keldeo|Keldeo-Resolute, L79|273/273\n|turn|7\n|inactive|Time left: 300 sec this turn | 300 sec total\n|\n|t:|1783553214\n|move|p1a: Keldeo|Hydro Pump|p2a: Pawmot|[miss]\n|-miss|p1a: Keldeo|p2a: Pawmot\n|move|p2a: Pawmot|Double Shock|p1a: Keldeo\n|-supereffective|p1a: Keldeo\n|-damage|p1a: Keldeo|0 fnt\n|-start|p2a: Pawmot|typechange|???/Fighting|[from] move: Double Shock\n|faint|p1a: Keldeo\n|-damage|p2a: Pawmot|81/100|[from] item: Life Orb\n|\n|upkeep\n|inactive|Time left: 300 sec this turn | 300 sec total | 5 sec grace\n|\n|t:|1783553215\n|switch|p1a: Kommo-o|Kommo-o, L77, F|242/242\n|turn|8\n|inactive|Time left: 300 sec this turn | 300 sec total\n|\n|t:|1783553216\n|switch|p2a: Armarouge|Armarouge, L80, M|100/100\n|move|p1a: Kommo-o|Scale Shot|p2a: Armarouge\n|-damage|p2a: Armarouge|92/100\n|-ability|p2a: Armarouge|Weak Armor|boost\n|-unboost|p2a: Armarouge|def|1\n|-boost|p2a: Armarouge|spe|2\n|-damage|p2a: Armarouge|79/100\n|-ability|p2a: Armarouge|Weak Armor|boost\n|-unboost|p2a: Armarouge|def|1\n|-boost|p2a: Armarouge|spe|2\n|-damage|p2a: Armarouge|60/100\n|-ability|p2a: Armarouge|Weak Armor|boost\n|-unboost|p2a: Armarouge|def|1\n|-boost|p2a: Armarouge|spe|2\n|-damage|p2a: Armarouge|38/100\n|-ability|p2a: Armarouge|Weak Armor|boost\n|-unboost|p2a: Armarouge|def|1\n|-damage|p2a: Armarouge|11/100\n|-ability|p2a: Armarouge|Weak Armor|boost\n|-unboost|p2a: Armarouge|def|1\n|-hitcount|p2a: Armarouge|5\n|-unboost|p1a: Kommo-o|def|1\n|-boost|p1a: Kommo-o|spe|1\n|\n|upkeep\n|turn|9\n|inactive|Time left: 300 sec this turn | 300 sec total\n|\n|t:|1783553217\n|switch|p1a: Dondozo|Dondozo, L78, F|362/362\n|move|p2a: Armarouge|Psyshock|p1a: Dondozo\n|-damage|p1a: Dondozo|239/362\n|\n|-heal|p1a: Dondozo|261/362|[from] item: Leftovers\n|upkeep\n|turn|10\n|inactive|Time left: 300 sec this turn | 300 sec total\n|\n|t:|1783553218\n|move|p2a: Armarouge|Psyshock|p1a: Dondozo\n|-damage|p1a: Dondozo|135/362\n|move|p1a: Dondozo|Wave Crash|p2a: Armarouge\n|-supereffective|p2a: Armarouge\n|-damage|p2a: Armarouge|0 fnt\n|faint|p2a: Armarouge\n|-damage|p1a: Dondozo|125/362|[from] Recoil\n|\n|-heal|p1a: Dondozo|147/362|[from] item: Leftovers\n|upkeep\n|\n|t:|1783553219\n|switch|p2a: Haxorus|Haxorus, L77, F|100/100\n|-ability|p2a: Haxorus|Mold Breaker\n|turn|11\n|inactive|Time left: 300 sec this turn | 300 sec total\n|\n|t:|1783553220\n|move|p2a: Haxorus|Dragon Dance|p2a: Haxorus\n|-boost|p2a: Haxorus|atk|1\n|-boost|p2a: Haxorus|spe|1\n|move|p1a: Dondozo|Curse|p1a: Dondozo\n|-unboost|p1a: Dondozo|spe|1\n|-boost|p1a: Dondozo|atk|1\n|-boost|p1a: Dondozo|def|1\n|\n|-heal|p1a: Dondozo|169/362|[from] item: Leftovers\n|upkeep\n|turn|12\n|inactive|Time left: 300 sec this turn | 300 sec total\n|\n|t:|1783553221\n|move|p2a: Haxorus|Dragon Dance|p2a: Haxorus\n|-boost|p2a: Haxorus|atk|1\n|-boost|p2a: Haxorus|spe|1\n|move|p1a: Dondozo|Rest|p1a: Dondozo\n|-status|p1a: Dondozo|slp|[from] move: Rest\n|-heal|p1a: Dondozo|362/362 slp|[silent]\n|\n|upkeep\n|turn|13\n|inactive|Time left: 300 sec this turn | 300 sec total\n|\n|t:|1783553222\n|-terastallize|p2a: Haxorus|Steel\n|move|p2a: Haxorus|Outrage|p1a: Dondozo\n|-damage|p1a: Dondozo|181/362 slp\n|cant|p1a: Dondozo|slp\n|\n|-heal|p1a: Dondozo|203/362 slp|[from] item: Leftovers\n|upkeep\n|turn|14\n|inactive|Time left: 300 sec this turn | 300 sec total\n|\n|t:|1783553223\n|move|p2a: Haxorus|Outrage|p1a: Dondozo|[from] lockedmove\n|-damage|p1a: Dondozo|29/362 slp\n|-start|p2a: Haxorus|confusion|[fatigue]\n|-enditem|p2a: Haxorus|Lum Berry|[eat]\n|-end|p2a: Haxorus|confusion\n|cant|p1a: Dondozo|slp\n|\n|-heal|p1a: Dondozo|51/362 slp|[from] item: Leftovers\n|upkeep\n|turn|15\n|inactive|Time left: 300 sec this turn | 300 sec total\n|\n|t:|1783553224\n|switch|p1a: Kommo-o|Kommo-o, L77, F|242/242\n|move|p2a: Haxorus|Outrage|p1a: Kommo-o\n|-supereffective|p1a: Kommo-o\n|-damage|p1a: Kommo-o|0 fnt\n|faint|p1a: Kommo-o\n|\n|upkeep\n|inactive|Time left: 300 sec this turn | 300 sec total | 5 sec grace\n|\n|t:|1783553225\n|switch|p1a: Dondozo|Dondozo, L78, F|51/362 slp\n|turn|16\n|inactive|Time left: 300 sec this turn | 300 sec total\n|\n|t:|1783553226\n|move|p2a: Haxorus|Outrage|p1a: Dondozo|[from] lockedmove\n|-damage|p1a: Dondozo|0 fnt\n|faint|p1a: Dondozo\n|-start|p2a: Haxorus|confusion|[fatigue]\n|\n|win|p0y113924e6", "uploadtime": 1783553226, "views": 0, "rating": 0, "private": 0, "password": null, "_winner": "p0y113924e6", "_our_name": "p0x11391ee5"}