{"id": "battle-gen9randombattle-2816", "formatid": "gen9randombattle", "format": "[Gen 9] Random Battle", "players": ["p0x2816d94b", "p0y28166c14"], "log": "|init|battle\n|title|p0x2816d94b vs. p0y28166c14\n|j|\u2606p0x2816d94b\n|j|\u2606p0y28166c14\n|t:|1783571463\n|gametype|singles\n|player|p1|p0x2816d94b|102|\n|player|p2|p0y28166c14|169|\n|gen|9\n|tier|[Gen 9] Random Battle\n|rule|Species Clause: Limit one of each Pok\u00e9mon\n|rule|HP Percentage Mod: HP is shown in percentages\n|rule|Sleep Clause Mod: Limit one foe put to sleep\n|rule|Illusion Level Mod: Illusion disguises the Pok\u00e9mon's true level\n|\n|t:|1783571463\n|teamsize|p1|6\n|teamsize|p2|6\n|start\n|switch|p1a: Lokix|Lokix, L82, F|251/251\n|switch|p2a: Grafaiai|Grafaiai, L86, M|100/100\n|turn|1\n|inactive|Battle timer is ON: inactive players will automatically lose when time's up. (requested by p0x2816d94b)\n|inactive|p0y28166c14 also wants the timer to be on.\n|\n|t:|1783571464\n|move|p2a: Grafaiai|Super Fang|p1a: Lokix\n|-damage|p1a: Lokix|126/251\n|-status|p1a: Lokix|psn|[from] ability: Poison Touch|[of] p2a: Grafaiai\n|move|p1a: Lokix|Leech Life|p2a: Grafaiai\n|-resisted|p2a: Grafaiai\n|-damage|p2a: Grafaiai|50/100\n|-heal|p1a: Lokix|189/251 psn|[from] drain|[of] p2a: Grafaiai\n|-damage|p1a: Lokix|164/251 psn|[from] item: Life Orb\n|\n|-damage|p1a: Lokix|133/251 psn|[from] psn\n|upkeep\n|turn|2\n|inactive|Time left: 300 sec this turn | 300 sec total\n|\n|t:|1783571466\n|move|p2a: Grafaiai|Gunk Shot|p1a: Lokix\n|-damage|p1a: Lokix|0 fnt\n|faint|p1a: Lokix\n|\n|upkeep\n|inactive|Time left: 300 sec this turn | 300 sec total | 5 sec grace\n|\n|t:|1783571466\n|switch|p1a: Heracross|Heracross, L80, F|259/259\n|turn|3\n|inactive|Time left: 300 sec this turn | 300 sec total\n|\n|t:|1783571467\n|move|p2a: Grafaiai|Knock Off|p1a: Heracross\n|-resisted|p1a: Heracross\n|-damage|p1a: Heracross|218/259\n|-enditem|p1a: Heracross|Choice Band|[from] move: Knock Off|[of] p2a: Grafaiai\n|move|p1a: Heracross|Close Combat|p2a: Grafaiai\n|-damage|p2a: Grafaiai|0 fnt\n|-unboost|p1a: Heracross|def|1\n|-unboost|p1a: Heracross|spd|1\n|faint|p2a: Grafaiai\n|-ability|p1a: Heracross|Moxie|boost\n|-boost|p1a: Heracross|atk|1\n|\n|upkeep\n|\n|t:|1783571469\n|switch|p2a: Indeedee|Indeedee, L84, M|100/100\n|-fieldstart|move: Psychic Terrain|[from] ability: Psychic Surge|[of] p2a: Indeedee\n|turn|4\n|inactive|Time left: 300 sec this turn | 300 sec total\n|\n|t:|1783571470\n|switch|p1a: Lunala|Lunala, L70|308/308\n|move|p2a: Indeedee|Expanding Force|p1a: Lunala\n|-resisted|p1a: Lunala\n|-damage|p1a: Lunala|262/308\n|\n|-heal|p1a: Lunala|281/308|[from] item: Leftovers\n|upkeep\n|turn|5\n|inactive|Time left: 300 sec this turn | 300 sec total\n|\n|t:|1783571471\n|move|p2a: Indeedee|Expanding Force|p1a: Lunala\n|-resisted|p1a: Lunala\n|-damage|p1a: Lunala|197/308\n|move|p1a: Lunala|Calm Mind|p1a: Lunala\n|-boost|p1a: Lunala|spa|1\n|-boost|p1a: Lunala|spd|1\n|\n|-heal|p1a: Lunala|216/308|[from] item: Leftovers\n|upkeep\n|turn|6\n|inactive|Time left: 300 sec this turn | 300 sec total\n|\n|t:|1783571472\n|move|p2a: Indeedee|Expanding Force|p1a: Lunala\n|-resisted|p1a: Lunala\n|-damage|p1a: Lunala|159/308\n|move|p1a: Lunala|Calm Mind|p1a: Lunala\n|-boost|p1a: Lunala|spa|1\n|-boost|p1a: Lunala|spd|1\n|\n|-heal|p1a: Lunala|178/308|[from] item: Leftovers\n|upkeep\n|turn|7\n|inactive|Time left: 300 sec this turn | 300 sec total\n|\n|t:|1783571473\n|move|p2a: Indeedee|Expanding Force|p1a: Lunala\n|-resisted|p1a: Lunala\n|-damage|p1a: Lunala|136/308\n|move|p1a: Lunala|Moonlight|p1a: Lunala\n|-heal|p1a: Lunala|290/308\n|\n|-heal|p1a: Lunala|308/308|[from] item: Leftovers\n|upkeep\n|turn|8\n|inactive|Time left: 300 sec this turn | 300 sec total\n|\n|t:|1783571473\n|move|p2a: Indeedee|Expanding Force|p1a: Lunala\n|-resisted|p1a: Lunala\n|-damage|p1a: Lunala|286/308\n|move|p1a: Lunala|Moongeist Beam|p2a: Indeedee\n|-immune|p2a: Indeedee\n|\n|-heal|p1a: Lunala|305/308|[from] item: Leftovers\n|-fieldend|move: Psychic Terrain\n|upkeep\n|turn|9\n|inactive|Time left: 300 sec this turn | 300 sec total\n|\n|t:|1783571474\n|move|p2a: Indeedee|Expanding Force|p1a: Lunala\n|-resisted|p1a: Lunala\n|-damage|p1a: Lunala|283/308\n|move|p1a: Lunala|Moongeist Beam|p2a: Indeedee\n|-immune|p2a: Indeedee\n|\n|-heal|p1a: Lunala|302/308|[from] item: Leftovers\n|upkeep\n|turn|10\n|inactive|Time left: 300 sec this turn | 300 sec total\n|\n|t:|1783571475\n|move|p2a: Indeedee|Expanding Force|p1a: Lunala\n|-resisted|p1a: Lunala\n|-damage|p1a: Lunala|279/308\n|move|p1a: Lunala|Moongeist Beam|p2a: Indeedee\n|-immune|p2a: Indeedee\n|\n|-heal|p1a: Lunala|298/308|[from] item: Leftovers\n|upkeep\n|turn|11\n|inactive|Time left: 300 sec this turn | 300 sec total\n|\n|t:|1783571476\n|move|p2a: Indeedee|Expanding Force|p1a: Lunala\n|-resisted|p1a: Lunala\n|-damage|p1a: Lunala|275/308\n|move|p1a: Lunala|Moongeist Beam|p2a: Indeedee\n|-immune|p2a: Indeedee\n|\n|-heal|p1a: Lunala|294/308|[from] item: Leftovers\n|upkeep\n|turn|12\n|inactive|Time left: 300 sec this turn | 300 sec total\n|\n|t:|1783571477\n|move|p2a: Indeedee|Expanding Force|p1a: Lunala\n|-resisted|p1a: Lunala\n|-damage|p1a: Lunala|273/308\n|move|p1a: Lunala|Calm Mind|p1a: Lunala\n|-boost|p1a: Lunala|spa|1\n|-boost|p1a: Lunala|spd|1\n|\n|-heal|p1a: Lunala|292/308|[from] item: Leftovers\n|upkeep\n|turn|13\n|inactive|Time left: 300 sec this turn | 300 sec total\n|\n|t:|1783571478\n|move|p2a: Indeedee|Expanding Force|p1a: Lunala\n|-resisted|p1a: Lunala\n|-damage|p1a: Lunala|274/308\n|move|p1a: Lunala|Focus Blast|p2a: Indeedee\n|-damage|p2a: Indeedee|27/100\n|\n|-heal|p1a: Lunala|293/308|[from] item: Leftovers\n|upkeep\n|turn|14\n|inactive|Time left: 300 sec this turn | 300 sec total\n|\n|t:|1783571479\n|move|p2a: Indeedee|Expanding Force|p1a: Lunala\n|-resisted|p1a: Lunala\n|-damage|p1a: Lunala|275/308\n|move|p1a: Lunala|Moongeist Beam|p2a: Indeedee\n|-immune|p2a: Indeedee\n|\n|-heal|p1a: Lunala|294/308|[from] item: Leftovers\n|upkeep\n|turn|15\n|inactive|Time left: 300 sec this turn | 300 sec total\n|\n|t:|1783571480\n|move|p2a: Indeedee|Expanding Force|p1a: Lunala\n|-resisted|p1a: Lunala\n|-damage|p1a: Lunala|275/308\n|move|p1a: Lunala|Focus Blast|p2a: Indeedee\n|-damage|p2a: Indeedee|0 fnt\n|faint|p2a: Indeedee\n|\n|-heal|p1a: Lunala|294/308|[from] item: Leftovers\n|upkeep\n|\n|t:|1783571481\n|switch|p2a: Greninja|Greninja, L80, M|100/100\n|turn|16\n|inactive|Time left: 300 sec this turn | 300 sec total\n|\n|t:|1783571482\n|move|p2a: Greninja|Dark Pulse|p1a: Lunala\n|-supereffective|p1a: Lunala\n|-damage|p1a: Lunala|117/308\n|-damage|p2a: Greninja|91/100|[from] item: Life Orb\n|move|p1a: Lunala|Moongeist Beam|p2a: Greninja\n|-resisted|p2a: Greninja\n|-damage|p2a: Greninja|30/100\n|\n|-heal|p1a: Lunala|136/308|[from] item: Leftovers\n|upkeep\n|turn|17\n|inactive|Time left: 300 sec this turn | 300 sec total\n|\n|t:|1783571484\n|-terastallize|p1a: Lunala|Fighting\n|move|p2a: Greninja|Dark Pulse|p1a: Lunala\n|-resisted|p1a: Lunala\n|-damage|p1a: Lunala|114/308\n|-damage|p2a: Greninja|20/100|[from] item: Life Orb\n|move|p1a: Lunala|Moonlight|p1a: Lunala\n|-heal|p1a: Lunala|268/308\n|\n|-heal|p1a: Lunala|287/308|[from] item: Leftovers\n|upkeep\n|turn|18\n|inactive|Time left: 300 sec this turn | 300 sec total\n|\n|t:|1783571485\n|move|p2a: Greninja|Gunk Shot|p1a: Lunala\n|-damage|p1a: Lunala|167/308\n|-damage|p2a: Greninja|10/100|[from] item: Life Orb\n|move|p1a: Lunala|Moongeist Beam|p2a: Greninja\n|-resisted|p2a: Greninja\n|-damage|p2a: Greninja|0 fnt\n|faint|p2a: Greninja\n|\n|-heal|p1a: Lunala|186/308|[from] item: Leftovers\n|upkeep\n|\n|t:|1783571486\n|switch|p2a: Stonjourner|Stonjourner, L91, F|100/100\n|turn|19\n|inactive|Time left: 300 sec this turn | 300 sec total\n|\n|t:|1783571487\n|-terastallize|p2a: Stonjourner|Ground\n|move|p2a: Stonjourner|Earthquake|p1a: Lunala\n|-damage|p1a: Lunala|0 fnt\n|faint|p1a: Lunala\n|-damage|p2a: Stonjourner|90/100|[from] item: Life Orb\n|\n|upkeep\n|inactive|Time left: 300 sec this turn | 300 sec total | 5 sec grace\n|\n|t:|1783571488\n|switch|p1a: Weezing|Weezing, L88, M|258/258\n|turn|20\n|inactive|Time left: 300 sec this turn | 300 sec total\n|\n|t:|1783571489\n|switch|p2a: Emboar|Emboar, L84, M|100/100\n|move|p1a: Weezing|Will-O-Wisp|p2a: Emboar\n|-immune|p2a: Emboar\n|\n|upkeep\n|turn|21\n|inactive|Time left: 300 sec this turn | 300 sec total\n|\n|t:|1783571490\n|move|p2a: Emboar|Bulk Up|p2a: Emboar\n|-boost|p2a: Emboar|atk|1\n|-boost|p2a: Emboar|def|1\n|move|p1a: Weezing|Sludge Bomb|p2a: Emboar\n|-damage|p2a: Emboar|62/100\n|\n|-heal|p2a: Emboar|69/100|[from] item: Leftovers\n|upkeep\n|turn|22\n|inactive|Time left: 300 sec this turn | 300 sec total\n|\n|t:|1783571491\n|move|p2a: Emboar|Bulk Up|p2a: Emboar\n|-boost|p2a: Emboar|atk|1\n|-boost|p2a: Emboar|def|1\n|move|p1a: Weezing|Sludge Bomb|p2a: Emboar\n|-crit|p2a: Emboar\n|-damage|p2a: Emboar|11/100\n|-status|p2a: Emboar|psn\n|\n|-heal|p2a: Emboar|18/100 psn|[from] item: Leftovers\n|-damage|p2a: Emboar|5/100 psn|[from] psn\n|upkeep\n|turn|23\n|inactive|Time left: 300 sec this turn | 300 sec total\n|\n|t:|1783571492\n|switch|p1a: Reshiram|Reshiram, L76|277/277\n|-ability|p1a: Reshiram|Turboblaze\n|move|p2a: Emboar|Flare Blitz|p1a: Reshiram\n|-resisted|p1a: Reshiram\n|-damage|p1a: Reshiram|193/277\n|-damage|p2a: Emboar|0 fnt|[from] Recoil\n|faint|p2a: Emboar\n|\n|upkeep\n|\n|t:|1783571493\n|switch|p2a: Stonjourner|Stonjourner, L91, F, tera:Ground|90/100\n|turn|24\n|inactive|Time left: 300 sec this turn | 300 sec total\n|\n|t:|1783571494\n|switch|p1a: Weezing|Weezing, L88, M|258/258\n|move|p2a: Stonjourner|Stone Edge|p1a: Weezing\n|-damage|p1a: Weezing|102/258\n|-damage|p2a: Stonjourner|80/100|[from] item: Life Orb\n|\n|-heal|p1a: Weezing|118/258|[from] item: Leftovers\n|upkeep\n|turn|25\n|inactive|Time left: 300 sec this turn | 300 sec total\n|\n|t:|1783571495\n|move|p2a: Stonjourner|Stone Edge|p1a: Weezing|[miss]\n|-miss|p2a: Stonjourner|p1a: Weezing\n|move|p1a: Weezing|Pain Split|p2a: Stonjourner\n|-sethp|p2a: Stonjourner|58/100|[from] move: Pain Split|[silent]\n|-sethp|p1a: Weezing|191/258|[from] move: Pain Split\n|\n|-heal|p1a: Weezing|207/258|[from] item: Leftovers\n|upkeep\n|turn|26\n|inactive|Time left: 300 sec this turn | 300 sec total\n|\n|t:|1783571497\n|move|p2a: Stonjourner|Stone Edge|p1a: Weezing\n|-damage|p1a: Weezing|54/258\n|-damage|p2a: Stonjourner|48/100|[from] item: Life Orb\n|move|p1a: Weezing|Fire Blast|p2a: Stonjourner\n|-damage|p2a: Stonjourner|0 fnt\n|faint|p2a: Stonjourner\n|\n|-heal|p1a: Weezing|70/258|[from] item: Leftovers\n|upkeep\n|\n|t:|1783571498\n|switch|p2a: Tsareena|Tsareena, L87, F|100/100\n|turn|27\n|inactive|Time left: 300 sec this turn | 300 sec total\n|\n|t:|1783571499\n|switch|p1a: Heracross|Heracross, L80, F|218/259\n|move|p2a: Tsareena|Triple Axel|p1a: Heracross\n|-damage|p1a: Heracross|195/259\n|-damage|p1a: Heracross|155/259\n|-damage|p1a: Heracross|91/259\n|-hitcount|p1a: Heracross|3\n|\n|upkeep\n|turn|28\n|inactive|Time left: 300 sec this turn | 300 sec total\n|\n|t:|1783571500\n|move|p1a: Heracross|Megahorn|p2a: Tsareena|[miss]\n|-miss|p1a: Heracross|p2a: Tsareena\n|move|p2a: Tsareena|Rapid Spin|p1a: Heracross\n|-damage|p1a: Heracross|35/259\n|-boost|p2a: Tsareena|spe|1\n|\n|upkeep\n|turn|29\n|inactive|Time left: 300 sec this turn | 300 sec total\n|\n|t:|1783571501\n|move|p2a: Tsareena|Rapid Spin|p1a: Heracross\n|-damage|p1a: Heracross|0 fnt\n|-boost|p2a: Tsareena|spe|1\n|faint|p1a: Heracross\n|\n|upkeep\n|inactive|Time left: 300 sec this turn | 300 sec total | 5 sec grace\n|\n|t:|1783571502\n|switch|p1a: Reshiram|Reshiram, L76|193/277\n|-ability|p1a: Reshiram|Turboblaze\n|turn|30\n|inactive|Time left: 300 sec this turn | 300 sec total\n|\n|t:|1783571503\n|move|p2a: Tsareena|Triple Axel|p1a: Reshiram\n|-damage|p1a: Reshiram|176/277\n|-damage|p1a: Reshiram|138/277\n|-damage|p1a: Reshiram|86/277\n|-hitcount|p1a: Reshiram|3\n|move|p1a: Reshiram|Flare Blitz|p2a: Tsareena\n|-supereffective|p2a: Tsareena\n|-damage|p2a: Tsareena|17/100\n|-damage|p1a: Reshiram|12/277|[from] Recoil\n|\n|upkeep\n|turn|31\n|inactive|Time left: 300 sec this turn | 300 sec total\n|\n|t:|1783571504\n|move|p2a: Tsareena|Rapid Spin|p1a: Reshiram\n|-damage|p1a: Reshiram|0 fnt\n|-boost|p2a: Tsareena|spe|1\n|faint|p1a: Reshiram\n|\n|upkeep\n|inactive|Time left: 300 sec this turn | 300 sec total | 5 sec grace\n|\n|t:|1783571505\n|switch|p1a: Kilowattrel|Kilowattrel, L83, M|252/252\n|turn|32\n|inactive|Time left: 300 sec this turn | 300 sec total\n|\n|t:|1783571506\n|move|p2a: Tsareena|Triple Axel|p1a: Kilowattrel\n|-supereffective|p1a: Kilowattrel\n|-damage|p1a: Kilowattrel|200/252\n|-supereffective|p1a: Kilowattrel\n|-damage|p1a: Kilowattrel|96/252\n|-supereffective|p1a: Kilowattrel\n|-damage|p1a: Kilowattrel|0 fnt\n|faint|p1a: Kilowattrel\n|-hitcount|p1: Kilowattrel|3\n|\n|upkeep\n|inactive|Time left: 300 sec this turn | 300 sec total | 5 sec grace\n|\n|t:|1783571506\n|switch|p1a: Weezing|Weezing, L88, M|70/258\n|turn|33\n|inactive|Time left: 300 sec this turn | 300 sec total\n|\n|t:|1783571507\n|move|p2a: Tsareena|Triple Axel|p1a: Weezing\n|-damage|p1a: Weezing|56/258\n|-damage|p1a: Weezing|28/258\n|-damage|p1a: Weezing|0 fnt\n|faint|p1a: Weezing\n|-hitcount|p1: Weezing|3\n|\n|win|p0y28166c14", "uploadtime": 1783571507, "views": 0, "rating": 0, "private": 0, "password": null, "_winner": "p0y28166c14", "_our_name": "p0x2816d94b"}