{"id": "battle-gen9randombattle-2182", "formatid": "gen9randombattle", "format": "[Gen 9] Random Battle", "players": ["p0x21821d46", "p0y2182d1b0"], "log": "|init|battle\n|title|p0x21821d46 vs. p0y2182d1b0\n|j|\u2606p0x21821d46\n|j|\u2606p0y2182d1b0\n|t:|1783564400\n|gametype|singles\n|player|p1|p0x21821d46|101|\n|player|p2|p0y2182d1b0|266|\n|gen|9\n|tier|[Gen 9] Random Battle\n|rule|Species Clause: Limit one of each Pok\u00e9mon\n|rule|HP Percentage Mod: HP is shown in percentages\n|rule|Sleep Clause Mod: Limit one foe put to sleep\n|rule|Illusion Level Mod: Illusion disguises the Pok\u00e9mon's true level\n|\n|t:|1783564400\n|teamsize|p1|6\n|teamsize|p2|6\n|start\n|switch|p1a: Slowbro|Slowbro-Galar, L87, F|307/307\n|switch|p2a: Rillaboom|Rillaboom, L79, F|100/100\n|-fieldstart|move: Grassy Terrain|[from] ability: Grassy Surge|[of] p2a: Rillaboom\n|turn|1\n|inactive|Battle timer is ON: inactive players will automatically lose when time's up. (requested by p0y2182d1b0)\n|inactive|Time left: 300 sec this turn | 300 sec total | 60 sec grace\n|inactive|p0x21821d46 also wants the timer to be on.\n|\n|t:|1783564402\n|move|p2a: Rillaboom|U-turn|p1a: Slowbro\n|-damage|p1a: Slowbro|235/307\n|-damage|p2a: Rillaboom|84/100|[from] item: Rocky Helmet|[of] p1a: Slowbro\n|\n|t:|1783564403\n|switch|p2a: Rhyperior|Rhyperior, L82, M|100/100|[from] U-turn\n|move|p1a: Slowbro|Shell Side Arm|p2a: Rhyperior|[anim] Shell Side Arm Special\n|-resisted|p2a: Rhyperior\n|-damage|p2a: Rhyperior|89/100\n|-hint|Special Shell Side Arm\n|\n|-heal|p2a: Rhyperior|96/100|[from] Grassy Terrain\n|-heal|p1a: Slowbro|254/307|[from] Grassy Terrain\n|upkeep\n|turn|2\n|inactive|Time left: 300 sec this turn | 300 sec total\n|\n|t:|1783564404\n|move|p2a: Rhyperior|Stone Edge|p1a: Slowbro\n|-crit|p1a: Slowbro\n|-damage|p1a: Slowbro|0 fnt\n|faint|p1a: Slowbro\n|\n|-heal|p2a: Rhyperior|100/100|[from] Grassy Terrain\n|upkeep\n|inactive|Time left: 300 sec this turn | 300 sec total | 5 sec grace\n|\n|t:|1783564405\n|switch|p1a: Spidops|Spidops, L96, M|271/271\n|turn|3\n|inactive|Time left: 300 sec this turn | 300 sec total\n|\n|t:|1783564406\n|move|p1a: Spidops|Sticky Web|p2a: Rhyperior\n|-sidestart|p2: p0y2182d1b0|move: Sticky Web\n|move|p2a: Rhyperior|Stone Edge|p1a: Spidops\n|-supereffective|p1a: Spidops\n|-damage|p1a: Spidops|0 fnt\n|faint|p1a: Spidops\n|\n|upkeep\n|inactive|Time left: 300 sec this turn | 300 sec total | 5 sec grace\n|\n|t:|1783564407\n|switch|p1a: Flareon|Flareon, L90, M|263/263\n|turn|4\n|inactive|Time left: 300 sec this turn | 300 sec total\n|\n|t:|1783564408\n|move|p1a: Flareon|Will-O-Wisp|p2a: Rhyperior\n|-status|p2a: Rhyperior|brn\n|move|p2a: Rhyperior|Stone Edge|p1a: Flareon\n|-supereffective|p1a: Flareon\n|-damage|p1a: Flareon|25/263\n|\n|-heal|p1a: Flareon|41/263|[from] Grassy Terrain\n|-damage|p2a: Rhyperior|94/100 brn|[from] brn\n|-status|p1a: Flareon|tox|[from] item: Toxic Orb\n|upkeep\n|turn|5\n|inactive|Time left: 300 sec this turn | 300 sec total\n|\n|t:|1783564409\n|switch|p1a: Drifblim|Drifblim, L86, M|398/398\n|move|p2a: Rhyperior|Stone Edge|p1a: Drifblim|[miss]\n|-miss|p2a: Rhyperior|p1a: Drifblim\n|\n|-heal|p2a: Rhyperior|100/100 brn|[from] Grassy Terrain\n|-damage|p2a: Rhyperior|94/100 brn|[from] brn\n|-fieldend|move: Grassy Terrain\n|upkeep\n|turn|6\n|inactive|Time left: 300 sec this turn | 300 sec total\n|\n|t:|1783564410\n|move|p1a: Drifblim|Strength Sap|p2a: Rhyperior\n|-unboost|p2a: Rhyperior|atk|1\n|move|p2a: Rhyperior|Stone Edge|p1a: Drifblim\n|-supereffective|p1a: Drifblim\n|-damage|p1a: Drifblim|203/398\n|\n|-damage|p2a: Rhyperior|88/100 brn|[from] brn\n|upkeep\n|turn|7\n|inactive|Time left: 300 sec this turn | 300 sec total\n|\n|t:|1783564411\n|move|p1a: Drifblim|Strength Sap|p2a: Rhyperior\n|-unboost|p2a: Rhyperior|atk|1\n|-heal|p1a: Drifblim|387/398\n|move|p2a: Rhyperior|Stone Edge|p1a: Drifblim|[miss]\n|-miss|p2a: Rhyperior|p1a: Drifblim\n|\n|-damage|p2a: Rhyperior|82/100 brn|[from] brn\n|upkeep\n|turn|8\n|inactive|Time left: 300 sec this turn | 300 sec total\n|\n|t:|1783564412\n|move|p1a: Drifblim|Strength Sap|p2a: Rhyperior\n|-unboost|p2a: Rhyperior|atk|1\n|-heal|p1a: Drifblim|398/398\n|move|p2a: Rhyperior|Stone Edge|p1a: Drifblim\n|-supereffective|p1a: Drifblim\n|-damage|p1a: Drifblim|278/398\n|\n|-damage|p2a: Rhyperior|76/100 brn|[from] brn\n|upkeep\n|turn|9\n|inactive|Time left: 300 sec this turn | 300 sec total\n|\n|t:|1783564413\n|move|p1a: Drifblim|Strength Sap|p2a: Rhyperior\n|-unboost|p2a: Rhyperior|atk|1\n|-heal|p1a: Drifblim|388/398\n|move|p2a: Rhyperior|Stone Edge|p1a: Drifblim\n|-supereffective|p1a: Drifblim\n|-damage|p1a: Drifblim|277/398\n|\n|-damage|p2a: Rhyperior|70/100 brn|[from] brn\n|upkeep\n|turn|10\n|inactive|Time left: 300 sec this turn | 300 sec total\n|\n|t:|1783564414\n|switch|p2a: Milotic|Milotic, L83, M|100/100\n|-activate|p2a: Milotic|move: Sticky Web\n|-unboost|p2a: Milotic|spe|1\n|-ability|p2a: Milotic|Competitive|boost\n|-boost|p2a: Milotic|spa|2\n|move|p1a: Drifblim|Air Slash|p2a: Milotic\n|-damage|p2a: Milotic|79/100\n|\n|-heal|p2a: Milotic|85/100|[from] item: Leftovers\n|upkeep\n|turn|11\n|inactive|Time left: 300 sec this turn | 300 sec total\n|\n|t:|1783564415\n|switch|p1a: Flareon|Flareon, L90, M|41/263 tox\n|move|p2a: Milotic|Ice Beam|p1a: Flareon\n|-resisted|p1a: Flareon\n|-damage|p1a: Flareon|0 fnt\n|faint|p1a: Flareon\n|\n|-heal|p2a: Milotic|91/100|[from] item: Leftovers\n|upkeep\n|inactive|Time left: 300 sec this turn | 300 sec total | 5 sec grace\n|\n|t:|1783564416\n|switch|p1a: Miraidon|Miraidon, L65|238/238\n|-fieldstart|move: Electric Terrain|[from] ability: Hadron Engine|[of] p1a: Miraidon\n|turn|12\n|inactive|Time left: 300 sec this turn | 300 sec total\n|\n|t:|1783564417\n|-terastallize|p1a: Miraidon|Electric\n|-terastallize|p2a: Milotic|Dragon\n|move|p1a: Miraidon|Electro Drift|p2a: Milotic\n|-resisted|p2a: Milotic\n|-damage|p2a: Milotic|54/100\n|move|p2a: Milotic|Ice Beam|p1a: Miraidon\n|-damage|p1a: Miraidon|95/238\n|-status|p1a: Miraidon|frz\n|\n|-heal|p2a: Milotic|60/100|[from] item: Leftovers\n|upkeep\n|turn|13\n|inactive|Time left: 300 sec this turn | 300 sec total\n|\n|t:|1783564418\n|cant|p1a: Miraidon|frz\n|move|p2a: Milotic|Ice Beam|p1a: Miraidon\n|-damage|p1a: Miraidon|0 fnt\n|faint|p1a: Miraidon\n|\n|-heal|p2a: Milotic|66/100|[from] item: Leftovers\n|upkeep\n|inactive|Time left: 300 sec this turn | 300 sec total | 5 sec grace\n|\n|t:|1783564419\n|switch|p1a: Cinccino|Cinccino, L83, F|260/260\n|turn|14\n|inactive|Time left: 300 sec this turn | 300 sec total\n|\n|t:|1783564420\n|switch|p2a: Skeledirge|Skeledirge, L79, M|100/100\n|move|p1a: Cinccino|Triple Axel|p2a: Skeledirge\n|-resisted|p2a: Skeledirge\n|-damage|p2a: Skeledirge|97/100\n|-resisted|p2a: Skeledirge\n|-damage|p2a: Skeledirge|90/100\n|-resisted|p2a: Skeledirge\n|-damage|p2a: Skeledirge|81/100\n|-hitcount|p2a: Skeledirge|3\n|\n|upkeep\n|turn|15\n|inactive|Time left: 300 sec this turn | 300 sec total\n|\n|t:|1783564421\n|switch|p1a: Drifblim|Drifblim, L86, M|277/398\n|move|p2a: Skeledirge|Torch Song|p1a: Drifblim\n|-damage|p1a: Drifblim|165/398\n|-boost|p2a: Skeledirge|spa|1\n|\n|upkeep\n|turn|16\n|inactive|Time left: 300 sec this turn | 300 sec total\n|\n|t:|1783564422\n|move|p1a: Drifblim|Shadow Ball|p2a: Skeledirge\n|-supereffective|p2a: Skeledirge\n|-damage|p2a: Skeledirge|9/100\n|move|p2a: Skeledirge|Shadow Ball|p1a: Drifblim\n|-supereffective|p1a: Drifblim\n|-damage|p1a: Drifblim|0 fnt\n|faint|p1a: Drifblim\n|\n|-fieldend|move: Electric Terrain\n|upkeep\n|inactive|Time left: 300 sec this turn | 300 sec total | 5 sec grace\n|\n|t:|1783564422\n|switch|p1a: Cinccino|Cinccino, L83, F|260/260\n|turn|17\n|inactive|Time left: 300 sec this turn | 300 sec total\n|\n|t:|1783564423\n|move|p1a: Cinccino|Triple Axel|p2a: Skeledirge\n|-resisted|p2a: Skeledirge\n|-damage|p2a: Skeledirge|6/100\n|-resisted|p2a: Skeledirge\n|-damage|p2a: Skeledirge|0 fnt\n|faint|p2a: Skeledirge\n|-hitcount|p2: Skeledirge|2\n|\n|upkeep\n|\n|t:|1783564424\n|switch|p2a: Bisharp|Bisharp, L79, M|100/100\n|-activate|p2a: Bisharp|move: Sticky Web\n|-unboost|p2a: Bisharp|spe|1\n|-ability|p2a: Bisharp|Defiant|boost\n|-boost|p2a: Bisharp|atk|2\n|turn|18\n|inactive|Time left: 300 sec this turn | 300 sec total\n|\n|t:|1783564425\n|move|p1a: Cinccino|Tidy Up|p1a: Cinccino\n|-sideend|p2: p0y2182d1b0|Sticky Web\n|-activate|p1a: Cinccino|move: Tidy Up\n|-boost|p1a: Cinccino|atk|1\n|-boost|p1a: Cinccino|spe|1\n|move|p2a: Bisharp|Iron Head|p1a: Cinccino\n|-damage|p1a: Cinccino|34/260\n|\n|upkeep\n|turn|19\n|inactive|Time left: 300 sec this turn | 300 sec total\n|\n|t:|1783564426\n|move|p1a: Cinccino|Tidy Up|p1a: Cinccino\n|-boost|p1a: Cinccino|atk|1\n|-boost|p1a: Cinccino|spe|1\n|move|p2a: Bisharp|Iron Head|p1a: Cinccino\n|-damage|p1a: Cinccino|0 fnt\n|faint|p1a: Cinccino\n|\n|win|p0y2182d1b0", "uploadtime": 1783564426, "views": 0, "rating": 0, "private": 0, "password": null, "_winner": "p0y2182d1b0", "_our_name": "p0x21821d46"}