{"id": "battle-gen9randombattle-94", "formatid": "gen9randombattle", "format": "[Gen 9] Random Battle", "players": ["p0x094ea76", "p0y09407cb"], "log": "|init|battle\n|title|p0x094ea76 vs. p0y09407cb\n|j|\u2606p0x094ea76\n|j|\u2606p0y09407cb\n|t:|1783534357\n|gametype|singles\n|player|p1|p0x094ea76|169|\n|player|p2|p0y09407cb|266|\n|gen|9\n|tier|[Gen 9] Random Battle\n|rule|Species Clause: Limit one of each Pok\u00e9mon\n|rule|HP Percentage Mod: HP is shown in percentages\n|rule|Sleep Clause Mod: Limit one foe put to sleep\n|rule|Illusion Level Mod: Illusion disguises the Pok\u00e9mon's true level\n|\n|t:|1783534357\n|teamsize|p1|6\n|teamsize|p2|6\n|start\n|switch|p1a: Ribombee|Ribombee, L83, M|235/235\n|switch|p2a: Clawitzer|Clawitzer, L87, M|100/100\n|turn|1\n|inactive|Battle timer is ON: inactive players will automatically lose when time's up. (requested by p0x094ea76)\n|\n|t:|1783534358\n|move|p1a: Ribombee|Sticky Web|p2a: Clawitzer\n|-sidestart|p2: p0y09407cb|move: Sticky Web\n|move|p2a: Clawitzer|Water Pulse|p1a: Ribombee\n|-damage|p1a: Ribombee|27/235\n|\n|upkeep\n|turn|2\n|inactive|Time left: 300 sec this turn | 300 sec total\n|inactive|p0y09407cb also wants the timer to be on.\n|\n|t:|1783534359\n|move|p1a: Ribombee|Moonblast|p2a: Clawitzer\n|-damage|p2a: Clawitzer|67/100\n|move|p2a: Clawitzer|Water Pulse|p1a: Ribombee\n|-damage|p1a: Ribombee|0 fnt\n|faint|p1a: Ribombee\n|\n|upkeep\n|inactive|Time left: 300 sec this turn | 300 sec total | 5 sec grace\n|\n|t:|1783534360\n|switch|p1a: Toxtricity|Toxtricity, L82, M|257/257\n|turn|3\n|inactive|Time left: 300 sec this turn | 300 sec total\n|\n|t:|1783534361\n|move|p1a: Toxtricity|Overdrive|p2a: Clawitzer\n|-supereffective|p2a: Clawitzer\n|-damage|p2a: Clawitzer|0 fnt\n|faint|p2a: Clawitzer\n|-enditem|p1a: Toxtricity|Throat Spray\n|-boost|p1a: Toxtricity|spa|1|[from] item: Throat Spray\n|\n|upkeep\n|\n|t:|1783534362\n|switch|p2a: Roaring Moon|Roaring Moon, L72|100/100\n|-activate|p2a: Roaring Moon|move: Sticky Web\n|-unboost|p2a: Roaring Moon|spe|1\n|-enditem|p2a: Roaring Moon|Booster Energy\n|-activate|p2a: Roaring Moon|ability: Protosynthesis|[fromitem]\n|-start|p2a: Roaring Moon|protosynthesisatk\n|turn|4\n|inactive|Time left: 300 sec this turn | 300 sec total\n|\n|t:|1783534363\n|-terastallize|p1a: Toxtricity|Normal\n|-terastallize|p2a: Roaring Moon|Steel\n|move|p1a: Toxtricity|Boomburst|p2a: Roaring Moon\n|-resisted|p2a: Roaring Moon\n|-damage|p2a: Roaring Moon|38/100\n|move|p2a: Roaring Moon|Outrage|p1a: Toxtricity\n|-damage|p1a: Toxtricity|71/257\n|\n|upkeep\n|turn|5\n|inactive|Time left: 300 sec this turn | 300 sec total\n|\n|t:|1783534364\n|move|p1a: Toxtricity|Overdrive|p2a: Roaring Moon\n|-damage|p2a: Roaring Moon|0 fnt\n|faint|p2a: Roaring Moon\n|-end|p2a: Roaring Moon|Protosynthesis|[silent]\n|\n|upkeep\n|\n|t:|1783534365\n|switch|p2a: Jolteon|Jolteon, L84, M|100/100\n|turn|6\n|inactive|Time left: 300 sec this turn | 300 sec total\n|\n|t:|1783534366\n|switch|p1a: Luxray|Luxray, L88, F|284/284\n|-ability|p1a: Luxray|Intimidate|boost\n|-unboost|p2a: Jolteon|atk|1\n|move|p2a: Jolteon|Thunderbolt|p1a: Luxray\n|-resisted|p1a: Luxray\n|-crit|p1a: Luxray\n|-damage|p1a: Luxray|234/284\n|\n|upkeep\n|turn|7\n|inactive|Time left: 300 sec this turn | 300 sec total\n|\n|t:|1783534367\n|move|p2a: Jolteon|Calm Mind|p2a: Jolteon\n|-boost|p2a: Jolteon|spa|1\n|-boost|p2a: Jolteon|spd|1\n|move|p1a: Luxray|Throat Chop|p2a: Jolteon\n|-damage|p2a: Jolteon|64/100\n|-start|p2a: Jolteon|Throat Chop|[silent]\n|\n|upkeep\n|turn|8\n|inactive|Time left: 300 sec this turn | 300 sec total\n|\n|t:|1783534368\n|move|p2a: Jolteon|Thunderbolt|p1a: Luxray\n|-resisted|p1a: Luxray\n|-damage|p1a: Luxray|178/284\n|move|p1a: Luxray|Throat Chop|p2a: Jolteon\n|-damage|p2a: Jolteon|21/100\n|\n|-end|p2a: Jolteon|Throat Chop|[silent]\n|upkeep\n|turn|9\n|inactive|Time left: 300 sec this turn | 300 sec total\n|\n|t:|1783534369\n|move|p2a: Jolteon|Thunderbolt|p1a: Luxray\n|-resisted|p1a: Luxray\n|-damage|p1a: Luxray|121/284\n|move|p1a: Luxray|Throat Chop|p2a: Jolteon\n|-damage|p2a: Jolteon|0 fnt\n|faint|p2a: Jolteon\n|\n|upkeep\n|\n|t:|1783534370\n|switch|p2a: Flapple|Flapple, L88, F|100/100\n|-activate|p2a: Flapple|move: Sticky Web\n|-unboost|p2a: Flapple|spe|1\n|turn|10\n|inactive|Time left: 300 sec this turn | 300 sec total\n|\n|t:|1783534371\n|move|p1a: Luxray|Ice Fang|p2a: Flapple\n|-supereffective|p2a: Flapple\n|-damage|p2a: Flapple|16/100\n|move|p2a: Flapple|Outrage|p1a: Luxray|[miss]\n|-miss|p2a: Flapple|p1a: Luxray\n|\n|upkeep\n|turn|11\n|inactive|Time left: 300 sec this turn | 300 sec total\n|\n|t:|1783534372\n|move|p1a: Luxray|Throat Chop|p2a: Flapple\n|-damage|p2a: Flapple|0 fnt\n|faint|p2a: Flapple\n|\n|upkeep\n|\n|t:|1783534373\n|switch|p2a: Orthworm|Orthworm, L88, F|100/100\n|-activate|p2a: Orthworm|move: Sticky Web\n|-unboost|p2a: Orthworm|spe|1\n|turn|12\n|inactive|Time left: 300 sec this turn | 300 sec total\n|\n|t:|1783534374\n|move|p1a: Luxray|Volt Switch|p2a: Orthworm\n|-damage|p2a: Orthworm|62/100\n|inactive|Time left: 300 sec this turn | 300 sec total | 5 sec grace\n|\n|t:|1783534375\n|switch|p1a: Ludicolo|Ludicolo, L90, M|290/290|[from] Volt Switch\n|move|p2a: Orthworm|Coil|p2a: Orthworm\n|-boost|p2a: Orthworm|atk|1\n|-boost|p2a: Orthworm|def|1\n|-boost|p2a: Orthworm|accuracy|1\n|\n|upkeep\n|turn|13\n|inactive|Time left: 300 sec this turn | 300 sec total\n|\n|t:|1783534376\n|move|p1a: Ludicolo|Hydro Pump|p2a: Orthworm\n|-damage|p2a: Orthworm|0 fnt\n|faint|p2a: Orthworm\n|-damage|p1a: Ludicolo|261/290|[from] item: Life Orb\n|\n|upkeep\n|\n|t:|1783534377\n|switch|p2a: Drednaw|Drednaw, L81, M|100/100\n|-activate|p2a: Drednaw|move: Sticky Web\n|-unboost|p2a: Drednaw|spe|1\n|-enditem|p2a: Drednaw|White Herb\n|-clearnegativeboost|p2a: Drednaw|[silent]\n|turn|14\n|inactive|Time left: 300 sec this turn | 300 sec total\n|\n|t:|1783534378\n|move|p1a: Ludicolo|Giga Drain|p2a: Drednaw\n|-supereffective|p2a: Drednaw\n|-damage|p2a: Drednaw|0 fnt\n|-heal|p1a: Ludicolo|290/290|[from] drain|[of] p2a: Drednaw\n|faint|p2a: Drednaw\n|-damage|p1a: Ludicolo|261/290|[from] item: Life Orb\n|\n|win|p0x094ea76", "uploadtime": 1783534378, "views": 0, "rating": 0, "private": 0, "password": null, "_winner": "p0x094ea76", "_our_name": "p0x094ea76"}