{"id": "battle-gen9randombattle-422", "formatid": "gen9randombattle", "format": "[Gen 9] Random Battle", "players": ["p0x4224326", "p0y4226a1b"], "log": "|init|battle\n|title|p0x4224326 vs. p0y4226a1b\n|j|\u2606p0x4224326\n|j|\u2606p0y4226a1b\n|t:|1783544621\n|gametype|singles\n|player|p1|p0x4224326|102|\n|player|p2|p0y4226a1b|266|\n|gen|9\n|tier|[Gen 9] Random Battle\n|rule|Species Clause: Limit one of each Pok\u00e9mon\n|rule|HP Percentage Mod: HP is shown in percentages\n|rule|Sleep Clause Mod: Limit one foe put to sleep\n|rule|Illusion Level Mod: Illusion disguises the Pok\u00e9mon's true level\n|\n|t:|1783544621\n|teamsize|p1|6\n|teamsize|p2|6\n|start\n|switch|p1a: Mimikyu|Mimikyu, L79, F|100/100\n|switch|p2a: Pachirisu|Pachirisu, L96, M|271/271\n|turn|1\n|inactive|Battle timer is ON: inactive players will automatically lose when time's up. (requested by p0x4224326)\n|inactive|Time left: 300 sec this turn | 300 sec total | 60 sec grace\n|inactive|p0y4226a1b also wants the timer to be on.\n|\n|t:|1783544623\n|move|p2a: Pachirisu|Super Fang|p1a: Mimikyu\n|-immune|p1a: Mimikyu\n|move|p1a: Mimikyu|Swords Dance|p1a: Mimikyu\n|-boost|p1a: Mimikyu|atk|2\n|\n|upkeep\n|turn|2\n|inactive|Time left: 300 sec this turn | 300 sec total\n|\n|t:|1783544624\n|move|p2a: Pachirisu|Encore|p1a: Mimikyu\n|-start|p1a: Mimikyu|Encore\n|move|p1a: Mimikyu|Swords Dance|p1a: Mimikyu\n|-boost|p1a: Mimikyu|atk|2\n|\n|upkeep\n|turn|3\n|inactive|Time left: 300 sec this turn | 300 sec total\n|\n|t:|1783544625\n|switch|p1a: Blaziken|Blaziken, L76, F|100/100\n|move|p2a: Pachirisu|Super Fang|p1a: Blaziken\n|-damage|p1a: Blaziken|51/100\n|\n|upkeep\n|turn|4\n|inactive|Time left: 300 sec this turn | 300 sec total\n|\n|t:|1783544626\n|move|p2a: Pachirisu|Discharge|p1a: Blaziken\n|-damage|p1a: Blaziken|14/100\n|move|p1a: Blaziken|Swords Dance|p1a: Blaziken\n|-boost|p1a: Blaziken|atk|2\n|\n|-ability|p1a: Blaziken|Speed Boost|boost\n|-boost|p1a: Blaziken|spe|1\n|upkeep\n|turn|5\n|inactive|Time left: 300 sec this turn | 300 sec total\n|\n|t:|1783544627\n|switch|p2a: Typhlosion|Typhlosion-Hisui, L83, F|257/257\n|move|p1a: Blaziken|Close Combat|p2a: Typhlosion\n|-immune|p2a: Typhlosion\n|\n|-ability|p1a: Blaziken|Speed Boost|boost\n|-boost|p1a: Blaziken|spe|1\n|upkeep\n|turn|6\n|inactive|Time left: 300 sec this turn | 300 sec total\n|\n|t:|1783544628\n|move|p1a: Blaziken|Knock Off|p2a: Typhlosion\n|-supereffective|p2a: Typhlosion\n|-damage|p2a: Typhlosion|0 fnt\n|-enditem|p2a: Typhlosion|Heavy-Duty Boots|[from] move: Knock Off|[of] p1a: Blaziken\n|faint|p2a: Typhlosion\n|-damage|p1a: Blaziken|4/100|[from] item: Life Orb\n|\n|-ability|p1a: Blaziken|Speed Boost|boost\n|-boost|p1a: Blaziken|spe|1\n|upkeep\n|inactive|Time left: 300 sec this turn | 300 sec total | 5 sec grace\n|\n|t:|1783544629\n|switch|p2a: Mamoswine|Mamoswine, L81, M|311/311\n|turn|7\n|inactive|Time left: 300 sec this turn | 300 sec total\n|\n|t:|1783544630\n|move|p2a: Mamoswine|Ice Shard|p1a: Blaziken\n|-resisted|p1a: Blaziken\n|-damage|p1a: Blaziken|0 fnt\n|faint|p1a: Blaziken\n|\n|upkeep\n|\n|t:|1783544631\n|switch|p1a: Barraskewda|Barraskewda, L81, F|100/100\n|turn|8\n|inactive|Time left: 300 sec this turn | 300 sec total\n|\n|t:|1783544632\n|switch|p2a: Koraidon|Koraidon, L64|235/235\n|-weather|SunnyDay|[from] ability: Orichalcum Pulse|[of] p2a: Koraidon\n|-activate|p2a: Koraidon|Orichalcum Pulse|[source]\n|move|p1a: Barraskewda|Waterfall|p2a: Koraidon\n|-resisted|p2a: Koraidon\n|-damage|p2a: Koraidon|194/235\n|\n|-weather|SunnyDay|[upkeep]\n|upkeep\n|turn|9\n|inactive|Time left: 300 sec this turn | 300 sec total\n|\n|t:|1783544633\n|switch|p1a: Rhydon|Rhydon, L85, F|100/100\n|move|p2a: Koraidon|Flare Blitz|p1a: Rhydon\n|-resisted|p1a: Rhydon\n|-damage|p1a: Rhydon|84/100\n|-damage|p2a: Koraidon|177/235|[from] Recoil\n|\n|-weather|SunnyDay|[upkeep]\n|upkeep\n|turn|10\n|inactive|Time left: 300 sec this turn | 300 sec total\n|\n|t:|1783544634\n|switch|p2a: Mamoswine|Mamoswine, L81, M|311/311\n|move|p1a: Rhydon|Earthquake|p2a: Mamoswine\n|-damage|p2a: Mamoswine|148/311\n|\n|-weather|SunnyDay|[upkeep]\n|upkeep\n|turn|11\n|inactive|Time left: 300 sec this turn | 300 sec total\n|\n|t:|1783544635\n|move|p2a: Mamoswine|Icicle Crash|p1a: Rhydon\n|-supereffective|p1a: Rhydon\n|-damage|p1a: Rhydon|35/100\n|move|p1a: Rhydon|Earthquake|p2a: Mamoswine\n|-damage|p2a: Mamoswine|1/311\n|\n|-weather|SunnyDay|[upkeep]\n|upkeep\n|turn|12\n|inactive|Time left: 300 sec this turn | 300 sec total\n|\n|t:|1783544636\n|switch|p1a: Mimikyu|Mimikyu, L79, F|100/100\n|move|p2a: Mamoswine|Icicle Crash|p1a: Mimikyu\n|-activate|p1a: Mimikyu|ability: Disguise\n|-damage|p1a: Mimikyu|100/100\n|detailschange|p1a: Mimikyu|Mimikyu-Busted, L79, F\n|-damage|p1a: Mimikyu|88/100|[from] pokemon: Mimikyu-Busted\n|\n|-weather|none\n|upkeep\n|turn|13\n|inactive|Time left: 300 sec this turn | 300 sec total\n|\n|t:|1783544637\n|move|p1a: Mimikyu|Play Rough|p2a: Mamoswine\n|-damage|p2a: Mamoswine|0 fnt\n|faint|p2a: Mamoswine\n|-damage|p1a: Mimikyu|78/100|[from] item: Life Orb\n|\n|upkeep\n|inactive|Time left: 300 sec this turn | 300 sec total | 5 sec grace\n|\n|t:|1783544638\n|switch|p2a: Kingambit|Kingambit, L74, M|270/270\n|-activate|p2a: Kingambit|ability: Supreme Overlord\n|-start|p2a: Kingambit|fallen2|[silent]\n|turn|14\n|inactive|Time left: 300 sec this turn | 300 sec total\n|\n|t:|1783544639\n|-terastallize|p1a: Mimikyu|Fighting\n|move|p1a: Mimikyu|Drain Punch|p2a: Kingambit\n|-supereffective|p2a: Kingambit\n|-damage|p2a: Kingambit|0 fnt\n|-heal|p1a: Mimikyu|100/100|[from] drain|[of] p2a: Kingambit\n|faint|p2a: Kingambit\n|-end|p2a: Kingambit|fallen2|[silent]\n|-damage|p1a: Mimikyu|91/100|[from] item: Life Orb\n|\n|upkeep\n|inactive|Time left: 300 sec this turn | 300 sec total | 5 sec grace\n|\n|t:|1783544640\n|switch|p2a: Koraidon|Koraidon, L64|177/235\n|-weather|SunnyDay|[from] ability: Orichalcum Pulse|[of] p2a: Koraidon\n|-activate|p2a: Koraidon|Orichalcum Pulse|[source]\n|turn|15\n|inactive|Time left: 300 sec this turn | 300 sec total\n|\n|t:|1783544641\n|switch|p1a: Iron Boulder|Iron Boulder, L77|100/100\n|move|p2a: Koraidon|Outrage|p1a: Iron Boulder\n|-damage|p1a: Iron Boulder|19/100\n|\n|-weather|SunnyDay|[upkeep]\n|upkeep\n|turn|16\n|inactive|Time left: 300 sec this turn | 300 sec total\n|\n|t:|1783544642\n|move|p1a: Iron Boulder|Zen Headbutt|p2a: Koraidon\n|-supereffective|p2a: Koraidon\n|-damage|p2a: Koraidon|0 fnt\n|faint|p2a: Koraidon\n|-damage|p1a: Iron Boulder|9/100|[from] item: Life Orb\n|\n|-weather|SunnyDay|[upkeep]\n|upkeep\n|inactive|Time left: 300 sec this turn | 300 sec total | 5 sec grace\n|\n|t:|1783544643\n|switch|p2a: Pachirisu|Pachirisu, L96, M|271/271\n|turn|17\n|inactive|Time left: 300 sec this turn | 300 sec total\n|\n|t:|1783544644\n|-end|p1a: Iron Boulder|Quark Drive|[silent]\n|switch|p1a: Sinistcha|Sinistcha, L83|100/100\n|move|p2a: Pachirisu|U-turn|p1a: Sinistcha\n|-crit|p1a: Sinistcha\n|-damage|p1a: Sinistcha|82/100\n|inactive|Time left: 300 sec this turn | 300 sec total | 5 sec grace\n|\n|t:|1783544644\n|switch|p2a: Porygon-Z|Porygon-Z, L83|277/277|[from] U-turn\n|\n|-weather|SunnyDay|[upkeep]\n|-heal|p1a: Sinistcha|88/100|[from] item: Leftovers\n|upkeep\n|turn|18\n|inactive|Time left: 300 sec this turn | 300 sec total\n|\n|t:|1783544645\n|move|p2a: Porygon-Z|Nasty Plot|p2a: Porygon-Z\n|-boost|p2a: Porygon-Z|spa|2\n|move|p1a: Sinistcha|Matcha Gotcha|p2a: Porygon-Z|[miss]\n|-miss|p1a: Sinistcha|p2a: Porygon-Z\n|\n|-weather|SunnyDay|[upkeep]\n|-heal|p1a: Sinistcha|94/100|[from] item: Leftovers\n|upkeep\n|turn|19\n|inactive|Time left: 300 sec this turn | 300 sec total\n|\n|t:|1783544646\n|switch|p1a: Iron Boulder|Iron Boulder, L77|9/100\n|move|p2a: Porygon-Z|Agility|p2a: Porygon-Z\n|-boost|p2a: Porygon-Z|spe|2\n|\n|-weather|none\n|upkeep\n|turn|20\n|inactive|Time left: 300 sec this turn | 300 sec total\n|\n|t:|1783544647\n|move|p2a: Porygon-Z|Shadow Ball|p1a: Iron Boulder\n|-supereffective|p1a: Iron Boulder\n|-crit|p1a: Iron Boulder\n|-damage|p1a: Iron Boulder|0 fnt\n|faint|p1a: Iron Boulder\n|-end|p1a: Iron Boulder|Quark Drive|[silent]\n|-damage|p2a: Porygon-Z|250/277|[from] item: Life Orb\n|\n|upkeep\n|\n|t:|1783544648\n|switch|p1a: Mimikyu|Mimikyu-Busted, L79, F, tera:Fighting|91/100\n|turn|21\n|inactive|Time left: 300 sec this turn | 300 sec total\n|\n|t:|1783544649\n|switch|p1a: Sinistcha|Sinistcha, L83|94/100\n|move|p2a: Porygon-Z|Tera Blast|p1a: Sinistcha\n|-immune|p1a: Sinistcha\n|\n|-heal|p1a: Sinistcha|99/100|[from] item: Leftovers\n|upkeep\n|turn|22\n|inactive|Time left: 300 sec this turn | 300 sec total\n|\n|t:|1783544650\n|switch|p1a: Mimikyu|Mimikyu-Busted, L79, F, tera:Fighting|91/100\n|move|p2a: Porygon-Z|Shadow Ball|p1a: Mimikyu\n|-damage|p1a: Mimikyu|16/100\n|-damage|p2a: Porygon-Z|223/277|[from] item: Life Orb\n|\n|upkeep\n|turn|23\n|inactive|Time left: 300 sec this turn | 300 sec total\n|\n|t:|1783544651\n|move|p2a: Porygon-Z|Shadow Ball|p1a: Mimikyu\n|-damage|p1a: Mimikyu|0 fnt\n|faint|p1a: Mimikyu\n|-damage|p2a: Porygon-Z|196/277|[from] item: Life Orb\n|\n|upkeep\n|\n|t:|1783544652\n|switch|p1a: Rhydon|Rhydon, L85, F|35/100\n|turn|24\n|inactive|Time left: 300 sec this turn | 300 sec total\n|\n|t:|1783544653\n|move|p2a: Porygon-Z|Shadow Ball|p1a: Rhydon\n|-damage|p1a: Rhydon|0 fnt\n|faint|p1a: Rhydon\n|-damage|p2a: Porygon-Z|169/277|[from] item: Life Orb\n|\n|upkeep\n|\n|t:|1783544654\n|switch|p1a: Barraskewda|Barraskewda, L81, F|100/100\n|turn|25\n|inactive|Time left: 300 sec this turn | 300 sec total\n|\n|t:|1783544655\n|-terastallize|p2a: Porygon-Z|Fighting\n|move|p2a: Porygon-Z|Shadow Ball|p1a: Barraskewda\n|-damage|p1a: Barraskewda|0 fnt\n|faint|p1a: Barraskewda\n|-damage|p2a: Porygon-Z|142/277|[from] item: Life Orb\n|\n|upkeep\n|\n|t:|1783544656\n|switch|p1a: Sinistcha|Sinistcha, L83|99/100\n|turn|26\n|inactive|Time left: 300 sec this turn | 300 sec total\n|\n|t:|1783544657\n|move|p2a: Porygon-Z|Shadow Ball|p1a: Sinistcha\n|-supereffective|p1a: Sinistcha\n|-damage|p1a: Sinistcha|0 fnt\n|faint|p1a: Sinistcha\n|-damage|p2a: Porygon-Z|115/277|[from] item: Life Orb\n|\n|win|p0y4226a1b", "uploadtime": 1783544657, "views": 0, "rating": 0, "private": 0, "password": null, "_winner": "p0y4226a1b", "_our_name": "p0y4226a1b"}