{"id": "battle-gen9randombattle-236", "formatid": "gen9randombattle", "format": "[Gen 9] Random Battle", "players": ["p0x2365560", "p0y2366b84"], "log": "|init|battle\n|title|p0x2365560 vs. p0y2366b84\n|j|\u2606p0x2365560\n|j|\u2606p0y2366b84\n|t:|1783542304\n|gametype|singles\n|player|p1|p0x2365560|1|\n|player|p2|p0y2366b84|265|\n|gen|9\n|tier|[Gen 9] Random Battle\n|rule|Species Clause: Limit one of each Pok\u00e9mon\n|rule|HP Percentage Mod: HP is shown in percentages\n|rule|Sleep Clause Mod: Limit one foe put to sleep\n|rule|Illusion Level Mod: Illusion disguises the Pok\u00e9mon's true level\n|\n|t:|1783542304\n|teamsize|p1|6\n|teamsize|p2|6\n|start\n|switch|p1a: Oricorio|Oricorio-Pa'u, L87, M|272/272\n|switch|p2a: Regidrago|Regidrago, L77|100/100\n|turn|1\n|inactive|Battle timer is ON: inactive players will automatically lose when time's up. (requested by p0y2366b84)\n|inactive|Time left: 300 sec this turn | 300 sec total | 60 sec grace\n|inactive|p0x2365560 also wants the timer to be on.\n|\n|t:|1783542305\n|move|p1a: Oricorio|Hurricane|p2a: Regidrago\n|-damage|p2a: Regidrago|52/100\n|move|p2a: Regidrago|Dragon Claw|p1a: Oricorio\n|-damage|p1a: Oricorio|116/272\n|-damage|p2a: Regidrago|42/100|[from] item: Life Orb\n|\n|upkeep\n|turn|2\n|inactive|Time left: 300 sec this turn | 300 sec total\n|\n|t:|1783542307\n|move|p1a: Oricorio|Hurricane|p2a: Regidrago\n|-damage|p2a: Regidrago|0 fnt\n|faint|p2a: Regidrago\n|\n|upkeep\n|\n|t:|1783542308\n|switch|p2a: Espeon|Espeon, L84, F|100/100\n|turn|3\n|inactive|Time left: 300 sec this turn | 300 sec total\n|\n|t:|1783542309\n|move|p2a: Espeon|Alluring Voice|p1a: Oricorio\n|-damage|p1a: Oricorio|0 fnt\n|faint|p1a: Oricorio\n|\n|upkeep\n|inactive|Time left: 300 sec this turn | 300 sec total | 5 sec grace\n|\n|t:|1783542310\n|switch|p1a: Excadrill|Excadrill, L79, F|303/303\n|-ability|p1a: Excadrill|Mold Breaker\n|turn|4\n|inactive|Time left: 300 sec this turn | 300 sec total\n|\n|t:|1783542311\n|switch|p2a: Hitmontop|Hitmontop, L88, M|100/100\n|-ability|p2a: Hitmontop|Intimidate|boost\n|-unboost|p1a: Excadrill|atk|1\n|move|p1a: Excadrill|Swords Dance|p1a: Excadrill\n|-boost|p1a: Excadrill|atk|2\n|\n|upkeep\n|turn|5\n|inactive|Time left: 300 sec this turn | 300 sec total\n|\n|t:|1783542313\n|-terastallize|p1a: Excadrill|Ground\n|move|p1a: Excadrill|Earthquake|p2a: Hitmontop\n|-damage|p2a: Hitmontop|11/100\n|move|p2a: Hitmontop|Close Combat|p1a: Excadrill\n|-damage|p1a: Excadrill|102/303\n|-unboost|p2a: Hitmontop|def|1\n|-unboost|p2a: Hitmontop|spd|1\n|\n|-heal|p1a: Excadrill|120/303|[from] item: Leftovers\n|upkeep\n|turn|6\n|inactive|Time left: 300 sec this turn | 300 sec total\n|\n|t:|1783542314\n|move|p1a: Excadrill|Rapid Spin|p2a: Hitmontop\n|-damage|p2a: Hitmontop|0 fnt\n|-boost|p1a: Excadrill|spe|1\n|faint|p2a: Hitmontop\n|\n|-heal|p1a: Excadrill|138/303|[from] item: Leftovers\n|upkeep\n|\n|t:|1783542315\n|switch|p2a: Porygon2|Porygon2, L81|100/100\n|-ability|p2a: Porygon2|Download|boost\n|-boost|p2a: Porygon2|atk|1\n|turn|7\n|inactive|Time left: 300 sec this turn | 300 sec total\n|\n|t:|1783542317\n|move|p1a: Excadrill|Earthquake|p2a: Porygon2\n|-damage|p2a: Porygon2|39/100\n|move|p2a: Porygon2|Ice Beam|p1a: Excadrill\n|-supereffective|p1a: Excadrill\n|-damage|p1a: Excadrill|0 fnt\n|faint|p1a: Excadrill\n|\n|upkeep\n|inactive|Time left: 300 sec this turn | 300 sec total | 5 sec grace\n|\n|t:|1783542318\n|switch|p1a: Sandaconda|Sandaconda, L84, M|258/258\n|turn|8\n|inactive|Time left: 300 sec this turn | 300 sec total\n|\n|t:|1783542319\n|move|p1a: Sandaconda|Coil|p1a: Sandaconda\n|-boost|p1a: Sandaconda|atk|1\n|-boost|p1a: Sandaconda|def|1\n|-boost|p1a: Sandaconda|accuracy|1\n|move|p2a: Porygon2|Recover|p2a: Porygon2\n|-heal|p2a: Porygon2|89/100\n|\n|upkeep\n|turn|9\n|inactive|Time left: 300 sec this turn | 300 sec total\n|\n|t:|1783542320\n|move|p1a: Sandaconda|Earthquake|p2a: Porygon2\n|-damage|p2a: Porygon2|42/100\n|move|p2a: Porygon2|Ice Beam|p1a: Sandaconda\n|-supereffective|p1a: Sandaconda\n|-damage|p1a: Sandaconda|110/258\n|\n|upkeep\n|turn|10\n|inactive|Time left: 300 sec this turn | 300 sec total\n|\n|t:|1783542321\n|move|p1a: Sandaconda|Earthquake|p2a: Porygon2\n|-damage|p2a: Porygon2|2/100\n|move|p2a: Porygon2|Ice Beam|p1a: Sandaconda\n|-supereffective|p1a: Sandaconda\n|-damage|p1a: Sandaconda|0 fnt\n|faint|p1a: Sandaconda\n|\n|upkeep\n|inactive|Time left: 300 sec this turn | 300 sec total | 5 sec grace\n|\n|t:|1783542322\n|switch|p1a: Bruxish|Bruxish, L85, F|254/254\n|turn|11\n|inactive|Time left: 300 sec this turn | 300 sec total\n|\n|t:|1783542323\n|move|p1a: Bruxish|Wave Crash|p2a: Porygon2\n|-damage|p2a: Porygon2|0 fnt\n|faint|p2a: Porygon2\n|-damage|p1a: Bruxish|253/254|[from] Recoil\n|\n|upkeep\n|\n|t:|1783542324\n|switch|p2a: Espeon|Espeon, L84, F|100/100\n|turn|12\n|inactive|Time left: 300 sec this turn | 300 sec total\n|\n|t:|1783542325\n|move|p1a: Bruxish|Wave Crash|p2a: Espeon\n|-damage|p2a: Espeon|20/100\n|-damage|p1a: Bruxish|187/254|[from] Recoil\n|move|p2a: Espeon|Shadow Ball|p1a: Bruxish\n|-supereffective|p1a: Bruxish\n|-damage|p1a: Bruxish|0 fnt\n|faint|p1a: Bruxish\n|\n|upkeep\n|inactive|Time left: 300 sec this turn | 300 sec total | 5 sec grace\n|\n|t:|1783542326\n|switch|p1a: Zebstrika|Zebstrika, L87, F|272/272\n|turn|13\n|inactive|Time left: 300 sec this turn | 300 sec total\n|\n|t:|1783542327\n|switch|p2a: Reuniclus|Reuniclus, L88, F|100/100\n|move|p1a: Zebstrika|Volt Switch|p2a: Reuniclus\n|-crit|p2a: Reuniclus\n|-damage|p2a: Reuniclus|60/100\n|-damage|p1a: Zebstrika|245/272|[from] item: Life Orb\n|inactive|Time left: 300 sec this turn | 300 sec total | 5 sec grace\n|\n|t:|1783542328\n|switch|p1a: Cramorant|Cramorant, L86, F|261/261|[from] Volt Switch\n|\n|upkeep\n|turn|14\n|inactive|Time left: 300 sec this turn | 300 sec total\n|\n|t:|1783542329\n|move|p1a: Cramorant|Surf|p2a: Reuniclus\n|-formechange|p1a: Cramorant|Cramorant-Gulping|\n|-damage|p2a: Reuniclus|32/100\n|move|p2a: Reuniclus|Recover|p2a: Reuniclus\n|-heal|p2a: Reuniclus|82/100\n|\n|upkeep\n|turn|15\n|inactive|Time left: 300 sec this turn | 300 sec total\n|\n|t:|1783542330\n|move|p1a: Cramorant|Surf|p2a: Reuniclus\n|-damage|p2a: Reuniclus|55/100\n|move|p2a: Reuniclus|Calm Mind|p2a: Reuniclus\n|-boost|p2a: Reuniclus|spa|1\n|-boost|p2a: Reuniclus|spd|1\n|\n|upkeep\n|turn|16\n|inactive|Time left: 300 sec this turn | 300 sec total\n|\n|t:|1783542331\n|move|p1a: Cramorant|Surf|p2a: Reuniclus\n|-damage|p2a: Reuniclus|37/100\n|move|p2a: Reuniclus|Psyshock|p1a: Cramorant\n|-damage|p1a: Cramorant|0 fnt\n|-activate|p1a: Cramorant|ability: Gulp Missile\n|-unboost|p2a: Reuniclus|def|1\n|-formechange|p1a: Cramorant|Cramorant|\n|faint|p1a: Cramorant\n|\n|upkeep\n|inactive|Time left: 300 sec this turn | 300 sec total | 5 sec grace\n|\n|t:|1783542332\n|switch|p1a: Zebstrika|Zebstrika, L87, F|245/272\n|turn|17\n|inactive|Time left: 300 sec this turn | 300 sec total\n|\n|t:|1783542333\n|-terastallize|p2a: Reuniclus|Fighting\n|move|p1a: Zebstrika|High Horsepower|p2a: Reuniclus\n|-damage|p2a: Reuniclus|0 fnt\n|faint|p2a: Reuniclus\n|-damage|p1a: Zebstrika|218/272|[from] item: Life Orb\n|\n|upkeep\n|\n|t:|1783542334\n|switch|p2a: Komala|Komala, L87, M|100/100\n|-ability|p2a: Komala|Comatose\n|turn|18\n|inactive|Time left: 300 sec this turn | 300 sec total\n|\n|t:|1783542335\n|move|p1a: Zebstrika|Supercell Slam|p2a: Komala\n|-damage|p2a: Komala|29/100\n|-damage|p1a: Zebstrika|191/272|[from] item: Life Orb\n|move|p2a: Komala|Earthquake|p1a: Zebstrika\n|-supereffective|p1a: Zebstrika\n|-damage|p1a: Zebstrika|0 fnt\n|faint|p1a: Zebstrika\n|\n|win|p0y2366b84", "uploadtime": 1783542335, "views": 0, "rating": 0, "private": 0, "password": null, "_winner": "p0y2366b84", "_our_name": "p0x2365560"}