{"id": "battle-gen9randombattle-67", "formatid": "gen9randombattle", "format": "[Gen 9] Random Battle", "players": ["p0x067a22b", "p0y067d0c5"], "log": "|init|battle\n|title|p0x067a22b vs. p0y067d0c5\n|j|\u2606p0x067a22b\n|j|\u2606p0y067d0c5\n|t:|1783540240\n|gametype|singles\n|player|p1|p0x067a22b|265|\n|player|p2|p0y067d0c5|169|\n|gen|9\n|tier|[Gen 9] Random Battle\n|rule|Species Clause: Limit one of each Pok\u00e9mon\n|rule|HP Percentage Mod: HP is shown in percentages\n|rule|Sleep Clause Mod: Limit one foe put to sleep\n|rule|Illusion Level Mod: Illusion disguises the Pok\u00e9mon's true level\n|\n|t:|1783540240\n|teamsize|p1|6\n|teamsize|p2|6\n|start\n|switch|p1a: Wugtrio|Wugtrio, L91, M|100/100\n|switch|p2a: Morpeko|Morpeko, L88, F|245/245\n|turn|1\n|inactive|Battle timer is ON: inactive players will automatically lose when time's up. (requested by p0y067d0c5)\n|\n|t:|1783540241\n|move|p1a: Wugtrio|Stomping Tantrum|p2a: Morpeko\n|-supereffective|p2a: Morpeko\n|-damage|p2a: Morpeko|0 fnt\n|faint|p2a: Morpeko\n|\n|upkeep\n|inactive|Time left: 300 sec this turn | 300 sec total | 65 sec grace\n|inactive|p0x067a22b also wants the timer to be on.\n|\n|t:|1783540242\n|switch|p2a: Pelipper|Pelipper, L86, F|243/243\n|-weather|RainDance|[from] ability: Drizzle|[of] p2a: Pelipper\n|turn|2\n|inactive|Time left: 300 sec this turn | 300 sec total\n|\n|t:|1783540243\n|switch|p1a: Dragonite|Dragonite, L74, F|100/100\n|move|p2a: Pelipper|Hurricane|p1a: Dragonite\n|-damage|p1a: Dragonite|77/100\n|-start|p1a: Dragonite|confusion\n|\n|-weather|RainDance|[upkeep]\n|upkeep\n|turn|3\n|inactive|Time left: 300 sec this turn | 300 sec total\n|\n|t:|1783540245\n|switch|p1a: Diancie|Diancie, L82|100/100\n|move|p2a: Pelipper|Hurricane|p1a: Diancie\n|-resisted|p1a: Diancie\n|-damage|p1a: Diancie|81/100\n|-start|p1a: Diancie|confusion\n|\n|-weather|RainDance|[upkeep]\n|-heal|p1a: Diancie|87/100|[from] item: Leftovers\n|upkeep\n|turn|4\n|inactive|Time left: 300 sec this turn | 300 sec total\n|\n|t:|1783540246\n|move|p2a: Pelipper|Surf|p1a: Diancie\n|-supereffective|p1a: Diancie\n|-damage|p1a: Diancie|0 fnt\n|faint|p1a: Diancie\n|\n|-weather|RainDance|[upkeep]\n|upkeep\n|\n|t:|1783540247\n|switch|p1a: Latias|Latias, L79, F|100/100\n|turn|5\n|inactive|Time left: 300 sec this turn | 300 sec total\n|\n|t:|1783540248\n|switch|p2a: Dusknoir|Dusknoir, L89, F|225/225\n|-item|p1a: Latias|Soul Dew|[from] ability: Frisk|[of] p2a: Dusknoir\n|move|p1a: Latias|Calm Mind|p1a: Latias\n|-boost|p1a: Latias|spa|1\n|-boost|p1a: Latias|spd|1\n|\n|-weather|RainDance|[upkeep]\n|upkeep\n|turn|6\n|inactive|Time left: 300 sec this turn | 300 sec total\n|\n|t:|1783540249\n|switch|p1a: Zacian|Zacian, L69|100/100\n|-ability|p1a: Zacian|Intrepid Sword|boost\n|-boost|p1a: Zacian|atk|1\n|move|p2a: Dusknoir|Poltergeist|p1a: Zacian\n|-activate|p1a: Zacian|move: Poltergeist|Choice Band\n|-damage|p1a: Zacian|44/100\n|\n|-weather|none\n|upkeep\n|turn|7\n|inactive|Time left: 300 sec this turn | 300 sec total\n|\n|t:|1783540250\n|move|p1a: Zacian|Play Rough|p2a: Dusknoir\n|-damage|p2a: Dusknoir|116/225\n|move|p2a: Dusknoir|Poltergeist|p1a: Zacian\n|-activate|p1a: Zacian|move: Poltergeist|Choice Band\n|-crit|p1a: Zacian\n|-damage|p1a: Zacian|0 fnt\n|faint|p1a: Zacian\n|\n|-heal|p2a: Dusknoir|130/225|[from] item: Leftovers\n|upkeep\n|\n|t:|1783540251\n|switch|p1a: Dragonite|Dragonite, L74, F|77/100\n|turn|8\n|inactive|Time left: 300 sec this turn | 300 sec total\n|\n|t:|1783540252\n|move|p1a: Dragonite|Dragon Dance|p1a: Dragonite\n|-boost|p1a: Dragonite|atk|1\n|-boost|p1a: Dragonite|spe|1\n|move|p2a: Dusknoir|Pain Split|p1a: Dragonite\n|-sethp|p1a: Dragonite|64/100|[from] move: Pain Split|[silent]\n|-sethp|p2a: Dusknoir|163/225|[from] move: Pain Split\n|\n|-heal|p2a: Dusknoir|177/225|[from] item: Leftovers\n|upkeep\n|turn|9\n|inactive|Time left: 300 sec this turn | 300 sec total\n|\n|t:|1783540253\n|move|p1a: Dragonite|Outrage|p2a: Dusknoir\n|-damage|p2a: Dusknoir|53/225\n|move|p2a: Dusknoir|Poltergeist|p1a: Dragonite|[miss]\n|-miss|p2a: Dusknoir|p1a: Dragonite\n|\n|-heal|p2a: Dusknoir|67/225|[from] item: Leftovers\n|upkeep\n|turn|10\n|inactive|Time left: 300 sec this turn | 300 sec total\n|\n|t:|1783540254\n|move|p1a: Dragonite|Outrage|p2a: Dusknoir|[from] lockedmove\n|-damage|p2a: Dusknoir|0 fnt\n|faint|p2a: Dusknoir\n|-start|p1a: Dragonite|confusion|[fatigue]\n|\n|upkeep\n|inactive|Time left: 300 sec this turn | 300 sec total | 5 sec grace\n|\n|t:|1783540255\n|switch|p2a: Whiscash|Whiscash, L88, M|337/337\n|turn|11\n|inactive|Time left: 300 sec this turn | 300 sec total\n|\n|t:|1783540256\n|-activate|p1a: Dragonite|confusion\n|-damage|p1a: Dragonite|44/100|[from] confusion\n|move|p2a: Whiscash|Ice Beam|p1a: Dragonite\n|-supereffective|p1a: Dragonite\n|-damage|p1a: Dragonite|0 fnt\n|faint|p1a: Dragonite\n|\n|upkeep\n|\n|t:|1783540257\n|switch|p1a: Latias|Latias, L79, F|100/100\n|turn|12\n|inactive|Time left: 300 sec this turn | 300 sec total\n|\n|t:|1783540259\n|move|p1a: Latias|Calm Mind|p1a: Latias\n|-boost|p1a: Latias|spa|1\n|-boost|p1a: Latias|spd|1\n|move|p2a: Whiscash|Ice Beam|p1a: Latias\n|-supereffective|p1a: Latias\n|-damage|p1a: Latias|75/100\n|\n|upkeep\n|turn|13\n|inactive|Time left: 300 sec this turn | 300 sec total\n|\n|t:|1783540260\n|move|p1a: Latias|Calm Mind|p1a: Latias\n|-boost|p1a: Latias|spa|1\n|-boost|p1a: Latias|spd|1\n|move|p2a: Whiscash|Ice Beam|p1a: Latias\n|-supereffective|p1a: Latias\n|-damage|p1a: Latias|57/100\n|\n|upkeep\n|turn|14\n|inactive|Time left: 300 sec this turn | 300 sec total\n|\n|t:|1783540261\n|move|p1a: Latias|Psyshock|p2a: Whiscash\n|-damage|p2a: Whiscash|133/337\n|move|p2a: Whiscash|Ice Beam|p1a: Latias\n|-supereffective|p1a: Latias\n|-damage|p1a: Latias|40/100\n|\n|-heal|p2a: Whiscash|154/337|[from] item: Leftovers\n|upkeep\n|turn|15\n|inactive|Time left: 300 sec this turn | 300 sec total\n|\n|t:|1783540262\n|move|p1a: Latias|Psyshock|p2a: Whiscash\n|-damage|p2a: Whiscash|0 fnt\n|faint|p2a: Whiscash\n|\n|upkeep\n|inactive|Time left: 300 sec this turn | 300 sec total | 5 sec grace\n|\n|t:|1783540263\n|switch|p2a: Dodrio|Dodrio, L85, F|241/241\n|turn|16\n|inactive|Time left: 300 sec this turn | 300 sec total\n|\n|t:|1783540264\n|-terastallize|p2a: Dodrio|Normal\n|-terastallize|p1a: Latias|Steel\n|move|p2a: Dodrio|Double-Edge|p1a: Latias\n|-resisted|p1a: Latias\n|-damage|p1a: Latias|0 fnt\n|faint|p1a: Latias\n|-damage|p2a: Dodrio|208/241|[from] Recoil\n|\n|upkeep\n|\n|t:|1783540265\n|switch|p1a: Piloswine|Piloswine, L85, F|100/100\n|turn|17\n|inactive|Time left: 300 sec this turn | 300 sec total\n|\n|t:|1783540266\n|switch|p2a: Pelipper|Pelipper, L86, F|243/243\n|-weather|RainDance|[from] ability: Drizzle|[of] p2a: Pelipper\n|move|p1a: Piloswine|Icicle Crash|p2a: Pelipper\n|-damage|p2a: Pelipper|164/243\n|\n|-weather|RainDance|[upkeep]\n|upkeep\n|turn|18\n|inactive|Time left: 300 sec this turn | 300 sec total\n|\n|t:|1783540267\n|switch|p1a: Wugtrio|Wugtrio, L91, M|100/100\n|move|p2a: Pelipper|Surf|p1a: Wugtrio\n|-resisted|p1a: Wugtrio\n|-damage|p1a: Wugtrio|63/100\n|\n|-weather|RainDance|[upkeep]\n|upkeep\n|turn|19\n|inactive|Time left: 300 sec this turn | 300 sec total\n|\n|t:|1783540268\n|move|p1a: Wugtrio|Liquidation|p2a: Pelipper\n|-resisted|p2a: Pelipper\n|-damage|p2a: Pelipper|64/243\n|-unboost|p2a: Pelipper|def|1\n|move|p2a: Pelipper|Hurricane|p1a: Wugtrio\n|-damage|p1a: Wugtrio|2/100\n|\n|-weather|RainDance|[upkeep]\n|upkeep\n|turn|20\n|inactive|Time left: 300 sec this turn | 300 sec total\n|\n|t:|1783540270\n|move|p1a: Wugtrio|Liquidation|p2a: Pelipper\n|-resisted|p2a: Pelipper\n|-crit|p2a: Pelipper\n|-damage|p2a: Pelipper|0 fnt\n|faint|p2a: Pelipper\n|\n|-weather|RainDance|[upkeep]\n|upkeep\n|inactive|Time left: 300 sec this turn | 300 sec total | 5 sec grace\n|\n|t:|1783540271\n|switch|p2a: Passimian|Passimian, L83, F|302/302\n|turn|21\n|inactive|Time left: 300 sec this turn | 300 sec total\n|\n|t:|1783540272\n|move|p1a: Wugtrio|Liquidation|p2a: Passimian\n|-damage|p2a: Passimian|64/302\n|-unboost|p2a: Passimian|def|1\n|-ability|p2a: Passimian|Defiant|boost\n|-boost|p2a: Passimian|atk|2\n|move|p2a: Passimian|Gunk Shot|p1a: Wugtrio\n|-damage|p1a: Wugtrio|0 fnt\n|faint|p1a: Wugtrio\n|\n|-weather|none\n|-heal|p2a: Passimian|82/302|[from] item: Leftovers\n|upkeep\n|\n|t:|1783540273\n|switch|p1a: Piloswine|Piloswine, L85, F|100/100\n|turn|22\n|inactive|Time left: 300 sec this turn | 300 sec total\n|\n|t:|1783540274\n|move|p2a: Passimian|Drain Punch|p1a: Piloswine\n|-supereffective|p1a: Piloswine\n|-damage|p1a: Piloswine|14/100\n|-heal|p2a: Passimian|215/302|[from] drain|[of] p1a: Piloswine\n|move|p1a: Piloswine|Roar|p2a: Passimian\n|drag|p2a: Dodrio|Dodrio, L85, F, tera:Normal|208/241\n|\n|upkeep\n|turn|23\n|inactive|Time left: 300 sec this turn | 300 sec total\n|\n|t:|1783540274\n|move|p2a: Dodrio|Double-Edge|p1a: Piloswine\n|-damage|p1a: Piloswine|0 fnt\n|faint|p1a: Piloswine\n|-damage|p2a: Dodrio|194/241|[from] Recoil\n|\n|win|p0y067d0c5", "uploadtime": 1783540274, "views": 0, "rating": 0, "private": 0, "password": null, "_winner": "p0y067d0c5", "_our_name": "p0y067d0c5"}