{"id": "battle-gen9randombattle-2643", "formatid": "gen9randombattle", "format": "[Gen 9] Random Battle", "players": ["p0x264356ae", "p0y2643bf69"], "log": "|init|battle\n|title|p0x264356ae vs. p0y2643bf69\n|j|\u2606p0x264356ae\n|j|\u2606p0y2643bf69\n|t:|1783569510\n|gametype|singles\n|player|p1|p0x264356ae|101|\n|player|p2|p0y2643bf69|170|\n|gen|9\n|tier|[Gen 9] Random Battle\n|rule|Species Clause: Limit one of each Pok\u00e9mon\n|rule|HP Percentage Mod: HP is shown in percentages\n|rule|Sleep Clause Mod: Limit one foe put to sleep\n|rule|Illusion Level Mod: Illusion disguises the Pok\u00e9mon's true level\n|\n|t:|1783569510\n|teamsize|p1|6\n|teamsize|p2|6\n|start\n|switch|p1a: Indeedee|Indeedee, L84, M|238/238\n|switch|p2a: Urshifu|Urshifu-Rapid-Strike, L75, F|100/100\n|-fieldstart|move: Psychic Terrain|[from] ability: Psychic Surge|[of] p1a: Indeedee\n|turn|1\n|inactive|Battle timer is ON: inactive players will automatically lose when time's up. (requested by p0y2643bf69)\n|inactive|Time left: 300 sec this turn | 300 sec total | 60 sec grace\n|\n|t:|1783569511\n|switch|p2a: Iron Crown|Iron Crown, L78|100/100\n|move|p1a: Indeedee|Expanding Force|p2a: Iron Crown\n|-resisted|p2a: Iron Crown\n|-damage|p2a: Iron Crown|87/100\n|\n|-heal|p2a: Iron Crown|93/100|[from] item: Leftovers\n|upkeep\n|turn|2\n|inactive|Time left: 300 sec this turn | 300 sec total\n|inactive|p0x264356ae also wants the timer to be on.\n|\n|t:|1783569512\n|move|p1a: Indeedee|Expanding Force|p2a: Iron Crown\n|-resisted|p2a: Iron Crown\n|-damage|p2a: Iron Crown|79/100\n|move|p2a: Iron Crown|Calm Mind|p2a: Iron Crown\n|-boost|p2a: Iron Crown|spa|1\n|-boost|p2a: Iron Crown|spd|1\n|\n|-heal|p2a: Iron Crown|85/100|[from] item: Leftovers\n|upkeep\n|turn|3\n|inactive|Time left: 300 sec this turn | 300 sec total\n|\n|t:|1783569513\n|switch|p1a: Slaking|Slaking, L84, M|389/389\n|move|p2a: Iron Crown|Psyshock|p1a: Slaking\n|-damage|p1a: Slaking|223/389\n|\n|-heal|p2a: Iron Crown|91/100|[from] item: Leftovers\n|upkeep\n|turn|4\n|inactive|Time left: 300 sec this turn | 300 sec total\n|\n|t:|1783569514\n|move|p1a: Slaking|Earthquake|p2a: Iron Crown\n|-supereffective|p2a: Iron Crown\n|-damage|p2a: Iron Crown|0 fnt\n|faint|p2a: Iron Crown\n|-end|p2a: Iron Crown|Quark Drive|[silent]\n|\n|upkeep\n|\n|t:|1783569515\n|switch|p2a: Diancie|Diancie, L82|100/100\n|turn|5\n|inactive|Time left: 300 sec this turn | 300 sec total\n|\n|t:|1783569516\n|switch|p1a: Houndstone|Houndstone, L86, M|264/264\n|move|p2a: Diancie|Diamond Storm|p1a: Houndstone\n|-damage|p1a: Houndstone|174/264\n|-boost|p2a: Diancie|def|2\n|\n|-heal|p1a: Houndstone|190/264|[from] item: Leftovers\n|-fieldend|move: Psychic Terrain\n|upkeep\n|turn|6\n|inactive|Time left: 300 sec this turn | 300 sec total\n|\n|t:|1783569518\n|move|p1a: Houndstone|Will-O-Wisp|p2a: Diancie\n|-status|p2a: Diancie|brn\n|move|p2a: Diancie|Moonblast|p1a: Houndstone\n|-damage|p1a: Houndstone|105/264\n|\n|-heal|p1a: Houndstone|121/264|[from] item: Leftovers\n|-damage|p2a: Diancie|94/100 brn|[from] brn\n|upkeep\n|turn|7\n|inactive|Time left: 300 sec this turn | 300 sec total\n|\n|t:|1783569519\n|move|p1a: Houndstone|Poltergeist|p2a: Diancie\n|-activate|p2a: Diancie|move: Poltergeist|Leftovers\n|-damage|p2a: Diancie|75/100 brn\n|move|p2a: Diancie|Moonblast|p1a: Houndstone\n|-damage|p1a: Houndstone|31/264\n|-unboost|p1a: Houndstone|spa|1\n|\n|-heal|p1a: Houndstone|47/264|[from] item: Leftovers\n|-heal|p2a: Diancie|81/100 brn|[from] item: Leftovers\n|-damage|p2a: Diancie|75/100 brn|[from] brn\n|upkeep\n|turn|8\n|inactive|Time left: 300 sec this turn | 300 sec total\n|\n|t:|1783569520\n|move|p1a: Houndstone|Poltergeist|p2a: Diancie\n|-activate|p2a: Diancie|move: Poltergeist|Leftovers\n|-damage|p2a: Diancie|57/100 brn\n|move|p2a: Diancie|Rock Polish|p2a: Diancie\n|-boost|p2a: Diancie|spe|2\n|\n|-heal|p2a: Diancie|63/100 brn|[from] item: Leftovers\n|-heal|p1a: Houndstone|63/264|[from] item: Leftovers\n|-damage|p2a: Diancie|57/100 brn|[from] brn\n|upkeep\n|turn|9\n|inactive|Time left: 300 sec this turn | 300 sec total\n|\n|t:|1783569521\n|switch|p1a: Chandelure|Chandelure, L83, M|235/235\n|move|p2a: Diancie|Moonblast|p1a: Chandelure\n|-resisted|p1a: Chandelure\n|-damage|p1a: Chandelure|188/235\n|\n|-heal|p2a: Diancie|63/100 brn|[from] item: Leftovers\n|-damage|p2a: Diancie|57/100 brn|[from] brn\n|upkeep\n|turn|10\n|inactive|Time left: 300 sec this turn | 300 sec total\n|\n|t:|1783569522\n|move|p1a: Chandelure|Energy Ball|p2a: Diancie\n|-supereffective|p2a: Diancie\n|-damage|p2a: Diancie|4/100 brn\n|move|p2a: Diancie|Moonblast|p1a: Chandelure\n|-resisted|p1a: Chandelure\n|-damage|p1a: Chandelure|139/235\n|\n|-heal|p2a: Diancie|10/100 brn|[from] item: Leftovers\n|-damage|p2a: Diancie|4/100 brn|[from] brn\n|upkeep\n|turn|11\n|inactive|Time left: 300 sec this turn | 300 sec total\n|\n|t:|1783569523\n|switch|p1a: Slaking|Slaking, L84, M|223/389\n|switch|p2a: Sceptile|Sceptile, L87, F|100/100\n|\n|upkeep\n|turn|12\n|inactive|Time left: 300 sec this turn | 300 sec total\n|\n|t:|1783569524\n|move|p2a: Sceptile|Leaf Storm|p1a: Slaking\n|-damage|p1a: Slaking|0 fnt\n|-unboost|p2a: Sceptile|spa|2\n|faint|p1a: Slaking\n|-damage|p2a: Sceptile|91/100|[from] item: Life Orb\n|\n|upkeep\n|inactive|Time left: 300 sec this turn | 300 sec total | 5 sec grace\n|\n|t:|1783569525\n|switch|p1a: Crabominable|Crabominable, L90, M|321/321\n|turn|13\n|inactive|Time left: 300 sec this turn | 300 sec total\n|\n|t:|1783569526\n|switch|p2a: Diancie|Diancie, L82|4/100 brn\n|move|p1a: Crabominable|Knock Off|p2a: Diancie\n|-resisted|p2a: Diancie\n|-damage|p2a: Diancie|0 fnt\n|-enditem|p2a: Diancie|Leftovers|[from] move: Knock Off|[of] p1a: Crabominable\n|faint|p2a: Diancie\n|\n|upkeep\n|\n|t:|1783569527\n|switch|p2a: Urshifu|Urshifu-Rapid-Strike, L75, F|100/100\n|turn|14\n|inactive|Time left: 300 sec this turn | 300 sec total\n|\n|t:|1783569528\n|switch|p1a: Houndstone|Houndstone, L86, M|63/264\n|move|p2a: Urshifu|Swords Dance|p2a: Urshifu\n|-boost|p2a: Urshifu|atk|2\n|\n|-heal|p1a: Houndstone|79/264|[from] item: Leftovers\n|upkeep\n|turn|15\n|inactive|Time left: 300 sec this turn | 300 sec total\n|\n|t:|1783569529\n|move|p2a: Urshifu|Surging Strikes|p1a: Houndstone\n|-crit|p1a: Houndstone\n|-damage|p1a: Houndstone|32/264\n|-crit|p1a: Houndstone\n|-damage|p1a: Houndstone|0 fnt\n|faint|p1a: Houndstone\n|-hitcount|p1: Houndstone|2\n|-damage|p2a: Urshifu|91/100|[from] item: Life Orb\n|\n|upkeep\n|inactive|Time left: 300 sec this turn | 300 sec total | 5 sec grace\n|\n|t:|1783569530\n|switch|p1a: Indeedee|Indeedee, L84, M|238/238\n|-fieldstart|move: Psychic Terrain|[from] ability: Psychic Surge|[of] p1a: Indeedee\n|turn|16\n|inactive|Time left: 300 sec this turn | 300 sec total\n|\n|t:|1783569531\n|switch|p2a: Scizor|Scizor, L79, M|100/100\n|move|p1a: Indeedee|Expanding Force|p2a: Scizor\n|-resisted|p2a: Scizor\n|-damage|p2a: Scizor|58/100\n|\n|upkeep\n|turn|17\n|inactive|Time left: 300 sec this turn | 300 sec total\n|\n|t:|1783569532\n|switch|p1a: Crabominable|Crabominable, L90, M|321/321\n|move|p2a: Scizor|Bug Bite|p1a: Crabominable\n|-resisted|p1a: Crabominable\n|-damage|p1a: Crabominable|252/321\n|-damage|p2a: Scizor|48/100|[from] item: Life Orb\n|\n|upkeep\n|turn|18\n|inactive|Time left: 300 sec this turn | 300 sec total\n|\n|t:|1783569533\n|move|p2a: Scizor|Close Combat|p1a: Crabominable\n|-supereffective|p1a: Crabominable\n|-damage|p1a: Crabominable|0 fnt\n|-unboost|p2a: Scizor|def|1\n|-unboost|p2a: Scizor|spd|1\n|faint|p1a: Crabominable\n|-damage|p2a: Scizor|38/100|[from] item: Life Orb\n|\n|upkeep\n|inactive|Time left: 300 sec this turn | 300 sec total | 5 sec grace\n|\n|t:|1783569534\n|switch|p1a: Indeedee|Indeedee, L84, M|238/238\n|turn|19\n|inactive|Time left: 300 sec this turn | 300 sec total\n|\n|t:|1783569535\n|move|p1a: Indeedee|Expanding Force|p2a: Scizor\n|-resisted|p2a: Scizor\n|-damage|p2a: Scizor|0 fnt\n|faint|p2a: Scizor\n|\n|upkeep\n|\n|t:|1783569536\n|switch|p2a: Gastrodon|Gastrodon-East, L86, F|100/100\n|turn|20\n|inactive|Time left: 300 sec this turn | 300 sec total\n|\n|t:|1783569537\n|-terastallize|p1a: Indeedee|Psychic\n|move|p1a: Indeedee|Expanding Force|p2a: Gastrodon\n|-damage|p2a: Gastrodon|33/100\n|move|p2a: Gastrodon|Recover|p2a: Gastrodon\n|-heal|p2a: Gastrodon|83/100\n|\n|-heal|p2a: Gastrodon|89/100|[from] item: Leftovers\n|-fieldend|move: Psychic Terrain\n|upkeep\n|turn|21\n|inactive|Time left: 300 sec this turn | 300 sec total\n|\n|t:|1783569538\n|move|p1a: Indeedee|Expanding Force|p2a: Gastrodon\n|-damage|p2a: Gastrodon|50/100\n|move|p2a: Gastrodon|Earthquake|p1a: Indeedee\n|-damage|p1a: Indeedee|103/238\n|\n|-heal|p2a: Gastrodon|56/100|[from] item: Leftovers\n|upkeep\n|turn|22\n|inactive|Time left: 300 sec this turn | 300 sec total\n|\n|t:|1783569538\n|move|p1a: Indeedee|Expanding Force|p2a: Gastrodon\n|-damage|p2a: Gastrodon|18/100\n|move|p2a: Gastrodon|Recover|p2a: Gastrodon\n|-heal|p2a: Gastrodon|68/100\n|\n|-heal|p2a: Gastrodon|74/100|[from] item: Leftovers\n|upkeep\n|turn|23\n|inactive|Time left: 300 sec this turn | 300 sec total\n|\n|t:|1783569539\n|move|p1a: Indeedee|Expanding Force|p2a: Gastrodon\n|-damage|p2a: Gastrodon|38/100\n|move|p2a: Gastrodon|Earthquake|p1a: Indeedee\n|-damage|p1a: Indeedee|0 fnt\n|faint|p1a: Indeedee\n|\n|-heal|p2a: Gastrodon|44/100|[from] item: Leftovers\n|upkeep\n|inactive|Time left: 300 sec this turn | 300 sec total | 5 sec grace\n|\n|t:|1783569540\n|switch|p1a: Chandelure|Chandelure, L83, M|139/235\n|turn|24\n|inactive|Time left: 300 sec this turn | 300 sec total\n|\n|t:|1783569541\n|move|p1a: Chandelure|Energy Ball|p2a: Gastrodon\n|-supereffective|p2a: Gastrodon\n|-damage|p2a: Gastrodon|0 fnt\n|faint|p2a: Gastrodon\n|\n|upkeep\n|\n|t:|1783569542\n|switch|p2a: Sceptile|Sceptile, L87, F|91/100\n|turn|25\n|inactive|Time left: 300 sec this turn | 300 sec total\n|\n|t:|1783569542\n|move|p1a: Chandelure|Energy Ball|p2a: Sceptile\n|-resisted|p2a: Sceptile\n|-damage|p2a: Sceptile|76/100\n|move|p2a: Sceptile|Earthquake|p1a: Chandelure\n|-supereffective|p1a: Chandelure\n|-crit|p1a: Chandelure\n|-damage|p1a: Chandelure|0 fnt\n|faint|p1a: Chandelure\n|-damage|p2a: Sceptile|66/100|[from] item: Life Orb\n|\n|upkeep\n|inactive|Time left: 300 sec this turn | 300 sec total | 5 sec grace\n|\n|t:|1783569543\n|switch|p1a: Regice|Regice, L88|284/284\n|turn|26\n|inactive|Time left: 300 sec this turn | 300 sec total\n|\n|t:|1783569544\n|switch|p2a: Urshifu|Urshifu-Rapid-Strike, L75, F|91/100\n|move|p1a: Regice|Thunder Wave|p2a: Urshifu\n|-status|p2a: Urshifu|par\n|\n|upkeep\n|turn|27\n|inactive|Time left: 300 sec this turn | 300 sec total\n|\n|t:|1783569545\n|move|p1a: Regice|Thunderbolt|p2a: Urshifu\n|-supereffective|p2a: Urshifu\n|-damage|p2a: Urshifu|15/100 par\n|move|p2a: Urshifu|Close Combat|p1a: Regice\n|-supereffective|p1a: Regice\n|-damage|p1a: Regice|0 fnt\n|-unboost|p2a: Urshifu|def|1\n|-unboost|p2a: Urshifu|spd|1\n|faint|p1a: Regice\n|-damage|p2a: Urshifu|5/100 par|[from] item: Life Orb\n|\n|win|p0y2643bf69", "uploadtime": 1783569545, "views": 0, "rating": 0, "private": 0, "password": null, "_winner": "p0y2643bf69", "_our_name": "p0x264356ae"}