{"id": "battle-gen9randombattle-1442", "formatid": "gen9randombattle", "format": "[Gen 9] Random Battle", "players": ["p0x1442987e", "p0y1442966b"], "log": "|init|battle\n|title|p0x1442987e vs. p0y1442966b\n|j|\u2606p0x1442987e\n|j|\u2606p0y1442966b\n|t:|1783556813\n|gametype|singles\n|player|p1|p0x1442987e|102|\n|player|p2|p0y1442966b|2|\n|gen|9\n|tier|[Gen 9] Random Battle\n|rule|Species Clause: Limit one of each Pok\u00e9mon\n|rule|HP Percentage Mod: HP is shown in percentages\n|rule|Sleep Clause Mod: Limit one foe put to sleep\n|rule|Illusion Level Mod: Illusion disguises the Pok\u00e9mon's true level\n|\n|t:|1783556813\n|teamsize|p1|6\n|teamsize|p2|6\n|start\n|switch|p1a: Dragapult|Dragapult, L77, F|100/100\n|switch|p2a: Meowscarada|Meowscarada, L78, F|247/247\n|turn|1\n|inactive|Battle timer is ON: inactive players will automatically lose when time's up. (requested by p0y1442966b)\n|inactive|p0x1442987e also wants the timer to be on.\n|\n|t:|1783556815\n|move|p1a: Dragapult|Fire Blast|p2a: Meowscarada\n|-supereffective|p2a: Meowscarada\n|-damage|p2a: Meowscarada|0 fnt\n|faint|p2a: Meowscarada\n|\n|upkeep\n|inactive|Time left: 300 sec this turn | 300 sec total | 65 sec grace\n|\n|t:|1783556816\n|switch|p2a: Vikavolt|Vikavolt, L83, M|263/263\n|turn|2\n|inactive|Time left: 300 sec this turn | 300 sec total\n|\n|t:|1783556817\n|switch|p1a: Hatterene|Hatterene, L85, F|100/100\n|move|p2a: Vikavolt|Sticky Web|p1a: Hatterene\n|move|p1a: Hatterene|Sticky Web|p2a: Vikavolt|[from] ability: Magic Bounce\n|-sidestart|p2: p0y1442966b|move: Sticky Web\n|\n|upkeep\n|turn|3\n|inactive|Time left: 300 sec this turn | 300 sec total\n|\n|t:|1783556819\n|move|p2a: Vikavolt|Thunderbolt|p1a: Hatterene\n|-damage|p1a: Hatterene|56/100\n|move|p1a: Hatterene|Mystical Fire|p2a: Vikavolt\n|-supereffective|p2a: Vikavolt\n|-damage|p2a: Vikavolt|99/263\n|-unboost|p2a: Vikavolt|spa|1\n|\n|-heal|p1a: Hatterene|62/100|[from] item: Leftovers\n|upkeep\n|turn|4\n|inactive|Time left: 300 sec this turn | 300 sec total\n|\n|t:|1783556819\n|move|p2a: Vikavolt|Thunderbolt|p1a: Hatterene\n|-damage|p1a: Hatterene|29/100\n|move|p1a: Hatterene|Psychic|p2a: Vikavolt\n|-damage|p2a: Vikavolt|0 fnt\n|faint|p2a: Vikavolt\n|\n|-heal|p1a: Hatterene|35/100|[from] item: Leftovers\n|upkeep\n|inactive|Time left: 300 sec this turn | 300 sec total | 5 sec grace\n|\n|t:|1783556820\n|switch|p2a: Eternatus|Eternatus, L69|308/308\n|-activate|p2a: Eternatus|move: Sticky Web\n|-unboost|p2a: Eternatus|spe|1\n|-ability|p2a: Eternatus|Pressure\n|turn|5\n|inactive|Time left: 300 sec this turn | 300 sec total\n|\n|t:|1783556821\n|move|p2a: Eternatus|Meteor Beam||[still]\n|-prepare|p2a: Eternatus|Meteor Beam\n|-boost|p2a: Eternatus|spa|1\n|-enditem|p2a: Eternatus|Power Herb\n|-anim|p2a: Eternatus|Meteor Beam|p1a: Hatterene|[miss]\n|-miss|p2a: Eternatus|p1a: Hatterene\n|move|p1a: Hatterene|Psychic|p2a: Eternatus\n|-supereffective|p2a: Eternatus\n|-damage|p2a: Eternatus|14/308\n|\n|-heal|p1a: Hatterene|41/100|[from] item: Leftovers\n|upkeep\n|turn|6\n|inactive|Time left: 300 sec this turn | 300 sec total\n|\n|t:|1783556822\n|switch|p1a: Skuntank|Skuntank, L84, M|100/100\n|move|p2a: Eternatus|Sludge Bomb|p1a: Skuntank\n|-resisted|p1a: Skuntank\n|-damage|p1a: Skuntank|80/100\n|\n|upkeep\n|turn|7\n|inactive|Time left: 300 sec this turn | 300 sec total\n|\n|t:|1783556823\n|move|p1a: Skuntank|Knock Off|p2a: Eternatus\n|-damage|p2a: Eternatus|0 fnt\n|faint|p2a: Eternatus\n|\n|upkeep\n|inactive|Time left: 300 sec this turn | 300 sec total | 5 sec grace\n|\n|t:|1783556824\n|switch|p2a: Vigoroth|Vigoroth, L85, F|275/275\n|-activate|p2a: Vigoroth|move: Sticky Web\n|-unboost|p2a: Vigoroth|spe|1\n|turn|8\n|inactive|Time left: 300 sec this turn | 300 sec total\n|\n|t:|1783556826\n|move|p1a: Skuntank|Knock Off|p2a: Vigoroth\n|-damage|p2a: Vigoroth|202/275\n|-enditem|p2a: Vigoroth|Eviolite|[from] move: Knock Off|[of] p1a: Skuntank\n|move|p2a: Vigoroth|Bulk Up|p2a: Vigoroth\n|-boost|p2a: Vigoroth|atk|1\n|-boost|p2a: Vigoroth|def|1\n|\n|upkeep\n|turn|9\n|inactive|Time left: 300 sec this turn | 300 sec total\n|\n|t:|1783556827\n|switch|p1a: Tornadus|Tornadus-Therian, L79, M|100/100\n|move|p2a: Vigoroth|Body Slam|p1a: Tornadus\n|-damage|p1a: Tornadus|47/100\n|\n|upkeep\n|turn|10\n|inactive|Time left: 300 sec this turn | 300 sec total\n|\n|t:|1783556828\n|move|p1a: Tornadus|Bleakwind Storm|p2a: Vigoroth|[miss]\n|-miss|p1a: Tornadus|p2a: Vigoroth\n|move|p2a: Vigoroth|Body Slam|p1a: Tornadus\n|-damage|p1a: Tornadus|0 fnt\n|faint|p1a: Tornadus\n|\n|upkeep\n|\n|t:|1783556829\n|switch|p1a: Dragapult|Dragapult, L77, F|100/100\n|turn|11\n|inactive|Time left: 300 sec this turn | 300 sec total\n|\n|t:|1783556830\n|move|p1a: Dragapult|Draco Meteor|p2a: Vigoroth\n|-damage|p2a: Vigoroth|0 fnt\n|-unboost|p1a: Dragapult|spa|2\n|faint|p2a: Vigoroth\n|\n|upkeep\n|inactive|Time left: 300 sec this turn | 300 sec total | 5 sec grace\n|\n|t:|1783556831\n|switch|p2a: Flamigo|Flamigo, L82, M|269/269\n|turn|12\n|inactive|Time left: 300 sec this turn | 300 sec total\n|\n|t:|1783556832\n|move|p1a: Dragapult|Draco Meteor|p2a: Flamigo\n|-damage|p2a: Flamigo|149/269\n|-unboost|p1a: Dragapult|spa|2\n|move|p2a: Flamigo|Swords Dance|p2a: Flamigo\n|-boost|p2a: Flamigo|atk|2\n|\n|upkeep\n|turn|13\n|inactive|Time left: 300 sec this turn | 300 sec total\n|\n|t:|1783556833\n|switch|p1a: Skuntank|Skuntank, L84, M|80/100\n|move|p2a: Flamigo|Close Combat|p1a: Skuntank\n|-damage|p1a: Skuntank|0 fnt\n|-unboost|p2a: Flamigo|def|1\n|-unboost|p2a: Flamigo|spd|1\n|-damage|p2a: Flamigo|82/269|[from] ability: Aftermath|[of] p1a: Skuntank\n|faint|p1a: Skuntank\n|-damage|p2a: Flamigo|56/269|[from] item: Life Orb\n|\n|upkeep\n|\n|t:|1783556834\n|switch|p1a: Lycanroc|Lycanroc-Midnight, L89, F|100/100\n|turn|14\n|inactive|Time left: 300 sec this turn | 300 sec total\n|\n|t:|1783556835\n|move|p1a: Lycanroc|Stone Edge|p2a: Flamigo\n|-damage|p2a: Flamigo|0 fnt\n|faint|p2a: Flamigo\n|\n|upkeep\n|inactive|Time left: 300 sec this turn | 300 sec total | 5 sec grace\n|\n|t:|1783556835\n|switch|p2a: Luvdisc|Luvdisc, F|247/247\n|turn|15\n|inactive|Time left: 300 sec this turn | 300 sec total\n|\n|t:|1783556836\n|-terastallize|p2a: Luvdisc|Ground\n|move|p2a: Luvdisc|Surf|p1a: Lycanroc\n|-supereffective|p1a: Lycanroc\n|-damage|p1a: Lycanroc|48/100\n|move|p1a: Lycanroc|Stone Edge|p2a: Luvdisc\n|-resisted|p2a: Luvdisc\n|-damage|p2a: Luvdisc|119/247\n|\n|upkeep\n|turn|16\n|inactive|Time left: 300 sec this turn | 300 sec total\n|\n|t:|1783556838\n|-terastallize|p1a: Lycanroc|Fighting\n|move|p2a: Luvdisc|Surf|p1a: Lycanroc\n|-damage|p1a: Lycanroc|21/100\n|move|p1a: Lycanroc|Stone Edge|p2a: Luvdisc\n|-resisted|p2a: Luvdisc\n|-damage|p2a: Luvdisc|0 fnt\n|faint|p2a: Luvdisc\n|\n|win|p0x1442987e", "uploadtime": 1783556838, "views": 0, "rating": 0, "private": 0, "password": null, "_winner": "p0x1442987e", "_our_name": "p0y1442966b"}