{"id": "battle-gen9randombattle-1058", "formatid": "gen9randombattle", "format": "[Gen 9] Random Battle", "players": ["p0x1058c35b", "p0y1058db1a"], "log": "|init|battle\n|title|p0x1058c35b vs. p0y1058db1a\n|j|\u2606p0x1058c35b\n|j|\u2606p0y1058db1a\n|t:|1783552150\n|gametype|singles\n|player|p1|p0x1058c35b|1|\n|player|p2|p0y1058db1a|1|\n|gen|9\n|tier|[Gen 9] Random Battle\n|rule|Species Clause: Limit one of each Pok\u00e9mon\n|rule|HP Percentage Mod: HP is shown in percentages\n|rule|Sleep Clause Mod: Limit one foe put to sleep\n|rule|Illusion Level Mod: Illusion disguises the Pok\u00e9mon's true level\n|\n|t:|1783552150\n|teamsize|p1|6\n|teamsize|p2|6\n|start\n|switch|p1a: Skuntank|Skuntank, L84, F|310/310\n|switch|p2a: Chansey|Chansey, L85, F|100/100\n|turn|1\n|inactive|Battle timer is ON: inactive players will automatically lose when time's up. (requested by p0y1058db1a)\n|inactive|Time left: 300 sec this turn | 300 sec total | 60 sec grace\n|inactive|p0x1058c35b also wants the timer to be on.\n|\n|t:|1783552151\n|move|p1a: Skuntank|Knock Off|p2a: Chansey\n|-damage|p2a: Chansey|61/100\n|-enditem|p2a: Chansey|Eviolite|[from] move: Knock Off|[of] p1a: Skuntank\n|move|p2a: Chansey|Thunder Wave|p1a: Skuntank\n|-status|p1a: Skuntank|par\n|\n|upkeep\n|turn|2\n|inactive|Time left: 300 sec this turn | 300 sec total\n|\n|t:|1783552153\n|move|p2a: Chansey|Soft-Boiled|p2a: Chansey\n|-heal|p2a: Chansey|100/100\n|move|p1a: Skuntank|Gunk Shot|p2a: Chansey|[miss]\n|-miss|p1a: Skuntank|p2a: Chansey\n|\n|upkeep\n|turn|3\n|inactive|Time left: 300 sec this turn | 300 sec total\n|\n|t:|1783552154\n|move|p2a: Chansey|Seismic Toss|p1a: Skuntank\n|-damage|p1a: Skuntank|225/310 par\n|move|p1a: Skuntank|Toxic Spikes|p2a: Chansey\n|-sidestart|p2: p0y1058db1a|move: Toxic Spikes\n|\n|upkeep\n|turn|4\n|inactive|Time left: 300 sec this turn | 300 sec total\n|\n|t:|1783552155\n|move|p2a: Chansey|Seismic Toss|p1a: Skuntank\n|-damage|p1a: Skuntank|140/310 par\n|move|p1a: Skuntank|Knock Off|p2a: Chansey\n|-damage|p2a: Chansey|58/100\n|\n|upkeep\n|turn|5\n|inactive|Time left: 300 sec this turn | 300 sec total\n|\n|t:|1783552156\n|move|p2a: Chansey|Soft-Boiled|p2a: Chansey\n|-heal|p2a: Chansey|100/100\n|move|p1a: Skuntank|Gunk Shot|p2a: Chansey\n|-damage|p2a: Chansey|24/100\n|-status|p2a: Chansey|psn\n|\n|-damage|p2a: Chansey|12/100 psn|[from] psn\n|upkeep\n|turn|6\n|inactive|Time left: 300 sec this turn | 300 sec total\n|\n|t:|1783552157\n|move|p2a: Chansey|Soft-Boiled|p2a: Chansey\n|-heal|p2a: Chansey|62/100 psn\n|move|p1a: Skuntank|Gunk Shot|p2a: Chansey\n|-damage|p2a: Chansey|0 fnt\n|faint|p2a: Chansey\n|\n|upkeep\n|\n|t:|1783552158\n|switch|p2a: Venomoth|Venomoth, L84, F|100/100\n|-sideend|p2: p0y1058db1a|move: Toxic Spikes|[of] p2a: Venomoth\n|turn|7\n|inactive|Time left: 300 sec this turn | 300 sec total\n|\n|t:|1783552159\n|move|p2a: Venomoth|Quiver Dance|p2a: Venomoth\n|-boost|p2a: Venomoth|spa|1\n|-boost|p2a: Venomoth|spd|1\n|-boost|p2a: Venomoth|spe|1\n|cant|p1a: Skuntank|par\n|\n|upkeep\n|turn|8\n|inactive|Time left: 300 sec this turn | 300 sec total\n|\n|t:|1783552160\n|switch|p1a: Slaking|Slaking, L84, F|389/389\n|move|p2a: Venomoth|Quiver Dance|p2a: Venomoth\n|-boost|p2a: Venomoth|spa|1\n|-boost|p2a: Venomoth|spd|1\n|-boost|p2a: Venomoth|spe|1\n|\n|upkeep\n|turn|9\n|inactive|Time left: 300 sec this turn | 300 sec total\n|\n|t:|1783552161\n|move|p2a: Venomoth|Sleep Powder|p1a: Slaking\n|-status|p1a: Slaking|slp|[from] move: Sleep Powder\n|cant|p1a: Slaking|slp\n|\n|upkeep\n|turn|10\n|inactive|Time left: 300 sec this turn | 300 sec total\n|\n|t:|1783552162\n|switch|p1a: Skeledirge|Skeledirge, L79, F|294/294\n|move|p2a: Venomoth|Sludge Wave|p1a: Skeledirge\n|-resisted|p1a: Skeledirge\n|-damage|p1a: Skeledirge|176/294\n|\n|upkeep\n|turn|11\n|inactive|Time left: 300 sec this turn | 300 sec total\n|\n|t:|1783552163\n|move|p2a: Venomoth|Sludge Wave|p1a: Skeledirge\n|-resisted|p1a: Skeledirge\n|-damage|p1a: Skeledirge|72/294\n|move|p1a: Skeledirge|Torch Song|p2a: Venomoth\n|-supereffective|p2a: Venomoth\n|-damage|p2a: Venomoth|31/100\n|-boost|p1a: Skeledirge|spa|1\n|\n|upkeep\n|turn|12\n|inactive|Time left: 300 sec this turn | 300 sec total\n|\n|t:|1783552164\n|move|p2a: Venomoth|Sludge Wave|p1a: Skeledirge\n|-resisted|p1a: Skeledirge\n|-damage|p1a: Skeledirge|0 fnt\n|faint|p1a: Skeledirge\n|\n|upkeep\n|inactive|Time left: 300 sec this turn | 300 sec total | 5 sec grace\n|\n|t:|1783552165\n|switch|p1a: Gurdurr|Gurdurr, L85, M|283/283\n|turn|13\n|inactive|Time left: 300 sec this turn | 300 sec total\n|\n|t:|1783552166\n|move|p2a: Venomoth|Bug Buzz|p1a: Gurdurr\n|-resisted|p1a: Gurdurr\n|-damage|p1a: Gurdurr|109/283\n|move|p1a: Gurdurr|Knock Off|p2a: Venomoth\n|-damage|p2a: Venomoth|0 fnt\n|-enditem|p2a: Venomoth|Heavy-Duty Boots|[from] move: Knock Off|[of] p1a: Gurdurr\n|faint|p2a: Venomoth\n|\n|upkeep\n|\n|t:|1783552167\n|switch|p2a: Oricorio|Oricorio-Pa'u, L87, F|100/100\n|turn|14\n|inactive|Time left: 300 sec this turn | 300 sec total\n|\n|t:|1783552169\n|-terastallize|p1a: Gurdurr|Steel\n|move|p2a: Oricorio|Quiver Dance|p2a: Oricorio\n|-boost|p2a: Oricorio|spa|1\n|-boost|p2a: Oricorio|spd|1\n|-boost|p2a: Oricorio|spe|1\n|move|p1a: Gurdurr|Knock Off|p2a: Oricorio\n|-supereffective|p2a: Oricorio\n|-damage|p2a: Oricorio|31/100\n|-enditem|p2a: Oricorio|Heavy-Duty Boots|[from] move: Knock Off|[of] p1a: Gurdurr\n|\n|upkeep\n|turn|15\n|inactive|Time left: 300 sec this turn | 300 sec total\n|\n|t:|1783552170\n|move|p2a: Oricorio|Roost|p2a: Oricorio\n|-heal|p2a: Oricorio|81/100\n|-singleturn|p2a: Oricorio|move: Roost\n|move|p1a: Gurdurr|Knock Off|p2a: Oricorio\n|-supereffective|p2a: Oricorio\n|-damage|p2a: Oricorio|37/100\n|\n|upkeep\n|turn|16\n|inactive|Time left: 300 sec this turn | 300 sec total\n|\n|t:|1783552171\n|move|p2a: Oricorio|Roost|p2a: Oricorio\n|-heal|p2a: Oricorio|87/100\n|-singleturn|p2a: Oricorio|move: Roost\n|move|p1a: Gurdurr|Knock Off|p2a: Oricorio\n|-supereffective|p2a: Oricorio\n|-damage|p2a: Oricorio|47/100\n|\n|upkeep\n|turn|17\n|inactive|Time left: 300 sec this turn | 300 sec total\n|\n|t:|1783552172\n|move|p2a: Oricorio|Roost|p2a: Oricorio\n|-heal|p2a: Oricorio|97/100\n|-singleturn|p2a: Oricorio|move: Roost\n|move|p1a: Gurdurr|Knock Off|p2a: Oricorio\n|-supereffective|p2a: Oricorio\n|-damage|p2a: Oricorio|50/100\n|\n|upkeep\n|turn|18\n|inactive|Time left: 300 sec this turn | 300 sec total\n|\n|t:|1783552173\n|move|p2a: Oricorio|Quiver Dance|p2a: Oricorio\n|-boost|p2a: Oricorio|spa|1\n|-boost|p2a: Oricorio|spd|1\n|-boost|p2a: Oricorio|spe|1\n|move|p1a: Gurdurr|Knock Off|p2a: Oricorio\n|-supereffective|p2a: Oricorio\n|-damage|p2a: Oricorio|4/100\n|\n|upkeep\n|turn|19\n|inactive|Time left: 300 sec this turn | 300 sec total\n|\n|t:|1783552174\n|move|p1a: Gurdurr|Mach Punch|p2a: Oricorio\n|-resisted|p2a: Oricorio\n|-damage|p2a: Oricorio|0 fnt\n|faint|p2a: Oricorio\n|\n|upkeep\n|\n|t:|1783552175\n|switch|p2a: Sinistcha|Sinistcha, L83|100/100\n|turn|20\n|inactive|Time left: 300 sec this turn | 300 sec total\n|\n|t:|1783552176\n|move|p2a: Sinistcha|Calm Mind|p2a: Sinistcha\n|-boost|p2a: Sinistcha|spa|1\n|-boost|p2a: Sinistcha|spd|1\n|move|p1a: Gurdurr|Knock Off|p2a: Sinistcha\n|-supereffective|p2a: Sinistcha\n|-damage|p2a: Sinistcha|45/100\n|-enditem|p2a: Sinistcha|Leftovers|[from] move: Knock Off|[of] p1a: Gurdurr\n|\n|upkeep\n|turn|21\n|inactive|Time left: 300 sec this turn | 300 sec total\n|\n|t:|1783552178\n|switch|p1a: Slaking|Slaking, L84, F|389/389 slp\n|move|p2a: Sinistcha|Strength Sap|p1a: Slaking\n|-unboost|p1a: Slaking|atk|1\n|-heal|p2a: Sinistcha|100/100\n|\n|upkeep\n|turn|22\n|inactive|Time left: 300 sec this turn | 300 sec total\n|\n|t:|1783552178\n|-curestatus|p1a: Slaking|slp|[msg]\n|move|p1a: Slaking|Earthquake|p2a: Sinistcha\n|-resisted|p2a: Sinistcha\n|-damage|p2a: Sinistcha|89/100\n|move|p2a: Sinistcha|Calm Mind|p2a: Sinistcha\n|-boost|p2a: Sinistcha|spa|1\n|-boost|p2a: Sinistcha|spd|1\n|\n|upkeep\n|turn|23\n|inactive|Time left: 300 sec this turn | 300 sec total\n|\n|t:|1783552179\n|switch|p1a: Skuntank|Skuntank, L84, F|140/310 par\n|move|p2a: Sinistcha|Matcha Gotcha|p1a: Skuntank\n|-resisted|p1a: Skuntank\n|-damage|p1a: Skuntank|15/310 par\n|-heal|p2a: Sinistcha|100/100|[from] drain|[of] p1a: Skuntank\n|\n|upkeep\n|turn|24\n|inactive|Time left: 300 sec this turn | 300 sec total\n|\n|t:|1783552180\n|move|p2a: Sinistcha|Shadow Ball|p1a: Skuntank\n|-resisted|p1a: Skuntank\n|-damage|p1a: Skuntank|0 fnt\n|faint|p1a: Skuntank\n|\n|upkeep\n|inactive|Time left: 300 sec this turn | 300 sec total | 5 sec grace\n|\n|t:|1783552181\n|switch|p1a: Seviper|Seviper, L93, M|287/287\n|turn|25\n|inactive|Time left: 300 sec this turn | 300 sec total\n|\n|t:|1783552182\n|move|p1a: Seviper|Glare|p2a: Sinistcha\n|-status|p2a: Sinistcha|par\n|move|p2a: Sinistcha|Shadow Ball|p1a: Seviper\n|-damage|p1a: Seviper|29/287\n|-unboost|p1a: Seviper|spd|1\n|\n|upkeep\n|turn|26\n|inactive|Time left: 300 sec this turn | 300 sec total\n|\n|t:|1783552184\n|move|p1a: Seviper|Gunk Shot|p2a: Sinistcha\n|-damage|p2a: Sinistcha|30/100 par\n|-damage|p1a: Seviper|1/287|[from] item: Life Orb\n|move|p2a: Sinistcha|Strength Sap|p1a: Seviper\n|-unboost|p1a: Seviper|atk|1\n|-heal|p2a: Sinistcha|100/100 par\n|\n|upkeep\n|turn|27\n|inactive|Time left: 300 sec this turn | 300 sec total\n|\n|t:|1783552185\n|move|p1a: Seviper|Gunk Shot|p2a: Sinistcha\n|-damage|p2a: Sinistcha|51/100 par\n|-damage|p1a: Seviper|0 fnt|[from] item: Life Orb\n|faint|p1a: Seviper\n|move|p2a: Sinistcha|Strength Sap|p1: Seviper|[notarget]\n|-fail|p2a: Sinistcha\n|\n|upkeep\n|inactive|Time left: 300 sec this turn | 300 sec total | 5 sec grace\n|\n|t:|1783552186\n|switch|p1a: Gurdurr|Gurdurr, L85, M, tera:Steel|109/283\n|turn|28\n|inactive|Time left: 300 sec this turn | 300 sec total\n|\n|t:|1783552187\n|move|p1a: Gurdurr|Knock Off|p2a: Sinistcha\n|-supereffective|p2a: Sinistcha\n|-crit|p2a: Sinistcha\n|-damage|p2a: Sinistcha|0 fnt\n|faint|p2a: Sinistcha\n|\n|upkeep\n|\n|t:|1783552188\n|switch|p2a: Goodra|Goodra, L85, F|100/100\n|turn|29\n|inactive|Time left: 300 sec this turn | 300 sec total\n|\n|t:|1783552189\n|move|p2a: Goodra|Knock Off|p1a: Gurdurr\n|-damage|p1a: Gurdurr|59/283\n|-enditem|p1a: Gurdurr|Eviolite|[from] move: Knock Off|[of] p2a: Goodra\n|move|p1a: Gurdurr|Drain Punch|p2a: Goodra\n|-damage|p2a: Goodra|68/100\n|-heal|p1a: Gurdurr|106/283|[from] drain|[of] p2a: Goodra\n|\n|upkeep\n|turn|30\n|inactive|Time left: 300 sec this turn | 300 sec total\n|\n|t:|1783552191\n|move|p2a: Goodra|Scald|p1a: Gurdurr\n|-damage|p1a: Gurdurr|5/283\n|move|p1a: Gurdurr|Drain Punch|p2a: Goodra\n|-damage|p2a: Goodra|32/100\n|-heal|p1a: Gurdurr|58/283|[from] drain|[of] p2a: Goodra\n|\n|upkeep\n|turn|31\n|inactive|Time left: 300 sec this turn | 300 sec total\n|\n|t:|1783552192\n|move|p2a: Goodra|Scald|p1a: Gurdurr\n|-damage|p1a: Gurdurr|0 fnt\n|faint|p1a: Gurdurr\n|\n|upkeep\n|inactive|Time left: 300 sec this turn | 300 sec total | 5 sec grace\n|\n|t:|1783552193\n|switch|p1a: Slaking|Slaking, L84, F|389/389\n|turn|32\n|inactive|Time left: 300 sec this turn | 300 sec total\n|\n|t:|1783552194\n|move|p1a: Slaking|Giga Impact|p2a: Goodra|[miss]\n|-miss|p1a: Slaking|p2a: Goodra\n|move|p2a: Goodra|Knock Off|p1a: Slaking\n|-damage|p1a: Slaking|322/389\n|-enditem|p1a: Slaking|Choice Scarf|[from] move: Knock Off|[of] p2a: Goodra\n|\n|upkeep\n|turn|33\n|inactive|Time left: 300 sec this turn | 300 sec total\n|\n|t:|1783552195\n|cant|p1a: Slaking|ability: Truant\n|move|p2a: Goodra|Scald|p1a: Slaking\n|-damage|p1a: Slaking|246/389\n|\n|upkeep\n|turn|34\n|inactive|Time left: 300 sec this turn | 300 sec total\n|\n|t:|1783552196\n|move|p1a: Slaking|Giga Impact|p2a: Goodra\n|-damage|p2a: Goodra|0 fnt\n|-mustrecharge|p1a: Slaking\n|faint|p2a: Goodra\n|\n|upkeep\n|\n|t:|1783552197\n|switch|p2a: Swanna|Swanna, L89, F|100/100\n|turn|35\n|inactive|Time left: 300 sec this turn | 300 sec total\n|\n|t:|1783552197\n|-terastallize|p2a: Swanna|Ground\n|move|p2a: Swanna|Hydro Pump|p1a: Slaking\n|-damage|p1a: Slaking|99/389\n|cant|p1a: Slaking|recharge\n|\n|upkeep\n|turn|36\n|inactive|Time left: 300 sec this turn | 300 sec total\n|\n|t:|1783552198\n|move|p2a: Swanna|Hydro Pump|p1a: Slaking\n|-damage|p1a: Slaking|0 fnt\n|faint|p1a: Slaking\n|\n|upkeep\n|inactive|Time left: 300 sec this turn | 300 sec total | 5 sec grace\n|\n|t:|1783552199\n|switch|p1a: Scovillain|Scovillain, L91, M|266/266\n|turn|37\n|inactive|Time left: 300 sec this turn | 300 sec total\n|\n|t:|1783552199\n|move|p2a: Swanna|Brave Bird|p1a: Scovillain\n|-supereffective|p1a: Scovillain\n|-damage|p1a: Scovillain|0 fnt\n|faint|p1a: Scovillain\n|-damage|p2a: Swanna|69/100|[from] Recoil\n|\n|win|p0y1058db1a", "uploadtime": 1783552200, "views": 0, "rating": 0, "private": 0, "password": null, "_winner": "p0y1058db1a", "_our_name": "p0x1058c35b"}