{"id": "battle-gen9randombattle-231", "formatid": "gen9randombattle", "format": "[Gen 9] Random Battle", "players": ["p0x231686b", "p0y231c371"], "log": "|init|battle\n|title|p0x231686b vs. p0y231c371\n|j|\u2606p0x231686b\n|j|\u2606p0y231c371\n|t:|1783535950\n|gametype|singles\n|player|p1|p0x231686b|102|\n|player|p2|p0y231c371|169|\n|gen|9\n|tier|[Gen 9] Random Battle\n|rule|Species Clause: Limit one of each Pok\u00e9mon\n|rule|HP Percentage Mod: HP is shown in percentages\n|rule|Sleep Clause Mod: Limit one foe put to sleep\n|rule|Illusion Level Mod: Illusion disguises the Pok\u00e9mon's true level\n|\n|t:|1783535950\n|teamsize|p1|6\n|teamsize|p2|6\n|start\n|switch|p1a: Houndstone|Houndstone, L86, M|100/100\n|switch|p2a: Venusaur|Venusaur, L84, F|272/272\n|turn|1\n|inactive|Battle timer is ON: inactive players will automatically lose when time's up. (requested by p0x231686b)\n|inactive|Time left: 300 sec this turn | 300 sec total | 60 sec grace\n|inactive|p0y231c371 also wants the timer to be on.\n|\n|t:|1783535952\n|move|p2a: Venusaur|Leech Seed|p1a: Houndstone\n|-start|p1a: Houndstone|move: Leech Seed\n|move|p1a: Houndstone|Poltergeist|p2a: Venusaur\n|-activate|p2a: Venusaur|move: Poltergeist|Leftovers\n|-damage|p2a: Venusaur|149/272\n|\n|-heal|p2a: Venusaur|166/272|[from] item: Leftovers\n|-damage|p1a: Houndstone|88/100|[from] Leech Seed|[of] p2a: Venusaur\n|-heal|p2a: Venusaur|199/272|[silent]\n|upkeep\n|turn|2\n|inactive|Time left: 300 sec this turn | 300 sec total\n|\n|t:|1783535953\n|switch|p1a: Virizion|Virizion, L82|100/100\n|move|p2a: Venusaur|Sludge Bomb|p1a: Virizion\n|-supereffective|p1a: Virizion\n|-damage|p1a: Virizion|45/100\n|\n|-heal|p2a: Venusaur|216/272|[from] item: Leftovers\n|upkeep\n|turn|3\n|inactive|Time left: 300 sec this turn | 300 sec total\n|\n|t:|1783535954\n|move|p1a: Virizion|Swords Dance|p1a: Virizion\n|-boost|p1a: Virizion|atk|2\n|move|p2a: Venusaur|Sludge Bomb|p1a: Virizion\n|-supereffective|p1a: Virizion\n|-damage|p1a: Virizion|0 fnt\n|faint|p1a: Virizion\n|\n|-heal|p2a: Venusaur|233/272|[from] item: Leftovers\n|upkeep\n|\n|t:|1783535956\n|switch|p1a: Mabosstiff|Mabosstiff, L86, F|100/100\n|turn|4\n|inactive|Time left: 300 sec this turn | 300 sec total\n|\n|t:|1783535957\n|move|p1a: Mabosstiff|Crunch|p2a: Venusaur\n|-damage|p2a: Venusaur|127/272\n|move|p2a: Venusaur|Giga Drain|p1a: Mabosstiff\n|-damage|p1a: Mabosstiff|66/100\n|-heal|p2a: Venusaur|176/272|[from] drain|[of] p1a: Mabosstiff\n|\n|-heal|p2a: Venusaur|193/272|[from] item: Leftovers\n|upkeep\n|turn|5\n|inactive|Time left: 300 sec this turn | 300 sec total\n|\n|t:|1783535958\n|move|p1a: Mabosstiff|Crunch|p2a: Venusaur\n|-damage|p2a: Venusaur|87/272\n|-unboost|p2a: Venusaur|def|1\n|move|p2a: Venusaur|Giga Drain|p1a: Mabosstiff\n|-damage|p1a: Mabosstiff|16/100\n|-heal|p2a: Venusaur|157/272|[from] drain|[of] p1a: Mabosstiff\n|\n|-heal|p2a: Venusaur|174/272|[from] item: Leftovers\n|upkeep\n|turn|6\n|inactive|Time left: 300 sec this turn | 300 sec total\n|\n|t:|1783535959\n|move|p1a: Mabosstiff|Crunch|p2a: Venusaur\n|-damage|p2a: Venusaur|20/272\n|move|p2a: Venusaur|Sludge Bomb|p1a: Mabosstiff\n|-damage|p1a: Mabosstiff|0 fnt\n|faint|p1a: Mabosstiff\n|\n|-heal|p2a: Venusaur|37/272|[from] item: Leftovers\n|upkeep\n|\n|t:|1783535960\n|switch|p1a: Urshifu|Urshifu-Rapid-Strike, L75, M|100/100\n|turn|7\n|inactive|Time left: 300 sec this turn | 300 sec total\n|\n|t:|1783535961\n|switch|p2a: Dusknoir|Dusknoir, L89, F|225/225\n|-item|p1a: Urshifu|Choice Band|[from] ability: Frisk|[of] p2a: Dusknoir\n|move|p1a: Urshifu|Surging Strikes|p2a: Dusknoir\n|-crit|p2a: Dusknoir\n|-damage|p2a: Dusknoir|180/225\n|-crit|p2a: Dusknoir\n|-damage|p2a: Dusknoir|137/225\n|-crit|p2a: Dusknoir\n|-damage|p2a: Dusknoir|95/225\n|-hitcount|p2a: Dusknoir|3\n|\n|-heal|p2a: Dusknoir|109/225|[from] item: Leftovers\n|upkeep\n|turn|8\n|inactive|Time left: 300 sec this turn | 300 sec total\n|\n|t:|1783535962\n|switch|p2a: Regidrago|Regidrago, L77|435/435\n|move|p1a: Urshifu|Surging Strikes|p2a: Regidrago\n|-resisted|p2a: Regidrago\n|-crit|p2a: Regidrago\n|-damage|p2a: Regidrago|387/435\n|-resisted|p2a: Regidrago\n|-crit|p2a: Regidrago\n|-damage|p2a: Regidrago|334/435\n|-resisted|p2a: Regidrago\n|-crit|p2a: Regidrago\n|-damage|p2a: Regidrago|283/435\n|-hitcount|p2a: Regidrago|3\n|\n|upkeep\n|turn|9\n|inactive|Time left: 300 sec this turn | 300 sec total\n|\n|t:|1783535963\n|move|p1a: Urshifu|Surging Strikes|p2a: Regidrago\n|-resisted|p2a: Regidrago\n|-crit|p2a: Regidrago\n|-damage|p2a: Regidrago|236/435\n|-resisted|p2a: Regidrago\n|-crit|p2a: Regidrago\n|-damage|p2a: Regidrago|185/435\n|-resisted|p2a: Regidrago\n|-crit|p2a: Regidrago\n|-damage|p2a: Regidrago|137/435\n|-hitcount|p2a: Regidrago|3\n|move|p2a: Regidrago|Dragon Dance|p2a: Regidrago\n|-boost|p2a: Regidrago|atk|1\n|-boost|p2a: Regidrago|spe|1\n|\n|upkeep\n|turn|10\n|inactive|Time left: 300 sec this turn | 300 sec total\n|\n|t:|1783535964\n|-terastallize|p2a: Regidrago|Dragon\n|move|p2a: Regidrago|Outrage|p1a: Urshifu\n|-damage|p1a: Urshifu|0 fnt\n|faint|p1a: Urshifu\n|\n|upkeep\n|\n|t:|1783535965\n|switch|p1a: Houndstone|Houndstone, L86, M|88/100\n|turn|11\n|inactive|Time left: 300 sec this turn | 300 sec total\n|\n|t:|1783535966\n|-terastallize|p1a: Houndstone|Fairy\n|move|p2a: Regidrago|Outrage|p1a: Houndstone|[from] lockedmove\n|-immune|p1a: Houndstone\n|-start|p2a: Regidrago|confusion|[fatigue]\n|-enditem|p2a: Regidrago|Lum Berry|[eat]\n|-end|p2a: Regidrago|confusion\n|move|p1a: Houndstone|Poltergeist||[still]\n|-fail|p1a: Houndstone\n|\n|upkeep\n|turn|12\n|inactive|Time left: 300 sec this turn | 300 sec total\n|\n|t:|1783535967\n|move|p2a: Regidrago|Earthquake|p1a: Houndstone\n|-damage|p1a: Houndstone|60/100\n|move|p1a: Houndstone|Play Rough|p2a: Regidrago\n|-supereffective|p2a: Regidrago\n|-damage|p2a: Regidrago|0 fnt\n|faint|p2a: Regidrago\n|\n|upkeep\n|inactive|Time left: 300 sec this turn | 300 sec total | 5 sec grace\n|\n|t:|1783535967\n|switch|p2a: Galvantula|Galvantula, L82, M|249/249\n|turn|13\n|inactive|Time left: 300 sec this turn | 300 sec total\n|\n|t:|1783535968\n|move|p2a: Galvantula|Sticky Web|p1a: Houndstone\n|-sidestart|p1: p0x231686b|move: Sticky Web\n|move|p1a: Houndstone|Poltergeist|p2a: Galvantula\n|-activate|p2a: Galvantula|move: Poltergeist|Heavy-Duty Boots\n|-damage|p2a: Galvantula|89/249\n|\n|upkeep\n|turn|14\n|inactive|Time left: 300 sec this turn | 300 sec total\n|\n|t:|1783535969\n|move|p2a: Galvantula|Thunder|p1a: Houndstone\n|-damage|p1a: Houndstone|35/100\n|move|p1a: Houndstone|Poltergeist|p2a: Galvantula\n|-activate|p2a: Galvantula|move: Poltergeist|Heavy-Duty Boots\n|-damage|p2a: Galvantula|0 fnt\n|faint|p2a: Galvantula\n|\n|upkeep\n|inactive|Time left: 300 sec this turn | 300 sec total | 5 sec grace\n|\n|t:|1783535970\n|switch|p2a: Barraskewda|Barraskewda, L81, M|231/231\n|turn|15\n|inactive|Time left: 300 sec this turn | 300 sec total\n|\n|t:|1783535971\n|move|p2a: Barraskewda|Flip Turn|p1a: Houndstone\n|-damage|p1a: Houndstone|17/100\n|inactive|Time left: 300 sec this turn | 300 sec total | 5 sec grace\n|\n|t:|1783535972\n|switch|p2a: Venusaur|Venusaur, L84, F|37/272|[from] Flip Turn\n|move|p1a: Houndstone|Poltergeist|p2a: Venusaur\n|-activate|p2a: Venusaur|move: Poltergeist|Leftovers\n|-damage|p2a: Venusaur|0 fnt\n|faint|p2a: Venusaur\n|\n|upkeep\n|inactive|Time left: 300 sec this turn | 300 sec total | 10 sec grace\n|\n|t:|1783535973\n|switch|p2a: Barraskewda|Barraskewda, L81, M|231/231\n|turn|16\n|inactive|Time left: 300 sec this turn | 300 sec total\n|\n|t:|1783535974\n|move|p1a: Houndstone|Shadow Sneak|p2a: Barraskewda\n|-damage|p2a: Barraskewda|171/231\n|move|p2a: Barraskewda|Flip Turn|p1a: Houndstone\n|-damage|p1a: Houndstone|0 fnt\n|faint|p1a: Houndstone\n|inactive|Time left: 300 sec this turn | 300 sec total | 5 sec grace\n|\n|t:|1783535975\n|switch|p2a: Crawdaunt|Crawdaunt, L84, F|243/243|[from] Flip Turn\n|\n|upkeep\n|\n|t:|1783535975\n|switch|p1a: Bellibolt|Bellibolt, L84, M|100/100\n|-activate|p1a: Bellibolt|move: Sticky Web\n|-unboost|p1a: Bellibolt|spe|1\n|turn|17\n|inactive|Time left: 300 sec this turn | 300 sec total\n|\n|t:|1783535977\n|switch|p2a: Dusknoir|Dusknoir, L89, F|109/225\n|-item|p1a: Bellibolt|Leftovers|[from] ability: Frisk|[of] p2a: Dusknoir\n|move|p1a: Bellibolt|Thunderbolt|p2a: Dusknoir\n|-damage|p2a: Dusknoir|46/225\n|\n|-heal|p2a: Dusknoir|60/225|[from] item: Leftovers\n|upkeep\n|turn|18\n|inactive|Time left: 300 sec this turn | 300 sec total\n|\n|t:|1783535978\n|move|p2a: Dusknoir|Pain Split|p1a: Bellibolt\n|-sethp|p1a: Bellibolt|60/100|[from] move: Pain Split|[silent]\n|-sethp|p2a: Dusknoir|190/225|[from] move: Pain Split\n|move|p1a: Bellibolt|Thunderbolt|p2a: Dusknoir\n|-damage|p2a: Dusknoir|120/225\n|\n|-heal|p2a: Dusknoir|134/225|[from] item: Leftovers\n|-heal|p1a: Bellibolt|66/100|[from] item: Leftovers\n|upkeep\n|turn|19\n|inactive|Time left: 300 sec this turn | 300 sec total\n|\n|t:|1783535979\n|move|p2a: Dusknoir|Poltergeist|p1a: Bellibolt\n|-activate|p1a: Bellibolt|move: Poltergeist|Leftovers\n|-damage|p1a: Bellibolt|27/100\n|-start|p1a: Bellibolt|Charge|Poltergeist|[from] ability: Electromorphosis\n|move|p1a: Bellibolt|Slack Off|p1a: Bellibolt\n|-heal|p1a: Bellibolt|77/100\n|\n|-heal|p2a: Dusknoir|148/225|[from] item: Leftovers\n|-heal|p1a: Bellibolt|83/100|[from] item: Leftovers\n|upkeep\n|turn|20\n|inactive|Time left: 300 sec this turn | 300 sec total\n|\n|t:|1783535980\n|move|p2a: Dusknoir|Substitute|p2a: Dusknoir\n|-start|p2a: Dusknoir|Substitute\n|-damage|p2a: Dusknoir|92/225\n|move|p1a: Bellibolt|Thunderbolt|p2a: Dusknoir\n|-end|p2a: Dusknoir|Substitute\n|-end|p1a: Bellibolt|Charge|[silent]\n|\n|-heal|p2a: Dusknoir|106/225|[from] item: Leftovers\n|-heal|p1a: Bellibolt|89/100|[from] item: Leftovers\n|upkeep\n|turn|21\n|inactive|Time left: 300 sec this turn | 300 sec total\n|\n|t:|1783535981\n|move|p2a: Dusknoir|Pain Split|p1a: Bellibolt\n|-sethp|p1a: Bellibolt|61/100|[from] move: Pain Split|[silent]\n|-sethp|p2a: Dusknoir|195/225|[from] move: Pain Split\n|move|p1a: Bellibolt|Thunderbolt|p2a: Dusknoir\n|-damage|p2a: Dusknoir|123/225\n|\n|-heal|p2a: Dusknoir|137/225|[from] item: Leftovers\n|-heal|p1a: Bellibolt|68/100|[from] item: Leftovers\n|upkeep\n|turn|22\n|inactive|Time left: 300 sec this turn | 300 sec total\n|\n|t:|1783535982\n|move|p2a: Dusknoir|Poltergeist|p1a: Bellibolt\n|-activate|p1a: Bellibolt|move: Poltergeist|Leftovers\n|-damage|p1a: Bellibolt|25/100\n|-start|p1a: Bellibolt|Charge|Poltergeist|[from] ability: Electromorphosis\n|move|p1a: Bellibolt|Thunderbolt|p2a: Dusknoir\n|-damage|p2a: Dusknoir|8/225\n|-end|p1a: Bellibolt|Charge|[silent]\n|\n|-heal|p2a: Dusknoir|22/225|[from] item: Leftovers\n|-heal|p1a: Bellibolt|32/100|[from] item: Leftovers\n|upkeep\n|turn|23\n|inactive|Time left: 300 sec this turn | 300 sec total\n|\n|t:|1783535984\n|move|p2a: Dusknoir|Poltergeist|p1a: Bellibolt\n|-activate|p1a: Bellibolt|move: Poltergeist|Leftovers\n|-damage|p1a: Bellibolt|0 fnt\n|faint|p1a: Bellibolt\n|\n|-heal|p2a: Dusknoir|36/225|[from] item: Leftovers\n|upkeep\n|\n|t:|1783535985\n|switch|p1a: Luvdisc|Luvdisc, M|100/100\n|turn|24\n|inactive|Time left: 300 sec this turn | 300 sec total\n|\n|t:|1783535986\n|move|p1a: Luvdisc|Substitute|p1a: Luvdisc\n|-start|p1a: Luvdisc|Substitute\n|-damage|p1a: Luvdisc|76/100\n|move|p2a: Dusknoir|Poltergeist|p1a: Luvdisc\n|-activate|p1a: Luvdisc|move: Poltergeist|Heavy-Duty Boots\n|-end|p1a: Luvdisc|Substitute\n|\n|-heal|p2a: Dusknoir|50/225|[from] item: Leftovers\n|upkeep\n|turn|25\n|inactive|Time left: 300 sec this turn | 300 sec total\n|\n|t:|1783535987\n|move|p1a: Luvdisc|Substitute|p1a: Luvdisc\n|-start|p1a: Luvdisc|Substitute\n|-damage|p1a: Luvdisc|51/100\n|move|p2a: Dusknoir|Poltergeist|p1a: Luvdisc\n|-activate|p1a: Luvdisc|move: Poltergeist|Heavy-Duty Boots\n|-end|p1a: Luvdisc|Substitute\n|\n|-heal|p2a: Dusknoir|64/225|[from] item: Leftovers\n|upkeep\n|turn|26\n|inactive|Time left: 300 sec this turn | 300 sec total\n|\n|t:|1783535988\n|move|p1a: Luvdisc|Substitute|p1a: Luvdisc\n|-start|p1a: Luvdisc|Substitute\n|-damage|p1a: Luvdisc|26/100\n|move|p2a: Dusknoir|Poltergeist|p1a: Luvdisc\n|-activate|p1a: Luvdisc|move: Poltergeist|Heavy-Duty Boots\n|-end|p1a: Luvdisc|Substitute\n|\n|-heal|p2a: Dusknoir|78/225|[from] item: Leftovers\n|upkeep\n|turn|27\n|inactive|Time left: 300 sec this turn | 300 sec total\n|\n|t:|1783535989\n|move|p1a: Luvdisc|Substitute|p1a: Luvdisc\n|-start|p1a: Luvdisc|Substitute\n|-damage|p1a: Luvdisc|2/100\n|move|p2a: Dusknoir|Poltergeist|p1a: Luvdisc|[miss]\n|-miss|p2a: Dusknoir|p1a: Luvdisc\n|\n|-heal|p2a: Dusknoir|92/225|[from] item: Leftovers\n|upkeep\n|turn|28\n|inactive|Time left: 300 sec this turn | 300 sec total\n|\n|t:|1783535990\n|move|p1a: Luvdisc|Surf|p2a: Dusknoir\n|-damage|p2a: Dusknoir|38/225\n|move|p2a: Dusknoir|Poltergeist|p1a: Luvdisc\n|-activate|p1a: Luvdisc|move: Poltergeist|Heavy-Duty Boots\n|-end|p1a: Luvdisc|Substitute\n|\n|-heal|p2a: Dusknoir|52/225|[from] item: Leftovers\n|upkeep\n|turn|29\n|inactive|Time left: 300 sec this turn | 300 sec total\n|\n|t:|1783535991\n|switch|p2a: Barraskewda|Barraskewda, L81, M|171/231\n|move|p1a: Luvdisc|Surf|p2a: Barraskewda\n|-resisted|p2a: Barraskewda\n|-damage|p2a: Barraskewda|117/231\n|\n|upkeep\n|turn|30\n|inactive|Time left: 300 sec this turn | 300 sec total\n|\n|t:|1783535992\n|move|p2a: Barraskewda|Close Combat|p1a: Luvdisc\n|-damage|p1a: Luvdisc|0 fnt\n|-unboost|p2a: Barraskewda|def|1\n|-unboost|p2a: Barraskewda|spd|1\n|faint|p1a: Luvdisc\n|\n|win|p0y231c371", "uploadtime": 1783535992, "views": 0, "rating": 0, "private": 0, "password": null, "_winner": "p0y231c371", "_our_name": "p0y231c371"}