{"id": "battle-gen9randombattle-259", "formatid": "gen9randombattle", "format": "[Gen 9] Random Battle", "players": ["p0x259f41a", "p0y2591ad4"], "log": "|init|battle\n|title|p0x259f41a vs. p0y2591ad4\n|j|\u2606p0x259f41a\n|j|\u2606p0y2591ad4\n|t:|1783536266\n|gametype|singles\n|player|p1|p0x259f41a|266|\n|player|p2|p0y2591ad4|2|\n|gen|9\n|tier|[Gen 9] Random Battle\n|rule|Species Clause: Limit one of each Pok\u00e9mon\n|rule|HP Percentage Mod: HP is shown in percentages\n|rule|Sleep Clause Mod: Limit one foe put to sleep\n|rule|Illusion Level Mod: Illusion disguises the Pok\u00e9mon's true level\n|\n|t:|1783536266\n|teamsize|p1|6\n|teamsize|p2|6\n|start\n|switch|p1a: Bisharp|Bisharp, L79, F|232/232\n|switch|p2a: Scyther|Scyther, L82, F|100/100\n|turn|1\n|inactive|Battle timer is ON: inactive players will automatically lose when time's up. (requested by p0y2591ad4)\n|inactive|Time left: 300 sec this turn | 300 sec total | 60 sec grace\n|inactive|p0x259f41a also wants the timer to be on.\n|\n|t:|1783536268\n|move|p2a: Scyther|Swords Dance|p2a: Scyther\n|-boost|p2a: Scyther|atk|2\n|move|p1a: Bisharp|Stealth Rock|p2a: Scyther\n|-sidestart|p2: p0y2591ad4|move: Stealth Rock\n|\n|upkeep\n|turn|2\n|inactive|Time left: 300 sec this turn | 300 sec total\n|\n|t:|1783536269\n|move|p2a: Scyther|Dual Wingbeat|p1a: Bisharp|[miss]\n|-miss|p2a: Scyther|p1a: Bisharp\n|move|p1a: Bisharp|Iron Head|p2a: Scyther\n|-damage|p2a: Scyther|71/100\n|\n|upkeep\n|turn|3\n|inactive|Time left: 300 sec this turn | 300 sec total\n|\n|t:|1783536270\n|-terastallize|p1a: Bisharp|Flying\n|move|p2a: Scyther|Dual Wingbeat|p1a: Bisharp\n|-damage|p1a: Bisharp|141/232\n|-damage|p1a: Bisharp|63/232\n|-hitcount|p1a: Bisharp|2\n|move|p1a: Bisharp|Iron Head|p2a: Scyther\n|-damage|p2a: Scyther|42/100\n|\n|upkeep\n|turn|4\n|inactive|Time left: 300 sec this turn | 300 sec total\n|\n|t:|1783536271\n|move|p2a: Scyther|Dual Wingbeat|p1a: Bisharp\n|-damage|p1a: Bisharp|0 fnt\n|faint|p1a: Bisharp\n|-hitcount|p1: Bisharp|1\n|\n|upkeep\n|inactive|Time left: 300 sec this turn | 300 sec total | 5 sec grace\n|\n|t:|1783536272\n|switch|p1a: Clawitzer|Clawitzer, L87, M|265/265\n|turn|5\n|inactive|Time left: 300 sec this turn | 300 sec total\n|\n|t:|1783536274\n|move|p2a: Scyther|Dual Wingbeat|p1a: Clawitzer\n|-damage|p1a: Clawitzer|147/265\n|-damage|p1a: Clawitzer|17/265\n|-hitcount|p1a: Clawitzer|2\n|move|p1a: Clawitzer|Dragon Pulse|p2a: Scyther\n|-damage|p2a: Scyther|0 fnt\n|faint|p2a: Scyther\n|\n|upkeep\n|\n|t:|1783536275\n|switch|p2a: Koraidon|Koraidon, L64|100/100\n|-damage|p2a: Koraidon|95/100|[from] Stealth Rock\n|-weather|SunnyDay|[from] ability: Orichalcum Pulse|[of] p2a: Koraidon\n|-activate|p2a: Koraidon|Orichalcum Pulse|[source]\n|turn|6\n|inactive|Time left: 300 sec this turn | 300 sec total\n|\n|t:|1783536276\n|move|p2a: Koraidon|Scale Shot|p1a: Clawitzer\n|-damage|p1a: Clawitzer|0 fnt\n|faint|p1a: Clawitzer\n|-hitcount|p1: Clawitzer|1\n|-unboost|p2a: Koraidon|def|1\n|-boost|p2a: Koraidon|spe|1\n|\n|-weather|SunnyDay|[upkeep]\n|upkeep\n|inactive|Time left: 300 sec this turn | 300 sec total | 5 sec grace\n|\n|t:|1783536277\n|switch|p1a: Garchomp|Garchomp, L74, F|282/282\n|turn|7\n|inactive|Time left: 300 sec this turn | 300 sec total\n|\n|t:|1783536278\n|move|p2a: Koraidon|Scale Shot|p1a: Garchomp\n|-supereffective|p1a: Garchomp\n|-crit|p1a: Garchomp\n|-damage|p1a: Garchomp|184/282\n|-supereffective|p1a: Garchomp\n|-damage|p1a: Garchomp|128/282\n|-supereffective|p1a: Garchomp\n|-damage|p1a: Garchomp|72/282\n|-supereffective|p1a: Garchomp\n|-damage|p1a: Garchomp|12/282\n|-hitcount|p1a: Garchomp|4\n|-unboost|p2a: Koraidon|def|1\n|-boost|p2a: Koraidon|spe|1\n|move|p1a: Garchomp|Outrage|p2a: Koraidon\n|-supereffective|p2a: Koraidon\n|-damage|p2a: Koraidon|0 fnt\n|faint|p2a: Koraidon\n|\n|-weather|SunnyDay|[upkeep]\n|upkeep\n|\n|t:|1783536279\n|switch|p2a: Lunala|Lunala, L70|100/100\n|-damage|p2a: Lunala|88/100|[from] Stealth Rock\n|turn|8\n|inactive|Time left: 300 sec this turn | 300 sec total\n|\n|t:|1783536281\n|-terastallize|p2a: Lunala|Fairy\n|move|p1a: Garchomp|Outrage|p2a: Lunala|[from] lockedmove\n|-immune|p2a: Lunala\n|-start|p1a: Garchomp|confusion|[fatigue]\n|move|p2a: Lunala|Calm Mind|p2a: Lunala\n|-boost|p2a: Lunala|spa|1\n|-boost|p2a: Lunala|spd|1\n|\n|-weather|SunnyDay|[upkeep]\n|-heal|p2a: Lunala|94/100|[from] item: Leftovers\n|upkeep\n|turn|9\n|inactive|Time left: 300 sec this turn | 300 sec total\n|\n|t:|1783536282\n|-activate|p1a: Garchomp|confusion\n|move|p1a: Garchomp|Earthquake|p2a: Lunala\n|-damage|p2a: Lunala|55/100\n|move|p2a: Lunala|Calm Mind|p2a: Lunala\n|-boost|p2a: Lunala|spa|1\n|-boost|p2a: Lunala|spd|1\n|\n|-weather|SunnyDay|[upkeep]\n|-heal|p2a: Lunala|62/100|[from] item: Leftovers\n|upkeep\n|turn|10\n|inactive|Time left: 300 sec this turn | 300 sec total\n|\n|t:|1783536283\n|-activate|p1a: Garchomp|confusion\n|move|p1a: Garchomp|Earthquake|p2a: Lunala\n|-damage|p2a: Lunala|23/100\n|move|p2a: Lunala|Moonlight|p2a: Lunala\n|-heal|p2a: Lunala|90/100\n|\n|-weather|none\n|-heal|p2a: Lunala|96/100|[from] item: Leftovers\n|upkeep\n|turn|11\n|inactive|Time left: 300 sec this turn | 300 sec total\n|\n|t:|1783536284\n|-end|p1a: Garchomp|confusion\n|move|p1a: Garchomp|Spikes|p2a: Lunala\n|-sidestart|p2: p0y2591ad4|Spikes\n|move|p2a: Lunala|Psyshock|p1a: Garchomp\n|-damage|p1a: Garchomp|0 fnt\n|faint|p1a: Garchomp\n|\n|-heal|p2a: Lunala|100/100|[from] item: Leftovers\n|upkeep\n|inactive|Time left: 300 sec this turn | 300 sec total | 5 sec grace\n|\n|t:|1783536285\n|switch|p1a: Archaludon|Archaludon, L78, M|268/268\n|turn|12\n|inactive|Time left: 300 sec this turn | 300 sec total\n|\n|t:|1783536286\n|move|p1a: Archaludon|Thunder Wave|p2a: Lunala\n|-status|p2a: Lunala|par\n|move|p2a: Lunala|Moongeist Beam|p1a: Archaludon\n|-damage|p1a: Archaludon|0 fnt\n|faint|p1a: Archaludon\n|\n|upkeep\n|inactive|Time left: 300 sec this turn | 300 sec total | 5 sec grace\n|\n|t:|1783536287\n|switch|p1a: Polteageist|Polteageist-Antique, L78|222/222\n|turn|13\n|inactive|Time left: 300 sec this turn | 300 sec total\n|\n|t:|1783536288\n|switch|p1a: Slowbro|Slowbro, L85, M|300/300\n|move|p2a: Lunala|Moongeist Beam|p1a: Slowbro\n|-supereffective|p1a: Slowbro\n|-damage|p1a: Slowbro|0 fnt\n|faint|p1a: Slowbro\n|\n|upkeep\n|inactive|Time left: 300 sec this turn | 300 sec total | 5 sec grace\n|\n|t:|1783536289\n|switch|p1a: Polteageist|Polteageist-Antique, L78|222/222\n|turn|14\n|inactive|Time left: 300 sec this turn | 300 sec total\n|\n|t:|1783536290\n|move|p1a: Polteageist|Tera Blast|p2a: Lunala\n|-damage|p2a: Lunala|96/100 par\n|move|p2a: Lunala|Moongeist Beam|p1a: Polteageist\n|-supereffective|p1a: Polteageist\n|-damage|p1a: Polteageist|0 fnt\n|faint|p1a: Polteageist\n|\n|win|p0y2591ad4", "uploadtime": 1783536290, "views": 0, "rating": 0, "private": 0, "password": null, "_winner": "p0y2591ad4", "_our_name": "p0x259f41a"}