{"id": "battle-gen9randombattle-988", "formatid": "gen9randombattle", "format": "[Gen 9] Random Battle", "players": ["p0x9888a22", "p0y988c331"], "log": "|init|battle\n|title|p0x9888a22 vs. p0y988c331\n|j|\u2606p0x9888a22\n|j|\u2606p0y988c331\n|t:|1783550627\n|gametype|singles\n|player|p1|p0x9888a22|169|\n|player|p2|p0y988c331|265|\n|gen|9\n|tier|[Gen 9] Random Battle\n|rule|Species Clause: Limit one of each Pok\u00e9mon\n|rule|HP Percentage Mod: HP is shown in percentages\n|rule|Sleep Clause Mod: Limit one foe put to sleep\n|rule|Illusion Level Mod: Illusion disguises the Pok\u00e9mon's true level\n|\n|t:|1783550627\n|teamsize|p1|6\n|teamsize|p2|6\n|start\n|switch|p1a: Dudunsparce|Dudunsparce, L83, M|343/343\n|switch|p2a: Hoopa|Hoopa, L85|100/100\n|turn|1\n|inactive|Battle timer is ON: inactive players will automatically lose when time's up. (requested by p0x9888a22)\n|\n|t:|1783550629\n|move|p2a: Hoopa|Focus Blast|p1a: Dudunsparce\n|-supereffective|p1a: Dudunsparce\n|-damage|p1a: Dudunsparce|45/343\n|move|p1a: Dudunsparce|Shadow Ball|p2a: Hoopa\n|-supereffective|p2a: Hoopa\n|-damage|p2a: Hoopa|48/100\n|-unboost|p2a: Hoopa|spd|1\n|\n|-heal|p1a: Dudunsparce|66/343|[from] item: Leftovers\n|upkeep\n|turn|2\n|inactive|Time left: 300 sec this turn | 300 sec total\n|inactive|p0y988c331 also wants the timer to be on.\n|\n|t:|1783550630\n|move|p2a: Hoopa|Focus Blast|p1a: Dudunsparce\n|-supereffective|p1a: Dudunsparce\n|-damage|p1a: Dudunsparce|0 fnt\n|faint|p1a: Dudunsparce\n|\n|upkeep\n|inactive|Time left: 300 sec this turn | 300 sec total | 5 sec grace\n|\n|t:|1783550631\n|switch|p1a: Falinks|Falinks, L84|246/246\n|turn|3\n|inactive|Time left: 300 sec this turn | 300 sec total\n|\n|t:|1783550632\n|move|p2a: Hoopa|Focus Blast|p1a: Falinks\n|-damage|p1a: Falinks|76/246\n|move|p1a: Falinks|No Retreat|p1a: Falinks\n|-boost|p1a: Falinks|atk|1\n|-boost|p1a: Falinks|def|1\n|-boost|p1a: Falinks|spa|1\n|-boost|p1a: Falinks|spd|1\n|-boost|p1a: Falinks|spe|1\n|-start|p1a: Falinks|move: No Retreat\n|\n|upkeep\n|turn|4\n|inactive|Time left: 300 sec this turn | 300 sec total\n|\n|t:|1783550633\n|move|p1a: Falinks|Knock Off|p2a: Hoopa\n|-supereffective|p2a: Hoopa\n|-damage|p2a: Hoopa|0 fnt\n|-enditem|p2a: Hoopa|Choice Scarf|[from] move: Knock Off|[of] p1a: Falinks\n|faint|p2a: Hoopa\n|-damage|p1a: Falinks|52/246|[from] item: Life Orb\n|\n|upkeep\n|\n|t:|1783550633\n|switch|p2a: Sunflora|Sunflora, F|100/100\n|turn|5\n|inactive|Time left: 300 sec this turn | 300 sec total\n|\n|t:|1783550635\n|move|p1a: Falinks|Close Combat|p2a: Sunflora\n|-crit|p2a: Sunflora\n|-damage|p2a: Sunflora|0 fnt\n|-unboost|p1a: Falinks|def|1\n|-unboost|p1a: Falinks|spd|1\n|faint|p2a: Sunflora\n|-damage|p1a: Falinks|28/246|[from] item: Life Orb\n|\n|upkeep\n|\n|t:|1783550635\n|switch|p2a: Jumpluff|Jumpluff, L87, M|100/100\n|turn|6\n|inactive|Time left: 300 sec this turn | 300 sec total\n|\n|t:|1783550636\n|move|p1a: Falinks|Close Combat|p2a: Jumpluff\n|-resisted|p2a: Jumpluff\n|-damage|p2a: Jumpluff|51/100\n|-unboost|p1a: Falinks|def|1\n|-unboost|p1a: Falinks|spd|1\n|-damage|p1a: Falinks|4/246|[from] item: Life Orb\n|move|p2a: Jumpluff|Acrobatics|p1a: Falinks\n|-supereffective|p1a: Falinks\n|-damage|p1a: Falinks|0 fnt\n|faint|p1a: Falinks\n|\n|upkeep\n|inactive|Time left: 300 sec this turn | 300 sec total | 5 sec grace\n|\n|t:|1783550637\n|switch|p1a: Iron Jugulis|Iron Jugulis, L77|271/271\n|turn|7\n|inactive|Time left: 300 sec this turn | 300 sec total\n|\n|t:|1783550638\n|move|p2a: Jumpluff|Strength Sap|p1a: Iron Jugulis\n|-unboost|p1a: Iron Jugulis|atk|1\n|-heal|p2a: Jumpluff|100/100\n|move|p1a: Iron Jugulis|Hurricane|p2a: Jumpluff\n|-supereffective|p2a: Jumpluff\n|-damage|p2a: Jumpluff|0 fnt\n|faint|p2a: Jumpluff\n|\n|upkeep\n|\n|t:|1783550639\n|switch|p2a: Minun|Minun, L95, M|100/100\n|turn|8\n|inactive|Time left: 300 sec this turn | 300 sec total\n|\n|t:|1783550640\n|-end|p1a: Iron Jugulis|Quark Drive|[silent]\n|switch|p1a: Camerupt|Camerupt, L91, F|275/275\n|move|p2a: Minun|Nasty Plot|p2a: Minun\n|-boost|p2a: Minun|spa|2\n|\n|upkeep\n|turn|9\n|inactive|Time left: 300 sec this turn | 300 sec total\n|\n|t:|1783550640\n|-terastallize|p2a: Minun|Grass\n|move|p2a: Minun|Grass Knot|p1a: Camerupt\n|-damage|p1a: Camerupt|0 fnt\n|faint|p1a: Camerupt\n|-damage|p2a: Minun|91/100|[from] item: Life Orb\n|\n|upkeep\n|inactive|Time left: 300 sec this turn | 300 sec total | 5 sec grace\n|\n|t:|1783550641\n|switch|p1a: Gouging Fire|Gouging Fire, L74|277/277\n|turn|10\n|inactive|Time left: 300 sec this turn | 300 sec total\n|\n|t:|1783550642\n|move|p2a: Minun|Thunderbolt|p1a: Gouging Fire\n|-resisted|p1a: Gouging Fire\n|-crit|p1a: Gouging Fire\n|-damage|p1a: Gouging Fire|53/277\n|-damage|p2a: Minun|81/100|[from] item: Life Orb\n|move|p1a: Gouging Fire|Heat Crash|p2a: Minun\n|-supereffective|p2a: Minun\n|-damage|p2a: Minun|0 fnt\n|faint|p2a: Minun\n|\n|upkeep\n|\n|t:|1783550643\n|switch|p2a: Chansey|Chansey, L85, F|100/100\n|turn|11\n|inactive|Time left: 300 sec this turn | 300 sec total\n|\n|t:|1783550645\n|move|p1a: Gouging Fire|Morning Sun|p1a: Gouging Fire\n|-heal|p1a: Gouging Fire|191/277\n|move|p2a: Chansey|Seismic Toss|p1a: Gouging Fire\n|-damage|p1a: Gouging Fire|106/277\n|\n|upkeep\n|turn|12\n|inactive|Time left: 300 sec this turn | 300 sec total\n|\n|t:|1783550646\n|move|p1a: Gouging Fire|Morning Sun|p1a: Gouging Fire\n|-heal|p1a: Gouging Fire|244/277\n|move|p2a: Chansey|Seismic Toss|p1a: Gouging Fire\n|-damage|p1a: Gouging Fire|159/277\n|\n|upkeep\n|turn|13\n|inactive|Time left: 300 sec this turn | 300 sec total\n|\n|t:|1783550647\n|move|p1a: Gouging Fire|Dragon Dance|p1a: Gouging Fire\n|-boost|p1a: Gouging Fire|atk|1\n|-boost|p1a: Gouging Fire|spe|1\n|move|p2a: Chansey|Seismic Toss|p1a: Gouging Fire\n|-damage|p1a: Gouging Fire|74/277\n|\n|upkeep\n|turn|14\n|inactive|Time left: 300 sec this turn | 300 sec total\n|\n|t:|1783550648\n|move|p1a: Gouging Fire|Morning Sun|p1a: Gouging Fire\n|-heal|p1a: Gouging Fire|212/277\n|move|p2a: Chansey|Thunder Wave|p1a: Gouging Fire\n|-status|p1a: Gouging Fire|par\n|\n|upkeep\n|turn|15\n|inactive|Time left: 300 sec this turn | 300 sec total\n|\n|t:|1783550649\n|move|p2a: Chansey|Seismic Toss|p1a: Gouging Fire\n|-damage|p1a: Gouging Fire|127/277 par\n|move|p1a: Gouging Fire|Dragon Dance|p1a: Gouging Fire\n|-boost|p1a: Gouging Fire|atk|1\n|-boost|p1a: Gouging Fire|spe|1\n|\n|upkeep\n|turn|16\n|inactive|Time left: 300 sec this turn | 300 sec total\n|\n|t:|1783550650\n|move|p1a: Gouging Fire|Morning Sun|p1a: Gouging Fire\n|-heal|p1a: Gouging Fire|265/277 par\n|move|p2a: Chansey|Seismic Toss|p1a: Gouging Fire\n|-damage|p1a: Gouging Fire|180/277 par\n|\n|upkeep\n|turn|17\n|inactive|Time left: 300 sec this turn | 300 sec total\n|\n|t:|1783550651\n|move|p1a: Gouging Fire|Heat Crash|p2a: Chansey\n|-damage|p2a: Chansey|3/100\n|move|p2a: Chansey|Seismic Toss|p1a: Gouging Fire\n|-damage|p1a: Gouging Fire|95/277 par\n|\n|upkeep\n|turn|18\n|inactive|Time left: 300 sec this turn | 300 sec total\n|\n|t:|1783550652\n|-terastallize|p1a: Gouging Fire|Fairy\n|cant|p1a: Gouging Fire|par\n|move|p2a: Chansey|Stealth Rock|p1a: Gouging Fire\n|-sidestart|p1: p0x9888a22|move: Stealth Rock\n|\n|upkeep\n|turn|19\n|inactive|Time left: 300 sec this turn | 300 sec total\n|\n|t:|1783550653\n|move|p1a: Gouging Fire|Outrage|p2a: Chansey\n|-damage|p2a: Chansey|0 fnt\n|faint|p2a: Chansey\n|\n|upkeep\n|\n|t:|1783550653\n|switch|p2a: Blaziken|Blaziken, L76, F|100/100\n|turn|20\n|inactive|Time left: 300 sec this turn | 300 sec total\n|\n|t:|1783550654\n|cant|p1a: Gouging Fire|par\n|move|p2a: Blaziken|Swords Dance|p2a: Blaziken\n|-boost|p2a: Blaziken|atk|2\n|\n|-ability|p2a: Blaziken|Speed Boost|boost\n|-boost|p2a: Blaziken|spe|1\n|upkeep\n|turn|21\n|inactive|Time left: 300 sec this turn | 300 sec total\n|\n|t:|1783550655\n|move|p2a: Blaziken|Close Combat|p1a: Gouging Fire\n|-resisted|p1a: Gouging Fire\n|-damage|p1a: Gouging Fire|0 fnt\n|-unboost|p2a: Blaziken|def|1\n|-unboost|p2a: Blaziken|spd|1\n|faint|p1a: Gouging Fire\n|-end|p1a: Gouging Fire|Protosynthesis|[silent]\n|-damage|p2a: Blaziken|91/100|[from] item: Life Orb\n|\n|-ability|p2a: Blaziken|Speed Boost|boost\n|-boost|p2a: Blaziken|spe|1\n|upkeep\n|inactive|Time left: 300 sec this turn | 300 sec total | 5 sec grace\n|\n|t:|1783550656\n|switch|p1a: Scream Tail|Scream Tail, L84|330/330\n|-damage|p1a: Scream Tail|289/330|[from] Stealth Rock\n|turn|22\n|inactive|Time left: 300 sec this turn | 300 sec total\n|\n|t:|1783550657\n|move|p1a: Scream Tail|Protect|p1a: Scream Tail\n|-singleturn|p1a: Scream Tail|Protect\n|move|p2a: Blaziken|Flare Blitz|p1a: Scream Tail\n|-activate|p1a: Scream Tail|move: Protect\n|\n|-heal|p1a: Scream Tail|309/330|[from] item: Leftovers\n|-ability|p2a: Blaziken|Speed Boost|boost\n|-boost|p2a: Blaziken|spe|1\n|upkeep\n|turn|23\n|inactive|Time left: 300 sec this turn | 300 sec total\n|\n|t:|1783550657\n|move|p2a: Blaziken|Flare Blitz|p1a: Scream Tail\n|-damage|p1a: Scream Tail|35/330\n|-damage|p2a: Blaziken|54/100|[from] Recoil\n|-damage|p2a: Blaziken|45/100|[from] item: Life Orb\n|move|p1a: Scream Tail|Play Rough|p2a: Blaziken\n|-damage|p2a: Blaziken|0 fnt\n|faint|p2a: Blaziken\n|\n|win|p0x9888a22", "uploadtime": 1783550658, "views": 0, "rating": 0, "private": 0, "password": null, "_winner": "p0x9888a22", "_our_name": "p0x9888a22"}