{"id": "battle-gen9randombattle-2955", "formatid": "gen9randombattle", "format": "[Gen 9] Random Battle", "players": ["p0x295542c1", "p0y2955a739"], "log": "|init|battle\n|title|p0x295542c1 vs. p0y2955a739\n|j|\u2606p0x295542c1\n|j|\u2606p0y2955a739\n|t:|1783573053\n|gametype|singles\n|player|p1|p0x295542c1|265|\n|player|p2|p0y2955a739|102|\n|gen|9\n|tier|[Gen 9] Random Battle\n|rule|Species Clause: Limit one of each Pok\u00e9mon\n|rule|HP Percentage Mod: HP is shown in percentages\n|rule|Sleep Clause Mod: Limit one foe put to sleep\n|rule|Illusion Level Mod: Illusion disguises the Pok\u00e9mon's true level\n|\n|t:|1783573053\n|teamsize|p1|6\n|teamsize|p2|6\n|start\n|switch|p1a: Vespiquen|Vespiquen, L99, F|100/100\n|switch|p2a: Bellossom|Bellossom, L84, M|263/263\n|-ability|p1a: Vespiquen|Pressure\n|turn|1\n|inactive|Battle timer is ON: inactive players will automatically lose when time's up. (requested by p0y2955a739)\n|inactive|p0x295542c1 also wants the timer to be on.\n|\n|t:|1783573054\n|move|p1a: Vespiquen|Hurricane|p2a: Bellossom\n|-supereffective|p2a: Bellossom\n|-damage|p2a: Bellossom|0 fnt\n|faint|p2a: Bellossom\n|\n|upkeep\n|inactive|Time left: 300 sec this turn | 300 sec total | 65 sec grace\n|\n|t:|1783573055\n|switch|p2a: Typhlosion|Typhlosion, L84, M|267/267\n|turn|2\n|inactive|Time left: 300 sec this turn | 300 sec total\n|\n|t:|1783573056\n|switch|p1a: Swampert|Swampert, L83, F|100/100\n|move|p2a: Typhlosion|Eruption|p1a: Swampert\n|-resisted|p1a: Swampert\n|-damage|p1a: Swampert|55/100\n|\n|-heal|p1a: Swampert|61/100|[from] item: Leftovers\n|upkeep\n|turn|3\n|inactive|Time left: 300 sec this turn | 300 sec total\n|\n|t:|1783573058\n|move|p2a: Typhlosion|Eruption|p1a: Swampert\n|-resisted|p1a: Swampert\n|-damage|p1a: Swampert|18/100\n|move|p1a: Swampert|Earthquake|p2a: Typhlosion\n|-supereffective|p2a: Typhlosion\n|-damage|p2a: Typhlosion|0 fnt\n|faint|p2a: Typhlosion\n|\n|-heal|p1a: Swampert|24/100|[from] item: Leftovers\n|upkeep\n|inactive|Time left: 300 sec this turn | 300 sec total | 5 sec grace\n|\n|t:|1783573059\n|switch|p2a: Gengar|Gengar, L81, M|230/230\n|turn|4\n|inactive|Time left: 300 sec this turn | 300 sec total\n|\n|t:|1783573059\n|move|p2a: Gengar|Shadow Ball|p1a: Swampert\n|-damage|p1a: Swampert|0 fnt\n|faint|p1a: Swampert\n|\n|upkeep\n|\n|t:|1783573060\n|switch|p1a: Vespiquen|Vespiquen, L99, F|100/100\n|-ability|p1a: Vespiquen|Pressure\n|turn|5\n|inactive|Time left: 300 sec this turn | 300 sec total\n|\n|t:|1783573061\n|move|p2a: Gengar|Shadow Ball|p1a: Vespiquen\n|-damage|p1a: Vespiquen|65/100\n|move|p1a: Vespiquen|Hurricane|p2a: Gengar\n|-damage|p2a: Gengar|61/230\n|-start|p2a: Gengar|confusion\n|\n|upkeep\n|turn|6\n|inactive|Time left: 300 sec this turn | 300 sec total\n|\n|t:|1783573062\n|-activate|p2a: Gengar|confusion\n|move|p2a: Gengar|Shadow Ball|p1a: Vespiquen\n|-damage|p1a: Vespiquen|25/100\n|move|p1a: Vespiquen|Hurricane|p2a: Gengar\n|-damage|p2a: Gengar|0 fnt\n|faint|p2a: Gengar\n|\n|upkeep\n|inactive|Time left: 300 sec this turn | 300 sec total | 5 sec grace\n|\n|t:|1783573063\n|switch|p2a: Smeargle|Smeargle, L95, M|258/258\n|turn|7\n|inactive|Time left: 300 sec this turn | 300 sec total\n|\n|t:|1783573064\n|move|p2a: Smeargle|Spore|p1a: Vespiquen\n|-status|p1a: Vespiquen|slp|[from] move: Spore\n|cant|p1a: Vespiquen|slp\n|\n|upkeep\n|turn|8\n|inactive|Time left: 300 sec this turn | 300 sec total\n|\n|t:|1783573065\n|switch|p1a: Stonjourner|Stonjourner, L91, M|100/100\n|move|p2a: Smeargle|Shell Smash|p2a: Smeargle\n|-unboost|p2a: Smeargle|def|1\n|-unboost|p2a: Smeargle|spd|1\n|-boost|p2a: Smeargle|atk|2\n|-boost|p2a: Smeargle|spa|2\n|-boost|p2a: Smeargle|spe|2\n|\n|upkeep\n|turn|9\n|inactive|Time left: 300 sec this turn | 300 sec total\n|\n|t:|1783573066\n|move|p2a: Smeargle|Population Bomb|p1a: Stonjourner\n|-resisted|p1a: Stonjourner\n|-damage|p1a: Stonjourner|97/100\n|-resisted|p1a: Stonjourner\n|-damage|p1a: Stonjourner|94/100\n|-resisted|p1a: Stonjourner\n|-damage|p1a: Stonjourner|91/100\n|-resisted|p1a: Stonjourner\n|-damage|p1a: Stonjourner|87/100\n|-resisted|p1a: Stonjourner\n|-damage|p1a: Stonjourner|84/100\n|-resisted|p1a: Stonjourner\n|-damage|p1a: Stonjourner|81/100\n|-resisted|p1a: Stonjourner\n|-damage|p1a: Stonjourner|78/100\n|-resisted|p1a: Stonjourner\n|-damage|p1a: Stonjourner|75/100\n|-resisted|p1a: Stonjourner\n|-damage|p1a: Stonjourner|72/100\n|-resisted|p1a: Stonjourner\n|-damage|p1a: Stonjourner|69/100\n|-hitcount|p1a: Stonjourner|10\n|move|p1a: Stonjourner|Earthquake|p2a: Smeargle\n|-damage|p2a: Smeargle|0 fnt\n|faint|p2a: Smeargle\n|-damage|p1a: Stonjourner|59/100|[from] item: Life Orb\n|\n|upkeep\n|inactive|Time left: 300 sec this turn | 300 sec total | 5 sec grace\n|\n|t:|1783573067\n|switch|p2a: Dusknoir|Dusknoir, L89, M|225/225\n|-item|p1a: Stonjourner|Life Orb|[from] ability: Frisk|[of] p2a: Dusknoir\n|turn|10\n|inactive|Time left: 300 sec this turn | 300 sec total\n|\n|t:|1783573068\n|move|p1a: Stonjourner|Stone Edge|p2a: Dusknoir|[miss]\n|-miss|p1a: Stonjourner|p2a: Dusknoir\n|move|p2a: Dusknoir|Poltergeist|p1a: Stonjourner\n|-activate|p1a: Stonjourner|move: Poltergeist|Life Orb\n|-damage|p1a: Stonjourner|16/100\n|\n|upkeep\n|turn|11\n|inactive|Time left: 300 sec this turn | 300 sec total\n|\n|t:|1783573069\n|move|p1a: Stonjourner|Stone Edge|p2a: Dusknoir|[miss]\n|-miss|p1a: Stonjourner|p2a: Dusknoir\n|move|p2a: Dusknoir|Poltergeist|p1a: Stonjourner\n|-activate|p1a: Stonjourner|move: Poltergeist|Life Orb\n|-crit|p1a: Stonjourner\n|-damage|p1a: Stonjourner|0 fnt\n|faint|p1a: Stonjourner\n|\n|upkeep\n|\n|t:|1783573070\n|switch|p1a: Vileplume|Vileplume, L85, M|100/100\n|turn|12\n|inactive|Time left: 300 sec this turn | 300 sec total\n|\n|t:|1783573071\n|move|p1a: Vileplume|Sleep Powder|p2a: Dusknoir|[miss]\n|-miss|p1a: Vileplume|p2a: Dusknoir\n|move|p2a: Dusknoir|Poltergeist|p1a: Vileplume\n|-activate|p1a: Vileplume|move: Poltergeist|Leftovers\n|-damage|p1a: Vileplume|22/100\n|\n|-heal|p1a: Vileplume|28/100|[from] item: Leftovers\n|upkeep\n|turn|13\n|inactive|Time left: 300 sec this turn | 300 sec total\n|\n|t:|1783573072\n|move|p1a: Vileplume|Strength Sap|p2a: Dusknoir\n|-unboost|p2a: Dusknoir|atk|1\n|-heal|p1a: Vileplume|100/100\n|move|p2a: Dusknoir|Poltergeist|p1a: Vileplume\n|-activate|p1a: Vileplume|move: Poltergeist|Leftovers\n|-damage|p1a: Vileplume|46/100\n|\n|-heal|p1a: Vileplume|52/100|[from] item: Leftovers\n|upkeep\n|turn|14\n|inactive|Time left: 300 sec this turn | 300 sec total\n|\n|t:|1783573073\n|move|p1a: Vileplume|Strength Sap|p2a: Dusknoir\n|-unboost|p2a: Dusknoir|atk|1\n|-heal|p1a: Vileplume|100/100\n|move|p2a: Dusknoir|Poltergeist|p1a: Vileplume\n|-activate|p1a: Vileplume|move: Poltergeist|Leftovers\n|-damage|p1a: Vileplume|60/100\n|\n|-heal|p1a: Vileplume|66/100|[from] item: Leftovers\n|upkeep\n|turn|15\n|inactive|Time left: 300 sec this turn | 300 sec total\n|\n|t:|1783573074\n|move|p1a: Vileplume|Strength Sap|p2a: Dusknoir\n|-unboost|p2a: Dusknoir|atk|1\n|-heal|p1a: Vileplume|100/100\n|move|p2a: Dusknoir|Poltergeist|p1a: Vileplume\n|-activate|p1a: Vileplume|move: Poltergeist|Leftovers\n|-damage|p1a: Vileplume|69/100\n|\n|-heal|p1a: Vileplume|75/100|[from] item: Leftovers\n|upkeep\n|turn|16\n|inactive|Time left: 300 sec this turn | 300 sec total\n|\n|t:|1783573075\n|move|p1a: Vileplume|Sludge Bomb|p2a: Dusknoir\n|-resisted|p2a: Dusknoir\n|-damage|p2a: Dusknoir|187/225\n|move|p2a: Dusknoir|Poltergeist|p1a: Vileplume\n|-activate|p1a: Vileplume|move: Poltergeist|Leftovers\n|-damage|p1a: Vileplume|44/100\n|\n|-heal|p1a: Vileplume|50/100|[from] item: Leftovers\n|upkeep\n|turn|17\n|inactive|Time left: 300 sec this turn | 300 sec total\n|\n|t:|1783573076\n|move|p1a: Vileplume|Giga Drain|p2a: Dusknoir\n|-damage|p2a: Dusknoir|124/225\n|-heal|p1a: Vileplume|63/100|[from] drain|[of] p2a: Dusknoir\n|move|p2a: Dusknoir|Poltergeist|p1a: Vileplume\n|-activate|p1a: Vileplume|move: Poltergeist|Leftovers\n|-damage|p1a: Vileplume|31/100\n|\n|-heal|p1a: Vileplume|37/100|[from] item: Leftovers\n|upkeep\n|turn|18\n|inactive|Time left: 300 sec this turn | 300 sec total\n|\n|t:|1783573077\n|move|p1a: Vileplume|Strength Sap|p2a: Dusknoir\n|-unboost|p2a: Dusknoir|atk|1\n|-heal|p1a: Vileplume|71/100\n|-activate|p2a: Dusknoir|move: Struggle\n|move|p2a: Dusknoir|Struggle|p1a: Vileplume\n|-damage|p1a: Vileplume|64/100\n|-damage|p2a: Dusknoir|68/225|[from] recoil\n|\n|-heal|p1a: Vileplume|70/100|[from] item: Leftovers\n|upkeep\n|turn|19\n|inactive|Time left: 300 sec this turn | 300 sec total\n|\n|t:|1783573078\n|switch|p2a: Dialga|Dialga-Origin, L73|266/266\n|-ability|p2a: Dialga|Pressure\n|move|p1a: Vileplume|Giga Drain|p2a: Dialga\n|-resisted|p2a: Dialga\n|-damage|p2a: Dialga|247/266\n|-heal|p1a: Vileplume|74/100|[from] drain|[of] p2a: Dialga\n|\n|-heal|p1a: Vileplume|80/100|[from] item: Leftovers\n|upkeep\n|turn|20\n|inactive|Time left: 300 sec this turn | 300 sec total\n|\n|t:|1783573079\n|move|p2a: Dialga|Stealth Rock|p1a: Vileplume\n|-sidestart|p1: p0x295542c1|move: Stealth Rock\n|move|p1a: Vileplume|Strength Sap|p2a: Dialga\n|-unboost|p2a: Dialga|atk|1\n|-heal|p1a: Vileplume|100/100\n|\n|upkeep\n|turn|21\n|inactive|Time left: 300 sec this turn | 300 sec total\n|\n|t:|1783573080\n|switch|p2a: Dusknoir|Dusknoir, L89, M|68/225\n|-item|p1a: Vileplume|Leftovers|[from] ability: Frisk|[of] p2a: Dusknoir\n|move|p1a: Vileplume|Strength Sap|p2a: Dusknoir\n|-unboost|p2a: Dusknoir|atk|1\n|\n|upkeep\n|turn|22\n|inactive|Time left: 300 sec this turn | 300 sec total\n|\n|t:|1783573081\n|move|p1a: Vileplume|Giga Drain|p2a: Dusknoir\n|-damage|p2a: Dusknoir|5/225\n|move|p2a: Dusknoir|Earthquake|p1a: Vileplume\n|-damage|p1a: Vileplume|71/100\n|\n|-heal|p1a: Vileplume|77/100|[from] item: Leftovers\n|upkeep\n|turn|23\n|inactive|Time left: 300 sec this turn | 300 sec total\n|\n|t:|1783573082\n|move|p1a: Vileplume|Strength Sap|p2a: Dusknoir\n|-unboost|p2a: Dusknoir|atk|1\n|-heal|p1a: Vileplume|100/100\n|move|p2a: Dusknoir|Earthquake|p1a: Vileplume\n|-damage|p1a: Vileplume|76/100\n|\n|-heal|p1a: Vileplume|82/100|[from] item: Leftovers\n|upkeep\n|turn|24\n|inactive|Time left: 300 sec this turn | 300 sec total\n|\n|t:|1783573083\n|switch|p2a: Dialga|Dialga-Origin, L73|247/266\n|-ability|p2a: Dialga|Pressure\n|move|p1a: Vileplume|Giga Drain|p2a: Dialga\n|-resisted|p2a: Dialga\n|-damage|p2a: Dialga|226/266\n|-heal|p1a: Vileplume|87/100|[from] drain|[of] p2a: Dialga\n|\n|-heal|p1a: Vileplume|93/100|[from] item: Leftovers\n|upkeep\n|turn|25\n|inactive|Time left: 300 sec this turn | 300 sec total\n|\n|t:|1783573084\n|move|p1a: Vileplume|Strength Sap|p2a: Dialga\n|-unboost|p2a: Dialga|atk|1\n|-heal|p1a: Vileplume|100/100\n|move|p2a: Dialga|Dragon Tail|p1a: Vileplume\n|-damage|p1a: Vileplume|85/100\n|drag|p1a: Mew|Mew, L82|100/100\n|-damage|p1a: Mew|88/100|[from] Stealth Rock\n|\n|upkeep\n|turn|26\n|inactive|Time left: 300 sec this turn | 300 sec total\n|\n|t:|1783573085\n|-terastallize|p1a: Mew|Fighting\n|move|p1a: Mew|Close Combat|p2a: Dialga\n|-supereffective|p2a: Dialga\n|-damage|p2a: Dialga|0 fnt\n|-unboost|p1a: Mew|def|1\n|-unboost|p1a: Mew|spd|1\n|faint|p2a: Dialga\n|-damage|p1a: Mew|78/100|[from] item: Life Orb\n|\n|upkeep\n|inactive|Time left: 300 sec this turn | 300 sec total | 5 sec grace\n|\n|t:|1783573086\n|switch|p2a: Dusknoir|Dusknoir, L89, M|5/225\n|-item|p1a: Mew|Life Orb|[from] ability: Frisk|[of] p2a: Dusknoir\n|turn|27\n|inactive|Time left: 300 sec this turn | 300 sec total\n|\n|t:|1783573087\n|move|p2a: Dusknoir|Shadow Sneak|p1a: Mew\n|-damage|p1a: Mew|44/100\n|move|p1a: Mew|Psychic Fangs|p2a: Dusknoir\n|-damage|p2a: Dusknoir|0 fnt\n|faint|p2a: Dusknoir\n|-damage|p1a: Mew|34/100|[from] item: Life Orb\n|\n|win|p0x295542c1", "uploadtime": 1783573087, "views": 0, "rating": 0, "private": 0, "password": null, "_winner": "p0x295542c1", "_our_name": "p0y2955a739"}