{"id": "battle-gen9randombattle-2423", "formatid": "gen9randombattle", "format": "[Gen 9] Random Battle", "players": ["p0x24234c9a", "p0y2423cf46"], "log": "|init|battle\n|title|p0x24234c9a vs. p0y2423cf46\n|j|\u2606p0x24234c9a\n|j|\u2606p0y2423cf46\n|t:|1783568114\n|gametype|singles\n|player|p1|p0x24234c9a|266|\n|player|p2|p0y2423cf46|102|\n|gen|9\n|tier|[Gen 9] Random Battle\n|rule|Species Clause: Limit one of each Pok\u00e9mon\n|rule|HP Percentage Mod: HP is shown in percentages\n|rule|Sleep Clause Mod: Limit one foe put to sleep\n|rule|Illusion Level Mod: Illusion disguises the Pok\u00e9mon's true level\n|\n|t:|1783568114\n|teamsize|p1|6\n|teamsize|p2|6\n|start\n|switch|p1a: Gliscor|Gliscor, L76, M|239/239\n|switch|p2a: Orthworm|Orthworm, L88, M|100/100\n|turn|1\n|inactive|Battle timer is ON: inactive players will automatically lose when time's up. (requested by p0y2423cf46)\n|inactive|Time left: 300 sec this turn | 300 sec total | 60 sec grace\n|inactive|p0x24234c9a also wants the timer to be on.\n|\n|t:|1783568115\n|move|p1a: Gliscor|Toxic Spikes|p2a: Orthworm\n|-sidestart|p2: p0y2423cf46|move: Toxic Spikes\n|move|p2a: Orthworm|Spikes|p1a: Gliscor\n|-sidestart|p1: p0x24234c9a|Spikes\n|\n|-status|p1a: Gliscor|tox|[from] item: Toxic Orb\n|upkeep\n|turn|2\n|inactive|Time left: 300 sec this turn | 300 sec total\n|\n|t:|1783568116\n|switch|p1a: Spidops|Spidops, L96, F|271/271\n|move|p2a: Orthworm|Spikes|p1a: Spidops\n|-sidestart|p1: p0x24234c9a|Spikes\n|\n|upkeep\n|turn|3\n|inactive|Time left: 300 sec this turn | 300 sec total\n|\n|t:|1783568117\n|move|p2a: Orthworm|Heavy Slam|p1a: Spidops\n|-damage|p1a: Spidops|162/271\n|move|p1a: Spidops|Sticky Web|p2a: Orthworm\n|-sidestart|p2: p0y2423cf46|move: Sticky Web\n|\n|upkeep\n|turn|4\n|inactive|Time left: 300 sec this turn | 300 sec total\n|\n|t:|1783568118\n|move|p2a: Orthworm|Heavy Slam|p1a: Spidops\n|-damage|p1a: Spidops|48/271\n|move|p1a: Spidops|Knock Off|p2a: Orthworm\n|-damage|p2a: Orthworm|84/100\n|-enditem|p2a: Orthworm|Leftovers|[from] move: Knock Off|[of] p1a: Spidops\n|\n|upkeep\n|turn|5\n|inactive|Time left: 300 sec this turn | 300 sec total\n|\n|t:|1783568119\n|switch|p1a: Heracross|Heracross, L80, F|259/259\n|-damage|p1a: Heracross|216/259|[from] Spikes\n|move|p2a: Orthworm|Heavy Slam|p1a: Heracross\n|-crit|p1a: Heracross\n|-damage|p1a: Heracross|6/259\n|\n|-status|p1a: Heracross|brn|[from] item: Flame Orb\n|upkeep\n|turn|6\n|inactive|Time left: 300 sec this turn | 300 sec total\n|\n|t:|1783568120\n|switch|p2a: Slowking|Slowking-Galar, L85, F|100/100\n|-sideend|p2: p0y2423cf46|move: Toxic Spikes|[of] p2a: Slowking\n|-activate|p2a: Slowking|move: Sticky Web\n|-unboost|p2a: Slowking|spe|1\n|move|p1a: Heracross|Close Combat|p2a: Slowking\n|-resisted|p2a: Slowking\n|-damage|p2a: Slowking|83/100\n|-unboost|p1a: Heracross|def|1\n|-unboost|p1a: Heracross|spd|1\n|\n|-damage|p1a: Heracross|0 fnt|[from] brn\n|faint|p1a: Heracross\n|upkeep\n|inactive|Time left: 300 sec this turn | 300 sec total | 5 sec grace\n|\n|t:|1783568121\n|switch|p1a: Gliscor|Gliscor, L76, M|239/239 tox\n|turn|7\n|inactive|Time left: 300 sec this turn | 300 sec total\n|\n|t:|1783568122\n|move|p1a: Gliscor|Toxic Spikes|p2a: Slowking\n|-sidestart|p2: p0y2423cf46|move: Toxic Spikes\n|move|p2a: Slowking|Surf|p1a: Gliscor\n|-supereffective|p1a: Gliscor\n|-damage|p1a: Gliscor|67/239 tox\n|\n|-heal|p1a: Gliscor|96/239 tox|[from] ability: Poison Heal\n|upkeep\n|turn|8\n|inactive|Time left: 300 sec this turn | 300 sec total\n|\n|t:|1783568123\n|move|p1a: Gliscor|Protect|p1a: Gliscor\n|-singleturn|p1a: Gliscor|Protect\n|move|p2a: Slowking|Psychic Noise|p1a: Gliscor\n|-activate|p1a: Gliscor|move: Protect\n|\n|-heal|p1a: Gliscor|125/239 tox|[from] ability: Poison Heal\n|upkeep\n|turn|9\n|inactive|Time left: 300 sec this turn | 300 sec total\n|\n|t:|1783568124\n|move|p1a: Gliscor|Earthquake|p2a: Slowking\n|-supereffective|p2a: Slowking\n|-damage|p2a: Slowking|19/100\n|move|p2a: Slowking|Surf|p1a: Gliscor\n|-supereffective|p1a: Gliscor\n|-damage|p1a: Gliscor|0 fnt\n|faint|p1a: Gliscor\n|\n|upkeep\n|inactive|Time left: 300 sec this turn | 300 sec total | 5 sec grace\n|\n|t:|1783568125\n|switch|p1a: Latios|Latios, L78, M|253/253\n|turn|10\n|inactive|Time left: 300 sec this turn | 300 sec total\n|\n|t:|1783568126\n|switch|p2a: Granbull|Granbull, L88, M|100/100\n|-activate|p2a: Granbull|move: Sticky Web\n|-unboost|p2a: Granbull|spe|1\n|-status|p2a: Granbull|psn\n|-ability|p2a: Granbull|Intimidate|boost\n|-unboost|p1a: Latios|atk|1\n|move|p1a: Latios|Luster Purge|p2a: Granbull\n|-damage|p2a: Granbull|42/100 psn\n|\n|-heal|p2a: Granbull|48/100 psn|[from] item: Leftovers\n|-damage|p2a: Granbull|35/100 psn|[from] psn\n|upkeep\n|turn|11\n|inactive|Time left: 300 sec this turn | 300 sec total\n|\n|t:|1783568127\n|switch|p2a: Slowking|Slowking-Galar, L85, F|52/100\n|-activate|p2a: Slowking|move: Sticky Web\n|-unboost|p2a: Slowking|spe|1\n|-sideend|p2: p0y2423cf46|move: Toxic Spikes|[of] p2a: Slowking\n|move|p1a: Latios|Luster Purge|p2a: Slowking\n|-damage|p2a: Slowking|25/100\n|-unboost|p2a: Slowking|spd|1\n|\n|upkeep\n|turn|12\n|inactive|Time left: 300 sec this turn | 300 sec total\n|\n|t:|1783568129\n|switch|p2a: Diancie|Diancie, L82|100/100\n|-activate|p2a: Diancie|move: Sticky Web\n|-fail|p2a: Diancie|unboost|[from] ability: Clear Body|[of] p2a: Diancie\n|move|p1a: Latios|Luster Purge|p2a: Diancie\n|-damage|p2a: Diancie|61/100\n|\n|-heal|p2a: Diancie|67/100|[from] item: Leftovers\n|upkeep\n|turn|13\n|inactive|Time left: 300 sec this turn | 300 sec total\n|\n|t:|1783568130\n|switch|p1a: Lilligant|Lilligant, L86, F|261/261\n|-damage|p1a: Lilligant|218/261|[from] Spikes\n|move|p2a: Diancie|Draining Kiss|p1a: Lilligant\n|-damage|p1a: Lilligant|155/261\n|-heal|p2a: Diancie|89/100|[from] drain|[of] p1a: Lilligant\n|\n|-heal|p2a: Diancie|95/100|[from] item: Leftovers\n|upkeep\n|turn|14\n|inactive|Time left: 300 sec this turn | 300 sec total\n|\n|t:|1783568131\n|switch|p2a: Slowking|Slowking-Galar, L85, F|59/100\n|-activate|p2a: Slowking|move: Sticky Web\n|-unboost|p2a: Slowking|spe|1\n|move|p1a: Lilligant|Quiver Dance|p1a: Lilligant\n|-boost|p1a: Lilligant|spa|1\n|-boost|p1a: Lilligant|spd|1\n|-boost|p1a: Lilligant|spe|1\n|\n|upkeep\n|turn|15\n|inactive|Time left: 300 sec this turn | 300 sec total\n|\n|t:|1783568132\n|move|p1a: Lilligant|Sleep Powder|p2a: Slowking\n|-status|p2a: Slowking|slp|[from] move: Sleep Powder\n|cant|p2a: Slowking|slp\n|\n|upkeep\n|turn|16\n|inactive|Time left: 300 sec this turn | 300 sec total\n|\n|t:|1783568133\n|move|p1a: Lilligant|Quiver Dance|p1a: Lilligant\n|-boost|p1a: Lilligant|spa|1\n|-boost|p1a: Lilligant|spd|1\n|-boost|p1a: Lilligant|spe|1\n|cant|p2a: Slowking|slp\n|\n|upkeep\n|turn|17\n|inactive|Time left: 300 sec this turn | 300 sec total\n|\n|t:|1783568134\n|move|p1a: Lilligant|Petal Dance|p2a: Slowking\n|-resisted|p2a: Slowking\n|-damage|p2a: Slowking|21/100 slp\n|-damage|p1a: Lilligant|129/261|[from] item: Life Orb\n|cant|p2a: Slowking|slp\n|\n|upkeep\n|turn|18\n|inactive|Time left: 300 sec this turn | 300 sec total\n|\n|t:|1783568135\n|switch|p2a: Granbull|Granbull, L88, M|35/100 psn\n|-activate|p2a: Granbull|move: Sticky Web\n|-unboost|p2a: Granbull|spe|1\n|-ability|p2a: Granbull|Intimidate|boost\n|-fail|p1a: Lilligant|unboost|Attack|[from] ability: Own Tempo|[of] p1a: Lilligant\n|move|p1a: Lilligant|Petal Dance|p2a: Granbull|[from] lockedmove\n|-damage|p2a: Granbull|0 fnt\n|faint|p2a: Granbull\n|-damage|p1a: Lilligant|103/261|[from] item: Life Orb\n|\n|upkeep\n|\n|t:|1783568136\n|switch|p2a: Slowking|Slowking-Galar, L85, F|54/100 slp\n|-activate|p2a: Slowking|move: Sticky Web\n|-unboost|p2a: Slowking|spe|1\n|turn|19\n|inactive|Time left: 300 sec this turn | 300 sec total\n|\n|t:|1783568137\n|move|p1a: Lilligant|Petal Dance|p2a: Slowking|[from] lockedmove\n|-resisted|p2a: Slowking\n|-damage|p2a: Slowking|18/100 slp\n|-damage|p1a: Lilligant|77/261|[from] item: Life Orb\n|-curestatus|p2a: Slowking|slp|[msg]\n|move|p2a: Slowking|Sludge Bomb|p1a: Lilligant\n|-supereffective|p1a: Lilligant\n|-damage|p1a: Lilligant|0 fnt\n|faint|p1a: Lilligant\n|\n|upkeep\n|inactive|Time left: 300 sec this turn | 300 sec total | 5 sec grace\n|\n|t:|1783568138\n|switch|p1a: Latios|Latios, L78, M|253/253\n|turn|20\n|inactive|Time left: 300 sec this turn | 300 sec total\n|\n|t:|1783568139\n|switch|p2a: Diancie|Diancie, L82|95/100\n|-activate|p2a: Diancie|move: Sticky Web\n|-fail|p2a: Diancie|unboost|[from] ability: Clear Body|[of] p2a: Diancie\n|move|p1a: Latios|Luster Purge|p2a: Diancie\n|-damage|p2a: Diancie|51/100\n|\n|-heal|p2a: Diancie|57/100|[from] item: Leftovers\n|upkeep\n|turn|21\n|inactive|Time left: 300 sec this turn | 300 sec total\n|\n|t:|1783568140\n|move|p1a: Latios|Luster Purge|p2a: Diancie\n|-damage|p2a: Diancie|16/100\n|move|p2a: Diancie|Draining Kiss|p1a: Latios\n|-supereffective|p1a: Latios\n|-damage|p1a: Latios|161/253\n|-heal|p2a: Diancie|48/100|[from] drain|[of] p1a: Latios\n|\n|-heal|p2a: Diancie|54/100|[from] item: Leftovers\n|upkeep\n|turn|22\n|inactive|Time left: 300 sec this turn | 300 sec total\n|\n|t:|1783568141\n|move|p1a: Latios|Luster Purge|p2a: Diancie\n|-damage|p2a: Diancie|10/100\n|move|p2a: Diancie|Draining Kiss|p1a: Latios\n|-supereffective|p1a: Latios\n|-damage|p1a: Latios|63/253\n|-heal|p2a: Diancie|44/100|[from] drain|[of] p1a: Latios\n|\n|-heal|p2a: Diancie|50/100|[from] item: Leftovers\n|upkeep\n|turn|23\n|inactive|Time left: 300 sec this turn | 300 sec total\n|\n|t:|1783568143\n|move|p1a: Latios|Recover|p1a: Latios\n|-heal|p1a: Latios|190/253\n|move|p2a: Diancie|Draining Kiss|p1a: Latios\n|-supereffective|p1a: Latios\n|-damage|p1a: Latios|88/253\n|-heal|p2a: Diancie|86/100|[from] drain|[of] p1a: Latios\n|\n|-heal|p2a: Diancie|92/100|[from] item: Leftovers\n|upkeep\n|turn|24\n|inactive|Time left: 300 sec this turn | 300 sec total\n|\n|t:|1783568144\n|move|p1a: Latios|Recover|p1a: Latios\n|-heal|p1a: Latios|215/253\n|move|p2a: Diancie|Diamond Storm|p1a: Latios\n|-damage|p1a: Latios|86/253\n|-boost|p2a: Diancie|def|2\n|\n|-heal|p2a: Diancie|98/100|[from] item: Leftovers\n|upkeep\n|turn|25\n|inactive|Time left: 300 sec this turn | 300 sec total\n|\n|t:|1783568145\n|move|p1a: Latios|Recover|p1a: Latios\n|-heal|p1a: Latios|213/253\n|move|p2a: Diancie|Diamond Storm|p1a: Latios\n|-damage|p1a: Latios|93/253\n|-boost|p2a: Diancie|def|2\n|\n|-heal|p2a: Diancie|100/100|[from] item: Leftovers\n|upkeep\n|turn|26\n|inactive|Time left: 300 sec this turn | 300 sec total\n|\n|t:|1783568146\n|move|p1a: Latios|Recover|p1a: Latios\n|-heal|p1a: Latios|220/253\n|move|p2a: Diancie|Calm Mind|p2a: Diancie\n|-boost|p2a: Diancie|spa|1\n|-boost|p2a: Diancie|spd|1\n|\n|upkeep\n|turn|27\n|inactive|Time left: 300 sec this turn | 300 sec total\n|\n|t:|1783568147\n|move|p1a: Latios|Aura Sphere|p2a: Diancie\n|-damage|p2a: Diancie|88/100\n|move|p2a: Diancie|Calm Mind|p2a: Diancie\n|-boost|p2a: Diancie|spa|1\n|-boost|p2a: Diancie|spd|1\n|\n|-heal|p2a: Diancie|94/100|[from] item: Leftovers\n|upkeep\n|turn|28\n|inactive|Time left: 300 sec this turn | 300 sec total\n|\n|t:|1783568148\n|switch|p1a: Dusknoir|Dusknoir, L89, M|225/225\n|-damage|p1a: Dusknoir|188/225|[from] Spikes\n|-item|p2a: Diancie|Leftovers|[from] ability: Frisk|[of] p1a: Dusknoir\n|move|p2a: Diancie|Draining Kiss|p1a: Dusknoir\n|-damage|p1a: Dusknoir|124/225\n|-heal|p2a: Diancie|100/100|[from] drain|[of] p1a: Dusknoir\n|\n|-heal|p1a: Dusknoir|138/225|[from] item: Leftovers\n|upkeep\n|turn|29\n|inactive|Time left: 300 sec this turn | 300 sec total\n|\n|t:|1783568149\n|move|p1a: Dusknoir|Pain Split|p2a: Diancie\n|-sethp|p2a: Diancie|82/100|[from] move: Pain Split|[silent]\n|-sethp|p1a: Dusknoir|177/225|[from] move: Pain Split\n|move|p2a: Diancie|Draining Kiss|p1a: Dusknoir\n|-damage|p1a: Dusknoir|107/225\n|-heal|p2a: Diancie|100/100|[from] drain|[of] p1a: Dusknoir\n|\n|-heal|p1a: Dusknoir|121/225|[from] item: Leftovers\n|upkeep\n|turn|30\n|inactive|Time left: 300 sec this turn | 300 sec total\n|\n|t:|1783568150\n|move|p1a: Dusknoir|Pain Split|p2a: Diancie\n|-sethp|p2a: Diancie|78/100|[from] move: Pain Split|[silent]\n|-sethp|p1a: Dusknoir|168/225|[from] move: Pain Split\n|move|p2a: Diancie|Draining Kiss|p1a: Dusknoir\n|-damage|p1a: Dusknoir|96/225\n|-heal|p2a: Diancie|100/100|[from] drain|[of] p1a: Dusknoir\n|\n|-heal|p1a: Dusknoir|110/225|[from] item: Leftovers\n|upkeep\n|turn|31\n|inactive|Time left: 300 sec this turn | 300 sec total\n|\n|t:|1783568151\n|move|p1a: Dusknoir|Pain Split|p2a: Diancie\n|-sethp|p2a: Diancie|76/100|[from] move: Pain Split|[silent]\n|-sethp|p1a: Dusknoir|163/225|[from] move: Pain Split\n|move|p2a: Diancie|Draining Kiss|p1a: Dusknoir\n|-damage|p1a: Dusknoir|91/225\n|-heal|p2a: Diancie|100/100|[from] drain|[of] p1a: Dusknoir\n|\n|-heal|p1a: Dusknoir|105/225|[from] item: Leftovers\n|upkeep\n|turn|32\n|inactive|Time left: 300 sec this turn | 300 sec total\n|\n|t:|1783568152\n|move|p1a: Dusknoir|Pain Split|p2a: Diancie\n|-sethp|p2a: Diancie|75/100|[from] move: Pain Split|[silent]\n|-sethp|p1a: Dusknoir|160/225|[from] move: Pain Split\n|move|p2a: Diancie|Draining Kiss|p1a: Dusknoir\n|-damage|p1a: Dusknoir|94/225\n|-heal|p2a: Diancie|98/100|[from] drain|[of] p1a: Dusknoir\n|\n|-heal|p1a: Dusknoir|108/225|[from] item: Leftovers\n|-heal|p2a: Diancie|100/100|[from] item: Leftovers\n|upkeep\n|turn|33\n|inactive|Time left: 300 sec this turn | 300 sec total\n|\n|t:|1783568152\n|move|p1a: Dusknoir|Pain Split|p2a: Diancie\n|-sethp|p2a: Diancie|75/100|[from] move: Pain Split|[silent]\n|-sethp|p1a: Dusknoir|162/225|[from] move: Pain Split\n|move|p2a: Diancie|Draining Kiss|p1a: Dusknoir\n|-damage|p1a: Dusknoir|86/225\n|-heal|p2a: Diancie|100/100|[from] drain|[of] p1a: Dusknoir\n|\n|-heal|p1a: Dusknoir|100/225|[from] item: Leftovers\n|upkeep\n|turn|34\n|inactive|Time left: 300 sec this turn | 300 sec total\n|\n|t:|1783568153\n|move|p1a: Dusknoir|Pain Split|p2a: Diancie\n|-sethp|p2a: Diancie|74/100|[from] move: Pain Split|[silent]\n|-sethp|p1a: Dusknoir|158/225|[from] move: Pain Split\n|move|p2a: Diancie|Draining Kiss|p1a: Dusknoir\n|-damage|p1a: Dusknoir|92/225\n|-heal|p2a: Diancie|97/100|[from] drain|[of] p1a: Dusknoir\n|\n|-heal|p1a: Dusknoir|106/225|[from] item: Leftovers\n|-heal|p2a: Diancie|100/100|[from] item: Leftovers\n|upkeep\n|turn|35\n|inactive|Time left: 300 sec this turn | 300 sec total\n|\n|t:|1783568154\n|move|p1a: Dusknoir|Pain Split|p2a: Diancie\n|-sethp|p2a: Diancie|75/100|[from] move: Pain Split|[silent]\n|-sethp|p1a: Dusknoir|161/225|[from] move: Pain Split\n|move|p2a: Diancie|Calm Mind|p2a: Diancie\n|-boost|p2a: Diancie|spa|1\n|-boost|p2a: Diancie|spd|1\n|\n|-heal|p1a: Dusknoir|175/225|[from] item: Leftovers\n|-heal|p2a: Diancie|81/100|[from] item: Leftovers\n|upkeep\n|turn|36\n|inactive|Time left: 300 sec this turn | 300 sec total\n|\n|t:|1783568154\n|move|p1a: Dusknoir|Substitute|p1a: Dusknoir\n|-start|p1a: Dusknoir|Substitute\n|-damage|p1a: Dusknoir|119/225\n|move|p2a: Diancie|Draining Kiss|p1a: Dusknoir\n|-end|p1a: Dusknoir|Substitute\n|-heal|p2a: Diancie|100/100|[from] drain|[of] p1a: Dusknoir\n|\n|-heal|p1a: Dusknoir|133/225|[from] item: Leftovers\n|upkeep\n|turn|37\n|inactive|Time left: 300 sec this turn | 300 sec total\n|\n|t:|1783568155\n|move|p1a: Dusknoir|Substitute|p1a: Dusknoir\n|-start|p1a: Dusknoir|Substitute\n|-damage|p1a: Dusknoir|77/225\n|move|p2a: Diancie|Earth Power|p1a: Dusknoir\n|-end|p1a: Dusknoir|Substitute\n|\n|-heal|p1a: Dusknoir|91/225|[from] item: Leftovers\n|upkeep\n|turn|38\n|inactive|Time left: 300 sec this turn | 300 sec total\n|\n|t:|1783568156\n|move|p1a: Dusknoir|Pain Split|p2a: Diancie\n|-sethp|p2a: Diancie|71/100|[from] move: Pain Split|[silent]\n|-sethp|p1a: Dusknoir|153/225|[from] move: Pain Split\n|move|p2a: Diancie|Earth Power|p1a: Dusknoir\n|-damage|p1a: Dusknoir|47/225\n|-unboost|p1a: Dusknoir|spd|1\n|\n|-heal|p1a: Dusknoir|61/225|[from] item: Leftovers\n|-heal|p2a: Diancie|77/100|[from] item: Leftovers\n|upkeep\n|turn|39\n|inactive|Time left: 300 sec this turn | 300 sec total\n|\n|t:|1783568157\n|move|p1a: Dusknoir|Substitute|p1a: Dusknoir\n|-start|p1a: Dusknoir|Substitute\n|-damage|p1a: Dusknoir|5/225\n|move|p2a: Diancie|Draining Kiss|p1a: Dusknoir\n|-end|p1a: Dusknoir|Substitute\n|-heal|p2a: Diancie|97/100|[from] drain|[of] p1a: Dusknoir\n|\n|-heal|p1a: Dusknoir|19/225|[from] item: Leftovers\n|-heal|p2a: Diancie|100/100|[from] item: Leftovers\n|upkeep\n|turn|40\n|inactive|Time left: 300 sec this turn | 300 sec total\n|\n|t:|1783568158\n|move|p1a: Dusknoir|Pain Split|p2a: Diancie\n|-sethp|p2a: Diancie|55/100|[from] move: Pain Split|[silent]\n|-sethp|p1a: Dusknoir|117/225|[from] move: Pain Split\n|move|p2a: Diancie|Draining Kiss|p1a: Dusknoir\n|-damage|p1a: Dusknoir|0 fnt\n|-heal|p2a: Diancie|95/100|[from] drain|[of] p1a: Dusknoir\n|faint|p1a: Dusknoir\n|\n|-heal|p2a: Diancie|100/100|[from] item: Leftovers\n|upkeep\n|inactive|Time left: 300 sec this turn | 300 sec total | 5 sec grace\n|\n|t:|1783568158\n|switch|p1a: Spidops|Spidops, L96, F|48/271\n|turn|41\n|inactive|Time left: 300 sec this turn | 300 sec total\n|\n|t:|1783568160\n|switch|p1a: Latios|Latios, L78, M|220/253\n|move|p2a: Diancie|Draining Kiss|p1a: Latios\n|-supereffective|p1a: Latios\n|-damage|p1a: Latios|0 fnt\n|faint|p1a: Latios\n|\n|upkeep\n|inactive|Time left: 300 sec this turn | 300 sec total | 5 sec grace\n|\n|t:|1783568160\n|switch|p1a: Spidops|Spidops, L96, F|48/271\n|turn|42\n|inactive|Time left: 300 sec this turn | 300 sec total\n|\n|t:|1783568161\n|-terastallize|p2a: Diancie|Water\n|-terastallize|p1a: Spidops|Ghost\n|move|p2a: Diancie|Draining Kiss|p1a: Spidops\n|-damage|p1a: Spidops|0 fnt\n|faint|p1a: Spidops\n|\n|win|p0y2423cf46", "uploadtime": 1783568161, "views": 0, "rating": 0, "private": 0, "password": null, "_winner": "p0y2423cf46", "_our_name": "p0x24234c9a"}