{"id": "battle-gen9randombattle-2561", "formatid": "gen9randombattle", "format": "[Gen 9] Random Battle", "players": ["p0x2561e073", "p0y2561085c"], "log": "|init|battle\n|title|p0x2561e073 vs. p0y2561085c\n|j|\u2606p0x2561e073\n|j|\u2606p0y2561085c\n|t:|1783568663\n|gametype|singles\n|player|p1|p0x2561e073|265|\n|player|p2|p0y2561085c|102|\n|gen|9\n|tier|[Gen 9] Random Battle\n|rule|Species Clause: Limit one of each Pok\u00e9mon\n|rule|HP Percentage Mod: HP is shown in percentages\n|rule|Sleep Clause Mod: Limit one foe put to sleep\n|rule|Illusion Level Mod: Illusion disguises the Pok\u00e9mon's true level\n|\n|t:|1783568663\n|teamsize|p1|6\n|teamsize|p2|6\n|start\n|switch|p1a: Mesprit|Mesprit, L85|100/100\n|switch|p2a: Lunala|Lunala, L70|308/308\n|turn|1\n|inactive|Battle timer is ON: inactive players will automatically lose when time's up. (requested by p0x2561e073)\n|inactive|Time left: 300 sec this turn | 300 sec total | 60 sec grace\n|inactive|p0y2561085c also wants the timer to be on.\n|\n|t:|1783568665\n|move|p1a: Mesprit|Knock Off|p2a: Lunala\n|-supereffective|p2a: Lunala\n|-damage|p2a: Lunala|124/308\n|-enditem|p2a: Lunala|Leftovers|[from] move: Knock Off|[of] p1a: Mesprit\n|move|p2a: Lunala|Calm Mind|p2a: Lunala\n|-boost|p2a: Lunala|spa|1\n|-boost|p2a: Lunala|spd|1\n|\n|upkeep\n|turn|2\n|inactive|Time left: 300 sec this turn | 300 sec total\n|\n|t:|1783568666\n|move|p1a: Mesprit|Knock Off|p2a: Lunala\n|-supereffective|p2a: Lunala\n|-damage|p2a: Lunala|0 fnt\n|faint|p2a: Lunala\n|\n|upkeep\n|inactive|Time left: 300 sec this turn | 300 sec total | 5 sec grace\n|\n|t:|1783568668\n|switch|p2a: Vivillon|Vivillon-Marine, L83, M|268/268\n|turn|3\n|inactive|Time left: 300 sec this turn | 300 sec total\n|\n|t:|1783568669\n|move|p2a: Vivillon|Sleep Powder|p1a: Mesprit\n|-status|p1a: Mesprit|slp|[from] move: Sleep Powder\n|cant|p1a: Mesprit|slp\n|\n|upkeep\n|turn|4\n|inactive|Time left: 300 sec this turn | 300 sec total\n|\n|t:|1783568670\n|switch|p1a: Thundurus|Thundurus-Therian, L80, M|100/100\n|move|p2a: Vivillon|Quiver Dance|p2a: Vivillon\n|-boost|p2a: Vivillon|spa|1\n|-boost|p2a: Vivillon|spd|1\n|-boost|p2a: Vivillon|spe|1\n|\n|upkeep\n|turn|5\n|inactive|Time left: 300 sec this turn | 300 sec total\n|\n|t:|1783568671\n|move|p2a: Vivillon|Quiver Dance|p2a: Vivillon\n|-boost|p2a: Vivillon|spa|1\n|-boost|p2a: Vivillon|spd|1\n|-boost|p2a: Vivillon|spe|1\n|move|p1a: Thundurus|Thunderbolt|p2a: Vivillon\n|-supereffective|p2a: Vivillon\n|-damage|p2a: Vivillon|0 fnt\n|faint|p2a: Vivillon\n|\n|upkeep\n|inactive|Time left: 300 sec this turn | 300 sec total | 5 sec grace\n|\n|t:|1783568672\n|switch|p2a: Porygon-Z|Porygon-Z, L83|277/277\n|turn|6\n|inactive|Time left: 300 sec this turn | 300 sec total\n|\n|t:|1783568673\n|move|p2a: Porygon-Z|Tri Attack|p1a: Thundurus\n|-damage|p1a: Thundurus|34/100\n|-status|p1a: Thundurus|brn\n|move|p1a: Thundurus|Thunderbolt|p2a: Porygon-Z\n|-damage|p2a: Porygon-Z|52/277\n|\n|-damage|p1a: Thundurus|28/100 brn|[from] brn\n|upkeep\n|turn|7\n|inactive|Time left: 300 sec this turn | 300 sec total\n|\n|t:|1783568674\n|switch|p1a: Mimikyu|Mimikyu, L79, M|100/100\n|move|p2a: Porygon-Z|Tri Attack|p1a: Mimikyu\n|-immune|p1a: Mimikyu\n|\n|upkeep\n|turn|8\n|inactive|Time left: 300 sec this turn | 300 sec total\n|\n|t:|1783568675\n|move|p2a: Porygon-Z|Tri Attack|p1a: Mimikyu\n|-immune|p1a: Mimikyu\n|move|p1a: Mimikyu|Swords Dance|p1a: Mimikyu\n|-boost|p1a: Mimikyu|atk|2\n|\n|upkeep\n|turn|9\n|inactive|Time left: 300 sec this turn | 300 sec total\n|\n|t:|1783568676\n|move|p2a: Porygon-Z|Tri Attack|p1a: Mimikyu\n|-immune|p1a: Mimikyu\n|move|p1a: Mimikyu|Swords Dance|p1a: Mimikyu\n|-boost|p1a: Mimikyu|atk|2\n|\n|upkeep\n|turn|10\n|inactive|Time left: 300 sec this turn | 300 sec total\n|\n|t:|1783568676\n|move|p2a: Porygon-Z|Tri Attack|p1a: Mimikyu\n|-immune|p1a: Mimikyu\n|move|p1a: Mimikyu|Swords Dance|p1a: Mimikyu\n|-boost|p1a: Mimikyu|atk|2\n|\n|upkeep\n|turn|11\n|inactive|Time left: 300 sec this turn | 300 sec total\n|\n|t:|1783568677\n|move|p2a: Porygon-Z|Tri Attack|p1a: Mimikyu\n|-immune|p1a: Mimikyu\n|move|p1a: Mimikyu|Play Rough|p2a: Porygon-Z|[miss]\n|-miss|p1a: Mimikyu|p2a: Porygon-Z\n|\n|upkeep\n|turn|12\n|inactive|Time left: 300 sec this turn | 300 sec total\n|\n|t:|1783568678\n|move|p2a: Porygon-Z|Tri Attack|p1a: Mimikyu\n|-immune|p1a: Mimikyu\n|move|p1a: Mimikyu|Play Rough|p2a: Porygon-Z\n|-damage|p2a: Porygon-Z|0 fnt\n|faint|p2a: Porygon-Z\n|-damage|p1a: Mimikyu|91/100|[from] item: Life Orb\n|\n|upkeep\n|inactive|Time left: 300 sec this turn | 300 sec total | 5 sec grace\n|\n|t:|1783568679\n|switch|p2a: Brute Bonnet|Brute Bonnet, L80|309/309\n|turn|13\n|inactive|Time left: 300 sec this turn | 300 sec total\n|\n|t:|1783568680\n|move|p2a: Brute Bonnet|Sucker Punch|p1a: Mimikyu\n|-activate|p1a: Mimikyu|ability: Disguise\n|-damage|p1a: Mimikyu|91/100\n|detailschange|p1a: Mimikyu|Mimikyu-Busted, L79, M\n|-damage|p1a: Mimikyu|78/100|[from] pokemon: Mimikyu-Busted\n|move|p1a: Mimikyu|Play Rough|p2a: Brute Bonnet|[miss]\n|-miss|p1a: Mimikyu|p2a: Brute Bonnet\n|\n|upkeep\n|turn|14\n|inactive|Time left: 300 sec this turn | 300 sec total\n|\n|t:|1783568681\n|-terastallize|p2a: Brute Bonnet|Poison\n|move|p1a: Mimikyu|Play Rough|p2a: Brute Bonnet|[miss]\n|-miss|p1a: Mimikyu|p2a: Brute Bonnet\n|move|p2a: Brute Bonnet|Crunch|p1a: Mimikyu\n|-damage|p1a: Mimikyu|25/100\n|\n|upkeep\n|turn|15\n|inactive|Time left: 300 sec this turn | 300 sec total\n|\n|t:|1783568682\n|move|p1a: Mimikyu|Shadow Sneak|p2a: Brute Bonnet\n|-damage|p2a: Brute Bonnet|130/309\n|-damage|p1a: Mimikyu|16/100|[from] item: Life Orb\n|move|p2a: Brute Bonnet|Crunch|p1a: Mimikyu\n|-damage|p1a: Mimikyu|0 fnt\n|faint|p1a: Mimikyu\n|\n|-heal|p2a: Brute Bonnet|149/309|[from] item: Leftovers\n|upkeep\n|\n|t:|1783568683\n|switch|p1a: Eiscue|Eiscue, L88, M|100/100\n|turn|16\n|inactive|Time left: 300 sec this turn | 300 sec total\n|\n|t:|1783568684\n|move|p1a: Eiscue|Belly Drum|p1a: Eiscue\n|-damage|p1a: Eiscue|50/100\n|-setboost|p1a: Eiscue|atk|6|[from] move: Belly Drum\n|-enditem|p1a: Eiscue|Sitrus Berry|[eat]\n|-heal|p1a: Eiscue|75/100|[from] item: Sitrus Berry\n|move|p2a: Brute Bonnet|Crunch|p1a: Eiscue\n|-activate|p1a: Eiscue|ability: Ice Face\n|-damage|p1a: Eiscue|75/100\n|detailschange|p1a: Eiscue|Eiscue-Noice, L88, M\n|\n|-heal|p2a: Brute Bonnet|168/309|[from] item: Leftovers\n|upkeep\n|turn|17\n|inactive|Time left: 300 sec this turn | 300 sec total\n|\n|t:|1783568685\n|move|p2a: Brute Bonnet|Sucker Punch|p1a: Eiscue\n|-damage|p1a: Eiscue|41/100\n|move|p1a: Eiscue|Liquidation|p2a: Brute Bonnet\n|-damage|p2a: Brute Bonnet|0 fnt\n|faint|p2a: Brute Bonnet\n|-end|p2a: Brute Bonnet|Protosynthesis|[silent]\n|\n|upkeep\n|inactive|Time left: 300 sec this turn | 300 sec total | 5 sec grace\n|\n|t:|1783568686\n|switch|p2a: Cobalion|Cobalion, L80|277/277\n|turn|18\n|inactive|Time left: 300 sec this turn | 300 sec total\n|\n|t:|1783568687\n|-terastallize|p1a: Eiscue|Ground\n|move|p1a: Eiscue|Tera Blast|p2a: Cobalion|[anim] Tera Blast Ground\n|-supereffective|p2a: Cobalion\n|-damage|p2a: Cobalion|0 fnt\n|faint|p2a: Cobalion\n|\n|upkeep\n|inactive|Time left: 300 sec this turn | 300 sec total | 5 sec grace\n|\n|t:|1783568688\n|switch|p2a: Pikachu|Pikachu-Alola, L93, F|216/216\n|turn|19\n|inactive|Time left: 300 sec this turn | 300 sec total\n|\n|t:|1783568688\n|move|p2a: Pikachu|Fake Out|p1a: Eiscue\n|-damage|p1a: Eiscue|21/100\n|cant|p1a: Eiscue|flinch\n|\n|upkeep\n|turn|20\n|inactive|Time left: 300 sec this turn | 300 sec total\n|\n|t:|1783568689\n|move|p1a: Eiscue|Liquidation|p2a: Pikachu\n|-damage|p2a: Pikachu|0 fnt\n|faint|p2a: Pikachu\n|\n|win|p0x2561e073", "uploadtime": 1783568689, "views": 0, "rating": 0, "private": 0, "password": null, "_winner": "p0x2561e073", "_our_name": "p0y2561085c"}