{"id": "battle-gen9randombattle-339", "formatid": "gen9randombattle", "format": "[Gen 9] Random Battle", "players": ["p0x3392cfe", "p0y3397d9e"], "log": "|init|battle\n|title|p0x3392cfe vs. p0y3397d9e\n|j|\u2606p0x3392cfe\n|j|\u2606p0y3397d9e\n|t:|1783543581\n|gametype|singles\n|player|p1|p0x3392cfe|101|\n|player|p2|p0y3397d9e|101|\n|gen|9\n|tier|[Gen 9] Random Battle\n|rule|Species Clause: Limit one of each Pok\u00e9mon\n|rule|HP Percentage Mod: HP is shown in percentages\n|rule|Sleep Clause Mod: Limit one foe put to sleep\n|rule|Illusion Level Mod: Illusion disguises the Pok\u00e9mon's true level\n|\n|t:|1783543581\n|teamsize|p1|6\n|teamsize|p2|6\n|start\n|switch|p1a: Glastrier|Glastrier, L86|311/311\n|switch|p2a: Cyclizar|Cyclizar, L84, M|100/100\n|turn|1\n|inactive|Battle timer is ON: inactive players will automatically lose when time's up. (requested by p0x3392cfe)\n|inactive|p0y3397d9e also wants the timer to be on.\n|\n|t:|1783543583\n|move|p2a: Cyclizar|Shed Tail|p2a: Cyclizar\n|-start|p2a: Cyclizar|Substitute|[from] move: Shed Tail\n|-damage|p2a: Cyclizar|50/100\n|\n|t:|1783543584\n|switch|p2a: Sandslash|Sandslash-Alola, L88, M|100/100|[from] Shed Tail\n|move|p1a: Glastrier|Heavy Slam|p2a: Sandslash\n|-end|p2a: Sandslash|Substitute\n|\n|upkeep\n|turn|2\n|inactive|Time left: 300 sec this turn | 300 sec total\n|\n|t:|1783543586\n|move|p2a: Sandslash|Swords Dance|p2a: Sandslash\n|-boost|p2a: Sandslash|atk|2\n|move|p1a: Glastrier|Heavy Slam|p2a: Sandslash\n|-damage|p2a: Sandslash|50/100\n|\n|upkeep\n|turn|3\n|inactive|Time left: 300 sec this turn | 300 sec total\n|\n|t:|1783543587\n|switch|p2a: Ludicolo|Ludicolo, L90, F|100/100\n|move|p1a: Glastrier|Heavy Slam|p2a: Ludicolo\n|-resisted|p2a: Ludicolo\n|-damage|p2a: Ludicolo|65/100\n|\n|upkeep\n|turn|4\n|inactive|Time left: 300 sec this turn | 300 sec total\n|\n|t:|1783543588\n|move|p2a: Ludicolo|Hydro Pump|p1a: Glastrier\n|-damage|p1a: Glastrier|182/311\n|-damage|p2a: Ludicolo|55/100|[from] item: Life Orb\n|move|p1a: Glastrier|Heavy Slam|p2a: Ludicolo\n|-resisted|p2a: Ludicolo\n|-damage|p2a: Ludicolo|21/100\n|\n|upkeep\n|turn|5\n|inactive|Time left: 300 sec this turn | 300 sec total\n|\n|t:|1783543589\n|move|p2a: Ludicolo|Hydro Pump|p1a: Glastrier\n|-damage|p1a: Glastrier|53/311\n|-damage|p2a: Ludicolo|11/100|[from] item: Life Orb\n|move|p1a: Glastrier|Heavy Slam|p2a: Ludicolo\n|-resisted|p2a: Ludicolo\n|-damage|p2a: Ludicolo|0 fnt\n|faint|p2a: Ludicolo\n|-ability|p1a: Glastrier|Chilling Neigh|boost\n|-boost|p1a: Glastrier|atk|1\n|\n|upkeep\n|\n|t:|1783543591\n|switch|p2a: Flutter Mane|Flutter Mane, L74|100/100\n|turn|6\n|inactive|Time left: 300 sec this turn | 300 sec total\n|\n|t:|1783543592\n|switch|p1a: Garganacl|Garganacl, L80, F|291/291\n|move|p2a: Flutter Mane|Moonblast|p1a: Garganacl\n|-damage|p1a: Garganacl|120/291\n|\n|-heal|p1a: Garganacl|138/291|[from] item: Leftovers\n|upkeep\n|turn|7\n|inactive|Time left: 300 sec this turn | 300 sec total\n|\n|t:|1783543593\n|switch|p1a: Glastrier|Glastrier, L86|53/311\n|move|p2a: Flutter Mane|Moonblast|p1a: Glastrier\n|-damage|p1a: Glastrier|0 fnt\n|faint|p1a: Glastrier\n|\n|upkeep\n|inactive|Time left: 300 sec this turn | 300 sec total | 5 sec grace\n|\n|t:|1783543594\n|switch|p1a: Lycanroc|Lycanroc, L86, F|269/269\n|turn|8\n|inactive|Time left: 300 sec this turn | 300 sec total\n|\n|t:|1783543595\n|move|p2a: Flutter Mane|Moonblast|p1a: Lycanroc\n|-damage|p1a: Lycanroc|88/269\n|move|p1a: Lycanroc|Stone Edge|p2a: Flutter Mane|[miss]\n|-miss|p1a: Lycanroc|p2a: Flutter Mane\n|\n|upkeep\n|turn|9\n|inactive|Time left: 300 sec this turn | 300 sec total\n|\n|t:|1783543596\n|switch|p1a: Pincurchin|Pincurchin, F|258/258\n|-fieldstart|move: Electric Terrain|[from] ability: Electric Surge|[of] p1a: Pincurchin\n|move|p2a: Flutter Mane|Moonblast|p1a: Pincurchin\n|-damage|p1a: Pincurchin|134/258\n|\n|-heal|p1a: Pincurchin|150/258|[from] item: Leftovers\n|upkeep\n|turn|10\n|inactive|Time left: 300 sec this turn | 300 sec total\n|\n|t:|1783543598\n|-terastallize|p2a: Flutter Mane|Fairy\n|move|p2a: Flutter Mane|Moonblast|p1a: Pincurchin\n|-damage|p1a: Pincurchin|0 fnt\n|faint|p1a: Pincurchin\n|\n|upkeep\n|inactive|Time left: 300 sec this turn | 300 sec total | 5 sec grace\n|\n|t:|1783543598\n|switch|p1a: Lokix|Lokix, L82, M|251/251\n|turn|11\n|inactive|Time left: 300 sec this turn | 300 sec total\n|\n|t:|1783543599\n|-terastallize|p1a: Lokix|Bug\n|move|p1a: Lokix|First Impression|p2a: Flutter Mane\n|-resisted|p2a: Flutter Mane\n|-damage|p2a: Flutter Mane|0 fnt\n|faint|p2a: Flutter Mane\n|-end|p2a: Flutter Mane|Protosynthesis|[silent]\n|-damage|p1a: Lokix|226/251|[from] item: Life Orb\n|\n|upkeep\n|\n|t:|1783543600\n|switch|p2a: Charizard|Charizard, L85, F|100/100\n|turn|12\n|inactive|Time left: 300 sec this turn | 300 sec total\n|\n|t:|1783543601\n|switch|p1a: Flygon|Flygon, L82, M|265/265\n|move|p2a: Charizard|Flare Blitz|p1a: Flygon\n|-resisted|p1a: Flygon\n|-crit|p1a: Flygon\n|-damage|p1a: Flygon|160/265\n|-damage|p2a: Charizard|88/100|[from] Recoil\n|\n|upkeep\n|turn|13\n|inactive|Time left: 300 sec this turn | 300 sec total\n|\n|t:|1783543601\n|move|p2a: Charizard|Outrage|p1a: Flygon\n|-supereffective|p1a: Flygon\n|-crit|p1a: Flygon\n|-damage|p1a: Flygon|0 fnt\n|faint|p1a: Flygon\n|\n|-fieldend|move: Electric Terrain\n|upkeep\n|inactive|Time left: 300 sec this turn | 300 sec total | 5 sec grace\n|\n|t:|1783543602\n|switch|p1a: Garganacl|Garganacl, L80, F|138/291\n|turn|14\n|inactive|Time left: 300 sec this turn | 300 sec total\n|\n|t:|1783543603\n|move|p2a: Charizard|Outrage|p1a: Garganacl|[from] lockedmove\n|-damage|p1a: Garganacl|76/291\n|move|p1a: Garganacl|Salt Cure|p2a: Charizard\n|-supereffective|p2a: Charizard\n|-damage|p2a: Charizard|24/100\n|-start|p2a: Charizard|Salt Cure\n|\n|-heal|p1a: Garganacl|94/291|[from] item: Leftovers\n|-damage|p2a: Charizard|12/100|[from] Salt Cure\n|upkeep\n|turn|15\n|inactive|Time left: 300 sec this turn | 300 sec total\n|\n|t:|1783543604\n|move|p2a: Charizard|Outrage|p1a: Garganacl|[from] lockedmove\n|-damage|p1a: Garganacl|36/291\n|-start|p2a: Charizard|confusion|[fatigue]\n|move|p1a: Garganacl|Recover|p1a: Garganacl\n|-heal|p1a: Garganacl|182/291\n|\n|-heal|p1a: Garganacl|200/291|[from] item: Leftovers\n|-damage|p2a: Charizard|0 fnt|[from] Salt Cure\n|faint|p2a: Charizard\n|upkeep\n|\n|t:|1783543605\n|switch|p2a: Sceptile|Sceptile, L87, F|100/100\n|turn|16\n|inactive|Time left: 300 sec this turn | 300 sec total\n|\n|t:|1783543606\n|switch|p1a: Lokix|Lokix, L82, M, tera:Bug|226/251\n|move|p2a: Sceptile|Substitute|p2a: Sceptile\n|-start|p2a: Sceptile|Substitute\n|-damage|p2a: Sceptile|75/100\n|\n|-heal|p2a: Sceptile|82/100|[from] item: Leftovers\n|upkeep\n|turn|17\n|inactive|Time left: 300 sec this turn | 300 sec total\n|\n|t:|1783543606\n|move|p2a: Sceptile|Leech Seed|p1a: Lokix\n|-start|p1a: Lokix|move: Leech Seed\n|move|p1a: Lokix|Leech Life|p2a: Sceptile\n|-supereffective|p2a: Sceptile\n|-end|p2a: Sceptile|Substitute\n|-heal|p1a: Lokix|251/251|[from] drain|[of] p2a: Sceptile\n|-damage|p1a: Lokix|226/251|[from] item: Life Orb\n|\n|-heal|p2a: Sceptile|88/100|[from] item: Leftovers\n|-damage|p1a: Lokix|195/251|[from] Leech Seed|[of] p2a: Sceptile\n|-heal|p2a: Sceptile|99/100|[silent]\n|upkeep\n|turn|18\n|inactive|Time left: 300 sec this turn | 300 sec total\n|\n|t:|1783543607\n|move|p2a: Sceptile|Substitute|p2a: Sceptile\n|-start|p2a: Sceptile|Substitute\n|-damage|p2a: Sceptile|74/100\n|move|p1a: Lokix|Leech Life|p2a: Sceptile\n|-supereffective|p2a: Sceptile\n|-end|p2a: Sceptile|Substitute\n|-heal|p1a: Lokix|228/251|[from] drain|[of] p2a: Sceptile\n|-damage|p1a: Lokix|203/251|[from] item: Life Orb\n|\n|-heal|p2a: Sceptile|80/100|[from] item: Leftovers\n|-damage|p1a: Lokix|172/251|[from] Leech Seed|[of] p2a: Sceptile\n|-heal|p2a: Sceptile|92/100|[silent]\n|upkeep\n|turn|19\n|inactive|Time left: 300 sec this turn | 300 sec total\n|\n|t:|1783543608\n|move|p2a: Sceptile|Substitute|p2a: Sceptile\n|-start|p2a: Sceptile|Substitute\n|-damage|p2a: Sceptile|67/100\n|move|p1a: Lokix|Leech Life|p2a: Sceptile\n|-supereffective|p2a: Sceptile\n|-end|p2a: Sceptile|Substitute\n|-heal|p1a: Lokix|205/251|[from] drain|[of] p2a: Sceptile\n|-damage|p1a: Lokix|180/251|[from] item: Life Orb\n|\n|-heal|p2a: Sceptile|73/100|[from] item: Leftovers\n|-damage|p1a: Lokix|149/251|[from] Leech Seed|[of] p2a: Sceptile\n|-heal|p2a: Sceptile|85/100|[silent]\n|upkeep\n|turn|20\n|inactive|Time left: 300 sec this turn | 300 sec total\n|\n|t:|1783543609\n|move|p2a: Sceptile|Substitute|p2a: Sceptile\n|-start|p2a: Sceptile|Substitute\n|-damage|p2a: Sceptile|60/100\n|move|p1a: Lokix|Leech Life|p2a: Sceptile\n|-supereffective|p2a: Sceptile\n|-end|p2a: Sceptile|Substitute\n|-heal|p1a: Lokix|182/251|[from] drain|[of] p2a: Sceptile\n|-damage|p1a: Lokix|157/251|[from] item: Life Orb\n|\n|-heal|p2a: Sceptile|66/100|[from] item: Leftovers\n|-damage|p1a: Lokix|126/251|[from] Leech Seed|[of] p2a: Sceptile\n|-heal|p2a: Sceptile|78/100|[silent]\n|upkeep\n|turn|21\n|inactive|Time left: 300 sec this turn | 300 sec total\n|\n|t:|1783543611\n|move|p2a: Sceptile|Substitute|p2a: Sceptile\n|-start|p2a: Sceptile|Substitute\n|-damage|p2a: Sceptile|53/100\n|move|p1a: Lokix|Leech Life|p2a: Sceptile\n|-supereffective|p2a: Sceptile\n|-end|p2a: Sceptile|Substitute\n|-heal|p1a: Lokix|159/251|[from] drain|[of] p2a: Sceptile\n|-damage|p1a: Lokix|134/251|[from] item: Life Orb\n|\n|-heal|p2a: Sceptile|59/100|[from] item: Leftovers\n|-damage|p1a: Lokix|103/251|[from] Leech Seed|[of] p2a: Sceptile\n|-heal|p2a: Sceptile|71/100|[silent]\n|upkeep\n|turn|22\n|inactive|Time left: 300 sec this turn | 300 sec total\n|\n|t:|1783543612\n|move|p2a: Sceptile|Substitute|p2a: Sceptile\n|-start|p2a: Sceptile|Substitute\n|-damage|p2a: Sceptile|46/100\n|move|p1a: Lokix|Leech Life|p2a: Sceptile\n|-supereffective|p2a: Sceptile\n|-end|p2a: Sceptile|Substitute\n|-heal|p1a: Lokix|136/251|[from] drain|[of] p2a: Sceptile\n|-damage|p1a: Lokix|111/251|[from] item: Life Orb\n|\n|-heal|p2a: Sceptile|52/100|[from] item: Leftovers\n|-damage|p1a: Lokix|80/251|[from] Leech Seed|[of] p2a: Sceptile\n|-heal|p2a: Sceptile|63/100|[silent]\n|upkeep\n|turn|23\n|inactive|Time left: 300 sec this turn | 300 sec total\n|\n|t:|1783543613\n|move|p2a: Sceptile|Substitute|p2a: Sceptile\n|-start|p2a: Sceptile|Substitute\n|-damage|p2a: Sceptile|38/100\n|move|p1a: Lokix|Leech Life|p2a: Sceptile\n|-supereffective|p2a: Sceptile\n|-end|p2a: Sceptile|Substitute\n|-heal|p1a: Lokix|113/251|[from] drain|[of] p2a: Sceptile\n|-damage|p1a: Lokix|88/251|[from] item: Life Orb\n|\n|-heal|p2a: Sceptile|44/100|[from] item: Leftovers\n|-damage|p1a: Lokix|57/251|[from] Leech Seed|[of] p2a: Sceptile\n|-heal|p2a: Sceptile|56/100|[silent]\n|upkeep\n|turn|24\n|inactive|Time left: 300 sec this turn | 300 sec total\n|\n|t:|1783543614\n|switch|p1a: Lycanroc|Lycanroc, L86, F|88/269\n|move|p2a: Sceptile|Giga Drain|p1a: Lycanroc\n|-supereffective|p1a: Lycanroc\n|-damage|p1a: Lycanroc|0 fnt\n|-heal|p2a: Sceptile|73/100|[from] drain|[of] p1a: Lycanroc\n|faint|p1a: Lycanroc\n|\n|-heal|p2a: Sceptile|79/100|[from] item: Leftovers\n|upkeep\n|inactive|Time left: 300 sec this turn | 300 sec total | 5 sec grace\n|\n|t:|1783543615\n|switch|p1a: Lokix|Lokix, L82, M, tera:Bug|57/251\n|turn|25\n|inactive|Time left: 300 sec this turn | 300 sec total\n|\n|t:|1783543616\n|switch|p2a: Sandslash|Sandslash-Alola, L88, M|50/100\n|move|p1a: Lokix|First Impression|p2a: Sandslash\n|-resisted|p2a: Sandslash\n|-damage|p2a: Sandslash|8/100\n|-damage|p1a: Lokix|32/251|[from] item: Life Orb\n|\n|upkeep\n|turn|26\n|inactive|Time left: 300 sec this turn | 300 sec total\n|\n|t:|1783543617\n|move|p2a: Sandslash|Ice Shard|p1a: Lokix\n|-damage|p1a: Lokix|0 fnt\n|faint|p1a: Lokix\n|-damage|p2a: Sandslash|0 fnt|[from] item: Life Orb\n|faint|p2a: Sandslash\n|\n|upkeep\n|inactive|Time left: 300 sec this turn | 300 sec total | 5 sec grace\n|\n|t:|1783543618\n|switch|p1a: Garganacl|Garganacl, L80, F|200/291\n|switch|p2a: Sceptile|Sceptile, L87, F|79/100\n|turn|27\n|inactive|Time left: 300 sec this turn | 300 sec total\n|\n|t:|1783543619\n|move|p2a: Sceptile|Giga Drain|p1a: Garganacl\n|-supereffective|p1a: Garganacl\n|-damage|p1a: Garganacl|26/291\n|-heal|p2a: Sceptile|100/100|[from] drain|[of] p1a: Garganacl\n|move|p1a: Garganacl|Recover|p1a: Garganacl\n|-heal|p1a: Garganacl|172/291\n|\n|-heal|p1a: Garganacl|190/291|[from] item: Leftovers\n|upkeep\n|turn|28\n|inactive|Time left: 300 sec this turn | 300 sec total\n|\n|t:|1783543621\n|move|p2a: Sceptile|Giga Drain|p1a: Garganacl\n|-supereffective|p1a: Garganacl\n|-damage|p1a: Garganacl|0 fnt\n|faint|p1a: Garganacl\n|\n|win|p0y3397d9e", "uploadtime": 1783543621, "views": 0, "rating": 0, "private": 0, "password": null, "_winner": "p0y3397d9e", "_our_name": "p0x3392cfe"}