{"id": "battle-gen9randombattle-2372", "formatid": "gen9randombattle", "format": "[Gen 9] Random Battle", "players": ["p0x2372365b", "p0y23721d0a"], "log": "|init|battle\n|title|p0x2372365b vs. p0y23721d0a\n|j|\u2606p0x2372365b\n|j|\u2606p0y23721d0a\n|t:|1783567561\n|gametype|singles\n|player|p1|p0x2372365b|170|\n|player|p2|p0y23721d0a|170|\n|gen|9\n|tier|[Gen 9] Random Battle\n|rule|Species Clause: Limit one of each Pok\u00e9mon\n|rule|HP Percentage Mod: HP is shown in percentages\n|rule|Sleep Clause Mod: Limit one foe put to sleep\n|rule|Illusion Level Mod: Illusion disguises the Pok\u00e9mon's true level\n|\n|t:|1783567561\n|teamsize|p1|6\n|teamsize|p2|6\n|start\n|switch|p1a: Kilowattrel|Kilowattrel, L83, M|100/100\n|switch|p2a: Munkidori|Munkidori, L79, M|269/269\n|turn|1\n|inactive|Battle timer is ON: inactive players will automatically lose when time's up. (requested by p0y23721d0a)\n|inactive|p0x2372365b also wants the timer to be on.\n|\n|t:|1783567563\n|move|p1a: Kilowattrel|Hurricane|p2a: Munkidori|[miss]\n|-miss|p1a: Kilowattrel|p2a: Munkidori\n|move|p2a: Munkidori|Psyshock|p1a: Kilowattrel\n|-damage|p1a: Kilowattrel|30/100\n|-damage|p2a: Munkidori|243/269|[from] item: Life Orb\n|\n|upkeep\n|turn|2\n|inactive|Time left: 300 sec this turn | 300 sec total\n|\n|t:|1783567563\n|move|p1a: Kilowattrel|Discharge|p2a: Munkidori\n|-damage|p2a: Munkidori|158/269\n|move|p2a: Munkidori|Sludge Wave|p1a: Kilowattrel\n|-damage|p1a: Kilowattrel|0 fnt\n|faint|p1a: Kilowattrel\n|-damage|p2a: Munkidori|132/269|[from] item: Life Orb\n|\n|upkeep\n|\n|t:|1783567564\n|switch|p1a: Golurk|Golurk, L87|100/100\n|turn|3\n|inactive|Time left: 300 sec this turn | 300 sec total\n|\n|t:|1783567565\n|move|p2a: Munkidori|Psyshock|p1a: Golurk\n|-damage|p1a: Golurk|55/100\n|-status|p1a: Golurk|tox|[from] ability: Toxic Chain|[of] p2a: Munkidori\n|-damage|p2a: Munkidori|106/269|[from] item: Life Orb\n|move|p1a: Golurk|Earthquake|p2a: Munkidori\n|-supereffective|p2a: Munkidori\n|-damage|p2a: Munkidori|0 fnt\n|faint|p2a: Munkidori\n|-damage|p1a: Golurk|45/100 tox|[from] item: Life Orb\n|\n|-damage|p1a: Golurk|39/100 tox|[from] psn\n|upkeep\n|inactive|Time left: 300 sec this turn | 300 sec total | 5 sec grace\n|\n|t:|1783567566\n|switch|p2a: Serperior|Serperior, L79, F|248/248\n|turn|4\n|inactive|Time left: 300 sec this turn | 300 sec total\n|\n|t:|1783567567\n|switch|p1a: Toxicroak|Toxicroak, L84, F|100/100\n|move|p2a: Serperior|Leaf Storm|p1a: Toxicroak\n|-resisted|p1a: Toxicroak\n|-damage|p1a: Toxicroak|71/100\n|-boost|p2a: Serperior|spa|2\n|-damage|p2a: Serperior|224/248|[from] item: Life Orb\n|\n|upkeep\n|turn|5\n|inactive|Time left: 300 sec this turn | 300 sec total\n|\n|t:|1783567568\n|-terastallize|p2a: Serperior|Grass\n|move|p2a: Serperior|Leaf Storm|p1a: Toxicroak\n|-resisted|p1a: Toxicroak\n|-damage|p1a: Toxicroak|0 fnt\n|-boost|p2a: Serperior|spa|2\n|faint|p1a: Toxicroak\n|-damage|p2a: Serperior|200/248|[from] item: Life Orb\n|\n|upkeep\n|\n|t:|1783567569\n|switch|p1a: Mewtwo|Mewtwo, L72|100/100\n|-ability|p1a: Mewtwo|Unnerve\n|turn|6\n|inactive|Time left: 300 sec this turn | 300 sec total\n|\n|t:|1783567569\n|move|p1a: Mewtwo|Psystrike|p2a: Serperior\n|-damage|p2a: Serperior|66/248\n|-damage|p1a: Mewtwo|91/100|[from] item: Life Orb\n|move|p2a: Serperior|Leaf Storm|p1a: Mewtwo\n|-damage|p1a: Mewtwo|0 fnt\n|-boost|p2a: Serperior|spa|2\n|faint|p1a: Mewtwo\n|-damage|p2a: Serperior|42/248|[from] item: Life Orb\n|\n|upkeep\n|\n|t:|1783567570\n|switch|p1a: Pachirisu|Pachirisu, L96, M|100/100\n|turn|7\n|inactive|Time left: 300 sec this turn | 300 sec total\n|\n|t:|1783567571\n|move|p1a: Pachirisu|U-turn|p2a: Serperior\n|-supereffective|p2a: Serperior\n|-damage|p2a: Serperior|0 fnt\n|faint|p2a: Serperior\n|\n|t:|1783567572\n|switch|p1a: Scrafty|Scrafty, L83, M|100/100|[from] U-turn\n|\n|upkeep\n|inactive|Time left: 300 sec this turn | 300 sec total | 10 sec grace\n|\n|t:|1783567573\n|switch|p2a: Lurantis|Lurantis, L87, F|264/264\n|turn|8\n|inactive|Time left: 300 sec this turn | 300 sec total\n|\n|t:|1783567574\n|move|p1a: Scrafty|Bulk Up|p1a: Scrafty\n|-boost|p1a: Scrafty|atk|1\n|-boost|p1a: Scrafty|def|1\n|move|p2a: Lurantis|Superpower|p1a: Scrafty\n|-supereffective|p1a: Scrafty\n|-damage|p1a: Scrafty|57/100\n|-boost|p2a: Lurantis|atk|1\n|-boost|p2a: Lurantis|def|1\n|\n|-heal|p1a: Scrafty|63/100|[from] item: Leftovers\n|upkeep\n|turn|9\n|inactive|Time left: 300 sec this turn | 300 sec total\n|\n|t:|1783567575\n|-terastallize|p1a: Scrafty|Poison\n|move|p1a: Scrafty|Bulk Up|p1a: Scrafty\n|-boost|p1a: Scrafty|atk|1\n|-boost|p1a: Scrafty|def|1\n|move|p2a: Lurantis|Leaf Storm|p1a: Scrafty\n|-resisted|p1a: Scrafty\n|-crit|p1a: Scrafty\n|-damage|p1a: Scrafty|33/100\n|-boost|p2a: Lurantis|spa|2\n|\n|-heal|p1a: Scrafty|39/100|[from] item: Leftovers\n|upkeep\n|turn|10\n|inactive|Time left: 300 sec this turn | 300 sec total\n|\n|t:|1783567576\n|move|p1a: Scrafty|Drain Punch|p2a: Lurantis\n|-damage|p2a: Lurantis|173/264\n|-heal|p1a: Scrafty|58/100|[from] drain|[of] p2a: Lurantis\n|move|p2a: Lurantis|Superpower|p1a: Scrafty\n|-resisted|p1a: Scrafty\n|-damage|p1a: Scrafty|46/100\n|-boost|p2a: Lurantis|atk|1\n|-boost|p2a: Lurantis|def|1\n|\n|-heal|p1a: Scrafty|53/100|[from] item: Leftovers\n|upkeep\n|turn|11\n|inactive|Time left: 300 sec this turn | 300 sec total\n|\n|t:|1783567577\n|move|p1a: Scrafty|Drain Punch|p2a: Lurantis\n|-damage|p2a: Lurantis|107/264\n|-heal|p1a: Scrafty|66/100|[from] drain|[of] p2a: Lurantis\n|move|p2a: Lurantis|Leaf Storm|p1a: Scrafty\n|-resisted|p1a: Scrafty\n|-damage|p1a: Scrafty|23/100\n|-boost|p2a: Lurantis|spa|2\n|\n|-heal|p1a: Scrafty|29/100|[from] item: Leftovers\n|upkeep\n|turn|12\n|inactive|Time left: 300 sec this turn | 300 sec total\n|\n|t:|1783567578\n|move|p1a: Scrafty|Drain Punch|p2a: Lurantis\n|-damage|p2a: Lurantis|38/264\n|-heal|p1a: Scrafty|43/100|[from] drain|[of] p2a: Lurantis\n|move|p2a: Lurantis|Leaf Storm|p1a: Scrafty\n|-resisted|p1a: Scrafty\n|-damage|p1a: Scrafty|0 fnt\n|-boost|p2a: Lurantis|spa|2\n|faint|p1a: Scrafty\n|\n|upkeep\n|\n|t:|1783567579\n|switch|p1a: Golurk|Golurk, L87|39/100 tox\n|turn|13\n|inactive|Time left: 300 sec this turn | 300 sec total\n|\n|t:|1783567580\n|move|p1a: Golurk|Poltergeist|p2a: Lurantis\n|-activate|p2a: Lurantis|move: Poltergeist|Assault Vest\n|-crit|p2a: Lurantis\n|-damage|p2a: Lurantis|0 fnt\n|faint|p2a: Lurantis\n|-damage|p1a: Golurk|29/100 tox|[from] item: Life Orb\n|\n|-damage|p1a: Golurk|23/100 tox|[from] psn\n|upkeep\n|inactive|Time left: 300 sec this turn | 300 sec total | 5 sec grace\n|\n|t:|1783567581\n|switch|p2a: Klawf|Klawf, L90, F|272/272\n|turn|14\n|inactive|Time left: 300 sec this turn | 300 sec total\n|\n|t:|1783567582\n|move|p2a: Klawf|High Horsepower|p1a: Golurk\n|-crit|p1a: Golurk\n|-damage|p1a: Golurk|0 fnt\n|faint|p1a: Golurk\n|\n|upkeep\n|\n|t:|1783567583\n|switch|p1a: Pachirisu|Pachirisu, L96, M|100/100\n|turn|15\n|inactive|Time left: 300 sec this turn | 300 sec total\n|\n|t:|1783567584\n|switch|p2a: Golem|Golem-Alola, L93, F|300/300\n|move|p1a: Pachirisu|Nuzzle|p2a: Golem\n|-resisted|p2a: Golem\n|-damage|p2a: Golem|294/300\n|\n|upkeep\n|turn|16\n|inactive|Time left: 300 sec this turn | 300 sec total\n|\n|t:|1783567585\n|move|p1a: Pachirisu|U-turn|p2a: Golem\n|-damage|p2a: Golem|270/300\n|move|p2a: Golem|Earthquake|p1a: Pachirisu\n|-supereffective|p1a: Pachirisu\n|-damage|p1a: Pachirisu|0 fnt\n|faint|p1a: Pachirisu\n|-damage|p2a: Golem|240/300|[from] item: Life Orb\n|\n|win|p0y23721d0a", "uploadtime": 1783567585, "views": 0, "rating": 0, "private": 0, "password": null, "_winner": "p0y23721d0a", "_our_name": "p0y23721d0a"}