{"id": "battle-gen9randombattle-907", "formatid": "gen9randombattle", "format": "[Gen 9] Random Battle", "players": ["p0x9071dd2", "p0y907ccd2"], "log": "|init|battle\n|title|p0x9071dd2 vs. p0y907ccd2\n|j|\u2606p0x9071dd2\n|j|\u2606p0y907ccd2\n|t:|1783549679\n|gametype|singles\n|player|p1|p0x9071dd2|2|\n|player|p2|p0y907ccd2|169|\n|gen|9\n|tier|[Gen 9] Random Battle\n|rule|Species Clause: Limit one of each Pok\u00e9mon\n|rule|HP Percentage Mod: HP is shown in percentages\n|rule|Sleep Clause Mod: Limit one foe put to sleep\n|rule|Illusion Level Mod: Illusion disguises the Pok\u00e9mon's true level\n|\n|t:|1783549679\n|teamsize|p1|6\n|teamsize|p2|6\n|start\n|switch|p1a: Braviary|Braviary-Hisui, L85, M|326/326\n|switch|p2a: Dipplin|Dipplin, L88, F|100/100\n|turn|1\n|inactive|Battle timer is ON: inactive players will automatically lose when time's up. (requested by p0x9071dd2)\n|\n|t:|1783549680\n|move|p1a: Braviary|Hurricane|p2a: Dipplin\n|-supereffective|p2a: Dipplin\n|-damage|p2a: Dipplin|0 fnt\n|faint|p2a: Dipplin\n|\n|upkeep\n|inactive|p0y907ccd2 also wants the timer to be on.\n|\n|t:|1783549681\n|switch|p2a: Lugia|Lugia, L73|100/100\n|turn|2\n|inactive|Time left: 300 sec this turn | 300 sec total\n|\n|t:|1783549682\n|move|p2a: Lugia|Calm Mind|p2a: Lugia\n|-boost|p2a: Lugia|spa|1\n|-boost|p2a: Lugia|spd|1\n|move|p1a: Braviary|Agility|p1a: Braviary\n|-boost|p1a: Braviary|spe|2\n|\n|upkeep\n|turn|3\n|inactive|Time left: 300 sec this turn | 300 sec total\n|\n|t:|1783549683\n|move|p1a: Braviary|Heat Wave|p2a: Lugia|[miss]\n|-miss|p1a: Braviary|p2a: Lugia\n|move|p2a: Lugia|Aeroblast|p1a: Braviary\n|-damage|p1a: Braviary|179/326\n|\n|upkeep\n|turn|4\n|inactive|Time left: 300 sec this turn | 300 sec total\n|\n|t:|1783549684\n|move|p1a: Braviary|Agility|p1a: Braviary\n|-boost|p1a: Braviary|spe|2\n|move|p2a: Lugia|Aeroblast|p1a: Braviary\n|-damage|p1a: Braviary|38/326\n|\n|upkeep\n|turn|5\n|inactive|Time left: 300 sec this turn | 300 sec total\n|\n|t:|1783549685\n|move|p1a: Braviary|Psychic|p2a: Lugia\n|-resisted|p2a: Lugia\n|-damage|p2a: Lugia|92/100\n|move|p2a: Lugia|Aeroblast|p1a: Braviary\n|-damage|p1a: Braviary|0 fnt\n|faint|p1a: Braviary\n|\n|upkeep\n|inactive|Time left: 300 sec this turn | 300 sec total | 5 sec grace\n|\n|t:|1783549686\n|switch|p1a: Azumarill|Azumarill, L82, M|298/298\n|turn|6\n|inactive|Time left: 300 sec this turn | 300 sec total\n|\n|t:|1783549688\n|move|p2a: Lugia|Aeroblast|p1a: Azumarill\n|-damage|p1a: Azumarill|172/298\n|move|p1a: Azumarill|Liquidation|p2a: Lugia\n|-damage|p2a: Lugia|40/100\n|\n|upkeep\n|turn|7\n|inactive|Time left: 300 sec this turn | 300 sec total\n|\n|t:|1783549689\n|move|p2a: Lugia|Recover|p2a: Lugia\n|-heal|p2a: Lugia|90/100\n|move|p1a: Azumarill|Liquidation|p2a: Lugia\n|-damage|p2a: Lugia|40/100\n|\n|upkeep\n|turn|8\n|inactive|Time left: 300 sec this turn | 300 sec total\n|\n|t:|1783549690\n|move|p2a: Lugia|Recover|p2a: Lugia\n|-heal|p2a: Lugia|90/100\n|move|p1a: Azumarill|Liquidation|p2a: Lugia\n|-damage|p2a: Lugia|44/100\n|\n|upkeep\n|turn|9\n|inactive|Time left: 300 sec this turn | 300 sec total\n|\n|t:|1783549691\n|move|p2a: Lugia|Recover|p2a: Lugia\n|-heal|p2a: Lugia|94/100\n|move|p1a: Azumarill|Liquidation|p2a: Lugia\n|-damage|p2a: Lugia|46/100\n|\n|upkeep\n|turn|10\n|inactive|Time left: 300 sec this turn | 300 sec total\n|\n|t:|1783549692\n|move|p2a: Lugia|Recover|p2a: Lugia\n|-heal|p2a: Lugia|96/100\n|move|p1a: Azumarill|Liquidation|p2a: Lugia\n|-damage|p2a: Lugia|47/100\n|\n|upkeep\n|turn|11\n|inactive|Time left: 300 sec this turn | 300 sec total\n|\n|t:|1783549693\n|move|p2a: Lugia|Recover|p2a: Lugia\n|-heal|p2a: Lugia|98/100\n|move|p1a: Azumarill|Liquidation|p2a: Lugia\n|-damage|p2a: Lugia|45/100\n|\n|upkeep\n|turn|12\n|inactive|Time left: 300 sec this turn | 300 sec total\n|\n|t:|1783549694\n|move|p2a: Lugia|Recover|p2a: Lugia\n|-heal|p2a: Lugia|95/100\n|move|p1a: Azumarill|Liquidation|p2a: Lugia\n|-damage|p2a: Lugia|43/100\n|\n|upkeep\n|turn|13\n|inactive|Time left: 300 sec this turn | 300 sec total\n|\n|t:|1783549695\n|move|p2a: Lugia|Recover|p2a: Lugia\n|-heal|p2a: Lugia|93/100\n|move|p1a: Azumarill|Liquidation|p2a: Lugia\n|-damage|p2a: Lugia|42/100\n|-unboost|p2a: Lugia|def|1\n|\n|upkeep\n|turn|14\n|inactive|Time left: 300 sec this turn | 300 sec total\n|\n|t:|1783549696\n|move|p2a: Lugia|Aeroblast|p1a: Azumarill\n|-damage|p1a: Azumarill|48/298\n|move|p1a: Azumarill|Liquidation|p2a: Lugia\n|-damage|p2a: Lugia|0 fnt\n|faint|p2a: Lugia\n|\n|upkeep\n|\n|t:|1783549697\n|switch|p2a: Venomoth|Venomoth, L84, M|100/100\n|turn|15\n|inactive|Time left: 300 sec this turn | 300 sec total\n|\n|t:|1783549698\n|switch|p1a: Sandaconda|Sandaconda, L84, F|258/258\n|move|p2a: Venomoth|Sludge Wave|p1a: Sandaconda\n|-resisted|p1a: Sandaconda\n|-damage|p1a: Sandaconda|148/258\n|\n|-heal|p1a: Sandaconda|164/258|[from] item: Leftovers\n|upkeep\n|turn|16\n|inactive|Time left: 300 sec this turn | 300 sec total\n|\n|t:|1783549699\n|move|p2a: Venomoth|Bug Buzz|p1a: Sandaconda\n|-damage|p1a: Sandaconda|62/258\n|move|p1a: Sandaconda|Earthquake|p2a: Venomoth\n|-damage|p2a: Venomoth|37/100\n|\n|-heal|p1a: Sandaconda|78/258|[from] item: Leftovers\n|upkeep\n|turn|17\n|inactive|Time left: 300 sec this turn | 300 sec total\n|\n|t:|1783549700\n|switch|p1a: Hypno|Hypno, L95, M|315/315\n|move|p2a: Venomoth|Bug Buzz|p1a: Hypno\n|-supereffective|p1a: Hypno\n|-damage|p1a: Hypno|183/315\n|\n|-heal|p1a: Hypno|202/315|[from] item: Leftovers\n|upkeep\n|turn|18\n|inactive|Time left: 300 sec this turn | 300 sec total\n|\n|t:|1783549701\n|move|p2a: Venomoth|Bug Buzz|p1a: Hypno\n|-supereffective|p1a: Hypno\n|-damage|p1a: Hypno|74/315\n|move|p1a: Hypno|Psychic Noise|p2a: Venomoth\n|-supereffective|p2a: Venomoth\n|-damage|p2a: Venomoth|0 fnt\n|faint|p2a: Venomoth\n|\n|-heal|p1a: Hypno|93/315|[from] item: Leftovers\n|upkeep\n|\n|t:|1783549702\n|switch|p2a: Persian|Persian, L92, F|100/100\n|turn|19\n|inactive|Time left: 300 sec this turn | 300 sec total\n|\n|t:|1783549703\n|move|p1a: Hypno|Protect|p1a: Hypno\n|-singleturn|p1a: Hypno|Protect\n|move|p2a: Persian|Knock Off|p1a: Hypno\n|-activate|p1a: Hypno|move: Protect\n|\n|-heal|p1a: Hypno|112/315|[from] item: Leftovers\n|upkeep\n|turn|20\n|inactive|Time left: 300 sec this turn | 300 sec total\n|\n|t:|1783549703\n|switch|p1a: Chien-Pao|Chien-Pao, L72|234/234\n|-ability|p1a: Chien-Pao|Sword of Ruin\n|move|p2a: Persian|Double-Edge|p1a: Chien-Pao\n|-damage|p1a: Chien-Pao|68/234\n|-damage|p2a: Persian|80/100|[from] Recoil\n|\n|upkeep\n|turn|21\n|inactive|Time left: 300 sec this turn | 300 sec total\n|\n|t:|1783549704\n|switch|p1a: Azumarill|Azumarill, L82, M|48/298\n|move|p2a: Persian|Double-Edge|p1a: Azumarill\n|-damage|p1a: Azumarill|0 fnt\n|faint|p1a: Azumarill\n|-damage|p2a: Persian|74/100|[from] Recoil\n|\n|upkeep\n|inactive|Time left: 300 sec this turn | 300 sec total | 5 sec grace\n|\n|t:|1783549705\n|switch|p1a: Dedenne|Dedenne, L88, F|261/261\n|turn|22\n|inactive|Time left: 300 sec this turn | 300 sec total\n|\n|t:|1783549706\n|move|p2a: Persian|Double-Edge|p1a: Dedenne\n|-damage|p1a: Dedenne|74/261\n|-enditem|p1a: Dedenne|Sitrus Berry|[eat]\n|-heal|p1a: Dedenne|139/261|[from] item: Sitrus Berry\n|-heal|p1a: Dedenne|226/261|[from] ability: Cheek Pouch\n|-damage|p2a: Persian|51/100|[from] Recoil\n|move|p1a: Dedenne|Nuzzle|p2a: Persian\n|-damage|p2a: Persian|44/100\n|-status|p2a: Persian|par\n|\n|upkeep\n|turn|23\n|inactive|Time left: 300 sec this turn | 300 sec total\n|\n|t:|1783549707\n|move|p1a: Dedenne|Thunderbolt|p2a: Persian\n|-damage|p2a: Persian|6/100 par\n|move|p2a: Persian|Double-Edge|p1a: Dedenne\n|-damage|p1a: Dedenne|48/261\n|-damage|p2a: Persian|0 fnt|[from] Recoil\n|faint|p2a: Persian\n|\n|upkeep\n|\n|t:|1783549708\n|switch|p2a: Kilowattrel|Kilowattrel, L83, F|100/100\n|turn|24\n|inactive|Time left: 300 sec this turn | 300 sec total\n|\n|t:|1783549709\n|switch|p1a: Sandaconda|Sandaconda, L84, F|78/258\n|move|p2a: Kilowattrel|Hurricane|p1a: Sandaconda\n|-damage|p1a: Sandaconda|0 fnt\n|faint|p1a: Sandaconda\n|\n|upkeep\n|inactive|Time left: 300 sec this turn | 300 sec total | 5 sec grace\n|\n|t:|1783549710\n|switch|p1a: Hypno|Hypno, L95, M|112/315\n|turn|25\n|inactive|Time left: 300 sec this turn | 300 sec total\n|\n|t:|1783549711\n|move|p2a: Kilowattrel|Thunderbolt|p1a: Hypno\n|-damage|p1a: Hypno|45/315\n|move|p1a: Hypno|Psychic Noise|p2a: Kilowattrel\n|-damage|p2a: Kilowattrel|59/100\n|-start|p2a: Kilowattrel|move: Heal Block\n|\n|-heal|p1a: Hypno|64/315|[from] item: Leftovers\n|upkeep\n|turn|26\n|inactive|Time left: 300 sec this turn | 300 sec total\n|\n|t:|1783549712\n|move|p1a: Hypno|Protect|p1a: Hypno\n|-singleturn|p1a: Hypno|Protect\n|move|p2a: Kilowattrel|Thunderbolt|p1a: Hypno\n|-activate|p1a: Hypno|move: Protect\n|\n|-heal|p1a: Hypno|83/315|[from] item: Leftovers\n|-end|p2a: Kilowattrel|move: Heal Block\n|upkeep\n|turn|27\n|inactive|Time left: 300 sec this turn | 300 sec total\n|\n|t:|1783549713\n|move|p2a: Kilowattrel|Hurricane|p1a: Hypno\n|-damage|p1a: Hypno|0 fnt\n|faint|p1a: Hypno\n|\n|upkeep\n|inactive|Time left: 300 sec this turn | 300 sec total | 5 sec grace\n|\n|t:|1783549714\n|switch|p1a: Chien-Pao|Chien-Pao, L72|68/234\n|-ability|p1a: Chien-Pao|Sword of Ruin\n|turn|28\n|inactive|Time left: 300 sec this turn | 300 sec total\n|\n|t:|1783549715\n|-terastallize|p2a: Kilowattrel|Water\n|-terastallize|p1a: Chien-Pao|Ice\n|move|p2a: Kilowattrel|Thunderbolt|p1a: Chien-Pao\n|-damage|p1a: Chien-Pao|0 fnt\n|faint|p1a: Chien-Pao\n|\n|upkeep\n|inactive|Time left: 300 sec this turn | 300 sec total | 5 sec grace\n|\n|t:|1783549715\n|switch|p1a: Dedenne|Dedenne, L88, F|48/261\n|turn|29\n|inactive|Time left: 300 sec this turn | 300 sec total\n|\n|t:|1783549716\n|move|p2a: Kilowattrel|Thunderbolt|p1a: Dedenne\n|-resisted|p1a: Dedenne\n|-damage|p1a: Dedenne|0 fnt\n|faint|p1a: Dedenne\n|\n|win|p0y907ccd2", "uploadtime": 1783549716, "views": 0, "rating": 0, "private": 0, "password": null, "_winner": "p0y907ccd2", "_our_name": "p0x9071dd2"}