{"id": "battle-gen9randombattle-2064", "formatid": "gen9randombattle", "format": "[Gen 9] Random Battle", "players": ["p0x20641905", "p0y2064a977"], "log": "|init|battle\n|title|p0x20641905 vs. p0y2064a977\n|j|\u2606p0x20641905\n|j|\u2606p0y2064a977\n|t:|1783563126\n|gametype|singles\n|player|p1|p0x20641905|266|\n|player|p2|p0y2064a977|1|\n|gen|9\n|tier|[Gen 9] Random Battle\n|rule|Species Clause: Limit one of each Pok\u00e9mon\n|rule|HP Percentage Mod: HP is shown in percentages\n|rule|Sleep Clause Mod: Limit one foe put to sleep\n|rule|Illusion Level Mod: Illusion disguises the Pok\u00e9mon's true level\n|\n|t:|1783563126\n|teamsize|p1|6\n|teamsize|p2|6\n|start\n|switch|p1a: Rotom|Rotom-Heat, L83|219/219\n|switch|p2a: Staraptor|Staraptor, L79, M|100/100\n|turn|1\n|inactive|Battle timer is ON: inactive players will automatically lose when time's up. (requested by p0x20641905)\n|\n|t:|1783563128\n|move|p2a: Staraptor|Double-Edge|p1a: Rotom\n|-damage|p1a: Rotom|11/219\n|-damage|p2a: Staraptor|74/100|[from] Recoil\n|move|p1a: Rotom|Discharge|p2a: Staraptor\n|-supereffective|p2a: Staraptor\n|-damage|p2a: Staraptor|0 fnt\n|faint|p2a: Staraptor\n|\n|upkeep\n|inactive|p0y2064a977 also wants the timer to be on.\n|\n|t:|1783563129\n|switch|p2a: Leavanny|Leavanny, L86, M|100/100\n|turn|2\n|inactive|Time left: 300 sec this turn | 300 sec total\n|\n|t:|1783563129\n|move|p2a: Leavanny|Sticky Web|p1a: Rotom\n|-sidestart|p1: p0x20641905|move: Sticky Web\n|move|p1a: Rotom|Pain Split|p2a: Leavanny\n|-sethp|p2a: Leavanny|53/100|[from] move: Pain Split|[silent]\n|-sethp|p1a: Rotom|140/219|[from] move: Pain Split\n|\n|upkeep\n|turn|3\n|inactive|Time left: 300 sec this turn | 300 sec total\n|\n|t:|1783563130\n|move|p2a: Leavanny|Knock Off|p1a: Rotom\n|-damage|p1a: Rotom|73/219\n|-enditem|p1a: Rotom|Heavy-Duty Boots|[from] move: Knock Off|[of] p2a: Leavanny\n|move|p1a: Rotom|Overheat|p2a: Leavanny\n|-supereffective|p2a: Leavanny\n|-damage|p2a: Leavanny|0 fnt\n|-unboost|p1a: Rotom|spa|2\n|faint|p2a: Leavanny\n|\n|upkeep\n|\n|t:|1783563131\n|switch|p2a: Infernape|Infernape, L82, M|100/100\n|turn|4\n|inactive|Time left: 300 sec this turn | 300 sec total\n|\n|t:|1783563132\n|move|p2a: Infernape|Close Combat|p1a: Rotom\n|-damage|p1a: Rotom|0 fnt\n|-unboost|p2a: Infernape|def|1\n|-unboost|p2a: Infernape|spd|1\n|faint|p1a: Rotom\n|-damage|p2a: Infernape|91/100|[from] item: Life Orb\n|\n|upkeep\n|inactive|Time left: 300 sec this turn | 300 sec total | 5 sec grace\n|\n|t:|1783563132\n|switch|p1a: Banette|Banette, L93, M|270/270\n|-activate|p1a: Banette|move: Sticky Web\n|-unboost|p1a: Banette|spe|1\n|turn|5\n|inactive|Time left: 300 sec this turn | 300 sec total\n|\n|t:|1783563133\n|-terastallize|p2a: Infernape|Dark\n|move|p2a: Infernape|Knock Off|p1a: Banette\n|-supereffective|p1a: Banette\n|-damage|p1a: Banette|0 fnt\n|-enditem|p1a: Banette|Life Orb|[from] move: Knock Off|[of] p2a: Infernape\n|faint|p1a: Banette\n|-damage|p2a: Infernape|81/100|[from] item: Life Orb\n|\n|upkeep\n|inactive|Time left: 300 sec this turn | 300 sec total | 5 sec grace\n|\n|t:|1783563134\n|switch|p1a: Mabosstiff|Mabosstiff, L86, M|278/278\n|-activate|p1a: Mabosstiff|move: Sticky Web\n|-unboost|p1a: Mabosstiff|spe|1\n|turn|6\n|inactive|Time left: 300 sec this turn | 300 sec total\n|\n|t:|1783563135\n|-terastallize|p1a: Mabosstiff|Fairy\n|move|p2a: Infernape|Close Combat|p1a: Mabosstiff\n|-resisted|p1a: Mabosstiff\n|-damage|p1a: Mabosstiff|196/278\n|-unboost|p2a: Infernape|def|1\n|-unboost|p2a: Infernape|spd|1\n|-damage|p2a: Infernape|72/100|[from] item: Life Orb\n|move|p1a: Mabosstiff|Play Rough|p2a: Infernape\n|-supereffective|p2a: Infernape\n|-damage|p2a: Infernape|0 fnt\n|faint|p2a: Infernape\n|\n|upkeep\n|\n|t:|1783563135\n|switch|p2a: Scream Tail|Scream Tail, L84|100/100\n|turn|7\n|inactive|Time left: 300 sec this turn | 300 sec total\n|\n|t:|1783563136\n|move|p2a: Scream Tail|Dazzling Gleam|p1a: Mabosstiff\n|-damage|p1a: Mabosstiff|123/278\n|move|p1a: Mabosstiff|Play Rough|p2a: Scream Tail\n|-damage|p2a: Scream Tail|55/100\n|\n|-heal|p2a: Scream Tail|61/100|[from] item: Leftovers\n|upkeep\n|turn|8\n|inactive|Time left: 300 sec this turn | 300 sec total\n|\n|t:|1783563137\n|move|p2a: Scream Tail|Dazzling Gleam|p1a: Mabosstiff\n|-damage|p1a: Mabosstiff|51/278\n|move|p1a: Mabosstiff|Play Rough|p2a: Scream Tail\n|-damage|p2a: Scream Tail|13/100\n|\n|-heal|p2a: Scream Tail|19/100|[from] item: Leftovers\n|upkeep\n|turn|9\n|inactive|Time left: 300 sec this turn | 300 sec total\n|\n|t:|1783563138\n|switch|p1a: Minior|Minior-Indigo, L79|224/224\n|-formechange|p1a: Minior|Minior-Meteor||[from] ability: Shields Down\n|move|p2a: Scream Tail|Dazzling Gleam|p1a: Minior\n|-damage|p1a: Minior|166/224\n|\n|-heal|p2a: Scream Tail|25/100|[from] item: Leftovers\n|upkeep\n|turn|10\n|inactive|Time left: 300 sec this turn | 300 sec total\n|\n|t:|1783563139\n|-end|p2a: Scream Tail|Protosynthesis|[silent]\n|switch|p2a: Crabominable|Crabominable, L90, M|100/100\n|move|p1a: Minior|Shell Smash|p1a: Minior\n|-unboost|p1a: Minior|def|1\n|-unboost|p1a: Minior|spd|1\n|-boost|p1a: Minior|atk|2\n|-boost|p1a: Minior|spa|2\n|-boost|p1a: Minior|spe|2\n|-enditem|p1a: Minior|White Herb\n|-clearnegativeboost|p1a: Minior|[silent]\n|\n|upkeep\n|turn|11\n|inactive|Time left: 300 sec this turn | 300 sec total\n|\n|t:|1783563140\n|move|p1a: Minior|Acrobatics|p2a: Crabominable\n|-supereffective|p2a: Crabominable\n|-damage|p2a: Crabominable|8/100\n|move|p2a: Crabominable|Ice Hammer|p1a: Minior\n|-supereffective|p1a: Minior\n|-crit|p1a: Minior\n|-damage|p1a: Minior|0 fnt\n|-unboost|p2a: Crabominable|spe|1\n|faint|p1a: Minior\n|\n|upkeep\n|inactive|Time left: 300 sec this turn | 300 sec total | 5 sec grace\n|\n|t:|1783563141\n|switch|p1a: Glalie|Glalie, L96, M|309/309\n|turn|12\n|inactive|Time left: 300 sec this turn | 300 sec total\n|\n|t:|1783563142\n|move|p1a: Glalie|Earthquake|p2a: Crabominable\n|-damage|p2a: Crabominable|0 fnt\n|faint|p2a: Crabominable\n|\n|upkeep\n|\n|t:|1783563143\n|switch|p2a: Scream Tail|Scream Tail, L84|25/100\n|turn|13\n|inactive|Time left: 300 sec this turn | 300 sec total\n|\n|t:|1783563144\n|move|p2a: Scream Tail|Wish|p2a: Scream Tail\n|move|p1a: Glalie|Earthquake|p2a: Scream Tail\n|-crit|p2a: Scream Tail\n|-damage|p2a: Scream Tail|0 fnt\n|faint|p2a: Scream Tail\n|-end|p2a: Scream Tail|Protosynthesis|[silent]\n|\n|upkeep\n|\n|t:|1783563145\n|switch|p2a: Delibird|Delibird, F|100/100\n|turn|14\n|inactive|Time left: 300 sec this turn | 300 sec total\n|\n|t:|1783563146\n|switch|p1a: Mabosstiff|Mabosstiff, L86, M, tera:Fairy|51/278\n|-activate|p1a: Mabosstiff|move: Sticky Web\n|-unboost|p1a: Mabosstiff|spe|1\n|move|p2a: Delibird|Rapid Spin|p1a: Mabosstiff\n|-damage|p1a: Mabosstiff|16/278\n|-boost|p2a: Delibird|spe|1\n|\n|upkeep\n|turn|15\n|inactive|Time left: 300 sec this turn | 300 sec total\n|\n|t:|1783563146\n|move|p2a: Delibird|Freeze-Dry|p1a: Mabosstiff\n|-damage|p1a: Mabosstiff|0 fnt\n|faint|p1a: Mabosstiff\n|\n|upkeep\n|inactive|Time left: 300 sec this turn | 300 sec total | 5 sec grace\n|\n|t:|1783563147\n|switch|p1a: Exeggutor|Exeggutor, L89, F|312/312\n|-activate|p1a: Exeggutor|move: Sticky Web\n|-unboost|p1a: Exeggutor|spe|1\n|turn|16\n|inactive|Time left: 300 sec this turn | 300 sec total\n|\n|t:|1783563148\n|move|p2a: Delibird|Freeze-Dry|p1a: Exeggutor\n|-supereffective|p1a: Exeggutor\n|-damage|p1a: Exeggutor|142/312\n|-enditem|p1a: Exeggutor|Sitrus Berry|[eat]\n|-heal|p1a: Exeggutor|220/312|[from] item: Sitrus Berry\n|move|p1a: Exeggutor|Psychic|p2a: Delibird\n|-damage|p2a: Delibird|30/100\n|\n|-item|p1a: Exeggutor|Sitrus Berry|[from] ability: Harvest\n|upkeep\n|turn|17\n|inactive|Time left: 300 sec this turn | 300 sec total\n|\n|t:|1783563149\n|move|p2a: Delibird|Freeze-Dry|p1a: Exeggutor\n|-supereffective|p1a: Exeggutor\n|-damage|p1a: Exeggutor|52/312\n|-enditem|p1a: Exeggutor|Sitrus Berry|[eat]\n|-heal|p1a: Exeggutor|130/312|[from] item: Sitrus Berry\n|move|p1a: Exeggutor|Psychic|p2a: Delibird\n|-damage|p2a: Delibird|0 fnt\n|faint|p2a: Delibird\n|\n|win|p0x20641905", "uploadtime": 1783563149, "views": 0, "rating": 0, "private": 0, "password": null, "_winner": "p0x20641905", "_our_name": "p0x20641905"}