{"id": "battle-gen9randombattle-363", "formatid": "gen9randombattle", "format": "[Gen 9] Random Battle", "players": ["p0x3636c55", "p0y36342d9"], "log": "|init|battle\n|title|p0x3636c55 vs. p0y36342d9\n|j|\u2606p0x3636c55\n|j|\u2606p0y36342d9\n|t:|1783543862\n|gametype|singles\n|player|p1|p0x3636c55|102|\n|player|p2|p0y36342d9|265|\n|gen|9\n|tier|[Gen 9] Random Battle\n|rule|Species Clause: Limit one of each Pok\u00e9mon\n|rule|HP Percentage Mod: HP is shown in percentages\n|rule|Sleep Clause Mod: Limit one foe put to sleep\n|rule|Illusion Level Mod: Illusion disguises the Pok\u00e9mon's true level\n|\n|t:|1783543862\n|teamsize|p1|6\n|teamsize|p2|6\n|start\n|switch|p1a: Iron Valiant|Iron Valiant, L78|100/100\n|switch|p2a: Emboar|Emboar, L84, F|322/322\n|turn|1\n|inactive|Battle timer is ON: inactive players will automatically lose when time's up. (requested by p0x3636c55)\n|inactive|Time left: 300 sec this turn | 300 sec total | 60 sec grace\n|inactive|p0y36342d9 also wants the timer to be on.\n|\n|t:|1783543864\n|move|p1a: Iron Valiant|Close Combat|p2a: Emboar\n|-damage|p2a: Emboar|92/322\n|-unboost|p1a: Iron Valiant|def|1\n|-unboost|p1a: Iron Valiant|spd|1\n|-damage|p1a: Iron Valiant|91/100|[from] item: Life Orb\n|move|p2a: Emboar|Flare Blitz|p1a: Iron Valiant\n|-damage|p1a: Iron Valiant|0 fnt\n|faint|p1a: Iron Valiant\n|-end|p1a: Iron Valiant|Quark Drive|[silent]\n|-damage|p2a: Emboar|19/322|[from] Recoil\n|\n|-heal|p2a: Emboar|39/322|[from] item: Leftovers\n|upkeep\n|\n|t:|1783543865\n|switch|p1a: Keldeo|Keldeo-Resolute, L79|100/100\n|turn|2\n|inactive|Time left: 300 sec this turn | 300 sec total\n|\n|t:|1783543866\n|move|p1a: Keldeo|Secret Sword|p2a: Emboar\n|-damage|p2a: Emboar|0 fnt\n|faint|p2a: Emboar\n|\n|upkeep\n|inactive|Time left: 300 sec this turn | 300 sec total | 5 sec grace\n|\n|t:|1783543867\n|switch|p2a: Drifblim|Drifblim, L86, M|396/396\n|turn|3\n|inactive|Time left: 300 sec this turn | 300 sec total\n|\n|t:|1783543868\n|switch|p1a: Carbink|Carbink, L90|100/100\n|move|p2a: Drifblim|Calm Mind|p2a: Drifblim\n|-boost|p2a: Drifblim|spa|1\n|-boost|p2a: Drifblim|spd|1\n|\n|upkeep\n|turn|4\n|inactive|Time left: 300 sec this turn | 300 sec total\n|\n|t:|1783543870\n|move|p2a: Drifblim|Calm Mind|p2a: Drifblim\n|-boost|p2a: Drifblim|spa|1\n|-boost|p2a: Drifblim|spd|1\n|move|p1a: Carbink|Rock Polish|p1a: Carbink\n|-boost|p1a: Carbink|spe|2\n|\n|upkeep\n|turn|5\n|inactive|Time left: 300 sec this turn | 300 sec total\n|\n|t:|1783543871\n|move|p1a: Carbink|Iron Defense|p1a: Carbink\n|-boost|p1a: Carbink|def|2\n|move|p2a: Drifblim|Shadow Ball|p1a: Carbink\n|-damage|p1a: Carbink|59/100\n|\n|-heal|p1a: Carbink|64/100|[from] item: Leftovers\n|upkeep\n|turn|6\n|inactive|Time left: 300 sec this turn | 300 sec total\n|\n|t:|1783543872\n|move|p1a: Carbink|Moonblast|p2a: Drifblim\n|-damage|p2a: Drifblim|348/396\n|move|p2a: Drifblim|Shadow Ball|p1a: Carbink\n|-damage|p1a: Carbink|18/100\n|\n|-heal|p1a: Carbink|24/100|[from] item: Leftovers\n|upkeep\n|turn|7\n|inactive|Time left: 300 sec this turn | 300 sec total\n|\n|t:|1783543873\n|move|p1a: Carbink|Moonblast|p2a: Drifblim\n|-damage|p2a: Drifblim|302/396\n|move|p2a: Drifblim|Shadow Ball|p1a: Carbink\n|-damage|p1a: Carbink|0 fnt\n|faint|p1a: Carbink\n|\n|upkeep\n|\n|t:|1783543875\n|switch|p1a: Iron Thorns|Iron Thorns, L83|100/100\n|-item|p1a: Iron Thorns|Air Balloon\n|turn|8\n|inactive|Time left: 300 sec this turn | 300 sec total\n|\n|t:|1783543875\n|move|p2a: Drifblim|Strength Sap|p1a: Iron Thorns\n|-unboost|p1a: Iron Thorns|atk|1\n|-heal|p2a: Drifblim|396/396\n|move|p1a: Iron Thorns|Stone Edge|p2a: Drifblim\n|-supereffective|p2a: Drifblim\n|-damage|p2a: Drifblim|112/396\n|-enditem|p2a: Drifblim|Sitrus Berry|[eat]\n|-heal|p2a: Drifblim|211/396|[from] item: Sitrus Berry\n|\n|upkeep\n|turn|9\n|inactive|Time left: 300 sec this turn | 300 sec total\n|\n|t:|1783543877\n|move|p2a: Drifblim|Strength Sap|p1a: Iron Thorns\n|-unboost|p1a: Iron Thorns|atk|1\n|-heal|p2a: Drifblim|391/396\n|move|p1a: Iron Thorns|Stone Edge|p2a: Drifblim|[miss]\n|-miss|p1a: Iron Thorns|p2a: Drifblim\n|\n|upkeep\n|turn|10\n|inactive|Time left: 300 sec this turn | 300 sec total\n|\n|t:|1783543878\n|move|p2a: Drifblim|Shadow Ball|p1a: Iron Thorns\n|-damage|p1a: Iron Thorns|42/100\n|-enditem|p1a: Iron Thorns|Air Balloon\n|move|p1a: Iron Thorns|Stone Edge|p2a: Drifblim\n|-supereffective|p2a: Drifblim\n|-damage|p2a: Drifblim|181/396\n|\n|upkeep\n|turn|11\n|inactive|Time left: 300 sec this turn | 300 sec total\n|\n|t:|1783543879\n|move|p2a: Drifblim|Shadow Ball|p1a: Iron Thorns\n|-damage|p1a: Iron Thorns|0 fnt\n|faint|p1a: Iron Thorns\n|-end|p1a: Iron Thorns|Quark Drive|[silent]\n|\n|upkeep\n|\n|t:|1783543880\n|switch|p1a: Flygon|Flygon, L82, M|100/100\n|turn|12\n|inactive|Time left: 300 sec this turn | 300 sec total\n|\n|t:|1783543881\n|move|p2a: Drifblim|Strength Sap|p1a: Flygon\n|-unboost|p1a: Flygon|atk|1\n|-heal|p2a: Drifblim|392/396\n|move|p1a: Flygon|Outrage|p2a: Drifblim\n|-damage|p2a: Drifblim|272/396\n|\n|upkeep\n|turn|13\n|inactive|Time left: 300 sec this turn | 300 sec total\n|\n|t:|1783543882\n|move|p2a: Drifblim|Shadow Ball|p1a: Flygon\n|-damage|p1a: Flygon|33/100\n|move|p1a: Flygon|Outrage|p2a: Drifblim|[from] lockedmove\n|-damage|p2a: Drifblim|140/396\n|\n|upkeep\n|turn|14\n|inactive|Time left: 300 sec this turn | 300 sec total\n|\n|t:|1783543883\n|move|p2a: Drifblim|Shadow Ball|p1a: Flygon\n|-damage|p1a: Flygon|0 fnt\n|faint|p1a: Flygon\n|\n|upkeep\n|\n|t:|1783543884\n|switch|p1a: Keldeo|Keldeo-Resolute, L79|100/100\n|turn|15\n|inactive|Time left: 300 sec this turn | 300 sec total\n|\n|t:|1783543885\n|-terastallize|p1a: Keldeo|Water\n|move|p2a: Drifblim|Air Slash|p1a: Keldeo\n|-damage|p1a: Keldeo|45/100\n|move|p1a: Keldeo|Hydro Pump|p2a: Drifblim\n|-damage|p2a: Drifblim|0 fnt\n|faint|p2a: Drifblim\n|\n|upkeep\n|inactive|Time left: 300 sec this turn | 300 sec total | 5 sec grace\n|\n|t:|1783543886\n|switch|p2a: Morpeko|Morpeko, L88, M|245/245\n|turn|16\n|inactive|Time left: 300 sec this turn | 300 sec total\n|\n|t:|1783543888\n|-terastallize|p2a: Morpeko|Electric\n|move|p2a: Morpeko|Aura Wheel|p1a: Keldeo\n|-supereffective|p1a: Keldeo\n|-damage|p1a: Keldeo|0 fnt\n|-boost|p2a: Morpeko|spe|1\n|faint|p1a: Keldeo\n|\n|upkeep\n|\n|t:|1783543889\n|switch|p1a: Trevenant|Trevenant, L89, M|100/100\n|turn|17\n|inactive|Time left: 300 sec this turn | 300 sec total\n|\n|t:|1783543890\n|move|p2a: Morpeko|Knock Off|p1a: Trevenant\n|-supereffective|p1a: Trevenant\n|-damage|p1a: Trevenant|27/100\n|-enditem|p1a: Trevenant|Life Orb|[from] move: Knock Off|[of] p2a: Morpeko\n|move|p1a: Trevenant|Drain Punch|p2a: Morpeko\n|-damage|p2a: Morpeko|164/245\n|-heal|p1a: Trevenant|41/100|[from] drain|[of] p2a: Morpeko\n|\n|-heal|p2a: Morpeko|179/245|[from] item: Leftovers\n|upkeep\n|turn|18\n|inactive|Time left: 300 sec this turn | 300 sec total\n|\n|t:|1783543891\n|move|p2a: Morpeko|Knock Off|p1a: Trevenant\n|-supereffective|p1a: Trevenant\n|-damage|p1a: Trevenant|0 fnt\n|faint|p1a: Trevenant\n|\n|win|p0y36342d9", "uploadtime": 1783543891, "views": 0, "rating": 0, "private": 0, "password": null, "_winner": "p0y36342d9", "_our_name": "p0y36342d9"}