{"id": "battle-gen9randombattle-2692", "formatid": "gen9randombattle", "format": "[Gen 9] Random Battle", "players": ["p0x26926b2f", "p0y26927508"], "log": "|init|battle\n|title|p0x26926b2f vs. p0y26927508\n|j|\u2606p0x26926b2f\n|j|\u2606p0y26927508\n|t:|1783571052\n|gametype|singles\n|player|p1|p0x26926b2f|169|\n|player|p2|p0y26927508|169|\n|gen|9\n|tier|[Gen 9] Random Battle\n|rule|Species Clause: Limit one of each Pok\u00e9mon\n|rule|HP Percentage Mod: HP is shown in percentages\n|rule|Sleep Clause Mod: Limit one foe put to sleep\n|rule|Illusion Level Mod: Illusion disguises the Pok\u00e9mon's true level\n|\n|t:|1783571052\n|teamsize|p1|6\n|teamsize|p2|6\n|start\n|switch|p1a: Charizard|Charizard, L85, M|271/271\n|switch|p2a: Minior|Minior-Orange, L79|100/100\n|-formechange|p2a: Minior|Minior-Meteor||[from] ability: Shields Down\n|turn|1\n|inactive|Battle timer is ON: inactive players will automatically lose when time's up. (requested by p0y26927508)\n|inactive|Time left: 300 sec this turn | 300 sec total | 60 sec grace\n|inactive|p0x26926b2f also wants the timer to be on.\n|\n|t:|1783571054\n|switch|p1a: Hariyama|Hariyama, L87, M|392/392\n|move|p2a: Minior|Shell Smash|p2a: Minior\n|-unboost|p2a: Minior|def|1\n|-unboost|p2a: Minior|spd|1\n|-boost|p2a: Minior|atk|2\n|-boost|p2a: Minior|spa|2\n|-boost|p2a: Minior|spe|2\n|-enditem|p2a: Minior|White Herb\n|-clearnegativeboost|p2a: Minior|[silent]\n|\n|-status|p1a: Hariyama|brn|[from] item: Flame Orb\n|upkeep\n|turn|2\n|inactive|Time left: 300 sec this turn | 300 sec total\n|\n|t:|1783571055\n|-terastallize|p1a: Hariyama|Normal\n|move|p2a: Minior|Acrobatics|p1a: Hariyama\n|-damage|p1a: Hariyama|214/392 brn\n|move|p1a: Hariyama|Close Combat|p2a: Minior\n|-damage|p2a: Minior|0 fnt\n|-unboost|p1a: Hariyama|def|1\n|-unboost|p1a: Hariyama|spd|1\n|faint|p2a: Minior\n|\n|-damage|p1a: Hariyama|190/392 brn|[from] brn\n|upkeep\n|\n|t:|1783571056\n|switch|p2a: Typhlosion|Typhlosion, L84, F|100/100\n|turn|3\n|inactive|Time left: 300 sec this turn | 300 sec total\n|\n|t:|1783571057\n|switch|p1a: Charizard|Charizard, L85, M|271/271\n|move|p2a: Typhlosion|Eruption|p1a: Charizard\n|-resisted|p1a: Charizard\n|-damage|p1a: Charizard|189/271\n|\n|upkeep\n|turn|4\n|inactive|Time left: 300 sec this turn | 300 sec total\n|\n|t:|1783571058\n|move|p2a: Typhlosion|Eruption|p1a: Charizard\n|-resisted|p1a: Charizard\n|-damage|p1a: Charizard|104/271\n|move|p1a: Charizard|Earthquake|p2a: Typhlosion\n|-supereffective|p2a: Typhlosion\n|-damage|p2a: Typhlosion|44/100\n|\n|upkeep\n|turn|5\n|inactive|Time left: 300 sec this turn | 300 sec total\n|\n|t:|1783571059\n|switch|p2a: Bellossom|Bellossom, L84, M|100/100\n|move|p1a: Charizard|Hurricane|p2a: Bellossom|[miss]\n|-miss|p1a: Charizard|p2a: Bellossom\n|\n|upkeep\n|turn|6\n|inactive|Time left: 300 sec this turn | 300 sec total\n|\n|t:|1783571059\n|move|p1a: Charizard|Hurricane|p2a: Bellossom|[miss]\n|-miss|p1a: Charizard|p2a: Bellossom\n|move|p2a: Bellossom|Quiver Dance|p2a: Bellossom\n|-boost|p2a: Bellossom|spa|1\n|-boost|p2a: Bellossom|spd|1\n|-boost|p2a: Bellossom|spe|1\n|\n|upkeep\n|turn|7\n|inactive|Time left: 300 sec this turn | 300 sec total\n|\n|t:|1783571060\n|switch|p1a: Slaking|Slaking, L84, F|389/389\n|move|p2a: Bellossom|Quiver Dance|p2a: Bellossom\n|-boost|p2a: Bellossom|spa|1\n|-boost|p2a: Bellossom|spd|1\n|-boost|p2a: Bellossom|spe|1\n|\n|upkeep\n|turn|8\n|inactive|Time left: 300 sec this turn | 300 sec total\n|\n|t:|1783571061\n|move|p2a: Bellossom|Strength Sap|p1a: Slaking\n|-unboost|p1a: Slaking|atk|1\n|move|p1a: Slaking|Giga Impact|p2a: Bellossom\n|-damage|p2a: Bellossom|22/100\n|-mustrecharge|p1a: Slaking\n|\n|-heal|p2a: Bellossom|28/100|[from] item: Leftovers\n|upkeep\n|turn|9\n|inactive|Time left: 300 sec this turn | 300 sec total\n|\n|t:|1783571062\n|move|p2a: Bellossom|Giga Drain|p1a: Slaking\n|-damage|p1a: Slaking|197/389\n|-heal|p2a: Bellossom|64/100|[from] drain|[of] p1a: Slaking\n|cant|p1a: Slaking|recharge\n|\n|-heal|p2a: Bellossom|70/100|[from] item: Leftovers\n|upkeep\n|turn|10\n|inactive|Time left: 300 sec this turn | 300 sec total\n|\n|t:|1783571063\n|move|p2a: Bellossom|Giga Drain|p1a: Slaking\n|-damage|p1a: Slaking|11/389\n|-heal|p2a: Bellossom|100/100|[from] drain|[of] p1a: Slaking\n|move|p1a: Slaking|Giga Impact|p2a: Bellossom\n|-crit|p2a: Bellossom\n|-damage|p2a: Bellossom|0 fnt\n|-mustrecharge|p1a: Slaking\n|faint|p2a: Bellossom\n|\n|upkeep\n|\n|t:|1783571064\n|switch|p2a: Typhlosion|Typhlosion, L84, F|44/100\n|turn|11\n|inactive|Time left: 300 sec this turn | 300 sec total\n|\n|t:|1783571065\n|move|p2a: Typhlosion|Fire Blast|p1a: Slaking\n|-damage|p1a: Slaking|0 fnt\n|faint|p1a: Slaking\n|\n|upkeep\n|inactive|Time left: 300 sec this turn | 300 sec total | 5 sec grace\n|\n|t:|1783571066\n|switch|p1a: Blastoise|Blastoise, L80, M|258/258\n|turn|12\n|inactive|Time left: 300 sec this turn | 300 sec total\n|\n|t:|1783571067\n|move|p2a: Typhlosion|Fire Blast|p1a: Blastoise|[miss]\n|-miss|p2a: Typhlosion|p1a: Blastoise\n|move|p1a: Blastoise|Shell Smash|p1a: Blastoise\n|-unboost|p1a: Blastoise|def|1\n|-unboost|p1a: Blastoise|spd|1\n|-boost|p1a: Blastoise|atk|2\n|-boost|p1a: Blastoise|spa|2\n|-boost|p1a: Blastoise|spe|2\n|-enditem|p1a: Blastoise|White Herb\n|-clearnegativeboost|p1a: Blastoise|[silent]\n|\n|upkeep\n|turn|13\n|inactive|Time left: 300 sec this turn | 300 sec total\n|\n|t:|1783571068\n|switch|p2a: Chimecho|Chimecho, L93, F|100/100\n|move|p1a: Blastoise|Hydro Pump|p2a: Chimecho\n|-damage|p2a: Chimecho|42/100\n|\n|-heal|p2a: Chimecho|48/100|[from] item: Leftovers\n|upkeep\n|turn|14\n|inactive|Time left: 300 sec this turn | 300 sec total\n|\n|t:|1783571069\n|move|p1a: Blastoise|Hydro Pump|p2a: Chimecho|[miss]\n|-miss|p1a: Blastoise|p2a: Chimecho\n|move|p2a: Chimecho|Recover|p2a: Chimecho\n|-heal|p2a: Chimecho|98/100\n|\n|-heal|p2a: Chimecho|100/100|[from] item: Leftovers\n|upkeep\n|turn|15\n|inactive|Time left: 300 sec this turn | 300 sec total\n|\n|t:|1783571070\n|move|p1a: Blastoise|Hydro Pump|p2a: Chimecho\n|-damage|p2a: Chimecho|38/100\n|move|p2a: Chimecho|Cosmic Power|p2a: Chimecho\n|-boost|p2a: Chimecho|def|1\n|-boost|p2a: Chimecho|spd|1\n|\n|-heal|p2a: Chimecho|44/100|[from] item: Leftovers\n|upkeep\n|turn|16\n|inactive|Time left: 300 sec this turn | 300 sec total\n|\n|t:|1783571071\n|move|p1a: Blastoise|Hydro Pump|p2a: Chimecho\n|-damage|p2a: Chimecho|3/100\n|move|p2a: Chimecho|Recover|p2a: Chimecho\n|-heal|p2a: Chimecho|53/100\n|\n|-heal|p2a: Chimecho|59/100|[from] item: Leftovers\n|upkeep\n|turn|17\n|inactive|Time left: 300 sec this turn | 300 sec total\n|\n|t:|1783571072\n|move|p1a: Blastoise|Hydro Pump|p2a: Chimecho\n|-damage|p2a: Chimecho|19/100\n|move|p2a: Chimecho|Recover|p2a: Chimecho\n|-heal|p2a: Chimecho|69/100\n|\n|-heal|p2a: Chimecho|76/100|[from] item: Leftovers\n|upkeep\n|turn|18\n|inactive|Time left: 300 sec this turn | 300 sec total\n|\n|t:|1783571073\n|move|p1a: Blastoise|Shell Smash|p1a: Blastoise\n|-unboost|p1a: Blastoise|def|1\n|-unboost|p1a: Blastoise|spd|1\n|-boost|p1a: Blastoise|atk|2\n|-boost|p1a: Blastoise|spa|2\n|-boost|p1a: Blastoise|spe|2\n|move|p2a: Chimecho|Cosmic Power|p2a: Chimecho\n|-boost|p2a: Chimecho|def|1\n|-boost|p2a: Chimecho|spd|1\n|\n|-heal|p2a: Chimecho|82/100|[from] item: Leftovers\n|upkeep\n|turn|19\n|inactive|Time left: 300 sec this turn | 300 sec total\n|\n|t:|1783571075\n|-terastallize|p2a: Chimecho|Steel\n|move|p1a: Blastoise|Hydro Pump|p2a: Chimecho|[miss]\n|-miss|p1a: Blastoise|p2a: Chimecho\n|move|p2a: Chimecho|Stored Power|p1a: Blastoise\n|-damage|p1a: Blastoise|90/258\n|\n|-heal|p2a: Chimecho|88/100|[from] item: Leftovers\n|upkeep\n|turn|20\n|inactive|Time left: 300 sec this turn | 300 sec total\n|\n|t:|1783571076\n|move|p1a: Blastoise|Ice Beam|p2a: Chimecho\n|-resisted|p2a: Chimecho\n|-damage|p2a: Chimecho|76/100\n|move|p2a: Chimecho|Stored Power|p1a: Blastoise\n|-damage|p1a: Blastoise|0 fnt\n|faint|p1a: Blastoise\n|\n|-heal|p2a: Chimecho|82/100|[from] item: Leftovers\n|upkeep\n|inactive|Time left: 300 sec this turn | 300 sec total | 5 sec grace\n|\n|t:|1783571077\n|switch|p1a: Hariyama|Hariyama, L87, M, tera:Normal|190/392 brn\n|turn|21\n|inactive|Time left: 300 sec this turn | 300 sec total\n|\n|t:|1783571078\n|move|p2a: Chimecho|Cosmic Power|p2a: Chimecho\n|-boost|p2a: Chimecho|def|1\n|-boost|p2a: Chimecho|spd|1\n|move|p1a: Hariyama|Close Combat|p2a: Chimecho\n|-supereffective|p2a: Chimecho\n|-damage|p2a: Chimecho|22/100\n|-unboost|p1a: Hariyama|def|1\n|-unboost|p1a: Hariyama|spd|1\n|\n|-heal|p2a: Chimecho|28/100|[from] item: Leftovers\n|-damage|p1a: Hariyama|166/392 brn|[from] brn\n|upkeep\n|turn|22\n|inactive|Time left: 300 sec this turn | 300 sec total\n|\n|t:|1783571079\n|move|p1a: Hariyama|Bullet Punch|p2a: Chimecho\n|-resisted|p2a: Chimecho\n|-damage|p2a: Chimecho|24/100\n|move|p2a: Chimecho|Recover|p2a: Chimecho\n|-heal|p2a: Chimecho|74/100\n|\n|-heal|p2a: Chimecho|80/100|[from] item: Leftovers\n|-damage|p1a: Hariyama|142/392 brn|[from] brn\n|upkeep\n|turn|23\n|inactive|Time left: 300 sec this turn | 300 sec total\n|\n|t:|1783571080\n|switch|p1a: Sceptile|Sceptile, L87, F|264/264\n|move|p2a: Chimecho|Stored Power|p1a: Sceptile\n|-damage|p1a: Sceptile|99/264\n|\n|-heal|p2a: Chimecho|87/100|[from] item: Leftovers\n|upkeep\n|turn|24\n|inactive|Time left: 300 sec this turn | 300 sec total\n|\n|t:|1783571081\n|move|p1a: Sceptile|Focus Blast|p2a: Chimecho\n|-supereffective|p2a: Chimecho\n|-damage|p2a: Chimecho|53/100\n|-damage|p1a: Sceptile|73/264|[from] item: Life Orb\n|move|p2a: Chimecho|Stored Power|p1a: Sceptile\n|-damage|p1a: Sceptile|0 fnt\n|faint|p1a: Sceptile\n|\n|-heal|p2a: Chimecho|59/100|[from] item: Leftovers\n|upkeep\n|inactive|Time left: 300 sec this turn | 300 sec total | 5 sec grace\n|\n|t:|1783571082\n|switch|p1a: Charizard|Charizard, L85, M|104/271\n|turn|25\n|inactive|Time left: 300 sec this turn | 300 sec total\n|\n|t:|1783571083\n|move|p1a: Charizard|Flamethrower|p2a: Chimecho\n|-supereffective|p2a: Chimecho\n|-damage|p2a: Chimecho|33/100\n|move|p2a: Chimecho|Stored Power|p1a: Charizard\n|-crit|p1a: Charizard\n|-damage|p1a: Charizard|0 fnt\n|faint|p1a: Charizard\n|\n|-heal|p2a: Chimecho|39/100|[from] item: Leftovers\n|upkeep\n|inactive|Time left: 300 sec this turn | 300 sec total | 5 sec grace\n|\n|t:|1783571084\n|switch|p1a: Furret|Furret, L94, F|312/312\n|-item|p2a: Chimecho|Leftovers|[from] ability: Frisk|[of] p1a: Furret\n|turn|26\n|inactive|Time left: 300 sec this turn | 300 sec total\n|\n|t:|1783571085\n|move|p1a: Furret|Double-Edge|p2a: Chimecho\n|-resisted|p2a: Chimecho\n|-damage|p2a: Chimecho|29/100\n|-damage|p1a: Furret|302/312|[from] Recoil\n|-damage|p1a: Furret|271/312|[from] item: Life Orb\n|move|p2a: Chimecho|Stored Power|p1a: Furret\n|-damage|p1a: Furret|33/312\n|\n|-heal|p2a: Chimecho|35/100|[from] item: Leftovers\n|upkeep\n|turn|27\n|inactive|Time left: 300 sec this turn | 300 sec total\n|\n|t:|1783571087\n|move|p1a: Furret|Knock Off|p2a: Chimecho\n|-damage|p2a: Chimecho|23/100\n|-enditem|p2a: Chimecho|Leftovers|[from] move: Knock Off|[of] p1a: Furret\n|-damage|p1a: Furret|2/312|[from] item: Life Orb\n|move|p2a: Chimecho|Stored Power|p1a: Furret\n|-damage|p1a: Furret|0 fnt\n|faint|p1a: Furret\n|\n|upkeep\n|inactive|Time left: 300 sec this turn | 300 sec total | 5 sec grace\n|\n|t:|1783571088\n|switch|p1a: Hariyama|Hariyama, L87, M, tera:Normal|142/392 brn\n|turn|28\n|inactive|Time left: 300 sec this turn | 300 sec total\n|\n|t:|1783571089\n|move|p2a: Chimecho|Stored Power|p1a: Hariyama\n|-damage|p1a: Hariyama|0 fnt\n|faint|p1a: Hariyama\n|\n|win|p0y26927508", "uploadtime": 1783571089, "views": 0, "rating": 0, "private": 0, "password": null, "_winner": "p0y26927508", "_our_name": "p0x26926b2f"}