{"id": "battle-gen9randombattle-2909", "formatid": "gen9randombattle", "format": "[Gen 9] Random Battle", "players": ["p0x290957b4", "p0y29095af6"], "log": "|init|battle\n|title|p0x290957b4 vs. p0y29095af6\n|j|\u2606p0x290957b4\n|j|\u2606p0y29095af6\n|t:|1783572539\n|gametype|singles\n|player|p1|p0x290957b4|170|\n|player|p2|p0y29095af6|101|\n|gen|9\n|tier|[Gen 9] Random Battle\n|rule|Species Clause: Limit one of each Pok\u00e9mon\n|rule|HP Percentage Mod: HP is shown in percentages\n|rule|Sleep Clause Mod: Limit one foe put to sleep\n|rule|Illusion Level Mod: Illusion disguises the Pok\u00e9mon's true level\n|\n|t:|1783572539\n|teamsize|p1|6\n|teamsize|p2|6\n|start\n|switch|p1a: Tatsugiri|Tatsugiri, L87, F|100/100\n|switch|p2a: Volbeat|Volbeat, L90, M|263/263\n|turn|1\n|inactive|Battle timer is ON: inactive players will automatically lose when time's up. (requested by p0y29095af6)\n|inactive|p0x290957b4 also wants the timer to be on.\n|\n|t:|1783572541\n|switch|p2a: Heracross|Heracross, L80, M|259/259\n|move|p1a: Tatsugiri|Nasty Plot|p1a: Tatsugiri\n|-boost|p1a: Tatsugiri|spa|2\n|\n|-status|p2a: Heracross|brn|[from] item: Flame Orb\n|upkeep\n|turn|2\n|inactive|Time left: 300 sec this turn | 300 sec total\n|\n|t:|1783572542\n|switch|p2a: Jumpluff|Jumpluff, L87, M|271/271\n|move|p1a: Tatsugiri|Hydro Pump|p2a: Jumpluff\n|-resisted|p2a: Jumpluff\n|-damage|p2a: Jumpluff|141/271\n|\n|upkeep\n|turn|3\n|inactive|Time left: 300 sec this turn | 300 sec total\n|\n|t:|1783572543\n|move|p2a: Jumpluff|Strength Sap|p1a: Tatsugiri\n|-unboost|p1a: Tatsugiri|atk|1\n|-heal|p2a: Jumpluff|271/271\n|move|p1a: Tatsugiri|Hydro Pump|p2a: Jumpluff\n|-resisted|p2a: Jumpluff\n|-crit|p2a: Jumpluff\n|-damage|p2a: Jumpluff|71/271\n|\n|upkeep\n|turn|4\n|inactive|Time left: 300 sec this turn | 300 sec total\n|\n|t:|1783572544\n|move|p2a: Jumpluff|Strength Sap|p1a: Tatsugiri\n|-unboost|p1a: Tatsugiri|atk|1\n|-heal|p2a: Jumpluff|162/271\n|move|p1a: Tatsugiri|Hydro Pump|p2a: Jumpluff\n|-resisted|p2a: Jumpluff\n|-damage|p2a: Jumpluff|32/271\n|\n|upkeep\n|turn|5\n|inactive|Time left: 300 sec this turn | 300 sec total\n|\n|t:|1783572545\n|move|p2a: Jumpluff|Acrobatics|p1a: Tatsugiri\n|-damage|p1a: Tatsugiri|59/100\n|move|p1a: Tatsugiri|Hydro Pump|p2a: Jumpluff\n|-resisted|p2a: Jumpluff\n|-damage|p2a: Jumpluff|0 fnt\n|faint|p2a: Jumpluff\n|\n|upkeep\n|inactive|Time left: 300 sec this turn | 300 sec total | 5 sec grace\n|\n|t:|1783572546\n|switch|p2a: Dachsbun|Dachsbun, L92, F|254/254\n|turn|6\n|inactive|Time left: 300 sec this turn | 300 sec total\n|\n|t:|1783572546\n|-terastallize|p1a: Tatsugiri|Steel\n|move|p2a: Dachsbun|Play Rough|p1a: Tatsugiri\n|-resisted|p1a: Tatsugiri\n|-crit|p1a: Tatsugiri\n|-damage|p1a: Tatsugiri|22/100\n|-unboost|p1a: Tatsugiri|atk|1\n|move|p1a: Tatsugiri|Hydro Pump|p2a: Dachsbun|[miss]\n|-miss|p1a: Tatsugiri|p2a: Dachsbun\n|\n|upkeep\n|turn|7\n|inactive|Time left: 300 sec this turn | 300 sec total\n|\n|t:|1783572547\n|switch|p1a: Iron Treads|Iron Treads, L77|100/100\n|move|p2a: Dachsbun|Play Rough|p1a: Iron Treads\n|-resisted|p1a: Iron Treads\n|-damage|p1a: Iron Treads|84/100\n|\n|upkeep\n|turn|8\n|inactive|Time left: 300 sec this turn | 300 sec total\n|\n|t:|1783572548\n|move|p2a: Dachsbun|Body Press|p1a: Iron Treads\n|-supereffective|p1a: Iron Treads\n|-damage|p1a: Iron Treads|33/100\n|move|p1a: Iron Treads|Knock Off|p2a: Dachsbun\n|-resisted|p2a: Dachsbun\n|-damage|p2a: Dachsbun|229/254\n|-enditem|p2a: Dachsbun|Leftovers|[from] move: Knock Off|[of] p1a: Iron Treads\n|\n|upkeep\n|turn|9\n|inactive|Time left: 300 sec this turn | 300 sec total\n|\n|t:|1783572549\n|-end|p1a: Iron Treads|Quark Drive|[silent]\n|switch|p1a: Duraludon|Duraludon, L82, M|100/100\n|move|p2a: Dachsbun|Body Press|p1a: Duraludon\n|-supereffective|p1a: Duraludon\n|-damage|p1a: Duraludon|67/100\n|\n|upkeep\n|turn|10\n|inactive|Time left: 300 sec this turn | 300 sec total\n|\n|t:|1783572550\n|move|p2a: Dachsbun|Body Press|p1a: Duraludon\n|-supereffective|p1a: Duraludon\n|-damage|p1a: Duraludon|33/100\n|move|p1a: Duraludon|Flash Cannon|p2a: Dachsbun\n|-supereffective|p2a: Dachsbun\n|-damage|p2a: Dachsbun|47/254\n|-unboost|p2a: Dachsbun|spd|1\n|\n|upkeep\n|turn|11\n|inactive|Time left: 300 sec this turn | 300 sec total\n|\n|t:|1783572551\n|move|p2a: Dachsbun|Body Press|p1a: Duraludon\n|-supereffective|p1a: Duraludon\n|-damage|p1a: Duraludon|0 fnt\n|faint|p1a: Duraludon\n|\n|upkeep\n|\n|t:|1783572552\n|switch|p1a: Malamar|Malamar, L82, F|100/100\n|turn|12\n|inactive|Time left: 300 sec this turn | 300 sec total\n|\n|t:|1783572553\n|move|p2a: Dachsbun|Play Rough|p1a: Malamar|[miss]\n|-miss|p2a: Dachsbun|p1a: Malamar\n|move|p1a: Malamar|Superpower|p2a: Dachsbun\n|-resisted|p2a: Dachsbun\n|-damage|p2a: Dachsbun|19/254\n|-boost|p1a: Malamar|atk|1\n|-boost|p1a: Malamar|def|1\n|\n|upkeep\n|turn|13\n|inactive|Time left: 300 sec this turn | 300 sec total\n|\n|t:|1783572554\n|move|p2a: Dachsbun|Play Rough|p1a: Malamar\n|-supereffective|p1a: Malamar\n|-damage|p1a: Malamar|50/100\n|move|p1a: Malamar|Superpower|p2a: Dachsbun\n|-resisted|p2a: Dachsbun\n|-damage|p2a: Dachsbun|0 fnt\n|-boost|p1a: Malamar|atk|1\n|-boost|p1a: Malamar|def|1\n|faint|p2a: Dachsbun\n|\n|upkeep\n|inactive|Time left: 300 sec this turn | 300 sec total | 5 sec grace\n|\n|t:|1783572555\n|switch|p2a: Volbeat|Volbeat, L90, M|263/263\n|turn|14\n|inactive|Time left: 300 sec this turn | 300 sec total\n|\n|t:|1783572556\n|switch|p1a: Keldeo|Keldeo-Resolute, L79|100/100\n|move|p2a: Volbeat|Lunge|p1a: Keldeo\n|-resisted|p1a: Keldeo\n|-damage|p1a: Keldeo|86/100\n|-unboost|p1a: Keldeo|atk|1\n|\n|upkeep\n|turn|15\n|inactive|Time left: 300 sec this turn | 300 sec total\n|\n|t:|1783572557\n|move|p1a: Keldeo|Air Slash|p2a: Volbeat\n|-supereffective|p2a: Volbeat\n|-damage|p2a: Volbeat|103/263\n|move|p2a: Volbeat|Lunge|p1a: Keldeo\n|-resisted|p1a: Keldeo\n|-damage|p1a: Keldeo|71/100\n|-unboost|p1a: Keldeo|atk|1\n|\n|upkeep\n|turn|16\n|inactive|Time left: 300 sec this turn | 300 sec total\n|\n|t:|1783572558\n|switch|p2a: Honchkrow|Honchkrow, L86, M|312/312\n|move|p1a: Keldeo|Air Slash|p2a: Honchkrow\n|-damage|p2a: Honchkrow|192/312\n|\n|upkeep\n|turn|17\n|inactive|Time left: 300 sec this turn | 300 sec total\n|\n|t:|1783572559\n|move|p1a: Keldeo|Air Slash|p2a: Honchkrow\n|-damage|p2a: Honchkrow|68/312\n|move|p2a: Honchkrow|Brave Bird|p1a: Keldeo\n|-supereffective|p1a: Keldeo\n|-damage|p1a: Keldeo|0 fnt\n|faint|p1a: Keldeo\n|-ability|p2a: Honchkrow|Moxie|boost\n|-boost|p2a: Honchkrow|atk|1\n|-damage|p2a: Honchkrow|5/312|[from] Recoil\n|\n|upkeep\n|\n|t:|1783572560\n|switch|p1a: Grafaiai|Grafaiai, L86, F|100/100\n|turn|18\n|inactive|Time left: 300 sec this turn | 300 sec total\n|\n|t:|1783572561\n|move|p2a: Honchkrow|Sucker Punch|p1a: Grafaiai\n|-damage|p1a: Grafaiai|36/100\n|move|p1a: Grafaiai|Knock Off|p2a: Honchkrow\n|-resisted|p2a: Honchkrow\n|-damage|p2a: Honchkrow|0 fnt\n|-enditem|p2a: Honchkrow|Heavy-Duty Boots|[from] move: Knock Off|[of] p1a: Grafaiai\n|faint|p2a: Honchkrow\n|\n|upkeep\n|inactive|Time left: 300 sec this turn | 300 sec total | 5 sec grace\n|\n|t:|1783572562\n|switch|p2a: Swalot|Swalot, L90, F|326/326\n|turn|19\n|inactive|Time left: 300 sec this turn | 300 sec total\n|\n|t:|1783572562\n|move|p1a: Grafaiai|Parting Shot|p2a: Swalot\n|-unboost|p2a: Swalot|atk|1\n|-unboost|p2a: Swalot|spa|1\n|\n|t:|1783572563\n|switch|p1a: Malamar|Malamar, L82, F|50/100|[from] Parting Shot\n|move|p2a: Swalot|Swords Dance|p2a: Swalot\n|-boost|p2a: Swalot|atk|2\n|\n|upkeep\n|turn|20\n|inactive|Time left: 300 sec this turn | 300 sec total\n|\n|t:|1783572564\n|move|p1a: Malamar|Superpower|p2a: Swalot\n|-resisted|p2a: Swalot\n|-damage|p2a: Swalot|290/326\n|-boost|p1a: Malamar|atk|1\n|-boost|p1a: Malamar|def|1\n|move|p2a: Swalot|Gunk Shot|p1a: Malamar\n|-damage|p1a: Malamar|9/100\n|\n|-heal|p2a: Swalot|310/326|[from] item: Leftovers\n|upkeep\n|turn|21\n|inactive|Time left: 300 sec this turn | 300 sec total\n|\n|t:|1783572565\n|move|p1a: Malamar|Rest|p1a: Malamar\n|-status|p1a: Malamar|slp|[from] move: Rest\n|-heal|p1a: Malamar|100/100 slp|[silent]\n|-enditem|p1a: Malamar|Chesto Berry|[eat]\n|-curestatus|p1a: Malamar|slp|[msg]\n|move|p2a: Swalot|Knock Off|p1a: Malamar\n|-damage|p1a: Malamar|84/100\n|\n|-heal|p2a: Swalot|326/326|[from] item: Leftovers\n|upkeep\n|turn|22\n|inactive|Time left: 300 sec this turn | 300 sec total\n|\n|t:|1783572566\n|move|p1a: Malamar|Superpower|p2a: Swalot\n|-resisted|p2a: Swalot\n|-damage|p2a: Swalot|269/326\n|-boost|p1a: Malamar|atk|1\n|-boost|p1a: Malamar|def|1\n|move|p2a: Swalot|Gunk Shot|p1a: Malamar\n|-damage|p1a: Malamar|49/100\n|-status|p1a: Malamar|psn\n|\n|-heal|p2a: Swalot|289/326|[from] item: Leftovers\n|-damage|p1a: Malamar|36/100 psn|[from] psn\n|upkeep\n|turn|23\n|inactive|Time left: 300 sec this turn | 300 sec total\n|\n|t:|1783572567\n|move|p1a: Malamar|Psycho Cut|p2a: Swalot\n|-supereffective|p2a: Swalot\n|-damage|p2a: Swalot|31/326\n|move|p2a: Swalot|Gunk Shot|p1a: Malamar\n|-damage|p1a: Malamar|1/100 psn\n|\n|-heal|p2a: Swalot|51/326|[from] item: Leftovers\n|-damage|p1a: Malamar|0 fnt|[from] psn\n|faint|p1a: Malamar\n|upkeep\n|\n|t:|1783572568\n|switch|p1a: Iron Treads|Iron Treads, L77|33/100\n|turn|24\n|inactive|Time left: 300 sec this turn | 300 sec total\n|\n|t:|1783572569\n|move|p1a: Iron Treads|Iron Head|p2a: Swalot\n|-damage|p2a: Swalot|0 fnt\n|faint|p2a: Swalot\n|\n|upkeep\n|inactive|Time left: 300 sec this turn | 300 sec total | 5 sec grace\n|\n|t:|1783572570\n|switch|p2a: Heracross|Heracross, L80, M|259/259 brn\n|turn|25\n|inactive|Time left: 300 sec this turn | 300 sec total\n|\n|t:|1783572572\n|move|p1a: Iron Treads|Iron Head|p2a: Heracross\n|-damage|p2a: Heracross|168/259 brn\n|move|p2a: Heracross|Trailblaze|p1a: Iron Treads\n|-damage|p1a: Iron Treads|15/100\n|-boost|p2a: Heracross|spe|1\n|\n|-damage|p2a: Heracross|152/259 brn|[from] brn\n|upkeep\n|turn|26\n|inactive|Time left: 300 sec this turn | 300 sec total\n|\n|t:|1783572573\n|move|p2a: Heracross|Knock Off|p1a: Iron Treads\n|-damage|p1a: Iron Treads|0 fnt\n|-enditem|p1a: Iron Treads|Assault Vest|[from] move: Knock Off|[of] p2a: Heracross\n|faint|p1a: Iron Treads\n|-end|p1a: Iron Treads|Quark Drive|[silent]\n|\n|-damage|p2a: Heracross|136/259 brn|[from] brn\n|upkeep\n|\n|t:|1783572573\n|switch|p1a: Grafaiai|Grafaiai, L86, F|36/100\n|turn|27\n|inactive|Time left: 300 sec this turn | 300 sec total\n|\n|t:|1783572574\n|-terastallize|p2a: Heracross|Normal\n|move|p2a: Heracross|Close Combat|p1a: Grafaiai\n|-damage|p1a: Grafaiai|0 fnt\n|-unboost|p2a: Heracross|def|1\n|-unboost|p2a: Heracross|spd|1\n|faint|p1a: Grafaiai\n|\n|-damage|p2a: Heracross|120/259 brn|[from] brn\n|upkeep\n|\n|t:|1783572575\n|switch|p1a: Tatsugiri|Tatsugiri, L87, F, tera:Steel|22/100\n|turn|28\n|inactive|Time left: 300 sec this turn | 300 sec total\n|\n|t:|1783572576\n|move|p2a: Heracross|Knock Off|p1a: Tatsugiri\n|-damage|p1a: Tatsugiri|0 fnt\n|-enditem|p1a: Tatsugiri|Heavy-Duty Boots|[from] move: Knock Off|[of] p2a: Heracross\n|faint|p1a: Tatsugiri\n|\n|win|p0y29095af6", "uploadtime": 1783572576, "views": 0, "rating": 0, "private": 0, "password": null, "_winner": "p0y29095af6", "_our_name": "p0y29095af6"}