{"id": "battle-gen9randombattle-2936", "formatid": "gen9randombattle", "format": "[Gen 9] Random Battle", "players": ["p0x29362bc8", "p0y2936a897"], "log": "|init|battle\n|title|p0x29362bc8 vs. p0y2936a897\n|j|\u2606p0x29362bc8\n|j|\u2606p0y2936a897\n|t:|1783573804\n|gametype|singles\n|player|p1|p0x29362bc8|2|\n|player|p2|p0y2936a897|101|\n|gen|9\n|tier|[Gen 9] Random Battle\n|rule|Species Clause: Limit one of each Pok\u00e9mon\n|rule|HP Percentage Mod: HP is shown in percentages\n|rule|Sleep Clause Mod: Limit one foe put to sleep\n|rule|Illusion Level Mod: Illusion disguises the Pok\u00e9mon's true level\n|\n|t:|1783573804\n|teamsize|p1|6\n|teamsize|p2|6\n|start\n|switch|p1a: Empoleon|Empoleon, L84, M|100/100\n|switch|p2a: Bombirdier|Bombirdier, L85, F|258/258\n|turn|1\n|inactive|Battle timer is ON: inactive players will automatically lose when time's up. (requested by p0x29362bc8)\n|inactive|Time left: 300 sec this turn | 300 sec total | 60 sec grace\n|inactive|p0y2936a897 also wants the timer to be on.\n|\n|t:|1783573805\n|move|p2a: Bombirdier|Knock Off|p1a: Empoleon\n|-damage|p1a: Empoleon|61/100\n|-enditem|p1a: Empoleon|Leftovers|[from] move: Knock Off|[of] p2a: Bombirdier\n|move|p1a: Empoleon|Surf|p2a: Bombirdier\n|-damage|p2a: Bombirdier|147/258\n|\n|upkeep\n|turn|2\n|inactive|Time left: 300 sec this turn | 300 sec total\n|\n|t:|1783573807\n|move|p2a: Bombirdier|Roost|p2a: Bombirdier\n|-heal|p2a: Bombirdier|258/258\n|-singleturn|p2a: Bombirdier|move: Roost\n|move|p1a: Empoleon|Surf|p2a: Bombirdier\n|-damage|p2a: Bombirdier|141/258\n|\n|upkeep\n|turn|3\n|inactive|Time left: 300 sec this turn | 300 sec total\n|\n|t:|1783573808\n|move|p2a: Bombirdier|Roost|p2a: Bombirdier\n|-heal|p2a: Bombirdier|258/258\n|-singleturn|p2a: Bombirdier|move: Roost\n|move|p1a: Empoleon|Roost|p1a: Empoleon\n|-heal|p1a: Empoleon|100/100\n|-singleturn|p1a: Empoleon|move: Roost\n|\n|upkeep\n|turn|4\n|inactive|Time left: 300 sec this turn | 300 sec total\n|\n|t:|1783573809\n|move|p2a: Bombirdier|Knock Off|p1a: Empoleon\n|-damage|p1a: Empoleon|71/100\n|move|p1a: Empoleon|Surf|p2a: Bombirdier\n|-damage|p2a: Bombirdier|159/258\n|\n|upkeep\n|turn|5\n|inactive|Time left: 300 sec this turn | 300 sec total\n|\n|t:|1783573810\n|move|p2a: Bombirdier|Roost|p2a: Bombirdier\n|-heal|p2a: Bombirdier|258/258\n|-singleturn|p2a: Bombirdier|move: Roost\n|move|p1a: Empoleon|Surf|p2a: Bombirdier\n|-damage|p2a: Bombirdier|146/258\n|\n|upkeep\n|turn|6\n|inactive|Time left: 300 sec this turn | 300 sec total\n|\n|t:|1783573811\n|move|p2a: Bombirdier|Roost|p2a: Bombirdier\n|-heal|p2a: Bombirdier|258/258\n|-singleturn|p2a: Bombirdier|move: Roost\n|move|p1a: Empoleon|Surf|p2a: Bombirdier\n|-damage|p2a: Bombirdier|149/258\n|\n|upkeep\n|turn|7\n|inactive|Time left: 300 sec this turn | 300 sec total\n|\n|t:|1783573812\n|move|p2a: Bombirdier|Roost|p2a: Bombirdier\n|-heal|p2a: Bombirdier|258/258\n|-singleturn|p2a: Bombirdier|move: Roost\n|move|p1a: Empoleon|Surf|p2a: Bombirdier\n|-damage|p2a: Bombirdier|158/258\n|\n|upkeep\n|turn|8\n|inactive|Time left: 300 sec this turn | 300 sec total\n|\n|t:|1783573813\n|move|p2a: Bombirdier|Roost|p2a: Bombirdier\n|-heal|p2a: Bombirdier|258/258\n|-singleturn|p2a: Bombirdier|move: Roost\n|move|p1a: Empoleon|Surf|p2a: Bombirdier\n|-damage|p2a: Bombirdier|149/258\n|\n|upkeep\n|turn|9\n|inactive|Time left: 300 sec this turn | 300 sec total\n|\n|t:|1783573814\n|move|p2a: Bombirdier|Roost|p2a: Bombirdier\n|-heal|p2a: Bombirdier|258/258\n|-singleturn|p2a: Bombirdier|move: Roost\n|move|p1a: Empoleon|Surf|p2a: Bombirdier\n|-damage|p2a: Bombirdier|153/258\n|\n|upkeep\n|turn|10\n|inactive|Time left: 300 sec this turn | 300 sec total\n|\n|t:|1783573815\n|move|p2a: Bombirdier|Roost|p2a: Bombirdier\n|-heal|p2a: Bombirdier|258/258\n|-singleturn|p2a: Bombirdier|move: Roost\n|move|p1a: Empoleon|Surf|p2a: Bombirdier\n|-damage|p2a: Bombirdier|159/258\n|\n|upkeep\n|turn|11\n|inactive|Time left: 300 sec this turn | 300 sec total\n|\n|t:|1783573816\n|switch|p2a: Decidueye|Decidueye-Hisui, L87, M|295/295\n|move|p1a: Empoleon|Surf|p2a: Decidueye\n|-resisted|p2a: Decidueye\n|-damage|p2a: Decidueye|248/295\n|\n|-heal|p2a: Decidueye|266/295|[from] item: Leftovers\n|upkeep\n|turn|12\n|inactive|Time left: 300 sec this turn | 300 sec total\n|\n|t:|1783573817\n|switch|p1a: Seviper|Seviper, L93, F|100/100\n|move|p2a: Decidueye|Triple Arrows|p1a: Seviper\n|-resisted|p1a: Seviper\n|-damage|p1a: Seviper|79/100\n|\n|-heal|p1a: Seviper|84/100|[from] item: Leftovers\n|-heal|p2a: Decidueye|284/295|[from] item: Leftovers\n|upkeep\n|turn|13\n|inactive|Time left: 300 sec this turn | 300 sec total\n|\n|t:|1783573818\n|switch|p2a: Bronzong|Bronzong, L88|261/261\n|move|p1a: Seviper|Gunk Shot|p2a: Bronzong\n|-immune|p2a: Bronzong\n|\n|-heal|p1a: Seviper|90/100|[from] item: Leftovers\n|upkeep\n|turn|14\n|inactive|Time left: 300 sec this turn | 300 sec total\n|\n|t:|1783573819\n|move|p1a: Seviper|Swords Dance|p1a: Seviper\n|-boost|p1a: Seviper|atk|2\n|move|p2a: Bronzong|Psychic Noise|p1a: Seviper\n|-supereffective|p1a: Seviper\n|-damage|p1a: Seviper|28/100\n|-start|p1a: Seviper|move: Heal Block\n|\n|upkeep\n|turn|15\n|inactive|Time left: 300 sec this turn | 300 sec total\n|\n|t:|1783573820\n|switch|p1a: Ceruledge|Ceruledge, L78, F|100/100\n|move|p2a: Bronzong|Psychic Noise|p1a: Ceruledge\n|-damage|p1a: Ceruledge|69/100\n|-start|p1a: Ceruledge|move: Heal Block\n|\n|upkeep\n|turn|16\n|inactive|Time left: 300 sec this turn | 300 sec total\n|\n|t:|1783573821\n|switch|p2a: Bombirdier|Bombirdier, L85, F|159/258\n|move|p1a: Ceruledge|Poltergeist|p2a: Bombirdier\n|-activate|p2a: Bombirdier|move: Poltergeist|Heavy-Duty Boots\n|-resisted|p2a: Bombirdier\n|-damage|p2a: Bombirdier|99/258\n|\n|-end|p1a: Ceruledge|move: Heal Block\n|upkeep\n|turn|17\n|inactive|Time left: 300 sec this turn | 300 sec total\n|\n|t:|1783573822\n|switch|p1a: Mimikyu|Mimikyu, L79, F|100/100\n|move|p2a: Bombirdier|Knock Off|p1a: Mimikyu\n|-activate|p1a: Mimikyu|ability: Disguise\n|-damage|p1a: Mimikyu|100/100\n|-enditem|p1a: Mimikyu|Life Orb|[from] move: Knock Off|[of] p2a: Bombirdier\n|detailschange|p1a: Mimikyu|Mimikyu-Busted, L79, F\n|-damage|p1a: Mimikyu|88/100|[from] pokemon: Mimikyu-Busted\n|\n|upkeep\n|turn|18\n|inactive|Time left: 300 sec this turn | 300 sec total\n|\n|t:|1783573823\n|switch|p2a: Qwilfish|Qwilfish, L86, M|252/252\n|-ability|p2a: Qwilfish|Intimidate|boost\n|-unboost|p1a: Mimikyu|atk|1\n|move|p1a: Mimikyu|Play Rough|p2a: Qwilfish\n|-resisted|p2a: Qwilfish\n|-damage|p2a: Qwilfish|225/252\n|\n|-heal|p2a: Qwilfish|240/252|[from] item: Leftovers\n|upkeep\n|turn|19\n|inactive|Time left: 300 sec this turn | 300 sec total\n|\n|t:|1783573824\n|switch|p1a: Empoleon|Empoleon, L84, M|71/100\n|move|p2a: Qwilfish|Waterfall|p1a: Empoleon\n|-resisted|p1a: Empoleon\n|-damage|p1a: Empoleon|55/100\n|\n|-heal|p2a: Qwilfish|252/252|[from] item: Leftovers\n|upkeep\n|turn|20\n|inactive|Time left: 300 sec this turn | 300 sec total\n|\n|t:|1783573825\n|move|p2a: Qwilfish|Thunder Wave|p1a: Empoleon\n|-status|p1a: Empoleon|par\n|move|p1a: Empoleon|Roost|p1a: Empoleon\n|-heal|p1a: Empoleon|100/100 par\n|-singleturn|p1a: Empoleon|move: Roost\n|\n|upkeep\n|turn|21\n|inactive|Time left: 300 sec this turn | 300 sec total\n|\n|t:|1783573826\n|move|p2a: Qwilfish|Waterfall|p1a: Empoleon\n|-resisted|p1a: Empoleon\n|-damage|p1a: Empoleon|84/100 par\n|cant|p1a: Empoleon|par\n|\n|upkeep\n|turn|22\n|inactive|Time left: 300 sec this turn | 300 sec total\n|\n|t:|1783573827\n|move|p2a: Qwilfish|Waterfall|p1a: Empoleon\n|-resisted|p1a: Empoleon\n|-damage|p1a: Empoleon|68/100 par\n|move|p1a: Empoleon|Knock Off|p2a: Qwilfish\n|-damage|p2a: Qwilfish|189/252\n|-enditem|p2a: Qwilfish|Leftovers|[from] move: Knock Off|[of] p1a: Empoleon\n|\n|upkeep\n|turn|23\n|inactive|Time left: 300 sec this turn | 300 sec total\n|\n|t:|1783573828\n|move|p2a: Qwilfish|Waterfall|p1a: Empoleon\n|-resisted|p1a: Empoleon\n|-damage|p1a: Empoleon|53/100 par\n|move|p1a: Empoleon|Surf|p2a: Qwilfish\n|-resisted|p2a: Qwilfish\n|-damage|p2a: Qwilfish|121/252\n|\n|upkeep\n|turn|24\n|inactive|Time left: 300 sec this turn | 300 sec total\n|\n|t:|1783573829\n|move|p2a: Qwilfish|Waterfall|p1a: Empoleon\n|-resisted|p1a: Empoleon\n|-damage|p1a: Empoleon|38/100 par\n|move|p1a: Empoleon|Roost|p1a: Empoleon\n|-heal|p1a: Empoleon|88/100 par\n|-singleturn|p1a: Empoleon|move: Roost\n|\n|upkeep\n|turn|25\n|inactive|Time left: 300 sec this turn | 300 sec total\n|\n|t:|1783573831\n|move|p2a: Qwilfish|Waterfall|p1a: Empoleon\n|-resisted|p1a: Empoleon\n|-damage|p1a: Empoleon|74/100 par\n|move|p1a: Empoleon|Knock Off|p2a: Qwilfish\n|-crit|p2a: Qwilfish\n|-damage|p2a: Qwilfish|62/252\n|\n|upkeep\n|turn|26\n|inactive|Time left: 300 sec this turn | 300 sec total\n|\n|t:|1783573832\n|move|p2a: Qwilfish|Waterfall|p1a: Empoleon\n|-resisted|p1a: Empoleon\n|-damage|p1a: Empoleon|56/100 par\n|move|p1a: Empoleon|Surf|p2a: Qwilfish\n|-resisted|p2a: Qwilfish\n|-crit|p2a: Qwilfish\n|-damage|p2a: Qwilfish|0 fnt\n|faint|p2a: Qwilfish\n|\n|upkeep\n|inactive|Time left: 300 sec this turn | 300 sec total | 5 sec grace\n|\n|t:|1783573833\n|switch|p2a: Pikachu|Pikachu-Original, L93, M|216/216\n|turn|27\n|inactive|Time left: 300 sec this turn | 300 sec total\n|\n|t:|1783573834\n|move|p2a: Pikachu|Volt Switch|p1a: Empoleon\n|-supereffective|p1a: Empoleon\n|-damage|p1a: Empoleon|0 fnt\n|faint|p1a: Empoleon\n|inactive|Time left: 300 sec this turn | 300 sec total | 5 sec grace\n|\n|t:|1783573835\n|switch|p2a: Bombirdier|Bombirdier, L85, F|99/258|[from] Volt Switch\n|\n|upkeep\n|\n|t:|1783573836\n|switch|p1a: Hitmonlee|Hitmonlee, L85, M|100/100\n|turn|28\n|inactive|Time left: 300 sec this turn | 300 sec total\n|\n|t:|1783573837\n|move|p1a: Hitmonlee|Close Combat|p2a: Bombirdier\n|-damage|p2a: Bombirdier|0 fnt\n|-unboost|p1a: Hitmonlee|def|1\n|-unboost|p1a: Hitmonlee|spd|1\n|faint|p2a: Bombirdier\n|-enditem|p1a: Hitmonlee|White Herb\n|-clearnegativeboost|p1a: Hitmonlee|[silent]\n|\n|upkeep\n|inactive|Time left: 300 sec this turn | 300 sec total | 5 sec grace\n|\n|t:|1783573837\n|switch|p2a: Bronzong|Bronzong, L88|261/261\n|turn|29\n|inactive|Time left: 300 sec this turn | 300 sec total\n|\n|t:|1783573838\n|move|p1a: Hitmonlee|Swords Dance|p1a: Hitmonlee\n|-boost|p1a: Hitmonlee|atk|2\n|move|p2a: Bronzong|Psychic Noise|p1a: Hitmonlee\n|-supereffective|p1a: Hitmonlee\n|-damage|p1a: Hitmonlee|43/100\n|-start|p1a: Hitmonlee|move: Heal Block\n|\n|upkeep\n|turn|30\n|inactive|Time left: 300 sec this turn | 300 sec total\n|\n|t:|1783573839\n|-terastallize|p2a: Bronzong|Fighting\n|move|p1a: Hitmonlee|Close Combat|p2a: Bronzong\n|-damage|p2a: Bronzong|20/261\n|-unboost|p1a: Hitmonlee|def|1\n|-unboost|p1a: Hitmonlee|spd|1\n|move|p2a: Bronzong|Iron Head|p1a: Hitmonlee\n|-damage|p1a: Hitmonlee|0 fnt\n|faint|p1a: Hitmonlee\n|\n|-heal|p2a: Bronzong|36/261|[from] item: Leftovers\n|upkeep\n|\n|t:|1783573840\n|switch|p1a: Ceruledge|Ceruledge, L78, F|69/100\n|turn|31\n|inactive|Time left: 300 sec this turn | 300 sec total\n|\n|t:|1783573841\n|move|p1a: Ceruledge|Swords Dance|p1a: Ceruledge\n|-boost|p1a: Ceruledge|atk|2\n|move|p2a: Bronzong|Psychic Noise|p1a: Ceruledge\n|-damage|p1a: Ceruledge|38/100\n|-start|p1a: Ceruledge|move: Heal Block\n|\n|-heal|p2a: Bronzong|52/261|[from] item: Leftovers\n|upkeep\n|turn|32\n|inactive|Time left: 300 sec this turn | 300 sec total\n|\n|t:|1783573843\n|move|p1a: Ceruledge|Poltergeist|p2a: Bronzong\n|-activate|p2a: Bronzong|move: Poltergeist|Leftovers\n|-damage|p2a: Bronzong|0 fnt\n|faint|p2a: Bronzong\n|\n|-end|p1a: Ceruledge|move: Heal Block\n|upkeep\n|inactive|Time left: 300 sec this turn | 300 sec total | 5 sec grace\n|\n|t:|1783573844\n|switch|p2a: Pikachu|Pikachu-Original, L93, M|216/216\n|turn|33\n|inactive|Time left: 300 sec this turn | 300 sec total\n|\n|t:|1783573845\n|move|p2a: Pikachu|Knock Off|p1a: Ceruledge\n|-supereffective|p1a: Ceruledge\n|-damage|p1a: Ceruledge|0 fnt\n|-enditem|p1a: Ceruledge|Heavy-Duty Boots|[from] move: Knock Off|[of] p2a: Pikachu\n|faint|p1a: Ceruledge\n|\n|upkeep\n|\n|t:|1783573846\n|switch|p1a: Mienshao|Mienshao, L83, M|100/100\n|turn|34\n|inactive|Time left: 300 sec this turn | 300 sec total\n|\n|t:|1783573847\n|switch|p2a: Tropius|Tropius, L91, M|328/328\n|move|p1a: Mienshao|Close Combat|p2a: Tropius\n|-resisted|p2a: Tropius\n|-damage|p2a: Tropius|237/328\n|-unboost|p1a: Mienshao|def|1\n|-unboost|p1a: Mienshao|spd|1\n|-damage|p1a: Mienshao|91/100|[from] item: Life Orb\n|\n|upkeep\n|turn|35\n|inactive|Time left: 300 sec this turn | 300 sec total\n|\n|t:|1783573848\n|-terastallize|p1a: Mienshao|Dark\n|move|p1a: Mienshao|Swords Dance|p1a: Mienshao\n|-boost|p1a: Mienshao|atk|2\n|move|p2a: Tropius|Air Slash|p1a: Mienshao\n|-damage|p1a: Mienshao|28/100\n|\n|upkeep\n|turn|36\n|inactive|Time left: 300 sec this turn | 300 sec total\n|\n|t:|1783573849\n|move|p2a: Tropius|Protect|p2a: Tropius\n|-singleturn|p2a: Tropius|Protect\n|move|p1a: Mienshao|Poison Jab|p2a: Tropius\n|-activate|p2a: Tropius|move: Protect\n|\n|upkeep\n|turn|37\n|inactive|Time left: 300 sec this turn | 300 sec total\n|\n|t:|1783573850\n|move|p1a: Mienshao|Poison Jab|p2a: Tropius\n|-supereffective|p2a: Tropius\n|-damage|p2a: Tropius|0 fnt\n|faint|p2a: Tropius\n|-damage|p1a: Mienshao|18/100|[from] item: Life Orb\n|\n|upkeep\n|inactive|Time left: 300 sec this turn | 300 sec total | 5 sec grace\n|\n|t:|1783573851\n|switch|p2a: Decidueye|Decidueye-Hisui, L87, M|284/295\n|turn|38\n|inactive|Time left: 300 sec this turn | 300 sec total\n|\n|t:|1783573852\n|move|p2a: Decidueye|Sucker Punch|p1a: Mienshao\n|-resisted|p1a: Mienshao\n|-damage|p1a: Mienshao|0 fnt\n|faint|p1a: Mienshao\n|\n|-heal|p2a: Decidueye|295/295|[from] item: Leftovers\n|upkeep\n|\n|t:|1783573852\n|switch|p1a: Seviper|Seviper, L93, F|28/100\n|turn|39\n|inactive|Time left: 300 sec this turn | 300 sec total\n|\n|t:|1783573853\n|move|p1a: Seviper|Trailblaze|p2a: Decidueye\n|-resisted|p2a: Decidueye\n|-damage|p2a: Decidueye|271/295\n|-boost|p1a: Seviper|spe|1\n|move|p2a: Decidueye|Leaf Blade|p1a: Seviper\n|-resisted|p1a: Seviper\n|-crit|p1a: Seviper\n|-damage|p1a: Seviper|0 fnt\n|faint|p1a: Seviper\n|\n|-heal|p2a: Decidueye|289/295|[from] item: Leftovers\n|upkeep\n|\n|t:|1783573854\n|switch|p1a: Mimikyu|Mimikyu-Busted, L79, F|88/100\n|turn|40\n|inactive|Time left: 300 sec this turn | 300 sec total\n|\n|t:|1783573855\n|move|p1a: Mimikyu|Play Rough|p2a: Decidueye\n|-supereffective|p2a: Decidueye\n|-crit|p2a: Decidueye\n|-damage|p2a: Decidueye|25/295\n|move|p2a: Decidueye|Leaf Blade|p1a: Mimikyu\n|-damage|p1a: Mimikyu|33/100\n|\n|-heal|p2a: Decidueye|43/295|[from] item: Leftovers\n|upkeep\n|turn|41\n|inactive|Time left: 300 sec this turn | 300 sec total\n|\n|t:|1783573856\n|move|p1a: Mimikyu|Drain Punch|p2a: Decidueye\n|-damage|p2a: Decidueye|0 fnt\n|-heal|p1a: Mimikyu|44/100|[from] drain|[of] p2a: Decidueye\n|faint|p2a: Decidueye\n|\n|upkeep\n|inactive|Time left: 300 sec this turn | 300 sec total | 5 sec grace\n|\n|t:|1783573857\n|switch|p2a: Pikachu|Pikachu-Original, L93, M|216/216\n|turn|42\n|inactive|Time left: 300 sec this turn | 300 sec total\n|\n|t:|1783573857\n|move|p2a: Pikachu|Volt Switch|p1a: Mimikyu\n|-damage|p1a: Mimikyu|0 fnt\n|faint|p1a: Mimikyu\n|\n|win|p0y2936a897", "uploadtime": 1783573857, "views": 0, "rating": 0, "private": 0, "password": null, "_winner": "p0y2936a897", "_our_name": "p0y2936a897"}