{"id": "battle-gen9randombattle-1842", "formatid": "gen9randombattle", "format": "[Gen 9] Random Battle", "players": ["p0x1842eb8b", "p0y1842e0e8"], "log": "|init|battle\n|title|p0x1842eb8b vs. p0y1842e0e8\n|j|\u2606p0x1842eb8b\n|j|\u2606p0y1842e0e8\n|t:|1783561314\n|gametype|singles\n|player|p1|p0x1842eb8b|265|\n|player|p2|p0y1842e0e8|2|\n|gen|9\n|tier|[Gen 9] Random Battle\n|rule|Species Clause: Limit one of each Pok\u00e9mon\n|rule|HP Percentage Mod: HP is shown in percentages\n|rule|Sleep Clause Mod: Limit one foe put to sleep\n|rule|Illusion Level Mod: Illusion disguises the Pok\u00e9mon's true level\n|\n|t:|1783561314\n|teamsize|p1|6\n|teamsize|p2|6\n|start\n|switch|p1a: Ditto|Ditto, L87|100/100\n|switch|p2a: Annihilape|Annihilape, L76, F|292/292\n|-transform|p1a: Ditto|p2a: Annihilape|[from] ability: Imposter\n|turn|1\n|inactive|Battle timer is ON: inactive players will automatically lose when time's up. (requested by p0y1842e0e8)\n|inactive|p0x1842eb8b also wants the timer to be on.\n|\n|t:|1783561315\n|switch|p1a: Ninetales|Ninetales-Alola, L78, M|100/100\n|-weather|Snowscape|[from] ability: Snow Warning|[of] p1a: Ninetales\n|move|p2a: Annihilape|Rage Fist|p1a: Ninetales\n|-damage|p1a: Ninetales|84/100\n|\n|-weather|Snowscape|[upkeep]\n|upkeep\n|turn|2\n|inactive|Time left: 300 sec this turn | 300 sec total\n|\n|t:|1783561317\n|move|p1a: Ninetales|Aurora Veil|p1a: Ninetales\n|-sidestart|p1: p0x1842eb8b|move: Aurora Veil\n|move|p2a: Annihilape|Bulk Up|p2a: Annihilape\n|-boost|p2a: Annihilape|atk|1\n|-boost|p2a: Annihilape|def|1\n|\n|-weather|Snowscape|[upkeep]\n|upkeep\n|turn|3\n|inactive|Time left: 300 sec this turn | 300 sec total\n|\n|t:|1783561318\n|move|p1a: Ninetales|Nasty Plot|p1a: Ninetales\n|-boost|p1a: Ninetales|spa|2\n|move|p2a: Annihilape|Drain Punch|p1a: Ninetales\n|-damage|p1a: Ninetales|64/100\n|\n|-weather|Snowscape|[upkeep]\n|upkeep\n|turn|4\n|inactive|Time left: 300 sec this turn | 300 sec total\n|\n|t:|1783561319\n|switch|p2a: Scizor|Scizor, L79, F|240/240\n|move|p1a: Ninetales|Moonblast|p2a: Scizor\n|-resisted|p2a: Scizor\n|-damage|p2a: Scizor|159/240\n|-unboost|p2a: Scizor|spa|1\n|\n|-weather|Snowscape|[upkeep]\n|upkeep\n|turn|5\n|inactive|Time left: 300 sec this turn | 300 sec total\n|\n|t:|1783561320\n|move|p2a: Scizor|Bullet Punch|p1a: Ninetales\n|-supereffective|p1a: Ninetales\n|-damage|p1a: Ninetales|6/100\n|-damage|p2a: Scizor|135/240|[from] item: Life Orb\n|move|p1a: Ninetales|Moonblast|p2a: Scizor\n|-resisted|p2a: Scizor\n|-damage|p2a: Scizor|51/240\n|\n|-weather|none\n|upkeep\n|turn|6\n|inactive|Time left: 300 sec this turn | 300 sec total\n|\n|t:|1783561321\n|move|p2a: Scizor|Bullet Punch|p1a: Ninetales\n|-supereffective|p1a: Ninetales\n|-damage|p1a: Ninetales|0 fnt\n|faint|p1a: Ninetales\n|-damage|p2a: Scizor|27/240|[from] item: Life Orb\n|\n|upkeep\n|\n|t:|1783561322\n|switch|p1a: Scrafty|Scrafty, L83, F|100/100\n|-ability|p1a: Scrafty|Intimidate|boost\n|-unboost|p2a: Scizor|atk|1\n|turn|7\n|inactive|Time left: 300 sec this turn | 300 sec total\n|\n|t:|1783561323\n|switch|p2a: Rhyperior|Rhyperior, L82, F|323/323\n|move|p1a: Scrafty|Dragon Dance|p1a: Scrafty\n|-boost|p1a: Scrafty|atk|1\n|-boost|p1a: Scrafty|spe|1\n|\n|upkeep\n|turn|8\n|inactive|Time left: 300 sec this turn | 300 sec total\n|\n|t:|1783561324\n|move|p1a: Scrafty|Knock Off|p2a: Rhyperior\n|-damage|p2a: Rhyperior|220/323\n|-enditem|p2a: Rhyperior|Choice Band|[from] move: Knock Off|[of] p1a: Scrafty\n|move|p2a: Rhyperior|Earthquake|p1a: Scrafty\n|-damage|p1a: Scrafty|79/100\n|\n|-heal|p1a: Scrafty|85/100|[from] item: Leftovers\n|upkeep\n|turn|9\n|inactive|Time left: 300 sec this turn | 300 sec total\n|\n|t:|1783561325\n|move|p1a: Scrafty|Drain Punch|p2a: Rhyperior\n|-supereffective|p2a: Rhyperior\n|-damage|p2a: Rhyperior|90/323\n|-heal|p1a: Scrafty|100/100|[from] drain|[of] p2a: Rhyperior\n|move|p2a: Rhyperior|Earthquake|p1a: Scrafty\n|-damage|p1a: Scrafty|78/100\n|\n|-heal|p1a: Scrafty|85/100|[from] item: Leftovers\n|-sideend|p1: p0x1842eb8b|move: Aurora Veil\n|upkeep\n|turn|10\n|inactive|Time left: 300 sec this turn | 300 sec total\n|\n|t:|1783561326\n|switch|p2a: Slaking|Slaking, L84, M|389/389\n|move|p1a: Scrafty|Dragon Dance|p1a: Scrafty\n|-boost|p1a: Scrafty|atk|1\n|-boost|p1a: Scrafty|spe|1\n|\n|-heal|p1a: Scrafty|91/100|[from] item: Leftovers\n|upkeep\n|turn|11\n|inactive|Time left: 300 sec this turn | 300 sec total\n|\n|t:|1783561327\n|-terastallize|p2a: Slaking|Normal\n|move|p2a: Slaking|Giga Impact|p1a: Scrafty\n|-damage|p1a: Scrafty|0 fnt\n|-mustrecharge|p2a: Slaking\n|faint|p1a: Scrafty\n|\n|upkeep\n|\n|t:|1783561328\n|switch|p1a: Klefki|Klefki, L84, F|100/100\n|turn|12\n|inactive|Time left: 300 sec this turn | 300 sec total\n|\n|t:|1783561329\n|move|p1a: Klefki|Spikes|p2a: Slaking\n|-sidestart|p2: p0y1842e0e8|Spikes\n|cant|p2a: Slaking|recharge\n|\n|upkeep\n|turn|13\n|inactive|Time left: 300 sec this turn | 300 sec total\n|\n|t:|1783561330\n|move|p1a: Klefki|Thunder Wave|p2a: Slaking\n|-status|p2a: Slaking|par\n|cant|p2a: Slaking|par\n|\n|upkeep\n|turn|14\n|inactive|Time left: 300 sec this turn | 300 sec total\n|\n|t:|1783561331\n|move|p1a: Klefki|Spikes|p2a: Slaking\n|-sidestart|p2: p0y1842e0e8|Spikes\n|cant|p2a: Slaking|ability: Truant\n|\n|upkeep\n|turn|15\n|inactive|Time left: 300 sec this turn | 300 sec total\n|\n|t:|1783561332\n|move|p1a: Klefki|Spikes|p2a: Slaking\n|-sidestart|p2: p0y1842e0e8|Spikes\n|move|p2a: Slaking|Giga Impact|p1a: Klefki\n|-resisted|p1a: Klefki\n|-damage|p1a: Klefki|34/100\n|-mustrecharge|p2a: Slaking\n|\n|-heal|p1a: Klefki|40/100|[from] item: Leftovers\n|upkeep\n|turn|16\n|inactive|Time left: 300 sec this turn | 300 sec total\n|\n|t:|1783561333\n|move|p1a: Klefki|Foul Play|p2a: Slaking\n|-damage|p2a: Slaking|300/389 par\n|cant|p2a: Slaking|recharge\n|\n|-heal|p1a: Klefki|46/100|[from] item: Leftovers\n|upkeep\n|turn|17\n|inactive|Time left: 300 sec this turn | 300 sec total\n|\n|t:|1783561334\n|move|p1a: Klefki|Foul Play|p2a: Slaking\n|-damage|p2a: Slaking|209/389 par\n|move|p2a: Slaking|Giga Impact|p1a: Klefki\n|-resisted|p1a: Klefki\n|-damage|p1a: Klefki|0 fnt\n|-mustrecharge|p2a: Slaking\n|faint|p1a: Klefki\n|\n|upkeep\n|\n|t:|1783561335\n|switch|p1a: Breloom|Breloom, L83, F|100/100\n|turn|18\n|inactive|Time left: 300 sec this turn | 300 sec total\n|\n|t:|1783561336\n|move|p1a: Breloom|Mach Punch|p2a: Slaking\n|-supereffective|p2a: Slaking\n|-damage|p2a: Slaking|19/389 par\n|-damage|p1a: Breloom|91/100|[from] item: Life Orb\n|cant|p2a: Slaking|recharge\n|\n|upkeep\n|turn|19\n|inactive|Time left: 300 sec this turn | 300 sec total\n|\n|t:|1783561337\n|move|p1a: Breloom|Bullet Seed|p2a: Slaking\n|-damage|p2a: Slaking|0 fnt\n|faint|p2a: Slaking\n|-hitcount|p2: Slaking|1\n|-damage|p1a: Breloom|81/100|[from] item: Life Orb\n|\n|upkeep\n|inactive|Time left: 300 sec this turn | 300 sec total | 5 sec grace\n|\n|t:|1783561338\n|switch|p2a: Kricketune|Kricketune, L99, M|312/312\n|turn|20\n|inactive|Time left: 300 sec this turn | 300 sec total\n|\n|t:|1783561338\n|move|p2a: Kricketune|Pounce|p1a: Breloom\n|-damage|p1a: Breloom|38/100\n|-unboost|p1a: Breloom|spe|1\n|move|p1a: Breloom|Rock Tomb|p2a: Kricketune\n|-supereffective|p2a: Kricketune\n|-damage|p2a: Kricketune|65/312\n|-unboost|p2a: Kricketune|spe|1\n|-damage|p1a: Breloom|28/100|[from] item: Life Orb\n|\n|upkeep\n|turn|21\n|inactive|Time left: 300 sec this turn | 300 sec total\n|\n|t:|1783561339\n|move|p1a: Breloom|Mach Punch|p2a: Kricketune\n|-resisted|p2a: Kricketune\n|-crit|p2a: Kricketune\n|-damage|p2a: Kricketune|0 fnt\n|faint|p2a: Kricketune\n|-damage|p1a: Breloom|18/100|[from] item: Life Orb\n|\n|upkeep\n|inactive|Time left: 300 sec this turn | 300 sec total | 5 sec grace\n|\n|t:|1783561340\n|switch|p2a: Annihilape|Annihilape, L76, F|292/292\n|-damage|p2a: Annihilape|219/292|[from] Spikes\n|turn|22\n|inactive|Time left: 300 sec this turn | 300 sec total\n|\n|t:|1783561341\n|switch|p1a: Oinkologne|Oinkologne-F, L92, F|100/100\n|move|p2a: Annihilape|Drain Punch|p1a: Oinkologne\n|-supereffective|p1a: Oinkologne\n|-damage|p1a: Oinkologne|56/100\n|-heal|p2a: Annihilape|292/292|[from] drain|[of] p1a: Oinkologne\n|\n|-heal|p1a: Oinkologne|62/100|[from] item: Leftovers\n|upkeep\n|turn|23\n|inactive|Time left: 300 sec this turn | 300 sec total\n|\n|t:|1783561342\n|move|p2a: Annihilape|Bulk Up|p2a: Annihilape\n|-boost|p2a: Annihilape|atk|1\n|-boost|p2a: Annihilape|def|1\n|move|p1a: Oinkologne|Curse|p1a: Oinkologne\n|-unboost|p1a: Oinkologne|spe|1\n|-boost|p1a: Oinkologne|atk|1\n|-boost|p1a: Oinkologne|def|1\n|\n|-heal|p1a: Oinkologne|68/100|[from] item: Leftovers\n|upkeep\n|turn|24\n|inactive|Time left: 300 sec this turn | 300 sec total\n|\n|t:|1783561343\n|move|p2a: Annihilape|Drain Punch|p1a: Oinkologne\n|-supereffective|p1a: Oinkologne\n|-damage|p1a: Oinkologne|23/100\n|move|p1a: Oinkologne|Curse|p1a: Oinkologne\n|-unboost|p1a: Oinkologne|spe|1\n|-boost|p1a: Oinkologne|atk|1\n|-boost|p1a: Oinkologne|def|1\n|\n|-heal|p1a: Oinkologne|29/100|[from] item: Leftovers\n|upkeep\n|turn|25\n|inactive|Time left: 300 sec this turn | 300 sec total\n|\n|t:|1783561344\n|-terastallize|p1a: Oinkologne|Ground\n|move|p2a: Annihilape|Bulk Up|p2a: Annihilape\n|-boost|p2a: Annihilape|atk|1\n|-boost|p2a: Annihilape|def|1\n|move|p1a: Oinkologne|High Horsepower|p2a: Annihilape|[miss]\n|-miss|p1a: Oinkologne|p2a: Annihilape\n|\n|-heal|p1a: Oinkologne|35/100|[from] item: Leftovers\n|upkeep\n|turn|26\n|inactive|Time left: 300 sec this turn | 300 sec total\n|\n|t:|1783561345\n|move|p2a: Annihilape|Drain Punch|p1a: Oinkologne\n|-damage|p1a: Oinkologne|14/100\n|move|p1a: Oinkologne|High Horsepower|p2a: Annihilape|[miss]\n|-miss|p1a: Oinkologne|p2a: Annihilape\n|\n|-heal|p1a: Oinkologne|20/100|[from] item: Leftovers\n|upkeep\n|turn|27\n|inactive|Time left: 300 sec this turn | 300 sec total\n|\n|t:|1783561346\n|move|p2a: Annihilape|Drain Punch|p1a: Oinkologne\n|-damage|p1a: Oinkologne|0 fnt\n|faint|p1a: Oinkologne\n|\n|upkeep\n|\n|t:|1783561347\n|switch|p1a: Breloom|Breloom, L83, F|18/100\n|turn|28\n|inactive|Time left: 300 sec this turn | 300 sec total\n|\n|t:|1783561348\n|move|p2a: Annihilape|Drain Punch|p1a: Breloom\n|-damage|p1a: Breloom|0 fnt\n|faint|p1a: Breloom\n|\n|upkeep\n|\n|t:|1783561349\n|switch|p1a: Ditto|Ditto, L87|100/100\n|-transform|p1a: Ditto|p2a: Annihilape|[from] ability: Imposter\n|turn|29\n|inactive|Time left: 300 sec this turn | 300 sec total\n|\n|t:|1783561350\n|move|p1a: Ditto|Rage Fist|p2a: Annihilape\n|-supereffective|p2a: Annihilape\n|-damage|p2a: Annihilape|148/292\n|move|p2a: Annihilape|Rage Fist|p1a: Ditto\n|-supereffective|p1a: Ditto\n|-damage|p1a: Ditto|0 fnt\n|faint|p1a: Ditto\n|\n|win|p0y1842e0e8", "uploadtime": 1783561350, "views": 0, "rating": 0, "private": 0, "password": null, "_winner": "p0y1842e0e8", "_our_name": "p0y1842e0e8"}