{"id": "battle-gen9randombattle-2714", "formatid": "gen9randombattle", "format": "[Gen 9] Random Battle", "players": ["p0x27141eb9", "p0y271469af"], "log": "|init|battle\n|title|p0x27141eb9 vs. p0y271469af\n|j|\u2606p0x27141eb9\n|j|\u2606p0y271469af\n|t:|1783571271\n|gametype|singles\n|player|p1|p0x27141eb9|169|\n|player|p2|p0y271469af|101|\n|gen|9\n|tier|[Gen 9] Random Battle\n|rule|Species Clause: Limit one of each Pok\u00e9mon\n|rule|HP Percentage Mod: HP is shown in percentages\n|rule|Sleep Clause Mod: Limit one foe put to sleep\n|rule|Illusion Level Mod: Illusion disguises the Pok\u00e9mon's true level\n|\n|t:|1783571271\n|teamsize|p1|6\n|teamsize|p2|6\n|start\n|switch|p1a: Probopass|Probopass, L91, M|257/257\n|switch|p2a: Hoopa|Hoopa, L85|100/100\n|turn|1\n|inactive|Battle timer is ON: inactive players will automatically lose when time's up. (requested by p0x27141eb9)\n|inactive|p0y271469af also wants the timer to be on.\n|\n|t:|1783571272\n|move|p2a: Hoopa|Focus Blast|p1a: Probopass|[miss]\n|-miss|p2a: Hoopa|p1a: Probopass\n|move|p1a: Probopass|Iron Defense|p1a: Probopass\n|-boost|p1a: Probopass|def|2\n|\n|upkeep\n|turn|2\n|inactive|Time left: 300 sec this turn | 300 sec total\n|\n|t:|1783571273\n|switch|p1a: Gengar|Gengar, L81, M|230/230\n|move|p2a: Hoopa|Nasty Plot|p2a: Hoopa\n|-boost|p2a: Hoopa|spa|2\n|\n|upkeep\n|turn|3\n|inactive|Time left: 300 sec this turn | 300 sec total\n|\n|t:|1783571274\n|-terastallize|p2a: Hoopa|Psychic\n|move|p1a: Gengar|Shadow Ball|p2a: Hoopa\n|-supereffective|p2a: Hoopa\n|-damage|p2a: Hoopa|31/100\n|-damage|p1a: Gengar|207/230|[from] item: Life Orb\n|move|p2a: Hoopa|Shadow Ball|p1a: Gengar\n|-supereffective|p1a: Gengar\n|-damage|p1a: Gengar|0 fnt\n|faint|p1a: Gengar\n|-damage|p2a: Hoopa|22/100|[from] item: Life Orb\n|\n|upkeep\n|inactive|Time left: 300 sec this turn | 300 sec total | 5 sec grace\n|\n|t:|1783571275\n|switch|p1a: Mamoswine|Mamoswine, L81, F|311/311\n|turn|4\n|inactive|Time left: 300 sec this turn | 300 sec total\n|\n|t:|1783571277\n|switch|p2a: Gurdurr|Gurdurr, L85, M|100/100\n|move|p1a: Mamoswine|Earthquake|p2a: Gurdurr\n|-damage|p2a: Gurdurr|54/100\n|\n|upkeep\n|turn|5\n|inactive|Time left: 300 sec this turn | 300 sec total\n|\n|t:|1783571278\n|move|p1a: Mamoswine|Earthquake|p2a: Gurdurr\n|-damage|p2a: Gurdurr|5/100\n|move|p2a: Gurdurr|Drain Punch|p1a: Mamoswine\n|-supereffective|p1a: Mamoswine\n|-damage|p1a: Mamoswine|123/311\n|-heal|p2a: Gurdurr|38/100|[from] drain|[of] p1a: Mamoswine\n|\n|upkeep\n|turn|6\n|inactive|Time left: 300 sec this turn | 300 sec total\n|\n|t:|1783571279\n|move|p2a: Gurdurr|Mach Punch|p1a: Mamoswine\n|-supereffective|p1a: Mamoswine\n|-damage|p1a: Mamoswine|19/311\n|move|p1a: Mamoswine|Earthquake|p2a: Gurdurr\n|-damage|p2a: Gurdurr|0 fnt\n|faint|p2a: Gurdurr\n|\n|upkeep\n|\n|t:|1783571280\n|switch|p2a: Espathra|Espathra, L80, F|100/100\n|turn|7\n|inactive|Time left: 300 sec this turn | 300 sec total\n|\n|t:|1783571281\n|switch|p1a: Crabominable|Crabominable, L90, F|321/321\n|move|p2a: Espathra|Lumina Crash|p1a: Crabominable\n|-supereffective|p1a: Crabominable\n|-damage|p1a: Crabominable|141/321\n|-unboost|p1a: Crabominable|spd|2\n|\n|-ability|p2a: Espathra|Speed Boost|boost\n|-boost|p2a: Espathra|spe|1\n|upkeep\n|turn|8\n|inactive|Time left: 300 sec this turn | 300 sec total\n|\n|t:|1783571282\n|switch|p1a: Mamoswine|Mamoswine, L81, F|19/311\n|move|p2a: Espathra|Lumina Crash|p1a: Mamoswine\n|-damage|p1a: Mamoswine|0 fnt\n|faint|p1a: Mamoswine\n|\n|-ability|p2a: Espathra|Speed Boost|boost\n|-boost|p2a: Espathra|spe|1\n|upkeep\n|inactive|Time left: 300 sec this turn | 300 sec total | 5 sec grace\n|\n|t:|1783571283\n|switch|p1a: Crabominable|Crabominable, L90, F|141/321\n|turn|9\n|inactive|Time left: 300 sec this turn | 300 sec total\n|\n|t:|1783571284\n|-terastallize|p1a: Crabominable|Ground\n|move|p2a: Espathra|Lumina Crash|p1a: Crabominable\n|-damage|p1a: Crabominable|56/321\n|-unboost|p1a: Crabominable|spd|2\n|move|p1a: Crabominable|Knock Off|p2a: Espathra\n|-supereffective|p2a: Espathra\n|-damage|p2a: Espathra|0 fnt\n|-enditem|p2a: Espathra|Choice Specs|[from] move: Knock Off|[of] p1a: Crabominable\n|faint|p2a: Espathra\n|\n|upkeep\n|\n|t:|1783571285\n|switch|p2a: Hoopa|Hoopa, L85, tera:Psychic|22/100\n|turn|10\n|inactive|Time left: 300 sec this turn | 300 sec total\n|\n|t:|1783571286\n|move|p2a: Hoopa|Shadow Ball|p1a: Crabominable\n|-damage|p1a: Crabominable|0 fnt\n|faint|p1a: Crabominable\n|-damage|p2a: Hoopa|12/100|[from] item: Life Orb\n|\n|upkeep\n|inactive|Time left: 300 sec this turn | 300 sec total | 5 sec grace\n|\n|t:|1783571287\n|switch|p1a: Entei|Entei, L78|307/307\n|turn|11\n|inactive|Time left: 300 sec this turn | 300 sec total\n|\n|t:|1783571288\n|switch|p2a: Garganacl|Garganacl, L80, F|100/100\n|move|p1a: Entei|Sacred Fire|p2a: Garganacl|[miss]\n|-miss|p1a: Entei|p2a: Garganacl\n|\n|upkeep\n|turn|12\n|inactive|Time left: 300 sec this turn | 300 sec total\n|\n|t:|1783571289\n|move|p1a: Entei|Sacred Fire|p2a: Garganacl\n|-resisted|p2a: Garganacl\n|-damage|p2a: Garganacl|78/100\n|move|p2a: Garganacl|Salt Cure|p1a: Entei\n|-supereffective|p1a: Entei\n|-damage|p1a: Entei|211/307\n|-start|p1a: Entei|Salt Cure\n|\n|-heal|p2a: Garganacl|84/100|[from] item: Leftovers\n|-damage|p1a: Entei|173/307|[from] Salt Cure\n|upkeep\n|turn|13\n|inactive|Time left: 300 sec this turn | 300 sec total\n|\n|t:|1783571290\n|move|p1a: Entei|Sacred Fire|p2a: Garganacl\n|-resisted|p2a: Garganacl\n|-damage|p2a: Garganacl|65/100\n|move|p2a: Garganacl|Salt Cure|p1a: Entei\n|-supereffective|p1a: Entei\n|-damage|p1a: Entei|89/307\n|\n|-heal|p2a: Garganacl|71/100|[from] item: Leftovers\n|-damage|p1a: Entei|51/307|[from] Salt Cure\n|upkeep\n|turn|14\n|inactive|Time left: 300 sec this turn | 300 sec total\n|\n|t:|1783571291\n|move|p1a: Entei|Sacred Fire|p2a: Garganacl\n|-resisted|p2a: Garganacl\n|-damage|p2a: Garganacl|51/100\n|move|p2a: Garganacl|Salt Cure|p1a: Entei\n|-supereffective|p1a: Entei\n|-damage|p1a: Entei|0 fnt\n|faint|p1a: Entei\n|\n|-heal|p2a: Garganacl|57/100|[from] item: Leftovers\n|upkeep\n|inactive|Time left: 300 sec this turn | 300 sec total | 5 sec grace\n|\n|t:|1783571292\n|switch|p1a: Probopass|Probopass, L91, M|257/257\n|turn|15\n|inactive|Time left: 300 sec this turn | 300 sec total\n|\n|t:|1783571293\n|switch|p2a: Hoopa|Hoopa, L85, tera:Psychic|12/100\n|move|p1a: Probopass|Flash Cannon|p2a: Hoopa\n|-damage|p2a: Hoopa|0 fnt\n|faint|p2a: Hoopa\n|\n|upkeep\n|\n|t:|1783571294\n|switch|p2a: Breloom|Breloom, L83, F|100/100\n|turn|16\n|inactive|Time left: 300 sec this turn | 300 sec total\n|\n|t:|1783571295\n|switch|p1a: Luvdisc|Luvdisc, M|247/247\n|move|p2a: Breloom|Mach Punch|p1a: Luvdisc\n|-damage|p1a: Luvdisc|130/247\n|-damage|p2a: Breloom|91/100|[from] item: Life Orb\n|\n|upkeep\n|turn|17\n|inactive|Time left: 300 sec this turn | 300 sec total\n|\n|t:|1783571296\n|switch|p1a: Probopass|Probopass, L91, M|257/257\n|move|p2a: Breloom|Bullet Seed|p1a: Probopass\n|-damage|p1a: Probopass|213/257\n|-damage|p1a: Probopass|173/257\n|-hitcount|p1a: Probopass|2\n|-damage|p2a: Breloom|81/100|[from] item: Life Orb\n|\n|upkeep\n|turn|18\n|inactive|Time left: 300 sec this turn | 300 sec total\n|\n|t:|1783571297\n|switch|p1a: Luvdisc|Luvdisc, M|130/247\n|move|p2a: Breloom|Mach Punch|p1a: Luvdisc\n|-damage|p1a: Luvdisc|12/247\n|-damage|p2a: Breloom|71/100|[from] item: Life Orb\n|\n|upkeep\n|turn|19\n|inactive|Time left: 300 sec this turn | 300 sec total\n|\n|t:|1783571298\n|move|p2a: Breloom|Mach Punch|p1a: Luvdisc\n|-damage|p1a: Luvdisc|0 fnt\n|faint|p1a: Luvdisc\n|-damage|p2a: Breloom|61/100|[from] item: Life Orb\n|\n|upkeep\n|inactive|Time left: 300 sec this turn | 300 sec total | 5 sec grace\n|\n|t:|1783571299\n|switch|p1a: Probopass|Probopass, L91, M|173/257\n|turn|20\n|inactive|Time left: 300 sec this turn | 300 sec total\n|\n|t:|1783571300\n|move|p2a: Breloom|Mach Punch|p1a: Probopass\n|-supereffective|p1a: Probopass\n|-damage|p1a: Probopass|0 fnt\n|faint|p1a: Probopass\n|-damage|p2a: Breloom|52/100|[from] item: Life Orb\n|\n|win|p0y271469af", "uploadtime": 1783571300, "views": 0, "rating": 0, "private": 0, "password": null, "_winner": "p0y271469af", "_our_name": "p0x27141eb9"}