{"id": "battle-gen9randombattle-1080", "formatid": "gen9randombattle", "format": "[Gen 9] Random Battle", "players": ["p0x1080df8f", "p0y1080d7e1"], "log": "|init|battle\n|title|p0x1080df8f vs. p0y1080d7e1\n|j|\u2606p0x1080df8f\n|j|\u2606p0y1080d7e1\n|t:|1783551729\n|gametype|singles\n|player|p1|p0x1080df8f|2|\n|player|p2|p0y1080d7e1|266|\n|gen|9\n|tier|[Gen 9] Random Battle\n|rule|Species Clause: Limit one of each Pok\u00e9mon\n|rule|HP Percentage Mod: HP is shown in percentages\n|rule|Sleep Clause Mod: Limit one foe put to sleep\n|rule|Illusion Level Mod: Illusion disguises the Pok\u00e9mon's true level\n|\n|t:|1783551729\n|teamsize|p1|6\n|teamsize|p2|6\n|start\n|switch|p1a: Slowbro|Slowbro-Galar, L87, F|100/100\n|switch|p2a: Revavroom|Revavroom, L79, F|256/256\n|turn|1\n|inactive|Battle timer is ON: inactive players will automatically lose when time's up. (requested by p0y1080d7e1)\n|inactive|p0x1080df8f also wants the timer to be on.\n|\n|t:|1783551731\n|move|p2a: Revavroom|Shift Gear|p2a: Revavroom\n|-boost|p2a: Revavroom|spe|2\n|-boost|p2a: Revavroom|atk|1\n|move|p1a: Slowbro|Psychic|p2a: Revavroom\n|-damage|p2a: Revavroom|120/256\n|\n|upkeep\n|turn|2\n|inactive|Time left: 300 sec this turn | 300 sec total\n|\n|t:|1783551732\n|-terastallize|p2a: Revavroom|Ground\n|move|p2a: Revavroom|High Horsepower|p1a: Slowbro\n|-supereffective|p1a: Slowbro\n|-damage|p1a: Slowbro|0 fnt\n|-damage|p2a: Revavroom|78/256|[from] item: Rocky Helmet|[of] p1a: Slowbro\n|faint|p1a: Slowbro\n|-damage|p2a: Revavroom|53/256|[from] item: Life Orb\n|\n|upkeep\n|\n|t:|1783551733\n|switch|p1a: Skuntank|Skuntank, L84, M|100/100\n|turn|3\n|inactive|Time left: 300 sec this turn | 300 sec total\n|\n|t:|1783551734\n|move|p1a: Skuntank|Sucker Punch|p2a: Revavroom\n|-damage|p2a: Revavroom|0 fnt\n|faint|p2a: Revavroom\n|\n|upkeep\n|inactive|Time left: 300 sec this turn | 300 sec total | 5 sec grace\n|\n|t:|1783551735\n|switch|p2a: Tauros|Tauros-Paldea-Aqua, L81, M|254/254\n|-ability|p2a: Tauros|Intimidate|boost\n|-unboost|p1a: Skuntank|atk|1\n|turn|4\n|inactive|Time left: 300 sec this turn | 300 sec total\n|\n|t:|1783551736\n|switch|p1a: Oranguru|Oranguru, L92, F|100/100\n|move|p2a: Tauros|Close Combat|p1a: Oranguru\n|-damage|p1a: Oranguru|39/100\n|-unboost|p2a: Tauros|def|1\n|-unboost|p2a: Tauros|spd|1\n|\n|-heal|p1a: Oranguru|45/100|[from] item: Leftovers\n|upkeep\n|turn|5\n|inactive|Time left: 300 sec this turn | 300 sec total\n|\n|t:|1783551737\n|switch|p1a: Moltres|Moltres, L81|100/100\n|move|p2a: Tauros|Close Combat|p1a: Moltres\n|-resisted|p1a: Moltres\n|-damage|p1a: Moltres|62/100\n|-unboost|p2a: Tauros|def|1\n|-unboost|p2a: Tauros|spd|1\n|-status|p2a: Tauros|brn|[from] ability: Flame Body|[of] p1a: Moltres\n|\n|-damage|p2a: Tauros|239/254 brn|[from] brn\n|upkeep\n|turn|6\n|inactive|Time left: 300 sec this turn | 300 sec total\n|\n|t:|1783551738\n|move|p2a: Tauros|Close Combat|p1a: Moltres\n|-resisted|p1a: Moltres\n|-damage|p1a: Moltres|43/100\n|-unboost|p2a: Tauros|def|1\n|-unboost|p2a: Tauros|spd|1\n|move|p1a: Moltres|Roost|p1a: Moltres\n|-heal|p1a: Moltres|93/100\n|-singleturn|p1a: Moltres|move: Roost\n|\n|-damage|p2a: Tauros|224/254 brn|[from] brn\n|upkeep\n|turn|7\n|inactive|Time left: 300 sec this turn | 300 sec total\n|\n|t:|1783551739\n|move|p2a: Tauros|Close Combat|p1a: Moltres\n|-resisted|p1a: Moltres\n|-crit|p1a: Moltres\n|-damage|p1a: Moltres|68/100\n|-unboost|p2a: Tauros|def|1\n|-unboost|p2a: Tauros|spd|1\n|move|p1a: Moltres|Fire Blast|p2a: Tauros\n|-resisted|p2a: Tauros\n|-damage|p2a: Tauros|0 fnt\n|faint|p2a: Tauros\n|\n|upkeep\n|inactive|Time left: 300 sec this turn | 300 sec total | 5 sec grace\n|\n|t:|1783551740\n|switch|p2a: Farigiraf|Farigiraf, L90, F|362/362\n|turn|8\n|inactive|Time left: 300 sec this turn | 300 sec total\n|\n|t:|1783551741\n|switch|p1a: Oranguru|Oranguru, L92, F|45/100\n|move|p2a: Farigiraf|Body Slam|p1a: Oranguru\n|-damage|p1a: Oranguru|16/100\n|\n|-heal|p1a: Oranguru|22/100|[from] item: Leftovers\n|upkeep\n|turn|9\n|inactive|Time left: 300 sec this turn | 300 sec total\n|\n|t:|1783551743\n|switch|p1a: Kleavor|Kleavor, L78, M|100/100\n|move|p2a: Farigiraf|Body Slam|p1a: Kleavor\n|-resisted|p1a: Kleavor\n|-damage|p1a: Kleavor|80/100\n|\n|upkeep\n|turn|10\n|inactive|Time left: 300 sec this turn | 300 sec total\n|\n|t:|1783551744\n|move|p2a: Farigiraf|Protect|p2a: Farigiraf\n|-singleturn|p2a: Farigiraf|Protect\n|move|p1a: Kleavor|X-Scissor|p2a: Farigiraf\n|-activate|p2a: Farigiraf|move: Protect\n|\n|upkeep\n|turn|11\n|inactive|Time left: 300 sec this turn | 300 sec total\n|\n|t:|1783551745\n|switch|p2a: Kommo-o|Kommo-o, L77, M|242/242\n|move|p1a: Kleavor|X-Scissor|p2a: Kommo-o\n|-resisted|p2a: Kommo-o\n|-damage|p2a: Kommo-o|150/242\n|\n|upkeep\n|turn|12\n|inactive|Time left: 300 sec this turn | 300 sec total\n|\n|t:|1783551746\n|move|p1a: Kleavor|X-Scissor|p2a: Kommo-o\n|-resisted|p2a: Kommo-o\n|-damage|p2a: Kommo-o|56/242\n|move|p2a: Kommo-o|Scale Shot|p1a: Kleavor\n|-damage|p1a: Kleavor|70/100\n|-damage|p1a: Kleavor|60/100\n|-damage|p1a: Kleavor|49/100\n|-damage|p1a: Kleavor|38/100\n|-damage|p1a: Kleavor|28/100\n|-hitcount|p1a: Kleavor|5\n|-unboost|p2a: Kommo-o|def|1\n|-boost|p2a: Kommo-o|spe|1\n|\n|upkeep\n|turn|13\n|inactive|Time left: 300 sec this turn | 300 sec total\n|\n|t:|1783551747\n|switch|p1a: Moltres|Moltres, L81|68/100\n|move|p2a: Kommo-o|Scale Shot|p1a: Moltres\n|-damage|p1a: Moltres|58/100\n|-damage|p1a: Moltres|49/100\n|-damage|p1a: Moltres|40/100\n|-damage|p1a: Moltres|30/100\n|-hitcount|p1a: Moltres|4\n|-unboost|p2a: Kommo-o|def|1\n|-boost|p2a: Kommo-o|spe|1\n|\n|upkeep\n|turn|14\n|inactive|Time left: 300 sec this turn | 300 sec total\n|\n|t:|1783551748\n|switch|p1a: Skuntank|Skuntank, L84, M|100/100\n|move|p2a: Kommo-o|Scale Shot|p1a: Skuntank\n|-damage|p1a: Skuntank|90/100\n|-damage|p1a: Skuntank|81/100\n|-damage|p1a: Skuntank|70/100\n|-damage|p1a: Skuntank|59/100\n|-hitcount|p1a: Skuntank|4\n|-unboost|p2a: Kommo-o|def|1\n|-boost|p2a: Kommo-o|spe|1\n|\n|upkeep\n|turn|15\n|inactive|Time left: 300 sec this turn | 300 sec total\n|\n|t:|1783551749\n|move|p1a: Skuntank|Sucker Punch|p2a: Kommo-o\n|-resisted|p2a: Kommo-o\n|-damage|p2a: Kommo-o|0 fnt\n|faint|p2a: Kommo-o\n|\n|upkeep\n|inactive|Time left: 300 sec this turn | 300 sec total | 5 sec grace\n|\n|t:|1783551750\n|switch|p2a: Donphan|Donphan, L84, M|288/288\n|turn|16\n|inactive|Time left: 300 sec this turn | 300 sec total\n|\n|t:|1783551751\n|switch|p1a: Moltres|Moltres, L81|30/100\n|move|p2a: Donphan|Rapid Spin|p1a: Moltres\n|-damage|p1a: Moltres|14/100\n|-boost|p2a: Donphan|spe|1\n|\n|upkeep\n|turn|17\n|inactive|Time left: 300 sec this turn | 300 sec total\n|\n|t:|1783551752\n|move|p2a: Donphan|Rapid Spin|p1a: Moltres\n|-damage|p1a: Moltres|0 fnt\n|-boost|p2a: Donphan|spe|1\n|faint|p1a: Moltres\n|\n|upkeep\n|\n|t:|1783551753\n|switch|p1a: Kleavor|Kleavor, L78, M|28/100\n|turn|18\n|inactive|Time left: 300 sec this turn | 300 sec total\n|\n|t:|1783551754\n|switch|p1a: Skuntank|Skuntank, L84, M|59/100\n|move|p2a: Donphan|Earthquake|p1a: Skuntank\n|-supereffective|p1a: Skuntank\n|-crit|p1a: Skuntank\n|-damage|p1a: Skuntank|0 fnt\n|faint|p1a: Skuntank\n|\n|upkeep\n|\n|t:|1783551755\n|switch|p1a: Ditto|Ditto, L87|100/100\n|-transform|p1a: Ditto|p2a: Donphan|[from] ability: Imposter\n|turn|19\n|inactive|Time left: 300 sec this turn | 300 sec total\n|\n|t:|1783551756\n|move|p1a: Ditto|Knock Off|p2a: Donphan\n|-damage|p2a: Donphan|223/288\n|-enditem|p2a: Donphan|Assault Vest|[from] move: Knock Off|[of] p1a: Ditto\n|move|p2a: Donphan|Earthquake|p1a: Ditto\n|-damage|p1a: Ditto|58/100\n|\n|upkeep\n|turn|20\n|inactive|Time left: 300 sec this turn | 300 sec total\n|\n|t:|1783551757\n|move|p1a: Ditto|Knock Off|p2a: Donphan\n|-damage|p2a: Donphan|181/288\n|move|p2a: Donphan|Earthquake|p1a: Ditto\n|-damage|p1a: Ditto|15/100\n|\n|upkeep\n|turn|21\n|inactive|Time left: 300 sec this turn | 300 sec total\n|\n|t:|1783551758\n|move|p1a: Ditto|Knock Off|p2a: Donphan\n|-damage|p2a: Donphan|140/288\n|move|p2a: Donphan|Knock Off|p1a: Ditto\n|-damage|p1a: Ditto|0 fnt\n|-enditem|p1a: Ditto|Choice Scarf|[from] move: Knock Off|[of] p2a: Donphan\n|faint|p1a: Ditto\n|\n|upkeep\n|\n|t:|1783551759\n|switch|p1a: Oranguru|Oranguru, L92, F|22/100\n|turn|22\n|inactive|Time left: 300 sec this turn | 300 sec total\n|\n|t:|1783551760\n|-terastallize|p1a: Oranguru|Electric\n|move|p2a: Donphan|Earthquake|p1a: Oranguru\n|-supereffective|p1a: Oranguru\n|-damage|p1a: Oranguru|0 fnt\n|faint|p1a: Oranguru\n|\n|upkeep\n|\n|t:|1783551762\n|switch|p1a: Kleavor|Kleavor, L78, M|28/100\n|turn|23\n|inactive|Time left: 300 sec this turn | 300 sec total\n|\n|t:|1783551762\n|move|p2a: Donphan|Knock Off|p1a: Kleavor\n|-crit|p1a: Kleavor\n|-damage|p1a: Kleavor|0 fnt\n|-enditem|p1a: Kleavor|Choice Band|[from] move: Knock Off|[of] p2a: Donphan\n|faint|p1a: Kleavor\n|\n|win|p0y1080d7e1", "uploadtime": 1783551763, "views": 0, "rating": 0, "private": 0, "password": null, "_winner": "p0y1080d7e1", "_our_name": "p0y1080d7e1"}