{"id": "battle-gen9randombattle-2274", "formatid": "gen9randombattle", "format": "[Gen 9] Random Battle", "players": ["p0x22740fa1", "p0y22742c30"], "log": "|init|battle\n|title|p0x22740fa1 vs. p0y22742c30\n|j|\u2606p0x22740fa1\n|j|\u2606p0y22742c30\n|t:|1783566346\n|gametype|singles\n|player|p1|p0x22740fa1|2|\n|player|p2|p0y22742c30|102|\n|gen|9\n|tier|[Gen 9] Random Battle\n|rule|Species Clause: Limit one of each Pok\u00e9mon\n|rule|HP Percentage Mod: HP is shown in percentages\n|rule|Sleep Clause Mod: Limit one foe put to sleep\n|rule|Illusion Level Mod: Illusion disguises the Pok\u00e9mon's true level\n|\n|t:|1783566346\n|teamsize|p1|6\n|teamsize|p2|6\n|start\n|switch|p1a: Clefable|Clefable, L83, M|293/293\n|switch|p2a: Sawsbuck|Sawsbuck-Winter, L88, F|100/100\n|turn|1\n|inactive|Battle timer is ON: inactive players will automatically lose when time's up. (requested by p0x22740fa1)\n|inactive|p0y22742c30 also wants the timer to be on.\n|\n|t:|1783566348\n|move|p2a: Sawsbuck|Swords Dance|p2a: Sawsbuck\n|-boost|p2a: Sawsbuck|atk|2\n|move|p1a: Clefable|Fire Blast|p2a: Sawsbuck\n|-supereffective|p2a: Sawsbuck\n|-damage|p2a: Sawsbuck|15/100\n|\n|upkeep\n|turn|2\n|inactive|Time left: 300 sec this turn | 300 sec total\n|\n|t:|1783566349\n|switch|p1a: Amoonguss|Amoonguss, L82, F|321/321\n|move|p2a: Sawsbuck|Horn Leech|p1a: Amoonguss\n|-resisted|p1a: Amoonguss\n|-damage|p1a: Amoonguss|251/321\n|-heal|p2a: Sawsbuck|28/100|[from] drain|[of] p1a: Amoonguss\n|-damage|p2a: Sawsbuck|11/100|[from] item: Rocky Helmet|[of] p1a: Amoonguss\n|-damage|p2a: Sawsbuck|1/100|[from] item: Life Orb\n|\n|upkeep\n|turn|3\n|inactive|Time left: 300 sec this turn | 300 sec total\n|\n|t:|1783566351\n|switch|p1a: Weezing|Weezing-Galar, L86, M|252/252\n|move|p2a: Sawsbuck|Headbutt|p1a: Weezing\n|-damage|p1a: Weezing|79/252\n|-damage|p2a: Sawsbuck|0 fnt|[from] item: Life Orb\n|faint|p2a: Sawsbuck\n|\n|-heal|p1a: Weezing|94/252|[from] item: Leftovers\n|upkeep\n|\n|t:|1783566352\n|switch|p2a: Chi-Yu|Chi-Yu, L77|100/100\n|-ability|p2a: Chi-Yu|Beads of Ruin\n|turn|4\n|inactive|Time left: 300 sec this turn | 300 sec total\n|\n|t:|1783566353\n|switch|p1a: Houndoom|Houndoom, L87, M|272/272\n|move|p2a: Chi-Yu|Fire Blast|p1a: Houndoom\n|-start|p1a: Houndoom|ability: Flash Fire\n|\n|upkeep\n|turn|5\n|inactive|Time left: 300 sec this turn | 300 sec total\n|\n|t:|1783566354\n|switch|p2a: Hariyama|Hariyama, L87, F|100/100\n|move|p1a: Houndoom|Nasty Plot|p1a: Houndoom\n|-boost|p1a: Houndoom|spa|2\n|\n|-status|p2a: Hariyama|brn|[from] item: Flame Orb\n|upkeep\n|turn|6\n|inactive|Time left: 300 sec this turn | 300 sec total\n|\n|t:|1783566355\n|move|p2a: Hariyama|Fake Out|p1a: Houndoom\n|-damage|p1a: Houndoom|201/272\n|cant|p1a: Houndoom|flinch\n|\n|-damage|p2a: Hariyama|94/100 brn|[from] brn\n|upkeep\n|turn|7\n|inactive|Time left: 300 sec this turn | 300 sec total\n|\n|t:|1783566356\n|switch|p2a: Carbink|Carbink, L90|100/100\n|move|p1a: Houndoom|Fire Blast|p2a: Carbink\n|-resisted|p2a: Carbink\n|-damage|p2a: Carbink|43/100\n|\n|upkeep\n|turn|8\n|inactive|Time left: 300 sec this turn | 300 sec total\n|\n|t:|1783566358\n|move|p1a: Houndoom|Fire Blast|p2a: Carbink\n|-resisted|p2a: Carbink\n|-damage|p2a: Carbink|0 fnt\n|faint|p2a: Carbink\n|\n|upkeep\n|\n|t:|1783566359\n|switch|p2a: Pyroar|Pyroar, L88, M|100/100\n|-ability|p2a: Pyroar|Unnerve\n|turn|9\n|inactive|Time left: 300 sec this turn | 300 sec total\n|\n|t:|1783566360\n|-terastallize|p1a: Houndoom|Dark\n|move|p2a: Pyroar|Hyper Voice|p1a: Houndoom\n|-damage|p1a: Houndoom|77/272\n|move|p1a: Houndoom|Dark Pulse|p2a: Pyroar\n|-damage|p2a: Pyroar|0 fnt\n|faint|p2a: Pyroar\n|\n|upkeep\n|\n|t:|1783566361\n|switch|p2a: Hariyama|Hariyama, L87, F|94/100 brn\n|turn|10\n|inactive|Time left: 300 sec this turn | 300 sec total\n|\n|t:|1783566362\n|-terastallize|p2a: Hariyama|Normal\n|move|p2a: Hariyama|Fake Out|p1a: Houndoom\n|-damage|p1a: Houndoom|0 fnt\n|faint|p1a: Houndoom\n|\n|-damage|p2a: Hariyama|88/100 brn|[from] brn\n|upkeep\n|inactive|Time left: 300 sec this turn | 300 sec total | 5 sec grace\n|\n|t:|1783566363\n|switch|p1a: Weezing|Weezing-Galar, L86, M|94/252\n|turn|11\n|inactive|Time left: 300 sec this turn | 300 sec total\n|\n|t:|1783566364\n|move|p1a: Weezing|Gunk Shot|p2a: Hariyama|[miss]\n|-miss|p1a: Weezing|p2a: Hariyama\n|move|p2a: Hariyama|Facade|p1a: Weezing\n|-damage|p1a: Weezing|0 fnt\n|faint|p1a: Weezing\n|\n|-damage|p2a: Hariyama|82/100 brn|[from] brn\n|upkeep\n|inactive|Time left: 300 sec this turn | 300 sec total | 5 sec grace\n|\n|t:|1783566365\n|switch|p1a: Clefable|Clefable, L83, M|293/293\n|turn|12\n|inactive|Time left: 300 sec this turn | 300 sec total\n|\n|t:|1783566366\n|move|p1a: Clefable|Moonblast|p2a: Hariyama\n|-damage|p2a: Hariyama|39/100 brn\n|move|p2a: Hariyama|Facade|p1a: Clefable\n|-damage|p1a: Clefable|0 fnt\n|faint|p1a: Clefable\n|\n|-damage|p2a: Hariyama|33/100 brn|[from] brn\n|upkeep\n|inactive|Time left: 300 sec this turn | 300 sec total | 5 sec grace\n|\n|t:|1783566367\n|switch|p1a: Iron Jugulis|Iron Jugulis, L77|271/271\n|turn|13\n|inactive|Time left: 300 sec this turn | 300 sec total\n|\n|t:|1783566368\n|move|p1a: Iron Jugulis|Meteor Beam||[still]\n|-prepare|p1a: Iron Jugulis|Meteor Beam\n|-boost|p1a: Iron Jugulis|spa|1\n|-enditem|p1a: Iron Jugulis|Power Herb\n|-anim|p1a: Iron Jugulis|Meteor Beam|p2a: Hariyama\n|-damage|p2a: Hariyama|0 fnt\n|faint|p2a: Hariyama\n|\n|upkeep\n|\n|t:|1783566370\n|switch|p2a: Chi-Yu|Chi-Yu, L77|100/100\n|-ability|p2a: Chi-Yu|Beads of Ruin\n|turn|14\n|inactive|Time left: 300 sec this turn | 300 sec total\n|\n|t:|1783566371\n|move|p1a: Iron Jugulis|Meteor Beam||[still]\n|-prepare|p1a: Iron Jugulis|Meteor Beam\n|-boost|p1a: Iron Jugulis|spa|1\n|move|p2a: Chi-Yu|Fire Blast|p1a: Iron Jugulis\n|-damage|p1a: Iron Jugulis|67/271\n|\n|upkeep\n|turn|15\n|inactive|Time left: 300 sec this turn | 300 sec total\n|\n|t:|1783566372\n|move|p1a: Iron Jugulis|Meteor Beam|p2a: Chi-Yu|[from] lockedmove\n|-supereffective|p2a: Chi-Yu\n|-damage|p2a: Chi-Yu|0 fnt\n|faint|p2a: Chi-Yu\n|\n|upkeep\n|\n|t:|1783566373\n|switch|p2a: Volbeat|Volbeat, L90, M|100/100\n|turn|16\n|inactive|Time left: 300 sec this turn | 300 sec total\n|\n|t:|1783566374\n|move|p1a: Iron Jugulis|Hurricane|p2a: Volbeat\n|-supereffective|p2a: Volbeat\n|-damage|p2a: Volbeat|0 fnt\n|faint|p2a: Volbeat\n|\n|win|p0x22740fa1", "uploadtime": 1783566374, "views": 0, "rating": 0, "private": 0, "password": null, "_winner": "p0x22740fa1", "_our_name": "p0x22740fa1"}