{"id": "battle-gen9randombattle-1380", "formatid": "gen9randombattle", "format": "[Gen 9] Random Battle", "players": ["p0x1380593e", "p0y13808c8b"], "log": "|init|battle\n|title|p0x1380593e vs. p0y13808c8b\n|j|\u2606p0x1380593e\n|j|\u2606p0y13808c8b\n|t:|1783555125\n|gametype|singles\n|player|p1|p0x1380593e|169|\n|player|p2|p0y13808c8b|101|\n|gen|9\n|tier|[Gen 9] Random Battle\n|rule|Species Clause: Limit one of each Pok\u00e9mon\n|rule|HP Percentage Mod: HP is shown in percentages\n|rule|Sleep Clause Mod: Limit one foe put to sleep\n|rule|Illusion Level Mod: Illusion disguises the Pok\u00e9mon's true level\n|\n|t:|1783555125\n|teamsize|p1|6\n|teamsize|p2|6\n|start\n|switch|p1a: Greedent|Greedent, L86, M|100/100\n|switch|p2a: Houndoom|Houndoom, L87, F|272/272\n|turn|1\n|inactive|Battle timer is ON: inactive players will automatically lose when time's up. (requested by p0x1380593e)\n|inactive|Time left: 300 sec this turn | 300 sec total | 60 sec grace\n|inactive|p0y13808c8b also wants the timer to be on.\n|\n|t:|1783555127\n|move|p2a: Houndoom|Dark Pulse|p1a: Greedent\n|-damage|p1a: Greedent|72/100\n|move|p1a: Greedent|Swords Dance|p1a: Greedent\n|-boost|p1a: Greedent|atk|2\n|\n|upkeep\n|turn|2\n|inactive|Time left: 300 sec this turn | 300 sec total\n|\n|t:|1783555128\n|switch|p2a: Dragapult|Dragapult, L77, M|262/262\n|move|p1a: Greedent|Body Slam|p2a: Dragapult\n|-immune|p2a: Dragapult\n|\n|upkeep\n|turn|3\n|inactive|Time left: 300 sec this turn | 300 sec total\n|\n|t:|1783555129\n|move|p2a: Dragapult|Will-O-Wisp|p1a: Greedent\n|-status|p1a: Greedent|brn\n|move|p1a: Greedent|Knock Off|p2a: Dragapult\n|-supereffective|p2a: Dragapult\n|-damage|p2a: Dragapult|77/262\n|-enditem|p2a: Dragapult|Heavy-Duty Boots|[from] move: Knock Off|[of] p1a: Greedent\n|\n|-damage|p1a: Greedent|66/100 brn|[from] brn\n|upkeep\n|turn|4\n|inactive|Time left: 300 sec this turn | 300 sec total\n|\n|t:|1783555130\n|switch|p2a: Kyurem|Kyurem-Black, L71|295/295\n|-ability|p2a: Kyurem|Teravolt\n|move|p1a: Greedent|Earthquake|p2a: Kyurem\n|-damage|p2a: Kyurem|218/295\n|\n|-damage|p1a: Greedent|60/100 brn|[from] brn\n|upkeep\n|turn|5\n|inactive|Time left: 300 sec this turn | 300 sec total\n|\n|t:|1783555131\n|move|p2a: Kyurem|Dragon Dance|p2a: Kyurem\n|-boost|p2a: Kyurem|atk|1\n|-boost|p2a: Kyurem|spe|1\n|move|p1a: Greedent|Knock Off|p2a: Kyurem\n|-damage|p2a: Kyurem|145/295\n|-enditem|p2a: Kyurem|Loaded Dice|[from] move: Knock Off|[of] p1a: Greedent\n|\n|-damage|p1a: Greedent|54/100 brn|[from] brn\n|upkeep\n|turn|6\n|inactive|Time left: 300 sec this turn | 300 sec total\n|\n|t:|1783555132\n|move|p2a: Kyurem|Icicle Spear|p1a: Greedent\n|-damage|p1a: Greedent|41/100 brn\n|-enditem|p1a: Greedent|Sitrus Berry|[eat]\n|-heal|p1a: Greedent|66/100 brn|[from] item: Sitrus Berry\n|-heal|p1a: Greedent|99/100 brn|[from] ability: Cheek Pouch\n|-damage|p1a: Greedent|87/100 brn\n|-hitcount|p1a: Greedent|2\n|move|p1a: Greedent|Body Slam|p2a: Kyurem\n|-damage|p2a: Kyurem|46/295\n|-status|p2a: Kyurem|par\n|\n|-damage|p1a: Greedent|81/100 brn|[from] brn\n|upkeep\n|turn|7\n|inactive|Time left: 300 sec this turn | 300 sec total\n|\n|t:|1783555133\n|move|p2a: Kyurem|Icicle Spear|p1a: Greedent\n|-damage|p1a: Greedent|69/100 brn\n|-damage|p1a: Greedent|56/100 brn\n|-damage|p1a: Greedent|45/100 brn\n|-damage|p1a: Greedent|33/100 brn\n|-damage|p1a: Greedent|22/100 brn\n|-hitcount|p1a: Greedent|5\n|move|p1a: Greedent|Body Slam|p2a: Kyurem\n|-damage|p2a: Kyurem|0 fnt\n|faint|p2a: Kyurem\n|\n|-damage|p1a: Greedent|15/100 brn|[from] brn\n|upkeep\n|inactive|Time left: 300 sec this turn | 300 sec total | 5 sec grace\n|\n|t:|1783555134\n|switch|p2a: Magmortar|Magmortar, L88, F|275/275\n|turn|8\n|inactive|Time left: 300 sec this turn | 300 sec total\n|\n|t:|1783555135\n|move|p2a: Magmortar|Fire Blast|p1a: Greedent\n|-damage|p1a: Greedent|0 fnt\n|faint|p1a: Greedent\n|\n|upkeep\n|\n|t:|1783555136\n|switch|p1a: Camerupt|Camerupt, L91, F|100/100\n|turn|9\n|inactive|Time left: 300 sec this turn | 300 sec total\n|\n|t:|1783555137\n|-terastallize|p2a: Magmortar|Water\n|move|p2a: Magmortar|Earthquake|p1a: Camerupt\n|-supereffective|p1a: Camerupt\n|-damage|p1a: Camerupt|52/100\n|move|p1a: Camerupt|Earthquake|p2a: Magmortar\n|-damage|p2a: Magmortar|133/275\n|\n|-heal|p1a: Camerupt|59/100|[from] item: Leftovers\n|upkeep\n|turn|10\n|inactive|Time left: 300 sec this turn | 300 sec total\n|\n|t:|1783555138\n|move|p2a: Magmortar|Earthquake|p1a: Camerupt\n|-supereffective|p1a: Camerupt\n|-damage|p1a: Camerupt|16/100\n|move|p1a: Camerupt|Earthquake|p2a: Magmortar\n|-damage|p2a: Magmortar|0 fnt\n|faint|p2a: Magmortar\n|\n|-heal|p1a: Camerupt|22/100|[from] item: Leftovers\n|upkeep\n|inactive|Time left: 300 sec this turn | 300 sec total | 5 sec grace\n|\n|t:|1783555139\n|switch|p2a: Houndoom|Houndoom, L87, F|272/272\n|turn|11\n|inactive|Time left: 300 sec this turn | 300 sec total\n|\n|t:|1783555140\n|switch|p1a: Swampert|Swampert, L83, M|100/100\n|move|p2a: Houndoom|Fire Blast|p1a: Swampert\n|-resisted|p1a: Swampert\n|-damage|p1a: Swampert|85/100\n|-status|p1a: Swampert|brn\n|\n|-damage|p1a: Swampert|79/100 brn|[from] brn\n|upkeep\n|turn|12\n|inactive|Time left: 300 sec this turn | 300 sec total\n|\n|t:|1783555141\n|switch|p2a: Dragapult|Dragapult, L77, M|77/262\n|move|p1a: Swampert|Earthquake|p2a: Dragapult\n|-damage|p2a: Dragapult|7/262\n|\n|-damage|p1a: Swampert|73/100 brn|[from] brn\n|upkeep\n|turn|13\n|inactive|Time left: 300 sec this turn | 300 sec total\n|\n|t:|1783555142\n|move|p2a: Dragapult|Dragon Darts|p1a: Swampert\n|-damage|p1a: Swampert|54/100 brn\n|-anim|p2a: Dragapult|Dragon Darts|p1a: Swampert\n|-damage|p1a: Swampert|37/100 brn\n|move|p1a: Swampert|Earthquake|p2a: Dragapult\n|-damage|p2a: Dragapult|0 fnt\n|faint|p2a: Dragapult\n|\n|-damage|p1a: Swampert|31/100 brn|[from] brn\n|upkeep\n|inactive|Time left: 300 sec this turn | 300 sec total | 5 sec grace\n|\n|t:|1783555143\n|switch|p2a: Iron Boulder|Iron Boulder, L77|265/265\n|-enditem|p2a: Iron Boulder|Booster Energy\n|-activate|p2a: Iron Boulder|ability: Quark Drive|[fromitem]\n|-start|p2a: Iron Boulder|quarkdrivespe\n|turn|14\n|inactive|Time left: 300 sec this turn | 300 sec total\n|\n|t:|1783555144\n|move|p2a: Iron Boulder|Swords Dance|p2a: Iron Boulder\n|-boost|p2a: Iron Boulder|atk|2\n|move|p1a: Swampert|Flip Turn|p2a: Iron Boulder\n|-supereffective|p2a: Iron Boulder\n|-damage|p2a: Iron Boulder|154/265\n|\n|t:|1783555145\n|switch|p1a: Shaymin|Shaymin, L82|100/100|[from] Flip Turn\n|\n|upkeep\n|turn|15\n|inactive|Time left: 300 sec this turn | 300 sec total\n|\n|t:|1783555146\n|move|p2a: Iron Boulder|Zen Headbutt|p1a: Shaymin|[miss]\n|-miss|p2a: Iron Boulder|p1a: Shaymin\n|move|p1a: Shaymin|Seed Flare|p2a: Iron Boulder\n|-supereffective|p2a: Iron Boulder\n|-damage|p2a: Iron Boulder|0 fnt\n|faint|p2a: Iron Boulder\n|-end|p2a: Iron Boulder|Quark Drive|[silent]\n|\n|upkeep\n|inactive|Time left: 300 sec this turn | 300 sec total | 5 sec grace\n|\n|t:|1783555147\n|switch|p2a: Houndoom|Houndoom, L87, F|272/272\n|turn|16\n|inactive|Time left: 300 sec this turn | 300 sec total\n|\n|t:|1783555148\n|-terastallize|p1a: Shaymin|Ground\n|move|p2a: Houndoom|Fire Blast|p1a: Shaymin\n|-damage|p1a: Shaymin|55/100\n|move|p1a: Shaymin|Earth Power|p2a: Houndoom\n|-supereffective|p2a: Houndoom\n|-damage|p2a: Houndoom|80/272\n|\n|-heal|p1a: Shaymin|61/100|[from] item: Leftovers\n|upkeep\n|turn|17\n|inactive|Time left: 300 sec this turn | 300 sec total\n|\n|t:|1783555149\n|move|p2a: Houndoom|Dark Pulse|p1a: Shaymin\n|-damage|p1a: Shaymin|29/100\n|move|p1a: Shaymin|Earth Power|p2a: Houndoom\n|-supereffective|p2a: Houndoom\n|-damage|p2a: Houndoom|0 fnt\n|faint|p2a: Houndoom\n|\n|-heal|p1a: Shaymin|35/100|[from] item: Leftovers\n|upkeep\n|inactive|Time left: 300 sec this turn | 300 sec total | 5 sec grace\n|\n|t:|1783555150\n|switch|p2a: Meloetta|Meloetta, L82, shiny|298/298\n|turn|18\n|inactive|Time left: 300 sec this turn | 300 sec total\n|\n|t:|1783555151\n|move|p1a: Shaymin|Earth Power|p2a: Meloetta\n|-damage|p2a: Meloetta|226/298\n|move|p2a: Meloetta|Relic Song|p1a: Shaymin\n|-damage|p1a: Shaymin|0 fnt\n|faint|p1a: Shaymin\n|-formechange|p2a: Meloetta|Meloetta-Pirouette|[msg]\n|-damage|p2a: Meloetta|197/298|[from] item: Life Orb\n|\n|upkeep\n|\n|t:|1783555152\n|switch|p1a: Scrafty|Scrafty, L83, F|100/100\n|turn|19\n|inactive|Time left: 300 sec this turn | 300 sec total\n|\n|t:|1783555152\n|switch|p1a: Camerupt|Camerupt, L91, F|22/100\n|move|p2a: Meloetta|Close Combat|p1a: Camerupt\n|-damage|p1a: Camerupt|0 fnt\n|-unboost|p2a: Meloetta|def|1\n|-unboost|p2a: Meloetta|spd|1\n|faint|p1a: Camerupt\n|-damage|p2a: Meloetta|168/298|[from] item: Life Orb\n|\n|upkeep\n|\n|t:|1783555153\n|switch|p1a: Swampert|Swampert, L83, M|31/100 brn\n|turn|20\n|inactive|Time left: 300 sec this turn | 300 sec total\n|\n|t:|1783555154\n|move|p2a: Meloetta|Close Combat|p1a: Swampert\n|-crit|p1a: Swampert\n|-damage|p1a: Swampert|0 fnt\n|-unboost|p2a: Meloetta|def|1\n|-unboost|p2a: Meloetta|spd|1\n|faint|p1a: Swampert\n|-damage|p2a: Meloetta|139/298|[from] item: Life Orb\n|\n|upkeep\n|\n|t:|1783555155\n|switch|p1a: Terapagos|Terapagos, L77, F|100/100\n|-activate|p1a: Terapagos|ability: Tera Shift\n|detailschange|p1a: Terapagos|Terapagos-Terastal, L77, F\n|-heal|p1a: Terapagos|100/100|[silent]\n|turn|21\n|inactive|Time left: 300 sec this turn | 300 sec total\n|\n|t:|1783555156\n|move|p2a: Meloetta|Close Combat|p1a: Terapagos\n|-activate|p1a: Terapagos|ability: Tera Shell\n|-resisted|p1a: Terapagos\n|-damage|p1a: Terapagos|69/100\n|-unboost|p2a: Meloetta|def|1\n|-unboost|p2a: Meloetta|spd|1\n|-damage|p2a: Meloetta|110/298|[from] item: Life Orb\n|move|p1a: Terapagos|Tera Starstorm|p2a: Meloetta\n|-damage|p2a: Meloetta|0 fnt\n|faint|p2a: Meloetta\n|\n|win|p0x1380593e", "uploadtime": 1783555156, "views": 0, "rating": 0, "private": 0, "password": null, "_winner": "p0x1380593e", "_our_name": "p0y13808c8b"}