{"id": "battle-gen9randombattle-2252", "formatid": "gen9randombattle", "format": "[Gen 9] Random Battle", "players": ["p0x2252145f", "p0y2252228d"], "log": "|init|battle\n|title|p0x2252145f vs. p0y2252228d\n|j|\u2606p0x2252145f\n|j|\u2606p0y2252228d\n|t:|1783566110\n|gametype|singles\n|player|p1|p0x2252145f|266|\n|player|p2|p0y2252228d|169|\n|gen|9\n|tier|[Gen 9] Random Battle\n|rule|Species Clause: Limit one of each Pok\u00e9mon\n|rule|HP Percentage Mod: HP is shown in percentages\n|rule|Sleep Clause Mod: Limit one foe put to sleep\n|rule|Illusion Level Mod: Illusion disguises the Pok\u00e9mon's true level\n|\n|t:|1783566110\n|teamsize|p1|6\n|teamsize|p2|6\n|start\n|switch|p1a: Avalugg|Avalugg, L88, F|100/100\n|switch|p2a: Latios|Latios, L78, M|253/253\n|turn|1\n|inactive|Battle timer is ON: inactive players will automatically lose when time's up. (requested by p0x2252145f)\n|inactive|Time left: 300 sec this turn | 300 sec total | 60 sec grace\n|inactive|p0y2252228d also wants the timer to be on.\n|\n|t:|1783566111\n|switch|p2a: Skeledirge|Skeledirge, L79, M|294/294\n|move|p1a: Avalugg|Avalanche|p2a: Skeledirge\n|-resisted|p2a: Skeledirge\n|-damage|p2a: Skeledirge|252/294\n|\n|upkeep\n|turn|2\n|inactive|Time left: 300 sec this turn | 300 sec total\n|\n|t:|1783566113\n|switch|p1a: Ludicolo|Ludicolo, L90, F|100/100\n|move|p2a: Skeledirge|Torch Song|p1a: Ludicolo\n|-damage|p1a: Ludicolo|75/100\n|-boost|p2a: Skeledirge|spa|1\n|\n|upkeep\n|turn|3\n|inactive|Time left: 300 sec this turn | 300 sec total\n|\n|t:|1783566114\n|move|p1a: Ludicolo|Hydro Pump|p2a: Skeledirge\n|-supereffective|p2a: Skeledirge\n|-damage|p2a: Skeledirge|0 fnt\n|faint|p2a: Skeledirge\n|-damage|p1a: Ludicolo|65/100|[from] item: Life Orb\n|\n|upkeep\n|inactive|Time left: 300 sec this turn | 300 sec total | 5 sec grace\n|\n|t:|1783566115\n|switch|p2a: Ogerpon|Ogerpon-Hearthflame, L74, F|239/239\n|-ability|p2a: Ogerpon|Mold Breaker\n|turn|4\n|inactive|Time left: 300 sec this turn | 300 sec total\n|\n|t:|1783566116\n|move|p2a: Ogerpon|Swords Dance|p2a: Ogerpon\n|-boost|p2a: Ogerpon|atk|2\n|move|p1a: Ludicolo|Hydro Pump|p2a: Ogerpon\n|-damage|p2a: Ogerpon|75/239\n|-damage|p1a: Ludicolo|55/100|[from] item: Life Orb\n|\n|upkeep\n|turn|5\n|inactive|Time left: 300 sec this turn | 300 sec total\n|\n|t:|1783566116\n|switch|p1a: Dipplin|Dipplin, L88, M|100/100\n|move|p2a: Ogerpon|Ivy Cudgel|p1a: Dipplin|[anim] Ivy Cudgel Fire\n|-damage|p1a: Dipplin|57/100\n|\n|upkeep\n|turn|6\n|inactive|Time left: 300 sec this turn | 300 sec total\n|\n|t:|1783566117\n|-terastallize|p2a: Ogerpon|Fire\n|detailschange|p2a: Ogerpon|Ogerpon-Hearthflame-Tera, L74, F, tera:Fire\n|-ability|p2a: Ogerpon|Embody Aspect (Hearthflame)|boost\n|-boost|p2a: Ogerpon|atk|1\n|move|p2a: Ogerpon|Ivy Cudgel|p1a: Dipplin|[anim] Ivy Cudgel Fire\n|-damage|p1a: Dipplin|0 fnt\n|faint|p1a: Dipplin\n|\n|upkeep\n|\n|t:|1783566118\n|switch|p1a: Mismagius|Mismagius, L86, M|100/100\n|turn|7\n|inactive|Time left: 300 sec this turn | 300 sec total\n|\n|t:|1783566119\n|switch|p2a: Registeel|Registeel, L81|262/262\n|move|p1a: Mismagius|Shadow Ball|p2a: Registeel\n|-damage|p2a: Registeel|198/262\n|\n|-heal|p2a: Registeel|214/262|[from] item: Leftovers\n|upkeep\n|turn|8\n|inactive|Time left: 300 sec this turn | 300 sec total\n|\n|t:|1783566120\n|move|p1a: Mismagius|Nasty Plot|p1a: Mismagius\n|-boost|p1a: Mismagius|spa|2\n|move|p2a: Registeel|Iron Head|p1a: Mismagius\n|-damage|p1a: Mismagius|68/100\n|\n|-heal|p1a: Mismagius|74/100|[from] item: Leftovers\n|-heal|p2a: Registeel|230/262|[from] item: Leftovers\n|upkeep\n|turn|9\n|inactive|Time left: 300 sec this turn | 300 sec total\n|\n|t:|1783566121\n|move|p1a: Mismagius|Shadow Ball|p2a: Registeel\n|-damage|p2a: Registeel|98/262\n|move|p2a: Registeel|Iron Head|p1a: Mismagius\n|-damage|p1a: Mismagius|39/100\n|\n|-heal|p1a: Mismagius|45/100|[from] item: Leftovers\n|-heal|p2a: Registeel|114/262|[from] item: Leftovers\n|upkeep\n|turn|10\n|inactive|Time left: 300 sec this turn | 300 sec total\n|\n|t:|1783566122\n|move|p1a: Mismagius|Shadow Ball|p2a: Registeel\n|-damage|p2a: Registeel|0 fnt\n|faint|p2a: Registeel\n|\n|-heal|p1a: Mismagius|52/100|[from] item: Leftovers\n|upkeep\n|inactive|Time left: 300 sec this turn | 300 sec total | 5 sec grace\n|\n|t:|1783566123\n|switch|p2a: Politoed|Politoed, L88, M|302/302\n|-weather|RainDance|[from] ability: Drizzle|[of] p2a: Politoed\n|turn|11\n|inactive|Time left: 300 sec this turn | 300 sec total\n|\n|t:|1783566124\n|move|p1a: Mismagius|Substitute|p1a: Mismagius\n|-start|p1a: Mismagius|Substitute\n|-damage|p1a: Mismagius|27/100\n|move|p2a: Politoed|Hydro Pump|p1a: Mismagius\n|-end|p1a: Mismagius|Substitute\n|\n|-weather|RainDance|[upkeep]\n|-heal|p1a: Mismagius|33/100|[from] item: Leftovers\n|upkeep\n|turn|12\n|inactive|Time left: 300 sec this turn | 300 sec total\n|\n|t:|1783566125\n|move|p1a: Mismagius|Shadow Ball|p2a: Politoed\n|-damage|p2a: Politoed|146/302\n|move|p2a: Politoed|Hydro Pump|p1a: Mismagius\n|-damage|p1a: Mismagius|0 fnt\n|faint|p1a: Mismagius\n|\n|-weather|RainDance|[upkeep]\n|-heal|p2a: Politoed|164/302|[from] item: Leftovers\n|upkeep\n|\n|t:|1783566126\n|switch|p1a: Ludicolo|Ludicolo, L90, F|55/100\n|turn|13\n|inactive|Time left: 300 sec this turn | 300 sec total\n|\n|t:|1783566127\n|switch|p2a: Latios|Latios, L78, M|253/253\n|move|p1a: Ludicolo|Giga Drain|p2a: Latios\n|-resisted|p2a: Latios\n|-damage|p2a: Latios|206/253\n|-heal|p1a: Ludicolo|63/100|[from] drain|[of] p2a: Latios\n|-damage|p1a: Ludicolo|53/100|[from] item: Life Orb\n|\n|-weather|RainDance|[upkeep]\n|upkeep\n|turn|14\n|inactive|Time left: 300 sec this turn | 300 sec total\n|\n|t:|1783566128\n|move|p1a: Ludicolo|Ice Beam|p2a: Latios\n|-supereffective|p2a: Latios\n|-damage|p2a: Latios|55/253\n|-status|p2a: Latios|frz\n|-damage|p1a: Ludicolo|43/100|[from] item: Life Orb\n|-curestatus|p2a: Latios|frz|[msg]\n|move|p2a: Latios|Psyshock|p1a: Ludicolo\n|-damage|p1a: Ludicolo|0 fnt\n|faint|p1a: Ludicolo\n|\n|-weather|RainDance|[upkeep]\n|upkeep\n|\n|t:|1783566129\n|switch|p1a: Scrafty|Scrafty, L83, F|100/100\n|turn|15\n|inactive|Time left: 300 sec this turn | 300 sec total\n|\n|t:|1783566130\n|move|p2a: Latios|Draco Meteor|p1a: Scrafty\n|-damage|p1a: Scrafty|37/100\n|-unboost|p2a: Latios|spa|2\n|move|p1a: Scrafty|Knock Off|p2a: Latios\n|-supereffective|p2a: Latios\n|-damage|p2a: Latios|0 fnt\n|-enditem|p2a: Latios|Soul Dew|[from] move: Knock Off|[of] p1a: Scrafty\n|faint|p2a: Latios\n|\n|-weather|none\n|-heal|p1a: Scrafty|43/100|[from] item: Leftovers\n|upkeep\n|inactive|Time left: 300 sec this turn | 300 sec total | 5 sec grace\n|\n|t:|1783566131\n|switch|p2a: Ogerpon|Ogerpon-Hearthflame-Tera, L74, F, tera:Fire|75/239\n|-ability|p2a: Ogerpon|Embody Aspect (Hearthflame)|boost\n|-boost|p2a: Ogerpon|atk|1\n|turn|16\n|inactive|Time left: 300 sec this turn | 300 sec total\n|\n|t:|1783566132\n|move|p2a: Ogerpon|Ivy Cudgel|p1a: Scrafty|[anim] Ivy Cudgel Fire\n|-damage|p1a: Scrafty|0 fnt\n|faint|p1a: Scrafty\n|\n|upkeep\n|\n|t:|1783566133\n|switch|p1a: Avalugg|Avalugg, L88, F|100/100\n|turn|17\n|inactive|Time left: 300 sec this turn | 300 sec total\n|\n|t:|1783566134\n|move|p2a: Ogerpon|Ivy Cudgel|p1a: Avalugg|[anim] Ivy Cudgel Fire\n|-supereffective|p1a: Avalugg\n|-damage|p1a: Avalugg|28/100\n|move|p1a: Avalugg|Body Press|p2a: Ogerpon\n|-damage|p2a: Ogerpon|0 fnt\n|faint|p2a: Ogerpon\n|detailschange|p2: Ogerpon|Ogerpon-Hearthflame, L74, F|[silent]\n|\n|upkeep\n|inactive|Time left: 300 sec this turn | 300 sec total | 5 sec grace\n|\n|t:|1783566135\n|switch|p2a: Regieleki|Regieleki, L79|256/256\n|turn|18\n|inactive|Time left: 300 sec this turn | 300 sec total\n|\n|t:|1783566136\n|switch|p1a: Glaceon|Glaceon, L94, M|100/100\n|move|p2a: Regieleki|Volt Switch|p1a: Glaceon\n|-damage|p1a: Glaceon|67/100\n|inactive|Time left: 300 sec this turn | 300 sec total | 5 sec grace\n|\n|t:|1783566137\n|switch|p2a: Politoed|Politoed, L88, M|164/302|[from] Volt Switch\n|-weather|RainDance|[from] ability: Drizzle|[of] p2a: Politoed\n|\n|-weather|RainDance|[upkeep]\n|-heal|p2a: Politoed|182/302|[from] item: Leftovers\n|upkeep\n|turn|19\n|inactive|Time left: 300 sec this turn | 300 sec total\n|\n|t:|1783566138\n|switch|p2a: Regieleki|Regieleki, L79|256/256\n|-terastallize|p1a: Glaceon|Ground\n|move|p1a: Glaceon|Freeze-Dry|p2a: Regieleki\n|-damage|p2a: Regieleki|69/256\n|\n|-weather|RainDance|[upkeep]\n|upkeep\n|turn|20\n|inactive|Time left: 300 sec this turn | 300 sec total\n|\n|t:|1783566139\n|move|p2a: Regieleki|Volt Switch|p1a: Glaceon\n|-immune|p1a: Glaceon\n|move|p1a: Glaceon|Freeze-Dry|p2a: Regieleki\n|-damage|p2a: Regieleki|0 fnt\n|faint|p2a: Regieleki\n|\n|-weather|RainDance|[upkeep]\n|upkeep\n|inactive|Time left: 300 sec this turn | 300 sec total | 5 sec grace\n|\n|t:|1783566140\n|switch|p2a: Politoed|Politoed, L88, M|182/302\n|turn|21\n|inactive|Time left: 300 sec this turn | 300 sec total\n|\n|t:|1783566141\n|move|p1a: Glaceon|Freeze-Dry|p2a: Politoed\n|-supereffective|p2a: Politoed\n|-damage|p2a: Politoed|0 fnt\n|faint|p2a: Politoed\n|\n|win|p0x2252145f", "uploadtime": 1783566141, "views": 0, "rating": 0, "private": 0, "password": null, "_winner": "p0x2252145f", "_our_name": "p0y2252228d"}