{"id": "battle-gen9randombattle-978", "formatid": "gen9randombattle", "format": "[Gen 9] Random Battle", "players": ["p0x9784ff0", "p0y97892c4"], "log": "|init|battle\n|title|p0x9784ff0 vs. p0y97892c4\n|j|\u2606p0x9784ff0\n|j|\u2606p0y97892c4\n|t:|1783551255\n|gametype|singles\n|player|p1|p0x9784ff0|101|\n|player|p2|p0y97892c4|265|\n|gen|9\n|tier|[Gen 9] Random Battle\n|rule|Species Clause: Limit one of each Pok\u00e9mon\n|rule|HP Percentage Mod: HP is shown in percentages\n|rule|Sleep Clause Mod: Limit one foe put to sleep\n|rule|Illusion Level Mod: Illusion disguises the Pok\u00e9mon's true level\n|\n|t:|1783551255\n|teamsize|p1|6\n|teamsize|p2|6\n|start\n|switch|p1a: Appletun|Appletun, L92, F|352/352\n|switch|p2a: Staraptor|Staraptor, L79, M|100/100\n|turn|1\n|inactive|Battle timer is ON: inactive players will automatically lose when time's up. (requested by p0y97892c4)\n|inactive|Time left: 300 sec this turn | 300 sec total | 60 sec grace\n|inactive|p0x9784ff0 also wants the timer to be on.\n|\n|t:|1783551257\n|switch|p1a: Probopass|Probopass, L91, M|257/257\n|move|p2a: Staraptor|Brave Bird|p1a: Probopass\n|-resisted|p1a: Probopass\n|-damage|p1a: Probopass|218/257\n|-damage|p2a: Staraptor|96/100|[from] Recoil\n|\n|upkeep\n|turn|2\n|inactive|Time left: 300 sec this turn | 300 sec total\n|\n|t:|1783551258\n|move|p2a: Staraptor|Brave Bird|p1a: Probopass\n|-resisted|p1a: Probopass\n|-damage|p1a: Probopass|180/257\n|-damage|p2a: Staraptor|91/100|[from] Recoil\n|move|p1a: Probopass|Power Gem|p2a: Staraptor\n|-supereffective|p2a: Staraptor\n|-damage|p2a: Staraptor|6/100\n|\n|upkeep\n|turn|3\n|inactive|Time left: 300 sec this turn | 300 sec total\n|\n|t:|1783551259\n|move|p2a: Staraptor|Brave Bird|p1a: Probopass\n|-resisted|p1a: Probopass\n|-crit|p1a: Probopass\n|-damage|p1a: Probopass|123/257\n|-damage|p2a: Staraptor|0 fnt|[from] Recoil\n|faint|p2a: Staraptor\n|move|p1a: Probopass|Iron Defense|p1a: Probopass\n|-boost|p1a: Probopass|def|2\n|\n|upkeep\n|\n|t:|1783551260\n|switch|p2a: Clodsire|Clodsire, L81, M|100/100\n|turn|4\n|inactive|Time left: 300 sec this turn | 300 sec total\n|\n|t:|1783551260\n|move|p1a: Probopass|Rest|p1a: Probopass\n|-status|p1a: Probopass|slp|[from] move: Rest\n|-heal|p1a: Probopass|257/257 slp|[silent]\n|-enditem|p1a: Probopass|Chesto Berry|[eat]\n|-curestatus|p1a: Probopass|slp|[msg]\n|move|p2a: Clodsire|Toxic Spikes|p1a: Probopass\n|-sidestart|p1: p0x9784ff0|move: Toxic Spikes\n|\n|upkeep\n|turn|5\n|inactive|Time left: 300 sec this turn | 300 sec total\n|\n|t:|1783551261\n|move|p1a: Probopass|Body Press|p2a: Clodsire\n|-resisted|p2a: Clodsire\n|-damage|p2a: Clodsire|66/100\n|move|p2a: Clodsire|Earthquake|p1a: Probopass\n|-supereffective|p1a: Probopass\n|-damage|p1a: Probopass|145/257\n|\n|-heal|p2a: Clodsire|72/100|[from] item: Leftovers\n|upkeep\n|turn|6\n|inactive|Time left: 300 sec this turn | 300 sec total\n|\n|t:|1783551262\n|switch|p1a: Charizard|Charizard, L85, F|271/271\n|move|p2a: Clodsire|Toxic Spikes|p1a: Charizard\n|-sidestart|p1: p0x9784ff0|move: Toxic Spikes\n|\n|-heal|p2a: Clodsire|78/100|[from] item: Leftovers\n|upkeep\n|turn|7\n|inactive|Time left: 300 sec this turn | 300 sec total\n|\n|t:|1783551263\n|move|p1a: Charizard|Swords Dance|p1a: Charizard\n|-boost|p1a: Charizard|atk|2\n|move|p2a: Clodsire|Gunk Shot|p1a: Charizard\n|-damage|p1a: Charizard|162/271\n|-status|p1a: Charizard|psn\n|\n|-heal|p2a: Clodsire|84/100|[from] item: Leftovers\n|-damage|p1a: Charizard|129/271 psn|[from] psn\n|upkeep\n|turn|8\n|inactive|Time left: 300 sec this turn | 300 sec total\n|\n|t:|1783551264\n|switch|p2a: Rabsca|Rabsca, L91, M|100/100\n|move|p1a: Charizard|Earthquake|p2a: Rabsca\n|-resisted|p2a: Rabsca\n|-damage|p2a: Rabsca|78/100\n|\n|-damage|p1a: Charizard|96/271 psn|[from] psn\n|upkeep\n|turn|9\n|inactive|Time left: 300 sec this turn | 300 sec total\n|\n|t:|1783551265\n|move|p1a: Charizard|Flare Blitz|p2a: Rabsca\n|-supereffective|p2a: Rabsca\n|-damage|p2a: Rabsca|0 fnt\n|faint|p2a: Rabsca\n|-damage|p1a: Charizard|23/271 psn|[from] Recoil\n|\n|-damage|p1a: Charizard|0 fnt|[from] psn\n|faint|p1a: Charizard\n|upkeep\n|inactive|Time left: 300 sec this turn | 300 sec total | 5 sec grace\n|\n|t:|1783551266\n|switch|p1a: Ursaring|Ursaring, L84, F|288/288\n|switch|p2a: Kommo-o|Kommo-o, L77, F|100/100\n|-status|p1a: Ursaring|tox\n|turn|10\n|inactive|Time left: 300 sec this turn | 300 sec total\n|\n|t:|1783551267\n|move|p1a: Ursaring|Facade|p2a: Kommo-o\n|-damage|p2a: Kommo-o|39/100\n|move|p2a: Kommo-o|Swords Dance|p2a: Kommo-o\n|-boost|p2a: Kommo-o|atk|2\n|\n|-damage|p1a: Ursaring|270/288 tox|[from] psn\n|upkeep\n|turn|11\n|inactive|Time left: 300 sec this turn | 300 sec total\n|\n|t:|1783551268\n|switch|p2a: Duraludon|Duraludon, L82, M|100/100\n|move|p1a: Ursaring|Facade|p2a: Duraludon\n|-resisted|p2a: Duraludon\n|-damage|p2a: Duraludon|78/100\n|\n|-damage|p1a: Ursaring|234/288 tox|[from] psn\n|upkeep\n|turn|12\n|inactive|Time left: 300 sec this turn | 300 sec total\n|\n|t:|1783551269\n|switch|p1a: Rabsca|Rabsca, L91, F|284/284\n|move|p2a: Duraludon|Body Press|p1a: Rabsca\n|-resisted|p1a: Rabsca\n|-damage|p1a: Rabsca|270/284\n|\n|upkeep\n|turn|13\n|inactive|Time left: 300 sec this turn | 300 sec total\n|\n|t:|1783551270\n|move|p2a: Duraludon|Flash Cannon|p1a: Rabsca\n|-damage|p1a: Rabsca|189/284\n|move|p1a: Rabsca|Psychic|p2a: Duraludon\n|-resisted|p2a: Duraludon\n|-damage|p2a: Duraludon|52/100\n|\n|upkeep\n|turn|14\n|inactive|Time left: 300 sec this turn | 300 sec total\n|\n|t:|1783551270\n|move|p2a: Duraludon|Flash Cannon|p1a: Rabsca\n|-damage|p1a: Rabsca|110/284\n|move|p1a: Rabsca|Psychic|p2a: Duraludon\n|-resisted|p2a: Duraludon\n|-damage|p2a: Duraludon|27/100\n|\n|upkeep\n|turn|15\n|inactive|Time left: 300 sec this turn | 300 sec total\n|\n|t:|1783551271\n|move|p2a: Duraludon|Draco Meteor|p1a: Rabsca\n|-crit|p1a: Rabsca\n|-damage|p1a: Rabsca|0 fnt\n|-unboost|p2a: Duraludon|spa|2\n|faint|p1a: Rabsca\n|\n|upkeep\n|inactive|Time left: 300 sec this turn | 300 sec total | 5 sec grace\n|\n|t:|1783551272\n|switch|p1a: Probopass|Probopass, L91, M|145/257\n|turn|16\n|inactive|Time left: 300 sec this turn | 300 sec total\n|\n|t:|1783551273\n|-terastallize|p1a: Probopass|Fighting\n|move|p2a: Duraludon|Body Press|p1a: Probopass\n|-damage|p1a: Probopass|108/257\n|move|p1a: Probopass|Iron Defense|p1a: Probopass\n|-boost|p1a: Probopass|def|2\n|\n|upkeep\n|turn|17\n|inactive|Time left: 300 sec this turn | 300 sec total\n|\n|t:|1783551274\n|move|p2a: Duraludon|Flash Cannon|p1a: Probopass\n|-damage|p1a: Probopass|78/257\n|move|p1a: Probopass|Body Press|p2a: Duraludon\n|-supereffective|p2a: Duraludon\n|-damage|p2a: Duraludon|0 fnt\n|faint|p2a: Duraludon\n|\n|upkeep\n|\n|t:|1783551276\n|switch|p2a: Fezandipiti|Fezandipiti, L82, M|100/100\n|turn|18\n|inactive|Time left: 300 sec this turn | 300 sec total\n|\n|t:|1783551277\n|move|p2a: Fezandipiti|Moonblast|p1a: Probopass\n|-supereffective|p1a: Probopass\n|-damage|p1a: Probopass|0 fnt\n|faint|p1a: Probopass\n|\n|upkeep\n|inactive|Time left: 300 sec this turn | 300 sec total | 5 sec grace\n|\n|t:|1783551278\n|switch|p1a: Ursaring|Ursaring, L84, F|234/288 tox\n|turn|19\n|inactive|Time left: 300 sec this turn | 300 sec total\n|\n|t:|1783551279\n|move|p1a: Ursaring|Swords Dance|p1a: Ursaring\n|-boost|p1a: Ursaring|atk|2\n|move|p2a: Fezandipiti|Roost||[still]\n|-fail|p2a: Fezandipiti|heal\n|\n|-damage|p1a: Ursaring|216/288 tox|[from] psn\n|upkeep\n|turn|20\n|inactive|Time left: 300 sec this turn | 300 sec total\n|\n|t:|1783551280\n|move|p1a: Ursaring|Facade|p2a: Fezandipiti\n|-damage|p2a: Fezandipiti|0 fnt\n|faint|p2a: Fezandipiti\n|\n|-damage|p1a: Ursaring|180/288 tox|[from] psn\n|upkeep\n|\n|t:|1783551281\n|switch|p2a: Clodsire|Clodsire, L81, M|84/100\n|turn|21\n|inactive|Time left: 300 sec this turn | 300 sec total\n|\n|t:|1783551282\n|-terastallize|p2a: Clodsire|Steel\n|move|p1a: Ursaring|Facade|p2a: Clodsire\n|-resisted|p2a: Clodsire\n|-damage|p2a: Clodsire|7/100\n|move|p2a: Clodsire|Earthquake|p1a: Ursaring\n|-damage|p1a: Ursaring|81/288 tox\n|\n|-heal|p2a: Clodsire|14/100|[from] item: Leftovers\n|-damage|p1a: Ursaring|27/288 tox|[from] psn\n|upkeep\n|turn|22\n|inactive|Time left: 300 sec this turn | 300 sec total\n|\n|t:|1783551284\n|move|p1a: Ursaring|Close Combat|p2a: Clodsire\n|-supereffective|p2a: Clodsire\n|-damage|p2a: Clodsire|0 fnt\n|-unboost|p1a: Ursaring|def|1\n|-unboost|p1a: Ursaring|spd|1\n|faint|p2a: Clodsire\n|\n|-damage|p1a: Ursaring|0 fnt|[from] psn\n|faint|p1a: Ursaring\n|upkeep\n|inactive|Time left: 300 sec this turn | 300 sec total | 5 sec grace\n|\n|t:|1783551285\n|switch|p1a: Appletun|Appletun, L92, F|352/352\n|switch|p2a: Kommo-o|Kommo-o, L77, F|39/100\n|-status|p1a: Appletun|tox\n|turn|23\n|inactive|Time left: 300 sec this turn | 300 sec total\n|\n|t:|1783551286\n|move|p2a: Kommo-o|Iron Head|p1a: Appletun\n|-damage|p1a: Appletun|297/352 tox\n|move|p1a: Appletun|Dragon Pulse|p2a: Kommo-o\n|-supereffective|p2a: Kommo-o\n|-damage|p2a: Kommo-o|0 fnt\n|faint|p2a: Kommo-o\n|\n|win|p0x9784ff0", "uploadtime": 1783551286, "views": 0, "rating": 0, "private": 0, "password": null, "_winner": "p0x9784ff0", "_our_name": "p0x9784ff0"}