{"id": "battle-gen9randombattle-1150", "formatid": "gen9randombattle", "format": "[Gen 9] Random Battle", "players": ["p0x11507e18", "p0y11505964"], "log": "|init|battle\n|title|p0x11507e18 vs. p0y11505964\n|j|\u2606p0x11507e18\n|j|\u2606p0y11505964\n|t:|1783552473\n|gametype|singles\n|player|p1|p0x11507e18|101|\n|player|p2|p0y11505964|2|\n|gen|9\n|tier|[Gen 9] Random Battle\n|rule|Species Clause: Limit one of each Pok\u00e9mon\n|rule|HP Percentage Mod: HP is shown in percentages\n|rule|Sleep Clause Mod: Limit one foe put to sleep\n|rule|Illusion Level Mod: Illusion disguises the Pok\u00e9mon's true level\n|\n|t:|1783552473\n|teamsize|p1|6\n|teamsize|p2|6\n|start\n|switch|p1a: Bastiodon|Bastiodon, L89, F|252/252\n|switch|p2a: Arboliva|Arboliva, L91, F|100/100\n|turn|1\n|inactive|Battle timer is ON: inactive players will automatically lose when time's up. (requested by p0x11507e18)\n|inactive|p0y11505964 also wants the timer to be on.\n|\n|t:|1783552474\n|move|p2a: Arboliva|Earth Power|p1a: Bastiodon\n|-supereffective|p1a: Bastiodon\n|-damage|p1a: Bastiodon|4/252\n|move|p1a: Bastiodon|Iron Defense|p1a: Bastiodon\n|-boost|p1a: Bastiodon|def|2\n|\n|upkeep\n|turn|2\n|inactive|Time left: 300 sec this turn | 300 sec total\n|\n|t:|1783552475\n|switch|p1a: Sawsbuck|Sawsbuck-Winter, L88, M|284/284\n|move|p2a: Arboliva|Energy Ball|p1a: Sawsbuck\n|-ability|p1a: Sawsbuck|Sap Sipper|boost\n|-boost|p1a: Sawsbuck|atk|1\n|\n|upkeep\n|turn|3\n|inactive|Time left: 300 sec this turn | 300 sec total\n|\n|t:|1783552476\n|move|p1a: Sawsbuck|Swords Dance|p1a: Sawsbuck\n|-boost|p1a: Sawsbuck|atk|2\n|move|p2a: Arboliva|Hyper Voice|p1a: Sawsbuck\n|-damage|p1a: Sawsbuck|119/284\n|\n|upkeep\n|turn|4\n|inactive|Time left: 300 sec this turn | 300 sec total\n|\n|t:|1783552477\n|move|p1a: Sawsbuck|Double-Edge|p2a: Arboliva\n|-damage|p2a: Arboliva|0 fnt\n|-fieldstart|move: Grassy Terrain|[from] ability: Seed Sower|[of] p2a: Arboliva\n|faint|p2a: Arboliva\n|-damage|p1a: Sawsbuck|23/284|[from] Recoil\n|-damage|p1a: Sawsbuck|0 fnt|[from] item: Life Orb\n|faint|p1a: Sawsbuck\n|\n|upkeep\n|inactive|Time left: 300 sec this turn | 300 sec total | 5 sec grace\n|\n|t:|1783552478\n|switch|p1a: Calyrex|Calyrex-Ice, L72|263/263\n|switch|p2a: Crabominable|Crabominable, L90, F|100/100\n|-ability|p1a: Calyrex|As One\n|-ability|p1a: Calyrex|Unnerve\n|turn|5\n|inactive|Time left: 300 sec this turn | 300 sec total\n|\n|t:|1783552479\n|move|p2a: Crabominable|Knock Off|p1a: Calyrex\n|-supereffective|p1a: Calyrex\n|-damage|p1a: Calyrex|51/263\n|-enditem|p1a: Calyrex|Weakness Policy\n|-boost|p1a: Calyrex|atk|2|[from] item: Weakness Policy\n|-boost|p1a: Calyrex|spa|2|[from] item: Weakness Policy\n|move|p1a: Calyrex|Agility|p1a: Calyrex\n|-boost|p1a: Calyrex|spe|2\n|\n|-heal|p1a: Calyrex|67/263|[from] Grassy Terrain\n|upkeep\n|turn|6\n|inactive|Time left: 300 sec this turn | 300 sec total\n|\n|t:|1783552480\n|move|p1a: Calyrex|Close Combat|p2a: Crabominable\n|-supereffective|p2a: Crabominable\n|-damage|p2a: Crabominable|0 fnt\n|-unboost|p1a: Calyrex|def|1\n|-unboost|p1a: Calyrex|spd|1\n|faint|p2a: Crabominable\n|-ability|p1a: Calyrex|Chilling Neigh|boost\n|-boost|p1a: Calyrex|atk|1\n|\n|-heal|p1a: Calyrex|83/263|[from] Grassy Terrain\n|upkeep\n|\n|t:|1783552481\n|switch|p2a: Scream Tail|Scream Tail, L84|100/100\n|turn|7\n|inactive|Time left: 300 sec this turn | 300 sec total\n|\n|t:|1783552483\n|move|p2a: Scream Tail|Encore|p1a: Calyrex\n|-start|p1a: Calyrex|Encore\n|move|p1a: Calyrex|Close Combat|p2a: Scream Tail\n|-resisted|p2a: Scream Tail\n|-damage|p2a: Scream Tail|85/100\n|-unboost|p1a: Calyrex|def|1\n|-unboost|p1a: Calyrex|spd|1\n|\n|-heal|p2a: Scream Tail|91/100|[from] Grassy Terrain\n|-heal|p2a: Scream Tail|97/100|[from] item: Leftovers\n|-heal|p1a: Calyrex|99/263|[from] Grassy Terrain\n|upkeep\n|turn|8\n|inactive|Time left: 300 sec this turn | 300 sec total\n|\n|t:|1783552484\n|switch|p1a: Rhyperior|Rhyperior, L82, M|323/323\n|move|p2a: Scream Tail|Dazzling Gleam|p1a: Rhyperior\n|-damage|p1a: Rhyperior|235/323\n|\n|-heal|p2a: Scream Tail|100/100|[from] Grassy Terrain\n|-heal|p1a: Rhyperior|255/323|[from] Grassy Terrain\n|-fieldend|move: Grassy Terrain\n|upkeep\n|turn|9\n|inactive|Time left: 300 sec this turn | 300 sec total\n|\n|t:|1783552485\n|move|p2a: Scream Tail|Dazzling Gleam|p1a: Rhyperior\n|-damage|p1a: Rhyperior|159/323\n|move|p1a: Rhyperior|Earthquake|p2a: Scream Tail\n|-damage|p2a: Scream Tail|41/100\n|\n|-heal|p2a: Scream Tail|47/100|[from] item: Leftovers\n|upkeep\n|turn|10\n|inactive|Time left: 300 sec this turn | 300 sec total\n|\n|t:|1783552486\n|move|p2a: Scream Tail|Dazzling Gleam|p1a: Rhyperior\n|-damage|p1a: Rhyperior|66/323\n|move|p1a: Rhyperior|Earthquake|p2a: Scream Tail\n|-damage|p2a: Scream Tail|0 fnt\n|faint|p2a: Scream Tail\n|-end|p2a: Scream Tail|Protosynthesis|[silent]\n|\n|upkeep\n|\n|t:|1783552487\n|switch|p2a: Glalie|Glalie, L96, M|100/100\n|turn|11\n|inactive|Time left: 300 sec this turn | 300 sec total\n|\n|t:|1783552488\n|switch|p1a: Torkoal|Torkoal, L88, F|266/266\n|-weather|SunnyDay|[from] ability: Drought|[of] p1a: Torkoal\n|move|p2a: Glalie|Freeze-Dry|p1a: Torkoal\n|-resisted|p1a: Torkoal\n|-damage|p1a: Torkoal|217/266\n|\n|-weather|SunnyDay|[upkeep]\n|upkeep\n|turn|12\n|inactive|Time left: 300 sec this turn | 300 sec total\n|\n|t:|1783552489\n|switch|p2a: Noctowl|Noctowl, L95, F|100/100\n|move|p1a: Torkoal|Fire Blast|p2a: Noctowl\n|-damage|p2a: Noctowl|60/100\n|\n|-weather|SunnyDay|[upkeep]\n|upkeep\n|turn|13\n|inactive|Time left: 300 sec this turn | 300 sec total\n|\n|t:|1783552490\n|switch|p1a: Bastiodon|Bastiodon, L89, F|4/252\n|move|p2a: Noctowl|Nasty Plot|p2a: Noctowl\n|-boost|p2a: Noctowl|spa|2\n|\n|-weather|SunnyDay|[upkeep]\n|upkeep\n|turn|14\n|inactive|Time left: 300 sec this turn | 300 sec total\n|\n|t:|1783552491\n|move|p2a: Noctowl|Hurricane|p1a: Bastiodon\n|-resisted|p1a: Bastiodon\n|-damage|p1a: Bastiodon|0 fnt\n|faint|p1a: Bastiodon\n|\n|-weather|SunnyDay|[upkeep]\n|upkeep\n|inactive|Time left: 300 sec this turn | 300 sec total | 5 sec grace\n|\n|t:|1783552492\n|switch|p1a: Noivern|Noivern, L82, F|274/274\n|turn|15\n|inactive|Time left: 300 sec this turn | 300 sec total\n|\n|t:|1783552493\n|move|p1a: Noivern|Boomburst|p2a: Noctowl\n|-damage|p2a: Noctowl|28/100\n|move|p2a: Noctowl|Hyper Voice|p1a: Noivern\n|-damage|p1a: Noivern|22/274\n|\n|-weather|none\n|upkeep\n|turn|16\n|inactive|Time left: 300 sec this turn | 300 sec total\n|\n|t:|1783552495\n|-terastallize|p2a: Noctowl|Steel\n|move|p1a: Noivern|Boomburst|p2a: Noctowl\n|-resisted|p2a: Noctowl\n|-damage|p2a: Noctowl|13/100\n|move|p2a: Noctowl|Roost|p2a: Noctowl\n|-heal|p2a: Noctowl|63/100\n|\n|upkeep\n|turn|17\n|inactive|Time left: 300 sec this turn | 300 sec total\n|\n|t:|1783552496\n|move|p1a: Noivern|Boomburst|p2a: Noctowl\n|-resisted|p2a: Noctowl\n|-damage|p2a: Noctowl|47/100\n|move|p2a: Noctowl|Hyper Voice|p1a: Noivern\n|-damage|p1a: Noivern|0 fnt\n|faint|p1a: Noivern\n|\n|upkeep\n|inactive|Time left: 300 sec this turn | 300 sec total | 5 sec grace\n|\n|t:|1783552497\n|switch|p1a: Rhyperior|Rhyperior, L82, M|66/323\n|turn|18\n|inactive|Time left: 300 sec this turn | 300 sec total\n|\n|t:|1783552498\n|move|p2a: Noctowl|Hyper Voice|p1a: Rhyperior\n|-resisted|p1a: Rhyperior\n|-damage|p1a: Rhyperior|0 fnt\n|faint|p1a: Rhyperior\n|\n|upkeep\n|inactive|Time left: 300 sec this turn | 300 sec total | 5 sec grace\n|\n|t:|1783552499\n|switch|p1a: Calyrex|Calyrex-Ice, L72|99/263\n|-ability|p1a: Calyrex|As One\n|-ability|p1a: Calyrex|Unnerve\n|turn|19\n|inactive|Time left: 300 sec this turn | 300 sec total\n|\n|t:|1783552500\n|move|p2a: Noctowl|Hyper Voice|p1a: Calyrex\n|-damage|p1a: Calyrex|0 fnt\n|faint|p1a: Calyrex\n|\n|upkeep\n|inactive|Time left: 300 sec this turn | 300 sec total | 5 sec grace\n|\n|t:|1783552500\n|switch|p1a: Torkoal|Torkoal, L88, F|217/266\n|-weather|SunnyDay|[from] ability: Drought|[of] p1a: Torkoal\n|turn|20\n|inactive|Time left: 300 sec this turn | 300 sec total\n|\n|t:|1783552501\n|-terastallize|p1a: Torkoal|Grass\n|move|p2a: Noctowl|Hyper Voice|p1a: Torkoal\n|-damage|p1a: Torkoal|0 fnt\n|faint|p1a: Torkoal\n|\n|win|p0y11505964", "uploadtime": 1783552501, "views": 0, "rating": 0, "private": 0, "password": null, "_winner": "p0y11505964", "_our_name": "p0x11507e18"}