{"id": "battle-gen9randombattle-2594", "formatid": "gen9randombattle", "format": "[Gen 9] Random Battle", "players": ["p0x2594f029", "p0y25947499"], "log": "|init|battle\n|title|p0x2594f029 vs. p0y25947499\n|j|\u2606p0x2594f029\n|j|\u2606p0y25947499\n|t:|1783569006\n|gametype|singles\n|player|p1|p0x2594f029|101|\n|player|p2|p0y25947499|2|\n|gen|9\n|tier|[Gen 9] Random Battle\n|rule|Species Clause: Limit one of each Pok\u00e9mon\n|rule|HP Percentage Mod: HP is shown in percentages\n|rule|Sleep Clause Mod: Limit one foe put to sleep\n|rule|Illusion Level Mod: Illusion disguises the Pok\u00e9mon's true level\n|\n|t:|1783569006\n|teamsize|p1|6\n|teamsize|p2|6\n|start\n|switch|p1a: Sudowoodo|Sudowoodo, L94, M|100/100\n|switch|p2a: Flygon|Flygon, L82, M|265/265\n|turn|1\n|inactive|Battle timer is ON: inactive players will automatically lose when time's up. (requested by p0y25947499)\n|inactive|p0x2594f029 also wants the timer to be on.\n|\n|t:|1783569007\n|move|p2a: Flygon|Earthquake|p1a: Sudowoodo\n|-supereffective|p1a: Sudowoodo\n|-damage|p1a: Sudowoodo|50/100\n|move|p1a: Sudowoodo|Wood Hammer|p2a: Flygon\n|-damage|p2a: Flygon|143/265\n|\n|-heal|p1a: Sudowoodo|56/100|[from] item: Leftovers\n|upkeep\n|turn|2\n|inactive|Time left: 300 sec this turn | 300 sec total\n|\n|t:|1783569008\n|move|p2a: Flygon|Earthquake|p1a: Sudowoodo\n|-supereffective|p1a: Sudowoodo\n|-damage|p1a: Sudowoodo|3/100\n|move|p1a: Sudowoodo|Stealth Rock|p2a: Flygon\n|-sidestart|p2: p0y25947499|move: Stealth Rock\n|\n|-heal|p1a: Sudowoodo|9/100|[from] item: Leftovers\n|upkeep\n|turn|3\n|inactive|Time left: 300 sec this turn | 300 sec total\n|\n|t:|1783569009\n|move|p1a: Sudowoodo|Sucker Punch|p2a: Flygon\n|-crit|p2a: Flygon\n|-damage|p2a: Flygon|31/265\n|move|p2a: Flygon|Outrage|p1a: Sudowoodo\n|-damage|p1a: Sudowoodo|0 fnt\n|faint|p1a: Sudowoodo\n|\n|upkeep\n|\n|t:|1783569010\n|switch|p1a: Ariados|Ariados, L95, M|100/100\n|turn|4\n|inactive|Time left: 300 sec this turn | 300 sec total\n|\n|t:|1783569011\n|move|p2a: Flygon|Outrage|p1a: Ariados|[from] lockedmove\n|-damage|p1a: Ariados|57/100\n|move|p1a: Ariados|Sticky Web|p2a: Flygon\n|-sidestart|p2: p0y25947499|move: Sticky Web\n|\n|upkeep\n|turn|5\n|inactive|Time left: 300 sec this turn | 300 sec total\n|\n|t:|1783569012\n|move|p2a: Flygon|Outrage|p1a: Ariados|[from] lockedmove\n|-damage|p1a: Ariados|10/100\n|-start|p2a: Flygon|confusion|[fatigue]\n|-enditem|p2a: Flygon|Lum Berry|[eat]\n|-end|p2a: Flygon|confusion\n|move|p1a: Ariados|Poison Jab|p2a: Flygon\n|-resisted|p2a: Flygon\n|-damage|p2a: Flygon|0 fnt\n|faint|p2a: Flygon\n|\n|upkeep\n|inactive|Time left: 300 sec this turn | 300 sec total | 5 sec grace\n|\n|t:|1783569013\n|switch|p2a: Chi-Yu|Chi-Yu, L77|211/211\n|-ability|p2a: Chi-Yu|Beads of Ruin\n|turn|6\n|inactive|Time left: 300 sec this turn | 300 sec total\n|\n|t:|1783569014\n|move|p2a: Chi-Yu|Fire Blast|p1a: Ariados|[miss]\n|-miss|p2a: Chi-Yu|p1a: Ariados\n|move|p1a: Ariados|Megahorn|p2a: Chi-Yu\n|-damage|p2a: Chi-Yu|0 fnt\n|faint|p2a: Chi-Yu\n|\n|upkeep\n|inactive|Time left: 300 sec this turn | 300 sec total | 5 sec grace\n|\n|t:|1783569015\n|switch|p2a: Tauros|Tauros-Paldea-Combat, L82, M|257/257\n|-damage|p2a: Tauros|241/257|[from] Stealth Rock\n|-activate|p2a: Tauros|move: Sticky Web\n|-unboost|p2a: Tauros|spe|1\n|-ability|p2a: Tauros|Intimidate|boost\n|-unboost|p1a: Ariados|atk|1\n|turn|7\n|inactive|Time left: 300 sec this turn | 300 sec total\n|\n|t:|1783569016\n|move|p2a: Tauros|Bulk Up|p2a: Tauros\n|-boost|p2a: Tauros|atk|1\n|-boost|p2a: Tauros|def|1\n|move|p1a: Ariados|Megahorn|p2a: Tauros\n|-resisted|p2a: Tauros\n|-damage|p2a: Tauros|197/257\n|\n|upkeep\n|turn|8\n|inactive|Time left: 300 sec this turn | 300 sec total\n|\n|t:|1783569017\n|move|p2a: Tauros|Bulk Up|p2a: Tauros\n|-boost|p2a: Tauros|atk|1\n|-boost|p2a: Tauros|def|1\n|move|p1a: Ariados|Toxic Spikes|p2a: Tauros\n|-sidestart|p2: p0y25947499|move: Toxic Spikes\n|\n|upkeep\n|turn|9\n|inactive|Time left: 300 sec this turn | 300 sec total\n|\n|t:|1783569018\n|move|p2a: Tauros|Bulk Up|p2a: Tauros\n|-boost|p2a: Tauros|atk|1\n|-boost|p2a: Tauros|def|1\n|move|p1a: Ariados|Toxic Spikes|p2a: Tauros\n|-sidestart|p2: p0y25947499|move: Toxic Spikes\n|\n|upkeep\n|turn|10\n|inactive|Time left: 300 sec this turn | 300 sec total\n|\n|t:|1783569019\n|move|p2a: Tauros|Throat Chop|p1a: Ariados\n|-damage|p1a: Ariados|0 fnt\n|faint|p1a: Ariados\n|-damage|p2a: Tauros|172/257|[from] item: Life Orb\n|\n|upkeep\n|\n|t:|1783569020\n|switch|p1a: Lanturn|Lanturn, L89, F|100/100\n|turn|11\n|inactive|Time left: 300 sec this turn | 300 sec total\n|\n|t:|1783569021\n|move|p1a: Lanturn|Scald|p2a: Tauros\n|-damage|p2a: Tauros|72/257\n|move|p2a: Tauros|Close Combat|p1a: Lanturn\n|-damage|p1a: Lanturn|0 fnt\n|-unboost|p2a: Tauros|def|1\n|-unboost|p2a: Tauros|spd|1\n|faint|p1a: Lanturn\n|-damage|p2a: Tauros|47/257|[from] item: Life Orb\n|\n|upkeep\n|\n|t:|1783569023\n|switch|p1a: Haxorus|Haxorus, L77, M|100/100\n|-ability|p1a: Haxorus|Mold Breaker\n|turn|12\n|inactive|Time left: 300 sec this turn | 300 sec total\n|\n|t:|1783569024\n|move|p1a: Haxorus|Outrage|p2a: Tauros\n|-damage|p2a: Tauros|0 fnt\n|faint|p2a: Tauros\n|\n|upkeep\n|inactive|Time left: 300 sec this turn | 300 sec total | 5 sec grace\n|\n|t:|1783569025\n|switch|p2a: Gallade|Gallade, L80, M|240/240\n|-damage|p2a: Gallade|225/240|[from] Stealth Rock\n|-activate|p2a: Gallade|move: Sticky Web\n|-unboost|p2a: Gallade|spe|1\n|-status|p2a: Gallade|tox\n|turn|13\n|inactive|Time left: 300 sec this turn | 300 sec total\n|\n|t:|1783569025\n|move|p1a: Haxorus|Outrage|p2a: Gallade|[from] lockedmove\n|-damage|p2a: Gallade|18/240 tox\n|move|p2a: Gallade|Sacred Sword|p1a: Haxorus\n|-damage|p1a: Haxorus|0 fnt\n|faint|p1a: Haxorus\n|\n|-damage|p2a: Gallade|3/240 tox|[from] psn\n|upkeep\n|\n|t:|1783569026\n|switch|p1a: Malamar|Malamar, L82, M|100/100\n|turn|14\n|inactive|Time left: 300 sec this turn | 300 sec total\n|\n|t:|1783569027\n|move|p1a: Malamar|Superpower|p2a: Gallade\n|-resisted|p2a: Gallade\n|-damage|p2a: Gallade|0 fnt\n|-boost|p1a: Malamar|atk|1\n|-boost|p1a: Malamar|def|1\n|faint|p2a: Gallade\n|\n|upkeep\n|inactive|Time left: 300 sec this turn | 300 sec total | 5 sec grace\n|\n|t:|1783569028\n|switch|p2a: Gogoat|Gogoat, L88, M|360/360\n|-damage|p2a: Gogoat|315/360|[from] Stealth Rock\n|-activate|p2a: Gogoat|move: Sticky Web\n|-unboost|p2a: Gogoat|spe|1\n|-status|p2a: Gogoat|tox\n|turn|15\n|inactive|Time left: 300 sec this turn | 300 sec total\n|\n|t:|1783569029\n|move|p1a: Malamar|Superpower|p2a: Gogoat\n|-damage|p2a: Gogoat|165/360 tox\n|-boost|p1a: Malamar|atk|1\n|-boost|p1a: Malamar|def|1\n|move|p2a: Gogoat|Milk Drink|p2a: Gogoat\n|-heal|p2a: Gogoat|345/360 tox\n|\n|-heal|p2a: Gogoat|360/360 tox|[from] item: Leftovers\n|-damage|p2a: Gogoat|338/360 tox|[from] psn\n|upkeep\n|turn|16\n|inactive|Time left: 300 sec this turn | 300 sec total\n|\n|t:|1783569030\n|move|p1a: Malamar|Superpower|p2a: Gogoat\n|-damage|p2a: Gogoat|146/360 tox\n|-boost|p1a: Malamar|atk|1\n|-boost|p1a: Malamar|def|1\n|move|p2a: Gogoat|Milk Drink|p2a: Gogoat\n|-heal|p2a: Gogoat|326/360 tox\n|\n|-heal|p2a: Gogoat|348/360 tox|[from] item: Leftovers\n|-damage|p2a: Gogoat|304/360 tox|[from] psn\n|upkeep\n|turn|17\n|inactive|Time left: 300 sec this turn | 300 sec total\n|\n|t:|1783569031\n|-terastallize|p1a: Malamar|Fighting\n|move|p1a: Malamar|Superpower|p2a: Gogoat\n|-crit|p2a: Gogoat\n|-damage|p2a: Gogoat|0 fnt\n|-boost|p1a: Malamar|atk|1\n|-boost|p1a: Malamar|def|1\n|faint|p2a: Gogoat\n|\n|upkeep\n|inactive|Time left: 300 sec this turn | 300 sec total | 5 sec grace\n|\n|t:|1783569032\n|switch|p2a: Banette|Banette, L93, F|270/270\n|-damage|p2a: Banette|237/270|[from] Stealth Rock\n|-activate|p2a: Banette|move: Sticky Web\n|-unboost|p2a: Banette|spe|1\n|-status|p2a: Banette|tox\n|turn|18\n|inactive|Time left: 300 sec this turn | 300 sec total\n|\n|t:|1783569033\n|move|p1a: Malamar|Knock Off|p2a: Banette\n|-supereffective|p2a: Banette\n|-damage|p2a: Banette|0 fnt\n|-enditem|p2a: Banette|Life Orb|[from] move: Knock Off|[of] p1a: Malamar\n|faint|p2a: Banette\n|\n|win|p0x2594f029", "uploadtime": 1783569033, "views": 0, "rating": 0, "private": 0, "password": null, "_winner": "p0x2594f029", "_our_name": "p0y25947499"}