{"id": "battle-gen9randombattle-1924", "formatid": "gen9randombattle", "format": "[Gen 9] Random Battle", "players": ["p0x1924fe5f", "p0y19245bec"], "log": "|init|battle\n|title|p0x1924fe5f vs. p0y19245bec\n|j|\u2606p0x1924fe5f\n|j|\u2606p0y19245bec\n|t:|1783562248\n|gametype|singles\n|player|p1|p0x1924fe5f|169|\n|player|p2|p0y19245bec|102|\n|gen|9\n|tier|[Gen 9] Random Battle\n|rule|Species Clause: Limit one of each Pok\u00e9mon\n|rule|HP Percentage Mod: HP is shown in percentages\n|rule|Sleep Clause Mod: Limit one foe put to sleep\n|rule|Illusion Level Mod: Illusion disguises the Pok\u00e9mon's true level\n|\n|t:|1783562248\n|teamsize|p1|6\n|teamsize|p2|6\n|start\n|switch|p1a: Darkrai|Darkrai, L77|234/234\n|switch|p2a: Zebstrika|Zebstrika, L87, F|100/100\n|turn|1\n|inactive|Battle timer is ON: inactive players will automatically lose when time's up. (requested by p0x1924fe5f)\n|inactive|p0y19245bec also wants the timer to be on.\n|\n|t:|1783562249\n|move|p2a: Zebstrika|Supercell Slam|p1a: Darkrai\n|-damage|p1a: Darkrai|86/234\n|-damage|p2a: Zebstrika|91/100|[from] item: Life Orb\n|move|p1a: Darkrai|Sludge Bomb|p2a: Zebstrika\n|-damage|p2a: Zebstrika|60/100\n|\n|-heal|p1a: Darkrai|100/234|[from] item: Leftovers\n|upkeep\n|turn|2\n|inactive|Time left: 300 sec this turn | 300 sec total\n|\n|t:|1783562250\n|switch|p1a: Victreebel|Victreebel, L90, M|290/290\n|move|p2a: Zebstrika|Supercell Slam|p1a: Victreebel\n|-resisted|p1a: Victreebel\n|-damage|p1a: Victreebel|203/290\n|-damage|p2a: Zebstrika|50/100|[from] item: Life Orb\n|\n|upkeep\n|turn|3\n|inactive|Time left: 300 sec this turn | 300 sec total\n|\n|t:|1783562252\n|move|p2a: Zebstrika|Overheat|p1a: Victreebel\n|-supereffective|p1a: Victreebel\n|-damage|p1a: Victreebel|0 fnt\n|-unboost|p2a: Zebstrika|spa|2\n|faint|p1a: Victreebel\n|-damage|p2a: Zebstrika|41/100|[from] item: Life Orb\n|\n|upkeep\n|inactive|Time left: 300 sec this turn | 300 sec total | 5 sec grace\n|\n|t:|1783562252\n|switch|p1a: Vespiquen|Vespiquen, L99, F|299/299\n|-ability|p1a: Vespiquen|Pressure\n|turn|4\n|inactive|Time left: 300 sec this turn | 300 sec total\n|\n|t:|1783562254\n|move|p2a: Zebstrika|Supercell Slam|p1a: Vespiquen\n|-supereffective|p1a: Vespiquen\n|-damage|p1a: Vespiquen|49/299\n|-damage|p2a: Zebstrika|31/100|[from] item: Life Orb\n|move|p1a: Vespiquen|Spikes|p2a: Zebstrika\n|-sidestart|p2: p0y19245bec|Spikes\n|\n|upkeep\n|turn|5\n|inactive|Time left: 300 sec this turn | 300 sec total\n|\n|t:|1783562255\n|move|p2a: Zebstrika|Volt Switch|p1a: Vespiquen\n|-supereffective|p1a: Vespiquen\n|-damage|p1a: Vespiquen|0 fnt\n|faint|p1a: Vespiquen\n|-damage|p2a: Zebstrika|21/100|[from] item: Life Orb\n|\n|t:|1783562255\n|switch|p2a: Glaceon|Glaceon, L94, M|100/100|[from] Volt Switch\n|\n|upkeep\n|inactive|Time left: 300 sec this turn | 300 sec total | 10 sec grace\n|\n|t:|1783562256\n|switch|p1a: Cryogonal|Cryogonal, L89|287/287\n|turn|6\n|inactive|Time left: 300 sec this turn | 300 sec total\n|\n|t:|1783562257\n|switch|p2a: Mamoswine|Mamoswine, L81, F|100/100\n|-damage|p2a: Mamoswine|88/100|[from] Spikes\n|move|p1a: Cryogonal|Freeze-Dry|p2a: Mamoswine\n|-damage|p2a: Mamoswine|70/100\n|\n|upkeep\n|turn|7\n|inactive|Time left: 300 sec this turn | 300 sec total\n|\n|t:|1783562259\n|move|p1a: Cryogonal|Rapid Spin|p2a: Mamoswine\n|-damage|p2a: Mamoswine|61/100\n|-boost|p1a: Cryogonal|spe|1\n|move|p2a: Mamoswine|Knock Off|p1a: Cryogonal\n|-damage|p1a: Cryogonal|125/287\n|-enditem|p1a: Cryogonal|Heavy-Duty Boots|[from] move: Knock Off|[of] p2a: Mamoswine\n|\n|upkeep\n|turn|8\n|inactive|Time left: 300 sec this turn | 300 sec total\n|\n|t:|1783562260\n|move|p1a: Cryogonal|Recover|p1a: Cryogonal\n|-heal|p1a: Cryogonal|269/287\n|move|p2a: Mamoswine|Knock Off|p1a: Cryogonal\n|-damage|p1a: Cryogonal|150/287\n|\n|upkeep\n|turn|9\n|inactive|Time left: 300 sec this turn | 300 sec total\n|\n|t:|1783562261\n|move|p1a: Cryogonal|Recover|p1a: Cryogonal\n|-heal|p1a: Cryogonal|287/287\n|move|p2a: Mamoswine|Knock Off|p1a: Cryogonal\n|-damage|p1a: Cryogonal|167/287\n|\n|upkeep\n|turn|10\n|inactive|Time left: 300 sec this turn | 300 sec total\n|\n|t:|1783562261\n|move|p1a: Cryogonal|Recover|p1a: Cryogonal\n|-heal|p1a: Cryogonal|287/287\n|move|p2a: Mamoswine|Knock Off|p1a: Cryogonal\n|-damage|p1a: Cryogonal|178/287\n|\n|upkeep\n|turn|11\n|inactive|Time left: 300 sec this turn | 300 sec total\n|\n|t:|1783562262\n|move|p1a: Cryogonal|Recover|p1a: Cryogonal\n|-heal|p1a: Cryogonal|287/287\n|move|p2a: Mamoswine|Knock Off|p1a: Cryogonal\n|-crit|p1a: Cryogonal\n|-damage|p1a: Cryogonal|129/287\n|\n|upkeep\n|turn|12\n|inactive|Time left: 300 sec this turn | 300 sec total\n|\n|t:|1783562263\n|move|p1a: Cryogonal|Recover|p1a: Cryogonal\n|-heal|p1a: Cryogonal|273/287\n|move|p2a: Mamoswine|Knock Off|p1a: Cryogonal\n|-damage|p1a: Cryogonal|163/287\n|\n|upkeep\n|turn|13\n|inactive|Time left: 300 sec this turn | 300 sec total\n|\n|t:|1783562264\n|move|p1a: Cryogonal|Recover|p1a: Cryogonal\n|-heal|p1a: Cryogonal|287/287\n|move|p2a: Mamoswine|Knock Off|p1a: Cryogonal\n|-damage|p1a: Cryogonal|174/287\n|\n|upkeep\n|turn|14\n|inactive|Time left: 300 sec this turn | 300 sec total\n|\n|t:|1783562265\n|move|p1a: Cryogonal|Recover|p1a: Cryogonal\n|-heal|p1a: Cryogonal|287/287\n|move|p2a: Mamoswine|Knock Off|p1a: Cryogonal\n|-damage|p1a: Cryogonal|174/287\n|\n|upkeep\n|turn|15\n|inactive|Time left: 300 sec this turn | 300 sec total\n|\n|t:|1783562266\n|move|p1a: Cryogonal|Recover|p1a: Cryogonal\n|-heal|p1a: Cryogonal|287/287\n|move|p2a: Mamoswine|Knock Off|p1a: Cryogonal\n|-damage|p1a: Cryogonal|178/287\n|\n|upkeep\n|turn|16\n|inactive|Time left: 300 sec this turn | 300 sec total\n|\n|t:|1783562267\n|move|p1a: Cryogonal|Freeze-Dry|p2a: Mamoswine\n|-damage|p2a: Mamoswine|44/100\n|move|p2a: Mamoswine|Knock Off|p1a: Cryogonal\n|-damage|p1a: Cryogonal|71/287\n|\n|upkeep\n|turn|17\n|inactive|Time left: 300 sec this turn | 300 sec total\n|\n|t:|1783562268\n|move|p1a: Cryogonal|Freeze-Dry|p2a: Mamoswine\n|-damage|p2a: Mamoswine|26/100\n|move|p2a: Mamoswine|Knock Off|p1a: Cryogonal\n|-damage|p1a: Cryogonal|0 fnt\n|faint|p1a: Cryogonal\n|\n|upkeep\n|inactive|Time left: 300 sec this turn | 300 sec total | 5 sec grace\n|\n|t:|1783562269\n|switch|p1a: Darkrai|Darkrai, L77|100/234\n|turn|18\n|inactive|Time left: 300 sec this turn | 300 sec total\n|\n|t:|1783562270\n|move|p1a: Darkrai|Dark Pulse|p2a: Mamoswine\n|-damage|p2a: Mamoswine|0 fnt\n|faint|p2a: Mamoswine\n|\n|-heal|p1a: Darkrai|114/234|[from] item: Leftovers\n|upkeep\n|\n|t:|1783562271\n|switch|p2a: Glaceon|Glaceon, L94, M|100/100\n|turn|19\n|inactive|Time left: 300 sec this turn | 300 sec total\n|\n|t:|1783562272\n|move|p1a: Darkrai|Dark Pulse|p2a: Glaceon\n|-damage|p2a: Glaceon|70/100\n|cant|p2a: Glaceon|flinch\n|\n|-heal|p1a: Darkrai|128/234|[from] item: Leftovers\n|upkeep\n|turn|20\n|inactive|Time left: 300 sec this turn | 300 sec total\n|\n|t:|1783562273\n|move|p1a: Darkrai|Nasty Plot|p1a: Darkrai\n|-boost|p1a: Darkrai|spa|2\n|move|p2a: Glaceon|Freeze-Dry|p1a: Darkrai\n|-damage|p1a: Darkrai|5/234\n|\n|-heal|p1a: Darkrai|19/234|[from] item: Leftovers\n|upkeep\n|turn|21\n|inactive|Time left: 300 sec this turn | 300 sec total\n|\n|t:|1783562274\n|move|p1a: Darkrai|Dark Pulse|p2a: Glaceon\n|-damage|p2a: Glaceon|17/100\n|move|p2a: Glaceon|Freeze-Dry|p1a: Darkrai\n|-damage|p1a: Darkrai|0 fnt\n|faint|p1a: Darkrai\n|\n|upkeep\n|inactive|Time left: 300 sec this turn | 300 sec total | 5 sec grace\n|\n|t:|1783562276\n|switch|p1a: Thundurus|Thundurus, L80, M|258/258\n|turn|22\n|inactive|Time left: 300 sec this turn | 300 sec total\n|\n|t:|1783562276\n|switch|p2a: Rotom|Rotom-Heat, L83|100/100\n|move|p1a: Thundurus|Thunderbolt|p2a: Rotom\n|-resisted|p2a: Rotom\n|-damage|p2a: Rotom|79/100\n|\n|upkeep\n|turn|23\n|inactive|Time left: 300 sec this turn | 300 sec total\n|\n|t:|1783562278\n|move|p1a: Thundurus|Nasty Plot|p1a: Thundurus\n|-boost|p1a: Thundurus|spa|2\n|move|p2a: Rotom|Discharge|p1a: Thundurus\n|-damage|p1a: Thundurus|162/258\n|\n|upkeep\n|turn|24\n|inactive|Time left: 300 sec this turn | 300 sec total\n|\n|t:|1783562280\n|move|p1a: Thundurus|Focus Blast|p2a: Rotom\n|-damage|p2a: Rotom|4/100\n|move|p2a: Rotom|Overheat|p1a: Thundurus\n|-damage|p1a: Thundurus|5/258\n|-unboost|p2a: Rotom|spa|2\n|\n|upkeep\n|turn|25\n|inactive|Time left: 300 sec this turn | 300 sec total\n|\n|t:|1783562282\n|move|p1a: Thundurus|Thunderbolt|p2a: Rotom\n|-resisted|p2a: Rotom\n|-damage|p2a: Rotom|0 fnt\n|faint|p2a: Rotom\n|\n|upkeep\n|\n|t:|1783562283\n|switch|p2a: Zebstrika|Zebstrika, L87, F|21/100\n|-damage|p2a: Zebstrika|8/100|[from] Spikes\n|turn|26\n|inactive|Time left: 300 sec this turn | 300 sec total\n|\n|t:|1783562284\n|move|p2a: Zebstrika|Volt Switch|p1a: Thundurus\n|-damage|p1a: Thundurus|0 fnt\n|faint|p1a: Thundurus\n|-damage|p2a: Zebstrika|0 fnt|[from] item: Life Orb\n|faint|p2a: Zebstrika\n|\n|upkeep\n|inactive|Time left: 300 sec this turn | 300 sec total | 5 sec grace\n|\n|t:|1783562285\n|switch|p2a: Glaceon|Glaceon, L94, M|17/100\n|switch|p1a: Seviper|Seviper, L93, M|287/287\n|turn|27\n|inactive|Time left: 300 sec this turn | 300 sec total\n|\n|t:|1783562286\n|-terastallize|p2a: Glaceon|Ground\n|move|p2a: Glaceon|Mud Shot|p1a: Seviper\n|-supereffective|p1a: Seviper\n|-damage|p1a: Seviper|35/287\n|-unboost|p1a: Seviper|spe|1\n|move|p1a: Seviper|Swords Dance|p1a: Seviper\n|-boost|p1a: Seviper|atk|2\n|\n|-heal|p1a: Seviper|52/287|[from] item: Leftovers\n|upkeep\n|turn|28\n|inactive|Time left: 300 sec this turn | 300 sec total\n|\n|t:|1783562287\n|move|p2a: Glaceon|Freeze-Dry|p1a: Seviper\n|-damage|p1a: Seviper|0 fnt\n|faint|p1a: Seviper\n|\n|win|p0y19245bec", "uploadtime": 1783562287, "views": 0, "rating": 0, "private": 0, "password": null, "_winner": "p0y19245bec", "_our_name": "p0x1924fe5f"}