{"id": "battle-gen9randombattle-16", "formatid": "gen9randombattle", "format": "[Gen 9] Random Battle", "players": ["p0x016394a", "p0y0164c0f"], "log": "|init|battle\n|title|p0x016394a vs. p0y0164c0f\n|j|\u2606p0x016394a\n|j|\u2606p0y0164c0f\n|t:|1783539356\n|gametype|singles\n|player|p1|p0x016394a|266|\n|player|p2|p0y0164c0f|266|\n|gen|9\n|tier|[Gen 9] Random Battle\n|rule|Species Clause: Limit one of each Pok\u00e9mon\n|rule|HP Percentage Mod: HP is shown in percentages\n|rule|Sleep Clause Mod: Limit one foe put to sleep\n|rule|Illusion Level Mod: Illusion disguises the Pok\u00e9mon's true level\n|\n|t:|1783539356\n|teamsize|p1|6\n|teamsize|p2|6\n|start\n|switch|p1a: Swalot|Swalot, L90, F|326/326\n|switch|p2a: Rhyperior|Rhyperior, L82, F|100/100\n|turn|1\n|inactive|Battle timer is ON: inactive players will automatically lose when time's up. (requested by p0x016394a)\n|inactive|p0y0164c0f also wants the timer to be on.\n|\n|t:|1783539358\n|move|p1a: Swalot|Toxic Spikes|p2a: Rhyperior\n|-sidestart|p2: p0y0164c0f|move: Toxic Spikes\n|move|p2a: Rhyperior|Earthquake|p1a: Swalot\n|-supereffective|p1a: Swalot\n|-damage|p1a: Swalot|72/326\n|\n|-heal|p1a: Swalot|92/326|[from] item: Leftovers\n|upkeep\n|turn|2\n|inactive|Time left: 300 sec this turn | 300 sec total\n|\n|t:|1783539359\n|move|p1a: Swalot|Knock Off|p2a: Rhyperior\n|-damage|p2a: Rhyperior|86/100\n|-enditem|p2a: Rhyperior|Assault Vest|[from] move: Knock Off|[of] p1a: Swalot\n|move|p2a: Rhyperior|Earthquake|p1a: Swalot\n|-supereffective|p1a: Swalot\n|-crit|p1a: Swalot\n|-damage|p1a: Swalot|0 fnt\n|faint|p1a: Swalot\n|\n|upkeep\n|inactive|Time left: 300 sec this turn | 300 sec total | 5 sec grace\n|\n|t:|1783539361\n|switch|p1a: Golduck|Golduck, L90, F|290/290\n|-ability|p1a: Golduck|Cloud Nine\n|turn|3\n|inactive|Time left: 300 sec this turn | 300 sec total\n|\n|t:|1783539362\n|switch|p2a: Magearna|Magearna-Original, L77|100/100\n|move|p1a: Golduck|Hydro Pump|p2a: Magearna|[miss]\n|-miss|p1a: Golduck|p2a: Magearna\n|\n|upkeep\n|turn|4\n|inactive|Time left: 300 sec this turn | 300 sec total\n|\n|t:|1783539363\n|move|p1a: Golduck|Hydro Pump|p2a: Magearna\n|-damage|p2a: Magearna|34/100\n|move|p2a: Magearna|Shift Gear|p2a: Magearna\n|-boost|p2a: Magearna|spe|2\n|-boost|p2a: Magearna|atk|1\n|\n|-heal|p2a: Magearna|40/100|[from] item: Leftovers\n|upkeep\n|turn|5\n|inactive|Time left: 300 sec this turn | 300 sec total\n|\n|t:|1783539364\n|move|p2a: Magearna|Calm Mind|p2a: Magearna\n|-boost|p2a: Magearna|spa|1\n|-boost|p2a: Magearna|spd|1\n|move|p1a: Golduck|Hydro Pump|p2a: Magearna|[miss]\n|-miss|p1a: Golduck|p2a: Magearna\n|\n|-heal|p2a: Magearna|46/100|[from] item: Leftovers\n|upkeep\n|turn|6\n|inactive|Time left: 300 sec this turn | 300 sec total\n|\n|t:|1783539365\n|move|p2a: Magearna|Calm Mind|p2a: Magearna\n|-boost|p2a: Magearna|spa|1\n|-boost|p2a: Magearna|spd|1\n|move|p1a: Golduck|Hydro Pump|p2a: Magearna\n|-damage|p2a: Magearna|8/100\n|\n|-heal|p2a: Magearna|14/100|[from] item: Leftovers\n|upkeep\n|turn|7\n|inactive|Time left: 300 sec this turn | 300 sec total\n|\n|t:|1783539366\n|move|p2a: Magearna|Fleur Cannon|p1a: Golduck\n|-damage|p1a: Golduck|0 fnt\n|-unboost|p2a: Magearna|spa|2\n|faint|p1a: Golduck\n|-ability|p2a: Magearna|Soul-Heart|boost\n|-boost|p2a: Magearna|spa|1\n|\n|-heal|p2a: Magearna|20/100|[from] item: Leftovers\n|upkeep\n|inactive|Time left: 300 sec this turn | 300 sec total | 5 sec grace\n|\n|t:|1783539367\n|switch|p1a: Meganium|Meganium, L90, F|290/290\n|turn|8\n|inactive|Time left: 300 sec this turn | 300 sec total\n|\n|t:|1783539368\n|move|p2a: Magearna|Shift Gear|p2a: Magearna\n|-boost|p2a: Magearna|spe|2\n|-boost|p2a: Magearna|atk|1\n|move|p1a: Meganium|Earthquake|p2a: Magearna\n|-supereffective|p2a: Magearna\n|-damage|p2a: Magearna|0 fnt\n|faint|p2a: Magearna\n|\n|upkeep\n|\n|t:|1783539369\n|switch|p2a: Gouging Fire|Gouging Fire, L74|100/100\n|turn|9\n|inactive|Time left: 300 sec this turn | 300 sec total\n|\n|t:|1783539370\n|move|p1a: Meganium|Swords Dance|p1a: Meganium\n|-boost|p1a: Meganium|atk|2\n|move|p2a: Gouging Fire|Dragon Dance|p2a: Gouging Fire\n|-boost|p2a: Gouging Fire|atk|1\n|-boost|p2a: Gouging Fire|spe|1\n|\n|upkeep\n|turn|10\n|inactive|Time left: 300 sec this turn | 300 sec total\n|\n|t:|1783539371\n|-terastallize|p1a: Meganium|Water\n|move|p2a: Gouging Fire|Heat Crash|p1a: Meganium\n|-resisted|p1a: Meganium\n|-damage|p1a: Meganium|221/290\n|move|p1a: Meganium|Earthquake|p2a: Gouging Fire\n|-supereffective|p2a: Gouging Fire\n|-damage|p2a: Gouging Fire|13/100\n|\n|-heal|p1a: Meganium|239/290|[from] item: Leftovers\n|upkeep\n|turn|11\n|inactive|Time left: 300 sec this turn | 300 sec total\n|\n|t:|1783539372\n|move|p2a: Gouging Fire|Outrage|p1a: Meganium\n|-damage|p1a: Meganium|88/290\n|move|p1a: Meganium|Earthquake|p2a: Gouging Fire\n|-supereffective|p2a: Gouging Fire\n|-damage|p2a: Gouging Fire|0 fnt\n|faint|p2a: Gouging Fire\n|-end|p2a: Gouging Fire|Protosynthesis|[silent]\n|\n|-heal|p1a: Meganium|106/290|[from] item: Leftovers\n|upkeep\n|\n|t:|1783539373\n|switch|p2a: Leafeon|Leafeon, L88, M|100/100\n|-status|p2a: Leafeon|psn\n|turn|12\n|inactive|Time left: 300 sec this turn | 300 sec total\n|\n|t:|1783539374\n|switch|p1a: Dialga|Dialga, L73|266/266\n|-ability|p1a: Dialga|Pressure\n|move|p2a: Leafeon|Swords Dance|p2a: Leafeon\n|-boost|p2a: Leafeon|atk|2\n|\n|-damage|p2a: Leafeon|88/100 psn|[from] psn\n|upkeep\n|turn|13\n|inactive|Time left: 300 sec this turn | 300 sec total\n|\n|t:|1783539375\n|-terastallize|p2a: Leafeon|Dark\n|move|p2a: Leafeon|Knock Off|p1a: Dialga\n|-damage|p1a: Dialga|0 fnt\n|-enditem|p1a: Dialga|Assault Vest|[from] move: Knock Off|[of] p2a: Leafeon\n|faint|p1a: Dialga\n|-damage|p2a: Leafeon|78/100 psn|[from] item: Life Orb\n|\n|-damage|p2a: Leafeon|66/100 psn|[from] psn\n|upkeep\n|inactive|Time left: 300 sec this turn | 300 sec total | 5 sec grace\n|\n|t:|1783539376\n|switch|p1a: Iron Hands|Iron Hands, L79|373/373\n|turn|14\n|inactive|Time left: 300 sec this turn | 300 sec total\n|\n|t:|1783539377\n|move|p2a: Leafeon|Leaf Blade|p1a: Iron Hands\n|-damage|p1a: Iron Hands|108/373\n|-damage|p2a: Leafeon|56/100 psn|[from] item: Life Orb\n|move|p1a: Iron Hands|Drain Punch|p2a: Leafeon\n|-supereffective|p2a: Leafeon\n|-damage|p2a: Leafeon|7/100 psn\n|-heal|p1a: Iron Hands|172/373|[from] drain|[of] p2a: Leafeon\n|\n|-damage|p2a: Leafeon|0 fnt|[from] psn\n|faint|p2a: Leafeon\n|upkeep\n|\n|t:|1783539378\n|switch|p2a: Gumshoos|Gumshoos, L95, F|100/100\n|-status|p2a: Gumshoos|psn\n|turn|15\n|inactive|Time left: 300 sec this turn | 300 sec total\n|\n|t:|1783539379\n|move|p2a: Gumshoos|Double-Edge|p1a: Iron Hands\n|-damage|p1a: Iron Hands|0 fnt\n|faint|p1a: Iron Hands\n|-end|p1a: Iron Hands|Quark Drive|[silent]\n|-damage|p2a: Gumshoos|83/100 psn|[from] Recoil\n|\n|-damage|p2a: Gumshoos|70/100 psn|[from] psn\n|upkeep\n|inactive|Time left: 300 sec this turn | 300 sec total | 5 sec grace\n|\n|t:|1783539380\n|switch|p1a: Meganium|Meganium, L90, F, tera:Water|106/290\n|turn|16\n|inactive|Time left: 300 sec this turn | 300 sec total\n|\n|t:|1783539381\n|move|p1a: Meganium|Petal Blizzard|p2a: Gumshoos\n|-damage|p2a: Gumshoos|35/100 psn\n|move|p2a: Gumshoos|Double-Edge|p1a: Meganium\n|-damage|p1a: Meganium|0 fnt\n|faint|p1a: Meganium\n|-damage|p2a: Gumshoos|24/100 psn|[from] Recoil\n|\n|-damage|p2a: Gumshoos|12/100 psn|[from] psn\n|upkeep\n|inactive|Time left: 300 sec this turn | 300 sec total | 5 sec grace\n|\n|t:|1783539382\n|switch|p1a: Phione|Phione, L91|293/293\n|turn|17\n|inactive|Time left: 300 sec this turn | 300 sec total\n|\n|t:|1783539383\n|switch|p2a: Garchomp|Garchomp, L74, M|100/100\n|-status|p2a: Garchomp|psn\n|move|p1a: Phione|Scald|p2a: Garchomp\n|-damage|p2a: Garchomp|63/100 psn\n|\n|-damage|p2a: Garchomp|50/100 psn|[from] psn\n|upkeep\n|turn|18\n|inactive|Time left: 300 sec this turn | 300 sec total\n|\n|t:|1783539384\n|switch|p2a: Rhyperior|Rhyperior, L82, F|86/100\n|-status|p2a: Rhyperior|psn\n|move|p1a: Phione|Ice Beam|p2a: Rhyperior\n|-supereffective|p2a: Rhyperior\n|-damage|p2a: Rhyperior|45/100 psn\n|\n|-damage|p2a: Rhyperior|33/100 psn|[from] psn\n|upkeep\n|turn|19\n|inactive|Time left: 300 sec this turn | 300 sec total\n|\n|t:|1783539385\n|move|p1a: Phione|Ice Beam|p2a: Rhyperior\n|-supereffective|p2a: Rhyperior\n|-damage|p2a: Rhyperior|0 fnt\n|faint|p2a: Rhyperior\n|\n|upkeep\n|\n|t:|1783539385\n|switch|p2a: Garchomp|Garchomp, L74, M|50/100 psn\n|turn|20\n|inactive|Time left: 300 sec this turn | 300 sec total\n|\n|t:|1783539386\n|switch|p2a: Gumshoos|Gumshoos, L95, F|12/100 psn\n|move|p1a: Phione|Ice Beam|p2a: Gumshoos\n|-damage|p2a: Gumshoos|0 fnt\n|faint|p2a: Gumshoos\n|\n|upkeep\n|\n|t:|1783539387\n|switch|p2a: Garchomp|Garchomp, L74, M|50/100 psn\n|turn|21\n|inactive|Time left: 300 sec this turn | 300 sec total\n|\n|t:|1783539388\n|move|p1a: Phione|Scald|p2a: Garchomp\n|-damage|p2a: Garchomp|17/100 psn\n|move|p2a: Garchomp|Spikes|p1a: Phione\n|-sidestart|p1: p0x016394a|Spikes\n|\n|-damage|p2a: Garchomp|5/100 psn|[from] psn\n|upkeep\n|turn|22\n|inactive|Time left: 300 sec this turn | 300 sec total\n|\n|t:|1783539388\n|move|p1a: Phione|Ice Beam|p2a: Garchomp\n|-supereffective|p2a: Garchomp\n|-damage|p2a: Garchomp|0 fnt\n|faint|p2a: Garchomp\n|\n|win|p0x016394a", "uploadtime": 1783539388, "views": 0, "rating": 0, "private": 0, "password": null, "_winner": "p0x016394a", "_our_name": "p0x016394a"}