{"id": "battle-gen9randombattle-95", "formatid": "gen9randombattle", "format": "[Gen 9] Random Battle", "players": ["p0x0955461", "p0y095aef9"], "log": "|init|battle\n|title|p0x0955461 vs. p0y095aef9\n|j|\u2606p0x0955461\n|j|\u2606p0y095aef9\n|t:|1783534864\n|gametype|singles\n|player|p1|p0x0955461|102|\n|player|p2|p0y095aef9|1|\n|gen|9\n|tier|[Gen 9] Random Battle\n|rule|Species Clause: Limit one of each Pok\u00e9mon\n|rule|HP Percentage Mod: HP is shown in percentages\n|rule|Sleep Clause Mod: Limit one foe put to sleep\n|rule|Illusion Level Mod: Illusion disguises the Pok\u00e9mon's true level\n|\n|t:|1783534864\n|teamsize|p1|6\n|teamsize|p2|6\n|start\n|switch|p1a: Dunsparce|Dunsparce, L86, F|312/312\n|switch|p2a: Smeargle|Smeargle, L95, M|100/100\n|turn|1\n|inactive|Battle timer is ON: inactive players will automatically lose when time's up. (requested by p0y095aef9)\n|inactive|Time left: 300 sec this turn | 300 sec total | 60 sec grace\n|inactive|p0x0955461 also wants the timer to be on.\n|\n|t:|1783534866\n|move|p2a: Smeargle|Spore|p1a: Dunsparce\n|-status|p1a: Dunsparce|slp|[from] move: Spore\n|cant|p1a: Dunsparce|slp\n|\n|upkeep\n|turn|2\n|inactive|Time left: 300 sec this turn | 300 sec total\n|\n|t:|1783534867\n|switch|p1a: Kingambit|Kingambit, L74, F|270/270\n|move|p2a: Smeargle|Shell Smash|p2a: Smeargle\n|-unboost|p2a: Smeargle|def|1\n|-unboost|p2a: Smeargle|spd|1\n|-boost|p2a: Smeargle|atk|2\n|-boost|p2a: Smeargle|spa|2\n|-boost|p2a: Smeargle|spe|2\n|\n|upkeep\n|turn|3\n|inactive|Time left: 300 sec this turn | 300 sec total\n|\n|t:|1783534868\n|move|p2a: Smeargle|Population Bomb|p1a: Kingambit\n|-resisted|p1a: Kingambit\n|-damage|p1a: Kingambit|256/270\n|-resisted|p1a: Kingambit\n|-damage|p1a: Kingambit|243/270\n|-resisted|p1a: Kingambit\n|-damage|p1a: Kingambit|230/270\n|-resisted|p1a: Kingambit\n|-damage|p1a: Kingambit|216/270\n|-resisted|p1a: Kingambit\n|-damage|p1a: Kingambit|201/270\n|-resisted|p1a: Kingambit\n|-damage|p1a: Kingambit|189/270\n|-resisted|p1a: Kingambit\n|-damage|p1a: Kingambit|175/270\n|-resisted|p1a: Kingambit\n|-damage|p1a: Kingambit|160/270\n|-resisted|p1a: Kingambit\n|-damage|p1a: Kingambit|147/270\n|-resisted|p1a: Kingambit\n|-damage|p1a: Kingambit|135/270\n|-hitcount|p1a: Kingambit|10\n|move|p1a: Kingambit|Kowtow Cleave|p2a: Smeargle\n|-damage|p2a: Smeargle|16/100\n|\n|-heal|p1a: Kingambit|151/270|[from] item: Leftovers\n|upkeep\n|turn|4\n|inactive|Time left: 300 sec this turn | 300 sec total\n|\n|t:|1783534869\n|-terastallize|p2a: Smeargle|Normal\n|move|p2a: Smeargle|Population Bomb|p1a: Kingambit\n|-resisted|p1a: Kingambit\n|-damage|p1a: Kingambit|133/270\n|-resisted|p1a: Kingambit\n|-damage|p1a: Kingambit|114/270\n|-resisted|p1a: Kingambit\n|-damage|p1a: Kingambit|96/270\n|-resisted|p1a: Kingambit\n|-damage|p1a: Kingambit|78/270\n|-resisted|p1a: Kingambit\n|-damage|p1a: Kingambit|60/270\n|-resisted|p1a: Kingambit\n|-damage|p1a: Kingambit|41/270\n|-resisted|p1a: Kingambit\n|-damage|p1a: Kingambit|24/270\n|-resisted|p1a: Kingambit\n|-damage|p1a: Kingambit|6/270\n|-resisted|p1a: Kingambit\n|-damage|p1a: Kingambit|0 fnt\n|faint|p1a: Kingambit\n|-end|p1a: Kingambit|fallenundefined|[silent]\n|-hitcount|p1: Kingambit|9\n|\n|upkeep\n|inactive|Time left: 300 sec this turn | 300 sec total | 5 sec grace\n|\n|t:|1783534870\n|switch|p1a: Alomomola|Alomomola, L87, M|429/429\n|turn|5\n|inactive|Time left: 300 sec this turn | 300 sec total\n|\n|t:|1783534871\n|move|p2a: Smeargle|Population Bomb|p1a: Alomomola\n|-damage|p1a: Alomomola|387/429\n|-damage|p1a: Alomomola|345/429\n|-damage|p1a: Alomomola|299/429\n|-damage|p1a: Alomomola|255/429\n|-damage|p1a: Alomomola|211/429\n|-damage|p1a: Alomomola|165/429\n|-damage|p1a: Alomomola|123/429\n|-damage|p1a: Alomomola|77/429\n|-crit|p1a: Alomomola\n|-damage|p1a: Alomomola|11/429\n|-damage|p1a: Alomomola|0 fnt\n|faint|p1a: Alomomola\n|-hitcount|p1: Alomomola|10\n|\n|upkeep\n|inactive|Time left: 300 sec this turn | 300 sec total | 5 sec grace\n|\n|t:|1783534872\n|switch|p1a: Vileplume|Vileplume, L85, F|266/266\n|turn|6\n|inactive|Time left: 300 sec this turn | 300 sec total\n|\n|t:|1783534873\n|-terastallize|p1a: Vileplume|Steel\n|move|p2a: Smeargle|Population Bomb|p1a: Vileplume\n|-resisted|p1a: Vileplume\n|-damage|p1a: Vileplume|245/266\n|-resisted|p1a: Vileplume\n|-damage|p1a: Vileplume|225/266\n|-status|p2a: Smeargle|psn|[from] ability: Effect Spore|[of] p1a: Vileplume\n|-resisted|p1a: Vileplume\n|-damage|p1a: Vileplume|203/266\n|-resisted|p1a: Vileplume\n|-damage|p1a: Vileplume|183/266\n|-resisted|p1a: Vileplume\n|-damage|p1a: Vileplume|160/266\n|-hitcount|p1a: Vileplume|5\n|move|p1a: Vileplume|Giga Drain|p2a: Smeargle\n|-damage|p2a: Smeargle|0 fnt\n|-heal|p1a: Vileplume|181/266|[from] drain|[of] p2a: Smeargle\n|faint|p2a: Smeargle\n|\n|-heal|p1a: Vileplume|197/266|[from] item: Leftovers\n|upkeep\n|\n|t:|1783534874\n|switch|p2a: Groudon|Groudon, L72|100/100\n|-weather|SunnyDay|[from] ability: Drought|[of] p2a: Groudon\n|turn|7\n|inactive|Time left: 300 sec this turn | 300 sec total\n|\n|t:|1783534875\n|switch|p1a: Dunsparce|Dunsparce, L86, F|312/312 slp\n|move|p2a: Groudon|Heat Crash|p1a: Dunsparce\n|-damage|p1a: Dunsparce|205/312 slp\n|\n|-weather|SunnyDay|[upkeep]\n|upkeep\n|turn|8\n|inactive|Time left: 300 sec this turn | 300 sec total\n|\n|t:|1783534876\n|move|p2a: Groudon|Heat Crash|p1a: Dunsparce\n|-damage|p1a: Dunsparce|110/312 slp\n|cant|p1a: Dunsparce|slp\n|\n|-weather|SunnyDay|[upkeep]\n|upkeep\n|turn|9\n|inactive|Time left: 300 sec this turn | 300 sec total\n|\n|t:|1783534877\n|move|p2a: Groudon|Heat Crash|p1a: Dunsparce\n|-damage|p1a: Dunsparce|12/312 slp\n|cant|p1a: Dunsparce|slp\n|\n|-weather|SunnyDay|[upkeep]\n|upkeep\n|turn|10\n|inactive|Time left: 300 sec this turn | 300 sec total\n|\n|t:|1783534878\n|move|p2a: Groudon|Heat Crash|p1a: Dunsparce\n|-damage|p1a: Dunsparce|0 fnt\n|faint|p1a: Dunsparce\n|\n|-weather|SunnyDay|[upkeep]\n|upkeep\n|inactive|Time left: 300 sec this turn | 300 sec total | 5 sec grace\n|\n|t:|1783534879\n|switch|p1a: Pyroar|Pyroar, L88, M|295/295\n|-ability|p1a: Pyroar|Unnerve\n|turn|11\n|inactive|Time left: 300 sec this turn | 300 sec total\n|\n|t:|1783534880\n|move|p1a: Pyroar|Fire Blast|p2a: Groudon\n|-damage|p2a: Groudon|1/100\n|move|p2a: Groudon|Precipice Blades|p1a: Pyroar\n|-supereffective|p1a: Pyroar\n|-damage|p1a: Pyroar|0 fnt\n|faint|p1a: Pyroar\n|\n|-weather|none\n|-heal|p2a: Groudon|7/100|[from] item: Leftovers\n|upkeep\n|inactive|Time left: 300 sec this turn | 300 sec total | 5 sec grace\n|\n|t:|1783534881\n|switch|p1a: Jolteon|Jolteon, L84, M|246/246\n|turn|12\n|inactive|Time left: 300 sec this turn | 300 sec total\n|\n|t:|1783534882\n|move|p1a: Jolteon|Tera Blast|p2a: Groudon\n|-damage|p2a: Groudon|0 fnt\n|faint|p2a: Groudon\n|\n|upkeep\n|\n|t:|1783534883\n|switch|p2a: Ninetales|Ninetales-Alola, L78, M|100/100\n|-weather|Snowscape|[from] ability: Snow Warning|[of] p2a: Ninetales\n|turn|13\n|inactive|Time left: 300 sec this turn | 300 sec total\n|\n|t:|1783534884\n|move|p1a: Jolteon|Calm Mind|p1a: Jolteon\n|-boost|p1a: Jolteon|spa|1\n|-boost|p1a: Jolteon|spd|1\n|move|p2a: Ninetales|Aurora Veil|p2a: Ninetales\n|-sidestart|p2: p0y095aef9|move: Aurora Veil\n|\n|-weather|Snowscape|[upkeep]\n|upkeep\n|turn|14\n|inactive|Time left: 300 sec this turn | 300 sec total\n|\n|t:|1783534885\n|move|p1a: Jolteon|Substitute|p1a: Jolteon\n|-start|p1a: Jolteon|Substitute\n|-damage|p1a: Jolteon|185/246\n|move|p2a: Ninetales|Freeze-Dry|p1a: Jolteon\n|-activate|p1a: Jolteon|move: Substitute|[damage]\n|\n|-weather|Snowscape|[upkeep]\n|-heal|p1a: Jolteon|200/246|[from] item: Leftovers\n|upkeep\n|turn|15\n|inactive|Time left: 300 sec this turn | 300 sec total\n|\n|t:|1783534886\n|switch|p2a: Lunala|Lunala, L70|100/100\n|move|p1a: Jolteon|Calm Mind|p1a: Jolteon\n|-boost|p1a: Jolteon|spa|1\n|-boost|p1a: Jolteon|spd|1\n|\n|-weather|Snowscape|[upkeep]\n|-heal|p1a: Jolteon|215/246|[from] item: Leftovers\n|upkeep\n|turn|16\n|inactive|Time left: 300 sec this turn | 300 sec total\n|\n|t:|1783534887\n|move|p1a: Jolteon|Calm Mind|p1a: Jolteon\n|-boost|p1a: Jolteon|spa|1\n|-boost|p1a: Jolteon|spd|1\n|move|p2a: Lunala|Calm Mind|p2a: Lunala\n|-boost|p2a: Lunala|spa|1\n|-boost|p2a: Lunala|spd|1\n|\n|-weather|Snowscape|[upkeep]\n|-heal|p1a: Jolteon|230/246|[from] item: Leftovers\n|upkeep\n|turn|17\n|inactive|Time left: 300 sec this turn | 300 sec total\n|\n|t:|1783534888\n|move|p1a: Jolteon|Thunderbolt|p2a: Lunala\n|-damage|p2a: Lunala|86/100\n|move|p2a: Lunala|Calm Mind|p2a: Lunala\n|-boost|p2a: Lunala|spa|1\n|-boost|p2a: Lunala|spd|1\n|\n|-weather|none\n|-heal|p1a: Jolteon|245/246|[from] item: Leftovers\n|-heal|p2a: Lunala|92/100|[from] item: Leftovers\n|upkeep\n|turn|18\n|inactive|Time left: 300 sec this turn | 300 sec total\n|\n|t:|1783534889\n|move|p1a: Jolteon|Calm Mind|p1a: Jolteon\n|-boost|p1a: Jolteon|spa|1\n|-boost|p1a: Jolteon|spd|1\n|move|p2a: Lunala|Calm Mind|p2a: Lunala\n|-boost|p2a: Lunala|spa|1\n|-boost|p2a: Lunala|spd|1\n|\n|-heal|p1a: Jolteon|246/246|[from] item: Leftovers\n|-heal|p2a: Lunala|99/100|[from] item: Leftovers\n|upkeep\n|turn|19\n|inactive|Time left: 300 sec this turn | 300 sec total\n|\n|t:|1783534890\n|move|p1a: Jolteon|Thunderbolt|p2a: Lunala\n|-damage|p2a: Lunala|77/100\n|move|p2a: Lunala|Moongeist Beam|p1a: Jolteon\n|-end|p1a: Jolteon|Substitute\n|\n|-heal|p2a: Lunala|83/100|[from] item: Leftovers\n|upkeep\n|turn|20\n|inactive|Time left: 300 sec this turn | 300 sec total\n|\n|t:|1783534891\n|move|p1a: Jolteon|Substitute|p1a: Jolteon\n|-start|p1a: Jolteon|Substitute\n|-damage|p1a: Jolteon|185/246\n|move|p2a: Lunala|Moongeist Beam|p1a: Jolteon\n|-end|p1a: Jolteon|Substitute\n|\n|-heal|p1a: Jolteon|200/246|[from] item: Leftovers\n|-heal|p2a: Lunala|89/100|[from] item: Leftovers\n|-sideend|p2: p0y095aef9|move: Aurora Veil\n|upkeep\n|turn|21\n|inactive|Time left: 300 sec this turn | 300 sec total\n|\n|t:|1783534892\n|move|p1a: Jolteon|Substitute|p1a: Jolteon\n|-start|p1a: Jolteon|Substitute\n|-damage|p1a: Jolteon|139/246\n|move|p2a: Lunala|Moonblast|p1a: Jolteon\n|-activate|p1a: Jolteon|move: Substitute|[damage]\n|\n|-heal|p1a: Jolteon|154/246|[from] item: Leftovers\n|-heal|p2a: Lunala|95/100|[from] item: Leftovers\n|upkeep\n|turn|22\n|inactive|Time left: 300 sec this turn | 300 sec total\n|\n|t:|1783534893\n|move|p1a: Jolteon|Thunderbolt|p2a: Lunala\n|-damage|p2a: Lunala|56/100\n|move|p2a: Lunala|Moonlight|p2a: Lunala\n|-heal|p2a: Lunala|100/100\n|\n|-heal|p1a: Jolteon|169/246|[from] item: Leftovers\n|upkeep\n|turn|23\n|inactive|Time left: 300 sec this turn | 300 sec total\n|\n|t:|1783534895\n|move|p1a: Jolteon|Thunderbolt|p2a: Lunala\n|-crit|p2a: Lunala\n|-damage|p2a: Lunala|19/100\n|move|p2a: Lunala|Moongeist Beam|p1a: Jolteon\n|-end|p1a: Jolteon|Substitute\n|\n|-heal|p1a: Jolteon|184/246|[from] item: Leftovers\n|-heal|p2a: Lunala|25/100|[from] item: Leftovers\n|upkeep\n|turn|24\n|inactive|Time left: 300 sec this turn | 300 sec total\n|\n|t:|1783534896\n|move|p1a: Jolteon|Thunderbolt|p2a: Lunala\n|-damage|p2a: Lunala|0 fnt\n|faint|p2a: Lunala\n|\n|-heal|p1a: Jolteon|199/246|[from] item: Leftovers\n|upkeep\n|\n|t:|1783534897\n|switch|p2a: Azelf|Azelf, L82|100/100\n|turn|25\n|inactive|Time left: 300 sec this turn | 300 sec total\n|\n|t:|1783534898\n|move|p1a: Jolteon|Thunderbolt|p2a: Azelf\n|-damage|p2a: Azelf|0 fnt\n|faint|p2a: Azelf\n|\n|-heal|p1a: Jolteon|214/246|[from] item: Leftovers\n|upkeep\n|\n|t:|1783534898\n|switch|p2a: Infernape|Infernape, L82, F|100/100\n|turn|26\n|inactive|Time left: 300 sec this turn | 300 sec total\n|\n|t:|1783534899\n|move|p2a: Infernape|Mach Punch|p1a: Jolteon\n|-damage|p1a: Jolteon|139/246\n|-damage|p2a: Infernape|91/100|[from] item: Life Orb\n|move|p1a: Jolteon|Thunderbolt|p2a: Infernape\n|-damage|p2a: Infernape|0 fnt\n|faint|p2a: Infernape\n|\n|-heal|p1a: Jolteon|154/246|[from] item: Leftovers\n|upkeep\n|\n|t:|1783534900\n|switch|p2a: Ninetales|Ninetales-Alola, L78, M|100/100\n|-weather|Snowscape|[from] ability: Snow Warning|[of] p2a: Ninetales\n|turn|27\n|inactive|Time left: 300 sec this turn | 300 sec total\n|\n|t:|1783534901\n|move|p1a: Jolteon|Thunderbolt|p2a: Ninetales\n|-damage|p2a: Ninetales|0 fnt\n|faint|p2a: Ninetales\n|\n|win|p0x0955461", "uploadtime": 1783534901, "views": 0, "rating": 0, "private": 0, "password": null, "_winner": "p0x0955461", "_our_name": "p0x0955461"}