{"id": "battle-gen9randombattle-999", "formatid": "gen9randombattle", "format": "[Gen 9] Random Battle", "players": ["p0x9990bc3", "p0y9996f54"], "log": "|init|battle\n|title|p0x9990bc3 vs. p0y9996f54\n|j|\u2606p0x9990bc3\n|j|\u2606p0y9996f54\n|t:|1783551491\n|gametype|singles\n|player|p1|p0x9990bc3|102|\n|player|p2|p0y9996f54|265|\n|gen|9\n|tier|[Gen 9] Random Battle\n|rule|Species Clause: Limit one of each Pok\u00e9mon\n|rule|HP Percentage Mod: HP is shown in percentages\n|rule|Sleep Clause Mod: Limit one foe put to sleep\n|rule|Illusion Level Mod: Illusion disguises the Pok\u00e9mon's true level\n|\n|t:|1783551491\n|teamsize|p1|6\n|teamsize|p2|6\n|start\n|switch|p1a: Klawf|Klawf, L90, M|100/100\n|switch|p2a: Frosmoth|Frosmoth, L82, F|249/249\n|turn|1\n|inactive|Battle timer is ON: inactive players will automatically lose when time's up. (requested by p0x9990bc3)\n|inactive|Time left: 300 sec this turn | 300 sec total | 60 sec grace\n|inactive|p0y9996f54 also wants the timer to be on.\n|\n|t:|1783551492\n|move|p1a: Klawf|Stone Edge|p2a: Frosmoth\n|-supereffective|p2a: Frosmoth\n|-damage|p2a: Frosmoth|0 fnt\n|faint|p2a: Frosmoth\n|\n|upkeep\n|inactive|Time left: 300 sec this turn | 300 sec total | 65 sec grace\n|\n|t:|1783551493\n|switch|p2a: Empoleon|Empoleon, L84, F|278/278\n|turn|2\n|inactive|Time left: 300 sec this turn | 300 sec total\n|\n|t:|1783551495\n|switch|p1a: Raging Bolt|Raging Bolt, L78|100/100\n|-enditem|p1a: Raging Bolt|Booster Energy\n|-activate|p1a: Raging Bolt|ability: Protosynthesis|[fromitem]\n|-start|p1a: Raging Bolt|protosynthesisspa\n|move|p2a: Empoleon|Surf|p1a: Raging Bolt\n|-resisted|p1a: Raging Bolt\n|-damage|p1a: Raging Bolt|83/100\n|\n|upkeep\n|turn|3\n|inactive|Time left: 300 sec this turn | 300 sec total\n|\n|t:|1783551496\n|switch|p2a: Luxray|Luxray, L88, F|283/283\n|move|p1a: Raging Bolt|Thunderbolt|p2a: Luxray\n|-resisted|p2a: Luxray\n|-damage|p2a: Luxray|211/283\n|\n|-status|p2a: Luxray|brn|[from] item: Flame Orb\n|upkeep\n|turn|4\n|inactive|Time left: 300 sec this turn | 300 sec total\n|\n|t:|1783551497\n|move|p2a: Luxray|Facade|p1a: Raging Bolt\n|-damage|p1a: Raging Bolt|23/100\n|move|p1a: Raging Bolt|Dragon Pulse|p2a: Luxray\n|-damage|p2a: Luxray|66/283 brn\n|\n|-damage|p2a: Luxray|49/283 brn|[from] brn\n|upkeep\n|turn|5\n|inactive|Time left: 300 sec this turn | 300 sec total\n|\n|t:|1783551498\n|switch|p2a: Noctowl|Noctowl, L95, M|344/344\n|move|p1a: Raging Bolt|Thunderclap||[still]\n|-fail|p1a: Raging Bolt\n|\n|upkeep\n|turn|6\n|inactive|Time left: 300 sec this turn | 300 sec total\n|\n|t:|1783551499\n|move|p1a: Raging Bolt|Thunderclap|p2a: Noctowl\n|-supereffective|p2a: Noctowl\n|-damage|p2a: Noctowl|168/344\n|move|p2a: Noctowl|Hyper Voice|p1a: Raging Bolt\n|-damage|p1a: Raging Bolt|0 fnt\n|faint|p1a: Raging Bolt\n|-end|p1a: Raging Bolt|Protosynthesis|[silent]\n|\n|upkeep\n|\n|t:|1783551500\n|switch|p1a: Mabosstiff|Mabosstiff, L86, M|100/100\n|turn|7\n|inactive|Time left: 300 sec this turn | 300 sec total\n|\n|t:|1783551501\n|move|p1a: Mabosstiff|Crunch|p2a: Noctowl\n|-damage|p2a: Noctowl|0 fnt\n|faint|p2a: Noctowl\n|\n|upkeep\n|inactive|Time left: 300 sec this turn | 300 sec total | 5 sec grace\n|\n|t:|1783551502\n|switch|p2a: Empoleon|Empoleon, L84, F|278/278\n|turn|8\n|inactive|Time left: 300 sec this turn | 300 sec total\n|\n|t:|1783551503\n|move|p1a: Mabosstiff|Crunch|p2a: Empoleon\n|-damage|p2a: Empoleon|118/278\n|move|p2a: Empoleon|Surf|p1a: Mabosstiff\n|-damage|p1a: Mabosstiff|53/100\n|\n|-heal|p2a: Empoleon|135/278|[from] item: Leftovers\n|upkeep\n|turn|9\n|inactive|Time left: 300 sec this turn | 300 sec total\n|\n|t:|1783551504\n|move|p1a: Mabosstiff|Crunch|p2a: Empoleon\n|-damage|p2a: Empoleon|0 fnt\n|faint|p2a: Empoleon\n|\n|upkeep\n|inactive|Time left: 300 sec this turn | 300 sec total | 5 sec grace\n|\n|t:|1783551505\n|switch|p2a: Tauros|Tauros, L82, M|257/257\n|turn|10\n|inactive|Time left: 300 sec this turn | 300 sec total\n|\n|t:|1783551507\n|move|p2a: Tauros|Close Combat|p1a: Mabosstiff\n|-supereffective|p1a: Mabosstiff\n|-damage|p1a: Mabosstiff|0 fnt\n|-unboost|p2a: Tauros|def|1\n|-unboost|p2a: Tauros|spd|1\n|faint|p1a: Mabosstiff\n|-damage|p2a: Tauros|232/257|[from] item: Life Orb\n|\n|upkeep\n|\n|t:|1783551508\n|switch|p1a: Hatterene|Hatterene, L85, F|100/100\n|turn|11\n|inactive|Time left: 300 sec this turn | 300 sec total\n|\n|t:|1783551509\n|switch|p2a: Cryogonal|Cryogonal, L89|287/287\n|move|p1a: Hatterene|Draining Kiss|p2a: Cryogonal\n|-damage|p2a: Cryogonal|241/287\n|\n|upkeep\n|turn|12\n|inactive|Time left: 300 sec this turn | 300 sec total\n|\n|t:|1783551510\n|move|p2a: Cryogonal|Rapid Spin|p1a: Hatterene\n|-damage|p1a: Hatterene|89/100\n|-boost|p2a: Cryogonal|spe|1\n|move|p1a: Hatterene|Psyshock|p2a: Cryogonal\n|-damage|p2a: Cryogonal|88/287\n|\n|-heal|p1a: Hatterene|95/100|[from] item: Leftovers\n|upkeep\n|turn|13\n|inactive|Time left: 300 sec this turn | 300 sec total\n|\n|t:|1783551511\n|move|p2a: Cryogonal|Flash Cannon|p1a: Hatterene\n|-supereffective|p1a: Hatterene\n|-damage|p1a: Hatterene|50/100\n|-unboost|p1a: Hatterene|spd|1\n|move|p1a: Hatterene|Mystical Fire|p2a: Cryogonal\n|-supereffective|p2a: Cryogonal\n|-damage|p2a: Cryogonal|0 fnt\n|faint|p2a: Cryogonal\n|\n|-heal|p1a: Hatterene|56/100|[from] item: Leftovers\n|upkeep\n|inactive|Time left: 300 sec this turn | 300 sec total | 5 sec grace\n|\n|t:|1783551512\n|switch|p2a: Tauros|Tauros, L82, M|232/257\n|turn|14\n|inactive|Time left: 300 sec this turn | 300 sec total\n|\n|t:|1783551513\n|switch|p1a: Klawf|Klawf, L90, M|100/100\n|move|p2a: Tauros|Body Slam|p1a: Klawf\n|-resisted|p1a: Klawf\n|-damage|p1a: Klawf|80/100\n|\n|upkeep\n|turn|15\n|inactive|Time left: 300 sec this turn | 300 sec total\n|\n|t:|1783551514\n|move|p2a: Tauros|Earthquake|p1a: Klawf\n|-supereffective|p1a: Klawf\n|-damage|p1a: Klawf|32/100\n|-ability|p1a: Klawf|Anger Shell|boost\n|-boost|p1a: Klawf|atk|1\n|-boost|p1a: Klawf|spa|1\n|-boost|p1a: Klawf|spe|1\n|-unboost|p1a: Klawf|def|1\n|-unboost|p1a: Klawf|spd|1\n|-damage|p2a: Tauros|207/257|[from] item: Life Orb\n|move|p1a: Klawf|Knock Off|p2a: Tauros\n|-damage|p2a: Tauros|83/257\n|-enditem|p2a: Tauros|Life Orb|[from] move: Knock Off|[of] p1a: Klawf\n|\n|upkeep\n|turn|16\n|inactive|Time left: 300 sec this turn | 300 sec total\n|\n|t:|1783551516\n|move|p1a: Klawf|Crabhammer|p2a: Tauros\n|-damage|p2a: Tauros|0 fnt\n|faint|p2a: Tauros\n|\n|upkeep\n|inactive|Time left: 300 sec this turn | 300 sec total | 5 sec grace\n|\n|t:|1783551517\n|switch|p2a: Luxray|Luxray, L88, F|49/283 brn\n|turn|17\n|inactive|Time left: 300 sec this turn | 300 sec total\n|\n|t:|1783551518\n|-terastallize|p2a: Luxray|Normal\n|move|p1a: Klawf|Knock Off|p2a: Luxray\n|-damage|p2a: Luxray|0 fnt\n|-enditem|p2a: Luxray|Flame Orb|[from] move: Knock Off|[of] p1a: Klawf\n|faint|p2a: Luxray\n|\n|win|p0x9990bc3", "uploadtime": 1783551518, "views": 0, "rating": 0, "private": 0, "password": null, "_winner": "p0x9990bc3", "_our_name": "p0y9996f54"}