{"id": "battle-gen9randombattle-1866", "formatid": "gen9randombattle", "format": "[Gen 9] Random Battle", "players": ["p0x186643ed", "p0y1866fcbf"], "log": "|init|battle\n|title|p0x186643ed vs. p0y1866fcbf\n|j|\u2606p0x186643ed\n|j|\u2606p0y1866fcbf\n|t:|1783561614\n|gametype|singles\n|player|p1|p0x186643ed|2|\n|player|p2|p0y1866fcbf|101|\n|gen|9\n|tier|[Gen 9] Random Battle\n|rule|Species Clause: Limit one of each Pok\u00e9mon\n|rule|HP Percentage Mod: HP is shown in percentages\n|rule|Sleep Clause Mod: Limit one foe put to sleep\n|rule|Illusion Level Mod: Illusion disguises the Pok\u00e9mon's true level\n|\n|t:|1783561614\n|teamsize|p1|6\n|teamsize|p2|6\n|start\n|switch|p1a: Slowbro|Slowbro-Galar, L87, M|307/307\n|switch|p2a: Corviknight|Corviknight, L80, F|100/100\n|-ability|p2a: Corviknight|Pressure\n|turn|1\n|inactive|Battle timer is ON: inactive players will automatically lose when time's up. (requested by p0y1866fcbf)\n|inactive|Time left: 300 sec this turn | 300 sec total | 60 sec grace\n|inactive|p0x186643ed also wants the timer to be on.\n|\n|t:|1783561616\n|move|p2a: Corviknight|U-turn|p1a: Slowbro\n|-damage|p1a: Slowbro|271/307\n|\n|t:|1783561616\n|switch|p2a: Kingambit|Kingambit, L74, F|100/100|[from] U-turn\n|move|p1a: Slowbro|Fire Blast|p2a: Kingambit\n|-supereffective|p2a: Kingambit\n|-damage|p2a: Kingambit|0 fnt\n|faint|p2a: Kingambit\n|-end|p2a: Kingambit|fallenundefined|[silent]\n|-damage|p1a: Slowbro|241/307|[from] item: Life Orb\n|\n|upkeep\n|\n|t:|1783561617\n|switch|p2a: Espathra|Espathra, L80, F|100/100\n|turn|2\n|inactive|Time left: 300 sec this turn | 300 sec total\n|\n|t:|1783561618\n|switch|p1a: Ting-Lu|Ting-Lu, L78|370/370\n|-ability|p1a: Ting-Lu|Vessel of Ruin\n|move|p2a: Espathra|Lumina Crash|p1a: Ting-Lu\n|-immune|p1a: Ting-Lu\n|\n|-ability|p2a: Espathra|Speed Boost|boost\n|-boost|p2a: Espathra|spe|1\n|upkeep\n|turn|3\n|inactive|Time left: 300 sec this turn | 300 sec total\n|\n|t:|1783561619\n|switch|p2a: Corviknight|Corviknight, L80, F|100/100\n|-ability|p2a: Corviknight|Pressure\n|move|p1a: Ting-Lu|Throat Chop|p2a: Corviknight\n|-damage|p2a: Corviknight|73/100\n|-start|p2a: Corviknight|Throat Chop|[silent]\n|\n|-heal|p2a: Corviknight|79/100|[from] item: Leftovers\n|upkeep\n|turn|4\n|inactive|Time left: 300 sec this turn | 300 sec total\n|\n|t:|1783561620\n|move|p2a: Corviknight|Brave Bird|p1a: Ting-Lu\n|-damage|p1a: Ting-Lu|282/370\n|-damage|p2a: Corviknight|69/100|[from] Recoil\n|move|p1a: Ting-Lu|Throat Chop|p2a: Corviknight\n|-damage|p2a: Corviknight|45/100\n|\n|-heal|p2a: Corviknight|52/100|[from] item: Leftovers\n|-heal|p1a: Ting-Lu|305/370|[from] item: Leftovers\n|-end|p2a: Corviknight|Throat Chop|[silent]\n|upkeep\n|turn|5\n|inactive|Time left: 300 sec this turn | 300 sec total\n|\n|t:|1783561621\n|move|p2a: Corviknight|Roost|p2a: Corviknight\n|-heal|p2a: Corviknight|100/100\n|-singleturn|p2a: Corviknight|move: Roost\n|move|p1a: Ting-Lu|Stealth Rock|p2a: Corviknight\n|-sidestart|p2: p0y1866fcbf|move: Stealth Rock\n|\n|-heal|p1a: Ting-Lu|328/370|[from] item: Leftovers\n|upkeep\n|turn|6\n|inactive|Time left: 300 sec this turn | 300 sec total\n|\n|t:|1783561622\n|move|p2a: Corviknight|Defog|p1a: Ting-Lu\n|-unboost|p1a: Ting-Lu|evasion|1\n|-sideend|p2: p0y1866fcbf|Stealth Rock|[from] move: Defog|[of] p2a: Corviknight\n|move|p1a: Ting-Lu|Spikes|p2a: Corviknight\n|-sidestart|p2: p0y1866fcbf|Spikes\n|\n|-heal|p1a: Ting-Lu|351/370|[from] item: Leftovers\n|upkeep\n|turn|7\n|inactive|Time left: 300 sec this turn | 300 sec total\n|\n|t:|1783561623\n|move|p2a: Corviknight|Defog|p1a: Ting-Lu\n|-unboost|p1a: Ting-Lu|evasion|1\n|-sideend|p2: p0y1866fcbf|Spikes|[from] move: Defog|[of] p2a: Corviknight\n|move|p1a: Ting-Lu|Stealth Rock|p2a: Corviknight\n|-sidestart|p2: p0y1866fcbf|move: Stealth Rock\n|\n|-heal|p1a: Ting-Lu|370/370|[from] item: Leftovers\n|upkeep\n|turn|8\n|inactive|Time left: 300 sec this turn | 300 sec total\n|\n|t:|1783561624\n|move|p2a: Corviknight|Defog|p1a: Ting-Lu\n|-unboost|p1a: Ting-Lu|evasion|1\n|-sideend|p2: p0y1866fcbf|Stealth Rock|[from] move: Defog|[of] p2a: Corviknight\n|move|p1a: Ting-Lu|Throat Chop|p2a: Corviknight\n|-damage|p2a: Corviknight|74/100\n|-start|p2a: Corviknight|Throat Chop|[silent]\n|\n|-heal|p2a: Corviknight|81/100|[from] item: Leftovers\n|upkeep\n|turn|9\n|inactive|Time left: 300 sec this turn | 300 sec total\n|\n|t:|1783561624\n|move|p2a: Corviknight|Brave Bird|p1a: Ting-Lu\n|-damage|p1a: Ting-Lu|279/370\n|-damage|p2a: Corviknight|70/100|[from] Recoil\n|move|p1a: Ting-Lu|Stealth Rock|p2a: Corviknight\n|-sidestart|p2: p0y1866fcbf|move: Stealth Rock\n|\n|-heal|p2a: Corviknight|77/100|[from] item: Leftovers\n|-heal|p1a: Ting-Lu|302/370|[from] item: Leftovers\n|-end|p2a: Corviknight|Throat Chop|[silent]\n|upkeep\n|turn|10\n|inactive|Time left: 300 sec this turn | 300 sec total\n|\n|t:|1783561626\n|move|p2a: Corviknight|Defog|p1a: Ting-Lu\n|-unboost|p1a: Ting-Lu|evasion|1\n|-sideend|p2: p0y1866fcbf|Stealth Rock|[from] move: Defog|[of] p2a: Corviknight\n|move|p1a: Ting-Lu|Throat Chop|p2a: Corviknight\n|-damage|p2a: Corviknight|49/100\n|-start|p2a: Corviknight|Throat Chop|[silent]\n|\n|-heal|p2a: Corviknight|55/100|[from] item: Leftovers\n|-heal|p1a: Ting-Lu|325/370|[from] item: Leftovers\n|upkeep\n|turn|11\n|inactive|Time left: 300 sec this turn | 300 sec total\n|\n|t:|1783561627\n|move|p2a: Corviknight|Roost|p2a: Corviknight\n|-heal|p2a: Corviknight|100/100\n|-singleturn|p2a: Corviknight|move: Roost\n|move|p1a: Ting-Lu|Stealth Rock|p2a: Corviknight\n|-sidestart|p2: p0y1866fcbf|move: Stealth Rock\n|\n|-heal|p1a: Ting-Lu|348/370|[from] item: Leftovers\n|-end|p2a: Corviknight|Throat Chop|[silent]\n|upkeep\n|turn|12\n|inactive|Time left: 300 sec this turn | 300 sec total\n|\n|t:|1783561628\n|move|p2a: Corviknight|Defog|p1a: Ting-Lu\n|-unboost|p1a: Ting-Lu|evasion|1\n|-sideend|p2: p0y1866fcbf|Stealth Rock|[from] move: Defog|[of] p2a: Corviknight\n|move|p1a: Ting-Lu|Spikes|p2a: Corviknight\n|-sidestart|p2: p0y1866fcbf|Spikes\n|\n|-heal|p1a: Ting-Lu|370/370|[from] item: Leftovers\n|upkeep\n|turn|13\n|inactive|Time left: 300 sec this turn | 300 sec total\n|\n|t:|1783561629\n|move|p2a: Corviknight|Defog|p1a: Ting-Lu\n|-unboost|p1a: Ting-Lu|evasion|1\n|-sideend|p2: p0y1866fcbf|Spikes|[from] move: Defog|[of] p2a: Corviknight\n|move|p1a: Ting-Lu|Throat Chop|p2a: Corviknight\n|-damage|p2a: Corviknight|72/100\n|-start|p2a: Corviknight|Throat Chop|[silent]\n|\n|-heal|p2a: Corviknight|78/100|[from] item: Leftovers\n|upkeep\n|turn|14\n|inactive|Time left: 300 sec this turn | 300 sec total\n|\n|t:|1783561630\n|move|p2a: Corviknight|Brave Bird|p1a: Ting-Lu\n|-damage|p1a: Ting-Lu|276/370\n|-damage|p2a: Corviknight|68/100|[from] Recoil\n|move|p1a: Ting-Lu|Stealth Rock|p2a: Corviknight\n|-sidestart|p2: p0y1866fcbf|move: Stealth Rock\n|\n|-heal|p2a: Corviknight|74/100|[from] item: Leftovers\n|-heal|p1a: Ting-Lu|299/370|[from] item: Leftovers\n|-end|p2a: Corviknight|Throat Chop|[silent]\n|upkeep\n|turn|15\n|inactive|Time left: 300 sec this turn | 300 sec total\n|\n|t:|1783561631\n|move|p2a: Corviknight|Defog|p1a: Ting-Lu\n|-unboost|p1a: Ting-Lu|evasion|0\n|-sideend|p2: p0y1866fcbf|Stealth Rock|[from] move: Defog|[of] p2a: Corviknight\n|move|p1a: Ting-Lu|Throat Chop|p2a: Corviknight\n|-damage|p2a: Corviknight|49/100\n|-start|p2a: Corviknight|Throat Chop|[silent]\n|\n|-heal|p2a: Corviknight|56/100|[from] item: Leftovers\n|-heal|p1a: Ting-Lu|322/370|[from] item: Leftovers\n|upkeep\n|turn|16\n|inactive|Time left: 300 sec this turn | 300 sec total\n|\n|t:|1783561632\n|move|p2a: Corviknight|Roost|p2a: Corviknight\n|-heal|p2a: Corviknight|100/100\n|-singleturn|p2a: Corviknight|move: Roost\n|move|p1a: Ting-Lu|Earthquake|p2a: Corviknight\n|-supereffective|p2a: Corviknight\n|-damage|p2a: Corviknight|32/100\n|\n|-heal|p2a: Corviknight|38/100|[from] item: Leftovers\n|-heal|p1a: Ting-Lu|345/370|[from] item: Leftovers\n|-end|p2a: Corviknight|Throat Chop|[silent]\n|upkeep\n|turn|17\n|inactive|Time left: 300 sec this turn | 300 sec total\n|\n|t:|1783561633\n|move|p2a: Corviknight|Roost|p2a: Corviknight\n|-heal|p2a: Corviknight|88/100\n|-singleturn|p2a: Corviknight|move: Roost\n|move|p1a: Ting-Lu|Throat Chop|p2a: Corviknight\n|-damage|p2a: Corviknight|62/100\n|-start|p2a: Corviknight|Throat Chop|[silent]\n|\n|-heal|p2a: Corviknight|68/100|[from] item: Leftovers\n|-heal|p1a: Ting-Lu|368/370|[from] item: Leftovers\n|upkeep\n|turn|18\n|inactive|Time left: 300 sec this turn | 300 sec total\n|\n|t:|1783561634\n|move|p2a: Corviknight|Brave Bird|p1a: Ting-Lu\n|-damage|p1a: Ting-Lu|286/370\n|-damage|p2a: Corviknight|58/100|[from] Recoil\n|move|p1a: Ting-Lu|Stealth Rock|p2a: Corviknight\n|-sidestart|p2: p0y1866fcbf|move: Stealth Rock\n|\n|-heal|p2a: Corviknight|65/100|[from] item: Leftovers\n|-heal|p1a: Ting-Lu|309/370|[from] item: Leftovers\n|-end|p2a: Corviknight|Throat Chop|[silent]\n|upkeep\n|turn|19\n|inactive|Time left: 300 sec this turn | 300 sec total\n|\n|t:|1783561635\n|move|p2a: Corviknight|Defog|p1a: Ting-Lu\n|-unboost|p1a: Ting-Lu|evasion|0\n|-sideend|p2: p0y1866fcbf|Stealth Rock|[from] move: Defog|[of] p2a: Corviknight\n|move|p1a: Ting-Lu|Throat Chop|p2a: Corviknight\n|-damage|p2a: Corviknight|40/100\n|-start|p2a: Corviknight|Throat Chop|[silent]\n|\n|-heal|p2a: Corviknight|47/100|[from] item: Leftovers\n|-heal|p1a: Ting-Lu|332/370|[from] item: Leftovers\n|upkeep\n|turn|20\n|inactive|Time left: 300 sec this turn | 300 sec total\n|\n|t:|1783561636\n|move|p2a: Corviknight|Roost|p2a: Corviknight\n|-heal|p2a: Corviknight|97/100\n|-singleturn|p2a: Corviknight|move: Roost\n|move|p1a: Ting-Lu|Earthquake|p2a: Corviknight\n|-supereffective|p2a: Corviknight\n|-damage|p2a: Corviknight|31/100\n|\n|-heal|p2a: Corviknight|38/100|[from] item: Leftovers\n|-heal|p1a: Ting-Lu|355/370|[from] item: Leftovers\n|-end|p2a: Corviknight|Throat Chop|[silent]\n|upkeep\n|turn|21\n|inactive|Time left: 300 sec this turn | 300 sec total\n|\n|t:|1783561637\n|move|p2a: Corviknight|Roost|p2a: Corviknight\n|-heal|p2a: Corviknight|88/100\n|-singleturn|p2a: Corviknight|move: Roost\n|move|p1a: Ting-Lu|Throat Chop|p2a: Corviknight\n|-damage|p2a: Corviknight|63/100\n|-start|p2a: Corviknight|Throat Chop|[silent]\n|\n|-heal|p2a: Corviknight|69/100|[from] item: Leftovers\n|-heal|p1a: Ting-Lu|370/370|[from] item: Leftovers\n|upkeep\n|turn|22\n|inactive|Time left: 300 sec this turn | 300 sec total\n|\n|t:|1783561638\n|move|p2a: Corviknight|Brave Bird|p1a: Ting-Lu\n|-damage|p1a: Ting-Lu|282/370\n|-damage|p2a: Corviknight|59/100|[from] Recoil\n|move|p1a: Ting-Lu|Throat Chop|p2a: Corviknight\n|-damage|p2a: Corviknight|32/100\n|\n|-heal|p2a: Corviknight|38/100|[from] item: Leftovers\n|-heal|p1a: Ting-Lu|305/370|[from] item: Leftovers\n|-end|p2a: Corviknight|Throat Chop|[silent]\n|upkeep\n|turn|23\n|inactive|Time left: 300 sec this turn | 300 sec total\n|\n|t:|1783561639\n|move|p2a: Corviknight|Roost|p2a: Corviknight\n|-heal|p2a: Corviknight|88/100\n|-singleturn|p2a: Corviknight|move: Roost\n|move|p1a: Ting-Lu|Throat Chop|p2a: Corviknight\n|-damage|p2a: Corviknight|63/100\n|-start|p2a: Corviknight|Throat Chop|[silent]\n|\n|-heal|p2a: Corviknight|69/100|[from] item: Leftovers\n|-heal|p1a: Ting-Lu|328/370|[from] item: Leftovers\n|upkeep\n|turn|24\n|inactive|Time left: 300 sec this turn | 300 sec total\n|\n|t:|1783561640\n|move|p2a: Corviknight|U-turn|p1a: Ting-Lu\n|-supereffective|p1a: Ting-Lu\n|-damage|p1a: Ting-Lu|264/370\n|\n|t:|1783561641\n|switch|p2a: Inteleon|Inteleon, L81, F|100/100|[from] U-turn\n|move|p1a: Ting-Lu|Stealth Rock|p2a: Inteleon\n|-sidestart|p2: p0y1866fcbf|move: Stealth Rock\n|\n|-heal|p1a: Ting-Lu|287/370|[from] item: Leftovers\n|upkeep\n|turn|25\n|inactive|Time left: 300 sec this turn | 300 sec total\n|\n|t:|1783561642\n|switch|p1a: Lumineon|Lumineon, L93, F|279/279\n|move|p2a: Inteleon|Scald|p1a: Lumineon\n|-ability|p1a: Lumineon|Storm Drain|boost\n|-boost|p1a: Lumineon|spa|1\n|\n|upkeep\n|turn|26\n|inactive|Time left: 300 sec this turn | 300 sec total\n|\n|t:|1783561643\n|switch|p2a: Espathra|Espathra, L80, F|100/100\n|-damage|p2a: Espathra|88/100|[from] Stealth Rock\n|move|p1a: Lumineon|Hydro Pump|p2a: Espathra|[miss]\n|-miss|p1a: Lumineon|p2a: Espathra\n|\n|upkeep\n|turn|27\n|inactive|Time left: 300 sec this turn | 300 sec total\n|\n|t:|1783561644\n|move|p1a: Lumineon|Hydro Pump|p2a: Espathra\n|-damage|p2a: Espathra|11/100\n|move|p2a: Espathra|Lumina Crash|p1a: Lumineon\n|-damage|p1a: Lumineon|174/279\n|-unboost|p1a: Lumineon|spd|2\n|\n|-ability|p2a: Espathra|Speed Boost|boost\n|-boost|p2a: Espathra|spe|1\n|upkeep\n|turn|28\n|inactive|Time left: 300 sec this turn | 300 sec total\n|\n|t:|1783561645\n|switch|p1a: Ting-Lu|Ting-Lu, L78|287/370\n|-ability|p1a: Ting-Lu|Vessel of Ruin\n|move|p2a: Espathra|Lumina Crash|p1a: Ting-Lu\n|-immune|p1a: Ting-Lu\n|\n|-heal|p1a: Ting-Lu|310/370|[from] item: Leftovers\n|-ability|p2a: Espathra|Speed Boost|boost\n|-boost|p2a: Espathra|spe|1\n|upkeep\n|turn|29\n|inactive|Time left: 300 sec this turn | 300 sec total\n|\n|t:|1783561646\n|move|p2a: Espathra|Lumina Crash|p1a: Ting-Lu\n|-immune|p1a: Ting-Lu\n|move|p1a: Ting-Lu|Earthquake|p2a: Espathra\n|-damage|p2a: Espathra|0 fnt\n|faint|p2a: Espathra\n|\n|-heal|p1a: Ting-Lu|333/370|[from] item: Leftovers\n|upkeep\n|\n|t:|1783561647\n|switch|p2a: Inteleon|Inteleon, L81, F|100/100\n|-damage|p2a: Inteleon|88/100|[from] Stealth Rock\n|turn|30\n|inactive|Time left: 300 sec this turn | 300 sec total\n|\n|t:|1783561648\n|switch|p1a: Lumineon|Lumineon, L93, F|174/279\n|move|p2a: Inteleon|Ice Beam|p1a: Lumineon\n|-resisted|p1a: Lumineon\n|-damage|p1a: Lumineon|122/279\n|\n|upkeep\n|turn|31\n|inactive|Time left: 300 sec this turn | 300 sec total\n|\n|t:|1783561649\n|move|p2a: Inteleon|Ice Beam|p1a: Lumineon\n|-resisted|p1a: Lumineon\n|-damage|p1a: Lumineon|69/279\n|move|p1a: Lumineon|Hydro Pump|p2a: Inteleon\n|-resisted|p2a: Inteleon\n|-damage|p2a: Inteleon|59/100\n|\n|upkeep\n|turn|32\n|inactive|Time left: 300 sec this turn | 300 sec total\n|\n|t:|1783561650\n|move|p2a: Inteleon|Ice Beam|p1a: Lumineon\n|-resisted|p1a: Lumineon\n|-damage|p1a: Lumineon|16/279\n|move|p1a: Lumineon|U-turn|p2a: Inteleon\n|-damage|p2a: Inteleon|35/100\n|inactive|Time left: 300 sec this turn | 300 sec total | 5 sec grace\n|\n|t:|1783561651\n|switch|p1a: Ting-Lu|Ting-Lu, L78|333/370|[from] U-turn\n|-ability|p1a: Ting-Lu|Vessel of Ruin\n|\n|-heal|p1a: Ting-Lu|356/370|[from] item: Leftovers\n|upkeep\n|turn|33\n|inactive|Time left: 300 sec this turn | 300 sec total\n|\n|t:|1783561652\n|move|p2a: Inteleon|Ice Beam|p1a: Ting-Lu\n|-supereffective|p1a: Ting-Lu\n|-damage|p1a: Ting-Lu|166/370\n|-status|p1a: Ting-Lu|frz\n|cant|p1a: Ting-Lu|frz\n|\n|-heal|p1a: Ting-Lu|189/370 frz|[from] item: Leftovers\n|upkeep\n|turn|34\n|inactive|Time left: 300 sec this turn | 300 sec total\n|\n|t:|1783561653\n|move|p2a: Inteleon|Ice Beam|p1a: Ting-Lu\n|-supereffective|p1a: Ting-Lu\n|-damage|p1a: Ting-Lu|17/370 frz\n|cant|p1a: Ting-Lu|frz\n|\n|-heal|p1a: Ting-Lu|40/370 frz|[from] item: Leftovers\n|upkeep\n|turn|35\n|inactive|Time left: 300 sec this turn | 300 sec total\n|\n|t:|1783561654\n|move|p2a: Inteleon|Ice Beam|p1a: Ting-Lu\n|-supereffective|p1a: Ting-Lu\n|-damage|p1a: Ting-Lu|0 fnt\n|faint|p1a: Ting-Lu\n|\n|upkeep\n|inactive|Time left: 300 sec this turn | 300 sec total | 5 sec grace\n|\n|t:|1783561655\n|switch|p1a: Pecharunt|Pecharunt, L77|262/262\n|turn|36\n|inactive|Time left: 300 sec this turn | 300 sec total\n|\n|t:|1783561656\n|move|p2a: Inteleon|Ice Beam|p1a: Pecharunt\n|-damage|p1a: Pecharunt|145/262\n|move|p1a: Pecharunt|Malignant Chain|p2a: Inteleon\n|-damage|p2a: Inteleon|0 fnt\n|faint|p2a: Inteleon\n|\n|-heal|p1a: Pecharunt|161/262|[from] item: Leftovers\n|upkeep\n|\n|t:|1783561656\n|switch|p2a: Corviknight|Corviknight, L80, F|69/100\n|-damage|p2a: Corviknight|57/100|[from] Stealth Rock\n|-ability|p2a: Corviknight|Pressure\n|turn|37\n|inactive|Time left: 300 sec this turn | 300 sec total\n|\n|t:|1783561657\n|move|p1a: Pecharunt|Recover|p1a: Pecharunt\n|-heal|p1a: Pecharunt|262/262\n|move|p2a: Corviknight|Defog|p1a: Pecharunt\n|-unboost|p1a: Pecharunt|evasion|1\n|-sideend|p2: p0y1866fcbf|Stealth Rock|[from] move: Defog|[of] p2a: Corviknight\n|\n|-heal|p2a: Corviknight|63/100|[from] item: Leftovers\n|upkeep\n|turn|38\n|inactive|Time left: 300 sec this turn | 300 sec total\n|\n|t:|1783561658\n|move|p1a: Pecharunt|Shadow Ball|p2a: Corviknight\n|-damage|p2a: Corviknight|37/100\n|move|p2a: Corviknight|Roost|p2a: Corviknight\n|-heal|p2a: Corviknight|87/100\n|-singleturn|p2a: Corviknight|move: Roost\n|\n|-heal|p2a: Corviknight|93/100|[from] item: Leftovers\n|upkeep\n|turn|39\n|inactive|Time left: 300 sec this turn | 300 sec total\n|\n|t:|1783561659\n|move|p1a: Pecharunt|Shadow Ball|p2a: Corviknight\n|-damage|p2a: Corviknight|70/100\n|move|p2a: Corviknight|Brave Bird|p1a: Pecharunt\n|-damage|p1a: Pecharunt|192/262\n|-damage|p2a: Corviknight|62/100|[from] Recoil\n|\n|-heal|p1a: Pecharunt|208/262|[from] item: Leftovers\n|-heal|p2a: Corviknight|68/100|[from] item: Leftovers\n|upkeep\n|turn|40\n|inactive|Time left: 300 sec this turn | 300 sec total\n|\n|t:|1783561660\n|move|p1a: Pecharunt|Shadow Ball|p2a: Corviknight\n|-damage|p2a: Corviknight|44/100\n|move|p2a: Corviknight|Brave Bird|p1a: Pecharunt\n|-damage|p1a: Pecharunt|136/262\n|-damage|p2a: Corviknight|36/100|[from] Recoil\n|\n|-heal|p1a: Pecharunt|152/262|[from] item: Leftovers\n|-heal|p2a: Corviknight|42/100|[from] item: Leftovers\n|upkeep\n|turn|41\n|inactive|Time left: 300 sec this turn | 300 sec total\n|\n|t:|1783561661\n|move|p1a: Pecharunt|Shadow Ball|p2a: Corviknight\n|-damage|p2a: Corviknight|17/100\n|-unboost|p2a: Corviknight|spd|1\n|move|p2a: Corviknight|Brave Bird|p1a: Pecharunt\n|-damage|p1a: Pecharunt|82/262\n|-damage|p2a: Corviknight|9/100|[from] Recoil\n|\n|-heal|p1a: Pecharunt|98/262|[from] item: Leftovers\n|-heal|p2a: Corviknight|15/100|[from] item: Leftovers\n|upkeep\n|turn|42\n|inactive|Time left: 300 sec this turn | 300 sec total\n|\n|t:|1783561662\n|move|p1a: Pecharunt|Recover|p1a: Pecharunt\n|-heal|p1a: Pecharunt|229/262\n|move|p2a: Corviknight|U-turn|p1a: Pecharunt\n|-resisted|p1a: Pecharunt\n|-damage|p1a: Pecharunt|223/262\n|\n|t:|1783561662\n|switch|p2a: Jumpluff|Jumpluff, L87, F|100/100|[from] U-turn\n|\n|-heal|p1a: Pecharunt|239/262|[from] item: Leftovers\n|upkeep\n|turn|43\n|inactive|Time left: 300 sec this turn | 300 sec total\n|\n|t:|1783561663\n|move|p2a: Jumpluff|Encore|p1a: Pecharunt\n|-start|p1a: Pecharunt|Encore\n|move|p1a: Pecharunt|Recover|p1a: Pecharunt\n|-heal|p1a: Pecharunt|262/262\n|\n|upkeep\n|turn|44\n|inactive|Time left: 300 sec this turn | 300 sec total\n|\n|t:|1783561664\n|switch|p1a: Slowbro|Slowbro-Galar, L87, M|307/307\n|move|p2a: Jumpluff|Acrobatics|p1a: Slowbro\n|-damage|p1a: Slowbro|231/307\n|\n|upkeep\n|turn|45\n|inactive|Time left: 300 sec this turn | 300 sec total\n|\n|t:|1783561665\n|move|p2a: Jumpluff|U-turn|p1a: Slowbro\n|-damage|p1a: Slowbro|197/307\n|\n|t:|1783561666\n|switch|p2a: Kingdra|Kingdra, L84, F|100/100|[from] U-turn\n|move|p1a: Slowbro|Fire Blast|p2a: Kingdra\n|-resisted|p2a: Kingdra\n|-damage|p2a: Kingdra|91/100\n|-damage|p1a: Slowbro|167/307|[from] item: Life Orb\n|\n|upkeep\n|turn|46\n|inactive|Time left: 300 sec this turn | 300 sec total\n|\n|t:|1783561667\n|switch|p1a: Pecharunt|Pecharunt, L77|262/262\n|move|p2a: Kingdra|Hurricane|p1a: Pecharunt\n|-damage|p1a: Pecharunt|163/262\n|-damage|p2a: Kingdra|81/100|[from] item: Life Orb\n|\n|-heal|p1a: Pecharunt|179/262|[from] item: Leftovers\n|upkeep\n|turn|47\n|inactive|Time left: 300 sec this turn | 300 sec total\n|\n|t:|1783561668\n|switch|p1a: Lumineon|Lumineon, L93, F|16/279\n|move|p2a: Kingdra|Draco Meteor|p1a: Lumineon\n|-damage|p1a: Lumineon|0 fnt\n|-unboost|p2a: Kingdra|spa|2\n|faint|p1a: Lumineon\n|-damage|p2a: Kingdra|71/100|[from] item: Life Orb\n|\n|upkeep\n|inactive|Time left: 300 sec this turn | 300 sec total | 5 sec grace\n|\n|t:|1783561669\n|switch|p1a: Pecharunt|Pecharunt, L77|179/262\n|turn|48\n|inactive|Time left: 300 sec this turn | 300 sec total\n|\n|t:|1783561669\n|switch|p2a: Jumpluff|Jumpluff, L87, F|100/100\n|move|p1a: Pecharunt|Recover|p1a: Pecharunt\n|-heal|p1a: Pecharunt|262/262\n|\n|upkeep\n|turn|49\n|inactive|Time left: 300 sec this turn | 300 sec total\n|\n|t:|1783561670\n|move|p2a: Jumpluff|Encore|p1a: Pecharunt\n|-start|p1a: Pecharunt|Encore\n|move|p1a: Pecharunt|Recover||[still]\n|-fail|p1a: Pecharunt|heal\n|\n|upkeep\n|turn|50\n|inactive|Time left: 300 sec this turn | 300 sec total\n|\n|t:|1783561671\n|move|p2a: Jumpluff|Strength Sap|p1a: Pecharunt\n|-unboost|p1a: Pecharunt|atk|1\n|move|p1a: Pecharunt|Recover||[still]\n|-fail|p1a: Pecharunt|heal\n|\n|upkeep\n|turn|51\n|inactive|Time left: 300 sec this turn | 300 sec total\n|\n|t:|1783561673\n|switch|p1a: Slowbro|Slowbro-Galar, L87, M|269/307\n|move|p2a: Jumpluff|Acrobatics|p1a: Slowbro\n|-damage|p1a: Slowbro|199/307\n|\n|upkeep\n|turn|52\n|inactive|Time left: 300 sec this turn | 300 sec total\n|\n|t:|1783561674\n|switch|p1a: Pecharunt|Pecharunt, L77|262/262\n|move|p2a: Jumpluff|Acrobatics|p1a: Pecharunt\n|-damage|p1a: Pecharunt|205/262\n|\n|-heal|p1a: Pecharunt|221/262|[from] item: Leftovers\n|upkeep\n|turn|53\n|inactive|Time left: 300 sec this turn | 300 sec total\n|\n|t:|1783561675\n|move|p2a: Jumpluff|Acrobatics|p1a: Pecharunt\n|-damage|p1a: Pecharunt|167/262\n|move|p1a: Pecharunt|Malignant Chain|p2a: Jumpluff\n|-supereffective|p2a: Jumpluff\n|-damage|p2a: Jumpluff|45/100\n|-status|p2a: Jumpluff|tox\n|-start|p2a: Jumpluff|confusion|[from] ability: Poison Puppeteer|[of] p1a: Pecharunt\n|\n|-heal|p1a: Pecharunt|183/262|[from] item: Leftovers\n|-damage|p2a: Jumpluff|39/100 tox|[from] psn\n|upkeep\n|turn|54\n|inactive|Time left: 300 sec this turn | 300 sec total\n|\n|t:|1783561676\n|-activate|p2a: Jumpluff|confusion\n|move|p2a: Jumpluff|Strength Sap|p1a: Pecharunt\n|-unboost|p1a: Pecharunt|atk|1\n|-heal|p2a: Jumpluff|91/100 tox\n|move|p1a: Pecharunt|Shadow Ball|p2a: Jumpluff\n|-damage|p2a: Jumpluff|71/100 tox\n|\n|-heal|p1a: Pecharunt|199/262|[from] item: Leftovers\n|-damage|p2a: Jumpluff|59/100 tox|[from] psn\n|upkeep\n|turn|55\n|inactive|Time left: 300 sec this turn | 300 sec total\n|\n|t:|1783561677\n|switch|p2a: Kingdra|Kingdra, L84, F|71/100\n|move|p1a: Pecharunt|Parting Shot|p2a: Kingdra\n|-unboost|p2a: Kingdra|atk|1\n|-unboost|p2a: Kingdra|spa|1\n|inactive|Time left: 300 sec this turn | 300 sec total | 5 sec grace\n|\n|t:|1783561678\n|switch|p1a: Cinccino|Cinccino, L83, F|260/260|[from] Parting Shot\n|\n|upkeep\n|turn|56\n|inactive|Time left: 300 sec this turn | 300 sec total\n|\n|t:|1783561679\n|switch|p2a: Jumpluff|Jumpluff, L87, F|59/100 tox\n|move|p1a: Cinccino|Tail Slap|p2a: Jumpluff\n|-damage|p2a: Jumpluff|42/100 tox\n|-damage|p2a: Jumpluff|26/100 tox\n|-damage|p2a: Jumpluff|9/100 tox\n|-damage|p2a: Jumpluff|0 fnt\n|faint|p2a: Jumpluff\n|-hitcount|p2: Jumpluff|4\n|\n|upkeep\n|\n|t:|1783561680\n|switch|p2a: Kingdra|Kingdra, L84, F|71/100\n|turn|57\n|inactive|Time left: 300 sec this turn | 300 sec total\n|\n|t:|1783561681\n|move|p1a: Cinccino|Bullet Seed|p2a: Kingdra\n|-damage|p2a: Kingdra|62/100\n|-damage|p2a: Kingdra|53/100\n|-crit|p2a: Kingdra\n|-damage|p2a: Kingdra|40/100\n|-damage|p2a: Kingdra|31/100\n|-damage|p2a: Kingdra|22/100\n|-hitcount|p2a: Kingdra|5\n|move|p2a: Kingdra|Draco Meteor|p1a: Cinccino|[miss]\n|-miss|p2a: Kingdra|p1a: Cinccino\n|\n|upkeep\n|turn|58\n|inactive|Time left: 300 sec this turn | 300 sec total\n|\n|t:|1783561682\n|switch|p2a: Corviknight|Corviknight, L80, F|15/100\n|-ability|p2a: Corviknight|Pressure\n|move|p1a: Cinccino|Tail Slap|p2a: Corviknight\n|-resisted|p2a: Corviknight\n|-damage|p2a: Corviknight|10/100\n|-resisted|p2a: Corviknight\n|-damage|p2a: Corviknight|4/100\n|-resisted|p2a: Corviknight\n|-damage|p2a: Corviknight|0 fnt\n|faint|p2a: Corviknight\n|-hitcount|p2: Corviknight|3\n|\n|upkeep\n|\n|t:|1783561682\n|switch|p2a: Kingdra|Kingdra, L84, F|22/100\n|turn|59\n|inactive|Time left: 300 sec this turn | 300 sec total\n|\n|t:|1783561683\n|-terastallize|p2a: Kingdra|Water\n|move|p1a: Cinccino|Bullet Seed|p2a: Kingdra\n|-supereffective|p2a: Kingdra\n|-damage|p2a: Kingdra|3/100\n|-supereffective|p2a: Kingdra\n|-damage|p2a: Kingdra|0 fnt\n|faint|p2a: Kingdra\n|-hitcount|p2: Kingdra|2\n|\n|win|p0x186643ed", "uploadtime": 1783561683, "views": 0, "rating": 0, "private": 0, "password": null, "_winner": "p0x186643ed", "_our_name": "p0x186643ed"}