{"id": "battle-gen9randombattle-2650", "formatid": "gen9randombattle", "format": "[Gen 9] Random Battle", "players": ["p0x265074f7", "p0y26503ebe"], "log": "|init|battle\n|title|p0x265074f7 vs. p0y26503ebe\n|j|\u2606p0x265074f7\n|j|\u2606p0y26503ebe\n|t:|1783569574\n|gametype|singles\n|player|p1|p0x265074f7|265|\n|player|p2|p0y26503ebe|266|\n|gen|9\n|tier|[Gen 9] Random Battle\n|rule|Species Clause: Limit one of each Pok\u00e9mon\n|rule|HP Percentage Mod: HP is shown in percentages\n|rule|Sleep Clause Mod: Limit one foe put to sleep\n|rule|Illusion Level Mod: Illusion disguises the Pok\u00e9mon's true level\n|\n|t:|1783569574\n|teamsize|p1|6\n|teamsize|p2|6\n|start\n|switch|p1a: Wyrdeer|Wyrdeer, L87, M|321/321\n|switch|p2a: Cinccino|Cinccino, L83, M|100/100\n|-ability|p1a: Wyrdeer|Intimidate|boost\n|-unboost|p2a: Cinccino|atk|1\n|turn|1\n|inactive|Battle timer is ON: inactive players will automatically lose when time's up. (requested by p0y26503ebe)\n|inactive|Time left: 300 sec this turn | 300 sec total | 60 sec grace\n|\n|t:|1783569576\n|switch|p2a: Bronzong|Bronzong, L88|100/100\n|move|p1a: Wyrdeer|Body Slam|p2a: Bronzong\n|-resisted|p2a: Bronzong\n|-damage|p2a: Bronzong|84/100\n|\n|-heal|p2a: Bronzong|91/100|[from] item: Leftovers\n|upkeep\n|turn|2\n|inactive|p0x265074f7 also wants the timer to be on.\n|inactive|Time left: 300 sec this turn | 300 sec total\n|\n|t:|1783569577\n|move|p1a: Wyrdeer|Megahorn|p2a: Bronzong\n|-damage|p2a: Bronzong|63/100\n|move|p2a: Bronzong|Body Press|p1a: Wyrdeer\n|-damage|p1a: Wyrdeer|238/321\n|\n|-heal|p2a: Bronzong|69/100|[from] item: Leftovers\n|upkeep\n|turn|3\n|inactive|Time left: 300 sec this turn | 300 sec total\n|\n|t:|1783569578\n|switch|p1a: Skeledirge|Skeledirge, L79, F|294/294\n|move|p2a: Bronzong|Iron Head|p1a: Skeledirge\n|-resisted|p1a: Skeledirge\n|-damage|p1a: Skeledirge|250/294\n|\n|-heal|p2a: Bronzong|75/100|[from] item: Leftovers\n|upkeep\n|turn|4\n|inactive|Time left: 300 sec this turn | 300 sec total\n|\n|t:|1783569579\n|switch|p2a: Politoed|Politoed, L88, F|100/100\n|-weather|RainDance|[from] ability: Drizzle|[of] p2a: Politoed\n|move|p1a: Skeledirge|Torch Song|p2a: Politoed\n|-resisted|p2a: Politoed\n|-damage|p2a: Politoed|95/100\n|-boost|p1a: Skeledirge|spa|1\n|\n|-weather|RainDance|[upkeep]\n|upkeep\n|turn|5\n|inactive|Time left: 300 sec this turn | 300 sec total\n|\n|t:|1783569580\n|switch|p1a: Kingdra|Kingdra, L84, F|263/263\n|move|p2a: Politoed|Surf|p1a: Kingdra\n|-resisted|p1a: Kingdra\n|-damage|p1a: Kingdra|227/263\n|\n|-weather|RainDance|[upkeep]\n|upkeep\n|turn|6\n|inactive|Time left: 300 sec this turn | 300 sec total\n|\n|t:|1783569581\n|move|p1a: Kingdra|Dragon Dance|p1a: Kingdra\n|-boost|p1a: Kingdra|atk|1\n|-boost|p1a: Kingdra|spe|1\n|move|p2a: Politoed|Ice Beam|p1a: Kingdra\n|-damage|p1a: Kingdra|168/263\n|-status|p1a: Kingdra|frz\n|-enditem|p1a: Kingdra|Lum Berry|[eat]\n|-curestatus|p1a: Kingdra|frz|[msg]\n|\n|-weather|RainDance|[upkeep]\n|upkeep\n|turn|7\n|inactive|Time left: 300 sec this turn | 300 sec total\n|\n|t:|1783569582\n|switch|p2a: Bronzong|Bronzong, L88|75/100\n|move|p1a: Kingdra|Outrage|p2a: Bronzong\n|-resisted|p2a: Bronzong\n|-damage|p2a: Bronzong|49/100\n|\n|-weather|RainDance|[upkeep]\n|-heal|p2a: Bronzong|55/100|[from] item: Leftovers\n|upkeep\n|turn|8\n|inactive|Time left: 300 sec this turn | 300 sec total\n|\n|t:|1783569583\n|move|p1a: Kingdra|Outrage|p2a: Bronzong|[from] lockedmove\n|-resisted|p2a: Bronzong\n|-damage|p2a: Bronzong|27/100\n|move|p2a: Bronzong|Iron Defense|p2a: Bronzong\n|-boost|p2a: Bronzong|def|2\n|\n|-weather|none\n|-heal|p2a: Bronzong|33/100|[from] item: Leftovers\n|upkeep\n|turn|9\n|inactive|Time left: 300 sec this turn | 300 sec total\n|\n|t:|1783569584\n|move|p1a: Kingdra|Outrage|p2a: Bronzong|[from] lockedmove\n|-resisted|p2a: Bronzong\n|-damage|p2a: Bronzong|19/100\n|-start|p1a: Kingdra|confusion|[fatigue]\n|move|p2a: Bronzong|Body Press|p1a: Kingdra\n|-damage|p1a: Kingdra|37/263\n|\n|-heal|p2a: Bronzong|25/100|[from] item: Leftovers\n|upkeep\n|turn|10\n|inactive|Time left: 300 sec this turn | 300 sec total\n|\n|t:|1783569585\n|-activate|p1a: Kingdra|confusion\n|-damage|p1a: Kingdra|0 fnt|[from] confusion\n|faint|p1a: Kingdra\n|move|p2a: Bronzong|Iron Head|p1: Kingdra|[notarget]\n|-fail|p2a: Bronzong\n|\n|-heal|p2a: Bronzong|32/100|[from] item: Leftovers\n|upkeep\n|inactive|Time left: 300 sec this turn | 300 sec total | 5 sec grace\n|\n|t:|1783569586\n|switch|p1a: Skeledirge|Skeledirge, L79, F|250/294\n|turn|11\n|inactive|Time left: 300 sec this turn | 300 sec total\n|\n|t:|1783569587\n|switch|p2a: Politoed|Politoed, L88, F|95/100\n|-weather|RainDance|[from] ability: Drizzle|[of] p2a: Politoed\n|move|p1a: Skeledirge|Torch Song|p2a: Politoed\n|-resisted|p2a: Politoed\n|-damage|p2a: Politoed|90/100\n|-boost|p1a: Skeledirge|spa|1\n|\n|-weather|RainDance|[upkeep]\n|upkeep\n|turn|12\n|inactive|Time left: 300 sec this turn | 300 sec total\n|\n|t:|1783569588\n|switch|p1a: Wyrdeer|Wyrdeer, L87, M|238/321\n|-ability|p1a: Wyrdeer|Intimidate|boost\n|-unboost|p2a: Politoed|atk|1\n|move|p2a: Politoed|Surf|p1a: Wyrdeer\n|-damage|p1a: Wyrdeer|126/321\n|\n|-weather|RainDance|[upkeep]\n|upkeep\n|turn|13\n|inactive|Time left: 300 sec this turn | 300 sec total\n|\n|t:|1783569589\n|move|p2a: Politoed|Surf|p1a: Wyrdeer\n|-damage|p1a: Wyrdeer|14/321\n|move|p1a: Wyrdeer|Body Slam|p2a: Politoed\n|-crit|p2a: Politoed\n|-damage|p2a: Politoed|33/100\n|\n|-weather|RainDance|[upkeep]\n|upkeep\n|turn|14\n|inactive|Time left: 300 sec this turn | 300 sec total\n|\n|t:|1783569589\n|move|p2a: Politoed|Surf|p1a: Wyrdeer\n|-damage|p1a: Wyrdeer|0 fnt\n|faint|p1a: Wyrdeer\n|\n|-weather|RainDance|[upkeep]\n|upkeep\n|inactive|Time left: 300 sec this turn | 300 sec total | 5 sec grace\n|\n|t:|1783569590\n|switch|p1a: Pikachu|Pikachu-Original, L93, F|216/216\n|turn|15\n|inactive|Time left: 300 sec this turn | 300 sec total\n|\n|t:|1783569591\n|switch|p2a: Iron Hands|Iron Hands, L79|100/100\n|move|p1a: Pikachu|Knock Off|p2a: Iron Hands\n|-resisted|p2a: Iron Hands\n|-damage|p2a: Iron Hands|87/100\n|-enditem|p2a: Iron Hands|Assault Vest|[from] move: Knock Off|[of] p1a: Pikachu\n|\n|-weather|none\n|upkeep\n|turn|16\n|inactive|Time left: 300 sec this turn | 300 sec total\n|\n|t:|1783569592\n|switch|p1a: Skeledirge|Skeledirge, L79, F|250/294\n|move|p2a: Iron Hands|Close Combat|p1a: Skeledirge\n|-immune|p1a: Skeledirge\n|\n|upkeep\n|turn|17\n|inactive|Time left: 300 sec this turn | 300 sec total\n|\n|t:|1783569593\n|-end|p2a: Iron Hands|Quark Drive|[silent]\n|switch|p2a: Politoed|Politoed, L88, F|33/100\n|-weather|RainDance|[from] ability: Drizzle|[of] p2a: Politoed\n|move|p1a: Skeledirge|Torch Song|p2a: Politoed\n|-resisted|p2a: Politoed\n|-damage|p2a: Politoed|27/100\n|-boost|p1a: Skeledirge|spa|1\n|\n|-weather|RainDance|[upkeep]\n|upkeep\n|turn|18\n|inactive|Time left: 300 sec this turn | 300 sec total\n|\n|t:|1783569594\n|switch|p1a: Hypno|Hypno, L95, F|315/315\n|move|p2a: Politoed|Surf|p1a: Hypno\n|-damage|p1a: Hypno|200/315\n|\n|-weather|RainDance|[upkeep]\n|-heal|p1a: Hypno|219/315|[from] item: Leftovers\n|upkeep\n|turn|19\n|inactive|Time left: 300 sec this turn | 300 sec total\n|\n|t:|1783569595\n|move|p1a: Hypno|Psychic Noise|p2a: Politoed\n|-damage|p2a: Politoed|5/100\n|-start|p2a: Politoed|move: Heal Block\n|move|p2a: Politoed|Surf|p1a: Hypno\n|-damage|p1a: Hypno|104/315\n|\n|-weather|RainDance|[upkeep]\n|-heal|p1a: Hypno|123/315|[from] item: Leftovers\n|upkeep\n|turn|20\n|inactive|Time left: 300 sec this turn | 300 sec total\n|\n|t:|1783569596\n|move|p1a: Hypno|Psychic Noise|p2a: Politoed\n|-damage|p2a: Politoed|0 fnt\n|faint|p2a: Politoed\n|\n|-weather|RainDance|[upkeep]\n|-heal|p1a: Hypno|142/315|[from] item: Leftovers\n|upkeep\n|\n|t:|1783569597\n|switch|p2a: Magmortar|Magmortar, L88, F|100/100\n|turn|21\n|inactive|Time left: 300 sec this turn | 300 sec total\n|\n|t:|1783569598\n|move|p2a: Magmortar|Knock Off|p1a: Hypno\n|-supereffective|p1a: Hypno\n|-damage|p1a: Hypno|0 fnt\n|-enditem|p1a: Hypno|Leftovers|[from] move: Knock Off|[of] p2a: Magmortar\n|faint|p1a: Hypno\n|\n|-weather|none\n|upkeep\n|inactive|Time left: 300 sec this turn | 300 sec total | 5 sec grace\n|\n|t:|1783569599\n|switch|p1a: Rhydon|Rhydon, L85, M|317/317\n|turn|22\n|inactive|Time left: 300 sec this turn | 300 sec total\n|\n|t:|1783569600\n|switch|p2a: Bronzong|Bronzong, L88|32/100\n|move|p1a: Rhydon|Stone Edge|p2a: Bronzong\n|-resisted|p2a: Bronzong\n|-damage|p2a: Bronzong|10/100\n|\n|-heal|p2a: Bronzong|17/100|[from] item: Leftovers\n|upkeep\n|turn|23\n|inactive|Time left: 300 sec this turn | 300 sec total\n|\n|t:|1783569601\n|move|p1a: Rhydon|Stone Edge|p2a: Bronzong\n|-resisted|p2a: Bronzong\n|-crit|p2a: Bronzong\n|-damage|p2a: Bronzong|0 fnt\n|faint|p2a: Bronzong\n|\n|upkeep\n|\n|t:|1783569602\n|switch|p2a: Reuniclus|Reuniclus, L88, M|100/100\n|turn|24\n|inactive|Time left: 300 sec this turn | 300 sec total\n|\n|t:|1783569603\n|move|p1a: Rhydon|Earthquake|p2a: Reuniclus\n|-damage|p2a: Reuniclus|56/100\n|move|p2a: Reuniclus|Focus Blast|p1a: Rhydon\n|-supereffective|p1a: Rhydon\n|-damage|p1a: Rhydon|8/317\n|\n|upkeep\n|turn|25\n|inactive|Time left: 300 sec this turn | 300 sec total\n|\n|t:|1783569605\n|move|p1a: Rhydon|Earthquake|p2a: Reuniclus\n|-damage|p2a: Reuniclus|10/100\n|move|p2a: Reuniclus|Recover|p2a: Reuniclus\n|-heal|p2a: Reuniclus|60/100\n|\n|upkeep\n|turn|26\n|inactive|Time left: 300 sec this turn | 300 sec total\n|\n|t:|1783569606\n|move|p1a: Rhydon|Earthquake|p2a: Reuniclus\n|-damage|p2a: Reuniclus|13/100\n|move|p2a: Reuniclus|Psychic|p1a: Rhydon\n|-damage|p1a: Rhydon|0 fnt\n|faint|p1a: Rhydon\n|\n|upkeep\n|inactive|Time left: 300 sec this turn | 300 sec total | 5 sec grace\n|\n|t:|1783569607\n|switch|p1a: Skeledirge|Skeledirge, L79, F|250/294\n|turn|27\n|inactive|Time left: 300 sec this turn | 300 sec total\n|\n|t:|1783569608\n|switch|p2a: Magmortar|Magmortar, L88, F|100/100\n|move|p1a: Skeledirge|Torch Song|p2a: Magmortar\n|-resisted|p2a: Magmortar\n|-damage|p2a: Magmortar|87/100\n|-boost|p1a: Skeledirge|spa|1\n|\n|upkeep\n|turn|28\n|inactive|Time left: 300 sec this turn | 300 sec total\n|\n|t:|1783569609\n|move|p2a: Magmortar|Knock Off|p1a: Skeledirge\n|-supereffective|p1a: Skeledirge\n|-damage|p1a: Skeledirge|116/294\n|-enditem|p1a: Skeledirge|Heavy-Duty Boots|[from] move: Knock Off|[of] p2a: Magmortar\n|move|p1a: Skeledirge|Slack Off|p1a: Skeledirge\n|-heal|p1a: Skeledirge|263/294\n|\n|upkeep\n|turn|29\n|inactive|Time left: 300 sec this turn | 300 sec total\n|\n|t:|1783569610\n|move|p2a: Magmortar|Thunderbolt|p1a: Skeledirge\n|-damage|p1a: Skeledirge|156/294\n|-status|p1a: Skeledirge|par\n|move|p1a: Skeledirge|Slack Off|p1a: Skeledirge\n|-heal|p1a: Skeledirge|294/294 par\n|\n|upkeep\n|turn|30\n|inactive|Time left: 300 sec this turn | 300 sec total\n|\n|t:|1783569611\n|move|p2a: Magmortar|Thunderbolt|p1a: Skeledirge\n|-damage|p1a: Skeledirge|185/294 par\n|cant|p1a: Skeledirge|par\n|\n|upkeep\n|turn|31\n|inactive|Time left: 300 sec this turn | 300 sec total\n|\n|t:|1783569612\n|move|p2a: Magmortar|Knock Off|p1a: Skeledirge\n|-supereffective|p1a: Skeledirge\n|-damage|p1a: Skeledirge|83/294 par\n|cant|p1a: Skeledirge|par\n|\n|upkeep\n|turn|32\n|inactive|Time left: 300 sec this turn | 300 sec total\n|\n|t:|1783569613\n|move|p2a: Magmortar|Fire Blast|p1a: Skeledirge\n|-resisted|p1a: Skeledirge\n|-damage|p1a: Skeledirge|0 fnt\n|faint|p1a: Skeledirge\n|\n|upkeep\n|inactive|Time left: 300 sec this turn | 300 sec total | 5 sec grace\n|\n|t:|1783569614\n|switch|p1a: Pikachu|Pikachu-Original, L93, F|216/216\n|turn|33\n|inactive|Time left: 300 sec this turn | 300 sec total\n|\n|t:|1783569615\n|-terastallize|p1a: Pikachu|Water\n|move|p1a: Pikachu|Surf|p2a: Magmortar\n|-supereffective|p2a: Magmortar\n|-damage|p2a: Magmortar|0 fnt\n|faint|p2a: Magmortar\n|\n|upkeep\n|\n|t:|1783569616\n|switch|p2a: Iron Hands|Iron Hands, L79|87/100\n|turn|34\n|inactive|Time left: 300 sec this turn | 300 sec total\n|\n|t:|1783569616\n|-terastallize|p2a: Iron Hands|Fighting\n|move|p1a: Pikachu|Play Rough|p2a: Iron Hands\n|-supereffective|p2a: Iron Hands\n|-damage|p2a: Iron Hands|37/100\n|move|p2a: Iron Hands|Close Combat|p1a: Pikachu\n|-damage|p1a: Pikachu|0 fnt\n|-unboost|p2a: Iron Hands|def|1\n|-unboost|p2a: Iron Hands|spd|1\n|faint|p1a: Pikachu\n|\n|win|p0y26503ebe", "uploadtime": 1783569616, "views": 0, "rating": 0, "private": 0, "password": null, "_winner": "p0y26503ebe", "_our_name": "p0x265074f7"}