{"id": "battle-gen9randombattle-1901", "formatid": "gen9randombattle", "format": "[Gen 9] Random Battle", "players": ["p0x190179ae", "p0y1901d5cd"], "log": "|init|battle\n|title|p0x190179ae vs. p0y1901d5cd\n|j|\u2606p0x190179ae\n|j|\u2606p0y1901d5cd\n|t:|1783561252\n|gametype|singles\n|player|p1|p0x190179ae|1|\n|player|p2|p0y1901d5cd|101|\n|gen|9\n|tier|[Gen 9] Random Battle\n|rule|Species Clause: Limit one of each Pok\u00e9mon\n|rule|HP Percentage Mod: HP is shown in percentages\n|rule|Sleep Clause Mod: Limit one foe put to sleep\n|rule|Illusion Level Mod: Illusion disguises the Pok\u00e9mon's true level\n|\n|t:|1783561252\n|teamsize|p1|6\n|teamsize|p2|6\n|start\n|switch|p1a: Abomasnow|Abomasnow, L84, F|287/287\n|switch|p2a: Dragalge|Dragalge, L88, F|100/100\n|-weather|Snowscape|[from] ability: Snow Warning|[of] p1a: Abomasnow\n|turn|1\n|inactive|Battle timer is ON: inactive players will automatically lose when time's up. (requested by p0x190179ae)\n|inactive|p0y1901d5cd also wants the timer to be on.\n|\n|t:|1783561253\n|move|p1a: Abomasnow|Aurora Veil|p1a: Abomasnow\n|-sidestart|p1: p0x190179ae|move: Aurora Veil\n|move|p2a: Dragalge|Sludge Wave|p1a: Abomasnow\n|-supereffective|p1a: Abomasnow\n|-damage|p1a: Abomasnow|65/287\n|\n|-weather|Snowscape|[upkeep]\n|upkeep\n|turn|2\n|inactive|Time left: 300 sec this turn | 300 sec total\n|\n|t:|1783561254\n|move|p1a: Abomasnow|Blizzard|p2a: Dragalge\n|-supereffective|p2a: Dragalge\n|-damage|p2a: Dragalge|33/100\n|move|p2a: Dragalge|Sludge Wave|p1a: Abomasnow\n|-supereffective|p1a: Abomasnow\n|-damage|p1a: Abomasnow|0 fnt\n|faint|p1a: Abomasnow\n|\n|-weather|Snowscape|[upkeep]\n|upkeep\n|inactive|Time left: 300 sec this turn | 300 sec total | 5 sec grace\n|\n|t:|1783561255\n|switch|p1a: Sudowoodo|Sudowoodo, L94, F|284/284\n|turn|3\n|inactive|Time left: 300 sec this turn | 300 sec total\n|\n|t:|1783561256\n|move|p2a: Dragalge|Sludge Wave|p1a: Sudowoodo\n|-resisted|p1a: Sudowoodo\n|-damage|p1a: Sudowoodo|224/284\n|move|p1a: Sudowoodo|Head Smash|p2a: Dragalge\n|-damage|p2a: Dragalge|0 fnt\n|faint|p2a: Dragalge\n|\n|-weather|Snowscape|[upkeep]\n|upkeep\n|\n|t:|1783561257\n|switch|p2a: Rotom|Rotom-Fan, L86|100/100\n|turn|4\n|inactive|Time left: 300 sec this turn | 300 sec total\n|\n|t:|1783561258\n|-terastallize|p2a: Rotom|Electric\n|move|p2a: Rotom|Will-O-Wisp|p1a: Sudowoodo\n|-status|p1a: Sudowoodo|brn\n|move|p1a: Sudowoodo|Head Smash|p2a: Rotom\n|-damage|p2a: Rotom|49/100\n|\n|-weather|Snowscape|[upkeep]\n|-damage|p1a: Sudowoodo|207/284 brn|[from] brn\n|upkeep\n|turn|5\n|inactive|Time left: 300 sec this turn | 300 sec total\n|\n|t:|1783561259\n|move|p2a: Rotom|Volt Switch|p1a: Sudowoodo\n|-damage|p1a: Sudowoodo|146/284 brn\n|\n|t:|1783561260\n|switch|p2a: Floatzel|Floatzel, L86, F|100/100|[from] Volt Switch\n|move|p1a: Sudowoodo|Head Smash|p2a: Floatzel\n|-damage|p2a: Floatzel|34/100\n|\n|-weather|none\n|-damage|p1a: Sudowoodo|129/284 brn|[from] brn\n|upkeep\n|turn|6\n|inactive|Time left: 300 sec this turn | 300 sec total\n|\n|t:|1783561261\n|move|p2a: Floatzel|Wave Crash|p1a: Sudowoodo\n|-supereffective|p1a: Sudowoodo\n|-damage|p1a: Sudowoodo|0 fnt\n|faint|p1a: Sudowoodo\n|-damage|p2a: Floatzel|19/100|[from] Recoil\n|\n|upkeep\n|inactive|Time left: 300 sec this turn | 300 sec total | 5 sec grace\n|\n|t:|1783561262\n|switch|p1a: Mabosstiff|Mabosstiff, L86, M|278/278\n|turn|7\n|inactive|Time left: 300 sec this turn | 300 sec total\n|\n|t:|1783561263\n|move|p1a: Mabosstiff|Crunch|p2a: Floatzel\n|-damage|p2a: Floatzel|0 fnt\n|faint|p2a: Floatzel\n|\n|upkeep\n|\n|t:|1783561264\n|switch|p2a: Cetitan|Cetitan, L82, F|100/100\n|turn|8\n|inactive|Time left: 300 sec this turn | 300 sec total\n|\n|t:|1783561265\n|move|p1a: Mabosstiff|Crunch|p2a: Cetitan\n|-damage|p2a: Cetitan|70/100\n|-unboost|p2a: Cetitan|def|1\n|move|p2a: Cetitan|Belly Drum|p2a: Cetitan\n|-damage|p2a: Cetitan|20/100\n|-setboost|p2a: Cetitan|atk|6|[from] move: Belly Drum\n|-enditem|p2a: Cetitan|Sitrus Berry|[eat]\n|-heal|p2a: Cetitan|45/100|[from] item: Sitrus Berry\n|\n|-sideend|p1: p0x190179ae|move: Aurora Veil\n|upkeep\n|turn|9\n|inactive|Time left: 300 sec this turn | 300 sec total\n|\n|t:|1783561266\n|move|p2a: Cetitan|Ice Shard|p1a: Mabosstiff\n|-damage|p1a: Mabosstiff|118/278\n|move|p1a: Mabosstiff|Crunch|p2a: Cetitan\n|-damage|p2a: Cetitan|0 fnt\n|faint|p2a: Cetitan\n|\n|upkeep\n|\n|t:|1783561267\n|switch|p2a: Mabosstiff|Mabosstiff, L86, M|100/100\n|turn|10\n|inactive|Time left: 300 sec this turn | 300 sec total\n|\n|t:|1783561268\n|move|p1a: Mabosstiff|Crunch|p2a: Mabosstiff\n|-resisted|p2a: Mabosstiff\n|-damage|p2a: Mabosstiff|83/100\n|-unboost|p2a: Mabosstiff|def|1\n|move|p2a: Mabosstiff|Play Rough|p1a: Mabosstiff\n|-supereffective|p1a: Mabosstiff\n|-damage|p1a: Mabosstiff|0 fnt\n|faint|p1a: Mabosstiff\n|\n|upkeep\n|inactive|Time left: 300 sec this turn | 300 sec total | 5 sec grace\n|\n|t:|1783561269\n|switch|p1a: Swalot|Swalot, L90, M|326/326\n|turn|11\n|inactive|Time left: 300 sec this turn | 300 sec total\n|\n|t:|1783561270\n|switch|p2a: Rotom|Rotom-Fan, L86, tera:Electric|49/100\n|move|p1a: Swalot|Swords Dance|p1a: Swalot\n|-boost|p1a: Swalot|atk|2\n|\n|upkeep\n|turn|12\n|inactive|Time left: 300 sec this turn | 300 sec total\n|\n|t:|1783561271\n|move|p2a: Rotom|Will-O-Wisp|p1a: Swalot\n|-status|p1a: Swalot|brn\n|move|p1a: Swalot|Gunk Shot|p2a: Rotom\n|-damage|p2a: Rotom|4/100\n|\n|-damage|p1a: Swalot|306/326 brn|[from] brn\n|upkeep\n|turn|13\n|inactive|Time left: 300 sec this turn | 300 sec total\n|\n|t:|1783561272\n|move|p2a: Rotom|Air Slash|p1a: Swalot\n|-damage|p1a: Swalot|224/326 brn\n|cant|p1a: Swalot|flinch\n|\n|-heal|p1a: Swalot|244/326 brn|[from] item: Leftovers\n|-damage|p1a: Swalot|224/326 brn|[from] brn\n|upkeep\n|turn|14\n|inactive|Time left: 300 sec this turn | 300 sec total\n|\n|t:|1783561273\n|move|p2a: Rotom|Thunderbolt|p1a: Swalot\n|-damage|p1a: Swalot|82/326 brn\n|move|p1a: Swalot|Gunk Shot|p2a: Rotom\n|-damage|p2a: Rotom|0 fnt\n|faint|p2a: Rotom\n|\n|-heal|p1a: Swalot|102/326 brn|[from] item: Leftovers\n|-damage|p1a: Swalot|82/326 brn|[from] brn\n|upkeep\n|\n|t:|1783561274\n|switch|p2a: Mabosstiff|Mabosstiff, L86, M|83/100\n|turn|15\n|inactive|Time left: 300 sec this turn | 300 sec total\n|\n|t:|1783561275\n|-terastallize|p1a: Swalot|Dark\n|move|p2a: Mabosstiff|Crunch|p1a: Swalot\n|-resisted|p1a: Swalot\n|-damage|p1a: Swalot|33/326 brn\n|move|p1a: Swalot|Gunk Shot|p2a: Mabosstiff\n|-damage|p2a: Mabosstiff|39/100\n|\n|-heal|p1a: Swalot|53/326 brn|[from] item: Leftovers\n|-damage|p1a: Swalot|33/326 brn|[from] brn\n|upkeep\n|turn|16\n|inactive|Time left: 300 sec this turn | 300 sec total\n|\n|t:|1783561276\n|move|p2a: Mabosstiff|Crunch|p1a: Swalot\n|-resisted|p1a: Swalot\n|-damage|p1a: Swalot|0 fnt\n|faint|p1a: Swalot\n|\n|upkeep\n|inactive|Time left: 300 sec this turn | 300 sec total | 5 sec grace\n|\n|t:|1783561277\n|switch|p1a: Annihilape|Annihilape, L76, F|292/292\n|turn|17\n|inactive|Time left: 300 sec this turn | 300 sec total\n|\n|t:|1783561278\n|move|p2a: Mabosstiff|Crunch|p1a: Annihilape\n|-damage|p1a: Annihilape|163/292\n|move|p1a: Annihilape|Bulk Up|p1a: Annihilape\n|-boost|p1a: Annihilape|atk|1\n|-boost|p1a: Annihilape|def|1\n|\n|-heal|p1a: Annihilape|181/292|[from] item: Leftovers\n|upkeep\n|turn|18\n|inactive|Time left: 300 sec this turn | 300 sec total\n|\n|t:|1783561279\n|move|p2a: Mabosstiff|Crunch|p1a: Annihilape\n|-damage|p1a: Annihilape|96/292\n|move|p1a: Annihilape|Drain Punch|p2a: Mabosstiff\n|-supereffective|p2a: Mabosstiff\n|-damage|p2a: Mabosstiff|0 fnt\n|-heal|p1a: Annihilape|150/292|[from] drain|[of] p2a: Mabosstiff\n|faint|p2a: Mabosstiff\n|\n|-heal|p1a: Annihilape|168/292|[from] item: Leftovers\n|upkeep\n|\n|t:|1783561280\n|switch|p2a: Kilowattrel|Kilowattrel, L83, M|100/100\n|turn|19\n|inactive|Time left: 300 sec this turn | 300 sec total\n|\n|t:|1783561281\n|move|p2a: Kilowattrel|Thunderbolt|p1a: Annihilape\n|-damage|p1a: Annihilape|57/292\n|move|p1a: Annihilape|Gunk Shot|p2a: Kilowattrel\n|-damage|p2a: Kilowattrel|32/100\n|\n|-heal|p1a: Annihilape|75/292|[from] item: Leftovers\n|upkeep\n|turn|20\n|inactive|Time left: 300 sec this turn | 300 sec total\n|\n|t:|1783561282\n|switch|p1a: Ogerpon|Ogerpon-Wellspring, L76, F|247/247\n|move|p2a: Kilowattrel|Thunderbolt|p1a: Ogerpon\n|-damage|p1a: Ogerpon|144/247\n|\n|upkeep\n|turn|21\n|inactive|Time left: 300 sec this turn | 300 sec total\n|\n|t:|1783561283\n|move|p2a: Kilowattrel|Hurricane|p1a: Ogerpon|[miss]\n|-miss|p2a: Kilowattrel|p1a: Ogerpon\n|move|p1a: Ogerpon|Ivy Cudgel|p2a: Kilowattrel|[anim] Ivy Cudgel Water\n|-damage|p2a: Kilowattrel|0 fnt\n|faint|p2a: Kilowattrel\n|\n|win|p0x190179ae", "uploadtime": 1783561283, "views": 0, "rating": 0, "private": 0, "password": null, "_winner": "p0x190179ae", "_our_name": "p0x190179ae"}