{"id": "battle-gen9randombattle-2335", "formatid": "gen9randombattle", "format": "[Gen 9] Random Battle", "players": ["p0x233579f8", "p0y233545cf"], "log": "|init|battle\n|title|p0x233579f8 vs. p0y233545cf\n|j|\u2606p0x233579f8\n|j|\u2606p0y233545cf\n|t:|1783567102\n|gametype|singles\n|player|p1|p0x233579f8|101|\n|player|p2|p0y233545cf|101|\n|gen|9\n|tier|[Gen 9] Random Battle\n|rule|Species Clause: Limit one of each Pok\u00e9mon\n|rule|HP Percentage Mod: HP is shown in percentages\n|rule|Sleep Clause Mod: Limit one foe put to sleep\n|rule|Illusion Level Mod: Illusion disguises the Pok\u00e9mon's true level\n|\n|t:|1783567102\n|teamsize|p1|6\n|teamsize|p2|6\n|start\n|switch|p1a: Gengar|Gengar, L81, M|100/100\n|switch|p2a: Gogoat|Gogoat, L88, M|360/360\n|turn|1\n|inactive|Battle timer is ON: inactive players will automatically lose when time's up. (requested by p0y233545cf)\n|inactive|p0x233579f8 also wants the timer to be on.\n|\n|t:|1783567103\n|move|p1a: Gengar|Will-O-Wisp|p2a: Gogoat\n|-status|p2a: Gogoat|brn\n|move|p2a: Gogoat|Earthquake|p1a: Gengar\n|-supereffective|p1a: Gengar\n|-damage|p1a: Gengar|53/100\n|\n|-damage|p2a: Gogoat|338/360 brn|[from] brn\n|upkeep\n|turn|2\n|inactive|Time left: 300 sec this turn | 300 sec total\n|\n|t:|1783567104\n|move|p1a: Gengar|Sludge Wave|p2a: Gogoat\n|-supereffective|p2a: Gogoat\n|-damage|p2a: Gogoat|26/360 brn\n|-damage|p1a: Gengar|43/100|[from] item: Life Orb\n|move|p2a: Gogoat|Earthquake|p1a: Gengar\n|-supereffective|p1a: Gengar\n|-damage|p1a: Gengar|0 fnt\n|-start|p2a: Gogoat|Disable|Earthquake|[from] ability: Cursed Body|[of] p1a: Gengar\n|faint|p1a: Gengar\n|\n|-heal|p2a: Gogoat|48/360 brn|[from] item: Leftovers\n|-damage|p2a: Gogoat|26/360 brn|[from] brn\n|upkeep\n|\n|t:|1783567105\n|switch|p1a: Blaziken|Blaziken, L76, M|100/100\n|turn|3\n|inactive|Time left: 300 sec this turn | 300 sec total\n|\n|t:|1783567106\n|switch|p2a: Golduck|Golduck, L90, F|290/290\n|-ability|p2a: Golduck|Cloud Nine\n|move|p1a: Blaziken|Swords Dance|p1a: Blaziken\n|-boost|p1a: Blaziken|atk|2\n|\n|-ability|p1a: Blaziken|Speed Boost|boost\n|-boost|p1a: Blaziken|spe|1\n|upkeep\n|turn|4\n|inactive|Time left: 300 sec this turn | 300 sec total\n|\n|t:|1783567108\n|switch|p2a: Gogoat|Gogoat, L88, M|26/360 brn\n|move|p1a: Blaziken|Close Combat|p2a: Gogoat\n|-damage|p2a: Gogoat|0 fnt\n|-unboost|p1a: Blaziken|def|1\n|-unboost|p1a: Blaziken|spd|1\n|faint|p2a: Gogoat\n|-damage|p1a: Blaziken|91/100|[from] item: Life Orb\n|\n|-ability|p1a: Blaziken|Speed Boost|boost\n|-boost|p1a: Blaziken|spe|1\n|upkeep\n|inactive|Time left: 300 sec this turn | 300 sec total | 5 sec grace\n|\n|t:|1783567109\n|switch|p2a: Dunsparce|Dunsparce, L86, M|312/312\n|turn|5\n|inactive|Time left: 300 sec this turn | 300 sec total\n|\n|t:|1783567110\n|-terastallize|p1a: Blaziken|Fighting\n|-terastallize|p2a: Dunsparce|Ghost\n|move|p1a: Blaziken|Close Combat|p2a: Dunsparce\n|-immune|p2a: Dunsparce\n|move|p2a: Dunsparce|Earthquake|p1a: Blaziken\n|-damage|p1a: Blaziken|43/100\n|\n|-ability|p1a: Blaziken|Speed Boost|boost\n|-boost|p1a: Blaziken|spe|1\n|upkeep\n|turn|6\n|inactive|Time left: 300 sec this turn | 300 sec total\n|\n|t:|1783567110\n|move|p1a: Blaziken|Knock Off|p2a: Dunsparce\n|-supereffective|p2a: Dunsparce\n|-damage|p2a: Dunsparce|39/312\n|-enditem|p2a: Dunsparce|Eviolite|[from] move: Knock Off|[of] p1a: Blaziken\n|-damage|p1a: Blaziken|33/100|[from] item: Life Orb\n|move|p2a: Dunsparce|Earthquake|p1a: Blaziken\n|-damage|p1a: Blaziken|0 fnt\n|faint|p1a: Blaziken\n|\n|upkeep\n|\n|t:|1783567111\n|switch|p1a: Bisharp|Bisharp, L79, F|100/100\n|turn|7\n|inactive|Time left: 300 sec this turn | 300 sec total\n|\n|t:|1783567112\n|move|p1a: Bisharp|Swords Dance|p1a: Bisharp\n|-boost|p1a: Bisharp|atk|2\n|move|p2a: Dunsparce|Body Slam|p1a: Bisharp\n|-resisted|p1a: Bisharp\n|-damage|p1a: Bisharp|90/100\n|-status|p1a: Bisharp|par\n|\n|upkeep\n|turn|8\n|inactive|Time left: 300 sec this turn | 300 sec total\n|\n|t:|1783567113\n|move|p2a: Dunsparce|Earthquake|p1a: Bisharp\n|-supereffective|p1a: Bisharp\n|-damage|p1a: Bisharp|54/100 par\n|cant|p1a: Bisharp|par\n|\n|upkeep\n|turn|9\n|inactive|Time left: 300 sec this turn | 300 sec total\n|\n|t:|1783567114\n|move|p2a: Dunsparce|Earthquake|p1a: Bisharp\n|-supereffective|p1a: Bisharp\n|-damage|p1a: Bisharp|23/100 par\n|cant|p1a: Bisharp|par\n|\n|upkeep\n|turn|10\n|inactive|Time left: 300 sec this turn | 300 sec total\n|\n|t:|1783567115\n|move|p1a: Bisharp|Sucker Punch|p2a: Dunsparce\n|-supereffective|p2a: Dunsparce\n|-damage|p2a: Dunsparce|0 fnt\n|faint|p2a: Dunsparce\n|\n|upkeep\n|inactive|Time left: 300 sec this turn | 300 sec total | 5 sec grace\n|\n|t:|1783567116\n|switch|p2a: Golduck|Golduck, L90, F|290/290\n|-ability|p2a: Golduck|Cloud Nine\n|turn|11\n|inactive|Time left: 300 sec this turn | 300 sec total\n|\n|t:|1783567117\n|move|p2a: Golduck|Hydro Pump|p1a: Bisharp|[miss]\n|-miss|p2a: Golduck|p1a: Bisharp\n|move|p1a: Bisharp|Throat Chop|p2a: Golduck\n|-damage|p2a: Golduck|107/290\n|-start|p2a: Golduck|Throat Chop|[silent]\n|\n|upkeep\n|turn|12\n|inactive|Time left: 300 sec this turn | 300 sec total\n|\n|t:|1783567118\n|move|p1a: Bisharp|Sucker Punch|p2a: Golduck\n|-damage|p2a: Golduck|0 fnt\n|faint|p2a: Golduck\n|\n|upkeep\n|inactive|Time left: 300 sec this turn | 300 sec total | 5 sec grace\n|\n|t:|1783567119\n|switch|p2a: Victreebel|Victreebel, L90, F|290/290\n|turn|13\n|inactive|Time left: 300 sec this turn | 300 sec total\n|\n|t:|1783567120\n|cant|p1a: Bisharp|par\n|move|p2a: Victreebel|Power Whip|p1a: Bisharp\n|-resisted|p1a: Bisharp\n|-damage|p1a: Bisharp|0 fnt\n|faint|p1a: Bisharp\n|-damage|p2a: Victreebel|261/290|[from] item: Life Orb\n|\n|upkeep\n|\n|t:|1783567121\n|switch|p1a: Dragapult|Dragapult, L77, M|100/100\n|turn|14\n|inactive|Time left: 300 sec this turn | 300 sec total\n|\n|t:|1783567122\n|move|p2a: Victreebel|Sucker Punch||[still]\n|-fail|p2a: Victreebel\n|move|p1a: Dragapult|Will-O-Wisp|p2a: Victreebel\n|-status|p2a: Victreebel|brn\n|\n|-damage|p2a: Victreebel|243/290 brn|[from] brn\n|upkeep\n|turn|15\n|inactive|Time left: 300 sec this turn | 300 sec total\n|\n|t:|1783567123\n|move|p1a: Dragapult|Hex|p2a: Victreebel\n|-damage|p2a: Victreebel|108/290 brn\n|move|p2a: Victreebel|Sludge Wave|p1a: Dragapult\n|-resisted|p1a: Dragapult\n|-damage|p1a: Dragapult|63/100\n|-damage|p2a: Victreebel|79/290 brn|[from] item: Life Orb\n|\n|-damage|p2a: Victreebel|61/290 brn|[from] brn\n|upkeep\n|turn|16\n|inactive|Time left: 300 sec this turn | 300 sec total\n|\n|t:|1783567124\n|move|p2a: Victreebel|Sucker Punch|p1a: Dragapult\n|-supereffective|p1a: Dragapult\n|-damage|p1a: Dragapult|28/100\n|-damage|p2a: Victreebel|32/290 brn|[from] item: Life Orb\n|move|p1a: Dragapult|Dragon Darts|p2a: Victreebel\n|-damage|p2a: Victreebel|0 fnt\n|faint|p2a: Victreebel\n|\n|upkeep\n|inactive|Time left: 300 sec this turn | 300 sec total | 5 sec grace\n|\n|t:|1783567125\n|switch|p2a: Delibird|Delibird, F|252/252\n|turn|17\n|inactive|Time left: 300 sec this turn | 300 sec total\n|\n|t:|1783567126\n|move|p2a: Delibird|Ice Shard|p1a: Dragapult\n|-supereffective|p1a: Dragapult\n|-damage|p1a: Dragapult|0 fnt\n|-start|p2a: Delibird|Disable|Ice Shard|[from] ability: Cursed Body|[of] p1a: Dragapult\n|faint|p1a: Dragapult\n|\n|upkeep\n|\n|t:|1783567127\n|switch|p1a: Grumpig|Grumpig, L92, F|100/100\n|turn|18\n|inactive|Time left: 300 sec this turn | 300 sec total\n|\n|t:|1783567128\n|move|p1a: Grumpig|Psyshock|p2a: Delibird\n|-damage|p2a: Delibird|114/252\n|move|p2a: Delibird|Brave Bird|p1a: Grumpig|[miss]\n|-miss|p2a: Delibird|p1a: Grumpig\n|\n|upkeep\n|turn|19\n|inactive|Time left: 300 sec this turn | 300 sec total\n|\n|t:|1783567129\n|switch|p2a: Regigigas|Regigigas, L84|322/322\n|-start|p2a: Regigigas|ability: Slow Start\n|move|p1a: Grumpig|Psyshock|p2a: Regigigas\n|-damage|p2a: Regigigas|243/322\n|\n|-heal|p2a: Regigigas|263/322|[from] item: Leftovers\n|upkeep\n|turn|20\n|inactive|Time left: 300 sec this turn | 300 sec total\n|\n|t:|1783567130\n|move|p1a: Grumpig|Psyshock|p2a: Regigigas\n|-damage|p2a: Regigigas|185/322\n|move|p2a: Regigigas|Body Slam|p1a: Grumpig\n|-damage|p1a: Grumpig|75/100\n|\n|-heal|p2a: Regigigas|205/322|[from] item: Leftovers\n|upkeep\n|turn|21\n|inactive|Time left: 300 sec this turn | 300 sec total\n|\n|t:|1783567131\n|move|p1a: Grumpig|Psyshock|p2a: Regigigas\n|-damage|p2a: Regigigas|129/322\n|move|p2a: Regigigas|Knock Off|p1a: Grumpig\n|-supereffective|p1a: Grumpig\n|-damage|p1a: Grumpig|34/100\n|-enditem|p1a: Grumpig|Choice Scarf|[from] move: Knock Off|[of] p2a: Regigigas\n|\n|-heal|p2a: Regigigas|149/322|[from] item: Leftovers\n|upkeep\n|turn|22\n|inactive|Time left: 300 sec this turn | 300 sec total\n|\n|t:|1783567132\n|move|p2a: Regigigas|Protect|p2a: Regigigas\n|-singleturn|p2a: Regigigas|Protect\n|move|p1a: Grumpig|Focus Blast|p2a: Regigigas\n|-activate|p2a: Regigigas|move: Protect\n|\n|-heal|p2a: Regigigas|169/322|[from] item: Leftovers\n|upkeep\n|turn|23\n|inactive|Time left: 300 sec this turn | 300 sec total\n|\n|t:|1783567133\n|move|p1a: Grumpig|Focus Blast|p2a: Regigigas\n|-supereffective|p2a: Regigigas\n|-damage|p2a: Regigigas|3/322\n|move|p2a: Regigigas|Body Slam|p1a: Grumpig\n|-damage|p1a: Grumpig|7/100\n|\n|-heal|p2a: Regigigas|23/322|[from] item: Leftovers\n|upkeep\n|turn|24\n|inactive|Time left: 300 sec this turn | 300 sec total\n|\n|t:|1783567134\n|move|p2a: Regigigas|Protect|p2a: Regigigas\n|-singleturn|p2a: Regigigas|Protect\n|move|p1a: Grumpig|Psyshock|p2a: Regigigas\n|-activate|p2a: Regigigas|move: Protect\n|\n|-heal|p2a: Regigigas|43/322|[from] item: Leftovers\n|-end|p2a: Regigigas|Slow Start\n|upkeep\n|turn|25\n|inactive|Time left: 300 sec this turn | 300 sec total\n|\n|t:|1783567135\n|move|p2a: Regigigas|Body Slam|p1a: Grumpig\n|-damage|p1a: Grumpig|0 fnt\n|faint|p1a: Grumpig\n|\n|-heal|p2a: Regigigas|63/322|[from] item: Leftovers\n|upkeep\n|\n|t:|1783567136\n|switch|p1a: Tatsugiri|Tatsugiri, L87, M|100/100\n|turn|26\n|inactive|Time left: 300 sec this turn | 300 sec total\n|\n|t:|1783567137\n|move|p2a: Regigigas|Protect|p2a: Regigigas\n|-singleturn|p2a: Regigigas|Protect\n|move|p1a: Tatsugiri|Rapid Spin|p2a: Regigigas\n|-activate|p2a: Regigigas|move: Protect\n|\n|-heal|p2a: Regigigas|83/322|[from] item: Leftovers\n|upkeep\n|turn|27\n|inactive|Time left: 300 sec this turn | 300 sec total\n|\n|t:|1783567138\n|move|p2a: Regigigas|Substitute|p2a: Regigigas\n|-start|p2a: Regigigas|Substitute\n|-damage|p2a: Regigigas|3/322\n|move|p1a: Tatsugiri|Rapid Spin|p2a: Regigigas\n|-activate|p2a: Regigigas|move: Substitute|[damage]\n|-boost|p1a: Tatsugiri|spe|1\n|\n|-heal|p2a: Regigigas|23/322|[from] item: Leftovers\n|upkeep\n|turn|28\n|inactive|Time left: 300 sec this turn | 300 sec total\n|\n|t:|1783567139\n|move|p2a: Regigigas|Protect|p2a: Regigigas\n|-singleturn|p2a: Regigigas|Protect\n|move|p1a: Tatsugiri|Surf|p2a: Regigigas\n|-activate|p2a: Regigigas|move: Protect\n|\n|-heal|p2a: Regigigas|43/322|[from] item: Leftovers\n|upkeep\n|turn|29\n|inactive|Time left: 300 sec this turn | 300 sec total\n|\n|t:|1783567140\n|move|p1a: Tatsugiri|Surf|p2a: Regigigas\n|-end|p2a: Regigigas|Substitute\n|move|p2a: Regigigas|Body Slam|p1a: Tatsugiri\n|-damage|p1a: Tatsugiri|33/100\n|\n|-heal|p2a: Regigigas|63/322|[from] item: Leftovers\n|upkeep\n|turn|30\n|inactive|Time left: 300 sec this turn | 300 sec total\n|\n|t:|1783567141\n|move|p2a: Regigigas|Protect|p2a: Regigigas\n|-singleturn|p2a: Regigigas|Protect\n|move|p1a: Tatsugiri|Surf|p2a: Regigigas\n|-activate|p2a: Regigigas|move: Protect\n|\n|-heal|p2a: Regigigas|83/322|[from] item: Leftovers\n|upkeep\n|turn|31\n|inactive|Time left: 300 sec this turn | 300 sec total\n|\n|t:|1783567142\n|move|p2a: Regigigas|Protect||[still]\n|-fail|p2a: Regigigas\n|move|p1a: Tatsugiri|Surf|p2a: Regigigas\n|-damage|p2a: Regigigas|0 fnt\n|faint|p2a: Regigigas\n|-end|p2a: Regigigas|Slow Start|[silent]\n|\n|upkeep\n|inactive|Time left: 300 sec this turn | 300 sec total | 5 sec grace\n|\n|t:|1783567143\n|switch|p2a: Delibird|Delibird, F|114/252\n|turn|32\n|inactive|Time left: 300 sec this turn | 300 sec total\n|\n|t:|1783567144\n|move|p2a: Delibird|Ice Shard|p1a: Tatsugiri|[miss]\n|-miss|p2a: Delibird|p1a: Tatsugiri\n|move|p1a: Tatsugiri|Surf|p2a: Delibird\n|-damage|p2a: Delibird|0 fnt\n|faint|p2a: Delibird\n|\n|win|p0x233579f8", "uploadtime": 1783567144, "views": 0, "rating": 0, "private": 0, "password": null, "_winner": "p0x233579f8", "_our_name": "p0y233545cf"}