{"id": "battle-gen9randombattle-1976", "formatid": "gen9randombattle", "format": "[Gen 9] Random Battle", "players": ["p0x1976deab", "p0y1976ef3c"], "log": "|init|battle\n|title|p0x1976deab vs. p0y1976ef3c\n|j|\u2606p0x1976deab\n|j|\u2606p0y1976ef3c\n|t:|1783562127\n|gametype|singles\n|player|p1|p0x1976deab|2|\n|player|p2|p0y1976ef3c|170|\n|gen|9\n|tier|[Gen 9] Random Battle\n|rule|Species Clause: Limit one of each Pok\u00e9mon\n|rule|HP Percentage Mod: HP is shown in percentages\n|rule|Sleep Clause Mod: Limit one foe put to sleep\n|rule|Illusion Level Mod: Illusion disguises the Pok\u00e9mon's true level\n|\n|t:|1783562127\n|teamsize|p1|6\n|teamsize|p2|6\n|start\n|switch|p1a: Mightyena|Mightyena, L96, F|100/100\n|switch|p2a: Froslass|Froslass, L87, F|263/263\n|-ability|p1a: Mightyena|Intimidate|boost\n|-unboost|p2a: Froslass|atk|1\n|turn|1\n|inactive|Battle timer is ON: inactive players will automatically lose when time's up. (requested by p0x1976deab)\n|inactive|Time left: 300 sec this turn | 300 sec total | 60 sec grace\n|inactive|p0y1976ef3c also wants the timer to be on.\n|\n|t:|1783562128\n|move|p2a: Froslass|Will-O-Wisp|p1a: Mightyena\n|-status|p1a: Mightyena|brn\n|move|p1a: Mightyena|Crunch|p2a: Froslass\n|-supereffective|p2a: Froslass\n|-damage|p2a: Froslass|148/263\n|-unboost|p2a: Froslass|def|1\n|-start|p1a: Mightyena|Disable|Crunch|[from] ability: Cursed Body|[of] p2a: Froslass\n|\n|-damage|p1a: Mightyena|94/100 brn|[from] brn\n|upkeep\n|turn|2\n|inactive|Time left: 300 sec this turn | 300 sec total\n|\n|t:|1783562129\n|switch|p2a: Ting-Lu|Ting-Lu, L78|370/370\n|-ability|p2a: Ting-Lu|Vessel of Ruin\n|move|p1a: Mightyena|Poison Fang|p2a: Ting-Lu\n|-resisted|p2a: Ting-Lu\n|-damage|p2a: Ting-Lu|361/370\n|\n|-heal|p2a: Ting-Lu|370/370|[from] item: Leftovers\n|-damage|p1a: Mightyena|88/100 brn|[from] brn\n|upkeep\n|turn|3\n|inactive|Time left: 300 sec this turn | 300 sec total\n|\n|t:|1783562131\n|move|p1a: Mightyena|Super Fang|p2a: Ting-Lu\n|-damage|p2a: Ting-Lu|185/370\n|move|p2a: Ting-Lu|Spikes|p1a: Mightyena\n|-sidestart|p1: p0x1976deab|Spikes\n|\n|-heal|p2a: Ting-Lu|208/370|[from] item: Leftovers\n|-damage|p1a: Mightyena|82/100 brn|[from] brn\n|upkeep\n|turn|4\n|inactive|Time left: 300 sec this turn | 300 sec total\n|\n|t:|1783562132\n|move|p1a: Mightyena|Super Fang|p2a: Ting-Lu\n|-damage|p2a: Ting-Lu|104/370\n|move|p2a: Ting-Lu|Spikes|p1a: Mightyena\n|-sidestart|p1: p0x1976deab|Spikes\n|\n|-heal|p2a: Ting-Lu|127/370|[from] item: Leftovers\n|-damage|p1a: Mightyena|76/100 brn|[from] brn\n|-end|p1a: Mightyena|Disable\n|upkeep\n|turn|5\n|inactive|Time left: 300 sec this turn | 300 sec total\n|\n|t:|1783562133\n|move|p1a: Mightyena|Poison Fang|p2a: Ting-Lu\n|-resisted|p2a: Ting-Lu\n|-damage|p2a: Ting-Lu|118/370\n|-status|p2a: Ting-Lu|tox\n|move|p2a: Ting-Lu|Spikes|p1a: Mightyena\n|-sidestart|p1: p0x1976deab|Spikes\n|\n|-heal|p2a: Ting-Lu|141/370 tox|[from] item: Leftovers\n|-damage|p2a: Ting-Lu|118/370 tox|[from] psn\n|-damage|p1a: Mightyena|69/100 brn|[from] brn\n|upkeep\n|turn|6\n|inactive|Time left: 300 sec this turn | 300 sec total\n|\n|t:|1783562134\n|switch|p2a: Pecharunt|Pecharunt, L77|262/262\n|move|p1a: Mightyena|Super Fang|p2a: Pecharunt\n|-immune|p2a: Pecharunt\n|\n|-damage|p1a: Mightyena|63/100 brn|[from] brn\n|upkeep\n|turn|7\n|inactive|Time left: 300 sec this turn | 300 sec total\n|\n|t:|1783562135\n|move|p1a: Mightyena|Super Fang|p2a: Pecharunt\n|-immune|p2a: Pecharunt\n|move|p2a: Pecharunt|Nasty Plot|p2a: Pecharunt\n|-boost|p2a: Pecharunt|spa|2\n|\n|-damage|p1a: Mightyena|57/100 brn|[from] brn\n|upkeep\n|turn|8\n|inactive|Time left: 300 sec this turn | 300 sec total\n|\n|t:|1783562136\n|move|p1a: Mightyena|Crunch|p2a: Pecharunt\n|-supereffective|p2a: Pecharunt\n|-damage|p2a: Pecharunt|186/262\n|-unboost|p2a: Pecharunt|def|1\n|move|p2a: Pecharunt|Nasty Plot|p2a: Pecharunt\n|-boost|p2a: Pecharunt|spa|2\n|\n|-heal|p2a: Pecharunt|202/262|[from] item: Leftovers\n|-damage|p1a: Mightyena|51/100 brn|[from] brn\n|upkeep\n|turn|9\n|inactive|Time left: 300 sec this turn | 300 sec total\n|\n|t:|1783562137\n|move|p1a: Mightyena|Crunch|p2a: Pecharunt\n|-supereffective|p2a: Pecharunt\n|-crit|p2a: Pecharunt\n|-damage|p2a: Pecharunt|31/262\n|move|p2a: Pecharunt|Malignant Chain|p1a: Mightyena\n|-damage|p1a: Mightyena|0 fnt\n|faint|p1a: Mightyena\n|\n|-heal|p2a: Pecharunt|47/262|[from] item: Leftovers\n|upkeep\n|\n|t:|1783562138\n|switch|p1a: Cryogonal|Cryogonal, L89|100/100\n|turn|10\n|inactive|Time left: 300 sec this turn | 300 sec total\n|\n|t:|1783562139\n|move|p1a: Cryogonal|Ice Beam|p2a: Pecharunt\n|-damage|p2a: Pecharunt|0 fnt\n|faint|p2a: Pecharunt\n|\n|upkeep\n|inactive|Time left: 300 sec this turn | 300 sec total | 5 sec grace\n|\n|t:|1783562140\n|switch|p2a: Froslass|Froslass, L87, F|148/263\n|turn|11\n|inactive|Time left: 300 sec this turn | 300 sec total\n|\n|t:|1783562141\n|move|p2a: Froslass|Poltergeist|p1a: Cryogonal\n|-activate|p1a: Cryogonal|move: Poltergeist|Heavy-Duty Boots\n|-damage|p1a: Cryogonal|47/100\n|move|p1a: Cryogonal|Recover|p1a: Cryogonal\n|-heal|p1a: Cryogonal|97/100\n|\n|upkeep\n|turn|12\n|inactive|Time left: 300 sec this turn | 300 sec total\n|\n|t:|1783562142\n|move|p2a: Froslass|Poltergeist|p1a: Cryogonal\n|-activate|p1a: Cryogonal|move: Poltergeist|Heavy-Duty Boots\n|-damage|p1a: Cryogonal|42/100\n|move|p1a: Cryogonal|Ice Beam|p2a: Froslass\n|-resisted|p2a: Froslass\n|-damage|p2a: Froslass|88/263\n|\n|upkeep\n|turn|13\n|inactive|Time left: 300 sec this turn | 300 sec total\n|\n|t:|1783562144\n|switch|p1a: Beartic|Beartic, L91, M|100/100\n|move|p2a: Froslass|Poltergeist|p1a: Beartic\n|-activate|p1a: Beartic|move: Poltergeist|Heavy-Duty Boots\n|-damage|p1a: Beartic|65/100\n|\n|upkeep\n|turn|14\n|inactive|Time left: 300 sec this turn | 300 sec total\n|\n|t:|1783562145\n|move|p2a: Froslass|Will-O-Wisp|p1a: Beartic\n|-status|p1a: Beartic|brn\n|move|p1a: Beartic|Earthquake|p2a: Froslass\n|-damage|p2a: Froslass|31/263\n|-start|p1a: Beartic|Disable|Earthquake|[from] ability: Cursed Body|[of] p2a: Froslass\n|\n|-damage|p1a: Beartic|58/100 brn|[from] brn\n|upkeep\n|turn|15\n|inactive|Time left: 300 sec this turn | 300 sec total\n|\n|t:|1783562146\n|switch|p2a: Oricorio|Oricorio-Pa'u, L87, M|272/272\n|move|p1a: Beartic|Icicle Crash|p2a: Oricorio\n|-supereffective|p2a: Oricorio\n|-damage|p2a: Oricorio|133/272\n|\n|-damage|p1a: Beartic|52/100 brn|[from] brn\n|upkeep\n|turn|16\n|inactive|Time left: 300 sec this turn | 300 sec total\n|\n|t:|1783562147\n|move|p2a: Oricorio|Roost|p2a: Oricorio\n|-heal|p2a: Oricorio|269/272\n|-singleturn|p2a: Oricorio|move: Roost\n|move|p1a: Beartic|Icicle Crash|p2a: Oricorio\n|-damage|p2a: Oricorio|194/272\n|\n|-damage|p1a: Beartic|46/100 brn|[from] brn\n|upkeep\n|turn|17\n|inactive|Time left: 300 sec this turn | 300 sec total\n|\n|t:|1783562148\n|move|p2a: Oricorio|Quiver Dance|p2a: Oricorio\n|-boost|p2a: Oricorio|spa|1\n|-boost|p2a: Oricorio|spd|1\n|-boost|p2a: Oricorio|spe|1\n|move|p1a: Beartic|Icicle Crash|p2a: Oricorio\n|-supereffective|p2a: Oricorio\n|-damage|p2a: Oricorio|46/272\n|\n|-damage|p1a: Beartic|40/100 brn|[from] brn\n|-end|p1a: Beartic|Disable\n|upkeep\n|turn|18\n|inactive|Time left: 300 sec this turn | 300 sec total\n|\n|t:|1783562149\n|move|p2a: Oricorio|Roost|p2a: Oricorio\n|-heal|p2a: Oricorio|182/272\n|-singleturn|p2a: Oricorio|move: Roost\n|move|p1a: Beartic|Icicle Crash|p2a: Oricorio\n|-damage|p2a: Oricorio|110/272\n|\n|-damage|p1a: Beartic|34/100 brn|[from] brn\n|upkeep\n|turn|19\n|inactive|Time left: 300 sec this turn | 300 sec total\n|\n|t:|1783562150\n|move|p2a: Oricorio|Roost|p2a: Oricorio\n|-heal|p2a: Oricorio|246/272\n|-singleturn|p2a: Oricorio|move: Roost\n|move|p1a: Beartic|Icicle Crash|p2a: Oricorio\n|-damage|p2a: Oricorio|166/272\n|\n|-damage|p1a: Beartic|27/100 brn|[from] brn\n|upkeep\n|turn|20\n|inactive|Time left: 300 sec this turn | 300 sec total\n|\n|t:|1783562151\n|move|p2a: Oricorio|Quiver Dance|p2a: Oricorio\n|-boost|p2a: Oricorio|spa|1\n|-boost|p2a: Oricorio|spd|1\n|-boost|p2a: Oricorio|spe|1\n|move|p1a: Beartic|Icicle Crash|p2a: Oricorio\n|-supereffective|p2a: Oricorio\n|-damage|p2a: Oricorio|7/272\n|\n|-damage|p1a: Beartic|21/100 brn|[from] brn\n|upkeep\n|turn|21\n|inactive|Time left: 300 sec this turn | 300 sec total\n|\n|t:|1783562152\n|move|p2a: Oricorio|Roost|p2a: Oricorio\n|-heal|p2a: Oricorio|143/272\n|-singleturn|p2a: Oricorio|move: Roost\n|move|p1a: Beartic|Icicle Crash|p2a: Oricorio\n|-damage|p2a: Oricorio|61/272\n|\n|-damage|p1a: Beartic|15/100 brn|[from] brn\n|upkeep\n|turn|22\n|inactive|Time left: 300 sec this turn | 300 sec total\n|\n|t:|1783562153\n|move|p2a: Oricorio|Roost|p2a: Oricorio\n|-heal|p2a: Oricorio|197/272\n|-singleturn|p2a: Oricorio|move: Roost\n|move|p1a: Beartic|Icicle Crash|p2a: Oricorio\n|-damage|p2a: Oricorio|119/272\n|\n|-damage|p1a: Beartic|9/100 brn|[from] brn\n|upkeep\n|turn|23\n|inactive|Time left: 300 sec this turn | 300 sec total\n|\n|t:|1783562155\n|move|p2a: Oricorio|Roost|p2a: Oricorio\n|-heal|p2a: Oricorio|255/272\n|-singleturn|p2a: Oricorio|move: Roost\n|move|p1a: Beartic|Icicle Crash|p2a: Oricorio\n|-damage|p2a: Oricorio|181/272\n|\n|-damage|p1a: Beartic|2/100 brn|[from] brn\n|upkeep\n|turn|24\n|inactive|Time left: 300 sec this turn | 300 sec total\n|\n|t:|1783562156\n|move|p2a: Oricorio|Revelation Dance|p1a: Beartic\n|-damage|p1a: Beartic|0 fnt\n|faint|p1a: Beartic\n|\n|upkeep\n|\n|t:|1783562157\n|switch|p1a: Quagsire|Quagsire, L84, F|100/100\n|-damage|p1a: Quagsire|76/100|[from] Spikes\n|turn|25\n|inactive|Time left: 300 sec this turn | 300 sec total\n|\n|t:|1783562158\n|move|p2a: Oricorio|Revelation Dance|p1a: Quagsire\n|-damage|p1a: Quagsire|31/100\n|move|p1a: Quagsire|Ice Beam|p2a: Oricorio\n|-supereffective|p2a: Oricorio\n|-crit|p2a: Oricorio\n|-damage|p2a: Oricorio|29/272\n|\n|-heal|p1a: Quagsire|37/100|[from] item: Leftovers\n|upkeep\n|turn|26\n|inactive|Time left: 300 sec this turn | 300 sec total\n|\n|t:|1783562159\n|-terastallize|p1a: Quagsire|Steel\n|move|p2a: Oricorio|Roost|p2a: Oricorio\n|-heal|p2a: Oricorio|165/272\n|-singleturn|p2a: Oricorio|move: Roost\n|move|p1a: Quagsire|Ice Beam|p2a: Oricorio\n|-damage|p2a: Oricorio|113/272\n|\n|-heal|p1a: Quagsire|43/100|[from] item: Leftovers\n|upkeep\n|turn|27\n|inactive|Time left: 300 sec this turn | 300 sec total\n|\n|t:|1783562160\n|-terastallize|p2a: Oricorio|Fighting\n|move|p2a: Oricorio|Revelation Dance|p1a: Quagsire\n|-supereffective|p1a: Quagsire\n|-damage|p1a: Quagsire|0 fnt\n|faint|p1a: Quagsire\n|\n|upkeep\n|\n|t:|1783562161\n|switch|p1a: Magmortar|Magmortar, L88, F|100/100\n|turn|28\n|inactive|Time left: 300 sec this turn | 300 sec total\n|\n|t:|1783562161\n|move|p2a: Oricorio|Revelation Dance|p1a: Magmortar\n|-damage|p1a: Magmortar|34/100\n|move|p1a: Magmortar|Fire Blast|p2a: Oricorio\n|-damage|p2a: Oricorio|16/272\n|\n|upkeep\n|turn|29\n|inactive|Time left: 300 sec this turn | 300 sec total\n|\n|t:|1783562163\n|move|p2a: Oricorio|Revelation Dance|p1a: Magmortar\n|-damage|p1a: Magmortar|0 fnt\n|faint|p1a: Magmortar\n|\n|upkeep\n|\n|t:|1783562163\n|switch|p1a: Vaporeon|Vaporeon, L86, M|100/100\n|-damage|p1a: Vaporeon|75/100|[from] Spikes\n|turn|30\n|inactive|Time left: 300 sec this turn | 300 sec total\n|\n|t:|1783562164\n|move|p2a: Oricorio|Roost|p2a: Oricorio\n|-heal|p2a: Oricorio|152/272\n|move|p1a: Vaporeon|Scald|p2a: Oricorio\n|-damage|p2a: Oricorio|95/272\n|\n|-heal|p1a: Vaporeon|82/100|[from] item: Leftovers\n|upkeep\n|turn|31\n|inactive|Time left: 300 sec this turn | 300 sec total\n|\n|t:|1783562165\n|move|p2a: Oricorio|Revelation Dance|p1a: Vaporeon\n|-crit|p1a: Vaporeon\n|-damage|p1a: Vaporeon|5/100\n|move|p1a: Vaporeon|Scald|p2a: Oricorio\n|-damage|p2a: Oricorio|34/272\n|\n|-heal|p1a: Vaporeon|11/100|[from] item: Leftovers\n|upkeep\n|turn|32\n|inactive|Time left: 300 sec this turn | 300 sec total\n|\n|t:|1783562166\n|move|p1a: Vaporeon|Protect|p1a: Vaporeon\n|-singleturn|p1a: Vaporeon|Protect\n|move|p2a: Oricorio|Revelation Dance|p1a: Vaporeon\n|-activate|p1a: Vaporeon|move: Protect\n|\n|-heal|p1a: Vaporeon|17/100|[from] item: Leftovers\n|upkeep\n|turn|33\n|inactive|Time left: 300 sec this turn | 300 sec total\n|\n|t:|1783562166\n|move|p1a: Vaporeon|Protect||[still]\n|-fail|p1a: Vaporeon\n|move|p2a: Oricorio|Revelation Dance|p1a: Vaporeon\n|-damage|p1a: Vaporeon|0 fnt\n|faint|p1a: Vaporeon\n|\n|upkeep\n|\n|t:|1783562167\n|switch|p1a: Cryogonal|Cryogonal, L89|42/100\n|turn|34\n|inactive|Time left: 300 sec this turn | 300 sec total\n|\n|t:|1783562168\n|move|p2a: Oricorio|Revelation Dance|p1a: Cryogonal\n|-supereffective|p1a: Cryogonal\n|-damage|p1a: Cryogonal|0 fnt\n|faint|p1a: Cryogonal\n|\n|win|p0y1976ef3c", "uploadtime": 1783562168, "views": 0, "rating": 0, "private": 0, "password": null, "_winner": "p0y1976ef3c", "_our_name": "p0y1976ef3c"}