{"id": "battle-gen9randombattle-319", "formatid": "gen9randombattle", "format": "[Gen 9] Random Battle", "players": ["p0x319a1a5", "p0y31934ad"], "log": "|init|battle\n|title|p0x319a1a5 vs. p0y31934ad\n|j|\u2606p0x319a1a5\n|j|\u2606p0y31934ad\n|t:|1783542772\n|gametype|singles\n|player|p1|p0x319a1a5|265|\n|player|p2|p0y31934ad|169|\n|gen|9\n|tier|[Gen 9] Random Battle\n|rule|Species Clause: Limit one of each Pok\u00e9mon\n|rule|HP Percentage Mod: HP is shown in percentages\n|rule|Sleep Clause Mod: Limit one foe put to sleep\n|rule|Illusion Level Mod: Illusion disguises the Pok\u00e9mon's true level\n|\n|t:|1783542772\n|teamsize|p1|6\n|teamsize|p2|6\n|start\n|switch|p1a: Rayquaza|Rayquaza, L72|270/270\n|switch|p2a: Hitmontop|Hitmontop, L88, M|100/100\n|-ability|p1a: Rayquaza|Air Lock\n|-ability|p2a: Hitmontop|Intimidate|boost\n|-unboost|p1a: Rayquaza|atk|1\n|turn|1\n|inactive|Battle timer is ON: inactive players will automatically lose when time's up. (requested by p0x319a1a5)\n|inactive|p0y31934ad also wants the timer to be on.\n|\n|t:|1783542774\n|switch|p2a: Arbok|Arbok, L87, F|100/100\n|-ability|p2a: Arbok|Intimidate|boost\n|-unboost|p1a: Rayquaza|atk|1\n|move|p1a: Rayquaza|Dragon Dance|p1a: Rayquaza\n|-boost|p1a: Rayquaza|atk|1\n|-boost|p1a: Rayquaza|spe|1\n|\n|upkeep\n|turn|2\n|inactive|Time left: 300 sec this turn | 300 sec total\n|\n|t:|1783542775\n|move|p1a: Rayquaza|Outrage|p2a: Arbok\n|-damage|p2a: Arbok|57/100\n|move|p2a: Arbok|Gunk Shot|p1a: Rayquaza\n|-damage|p1a: Rayquaza|131/270\n|\n|-heal|p2a: Arbok|64/100|[from] item: Leftovers\n|upkeep\n|turn|3\n|inactive|Time left: 300 sec this turn | 300 sec total\n|\n|t:|1783542776\n|move|p1a: Rayquaza|Outrage|p2a: Arbok|[from] lockedmove\n|-damage|p2a: Arbok|22/100\n|move|p2a: Arbok|Gunk Shot|p1a: Rayquaza\n|-damage|p1a: Rayquaza|0 fnt\n|faint|p1a: Rayquaza\n|\n|-heal|p2a: Arbok|28/100|[from] item: Leftovers\n|upkeep\n|inactive|Time left: 300 sec this turn | 300 sec total | 5 sec grace\n|\n|t:|1783542777\n|switch|p1a: Metagross|Metagross, L79|256/256\n|turn|4\n|inactive|Time left: 300 sec this turn | 300 sec total\n|\n|t:|1783542779\n|move|p2a: Arbok|Glare|p1a: Metagross\n|-status|p1a: Metagross|par\n|move|p1a: Metagross|Knock Off|p2a: Arbok\n|-damage|p2a: Arbok|0 fnt\n|-enditem|p2a: Arbok|Leftovers|[from] move: Knock Off|[of] p1a: Metagross\n|faint|p2a: Arbok\n|\n|upkeep\n|\n|t:|1783542780\n|switch|p2a: Reshiram|Reshiram, L76|100/100\n|-ability|p2a: Reshiram|Turboblaze\n|turn|5\n|inactive|Time left: 300 sec this turn | 300 sec total\n|\n|t:|1783542781\n|move|p2a: Reshiram|Dragon Dance|p2a: Reshiram\n|-boost|p2a: Reshiram|atk|1\n|-boost|p2a: Reshiram|spe|1\n|move|p1a: Metagross|Earthquake|p2a: Reshiram\n|-supereffective|p2a: Reshiram\n|-damage|p2a: Reshiram|38/100\n|\n|upkeep\n|turn|6\n|inactive|Time left: 300 sec this turn | 300 sec total\n|\n|t:|1783542782\n|move|p2a: Reshiram|Flare Blitz|p1a: Metagross\n|-supereffective|p1a: Metagross\n|-damage|p1a: Metagross|0 fnt\n|faint|p1a: Metagross\n|-damage|p2a: Reshiram|8/100|[from] Recoil\n|\n|upkeep\n|inactive|Time left: 300 sec this turn | 300 sec total | 5 sec grace\n|\n|t:|1783542783\n|switch|p1a: Golem|Golem-Alola, L93, M|300/300\n|turn|7\n|inactive|Time left: 300 sec this turn | 300 sec total\n|\n|t:|1783542784\n|move|p2a: Reshiram|Outrage|p1a: Golem\n|-damage|p1a: Golem|174/300\n|move|p1a: Golem|Earthquake|p2a: Reshiram\n|-supereffective|p2a: Reshiram\n|-damage|p2a: Reshiram|0 fnt\n|faint|p2a: Reshiram\n|\n|upkeep\n|\n|t:|1783542785\n|switch|p2a: Tsareena|Tsareena, L87, F|100/100\n|turn|8\n|inactive|Time left: 300 sec this turn | 300 sec total\n|\n|t:|1783542786\n|move|p2a: Tsareena|Power Whip|p1a: Golem|[miss]\n|-miss|p2a: Tsareena|p1a: Golem\n|move|p1a: Golem|Earthquake|p2a: Tsareena\n|-resisted|p2a: Tsareena\n|-damage|p2a: Tsareena|75/100\n|\n|upkeep\n|turn|9\n|inactive|Time left: 300 sec this turn | 300 sec total\n|\n|t:|1783542787\n|move|p2a: Tsareena|Power Whip|p1a: Golem\n|-supereffective|p1a: Golem\n|-damage|p1a: Golem|0 fnt\n|faint|p1a: Golem\n|\n|upkeep\n|inactive|Time left: 300 sec this turn | 300 sec total | 5 sec grace\n|\n|t:|1783542788\n|switch|p1a: Walking Wake|Walking Wake, L79|286/286\n|turn|10\n|inactive|Time left: 300 sec this turn | 300 sec total\n|\n|t:|1783542789\n|move|p2a: Tsareena|Power Whip|p1a: Walking Wake\n|-damage|p1a: Walking Wake|133/286\n|move|p1a: Walking Wake|Flamethrower|p2a: Tsareena\n|-supereffective|p2a: Tsareena\n|-crit|p2a: Tsareena\n|-damage|p2a: Tsareena|0 fnt\n|faint|p2a: Tsareena\n|\n|upkeep\n|\n|t:|1783542790\n|switch|p2a: Miraidon|Miraidon, L65|100/100\n|-fieldstart|move: Electric Terrain|[from] ability: Hadron Engine|[of] p2a: Miraidon\n|turn|11\n|inactive|Time left: 300 sec this turn | 300 sec total\n|\n|t:|1783542791\n|-end|p1a: Walking Wake|Protosynthesis|[silent]\n|switch|p1a: Snorlax|Snorlax, L82, F|397/397\n|move|p2a: Miraidon|Calm Mind|p2a: Miraidon\n|-boost|p2a: Miraidon|spa|1\n|-boost|p2a: Miraidon|spd|1\n|\n|upkeep\n|turn|12\n|inactive|Time left: 300 sec this turn | 300 sec total\n|\n|t:|1783542792\n|-terastallize|p1a: Snorlax|Ground\n|move|p2a: Miraidon|Electro Drift|p1a: Snorlax\n|-immune|p1a: Snorlax\n|move|p1a: Snorlax|Earthquake|p2a: Miraidon\n|-supereffective|p2a: Miraidon\n|-damage|p2a: Miraidon|0 fnt\n|faint|p2a: Miraidon\n|\n|upkeep\n|\n|t:|1783542793\n|switch|p2a: Regigigas|Regigigas, L84|100/100\n|-start|p2a: Regigigas|ability: Slow Start\n|turn|13\n|inactive|Time left: 300 sec this turn | 300 sec total\n|\n|t:|1783542794\n|move|p2a: Regigigas|Body Slam|p1a: Snorlax\n|-damage|p1a: Snorlax|312/397\n|move|p1a: Snorlax|Curse|p1a: Snorlax\n|-unboost|p1a: Snorlax|spe|1\n|-boost|p1a: Snorlax|atk|1\n|-boost|p1a: Snorlax|def|1\n|\n|-heal|p1a: Snorlax|336/397|[from] item: Leftovers\n|upkeep\n|turn|14\n|inactive|Time left: 300 sec this turn | 300 sec total\n|\n|t:|1783542795\n|move|p2a: Regigigas|Body Slam|p1a: Snorlax\n|-damage|p1a: Snorlax|278/397\n|move|p1a: Snorlax|Earthquake|p2a: Regigigas\n|-damage|p2a: Regigigas|58/100\n|\n|-heal|p2a: Regigigas|64/100|[from] item: Leftovers\n|-heal|p1a: Snorlax|302/397|[from] item: Leftovers\n|upkeep\n|turn|15\n|inactive|Time left: 300 sec this turn | 300 sec total\n|\n|t:|1783542796\n|move|p2a: Regigigas|Body Slam|p1a: Snorlax\n|-damage|p1a: Snorlax|241/397\n|-status|p1a: Snorlax|par\n|move|p1a: Snorlax|Earthquake|p2a: Regigigas\n|-damage|p2a: Regigigas|25/100\n|\n|-heal|p2a: Regigigas|31/100|[from] item: Leftovers\n|-heal|p1a: Snorlax|265/397 par|[from] item: Leftovers\n|-fieldend|move: Electric Terrain\n|upkeep\n|turn|16\n|inactive|Time left: 300 sec this turn | 300 sec total\n|\n|t:|1783542796\n|move|p2a: Regigigas|Rest|p2a: Regigigas\n|-status|p2a: Regigigas|slp|[from] move: Rest\n|-heal|p2a: Regigigas|100/100 slp|[silent]\n|move|p1a: Snorlax|Earthquake|p2a: Regigigas\n|-damage|p2a: Regigigas|60/100 slp\n|\n|-heal|p2a: Regigigas|66/100 slp|[from] item: Leftovers\n|-heal|p1a: Snorlax|289/397 par|[from] item: Leftovers\n|upkeep\n|turn|17\n|inactive|Time left: 300 sec this turn | 300 sec total\n|\n|t:|1783542797\n|cant|p2a: Regigigas|slp\n|move|p2a: Regigigas|Sleep Talk|p2a: Regigigas\n|move|p2a: Regigigas|Body Slam|p1a: Snorlax|[from] move: Sleep Talk\n|-damage|p1a: Snorlax|229/397 par\n|move|p1a: Snorlax|Earthquake|p2a: Regigigas\n|-damage|p2a: Regigigas|25/100 slp\n|\n|-heal|p2a: Regigigas|31/100 slp|[from] item: Leftovers\n|-heal|p1a: Snorlax|253/397 par|[from] item: Leftovers\n|-end|p2a: Regigigas|Slow Start\n|upkeep\n|turn|18\n|inactive|Time left: 300 sec this turn | 300 sec total\n|\n|t:|1783542798\n|cant|p2a: Regigigas|slp\n|move|p2a: Regigigas|Sleep Talk|p2a: Regigigas\n|move|p2a: Regigigas|Body Slam|p1a: Snorlax|[from] move: Sleep Talk\n|-damage|p1a: Snorlax|147/397 par\n|move|p1a: Snorlax|Earthquake|p2a: Regigigas\n|-crit|p2a: Regigigas\n|-damage|p2a: Regigigas|0 fnt\n|faint|p2a: Regigigas\n|-end|p2a: Regigigas|Slow Start|[silent]\n|\n|-heal|p1a: Snorlax|171/397 par|[from] item: Leftovers\n|upkeep\n|\n|t:|1783542799\n|switch|p2a: Hitmontop|Hitmontop, L88, M|100/100\n|-ability|p2a: Hitmontop|Intimidate|boost\n|-unboost|p1a: Snorlax|atk|1\n|turn|19\n|inactive|Time left: 300 sec this turn | 300 sec total\n|\n|t:|1783542800\n|move|p2a: Hitmontop|Rapid Spin|p1a: Snorlax\n|-damage|p1a: Snorlax|141/397 par\n|-boost|p2a: Hitmontop|spe|1\n|move|p1a: Snorlax|Earthquake|p2a: Hitmontop\n|-damage|p2a: Hitmontop|56/100\n|\n|-heal|p1a: Snorlax|165/397 par|[from] item: Leftovers\n|upkeep\n|turn|20\n|inactive|Time left: 300 sec this turn | 300 sec total\n|\n|t:|1783542800\n|move|p2a: Hitmontop|Rapid Spin|p1a: Snorlax\n|-damage|p1a: Snorlax|133/397 par\n|-boost|p2a: Hitmontop|spe|1\n|move|p1a: Snorlax|Earthquake|p2a: Hitmontop\n|-damage|p2a: Hitmontop|12/100\n|\n|-heal|p1a: Snorlax|157/397 par|[from] item: Leftovers\n|upkeep\n|turn|21\n|inactive|Time left: 300 sec this turn | 300 sec total\n|\n|t:|1783542801\n|move|p2a: Hitmontop|Close Combat|p1a: Snorlax\n|-damage|p1a: Snorlax|39/397 par\n|-unboost|p2a: Hitmontop|def|1\n|-unboost|p2a: Hitmontop|spd|1\n|move|p1a: Snorlax|Earthquake|p2a: Hitmontop\n|-damage|p2a: Hitmontop|0 fnt\n|faint|p2a: Hitmontop\n|\n|win|p0x319a1a5", "uploadtime": 1783542801, "views": 0, "rating": 0, "private": 0, "password": null, "_winner": "p0x319a1a5", "_our_name": "p0x319a1a5"}