{"id": "battle-gen9randombattle-547", "formatid": "gen9randombattle", "format": "[Gen 9] Random Battle", "players": ["p0x547728d", "p0y547660a"], "log": "|init|battle\n|title|p0x547728d vs. p0y547660a\n|j|\u2606p0x547728d\n|j|\u2606p0y547660a\n|t:|1783545417\n|gametype|singles\n|player|p1|p0x547728d|265|\n|player|p2|p0y547660a|265|\n|gen|9\n|tier|[Gen 9] Random Battle\n|rule|Species Clause: Limit one of each Pok\u00e9mon\n|rule|HP Percentage Mod: HP is shown in percentages\n|rule|Sleep Clause Mod: Limit one foe put to sleep\n|rule|Illusion Level Mod: Illusion disguises the Pok\u00e9mon's true level\n|\n|t:|1783545417\n|teamsize|p1|6\n|teamsize|p2|6\n|start\n|switch|p1a: Magnezone|Magnezone, L85|100/100\n|switch|p2a: Lugia|Lugia, L73|275/275\n|turn|1\n|inactive|Battle timer is ON: inactive players will automatically lose when time's up. (requested by p0x547728d)\n|inactive|Time left: 300 sec this turn | 300 sec total | 60 sec grace\n|inactive|p0y547660a also wants the timer to be on.\n|\n|t:|1783545418\n|switch|p1a: Blastoise|Blastoise, L80, F|100/100\n|move|p2a: Lugia|Calm Mind|p2a: Lugia\n|-boost|p2a: Lugia|spa|1\n|-boost|p2a: Lugia|spd|1\n|\n|upkeep\n|turn|2\n|inactive|Time left: 300 sec this turn | 300 sec total\n|\n|t:|1783545419\n|move|p2a: Lugia|Aeroblast|p1a: Blastoise\n|-damage|p1a: Blastoise|62/100\n|move|p1a: Blastoise|Shell Smash|p1a: Blastoise\n|-unboost|p1a: Blastoise|def|1\n|-unboost|p1a: Blastoise|spd|1\n|-boost|p1a: Blastoise|atk|2\n|-boost|p1a: Blastoise|spa|2\n|-boost|p1a: Blastoise|spe|2\n|-enditem|p1a: Blastoise|White Herb\n|-clearnegativeboost|p1a: Blastoise|[silent]\n|\n|upkeep\n|turn|3\n|inactive|Time left: 300 sec this turn | 300 sec total\n|\n|t:|1783545421\n|move|p1a: Blastoise|Ice Beam|p2a: Lugia\n|-supereffective|p2a: Lugia\n|-damage|p2a: Lugia|222/275\n|-status|p2a: Lugia|frz\n|cant|p2a: Lugia|frz\n|\n|upkeep\n|turn|4\n|inactive|Time left: 300 sec this turn | 300 sec total\n|\n|t:|1783545422\n|move|p1a: Blastoise|Ice Beam|p2a: Lugia\n|-supereffective|p2a: Lugia\n|-damage|p2a: Lugia|110/275 frz\n|-curestatus|p2a: Lugia|frz|[msg]\n|move|p2a: Lugia|Psychic Noise|p1a: Blastoise\n|-damage|p1a: Blastoise|30/100\n|-start|p1a: Blastoise|move: Heal Block\n|\n|upkeep\n|turn|5\n|inactive|Time left: 300 sec this turn | 300 sec total\n|\n|t:|1783545423\n|move|p1a: Blastoise|Hydro Pump|p2a: Lugia\n|-damage|p2a: Lugia|0 fnt\n|faint|p2a: Lugia\n|\n|-end|p1a: Blastoise|move: Heal Block\n|upkeep\n|inactive|Time left: 300 sec this turn | 300 sec total | 5 sec grace\n|\n|t:|1783545424\n|switch|p2a: Piloswine|Piloswine, L85, M|309/309\n|turn|6\n|inactive|Time left: 300 sec this turn | 300 sec total\n|\n|t:|1783545425\n|-terastallize|p2a: Piloswine|Dragon\n|move|p1a: Blastoise|Hydro Pump|p2a: Piloswine\n|-resisted|p2a: Piloswine\n|-damage|p2a: Piloswine|186/309\n|move|p2a: Piloswine|Earthquake|p1a: Blastoise\n|-damage|p1a: Blastoise|0 fnt\n|faint|p1a: Blastoise\n|\n|upkeep\n|\n|t:|1783545426\n|switch|p1a: Conkeldurr|Conkeldurr, L80, M|100/100\n|turn|7\n|inactive|Time left: 300 sec this turn | 300 sec total\n|\n|t:|1783545428\n|move|p2a: Piloswine|Stealth Rock|p1a: Conkeldurr\n|-sidestart|p1: p0x547728d|move: Stealth Rock\n|move|p1a: Conkeldurr|Knock Off|p2a: Piloswine\n|-damage|p2a: Piloswine|126/309\n|-enditem|p2a: Piloswine|Eviolite|[from] move: Knock Off|[of] p1a: Conkeldurr\n|\n|-status|p1a: Conkeldurr|brn|[from] item: Flame Orb\n|upkeep\n|turn|8\n|inactive|Time left: 300 sec this turn | 300 sec total\n|\n|t:|1783545429\n|move|p2a: Piloswine|Earthquake|p1a: Conkeldurr\n|-damage|p1a: Conkeldurr|65/100 brn\n|move|p1a: Conkeldurr|Facade|p2a: Piloswine\n|-damage|p2a: Piloswine|0 fnt\n|faint|p2a: Piloswine\n|\n|-damage|p1a: Conkeldurr|59/100 brn|[from] brn\n|upkeep\n|inactive|Time left: 300 sec this turn | 300 sec total | 5 sec grace\n|\n|t:|1783545430\n|switch|p2a: Tauros|Tauros-Paldea-Blaze, L81, M|252/252\n|turn|9\n|inactive|Time left: 300 sec this turn | 300 sec total\n|\n|t:|1783545431\n|switch|p1a: Tauros|Tauros-Paldea-Blaze, L81, M|100/100\n|-damage|p1a: Tauros|88/100|[from] Stealth Rock\n|-ability|p1a: Tauros|Intimidate|boost\n|-unboost|p2a: Tauros|atk|1\n|move|p2a: Tauros|Bulk Up|p2a: Tauros\n|-boost|p2a: Tauros|atk|1\n|-boost|p2a: Tauros|def|1\n|\n|upkeep\n|turn|10\n|inactive|Time left: 300 sec this turn | 300 sec total\n|\n|t:|1783545432\n|move|p2a: Tauros|Bulk Up|p2a: Tauros\n|-boost|p2a: Tauros|atk|1\n|-boost|p2a: Tauros|def|1\n|move|p1a: Tauros|Close Combat|p2a: Tauros\n|-damage|p2a: Tauros|167/252\n|-unboost|p1a: Tauros|def|1\n|-unboost|p1a: Tauros|spd|1\n|\n|upkeep\n|turn|11\n|inactive|Time left: 300 sec this turn | 300 sec total\n|\n|t:|1783545433\n|switch|p1a: Scream Tail|Scream Tail, L84|100/100\n|-damage|p1a: Scream Tail|88/100|[from] Stealth Rock\n|move|p2a: Tauros|Close Combat|p1a: Scream Tail\n|-resisted|p1a: Scream Tail\n|-damage|p1a: Scream Tail|74/100\n|-unboost|p2a: Tauros|def|1\n|-unboost|p2a: Tauros|spd|1\n|\n|-heal|p1a: Scream Tail|80/100|[from] item: Leftovers\n|upkeep\n|turn|12\n|inactive|Time left: 300 sec this turn | 300 sec total\n|\n|t:|1783545434\n|move|p1a: Scream Tail|Encore|p2a: Tauros\n|-start|p2a: Tauros|Encore\n|move|p2a: Tauros|Close Combat|p1a: Scream Tail\n|-resisted|p1a: Scream Tail\n|-damage|p1a: Scream Tail|66/100\n|-unboost|p2a: Tauros|def|1\n|-unboost|p2a: Tauros|spd|1\n|\n|-heal|p1a: Scream Tail|72/100|[from] item: Leftovers\n|upkeep\n|turn|13\n|inactive|Time left: 300 sec this turn | 300 sec total\n|\n|t:|1783545435\n|move|p1a: Scream Tail|Play Rough|p2a: Tauros\n|-damage|p2a: Tauros|100/252\n|-enditem|p2a: Tauros|Sitrus Berry|[eat]\n|-heal|p2a: Tauros|163/252|[from] item: Sitrus Berry\n|move|p2a: Tauros|Close Combat|p1a: Scream Tail\n|-resisted|p1a: Scream Tail\n|-damage|p1a: Scream Tail|60/100\n|-unboost|p2a: Tauros|def|1\n|-unboost|p2a: Tauros|spd|1\n|\n|-heal|p1a: Scream Tail|66/100|[from] item: Leftovers\n|upkeep\n|turn|14\n|inactive|Time left: 300 sec this turn | 300 sec total\n|\n|t:|1783545436\n|switch|p2a: Cloyster|Cloyster, L80, M|211/211\n|move|p1a: Scream Tail|Play Rough|p2a: Cloyster\n|-damage|p2a: Cloyster|166/211\n|\n|-heal|p1a: Scream Tail|72/100|[from] item: Leftovers\n|upkeep\n|turn|15\n|inactive|Time left: 300 sec this turn | 300 sec total\n|\n|t:|1783545437\n|-end|p1a: Scream Tail|Protosynthesis|[silent]\n|switch|p1a: Magnezone|Magnezone, L85|100/100\n|-damage|p1a: Magnezone|94/100|[from] Stealth Rock\n|move|p2a: Cloyster|Shell Smash|p2a: Cloyster\n|-unboost|p2a: Cloyster|def|1\n|-unboost|p2a: Cloyster|spd|1\n|-boost|p2a: Cloyster|atk|2\n|-boost|p2a: Cloyster|spa|2\n|-boost|p2a: Cloyster|spe|2\n|-enditem|p2a: Cloyster|White Herb\n|-clearnegativeboost|p2a: Cloyster|[silent]\n|\n|-heal|p1a: Magnezone|100/100|[from] item: Leftovers\n|upkeep\n|turn|16\n|inactive|Time left: 300 sec this turn | 300 sec total\n|\n|t:|1783545438\n|move|p2a: Cloyster|Drill Run|p1a: Magnezone\n|-supereffective|p1a: Magnezone\n|-damage|p1a: Magnezone|0 fnt\n|faint|p1a: Magnezone\n|\n|upkeep\n|\n|t:|1783545438\n|switch|p1a: Tauros|Tauros-Paldea-Blaze, L81, M|88/100\n|-damage|p1a: Tauros|76/100|[from] Stealth Rock\n|-ability|p1a: Tauros|Intimidate|boost\n|-unboost|p2a: Cloyster|atk|1\n|turn|17\n|inactive|Time left: 300 sec this turn | 300 sec total\n|\n|t:|1783545439\n|move|p2a: Cloyster|Drill Run|p1a: Tauros\n|-supereffective|p1a: Tauros\n|-damage|p1a: Tauros|17/100\n|move|p1a: Tauros|Close Combat|p2a: Cloyster\n|-supereffective|p2a: Cloyster\n|-damage|p2a: Cloyster|0 fnt\n|-unboost|p1a: Tauros|def|1\n|-unboost|p1a: Tauros|spd|1\n|faint|p2a: Cloyster\n|\n|upkeep\n|inactive|Time left: 300 sec this turn | 300 sec total | 5 sec grace\n|\n|t:|1783545440\n|switch|p2a: Mismagius|Mismagius, L86, F|243/243\n|turn|18\n|inactive|Time left: 300 sec this turn | 300 sec total\n|\n|t:|1783545441\n|switch|p1a: Arboliva|Arboliva, L91, F|100/100\n|-damage|p1a: Arboliva|88/100|[from] Stealth Rock\n|move|p2a: Mismagius|Shadow Ball|p1a: Arboliva\n|-immune|p1a: Arboliva\n|\n|upkeep\n|turn|19\n|inactive|Time left: 300 sec this turn | 300 sec total\n|\n|t:|1783545442\n|move|p2a: Mismagius|Nasty Plot|p2a: Mismagius\n|-boost|p2a: Mismagius|spa|2\n|move|p1a: Arboliva|Leech Seed|p2a: Mismagius\n|-start|p2a: Mismagius|move: Leech Seed\n|\n|-damage|p2a: Mismagius|213/243|[from] Leech Seed|[of] p1a: Arboliva\n|-heal|p1a: Arboliva|98/100|[silent]\n|upkeep\n|turn|20\n|inactive|Time left: 300 sec this turn | 300 sec total\n|\n|t:|1783545443\n|move|p2a: Mismagius|Nasty Plot|p2a: Mismagius\n|-boost|p2a: Mismagius|spa|2\n|move|p1a: Arboliva|Substitute|p1a: Arboliva\n|-start|p1a: Arboliva|Substitute\n|-damage|p1a: Arboliva|73/100\n|\n|-damage|p2a: Mismagius|183/243|[from] Leech Seed|[of] p1a: Arboliva\n|-heal|p1a: Arboliva|84/100|[silent]\n|upkeep\n|turn|21\n|inactive|Time left: 300 sec this turn | 300 sec total\n|\n|t:|1783545444\n|move|p1a: Arboliva|Protect|p1a: Arboliva\n|-singleturn|p1a: Arboliva|Protect\n|move|p2a: Mismagius|Dazzling Gleam|p1a: Arboliva\n|-activate|p1a: Arboliva|move: Protect\n|\n|-damage|p2a: Mismagius|153/243|[from] Leech Seed|[of] p1a: Arboliva\n|-heal|p1a: Arboliva|94/100|[silent]\n|upkeep\n|turn|22\n|inactive|Time left: 300 sec this turn | 300 sec total\n|\n|t:|1783545445\n|move|p2a: Mismagius|Dazzling Gleam|p1a: Arboliva\n|-end|p1a: Arboliva|Substitute\n|-damage|p2a: Mismagius|129/243|[from] item: Life Orb\n|move|p1a: Arboliva|Substitute|p1a: Arboliva\n|-start|p1a: Arboliva|Substitute\n|-damage|p1a: Arboliva|69/100\n|\n|-damage|p2a: Mismagius|99/243|[from] Leech Seed|[of] p1a: Arboliva\n|-heal|p1a: Arboliva|80/100|[silent]\n|upkeep\n|turn|23\n|inactive|Time left: 300 sec this turn | 300 sec total\n|\n|t:|1783545446\n|move|p2a: Mismagius|Shadow Ball|p1a: Arboliva\n|-immune|p1a: Arboliva\n|move|p1a: Arboliva|Hyper Voice|p2a: Mismagius\n|-immune|p2a: Mismagius\n|\n|-damage|p2a: Mismagius|69/243|[from] Leech Seed|[of] p1a: Arboliva\n|-heal|p1a: Arboliva|90/100|[silent]\n|upkeep\n|turn|24\n|inactive|Time left: 300 sec this turn | 300 sec total\n|\n|t:|1783545447\n|move|p2a: Mismagius|Shadow Ball|p1a: Arboliva\n|-immune|p1a: Arboliva\n|move|p1a: Arboliva|Substitute|p1a: Arboliva\n|-fail|p1a: Arboliva|move: Substitute\n|\n|-damage|p2a: Mismagius|39/243|[from] Leech Seed|[of] p1a: Arboliva\n|-heal|p1a: Arboliva|100/100|[silent]\n|upkeep\n|turn|25\n|inactive|Time left: 300 sec this turn | 300 sec total\n|\n|t:|1783545448\n|move|p2a: Mismagius|Dazzling Gleam|p1a: Arboliva\n|-crit|p1a: Arboliva\n|-end|p1a: Arboliva|Substitute\n|-damage|p2a: Mismagius|15/243|[from] item: Life Orb\n|move|p1a: Arboliva|Substitute|p1a: Arboliva\n|-start|p1a: Arboliva|Substitute\n|-damage|p1a: Arboliva|75/100\n|\n|-damage|p2a: Mismagius|0 fnt|[from] Leech Seed|[of] p1a: Arboliva\n|-heal|p1a: Arboliva|81/100|[silent]\n|faint|p2a: Mismagius\n|upkeep\n|inactive|Time left: 300 sec this turn | 300 sec total | 5 sec grace\n|\n|t:|1783545449\n|switch|p2a: Duraludon|Duraludon, L82, M|249/249\n|turn|26\n|inactive|Time left: 300 sec this turn | 300 sec total\n|\n|t:|1783545450\n|move|p2a: Duraludon|Body Press|p1a: Arboliva\n|-supereffective|p1a: Arboliva\n|-end|p1a: Arboliva|Substitute\n|move|p1a: Arboliva|Leech Seed|p2a: Duraludon\n|-start|p2a: Duraludon|move: Leech Seed\n|\n|-damage|p2a: Duraludon|218/249|[from] Leech Seed|[of] p1a: Arboliva\n|-heal|p1a: Arboliva|91/100|[silent]\n|upkeep\n|turn|27\n|inactive|Time left: 300 sec this turn | 300 sec total\n|\n|t:|1783545451\n|switch|p2a: Tauros|Tauros-Paldea-Blaze, L81, M|163/252\n|move|p1a: Arboliva|Hyper Voice|p2a: Tauros\n|-damage|p2a: Tauros|7/252\n|\n|upkeep\n|turn|28\n|inactive|Time left: 300 sec this turn | 300 sec total\n|\n|t:|1783545452\n|-terastallize|p1a: Arboliva|Poison\n|move|p2a: Tauros|Close Combat|p1a: Arboliva\n|-resisted|p1a: Arboliva\n|-damage|p1a: Arboliva|70/100\n|-unboost|p2a: Tauros|def|1\n|-unboost|p2a: Tauros|spd|1\n|move|p1a: Arboliva|Hyper Voice|p2a: Tauros\n|-damage|p2a: Tauros|0 fnt\n|faint|p2a: Tauros\n|\n|upkeep\n|inactive|Time left: 300 sec this turn | 300 sec total | 5 sec grace\n|\n|t:|1783545453\n|switch|p2a: Duraludon|Duraludon, L82, M|218/249\n|turn|29\n|inactive|Time left: 300 sec this turn | 300 sec total\n|\n|t:|1783545454\n|move|p2a: Duraludon|Flash Cannon|p1a: Arboliva\n|-damage|p1a: Arboliva|43/100\n|-unboost|p1a: Arboliva|spd|1\n|-enditem|p1a: Arboliva|Sitrus Berry|[eat]\n|-heal|p1a: Arboliva|68/100|[from] item: Sitrus Berry\n|move|p1a: Arboliva|Leech Seed|p2a: Duraludon|[miss]\n|-miss|p1a: Arboliva|p2a: Duraludon\n|\n|upkeep\n|turn|30\n|inactive|Time left: 300 sec this turn | 300 sec total\n|\n|t:|1783545455\n|move|p2a: Duraludon|Flash Cannon|p1a: Arboliva\n|-damage|p1a: Arboliva|28/100\n|move|p1a: Arboliva|Leech Seed|p2a: Duraludon\n|-start|p2a: Duraludon|move: Leech Seed\n|\n|-damage|p2a: Duraludon|187/249|[from] Leech Seed|[of] p1a: Arboliva\n|-heal|p1a: Arboliva|39/100|[silent]\n|-item|p1a: Arboliva|Sitrus Berry|[from] ability: Harvest\n|upkeep\n|-enditem|p1a: Arboliva|Sitrus Berry|[eat]\n|-heal|p1a: Arboliva|64/100|[from] item: Sitrus Berry\n|turn|31\n|inactive|Time left: 300 sec this turn | 300 sec total\n|\n|t:|1783545455\n|move|p2a: Duraludon|Flash Cannon|p1a: Arboliva\n|-damage|p1a: Arboliva|23/100\n|-unboost|p1a: Arboliva|spd|1\n|move|p1a: Arboliva|Hyper Voice|p2a: Duraludon\n|-resisted|p2a: Duraludon\n|-damage|p2a: Duraludon|121/249\n|\n|-damage|p2a: Duraludon|90/249|[from] Leech Seed|[of] p1a: Arboliva\n|-heal|p1a: Arboliva|34/100|[silent]\n|-item|p1a: Arboliva|Sitrus Berry|[from] ability: Harvest\n|upkeep\n|-enditem|p1a: Arboliva|Sitrus Berry|[eat]\n|-heal|p1a: Arboliva|59/100|[from] item: Sitrus Berry\n|turn|32\n|inactive|Time left: 300 sec this turn | 300 sec total\n|\n|t:|1783545456\n|move|p2a: Duraludon|Draco Meteor|p1a: Arboliva\n|-damage|p1a: Arboliva|0 fnt\n|-unboost|p2a: Duraludon|spa|2\n|faint|p1a: Arboliva\n|\n|upkeep\n|\n|t:|1783545457\n|switch|p1a: Conkeldurr|Conkeldurr, L80, M|59/100 brn\n|-damage|p1a: Conkeldurr|53/100 brn|[from] Stealth Rock\n|turn|33\n|inactive|Time left: 300 sec this turn | 300 sec total\n|\n|t:|1783545458\n|move|p1a: Conkeldurr|Knock Off|p2a: Duraludon\n|-damage|p2a: Duraludon|24/249\n|-enditem|p2a: Duraludon|Eviolite|[from] move: Knock Off|[of] p1a: Conkeldurr\n|move|p2a: Duraludon|Dragon Tail|p1a: Conkeldurr|[miss]\n|-miss|p2a: Duraludon|p1a: Conkeldurr\n|\n|-damage|p2a: Duraludon|0 fnt|[from] Leech Seed|[of] p1a: Conkeldurr\n|-heal|p1a: Conkeldurr|61/100 brn|[silent]\n|faint|p2a: Duraludon\n|\n|win|p0x547728d", "uploadtime": 1783545458, "views": 0, "rating": 0, "private": 0, "password": null, "_winner": "p0x547728d", "_our_name": "p0y547660a"}