{"id": "battle-gen9randombattle-346", "formatid": "gen9randombattle", "format": "[Gen 9] Random Battle", "players": ["p0x3469cc3", "p0y346a053"], "log": "|init|battle\n|title|p0x3469cc3 vs. p0y346a053\n|j|\u2606p0x3469cc3\n|j|\u2606p0y346a053\n|t:|1783543663\n|gametype|singles\n|player|p1|p0x3469cc3|265|\n|player|p2|p0y346a053|101|\n|gen|9\n|tier|[Gen 9] Random Battle\n|rule|Species Clause: Limit one of each Pok\u00e9mon\n|rule|HP Percentage Mod: HP is shown in percentages\n|rule|Sleep Clause Mod: Limit one foe put to sleep\n|rule|Illusion Level Mod: Illusion disguises the Pok\u00e9mon's true level\n|\n|t:|1783543663\n|teamsize|p1|6\n|teamsize|p2|6\n|start\n|switch|p1a: Overqwil|Overqwil, L82, M|274/274\n|switch|p2a: Virizion|Virizion, L82|100/100\n|-ability|p1a: Overqwil|Intimidate|boost\n|-unboost|p2a: Virizion|atk|1\n|turn|1\n|inactive|Battle timer is ON: inactive players will automatically lose when time's up. (requested by p0x3469cc3)\n|inactive|p0y346a053 also wants the timer to be on.\n|\n|t:|1783543664\n|switch|p2a: Slaking|Slaking, L84, M|100/100\n|move|p1a: Overqwil|Swords Dance|p1a: Overqwil\n|-boost|p1a: Overqwil|atk|2\n|\n|upkeep\n|turn|2\n|inactive|Time left: 300 sec this turn | 300 sec total\n|\n|t:|1783543666\n|move|p2a: Slaking|Giga Impact|p1a: Overqwil\n|-damage|p1a: Overqwil|0 fnt\n|-mustrecharge|p2a: Slaking\n|faint|p1a: Overqwil\n|\n|upkeep\n|inactive|Time left: 300 sec this turn | 300 sec total | 5 sec grace\n|\n|t:|1783543667\n|switch|p1a: Spectrier|Spectrier, L75|274/274\n|turn|3\n|inactive|Time left: 300 sec this turn | 300 sec total\n|\n|t:|1783543668\n|move|p1a: Spectrier|Nasty Plot|p1a: Spectrier\n|-boost|p1a: Spectrier|spa|2\n|cant|p2a: Slaking|recharge\n|\n|upkeep\n|turn|4\n|inactive|Time left: 300 sec this turn | 300 sec total\n|\n|t:|1783543669\n|switch|p2a: Noctowl|Noctowl, L95, M|100/100\n|move|p1a: Spectrier|Shadow Ball|p2a: Noctowl\n|-immune|p2a: Noctowl\n|\n|upkeep\n|turn|5\n|inactive|Time left: 300 sec this turn | 300 sec total\n|\n|t:|1783543670\n|move|p1a: Spectrier|Dark Pulse|p2a: Noctowl\n|-damage|p2a: Noctowl|70/100\n|move|p2a: Noctowl|Nasty Plot|p2a: Noctowl\n|-boost|p2a: Noctowl|spa|2\n|\n|upkeep\n|turn|6\n|inactive|Time left: 300 sec this turn | 300 sec total\n|\n|t:|1783543671\n|move|p1a: Spectrier|Substitute|p1a: Spectrier\n|-start|p1a: Spectrier|Substitute\n|-damage|p1a: Spectrier|206/274\n|move|p2a: Noctowl|Hurricane|p1a: Spectrier|[miss]\n|-miss|p2a: Noctowl|p1a: Spectrier\n|\n|-heal|p1a: Spectrier|223/274|[from] item: Leftovers\n|upkeep\n|turn|7\n|inactive|Time left: 300 sec this turn | 300 sec total\n|\n|t:|1783543672\n|move|p1a: Spectrier|Dark Pulse|p2a: Noctowl\n|-damage|p2a: Noctowl|39/100\n|move|p2a: Noctowl|Hurricane|p1a: Spectrier\n|-end|p1a: Spectrier|Substitute\n|\n|-heal|p1a: Spectrier|240/274|[from] item: Leftovers\n|upkeep\n|turn|8\n|inactive|Time left: 300 sec this turn | 300 sec total\n|\n|t:|1783543674\n|-terastallize|p1a: Spectrier|Dark\n|move|p1a: Spectrier|Dark Pulse|p2a: Noctowl\n|-damage|p2a: Noctowl|0 fnt\n|faint|p2a: Noctowl\n|-ability|p1a: Spectrier|Grim Neigh|boost\n|-boost|p1a: Spectrier|spa|1\n|\n|-heal|p1a: Spectrier|257/274|[from] item: Leftovers\n|upkeep\n|\n|t:|1783543675\n|switch|p2a: Virizion|Virizion, L82|100/100\n|turn|9\n|inactive|Time left: 300 sec this turn | 300 sec total\n|\n|t:|1783543676\n|move|p1a: Spectrier|Shadow Ball|p2a: Virizion\n|-damage|p2a: Virizion|37/100\n|move|p2a: Virizion|Close Combat|p1a: Spectrier\n|-supereffective|p1a: Spectrier\n|-damage|p1a: Spectrier|0 fnt\n|-unboost|p2a: Virizion|def|1\n|-unboost|p2a: Virizion|spd|1\n|faint|p1a: Spectrier\n|-damage|p2a: Virizion|27/100|[from] item: Life Orb\n|\n|upkeep\n|inactive|Time left: 300 sec this turn | 300 sec total | 5 sec grace\n|\n|t:|1783543676\n|switch|p1a: Cloyster|Cloyster, L80, F|211/211\n|turn|10\n|inactive|Time left: 300 sec this turn | 300 sec total\n|\n|t:|1783543677\n|switch|p2a: Slaking|Slaking, L84, M|100/100\n|move|p1a: Cloyster|Shell Smash|p1a: Cloyster\n|-unboost|p1a: Cloyster|def|1\n|-unboost|p1a: Cloyster|spd|1\n|-boost|p1a: Cloyster|atk|2\n|-boost|p1a: Cloyster|spa|2\n|-boost|p1a: Cloyster|spe|2\n|-enditem|p1a: Cloyster|White Herb\n|-clearnegativeboost|p1a: Cloyster|[silent]\n|\n|upkeep\n|turn|11\n|inactive|Time left: 300 sec this turn | 300 sec total\n|\n|t:|1783543678\n|-terastallize|p2a: Slaking|Normal\n|move|p1a: Cloyster|Icicle Spear|p2a: Slaking\n|-damage|p2a: Slaking|88/100\n|-damage|p2a: Slaking|77/100\n|-damage|p2a: Slaking|65/100\n|-damage|p2a: Slaking|54/100\n|-damage|p2a: Slaking|42/100\n|-hitcount|p2a: Slaking|5\n|move|p2a: Slaking|Giga Impact|p1a: Cloyster\n|-damage|p1a: Cloyster|0 fnt\n|-mustrecharge|p2a: Slaking\n|faint|p1a: Cloyster\n|\n|upkeep\n|inactive|Time left: 300 sec this turn | 300 sec total | 5 sec grace\n|\n|t:|1783543679\n|switch|p1a: Metagross|Metagross, L79|256/256\n|turn|12\n|inactive|Time left: 300 sec this turn | 300 sec total\n|\n|t:|1783543680\n|cant|p2a: Slaking|recharge\n|move|p1a: Metagross|Heavy Slam|p2a: Slaking\n|-damage|p2a: Slaking|13/100\n|\n|upkeep\n|turn|13\n|inactive|Time left: 300 sec this turn | 300 sec total\n|\n|t:|1783543681\n|move|p2a: Slaking|Giga Impact|p1a: Metagross\n|-resisted|p1a: Metagross\n|-damage|p1a: Metagross|80/256\n|-mustrecharge|p2a: Slaking\n|move|p1a: Metagross|Stealth Rock|p2a: Slaking\n|-sidestart|p2: p0y346a053|move: Stealth Rock\n|\n|-heal|p1a: Metagross|96/256|[from] item: Leftovers\n|upkeep\n|turn|14\n|inactive|Time left: 300 sec this turn | 300 sec total\n|\n|t:|1783543682\n|cant|p2a: Slaking|recharge\n|move|p1a: Metagross|Psychic Fangs|p2a: Slaking\n|-damage|p2a: Slaking|0 fnt\n|faint|p2a: Slaking\n|\n|-heal|p1a: Metagross|112/256|[from] item: Leftovers\n|upkeep\n|\n|t:|1783543683\n|switch|p2a: Blastoise|Blastoise, L80, M|100/100\n|-damage|p2a: Blastoise|88/100|[from] Stealth Rock\n|turn|15\n|inactive|Time left: 300 sec this turn | 300 sec total\n|\n|t:|1783543684\n|switch|p1a: Primarina|Primarina, L83, M|268/268\n|move|p2a: Blastoise|Shell Smash|p2a: Blastoise\n|-unboost|p2a: Blastoise|def|1\n|-unboost|p2a: Blastoise|spd|1\n|-boost|p2a: Blastoise|atk|2\n|-boost|p2a: Blastoise|spa|2\n|-boost|p2a: Blastoise|spe|2\n|-enditem|p2a: Blastoise|White Herb\n|-clearnegativeboost|p2a: Blastoise|[silent]\n|\n|upkeep\n|turn|16\n|inactive|Time left: 300 sec this turn | 300 sec total\n|\n|t:|1783543685\n|move|p2a: Blastoise|Earthquake|p1a: Primarina\n|-damage|p1a: Primarina|132/268\n|move|p1a: Primarina|Moonblast|p2a: Blastoise\n|-damage|p2a: Blastoise|45/100\n|\n|-heal|p1a: Primarina|148/268|[from] item: Leftovers\n|upkeep\n|turn|17\n|inactive|Time left: 300 sec this turn | 300 sec total\n|\n|t:|1783543686\n|move|p2a: Blastoise|Earthquake|p1a: Primarina\n|-damage|p1a: Primarina|17/268\n|move|p1a: Primarina|Moonblast|p2a: Blastoise\n|-damage|p2a: Blastoise|3/100\n|-unboost|p2a: Blastoise|spa|1\n|\n|-heal|p1a: Primarina|33/268|[from] item: Leftovers\n|upkeep\n|turn|18\n|inactive|Time left: 300 sec this turn | 300 sec total\n|\n|t:|1783543688\n|move|p2a: Blastoise|Earthquake|p1a: Primarina\n|-damage|p1a: Primarina|0 fnt\n|faint|p1a: Primarina\n|\n|upkeep\n|inactive|Time left: 300 sec this turn | 300 sec total | 5 sec grace\n|\n|t:|1783543689\n|switch|p1a: Arbok|Arbok, L87, F|246/246\n|-ability|p1a: Arbok|Intimidate|boost\n|-unboost|p2a: Blastoise|atk|1\n|turn|19\n|inactive|Time left: 300 sec this turn | 300 sec total\n|\n|t:|1783543690\n|move|p1a: Arbok|Sucker Punch|p2a: Blastoise\n|-damage|p2a: Blastoise|0 fnt\n|faint|p2a: Blastoise\n|\n|upkeep\n|\n|t:|1783543691\n|switch|p2a: Overqwil|Overqwil, L82, M|100/100\n|-damage|p2a: Overqwil|88/100|[from] Stealth Rock\n|-ability|p2a: Overqwil|Intimidate|boost\n|-unboost|p1a: Arbok|atk|1\n|turn|20\n|inactive|Time left: 300 sec this turn | 300 sec total\n|\n|t:|1783543692\n|move|p1a: Arbok|Coil|p1a: Arbok\n|-boost|p1a: Arbok|atk|1\n|-boost|p1a: Arbok|def|1\n|-boost|p1a: Arbok|accuracy|1\n|move|p2a: Overqwil|Swords Dance|p2a: Overqwil\n|-boost|p2a: Overqwil|atk|2\n|\n|upkeep\n|turn|21\n|inactive|Time left: 300 sec this turn | 300 sec total\n|\n|t:|1783543692\n|move|p1a: Arbok|Coil|p1a: Arbok\n|-boost|p1a: Arbok|atk|1\n|-boost|p1a: Arbok|def|1\n|-boost|p1a: Arbok|accuracy|1\n|move|p2a: Overqwil|Crunch|p1a: Arbok\n|-damage|p1a: Arbok|146/246\n|\n|-heal|p1a: Arbok|161/246|[from] item: Leftovers\n|upkeep\n|turn|22\n|inactive|Time left: 300 sec this turn | 300 sec total\n|\n|t:|1783543693\n|move|p1a: Arbok|Earthquake|p2a: Overqwil\n|-supereffective|p2a: Overqwil\n|-damage|p2a: Overqwil|6/100\n|move|p2a: Overqwil|Scale Shot|p1a: Arbok\n|-damage|p1a: Arbok|137/246\n|-damage|p1a: Arbok|115/246\n|-damage|p1a: Arbok|92/246\n|-damage|p1a: Arbok|71/246\n|-hitcount|p1a: Arbok|4\n|-unboost|p2a: Overqwil|def|1\n|-boost|p2a: Overqwil|spe|1\n|\n|-heal|p1a: Arbok|86/246|[from] item: Leftovers\n|upkeep\n|turn|23\n|inactive|Time left: 300 sec this turn | 300 sec total\n|\n|t:|1783543694\n|move|p1a: Arbok|Sucker Punch||[still]\n|-fail|p1a: Arbok\n|move|p2a: Overqwil|Swords Dance|p2a: Overqwil\n|-boost|p2a: Overqwil|atk|2\n|\n|-heal|p1a: Arbok|101/246|[from] item: Leftovers\n|upkeep\n|turn|24\n|inactive|Time left: 300 sec this turn | 300 sec total\n|\n|t:|1783543695\n|move|p1a: Arbok|Sucker Punch||[still]\n|-fail|p1a: Arbok\n|move|p2a: Overqwil|Swords Dance|p2a: Overqwil\n|-boost|p2a: Overqwil|atk|2\n|\n|-heal|p1a: Arbok|116/246|[from] item: Leftovers\n|upkeep\n|turn|25\n|inactive|Time left: 300 sec this turn | 300 sec total\n|\n|t:|1783543696\n|move|p1a: Arbok|Sucker Punch||[still]\n|-fail|p1a: Arbok\n|move|p2a: Overqwil|Swords Dance|p2a: Overqwil\n|-boost|p2a: Overqwil|atk|0\n|\n|-heal|p1a: Arbok|131/246|[from] item: Leftovers\n|upkeep\n|turn|26\n|inactive|Time left: 300 sec this turn | 300 sec total\n|\n|t:|1783543697\n|move|p1a: Arbok|Sucker Punch||[still]\n|-fail|p1a: Arbok\n|move|p2a: Overqwil|Swords Dance|p2a: Overqwil\n|-boost|p2a: Overqwil|atk|0\n|\n|-heal|p1a: Arbok|146/246|[from] item: Leftovers\n|upkeep\n|turn|27\n|inactive|Time left: 300 sec this turn | 300 sec total\n|\n|t:|1783543698\n|move|p1a: Arbok|Sucker Punch||[still]\n|-fail|p1a: Arbok\n|move|p2a: Overqwil|Swords Dance|p2a: Overqwil\n|-boost|p2a: Overqwil|atk|0\n|\n|-heal|p1a: Arbok|161/246|[from] item: Leftovers\n|upkeep\n|turn|28\n|inactive|Time left: 300 sec this turn | 300 sec total\n|\n|t:|1783543699\n|move|p1a: Arbok|Sucker Punch||[still]\n|-fail|p1a: Arbok\n|move|p2a: Overqwil|Swords Dance|p2a: Overqwil\n|-boost|p2a: Overqwil|atk|0\n|\n|-heal|p1a: Arbok|176/246|[from] item: Leftovers\n|upkeep\n|turn|29\n|inactive|Time left: 300 sec this turn | 300 sec total\n|\n|t:|1783543700\n|move|p1a: Arbok|Sucker Punch||[still]\n|-fail|p1a: Arbok\n|move|p2a: Overqwil|Swords Dance|p2a: Overqwil\n|-boost|p2a: Overqwil|atk|0\n|\n|-heal|p1a: Arbok|191/246|[from] item: Leftovers\n|upkeep\n|turn|30\n|inactive|Time left: 300 sec this turn | 300 sec total\n|\n|t:|1783543701\n|move|p2a: Overqwil|Crunch|p1a: Arbok\n|-damage|p1a: Arbok|0 fnt\n|faint|p1a: Arbok\n|\n|upkeep\n|inactive|Time left: 300 sec this turn | 300 sec total | 5 sec grace\n|\n|t:|1783543702\n|switch|p1a: Metagross|Metagross, L79|112/256\n|turn|31\n|inactive|Time left: 300 sec this turn | 300 sec total\n|\n|t:|1783543703\n|move|p2a: Overqwil|Crunch|p1a: Metagross\n|-supereffective|p1a: Metagross\n|-damage|p1a: Metagross|0 fnt\n|faint|p1a: Metagross\n|\n|win|p0y346a053", "uploadtime": 1783543703, "views": 0, "rating": 0, "private": 0, "password": null, "_winner": "p0y346a053", "_our_name": "p0x3469cc3"}