{"id": "battle-gen9randombattle-35", "formatid": "gen9randombattle", "format": "[Gen 9] Random Battle", "players": ["p0x035cbc4", "p0y0351467"], "log": "|init|battle\n|title|p0x035cbc4 vs. p0y0351467\n|j|\u2606p0x035cbc4\n|j|\u2606p0y0351467\n|t:|1783534211\n|gametype|singles\n|player|p1|p0x035cbc4|170|\n|player|p2|p0y0351467|265|\n|gen|9\n|tier|[Gen 9] Random Battle\n|rule|Species Clause: Limit one of each Pok\u00e9mon\n|rule|HP Percentage Mod: HP is shown in percentages\n|rule|Sleep Clause Mod: Limit one foe put to sleep\n|rule|Illusion Level Mod: Illusion disguises the Pok\u00e9mon's true level\n|\n|t:|1783534211\n|teamsize|p1|6\n|teamsize|p2|6\n|start\n|switch|p1a: Vespiquen|Vespiquen, L99, F|100/100\n|switch|p2a: Iron Crown|Iron Crown, L78|268/268\n|-ability|p1a: Vespiquen|Pressure\n|turn|1\n|inactive|Battle timer is ON: inactive players will automatically lose when time's up. (requested by p0x035cbc4)\n|inactive|Time left: 300 sec this turn | 300 sec total | 60 sec grace\n|inactive|p0y0351467 also wants the timer to be on.\n|\n|t:|1783534212\n|move|p2a: Iron Crown|Tachyon Cutter|p1a: Vespiquen\n|-damage|p1a: Vespiquen|80/100\n|-damage|p1a: Vespiquen|58/100\n|-hitcount|p1a: Vespiquen|2\n|move|p1a: Vespiquen|Hurricane|p2a: Iron Crown\n|-resisted|p2a: Iron Crown\n|-damage|p2a: Iron Crown|205/268\n|\n|upkeep\n|turn|2\n|inactive|Time left: 300 sec this turn | 300 sec total\n|\n|t:|1783534213\n|move|p2a: Iron Crown|Tachyon Cutter|p1a: Vespiquen\n|-damage|p1a: Vespiquen|38/100\n|-damage|p1a: Vespiquen|18/100\n|-hitcount|p1a: Vespiquen|2\n|move|p1a: Vespiquen|Roost|p1a: Vespiquen\n|-heal|p1a: Vespiquen|68/100\n|-singleturn|p1a: Vespiquen|move: Roost\n|\n|upkeep\n|turn|3\n|inactive|Time left: 300 sec this turn | 300 sec total\n|\n|t:|1783534214\n|move|p2a: Iron Crown|Tachyon Cutter|p1a: Vespiquen\n|-damage|p1a: Vespiquen|48/100\n|-damage|p1a: Vespiquen|25/100\n|-hitcount|p1a: Vespiquen|2\n|move|p1a: Vespiquen|Roost|p1a: Vespiquen\n|-heal|p1a: Vespiquen|75/100\n|-singleturn|p1a: Vespiquen|move: Roost\n|\n|upkeep\n|turn|4\n|inactive|Time left: 300 sec this turn | 300 sec total\n|\n|t:|1783534215\n|move|p2a: Iron Crown|Tachyon Cutter|p1a: Vespiquen\n|-damage|p1a: Vespiquen|52/100\n|-damage|p1a: Vespiquen|31/100\n|-hitcount|p1a: Vespiquen|2\n|move|p1a: Vespiquen|U-turn|p2a: Iron Crown\n|-crit|p2a: Iron Crown\n|-damage|p2a: Iron Crown|78/268\n|\n|t:|1783534217\n|switch|p1a: Pincurchin|Pincurchin, M|100/100|[from] U-turn\n|-fieldstart|move: Electric Terrain|[from] ability: Electric Surge|[of] p1a: Pincurchin\n|-activate|p2a: Iron Crown|ability: Quark Drive\n|-start|p2a: Iron Crown|quarkdrivespa\n|\n|upkeep\n|turn|5\n|inactive|Time left: 300 sec this turn | 300 sec total\n|\n|t:|1783534218\n|move|p2a: Iron Crown|Tachyon Cutter|p1a: Pincurchin\n|-resisted|p1a: Pincurchin\n|-damage|p1a: Pincurchin|82/100\n|-resisted|p1a: Pincurchin\n|-damage|p1a: Pincurchin|66/100\n|-hitcount|p1a: Pincurchin|2\n|move|p1a: Pincurchin|Zing Zap|p2a: Iron Crown\n|-damage|p2a: Iron Crown|0 fnt\n|faint|p2a: Iron Crown\n|-end|p2a: Iron Crown|Quark Drive|[silent]\n|\n|-heal|p1a: Pincurchin|72/100|[from] item: Leftovers\n|upkeep\n|inactive|Time left: 300 sec this turn | 300 sec total | 5 sec grace\n|\n|t:|1783534219\n|switch|p2a: Koraidon|Koraidon, L64|235/235\n|-weather|SunnyDay|[from] ability: Orichalcum Pulse|[of] p2a: Koraidon\n|-activate|p2a: Koraidon|Orichalcum Pulse|[source]\n|turn|6\n|inactive|Time left: 300 sec this turn | 300 sec total\n|\n|t:|1783534220\n|move|p2a: Koraidon|Outrage|p1a: Pincurchin\n|-damage|p1a: Pincurchin|11/100\n|move|p1a: Pincurchin|Zing Zap|p2a: Koraidon\n|-resisted|p2a: Koraidon\n|-damage|p2a: Koraidon|157/235\n|\n|-weather|SunnyDay|[upkeep]\n|-heal|p1a: Pincurchin|18/100|[from] item: Leftovers\n|upkeep\n|turn|7\n|inactive|Time left: 300 sec this turn | 300 sec total\n|\n|t:|1783534221\n|switch|p1a: Kingambit|Kingambit, L74, M|100/100\n|move|p2a: Koraidon|Outrage|p1a: Kingambit|[from] lockedmove\n|-resisted|p1a: Kingambit\n|-damage|p1a: Kingambit|66/100\n|\n|-weather|SunnyDay|[upkeep]\n|-heal|p1a: Kingambit|72/100|[from] item: Leftovers\n|upkeep\n|turn|8\n|inactive|Time left: 300 sec this turn | 300 sec total\n|\n|t:|1783534222\n|move|p2a: Koraidon|Outrage|p1a: Kingambit|[from] lockedmove\n|-resisted|p1a: Kingambit\n|-damage|p1a: Kingambit|39/100\n|-start|p2a: Koraidon|confusion|[fatigue]\n|move|p1a: Kingambit|Swords Dance|p1a: Kingambit\n|-boost|p1a: Kingambit|atk|2\n|\n|-weather|SunnyDay|[upkeep]\n|-heal|p1a: Kingambit|45/100|[from] item: Leftovers\n|-fieldend|move: Electric Terrain\n|upkeep\n|turn|9\n|inactive|Time left: 300 sec this turn | 300 sec total\n|\n|t:|1783534223\n|switch|p2a: Crawdaunt|Crawdaunt, L84, F|243/243\n|move|p1a: Kingambit|Iron Head|p2a: Crawdaunt\n|-resisted|p2a: Crawdaunt\n|-damage|p2a: Crawdaunt|157/243\n|\n|-weather|SunnyDay|[upkeep]\n|-heal|p1a: Kingambit|50/100|[from] item: Leftovers\n|upkeep\n|turn|10\n|inactive|Time left: 300 sec this turn | 300 sec total\n|\n|t:|1783534224\n|move|p2a: Crawdaunt|Close Combat|p1a: Kingambit\n|-supereffective|p1a: Kingambit\n|-damage|p1a: Kingambit|0 fnt\n|-unboost|p2a: Crawdaunt|def|1\n|-unboost|p2a: Crawdaunt|spd|1\n|faint|p1a: Kingambit\n|-end|p1a: Kingambit|fallenundefined|[silent]\n|-damage|p2a: Crawdaunt|133/243|[from] item: Life Orb\n|\n|-weather|none\n|upkeep\n|\n|t:|1783534225\n|switch|p1a: Koraidon|Koraidon, L64|100/100\n|-weather|SunnyDay|[from] ability: Orichalcum Pulse|[of] p1a: Koraidon\n|-activate|p1a: Koraidon|Orichalcum Pulse|[source]\n|turn|11\n|inactive|Time left: 300 sec this turn | 300 sec total\n|\n|t:|1783534226\n|switch|p2a: Venusaur|Venusaur, L84, F|272/272\n|move|p1a: Koraidon|Scale Shot|p2a: Venusaur\n|-damage|p2a: Venusaur|242/272\n|-damage|p2a: Venusaur|215/272\n|-damage|p2a: Venusaur|187/272\n|-crit|p2a: Venusaur\n|-damage|p2a: Venusaur|141/272\n|-hitcount|p2a: Venusaur|4\n|-unboost|p1a: Koraidon|def|1\n|-boost|p1a: Koraidon|spe|1\n|\n|-weather|SunnyDay|[upkeep]\n|-heal|p2a: Venusaur|158/272|[from] item: Leftovers\n|upkeep\n|turn|12\n|inactive|Time left: 300 sec this turn | 300 sec total\n|\n|t:|1783534227\n|move|p1a: Koraidon|Flare Blitz|p2a: Venusaur\n|-supereffective|p2a: Venusaur\n|-damage|p2a: Venusaur|0 fnt\n|faint|p2a: Venusaur\n|-damage|p1a: Koraidon|78/100|[from] Recoil\n|\n|-weather|SunnyDay|[upkeep]\n|upkeep\n|inactive|Time left: 300 sec this turn | 300 sec total | 5 sec grace\n|\n|t:|1783534228\n|switch|p2a: Koraidon|Koraidon, L64|157/235\n|-activate|p2a: Koraidon|ability: Orichalcum Pulse\n|turn|13\n|inactive|Time left: 300 sec this turn | 300 sec total\n|\n|t:|1783534229\n|-terastallize|p2a: Koraidon|Fire\n|move|p1a: Koraidon|Scale Shot|p2a: Koraidon\n|-damage|p2a: Koraidon|130/235\n|-damage|p2a: Koraidon|102/235\n|-crit|p2a: Koraidon\n|-damage|p2a: Koraidon|56/235\n|-damage|p2a: Koraidon|25/235\n|-crit|p2a: Koraidon\n|-damage|p2a: Koraidon|0 fnt\n|faint|p2a: Koraidon\n|-hitcount|p2: Koraidon|5\n|-unboost|p1a: Koraidon|def|1\n|-boost|p1a: Koraidon|spe|1\n|\n|-weather|SunnyDay|[upkeep]\n|upkeep\n|inactive|Time left: 300 sec this turn | 300 sec total | 5 sec grace\n|\n|t:|1783534230\n|switch|p2a: Dunsparce|Dunsparce, L86, M|312/312\n|turn|14\n|inactive|Time left: 300 sec this turn | 300 sec total\n|\n|t:|1783534231\n|move|p1a: Koraidon|Collision Course|p2a: Dunsparce\n|-supereffective|p2a: Dunsparce\n|-damage|p2a: Dunsparce|78/312\n|move|p2a: Dunsparce|Body Slam|p1a: Koraidon\n|-damage|p1a: Koraidon|7/100\n|-status|p1a: Koraidon|par\n|\n|-weather|SunnyDay|[upkeep]\n|upkeep\n|turn|15\n|inactive|Time left: 300 sec this turn | 300 sec total\n|\n|t:|1783534232\n|move|p1a: Koraidon|Scale Shot|p2a: Dunsparce\n|-crit|p2a: Dunsparce\n|-damage|p2a: Dunsparce|45/312\n|-damage|p2a: Dunsparce|23/312\n|-damage|p2a: Dunsparce|0 fnt\n|faint|p2a: Dunsparce\n|-hitcount|p2: Dunsparce|3\n|-unboost|p1a: Koraidon|def|1\n|-boost|p1a: Koraidon|spe|1\n|\n|-weather|none\n|upkeep\n|inactive|Time left: 300 sec this turn | 300 sec total | 5 sec grace\n|\n|t:|1783534232\n|switch|p2a: Bisharp|Bisharp, L79, F|232/232\n|turn|16\n|inactive|Time left: 300 sec this turn | 300 sec total\n|\n|t:|1783534233\n|move|p2a: Bisharp|Sucker Punch|p1a: Koraidon\n|-resisted|p1a: Koraidon\n|-damage|p1a: Koraidon|0 fnt\n|faint|p1a: Koraidon\n|\n|upkeep\n|\n|t:|1783534234\n|switch|p1a: Torkoal|Torkoal, L88, M|100/100\n|-weather|SunnyDay|[from] ability: Drought|[of] p1a: Torkoal\n|turn|17\n|inactive|Time left: 300 sec this turn | 300 sec total\n|\n|t:|1783534235\n|switch|p2a: Crawdaunt|Crawdaunt, L84, F|133/243\n|move|p1a: Torkoal|Lava Plume|p2a: Crawdaunt\n|-resisted|p2a: Crawdaunt\n|-damage|p2a: Crawdaunt|50/243\n|-status|p2a: Crawdaunt|brn\n|\n|-weather|SunnyDay|[upkeep]\n|-damage|p2a: Crawdaunt|35/243 brn|[from] brn\n|upkeep\n|turn|18\n|inactive|Time left: 300 sec this turn | 300 sec total\n|\n|t:|1783534236\n|move|p2a: Crawdaunt|Crabhammer|p1a: Torkoal\n|-supereffective|p1a: Torkoal\n|-damage|p1a: Torkoal|72/100\n|-damage|p2a: Crawdaunt|11/243 brn|[from] item: Life Orb\n|move|p1a: Torkoal|Rapid Spin|p2a: Crawdaunt\n|-crit|p2a: Crawdaunt\n|-damage|p2a: Crawdaunt|0 fnt\n|-boost|p1a: Torkoal|spe|1\n|faint|p2a: Crawdaunt\n|\n|-weather|SunnyDay|[upkeep]\n|upkeep\n|inactive|Time left: 300 sec this turn | 300 sec total | 5 sec grace\n|\n|t:|1783534237\n|switch|p2a: Bisharp|Bisharp, L79, F|232/232\n|turn|19\n|inactive|Time left: 300 sec this turn | 300 sec total\n|\n|t:|1783534237\n|move|p2a: Bisharp|Iron Head|p1a: Torkoal\n|-resisted|p1a: Torkoal\n|-damage|p1a: Torkoal|61/100\n|move|p1a: Torkoal|Lava Plume|p2a: Bisharp\n|-supereffective|p2a: Bisharp\n|-damage|p2a: Bisharp|2/232\n|\n|-weather|SunnyDay|[upkeep]\n|upkeep\n|turn|20\n|inactive|Time left: 300 sec this turn | 300 sec total\n|\n|t:|1783534238\n|move|p2a: Bisharp|Iron Head|p1a: Torkoal\n|-resisted|p1a: Torkoal\n|-damage|p1a: Torkoal|49/100\n|move|p1a: Torkoal|Lava Plume|p2a: Bisharp\n|-supereffective|p2a: Bisharp\n|-damage|p2a: Bisharp|0 fnt\n|faint|p2a: Bisharp\n|\n|win|p0x035cbc4", "uploadtime": 1783534238, "views": 0, "rating": 0, "private": 0, "password": null, "_winner": "p0x035cbc4", "_our_name": "p0y0351467"}