{"id": "battle-gen9randombattle-2869", "formatid": "gen9randombattle", "format": "[Gen 9] Random Battle", "players": ["p0x28696fc7", "p0y2869246d"], "log": "|init|battle\n|title|p0x28696fc7 vs. p0y2869246d\n|j|\u2606p0x28696fc7\n|j|\u2606p0y2869246d\n|t:|1783573041\n|gametype|singles\n|player|p1|p0x28696fc7|102|\n|player|p2|p0y2869246d|102|\n|gen|9\n|tier|[Gen 9] Random Battle\n|rule|Species Clause: Limit one of each Pok\u00e9mon\n|rule|HP Percentage Mod: HP is shown in percentages\n|rule|Sleep Clause Mod: Limit one foe put to sleep\n|rule|Illusion Level Mod: Illusion disguises the Pok\u00e9mon's true level\n|\n|t:|1783573041\n|teamsize|p1|6\n|teamsize|p2|6\n|start\n|switch|p1a: Arboliva|Arboliva, L91, M|288/288\n|switch|p2a: Clawitzer|Clawitzer, L87, F|100/100\n|turn|1\n|inactive|Battle timer is ON: inactive players will automatically lose when time's up. (requested by p0x28696fc7)\n|inactive|p0y2869246d also wants the timer to be on.\n|\n|t:|1783573042\n|move|p1a: Arboliva|Protect|p1a: Arboliva\n|-singleturn|p1a: Arboliva|Protect\n|move|p2a: Clawitzer|Dragon Pulse|p1a: Arboliva\n|-activate|p1a: Arboliva|move: Protect\n|\n|upkeep\n|turn|2\n|inactive|Time left: 300 sec this turn | 300 sec total\n|\n|t:|1783573043\n|move|p2a: Clawitzer|Dragon Pulse|p1a: Arboliva\n|-damage|p1a: Arboliva|164/288\n|move|p1a: Arboliva|Hyper Voice|p2a: Clawitzer\n|-damage|p2a: Clawitzer|55/100\n|\n|upkeep\n|turn|3\n|inactive|Time left: 300 sec this turn | 300 sec total\n|\n|t:|1783573045\n|move|p2a: Clawitzer|Dragon Pulse|p1a: Arboliva\n|-damage|p1a: Arboliva|24/288\n|-enditem|p1a: Arboliva|Sitrus Berry|[eat]\n|-heal|p1a: Arboliva|96/288|[from] item: Sitrus Berry\n|move|p1a: Arboliva|Hyper Voice|p2a: Clawitzer\n|-damage|p2a: Clawitzer|4/100\n|\n|upkeep\n|turn|4\n|inactive|Time left: 300 sec this turn | 300 sec total\n|\n|t:|1783573046\n|move|p2a: Clawitzer|Dragon Pulse|p1a: Arboliva\n|-damage|p1a: Arboliva|0 fnt\n|faint|p1a: Arboliva\n|\n|upkeep\n|inactive|Time left: 300 sec this turn | 300 sec total | 5 sec grace\n|\n|t:|1783573047\n|switch|p1a: Lurantis|Lurantis, L87, F|264/264\n|turn|5\n|inactive|Time left: 300 sec this turn | 300 sec total\n|\n|t:|1783573048\n|move|p2a: Clawitzer|Dragon Pulse|p1a: Lurantis\n|-damage|p1a: Lurantis|115/264\n|move|p1a: Lurantis|Leaf Storm|p2a: Clawitzer\n|-supereffective|p2a: Clawitzer\n|-damage|p2a: Clawitzer|0 fnt\n|-boost|p1a: Lurantis|spa|2\n|faint|p2a: Clawitzer\n|\n|-heal|p1a: Lurantis|131/264|[from] item: Leftovers\n|upkeep\n|\n|t:|1783573048\n|switch|p2a: Braviary|Braviary-Hisui, L85, M|100/100\n|turn|6\n|inactive|Time left: 300 sec this turn | 300 sec total\n|\n|t:|1783573050\n|switch|p1a: Luxray|Luxray, L88, F|284/284\n|-ability|p1a: Luxray|Intimidate|boost\n|-unboost|p2a: Braviary|atk|1\n|move|p2a: Braviary|Psychic|p1a: Luxray\n|-damage|p1a: Luxray|155/284\n|\n|upkeep\n|turn|7\n|inactive|Time left: 300 sec this turn | 300 sec total\n|\n|t:|1783573051\n|switch|p2a: Oranguru|Oranguru, L92, M|100/100\n|move|p1a: Luxray|Volt Switch|p2a: Oranguru\n|-damage|p2a: Oranguru|81/100\n|inactive|Time left: 300 sec this turn | 300 sec total | 5 sec grace\n|\n|t:|1783573051\n|switch|p1a: Squawkabilly|Squawkabilly-White, L89, F|291/291|[from] Volt Switch\n|\n|-heal|p2a: Oranguru|87/100|[from] item: Leftovers\n|upkeep\n|turn|8\n|inactive|Time left: 300 sec this turn | 300 sec total\n|\n|t:|1783573052\n|move|p1a: Squawkabilly|Double-Edge|p2a: Oranguru\n|-damage|p2a: Oranguru|0 fnt\n|faint|p2a: Oranguru\n|-damage|p1a: Squawkabilly|201/291|[from] Recoil\n|\n|upkeep\n|\n|t:|1783573053\n|switch|p2a: Braviary|Braviary-Hisui, L85, M|100/100\n|turn|9\n|inactive|Time left: 300 sec this turn | 300 sec total\n|\n|t:|1783573054\n|move|p1a: Squawkabilly|Double-Edge|p2a: Braviary\n|-damage|p2a: Braviary|0 fnt\n|faint|p2a: Braviary\n|-damage|p1a: Squawkabilly|93/291|[from] Recoil\n|\n|upkeep\n|\n|t:|1783573055\n|switch|p2a: Ribombee|Ribombee, L83, F|100/100\n|turn|10\n|inactive|Time left: 300 sec this turn | 300 sec total\n|\n|t:|1783573056\n|switch|p1a: Luxray|Luxray, L88, F|155/284\n|-ability|p1a: Luxray|Intimidate|boost\n|-unboost|p2a: Ribombee|atk|1\n|move|p2a: Ribombee|Sticky Web|p1a: Luxray\n|-sidestart|p1: p0x28696fc7|move: Sticky Web\n|\n|upkeep\n|turn|11\n|inactive|Time left: 300 sec this turn | 300 sec total\n|\n|t:|1783573057\n|move|p2a: Ribombee|U-turn|p1a: Luxray\n|-damage|p1a: Luxray|118/284\n|\n|t:|1783573058\n|switch|p2a: Serperior|Serperior, L79, M|100/100|[from] U-turn\n|move|p1a: Luxray|Volt Switch|p2a: Serperior\n|-resisted|p2a: Serperior\n|-damage|p2a: Serperior|85/100\n|inactive|Time left: 300 sec this turn | 300 sec total | 10 sec grace\n|\n|t:|1783573059\n|switch|p1a: Lurantis|Lurantis, L87, F|131/264|[from] Volt Switch\n|-activate|p1a: Lurantis|move: Sticky Web\n|-boost|p1a: Lurantis|spe|1\n|\n|-heal|p2a: Serperior|91/100|[from] item: Leftovers\n|-heal|p1a: Lurantis|147/264|[from] item: Leftovers\n|upkeep\n|turn|12\n|inactive|Time left: 300 sec this turn | 300 sec total\n|\n|t:|1783573060\n|move|p2a: Serperior|Leaf Storm|p1a: Lurantis\n|-resisted|p1a: Lurantis\n|-damage|p1a: Lurantis|99/264\n|-boost|p2a: Serperior|spa|2\n|move|p1a: Lurantis|Synthesis|p1a: Lurantis\n|-heal|p1a: Lurantis|231/264\n|\n|-heal|p2a: Serperior|97/100|[from] item: Leftovers\n|-heal|p1a: Lurantis|247/264|[from] item: Leftovers\n|upkeep\n|turn|13\n|inactive|Time left: 300 sec this turn | 300 sec total\n|\n|t:|1783573061\n|-terastallize|p2a: Serperior|Fire\n|move|p2a: Serperior|Tera Blast|p1a: Lurantis|[anim] Tera Blast Fire\n|-supereffective|p1a: Lurantis\n|-damage|p1a: Lurantis|29/264\n|move|p1a: Lurantis|Superpower|p2a: Serperior\n|-damage|p2a: Serperior|61/100\n|-boost|p1a: Lurantis|atk|1\n|-boost|p1a: Lurantis|def|1\n|\n|-heal|p2a: Serperior|67/100|[from] item: Leftovers\n|-heal|p1a: Lurantis|45/264|[from] item: Leftovers\n|upkeep\n|turn|14\n|inactive|Time left: 300 sec this turn | 300 sec total\n|\n|t:|1783573062\n|move|p2a: Serperior|Tera Blast|p1a: Lurantis|[anim] Tera Blast Fire\n|-supereffective|p1a: Lurantis\n|-damage|p1a: Lurantis|0 fnt\n|faint|p1a: Lurantis\n|\n|-heal|p2a: Serperior|73/100|[from] item: Leftovers\n|upkeep\n|inactive|Time left: 300 sec this turn | 300 sec total | 5 sec grace\n|\n|t:|1783573063\n|switch|p1a: Piloswine|Piloswine, L85, F|309/309\n|-activate|p1a: Piloswine|move: Sticky Web\n|-unboost|p1a: Piloswine|spe|1\n|turn|15\n|inactive|Time left: 300 sec this turn | 300 sec total\n|\n|t:|1783573064\n|-terastallize|p1a: Piloswine|Dragon\n|move|p2a: Serperior|Substitute|p2a: Serperior\n|-start|p2a: Serperior|Substitute\n|-damage|p2a: Serperior|48/100\n|move|p1a: Piloswine|Earthquake|p2a: Serperior\n|-supereffective|p2a: Serperior\n|-end|p2a: Serperior|Substitute\n|\n|-heal|p2a: Serperior|54/100|[from] item: Leftovers\n|upkeep\n|turn|16\n|inactive|Time left: 300 sec this turn | 300 sec total\n|\n|t:|1783573065\n|move|p2a: Serperior|Substitute|p2a: Serperior\n|-start|p2a: Serperior|Substitute\n|-damage|p2a: Serperior|29/100\n|move|p1a: Piloswine|Earthquake|p2a: Serperior\n|-supereffective|p2a: Serperior\n|-end|p2a: Serperior|Substitute\n|\n|-heal|p2a: Serperior|35/100|[from] item: Leftovers\n|upkeep\n|turn|17\n|inactive|Time left: 300 sec this turn | 300 sec total\n|\n|t:|1783573066\n|move|p2a: Serperior|Substitute|p2a: Serperior\n|-start|p2a: Serperior|Substitute\n|-damage|p2a: Serperior|10/100\n|move|p1a: Piloswine|Earthquake|p2a: Serperior\n|-supereffective|p2a: Serperior\n|-end|p2a: Serperior|Substitute\n|\n|-heal|p2a: Serperior|16/100|[from] item: Leftovers\n|upkeep\n|turn|18\n|inactive|Time left: 300 sec this turn | 300 sec total\n|\n|t:|1783573067\n|move|p2a: Serperior|Leech Seed|p1a: Piloswine\n|-start|p1a: Piloswine|move: Leech Seed\n|move|p1a: Piloswine|Earthquake|p2a: Serperior\n|-supereffective|p2a: Serperior\n|-damage|p2a: Serperior|0 fnt\n|faint|p2a: Serperior\n|\n|upkeep\n|\n|t:|1783573067\n|switch|p2a: Ribombee|Ribombee, L83, F|100/100\n|turn|19\n|inactive|Time left: 300 sec this turn | 300 sec total\n|\n|t:|1783573068\n|switch|p1a: Luxray|Luxray, L88, F|118/284\n|-activate|p1a: Luxray|move: Sticky Web\n|-unboost|p1a: Luxray|spe|1\n|-ability|p1a: Luxray|Intimidate|boost\n|-unboost|p2a: Ribombee|atk|1\n|move|p2a: Ribombee|Moonblast|p1a: Luxray\n|-damage|p1a: Luxray|54/284\n|\n|upkeep\n|turn|20\n|inactive|Time left: 300 sec this turn | 300 sec total\n|\n|t:|1783573069\n|move|p2a: Ribombee|Moonblast|p1a: Luxray\n|-damage|p1a: Luxray|0 fnt\n|faint|p1a: Luxray\n|\n|upkeep\n|inactive|Time left: 300 sec this turn | 300 sec total | 5 sec grace\n|\n|t:|1783573070\n|switch|p1a: Espathra|Espathra, L80, F|283/283\n|-activate|p1a: Espathra|move: Sticky Web\n|-unboost|p1a: Espathra|spe|1\n|turn|21\n|inactive|Time left: 300 sec this turn | 300 sec total\n|\n|t:|1783573071\n|move|p2a: Ribombee|U-turn|p1a: Espathra\n|-supereffective|p1a: Espathra\n|-crit|p1a: Espathra\n|-damage|p1a: Espathra|65/283\n|\n|t:|1783573072\n|switch|p2a: Giratina|Giratina, L75|100/100|[from] U-turn\n|-ability|p2a: Giratina|Pressure\n|move|p1a: Espathra|Calm Mind|p1a: Espathra\n|-boost|p1a: Espathra|spa|1\n|-boost|p1a: Espathra|spd|1\n|\n|-heal|p1a: Espathra|82/283|[from] item: Leftovers\n|-ability|p1a: Espathra|Speed Boost|boost\n|-boost|p1a: Espathra|spe|1\n|upkeep\n|turn|22\n|inactive|Time left: 300 sec this turn | 300 sec total\n|\n|t:|1783573073\n|move|p1a: Espathra|Calm Mind|p1a: Espathra\n|-boost|p1a: Espathra|spa|1\n|-boost|p1a: Espathra|spd|1\n|move|p2a: Giratina|Shadow Ball|p1a: Espathra\n|-supereffective|p1a: Espathra\n|-damage|p1a: Espathra|0 fnt\n|faint|p1a: Espathra\n|\n|upkeep\n|inactive|Time left: 300 sec this turn | 300 sec total | 5 sec grace\n|\n|t:|1783573074\n|switch|p1a: Squawkabilly|Squawkabilly-White, L89, F|93/291\n|turn|23\n|inactive|Time left: 300 sec this turn | 300 sec total\n|\n|t:|1783573075\n|move|p1a: Squawkabilly|Foul Play|p2a: Giratina\n|-supereffective|p2a: Giratina\n|-damage|p2a: Giratina|23/100\n|move|p2a: Giratina|Dragon Tail|p1a: Squawkabilly\n|-damage|p1a: Squawkabilly|26/291\n|drag|p1a: Piloswine|Piloswine, L85, F, tera:Dragon|309/309\n|-activate|p1a: Piloswine|move: Sticky Web\n|-unboost|p1a: Piloswine|spe|1\n|\n|-heal|p2a: Giratina|29/100|[from] item: Leftovers\n|upkeep\n|turn|24\n|inactive|Time left: 300 sec this turn | 300 sec total\n|\n|t:|1783573076\n|move|p2a: Giratina|Rest|p2a: Giratina\n|-status|p2a: Giratina|slp|[from] move: Rest\n|-heal|p2a: Giratina|100/100 slp|[silent]\n|move|p1a: Piloswine|Icicle Crash|p2a: Giratina\n|-supereffective|p2a: Giratina\n|-damage|p2a: Giratina|50/100 slp\n|\n|-heal|p2a: Giratina|56/100 slp|[from] item: Leftovers\n|upkeep\n|turn|25\n|inactive|Time left: 300 sec this turn | 300 sec total\n|\n|t:|1783573077\n|cant|p2a: Giratina|slp\n|move|p2a: Giratina|Sleep Talk|p2a: Giratina\n|move|p2a: Giratina|Shadow Ball|p1a: Piloswine|[from] move: Sleep Talk\n|-damage|p1a: Piloswine|245/309\n|move|p1a: Piloswine|Icicle Crash|p2a: Giratina\n|-supereffective|p2a: Giratina\n|-damage|p2a: Giratina|6/100 slp\n|\n|-heal|p2a: Giratina|12/100 slp|[from] item: Leftovers\n|upkeep\n|turn|26\n|inactive|Time left: 300 sec this turn | 300 sec total\n|\n|t:|1783573078\n|cant|p2a: Giratina|slp\n|move|p2a: Giratina|Sleep Talk|p2a: Giratina\n|move|p2a: Giratina|Dragon Tail|p1a: Piloswine|[from] move: Sleep Talk\n|-supereffective|p1a: Piloswine\n|-crit|p1a: Piloswine\n|-damage|p1a: Piloswine|135/309\n|drag|p1a: Squawkabilly|Squawkabilly-White, L89, F|26/291\n|\n|-heal|p2a: Giratina|18/100 slp|[from] item: Leftovers\n|upkeep\n|turn|27\n|inactive|Time left: 300 sec this turn | 300 sec total\n|\n|t:|1783573079\n|switch|p1a: Piloswine|Piloswine, L85, F, tera:Dragon|135/309\n|-activate|p1a: Piloswine|move: Sticky Web\n|-unboost|p1a: Piloswine|spe|1\n|-curestatus|p2a: Giratina|slp|[msg]\n|move|p2a: Giratina|Dragon Tail|p1a: Piloswine\n|-supereffective|p1a: Piloswine\n|-damage|p1a: Piloswine|63/309\n|drag|p1a: Squawkabilly|Squawkabilly-White, L89, F|26/291\n|\n|-heal|p2a: Giratina|24/100|[from] item: Leftovers\n|upkeep\n|turn|28\n|inactive|Time left: 300 sec this turn | 300 sec total\n|\n|t:|1783573079\n|switch|p1a: Piloswine|Piloswine, L85, F, tera:Dragon|63/309\n|-activate|p1a: Piloswine|move: Sticky Web\n|-unboost|p1a: Piloswine|spe|1\n|move|p2a: Giratina|Dragon Tail|p1a: Piloswine\n|-supereffective|p1a: Piloswine\n|-damage|p1a: Piloswine|0 fnt\n|faint|p1a: Piloswine\n|\n|-heal|p2a: Giratina|30/100|[from] item: Leftovers\n|upkeep\n|inactive|Time left: 300 sec this turn | 300 sec total | 5 sec grace\n|\n|t:|1783573080\n|switch|p1a: Squawkabilly|Squawkabilly-White, L89, F|26/291\n|turn|29\n|inactive|Time left: 300 sec this turn | 300 sec total\n|\n|t:|1783573081\n|move|p1a: Squawkabilly|Quick Attack|p2a: Giratina\n|-immune|p2a: Giratina\n|move|p2a: Giratina|Dragon Tail|p1a: Squawkabilly\n|-damage|p1a: Squawkabilly|0 fnt\n|faint|p1a: Squawkabilly\n|\n|win|p0y2869246d", "uploadtime": 1783573081, "views": 0, "rating": 0, "private": 0, "password": null, "_winner": "p0y2869246d", "_our_name": "p0x28696fc7"}