{"id": "battle-gen9randombattle-1901", "formatid": "gen9randombattle", "format": "[Gen 9] Random Battle", "players": ["p0x19019741", "p0y19011106"], "log": "|init|battle\n|title|p0x19019741 vs. p0y19011106\n|j|\u2606p0x19019741\n|j|\u2606p0y19011106\n|t:|1783561985\n|gametype|singles\n|player|p1|p0x19019741|170|\n|player|p2|p0y19011106|1|\n|gen|9\n|tier|[Gen 9] Random Battle\n|rule|Species Clause: Limit one of each Pok\u00e9mon\n|rule|HP Percentage Mod: HP is shown in percentages\n|rule|Sleep Clause Mod: Limit one foe put to sleep\n|rule|Illusion Level Mod: Illusion disguises the Pok\u00e9mon's true level\n|\n|t:|1783561985\n|teamsize|p1|6\n|teamsize|p2|6\n|start\n|switch|p1a: Amoonguss|Amoonguss, L82, F|100/100\n|switch|p2a: Rillaboom|Rillaboom, L79, F|288/288\n|-fieldstart|move: Grassy Terrain|[from] ability: Grassy Surge|[of] p2a: Rillaboom\n|turn|1\n|inactive|Battle timer is ON: inactive players will automatically lose when time's up. (requested by p0x19019741)\n|inactive|Time left: 300 sec this turn | 300 sec total | 60 sec grace\n|inactive|p0y19011106 also wants the timer to be on.\n|\n|t:|1783561987\n|move|p2a: Rillaboom|U-turn|p1a: Amoonguss\n|-damage|p1a: Amoonguss|71/100\n|-damage|p2a: Rillaboom|240/288|[from] item: Rocky Helmet|[of] p1a: Amoonguss\n|inactive|Time left: 300 sec this turn | 300 sec total | 65 sec grace\n|\n|t:|1783561988\n|switch|p2a: Gogoat|Gogoat, L88, F|360/360|[from] U-turn\n|move|p1a: Amoonguss|Sludge Bomb|p2a: Gogoat\n|-supereffective|p2a: Gogoat\n|-damage|p2a: Gogoat|192/360\n|\n|-heal|p2a: Gogoat|214/360|[from] Grassy Terrain\n|-heal|p2a: Gogoat|236/360|[from] item: Leftovers\n|-heal|p1a: Amoonguss|77/100|[from] Grassy Terrain\n|upkeep\n|turn|2\n|inactive|Time left: 300 sec this turn | 300 sec total\n|\n|t:|1783561989\n|move|p2a: Gogoat|Bulk Up|p2a: Gogoat\n|-boost|p2a: Gogoat|atk|1\n|-boost|p2a: Gogoat|def|1\n|move|p1a: Amoonguss|Toxic|p2a: Gogoat\n|-status|p2a: Gogoat|tox\n|\n|-heal|p2a: Gogoat|258/360 tox|[from] Grassy Terrain\n|-heal|p2a: Gogoat|280/360 tox|[from] item: Leftovers\n|-heal|p1a: Amoonguss|84/100|[from] Grassy Terrain\n|-damage|p2a: Gogoat|258/360 tox|[from] psn\n|upkeep\n|turn|3\n|inactive|Time left: 300 sec this turn | 300 sec total\n|\n|t:|1783561990\n|move|p2a: Gogoat|Bulk Up|p2a: Gogoat\n|-boost|p2a: Gogoat|atk|1\n|-boost|p2a: Gogoat|def|1\n|move|p1a: Amoonguss|Sludge Bomb|p2a: Gogoat\n|-supereffective|p2a: Gogoat\n|-damage|p2a: Gogoat|94/360 tox\n|\n|-heal|p2a: Gogoat|116/360 tox|[from] Grassy Terrain\n|-heal|p2a: Gogoat|138/360 tox|[from] item: Leftovers\n|-heal|p1a: Amoonguss|90/100|[from] Grassy Terrain\n|-damage|p2a: Gogoat|94/360 tox|[from] psn\n|upkeep\n|turn|4\n|inactive|Time left: 300 sec this turn | 300 sec total\n|\n|t:|1783561991\n|move|p2a: Gogoat|Milk Drink|p2a: Gogoat\n|-heal|p2a: Gogoat|274/360 tox\n|move|p1a: Amoonguss|Sludge Bomb|p2a: Gogoat\n|-supereffective|p2a: Gogoat\n|-damage|p2a: Gogoat|116/360 tox\n|\n|-heal|p2a: Gogoat|138/360 tox|[from] Grassy Terrain\n|-heal|p2a: Gogoat|160/360 tox|[from] item: Leftovers\n|-heal|p1a: Amoonguss|96/100|[from] Grassy Terrain\n|-damage|p2a: Gogoat|94/360 tox|[from] psn\n|upkeep\n|turn|5\n|inactive|Time left: 300 sec this turn | 300 sec total\n|\n|t:|1783561992\n|move|p2a: Gogoat|Milk Drink|p2a: Gogoat\n|-heal|p2a: Gogoat|274/360 tox\n|move|p1a: Amoonguss|Sludge Bomb|p2a: Gogoat\n|-supereffective|p2a: Gogoat\n|-damage|p2a: Gogoat|110/360 tox\n|\n|-heal|p2a: Gogoat|132/360 tox|[from] Grassy Terrain\n|-heal|p2a: Gogoat|154/360 tox|[from] item: Leftovers\n|-heal|p1a: Amoonguss|100/100|[from] Grassy Terrain\n|-damage|p2a: Gogoat|66/360 tox|[from] psn\n|-fieldend|move: Grassy Terrain\n|upkeep\n|turn|6\n|inactive|Time left: 300 sec this turn | 300 sec total\n|\n|t:|1783561994\n|move|p2a: Gogoat|Milk Drink|p2a: Gogoat\n|-heal|p2a: Gogoat|246/360 tox\n|move|p1a: Amoonguss|Sludge Bomb|p2a: Gogoat\n|-supereffective|p2a: Gogoat\n|-damage|p2a: Gogoat|84/360 tox\n|\n|-heal|p2a: Gogoat|106/360 tox|[from] item: Leftovers\n|-damage|p2a: Gogoat|0 fnt|[from] psn\n|faint|p2a: Gogoat\n|upkeep\n|inactive|Time left: 300 sec this turn | 300 sec total | 5 sec grace\n|\n|t:|1783561994\n|switch|p2a: Beartic|Beartic, L91, F|321/321\n|turn|7\n|inactive|Time left: 300 sec this turn | 300 sec total\n|\n|t:|1783561996\n|move|p2a: Beartic|Icicle Crash|p1a: Amoonguss\n|-supereffective|p1a: Amoonguss\n|-damage|p1a: Amoonguss|9/100\n|move|p1a: Amoonguss|Spore|p2a: Beartic\n|-status|p2a: Beartic|slp|[from] move: Spore\n|\n|upkeep\n|turn|8\n|inactive|Time left: 300 sec this turn | 300 sec total\n|\n|t:|1783561997\n|switch|p2a: Toxtricity|Toxtricity, L82, M|257/257\n|move|p1a: Amoonguss|Sludge Bomb|p2a: Toxtricity\n|-resisted|p2a: Toxtricity\n|-damage|p2a: Toxtricity|206/257\n|\n|upkeep\n|turn|9\n|inactive|Time left: 300 sec this turn | 300 sec total\n|\n|t:|1783561998\n|switch|p1a: Diancie|Diancie, L82|100/100\n|move|p2a: Toxtricity|Boomburst|p1a: Diancie\n|-resisted|p1a: Diancie\n|-damage|p1a: Diancie|86/100\n|\n|upkeep\n|turn|10\n|inactive|Time left: 300 sec this turn | 300 sec total\n|\n|t:|1783561999\n|switch|p2a: Rhydon|Rhydon, L85, F|317/317\n|move|p1a: Diancie|Diamond Storm|p2a: Rhydon\n|-resisted|p2a: Rhydon\n|-damage|p2a: Rhydon|290/317\n|\n|upkeep\n|turn|11\n|inactive|Time left: 300 sec this turn | 300 sec total\n|\n|t:|1783562000\n|move|p1a: Diancie|Earth Power|p2a: Rhydon\n|-supereffective|p2a: Rhydon\n|-damage|p2a: Rhydon|150/317\n|move|p2a: Rhydon|Earthquake|p1a: Diancie\n|-supereffective|p1a: Diancie\n|-damage|p1a: Diancie|5/100\n|\n|upkeep\n|turn|12\n|inactive|Time left: 300 sec this turn | 300 sec total\n|\n|t:|1783562001\n|move|p1a: Diancie|Earth Power|p2a: Rhydon\n|-supereffective|p2a: Rhydon\n|-damage|p2a: Rhydon|12/317\n|move|p2a: Rhydon|Earthquake|p1a: Diancie\n|-supereffective|p1a: Diancie\n|-damage|p1a: Diancie|0 fnt\n|faint|p1a: Diancie\n|\n|upkeep\n|\n|t:|1783562002\n|switch|p1a: Kricketune|Kricketune, L99, F|100/100\n|turn|13\n|inactive|Time left: 300 sec this turn | 300 sec total\n|\n|t:|1783562003\n|move|p1a: Kricketune|Knock Off|p2a: Rhydon\n|-damage|p2a: Rhydon|0 fnt\n|-enditem|p2a: Rhydon|Eviolite|[from] move: Knock Off|[of] p1a: Kricketune\n|faint|p2a: Rhydon\n|\n|upkeep\n|inactive|Time left: 300 sec this turn | 300 sec total | 5 sec grace\n|\n|t:|1783562004\n|switch|p2a: Toxtricity|Toxtricity, L82, M|206/257\n|turn|14\n|inactive|Time left: 300 sec this turn | 300 sec total\n|\n|t:|1783562004\n|move|p2a: Toxtricity|Overdrive|p1a: Kricketune\n|-damage|p1a: Kricketune|56/100\n|move|p1a: Kricketune|Knock Off|p2a: Toxtricity\n|-damage|p2a: Toxtricity|98/257\n|-enditem|p2a: Toxtricity|Choice Scarf|[from] move: Knock Off|[of] p1a: Kricketune\n|\n|upkeep\n|turn|15\n|inactive|Time left: 300 sec this turn | 300 sec total\n|\n|t:|1783562005\n|move|p1a: Kricketune|Sticky Web|p2a: Toxtricity\n|-sidestart|p2: p0y19011106|move: Sticky Web\n|move|p2a: Toxtricity|Boomburst|p1a: Kricketune\n|-damage|p1a: Kricketune|1/100\n|\n|upkeep\n|turn|16\n|inactive|Time left: 300 sec this turn | 300 sec total\n|\n|t:|1783562006\n|move|p1a: Kricketune|Pounce|p2a: Toxtricity\n|-resisted|p2a: Toxtricity\n|-damage|p2a: Toxtricity|39/257\n|-unboost|p2a: Toxtricity|spe|1\n|move|p2a: Toxtricity|Overdrive|p1a: Kricketune\n|-damage|p1a: Kricketune|0 fnt\n|faint|p1a: Kricketune\n|\n|upkeep\n|\n|t:|1783562007\n|switch|p1a: Pecharunt|Pecharunt, L77|100/100\n|turn|17\n|inactive|Time left: 300 sec this turn | 300 sec total\n|\n|t:|1783562008\n|move|p1a: Pecharunt|Nasty Plot|p1a: Pecharunt\n|-boost|p1a: Pecharunt|spa|2\n|move|p2a: Toxtricity|Sludge Wave|p1a: Pecharunt\n|-resisted|p1a: Pecharunt\n|-damage|p1a: Pecharunt|90/100\n|\n|-heal|p1a: Pecharunt|96/100|[from] item: Leftovers\n|upkeep\n|turn|18\n|inactive|Time left: 300 sec this turn | 300 sec total\n|\n|t:|1783562009\n|move|p1a: Pecharunt|Malignant Chain|p2a: Toxtricity\n|-resisted|p2a: Toxtricity\n|-damage|p2a: Toxtricity|0 fnt\n|faint|p2a: Toxtricity\n|\n|-heal|p1a: Pecharunt|100/100|[from] item: Leftovers\n|upkeep\n|inactive|Time left: 300 sec this turn | 300 sec total | 5 sec grace\n|\n|t:|1783562010\n|switch|p2a: Skuntank|Skuntank, L84, F|310/310\n|-activate|p2a: Skuntank|move: Sticky Web\n|-unboost|p2a: Skuntank|spe|1\n|turn|19\n|inactive|Time left: 300 sec this turn | 300 sec total\n|\n|t:|1783562011\n|move|p1a: Pecharunt|Nasty Plot|p1a: Pecharunt\n|-boost|p1a: Pecharunt|spa|2\n|move|p2a: Skuntank|Knock Off|p1a: Pecharunt\n|-supereffective|p1a: Pecharunt\n|-damage|p1a: Pecharunt|48/100\n|-enditem|p1a: Pecharunt|Leftovers|[from] move: Knock Off|[of] p2a: Skuntank\n|\n|upkeep\n|turn|20\n|inactive|Time left: 300 sec this turn | 300 sec total\n|\n|t:|1783562012\n|move|p1a: Pecharunt|Recover|p1a: Pecharunt\n|-heal|p1a: Pecharunt|98/100\n|move|p2a: Skuntank|Knock Off|p1a: Pecharunt\n|-supereffective|p1a: Pecharunt\n|-damage|p1a: Pecharunt|65/100\n|\n|upkeep\n|turn|21\n|inactive|Time left: 300 sec this turn | 300 sec total\n|\n|t:|1783562013\n|move|p1a: Pecharunt|Malignant Chain|p2a: Skuntank\n|-resisted|p2a: Skuntank\n|-crit|p2a: Skuntank\n|-damage|p2a: Skuntank|80/310\n|move|p2a: Skuntank|Knock Off|p1a: Pecharunt\n|-supereffective|p1a: Pecharunt\n|-damage|p1a: Pecharunt|33/100\n|\n|-heal|p2a: Skuntank|99/310|[from] item: Leftovers\n|upkeep\n|turn|22\n|inactive|Time left: 300 sec this turn | 300 sec total\n|\n|t:|1783562014\n|move|p1a: Pecharunt|Malignant Chain|p2a: Skuntank\n|-resisted|p2a: Skuntank\n|-damage|p2a: Skuntank|0 fnt\n|faint|p2a: Skuntank\n|\n|upkeep\n|inactive|Time left: 300 sec this turn | 300 sec total | 5 sec grace\n|\n|t:|1783562015\n|switch|p2a: Beartic|Beartic, L91, F|321/321 slp\n|turn|23\n|inactive|Time left: 300 sec this turn | 300 sec total\n|\n|t:|1783562016\n|move|p1a: Pecharunt|Malignant Chain|p2a: Beartic\n|-damage|p2a: Beartic|96/321 slp\n|cant|p2a: Beartic|slp\n|\n|upkeep\n|turn|24\n|inactive|Time left: 300 sec this turn | 300 sec total\n|\n|t:|1783562017\n|move|p1a: Pecharunt|Malignant Chain|p2a: Beartic\n|-damage|p2a: Beartic|0 fnt\n|faint|p2a: Beartic\n|\n|upkeep\n|inactive|Time left: 300 sec this turn | 300 sec total | 5 sec grace\n|\n|t:|1783562018\n|switch|p2a: Rillaboom|Rillaboom, L79, F|240/288\n|-activate|p2a: Rillaboom|move: Sticky Web\n|-unboost|p2a: Rillaboom|spe|1\n|-fieldstart|move: Grassy Terrain|[from] ability: Grassy Surge|[of] p2a: Rillaboom\n|turn|25\n|inactive|Time left: 300 sec this turn | 300 sec total\n|\n|t:|1783562018\n|move|p2a: Rillaboom|Grassy Glide|p1a: Pecharunt\n|-resisted|p1a: Pecharunt\n|-damage|p1a: Pecharunt|17/100\n|move|p1a: Pecharunt|Malignant Chain|p2a: Rillaboom\n|-supereffective|p2a: Rillaboom\n|-damage|p2a: Rillaboom|0 fnt\n|faint|p2a: Rillaboom\n|\n|win|p0x19019741", "uploadtime": 1783562018, "views": 0, "rating": 0, "private": 0, "password": null, "_winner": "p0x19019741", "_our_name": "p0y19011106"}