{"id": "battle-gen9randombattle-2487", "formatid": "gen9randombattle", "format": "[Gen 9] Random Battle", "players": ["p0x2487faaf", "p0y248711a5"], "log": "|init|battle\n|title|p0x2487faaf vs. p0y248711a5\n|j|\u2606p0x2487faaf\n|j|\u2606p0y248711a5\n|t:|1783568846\n|gametype|singles\n|player|p1|p0x2487faaf|265|\n|player|p2|p0y248711a5|1|\n|gen|9\n|tier|[Gen 9] Random Battle\n|rule|Species Clause: Limit one of each Pok\u00e9mon\n|rule|HP Percentage Mod: HP is shown in percentages\n|rule|Sleep Clause Mod: Limit one foe put to sleep\n|rule|Illusion Level Mod: Illusion disguises the Pok\u00e9mon's true level\n|\n|t:|1783568846\n|teamsize|p1|6\n|teamsize|p2|6\n|start\n|switch|p1a: Mienshao|Mienshao, L83, M|100/100\n|switch|p2a: Luvdisc|Luvdisc, M|247/247\n|turn|1\n|inactive|Battle timer is ON: inactive players will automatically lose when time's up. (requested by p0x2487faaf)\n|inactive|Time left: 300 sec this turn | 300 sec total | 60 sec grace\n|inactive|p0y248711a5 also wants the timer to be on.\n|\n|t:|1783568847\n|switch|p2a: Gurdurr|Gurdurr, L85, M|283/283\n|move|p1a: Mienshao|U-turn|p2a: Gurdurr\n|-resisted|p2a: Gurdurr\n|-damage|p2a: Gurdurr|263/283\n|\n|t:|1783568848\n|switch|p1a: Hydrapple|Hydrapple, L83, F|100/100|[from] U-turn\n|\n|upkeep\n|turn|2\n|inactive|Time left: 300 sec this turn | 300 sec total\n|\n|t:|1783568849\n|move|p1a: Hydrapple|Fickle Beam|p2a: Gurdurr|[anim] Fickle Beam All Out\n|-activate|p1a: Hydrapple|move: Fickle Beam\n|-damage|p2a: Gurdurr|0 fnt\n|faint|p2a: Gurdurr\n|\n|upkeep\n|inactive|Time left: 300 sec this turn | 300 sec total | 5 sec grace\n|\n|t:|1783568849\n|switch|p2a: Necrozma|Necrozma-Dusk-Mane, L69|248/248\n|turn|3\n|inactive|Time left: 300 sec this turn | 300 sec total\n|\n|t:|1783568851\n|move|p2a: Necrozma|Dragon Dance|p2a: Necrozma\n|-boost|p2a: Necrozma|atk|1\n|-boost|p2a: Necrozma|spe|1\n|move|p1a: Hydrapple|Fickle Beam|p2a: Necrozma|[anim] Fickle Beam All Out\n|-activate|p1a: Hydrapple|move: Fickle Beam\n|-resisted|p2a: Necrozma\n|-damage|p2a: Necrozma|97/248\n|\n|upkeep\n|turn|4\n|inactive|Time left: 300 sec this turn | 300 sec total\n|\n|t:|1783568852\n|move|p2a: Necrozma|Morning Sun|p2a: Necrozma\n|-heal|p2a: Necrozma|221/248\n|move|p1a: Hydrapple|Fickle Beam|p2a: Necrozma\n|-resisted|p2a: Necrozma\n|-damage|p2a: Necrozma|150/248\n|\n|upkeep\n|turn|5\n|inactive|Time left: 300 sec this turn | 300 sec total\n|\n|t:|1783568853\n|move|p2a: Necrozma|Morning Sun|p2a: Necrozma\n|-heal|p2a: Necrozma|248/248\n|move|p1a: Hydrapple|Fickle Beam|p2a: Necrozma\n|-resisted|p2a: Necrozma\n|-damage|p2a: Necrozma|168/248\n|\n|upkeep\n|turn|6\n|inactive|Time left: 300 sec this turn | 300 sec total\n|\n|t:|1783568854\n|move|p2a: Necrozma|Morning Sun|p2a: Necrozma\n|-heal|p2a: Necrozma|248/248\n|move|p1a: Hydrapple|Fickle Beam|p2a: Necrozma\n|-resisted|p2a: Necrozma\n|-damage|p2a: Necrozma|169/248\n|\n|upkeep\n|turn|7\n|inactive|Time left: 300 sec this turn | 300 sec total\n|\n|t:|1783568855\n|move|p2a: Necrozma|Dragon Dance|p2a: Necrozma\n|-boost|p2a: Necrozma|atk|1\n|-boost|p2a: Necrozma|spe|1\n|move|p1a: Hydrapple|Fickle Beam|p2a: Necrozma\n|-resisted|p2a: Necrozma\n|-damage|p2a: Necrozma|92/248\n|\n|upkeep\n|turn|8\n|inactive|Time left: 300 sec this turn | 300 sec total\n|\n|t:|1783568856\n|move|p2a: Necrozma|Morning Sun|p2a: Necrozma\n|-heal|p2a: Necrozma|216/248\n|move|p1a: Hydrapple|Fickle Beam|p2a: Necrozma\n|-resisted|p2a: Necrozma\n|-damage|p2a: Necrozma|134/248\n|\n|upkeep\n|turn|9\n|inactive|Time left: 300 sec this turn | 300 sec total\n|\n|t:|1783568857\n|move|p2a: Necrozma|Sunsteel Strike|p1a: Hydrapple\n|-damage|p1a: Hydrapple|41/100\n|move|p1a: Hydrapple|Fickle Beam|p2a: Necrozma|[anim] Fickle Beam All Out\n|-activate|p1a: Hydrapple|move: Fickle Beam\n|-resisted|p2a: Necrozma\n|-damage|p2a: Necrozma|0 fnt\n|faint|p2a: Necrozma\n|\n|upkeep\n|inactive|Time left: 300 sec this turn | 300 sec total | 5 sec grace\n|\n|t:|1783568858\n|switch|p2a: Iron Boulder|Iron Boulder, L77|265/265\n|turn|10\n|inactive|Time left: 300 sec this turn | 300 sec total\n|\n|t:|1783568859\n|switch|p1a: Reuniclus|Reuniclus, L88, M|100/100\n|move|p2a: Iron Boulder|Swords Dance|p2a: Iron Boulder\n|-boost|p2a: Iron Boulder|atk|2\n|\n|upkeep\n|turn|11\n|inactive|Time left: 300 sec this turn | 300 sec total\n|\n|t:|1783568860\n|move|p2a: Iron Boulder|Mighty Cleave|p1a: Reuniclus\n|-damage|p1a: Reuniclus|16/100\n|-damage|p2a: Iron Boulder|239/265|[from] item: Life Orb\n|move|p1a: Reuniclus|Focus Blast|p2a: Iron Boulder\n|-damage|p2a: Iron Boulder|95/265\n|\n|upkeep\n|turn|12\n|inactive|Time left: 300 sec this turn | 300 sec total\n|\n|t:|1783568861\n|move|p2a: Iron Boulder|Mighty Cleave|p1a: Reuniclus\n|-damage|p1a: Reuniclus|0 fnt\n|faint|p1a: Reuniclus\n|-damage|p2a: Iron Boulder|69/265|[from] item: Life Orb\n|\n|upkeep\n|\n|t:|1783568862\n|switch|p1a: Typhlosion|Typhlosion, L84, M|100/100\n|turn|13\n|inactive|Time left: 300 sec this turn | 300 sec total\n|\n|t:|1783568863\n|move|p1a: Typhlosion|Eruption|p2a: Iron Boulder\n|-resisted|p2a: Iron Boulder\n|-damage|p2a: Iron Boulder|0 fnt\n|faint|p2a: Iron Boulder\n|-end|p2a: Iron Boulder|Quark Drive|[silent]\n|\n|upkeep\n|inactive|Time left: 300 sec this turn | 300 sec total | 5 sec grace\n|\n|t:|1783568864\n|switch|p2a: Regieleki|Regieleki, L79|256/256\n|turn|14\n|inactive|Time left: 300 sec this turn | 300 sec total\n|\n|t:|1783568865\n|switch|p1a: Hydrapple|Hydrapple, L83, F|74/100\n|move|p2a: Regieleki|Thunderbolt|p1a: Hydrapple\n|-resisted|p1a: Hydrapple\n|-damage|p1a: Hydrapple|63/100\n|\n|upkeep\n|turn|15\n|inactive|Time left: 300 sec this turn | 300 sec total\n|\n|t:|1783568866\n|move|p2a: Regieleki|Volt Switch|p1a: Hydrapple\n|-resisted|p1a: Hydrapple\n|-damage|p1a: Hydrapple|54/100\n|inactive|Time left: 300 sec this turn | 300 sec total | 5 sec grace\n|\n|t:|1783568867\n|switch|p2a: Annihilape|Annihilape, L76, F|292/292|[from] Volt Switch\n|move|p1a: Hydrapple|Draco Meteor|p2a: Annihilape\n|-damage|p2a: Annihilape|45/292\n|-unboost|p1a: Hydrapple|spa|2\n|\n|-heal|p2a: Annihilape|63/292|[from] item: Leftovers\n|upkeep\n|turn|16\n|inactive|Time left: 300 sec this turn | 300 sec total\n|\n|t:|1783568868\n|move|p2a: Annihilape|Drain Punch|p1a: Hydrapple\n|-damage|p1a: Hydrapple|33/100\n|-heal|p2a: Annihilape|97/292|[from] drain|[of] p1a: Hydrapple\n|move|p1a: Hydrapple|Draco Meteor|p2a: Annihilape\n|-damage|p2a: Annihilape|0 fnt\n|-unboost|p1a: Hydrapple|spa|2\n|faint|p2a: Annihilape\n|\n|upkeep\n|inactive|Time left: 300 sec this turn | 300 sec total | 5 sec grace\n|\n|t:|1783568869\n|switch|p2a: Regieleki|Regieleki, L79|256/256\n|turn|17\n|inactive|Time left: 300 sec this turn | 300 sec total\n|\n|t:|1783568870\n|move|p2a: Regieleki|Thunderbolt|p1a: Hydrapple\n|-resisted|p1a: Hydrapple\n|-damage|p1a: Hydrapple|22/100\n|move|p1a: Hydrapple|Draco Meteor|p2a: Regieleki\n|-damage|p2a: Regieleki|130/256\n|-unboost|p1a: Hydrapple|spa|2\n|\n|upkeep\n|turn|18\n|inactive|Time left: 300 sec this turn | 300 sec total\n|\n|t:|1783568871\n|switch|p1a: Meloetta|Meloetta, L82|100/100\n|move|p2a: Regieleki|Thunderbolt|p1a: Meloetta\n|-damage|p1a: Meloetta|69/100\n|\n|upkeep\n|turn|19\n|inactive|Time left: 300 sec this turn | 300 sec total\n|\n|t:|1783568872\n|move|p2a: Regieleki|Volt Switch|p1a: Meloetta\n|-damage|p1a: Meloetta|41/100\n|inactive|Time left: 300 sec this turn | 300 sec total | 5 sec grace\n|\n|t:|1783568873\n|switch|p2a: Luvdisc|Luvdisc, M|247/247|[from] Volt Switch\n|move|p1a: Meloetta|Psyshock|p2a: Luvdisc\n|-damage|p2a: Luvdisc|57/247\n|\n|upkeep\n|turn|20\n|inactive|Time left: 300 sec this turn | 300 sec total\n|\n|t:|1783568874\n|move|p2a: Luvdisc|Whirlpool|p1a: Meloetta\n|-damage|p1a: Meloetta|34/100\n|-activate|p1a: Meloetta|move: Whirlpool|[of] p2a: Luvdisc\n|move|p1a: Meloetta|Psyshock|p2a: Luvdisc\n|-damage|p2a: Luvdisc|0 fnt\n|faint|p2a: Luvdisc\n|\n|-end|p1a: Meloetta|Whirlpool|[partiallytrapped]|[silent]\n|upkeep\n|inactive|Time left: 300 sec this turn | 300 sec total | 5 sec grace\n|\n|t:|1783568875\n|switch|p2a: Regieleki|Regieleki, L79|130/256\n|turn|21\n|inactive|Time left: 300 sec this turn | 300 sec total\n|\n|t:|1783568876\n|-terastallize|p2a: Regieleki|Ice\n|move|p2a: Regieleki|Thunderbolt|p1a: Meloetta\n|-damage|p1a: Meloetta|0 fnt\n|faint|p1a: Meloetta\n|\n|upkeep\n|\n|t:|1783568877\n|switch|p1a: Dialga|Dialga, L73|100/100\n|-ability|p1a: Dialga|Pressure\n|turn|22\n|inactive|Time left: 300 sec this turn | 300 sec total\n|\n|t:|1783568877\n|-terastallize|p1a: Dialga|Steel\n|move|p2a: Regieleki|Thunderbolt|p1a: Dialga\n|-damage|p1a: Dialga|65/100\n|move|p1a: Dialga|Heavy Slam|p2a: Regieleki\n|-supereffective|p2a: Regieleki\n|-damage|p2a: Regieleki|0 fnt\n|faint|p2a: Regieleki\n|\n|win|p0x2487faaf", "uploadtime": 1783568877, "views": 0, "rating": 0, "private": 0, "password": null, "_winner": "p0x2487faaf", "_our_name": "p0y248711a5"}