{"id": "battle-gen9randombattle-2996", "formatid": "gen9randombattle", "format": "[Gen 9] Random Battle", "players": ["p0x29967749", "p0y2996e399"], "log": "|init|battle\n|title|p0x29967749 vs. p0y2996e399\n|j|\u2606p0x29967749\n|j|\u2606p0y2996e399\n|t:|1783573485\n|gametype|singles\n|player|p1|p0x29967749|169|\n|player|p2|p0y2996e399|266|\n|gen|9\n|tier|[Gen 9] Random Battle\n|rule|Species Clause: Limit one of each Pok\u00e9mon\n|rule|HP Percentage Mod: HP is shown in percentages\n|rule|Sleep Clause Mod: Limit one foe put to sleep\n|rule|Illusion Level Mod: Illusion disguises the Pok\u00e9mon's true level\n|\n|t:|1783573485\n|teamsize|p1|6\n|teamsize|p2|6\n|start\n|switch|p1a: Regieleki|Regieleki, L79|256/256\n|switch|p2a: Clodsire|Clodsire, L81, F|100/100\n|turn|1\n|inactive|Battle timer is ON: inactive players will automatically lose when time's up. (requested by p0y2996e399)\n|inactive|Time left: 300 sec this turn | 300 sec total | 60 sec grace\n|\n|t:|1783573486\n|switch|p1a: Armarouge|Armarouge, L80, F|267/267\n|move|p2a: Clodsire|Earthquake|p1a: Armarouge\n|-supereffective|p1a: Armarouge\n|-damage|p1a: Armarouge|109/267\n|-ability|p1a: Armarouge|Weak Armor|boost\n|-unboost|p1a: Armarouge|def|1\n|-boost|p1a: Armarouge|spe|2\n|\n|upkeep\n|turn|2\n|inactive|Time left: 300 sec this turn | 300 sec total\n|inactive|p0x29967749 also wants the timer to be on.\n|\n|t:|1783573487\n|move|p1a: Armarouge|Psyshock|p2a: Clodsire\n|-supereffective|p2a: Clodsire\n|-damage|p2a: Clodsire|0 fnt\n|faint|p2a: Clodsire\n|\n|upkeep\n|\n|t:|1783573488\n|switch|p2a: Ambipom|Ambipom, L84, F|100/100\n|turn|3\n|inactive|Time left: 300 sec this turn | 300 sec total\n|\n|t:|1783573490\n|move|p2a: Ambipom|Fake Out|p1a: Armarouge\n|-damage|p1a: Armarouge|0 fnt\n|faint|p1a: Armarouge\n|\n|upkeep\n|inactive|Time left: 300 sec this turn | 300 sec total | 5 sec grace\n|\n|t:|1783573491\n|switch|p1a: Entei|Entei, L78|307/307\n|turn|4\n|inactive|Time left: 300 sec this turn | 300 sec total\n|\n|t:|1783573492\n|switch|p2a: Quagsire|Quagsire, L84, M|100/100\n|move|p1a: Entei|Sacred Fire|p2a: Quagsire\n|-resisted|p2a: Quagsire\n|-damage|p2a: Quagsire|72/100\n|\n|-heal|p2a: Quagsire|78/100|[from] item: Leftovers\n|upkeep\n|turn|5\n|inactive|Time left: 300 sec this turn | 300 sec total\n|\n|t:|1783573493\n|move|p1a: Entei|Sacred Fire|p2a: Quagsire\n|-resisted|p2a: Quagsire\n|-damage|p2a: Quagsire|50/100\n|move|p2a: Quagsire|Earthquake|p1a: Entei\n|-supereffective|p1a: Entei\n|-damage|p1a: Entei|101/307\n|\n|-heal|p2a: Quagsire|56/100|[from] item: Leftovers\n|upkeep\n|turn|6\n|inactive|Time left: 300 sec this turn | 300 sec total\n|\n|t:|1783573494\n|move|p1a: Entei|Sacred Fire|p2a: Quagsire\n|-resisted|p2a: Quagsire\n|-damage|p2a: Quagsire|27/100\n|move|p2a: Quagsire|Recover|p2a: Quagsire\n|-heal|p2a: Quagsire|77/100\n|\n|-heal|p2a: Quagsire|83/100|[from] item: Leftovers\n|upkeep\n|turn|7\n|inactive|Time left: 300 sec this turn | 300 sec total\n|\n|t:|1783573495\n|move|p1a: Entei|Sacred Fire|p2a: Quagsire\n|-resisted|p2a: Quagsire\n|-damage|p2a: Quagsire|54/100\n|move|p2a: Quagsire|Earthquake|p1a: Entei\n|-supereffective|p1a: Entei\n|-damage|p1a: Entei|0 fnt\n|faint|p1a: Entei\n|\n|-heal|p2a: Quagsire|60/100|[from] item: Leftovers\n|upkeep\n|inactive|Time left: 300 sec this turn | 300 sec total | 5 sec grace\n|\n|t:|1783573496\n|switch|p1a: Torterra|Torterra, L78, M|276/276\n|turn|8\n|inactive|Time left: 300 sec this turn | 300 sec total\n|\n|t:|1783573496\n|move|p1a: Torterra|Shell Smash|p1a: Torterra\n|-unboost|p1a: Torterra|def|1\n|-unboost|p1a: Torterra|spd|1\n|-boost|p1a: Torterra|atk|2\n|-boost|p1a: Torterra|spa|2\n|-boost|p1a: Torterra|spe|2\n|move|p2a: Quagsire|Ice Beam|p1a: Torterra\n|-supereffective|p1a: Torterra\n|-damage|p1a: Torterra|72/276\n|\n|-heal|p2a: Quagsire|66/100|[from] item: Leftovers\n|upkeep\n|turn|9\n|inactive|Time left: 300 sec this turn | 300 sec total\n|\n|t:|1783573497\n|-terastallize|p2a: Quagsire|Fairy\n|move|p1a: Torterra|Bullet Seed|p2a: Quagsire\n|-damage|p2a: Quagsire|53/100\n|-damage|p2a: Quagsire|39/100\n|-damage|p2a: Quagsire|25/100\n|-damage|p2a: Quagsire|12/100\n|-damage|p2a: Quagsire|0 fnt\n|faint|p2a: Quagsire\n|-hitcount|p2: Quagsire|5\n|\n|upkeep\n|\n|t:|1783573498\n|switch|p2a: Ambipom|Ambipom, L84, F|100/100\n|turn|10\n|inactive|Time left: 300 sec this turn | 300 sec total\n|\n|t:|1783573499\n|move|p2a: Ambipom|Fake Out|p1a: Torterra\n|-damage|p1a: Torterra|0 fnt\n|faint|p1a: Torterra\n|\n|upkeep\n|inactive|Time left: 300 sec this turn | 300 sec total | 5 sec grace\n|\n|t:|1783573500\n|switch|p1a: Piloswine|Piloswine, L85, M|309/309\n|turn|11\n|inactive|Time left: 300 sec this turn | 300 sec total\n|\n|t:|1783573501\n|switch|p2a: Dusknoir|Dusknoir, L89, M|100/100\n|-item|p1a: Piloswine|Eviolite|[from] ability: Frisk|[of] p2a: Dusknoir\n|move|p1a: Piloswine|Earthquake|p2a: Dusknoir\n|-damage|p2a: Dusknoir|66/100\n|\n|-heal|p2a: Dusknoir|72/100|[from] item: Leftovers\n|upkeep\n|turn|12\n|inactive|Time left: 300 sec this turn | 300 sec total\n|\n|t:|1783573502\n|move|p1a: Piloswine|Icicle Crash|p2a: Dusknoir\n|-damage|p2a: Dusknoir|44/100\n|move|p2a: Dusknoir|Pain Split|p1a: Piloswine\n|-sethp|p1a: Piloswine|203/309|[from] move: Pain Split|[silent]\n|-sethp|p2a: Dusknoir|91/100|[from] move: Pain Split\n|\n|-heal|p2a: Dusknoir|97/100|[from] item: Leftovers\n|upkeep\n|turn|13\n|inactive|Time left: 300 sec this turn | 300 sec total\n|\n|t:|1783573503\n|move|p1a: Piloswine|Stealth Rock|p2a: Dusknoir\n|-sidestart|p2: p0y2996e399|move: Stealth Rock\n|move|p2a: Dusknoir|Poltergeist|p1a: Piloswine\n|-activate|p1a: Piloswine|move: Poltergeist|Eviolite\n|-damage|p1a: Piloswine|100/309\n|\n|-heal|p2a: Dusknoir|100/100|[from] item: Leftovers\n|upkeep\n|turn|14\n|inactive|Time left: 300 sec this turn | 300 sec total\n|\n|t:|1783573504\n|move|p1a: Piloswine|Icicle Crash|p2a: Dusknoir\n|-damage|p2a: Dusknoir|71/100\n|move|p2a: Dusknoir|Poltergeist|p1a: Piloswine\n|-activate|p1a: Piloswine|move: Poltergeist|Eviolite\n|-damage|p1a: Piloswine|4/309\n|\n|-heal|p2a: Dusknoir|77/100|[from] item: Leftovers\n|upkeep\n|turn|15\n|inactive|Time left: 300 sec this turn | 300 sec total\n|\n|t:|1783573505\n|move|p1a: Piloswine|Earthquake|p2a: Dusknoir\n|-damage|p2a: Dusknoir|44/100\n|move|p2a: Dusknoir|Poltergeist|p1a: Piloswine|[miss]\n|-miss|p2a: Dusknoir|p1a: Piloswine\n|\n|-heal|p2a: Dusknoir|50/100|[from] item: Leftovers\n|upkeep\n|turn|16\n|inactive|Time left: 300 sec this turn | 300 sec total\n|\n|t:|1783573506\n|move|p1a: Piloswine|Earthquake|p2a: Dusknoir\n|-crit|p2a: Dusknoir\n|-damage|p2a: Dusknoir|0 fnt\n|faint|p2a: Dusknoir\n|\n|upkeep\n|\n|t:|1783573507\n|switch|p2a: Iron Moth|Iron Moth, L78|100/100\n|-damage|p2a: Iron Moth|76/100|[from] Stealth Rock\n|turn|17\n|inactive|Time left: 300 sec this turn | 300 sec total\n|\n|t:|1783573508\n|move|p1a: Piloswine|Ice Shard|p2a: Iron Moth\n|-resisted|p2a: Iron Moth\n|-damage|p2a: Iron Moth|64/100\n|move|p2a: Iron Moth|Sludge Wave|p1a: Piloswine\n|-resisted|p1a: Piloswine\n|-damage|p1a: Piloswine|0 fnt\n|faint|p1a: Piloswine\n|\n|upkeep\n|inactive|Time left: 300 sec this turn | 300 sec total | 5 sec grace\n|\n|t:|1783573508\n|switch|p1a: Regieleki|Regieleki, L79|256/256\n|turn|18\n|inactive|Time left: 300 sec this turn | 300 sec total\n|\n|t:|1783573509\n|-terastallize|p1a: Regieleki|Electric\n|move|p1a: Regieleki|Thunderbolt|p2a: Iron Moth\n|-damage|p2a: Iron Moth|0 fnt\n|faint|p2a: Iron Moth\n|-end|p2a: Iron Moth|Quark Drive|[silent]\n|\n|upkeep\n|\n|t:|1783573510\n|switch|p2a: Ambipom|Ambipom, L84, F|100/100\n|-damage|p2a: Ambipom|88/100|[from] Stealth Rock\n|turn|19\n|inactive|Time left: 300 sec this turn | 300 sec total\n|\n|t:|1783573511\n|move|p2a: Ambipom|Fake Out|p1a: Regieleki\n|-damage|p1a: Regieleki|130/256\n|cant|p1a: Regieleki|flinch\n|\n|upkeep\n|turn|20\n|inactive|Time left: 300 sec this turn | 300 sec total\n|\n|t:|1783573512\n|move|p1a: Regieleki|Volt Switch|p2a: Ambipom\n|-damage|p2a: Ambipom|24/100\n|inactive|Time left: 300 sec this turn | 300 sec total | 5 sec grace\n|\n|t:|1783573513\n|switch|p1a: Lokix|Lokix, L82, M|251/251|[from] Volt Switch\n|move|p2a: Ambipom|Double-Edge|p1a: Lokix\n|-damage|p1a: Lokix|89/251\n|-damage|p2a: Ambipom|4/100|[from] Recoil\n|\n|upkeep\n|turn|21\n|inactive|Time left: 300 sec this turn | 300 sec total\n|\n|t:|1783573514\n|move|p1a: Lokix|First Impression|p2a: Ambipom\n|-damage|p2a: Ambipom|0 fnt\n|faint|p2a: Ambipom\n|-damage|p1a: Lokix|64/251|[from] item: Life Orb\n|\n|upkeep\n|\n|t:|1783573515\n|switch|p2a: Feraligatr|Feraligatr, L79, M|100/100\n|-damage|p2a: Feraligatr|88/100|[from] Stealth Rock\n|turn|22\n|inactive|Time left: 300 sec this turn | 300 sec total\n|\n|t:|1783573516\n|move|p1a: Lokix|Leech Life|p2a: Feraligatr\n|-damage|p2a: Feraligatr|47/100\n|-heal|p1a: Lokix|119/251|[from] drain|[of] p2a: Feraligatr\n|-damage|p1a: Lokix|94/251|[from] item: Life Orb\n|move|p2a: Feraligatr|Dragon Dance|p2a: Feraligatr\n|-boost|p2a: Feraligatr|atk|1\n|-boost|p2a: Feraligatr|spe|1\n|\n|upkeep\n|turn|23\n|inactive|Time left: 300 sec this turn | 300 sec total\n|\n|t:|1783573517\n|move|p2a: Feraligatr|Dragon Dance|p2a: Feraligatr\n|-boost|p2a: Feraligatr|atk|1\n|-boost|p2a: Feraligatr|spe|1\n|move|p1a: Lokix|Leech Life|p2a: Feraligatr\n|-damage|p2a: Feraligatr|9/100\n|-heal|p1a: Lokix|144/251|[from] drain|[of] p2a: Feraligatr\n|-damage|p1a: Lokix|119/251|[from] item: Life Orb\n|\n|upkeep\n|turn|24\n|inactive|Time left: 300 sec this turn | 300 sec total\n|\n|t:|1783573518\n|switch|p1a: Regieleki|Regieleki, L79, tera:Electric|130/256\n|move|p2a: Feraligatr|Dragon Dance|p2a: Feraligatr\n|-boost|p2a: Feraligatr|atk|1\n|-boost|p2a: Feraligatr|spe|1\n|\n|upkeep\n|turn|25\n|inactive|Time left: 300 sec this turn | 300 sec total\n|\n|t:|1783573518\n|switch|p1a: Lokix|Lokix, L82, M|119/251\n|move|p2a: Feraligatr|Liquidation|p1a: Lokix\n|-damage|p1a: Lokix|0 fnt\n|faint|p1a: Lokix\n|\n|upkeep\n|inactive|Time left: 300 sec this turn | 300 sec total | 5 sec grace\n|\n|t:|1783573519\n|switch|p1a: Regieleki|Regieleki, L79, tera:Electric|130/256\n|turn|26\n|inactive|Time left: 300 sec this turn | 300 sec total\n|\n|t:|1783573520\n|move|p2a: Feraligatr|Liquidation|p1a: Regieleki\n|-crit|p1a: Regieleki\n|-damage|p1a: Regieleki|0 fnt\n|faint|p1a: Regieleki\n|\n|win|p0y2996e399", "uploadtime": 1783573520, "views": 0, "rating": 0, "private": 0, "password": null, "_winner": "p0y2996e399", "_our_name": "p0x29967749"}