{"id": "battle-gen9randombattle-602", "formatid": "gen9randombattle", "format": "[Gen 9] Random Battle", "players": ["p0x602e6f9", "p0y6021b8a"], "log": "|init|battle\n|title|p0x602e6f9 vs. p0y6021b8a\n|j|\u2606p0x602e6f9\n|j|\u2606p0y6021b8a\n|t:|1783546083\n|gametype|singles\n|player|p1|p0x602e6f9|170|\n|player|p2|p0y6021b8a|1|\n|gen|9\n|tier|[Gen 9] Random Battle\n|rule|Species Clause: Limit one of each Pok\u00e9mon\n|rule|HP Percentage Mod: HP is shown in percentages\n|rule|Sleep Clause Mod: Limit one foe put to sleep\n|rule|Illusion Level Mod: Illusion disguises the Pok\u00e9mon's true level\n|\n|t:|1783546083\n|teamsize|p1|6\n|teamsize|p2|6\n|start\n|switch|p1a: Archaludon|Archaludon, L78, F|100/100\n|switch|p2a: Magcargo|Magcargo, L95, F|268/268\n|turn|1\n|inactive|Battle timer is ON: inactive players will automatically lose when time's up. (requested by p0y6021b8a)\n|inactive|p0x602e6f9 also wants the timer to be on.\n|\n|t:|1783546084\n|-terastallize|p1a: Archaludon|Ground\n|move|p1a: Archaludon|Earthquake|p2a: Magcargo\n|-supereffective|p2a: Magcargo\n|-damage|p2a: Magcargo|0 fnt\n|faint|p2a: Magcargo\n|\n|upkeep\n|inactive|Time left: 300 sec this turn | 300 sec total | 65 sec grace\n|\n|t:|1783546085\n|switch|p2a: Serperior|Serperior, L79, F|248/248\n|turn|2\n|inactive|Time left: 300 sec this turn | 300 sec total\n|\n|t:|1783546087\n|switch|p1a: Mandibuzz|Mandibuzz, L85, F|100/100\n|move|p2a: Serperior|Leaf Storm|p1a: Mandibuzz\n|-resisted|p1a: Mandibuzz\n|-damage|p1a: Mandibuzz|80/100\n|-boost|p2a: Serperior|spa|2\n|-damage|p2a: Serperior|224/248|[from] item: Life Orb\n|\n|upkeep\n|turn|3\n|inactive|Time left: 300 sec this turn | 300 sec total\n|\n|t:|1783546088\n|move|p2a: Serperior|Leaf Storm|p1a: Mandibuzz\n|-resisted|p1a: Mandibuzz\n|-damage|p1a: Mandibuzz|42/100\n|-boost|p2a: Serperior|spa|2\n|-damage|p2a: Serperior|200/248|[from] item: Life Orb\n|move|p1a: Mandibuzz|Roost|p1a: Mandibuzz\n|-heal|p1a: Mandibuzz|92/100\n|-singleturn|p1a: Mandibuzz|move: Roost\n|\n|upkeep\n|turn|4\n|inactive|Time left: 300 sec this turn | 300 sec total\n|\n|t:|1783546089\n|move|p2a: Serperior|Leaf Storm|p1a: Mandibuzz\n|-resisted|p1a: Mandibuzz\n|-damage|p1a: Mandibuzz|40/100\n|-boost|p2a: Serperior|spa|2\n|-damage|p2a: Serperior|176/248|[from] item: Life Orb\n|move|p1a: Mandibuzz|U-turn|p2a: Serperior\n|-supereffective|p2a: Serperior\n|-damage|p2a: Serperior|98/248\n|\n|t:|1783546090\n|switch|p1a: Zamazenta|Zamazenta, L71|100/100|[from] U-turn\n|-ability|p1a: Zamazenta|Dauntless Shield|boost\n|-boost|p1a: Zamazenta|def|1\n|\n|upkeep\n|turn|5\n|inactive|Time left: 300 sec this turn | 300 sec total\n|\n|t:|1783546091\n|move|p1a: Zamazenta|Body Press|p2a: Serperior\n|-damage|p2a: Serperior|0 fnt\n|faint|p2a: Serperior\n|\n|upkeep\n|inactive|Time left: 300 sec this turn | 300 sec total | 5 sec grace\n|\n|t:|1783546092\n|switch|p2a: Grimmsnarl|Grimmsnarl, L83, M|293/293\n|turn|6\n|inactive|Time left: 300 sec this turn | 300 sec total\n|\n|t:|1783546093\n|move|p1a: Zamazenta|Iron Head|p2a: Grimmsnarl\n|-supereffective|p2a: Grimmsnarl\n|-damage|p2a: Grimmsnarl|161/293\n|cant|p2a: Grimmsnarl|flinch\n|\n|upkeep\n|turn|7\n|inactive|Time left: 300 sec this turn | 300 sec total\n|\n|t:|1783546094\n|move|p2a: Grimmsnarl|Reflect|p2a: Grimmsnarl\n|-sidestart|p2: p0y6021b8a|Reflect\n|move|p1a: Zamazenta|Body Press|p2a: Grimmsnarl\n|-damage|p2a: Grimmsnarl|91/293\n|\n|upkeep\n|turn|8\n|inactive|Time left: 300 sec this turn | 300 sec total\n|\n|t:|1783546095\n|move|p1a: Zamazenta|Body Press|p2a: Grimmsnarl\n|-damage|p2a: Grimmsnarl|22/293\n|move|p2a: Grimmsnarl|Spirit Break|p1a: Zamazenta\n|-supereffective|p1a: Zamazenta\n|-damage|p1a: Zamazenta|50/100\n|-unboost|p1a: Zamazenta|spa|1\n|\n|-heal|p1a: Zamazenta|56/100|[from] item: Leftovers\n|upkeep\n|turn|9\n|inactive|Time left: 300 sec this turn | 300 sec total\n|\n|t:|1783546096\n|move|p2a: Grimmsnarl|Light Screen|p2a: Grimmsnarl\n|-sidestart|p2: p0y6021b8a|move: Light Screen\n|move|p1a: Zamazenta|Body Press|p2a: Grimmsnarl\n|-damage|p2a: Grimmsnarl|0 fnt\n|faint|p2a: Grimmsnarl\n|\n|-heal|p1a: Zamazenta|62/100|[from] item: Leftovers\n|upkeep\n|inactive|Time left: 300 sec this turn | 300 sec total | 5 sec grace\n|\n|t:|1783546097\n|switch|p2a: Tornadus|Tornadus-Therian, L79, M|254/254\n|turn|10\n|inactive|Time left: 300 sec this turn | 300 sec total\n|\n|t:|1783546098\n|switch|p1a: Lanturn|Lanturn, L89, M|100/100\n|move|p2a: Tornadus|Bleakwind Storm|p1a: Lanturn\n|-resisted|p1a: Lanturn\n|-damage|p1a: Lanturn|85/100\n|-unboost|p1a: Lanturn|spe|1\n|\n|-heal|p1a: Lanturn|91/100|[from] item: Leftovers\n|upkeep\n|turn|11\n|inactive|Time left: 300 sec this turn | 300 sec total\n|\n|t:|1783546099\n|move|p2a: Tornadus|Knock Off|p1a: Lanturn\n|-damage|p1a: Lanturn|69/100\n|-enditem|p1a: Lanturn|Leftovers|[from] move: Knock Off|[of] p2a: Tornadus\n|move|p1a: Lanturn|Thunder Wave|p2a: Tornadus\n|-status|p2a: Tornadus|par\n|\n|upkeep\n|turn|12\n|inactive|Time left: 300 sec this turn | 300 sec total\n|\n|t:|1783546100\n|move|p2a: Tornadus|U-turn|p1a: Lanturn\n|-damage|p1a: Lanturn|54/100\n|inactive|Time left: 300 sec this turn | 300 sec total | 5 sec grace\n|\n|t:|1783546101\n|switch|p2a: Meganium|Meganium, L90, F|290/290|[from] U-turn\n|move|p1a: Lanturn|Thunderbolt|p2a: Meganium\n|-resisted|p2a: Meganium\n|-damage|p2a: Meganium|272/290\n|\n|-heal|p2a: Meganium|290/290|[from] item: Leftovers\n|upkeep\n|turn|13\n|inactive|Time left: 300 sec this turn | 300 sec total\n|\n|t:|1783546102\n|switch|p1a: Mandibuzz|Mandibuzz, L85, F|40/100\n|move|p2a: Meganium|Swords Dance|p2a: Meganium\n|-boost|p2a: Meganium|atk|2\n|\n|upkeep\n|turn|14\n|inactive|Time left: 300 sec this turn | 300 sec total\n|\n|t:|1783546103\n|move|p2a: Meganium|Petal Blizzard|p1a: Mandibuzz\n|-resisted|p1a: Mandibuzz\n|-damage|p1a: Mandibuzz|14/100\n|move|p1a: Mandibuzz|Roost|p1a: Mandibuzz\n|-heal|p1a: Mandibuzz|64/100\n|-singleturn|p1a: Mandibuzz|move: Roost\n|\n|-sideend|p2: p0y6021b8a|Reflect\n|upkeep\n|turn|15\n|inactive|Time left: 300 sec this turn | 300 sec total\n|\n|t:|1783546104\n|move|p2a: Meganium|Petal Blizzard|p1a: Mandibuzz\n|-resisted|p1a: Mandibuzz\n|-damage|p1a: Mandibuzz|37/100\n|move|p1a: Mandibuzz|Foul Play|p2a: Meganium\n|-damage|p2a: Meganium|136/290\n|\n|-heal|p2a: Meganium|154/290|[from] item: Leftovers\n|upkeep\n|turn|16\n|inactive|Time left: 300 sec this turn | 300 sec total\n|\n|t:|1783546105\n|move|p2a: Meganium|Petal Blizzard|p1a: Mandibuzz\n|-resisted|p1a: Mandibuzz\n|-damage|p1a: Mandibuzz|13/100\n|move|p1a: Mandibuzz|Foul Play|p2a: Meganium\n|-damage|p2a: Meganium|0 fnt\n|faint|p2a: Meganium\n|\n|-sideend|p2: p0y6021b8a|move: Light Screen\n|upkeep\n|inactive|Time left: 300 sec this turn | 300 sec total | 5 sec grace\n|\n|t:|1783546107\n|switch|p2a: Tornadus|Tornadus-Therian, L79, M|254/254 par\n|turn|17\n|inactive|Time left: 300 sec this turn | 300 sec total\n|\n|t:|1783546108\n|move|p1a: Mandibuzz|Roost|p1a: Mandibuzz\n|-heal|p1a: Mandibuzz|63/100\n|-singleturn|p1a: Mandibuzz|move: Roost\n|move|p2a: Tornadus|Bleakwind Storm|p1a: Mandibuzz\n|-damage|p1a: Mandibuzz|34/100\n|\n|upkeep\n|turn|18\n|inactive|Time left: 300 sec this turn | 300 sec total\n|\n|t:|1783546109\n|move|p1a: Mandibuzz|Roost|p1a: Mandibuzz\n|-heal|p1a: Mandibuzz|84/100\n|-singleturn|p1a: Mandibuzz|move: Roost\n|move|p2a: Tornadus|Bleakwind Storm|p1a: Mandibuzz\n|-damage|p1a: Mandibuzz|53/100\n|\n|upkeep\n|turn|19\n|inactive|Time left: 300 sec this turn | 300 sec total\n|\n|t:|1783546110\n|move|p1a: Mandibuzz|Roost|p1a: Mandibuzz\n|-heal|p1a: Mandibuzz|100/100\n|-singleturn|p1a: Mandibuzz|move: Roost\n|move|p2a: Tornadus|Bleakwind Storm|p1a: Mandibuzz\n|-damage|p1a: Mandibuzz|68/100\n|-unboost|p1a: Mandibuzz|spe|1\n|\n|upkeep\n|turn|20\n|inactive|Time left: 300 sec this turn | 300 sec total\n|\n|t:|1783546111\n|move|p1a: Mandibuzz|Roost|p1a: Mandibuzz\n|-heal|p1a: Mandibuzz|100/100\n|-singleturn|p1a: Mandibuzz|move: Roost\n|move|p2a: Tornadus|Bleakwind Storm|p1a: Mandibuzz\n|-crit|p1a: Mandibuzz\n|-damage|p1a: Mandibuzz|56/100\n|-unboost|p1a: Mandibuzz|spe|1\n|\n|upkeep\n|turn|21\n|inactive|Time left: 300 sec this turn | 300 sec total\n|\n|t:|1783546112\n|switch|p1a: Archaludon|Archaludon, L78, F, tera:Ground|100/100\n|move|p2a: Tornadus|Bleakwind Storm|p1a: Archaludon\n|-damage|p1a: Archaludon|46/100\n|-ability|p1a: Archaludon|Stamina|boost\n|-boost|p1a: Archaludon|def|1\n|\n|upkeep\n|turn|22\n|inactive|Time left: 300 sec this turn | 300 sec total\n|\n|t:|1783546113\n|move|p1a: Archaludon|Outrage|p2a: Tornadus\n|-damage|p2a: Tornadus|122/254 par\n|move|p2a: Tornadus|Bleakwind Storm|p1a: Archaludon\n|-damage|p1a: Archaludon|0 fnt\n|faint|p1a: Archaludon\n|\n|upkeep\n|\n|t:|1783546114\n|switch|p1a: Cloyster|Cloyster, L80, M|100/100\n|turn|23\n|inactive|Time left: 300 sec this turn | 300 sec total\n|\n|t:|1783546116\n|switch|p2a: Mew|Mew, L82|298/298\n|move|p1a: Cloyster|Shell Smash|p1a: Cloyster\n|-unboost|p1a: Cloyster|def|1\n|-unboost|p1a: Cloyster|spd|1\n|-boost|p1a: Cloyster|atk|2\n|-boost|p1a: Cloyster|spa|2\n|-boost|p1a: Cloyster|spe|2\n|-enditem|p1a: Cloyster|White Herb\n|-clearnegativeboost|p1a: Cloyster|[silent]\n|\n|upkeep\n|turn|24\n|inactive|Time left: 300 sec this turn | 300 sec total\n|\n|t:|1783546117\n|move|p1a: Cloyster|Icicle Spear|p2a: Mew\n|-damage|p2a: Mew|252/298\n|-crit|p2a: Mew\n|-damage|p2a: Mew|180/298\n|-damage|p2a: Mew|138/298\n|-damage|p2a: Mew|93/298\n|-damage|p2a: Mew|45/298\n|-hitcount|p2a: Mew|5\n|move|p2a: Mew|Psychic|p1a: Cloyster\n|-damage|p1a: Cloyster|28/100\n|\n|-heal|p2a: Mew|63/298|[from] item: Leftovers\n|upkeep\n|turn|25\n|inactive|Time left: 300 sec this turn | 300 sec total\n|\n|t:|1783546118\n|move|p1a: Cloyster|Icicle Spear|p2a: Mew\n|-damage|p2a: Mew|17/298\n|-crit|p2a: Mew\n|-damage|p2a: Mew|0 fnt\n|faint|p2a: Mew\n|-hitcount|p2: Mew|2\n|\n|upkeep\n|inactive|Time left: 300 sec this turn | 300 sec total | 5 sec grace\n|\n|t:|1783546119\n|switch|p2a: Tornadus|Tornadus-Therian, L79, M|206/254 par\n|turn|26\n|inactive|Time left: 300 sec this turn | 300 sec total\n|\n|t:|1783546120\n|-terastallize|p2a: Tornadus|Steel\n|move|p1a: Cloyster|Icicle Spear|p2a: Tornadus\n|-resisted|p2a: Tornadus\n|-damage|p2a: Tornadus|180/254 par\n|-resisted|p2a: Tornadus\n|-damage|p2a: Tornadus|155/254 par\n|-resisted|p2a: Tornadus\n|-damage|p2a: Tornadus|128/254 par\n|-resisted|p2a: Tornadus\n|-damage|p2a: Tornadus|103/254 par\n|-resisted|p2a: Tornadus\n|-damage|p2a: Tornadus|74/254 par\n|-hitcount|p2a: Tornadus|5\n|move|p2a: Tornadus|Bleakwind Storm|p1a: Cloyster|[miss]\n|-miss|p2a: Tornadus|p1a: Cloyster\n|\n|upkeep\n|turn|27\n|inactive|Time left: 300 sec this turn | 300 sec total\n|\n|t:|1783546121\n|move|p1a: Cloyster|Icicle Spear|p2a: Tornadus\n|-resisted|p2a: Tornadus\n|-damage|p2a: Tornadus|48/254 par\n|-resisted|p2a: Tornadus\n|-damage|p2a: Tornadus|21/254 par\n|-resisted|p2a: Tornadus\n|-damage|p2a: Tornadus|0 fnt\n|faint|p2a: Tornadus\n|-hitcount|p2: Tornadus|3\n|\n|win|p0x602e6f9", "uploadtime": 1783546121, "views": 0, "rating": 0, "private": 0, "password": null, "_winner": "p0x602e6f9", "_our_name": "p0y6021b8a"}