{"id": "battle-gen9randombattle-79", "formatid": "gen9randombattle", "format": "[Gen 9] Random Battle", "players": ["p0x0799679", "p0y079add4"], "log": "|init|battle\n|title|p0x0799679 vs. p0y079add4\n|j|\u2606p0x0799679\n|j|\u2606p0y079add4\n|t:|1783540377\n|gametype|singles\n|player|p1|p0x0799679|2|\n|player|p2|p0y079add4|2|\n|gen|9\n|tier|[Gen 9] Random Battle\n|rule|Species Clause: Limit one of each Pok\u00e9mon\n|rule|HP Percentage Mod: HP is shown in percentages\n|rule|Sleep Clause Mod: Limit one foe put to sleep\n|rule|Illusion Level Mod: Illusion disguises the Pok\u00e9mon's true level\n|\n|t:|1783540377\n|teamsize|p1|6\n|teamsize|p2|6\n|start\n|switch|p1a: Whimsicott|Whimsicott, L84, F|100/100\n|switch|p2a: Hoopa|Hoopa-Unbound, L80|259/259\n|turn|1\n|inactive|Battle timer is ON: inactive players will automatically lose when time's up. (requested by p0x0799679)\n|inactive|Time left: 300 sec this turn | 300 sec total | 60 sec grace\n|\n|t:|1783540379\n|move|p2a: Hoopa|Psychic|p1a: Whimsicott\n|-damage|p1a: Whimsicott|39/100\n|move|p1a: Whimsicott|Moonblast|p2a: Hoopa\n|-supereffective|p2a: Hoopa\n|-damage|p2a: Hoopa|115/259\n|\n|-heal|p1a: Whimsicott|45/100|[from] item: Leftovers\n|upkeep\n|turn|2\n|inactive|Time left: 300 sec this turn | 300 sec total\n|inactive|p0y079add4 also wants the timer to be on.\n|\n|t:|1783540380\n|switch|p1a: Archaludon|Archaludon, L78, M|100/100\n|move|p2a: Hoopa|Psychic|p1a: Archaludon\n|-resisted|p1a: Archaludon\n|-damage|p1a: Archaludon|76/100\n|-ability|p1a: Archaludon|Stamina|boost\n|-boost|p1a: Archaludon|def|1\n|\n|upkeep\n|turn|3\n|inactive|Time left: 300 sec this turn | 300 sec total\n|\n|t:|1783540382\n|move|p2a: Hoopa|Psychic|p1a: Archaludon\n|-resisted|p1a: Archaludon\n|-crit|p1a: Archaludon\n|-damage|p1a: Archaludon|44/100\n|-ability|p1a: Archaludon|Stamina|boost\n|-boost|p1a: Archaludon|def|1\n|move|p1a: Archaludon|Body Press|p2a: Hoopa\n|-damage|p2a: Hoopa|0 fnt\n|faint|p2a: Hoopa\n|\n|upkeep\n|inactive|Time left: 300 sec this turn | 300 sec total | 5 sec grace\n|\n|t:|1783540383\n|switch|p2a: Kricketune|Kricketune, L99, M|312/312\n|turn|4\n|inactive|Time left: 300 sec this turn | 300 sec total\n|\n|t:|1783540384\n|move|p2a: Kricketune|Sticky Web|p1a: Archaludon\n|-sidestart|p1: p0x0799679|move: Sticky Web\n|move|p1a: Archaludon|Flash Cannon|p2a: Kricketune\n|-damage|p2a: Kricketune|204/312\n|\n|upkeep\n|turn|5\n|inactive|Time left: 300 sec this turn | 300 sec total\n|\n|t:|1783540385\n|switch|p2a: Lugia|Lugia, L73|275/275\n|move|p1a: Archaludon|Flash Cannon|p2a: Lugia\n|-damage|p2a: Lugia|239/275\n|-unboost|p2a: Lugia|spd|1\n|\n|upkeep\n|turn|6\n|inactive|Time left: 300 sec this turn | 300 sec total\n|\n|t:|1783540386\n|move|p2a: Lugia|Calm Mind|p2a: Lugia\n|-boost|p2a: Lugia|spa|1\n|-boost|p2a: Lugia|spd|1\n|move|p1a: Archaludon|Body Press|p2a: Lugia\n|-resisted|p2a: Lugia\n|-damage|p2a: Lugia|215/275\n|\n|upkeep\n|turn|7\n|inactive|Time left: 300 sec this turn | 300 sec total\n|\n|t:|1783540387\n|move|p2a: Lugia|Calm Mind|p2a: Lugia\n|-boost|p2a: Lugia|spa|1\n|-boost|p2a: Lugia|spd|1\n|move|p1a: Archaludon|Dragon Tail|p2a: Lugia\n|-damage|p2a: Lugia|167/275\n|drag|p2a: Bellossom|Bellossom, L84, F|263/263\n|\n|upkeep\n|turn|8\n|inactive|Time left: 300 sec this turn | 300 sec total\n|\n|t:|1783540388\n|move|p2a: Bellossom|Quiver Dance|p2a: Bellossom\n|-boost|p2a: Bellossom|spa|1\n|-boost|p2a: Bellossom|spd|1\n|-boost|p2a: Bellossom|spe|1\n|move|p1a: Archaludon|Dragon Tail|p2a: Bellossom\n|-damage|p2a: Bellossom|208/263\n|drag|p2a: Lugia|Lugia, L73|167/275\n|\n|upkeep\n|turn|9\n|inactive|Time left: 300 sec this turn | 300 sec total\n|\n|t:|1783540389\n|move|p2a: Lugia|Recover|p2a: Lugia\n|-heal|p2a: Lugia|275/275\n|move|p1a: Archaludon|Dragon Tail|p2a: Lugia\n|-damage|p2a: Lugia|250/275\n|drag|p2a: Kricketune|Kricketune, L99, M|204/312\n|\n|upkeep\n|turn|10\n|inactive|Time left: 300 sec this turn | 300 sec total\n|\n|t:|1783540390\n|switch|p2a: Lugia|Lugia, L73|250/275\n|move|p1a: Archaludon|Flash Cannon|p2a: Lugia\n|-damage|p2a: Lugia|187/275\n|\n|upkeep\n|turn|11\n|inactive|Time left: 300 sec this turn | 300 sec total\n|\n|t:|1783540392\n|move|p2a: Lugia|Recover|p2a: Lugia\n|-heal|p2a: Lugia|275/275\n|move|p1a: Archaludon|Body Press|p2a: Lugia\n|-resisted|p2a: Lugia\n|-damage|p2a: Lugia|262/275\n|\n|upkeep\n|turn|12\n|inactive|Time left: 300 sec this turn | 300 sec total\n|\n|t:|1783540393\n|move|p2a: Lugia|Calm Mind|p2a: Lugia\n|-boost|p2a: Lugia|spa|1\n|-boost|p2a: Lugia|spd|1\n|move|p1a: Archaludon|Dragon Tail|p2a: Lugia\n|-damage|p2a: Lugia|214/275\n|drag|p2a: Bellossom|Bellossom, L84, F|208/263\n|\n|-heal|p2a: Bellossom|224/263|[from] item: Leftovers\n|upkeep\n|turn|13\n|inactive|Time left: 300 sec this turn | 300 sec total\n|\n|t:|1783540394\n|move|p2a: Bellossom|Strength Sap|p1a: Archaludon\n|-unboost|p1a: Archaludon|atk|1\n|-heal|p2a: Bellossom|263/263\n|move|p1a: Archaludon|Dragon Tail|p2a: Bellossom\n|-damage|p2a: Bellossom|227/263\n|drag|p2a: Banette|Banette, L93, M, shiny|270/270\n|\n|upkeep\n|turn|14\n|inactive|Time left: 300 sec this turn | 300 sec total\n|\n|t:|1783540395\n|move|p1a: Archaludon|Flash Cannon|p2a: Banette\n|-damage|p2a: Banette|168/270\n|-unboost|p2a: Banette|spd|1\n|move|p2a: Banette|Thunder Wave|p1a: Archaludon\n|-status|p1a: Archaludon|par\n|\n|upkeep\n|turn|15\n|inactive|Time left: 300 sec this turn | 300 sec total\n|\n|t:|1783540396\n|switch|p2a: Bellossom|Bellossom, L84, F|227/263\n|move|p1a: Archaludon|Flash Cannon|p2a: Bellossom\n|-damage|p2a: Bellossom|149/263\n|\n|-heal|p2a: Bellossom|165/263|[from] item: Leftovers\n|upkeep\n|turn|16\n|inactive|Time left: 300 sec this turn | 300 sec total\n|\n|t:|1783540397\n|move|p2a: Bellossom|Strength Sap|p1a: Archaludon\n|-unboost|p1a: Archaludon|atk|1\n|-heal|p2a: Bellossom|263/263\n|move|p1a: Archaludon|Dragon Tail|p2a: Bellossom\n|-damage|p2a: Bellossom|233/263\n|drag|p2a: Kricketune|Kricketune, L99, M|204/312\n|\n|upkeep\n|turn|17\n|inactive|Time left: 300 sec this turn | 300 sec total\n|\n|t:|1783540398\n|move|p2a: Kricketune|Knock Off|p1a: Archaludon\n|-damage|p1a: Archaludon|33/100 par\n|-ability|p1a: Archaludon|Stamina|boost\n|-boost|p1a: Archaludon|def|1\n|-enditem|p1a: Archaludon|Assault Vest|[from] move: Knock Off|[of] p2a: Kricketune\n|move|p1a: Archaludon|Body Press|p2a: Kricketune\n|-resisted|p2a: Kricketune\n|-damage|p2a: Kricketune|107/312\n|\n|upkeep\n|turn|18\n|inactive|Time left: 300 sec this turn | 300 sec total\n|\n|t:|1783540400\n|switch|p2a: Bellossom|Bellossom, L84, F|233/263\n|cant|p1a: Archaludon|par\n|\n|-heal|p2a: Bellossom|249/263|[from] item: Leftovers\n|upkeep\n|turn|19\n|inactive|Time left: 300 sec this turn | 300 sec total\n|\n|t:|1783540401\n|move|p2a: Bellossom|Quiver Dance|p2a: Bellossom\n|-boost|p2a: Bellossom|spa|1\n|-boost|p2a: Bellossom|spd|1\n|-boost|p2a: Bellossom|spe|1\n|cant|p1a: Archaludon|par\n|\n|-heal|p2a: Bellossom|263/263|[from] item: Leftovers\n|upkeep\n|turn|20\n|inactive|Time left: 300 sec this turn | 300 sec total\n|\n|t:|1783540402\n|move|p2a: Bellossom|Quiver Dance|p2a: Bellossom\n|-boost|p2a: Bellossom|spa|1\n|-boost|p2a: Bellossom|spd|1\n|-boost|p2a: Bellossom|spe|1\n|move|p1a: Archaludon|Dragon Tail|p2a: Bellossom\n|-damage|p2a: Bellossom|236/263\n|drag|p2a: Lugia|Lugia, L73|214/275\n|\n|upkeep\n|turn|21\n|inactive|Time left: 300 sec this turn | 300 sec total\n|\n|t:|1783540403\n|move|p2a: Lugia|Calm Mind|p2a: Lugia\n|-boost|p2a: Lugia|spa|1\n|-boost|p2a: Lugia|spd|1\n|move|p1a: Archaludon|Dragon Tail|p2a: Lugia\n|-damage|p2a: Lugia|190/275\n|drag|p2a: Banette|Banette, L93, M, shiny|168/270\n|\n|upkeep\n|turn|22\n|inactive|Time left: 300 sec this turn | 300 sec total\n|\n|t:|1783540404\n|switch|p2a: Lugia|Lugia, L73|190/275\n|move|p1a: Archaludon|Flash Cannon|p2a: Lugia\n|-damage|p2a: Lugia|126/275\n|\n|upkeep\n|turn|23\n|inactive|Time left: 300 sec this turn | 300 sec total\n|\n|t:|1783540405\n|move|p2a: Lugia|Recover|p2a: Lugia\n|-heal|p2a: Lugia|264/275\n|move|p1a: Archaludon|Dragon Tail|p2a: Lugia\n|-damage|p2a: Lugia|239/275\n|drag|p2a: Bellossom|Bellossom, L84, F|236/263\n|\n|-heal|p2a: Bellossom|252/263|[from] item: Leftovers\n|upkeep\n|turn|24\n|inactive|Time left: 300 sec this turn | 300 sec total\n|\n|t:|1783540406\n|move|p2a: Bellossom|Quiver Dance|p2a: Bellossom\n|-boost|p2a: Bellossom|spa|1\n|-boost|p2a: Bellossom|spd|1\n|-boost|p2a: Bellossom|spe|1\n|cant|p1a: Archaludon|par\n|\n|-heal|p2a: Bellossom|263/263|[from] item: Leftovers\n|upkeep\n|turn|25\n|inactive|Time left: 300 sec this turn | 300 sec total\n|\n|t:|1783540407\n|move|p2a: Bellossom|Quiver Dance|p2a: Bellossom\n|-boost|p2a: Bellossom|spa|1\n|-boost|p2a: Bellossom|spd|1\n|-boost|p2a: Bellossom|spe|1\n|cant|p1a: Archaludon|par\n|\n|upkeep\n|turn|26\n|inactive|Time left: 300 sec this turn | 300 sec total\n|\n|t:|1783540408\n|move|p2a: Bellossom|Giga Drain|p1a: Archaludon\n|-resisted|p1a: Archaludon\n|-damage|p1a: Archaludon|13/100 par\n|-ability|p1a: Archaludon|Stamina|boost\n|-boost|p1a: Archaludon|def|1\n|move|p1a: Archaludon|Dragon Tail|p2a: Bellossom\n|-damage|p2a: Bellossom|236/263\n|drag|p2a: Lugia|Lugia, L73|239/275\n|\n|upkeep\n|turn|27\n|inactive|Time left: 300 sec this turn | 300 sec total\n|\n|t:|1783540409\n|move|p2a: Lugia|Calm Mind|p2a: Lugia\n|-boost|p2a: Lugia|spa|1\n|-boost|p2a: Lugia|spd|1\n|move|p1a: Archaludon|Dragon Tail|p2a: Lugia\n|-damage|p2a: Lugia|215/275\n|drag|p2a: Banette|Banette, L93, M, shiny|168/270\n|\n|upkeep\n|turn|28\n|inactive|Time left: 300 sec this turn | 300 sec total\n|\n|t:|1783540410\n|switch|p2a: Lugia|Lugia, L73|215/275\n|move|p1a: Archaludon|Flash Cannon|p2a: Lugia\n|-damage|p2a: Lugia|145/275\n|\n|upkeep\n|turn|29\n|inactive|Time left: 300 sec this turn | 300 sec total\n|\n|t:|1783540411\n|move|p2a: Lugia|Recover|p2a: Lugia\n|-heal|p2a: Lugia|275/275\n|move|p1a: Archaludon|Dragon Tail|p2a: Lugia\n|-damage|p2a: Lugia|262/275\n|drag|p2a: Bellossom|Bellossom, L84, F|236/263\n|\n|-heal|p2a: Bellossom|252/263|[from] item: Leftovers\n|upkeep\n|turn|30\n|inactive|Time left: 300 sec this turn | 300 sec total\n|\n|t:|1783540412\n|move|p2a: Bellossom|Quiver Dance|p2a: Bellossom\n|-boost|p2a: Bellossom|spa|1\n|-boost|p2a: Bellossom|spd|1\n|-boost|p2a: Bellossom|spe|1\n|cant|p1a: Archaludon|par\n|\n|-heal|p2a: Bellossom|263/263|[from] item: Leftovers\n|upkeep\n|turn|31\n|inactive|Time left: 300 sec this turn | 300 sec total\n|\n|t:|1783540414\n|move|p2a: Bellossom|Quiver Dance|p2a: Bellossom\n|-boost|p2a: Bellossom|spa|1\n|-boost|p2a: Bellossom|spd|1\n|-boost|p2a: Bellossom|spe|1\n|move|p1a: Archaludon|Dragon Tail|p2a: Bellossom\n|-damage|p2a: Bellossom|235/263\n|drag|p2a: Kricketune|Kricketune, L99, M|107/312\n|\n|upkeep\n|turn|32\n|inactive|Time left: 300 sec this turn | 300 sec total\n|\n|t:|1783540415\n|switch|p2a: Lugia|Lugia, L73|262/275\n|move|p1a: Archaludon|Flash Cannon|p2a: Lugia\n|-damage|p2a: Lugia|199/275\n|\n|upkeep\n|turn|33\n|inactive|Time left: 300 sec this turn | 300 sec total\n|\n|t:|1783540416\n|move|p2a: Lugia|Calm Mind|p2a: Lugia\n|-boost|p2a: Lugia|spa|1\n|-boost|p2a: Lugia|spd|1\n|cant|p1a: Archaludon|par\n|\n|upkeep\n|turn|34\n|inactive|Time left: 300 sec this turn | 300 sec total\n|\n|t:|1783540417\n|move|p2a: Lugia|Calm Mind|p2a: Lugia\n|-boost|p2a: Lugia|spa|1\n|-boost|p2a: Lugia|spd|1\n|move|p1a: Archaludon|Dragon Tail|p2a: Lugia\n|-damage|p2a: Lugia|175/275\n|drag|p2a: Banette|Banette, L93, M, shiny|168/270\n|\n|upkeep\n|turn|35\n|inactive|Time left: 300 sec this turn | 300 sec total\n|\n|t:|1783540418\n|switch|p2a: Lugia|Lugia, L73|175/275\n|move|p1a: Archaludon|Flash Cannon|p2a: Lugia\n|-damage|p2a: Lugia|111/275\n|\n|upkeep\n|turn|36\n|inactive|Time left: 300 sec this turn | 300 sec total\n|\n|t:|1783540419\n|move|p2a: Lugia|Recover|p2a: Lugia\n|-heal|p2a: Lugia|249/275\n|cant|p1a: Archaludon|par\n|\n|upkeep\n|turn|37\n|inactive|Time left: 300 sec this turn | 300 sec total\n|\n|t:|1783540421\n|move|p2a: Lugia|Calm Mind|p2a: Lugia\n|-boost|p2a: Lugia|spa|1\n|-boost|p2a: Lugia|spd|1\n|move|p1a: Archaludon|Dragon Tail|p2a: Lugia\n|-damage|p2a: Lugia|222/275\n|drag|p2a: Bellossom|Bellossom, L84, F|235/263\n|\n|-heal|p2a: Bellossom|251/263|[from] item: Leftovers\n|upkeep\n|turn|38\n|inactive|Time left: 300 sec this turn | 300 sec total\n|\n|t:|1783540422\n|move|p2a: Bellossom|Quiver Dance|p2a: Bellossom\n|-boost|p2a: Bellossom|spa|1\n|-boost|p2a: Bellossom|spd|1\n|-boost|p2a: Bellossom|spe|1\n|move|p1a: Archaludon|Dragon Tail|p2a: Bellossom\n|-damage|p2a: Bellossom|223/263\n|drag|p2a: Kricketune|Kricketune, L99, M|107/312\n|\n|upkeep\n|turn|39\n|inactive|Time left: 300 sec this turn | 300 sec total\n|\n|t:|1783540423\n|switch|p2a: Lugia|Lugia, L73|222/275\n|move|p1a: Archaludon|Body Press|p2a: Lugia\n|-resisted|p2a: Lugia\n|-damage|p2a: Lugia|185/275\n|\n|upkeep\n|turn|40\n|inactive|Time left: 300 sec this turn | 300 sec total\n|\n|t:|1783540424\n|move|p2a: Lugia|Calm Mind|p2a: Lugia\n|-boost|p2a: Lugia|spa|1\n|-boost|p2a: Lugia|spd|1\n|cant|p1a: Archaludon|par\n|\n|upkeep\n|turn|41\n|inactive|Time left: 300 sec this turn | 300 sec total\n|\n|t:|1783540425\n|move|p2a: Lugia|Calm Mind|p2a: Lugia\n|-boost|p2a: Lugia|spa|1\n|-boost|p2a: Lugia|spd|1\n|move|p1a: Archaludon|Flash Cannon|p2a: Lugia\n|-damage|p2a: Lugia|152/275\n|\n|upkeep\n|turn|42\n|inactive|Time left: 300 sec this turn | 300 sec total\n|\n|t:|1783540426\n|move|p2a: Lugia|Recover|p2a: Lugia\n|-heal|p2a: Lugia|275/275\n|move|p1a: Archaludon|Draco Meteor|p2a: Lugia\n|-damage|p2a: Lugia|249/275\n|-unboost|p1a: Archaludon|spa|2\n|\n|upkeep\n|turn|43\n|inactive|Time left: 300 sec this turn | 300 sec total\n|\n|t:|1783540427\n|move|p2a: Lugia|Calm Mind|p2a: Lugia\n|-boost|p2a: Lugia|spa|1\n|-boost|p2a: Lugia|spd|1\n|cant|p1a: Archaludon|par\n|\n|upkeep\n|turn|44\n|inactive|Time left: 300 sec this turn | 300 sec total\n|\n|t:|1783540428\n|move|p2a: Lugia|Calm Mind|p2a: Lugia\n|-boost|p2a: Lugia|spa|1\n|-boost|p2a: Lugia|spd|1\n|move|p1a: Archaludon|Flash Cannon|p2a: Lugia\n|-damage|p2a: Lugia|236/275\n|\n|upkeep\n|turn|45\n|inactive|Time left: 300 sec this turn | 300 sec total\n|\n|t:|1783540429\n|move|p2a: Lugia|Aeroblast|p1a: Archaludon\n|-resisted|p1a: Archaludon\n|-damage|p1a: Archaludon|0 fnt\n|faint|p1a: Archaludon\n|\n|upkeep\n|\n|t:|1783540430\n|switch|p1a: Politoed|Politoed, L88, M|100/100\n|-activate|p1a: Politoed|move: Sticky Web\n|-unboost|p1a: Politoed|spe|1\n|-weather|RainDance|[from] ability: Drizzle|[of] p1a: Politoed\n|turn|46\n|inactive|Time left: 300 sec this turn | 300 sec total\n|\n|t:|1783540431\n|-terastallize|p1a: Politoed|Steel\n|move|p2a: Lugia|Aeroblast|p1a: Politoed\n|-resisted|p1a: Politoed\n|-damage|p1a: Politoed|66/100\n|move|p1a: Politoed|Encore|p2a: Lugia\n|-start|p2a: Lugia|Encore\n|\n|-weather|RainDance|[upkeep]\n|upkeep\n|turn|47\n|inactive|Time left: 300 sec this turn | 300 sec total\n|\n|t:|1783540432\n|move|p2a: Lugia|Aeroblast|p1a: Politoed\n|-resisted|p1a: Politoed\n|-damage|p1a: Politoed|34/100\n|move|p1a: Politoed|Rest|p1a: Politoed\n|-status|p1a: Politoed|slp|[from] move: Rest\n|-heal|p1a: Politoed|100/100 slp|[silent]\n|-enditem|p1a: Politoed|Chesto Berry|[eat]\n|-curestatus|p1a: Politoed|slp|[msg]\n|\n|-weather|RainDance|[upkeep]\n|upkeep\n|turn|48\n|inactive|Time left: 300 sec this turn | 300 sec total\n|\n|t:|1783540434\n|move|p2a: Lugia|Aeroblast|p1a: Politoed\n|-resisted|p1a: Politoed\n|-damage|p1a: Politoed|69/100\n|move|p1a: Politoed|Ice Beam|p2a: Lugia\n|-supereffective|p2a: Lugia\n|-damage|p2a: Lugia|200/275\n|\n|-weather|RainDance|[upkeep]\n|upkeep\n|turn|49\n|inactive|Time left: 300 sec this turn | 300 sec total\n|\n|t:|1783540435\n|move|p2a: Lugia|Aeroblast|p1a: Politoed\n|-resisted|p1a: Politoed\n|-damage|p1a: Politoed|38/100\n|move|p1a: Politoed|Encore||[still]\n|-fail|p1a: Politoed\n|\n|-weather|RainDance|[upkeep]\n|-end|p2a: Lugia|Encore\n|upkeep\n|turn|50\n|inactive|Time left: 300 sec this turn | 300 sec total\n|\n|t:|1783540436\n|move|p2a: Lugia|Aeroblast|p1a: Politoed\n|-resisted|p1a: Politoed\n|-damage|p1a: Politoed|6/100\n|move|p1a: Politoed|Encore|p2a: Lugia\n|-start|p2a: Lugia|Encore\n|\n|-weather|none\n|upkeep\n|turn|51\n|inactive|Time left: 300 sec this turn | 300 sec total\n|\n|t:|1783540437\n|move|p2a: Lugia|Aeroblast|p1a: Politoed\n|-resisted|p1a: Politoed\n|-crit|p1a: Politoed\n|-damage|p1a: Politoed|0 fnt\n|faint|p1a: Politoed\n|\n|upkeep\n|\n|t:|1783540438\n|switch|p1a: Whimsicott|Whimsicott, L84, F|45/100\n|-activate|p1a: Whimsicott|move: Sticky Web\n|-unboost|p1a: Whimsicott|spe|1\n|turn|52\n|inactive|Time left: 300 sec this turn | 300 sec total\n|\n|t:|1783540439\n|move|p1a: Whimsicott|Leech Seed|p2a: Lugia\n|-start|p2a: Lugia|move: Leech Seed\n|move|p2a: Lugia|Aeroblast|p1a: Whimsicott\n|-supereffective|p1a: Whimsicott\n|-damage|p1a: Whimsicott|0 fnt\n|faint|p1a: Whimsicott\n|\n|-end|p2a: Lugia|Encore\n|upkeep\n|\n|t:|1783540440\n|switch|p1a: Volbeat|Volbeat, L90, M|100/100\n|turn|53\n|inactive|Time left: 300 sec this turn | 300 sec total\n|\n|t:|1783540441\n|move|p1a: Volbeat|Thunder Wave|p2a: Lugia|[miss]\n|-miss|p1a: Volbeat|p2a: Lugia\n|move|p2a: Lugia|Psychic Noise|p1a: Volbeat\n|-damage|p1a: Volbeat|37/100\n|-start|p1a: Volbeat|move: Heal Block\n|\n|-damage|p2a: Lugia|166/275|[from] Leech Seed|[of] p1a: Volbeat\n|upkeep\n|turn|54\n|inactive|Time left: 300 sec this turn | 300 sec total\n|\n|t:|1783540442\n|move|p1a: Volbeat|Thunder Wave|p2a: Lugia\n|-status|p2a: Lugia|par\n|move|p2a: Lugia|Psychic Noise|p1a: Volbeat\n|-damage|p1a: Volbeat|0 fnt\n|faint|p1a: Volbeat\n|\n|upkeep\n|\n|t:|1783540443\n|switch|p1a: Gengar|Gengar, L81, M|100/100\n|-activate|p1a: Gengar|move: Sticky Web\n|-unboost|p1a: Gengar|spe|1\n|turn|55\n|inactive|Time left: 300 sec this turn | 300 sec total\n|\n|t:|1783540444\n|move|p1a: Gengar|Focus Blast|p2a: Lugia\n|-resisted|p2a: Lugia\n|-damage|p2a: Lugia|158/275 par\n|-unboost|p2a: Lugia|spd|1\n|-damage|p1a: Gengar|90/100|[from] item: Life Orb\n|cant|p2a: Lugia|par\n|\n|-damage|p2a: Lugia|124/275 par|[from] Leech Seed|[of] p1a: Gengar\n|-heal|p1a: Gengar|100/100|[silent]\n|upkeep\n|turn|56\n|inactive|Time left: 300 sec this turn | 300 sec total\n|\n|t:|1783540445\n|move|p1a: Gengar|Shadow Ball|p2a: Lugia\n|-supereffective|p2a: Lugia\n|-damage|p2a: Lugia|46/275 par\n|-damage|p1a: Gengar|90/100|[from] item: Life Orb\n|move|p2a: Lugia|Psychic Noise|p1a: Gengar\n|-supereffective|p1a: Gengar\n|-damage|p1a: Gengar|0 fnt\n|-start|p2a: Lugia|Disable|Psychic Noise|[from] ability: Cursed Body|[of] p1a: Gengar\n|faint|p1a: Gengar\n|\n|upkeep\n|\n|t:|1783540446\n|switch|p1a: Cloyster|Cloyster, L80, M|100/100\n|-activate|p1a: Cloyster|move: Sticky Web\n|-unboost|p1a: Cloyster|spe|1\n|-enditem|p1a: Cloyster|White Herb\n|-clearnegativeboost|p1a: Cloyster|[silent]\n|turn|57\n|inactive|Time left: 300 sec this turn | 300 sec total\n|\n|t:|1783540447\n|switch|p2a: Bellossom|Bellossom, L84, F|223/263\n|move|p1a: Cloyster|Shell Smash|p1a: Cloyster\n|-unboost|p1a: Cloyster|def|1\n|-unboost|p1a: Cloyster|spd|1\n|-boost|p1a: Cloyster|atk|2\n|-boost|p1a: Cloyster|spa|2\n|-boost|p1a: Cloyster|spe|2\n|\n|-heal|p2a: Bellossom|239/263|[from] item: Leftovers\n|upkeep\n|turn|58\n|inactive|Time left: 300 sec this turn | 300 sec total\n|\n|t:|1783540448\n|-terastallize|p2a: Bellossom|Poison\n|move|p1a: Cloyster|Icicle Spear|p2a: Bellossom\n|-damage|p2a: Bellossom|196/263\n|-damage|p2a: Bellossom|147/263\n|-damage|p2a: Bellossom|99/263\n|-damage|p2a: Bellossom|53/263\n|-crit|p2a: Bellossom\n|-damage|p2a: Bellossom|0 fnt\n|faint|p2a: Bellossom\n|-hitcount|p2: Bellossom|5\n|\n|upkeep\n|inactive|Time left: 300 sec this turn | 300 sec total | 5 sec grace\n|\n|t:|1783540449\n|switch|p2a: Lugia|Lugia, L73|46/275 par\n|turn|59\n|inactive|Time left: 300 sec this turn | 300 sec total\n|\n|t:|1783540450\n|move|p1a: Cloyster|Icicle Spear|p2a: Lugia\n|-supereffective|p2a: Lugia\n|-crit|p2a: Lugia\n|-damage|p2a: Lugia|0 fnt\n|faint|p2a: Lugia\n|-hitcount|p2: Lugia|1\n|\n|upkeep\n|inactive|Time left: 300 sec this turn | 300 sec total | 5 sec grace\n|\n|t:|1783540451\n|switch|p2a: Banette|Banette, L93, M, shiny|168/270\n|turn|60\n|inactive|Time left: 300 sec this turn | 300 sec total\n|\n|t:|1783540451\n|switch|p2a: Kricketune|Kricketune, L99, M|107/312\n|move|p1a: Cloyster|Icicle Spear|p2a: Kricketune\n|-damage|p2a: Kricketune|41/312\n|-damage|p2a: Kricketune|0 fnt\n|faint|p2a: Kricketune\n|-hitcount|p2: Kricketune|2\n|\n|upkeep\n|inactive|Time left: 300 sec this turn | 300 sec total | 5 sec grace\n|\n|t:|1783540452\n|switch|p2a: Banette|Banette, L93, M, shiny|168/270\n|turn|61\n|inactive|Time left: 300 sec this turn | 300 sec total\n|\n|t:|1783540453\n|move|p1a: Cloyster|Icicle Spear|p2a: Banette\n|-damage|p2a: Banette|114/270\n|-damage|p2a: Banette|57/270\n|-damage|p2a: Banette|2/270\n|-damage|p2a: Banette|0 fnt\n|faint|p2a: Banette\n|-hitcount|p2: Banette|4\n|\n|upkeep\n|inactive|Time left: 300 sec this turn | 300 sec total | 5 sec grace\n|\n|t:|1783540454\n|switch|p2a: Sunflora|Sunflora, F|312/312\n|turn|62\n|inactive|Time left: 300 sec this turn | 300 sec total\n|\n|t:|1783540455\n|move|p1a: Cloyster|Icicle Spear|p2a: Sunflora\n|-supereffective|p2a: Sunflora\n|-damage|p2a: Sunflora|186/312\n|-supereffective|p2a: Sunflora\n|-damage|p2a: Sunflora|72/312\n|-supereffective|p2a: Sunflora\n|-damage|p2a: Sunflora|0 fnt\n|faint|p2a: Sunflora\n|-hitcount|p2: Sunflora|3\n|\n|win|p0x0799679", "uploadtime": 1783540455, "views": 0, "rating": 0, "private": 0, "password": null, "_winner": "p0x0799679", "_our_name": "p0y079add4"}