{"id": "battle-gen9randombattle-197", "formatid": "gen9randombattle", "format": "[Gen 9] Random Battle", "players": ["p0x1973d5e", "p0y197120e"], "log": "|init|battle\n|title|p0x1973d5e vs. p0y197120e\n|j|\u2606p0x1973d5e\n|j|\u2606p0y197120e\n|t:|1783535519\n|gametype|singles\n|player|p1|p0x1973d5e|1|\n|player|p2|p0y197120e|102|\n|gen|9\n|tier|[Gen 9] Random Battle\n|rule|Species Clause: Limit one of each Pok\u00e9mon\n|rule|HP Percentage Mod: HP is shown in percentages\n|rule|Sleep Clause Mod: Limit one foe put to sleep\n|rule|Illusion Level Mod: Illusion disguises the Pok\u00e9mon's true level\n|\n|t:|1783535519\n|teamsize|p1|6\n|teamsize|p2|6\n|start\n|switch|p1a: Meowscarada|Meowscarada, L78, M|247/247\n|switch|p2a: Okidogi|Okidogi, L77, M|100/100\n|turn|1\n|inactive|Battle timer is ON: inactive players will automatically lose when time's up. (requested by p0x1973d5e)\n|\n|t:|1783535521\n|move|p1a: Meowscarada|Triple Axel|p2a: Okidogi\n|-start|p1a: Meowscarada|typechange|Ice|[from] ability: Protean\n|-damage|p2a: Okidogi|91/100\n|-damage|p2a: Okidogi|71/100\n|-damage|p2a: Okidogi|41/100\n|-hitcount|p2a: Okidogi|3\n|move|p2a: Okidogi|Gunk Shot|p1a: Meowscarada\n|-damage|p1a: Meowscarada|64/247\n|-status|p1a: Meowscarada|tox|[from] ability: Toxic Chain|[of] p2a: Okidogi\n|\n|-heal|p2a: Okidogi|47/100|[from] item: Leftovers\n|-damage|p1a: Meowscarada|49/247 tox|[from] psn\n|upkeep\n|turn|2\n|inactive|Time left: 300 sec this turn | 300 sec total\n|inactive|p0y197120e also wants the timer to be on.\n|\n|t:|1783535522\n|switch|p2a: Regice|Regice, L88|100/100\n|move|p1a: Meowscarada|Triple Axel|p2a: Regice\n|-resisted|p2a: Regice\n|-damage|p2a: Regice|95/100\n|-resisted|p2a: Regice\n|-damage|p2a: Regice|87/100\n|-resisted|p2a: Regice\n|-damage|p2a: Regice|73/100\n|-hitcount|p2a: Regice|3\n|\n|-damage|p1a: Meowscarada|19/247 tox|[from] psn\n|upkeep\n|turn|3\n|inactive|Time left: 300 sec this turn | 300 sec total\n|\n|t:|1783535524\n|move|p1a: Meowscarada|Triple Axel|p2a: Regice\n|-resisted|p2a: Regice\n|-damage|p2a: Regice|69/100\n|-resisted|p2a: Regice\n|-damage|p2a: Regice|59/100\n|-resisted|p2a: Regice\n|-damage|p2a: Regice|46/100\n|-hitcount|p2a: Regice|3\n|move|p2a: Regice|Ice Beam|p1a: Meowscarada\n|-resisted|p1a: Meowscarada\n|-damage|p1a: Meowscarada|0 fnt\n|faint|p1a: Meowscarada\n|\n|upkeep\n|inactive|Time left: 300 sec this turn | 300 sec total | 5 sec grace\n|\n|t:|1783535524\n|switch|p1a: Gastrodon|Gastrodon-East, L86, M|331/331\n|turn|4\n|inactive|Time left: 300 sec this turn | 300 sec total\n|\n|t:|1783535526\n|switch|p2a: Eelektross|Eelektross, L87, M|100/100\n|move|p1a: Gastrodon|Earthquake|p2a: Eelektross\n|-immune|p2a: Eelektross|[from] ability: Levitate\n|\n|upkeep\n|turn|5\n|inactive|Time left: 300 sec this turn | 300 sec total\n|\n|t:|1783535527\n|move|p2a: Eelektross|Coil|p2a: Eelektross\n|-boost|p2a: Eelektross|atk|1\n|-boost|p2a: Eelektross|def|1\n|-boost|p2a: Eelektross|accuracy|1\n|move|p1a: Gastrodon|Spikes|p2a: Eelektross\n|-sidestart|p2: p0y197120e|Spikes\n|\n|upkeep\n|turn|6\n|inactive|Time left: 300 sec this turn | 300 sec total\n|\n|t:|1783535528\n|move|p2a: Eelektross|Knock Off|p1a: Gastrodon\n|-damage|p1a: Gastrodon|180/331\n|-enditem|p1a: Gastrodon|Leftovers|[from] move: Knock Off|[of] p2a: Eelektross\n|move|p1a: Gastrodon|Spikes|p2a: Eelektross\n|-sidestart|p2: p0y197120e|Spikes\n|\n|upkeep\n|turn|7\n|inactive|Time left: 300 sec this turn | 300 sec total\n|\n|t:|1783535528\n|move|p2a: Eelektross|Coil|p2a: Eelektross\n|-boost|p2a: Eelektross|atk|1\n|-boost|p2a: Eelektross|def|1\n|-boost|p2a: Eelektross|accuracy|1\n|move|p1a: Gastrodon|Recover|p1a: Gastrodon\n|-heal|p1a: Gastrodon|331/331\n|\n|upkeep\n|turn|8\n|inactive|Time left: 300 sec this turn | 300 sec total\n|\n|t:|1783535529\n|move|p2a: Eelektross|Knock Off|p1a: Gastrodon\n|-damage|p1a: Gastrodon|204/331\n|move|p1a: Gastrodon|Recover|p1a: Gastrodon\n|-heal|p1a: Gastrodon|331/331\n|\n|upkeep\n|turn|9\n|inactive|Time left: 300 sec this turn | 300 sec total\n|\n|t:|1783535530\n|move|p2a: Eelektross|Knock Off|p1a: Gastrodon\n|-damage|p1a: Gastrodon|209/331\n|move|p1a: Gastrodon|Recover|p1a: Gastrodon\n|-heal|p1a: Gastrodon|331/331\n|\n|upkeep\n|turn|10\n|inactive|Time left: 300 sec this turn | 300 sec total\n|\n|t:|1783535531\n|move|p2a: Eelektross|Knock Off|p1a: Gastrodon\n|-crit|p1a: Gastrodon\n|-damage|p1a: Gastrodon|150/331\n|move|p1a: Gastrodon|Recover|p1a: Gastrodon\n|-heal|p1a: Gastrodon|316/331\n|\n|upkeep\n|turn|11\n|inactive|Time left: 300 sec this turn | 300 sec total\n|\n|t:|1783535533\n|move|p2a: Eelektross|Drain Punch|p1a: Gastrodon\n|-damage|p1a: Gastrodon|164/331\n|move|p1a: Gastrodon|Recover|p1a: Gastrodon\n|-heal|p1a: Gastrodon|330/331\n|\n|upkeep\n|turn|12\n|inactive|Time left: 300 sec this turn | 300 sec total\n|\n|t:|1783535534\n|move|p2a: Eelektross|Knock Off|p1a: Gastrodon\n|-damage|p1a: Gastrodon|210/331\n|move|p1a: Gastrodon|Recover|p1a: Gastrodon\n|-heal|p1a: Gastrodon|331/331\n|\n|upkeep\n|turn|13\n|inactive|Time left: 300 sec this turn | 300 sec total\n|\n|t:|1783535535\n|move|p2a: Eelektross|Drain Punch|p1a: Gastrodon\n|-damage|p1a: Gastrodon|167/331\n|move|p1a: Gastrodon|Recover|p1a: Gastrodon\n|-heal|p1a: Gastrodon|331/331\n|\n|upkeep\n|turn|14\n|inactive|Time left: 300 sec this turn | 300 sec total\n|\n|t:|1783535536\n|move|p2a: Eelektross|Knock Off|p1a: Gastrodon\n|-damage|p1a: Gastrodon|199/331\n|move|p1a: Gastrodon|Recover|p1a: Gastrodon\n|-heal|p1a: Gastrodon|331/331\n|\n|upkeep\n|turn|15\n|inactive|Time left: 300 sec this turn | 300 sec total\n|\n|t:|1783535537\n|move|p2a: Eelektross|Knock Off|p1a: Gastrodon\n|-damage|p1a: Gastrodon|191/331\n|move|p1a: Gastrodon|Spikes|p2a: Eelektross\n|-sidestart|p2: p0y197120e|Spikes\n|\n|upkeep\n|turn|16\n|inactive|Time left: 300 sec this turn | 300 sec total\n|\n|t:|1783535538\n|move|p2a: Eelektross|Drain Punch|p1a: Gastrodon\n|-damage|p1a: Gastrodon|42/331\n|move|p1a: Gastrodon|Surf|p2a: Eelektross\n|-damage|p2a: Eelektross|69/100\n|\n|-heal|p2a: Eelektross|75/100|[from] item: Leftovers\n|upkeep\n|turn|17\n|inactive|Time left: 300 sec this turn | 300 sec total\n|\n|t:|1783535539\n|move|p2a: Eelektross|Knock Off|p1a: Gastrodon\n|-damage|p1a: Gastrodon|0 fnt\n|faint|p1a: Gastrodon\n|\n|-heal|p2a: Eelektross|82/100|[from] item: Leftovers\n|upkeep\n|inactive|Time left: 300 sec this turn | 300 sec total | 5 sec grace\n|\n|t:|1783535540\n|switch|p1a: Slither Wing|Slither Wing, L81|270/270\n|turn|18\n|inactive|Time left: 300 sec this turn | 300 sec total\n|\n|t:|1783535541\n|move|p1a: Slither Wing|Will-O-Wisp|p2a: Eelektross\n|-status|p2a: Eelektross|brn\n|move|p2a: Eelektross|Supercell Slam|p1a: Slither Wing\n|-damage|p1a: Slither Wing|128/270\n|\n|-heal|p2a: Eelektross|88/100 brn|[from] item: Leftovers\n|-damage|p2a: Eelektross|82/100 brn|[from] brn\n|upkeep\n|turn|19\n|inactive|Time left: 300 sec this turn | 300 sec total\n|\n|t:|1783535542\n|move|p1a: Slither Wing|Morning Sun|p1a: Slither Wing\n|-heal|p1a: Slither Wing|263/270\n|move|p2a: Eelektross|Supercell Slam|p1a: Slither Wing\n|-damage|p1a: Slither Wing|127/270\n|\n|-heal|p2a: Eelektross|88/100 brn|[from] item: Leftovers\n|-damage|p2a: Eelektross|82/100 brn|[from] brn\n|upkeep\n|turn|20\n|inactive|Time left: 300 sec this turn | 300 sec total\n|\n|t:|1783535543\n|move|p1a: Slither Wing|Morning Sun|p1a: Slither Wing\n|-heal|p1a: Slither Wing|262/270\n|move|p2a: Eelektross|Supercell Slam|p1a: Slither Wing\n|-damage|p1a: Slither Wing|109/270\n|\n|-heal|p2a: Eelektross|88/100 brn|[from] item: Leftovers\n|-damage|p2a: Eelektross|82/100 brn|[from] brn\n|upkeep\n|turn|21\n|inactive|Time left: 300 sec this turn | 300 sec total\n|\n|t:|1783535544\n|move|p1a: Slither Wing|Morning Sun|p1a: Slither Wing\n|-heal|p1a: Slither Wing|244/270\n|move|p2a: Eelektross|Supercell Slam|p1a: Slither Wing\n|-damage|p1a: Slither Wing|100/270\n|\n|-heal|p2a: Eelektross|88/100 brn|[from] item: Leftovers\n|-damage|p2a: Eelektross|82/100 brn|[from] brn\n|upkeep\n|turn|22\n|inactive|Time left: 300 sec this turn | 300 sec total\n|\n|t:|1783535545\n|move|p1a: Slither Wing|Morning Sun|p1a: Slither Wing\n|-heal|p1a: Slither Wing|235/270\n|move|p2a: Eelektross|Supercell Slam|p1a: Slither Wing\n|-damage|p1a: Slither Wing|99/270\n|\n|-heal|p2a: Eelektross|88/100 brn|[from] item: Leftovers\n|-damage|p2a: Eelektross|82/100 brn|[from] brn\n|upkeep\n|turn|23\n|inactive|Time left: 300 sec this turn | 300 sec total\n|\n|t:|1783535546\n|move|p1a: Slither Wing|Morning Sun|p1a: Slither Wing\n|-heal|p1a: Slither Wing|234/270\n|move|p2a: Eelektross|Supercell Slam|p1a: Slither Wing\n|-damage|p1a: Slither Wing|87/270\n|\n|-heal|p2a: Eelektross|88/100 brn|[from] item: Leftovers\n|-damage|p2a: Eelektross|82/100 brn|[from] brn\n|upkeep\n|turn|24\n|inactive|Time left: 300 sec this turn | 300 sec total\n|\n|t:|1783535547\n|move|p1a: Slither Wing|Morning Sun|p1a: Slither Wing\n|-heal|p1a: Slither Wing|222/270\n|move|p2a: Eelektross|Supercell Slam|p1a: Slither Wing\n|-damage|p1a: Slither Wing|69/270\n|\n|-heal|p2a: Eelektross|88/100 brn|[from] item: Leftovers\n|-damage|p2a: Eelektross|82/100 brn|[from] brn\n|upkeep\n|turn|25\n|inactive|Time left: 300 sec this turn | 300 sec total\n|\n|t:|1783535548\n|move|p1a: Slither Wing|Morning Sun|p1a: Slither Wing\n|-heal|p1a: Slither Wing|204/270\n|move|p2a: Eelektross|Supercell Slam|p1a: Slither Wing\n|-damage|p1a: Slither Wing|73/270\n|\n|-heal|p2a: Eelektross|88/100 brn|[from] item: Leftovers\n|-damage|p2a: Eelektross|82/100 brn|[from] brn\n|upkeep\n|turn|26\n|inactive|Time left: 300 sec this turn | 300 sec total\n|\n|t:|1783535550\n|move|p1a: Slither Wing|Morning Sun|p1a: Slither Wing\n|-heal|p1a: Slither Wing|208/270\n|move|p2a: Eelektross|Supercell Slam|p1a: Slither Wing\n|-damage|p1a: Slither Wing|61/270\n|\n|-heal|p2a: Eelektross|88/100 brn|[from] item: Leftovers\n|-damage|p2a: Eelektross|82/100 brn|[from] brn\n|upkeep\n|turn|27\n|inactive|Time left: 300 sec this turn | 300 sec total\n|\n|t:|1783535551\n|move|p1a: Slither Wing|U-turn|p2a: Eelektross\n|-damage|p2a: Eelektross|65/100 brn\n|inactive|Time left: 300 sec this turn | 300 sec total | 5 sec grace\n|\n|t:|1783535551\n|-end|p1a: Slither Wing|Protosynthesis|[silent]\n|switch|p1a: Zebstrika|Zebstrika, L87, M|272/272|[from] U-turn\n|move|p2a: Eelektross|Knock Off|p1a: Zebstrika\n|-damage|p1a: Zebstrika|164/272\n|-enditem|p1a: Zebstrika|Life Orb|[from] move: Knock Off|[of] p2a: Eelektross\n|\n|-heal|p2a: Eelektross|71/100 brn|[from] item: Leftovers\n|-damage|p2a: Eelektross|65/100 brn|[from] brn\n|upkeep\n|turn|28\n|inactive|Time left: 300 sec this turn | 300 sec total\n|\n|t:|1783535553\n|move|p1a: Zebstrika|Volt Switch|p2a: Eelektross\n|-resisted|p2a: Eelektross\n|-damage|p2a: Eelektross|53/100 brn\n|inactive|Time left: 300 sec this turn | 300 sec total | 5 sec grace\n|\n|t:|1783535553\n|switch|p1a: Slither Wing|Slither Wing, L81|61/270|[from] Volt Switch\n|move|p2a: Eelektross|Drain Punch|p1a: Slither Wing\n|-resisted|p1a: Slither Wing\n|-damage|p1a: Slither Wing|28/270\n|-heal|p2a: Eelektross|59/100 brn|[from] drain|[of] p1a: Slither Wing\n|\n|-heal|p2a: Eelektross|65/100 brn|[from] item: Leftovers\n|-damage|p2a: Eelektross|59/100 brn|[from] brn\n|upkeep\n|turn|29\n|inactive|Time left: 300 sec this turn | 300 sec total\n|\n|t:|1783535554\n|move|p1a: Slither Wing|U-turn|p2a: Eelektross\n|-damage|p2a: Eelektross|41/100 brn\n|inactive|Time left: 300 sec this turn | 300 sec total | 5 sec grace\n|\n|t:|1783535556\n|-end|p1a: Slither Wing|Protosynthesis|[silent]\n|switch|p1a: Zebstrika|Zebstrika, L87, M|164/272|[from] U-turn\n|move|p2a: Eelektross|Coil|p2a: Eelektross\n|-boost|p2a: Eelektross|atk|1\n|-boost|p2a: Eelektross|def|1\n|-boost|p2a: Eelektross|accuracy|1\n|\n|-heal|p2a: Eelektross|47/100 brn|[from] item: Leftovers\n|-damage|p2a: Eelektross|41/100 brn|[from] brn\n|upkeep\n|turn|30\n|inactive|Time left: 300 sec this turn | 300 sec total\n|\n|t:|1783535557\n|move|p1a: Zebstrika|Overheat|p2a: Eelektross\n|-damage|p2a: Eelektross|12/100 brn\n|-unboost|p1a: Zebstrika|spa|2\n|move|p2a: Eelektross|Knock Off|p1a: Zebstrika\n|-damage|p1a: Zebstrika|74/272\n|\n|-heal|p2a: Eelektross|18/100 brn|[from] item: Leftovers\n|-damage|p2a: Eelektross|12/100 brn|[from] brn\n|upkeep\n|turn|31\n|inactive|Time left: 300 sec this turn | 300 sec total\n|\n|t:|1783535558\n|move|p1a: Zebstrika|Volt Switch|p2a: Eelektross\n|-resisted|p2a: Eelektross\n|-damage|p2a: Eelektross|5/100 brn\n|inactive|Time left: 300 sec this turn | 300 sec total | 5 sec grace\n|\n|t:|1783535559\n|switch|p1a: Slither Wing|Slither Wing, L81|28/270|[from] Volt Switch\n|move|p2a: Eelektross|Drain Punch|p1a: Slither Wing\n|-resisted|p1a: Slither Wing\n|-damage|p1a: Slither Wing|0 fnt\n|-heal|p2a: Eelektross|10/100 brn|[from] drain|[of] p1a: Slither Wing\n|faint|p1a: Slither Wing\n|-end|p1a: Slither Wing|Protosynthesis|[silent]\n|\n|-heal|p2a: Eelektross|16/100 brn|[from] item: Leftovers\n|-damage|p2a: Eelektross|10/100 brn|[from] brn\n|upkeep\n|inactive|Time left: 300 sec this turn | 300 sec total | 10 sec grace\n|\n|t:|1783535560\n|switch|p1a: Scyther|Scyther, L82, M|249/249\n|turn|32\n|inactive|Time left: 300 sec this turn | 300 sec total\n|\n|t:|1783535561\n|move|p1a: Scyther|Close Combat|p2a: Eelektross\n|-damage|p2a: Eelektross|0 fnt\n|-unboost|p1a: Scyther|def|1\n|-unboost|p1a: Scyther|spd|1\n|faint|p2a: Eelektross\n|\n|upkeep\n|\n|t:|1783535562\n|switch|p2a: Iron Treads|Iron Treads, L77|100/100\n|-damage|p2a: Iron Treads|76/100|[from] Spikes\n|turn|33\n|inactive|Time left: 300 sec this turn | 300 sec total\n|\n|t:|1783535564\n|move|p1a: Scyther|Swords Dance|p1a: Scyther\n|-boost|p1a: Scyther|atk|2\n|move|p2a: Iron Treads|Rapid Spin|p1a: Scyther\n|-damage|p1a: Scyther|192/249\n|-boost|p2a: Iron Treads|spe|1\n|-sideend|p2: p0y197120e|Spikes|[from] move: Rapid Spin|[of] p2a: Iron Treads\n|\n|upkeep\n|turn|34\n|inactive|Time left: 300 sec this turn | 300 sec total\n|\n|t:|1783535565\n|move|p2a: Iron Treads|Iron Head|p1a: Scyther\n|-damage|p1a: Scyther|54/249\n|move|p1a: Scyther|Close Combat|p2a: Iron Treads\n|-supereffective|p2a: Iron Treads\n|-damage|p2a: Iron Treads|0 fnt\n|-unboost|p1a: Scyther|def|1\n|-unboost|p1a: Scyther|spd|1\n|faint|p2a: Iron Treads\n|-end|p2a: Iron Treads|Quark Drive|[silent]\n|\n|upkeep\n|\n|t:|1783535566\n|switch|p2a: Chimecho|Chimecho, L93, F|100/100\n|turn|35\n|inactive|Time left: 300 sec this turn | 300 sec total\n|\n|t:|1783535567\n|-terastallize|p2a: Chimecho|Steel\n|move|p1a: Scyther|Bug Bite|p2a: Chimecho\n|-resisted|p2a: Chimecho\n|-damage|p2a: Chimecho|69/100\n|move|p2a: Chimecho|Dazzling Gleam|p1a: Scyther\n|-damage|p1a: Scyther|0 fnt\n|faint|p1a: Scyther\n|\n|-heal|p2a: Chimecho|76/100|[from] item: Leftovers\n|upkeep\n|inactive|Time left: 300 sec this turn | 300 sec total | 5 sec grace\n|\n|t:|1783535568\n|switch|p1a: Zebstrika|Zebstrika, L87, M|74/272\n|turn|36\n|inactive|Time left: 300 sec this turn | 300 sec total\n|\n|t:|1783535569\n|move|p1a: Zebstrika|Supercell Slam|p2a: Chimecho\n|-damage|p2a: Chimecho|37/100\n|move|p2a: Chimecho|Recover|p2a: Chimecho\n|-heal|p2a: Chimecho|87/100\n|\n|-heal|p2a: Chimecho|93/100|[from] item: Leftovers\n|upkeep\n|turn|37\n|inactive|Time left: 300 sec this turn | 300 sec total\n|\n|t:|1783535570\n|move|p1a: Zebstrika|Supercell Slam|p2a: Chimecho\n|-damage|p2a: Chimecho|56/100\n|move|p2a: Chimecho|Cosmic Power|p2a: Chimecho\n|-boost|p2a: Chimecho|def|1\n|-boost|p2a: Chimecho|spd|1\n|\n|-heal|p2a: Chimecho|62/100|[from] item: Leftovers\n|upkeep\n|turn|38\n|inactive|Time left: 300 sec this turn | 300 sec total\n|\n|t:|1783535572\n|move|p1a: Zebstrika|Overheat|p2a: Chimecho|[miss]\n|-miss|p1a: Zebstrika|p2a: Chimecho\n|move|p2a: Chimecho|Recover|p2a: Chimecho\n|-heal|p2a: Chimecho|100/100\n|\n|upkeep\n|turn|39\n|inactive|Time left: 300 sec this turn | 300 sec total\n|\n|t:|1783535573\n|move|p1a: Zebstrika|Supercell Slam|p2a: Chimecho\n|-damage|p2a: Chimecho|76/100\n|move|p2a: Chimecho|Stored Power|p1a: Zebstrika\n|-damage|p1a: Zebstrika|0 fnt\n|faint|p1a: Zebstrika\n|\n|-heal|p2a: Chimecho|82/100|[from] item: Leftovers\n|upkeep\n|inactive|Time left: 300 sec this turn | 300 sec total | 5 sec grace\n|\n|t:|1783535574\n|switch|p1a: Dugtrio|Dugtrio, L84, M|196/196\n|turn|40\n|inactive|Time left: 300 sec this turn | 300 sec total\n|\n|t:|1783535575\n|switch|p2a: Okidogi|Okidogi, L77, M|47/100\n|move|p1a: Dugtrio|Swords Dance|p1a: Dugtrio\n|-boost|p1a: Dugtrio|atk|2\n|\n|-heal|p2a: Okidogi|54/100|[from] item: Leftovers\n|upkeep\n|turn|41\n|inactive|Time left: 300 sec this turn | 300 sec total\n|\n|t:|1783535576\n|move|p1a: Dugtrio|Earthquake|p2a: Okidogi\n|-supereffective|p2a: Okidogi\n|-damage|p2a: Okidogi|0 fnt\n|faint|p2a: Okidogi\n|-damage|p1a: Dugtrio|177/196|[from] item: Life Orb\n|\n|upkeep\n|\n|t:|1783535577\n|switch|p2a: Slither Wing|Slither Wing, L81|100/100\n|-enditem|p2a: Slither Wing|Booster Energy\n|-activate|p2a: Slither Wing|ability: Protosynthesis|[fromitem]\n|-start|p2a: Slither Wing|protosynthesisatk\n|turn|42\n|inactive|Time left: 300 sec this turn | 300 sec total\n|\n|t:|1783535578\n|move|p1a: Dugtrio|Stone Edge|p2a: Slither Wing\n|-damage|p2a: Slither Wing|25/100\n|-damage|p1a: Dugtrio|158/196|[from] item: Life Orb\n|move|p2a: Slither Wing|Close Combat|p1a: Dugtrio\n|-damage|p1a: Dugtrio|0 fnt\n|-unboost|p2a: Slither Wing|def|1\n|-unboost|p2a: Slither Wing|spd|1\n|faint|p1a: Dugtrio\n|\n|win|p0y197120e", "uploadtime": 1783535578, "views": 0, "rating": 0, "private": 0, "password": null, "_winner": "p0y197120e", "_our_name": "p0x1973d5e"}