{"id": "battle-gen9randombattle-1159", "formatid": "gen9randombattle", "format": "[Gen 9] Random Battle", "players": ["p0x11594961", "p0y1159ba15"], "log": "|init|battle\n|title|p0x11594961 vs. p0y1159ba15\n|j|\u2606p0x11594961\n|j|\u2606p0y1159ba15\n|t:|1783552552\n|gametype|singles\n|player|p1|p0x11594961|266|\n|player|p2|p0y1159ba15|2|\n|gen|9\n|tier|[Gen 9] Random Battle\n|rule|Species Clause: Limit one of each Pok\u00e9mon\n|rule|HP Percentage Mod: HP is shown in percentages\n|rule|Sleep Clause Mod: Limit one foe put to sleep\n|rule|Illusion Level Mod: Illusion disguises the Pok\u00e9mon's true level\n|\n|t:|1783552552\n|teamsize|p1|6\n|teamsize|p2|6\n|start\n|switch|p1a: Honchkrow|Honchkrow, L86, F|100/100\n|switch|p2a: Chesnaught|Chesnaught, L84, F|285/285\n|turn|1\n|inactive|Battle timer is ON: inactive players will automatically lose when time's up. (requested by p0x11594961)\n|inactive|Time left: 300 sec this turn | 300 sec total | 60 sec grace\n|inactive|p0y1159ba15 also wants the timer to be on.\n|\n|t:|1783552554\n|switch|p2a: Toxapex|Toxapex, L82, F|216/216\n|move|p1a: Honchkrow|Brave Bird|p2a: Toxapex\n|-damage|p2a: Toxapex|104/216\n|-damage|p1a: Honchkrow|84/100|[from] item: Rocky Helmet|[of] p2a: Toxapex\n|-damage|p1a: Honchkrow|72/100|[from] Recoil\n|\n|upkeep\n|turn|2\n|inactive|Time left: 300 sec this turn | 300 sec total\n|\n|t:|1783552555\n|switch|p2a: Manaphy|Manaphy, L78|284/284\n|move|p1a: Honchkrow|Brave Bird|p2a: Manaphy\n|-damage|p2a: Manaphy|116/284\n|-damage|p1a: Honchkrow|54/100|[from] Recoil\n|\n|-heal|p2a: Manaphy|133/284|[from] item: Leftovers\n|upkeep\n|turn|3\n|inactive|Time left: 300 sec this turn | 300 sec total\n|\n|t:|1783552556\n|move|p2a: Manaphy|Ice Beam|p1a: Honchkrow\n|-supereffective|p1a: Honchkrow\n|-damage|p1a: Honchkrow|1/100\n|move|p1a: Honchkrow|Brave Bird|p2a: Manaphy\n|-damage|p2a: Manaphy|0 fnt\n|faint|p2a: Manaphy\n|-ability|p1a: Honchkrow|Moxie|boost\n|-boost|p1a: Honchkrow|atk|1\n|-damage|p1a: Honchkrow|0 fnt|[from] Recoil\n|faint|p1a: Honchkrow\n|\n|upkeep\n|inactive|Time left: 300 sec this turn | 300 sec total | 5 sec grace\n|\n|t:|1783552558\n|switch|p2a: Grumpig|Grumpig, L92, F|297/297\n|switch|p1a: Baxcalibur|Baxcalibur, L75, M|100/100\n|turn|4\n|inactive|Time left: 300 sec this turn | 300 sec total\n|\n|t:|1783552559\n|move|p2a: Grumpig|Nasty Plot|p2a: Grumpig\n|-boost|p2a: Grumpig|spa|2\n|move|p1a: Baxcalibur|Dragon Dance|p1a: Baxcalibur\n|-boost|p1a: Baxcalibur|atk|1\n|-boost|p1a: Baxcalibur|spe|1\n|\n|upkeep\n|turn|5\n|inactive|Time left: 300 sec this turn | 300 sec total\n|\n|t:|1783552560\n|-terastallize|p1a: Baxcalibur|Dragon\n|move|p1a: Baxcalibur|Glaive Rush|p2a: Grumpig\n|-damage|p2a: Grumpig|0 fnt\n|-singlemove|p1a: Baxcalibur|Glaive Rush|[silent]\n|faint|p2a: Grumpig\n|\n|upkeep\n|inactive|Time left: 300 sec this turn | 300 sec total | 5 sec grace\n|\n|t:|1783552561\n|switch|p2a: Chesnaught|Chesnaught, L84, F|285/285\n|turn|6\n|inactive|Time left: 300 sec this turn | 300 sec total\n|\n|t:|1783552562\n|-terastallize|p2a: Chesnaught|Steel\n|move|p1a: Baxcalibur|Glaive Rush|p2a: Chesnaught\n|-resisted|p2a: Chesnaught\n|-damage|p2a: Chesnaught|170/285\n|-singlemove|p1a: Baxcalibur|Glaive Rush|[silent]\n|move|p2a: Chesnaught|Body Press|p1a: Baxcalibur\n|-damage|p1a: Baxcalibur|31/100\n|\n|-heal|p2a: Chesnaught|187/285|[from] item: Leftovers\n|upkeep\n|turn|7\n|inactive|Time left: 300 sec this turn | 300 sec total\n|\n|t:|1783552563\n|move|p1a: Baxcalibur|Earthquake|p2a: Chesnaught\n|-supereffective|p2a: Chesnaught\n|-damage|p2a: Chesnaught|7/285\n|move|p2a: Chesnaught|Body Press|p1a: Baxcalibur\n|-damage|p1a: Baxcalibur|0 fnt\n|faint|p1a: Baxcalibur\n|\n|-heal|p2a: Chesnaught|24/285|[from] item: Leftovers\n|upkeep\n|\n|t:|1783552564\n|switch|p1a: Ho-Oh|Ho-Oh, L71|100/100\n|turn|8\n|inactive|Time left: 300 sec this turn | 300 sec total\n|\n|t:|1783552566\n|switch|p2a: Toxapex|Toxapex, L82, F|176/216\n|move|p1a: Ho-Oh|Sacred Fire|p2a: Toxapex\n|-resisted|p2a: Toxapex\n|-damage|p2a: Toxapex|145/216\n|-status|p2a: Toxapex|brn\n|\n|-damage|p2a: Toxapex|132/216 brn|[from] brn\n|upkeep\n|turn|9\n|inactive|Time left: 300 sec this turn | 300 sec total\n|\n|t:|1783552567\n|move|p1a: Ho-Oh|Earthquake|p2a: Toxapex\n|-supereffective|p2a: Toxapex\n|-damage|p2a: Toxapex|38/216 brn\n|move|p2a: Toxapex|Recover|p2a: Toxapex\n|-heal|p2a: Toxapex|146/216 brn\n|\n|-damage|p2a: Toxapex|133/216 brn|[from] brn\n|upkeep\n|turn|10\n|inactive|Time left: 300 sec this turn | 300 sec total\n|\n|t:|1783552568\n|move|p1a: Ho-Oh|Earthquake|p2a: Toxapex\n|-supereffective|p2a: Toxapex\n|-damage|p2a: Toxapex|45/216 brn\n|move|p2a: Toxapex|Recover|p2a: Toxapex\n|-heal|p2a: Toxapex|153/216 brn\n|\n|-damage|p2a: Toxapex|140/216 brn|[from] brn\n|upkeep\n|turn|11\n|inactive|Time left: 300 sec this turn | 300 sec total\n|\n|t:|1783552569\n|move|p1a: Ho-Oh|Earthquake|p2a: Toxapex\n|-supereffective|p2a: Toxapex\n|-damage|p2a: Toxapex|58/216 brn\n|move|p2a: Toxapex|Recover|p2a: Toxapex\n|-heal|p2a: Toxapex|166/216 brn\n|\n|-damage|p2a: Toxapex|153/216 brn|[from] brn\n|upkeep\n|turn|12\n|inactive|Time left: 300 sec this turn | 300 sec total\n|\n|t:|1783552570\n|move|p1a: Ho-Oh|Earthquake|p2a: Toxapex\n|-supereffective|p2a: Toxapex\n|-damage|p2a: Toxapex|61/216 brn\n|move|p2a: Toxapex|Recover|p2a: Toxapex\n|-heal|p2a: Toxapex|169/216 brn\n|\n|-damage|p2a: Toxapex|156/216 brn|[from] brn\n|upkeep\n|turn|13\n|inactive|Time left: 300 sec this turn | 300 sec total\n|\n|t:|1783552571\n|move|p1a: Ho-Oh|Earthquake|p2a: Toxapex\n|-supereffective|p2a: Toxapex\n|-damage|p2a: Toxapex|68/216 brn\n|move|p2a: Toxapex|Recover|p2a: Toxapex\n|-heal|p2a: Toxapex|176/216 brn\n|\n|-damage|p2a: Toxapex|163/216 brn|[from] brn\n|upkeep\n|turn|14\n|inactive|Time left: 300 sec this turn | 300 sec total\n|\n|t:|1783552572\n|move|p1a: Ho-Oh|Earthquake|p2a: Toxapex\n|-supereffective|p2a: Toxapex\n|-damage|p2a: Toxapex|71/216 brn\n|move|p2a: Toxapex|Recover|p2a: Toxapex\n|-heal|p2a: Toxapex|179/216 brn\n|\n|-damage|p2a: Toxapex|166/216 brn|[from] brn\n|upkeep\n|turn|15\n|inactive|Time left: 300 sec this turn | 300 sec total\n|\n|t:|1783552573\n|move|p1a: Ho-Oh|Earthquake|p2a: Toxapex\n|-supereffective|p2a: Toxapex\n|-damage|p2a: Toxapex|86/216 brn\n|move|p2a: Toxapex|Recover|p2a: Toxapex\n|-heal|p2a: Toxapex|194/216 brn\n|\n|-damage|p2a: Toxapex|181/216 brn|[from] brn\n|upkeep\n|turn|16\n|inactive|Time left: 300 sec this turn | 300 sec total\n|\n|t:|1783552574\n|move|p1a: Ho-Oh|Earthquake|p2a: Toxapex\n|-supereffective|p2a: Toxapex\n|-damage|p2a: Toxapex|101/216 brn\n|move|p2a: Toxapex|Recover|p2a: Toxapex\n|-heal|p2a: Toxapex|209/216 brn\n|\n|-damage|p2a: Toxapex|196/216 brn|[from] brn\n|upkeep\n|turn|17\n|inactive|Time left: 300 sec this turn | 300 sec total\n|\n|t:|1783552575\n|move|p1a: Ho-Oh|Earthquake|p2a: Toxapex\n|-supereffective|p2a: Toxapex\n|-damage|p2a: Toxapex|104/216 brn\n|move|p2a: Toxapex|Toxic Spikes|p1a: Ho-Oh\n|-sidestart|p1: p0x11594961|move: Toxic Spikes\n|\n|-damage|p2a: Toxapex|91/216 brn|[from] brn\n|upkeep\n|turn|18\n|inactive|Time left: 300 sec this turn | 300 sec total\n|\n|t:|1783552576\n|switch|p2a: Chesnaught|Chesnaught, L84, F, tera:Steel|24/285\n|move|p1a: Ho-Oh|Earthquake|p2a: Chesnaught\n|-supereffective|p2a: Chesnaught\n|-damage|p2a: Chesnaught|0 fnt\n|faint|p2a: Chesnaught\n|\n|upkeep\n|inactive|Time left: 300 sec this turn | 300 sec total | 5 sec grace\n|\n|t:|1783552577\n|switch|p2a: Hitmonlee|Hitmonlee, L85, M|224/224\n|turn|19\n|inactive|Time left: 300 sec this turn | 300 sec total\n|\n|t:|1783552578\n|switch|p1a: Qwilfish|Qwilfish, L86, M|100/100\n|-sideend|p1: p0x11594961|move: Toxic Spikes|[of] p1a: Qwilfish\n|-ability|p1a: Qwilfish|Intimidate|boost\n|-unboost|p2a: Hitmonlee|atk|1\n|-enditem|p2a: Hitmonlee|White Herb\n|-clearnegativeboost|p2a: Hitmonlee|[silent]\n|move|p2a: Hitmonlee|Stone Edge|p1a: Qwilfish|[miss]\n|-miss|p2a: Hitmonlee|p1a: Qwilfish\n|\n|upkeep\n|turn|20\n|inactive|Time left: 300 sec this turn | 300 sec total\n|\n|t:|1783552579\n|move|p2a: Hitmonlee|Swords Dance|p2a: Hitmonlee\n|-boost|p2a: Hitmonlee|atk|2\n|move|p1a: Qwilfish|Gunk Shot|p2a: Hitmonlee|[miss]\n|-miss|p1a: Qwilfish|p2a: Hitmonlee\n|\n|upkeep\n|turn|21\n|inactive|Time left: 300 sec this turn | 300 sec total\n|\n|t:|1783552580\n|move|p2a: Hitmonlee|Knock Off|p1a: Qwilfish\n|-damage|p1a: Qwilfish|36/100\n|-enditem|p1a: Qwilfish|Leftovers|[from] move: Knock Off|[of] p2a: Hitmonlee\n|move|p1a: Qwilfish|Gunk Shot|p2a: Hitmonlee\n|-damage|p2a: Hitmonlee|43/224\n|\n|upkeep\n|turn|22\n|inactive|Time left: 300 sec this turn | 300 sec total\n|\n|t:|1783552581\n|move|p2a: Hitmonlee|Knock Off|p1a: Qwilfish\n|-damage|p1a: Qwilfish|0 fnt\n|faint|p1a: Qwilfish\n|\n|upkeep\n|\n|t:|1783552582\n|switch|p1a: Whimsicott|Whimsicott, L84, M|100/100\n|turn|23\n|inactive|Time left: 300 sec this turn | 300 sec total\n|\n|t:|1783552583\n|move|p2a: Hitmonlee|Stone Edge|p1a: Whimsicott\n|-damage|p1a: Whimsicott|21/100\n|move|p1a: Whimsicott|Giga Drain|p2a: Hitmonlee\n|-damage|p2a: Hitmonlee|0 fnt\n|-heal|p1a: Whimsicott|30/100|[from] drain|[of] p2a: Hitmonlee\n|faint|p2a: Hitmonlee\n|\n|upkeep\n|inactive|Time left: 300 sec this turn | 300 sec total | 5 sec grace\n|\n|t:|1783552584\n|switch|p2a: Toxapex|Toxapex, L82, F|163/216 brn\n|turn|24\n|inactive|Time left: 300 sec this turn | 300 sec total\n|\n|t:|1783552585\n|switch|p2a: Toedscruel|Toedscruel, L87, F|281/281\n|move|p1a: Whimsicott|Giga Drain|p2a: Toedscruel\n|-damage|p2a: Toedscruel|244/281\n|-heal|p1a: Whimsicott|38/100|[from] drain|[of] p2a: Toedscruel\n|\n|upkeep\n|turn|25\n|inactive|Time left: 300 sec this turn | 300 sec total\n|\n|t:|1783552586\n|move|p1a: Whimsicott|U-turn|p2a: Toedscruel\n|-supereffective|p2a: Toedscruel\n|-damage|p2a: Toedscruel|146/281\n|\n|t:|1783552587\n|switch|p1a: Ho-Oh|Ho-Oh, L71|100/100|[from] U-turn\n|move|p2a: Toedscruel|Knock Off|p1a: Ho-Oh\n|-damage|p1a: Ho-Oh|75/100\n|-enditem|p1a: Ho-Oh|Heavy-Duty Boots|[from] move: Knock Off|[of] p2a: Toedscruel\n|\n|upkeep\n|turn|26\n|inactive|Time left: 300 sec this turn | 300 sec total\n|\n|t:|1783552587\n|switch|p2a: Toxapex|Toxapex, L82, F|216/216 brn\n|move|p1a: Ho-Oh|Sacred Fire|p2a: Toxapex|[miss]\n|-miss|p1a: Ho-Oh|p2a: Toxapex\n|\n|-damage|p2a: Toxapex|203/216 brn|[from] brn\n|upkeep\n|turn|27\n|inactive|Time left: 300 sec this turn | 300 sec total\n|\n|t:|1783552588\n|move|p1a: Ho-Oh|Earthquake|p2a: Toxapex\n|-supereffective|p2a: Toxapex\n|-damage|p2a: Toxapex|123/216 brn\n|move|p2a: Toxapex|Liquidation|p1a: Ho-Oh\n|-supereffective|p1a: Ho-Oh\n|-damage|p1a: Ho-Oh|47/100\n|\n|-damage|p2a: Toxapex|110/216 brn|[from] brn\n|upkeep\n|turn|28\n|inactive|Time left: 300 sec this turn | 300 sec total\n|\n|t:|1783552589\n|move|p1a: Ho-Oh|Earthquake|p2a: Toxapex\n|-supereffective|p2a: Toxapex\n|-damage|p2a: Toxapex|28/216 brn\n|move|p2a: Toxapex|Liquidation|p1a: Ho-Oh\n|-supereffective|p1a: Ho-Oh\n|-crit|p1a: Ho-Oh\n|-damage|p1a: Ho-Oh|5/100\n|\n|-damage|p2a: Toxapex|15/216 brn|[from] brn\n|upkeep\n|turn|29\n|inactive|Time left: 300 sec this turn | 300 sec total\n|\n|t:|1783552590\n|move|p1a: Ho-Oh|Recover|p1a: Ho-Oh\n|-heal|p1a: Ho-Oh|55/100\n|move|p2a: Toxapex|Liquidation|p1a: Ho-Oh\n|-supereffective|p1a: Ho-Oh\n|-damage|p1a: Ho-Oh|30/100\n|\n|-damage|p2a: Toxapex|2/216 brn|[from] brn\n|upkeep\n|turn|30\n|inactive|Time left: 300 sec this turn | 300 sec total\n|\n|t:|1783552590\n|move|p1a: Ho-Oh|Sacred Fire|p2a: Toxapex\n|-resisted|p2a: Toxapex\n|-damage|p2a: Toxapex|0 fnt\n|faint|p2a: Toxapex\n|\n|upkeep\n|inactive|Time left: 300 sec this turn | 300 sec total | 5 sec grace\n|\n|t:|1783552591\n|switch|p2a: Toedscruel|Toedscruel, L87, F|146/281\n|turn|31\n|inactive|Time left: 300 sec this turn | 300 sec total\n|\n|t:|1783552592\n|move|p2a: Toedscruel|Earth Power|p1a: Ho-Oh\n|-immune|p1a: Ho-Oh\n|move|p1a: Ho-Oh|Brave Bird|p2a: Toedscruel\n|-supereffective|p2a: Toedscruel\n|-damage|p2a: Toedscruel|0 fnt\n|faint|p2a: Toedscruel\n|-damage|p1a: Ho-Oh|12/100|[from] Recoil\n|\n|win|p0x11594961", "uploadtime": 1783552592, "views": 0, "rating": 0, "private": 0, "password": null, "_winner": "p0x11594961", "_our_name": "p0y1159ba15"}