{"id": "battle-gen9randombattle-407", "formatid": "gen9randombattle", "format": "[Gen 9] Random Battle", "players": ["p0x40762be", "p0y407b005"], "log": "|init|battle\n|title|p0x40762be vs. p0y407b005\n|j|\u2606p0x40762be\n|j|\u2606p0y407b005\n|t:|1783544421\n|gametype|singles\n|player|p1|p0x40762be|1|\n|player|p2|p0y407b005|2|\n|gen|9\n|tier|[Gen 9] Random Battle\n|rule|Species Clause: Limit one of each Pok\u00e9mon\n|rule|HP Percentage Mod: HP is shown in percentages\n|rule|Sleep Clause Mod: Limit one foe put to sleep\n|rule|Illusion Level Mod: Illusion disguises the Pok\u00e9mon's true level\n|\n|t:|1783544421\n|teamsize|p1|6\n|teamsize|p2|6\n|start\n|switch|p1a: Kricketune|Kricketune, L99, F|100/100\n|switch|p2a: Arceus|Arceus-Flying, L69|279/279\n|turn|1\n|inactive|Battle timer is ON: inactive players will automatically lose when time's up. (requested by p0x40762be)\n|inactive|Time left: 300 sec this turn | 300 sec total | 60 sec grace\n|inactive|p0y407b005 also wants the timer to be on.\n|\n|t:|1783544422\n|move|p2a: Arceus|Judgment|p1a: Kricketune\n|-supereffective|p1a: Kricketune\n|-damage|p1a: Kricketune|25/100\n|move|p1a: Kricketune|Sticky Web|p2a: Arceus\n|-sidestart|p2: p0y407b005|move: Sticky Web\n|\n|upkeep\n|turn|2\n|inactive|Time left: 300 sec this turn | 300 sec total\n|\n|t:|1783544423\n|switch|p1a: Mismagius|Mismagius, L86, M|100/100\n|move|p2a: Arceus|Judgment|p1a: Mismagius\n|-damage|p1a: Mismagius|67/100\n|\n|-heal|p1a: Mismagius|73/100|[from] item: Leftovers\n|upkeep\n|turn|3\n|inactive|Time left: 300 sec this turn | 300 sec total\n|\n|t:|1783544425\n|move|p1a: Mismagius|Nasty Plot|p1a: Mismagius\n|-boost|p1a: Mismagius|spa|2\n|move|p2a: Arceus|Calm Mind|p2a: Arceus\n|-boost|p2a: Arceus|spa|1\n|-boost|p2a: Arceus|spd|1\n|\n|-heal|p1a: Mismagius|79/100|[from] item: Leftovers\n|upkeep\n|turn|4\n|inactive|Time left: 300 sec this turn | 300 sec total\n|\n|t:|1783544426\n|move|p1a: Mismagius|Shadow Ball|p2a: Arceus\n|-damage|p2a: Arceus|162/279\n|move|p2a: Arceus|Judgment|p1a: Mismagius\n|-damage|p1a: Mismagius|30/100\n|\n|-heal|p1a: Mismagius|36/100|[from] item: Leftovers\n|upkeep\n|turn|5\n|inactive|Time left: 300 sec this turn | 300 sec total\n|\n|t:|1783544427\n|move|p1a: Mismagius|Substitute|p1a: Mismagius\n|-start|p1a: Mismagius|Substitute\n|-damage|p1a: Mismagius|11/100\n|move|p2a: Arceus|Judgment|p1a: Mismagius\n|-end|p1a: Mismagius|Substitute\n|\n|-heal|p1a: Mismagius|17/100|[from] item: Leftovers\n|upkeep\n|turn|6\n|inactive|Time left: 300 sec this turn | 300 sec total\n|\n|t:|1783544428\n|move|p1a: Mismagius|Shadow Ball|p2a: Arceus\n|-damage|p2a: Arceus|45/279\n|-unboost|p2a: Arceus|spd|1\n|move|p2a: Arceus|Judgment|p1a: Mismagius\n|-damage|p1a: Mismagius|0 fnt\n|faint|p1a: Mismagius\n|\n|upkeep\n|\n|t:|1783544429\n|switch|p1a: Virizion|Virizion, L82|100/100\n|turn|7\n|inactive|Time left: 300 sec this turn | 300 sec total\n|\n|t:|1783544430\n|move|p1a: Virizion|Leaf Blade|p2a: Arceus\n|-resisted|p2a: Arceus\n|-damage|p2a: Arceus|0 fnt\n|faint|p2a: Arceus\n|-damage|p1a: Virizion|91/100|[from] item: Life Orb\n|\n|upkeep\n|inactive|Time left: 300 sec this turn | 300 sec total | 5 sec grace\n|\n|t:|1783544431\n|switch|p2a: Decidueye|Decidueye, L88, M|281/281\n|-activate|p2a: Decidueye|move: Sticky Web\n|-unboost|p2a: Decidueye|spe|1\n|turn|8\n|inactive|Time left: 300 sec this turn | 300 sec total\n|\n|t:|1783544433\n|move|p1a: Virizion|Swords Dance|p1a: Virizion\n|-boost|p1a: Virizion|atk|2\n|move|p2a: Decidueye|Poltergeist|p1a: Virizion|[miss]\n|-miss|p2a: Decidueye|p1a: Virizion\n|\n|upkeep\n|turn|9\n|inactive|Time left: 300 sec this turn | 300 sec total\n|\n|t:|1783544434\n|move|p1a: Virizion|Stone Edge|p2a: Decidueye\n|-damage|p2a: Decidueye|113/281\n|-damage|p1a: Virizion|81/100|[from] item: Life Orb\n|move|p2a: Decidueye|Poltergeist|p1a: Virizion\n|-activate|p1a: Virizion|move: Poltergeist|Life Orb\n|-damage|p1a: Virizion|7/100\n|-damage|p2a: Decidueye|85/281|[from] item: Life Orb\n|\n|upkeep\n|turn|10\n|inactive|Time left: 300 sec this turn | 300 sec total\n|\n|t:|1783544435\n|move|p1a: Virizion|Stone Edge|p2a: Decidueye|[miss]\n|-miss|p1a: Virizion|p2a: Decidueye\n|move|p2a: Decidueye|Poltergeist|p1a: Virizion\n|-activate|p1a: Virizion|move: Poltergeist|Life Orb\n|-damage|p1a: Virizion|0 fnt\n|faint|p1a: Virizion\n|-damage|p2a: Decidueye|57/281|[from] item: Life Orb\n|\n|upkeep\n|\n|t:|1783544436\n|switch|p1a: Goodra|Goodra-Hisui, L82, F|100/100\n|turn|11\n|inactive|Time left: 300 sec this turn | 300 sec total\n|\n|t:|1783544437\n|move|p2a: Decidueye|Shadow Sneak|p1a: Goodra\n|-damage|p1a: Goodra|76/100\n|-damage|p2a: Decidueye|29/281|[from] item: Life Orb\n|move|p1a: Goodra|Heavy Slam|p2a: Decidueye\n|-damage|p2a: Decidueye|0 fnt\n|faint|p2a: Decidueye\n|\n|upkeep\n|inactive|Time left: 300 sec this turn | 300 sec total | 5 sec grace\n|\n|t:|1783544438\n|switch|p2a: Kyogre|Kyogre, L71|259/259\n|-activate|p2a: Kyogre|move: Sticky Web\n|-unboost|p2a: Kyogre|spe|1\n|-weather|RainDance|[from] ability: Drizzle|[of] p2a: Kyogre\n|turn|12\n|inactive|Time left: 300 sec this turn | 300 sec total\n|\n|t:|1783544439\n|move|p1a: Goodra|Earthquake|p2a: Kyogre\n|-damage|p2a: Kyogre|185/259\n|move|p2a: Kyogre|Calm Mind|p2a: Kyogre\n|-boost|p2a: Kyogre|spa|1\n|-boost|p2a: Kyogre|spd|1\n|\n|-weather|RainDance|[upkeep]\n|-heal|p2a: Kyogre|201/259|[from] item: Leftovers\n|upkeep\n|turn|13\n|inactive|Time left: 300 sec this turn | 300 sec total\n|\n|t:|1783544441\n|move|p2a: Kyogre|Origin Pulse|p1a: Goodra|[miss]\n|-miss|p2a: Kyogre|p1a: Goodra\n|move|p1a: Goodra|Dragon Tail|p2a: Kyogre\n|-damage|p2a: Kyogre|131/259\n|drag|p2a: Zekrom|Zekrom, L71|259/259\n|-activate|p2a: Zekrom|move: Sticky Web\n|-unboost|p2a: Zekrom|spe|1\n|-ability|p2a: Zekrom|Teravolt\n|\n|-weather|RainDance|[upkeep]\n|upkeep\n|turn|14\n|inactive|Time left: 300 sec this turn | 300 sec total\n|\n|t:|1783544442\n|move|p1a: Goodra|Draco Meteor|p2a: Zekrom\n|-supereffective|p2a: Zekrom\n|-damage|p2a: Zekrom|0 fnt\n|-unboost|p1a: Goodra|spa|2\n|faint|p2a: Zekrom\n|\n|-weather|RainDance|[upkeep]\n|upkeep\n|inactive|Time left: 300 sec this turn | 300 sec total | 5 sec grace\n|\n|t:|1783544443\n|switch|p2a: Kyogre|Kyogre, L71|131/259\n|-activate|p2a: Kyogre|move: Sticky Web\n|-unboost|p2a: Kyogre|spe|1\n|turn|15\n|inactive|Time left: 300 sec this turn | 300 sec total\n|\n|t:|1783544444\n|switch|p1a: Torkoal|Torkoal, L88, M|100/100\n|-weather|SunnyDay|[from] ability: Drought|[of] p1a: Torkoal\n|move|p2a: Kyogre|Thunder|p1a: Torkoal\n|-damage|p1a: Torkoal|69/100\n|\n|-weather|SunnyDay|[upkeep]\n|-heal|p2a: Kyogre|147/259|[from] item: Leftovers\n|upkeep\n|turn|16\n|inactive|Time left: 300 sec this turn | 300 sec total\n|\n|t:|1783544445\n|move|p2a: Kyogre|Calm Mind|p2a: Kyogre\n|-boost|p2a: Kyogre|spa|1\n|-boost|p2a: Kyogre|spd|1\n|move|p1a: Torkoal|Earthquake|p2a: Kyogre\n|-damage|p2a: Kyogre|65/259\n|\n|-weather|SunnyDay|[upkeep]\n|-heal|p2a: Kyogre|81/259|[from] item: Leftovers\n|upkeep\n|turn|17\n|inactive|Time left: 300 sec this turn | 300 sec total\n|\n|t:|1783544447\n|switch|p1a: Goodra|Goodra-Hisui, L82, F|76/100\n|move|p2a: Kyogre|Origin Pulse|p1a: Goodra|[miss]\n|-miss|p2a: Kyogre|p1a: Goodra\n|\n|-weather|SunnyDay|[upkeep]\n|-heal|p2a: Kyogre|97/259|[from] item: Leftovers\n|upkeep\n|turn|18\n|inactive|Time left: 300 sec this turn | 300 sec total\n|\n|t:|1783544448\n|move|p2a: Kyogre|Thunder|p1a: Goodra|[miss]\n|-miss|p2a: Kyogre|p1a: Goodra\n|move|p1a: Goodra|Dragon Tail|p2a: Kyogre\n|-damage|p2a: Kyogre|31/259\n|drag|p2a: Dedenne|Dedenne, L88, M|261/261\n|-activate|p2a: Dedenne|move: Sticky Web\n|-unboost|p2a: Dedenne|spe|1\n|\n|-weather|SunnyDay|[upkeep]\n|upkeep\n|turn|19\n|inactive|Time left: 300 sec this turn | 300 sec total\n|\n|t:|1783544449\n|move|p2a: Dedenne|Nuzzle|p1a: Goodra\n|-resisted|p1a: Goodra\n|-damage|p1a: Goodra|73/100\n|-status|p1a: Goodra|par\n|move|p1a: Goodra|Heavy Slam|p2a: Dedenne\n|-crit|p2a: Dedenne\n|-damage|p2a: Dedenne|35/261\n|-enditem|p2a: Dedenne|Sitrus Berry|[eat]\n|-heal|p2a: Dedenne|100/261|[from] item: Sitrus Berry\n|-heal|p2a: Dedenne|187/261|[from] ability: Cheek Pouch\n|\n|-weather|none\n|upkeep\n|turn|20\n|inactive|Time left: 300 sec this turn | 300 sec total\n|\n|t:|1783544450\n|move|p2a: Dedenne|Dazzling Gleam|p1a: Goodra\n|-damage|p1a: Goodra|60/100 par\n|cant|p1a: Goodra|par\n|\n|upkeep\n|turn|21\n|inactive|Time left: 300 sec this turn | 300 sec total\n|\n|t:|1783544452\n|switch|p2a: Kyogre|Kyogre, L71|31/259\n|-activate|p2a: Kyogre|move: Sticky Web\n|-unboost|p2a: Kyogre|spe|1\n|-weather|RainDance|[from] ability: Drizzle|[of] p2a: Kyogre\n|move|p1a: Goodra|Earthquake|p2a: Kyogre\n|-damage|p2a: Kyogre|0 fnt\n|faint|p2a: Kyogre\n|\n|-weather|RainDance|[upkeep]\n|upkeep\n|inactive|Time left: 300 sec this turn | 300 sec total | 5 sec grace\n|\n|t:|1783544453\n|switch|p2a: Muk|Muk, L86, M|321/321\n|-activate|p2a: Muk|move: Sticky Web\n|-unboost|p2a: Muk|spe|1\n|turn|22\n|inactive|Time left: 300 sec this turn | 300 sec total\n|\n|t:|1783544454\n|move|p2a: Muk|Knock Off|p1a: Goodra\n|-damage|p1a: Goodra|32/100 par\n|-enditem|p1a: Goodra|Assault Vest|[from] move: Knock Off|[of] p2a: Muk\n|move|p1a: Goodra|Earthquake|p2a: Muk\n|-supereffective|p2a: Muk\n|-damage|p2a: Muk|167/321\n|\n|-weather|RainDance|[upkeep]\n|upkeep\n|turn|23\n|inactive|Time left: 300 sec this turn | 300 sec total\n|\n|t:|1783544455\n|move|p2a: Muk|Ice Punch|p1a: Goodra\n|-damage|p1a: Goodra|13/100 par\n|cant|p1a: Goodra|par\n|\n|-weather|RainDance|[upkeep]\n|upkeep\n|turn|24\n|inactive|Time left: 300 sec this turn | 300 sec total\n|\n|t:|1783544456\n|move|p2a: Muk|Ice Punch|p1a: Goodra\n|-damage|p1a: Goodra|0 fnt\n|faint|p1a: Goodra\n|\n|-weather|RainDance|[upkeep]\n|upkeep\n|\n|t:|1783544457\n|switch|p1a: Vaporeon|Vaporeon, L86, M|100/100\n|turn|25\n|inactive|Time left: 300 sec this turn | 300 sec total\n|\n|t:|1783544458\n|move|p1a: Vaporeon|Scald|p2a: Muk\n|-damage|p2a: Muk|74/321\n|move|p2a: Muk|Knock Off|p1a: Vaporeon\n|-damage|p1a: Vaporeon|71/100\n|-enditem|p1a: Vaporeon|Leftovers|[from] move: Knock Off|[of] p2a: Muk\n|\n|-weather|none\n|upkeep\n|turn|26\n|inactive|Time left: 300 sec this turn | 300 sec total\n|\n|t:|1783544459\n|move|p1a: Vaporeon|Scald|p2a: Muk\n|-damage|p2a: Muk|13/321\n|move|p2a: Muk|Poison Jab|p1a: Vaporeon\n|-damage|p1a: Vaporeon|38/100\n|-status|p1a: Vaporeon|psn|[from] ability: Poison Touch|[of] p2a: Muk\n|\n|-damage|p1a: Vaporeon|25/100 psn|[from] psn\n|upkeep\n|turn|27\n|inactive|Time left: 300 sec this turn | 300 sec total\n|\n|t:|1783544460\n|switch|p2a: Dedenne|Dedenne, L88, M|187/261\n|-activate|p2a: Dedenne|move: Sticky Web\n|-unboost|p2a: Dedenne|spe|1\n|move|p1a: Vaporeon|Scald|p2a: Dedenne\n|-damage|p2a: Dedenne|64/261\n|\n|-damage|p1a: Vaporeon|13/100 psn|[from] psn\n|upkeep\n|turn|28\n|inactive|Time left: 300 sec this turn | 300 sec total\n|\n|t:|1783544461\n|move|p1a: Vaporeon|Scald|p2a: Dedenne\n|-damage|p2a: Dedenne|0 fnt\n|faint|p2a: Dedenne\n|\n|-damage|p1a: Vaporeon|1/100 psn|[from] psn\n|upkeep\n|inactive|Time left: 300 sec this turn | 300 sec total | 5 sec grace\n|\n|t:|1783544462\n|switch|p2a: Muk|Muk, L86, M|13/321\n|-activate|p2a: Muk|move: Sticky Web\n|-unboost|p2a: Muk|spe|1\n|turn|29\n|inactive|Time left: 300 sec this turn | 300 sec total\n|\n|t:|1783544463\n|-terastallize|p1a: Vaporeon|Ghost\n|-terastallize|p2a: Muk|Dark\n|move|p2a: Muk|Shadow Sneak|p1a: Vaporeon\n|-supereffective|p1a: Vaporeon\n|-damage|p1a: Vaporeon|0 fnt\n|faint|p1a: Vaporeon\n|\n|upkeep\n|\n|t:|1783544464\n|switch|p1a: Kricketune|Kricketune, L99, F|25/100\n|turn|30\n|inactive|Time left: 300 sec this turn | 300 sec total\n|\n|t:|1783544465\n|move|p1a: Kricketune|Knock Off|p2a: Muk\n|-resisted|p2a: Muk\n|-damage|p2a: Muk|0 fnt\n|-enditem|p2a: Muk|Assault Vest|[from] move: Knock Off|[of] p1a: Kricketune\n|faint|p2a: Muk\n|\n|win|p0x40762be", "uploadtime": 1783544465, "views": 0, "rating": 0, "private": 0, "password": null, "_winner": "p0x40762be", "_our_name": "p0y407b005"}