{"id": "battle-gen9randombattle-177", "formatid": "gen9randombattle", "format": "[Gen 9] Random Battle", "players": ["p0x177f4cf", "p0y177fab3"], "log": "|init|battle\n|title|p0x177f4cf vs. p0y177fab3\n|j|\u2606p0x177f4cf\n|j|\u2606p0y177fab3\n|t:|1783541166\n|gametype|singles\n|player|p1|p0x177f4cf|102|\n|player|p2|p0y177fab3|266|\n|gen|9\n|tier|[Gen 9] Random Battle\n|rule|Species Clause: Limit one of each Pok\u00e9mon\n|rule|HP Percentage Mod: HP is shown in percentages\n|rule|Sleep Clause Mod: Limit one foe put to sleep\n|rule|Illusion Level Mod: Illusion disguises the Pok\u00e9mon's true level\n|\n|t:|1783541166\n|teamsize|p1|6\n|teamsize|p2|6\n|start\n|switch|p1a: Meloetta|Meloetta, L82|100/100\n|switch|p2a: Dedenne|Dedenne, L88, M|261/261\n|turn|1\n|inactive|Battle timer is ON: inactive players will automatically lose when time's up. (requested by p0y177fab3)\n|inactive|p0x177f4cf also wants the timer to be on.\n|\n|t:|1783541168\n|move|p2a: Dedenne|Nuzzle|p1a: Meloetta\n|-damage|p1a: Meloetta|94/100\n|-status|p1a: Meloetta|par\n|cant|p1a: Meloetta|par\n|\n|upkeep\n|turn|2\n|inactive|Time left: 300 sec this turn | 300 sec total\n|\n|t:|1783541169\n|move|p2a: Dedenne|Super Fang|p1a: Meloetta\n|-damage|p1a: Meloetta|47/100 par\n|move|p1a: Meloetta|Hyper Voice|p2a: Dedenne\n|-damage|p2a: Dedenne|57/261\n|-enditem|p2a: Dedenne|Sitrus Berry|[eat]\n|-heal|p2a: Dedenne|122/261|[from] item: Sitrus Berry\n|-heal|p2a: Dedenne|209/261|[from] ability: Cheek Pouch\n|\n|upkeep\n|turn|3\n|inactive|Time left: 300 sec this turn | 300 sec total\n|\n|t:|1783541170\n|switch|p2a: Clawitzer|Clawitzer, L87, F|265/265\n|move|p1a: Meloetta|Hyper Voice|p2a: Clawitzer\n|-damage|p2a: Clawitzer|99/265\n|\n|upkeep\n|turn|4\n|inactive|Time left: 300 sec this turn | 300 sec total\n|\n|t:|1783541171\n|move|p2a: Clawitzer|Dark Pulse|p1a: Meloetta\n|-supereffective|p1a: Meloetta\n|-damage|p1a: Meloetta|0 fnt\n|faint|p1a: Meloetta\n|\n|upkeep\n|\n|t:|1783541172\n|switch|p1a: Drednaw|Drednaw, L81, M|100/100\n|turn|5\n|inactive|Time left: 300 sec this turn | 300 sec total\n|\n|t:|1783541173\n|move|p1a: Drednaw|Shell Smash|p1a: Drednaw\n|-unboost|p1a: Drednaw|def|1\n|-unboost|p1a: Drednaw|spd|1\n|-boost|p1a: Drednaw|atk|2\n|-boost|p1a: Drednaw|spa|2\n|-boost|p1a: Drednaw|spe|2\n|-enditem|p1a: Drednaw|White Herb\n|-clearnegativeboost|p1a: Drednaw|[silent]\n|move|p2a: Clawitzer|Dark Pulse|p1a: Drednaw\n|-damage|p1a: Drednaw|24/100\n|\n|upkeep\n|turn|6\n|inactive|Time left: 300 sec this turn | 300 sec total\n|\n|t:|1783541175\n|move|p1a: Drednaw|Earthquake|p2a: Clawitzer\n|-damage|p2a: Clawitzer|0 fnt\n|faint|p2a: Clawitzer\n|\n|upkeep\n|inactive|Time left: 300 sec this turn | 300 sec total | 5 sec grace\n|\n|t:|1783541176\n|switch|p2a: Orthworm|Orthworm, L88, M|266/266\n|turn|7\n|inactive|Time left: 300 sec this turn | 300 sec total\n|\n|t:|1783541177\n|-terastallize|p1a: Drednaw|Water\n|move|p1a: Drednaw|Liquidation|p2a: Orthworm\n|-crit|p2a: Orthworm\n|-damage|p2a: Orthworm|0 fnt\n|faint|p2a: Orthworm\n|\n|upkeep\n|inactive|Time left: 300 sec this turn | 300 sec total | 5 sec grace\n|\n|t:|1783541178\n|switch|p2a: Masquerain|Masquerain, L87, F|264/264\n|-ability|p2a: Masquerain|Intimidate|boost\n|-unboost|p1a: Drednaw|atk|1\n|turn|8\n|inactive|Time left: 300 sec this turn | 300 sec total\n|\n|t:|1783541179\n|-terastallize|p2a: Masquerain|Water\n|move|p1a: Drednaw|Stone Edge|p2a: Masquerain\n|-damage|p2a: Masquerain|42/264\n|move|p2a: Masquerain|Bug Buzz|p1a: Drednaw\n|-damage|p1a: Drednaw|0 fnt\n|faint|p1a: Drednaw\n|\n|upkeep\n|\n|t:|1783541180\n|switch|p1a: Latios|Latios, L78, M|100/100\n|turn|9\n|inactive|Time left: 300 sec this turn | 300 sec total\n|\n|t:|1783541181\n|switch|p2a: Meloetta|Meloetta, L82|298/298\n|move|p1a: Latios|Luster Purge|p2a: Meloetta\n|-resisted|p2a: Meloetta\n|-damage|p2a: Meloetta|229/298\n|\n|upkeep\n|turn|10\n|inactive|Time left: 300 sec this turn | 300 sec total\n|\n|t:|1783541182\n|switch|p1a: Iron Thorns|Iron Thorns, L83|100/100\n|-enditem|p1a: Iron Thorns|Booster Energy\n|-activate|p1a: Iron Thorns|ability: Quark Drive|[fromitem]\n|-start|p1a: Iron Thorns|quarkdriveatk\n|move|p2a: Meloetta|Knock Off|p1a: Iron Thorns\n|-damage|p1a: Iron Thorns|86/100\n|-damage|p2a: Meloetta|200/298|[from] item: Life Orb\n|\n|upkeep\n|turn|11\n|inactive|Time left: 300 sec this turn | 300 sec total\n|\n|t:|1783541183\n|move|p2a: Meloetta|Relic Song|p1a: Iron Thorns\n|-resisted|p1a: Iron Thorns\n|-damage|p1a: Iron Thorns|64/100\n|-status|p1a: Iron Thorns|slp|[from] move: Relic Song\n|-formechange|p2a: Meloetta|Meloetta-Pirouette|[msg]\n|-damage|p2a: Meloetta|171/298|[from] item: Life Orb\n|cant|p1a: Iron Thorns|slp\n|\n|upkeep\n|turn|12\n|inactive|Time left: 300 sec this turn | 300 sec total\n|\n|t:|1783541184\n|move|p2a: Meloetta|Close Combat|p1a: Iron Thorns\n|-supereffective|p1a: Iron Thorns\n|-damage|p1a: Iron Thorns|0 fnt\n|-unboost|p2a: Meloetta|def|1\n|-unboost|p2a: Meloetta|spd|1\n|faint|p1a: Iron Thorns\n|-end|p1a: Iron Thorns|Quark Drive|[silent]\n|-damage|p2a: Meloetta|142/298|[from] item: Life Orb\n|\n|upkeep\n|\n|t:|1783541185\n|switch|p1a: Piloswine|Piloswine, L85, F|100/100\n|turn|13\n|inactive|Time left: 300 sec this turn | 300 sec total\n|\n|t:|1783541186\n|move|p2a: Meloetta|Close Combat|p1a: Piloswine\n|-supereffective|p1a: Piloswine\n|-damage|p1a: Piloswine|5/100\n|-unboost|p2a: Meloetta|def|1\n|-unboost|p2a: Meloetta|spd|1\n|-damage|p2a: Meloetta|113/298|[from] item: Life Orb\n|move|p1a: Piloswine|Earthquake|p2a: Meloetta\n|-damage|p2a: Meloetta|0 fnt\n|faint|p2a: Meloetta\n|\n|upkeep\n|inactive|Time left: 300 sec this turn | 300 sec total | 5 sec grace\n|\n|t:|1783541187\n|switch|p2a: Dedenne|Dedenne, L88, M|209/261\n|turn|14\n|inactive|Time left: 300 sec this turn | 300 sec total\n|\n|t:|1783541188\n|move|p1a: Piloswine|Ice Shard|p2a: Dedenne\n|-damage|p2a: Dedenne|148/261\n|move|p2a: Dedenne|Dazzling Gleam|p1a: Piloswine\n|-damage|p1a: Piloswine|0 fnt\n|faint|p1a: Piloswine\n|\n|upkeep\n|\n|t:|1783541189\n|switch|p1a: Latios|Latios, L78, M|100/100\n|turn|15\n|inactive|Time left: 300 sec this turn | 300 sec total\n|\n|t:|1783541190\n|move|p2a: Dedenne|Nuzzle|p1a: Latios\n|-resisted|p1a: Latios\n|-damage|p1a: Latios|97/100\n|-status|p1a: Latios|par\n|move|p1a: Latios|Luster Purge|p2a: Dedenne\n|-damage|p2a: Dedenne|0 fnt\n|faint|p2a: Dedenne\n|\n|upkeep\n|inactive|Time left: 300 sec this turn | 300 sec total | 5 sec grace\n|\n|t:|1783541191\n|switch|p2a: Masquerain|Masquerain, L87, F, tera:Water|42/264\n|-ability|p2a: Masquerain|Intimidate|boost\n|-unboost|p1a: Latios|atk|1\n|turn|16\n|inactive|Time left: 300 sec this turn | 300 sec total\n|\n|t:|1783541192\n|move|p2a: Masquerain|Bug Buzz|p1a: Latios\n|-supereffective|p1a: Latios\n|-damage|p1a: Latios|20/100 par\n|move|p1a: Latios|Luster Purge|p2a: Masquerain\n|-damage|p2a: Masquerain|0 fnt\n|faint|p2a: Masquerain\n|\n|upkeep\n|inactive|Time left: 300 sec this turn | 300 sec total | 5 sec grace\n|\n|t:|1783541193\n|switch|p2a: Phione|Phione, L91|293/293\n|turn|17\n|inactive|Time left: 300 sec this turn | 300 sec total\n|\n|t:|1783541194\n|move|p2a: Phione|Scald|p1a: Latios\n|-resisted|p1a: Latios\n|-damage|p1a: Latios|4/100 par\n|move|p1a: Latios|Luster Purge|p2a: Phione\n|-damage|p2a: Phione|137/293\n|-unboost|p2a: Phione|spd|1\n|\n|-heal|p2a: Phione|155/293|[from] item: Leftovers\n|upkeep\n|turn|18\n|inactive|Time left: 300 sec this turn | 300 sec total\n|\n|t:|1783541195\n|move|p2a: Phione|Scald|p1a: Latios\n|-resisted|p1a: Latios\n|-damage|p1a: Latios|0 fnt\n|faint|p1a: Latios\n|\n|-heal|p2a: Phione|173/293|[from] item: Leftovers\n|upkeep\n|\n|t:|1783541196\n|switch|p1a: Delibird|Delibird, M|100/100\n|turn|19\n|inactive|Time left: 300 sec this turn | 300 sec total\n|\n|t:|1783541197\n|move|p1a: Delibird|Brave Bird|p2a: Phione\n|-damage|p2a: Phione|10/293\n|-damage|p1a: Delibird|79/100|[from] Recoil\n|move|p2a: Phione|Scald|p1a: Delibird\n|-damage|p1a: Delibird|33/100\n|-status|p1a: Delibird|brn\n|\n|-heal|p2a: Phione|28/293|[from] item: Leftovers\n|-damage|p1a: Delibird|27/100 brn|[from] brn\n|upkeep\n|turn|20\n|inactive|Time left: 300 sec this turn | 300 sec total\n|\n|t:|1783541197\n|move|p1a: Delibird|Brave Bird|p2a: Phione\n|-damage|p2a: Phione|0 fnt\n|faint|p2a: Phione\n|-damage|p1a: Delibird|23/100 brn|[from] Recoil\n|\n|win|p0x177f4cf", "uploadtime": 1783541197, "views": 0, "rating": 0, "private": 0, "password": null, "_winner": "p0x177f4cf", "_our_name": "p0y177fab3"}