{"id": "battle-gen9randombattle-40", "formatid": "gen9randombattle", "format": "[Gen 9] Random Battle", "players": ["p0x040f281", "p0y0405301"], "log": "|init|battle\n|title|p0x040f281 vs. p0y0405301\n|j|\u2606p0x040f281\n|j|\u2606p0y0405301\n|t:|1783539899\n|gametype|singles\n|player|p1|p0x040f281|102|\n|player|p2|p0y0405301|101|\n|gen|9\n|tier|[Gen 9] Random Battle\n|rule|Species Clause: Limit one of each Pok\u00e9mon\n|rule|HP Percentage Mod: HP is shown in percentages\n|rule|Sleep Clause Mod: Limit one foe put to sleep\n|rule|Illusion Level Mod: Illusion disguises the Pok\u00e9mon's true level\n|\n|t:|1783539899\n|teamsize|p1|6\n|teamsize|p2|6\n|start\n|switch|p1a: Okidogi|Okidogi, L77, M|100/100\n|switch|p2a: Uxie|Uxie, L83|260/260\n|turn|1\n|inactive|Battle timer is ON: inactive players will automatically lose when time's up. (requested by p0y0405301)\n|inactive|p0x040f281 also wants the timer to be on.\n|\n|t:|1783539901\n|-terastallize|p1a: Okidogi|Dark\n|move|p2a: Uxie|Psychic Noise|p1a: Okidogi\n|-immune|p1a: Okidogi\n|move|p1a: Okidogi|Knock Off|p2a: Uxie\n|-supereffective|p2a: Uxie\n|-damage|p2a: Uxie|108/260\n|-enditem|p2a: Uxie|Leftovers|[from] move: Knock Off|[of] p1a: Okidogi\n|\n|upkeep\n|turn|2\n|inactive|Time left: 300 sec this turn | 300 sec total\n|\n|t:|1783539902\n|move|p2a: Uxie|Thunder Wave|p1a: Okidogi\n|-status|p1a: Okidogi|par\n|cant|p1a: Okidogi|par\n|\n|upkeep\n|turn|3\n|inactive|Time left: 300 sec this turn | 300 sec total\n|\n|t:|1783539903\n|switch|p2a: Araquanid|Araquanid, L82, F|246/246\n|cant|p1a: Okidogi|par\n|\n|upkeep\n|turn|4\n|inactive|Time left: 300 sec this turn | 300 sec total\n|\n|t:|1783539904\n|move|p2a: Araquanid|Sticky Web|p1a: Okidogi\n|-sidestart|p1: p0x040f281|move: Sticky Web\n|move|p1a: Okidogi|Knock Off|p2a: Araquanid\n|-damage|p2a: Araquanid|147/246\n|-enditem|p2a: Araquanid|Heavy-Duty Boots|[from] move: Knock Off|[of] p1a: Okidogi\n|\n|upkeep\n|turn|5\n|inactive|Time left: 300 sec this turn | 300 sec total\n|\n|t:|1783539905\n|move|p2a: Araquanid|Leech Life|p1a: Okidogi\n|-supereffective|p1a: Okidogi\n|-crit|p1a: Okidogi\n|-damage|p1a: Okidogi|41/100 par\n|-heal|p2a: Araquanid|225/246|[from] drain|[of] p1a: Okidogi\n|move|p1a: Okidogi|Gunk Shot|p2a: Araquanid\n|-damage|p2a: Araquanid|87/246\n|\n|-heal|p1a: Okidogi|47/100 par|[from] item: Leftovers\n|upkeep\n|turn|6\n|inactive|Time left: 300 sec this turn | 300 sec total\n|\n|t:|1783539907\n|move|p2a: Araquanid|Hydro Pump|p1a: Okidogi\n|-damage|p1a: Okidogi|0 fnt\n|faint|p1a: Okidogi\n|\n|upkeep\n|\n|t:|1783539908\n|switch|p1a: Rayquaza|Rayquaza, L72|100/100\n|-ability|p1a: Rayquaza|Air Lock\n|turn|7\n|inactive|Time left: 300 sec this turn | 300 sec total\n|\n|t:|1783539909\n|switch|p2a: Quagsire|Quagsire, L84, F|297/297\n|move|p1a: Rayquaza|Outrage|p2a: Quagsire\n|-damage|p2a: Quagsire|150/297\n|\n|-heal|p2a: Quagsire|168/297|[from] item: Leftovers\n|upkeep\n|turn|8\n|inactive|Time left: 300 sec this turn | 300 sec total\n|\n|t:|1783539910\n|-terastallize|p2a: Quagsire|Steel\n|move|p1a: Rayquaza|Outrage|p2a: Quagsire|[from] lockedmove\n|-resisted|p2a: Quagsire\n|-damage|p2a: Quagsire|97/297\n|-start|p1a: Rayquaza|confusion|[fatigue]\n|move|p2a: Quagsire|Ice Beam|p1a: Rayquaza\n|-supereffective|p1a: Rayquaza\n|-damage|p1a: Rayquaza|18/100\n|\n|-heal|p2a: Quagsire|115/297|[from] item: Leftovers\n|upkeep\n|turn|9\n|inactive|Time left: 300 sec this turn | 300 sec total\n|\n|t:|1783539912\n|-activate|p1a: Rayquaza|confusion\n|move|p1a: Rayquaza|Earthquake|p2a: Quagsire\n|-supereffective|p2a: Quagsire\n|-damage|p2a: Quagsire|0 fnt\n|faint|p2a: Quagsire\n|\n|upkeep\n|inactive|Time left: 300 sec this turn | 300 sec total | 5 sec grace\n|\n|t:|1783539913\n|switch|p2a: Spectrier|Spectrier, L75|274/274\n|turn|10\n|inactive|Time left: 300 sec this turn | 300 sec total\n|\n|t:|1783539914\n|switch|p1a: Raikou|Raikou, L81|100/100\n|-activate|p1a: Raikou|move: Sticky Web\n|-unboost|p1a: Raikou|spe|1\n|-ability|p1a: Raikou|Pressure\n|move|p2a: Spectrier|Shadow Ball|p1a: Raikou\n|-damage|p1a: Raikou|68/100\n|\n|-heal|p1a: Raikou|74/100|[from] item: Leftovers\n|upkeep\n|turn|11\n|inactive|Time left: 300 sec this turn | 300 sec total\n|\n|t:|1783539915\n|move|p2a: Spectrier|Nasty Plot|p2a: Spectrier\n|-boost|p2a: Spectrier|spa|2\n|move|p1a: Raikou|Calm Mind|p1a: Raikou\n|-boost|p1a: Raikou|spa|1\n|-boost|p1a: Raikou|spd|1\n|\n|-heal|p1a: Raikou|80/100|[from] item: Leftovers\n|upkeep\n|turn|12\n|inactive|Time left: 300 sec this turn | 300 sec total\n|\n|t:|1783539916\n|move|p2a: Spectrier|Shadow Ball|p1a: Raikou\n|-damage|p1a: Raikou|37/100\n|move|p1a: Raikou|Shadow Ball|p2a: Spectrier\n|-supereffective|p2a: Spectrier\n|-damage|p2a: Spectrier|48/274\n|\n|-heal|p2a: Spectrier|65/274|[from] item: Leftovers\n|-heal|p1a: Raikou|43/100|[from] item: Leftovers\n|upkeep\n|turn|13\n|inactive|Time left: 300 sec this turn | 300 sec total\n|\n|t:|1783539917\n|move|p2a: Spectrier|Shadow Ball|p1a: Raikou\n|-damage|p1a: Raikou|3/100\n|move|p1a: Raikou|Thunderbolt|p2a: Spectrier\n|-damage|p2a: Spectrier|0 fnt\n|faint|p2a: Spectrier\n|\n|-heal|p1a: Raikou|9/100|[from] item: Leftovers\n|upkeep\n|inactive|Time left: 300 sec this turn | 300 sec total | 5 sec grace\n|\n|t:|1783539918\n|switch|p2a: Arceus|Arceus-Ghost, L69|280/280\n|turn|14\n|inactive|Time left: 300 sec this turn | 300 sec total\n|\n|t:|1783539920\n|move|p2a: Arceus|Judgment|p1a: Raikou\n|-damage|p1a: Raikou|0 fnt\n|faint|p1a: Raikou\n|\n|upkeep\n|\n|t:|1783539921\n|switch|p1a: Amoonguss|Amoonguss, L82, M|100/100\n|-activate|p1a: Amoonguss|move: Sticky Web\n|-unboost|p1a: Amoonguss|spe|1\n|turn|15\n|inactive|Time left: 300 sec this turn | 300 sec total\n|\n|t:|1783539922\n|move|p2a: Arceus|Calm Mind|p2a: Arceus\n|-boost|p2a: Arceus|spa|1\n|-boost|p2a: Arceus|spd|1\n|move|p1a: Amoonguss|Spore|p2a: Arceus\n|-status|p2a: Arceus|slp|[from] move: Spore\n|\n|upkeep\n|turn|16\n|inactive|Time left: 300 sec this turn | 300 sec total\n|\n|t:|1783539923\n|switch|p1a: Rayquaza|Rayquaza, L72|18/100\n|-ability|p1a: Rayquaza|Air Lock\n|cant|p2a: Arceus|slp\n|\n|upkeep\n|turn|17\n|inactive|Time left: 300 sec this turn | 300 sec total\n|\n|t:|1783539924\n|cant|p2a: Arceus|slp\n|move|p1a: Rayquaza|Outrage|p2a: Arceus\n|-damage|p2a: Arceus|156/280 slp\n|\n|upkeep\n|turn|18\n|inactive|Time left: 300 sec this turn | 300 sec total\n|\n|t:|1783539925\n|-curestatus|p2a: Arceus|slp|[msg]\n|move|p2a: Arceus|Judgment|p1a: Rayquaza\n|-damage|p1a: Rayquaza|0 fnt\n|faint|p1a: Rayquaza\n|\n|upkeep\n|\n|t:|1783539926\n|switch|p1a: Goodra|Goodra-Hisui, L82, M|100/100\n|-activate|p1a: Goodra|move: Sticky Web\n|-unboost|p1a: Goodra|spe|1\n|turn|19\n|inactive|Time left: 300 sec this turn | 300 sec total\n|\n|t:|1783539927\n|move|p2a: Arceus|Recover|p2a: Arceus\n|-heal|p2a: Arceus|280/280\n|move|p1a: Goodra|Dragon Tail|p2a: Arceus|[miss]\n|-miss|p1a: Goodra|p2a: Arceus\n|\n|upkeep\n|turn|20\n|inactive|Time left: 300 sec this turn | 300 sec total\n|\n|t:|1783539928\n|move|p2a: Arceus|Focus Blast|p1a: Goodra|[miss]\n|-miss|p2a: Arceus|p1a: Goodra\n|move|p1a: Goodra|Dragon Tail|p2a: Arceus\n|-damage|p2a: Arceus|222/280\n|drag|p2a: Uxie|Uxie, L83|108/260\n|\n|upkeep\n|turn|21\n|inactive|Time left: 300 sec this turn | 300 sec total\n|\n|t:|1783539930\n|move|p2a: Uxie|Thunder Wave|p1a: Goodra\n|-status|p1a: Goodra|par\n|move|p1a: Goodra|Heavy Slam|p2a: Uxie\n|-damage|p2a: Uxie|24/260\n|\n|upkeep\n|turn|22\n|inactive|Time left: 300 sec this turn | 300 sec total\n|\n|t:|1783539931\n|switch|p2a: Arceus|Arceus-Ghost, L69|222/280\n|move|p1a: Goodra|Thunderbolt|p2a: Arceus\n|-damage|p2a: Arceus|163/280\n|\n|upkeep\n|turn|23\n|inactive|Time left: 300 sec this turn | 300 sec total\n|\n|t:|1783539932\n|move|p2a: Arceus|Calm Mind|p2a: Arceus\n|-boost|p2a: Arceus|spa|1\n|-boost|p2a: Arceus|spd|1\n|cant|p1a: Goodra|par\n|\n|upkeep\n|turn|24\n|inactive|Time left: 300 sec this turn | 300 sec total\n|\n|t:|1783539933\n|move|p2a: Arceus|Recover|p2a: Arceus\n|-heal|p2a: Arceus|280/280\n|move|p1a: Goodra|Dragon Tail|p2a: Arceus\n|-damage|p2a: Arceus|222/280\n|drag|p2a: Araquanid|Araquanid, L82, F|87/246\n|\n|upkeep\n|turn|25\n|inactive|Time left: 300 sec this turn | 300 sec total\n|\n|t:|1783539934\n|move|p2a: Araquanid|Leech Life|p1a: Goodra\n|-resisted|p1a: Goodra\n|-damage|p1a: Goodra|90/100 par\n|-heal|p2a: Araquanid|102/246|[from] drain|[of] p1a: Goodra\n|move|p1a: Goodra|Thunderbolt|p2a: Araquanid\n|-supereffective|p2a: Araquanid\n|-damage|p2a: Araquanid|8/246\n|\n|upkeep\n|turn|26\n|inactive|Time left: 300 sec this turn | 300 sec total\n|\n|t:|1783539935\n|move|p2a: Araquanid|Liquidation|p1a: Goodra\n|-resisted|p1a: Goodra\n|-damage|p1a: Goodra|66/100 par\n|move|p1a: Goodra|Thunderbolt|p2a: Araquanid\n|-supereffective|p2a: Araquanid\n|-damage|p2a: Araquanid|0 fnt\n|faint|p2a: Araquanid\n|\n|upkeep\n|inactive|Time left: 300 sec this turn | 300 sec total | 5 sec grace\n|\n|t:|1783539937\n|switch|p2a: Arceus|Arceus-Ghost, L69|222/280\n|turn|27\n|inactive|Time left: 300 sec this turn | 300 sec total\n|\n|t:|1783539938\n|move|p2a: Arceus|Calm Mind|p2a: Arceus\n|-boost|p2a: Arceus|spa|1\n|-boost|p2a: Arceus|spd|1\n|cant|p1a: Goodra|par\n|\n|upkeep\n|turn|28\n|inactive|Time left: 300 sec this turn | 300 sec total\n|\n|t:|1783539939\n|move|p2a: Arceus|Focus Blast|p1a: Goodra|[miss]\n|-miss|p2a: Arceus|p1a: Goodra\n|move|p1a: Goodra|Dragon Tail|p2a: Arceus\n|-damage|p2a: Arceus|167/280\n|drag|p2a: Garganacl|Garganacl, L80, F|291/291\n|\n|upkeep\n|turn|29\n|inactive|Time left: 300 sec this turn | 300 sec total\n|\n|t:|1783539940\n|switch|p1a: Amoonguss|Amoonguss, L82, M|100/100\n|-activate|p1a: Amoonguss|move: Sticky Web\n|-unboost|p1a: Amoonguss|spe|1\n|move|p2a: Garganacl|Earthquake|p1a: Amoonguss\n|-damage|p1a: Amoonguss|75/100\n|\n|-heal|p1a: Amoonguss|81/100|[from] item: Leftovers\n|upkeep\n|turn|30\n|inactive|Time left: 300 sec this turn | 300 sec total\n|\n|t:|1783539941\n|switch|p2a: Arceus|Arceus-Ghost, L69|167/280\n|move|p1a: Amoonguss|Giga Drain|p2a: Arceus\n|-damage|p2a: Arceus|104/280\n|-heal|p1a: Amoonguss|91/100|[from] drain|[of] p2a: Arceus\n|\n|-heal|p1a: Amoonguss|97/100|[from] item: Leftovers\n|upkeep\n|turn|31\n|inactive|Time left: 300 sec this turn | 300 sec total\n|\n|t:|1783539942\n|move|p2a: Arceus|Recover|p2a: Arceus\n|-heal|p2a: Arceus|244/280\n|move|p1a: Amoonguss|Spore|p2a: Arceus\n|-status|p2a: Arceus|slp|[from] move: Spore\n|\n|-heal|p1a: Amoonguss|100/100|[from] item: Leftovers\n|upkeep\n|turn|32\n|inactive|Time left: 300 sec this turn | 300 sec total\n|\n|t:|1783539943\n|switch|p1a: Barraskewda|Barraskewda, L81, F|100/100\n|-activate|p1a: Barraskewda|move: Sticky Web\n|-unboost|p1a: Barraskewda|spe|1\n|cant|p2a: Arceus|slp\n|\n|upkeep\n|turn|33\n|inactive|Time left: 300 sec this turn | 300 sec total\n|\n|t:|1783539944\n|-curestatus|p2a: Arceus|slp|[msg]\n|move|p2a: Arceus|Judgment|p1a: Barraskewda\n|-damage|p1a: Barraskewda|30/100\n|move|p1a: Barraskewda|Waterfall|p2a: Arceus\n|-damage|p2a: Arceus|97/280\n|\n|upkeep\n|turn|34\n|inactive|Time left: 300 sec this turn | 300 sec total\n|\n|t:|1783539945\n|move|p2a: Arceus|Recover|p2a: Arceus\n|-heal|p2a: Arceus|237/280\n|move|p1a: Barraskewda|Waterfall|p2a: Arceus\n|-damage|p2a: Arceus|98/280\n|\n|upkeep\n|turn|35\n|inactive|Time left: 300 sec this turn | 300 sec total\n|\n|t:|1783539946\n|move|p2a: Arceus|Judgment|p1a: Barraskewda\n|-damage|p1a: Barraskewda|0 fnt\n|faint|p1a: Barraskewda\n|\n|upkeep\n|\n|t:|1783539947\n|switch|p1a: Amoonguss|Amoonguss, L82, M|100/100\n|-activate|p1a: Amoonguss|move: Sticky Web\n|-unboost|p1a: Amoonguss|spe|1\n|turn|36\n|inactive|Time left: 300 sec this turn | 300 sec total\n|\n|t:|1783539948\n|move|p2a: Arceus|Recover|p2a: Arceus\n|-heal|p2a: Arceus|238/280\n|move|p1a: Amoonguss|Spore|p2a: Arceus\n|-status|p2a: Arceus|slp|[from] move: Spore\n|\n|upkeep\n|turn|37\n|inactive|Time left: 300 sec this turn | 300 sec total\n|\n|t:|1783539949\n|cant|p2a: Arceus|slp\n|move|p1a: Amoonguss|Giga Drain|p2a: Arceus\n|-damage|p2a: Arceus|172/280 slp\n|\n|upkeep\n|turn|38\n|inactive|Time left: 300 sec this turn | 300 sec total\n|\n|t:|1783539950\n|-curestatus|p2a: Arceus|slp|[msg]\n|move|p2a: Arceus|Calm Mind|p2a: Arceus\n|-boost|p2a: Arceus|spa|1\n|-boost|p2a: Arceus|spd|1\n|move|p1a: Amoonguss|Giga Drain|p2a: Arceus\n|-damage|p2a: Arceus|132/280\n|\n|upkeep\n|turn|39\n|inactive|Time left: 300 sec this turn | 300 sec total\n|\n|t:|1783539951\n|move|p2a: Arceus|Recover|p2a: Arceus\n|-heal|p2a: Arceus|272/280\n|move|p1a: Amoonguss|Spore|p2a: Arceus\n|-status|p2a: Arceus|slp|[from] move: Spore\n|\n|upkeep\n|turn|40\n|inactive|Time left: 300 sec this turn | 300 sec total\n|\n|t:|1783539952\n|cant|p2a: Arceus|slp\n|move|p1a: Amoonguss|Stomping Tantrum|p2a: Arceus\n|-damage|p2a: Arceus|226/280 slp\n|\n|upkeep\n|turn|41\n|inactive|Time left: 300 sec this turn | 300 sec total\n|\n|t:|1783539952\n|cant|p2a: Arceus|slp\n|move|p1a: Amoonguss|Giga Drain|p2a: Arceus\n|-damage|p2a: Arceus|186/280 slp\n|\n|upkeep\n|turn|42\n|inactive|Time left: 300 sec this turn | 300 sec total\n|\n|t:|1783539953\n|cant|p2a: Arceus|slp\n|move|p1a: Amoonguss|Spore|p2a: Arceus\n|-fail|p2a: Arceus|slp\n|\n|upkeep\n|turn|43\n|inactive|Time left: 300 sec this turn | 300 sec total\n|\n|t:|1783539954\n|-curestatus|p2a: Arceus|slp|[msg]\n|move|p2a: Arceus|Calm Mind|p2a: Arceus\n|-boost|p2a: Arceus|spa|1\n|-boost|p2a: Arceus|spd|1\n|move|p1a: Amoonguss|Spore|p2a: Arceus\n|-status|p2a: Arceus|slp|[from] move: Spore\n|\n|upkeep\n|turn|44\n|inactive|Time left: 300 sec this turn | 300 sec total\n|\n|t:|1783539955\n|switch|p1a: Goodra|Goodra-Hisui, L82, M|66/100 par\n|-activate|p1a: Goodra|move: Sticky Web\n|-unboost|p1a: Goodra|spe|1\n|cant|p2a: Arceus|slp\n|\n|upkeep\n|turn|45\n|inactive|Time left: 300 sec this turn | 300 sec total\n|\n|t:|1783539957\n|cant|p2a: Arceus|slp\n|cant|p1a: Goodra|par\n|\n|upkeep\n|turn|46\n|inactive|Time left: 300 sec this turn | 300 sec total\n|\n|t:|1783539958\n|-curestatus|p2a: Arceus|slp|[msg]\n|move|p2a: Arceus|Focus Blast|p1a: Goodra\n|-supereffective|p1a: Goodra\n|-damage|p1a: Goodra|21/100 par\n|-unboost|p1a: Goodra|spd|1\n|move|p1a: Goodra|Dragon Tail|p2a: Arceus\n|-damage|p2a: Arceus|129/280\n|drag|p2a: Garganacl|Garganacl, L80, F|291/291\n|\n|upkeep\n|turn|47\n|inactive|Time left: 300 sec this turn | 300 sec total\n|\n|t:|1783539959\n|switch|p2a: Arceus|Arceus-Ghost, L69|129/280\n|move|p1a: Goodra|Dragon Tail|p2a: Arceus\n|-damage|p2a: Arceus|66/280\n|drag|p2a: Garganacl|Garganacl, L80, F|291/291\n|\n|upkeep\n|turn|48\n|inactive|Time left: 300 sec this turn | 300 sec total\n|\n|t:|1783539960\n|switch|p2a: Uxie|Uxie, L83|24/260\n|cant|p1a: Goodra|par\n|\n|upkeep\n|turn|49\n|inactive|Time left: 300 sec this turn | 300 sec total\n|\n|t:|1783539961\n|move|p2a: Uxie|Thunder Wave|p1a: Goodra|[miss]\n|-miss|p2a: Uxie|p1a: Goodra\n|move|p1a: Goodra|Dragon Tail|p2a: Uxie\n|-damage|p2a: Uxie|0 fnt\n|faint|p2a: Uxie\n|\n|upkeep\n|inactive|Time left: 300 sec this turn | 300 sec total | 5 sec grace\n|\n|t:|1783539962\n|switch|p2a: Arceus|Arceus-Ghost, L69|66/280\n|turn|50\n|inactive|Time left: 300 sec this turn | 300 sec total\n|\n|t:|1783539963\n|move|p2a: Arceus|Recover|p2a: Arceus\n|-heal|p2a: Arceus|206/280\n|move|p1a: Goodra|Dragon Tail|p2a: Arceus\n|-damage|p2a: Arceus|145/280\n|drag|p2a: Garganacl|Garganacl, L80, F|291/291\n|\n|upkeep\n|turn|51\n|inactive|Time left: 300 sec this turn | 300 sec total\n|\n|t:|1783539964\n|switch|p2a: Arceus|Arceus-Ghost, L69|145/280\n|move|p1a: Goodra|Draco Meteor|p2a: Arceus\n|-damage|p2a: Arceus|7/280\n|-unboost|p1a: Goodra|spa|2\n|\n|upkeep\n|turn|52\n|inactive|Time left: 300 sec this turn | 300 sec total\n|\n|t:|1783539965\n|move|p2a: Arceus|Recover|p2a: Arceus\n|-heal|p2a: Arceus|147/280\n|cant|p1a: Goodra|par\n|\n|upkeep\n|turn|53\n|inactive|Time left: 300 sec this turn | 300 sec total\n|\n|t:|1783539966\n|move|p2a: Arceus|Calm Mind|p2a: Arceus\n|-boost|p2a: Arceus|spa|1\n|-boost|p2a: Arceus|spd|1\n|move|p1a: Goodra|Dragon Tail|p2a: Arceus\n|-damage|p2a: Arceus|92/280\n|drag|p2a: Garganacl|Garganacl, L80, F|291/291\n|\n|upkeep\n|turn|54\n|inactive|Time left: 300 sec this turn | 300 sec total\n|\n|t:|1783539967\n|switch|p2a: Arceus|Arceus-Ghost, L69|92/280\n|switch|p1a: Amoonguss|Amoonguss, L82, M|100/100\n|-activate|p1a: Amoonguss|move: Sticky Web\n|-unboost|p1a: Amoonguss|spe|1\n|\n|upkeep\n|turn|55\n|inactive|Time left: 300 sec this turn | 300 sec total\n|\n|t:|1783539968\n|move|p2a: Arceus|Calm Mind|p2a: Arceus\n|-boost|p2a: Arceus|spa|1\n|-boost|p2a: Arceus|spd|1\n|move|p1a: Amoonguss|Giga Drain|p2a: Arceus\n|-damage|p2a: Arceus|52/280\n|\n|upkeep\n|turn|56\n|inactive|Time left: 300 sec this turn | 300 sec total\n|\n|t:|1783539969\n|move|p2a: Arceus|Judgment|p1a: Amoonguss\n|-damage|p1a: Amoonguss|51/100\n|move|p1a: Amoonguss|Spore|p2a: Arceus\n|-status|p2a: Arceus|slp|[from] move: Spore\n|\n|-heal|p1a: Amoonguss|57/100|[from] item: Leftovers\n|upkeep\n|turn|57\n|inactive|Time left: 300 sec this turn | 300 sec total\n|\n|t:|1783539970\n|cant|p2a: Arceus|slp\n|move|p1a: Amoonguss|Giga Drain|p2a: Arceus\n|-damage|p2a: Arceus|6/280 slp\n|-heal|p1a: Amoonguss|64/100|[from] drain|[of] p2a: Arceus\n|\n|-heal|p1a: Amoonguss|70/100|[from] item: Leftovers\n|upkeep\n|turn|58\n|inactive|Time left: 300 sec this turn | 300 sec total\n|\n|t:|1783539971\n|cant|p2a: Arceus|slp\n|move|p1a: Amoonguss|Stomping Tantrum|p2a: Arceus\n|-damage|p2a: Arceus|0 fnt\n|faint|p2a: Arceus\n|\n|-heal|p1a: Amoonguss|77/100|[from] item: Leftovers\n|upkeep\n|inactive|Time left: 300 sec this turn | 300 sec total | 5 sec grace\n|\n|t:|1783539972\n|switch|p2a: Garganacl|Garganacl, L80, F|291/291\n|turn|59\n|inactive|Time left: 300 sec this turn | 300 sec total\n|\n|t:|1783539973\n|move|p2a: Garganacl|Salt Cure|p1a: Amoonguss\n|-damage|p1a: Amoonguss|61/100\n|-start|p1a: Amoonguss|Salt Cure\n|move|p1a: Amoonguss|Giga Drain|p2a: Garganacl\n|-supereffective|p2a: Garganacl\n|-damage|p2a: Garganacl|153/291\n|-heal|p1a: Amoonguss|83/100|[from] drain|[of] p2a: Garganacl\n|\n|-heal|p2a: Garganacl|171/291|[from] item: Leftovers\n|-heal|p1a: Amoonguss|89/100|[from] item: Leftovers\n|-damage|p1a: Amoonguss|77/100|[from] Salt Cure\n|upkeep\n|turn|60\n|inactive|Time left: 300 sec this turn | 300 sec total\n|\n|t:|1783539974\n|move|p2a: Garganacl|Recover|p2a: Garganacl\n|-heal|p2a: Garganacl|291/291\n|move|p1a: Amoonguss|Giga Drain|p2a: Garganacl\n|-supereffective|p2a: Garganacl\n|-damage|p2a: Garganacl|157/291\n|-heal|p1a: Amoonguss|97/100|[from] drain|[of] p2a: Garganacl\n|\n|-heal|p2a: Garganacl|175/291|[from] item: Leftovers\n|-heal|p1a: Amoonguss|100/100|[from] item: Leftovers\n|-damage|p1a: Amoonguss|88/100|[from] Salt Cure\n|upkeep\n|turn|61\n|inactive|Time left: 300 sec this turn | 300 sec total\n|\n|t:|1783539976\n|move|p2a: Garganacl|Recover|p2a: Garganacl\n|-heal|p2a: Garganacl|291/291\n|move|p1a: Amoonguss|Giga Drain|p2a: Garganacl\n|-supereffective|p2a: Garganacl\n|-damage|p2a: Garganacl|145/291\n|-heal|p1a: Amoonguss|100/100|[from] drain|[of] p2a: Garganacl\n|\n|-heal|p2a: Garganacl|163/291|[from] item: Leftovers\n|-damage|p1a: Amoonguss|88/100|[from] Salt Cure\n|upkeep\n|turn|62\n|inactive|Time left: 300 sec this turn | 300 sec total\n|\n|t:|1783539977\n|move|p2a: Garganacl|Recover|p2a: Garganacl\n|-heal|p2a: Garganacl|291/291\n|move|p1a: Amoonguss|Giga Drain|p2a: Garganacl\n|-supereffective|p2a: Garganacl\n|-damage|p2a: Garganacl|157/291\n|-heal|p1a: Amoonguss|100/100|[from] drain|[of] p2a: Garganacl\n|\n|-heal|p2a: Garganacl|175/291|[from] item: Leftovers\n|-damage|p1a: Amoonguss|88/100|[from] Salt Cure\n|upkeep\n|turn|63\n|inactive|Time left: 300 sec this turn | 300 sec total\n|\n|t:|1783539978\n|move|p2a: Garganacl|Recover|p2a: Garganacl\n|-heal|p2a: Garganacl|291/291\n|move|p1a: Amoonguss|Giga Drain|p2a: Garganacl\n|-supereffective|p2a: Garganacl\n|-damage|p2a: Garganacl|135/291\n|-heal|p1a: Amoonguss|100/100|[from] drain|[of] p2a: Garganacl\n|\n|-heal|p2a: Garganacl|153/291|[from] item: Leftovers\n|-damage|p1a: Amoonguss|88/100|[from] Salt Cure\n|upkeep\n|turn|64\n|inactive|Time left: 300 sec this turn | 300 sec total\n|\n|t:|1783539979\n|move|p2a: Garganacl|Recover|p2a: Garganacl\n|-heal|p2a: Garganacl|291/291\n|move|p1a: Amoonguss|Giga Drain|p2a: Garganacl\n|-supereffective|p2a: Garganacl\n|-damage|p2a: Garganacl|151/291\n|-heal|p1a: Amoonguss|100/100|[from] drain|[of] p2a: Garganacl\n|\n|-heal|p2a: Garganacl|169/291|[from] item: Leftovers\n|-damage|p1a: Amoonguss|88/100|[from] Salt Cure\n|upkeep\n|turn|65\n|inactive|Time left: 300 sec this turn | 300 sec total\n|\n|t:|1783539980\n|move|p2a: Garganacl|Recover|p2a: Garganacl\n|-heal|p2a: Garganacl|291/291\n|move|p1a: Amoonguss|Giga Drain|p2a: Garganacl\n|-supereffective|p2a: Garganacl\n|-damage|p2a: Garganacl|159/291\n|-heal|p1a: Amoonguss|100/100|[from] drain|[of] p2a: Garganacl\n|\n|-heal|p2a: Garganacl|177/291|[from] item: Leftovers\n|-damage|p1a: Amoonguss|88/100|[from] Salt Cure\n|upkeep\n|turn|66\n|inactive|Time left: 300 sec this turn | 300 sec total\n|\n|t:|1783539981\n|move|p2a: Garganacl|Recover|p2a: Garganacl\n|-heal|p2a: Garganacl|291/291\n|move|p1a: Amoonguss|Giga Drain|p2a: Garganacl\n|-supereffective|p2a: Garganacl\n|-damage|p2a: Garganacl|151/291\n|-heal|p1a: Amoonguss|100/100|[from] drain|[of] p2a: Garganacl\n|\n|-heal|p2a: Garganacl|169/291|[from] item: Leftovers\n|-damage|p1a: Amoonguss|88/100|[from] Salt Cure\n|upkeep\n|turn|67\n|inactive|Time left: 300 sec this turn | 300 sec total\n|\n|t:|1783539982\n|move|p2a: Garganacl|Recover|p2a: Garganacl\n|-heal|p2a: Garganacl|291/291\n|move|p1a: Amoonguss|Giga Drain|p2a: Garganacl\n|-supereffective|p2a: Garganacl\n|-damage|p2a: Garganacl|141/291\n|-heal|p1a: Amoonguss|100/100|[from] drain|[of] p2a: Garganacl\n|\n|-heal|p2a: Garganacl|159/291|[from] item: Leftovers\n|-damage|p1a: Amoonguss|88/100|[from] Salt Cure\n|upkeep\n|turn|68\n|inactive|Time left: 300 sec this turn | 300 sec total\n|\n|t:|1783539983\n|move|p2a: Garganacl|Protect|p2a: Garganacl\n|-singleturn|p2a: Garganacl|Protect\n|move|p1a: Amoonguss|Giga Drain|p2a: Garganacl\n|-activate|p2a: Garganacl|move: Protect\n|\n|-heal|p2a: Garganacl|177/291|[from] item: Leftovers\n|-heal|p1a: Amoonguss|94/100|[from] item: Leftovers\n|-damage|p1a: Amoonguss|82/100|[from] Salt Cure\n|upkeep\n|turn|69\n|inactive|Time left: 300 sec this turn | 300 sec total\n|\n|t:|1783539984\n|move|p2a: Garganacl|Earthquake|p1a: Amoonguss\n|-damage|p1a: Amoonguss|55/100\n|move|p1a: Amoonguss|Stomping Tantrum|p2a: Garganacl\n|-supereffective|p2a: Garganacl\n|-damage|p2a: Garganacl|101/291\n|\n|-heal|p2a: Garganacl|119/291|[from] item: Leftovers\n|-heal|p1a: Amoonguss|61/100|[from] item: Leftovers\n|-damage|p1a: Amoonguss|49/100|[from] Salt Cure\n|upkeep\n|turn|70\n|inactive|Time left: 300 sec this turn | 300 sec total\n|\n|t:|1783539985\n|move|p2a: Garganacl|Earthquake|p1a: Amoonguss\n|-crit|p1a: Amoonguss\n|-damage|p1a: Amoonguss|12/100\n|move|p1a: Amoonguss|Stomping Tantrum|p2a: Garganacl\n|-supereffective|p2a: Garganacl\n|-damage|p2a: Garganacl|47/291\n|\n|-heal|p2a: Garganacl|65/291|[from] item: Leftovers\n|-heal|p1a: Amoonguss|19/100|[from] item: Leftovers\n|-damage|p1a: Amoonguss|6/100|[from] Salt Cure\n|upkeep\n|turn|71\n|inactive|Time left: 300 sec this turn | 300 sec total\n|\n|t:|1783539985\n|switch|p1a: Goodra|Goodra-Hisui, L82, M|21/100 par\n|-activate|p1a: Goodra|move: Sticky Web\n|-unboost|p1a: Goodra|spe|1\n|move|p2a: Garganacl|Earthquake|p1a: Goodra\n|-supereffective|p1a: Goodra\n|-damage|p1a: Goodra|0 fnt\n|faint|p1a: Goodra\n|\n|-heal|p2a: Garganacl|83/291|[from] item: Leftovers\n|upkeep\n|\n|t:|1783539986\n|switch|p1a: Amoonguss|Amoonguss, L82, M|39/100\n|-activate|p1a: Amoonguss|move: Sticky Web\n|-unboost|p1a: Amoonguss|spe|1\n|turn|72\n|inactive|Time left: 300 sec this turn | 300 sec total\n|\n|t:|1783539987\n|move|p2a: Garganacl|Salt Cure|p1a: Amoonguss\n|-damage|p1a: Amoonguss|24/100\n|-start|p1a: Amoonguss|Salt Cure\n|move|p1a: Amoonguss|Stomping Tantrum|p2a: Garganacl\n|-supereffective|p2a: Garganacl\n|-damage|p2a: Garganacl|7/291\n|\n|-heal|p2a: Garganacl|25/291|[from] item: Leftovers\n|-heal|p1a: Amoonguss|31/100|[from] item: Leftovers\n|-damage|p1a: Amoonguss|18/100|[from] Salt Cure\n|upkeep\n|turn|73\n|inactive|Time left: 300 sec this turn | 300 sec total\n|\n|t:|1783539988\n|move|p2a: Garganacl|Protect|p2a: Garganacl\n|-singleturn|p2a: Garganacl|Protect\n|move|p1a: Amoonguss|Sludge Bomb|p2a: Garganacl\n|-activate|p2a: Garganacl|move: Protect\n|\n|-heal|p2a: Garganacl|43/291|[from] item: Leftovers\n|-heal|p1a: Amoonguss|24/100|[from] item: Leftovers\n|-damage|p1a: Amoonguss|12/100|[from] Salt Cure\n|upkeep\n|turn|74\n|inactive|Time left: 300 sec this turn | 300 sec total\n|\n|t:|1783539989\n|move|p2a: Garganacl|Earthquake|p1a: Amoonguss\n|-damage|p1a: Amoonguss|0 fnt\n|faint|p1a: Amoonguss\n|\n|win|p0y0405301", "uploadtime": 1783539989, "views": 0, "rating": 0, "private": 0, "password": null, "_winner": "p0y0405301", "_our_name": "p0y0405301"}