{"id": "battle-gen9randombattle-188", "formatid": "gen9randombattle", "format": "[Gen 9] Random Battle", "players": ["p0x188b40a", "p0y188f06f"], "log": "|init|battle\n|title|p0x188b40a vs. p0y188f06f\n|j|\u2606p0x188b40a\n|j|\u2606p0y188f06f\n|t:|1783541757\n|gametype|singles\n|player|p1|p0x188b40a|266|\n|player|p2|p0y188f06f|266|\n|gen|9\n|tier|[Gen 9] Random Battle\n|rule|Species Clause: Limit one of each Pok\u00e9mon\n|rule|HP Percentage Mod: HP is shown in percentages\n|rule|Sleep Clause Mod: Limit one foe put to sleep\n|rule|Illusion Level Mod: Illusion disguises the Pok\u00e9mon's true level\n|\n|t:|1783541757\n|teamsize|p1|6\n|teamsize|p2|6\n|start\n|switch|p1a: Noctowl|Noctowl, L95, M|344/344\n|switch|p2a: Moltres|Moltres-Galar, L79|100/100\n|turn|1\n|inactive|Battle timer is ON: inactive players will automatically lose when time's up. (requested by p0x188b40a)\n|inactive|p0y188f06f also wants the timer to be on.\n|\n|t:|1783541758\n|move|p2a: Moltres|Nasty Plot|p2a: Moltres\n|-boost|p2a: Moltres|spa|2\n|move|p1a: Noctowl|Hurricane|p2a: Moltres\n|-damage|p2a: Moltres|60/100\n|\n|upkeep\n|turn|2\n|inactive|Time left: 300 sec this turn | 300 sec total\n|\n|t:|1783541759\n|move|p2a: Moltres|Hurricane|p1a: Noctowl\n|-damage|p1a: Noctowl|175/344\n|move|p1a: Noctowl|Hurricane|p2a: Moltres\n|-damage|p2a: Moltres|20/100\n|-ability|p2a: Moltres|Berserk|boost\n|-boost|p2a: Moltres|spa|1\n|\n|upkeep\n|turn|3\n|inactive|Time left: 300 sec this turn | 300 sec total\n|\n|t:|1783541760\n|move|p2a: Moltres|Fiery Wrath|p1a: Noctowl\n|-damage|p1a: Noctowl|0 fnt\n|faint|p1a: Noctowl\n|\n|upkeep\n|inactive|Time left: 300 sec this turn | 300 sec total | 5 sec grace\n|\n|t:|1783541761\n|switch|p1a: Chi-Yu|Chi-Yu, L77|211/211\n|-ability|p1a: Chi-Yu|Beads of Ruin\n|turn|4\n|inactive|Time left: 300 sec this turn | 300 sec total\n|\n|t:|1783541762\n|move|p1a: Chi-Yu|Fire Blast|p2a: Moltres\n|-damage|p2a: Moltres|0 fnt\n|faint|p2a: Moltres\n|\n|upkeep\n|\n|t:|1783541763\n|switch|p2a: Rampardos|Rampardos, L90, F|100/100\n|turn|5\n|inactive|Time left: 300 sec this turn | 300 sec total\n|\n|t:|1783541764\n|move|p2a: Rampardos|Earthquake|p1a: Chi-Yu\n|-supereffective|p1a: Chi-Yu\n|-damage|p1a: Chi-Yu|0 fnt\n|faint|p1a: Chi-Yu\n|\n|upkeep\n|inactive|Time left: 300 sec this turn | 300 sec total | 5 sec grace\n|\n|t:|1783541765\n|switch|p1a: Iron Jugulis|Iron Jugulis, L77|271/271\n|turn|6\n|inactive|Time left: 300 sec this turn | 300 sec total\n|\n|t:|1783541767\n|switch|p2a: Scream Tail|Scream Tail, L84|100/100\n|move|p1a: Iron Jugulis|Hurricane|p2a: Scream Tail\n|-damage|p2a: Scream Tail|55/100\n|-start|p2a: Scream Tail|confusion\n|\n|-heal|p2a: Scream Tail|61/100|[from] item: Leftovers\n|upkeep\n|turn|7\n|inactive|Time left: 300 sec this turn | 300 sec total\n|\n|t:|1783541768\n|-end|p2a: Scream Tail|Protosynthesis|[silent]\n|switch|p2a: Rampardos|Rampardos, L90, F|100/100\n|move|p1a: Iron Jugulis|Hurricane|p2a: Rampardos\n|-resisted|p2a: Rampardos\n|-damage|p2a: Rampardos|62/100\n|-start|p2a: Rampardos|confusion\n|\n|upkeep\n|turn|8\n|inactive|Time left: 300 sec this turn | 300 sec total\n|\n|t:|1783541770\n|-activate|p2a: Rampardos|confusion\n|move|p2a: Rampardos|Rock Slide|p1a: Iron Jugulis\n|-supereffective|p1a: Iron Jugulis\n|-damage|p1a: Iron Jugulis|0 fnt\n|faint|p1a: Iron Jugulis\n|-end|p1a: Iron Jugulis|Quark Drive|[silent]\n|\n|upkeep\n|inactive|Time left: 300 sec this turn | 300 sec total | 5 sec grace\n|\n|t:|1783541771\n|switch|p1a: Feraligatr|Feraligatr, L79, M|264/264\n|turn|9\n|inactive|Time left: 300 sec this turn | 300 sec total\n|\n|t:|1783541772\n|-activate|p2a: Rampardos|confusion\n|-damage|p2a: Rampardos|43/100|[from] confusion\n|move|p1a: Feraligatr|Dragon Dance|p1a: Feraligatr\n|-boost|p1a: Feraligatr|atk|1\n|-boost|p1a: Feraligatr|spe|1\n|\n|upkeep\n|turn|10\n|inactive|Time left: 300 sec this turn | 300 sec total\n|\n|t:|1783541773\n|switch|p2a: Veluza|Veluza, L85, F|100/100\n|move|p1a: Feraligatr|Dragon Dance|p1a: Feraligatr\n|-boost|p1a: Feraligatr|atk|1\n|-boost|p1a: Feraligatr|spe|1\n|\n|upkeep\n|turn|11\n|inactive|Time left: 300 sec this turn | 300 sec total\n|\n|t:|1783541774\n|move|p1a: Feraligatr|Crunch|p2a: Veluza\n|-supereffective|p2a: Veluza\n|-damage|p2a: Veluza|0 fnt\n|faint|p2a: Veluza\n|\n|upkeep\n|\n|t:|1783541775\n|switch|p2a: Brambleghast|Brambleghast, L88, F|100/100\n|turn|12\n|inactive|Time left: 300 sec this turn | 300 sec total\n|\n|t:|1783541776\n|-terastallize|p1a: Feraligatr|Dragon\n|-terastallize|p2a: Brambleghast|Water\n|move|p1a: Feraligatr|Crunch|p2a: Brambleghast\n|-damage|p2a: Brambleghast|17/100\n|move|p2a: Brambleghast|Power Whip|p1a: Feraligatr\n|-resisted|p1a: Feraligatr\n|-damage|p1a: Feraligatr|184/264\n|\n|-heal|p2a: Brambleghast|23/100|[from] item: Leftovers\n|upkeep\n|turn|13\n|inactive|Time left: 300 sec this turn | 300 sec total\n|\n|t:|1783541777\n|move|p1a: Feraligatr|Liquidation|p2a: Brambleghast\n|-resisted|p2a: Brambleghast\n|-damage|p2a: Brambleghast|0 fnt\n|faint|p2a: Brambleghast\n|\n|upkeep\n|\n|t:|1783541779\n|switch|p2a: Rampardos|Rampardos, L90, F|43/100\n|turn|14\n|inactive|Time left: 300 sec this turn | 300 sec total\n|\n|t:|1783541780\n|move|p1a: Feraligatr|Liquidation|p2a: Rampardos\n|-supereffective|p2a: Rampardos\n|-damage|p2a: Rampardos|0 fnt\n|faint|p2a: Rampardos\n|\n|upkeep\n|\n|t:|1783541780\n|switch|p2a: Maushold|Maushold, L76|100/100\n|turn|15\n|inactive|Time left: 300 sec this turn | 300 sec total\n|\n|t:|1783541781\n|move|p1a: Feraligatr|Liquidation|p2a: Maushold\n|-damage|p2a: Maushold|0 fnt\n|faint|p2a: Maushold\n|\n|upkeep\n|\n|t:|1783541782\n|switch|p2a: Scream Tail|Scream Tail, L84|61/100\n|turn|16\n|inactive|Time left: 300 sec this turn | 300 sec total\n|\n|t:|1783541783\n|move|p2a: Scream Tail|Protect|p2a: Scream Tail\n|-singleturn|p2a: Scream Tail|Protect\n|move|p1a: Feraligatr|Liquidation|p2a: Scream Tail\n|-activate|p2a: Scream Tail|move: Protect\n|\n|-heal|p2a: Scream Tail|67/100|[from] item: Leftovers\n|upkeep\n|turn|17\n|inactive|Time left: 300 sec this turn | 300 sec total\n|\n|t:|1783541784\n|move|p2a: Scream Tail|Protect||[still]\n|-fail|p2a: Scream Tail\n|move|p1a: Feraligatr|Liquidation|p2a: Scream Tail\n|-damage|p2a: Scream Tail|0 fnt\n|faint|p2a: Scream Tail\n|-end|p2a: Scream Tail|Protosynthesis|[silent]\n|\n|win|p0x188b40a", "uploadtime": 1783541784, "views": 0, "rating": 0, "private": 0, "password": null, "_winner": "p0x188b40a", "_our_name": "p0x188b40a"}