{"id": "battle-gen9randombattle-2361", "formatid": "gen9randombattle", "format": "[Gen 9] Random Battle", "players": ["p0x2361030c", "p0y2361d822"], "log": "|init|battle\n|title|p0x2361030c vs. p0y2361d822\n|j|\u2606p0x2361030c\n|j|\u2606p0y2361d822\n|t:|1783566383\n|gametype|singles\n|player|p1|p0x2361030c|102|\n|player|p2|p0y2361d822|1|\n|gen|9\n|tier|[Gen 9] Random Battle\n|rule|Species Clause: Limit one of each Pok\u00e9mon\n|rule|HP Percentage Mod: HP is shown in percentages\n|rule|Sleep Clause Mod: Limit one foe put to sleep\n|rule|Illusion Level Mod: Illusion disguises the Pok\u00e9mon's true level\n|\n|t:|1783566383\n|teamsize|p1|6\n|teamsize|p2|6\n|start\n|switch|p1a: Oranguru|Oranguru, L92, F|315/315\n|switch|p2a: Cresselia|Cresselia, L80, F|100/100\n|turn|1\n|inactive|Battle timer is ON: inactive players will automatically lose when time's up. (requested by p0y2361d822)\n|inactive|Time left: 300 sec this turn | 300 sec total | 60 sec grace\n|inactive|p0x2361030c also wants the timer to be on.\n|\n|t:|1783566385\n|move|p2a: Cresselia|Calm Mind|p2a: Cresselia\n|-boost|p2a: Cresselia|spa|1\n|-boost|p2a: Cresselia|spd|1\n|move|p1a: Oranguru|Nasty Plot|p1a: Oranguru\n|-boost|p1a: Oranguru|spa|2\n|\n|upkeep\n|turn|2\n|inactive|Time left: 300 sec this turn | 300 sec total\n|\n|t:|1783566386\n|move|p2a: Cresselia|Calm Mind|p2a: Cresselia\n|-boost|p2a: Cresselia|spa|1\n|-boost|p2a: Cresselia|spd|1\n|move|p1a: Oranguru|Nasty Plot|p1a: Oranguru\n|-boost|p1a: Oranguru|spa|2\n|\n|upkeep\n|turn|3\n|inactive|Time left: 300 sec this turn | 300 sec total\n|\n|t:|1783566387\n|move|p2a: Cresselia|Calm Mind|p2a: Cresselia\n|-boost|p2a: Cresselia|spa|1\n|-boost|p2a: Cresselia|spd|1\n|move|p1a: Oranguru|Psyshock|p2a: Cresselia\n|-resisted|p2a: Cresselia\n|-damage|p2a: Cresselia|63/100\n|\n|-heal|p2a: Cresselia|69/100|[from] item: Leftovers\n|upkeep\n|turn|4\n|inactive|Time left: 300 sec this turn | 300 sec total\n|\n|t:|1783566388\n|move|p2a: Cresselia|Moonlight|p2a: Cresselia\n|-heal|p2a: Cresselia|100/100\n|move|p1a: Oranguru|Psyshock|p2a: Cresselia\n|-resisted|p2a: Cresselia\n|-damage|p2a: Cresselia|61/100\n|\n|-heal|p2a: Cresselia|67/100|[from] item: Leftovers\n|upkeep\n|turn|5\n|inactive|Time left: 300 sec this turn | 300 sec total\n|\n|t:|1783566389\n|move|p2a: Cresselia|Moonlight|p2a: Cresselia\n|-heal|p2a: Cresselia|100/100\n|move|p1a: Oranguru|Psyshock|p2a: Cresselia\n|-resisted|p2a: Cresselia\n|-damage|p2a: Cresselia|61/100\n|\n|-heal|p2a: Cresselia|67/100|[from] item: Leftovers\n|upkeep\n|turn|6\n|inactive|Time left: 300 sec this turn | 300 sec total\n|\n|t:|1783566390\n|move|p2a: Cresselia|Moonlight|p2a: Cresselia\n|-heal|p2a: Cresselia|100/100\n|move|p1a: Oranguru|Psyshock|p2a: Cresselia\n|-resisted|p2a: Cresselia\n|-damage|p2a: Cresselia|64/100\n|\n|-heal|p2a: Cresselia|70/100|[from] item: Leftovers\n|upkeep\n|turn|7\n|inactive|Time left: 300 sec this turn | 300 sec total\n|\n|t:|1783566391\n|move|p2a: Cresselia|Moonlight|p2a: Cresselia\n|-heal|p2a: Cresselia|100/100\n|move|p1a: Oranguru|Psyshock|p2a: Cresselia\n|-resisted|p2a: Cresselia\n|-damage|p2a: Cresselia|59/100\n|\n|-heal|p2a: Cresselia|65/100|[from] item: Leftovers\n|upkeep\n|turn|8\n|inactive|Time left: 300 sec this turn | 300 sec total\n|\n|t:|1783566392\n|move|p2a: Cresselia|Moonlight|p2a: Cresselia\n|-heal|p2a: Cresselia|100/100\n|move|p1a: Oranguru|Psyshock|p2a: Cresselia\n|-resisted|p2a: Cresselia\n|-damage|p2a: Cresselia|61/100\n|\n|-heal|p2a: Cresselia|68/100|[from] item: Leftovers\n|upkeep\n|turn|9\n|inactive|Time left: 300 sec this turn | 300 sec total\n|\n|t:|1783566393\n|move|p2a: Cresselia|Moonlight|p2a: Cresselia\n|-heal|p2a: Cresselia|100/100\n|move|p1a: Oranguru|Psyshock|p2a: Cresselia\n|-resisted|p2a: Cresselia\n|-damage|p2a: Cresselia|65/100\n|\n|-heal|p2a: Cresselia|71/100|[from] item: Leftovers\n|upkeep\n|turn|10\n|inactive|Time left: 300 sec this turn | 300 sec total\n|\n|t:|1783566394\n|move|p2a: Cresselia|Moonlight|p2a: Cresselia\n|-heal|p2a: Cresselia|100/100\n|move|p1a: Oranguru|Psyshock|p2a: Cresselia\n|-resisted|p2a: Cresselia\n|-damage|p2a: Cresselia|63/100\n|\n|-heal|p2a: Cresselia|70/100|[from] item: Leftovers\n|upkeep\n|turn|11\n|inactive|Time left: 300 sec this turn | 300 sec total\n|\n|t:|1783566395\n|move|p2a: Cresselia|Thunderbolt|p1a: Oranguru\n|-damage|p1a: Oranguru|224/315\n|move|p1a: Oranguru|Psyshock|p2a: Cresselia\n|-resisted|p2a: Cresselia\n|-damage|p2a: Cresselia|34/100\n|\n|-heal|p2a: Cresselia|40/100|[from] item: Leftovers\n|-heal|p1a: Oranguru|243/315|[from] item: Leftovers\n|upkeep\n|turn|12\n|inactive|Time left: 300 sec this turn | 300 sec total\n|\n|t:|1783566396\n|move|p2a: Cresselia|Moonlight|p2a: Cresselia\n|-heal|p2a: Cresselia|90/100\n|move|p1a: Oranguru|Psyshock|p2a: Cresselia\n|-resisted|p2a: Cresselia\n|-damage|p2a: Cresselia|50/100\n|\n|-heal|p2a: Cresselia|56/100|[from] item: Leftovers\n|-heal|p1a: Oranguru|262/315|[from] item: Leftovers\n|upkeep\n|turn|13\n|inactive|Time left: 300 sec this turn | 300 sec total\n|\n|t:|1783566397\n|move|p2a: Cresselia|Psyshock|p1a: Oranguru\n|-resisted|p1a: Oranguru\n|-damage|p1a: Oranguru|180/315\n|move|p1a: Oranguru|Psyshock|p2a: Cresselia\n|-resisted|p2a: Cresselia\n|-crit|p2a: Cresselia\n|-damage|p2a: Cresselia|0 fnt\n|faint|p2a: Cresselia\n|\n|-heal|p1a: Oranguru|199/315|[from] item: Leftovers\n|upkeep\n|\n|t:|1783566398\n|switch|p2a: Krookodile|Krookodile, L79, M|100/100\n|-ability|p2a: Krookodile|Intimidate|boost\n|-fail|p1a: Oranguru|unboost|Attack|[from] ability: Inner Focus|[of] p1a: Oranguru\n|turn|14\n|inactive|Time left: 300 sec this turn | 300 sec total\n|\n|t:|1783566399\n|move|p2a: Krookodile|Knock Off|p1a: Oranguru\n|-supereffective|p1a: Oranguru\n|-damage|p1a: Oranguru|0 fnt\n|-enditem|p1a: Oranguru|Leftovers|[from] move: Knock Off|[of] p2a: Krookodile\n|faint|p1a: Oranguru\n|\n|upkeep\n|inactive|Time left: 300 sec this turn | 300 sec total | 5 sec grace\n|\n|t:|1783566400\n|switch|p1a: Haxorus|Haxorus, L77, M|244/244\n|-ability|p1a: Haxorus|Mold Breaker\n|turn|15\n|inactive|Time left: 300 sec this turn | 300 sec total\n|\n|t:|1783566401\n|move|p2a: Krookodile|Knock Off|p1a: Haxorus\n|-damage|p1a: Haxorus|123/244\n|-enditem|p1a: Haxorus|Lum Berry|[from] move: Knock Off|[of] p2a: Krookodile\n|move|p1a: Haxorus|Outrage|p2a: Krookodile\n|-damage|p2a: Krookodile|35/100\n|\n|upkeep\n|turn|16\n|inactive|Time left: 300 sec this turn | 300 sec total\n|\n|t:|1783566402\n|move|p2a: Krookodile|Knock Off|p1a: Haxorus\n|-damage|p1a: Haxorus|50/244\n|move|p1a: Haxorus|Outrage|p2a: Krookodile|[from] lockedmove\n|-damage|p2a: Krookodile|0 fnt\n|faint|p2a: Krookodile\n|-start|p1a: Haxorus|confusion|[fatigue]\n|\n|upkeep\n|\n|t:|1783566403\n|switch|p2a: Sawsbuck|Sawsbuck-Winter, L88, M|100/100\n|turn|17\n|inactive|Time left: 300 sec this turn | 300 sec total\n|\n|t:|1783566404\n|move|p2a: Sawsbuck|Swords Dance|p2a: Sawsbuck\n|-boost|p2a: Sawsbuck|atk|2\n|-activate|p1a: Haxorus|confusion\n|move|p1a: Haxorus|Outrage|p2a: Sawsbuck\n|-damage|p2a: Sawsbuck|36/100\n|\n|upkeep\n|turn|18\n|inactive|Time left: 300 sec this turn | 300 sec total\n|\n|t:|1783566405\n|move|p2a: Sawsbuck|Horn Leech|p1a: Haxorus\n|-resisted|p1a: Haxorus\n|-damage|p1a: Haxorus|0 fnt\n|-heal|p2a: Sawsbuck|45/100|[from] drain|[of] p1a: Haxorus\n|faint|p1a: Haxorus\n|-damage|p2a: Sawsbuck|35/100|[from] item: Life Orb\n|\n|upkeep\n|inactive|Time left: 300 sec this turn | 300 sec total | 5 sec grace\n|\n|t:|1783566406\n|switch|p1a: Skuntank|Skuntank, L84, M|310/310\n|turn|19\n|inactive|Time left: 300 sec this turn | 300 sec total\n|\n|t:|1783566407\n|move|p2a: Sawsbuck|Headbutt|p1a: Skuntank\n|-damage|p1a: Skuntank|64/310\n|-damage|p2a: Sawsbuck|25/100|[from] item: Life Orb\n|move|p1a: Skuntank|Knock Off|p2a: Sawsbuck\n|-damage|p2a: Sawsbuck|0 fnt\n|-enditem|p2a: Sawsbuck|Life Orb|[from] move: Knock Off|[of] p1a: Skuntank\n|faint|p2a: Sawsbuck\n|\n|upkeep\n|\n|t:|1783566408\n|switch|p2a: Smeargle|Smeargle, L95, M|100/100\n|turn|20\n|inactive|Time left: 300 sec this turn | 300 sec total\n|\n|t:|1783566409\n|move|p2a: Smeargle|Spore|p1a: Skuntank\n|-status|p1a: Skuntank|slp|[from] move: Spore\n|cant|p1a: Skuntank|slp\n|\n|upkeep\n|turn|21\n|inactive|Time left: 300 sec this turn | 300 sec total\n|\n|t:|1783566410\n|move|p2a: Smeargle|Shell Smash|p2a: Smeargle\n|-unboost|p2a: Smeargle|def|1\n|-unboost|p2a: Smeargle|spd|1\n|-boost|p2a: Smeargle|atk|2\n|-boost|p2a: Smeargle|spa|2\n|-boost|p2a: Smeargle|spe|2\n|cant|p1a: Skuntank|slp\n|\n|upkeep\n|turn|22\n|inactive|Time left: 300 sec this turn | 300 sec total\n|\n|t:|1783566410\n|move|p2a: Smeargle|Population Bomb|p1a: Skuntank\n|-damage|p1a: Skuntank|27/310 slp\n|-damage|p1a: Skuntank|0 fnt\n|-damage|p2a: Smeargle|76/100|[from] ability: Aftermath|[of] p1a: Skuntank\n|faint|p1a: Skuntank\n|-hitcount|p1: Skuntank|2\n|\n|upkeep\n|inactive|Time left: 300 sec this turn | 300 sec total | 5 sec grace\n|\n|t:|1783566411\n|switch|p1a: Azumarill|Azumarill, L82, F|298/298\n|turn|23\n|inactive|Time left: 300 sec this turn | 300 sec total\n|\n|t:|1783566412\n|-terastallize|p1a: Azumarill|Water\n|move|p1a: Azumarill|Aqua Jet|p2a: Smeargle\n|-damage|p2a: Smeargle|0 fnt\n|faint|p2a: Smeargle\n|\n|upkeep\n|\n|t:|1783566413\n|switch|p2a: Muk|Muk-Alola, L82, F|100/100\n|turn|24\n|inactive|Time left: 300 sec this turn | 300 sec total\n|\n|t:|1783566414\n|switch|p1a: Swampert|Swampert, L83, F|302/302\n|move|p2a: Muk|Knock Off|p1a: Swampert\n|-damage|p1a: Swampert|196/302\n|-enditem|p1a: Swampert|Assault Vest|[from] move: Knock Off|[of] p2a: Muk\n|\n|upkeep\n|turn|25\n|inactive|Time left: 300 sec this turn | 300 sec total\n|\n|t:|1783566415\n|-terastallize|p2a: Muk|Fighting\n|move|p1a: Swampert|Earthquake|p2a: Muk\n|-damage|p2a: Muk|54/100\n|move|p2a: Muk|Drain Punch|p1a: Swampert\n|-damage|p1a: Swampert|114/302\n|-heal|p2a: Muk|67/100|[from] drain|[of] p1a: Swampert\n|\n|upkeep\n|turn|26\n|inactive|Time left: 300 sec this turn | 300 sec total\n|\n|t:|1783566416\n|move|p1a: Swampert|Earthquake|p2a: Muk\n|-damage|p2a: Muk|27/100\n|move|p2a: Muk|Drain Punch|p1a: Swampert\n|-damage|p1a: Swampert|36/302\n|-heal|p2a: Muk|40/100|[from] drain|[of] p1a: Swampert\n|\n|upkeep\n|turn|27\n|inactive|Time left: 300 sec this turn | 300 sec total\n|\n|t:|1783566418\n|move|p1a: Swampert|Earthquake|p2a: Muk\n|-damage|p2a: Muk|0 fnt\n|faint|p2a: Muk\n|\n|upkeep\n|\n|t:|1783566419\n|switch|p2a: Palafin|Palafin, L77, F|100/100\n|turn|28\n|inactive|Time left: 300 sec this turn | 300 sec total\n|\n|t:|1783566420\n|move|p2a: Palafin|Ice Punch|p1a: Swampert\n|-damage|p1a: Swampert|3/302\n|move|p1a: Swampert|Knock Off|p2a: Palafin\n|-damage|p2a: Palafin|67/100\n|-enditem|p2a: Palafin|Leftovers|[from] move: Knock Off|[of] p1a: Swampert\n|\n|upkeep\n|turn|29\n|inactive|Time left: 300 sec this turn | 300 sec total\n|\n|t:|1783566421\n|move|p2a: Palafin|Bulk Up|p2a: Palafin\n|-boost|p2a: Palafin|atk|1\n|-boost|p2a: Palafin|def|1\n|move|p1a: Swampert|Flip Turn|p2a: Palafin\n|-resisted|p2a: Palafin\n|-damage|p2a: Palafin|52/100\n|inactive|Time left: 300 sec this turn | 300 sec total | 5 sec grace\n|\n|t:|1783566422\n|switch|p1a: Azumarill|Azumarill, L82, F, tera:Water|298/298|[from] Flip Turn\n|\n|upkeep\n|turn|30\n|inactive|Time left: 300 sec this turn | 300 sec total\n|\n|t:|1783566423\n|move|p2a: Palafin|Bulk Up|p2a: Palafin\n|-boost|p2a: Palafin|atk|1\n|-boost|p2a: Palafin|def|1\n|move|p1a: Azumarill|Play Rough|p2a: Palafin\n|-damage|p2a: Palafin|17/100\n|\n|upkeep\n|turn|31\n|inactive|Time left: 300 sec this turn | 300 sec total\n|\n|t:|1783566424\n|move|p2a: Palafin|Ice Punch|p1a: Azumarill\n|-resisted|p1a: Azumarill\n|-damage|p1a: Azumarill|262/298\n|move|p1a: Azumarill|Play Rough|p2a: Palafin\n|-damage|p2a: Palafin|0 fnt\n|faint|p2a: Palafin\n|\n|win|p0x2361030c", "uploadtime": 1783566424, "views": 0, "rating": 0, "private": 0, "password": null, "_winner": "p0x2361030c", "_our_name": "p0x2361030c"}