{"id": "battle-gen9randombattle-2506", "formatid": "gen9randombattle", "format": "[Gen 9] Random Battle", "players": ["p0x2506a1f4", "p0y250655a7"], "log": "|init|battle\n|title|p0x2506a1f4 vs. p0y250655a7\n|j|\u2606p0x2506a1f4\n|j|\u2606p0y250655a7\n|t:|1783569037\n|gametype|singles\n|player|p1|p0x2506a1f4|1|\n|player|p2|p0y250655a7|1|\n|gen|9\n|tier|[Gen 9] Random Battle\n|rule|Species Clause: Limit one of each Pok\u00e9mon\n|rule|HP Percentage Mod: HP is shown in percentages\n|rule|Sleep Clause Mod: Limit one foe put to sleep\n|rule|Illusion Level Mod: Illusion disguises the Pok\u00e9mon's true level\n|\n|t:|1783569037\n|teamsize|p1|6\n|teamsize|p2|6\n|start\n|switch|p1a: Bruxish|Bruxish, L85, M|100/100\n|switch|p2a: Squawkabilly|Squawkabilly, L85, M|278/278\n|turn|1\n|inactive|Battle timer is ON: inactive players will automatically lose when time's up. (requested by p0x2506a1f4)\n|inactive|Time left: 300 sec this turn | 300 sec total | 60 sec grace\n|inactive|p0y250655a7 also wants the timer to be on.\n|\n|t:|1783569038\n|move|p1a: Bruxish|Psychic Fangs|p2a: Squawkabilly\n|-damage|p2a: Squawkabilly|0 fnt\n|faint|p2a: Squawkabilly\n|-damage|p1a: Bruxish|91/100|[from] item: Life Orb\n|\n|upkeep\n|inactive|Time left: 300 sec this turn | 300 sec total | 65 sec grace\n|\n|t:|1783569039\n|switch|p2a: Illumise|Illumise, L91, F|266/266\n|turn|2\n|inactive|Time left: 300 sec this turn | 300 sec total\n|\n|t:|1783569040\n|switch|p1a: Magcargo|Magcargo, L95, M|100/100\n|move|p2a: Illumise|Bug Buzz|p1a: Magcargo\n|-resisted|p1a: Magcargo\n|-damage|p1a: Magcargo|85/100\n|\n|upkeep\n|turn|3\n|inactive|Time left: 300 sec this turn | 300 sec total\n|\n|t:|1783569041\n|switch|p2a: Poliwrath|Poliwrath, L88, M|302/302\n|move|p1a: Magcargo|Fire Blast|p2a: Poliwrath\n|-resisted|p2a: Poliwrath\n|-damage|p2a: Poliwrath|231/302\n|\n|-heal|p2a: Poliwrath|249/302|[from] item: Leftovers\n|upkeep\n|turn|4\n|inactive|Time left: 300 sec this turn | 300 sec total\n|\n|t:|1783569042\n|-terastallize|p1a: Magcargo|Grass\n|move|p2a: Poliwrath|Liquidation|p1a: Magcargo\n|-resisted|p1a: Magcargo\n|-damage|p1a: Magcargo|73/100\n|-ability|p1a: Magcargo|Weak Armor|boost\n|-unboost|p1a: Magcargo|def|1\n|-boost|p1a: Magcargo|spe|2\n|move|p1a: Magcargo|Shell Smash|p1a: Magcargo\n|-unboost|p1a: Magcargo|def|1\n|-unboost|p1a: Magcargo|spd|1\n|-boost|p1a: Magcargo|atk|2\n|-boost|p1a: Magcargo|spa|2\n|-boost|p1a: Magcargo|spe|2\n|\n|-heal|p2a: Poliwrath|267/302|[from] item: Leftovers\n|upkeep\n|turn|5\n|inactive|Time left: 300 sec this turn | 300 sec total\n|\n|t:|1783569043\n|move|p1a: Magcargo|Fire Blast|p2a: Poliwrath\n|-resisted|p2a: Poliwrath\n|-damage|p2a: Poliwrath|126/302\n|move|p2a: Poliwrath|Drain Punch|p1a: Magcargo\n|-damage|p1a: Magcargo|26/100\n|-heal|p2a: Poliwrath|189/302|[from] drain|[of] p1a: Magcargo\n|-ability|p1a: Magcargo|Weak Armor|boost\n|-unboost|p1a: Magcargo|def|1\n|-boost|p1a: Magcargo|spe|2\n|\n|-heal|p2a: Poliwrath|207/302|[from] item: Leftovers\n|upkeep\n|turn|6\n|inactive|Time left: 300 sec this turn | 300 sec total\n|\n|t:|1783569044\n|move|p1a: Magcargo|Earth Power|p2a: Poliwrath\n|-damage|p2a: Poliwrath|60/302\n|move|p2a: Poliwrath|Drain Punch|p1a: Magcargo\n|-damage|p1a: Magcargo|0 fnt\n|-heal|p2a: Poliwrath|94/302|[from] drain|[of] p1a: Magcargo\n|faint|p1a: Magcargo\n|\n|-heal|p2a: Poliwrath|112/302|[from] item: Leftovers\n|upkeep\n|\n|t:|1783569045\n|switch|p1a: Bruxish|Bruxish, L85, M|91/100\n|turn|7\n|inactive|Time left: 300 sec this turn | 300 sec total\n|\n|t:|1783569046\n|-terastallize|p2a: Poliwrath|Steel\n|move|p1a: Bruxish|Psychic Fangs|p2a: Poliwrath\n|-resisted|p2a: Poliwrath\n|-damage|p2a: Poliwrath|20/302\n|-damage|p1a: Bruxish|81/100|[from] item: Life Orb\n|move|p2a: Poliwrath|Knock Off|p1a: Bruxish\n|-supereffective|p1a: Bruxish\n|-damage|p1a: Bruxish|14/100\n|-enditem|p1a: Bruxish|Life Orb|[from] move: Knock Off|[of] p2a: Poliwrath\n|\n|-heal|p2a: Poliwrath|38/302|[from] item: Leftovers\n|upkeep\n|turn|8\n|inactive|Time left: 300 sec this turn | 300 sec total\n|\n|t:|1783569047\n|move|p1a: Bruxish|Psychic Fangs|p2a: Poliwrath\n|-resisted|p2a: Poliwrath\n|-damage|p2a: Poliwrath|0 fnt\n|faint|p2a: Poliwrath\n|\n|upkeep\n|inactive|Time left: 300 sec this turn | 300 sec total | 5 sec grace\n|\n|t:|1783569048\n|switch|p2a: Salazzle|Salazzle, L83, F|249/249\n|turn|9\n|inactive|Time left: 300 sec this turn | 300 sec total\n|\n|t:|1783569050\n|switch|p1a: Ting-Lu|Ting-Lu, L78|100/100\n|-ability|p1a: Ting-Lu|Vessel of Ruin\n|move|p2a: Salazzle|Sludge Wave|p1a: Ting-Lu\n|-resisted|p1a: Ting-Lu\n|-damage|p1a: Ting-Lu|88/100\n|\n|-heal|p1a: Ting-Lu|95/100|[from] item: Leftovers\n|upkeep\n|turn|10\n|inactive|Time left: 300 sec this turn | 300 sec total\n|\n|t:|1783569051\n|switch|p2a: Golduck|Golduck, L90, M|290/290\n|-ability|p2a: Golduck|Cloud Nine\n|move|p1a: Ting-Lu|Earthquake|p2a: Golduck\n|-damage|p2a: Golduck|193/290\n|\n|-heal|p1a: Ting-Lu|100/100|[from] item: Leftovers\n|upkeep\n|turn|11\n|inactive|Time left: 300 sec this turn | 300 sec total\n|\n|t:|1783569052\n|move|p2a: Golduck|Hydro Pump|p1a: Ting-Lu\n|-supereffective|p1a: Ting-Lu\n|-damage|p1a: Ting-Lu|14/100\n|move|p1a: Ting-Lu|Earthquake|p2a: Golduck\n|-damage|p2a: Golduck|97/290\n|\n|-heal|p1a: Ting-Lu|20/100|[from] item: Leftovers\n|upkeep\n|turn|12\n|inactive|Time left: 300 sec this turn | 300 sec total\n|\n|t:|1783569053\n|move|p2a: Golduck|Hydro Pump|p1a: Ting-Lu|[miss]\n|-miss|p2a: Golduck|p1a: Ting-Lu\n|move|p1a: Ting-Lu|Earthquake|p2a: Golduck\n|-damage|p2a: Golduck|0 fnt\n|faint|p2a: Golduck\n|\n|-heal|p1a: Ting-Lu|26/100|[from] item: Leftovers\n|upkeep\n|inactive|Time left: 300 sec this turn | 300 sec total | 5 sec grace\n|\n|t:|1783569054\n|switch|p2a: Salazzle|Salazzle, L83, F|249/249\n|turn|13\n|inactive|Time left: 300 sec this turn | 300 sec total\n|\n|t:|1783569055\n|move|p2a: Salazzle|Fire Blast|p1a: Ting-Lu\n|-damage|p1a: Ting-Lu|0 fnt\n|faint|p1a: Ting-Lu\n|\n|upkeep\n|\n|t:|1783569056\n|switch|p1a: Chandelure|Chandelure, L83, F|100/100\n|turn|14\n|inactive|Time left: 300 sec this turn | 300 sec total\n|\n|t:|1783569057\n|switch|p2a: Illumise|Illumise, L91, F|266/266\n|move|p1a: Chandelure|Shadow Ball|p2a: Illumise\n|-damage|p2a: Illumise|148/266\n|\n|upkeep\n|turn|15\n|inactive|Time left: 300 sec this turn | 300 sec total\n|\n|t:|1783569058\n|move|p2a: Illumise|Roost|p2a: Illumise\n|-heal|p2a: Illumise|266/266\n|-singleturn|p2a: Illumise|move: Roost\n|move|p1a: Chandelure|Fire Blast|p2a: Illumise\n|-supereffective|p2a: Illumise\n|-damage|p2a: Illumise|0 fnt\n|faint|p2a: Illumise\n|\n|upkeep\n|inactive|Time left: 300 sec this turn | 300 sec total | 5 sec grace\n|\n|t:|1783569059\n|switch|p2a: Lycanroc|Lycanroc-Dusk, L81, F|254/254\n|turn|16\n|inactive|Time left: 300 sec this turn | 300 sec total\n|\n|t:|1783569060\n|switch|p1a: Bruxish|Bruxish, L85, M|14/100\n|move|p2a: Lycanroc|Stone Edge|p1a: Bruxish\n|-damage|p1a: Bruxish|0 fnt\n|faint|p1a: Bruxish\n|-damage|p2a: Lycanroc|229/254|[from] item: Life Orb\n|\n|upkeep\n|\n|t:|1783569061\n|switch|p1a: Kingdra|Kingdra, L84, M|100/100\n|turn|17\n|inactive|Time left: 300 sec this turn | 300 sec total\n|\n|t:|1783569062\n|move|p2a: Lycanroc|Stone Edge|p1a: Kingdra\n|-damage|p1a: Kingdra|42/100\n|-damage|p2a: Lycanroc|204/254|[from] item: Life Orb\n|move|p1a: Kingdra|Wave Crash|p2a: Lycanroc\n|-supereffective|p2a: Lycanroc\n|-damage|p2a: Lycanroc|0 fnt\n|faint|p2a: Lycanroc\n|-damage|p1a: Kingdra|17/100|[from] Recoil\n|-damage|p1a: Kingdra|7/100|[from] item: Life Orb\n|\n|upkeep\n|inactive|Time left: 300 sec this turn | 300 sec total | 5 sec grace\n|\n|t:|1783569063\n|switch|p2a: Salazzle|Salazzle, L83, F|249/249\n|turn|18\n|inactive|Time left: 300 sec this turn | 300 sec total\n|\n|t:|1783569064\n|move|p2a: Salazzle|Fire Blast|p1a: Kingdra\n|-resisted|p1a: Kingdra\n|-damage|p1a: Kingdra|0 fnt\n|faint|p1a: Kingdra\n|\n|upkeep\n|\n|t:|1783569064\n|switch|p1a: Beartic|Beartic, L91, F|100/100\n|turn|19\n|inactive|Time left: 300 sec this turn | 300 sec total\n|\n|t:|1783569065\n|move|p2a: Salazzle|Nasty Plot|p2a: Salazzle\n|-boost|p2a: Salazzle|spa|2\n|move|p1a: Beartic|Earthquake|p2a: Salazzle\n|-supereffective|p2a: Salazzle\n|-damage|p2a: Salazzle|0 fnt\n|faint|p2a: Salazzle\n|\n|win|p0x2506a1f4", "uploadtime": 1783569065, "views": 0, "rating": 0, "private": 0, "password": null, "_winner": "p0x2506a1f4", "_our_name": "p0y250655a7"}