{"id": "battle-gen9randombattle-1663", "formatid": "gen9randombattle", "format": "[Gen 9] Random Battle", "players": ["p0x1663cb0b", "p0y1663709d"], "log": "|init|battle\n|title|p0x1663cb0b vs. p0y1663709d\n|j|\u2606p0x1663cb0b\n|j|\u2606p0y1663709d\n|t:|1783559271\n|gametype|singles\n|player|p1|p0x1663cb0b|265|\n|player|p2|p0y1663709d|101|\n|gen|9\n|tier|[Gen 9] Random Battle\n|rule|Species Clause: Limit one of each Pok\u00e9mon\n|rule|HP Percentage Mod: HP is shown in percentages\n|rule|Sleep Clause Mod: Limit one foe put to sleep\n|rule|Illusion Level Mod: Illusion disguises the Pok\u00e9mon's true level\n|\n|t:|1783559271\n|teamsize|p1|6\n|teamsize|p2|6\n|start\n|switch|p1a: Bruxish|Bruxish, L85, M|100/100\n|switch|p2a: Trevenant|Trevenant, L89, F|296/296\n|turn|1\n|inactive|Battle timer is ON: inactive players will automatically lose when time's up. (requested by p0y1663709d)\n|inactive|p0x1663cb0b also wants the timer to be on.\n|\n|t:|1783559273\n|switch|p2a: Slaking|Slaking, L84, F|389/389\n|move|p1a: Bruxish|Crunch|p2a: Slaking\n|-damage|p2a: Slaking|263/389\n|\n|upkeep\n|turn|2\n|inactive|Time left: 300 sec this turn | 300 sec total\n|\n|t:|1783559275\n|switch|p1a: Flutter Mane|Flutter Mane, L74|100/100\n|move|p2a: Slaking|Giga Impact|p1a: Flutter Mane\n|-immune|p1a: Flutter Mane\n|\n|upkeep\n|turn|3\n|inactive|Time left: 300 sec this turn | 300 sec total\n|\n|t:|1783559276\n|switch|p2a: Muk|Muk, L86, F|321/321\n|move|p1a: Flutter Mane|Moonblast|p2a: Muk\n|-resisted|p2a: Muk\n|-damage|p2a: Muk|265/321\n|-damage|p1a: Flutter Mane|91/100|[from] item: Life Orb\n|\n|upkeep\n|turn|4\n|inactive|Time left: 300 sec this turn | 300 sec total\n|\n|t:|1783559277\n|-end|p1a: Flutter Mane|Protosynthesis|[silent]\n|switch|p1a: Arboliva|Arboliva, L91, F|100/100\n|move|p2a: Muk|Knock Off|p1a: Arboliva\n|-damage|p1a: Arboliva|63/100\n|-fieldstart|move: Grassy Terrain|[from] ability: Seed Sower|[of] p1a: Arboliva\n|-enditem|p1a: Arboliva|Leftovers|[from] move: Knock Off|[of] p2a: Muk\n|\n|-heal|p2a: Muk|285/321|[from] Grassy Terrain\n|-heal|p1a: Arboliva|69/100|[from] Grassy Terrain\n|upkeep\n|turn|5\n|inactive|Time left: 300 sec this turn | 300 sec total\n|\n|t:|1783559279\n|move|p2a: Muk|Knock Off|p1a: Arboliva\n|-damage|p1a: Arboliva|46/100\n|-status|p1a: Arboliva|psn|[from] ability: Poison Touch|[of] p2a: Muk\n|move|p1a: Arboliva|Strength Sap|p2a: Muk\n|-unboost|p2a: Muk|atk|1\n|-heal|p1a: Arboliva|100/100 psn\n|\n|-heal|p2a: Muk|305/321|[from] Grassy Terrain\n|-damage|p1a: Arboliva|88/100 psn|[from] psn\n|upkeep\n|turn|6\n|inactive|Time left: 300 sec this turn | 300 sec total\n|\n|t:|1783559280\n|move|p2a: Muk|Knock Off|p1a: Arboliva\n|-damage|p1a: Arboliva|72/100 psn\n|move|p1a: Arboliva|Strength Sap|p2a: Muk\n|-unboost|p2a: Muk|atk|1\n|-heal|p1a: Arboliva|100/100 psn\n|\n|-heal|p2a: Muk|321/321|[from] Grassy Terrain\n|-damage|p1a: Arboliva|88/100 psn|[from] psn\n|upkeep\n|turn|7\n|inactive|Time left: 300 sec this turn | 300 sec total\n|\n|t:|1783559281\n|switch|p2a: Trevenant|Trevenant, L89, F|296/296\n|move|p1a: Arboliva|Energy Ball|p2a: Trevenant\n|-resisted|p2a: Trevenant\n|-damage|p2a: Trevenant|201/296\n|\n|-heal|p2a: Trevenant|219/296|[from] Grassy Terrain\n|-heal|p1a: Arboliva|94/100 psn|[from] Grassy Terrain\n|-damage|p1a: Arboliva|82/100 psn|[from] psn\n|upkeep\n|turn|8\n|inactive|Time left: 300 sec this turn | 300 sec total\n|\n|t:|1783559282\n|move|p2a: Trevenant|Drain Punch|p1a: Arboliva\n|-supereffective|p1a: Arboliva\n|-damage|p1a: Arboliva|27/100 psn\n|-heal|p2a: Trevenant|296/296|[from] drain|[of] p1a: Arboliva\n|-damage|p2a: Trevenant|267/296|[from] item: Life Orb\n|move|p1a: Arboliva|Strength Sap|p2a: Trevenant\n|-unboost|p2a: Trevenant|atk|1\n|-heal|p1a: Arboliva|100/100 psn\n|\n|-heal|p2a: Trevenant|285/296|[from] Grassy Terrain\n|-damage|p1a: Arboliva|88/100 psn|[from] psn\n|-fieldend|move: Grassy Terrain\n|upkeep\n|turn|9\n|inactive|Time left: 300 sec this turn | 300 sec total\n|\n|t:|1783559283\n|switch|p2a: Decidueye|Decidueye-Hisui, L87, M|295/295\n|move|p1a: Arboliva|Energy Ball|p2a: Decidueye\n|-resisted|p2a: Decidueye\n|-damage|p2a: Decidueye|232/295\n|\n|-heal|p2a: Decidueye|250/295|[from] item: Leftovers\n|-damage|p1a: Arboliva|76/100 psn|[from] psn\n|upkeep\n|turn|10\n|inactive|Time left: 300 sec this turn | 300 sec total\n|\n|t:|1783559284\n|move|p2a: Decidueye|Triple Arrows|p1a: Arboliva\n|-supereffective|p1a: Arboliva\n|-damage|p1a: Arboliva|1/100 psn\n|-fieldstart|move: Grassy Terrain|[from] ability: Seed Sower|[of] p1a: Arboliva\n|move|p1a: Arboliva|Strength Sap|p2a: Decidueye\n|-unboost|p2a: Decidueye|atk|1\n|-heal|p1a: Arboliva|86/100 psn\n|\n|-heal|p2a: Decidueye|268/295|[from] Grassy Terrain\n|-heal|p2a: Decidueye|286/295|[from] item: Leftovers\n|-heal|p1a: Arboliva|92/100 psn|[from] Grassy Terrain\n|-damage|p1a: Arboliva|79/100 psn|[from] psn\n|upkeep\n|turn|11\n|inactive|Time left: 300 sec this turn | 300 sec total\n|\n|t:|1783559285\n|move|p2a: Decidueye|Triple Arrows|p1a: Arboliva\n|-supereffective|p1a: Arboliva\n|-damage|p1a: Arboliva|31/100 psn\n|-unboost|p1a: Arboliva|def|1\n|move|p1a: Arboliva|Strength Sap|p2a: Decidueye\n|-unboost|p2a: Decidueye|atk|1\n|-heal|p1a: Arboliva|87/100 psn\n|\n|-heal|p2a: Decidueye|295/295|[from] Grassy Terrain\n|-heal|p1a: Arboliva|94/100 psn|[from] Grassy Terrain\n|-damage|p1a: Arboliva|81/100 psn|[from] psn\n|upkeep\n|turn|12\n|inactive|Time left: 300 sec this turn | 300 sec total\n|\n|t:|1783559286\n|switch|p2a: Trevenant|Trevenant, L89, F|285/296\n|switch|p1a: Noctowl|Noctowl, L95, M|100/100\n|\n|-heal|p2a: Trevenant|296/296|[from] Grassy Terrain\n|upkeep\n|turn|13\n|inactive|Time left: 300 sec this turn | 300 sec total\n|\n|t:|1783559287\n|switch|p2a: Slaking|Slaking, L84, F|263/389\n|move|p1a: Noctowl|Hurricane|p2a: Slaking\n|-damage|p2a: Slaking|106/389\n|-start|p2a: Slaking|confusion\n|\n|-heal|p2a: Slaking|130/389|[from] Grassy Terrain\n|upkeep\n|turn|14\n|inactive|Time left: 300 sec this turn | 300 sec total\n|\n|t:|1783559288\n|switch|p1a: Flutter Mane|Flutter Mane, L74|91/100\n|-activate|p2a: Slaking|confusion\n|move|p2a: Slaking|Giga Impact|p1a: Flutter Mane\n|-immune|p1a: Flutter Mane\n|\n|-heal|p1a: Flutter Mane|97/100|[from] Grassy Terrain\n|-heal|p2a: Slaking|154/389|[from] Grassy Terrain\n|-fieldend|move: Grassy Terrain\n|upkeep\n|turn|15\n|inactive|Time left: 300 sec this turn | 300 sec total\n|\n|t:|1783559289\n|switch|p2a: Muk|Muk, L86, F|321/321\n|move|p1a: Flutter Mane|Calm Mind|p1a: Flutter Mane\n|-boost|p1a: Flutter Mane|spa|1\n|-boost|p1a: Flutter Mane|spd|1\n|\n|upkeep\n|turn|16\n|inactive|Time left: 300 sec this turn | 300 sec total\n|\n|t:|1783559290\n|move|p1a: Flutter Mane|Shadow Ball|p2a: Muk\n|-damage|p2a: Muk|177/321\n|-damage|p1a: Flutter Mane|87/100|[from] item: Life Orb\n|move|p2a: Muk|Poison Jab|p1a: Flutter Mane\n|-damage|p1a: Flutter Mane|0 fnt\n|faint|p1a: Flutter Mane\n|-end|p1a: Flutter Mane|Protosynthesis|[silent]\n|\n|upkeep\n|\n|t:|1783559291\n|switch|p1a: Bruxish|Bruxish, L85, M|100/100\n|turn|17\n|inactive|Time left: 300 sec this turn | 300 sec total\n|\n|t:|1783559292\n|-terastallize|p2a: Muk|Dark\n|move|p1a: Bruxish|Wave Crash|p2a: Muk\n|-damage|p2a: Muk|0 fnt\n|faint|p2a: Muk\n|-damage|p1a: Bruxish|78/100|[from] Recoil\n|\n|upkeep\n|inactive|Time left: 300 sec this turn | 300 sec total | 5 sec grace\n|\n|t:|1783559293\n|switch|p2a: Slaking|Slaking, L84, F|154/389\n|turn|18\n|inactive|Time left: 300 sec this turn | 300 sec total\n|\n|t:|1783559293\n|switch|p1a: Noctowl|Noctowl, L95, M|100/100\n|move|p2a: Slaking|Giga Impact|p1a: Noctowl\n|-damage|p1a: Noctowl|0 fnt\n|-mustrecharge|p2a: Slaking\n|faint|p1a: Noctowl\n|\n|upkeep\n|\n|t:|1783559294\n|switch|p1a: Vaporeon|Vaporeon, L86, M|100/100\n|turn|19\n|inactive|Time left: 300 sec this turn | 300 sec total\n|\n|t:|1783559295\n|cant|p2a: Slaking|recharge\n|move|p1a: Vaporeon|Scald|p2a: Slaking\n|-damage|p2a: Slaking|37/389\n|\n|upkeep\n|turn|20\n|inactive|Time left: 300 sec this turn | 300 sec total\n|\n|t:|1783559296\n|move|p1a: Vaporeon|Protect|p1a: Vaporeon\n|-singleturn|p1a: Vaporeon|Protect\n|move|p2a: Slaking|Giga Impact|p1a: Vaporeon\n|-activate|p1a: Vaporeon|move: Protect\n|\n|upkeep\n|turn|21\n|inactive|Time left: 300 sec this turn | 300 sec total\n|\n|t:|1783559297\n|cant|p2a: Slaking|ability: Truant\n|move|p1a: Vaporeon|Scald|p2a: Slaking\n|-damage|p2a: Slaking|0 fnt\n|faint|p2a: Slaking\n|\n|upkeep\n|inactive|Time left: 300 sec this turn | 300 sec total | 5 sec grace\n|\n|t:|1783559298\n|switch|p2a: Decidueye|Decidueye-Hisui, L87, M|295/295\n|turn|22\n|inactive|Time left: 300 sec this turn | 300 sec total\n|\n|t:|1783559299\n|move|p1a: Vaporeon|Ice Beam|p2a: Decidueye\n|-supereffective|p2a: Decidueye\n|-damage|p2a: Decidueye|161/295\n|move|p2a: Decidueye|Leaf Blade|p1a: Vaporeon\n|-supereffective|p1a: Vaporeon\n|-damage|p1a: Vaporeon|21/100\n|\n|-heal|p1a: Vaporeon|27/100|[from] item: Leftovers\n|-heal|p2a: Decidueye|179/295|[from] item: Leftovers\n|upkeep\n|turn|23\n|inactive|Time left: 300 sec this turn | 300 sec total\n|\n|t:|1783559300\n|move|p1a: Vaporeon|Ice Beam|p2a: Decidueye\n|-supereffective|p2a: Decidueye\n|-damage|p2a: Decidueye|51/295\n|move|p2a: Decidueye|Triple Arrows|p1a: Vaporeon\n|-crit|p1a: Vaporeon\n|-damage|p1a: Vaporeon|0 fnt\n|faint|p1a: Vaporeon\n|\n|-heal|p2a: Decidueye|69/295|[from] item: Leftovers\n|upkeep\n|\n|t:|1783559301\n|switch|p1a: Bruxish|Bruxish, L85, M|78/100\n|turn|24\n|inactive|Time left: 300 sec this turn | 300 sec total\n|\n|t:|1783559302\n|move|p1a: Bruxish|Psychic Fangs|p2a: Decidueye\n|-supereffective|p2a: Decidueye\n|-damage|p2a: Decidueye|0 fnt\n|faint|p2a: Decidueye\n|\n|upkeep\n|inactive|Time left: 300 sec this turn | 300 sec total | 5 sec grace\n|\n|t:|1783559303\n|switch|p2a: Meloetta|Meloetta, L82|298/298\n|turn|25\n|inactive|Time left: 300 sec this turn | 300 sec total\n|\n|t:|1783559304\n|move|p1a: Bruxish|Psychic Fangs|p2a: Meloetta\n|-resisted|p2a: Meloetta\n|-damage|p2a: Meloetta|174/298\n|move|p2a: Meloetta|Hyper Voice|p1a: Bruxish\n|-damage|p1a: Bruxish|0 fnt\n|faint|p1a: Bruxish\n|\n|upkeep\n|\n|t:|1783559305\n|switch|p1a: Cryogonal|Cryogonal, L89|100/100\n|turn|26\n|inactive|Time left: 300 sec this turn | 300 sec total\n|\n|t:|1783559306\n|move|p1a: Cryogonal|Ice Beam|p2a: Meloetta\n|-damage|p2a: Meloetta|93/298\n|move|p2a: Meloetta|Hyper Voice|p1a: Cryogonal\n|-damage|p1a: Cryogonal|58/100\n|\n|upkeep\n|turn|27\n|inactive|Time left: 300 sec this turn | 300 sec total\n|\n|t:|1783559307\n|move|p1a: Cryogonal|Ice Beam|p2a: Meloetta\n|-damage|p2a: Meloetta|8/298\n|move|p2a: Meloetta|Hyper Voice|p1a: Cryogonal\n|-damage|p1a: Cryogonal|17/100\n|\n|upkeep\n|turn|28\n|inactive|Time left: 300 sec this turn | 300 sec total\n|\n|t:|1783559308\n|move|p1a: Cryogonal|Recover|p1a: Cryogonal\n|-heal|p1a: Cryogonal|67/100\n|move|p2a: Meloetta|Hyper Voice|p1a: Cryogonal\n|-damage|p1a: Cryogonal|29/100\n|\n|upkeep\n|turn|29\n|inactive|Time left: 300 sec this turn | 300 sec total\n|\n|t:|1783559309\n|move|p1a: Cryogonal|Ice Beam|p2a: Meloetta\n|-damage|p2a: Meloetta|0 fnt\n|faint|p2a: Meloetta\n|\n|upkeep\n|inactive|Time left: 300 sec this turn | 300 sec total | 5 sec grace\n|\n|t:|1783559310\n|switch|p2a: Trevenant|Trevenant, L89, F|296/296\n|turn|30\n|inactive|Time left: 300 sec this turn | 300 sec total\n|\n|t:|1783559311\n|switch|p2a: Gastrodon|Gastrodon-East, L86, F|331/331\n|move|p1a: Cryogonal|Ice Beam|p2a: Gastrodon\n|-damage|p2a: Gastrodon|219/331\n|\n|-heal|p2a: Gastrodon|239/331|[from] item: Leftovers\n|upkeep\n|turn|31\n|inactive|Time left: 300 sec this turn | 300 sec total\n|\n|t:|1783559312\n|move|p1a: Cryogonal|Recover|p1a: Cryogonal\n|-heal|p1a: Cryogonal|79/100\n|move|p2a: Gastrodon|Surf|p1a: Cryogonal\n|-damage|p1a: Cryogonal|55/100\n|\n|-heal|p2a: Gastrodon|259/331|[from] item: Leftovers\n|upkeep\n|turn|32\n|inactive|Time left: 300 sec this turn | 300 sec total\n|\n|t:|1783559313\n|move|p1a: Cryogonal|Ice Beam|p2a: Gastrodon\n|-damage|p2a: Gastrodon|141/331\n|move|p2a: Gastrodon|Surf|p1a: Cryogonal\n|-damage|p1a: Cryogonal|34/100\n|\n|-heal|p2a: Gastrodon|161/331|[from] item: Leftovers\n|upkeep\n|turn|33\n|inactive|Time left: 300 sec this turn | 300 sec total\n|\n|t:|1783559314\n|move|p1a: Cryogonal|Ice Beam|p2a: Gastrodon\n|-damage|p2a: Gastrodon|55/331\n|move|p2a: Gastrodon|Recover|p2a: Gastrodon\n|-heal|p2a: Gastrodon|221/331\n|\n|-heal|p2a: Gastrodon|241/331|[from] item: Leftovers\n|upkeep\n|turn|34\n|inactive|Time left: 300 sec this turn | 300 sec total\n|\n|t:|1783559316\n|move|p1a: Cryogonal|Recover|p1a: Cryogonal\n|-heal|p1a: Cryogonal|84/100\n|move|p2a: Gastrodon|Recover|p2a: Gastrodon\n|-heal|p2a: Gastrodon|331/331\n|\n|upkeep\n|turn|35\n|inactive|Time left: 300 sec this turn | 300 sec total\n|\n|t:|1783559317\n|move|p1a: Cryogonal|Ice Beam|p2a: Gastrodon\n|-damage|p2a: Gastrodon|217/331\n|move|p2a: Gastrodon|Surf|p1a: Cryogonal\n|-crit|p1a: Cryogonal\n|-damage|p1a: Cryogonal|50/100\n|\n|-heal|p2a: Gastrodon|237/331|[from] item: Leftovers\n|upkeep\n|turn|36\n|inactive|Time left: 300 sec this turn | 300 sec total\n|\n|t:|1783559318\n|move|p1a: Cryogonal|Recover|p1a: Cryogonal\n|-heal|p1a: Cryogonal|100/100\n|move|p2a: Gastrodon|Surf|p1a: Cryogonal\n|-damage|p1a: Cryogonal|78/100\n|\n|-heal|p2a: Gastrodon|257/331|[from] item: Leftovers\n|upkeep\n|turn|37\n|inactive|Time left: 300 sec this turn | 300 sec total\n|\n|t:|1783559319\n|move|p1a: Cryogonal|Ice Beam|p2a: Gastrodon\n|-damage|p2a: Gastrodon|145/331\n|move|p2a: Gastrodon|Recover|p2a: Gastrodon\n|-heal|p2a: Gastrodon|311/331\n|\n|-heal|p2a: Gastrodon|331/331|[from] item: Leftovers\n|upkeep\n|turn|38\n|inactive|Time left: 300 sec this turn | 300 sec total\n|\n|t:|1783559320\n|move|p1a: Cryogonal|Ice Beam|p2a: Gastrodon\n|-damage|p2a: Gastrodon|231/331\n|move|p2a: Gastrodon|Surf|p1a: Cryogonal\n|-damage|p1a: Cryogonal|55/100\n|\n|-heal|p2a: Gastrodon|251/331|[from] item: Leftovers\n|upkeep\n|turn|39\n|inactive|Time left: 300 sec this turn | 300 sec total\n|\n|t:|1783559321\n|move|p1a: Cryogonal|Ice Beam|p2a: Gastrodon\n|-damage|p2a: Gastrodon|140/331\n|move|p2a: Gastrodon|Recover|p2a: Gastrodon\n|-heal|p2a: Gastrodon|306/331\n|\n|-heal|p2a: Gastrodon|326/331|[from] item: Leftovers\n|upkeep\n|turn|40\n|inactive|Time left: 300 sec this turn | 300 sec total\n|\n|t:|1783559322\n|move|p1a: Cryogonal|Ice Beam|p2a: Gastrodon\n|-damage|p2a: Gastrodon|214/331\n|move|p2a: Gastrodon|Surf|p1a: Cryogonal\n|-damage|p1a: Cryogonal|31/100\n|\n|-heal|p2a: Gastrodon|234/331|[from] item: Leftovers\n|upkeep\n|turn|41\n|inactive|Time left: 300 sec this turn | 300 sec total\n|\n|t:|1783559323\n|move|p1a: Cryogonal|Recover|p1a: Cryogonal\n|-heal|p1a: Cryogonal|81/100\n|move|p2a: Gastrodon|Surf|p1a: Cryogonal\n|-damage|p1a: Cryogonal|57/100\n|\n|-heal|p2a: Gastrodon|254/331|[from] item: Leftovers\n|upkeep\n|turn|42\n|inactive|Time left: 300 sec this turn | 300 sec total\n|\n|t:|1783559324\n|move|p1a: Cryogonal|Ice Beam|p2a: Gastrodon\n|-damage|p2a: Gastrodon|154/331\n|move|p2a: Gastrodon|Surf|p1a: Cryogonal\n|-damage|p1a: Cryogonal|35/100\n|\n|-heal|p2a: Gastrodon|174/331|[from] item: Leftovers\n|upkeep\n|turn|43\n|inactive|Time left: 300 sec this turn | 300 sec total\n|\n|t:|1783559325\n|move|p1a: Cryogonal|Ice Beam|p2a: Gastrodon\n|-damage|p2a: Gastrodon|72/331\n|move|p2a: Gastrodon|Recover|p2a: Gastrodon\n|-heal|p2a: Gastrodon|238/331\n|\n|-heal|p2a: Gastrodon|258/331|[from] item: Leftovers\n|upkeep\n|turn|44\n|inactive|Time left: 300 sec this turn | 300 sec total\n|\n|t:|1783559326\n|move|p1a: Cryogonal|Recover|p1a: Cryogonal\n|-heal|p1a: Cryogonal|86/100\n|move|p2a: Gastrodon|Recover|p2a: Gastrodon\n|-heal|p2a: Gastrodon|331/331\n|\n|upkeep\n|turn|45\n|inactive|Time left: 300 sec this turn | 300 sec total\n|\n|t:|1783559327\n|move|p1a: Cryogonal|Ice Beam|p2a: Gastrodon\n|-damage|p2a: Gastrodon|223/331\n|move|p2a: Gastrodon|Surf|p1a: Cryogonal\n|-damage|p1a: Cryogonal|63/100\n|\n|-heal|p2a: Gastrodon|243/331|[from] item: Leftovers\n|upkeep\n|turn|46\n|inactive|Time left: 300 sec this turn | 300 sec total\n|\n|t:|1783559327\n|move|p1a: Cryogonal|Ice Beam|p2a: Gastrodon\n|-damage|p2a: Gastrodon|128/331\n|move|p2a: Gastrodon|Recover|p2a: Gastrodon\n|-heal|p2a: Gastrodon|294/331\n|\n|-heal|p2a: Gastrodon|314/331|[from] item: Leftovers\n|upkeep\n|turn|47\n|inactive|Time left: 300 sec this turn | 300 sec total\n|\n|t:|1783559328\n|switch|p2a: Trevenant|Trevenant, L89, F|296/296\n|move|p1a: Cryogonal|Ice Beam|p2a: Trevenant\n|-supereffective|p2a: Trevenant\n|-damage|p2a: Trevenant|86/296\n|\n|upkeep\n|turn|48\n|inactive|Time left: 300 sec this turn | 300 sec total\n|\n|t:|1783559329\n|-terastallize|p1a: Cryogonal|Electric\n|move|p1a: Cryogonal|Tera Blast|p2a: Trevenant|[anim] Tera Blast Electric\n|-resisted|p2a: Trevenant\n|-damage|p2a: Trevenant|37/296\n|move|p2a: Trevenant|Drain Punch|p1a: Cryogonal\n|-damage|p1a: Cryogonal|18/100\n|-heal|p2a: Trevenant|102/296|[from] drain|[of] p1a: Cryogonal\n|-damage|p2a: Trevenant|73/296|[from] item: Life Orb\n|\n|upkeep\n|turn|49\n|inactive|Time left: 300 sec this turn | 300 sec total\n|\n|t:|1783559330\n|switch|p2a: Gastrodon|Gastrodon-East, L86, F|314/331\n|move|p1a: Cryogonal|Tera Blast|p2a: Gastrodon|[anim] Tera Blast Electric\n|-immune|p2a: Gastrodon\n|\n|-heal|p2a: Gastrodon|331/331|[from] item: Leftovers\n|upkeep\n|turn|50\n|inactive|Time left: 300 sec this turn | 300 sec total\n|\n|t:|1783559331\n|switch|p2a: Trevenant|Trevenant, L89, F|73/296\n|move|p1a: Cryogonal|Recover|p1a: Cryogonal\n|-heal|p1a: Cryogonal|68/100\n|\n|upkeep\n|turn|51\n|inactive|Time left: 300 sec this turn | 300 sec total\n|\n|t:|1783559332\n|move|p1a: Cryogonal|Tera Blast|p2a: Trevenant|[anim] Tera Blast Electric\n|-resisted|p2a: Trevenant\n|-damage|p2a: Trevenant|24/296\n|move|p2a: Trevenant|Drain Punch|p1a: Cryogonal\n|-damage|p1a: Cryogonal|24/100\n|-heal|p2a: Trevenant|88/296|[from] drain|[of] p1a: Cryogonal\n|-damage|p2a: Trevenant|59/296|[from] item: Life Orb\n|\n|upkeep\n|turn|52\n|inactive|Time left: 300 sec this turn | 300 sec total\n|\n|t:|1783559333\n|switch|p2a: Gastrodon|Gastrodon-East, L86, F|331/331\n|move|p1a: Cryogonal|Tera Blast|p2a: Gastrodon|[anim] Tera Blast Electric\n|-immune|p2a: Gastrodon\n|\n|upkeep\n|turn|53\n|inactive|Time left: 300 sec this turn | 300 sec total\n|\n|t:|1783559334\n|switch|p2a: Trevenant|Trevenant, L89, F|59/296\n|move|p1a: Cryogonal|Recover|p1a: Cryogonal\n|-heal|p1a: Cryogonal|74/100\n|\n|upkeep\n|turn|54\n|inactive|Time left: 300 sec this turn | 300 sec total\n|\n|t:|1783559335\n|move|p1a: Cryogonal|Tera Blast|p2a: Trevenant|[anim] Tera Blast Electric\n|-resisted|p2a: Trevenant\n|-damage|p2a: Trevenant|15/296\n|move|p2a: Trevenant|Drain Punch|p1a: Cryogonal\n|-damage|p1a: Cryogonal|32/100\n|-heal|p2a: Trevenant|76/296|[from] drain|[of] p1a: Cryogonal\n|-damage|p2a: Trevenant|47/296|[from] item: Life Orb\n|\n|upkeep\n|turn|55\n|inactive|Time left: 300 sec this turn | 300 sec total\n|\n|t:|1783559336\n|switch|p2a: Gastrodon|Gastrodon-East, L86, F|331/331\n|move|p1a: Cryogonal|Tera Blast|p2a: Gastrodon|[anim] Tera Blast Electric\n|-immune|p2a: Gastrodon\n|\n|upkeep\n|turn|56\n|inactive|Time left: 300 sec this turn | 300 sec total\n|\n|t:|1783559337\n|switch|p2a: Trevenant|Trevenant, L89, F|47/296\n|move|p1a: Cryogonal|Tera Blast|p2a: Trevenant|[anim] Tera Blast Electric\n|-resisted|p2a: Trevenant\n|-damage|p2a: Trevenant|2/296\n|\n|upkeep\n|turn|57\n|inactive|Time left: 300 sec this turn | 300 sec total\n|\n|t:|1783559338\n|switch|p2a: Gastrodon|Gastrodon-East, L86, F|331/331\n|move|p1a: Cryogonal|Tera Blast|p2a: Gastrodon|[anim] Tera Blast Electric\n|-immune|p2a: Gastrodon\n|\n|upkeep\n|turn|58\n|inactive|Time left: 300 sec this turn | 300 sec total\n|\n|t:|1783559339\n|switch|p1a: Arboliva|Arboliva, L91, F|81/100 psn\n|move|p2a: Gastrodon|Clear Smog|p1a: Arboliva\n|-supereffective|p1a: Arboliva\n|-damage|p1a: Arboliva|61/100 psn\n|-clearboost|p1a: Arboliva\n|-fieldstart|move: Grassy Terrain|[from] ability: Seed Sower|[of] p1a: Arboliva\n|\n|-heal|p1a: Arboliva|67/100 psn|[from] Grassy Terrain\n|-damage|p1a: Arboliva|55/100 psn|[from] psn\n|upkeep\n|turn|59\n|inactive|Time left: 300 sec this turn | 300 sec total\n|\n|t:|1783559340\n|move|p1a: Arboliva|Strength Sap|p2a: Gastrodon\n|-unboost|p2a: Gastrodon|atk|1\n|-heal|p1a: Arboliva|100/100 psn\n|move|p2a: Gastrodon|Surf|p1a: Arboliva\n|-resisted|p1a: Arboliva\n|-damage|p1a: Arboliva|88/100 psn\n|\n|-heal|p1a: Arboliva|95/100 psn|[from] Grassy Terrain\n|-damage|p1a: Arboliva|82/100 psn|[from] psn\n|upkeep\n|turn|60\n|inactive|Time left: 300 sec this turn | 300 sec total\n|\n|t:|1783559341\n|switch|p2a: Trevenant|Trevenant, L89, F|2/296\n|move|p1a: Arboliva|Energy Ball|p2a: Trevenant\n|-resisted|p2a: Trevenant\n|-damage|p2a: Trevenant|0 fnt\n|faint|p2a: Trevenant\n|\n|-heal|p1a: Arboliva|88/100 psn|[from] Grassy Terrain\n|-damage|p1a: Arboliva|76/100 psn|[from] psn\n|upkeep\n|inactive|Time left: 300 sec this turn | 300 sec total | 5 sec grace\n|\n|t:|1783559342\n|switch|p2a: Gastrodon|Gastrodon-East, L86, F|331/331\n|turn|61\n|inactive|Time left: 300 sec this turn | 300 sec total\n|\n|t:|1783559343\n|move|p1a: Arboliva|Energy Ball|p2a: Gastrodon\n|-supereffective|p2a: Gastrodon\n|-damage|p2a: Gastrodon|0 fnt\n|faint|p2a: Gastrodon\n|\n|win|p0x1663cb0b", "uploadtime": 1783559343, "views": 0, "rating": 0, "private": 0, "password": null, "_winner": "p0x1663cb0b", "_our_name": "p0y1663709d"}