{"id": "battle-gen9randombattle-2815", "formatid": "gen9randombattle", "format": "[Gen 9] Random Battle", "players": ["p0x28154880", "p0y2815184b"], "log": "|init|battle\n|title|p0x28154880 vs. p0y2815184b\n|j|\u2606p0x28154880\n|j|\u2606p0y2815184b\n|t:|1783572437\n|gametype|singles\n|player|p1|p0x28154880|265|\n|player|p2|p0y2815184b|102|\n|gen|9\n|tier|[Gen 9] Random Battle\n|rule|Species Clause: Limit one of each Pok\u00e9mon\n|rule|HP Percentage Mod: HP is shown in percentages\n|rule|Sleep Clause Mod: Limit one foe put to sleep\n|rule|Illusion Level Mod: Illusion disguises the Pok\u00e9mon's true level\n|\n|t:|1783572437\n|teamsize|p1|6\n|teamsize|p2|6\n|start\n|switch|p1a: Florges|Florges, L85, F|100/100\n|switch|p2a: Malamar|Malamar, L82, M|275/275\n|turn|1\n|inactive|Battle timer is ON: inactive players will automatically lose when time's up. (requested by p0x28154880)\n|inactive|Time left: 300 sec this turn | 300 sec total | 60 sec grace\n|inactive|p0y2815184b also wants the timer to be on.\n|\n|t:|1783572438\n|switch|p2a: Rhydon|Rhydon, L85, F|317/317\n|move|p1a: Florges|Moonblast|p2a: Rhydon\n|-damage|p2a: Rhydon|187/317\n|\n|upkeep\n|turn|2\n|inactive|Time left: 300 sec this turn | 300 sec total\n|\n|t:|1783572440\n|move|p1a: Florges|Moonblast|p2a: Rhydon\n|-damage|p2a: Rhydon|73/317\n|move|p2a: Rhydon|Earthquake|p1a: Florges\n|-damage|p1a: Florges|44/100\n|\n|-heal|p1a: Florges|50/100|[from] item: Leftovers\n|upkeep\n|turn|3\n|inactive|Time left: 300 sec this turn | 300 sec total\n|\n|t:|1783572440\n|move|p1a: Florges|Moonblast|p2a: Rhydon\n|-damage|p2a: Rhydon|0 fnt\n|faint|p2a: Rhydon\n|\n|-heal|p1a: Florges|56/100|[from] item: Leftovers\n|upkeep\n|inactive|Time left: 300 sec this turn | 300 sec total | 5 sec grace\n|\n|t:|1783572441\n|switch|p2a: Sneasler|Sneasler, L74, F|240/240\n|turn|4\n|inactive|Time left: 300 sec this turn | 300 sec total\n|\n|t:|1783572442\n|move|p2a: Sneasler|Dire Claw|p1a: Florges\n|-supereffective|p1a: Florges\n|-damage|p1a: Florges|0 fnt\n|faint|p1a: Florges\n|\n|upkeep\n|\n|t:|1783572443\n|switch|p1a: Iron Jugulis|Iron Jugulis, L77|100/100\n|turn|5\n|inactive|Time left: 300 sec this turn | 300 sec total\n|\n|t:|1783572444\n|move|p2a: Sneasler|Dire Claw|p1a: Iron Jugulis\n|-damage|p1a: Iron Jugulis|51/100\n|-status|p1a: Iron Jugulis|slp\n|cant|p1a: Iron Jugulis|slp\n|\n|upkeep\n|turn|6\n|inactive|Time left: 300 sec this turn | 300 sec total\n|\n|t:|1783572445\n|move|p2a: Sneasler|Dire Claw|p1a: Iron Jugulis\n|-damage|p1a: Iron Jugulis|0 fnt\n|faint|p1a: Iron Jugulis\n|-end|p1a: Iron Jugulis|Quark Drive|[silent]\n|\n|upkeep\n|\n|t:|1783572446\n|switch|p1a: Appletun|Appletun, L92, M|100/100\n|turn|7\n|inactive|Time left: 300 sec this turn | 300 sec total\n|\n|t:|1783572447\n|-terastallize|p1a: Appletun|Steel\n|move|p2a: Sneasler|Dire Claw|p1a: Appletun\n|-immune|p1a: Appletun\n|move|p1a: Appletun|Dragon Pulse|p2a: Sneasler\n|-damage|p2a: Sneasler|101/240\n|\n|upkeep\n|turn|8\n|inactive|Time left: 300 sec this turn | 300 sec total\n|\n|t:|1783572448\n|switch|p2a: Malamar|Malamar, L82, M|275/275\n|move|p1a: Appletun|Dragon Pulse|p2a: Malamar\n|-damage|p2a: Malamar|155/275\n|\n|-heal|p2a: Malamar|172/275|[from] item: Leftovers\n|upkeep\n|turn|9\n|inactive|Time left: 300 sec this turn | 300 sec total\n|\n|t:|1783572449\n|move|p2a: Malamar|Superpower|p1a: Appletun\n|-supereffective|p1a: Appletun\n|-damage|p1a: Appletun|58/100\n|-boost|p2a: Malamar|atk|1\n|-boost|p2a: Malamar|def|1\n|move|p1a: Appletun|Dragon Tail|p2a: Malamar\n|-damage|p2a: Malamar|124/275\n|drag|p2a: Sneasler|Sneasler, L74, F|101/240\n|\n|-heal|p1a: Appletun|64/100|[from] item: Leftovers\n|upkeep\n|turn|10\n|inactive|Time left: 300 sec this turn | 300 sec total\n|\n|t:|1783572450\n|switch|p1a: Dedenne|Dedenne, L88, F|100/100\n|move|p2a: Sneasler|Close Combat|p1a: Dedenne\n|-resisted|p1a: Dedenne\n|-damage|p1a: Dedenne|58/100\n|-unboost|p2a: Sneasler|def|1\n|-unboost|p2a: Sneasler|spd|1\n|-status|p1a: Dedenne|psn|[from] ability: Poison Touch|[of] p2a: Sneasler\n|\n|-damage|p1a: Dedenne|46/100 psn|[from] psn\n|upkeep\n|-enditem|p1a: Dedenne|Sitrus Berry|[eat]\n|-heal|p1a: Dedenne|71/100 psn|[from] item: Sitrus Berry\n|-heal|p1a: Dedenne|100/100 psn|[from] ability: Cheek Pouch\n|turn|11\n|inactive|Time left: 300 sec this turn | 300 sec total\n|\n|t:|1783572451\n|switch|p2a: Qwilfish|Qwilfish-Hisui, L83, F|244/244\n|-ability|p2a: Qwilfish|Intimidate|boost\n|-unboost|p1a: Dedenne|atk|1\n|move|p1a: Dedenne|Thunderbolt|p2a: Qwilfish\n|-damage|p2a: Qwilfish|156/244\n|\n|-damage|p1a: Dedenne|88/100 psn|[from] psn\n|upkeep\n|turn|12\n|inactive|Time left: 300 sec this turn | 300 sec total\n|\n|t:|1783572452\n|switch|p1a: Appletun|Appletun, L92, M, tera:Steel|64/100\n|move|p2a: Qwilfish|Spikes|p1a: Appletun\n|-sidestart|p1: p0x28154880|Spikes\n|\n|-heal|p1a: Appletun|70/100|[from] item: Leftovers\n|upkeep\n|turn|13\n|inactive|Time left: 300 sec this turn | 300 sec total\n|\n|t:|1783572453\n|move|p2a: Qwilfish|Crunch|p1a: Appletun\n|-damage|p1a: Appletun|49/100\n|move|p1a: Appletun|Dragon Pulse|p2a: Qwilfish\n|-damage|p2a: Qwilfish|44/244\n|\n|-heal|p1a: Appletun|55/100|[from] item: Leftovers\n|upkeep\n|turn|14\n|inactive|Time left: 300 sec this turn | 300 sec total\n|\n|t:|1783572454\n|move|p2a: Qwilfish|Toxic Spikes|p1a: Appletun\n|-sidestart|p1: p0x28154880|move: Toxic Spikes\n|move|p1a: Appletun|Recover|p1a: Appletun\n|-heal|p1a: Appletun|100/100\n|\n|upkeep\n|turn|15\n|inactive|Time left: 300 sec this turn | 300 sec total\n|\n|t:|1783572455\n|move|p2a: Qwilfish|Spikes|p1a: Appletun\n|-sidestart|p1: p0x28154880|Spikes\n|move|p1a: Appletun|Dragon Pulse|p2a: Qwilfish\n|-damage|p2a: Qwilfish|0 fnt\n|faint|p2a: Qwilfish\n|\n|upkeep\n|inactive|Time left: 300 sec this turn | 300 sec total | 5 sec grace\n|\n|t:|1783572456\n|switch|p2a: Sneasler|Sneasler, L74, F|101/240\n|turn|16\n|inactive|Time left: 300 sec this turn | 300 sec total\n|\n|t:|1783572457\n|move|p2a: Sneasler|Close Combat|p1a: Appletun\n|-supereffective|p1a: Appletun\n|-damage|p1a: Appletun|0 fnt\n|-unboost|p2a: Sneasler|def|1\n|-unboost|p2a: Sneasler|spd|1\n|faint|p1a: Appletun\n|\n|upkeep\n|\n|t:|1783572457\n|switch|p1a: Dedenne|Dedenne, L88, F|88/100 psn\n|-damage|p1a: Dedenne|72/100 psn|[from] Spikes\n|turn|17\n|inactive|Time left: 300 sec this turn | 300 sec total\n|\n|t:|1783572458\n|switch|p2a: Arceus|Arceus-Psychic, L70|284/284\n|move|p1a: Dedenne|Dazzling Gleam|p2a: Arceus\n|-damage|p2a: Arceus|212/284\n|\n|-damage|p1a: Dedenne|60/100 psn|[from] psn\n|upkeep\n|turn|18\n|inactive|Time left: 300 sec this turn | 300 sec total\n|\n|t:|1783572459\n|move|p1a: Dedenne|Nuzzle|p2a: Arceus\n|-damage|p2a: Arceus|196/284\n|-status|p2a: Arceus|par\n|move|p2a: Arceus|Cosmic Power|p2a: Arceus\n|-boost|p2a: Arceus|def|1\n|-boost|p2a: Arceus|spd|1\n|\n|-damage|p1a: Dedenne|47/100 psn|[from] psn\n|upkeep\n|turn|19\n|inactive|Time left: 300 sec this turn | 300 sec total\n|\n|t:|1783572460\n|move|p1a: Dedenne|Super Fang|p2a: Arceus\n|-damage|p2a: Arceus|98/284 par\n|cant|p2a: Arceus|par\n|\n|-damage|p1a: Dedenne|35/100 psn|[from] psn\n|upkeep\n|turn|20\n|inactive|Time left: 300 sec this turn | 300 sec total\n|\n|t:|1783572461\n|move|p1a: Dedenne|Thunderbolt|p2a: Arceus\n|-damage|p2a: Arceus|40/284 par\n|move|p2a: Arceus|Recover|p2a: Arceus\n|-heal|p2a: Arceus|182/284 par\n|\n|-damage|p1a: Dedenne|23/100 psn|[from] psn\n|upkeep\n|turn|21\n|inactive|Time left: 300 sec this turn | 300 sec total\n|\n|t:|1783572462\n|move|p1a: Dedenne|Super Fang|p2a: Arceus|[miss]\n|-miss|p1a: Dedenne|p2a: Arceus\n|move|p2a: Arceus|Recover|p2a: Arceus\n|-heal|p2a: Arceus|284/284 par\n|\n|-damage|p1a: Dedenne|10/100 psn|[from] psn\n|upkeep\n|turn|22\n|inactive|Time left: 300 sec this turn | 300 sec total\n|\n|t:|1783572463\n|move|p1a: Dedenne|Super Fang|p2a: Arceus|[miss]\n|-miss|p1a: Dedenne|p2a: Arceus\n|cant|p2a: Arceus|par\n|\n|-damage|p1a: Dedenne|0 fnt|[from] psn\n|faint|p1a: Dedenne\n|upkeep\n|\n|t:|1783572464\n|switch|p1a: Suicune|Suicune, L82|100/100\n|-damage|p1a: Suicune|84/100|[from] Spikes\n|-status|p1a: Suicune|psn\n|-ability|p1a: Suicune|Pressure\n|turn|23\n|inactive|Time left: 300 sec this turn | 300 sec total\n|\n|t:|1783572465\n|move|p1a: Suicune|Calm Mind|p1a: Suicune\n|-boost|p1a: Suicune|spa|1\n|-boost|p1a: Suicune|spd|1\n|move|p2a: Arceus|Cosmic Power|p2a: Arceus\n|-boost|p2a: Arceus|def|1\n|-boost|p2a: Arceus|spd|1\n|\n|-heal|p1a: Suicune|90/100 psn|[from] item: Leftovers\n|-damage|p1a: Suicune|78/100 psn|[from] psn\n|upkeep\n|turn|24\n|inactive|Time left: 300 sec this turn | 300 sec total\n|\n|t:|1783572466\n|move|p1a: Suicune|Calm Mind|p1a: Suicune\n|-boost|p1a: Suicune|spa|1\n|-boost|p1a: Suicune|spd|1\n|move|p2a: Arceus|Body Press|p1a: Suicune\n|-damage|p1a: Suicune|53/100 psn\n|\n|-heal|p1a: Suicune|59/100 psn|[from] item: Leftovers\n|-damage|p1a: Suicune|46/100 psn|[from] psn\n|upkeep\n|turn|25\n|inactive|Time left: 300 sec this turn | 300 sec total\n|\n|t:|1783572467\n|move|p1a: Suicune|Protect|p1a: Suicune\n|-singleturn|p1a: Suicune|Protect\n|move|p2a: Arceus|Body Press|p1a: Suicune\n|-activate|p1a: Suicune|move: Protect\n|\n|-heal|p1a: Suicune|53/100 psn|[from] item: Leftovers\n|-damage|p1a: Suicune|40/100 psn|[from] psn\n|upkeep\n|turn|26\n|inactive|Time left: 300 sec this turn | 300 sec total\n|\n|t:|1783572468\n|move|p1a: Suicune|Protect||[still]\n|-fail|p1a: Suicune\n|cant|p2a: Arceus|par\n|\n|-heal|p1a: Suicune|46/100 psn|[from] item: Leftovers\n|-damage|p1a: Suicune|34/100 psn|[from] psn\n|upkeep\n|turn|27\n|inactive|Time left: 300 sec this turn | 300 sec total\n|\n|t:|1783572469\n|move|p1a: Suicune|Protect|p1a: Suicune\n|-singleturn|p1a: Suicune|Protect\n|move|p2a: Arceus|Body Press|p1a: Suicune\n|-activate|p1a: Suicune|move: Protect\n|\n|-heal|p1a: Suicune|40/100 psn|[from] item: Leftovers\n|-damage|p1a: Suicune|27/100 psn|[from] psn\n|upkeep\n|turn|28\n|inactive|Time left: 300 sec this turn | 300 sec total\n|\n|t:|1783572469\n|move|p1a: Suicune|Scald|p2a: Arceus\n|-damage|p2a: Arceus|211/284 par\n|move|p2a: Arceus|Body Press|p1a: Suicune\n|-damage|p1a: Suicune|2/100 psn\n|\n|-heal|p1a: Suicune|8/100 psn|[from] item: Leftovers\n|-damage|p1a: Suicune|0 fnt|[from] psn\n|faint|p1a: Suicune\n|upkeep\n|\n|t:|1783572470\n|switch|p1a: Lanturn|Lanturn, L89, F|100/100\n|-damage|p1a: Lanturn|84/100|[from] Spikes\n|-status|p1a: Lanturn|psn\n|turn|29\n|inactive|Time left: 300 sec this turn | 300 sec total\n|\n|t:|1783572471\n|move|p1a: Lanturn|Thunderbolt|p2a: Arceus\n|-damage|p2a: Arceus|169/284 par\n|move|p2a: Arceus|Stored Power|p1a: Lanturn\n|-damage|p1a: Lanturn|54/100 psn\n|\n|-heal|p1a: Lanturn|60/100 psn|[from] item: Leftovers\n|-damage|p1a: Lanturn|47/100 psn|[from] psn\n|upkeep\n|turn|30\n|inactive|Time left: 300 sec this turn | 300 sec total\n|\n|t:|1783572472\n|move|p1a: Lanturn|Thunder Wave|p2a: Arceus\n|-fail|p2a: Arceus|par\n|move|p2a: Arceus|Stored Power|p1a: Lanturn\n|-damage|p1a: Lanturn|18/100 psn\n|\n|-heal|p1a: Lanturn|24/100 psn|[from] item: Leftovers\n|-damage|p1a: Lanturn|11/100 psn|[from] psn\n|upkeep\n|turn|31\n|inactive|Time left: 300 sec this turn | 300 sec total\n|\n|t:|1783572472\n|move|p1a: Lanturn|Ice Beam|p2a: Arceus\n|-damage|p2a: Arceus|143/284 par\n|move|p2a: Arceus|Cosmic Power|p2a: Arceus\n|-boost|p2a: Arceus|def|1\n|-boost|p2a: Arceus|spd|1\n|\n|-heal|p1a: Lanturn|17/100 psn|[from] item: Leftovers\n|-damage|p1a: Lanturn|5/100 psn|[from] psn\n|upkeep\n|turn|32\n|inactive|Time left: 300 sec this turn | 300 sec total\n|\n|t:|1783572473\n|switch|p2a: Galvantula|Galvantula, L82, F|249/249\n|move|p1a: Lanturn|Ice Beam|p2a: Galvantula\n|-damage|p2a: Galvantula|170/249\n|\n|-heal|p1a: Lanturn|11/100 psn|[from] item: Leftovers\n|-damage|p1a: Lanturn|0 fnt|[from] psn\n|faint|p1a: Lanturn\n|\n|win|p0y2815184b", "uploadtime": 1783572473, "views": 0, "rating": 0, "private": 0, "password": null, "_winner": "p0y2815184b", "_our_name": "p0y2815184b"}