{"id": "battle-gen9randombattle-232", "formatid": "gen9randombattle", "format": "[Gen 9] Random Battle", "players": ["p0x2321c2b", "p0y23254ca"], "log": "|init|battle\n|title|p0x2321c2b vs. p0y23254ca\n|j|\u2606p0x2321c2b\n|j|\u2606p0y23254ca\n|t:|1783542268\n|gametype|singles\n|player|p1|p0x2321c2b|1|\n|player|p2|p0y23254ca|1|\n|gen|9\n|tier|[Gen 9] Random Battle\n|rule|Species Clause: Limit one of each Pok\u00e9mon\n|rule|HP Percentage Mod: HP is shown in percentages\n|rule|Sleep Clause Mod: Limit one foe put to sleep\n|rule|Illusion Level Mod: Illusion disguises the Pok\u00e9mon's true level\n|\n|t:|1783542268\n|teamsize|p1|6\n|teamsize|p2|6\n|start\n|switch|p1a: Haxorus|Haxorus, L77, F|244/244\n|switch|p2a: Porygon2|Porygon2, L81|100/100\n|-ability|p1a: Haxorus|Mold Breaker\n|-ability|p2a: Porygon2|Download|boost\n|-boost|p2a: Porygon2|spa|1\n|turn|1\n|inactive|Battle timer is ON: inactive players will automatically lose when time's up. (requested by p0x2321c2b)\n|inactive|p0y23254ca also wants the timer to be on.\n|\n|t:|1783542270\n|switch|p1a: Spiritomb|Spiritomb, L89, F|234/234\n|move|p2a: Porygon2|Ice Beam|p1a: Spiritomb\n|-damage|p1a: Spiritomb|154/234\n|\n|-heal|p1a: Spiritomb|168/234|[from] item: Leftovers\n|upkeep\n|turn|2\n|inactive|Time left: 300 sec this turn | 300 sec total\n|\n|t:|1783542271\n|move|p2a: Porygon2|Discharge|p1a: Spiritomb\n|-damage|p1a: Spiritomb|100/234\n|-status|p1a: Spiritomb|par\n|move|p1a: Spiritomb|Pain Split|p2a: Porygon2\n|-sethp|p2a: Porygon2|69/100|[from] move: Pain Split|[silent]\n|-sethp|p1a: Spiritomb|185/234 par|[from] move: Pain Split\n|\n|-heal|p1a: Spiritomb|199/234 par|[from] item: Leftovers\n|upkeep\n|turn|3\n|inactive|Time left: 300 sec this turn | 300 sec total\n|\n|t:|1783542272\n|move|p2a: Porygon2|Ice Beam|p1a: Spiritomb\n|-damage|p1a: Spiritomb|126/234 par\n|cant|p1a: Spiritomb|par\n|\n|-heal|p1a: Spiritomb|140/234 par|[from] item: Leftovers\n|upkeep\n|turn|4\n|inactive|Time left: 300 sec this turn | 300 sec total\n|\n|t:|1783542273\n|move|p2a: Porygon2|Ice Beam|p1a: Spiritomb\n|-damage|p1a: Spiritomb|61/234 par\n|cant|p1a: Spiritomb|par\n|\n|-heal|p1a: Spiritomb|75/234 par|[from] item: Leftovers\n|upkeep\n|turn|5\n|inactive|Time left: 300 sec this turn | 300 sec total\n|\n|t:|1783542274\n|move|p2a: Porygon2|Ice Beam|p1a: Spiritomb\n|-damage|p1a: Spiritomb|1/234 par\n|move|p1a: Spiritomb|Pain Split|p2a: Porygon2\n|-sethp|p2a: Porygon2|35/100|[from] move: Pain Split|[silent]\n|-sethp|p1a: Spiritomb|93/234 par|[from] move: Pain Split\n|\n|-heal|p1a: Spiritomb|107/234 par|[from] item: Leftovers\n|upkeep\n|turn|6\n|inactive|Time left: 300 sec this turn | 300 sec total\n|\n|t:|1783542275\n|move|p2a: Porygon2|Recover|p2a: Porygon2\n|-heal|p2a: Porygon2|85/100\n|move|p1a: Spiritomb|Pain Split|p2a: Porygon2\n|-sethp|p2a: Porygon2|62/100|[from] move: Pain Split|[silent]\n|-sethp|p1a: Spiritomb|167/234 par|[from] move: Pain Split\n|\n|-heal|p1a: Spiritomb|181/234 par|[from] item: Leftovers\n|upkeep\n|turn|7\n|inactive|Time left: 300 sec this turn | 300 sec total\n|\n|t:|1783542276\n|move|p2a: Porygon2|Ice Beam|p1a: Spiritomb\n|-damage|p1a: Spiritomb|110/234 par\n|move|p1a: Spiritomb|Poltergeist|p2a: Porygon2\n|-immune|p2a: Porygon2\n|\n|-heal|p1a: Spiritomb|124/234 par|[from] item: Leftovers\n|upkeep\n|turn|8\n|inactive|Time left: 300 sec this turn | 300 sec total\n|\n|t:|1783542277\n|move|p2a: Porygon2|Discharge|p1a: Spiritomb\n|-damage|p1a: Spiritomb|53/234 par\n|move|p1a: Spiritomb|Pain Split|p2a: Porygon2\n|-sethp|p2a: Porygon2|41/100|[from] move: Pain Split|[silent]\n|-sethp|p1a: Spiritomb|110/234 par|[from] move: Pain Split\n|\n|-heal|p1a: Spiritomb|124/234 par|[from] item: Leftovers\n|upkeep\n|turn|9\n|inactive|Time left: 300 sec this turn | 300 sec total\n|\n|t:|1783542278\n|move|p2a: Porygon2|Recover|p2a: Porygon2\n|-heal|p2a: Porygon2|91/100\n|cant|p1a: Spiritomb|par\n|\n|-heal|p1a: Spiritomb|138/234 par|[from] item: Leftovers\n|upkeep\n|turn|10\n|inactive|Time left: 300 sec this turn | 300 sec total\n|\n|t:|1783542279\n|move|p2a: Porygon2|Ice Beam|p1a: Spiritomb\n|-damage|p1a: Spiritomb|64/234 par\n|move|p1a: Spiritomb|Pain Split|p2a: Porygon2\n|-sethp|p2a: Porygon2|58/100|[from] move: Pain Split|[silent]\n|-sethp|p1a: Spiritomb|154/234 par|[from] move: Pain Split\n|\n|-heal|p1a: Spiritomb|168/234 par|[from] item: Leftovers\n|upkeep\n|turn|11\n|inactive|Time left: 300 sec this turn | 300 sec total\n|\n|t:|1783542280\n|move|p2a: Porygon2|Ice Beam|p1a: Spiritomb\n|-damage|p1a: Spiritomb|91/234 par\n|move|p1a: Spiritomb|Pain Split|p2a: Porygon2\n|-sethp|p2a: Porygon2|46/100|[from] move: Pain Split|[silent]\n|-sethp|p1a: Spiritomb|122/234 par|[from] move: Pain Split\n|\n|-heal|p1a: Spiritomb|136/234 par|[from] item: Leftovers\n|upkeep\n|turn|12\n|inactive|Time left: 300 sec this turn | 300 sec total\n|\n|t:|1783542281\n|move|p2a: Porygon2|Ice Beam|p1a: Spiritomb\n|-damage|p1a: Spiritomb|56/234 par\n|cant|p1a: Spiritomb|par\n|\n|-heal|p1a: Spiritomb|70/234 par|[from] item: Leftovers\n|upkeep\n|turn|13\n|inactive|Time left: 300 sec this turn | 300 sec total\n|\n|t:|1783542282\n|switch|p1a: Porygon2|Porygon2, L81|270/270\n|-ability|p1a: Porygon2|Download|boost\n|-boost|p1a: Porygon2|atk|1\n|move|p2a: Porygon2|Ice Beam|p1a: Porygon2\n|-damage|p1a: Porygon2|207/270\n|\n|upkeep\n|turn|14\n|inactive|Time left: 300 sec this turn | 300 sec total\n|\n|t:|1783542284\n|move|p2a: Porygon2|Recover|p2a: Porygon2\n|-heal|p2a: Porygon2|96/100\n|move|p1a: Porygon2|Ice Beam|p2a: Porygon2\n|-damage|p2a: Porygon2|79/100\n|\n|upkeep\n|turn|15\n|inactive|Time left: 300 sec this turn | 300 sec total\n|\n|t:|1783542285\n|move|p1a: Porygon2|Recover|p1a: Porygon2\n|-heal|p1a: Porygon2|270/270\n|move|p2a: Porygon2|Discharge|p1a: Porygon2\n|-damage|p1a: Porygon2|213/270\n|\n|upkeep\n|turn|16\n|inactive|Time left: 300 sec this turn | 300 sec total\n|\n|t:|1783542287\n|move|p1a: Porygon2|Recover|p1a: Porygon2\n|-heal|p1a: Porygon2|270/270\n|move|p2a: Porygon2|Discharge|p1a: Porygon2\n|-damage|p1a: Porygon2|215/270\n|\n|upkeep\n|turn|17\n|inactive|Time left: 300 sec this turn | 300 sec total\n|\n|t:|1783542288\n|move|p1a: Porygon2|Ice Beam|p2a: Porygon2\n|-damage|p2a: Porygon2|65/100\n|-status|p2a: Porygon2|frz\n|cant|p2a: Porygon2|frz\n|\n|upkeep\n|turn|18\n|inactive|Time left: 300 sec this turn | 300 sec total\n|\n|t:|1783542289\n|cant|p2a: Porygon2|frz\n|move|p1a: Porygon2|Tri Attack|p2a: Porygon2\n|-damage|p2a: Porygon2|46/100 frz\n|\n|upkeep\n|turn|19\n|inactive|Time left: 300 sec this turn | 300 sec total\n|\n|t:|1783542290\n|cant|p2a: Porygon2|frz\n|move|p1a: Porygon2|Tri Attack|p2a: Porygon2\n|-damage|p2a: Porygon2|26/100 frz\n|\n|upkeep\n|turn|20\n|inactive|Time left: 300 sec this turn | 300 sec total\n|\n|t:|1783542292\n|-curestatus|p2a: Porygon2|frz|[msg]\n|move|p2a: Porygon2|Recover|p2a: Porygon2\n|-heal|p2a: Porygon2|76/100\n|move|p1a: Porygon2|Tri Attack|p2a: Porygon2\n|-damage|p2a: Porygon2|56/100\n|\n|upkeep\n|turn|21\n|inactive|Time left: 300 sec this turn | 300 sec total\n|\n|t:|1783542293\n|move|p2a: Porygon2|Recover|p2a: Porygon2\n|-heal|p2a: Porygon2|100/100\n|move|p1a: Porygon2|Discharge|p2a: Porygon2\n|-damage|p2a: Porygon2|86/100\n|\n|upkeep\n|turn|22\n|inactive|Time left: 300 sec this turn | 300 sec total\n|\n|t:|1783542294\n|move|p2a: Porygon2|Ice Beam|p1a: Porygon2\n|-damage|p1a: Porygon2|150/270\n|move|p1a: Porygon2|Ice Beam|p2a: Porygon2\n|-damage|p2a: Porygon2|70/100\n|\n|upkeep\n|turn|23\n|inactive|Time left: 300 sec this turn | 300 sec total\n|\n|t:|1783542295\n|move|p1a: Porygon2|Recover|p1a: Porygon2\n|-heal|p1a: Porygon2|270/270\n|move|p2a: Porygon2|Recover|p2a: Porygon2\n|-heal|p2a: Porygon2|100/100\n|\n|upkeep\n|turn|24\n|inactive|Time left: 300 sec this turn | 300 sec total\n|\n|t:|1783542296\n|move|p1a: Porygon2|Tri Attack|p2a: Porygon2\n|-damage|p2a: Porygon2|81/100\n|-status|p2a: Porygon2|par\n|cant|p2a: Porygon2|par\n|\n|upkeep\n|turn|25\n|inactive|Time left: 300 sec this turn | 300 sec total\n|\n|t:|1783542297\n|move|p1a: Porygon2|Discharge|p2a: Porygon2\n|-damage|p2a: Porygon2|66/100 par\n|move|p2a: Porygon2|Discharge|p1a: Porygon2\n|-crit|p1a: Porygon2\n|-damage|p1a: Porygon2|189/270\n|\n|upkeep\n|turn|26\n|inactive|Time left: 300 sec this turn | 300 sec total\n|\n|t:|1783542298\n|move|p1a: Porygon2|Recover|p1a: Porygon2\n|-heal|p1a: Porygon2|270/270\n|move|p2a: Porygon2|Ice Beam|p1a: Porygon2\n|-damage|p1a: Porygon2|205/270\n|\n|upkeep\n|turn|27\n|inactive|Time left: 300 sec this turn | 300 sec total\n|\n|t:|1783542299\n|move|p1a: Porygon2|Recover|p1a: Porygon2\n|-heal|p1a: Porygon2|270/270\n|move|p2a: Porygon2|Ice Beam|p1a: Porygon2\n|-damage|p1a: Porygon2|203/270\n|\n|upkeep\n|turn|28\n|inactive|Time left: 300 sec this turn | 300 sec total\n|\n|t:|1783542300\n|move|p1a: Porygon2|Tri Attack|p2a: Porygon2\n|-damage|p2a: Porygon2|45/100 par\n|move|p2a: Porygon2|Discharge|p1a: Porygon2\n|-damage|p1a: Porygon2|147/270\n|-status|p1a: Porygon2|par\n|\n|upkeep\n|turn|29\n|inactive|Time left: 300 sec this turn | 300 sec total\n|\n|t:|1783542301\n|move|p1a: Porygon2|Recover|p1a: Porygon2\n|-heal|p1a: Porygon2|270/270 par\n|cant|p2a: Porygon2|par\n|\n|upkeep\n|turn|30\n|inactive|Time left: 300 sec this turn | 300 sec total\n|\n|t:|1783542302\n|move|p1a: Porygon2|Discharge|p2a: Porygon2\n|-damage|p2a: Porygon2|32/100 par\n|move|p2a: Porygon2|Recover|p2a: Porygon2\n|-heal|p2a: Porygon2|82/100 par\n|\n|upkeep\n|turn|31\n|inactive|Time left: 300 sec this turn | 300 sec total\n|\n|t:|1783542303\n|move|p2a: Porygon2|Discharge|p1a: Porygon2\n|-damage|p1a: Porygon2|210/270 par\n|cant|p1a: Porygon2|par\n|\n|upkeep\n|turn|32\n|inactive|Time left: 300 sec this turn | 300 sec total\n|\n|t:|1783542303\n|cant|p1a: Porygon2|par\n|move|p2a: Porygon2|Ice Beam|p1a: Porygon2\n|-damage|p1a: Porygon2|142/270 par\n|\n|upkeep\n|turn|33\n|inactive|Time left: 300 sec this turn | 300 sec total\n|\n|t:|1783542304\n|move|p1a: Porygon2|Recover|p1a: Porygon2\n|-heal|p1a: Porygon2|270/270 par\n|cant|p2a: Porygon2|par\n|\n|upkeep\n|turn|34\n|inactive|Time left: 300 sec this turn | 300 sec total\n|\n|t:|1783542305\n|cant|p1a: Porygon2|par\n|move|p2a: Porygon2|Discharge|p1a: Porygon2\n|-damage|p1a: Porygon2|213/270 par\n|\n|upkeep\n|turn|35\n|inactive|Time left: 300 sec this turn | 300 sec total\n|\n|t:|1783542306\n|cant|p2a: Porygon2|par\n|cant|p1a: Porygon2|par\n|\n|upkeep\n|turn|36\n|inactive|Time left: 300 sec this turn | 300 sec total\n|\n|t:|1783542307\n|move|p2a: Porygon2|Tri Attack|p1a: Porygon2\n|-damage|p1a: Porygon2|135/270 par\n|move|p1a: Porygon2|Discharge|p2a: Porygon2\n|-damage|p2a: Porygon2|68/100 par\n|\n|upkeep\n|turn|37\n|inactive|Time left: 300 sec this turn | 300 sec total\n|\n|t:|1783542308\n|cant|p2a: Porygon2|par\n|move|p1a: Porygon2|Recover|p1a: Porygon2\n|-heal|p1a: Porygon2|270/270 par\n|\n|upkeep\n|turn|38\n|inactive|Time left: 300 sec this turn | 300 sec total\n|\n|t:|1783542309\n|switch|p1a: Spiritomb|Spiritomb, L89, F|70/234 par\n|cant|p2a: Porygon2|par\n|\n|-heal|p1a: Spiritomb|84/234 par|[from] item: Leftovers\n|upkeep\n|turn|39\n|inactive|Time left: 300 sec this turn | 300 sec total\n|\n|t:|1783542310\n|cant|p2a: Porygon2|par\n|cant|p1a: Spiritomb|par\n|\n|-heal|p1a: Spiritomb|98/234 par|[from] item: Leftovers\n|upkeep\n|turn|40\n|inactive|Time left: 300 sec this turn | 300 sec total\n|\n|t:|1783542311\n|cant|p2a: Porygon2|par\n|move|p1a: Spiritomb|Pain Split|p2a: Porygon2\n|-sethp|p2a: Porygon2|52/100 par|[from] move: Pain Split|[silent]\n|-sethp|p1a: Spiritomb|140/234 par|[from] move: Pain Split\n|\n|-heal|p1a: Spiritomb|154/234 par|[from] item: Leftovers\n|upkeep\n|turn|41\n|inactive|Time left: 300 sec this turn | 300 sec total\n|\n|t:|1783542312\n|cant|p2a: Porygon2|par\n|move|p1a: Spiritomb|Foul Play|p2a: Porygon2\n|-damage|p2a: Porygon2|36/100 par\n|\n|-heal|p1a: Spiritomb|168/234 par|[from] item: Leftovers\n|upkeep\n|turn|42\n|inactive|Time left: 300 sec this turn | 300 sec total\n|\n|t:|1783542314\n|move|p2a: Porygon2|Ice Beam|p1a: Spiritomb\n|-damage|p1a: Spiritomb|89/234 par\n|move|p1a: Spiritomb|Foul Play|p2a: Porygon2\n|-damage|p2a: Porygon2|21/100 par\n|\n|-heal|p1a: Spiritomb|103/234 par|[from] item: Leftovers\n|upkeep\n|turn|43\n|inactive|Time left: 300 sec this turn | 300 sec total\n|\n|t:|1783542315\n|move|p2a: Porygon2|Recover|p2a: Porygon2\n|-heal|p2a: Porygon2|71/100 par\n|move|p1a: Spiritomb|Foul Play|p2a: Porygon2\n|-damage|p2a: Porygon2|54/100 par\n|\n|-heal|p1a: Spiritomb|117/234 par|[from] item: Leftovers\n|upkeep\n|turn|44\n|inactive|Time left: 300 sec this turn | 300 sec total\n|\n|t:|1783542316\n|move|p2a: Porygon2|Discharge|p1a: Spiritomb\n|-damage|p1a: Spiritomb|46/234 par\n|cant|p1a: Spiritomb|par\n|\n|-heal|p1a: Spiritomb|60/234 par|[from] item: Leftovers\n|upkeep\n|turn|45\n|inactive|Time left: 300 sec this turn | 300 sec total\n|\n|t:|1783542317\n|cant|p2a: Porygon2|par\n|move|p1a: Spiritomb|Pain Split|p2a: Porygon2\n|-sethp|p2a: Porygon2|38/100 par|[from] move: Pain Split|[silent]\n|-sethp|p1a: Spiritomb|102/234 par|[from] move: Pain Split\n|\n|-heal|p1a: Spiritomb|116/234 par|[from] item: Leftovers\n|upkeep\n|turn|46\n|inactive|Time left: 300 sec this turn | 300 sec total\n|\n|t:|1783542318\n|move|p2a: Porygon2|Ice Beam|p1a: Spiritomb\n|-damage|p1a: Spiritomb|43/234 par\n|move|p1a: Spiritomb|Pain Split|p2a: Porygon2\n|-sethp|p2a: Porygon2|27/100 par|[from] move: Pain Split|[silent]\n|-sethp|p1a: Spiritomb|72/234 par|[from] move: Pain Split\n|\n|-heal|p1a: Spiritomb|86/234 par|[from] item: Leftovers\n|upkeep\n|turn|47\n|inactive|Time left: 300 sec this turn | 300 sec total\n|\n|t:|1783542319\n|cant|p2a: Porygon2|par\n|move|p1a: Spiritomb|Poltergeist|p2a: Porygon2\n|-immune|p2a: Porygon2\n|\n|-heal|p1a: Spiritomb|100/234 par|[from] item: Leftovers\n|upkeep\n|turn|48\n|inactive|Time left: 300 sec this turn | 300 sec total\n|\n|t:|1783542320\n|move|p2a: Porygon2|Ice Beam|p1a: Spiritomb\n|-damage|p1a: Spiritomb|25/234 par\n|move|p1a: Spiritomb|Poltergeist|p2a: Porygon2\n|-immune|p2a: Porygon2\n|\n|-heal|p1a: Spiritomb|39/234 par|[from] item: Leftovers\n|upkeep\n|turn|49\n|inactive|Time left: 300 sec this turn | 300 sec total\n|\n|t:|1783542322\n|move|p2a: Porygon2|Discharge|p1a: Spiritomb\n|-damage|p1a: Spiritomb|0 fnt\n|faint|p1a: Spiritomb\n|\n|upkeep\n|inactive|Time left: 300 sec this turn | 300 sec total | 5 sec grace\n|\n|t:|1783542323\n|switch|p1a: Haxorus|Haxorus, L77, F|244/244\n|-ability|p1a: Haxorus|Mold Breaker\n|turn|50\n|inactive|Time left: 300 sec this turn | 300 sec total\n|\n|t:|1783542324\n|move|p1a: Haxorus|Scale Shot|p2a: Porygon2\n|-damage|p2a: Porygon2|19/100 par\n|-damage|p2a: Porygon2|12/100 par\n|-damage|p2a: Porygon2|3/100 par\n|-damage|p2a: Porygon2|0 fnt\n|faint|p2a: Porygon2\n|-hitcount|p2: Porygon2|4\n|-unboost|p1a: Haxorus|def|1\n|-boost|p1a: Haxorus|spe|1\n|\n|upkeep\n|\n|t:|1783542325\n|switch|p2a: Slither Wing|Slither Wing, L81|100/100\n|-enditem|p2a: Slither Wing|Booster Energy\n|-activate|p2a: Slither Wing|ability: Protosynthesis|[fromitem]\n|-start|p2a: Slither Wing|protosynthesisatk\n|turn|51\n|inactive|Time left: 300 sec this turn | 300 sec total\n|\n|t:|1783542326\n|move|p1a: Haxorus|Scale Shot|p2a: Slither Wing|[miss]\n|-miss|p1a: Haxorus|p2a: Slither Wing\n|move|p2a: Slither Wing|Close Combat|p1a: Haxorus\n|-damage|p1a: Haxorus|0 fnt\n|-unboost|p2a: Slither Wing|def|1\n|-unboost|p2a: Slither Wing|spd|1\n|faint|p1a: Haxorus\n|\n|upkeep\n|inactive|Time left: 300 sec this turn | 300 sec total | 5 sec grace\n|\n|t:|1783542327\n|switch|p1a: Girafarig|Girafarig, L89, F|269/269\n|turn|52\n|inactive|Time left: 300 sec this turn | 300 sec total\n|\n|t:|1783542328\n|-end|p2a: Slither Wing|Protosynthesis|[silent]\n|switch|p2a: Frosmoth|Frosmoth, L82, M|100/100\n|move|p1a: Girafarig|Nasty Plot|p1a: Girafarig\n|-boost|p1a: Girafarig|spa|2\n|\n|upkeep\n|turn|53\n|inactive|Time left: 300 sec this turn | 300 sec total\n|\n|t:|1783542330\n|move|p1a: Girafarig|Psyshock|p2a: Frosmoth\n|-damage|p2a: Frosmoth|56/100\n|move|p2a: Frosmoth|Quiver Dance|p2a: Frosmoth\n|-boost|p2a: Frosmoth|spa|1\n|-boost|p2a: Frosmoth|spd|1\n|-boost|p2a: Frosmoth|spe|1\n|\n|upkeep\n|turn|54\n|inactive|Time left: 300 sec this turn | 300 sec total\n|\n|t:|1783542331\n|-terastallize|p1a: Girafarig|Electric\n|move|p2a: Frosmoth|Bug Buzz|p1a: Girafarig\n|-damage|p1a: Girafarig|133/269\n|move|p1a: Girafarig|Psyshock|p2a: Frosmoth\n|-damage|p2a: Frosmoth|5/100\n|\n|upkeep\n|turn|55\n|inactive|Time left: 300 sec this turn | 300 sec total\n|\n|t:|1783542332\n|move|p2a: Frosmoth|Ice Beam|p1a: Girafarig\n|-damage|p1a: Girafarig|0 fnt\n|faint|p1a: Girafarig\n|\n|upkeep\n|inactive|Time left: 300 sec this turn | 300 sec total | 5 sec grace\n|\n|t:|1783542333\n|switch|p1a: Porygon2|Porygon2, L81|270/270 par\n|-ability|p1a: Porygon2|Download|boost\n|-boost|p1a: Porygon2|atk|1\n|turn|56\n|inactive|Time left: 300 sec this turn | 300 sec total\n|\n|t:|1783542334\n|move|p2a: Frosmoth|Bug Buzz|p1a: Porygon2\n|-damage|p1a: Porygon2|170/270 par\n|cant|p1a: Porygon2|par\n|\n|upkeep\n|turn|57\n|inactive|Time left: 300 sec this turn | 300 sec total\n|\n|t:|1783542335\n|move|p2a: Frosmoth|Bug Buzz|p1a: Porygon2\n|-damage|p1a: Porygon2|59/270 par\n|move|p1a: Porygon2|Tri Attack|p2a: Frosmoth\n|-damage|p2a: Frosmoth|0 fnt\n|faint|p2a: Frosmoth\n|\n|upkeep\n|\n|t:|1783542336\n|switch|p2a: Golem|Golem, L87, F|100/100\n|turn|58\n|inactive|Time left: 300 sec this turn | 300 sec total\n|\n|t:|1783542337\n|switch|p1a: Skarmory|Skarmory, L80, F|235/235\n|move|p2a: Golem|Earthquake|p1a: Skarmory\n|-immune|p1a: Skarmory\n|\n|upkeep\n|turn|59\n|inactive|Time left: 300 sec this turn | 300 sec total\n|\n|t:|1783542338\n|move|p1a: Skarmory|Spikes|p2a: Golem\n|-sidestart|p2: p0y23254ca|Spikes\n|move|p2a: Golem|Stone Edge|p1a: Skarmory\n|-damage|p1a: Skarmory|144/235\n|\n|upkeep\n|turn|60\n|inactive|Time left: 300 sec this turn | 300 sec total\n|\n|t:|1783542339\n|move|p1a: Skarmory|Stealth Rock|p2a: Golem\n|-sidestart|p2: p0y23254ca|move: Stealth Rock\n|move|p2a: Golem|Earthquake|p1a: Skarmory\n|-immune|p1a: Skarmory\n|\n|upkeep\n|turn|61\n|inactive|Time left: 300 sec this turn | 300 sec total\n|\n|t:|1783542340\n|move|p1a: Skarmory|Spikes|p2a: Golem\n|-sidestart|p2: p0y23254ca|Spikes\n|move|p2a: Golem|Earthquake|p1a: Skarmory\n|-immune|p1a: Skarmory\n|\n|upkeep\n|turn|62\n|inactive|Time left: 300 sec this turn | 300 sec total\n|\n|t:|1783542341\n|move|p1a: Skarmory|Spikes|p2a: Golem\n|-sidestart|p2: p0y23254ca|Spikes\n|move|p2a: Golem|Earthquake|p1a: Skarmory\n|-immune|p1a: Skarmory\n|\n|upkeep\n|turn|63\n|inactive|Time left: 300 sec this turn | 300 sec total\n|\n|t:|1783542342\n|move|p1a: Skarmory|Roost|p1a: Skarmory\n|-heal|p1a: Skarmory|235/235\n|-singleturn|p1a: Skarmory|move: Roost\n|move|p2a: Golem|Earthquake|p1a: Skarmory\n|-supereffective|p1a: Skarmory\n|-damage|p1a: Skarmory|55/235\n|\n|upkeep\n|turn|64\n|inactive|Time left: 300 sec this turn | 300 sec total\n|\n|t:|1783542343\n|move|p1a: Skarmory|Roost|p1a: Skarmory\n|-heal|p1a: Skarmory|173/235\n|-singleturn|p1a: Skarmory|move: Roost\n|move|p2a: Golem|Earthquake|p1a: Skarmory\n|-supereffective|p1a: Skarmory\n|-damage|p1a: Skarmory|0 fnt\n|faint|p1a: Skarmory\n|\n|upkeep\n|inactive|Time left: 300 sec this turn | 300 sec total | 5 sec grace\n|\n|t:|1783542344\n|switch|p1a: Sableye|Sableye, L88, F|231/231\n|turn|65\n|inactive|Time left: 300 sec this turn | 300 sec total\n|\n|t:|1783542344\n|move|p1a: Sableye|Will-O-Wisp|p2a: Golem|[miss]\n|-miss|p1a: Sableye|p2a: Golem\n|move|p2a: Golem|Earthquake|p1a: Sableye\n|-damage|p1a: Sableye|81/231\n|\n|-heal|p1a: Sableye|95/231|[from] item: Leftovers\n|upkeep\n|turn|66\n|inactive|Time left: 300 sec this turn | 300 sec total\n|\n|t:|1783542345\n|switch|p2a: Chi-Yu|Chi-Yu, L77|100/100\n|-ability|p2a: Chi-Yu|Beads of Ruin\n|move|p1a: Sableye|Will-O-Wisp|p2a: Chi-Yu\n|-immune|p2a: Chi-Yu\n|\n|-heal|p1a: Sableye|109/231|[from] item: Leftovers\n|upkeep\n|turn|67\n|inactive|Time left: 300 sec this turn | 300 sec total\n|\n|t:|1783542346\n|switch|p1a: Porygon2|Porygon2, L81|59/270 par\n|-ability|p1a: Porygon2|Download|boost\n|-boost|p1a: Porygon2|atk|1\n|move|p2a: Chi-Yu|Dark Pulse|p1a: Porygon2\n|-damage|p1a: Porygon2|0 fnt\n|faint|p1a: Porygon2\n|\n|upkeep\n|inactive|Time left: 300 sec this turn | 300 sec total | 5 sec grace\n|\n|t:|1783542347\n|switch|p1a: Sableye|Sableye, L88, F|109/231\n|turn|68\n|inactive|Time left: 300 sec this turn | 300 sec total\n|\n|t:|1783542348\n|move|p1a: Sableye|Recover|p1a: Sableye\n|-heal|p1a: Sableye|225/231\n|move|p2a: Chi-Yu|Dark Pulse|p1a: Sableye\n|-damage|p1a: Sableye|86/231\n|\n|-heal|p1a: Sableye|100/231|[from] item: Leftovers\n|upkeep\n|turn|69\n|inactive|Time left: 300 sec this turn | 300 sec total\n|\n|t:|1783542349\n|-terastallize|p2a: Chi-Yu|Dark\n|move|p2a: Chi-Yu|Dark Pulse|p1a: Sableye\n|-damage|p1a: Sableye|0 fnt\n|faint|p1a: Sableye\n|\n|win|p0y23254ca", "uploadtime": 1783542349, "views": 0, "rating": 0, "private": 0, "password": null, "_winner": "p0y23254ca", "_our_name": "p0x2321c2b"}