{"id": "battle-gen9randombattle-119", "formatid": "gen9randombattle", "format": "[Gen 9] Random Battle", "players": ["p0x1199ef5", "p0y11941e9"], "log": "|init|battle\n|title|p0x1199ef5 vs. p0y11941e9\n|j|\u2606p0x1199ef5\n|j|\u2606p0y11941e9\n|t:|1783540861\n|gametype|singles\n|player|p1|p0x1199ef5|1|\n|player|p2|p0y11941e9|2|\n|gen|9\n|tier|[Gen 9] Random Battle\n|rule|Species Clause: Limit one of each Pok\u00e9mon\n|rule|HP Percentage Mod: HP is shown in percentages\n|rule|Sleep Clause Mod: Limit one foe put to sleep\n|rule|Illusion Level Mod: Illusion disguises the Pok\u00e9mon's true level\n|\n|t:|1783540861\n|teamsize|p1|6\n|teamsize|p2|6\n|start\n|switch|p1a: Appletun|Appletun, L92, M|352/352\n|switch|p2a: Breloom|Breloom, L83, M|100/100\n|turn|1\n|inactive|Battle timer is ON: inactive players will automatically lose when time's up. (requested by p0y11941e9)\n|inactive|Time left: 300 sec this turn | 300 sec total | 60 sec grace\n|inactive|p0x1199ef5 also wants the timer to be on.\n|\n|t:|1783540863\n|switch|p2a: Slaking|Slaking, L84, F|100/100\n|move|p1a: Appletun|Dragon Pulse|p2a: Slaking\n|-damage|p2a: Slaking|62/100\n|\n|upkeep\n|turn|2\n|inactive|Time left: 300 sec this turn | 300 sec total\n|\n|t:|1783540864\n|move|p2a: Slaking|Giga Impact|p1a: Appletun\n|-damage|p1a: Appletun|0 fnt\n|-mustrecharge|p2a: Slaking\n|faint|p1a: Appletun\n|\n|upkeep\n|inactive|Time left: 300 sec this turn | 300 sec total | 5 sec grace\n|\n|t:|1783540865\n|switch|p1a: Overqwil|Overqwil, L82, M|274/274\n|-ability|p1a: Overqwil|Intimidate|boost\n|-unboost|p2a: Slaking|atk|1\n|turn|3\n|inactive|Time left: 300 sec this turn | 300 sec total\n|\n|t:|1783540866\n|cant|p2a: Slaking|recharge\n|move|p1a: Overqwil|Gunk Shot|p2a: Slaking\n|-damage|p2a: Slaking|28/100\n|\n|upkeep\n|turn|4\n|inactive|Time left: 300 sec this turn | 300 sec total\n|\n|t:|1783540867\n|move|p2a: Slaking|Giga Impact|p1a: Overqwil\n|-damage|p1a: Overqwil|55/274\n|-mustrecharge|p2a: Slaking\n|move|p1a: Overqwil|Gunk Shot|p2a: Slaking\n|-damage|p2a: Slaking|0 fnt\n|faint|p2a: Slaking\n|\n|upkeep\n|\n|t:|1783540868\n|switch|p2a: Haxorus|Haxorus, L77, M|100/100\n|-ability|p2a: Haxorus|Mold Breaker\n|turn|5\n|inactive|Time left: 300 sec this turn | 300 sec total\n|\n|t:|1783540869\n|switch|p1a: Hatterene|Hatterene, L85, F|236/236\n|move|p2a: Haxorus|Outrage|p1a: Hatterene\n|-immune|p1a: Hatterene\n|\n|upkeep\n|turn|6\n|inactive|Time left: 300 sec this turn | 300 sec total\n|\n|t:|1783540870\n|move|p2a: Haxorus|Dragon Dance|p2a: Haxorus\n|-boost|p2a: Haxorus|atk|1\n|-boost|p2a: Haxorus|spe|1\n|move|p1a: Hatterene|Calm Mind|p1a: Hatterene\n|-boost|p1a: Hatterene|spa|1\n|-boost|p1a: Hatterene|spd|1\n|\n|upkeep\n|turn|7\n|inactive|Time left: 300 sec this turn | 300 sec total\n|\n|t:|1783540871\n|-terastallize|p2a: Haxorus|Steel\n|move|p2a: Haxorus|Iron Head|p1a: Hatterene\n|-supereffective|p1a: Hatterene\n|-crit|p1a: Hatterene\n|-damage|p1a: Hatterene|0 fnt\n|faint|p1a: Hatterene\n|\n|upkeep\n|inactive|Time left: 300 sec this turn | 300 sec total | 5 sec grace\n|\n|t:|1783540872\n|switch|p1a: Beartic|Beartic, L91, F|321/321\n|turn|8\n|inactive|Time left: 300 sec this turn | 300 sec total\n|\n|t:|1783540873\n|-terastallize|p1a: Beartic|Ground\n|move|p2a: Haxorus|Iron Head|p1a: Beartic\n|-damage|p1a: Beartic|168/321\n|move|p1a: Beartic|Earthquake|p2a: Haxorus\n|-supereffective|p2a: Haxorus\n|-damage|p2a: Haxorus|0 fnt\n|faint|p2a: Haxorus\n|\n|upkeep\n|\n|t:|1783540874\n|switch|p2a: Breloom|Breloom, L83, M|100/100\n|turn|9\n|inactive|Time left: 300 sec this turn | 300 sec total\n|\n|t:|1783540875\n|switch|p1a: Overqwil|Overqwil, L82, M|55/274\n|-ability|p1a: Overqwil|Intimidate|boost\n|-unboost|p2a: Breloom|atk|1\n|move|p2a: Breloom|Bullet Seed|p1a: Overqwil\n|-resisted|p1a: Overqwil\n|-damage|p1a: Overqwil|33/274\n|-resisted|p1a: Overqwil\n|-damage|p1a: Overqwil|14/274\n|-hitcount|p1a: Overqwil|2\n|-damage|p2a: Breloom|91/100|[from] item: Life Orb\n|\n|upkeep\n|turn|10\n|inactive|Time left: 300 sec this turn | 300 sec total\n|\n|t:|1783540876\n|move|p2a: Breloom|Mach Punch|p1a: Overqwil\n|-damage|p1a: Overqwil|0 fnt\n|faint|p1a: Overqwil\n|-damage|p2a: Breloom|81/100|[from] item: Life Orb\n|\n|upkeep\n|inactive|Time left: 300 sec this turn | 300 sec total | 5 sec grace\n|\n|t:|1783540877\n|switch|p1a: Porygon2|Porygon2, L81|270/270\n|-ability|p1a: Porygon2|Download|boost\n|-boost|p1a: Porygon2|spa|1\n|turn|11\n|inactive|Time left: 300 sec this turn | 300 sec total\n|\n|t:|1783540878\n|move|p2a: Breloom|Spore|p1a: Porygon2\n|-status|p1a: Porygon2|slp|[from] move: Spore\n|cant|p1a: Porygon2|slp\n|\n|upkeep\n|turn|12\n|inactive|Time left: 300 sec this turn | 300 sec total\n|\n|t:|1783540879\n|move|p2a: Breloom|Swords Dance|p2a: Breloom\n|-boost|p2a: Breloom|atk|2\n|-curestatus|p1a: Porygon2|slp|[msg]\n|move|p1a: Porygon2|Tera Blast|p2a: Breloom\n|-damage|p2a: Breloom|6/100\n|\n|upkeep\n|turn|13\n|inactive|Time left: 300 sec this turn | 300 sec total\n|\n|t:|1783540880\n|move|p2a: Breloom|Spore|p1a: Porygon2\n|-status|p1a: Porygon2|slp|[from] move: Spore\n|cant|p1a: Porygon2|slp\n|\n|upkeep\n|turn|14\n|inactive|Time left: 300 sec this turn | 300 sec total\n|\n|t:|1783540881\n|move|p2a: Breloom|Mach Punch|p1a: Porygon2\n|-supereffective|p1a: Porygon2\n|-damage|p1a: Porygon2|65/270 slp\n|-damage|p2a: Breloom|0 fnt|[from] item: Life Orb\n|faint|p2a: Breloom\n|cant|p1a: Porygon2|slp\n|\n|upkeep\n|\n|t:|1783540882\n|switch|p2a: Tauros|Tauros, L82, M|100/100\n|turn|15\n|inactive|Time left: 300 sec this turn | 300 sec total\n|\n|t:|1783540883\n|move|p2a: Tauros|Body Slam|p1a: Porygon2\n|-damage|p1a: Porygon2|0 fnt\n|faint|p1a: Porygon2\n|\n|upkeep\n|inactive|Time left: 300 sec this turn | 300 sec total | 5 sec grace\n|\n|t:|1783540884\n|switch|p1a: Beartic|Beartic, L91, F, tera:Ground|168/321\n|turn|16\n|inactive|Time left: 300 sec this turn | 300 sec total\n|\n|t:|1783540885\n|switch|p2a: Dondozo|Dondozo, L78, F|100/100\n|move|p1a: Beartic|Close Combat|p2a: Dondozo\n|-damage|p2a: Dondozo|72/100\n|-unboost|p1a: Beartic|def|1\n|-unboost|p1a: Beartic|spd|1\n|\n|-heal|p2a: Dondozo|78/100|[from] item: Leftovers\n|upkeep\n|turn|17\n|inactive|Time left: 300 sec this turn | 300 sec total\n|\n|t:|1783540885\n|switch|p1a: Beartic|Beartic, L91, F|235/235\n|move|p2a: Dondozo|Wave Crash|p1a: Beartic\n|-damage|p1a: Beartic|76/235\n|replace|p1a: Zoroark|Zoroark, L83, F\n|-end|p1a: Zoroark|Illusion\n|-hint|Illusion Level Mod is active, so this Pok\u00e9mon's true level was hidden.\n|-damage|p2a: Dondozo|64/100|[from] Recoil\n|\n|-heal|p2a: Dondozo|70/100|[from] item: Leftovers\n|upkeep\n|turn|18\n|inactive|Time left: 300 sec this turn | 300 sec total\n|\n|t:|1783540886\n|move|p1a: Zoroark|Dark Pulse|p2a: Dondozo\n|-damage|p2a: Dondozo|24/100\n|-damage|p1a: Zoroark|53/235|[from] item: Life Orb\n|move|p2a: Dondozo|Wave Crash|p1a: Zoroark\n|-damage|p1a: Zoroark|0 fnt\n|faint|p1a: Zoroark\n|-damage|p2a: Dondozo|19/100|[from] Recoil\n|\n|-heal|p2a: Dondozo|25/100|[from] item: Leftovers\n|upkeep\n|inactive|Time left: 300 sec this turn | 300 sec total | 5 sec grace\n|\n|t:|1783540887\n|switch|p1a: Beartic|Beartic, L91, F, tera:Ground|168/321\n|turn|19\n|inactive|Time left: 300 sec this turn | 300 sec total\n|\n|t:|1783540888\n|move|p1a: Beartic|Icicle Crash|p2a: Dondozo\n|-resisted|p2a: Dondozo\n|-damage|p2a: Dondozo|9/100\n|move|p2a: Dondozo|Wave Crash|p1a: Beartic\n|-supereffective|p1a: Beartic\n|-damage|p1a: Beartic|0 fnt\n|faint|p1a: Beartic\n|-damage|p2a: Dondozo|0 fnt|[from] Recoil\n|faint|p2a: Dondozo\n|\n|win|p0y11941e9", "uploadtime": 1783540888, "views": 0, "rating": 0, "private": 0, "password": null, "_winner": "p0y11941e9", "_our_name": "p0x1199ef5"}