{"id": "battle-gen9randombattle-2365", "formatid": "gen9randombattle", "format": "[Gen 9] Random Battle", "players": ["p0x2365f6d7", "p0y2365f7f5"], "log": "|init|battle\n|title|p0x2365f6d7 vs. p0y2365f7f5\n|j|\u2606p0x2365f6d7\n|j|\u2606p0y2365f7f5\n|t:|1783567478\n|gametype|singles\n|player|p1|p0x2365f6d7|101|\n|player|p2|p0y2365f7f5|170|\n|gen|9\n|tier|[Gen 9] Random Battle\n|rule|Species Clause: Limit one of each Pok\u00e9mon\n|rule|HP Percentage Mod: HP is shown in percentages\n|rule|Sleep Clause Mod: Limit one foe put to sleep\n|rule|Illusion Level Mod: Illusion disguises the Pok\u00e9mon's true level\n|\n|t:|1783567478\n|teamsize|p1|6\n|teamsize|p2|6\n|start\n|switch|p1a: Dragapult|Dragapult, L77, M|100/100\n|switch|p2a: Weavile|Weavile, L79, F|240/240\n|turn|1\n|inactive|Battle timer is ON: inactive players will automatically lose when time's up. (requested by p0x2365f6d7)\n|inactive|Time left: 300 sec this turn | 300 sec total | 60 sec grace\n|inactive|p0y2365f7f5 also wants the timer to be on.\n|\n|t:|1783567480\n|move|p1a: Dragapult|U-turn|p2a: Weavile\n|-supereffective|p2a: Weavile\n|-crit|p2a: Weavile\n|-damage|p2a: Weavile|54/240\n|\n|t:|1783567481\n|switch|p1a: Blastoise|Blastoise, L80, F|100/100|[from] U-turn\n|move|p2a: Weavile|Knock Off|p1a: Blastoise\n|-damage|p1a: Blastoise|59/100\n|-enditem|p1a: Blastoise|White Herb|[from] move: Knock Off|[of] p2a: Weavile\n|\n|upkeep\n|turn|2\n|inactive|Time left: 300 sec this turn | 300 sec total\n|\n|t:|1783567483\n|switch|p2a: Empoleon|Empoleon, L84, F|278/278\n|move|p1a: Blastoise|Shell Smash|p1a: Blastoise\n|-unboost|p1a: Blastoise|def|1\n|-unboost|p1a: Blastoise|spd|1\n|-boost|p1a: Blastoise|atk|2\n|-boost|p1a: Blastoise|spa|2\n|-boost|p1a: Blastoise|spe|2\n|\n|upkeep\n|turn|3\n|inactive|Time left: 300 sec this turn | 300 sec total\n|\n|t:|1783567484\n|move|p1a: Blastoise|Earthquake|p2a: Empoleon\n|-supereffective|p2a: Empoleon\n|-damage|p2a: Empoleon|54/278\n|move|p2a: Empoleon|Roar|p1a: Blastoise\n|drag|p1a: Carbink|Carbink, L90|100/100\n|\n|-heal|p2a: Empoleon|71/278|[from] item: Leftovers\n|upkeep\n|turn|4\n|inactive|Time left: 300 sec this turn | 300 sec total\n|\n|t:|1783567485\n|move|p2a: Empoleon|Surf|p1a: Carbink\n|-supereffective|p1a: Carbink\n|-damage|p1a: Carbink|44/100\n|move|p1a: Carbink|Body Press|p2a: Empoleon\n|-supereffective|p2a: Empoleon\n|-damage|p2a: Empoleon|0 fnt\n|faint|p2a: Empoleon\n|\n|upkeep\n|inactive|Time left: 300 sec this turn | 300 sec total | 5 sec grace\n|\n|t:|1783567486\n|switch|p2a: Kricketune|Kricketune, L99, M|312/312\n|turn|5\n|inactive|Time left: 300 sec this turn | 300 sec total\n|\n|t:|1783567487\n|move|p2a: Kricketune|Sticky Web|p1a: Carbink\n|-sidestart|p1: p0x2365f6d7|move: Sticky Web\n|move|p1a: Carbink|Iron Defense|p1a: Carbink\n|-boost|p1a: Carbink|def|2\n|\n|upkeep\n|turn|6\n|inactive|Time left: 300 sec this turn | 300 sec total\n|\n|t:|1783567488\n|switch|p2a: Quagsire|Quagsire, L84, F|297/297\n|move|p1a: Carbink|Body Press|p2a: Quagsire\n|-damage|p2a: Quagsire|196/297\n|\n|-heal|p2a: Quagsire|214/297|[from] item: Leftovers\n|upkeep\n|turn|7\n|inactive|Time left: 300 sec this turn | 300 sec total\n|\n|t:|1783567489\n|move|p1a: Carbink|Rest|p1a: Carbink\n|-status|p1a: Carbink|slp|[from] move: Rest\n|-heal|p1a: Carbink|100/100 slp|[silent]\n|-enditem|p1a: Carbink|Chesto Berry|[eat]\n|-curestatus|p1a: Carbink|slp|[msg]\n|move|p2a: Quagsire|Recover|p2a: Quagsire\n|-heal|p2a: Quagsire|297/297\n|\n|upkeep\n|turn|8\n|inactive|Time left: 300 sec this turn | 300 sec total\n|\n|t:|1783567490\n|switch|p1a: Serperior|Serperior, L79, F|100/100\n|-activate|p1a: Serperior|move: Sticky Web\n|-boost|p1a: Serperior|spe|1\n|move|p2a: Quagsire|Earthquake|p1a: Serperior\n|-resisted|p1a: Serperior\n|-damage|p1a: Serperior|83/100\n|\n|upkeep\n|turn|9\n|inactive|Time left: 300 sec this turn | 300 sec total\n|\n|t:|1783567491\n|-terastallize|p2a: Quagsire|Steel\n|move|p1a: Serperior|Leaf Storm|p2a: Quagsire\n|-resisted|p2a: Quagsire\n|-damage|p2a: Quagsire|222/297\n|-boost|p1a: Serperior|spa|2\n|-damage|p1a: Serperior|73/100|[from] item: Life Orb\n|move|p2a: Quagsire|Toxic|p1a: Serperior\n|-status|p1a: Serperior|tox\n|\n|-heal|p2a: Quagsire|240/297|[from] item: Leftovers\n|-damage|p1a: Serperior|67/100 tox|[from] psn\n|upkeep\n|turn|10\n|inactive|Time left: 300 sec this turn | 300 sec total\n|\n|t:|1783567492\n|move|p1a: Serperior|Synthesis|p1a: Serperior\n|-heal|p1a: Serperior|100/100 tox\n|move|p2a: Quagsire|Earthquake|p1a: Serperior\n|-resisted|p1a: Serperior\n|-damage|p1a: Serperior|82/100 tox\n|\n|-heal|p2a: Quagsire|258/297|[from] item: Leftovers\n|-damage|p1a: Serperior|70/100 tox|[from] psn\n|upkeep\n|turn|11\n|inactive|Time left: 300 sec this turn | 300 sec total\n|\n|t:|1783567493\n|move|p1a: Serperior|Leaf Storm|p2a: Quagsire\n|-resisted|p2a: Quagsire\n|-damage|p2a: Quagsire|177/297\n|-boost|p1a: Serperior|spa|2\n|-damage|p1a: Serperior|60/100 tox|[from] item: Life Orb\n|move|p2a: Quagsire|Earthquake|p1a: Serperior\n|-resisted|p1a: Serperior\n|-damage|p1a: Serperior|42/100 tox\n|\n|-heal|p2a: Quagsire|195/297|[from] item: Leftovers\n|-damage|p1a: Serperior|24/100 tox|[from] psn\n|upkeep\n|turn|12\n|inactive|Time left: 300 sec this turn | 300 sec total\n|\n|t:|1783567494\n|move|p1a: Serperior|Synthesis|p1a: Serperior\n|-heal|p1a: Serperior|74/100 tox\n|move|p2a: Quagsire|Earthquake|p1a: Serperior\n|-resisted|p1a: Serperior\n|-damage|p1a: Serperior|55/100 tox\n|\n|-heal|p2a: Quagsire|213/297|[from] item: Leftovers\n|-damage|p1a: Serperior|31/100 tox|[from] psn\n|upkeep\n|turn|13\n|inactive|Time left: 300 sec this turn | 300 sec total\n|\n|t:|1783567495\n|move|p1a: Serperior|Synthesis|p1a: Serperior\n|-heal|p1a: Serperior|81/100 tox\n|move|p2a: Quagsire|Earthquake|p1a: Serperior\n|-resisted|p1a: Serperior\n|-damage|p1a: Serperior|61/100 tox\n|\n|-heal|p2a: Quagsire|231/297|[from] item: Leftovers\n|-damage|p1a: Serperior|31/100 tox|[from] psn\n|upkeep\n|turn|14\n|inactive|Time left: 300 sec this turn | 300 sec total\n|\n|t:|1783567496\n|move|p1a: Serperior|Leaf Storm|p2a: Quagsire\n|-resisted|p2a: Quagsire\n|-damage|p2a: Quagsire|143/297\n|-boost|p1a: Serperior|spa|2\n|-damage|p1a: Serperior|21/100 tox|[from] item: Life Orb\n|move|p2a: Quagsire|Spikes|p1a: Serperior\n|-sidestart|p1: p0x2365f6d7|Spikes\n|\n|-heal|p2a: Quagsire|161/297|[from] item: Leftovers\n|-damage|p1a: Serperior|0 fnt|[from] psn\n|faint|p1a: Serperior\n|upkeep\n|\n|t:|1783567497\n|switch|p1a: Flutter Mane|Flutter Mane, L74|100/100\n|-activate|p1a: Flutter Mane|move: Sticky Web\n|-unboost|p1a: Flutter Mane|spe|1\n|-damage|p1a: Flutter Mane|88/100|[from] Spikes\n|turn|15\n|inactive|Time left: 300 sec this turn | 300 sec total\n|\n|t:|1783567498\n|switch|p2a: Excadrill|Excadrill, L79, M|303/303\n|-ability|p2a: Excadrill|Mold Breaker\n|move|p1a: Flutter Mane|Mystical Fire|p2a: Excadrill\n|-supereffective|p2a: Excadrill\n|-damage|p2a: Excadrill|91/303\n|-unboost|p2a: Excadrill|spa|1\n|\n|-heal|p2a: Excadrill|109/303|[from] item: Leftovers\n|upkeep\n|turn|16\n|inactive|Time left: 300 sec this turn | 300 sec total\n|\n|t:|1783567499\n|-end|p1a: Flutter Mane|Protosynthesis|[silent]\n|switch|p1a: Blastoise|Blastoise, L80, F|59/100\n|-activate|p1a: Blastoise|move: Sticky Web\n|-unboost|p1a: Blastoise|spe|1\n|-damage|p1a: Blastoise|46/100|[from] Spikes\n|move|p2a: Excadrill|Earthquake|p1a: Blastoise\n|-damage|p1a: Blastoise|0 fnt\n|faint|p1a: Blastoise\n|\n|-heal|p2a: Excadrill|127/303|[from] item: Leftovers\n|upkeep\n|\n|t:|1783567500\n|switch|p1a: Dragapult|Dragapult, L77, M|100/100\n|-activate|p1a: Dragapult|move: Sticky Web\n|-unboost|p1a: Dragapult|spe|1\n|-damage|p1a: Dragapult|88/100|[from] Spikes\n|turn|17\n|inactive|Time left: 300 sec this turn | 300 sec total\n|\n|t:|1783567501\n|move|p2a: Excadrill|Iron Head|p1a: Dragapult\n|-damage|p1a: Dragapult|46/100\n|move|p1a: Dragapult|Fire Blast|p2a: Excadrill|[miss]\n|-miss|p1a: Dragapult|p2a: Excadrill\n|\n|-heal|p2a: Excadrill|145/303|[from] item: Leftovers\n|upkeep\n|turn|18\n|inactive|Time left: 300 sec this turn | 300 sec total\n|\n|t:|1783567502\n|switch|p1a: Rotom|Rotom-Mow, L87|100/100\n|move|p2a: Excadrill|Earthquake|p1a: Rotom\n|-damage|p1a: Rotom|57/100\n|\n|-heal|p2a: Excadrill|163/303|[from] item: Leftovers\n|upkeep\n|turn|19\n|inactive|Time left: 300 sec this turn | 300 sec total\n|\n|t:|1783567503\n|switch|p2a: Quagsire|Quagsire, L84, F, tera:Steel|161/297\n|move|p1a: Rotom|Leaf Storm|p2a: Quagsire\n|-resisted|p2a: Quagsire\n|-crit|p2a: Quagsire\n|-damage|p2a: Quagsire|12/297\n|-unboost|p1a: Rotom|spa|2\n|\n|-heal|p2a: Quagsire|30/297|[from] item: Leftovers\n|upkeep\n|turn|20\n|inactive|Time left: 300 sec this turn | 300 sec total\n|\n|t:|1783567504\n|move|p1a: Rotom|Leaf Storm|p2a: Quagsire|[miss]\n|-miss|p1a: Rotom|p2a: Quagsire\n|move|p2a: Quagsire|Recover|p2a: Quagsire\n|-heal|p2a: Quagsire|179/297\n|\n|-heal|p2a: Quagsire|197/297|[from] item: Leftovers\n|upkeep\n|turn|21\n|inactive|Time left: 300 sec this turn | 300 sec total\n|\n|t:|1783567504\n|move|p1a: Rotom|Leaf Storm|p2a: Quagsire\n|-resisted|p2a: Quagsire\n|-damage|p2a: Quagsire|94/297\n|-unboost|p1a: Rotom|spa|2\n|move|p2a: Quagsire|Earthquake|p1a: Rotom\n|-immune|p1a: Rotom|[from] ability: Levitate\n|\n|-heal|p2a: Quagsire|112/297|[from] item: Leftovers\n|upkeep\n|turn|22\n|inactive|Time left: 300 sec this turn | 300 sec total\n|\n|t:|1783567505\n|move|p1a: Rotom|Leaf Storm|p2a: Quagsire\n|-resisted|p2a: Quagsire\n|-damage|p2a: Quagsire|11/297\n|-unboost|p1a: Rotom|spa|2\n|move|p2a: Quagsire|Recover|p2a: Quagsire\n|-heal|p2a: Quagsire|160/297\n|\n|-heal|p2a: Quagsire|178/297|[from] item: Leftovers\n|upkeep\n|turn|23\n|inactive|Time left: 300 sec this turn | 300 sec total\n|\n|t:|1783567506\n|switch|p1a: Dragapult|Dragapult, L77, M|46/100\n|-activate|p1a: Dragapult|move: Sticky Web\n|-unboost|p1a: Dragapult|spe|1\n|-damage|p1a: Dragapult|33/100|[from] Spikes\n|move|p2a: Quagsire|Recover|p2a: Quagsire\n|-heal|p2a: Quagsire|297/297\n|\n|upkeep\n|turn|24\n|inactive|Time left: 300 sec this turn | 300 sec total\n|\n|t:|1783567507\n|move|p1a: Dragapult|Fire Blast|p2a: Quagsire\n|-supereffective|p2a: Quagsire\n|-damage|p2a: Quagsire|47/297\n|move|p2a: Quagsire|Earthquake|p1a: Dragapult\n|-damage|p1a: Dragapult|0 fnt\n|faint|p1a: Dragapult\n|\n|-heal|p2a: Quagsire|65/297|[from] item: Leftovers\n|upkeep\n|\n|t:|1783567508\n|switch|p1a: Flutter Mane|Flutter Mane, L74|88/100\n|-activate|p1a: Flutter Mane|move: Sticky Web\n|-unboost|p1a: Flutter Mane|spe|1\n|-damage|p1a: Flutter Mane|76/100|[from] Spikes\n|turn|25\n|inactive|Time left: 300 sec this turn | 300 sec total\n|\n|t:|1783567509\n|move|p1a: Flutter Mane|Mystical Fire|p2a: Quagsire\n|-supereffective|p2a: Quagsire\n|-damage|p2a: Quagsire|0 fnt\n|faint|p2a: Quagsire\n|\n|upkeep\n|inactive|Time left: 300 sec this turn | 300 sec total | 5 sec grace\n|\n|t:|1783567510\n|switch|p2a: Excadrill|Excadrill, L79, M|163/303\n|-ability|p2a: Excadrill|Mold Breaker\n|turn|26\n|inactive|Time left: 300 sec this turn | 300 sec total\n|\n|t:|1783567511\n|-end|p1a: Flutter Mane|Protosynthesis|[silent]\n|switch|p1a: Rotom|Rotom-Mow, L87|57/100\n|move|p2a: Excadrill|Earthquake|p1a: Rotom\n|-damage|p1a: Rotom|9/100\n|\n|-heal|p2a: Excadrill|181/303|[from] item: Leftovers\n|upkeep\n|turn|27\n|inactive|Time left: 300 sec this turn | 300 sec total\n|\n|t:|1783567512\n|switch|p2a: Kricketune|Kricketune, L99, M|312/312\n|move|p1a: Rotom|Leaf Storm|p2a: Kricketune\n|-resisted|p2a: Kricketune\n|-damage|p2a: Kricketune|213/312\n|-unboost|p1a: Rotom|spa|2\n|\n|upkeep\n|turn|28\n|inactive|Time left: 300 sec this turn | 300 sec total\n|\n|t:|1783567512\n|switch|p1a: Carbink|Carbink, L90|100/100\n|-activate|p1a: Carbink|move: Sticky Web\n|-unboost|p1a: Carbink|spe|1\n|-damage|p1a: Carbink|88/100|[from] Spikes\n|switch|p2a: Excadrill|Excadrill, L79, M|181/303\n|-ability|p2a: Excadrill|Mold Breaker\n|\n|-heal|p2a: Excadrill|199/303|[from] item: Leftovers\n|upkeep\n|turn|29\n|inactive|Time left: 300 sec this turn | 300 sec total\n|\n|t:|1783567513\n|-terastallize|p1a: Carbink|Fighting\n|move|p2a: Excadrill|Iron Head|p1a: Carbink\n|-damage|p1a: Carbink|62/100\n|move|p1a: Carbink|Body Press|p2a: Excadrill\n|-supereffective|p2a: Excadrill\n|-damage|p2a: Excadrill|0 fnt\n|faint|p2a: Excadrill\n|\n|upkeep\n|inactive|Time left: 300 sec this turn | 300 sec total | 5 sec grace\n|\n|t:|1783567514\n|switch|p2a: Regieleki|Regieleki, L79|256/256\n|turn|30\n|inactive|Time left: 300 sec this turn | 300 sec total\n|\n|t:|1783567515\n|move|p2a: Regieleki|Thunderbolt|p1a: Carbink\n|-damage|p1a: Carbink|27/100\n|-status|p1a: Carbink|par\n|move|p1a: Carbink|Body Press|p2a: Regieleki\n|-damage|p2a: Regieleki|34/256\n|\n|upkeep\n|turn|31\n|inactive|Time left: 300 sec this turn | 300 sec total\n|\n|t:|1783567516\n|move|p2a: Regieleki|Thunderbolt|p1a: Carbink\n|-damage|p1a: Carbink|0 fnt\n|faint|p1a: Carbink\n|\n|upkeep\n|\n|t:|1783567517\n|switch|p1a: Rotom|Rotom-Mow, L87|9/100\n|turn|32\n|inactive|Time left: 300 sec this turn | 300 sec total\n|\n|t:|1783567518\n|switch|p1a: Flutter Mane|Flutter Mane, L74|76/100\n|-activate|p1a: Flutter Mane|move: Sticky Web\n|-unboost|p1a: Flutter Mane|spe|1\n|-damage|p1a: Flutter Mane|64/100|[from] Spikes\n|move|p2a: Regieleki|Volt Switch|p1a: Flutter Mane\n|-damage|p1a: Flutter Mane|25/100\n|inactive|Time left: 300 sec this turn | 300 sec total | 5 sec grace\n|\n|t:|1783567519\n|switch|p2a: Kricketune|Kricketune, L99, M|213/312|[from] Volt Switch\n|\n|upkeep\n|turn|33\n|inactive|Time left: 300 sec this turn | 300 sec total\n|\n|t:|1783567520\n|move|p2a: Kricketune|Knock Off|p1a: Flutter Mane\n|-damage|p1a: Flutter Mane|0 fnt\n|-enditem|p1a: Flutter Mane|Choice Specs|[from] move: Knock Off|[of] p2a: Kricketune\n|faint|p1a: Flutter Mane\n|-end|p1a: Flutter Mane|Protosynthesis|[silent]\n|\n|upkeep\n|\n|t:|1783567520\n|switch|p1a: Rotom|Rotom-Mow, L87|9/100\n|turn|34\n|inactive|Time left: 300 sec this turn | 300 sec total\n|\n|t:|1783567521\n|move|p1a: Rotom|Leaf Storm|p2a: Kricketune\n|-resisted|p2a: Kricketune\n|-damage|p2a: Kricketune|113/312\n|-unboost|p1a: Rotom|spa|2\n|move|p2a: Kricketune|Pounce|p1a: Rotom\n|-supereffective|p1a: Rotom\n|-damage|p1a: Rotom|0 fnt\n|faint|p1a: Rotom\n|\n|win|p0y2365f7f5", "uploadtime": 1783567521, "views": 0, "rating": 0, "private": 0, "password": null, "_winner": "p0y2365f7f5", "_our_name": "p0y2365f7f5"}