{"id": "battle-gen9randombattle-2899", "formatid": "gen9randombattle", "format": "[Gen 9] Random Battle", "players": ["p0x2899108f", "p0y289936e2"], "log": "|init|battle\n|title|p0x2899108f vs. p0y289936e2\n|j|\u2606p0x2899108f\n|j|\u2606p0y289936e2\n|t:|1783572425\n|gametype|singles\n|player|p1|p0x2899108f|2|\n|player|p2|p0y289936e2|1|\n|gen|9\n|tier|[Gen 9] Random Battle\n|rule|Species Clause: Limit one of each Pok\u00e9mon\n|rule|HP Percentage Mod: HP is shown in percentages\n|rule|Sleep Clause Mod: Limit one foe put to sleep\n|rule|Illusion Level Mod: Illusion disguises the Pok\u00e9mon's true level\n|\n|t:|1783572425\n|teamsize|p1|6\n|teamsize|p2|6\n|start\n|switch|p1a: Revavroom|Revavroom, L79, F|256/256\n|switch|p2a: Breloom|Breloom, L83, F|100/100\n|turn|1\n|inactive|Battle timer is ON: inactive players will automatically lose when time's up. (requested by p0x2899108f)\n|inactive|p0y289936e2 also wants the timer to be on.\n|\n|t:|1783572426\n|move|p1a: Revavroom|Gunk Shot|p2a: Breloom\n|-supereffective|p2a: Breloom\n|-damage|p2a: Breloom|0 fnt\n|faint|p2a: Breloom\n|-damage|p1a: Revavroom|231/256|[from] item: Life Orb\n|\n|upkeep\n|\n|t:|1783572427\n|switch|p2a: Typhlosion|Typhlosion, L84, F|100/100\n|turn|2\n|inactive|Time left: 300 sec this turn | 300 sec total\n|\n|t:|1783572429\n|switch|p1a: Manaphy|Manaphy, L78|284/284\n|move|p2a: Typhlosion|Eruption|p1a: Manaphy\n|-resisted|p1a: Manaphy\n|-damage|p1a: Manaphy|200/284\n|\n|-heal|p1a: Manaphy|217/284|[from] item: Leftovers\n|upkeep\n|turn|3\n|inactive|Time left: 300 sec this turn | 300 sec total\n|\n|t:|1783572430\n|move|p2a: Typhlosion|Eruption|p1a: Manaphy\n|-resisted|p1a: Manaphy\n|-damage|p1a: Manaphy|128/284\n|move|p1a: Manaphy|Hydro Pump|p2a: Typhlosion\n|-supereffective|p2a: Typhlosion\n|-damage|p2a: Typhlosion|26/100\n|\n|-heal|p1a: Manaphy|145/284|[from] item: Leftovers\n|upkeep\n|turn|4\n|inactive|Time left: 300 sec this turn | 300 sec total\n|\n|t:|1783572431\n|switch|p2a: Meloetta|Meloetta, L82|100/100\n|move|p1a: Manaphy|Tail Glow|p1a: Manaphy\n|-boost|p1a: Manaphy|spa|3\n|\n|-heal|p1a: Manaphy|162/284|[from] item: Leftovers\n|upkeep\n|turn|5\n|inactive|Time left: 300 sec this turn | 300 sec total\n|\n|t:|1783572432\n|move|p1a: Manaphy|Hydro Pump|p2a: Meloetta\n|-damage|p2a: Meloetta|37/100\n|move|p2a: Meloetta|Hyper Voice|p1a: Manaphy\n|-damage|p1a: Manaphy|8/284\n|\n|-heal|p1a: Manaphy|25/284|[from] item: Leftovers\n|upkeep\n|turn|6\n|inactive|Time left: 300 sec this turn | 300 sec total\n|\n|t:|1783572433\n|move|p1a: Manaphy|Hydro Pump|p2a: Meloetta|[miss]\n|-miss|p1a: Manaphy|p2a: Meloetta\n|move|p2a: Meloetta|Hyper Voice|p1a: Manaphy\n|-damage|p1a: Manaphy|0 fnt\n|faint|p1a: Manaphy\n|\n|upkeep\n|inactive|Time left: 300 sec this turn | 300 sec total | 5 sec grace\n|\n|t:|1783572434\n|switch|p1a: Revavroom|Revavroom, L79, F|231/256\n|turn|7\n|inactive|Time left: 300 sec this turn | 300 sec total\n|\n|t:|1783572435\n|move|p2a: Meloetta|Hyper Voice|p1a: Revavroom\n|-resisted|p1a: Revavroom\n|-damage|p1a: Revavroom|129/256\n|move|p1a: Revavroom|Shift Gear|p1a: Revavroom\n|-boost|p1a: Revavroom|spe|2\n|-boost|p1a: Revavroom|atk|1\n|\n|upkeep\n|turn|8\n|inactive|Time left: 300 sec this turn | 300 sec total\n|\n|t:|1783572436\n|move|p1a: Revavroom|Iron Head|p2a: Meloetta\n|-damage|p2a: Meloetta|0 fnt\n|faint|p2a: Meloetta\n|-damage|p1a: Revavroom|104/256|[from] item: Life Orb\n|\n|upkeep\n|\n|t:|1783572437\n|switch|p2a: Suicune|Suicune, L82|100/100\n|-ability|p2a: Suicune|Pressure\n|turn|9\n|inactive|Time left: 300 sec this turn | 300 sec total\n|\n|t:|1783572437\n|move|p1a: Revavroom|Gunk Shot|p2a: Suicune\n|-damage|p2a: Suicune|25/100\n|-damage|p1a: Revavroom|79/256|[from] item: Life Orb\n|move|p2a: Suicune|Scald|p1a: Revavroom\n|-damage|p1a: Revavroom|0 fnt\n|faint|p1a: Revavroom\n|\n|-heal|p2a: Suicune|31/100|[from] item: Leftovers\n|upkeep\n|inactive|Time left: 300 sec this turn | 300 sec total | 5 sec grace\n|\n|t:|1783572438\n|switch|p1a: Gengar|Gengar, L81, F|230/230\n|turn|10\n|inactive|Time left: 300 sec this turn | 300 sec total\n|\n|t:|1783572440\n|switch|p2a: Tentacruel|Tentacruel, L84, M|100/100\n|move|p1a: Gengar|Shadow Ball|p2a: Tentacruel\n|-damage|p2a: Tentacruel|74/100\n|-damage|p1a: Gengar|207/230|[from] item: Life Orb\n|\n|upkeep\n|turn|11\n|inactive|Time left: 300 sec this turn | 300 sec total\n|\n|t:|1783572441\n|switch|p1a: Trevenant|Trevenant, L89, M|296/296\n|move|p2a: Tentacruel|Surf|p1a: Trevenant\n|-resisted|p1a: Trevenant\n|-damage|p1a: Trevenant|254/296\n|\n|upkeep\n|turn|12\n|inactive|Time left: 300 sec this turn | 300 sec total\n|\n|t:|1783572442\n|move|p2a: Tentacruel|Sludge Bomb|p1a: Trevenant\n|-damage|p1a: Trevenant|176/296\n|move|p1a: Trevenant|Poltergeist|p2a: Tentacruel\n|-activate|p2a: Tentacruel|move: Poltergeist|Assault Vest\n|-damage|p2a: Tentacruel|0 fnt\n|faint|p2a: Tentacruel\n|-damage|p1a: Trevenant|147/296|[from] item: Life Orb\n|\n|upkeep\n|\n|t:|1783572443\n|switch|p2a: Typhlosion|Typhlosion, L84, F|26/100\n|turn|13\n|inactive|Time left: 300 sec this turn | 300 sec total\n|\n|t:|1783572444\n|switch|p1a: Incineroar|Incineroar, L82, M|290/290\n|-ability|p1a: Incineroar|Intimidate|boost\n|-unboost|p2a: Typhlosion|atk|1\n|move|p2a: Typhlosion|Fire Blast|p1a: Incineroar\n|-resisted|p1a: Incineroar\n|-damage|p1a: Incineroar|224/290\n|\n|upkeep\n|turn|14\n|inactive|Time left: 300 sec this turn | 300 sec total\n|\n|t:|1783572445\n|move|p2a: Typhlosion|Fire Blast|p1a: Incineroar\n|-resisted|p1a: Incineroar\n|-damage|p1a: Incineroar|159/290\n|move|p1a: Incineroar|Knock Off|p2a: Typhlosion\n|-damage|p2a: Typhlosion|0 fnt\n|-enditem|p2a: Typhlosion|Choice Scarf|[from] move: Knock Off|[of] p1a: Incineroar\n|faint|p2a: Typhlosion\n|\n|upkeep\n|\n|t:|1783572446\n|switch|p2a: Suicune|Suicune, L82|31/100\n|-ability|p2a: Suicune|Pressure\n|turn|15\n|inactive|Time left: 300 sec this turn | 300 sec total\n|\n|t:|1783572447\n|move|p2a: Suicune|Scald|p1a: Incineroar\n|-supereffective|p1a: Incineroar\n|-damage|p1a: Incineroar|61/290\n|move|p1a: Incineroar|Knock Off|p2a: Suicune\n|-damage|p2a: Suicune|0 fnt\n|-enditem|p2a: Suicune|Leftovers|[from] move: Knock Off|[of] p1a: Incineroar\n|faint|p2a: Suicune\n|\n|upkeep\n|\n|t:|1783572448\n|switch|p2a: Weavile|Weavile, L79, M|100/100\n|turn|16\n|inactive|Time left: 300 sec this turn | 300 sec total\n|\n|t:|1783572449\n|-terastallize|p2a: Weavile|Dark\n|move|p2a: Weavile|Swords Dance|p2a: Weavile\n|-boost|p2a: Weavile|atk|2\n|move|p1a: Incineroar|Close Combat|p2a: Weavile\n|-supereffective|p2a: Weavile\n|-damage|p2a: Weavile|0 fnt\n|-unboost|p1a: Incineroar|def|1\n|-unboost|p1a: Incineroar|spd|1\n|faint|p2a: Weavile\n|\n|win|p0x2899108f", "uploadtime": 1783572449, "views": 0, "rating": 0, "private": 0, "password": null, "_winner": "p0x2899108f", "_our_name": "p0x2899108f"}