{"id": "battle-gen9randombattle-2439", "formatid": "gen9randombattle", "format": "[Gen 9] Random Battle", "players": ["p0x24394a3b", "p0y24399c33"], "log": "|init|battle\n|title|p0x24394a3b vs. p0y24399c33\n|j|\u2606p0x24394a3b\n|j|\u2606p0y24399c33\n|t:|1783568270\n|gametype|singles\n|player|p1|p0x24394a3b|101|\n|player|p2|p0y24399c33|169|\n|gen|9\n|tier|[Gen 9] Random Battle\n|rule|Species Clause: Limit one of each Pok\u00e9mon\n|rule|HP Percentage Mod: HP is shown in percentages\n|rule|Sleep Clause Mod: Limit one foe put to sleep\n|rule|Illusion Level Mod: Illusion disguises the Pok\u00e9mon's true level\n|\n|t:|1783568270\n|teamsize|p1|6\n|teamsize|p2|6\n|start\n|switch|p1a: Sceptile|Sceptile, L87, F|100/100\n|switch|p2a: Heracross|Heracross, L80, M|259/259\n|turn|1\n|inactive|Battle timer is ON: inactive players will automatically lose when time's up. (requested by p0y24399c33)\n|inactive|p0x24394a3b also wants the timer to be on.\n|\n|t:|1783568272\n|switch|p1a: Ampharos|Ampharos, L88, F|100/100\n|move|p2a: Heracross|Megahorn|p1a: Ampharos\n|-damage|p1a: Ampharos|35/100\n|\n|upkeep\n|turn|2\n|inactive|Time left: 300 sec this turn | 300 sec total\n|\n|t:|1783568273\n|-terastallize|p1a: Ampharos|Fairy\n|move|p2a: Heracross|Megahorn|p1a: Ampharos\n|-resisted|p1a: Ampharos\n|-damage|p1a: Ampharos|0 fnt\n|faint|p1a: Ampharos\n|-ability|p2a: Heracross|Moxie|boost\n|-boost|p2a: Heracross|atk|1\n|\n|upkeep\n|\n|t:|1783568274\n|switch|p1a: Froslass|Froslass, L87, F|100/100\n|turn|3\n|inactive|Time left: 300 sec this turn | 300 sec total\n|\n|t:|1783568275\n|move|p1a: Froslass|Will-O-Wisp|p2a: Heracross\n|-status|p2a: Heracross|brn\n|move|p2a: Heracross|Megahorn|p1a: Froslass\n|-resisted|p1a: Froslass\n|-damage|p1a: Froslass|68/100\n|\n|-damage|p2a: Heracross|243/259 brn|[from] brn\n|upkeep\n|turn|4\n|inactive|Time left: 300 sec this turn | 300 sec total\n|\n|t:|1783568276\n|move|p1a: Froslass|Triple Axel|p2a: Heracross\n|-damage|p2a: Heracross|218/259 brn\n|-damage|p2a: Heracross|170/259 brn\n|-damage|p2a: Heracross|101/259 brn\n|-hitcount|p2a: Heracross|3\n|move|p2a: Heracross|Megahorn|p1a: Froslass|[miss]\n|-miss|p2a: Heracross|p1a: Froslass\n|\n|-damage|p2a: Heracross|85/259 brn|[from] brn\n|upkeep\n|turn|5\n|inactive|Time left: 300 sec this turn | 300 sec total\n|\n|t:|1783568276\n|move|p1a: Froslass|Poltergeist|p2a: Heracross\n|-activate|p2a: Heracross|move: Poltergeist|Choice Band\n|-damage|p2a: Heracross|0 fnt\n|faint|p2a: Heracross\n|\n|upkeep\n|inactive|Time left: 300 sec this turn | 300 sec total | 5 sec grace\n|\n|t:|1783568277\n|switch|p2a: Lycanroc|Lycanroc, L86, F|269/269\n|turn|6\n|inactive|Time left: 300 sec this turn | 300 sec total\n|\n|t:|1783568278\n|move|p2a: Lycanroc|Stone Edge|p1a: Froslass\n|-supereffective|p1a: Froslass\n|-damage|p1a: Froslass|0 fnt\n|faint|p1a: Froslass\n|-damage|p2a: Lycanroc|243/269|[from] item: Life Orb\n|\n|upkeep\n|\n|t:|1783568279\n|switch|p1a: Flygon|Flygon, L82, M|100/100\n|turn|7\n|inactive|Time left: 300 sec this turn | 300 sec total\n|\n|t:|1783568280\n|switch|p2a: Mabosstiff|Mabosstiff, L86, F|278/278\n|move|p1a: Flygon|Outrage|p2a: Mabosstiff\n|-crit|p2a: Mabosstiff\n|-damage|p2a: Mabosstiff|110/278\n|\n|upkeep\n|turn|8\n|inactive|Time left: 300 sec this turn | 300 sec total\n|\n|t:|1783568281\n|-terastallize|p2a: Mabosstiff|Fairy\n|move|p1a: Flygon|Outrage|p2a: Mabosstiff|[from] lockedmove\n|-immune|p2a: Mabosstiff\n|move|p2a: Mabosstiff|Play Rough|p1a: Flygon|[miss]\n|-miss|p2a: Mabosstiff|p1a: Flygon\n|\n|upkeep\n|turn|9\n|inactive|Time left: 300 sec this turn | 300 sec total\n|\n|t:|1783568282\n|move|p1a: Flygon|Earthquake|p2a: Mabosstiff\n|-damage|p2a: Mabosstiff|10/278\n|move|p2a: Mabosstiff|Play Rough|p1a: Flygon\n|-supereffective|p1a: Flygon\n|-damage|p1a: Flygon|0 fnt\n|faint|p1a: Flygon\n|\n|upkeep\n|\n|t:|1783568284\n|switch|p1a: Dunsparce|Dunsparce, L86, F|100/100\n|turn|10\n|inactive|Time left: 300 sec this turn | 300 sec total\n|\n|t:|1783568285\n|move|p2a: Mabosstiff|Play Rough|p1a: Dunsparce\n|-damage|p1a: Dunsparce|55/100\n|move|p1a: Dunsparce|Coil|p1a: Dunsparce\n|-boost|p1a: Dunsparce|atk|1\n|-boost|p1a: Dunsparce|def|1\n|-boost|p1a: Dunsparce|accuracy|1\n|\n|upkeep\n|turn|11\n|inactive|Time left: 300 sec this turn | 300 sec total\n|\n|t:|1783568286\n|move|p2a: Mabosstiff|Play Rough|p1a: Dunsparce\n|-damage|p1a: Dunsparce|27/100\n|move|p1a: Dunsparce|Roost|p1a: Dunsparce\n|-heal|p1a: Dunsparce|77/100\n|-singleturn|p1a: Dunsparce|move: Roost\n|\n|upkeep\n|turn|12\n|inactive|Time left: 300 sec this turn | 300 sec total\n|\n|t:|1783568287\n|move|p2a: Mabosstiff|Play Rough|p1a: Dunsparce\n|-damage|p1a: Dunsparce|48/100\n|move|p1a: Dunsparce|Coil|p1a: Dunsparce\n|-boost|p1a: Dunsparce|atk|1\n|-boost|p1a: Dunsparce|def|1\n|-boost|p1a: Dunsparce|accuracy|1\n|\n|upkeep\n|turn|13\n|inactive|Time left: 300 sec this turn | 300 sec total\n|\n|t:|1783568288\n|move|p2a: Mabosstiff|Play Rough|p1a: Dunsparce\n|-damage|p1a: Dunsparce|25/100\n|move|p1a: Dunsparce|Roost|p1a: Dunsparce\n|-heal|p1a: Dunsparce|75/100\n|-singleturn|p1a: Dunsparce|move: Roost\n|\n|upkeep\n|turn|14\n|inactive|Time left: 300 sec this turn | 300 sec total\n|\n|t:|1783568289\n|move|p2a: Mabosstiff|Play Rough|p1a: Dunsparce\n|-damage|p1a: Dunsparce|53/100\n|move|p1a: Dunsparce|Body Slam|p2a: Mabosstiff\n|-damage|p2a: Mabosstiff|0 fnt\n|faint|p2a: Mabosstiff\n|\n|upkeep\n|inactive|Time left: 300 sec this turn | 300 sec total | 5 sec grace\n|\n|t:|1783568289\n|switch|p2a: Clodsire|Clodsire, L81, F|343/343\n|turn|15\n|inactive|Time left: 300 sec this turn | 300 sec total\n|\n|t:|1783568290\n|move|p1a: Dunsparce|Body Slam|p2a: Clodsire\n|-damage|p2a: Clodsire|250/343\n|move|p2a: Clodsire|Toxic|p1a: Dunsparce\n|-status|p1a: Dunsparce|tox\n|\n|-heal|p2a: Clodsire|271/343|[from] item: Leftovers\n|-damage|p1a: Dunsparce|47/100 tox|[from] psn\n|upkeep\n|turn|16\n|inactive|Time left: 300 sec this turn | 300 sec total\n|\n|t:|1783568291\n|move|p1a: Dunsparce|Roost|p1a: Dunsparce\n|-heal|p1a: Dunsparce|97/100 tox\n|-singleturn|p1a: Dunsparce|move: Roost\n|move|p2a: Clodsire|Recover|p2a: Clodsire\n|-heal|p2a: Clodsire|343/343\n|\n|-damage|p1a: Dunsparce|85/100 tox|[from] psn\n|upkeep\n|turn|17\n|inactive|Time left: 300 sec this turn | 300 sec total\n|\n|t:|1783568292\n|move|p1a: Dunsparce|Body Slam|p2a: Clodsire\n|-crit|p2a: Clodsire\n|-damage|p2a: Clodsire|198/343\n|-status|p2a: Clodsire|par\n|move|p2a: Clodsire|Earthquake|p1a: Dunsparce\n|-damage|p1a: Dunsparce|66/100 tox\n|\n|-heal|p2a: Clodsire|219/343 par|[from] item: Leftovers\n|-damage|p1a: Dunsparce|48/100 tox|[from] psn\n|upkeep\n|turn|18\n|inactive|Time left: 300 sec this turn | 300 sec total\n|\n|t:|1783568293\n|move|p1a: Dunsparce|Roost|p1a: Dunsparce\n|-heal|p1a: Dunsparce|98/100 tox\n|-singleturn|p1a: Dunsparce|move: Roost\n|cant|p2a: Clodsire|par\n|\n|-heal|p2a: Clodsire|240/343 par|[from] item: Leftovers\n|-damage|p1a: Dunsparce|74/100 tox|[from] psn\n|upkeep\n|turn|19\n|inactive|Time left: 300 sec this turn | 300 sec total\n|\n|t:|1783568294\n|move|p1a: Dunsparce|Body Slam|p2a: Clodsire\n|-damage|p2a: Clodsire|146/343 par\n|move|p2a: Clodsire|Recover|p2a: Clodsire\n|-heal|p2a: Clodsire|318/343 par\n|\n|-heal|p2a: Clodsire|339/343 par|[from] item: Leftovers\n|-damage|p1a: Dunsparce|43/100 tox|[from] psn\n|upkeep\n|turn|20\n|inactive|Time left: 300 sec this turn | 300 sec total\n|\n|t:|1783568295\n|move|p1a: Dunsparce|Roost|p1a: Dunsparce\n|-heal|p1a: Dunsparce|93/100 tox\n|-singleturn|p1a: Dunsparce|move: Roost\n|move|p2a: Clodsire|Spikes|p1a: Dunsparce\n|-sidestart|p1: p0x24394a3b|Spikes\n|\n|-heal|p2a: Clodsire|343/343 par|[from] item: Leftovers\n|-damage|p1a: Dunsparce|57/100 tox|[from] psn\n|upkeep\n|turn|21\n|inactive|Time left: 300 sec this turn | 300 sec total\n|\n|t:|1783568296\n|switch|p1a: Kingambit|Kingambit, L74, M|100/100\n|-damage|p1a: Kingambit|88/100|[from] Spikes\n|-activate|p1a: Kingambit|ability: Supreme Overlord\n|-start|p1a: Kingambit|fallen3|[silent]\n|move|p2a: Clodsire|Toxic|p1a: Kingambit\n|-immune|p1a: Kingambit\n|\n|-heal|p1a: Kingambit|94/100|[from] item: Leftovers\n|upkeep\n|turn|22\n|inactive|Time left: 300 sec this turn | 300 sec total\n|\n|t:|1783568297\n|move|p1a: Kingambit|Swords Dance|p1a: Kingambit\n|-boost|p1a: Kingambit|atk|2\n|move|p2a: Clodsire|Earthquake|p1a: Kingambit\n|-supereffective|p1a: Kingambit\n|-damage|p1a: Kingambit|36/100\n|\n|-heal|p1a: Kingambit|42/100|[from] item: Leftovers\n|upkeep\n|turn|23\n|inactive|Time left: 300 sec this turn | 300 sec total\n|\n|t:|1783568298\n|move|p1a: Kingambit|Iron Head|p2a: Clodsire\n|-damage|p2a: Clodsire|178/343 par\n|cant|p2a: Clodsire|flinch\n|\n|-heal|p1a: Kingambit|48/100|[from] item: Leftovers\n|-heal|p2a: Clodsire|199/343 par|[from] item: Leftovers\n|upkeep\n|turn|24\n|inactive|Time left: 300 sec this turn | 300 sec total\n|\n|t:|1783568299\n|move|p1a: Kingambit|Iron Head|p2a: Clodsire\n|-damage|p2a: Clodsire|43/343 par\n|cant|p2a: Clodsire|flinch\n|\n|-heal|p1a: Kingambit|53/100|[from] item: Leftovers\n|-heal|p2a: Clodsire|64/343 par|[from] item: Leftovers\n|upkeep\n|turn|25\n|inactive|Time left: 300 sec this turn | 300 sec total\n|\n|t:|1783568300\n|move|p1a: Kingambit|Iron Head|p2a: Clodsire\n|-damage|p2a: Clodsire|0 fnt\n|faint|p2a: Clodsire\n|\n|-heal|p1a: Kingambit|59/100|[from] item: Leftovers\n|upkeep\n|inactive|Time left: 300 sec this turn | 300 sec total | 5 sec grace\n|\n|t:|1783568301\n|switch|p2a: Sceptile|Sceptile, L87, M|264/264\n|turn|26\n|inactive|Time left: 300 sec this turn | 300 sec total\n|\n|t:|1783568302\n|move|p1a: Kingambit|Sucker Punch|p2a: Sceptile\n|-damage|p2a: Sceptile|35/264\n|move|p2a: Sceptile|Earthquake|p1a: Kingambit\n|-supereffective|p1a: Kingambit\n|-damage|p1a: Kingambit|0 fnt\n|faint|p1a: Kingambit\n|-end|p1a: Kingambit|fallen3|[silent]\n|-damage|p2a: Sceptile|9/264|[from] item: Life Orb\n|\n|upkeep\n|\n|t:|1783568303\n|switch|p1a: Sceptile|Sceptile, L87, F|100/100\n|-damage|p1a: Sceptile|88/100|[from] Spikes\n|turn|27\n|inactive|Time left: 300 sec this turn | 300 sec total\n|\n|t:|1783568304\n|move|p1a: Sceptile|Rock Slide|p2a: Sceptile|[miss]\n|-miss|p1a: Sceptile|p2a: Sceptile\n|move|p2a: Sceptile|Leaf Blade|p1a: Sceptile\n|-resisted|p1a: Sceptile\n|-damage|p1a: Sceptile|46/100\n|-damage|p2a: Sceptile|0 fnt|[from] item: Life Orb\n|faint|p2a: Sceptile\n|\n|upkeep\n|inactive|Time left: 300 sec this turn | 300 sec total | 5 sec grace\n|\n|t:|1783568305\n|switch|p2a: Klefki|Klefki, L84, M|233/233\n|turn|28\n|inactive|Time left: 300 sec this turn | 300 sec total\n|\n|t:|1783568306\n|move|p1a: Sceptile|Focus Blast|p2a: Klefki\n|-damage|p2a: Klefki|106/233\n|-damage|p1a: Sceptile|36/100|[from] item: Life Orb\n|move|p2a: Klefki|Play Rough|p1a: Sceptile\n|-damage|p1a: Sceptile|0 fnt\n|faint|p1a: Sceptile\n|\n|-heal|p2a: Klefki|120/233|[from] item: Leftovers\n|upkeep\n|\n|t:|1783568307\n|switch|p1a: Dunsparce|Dunsparce, L86, F|57/100 tox\n|-damage|p1a: Dunsparce|44/100 tox|[from] Spikes\n|turn|29\n|inactive|Time left: 300 sec this turn | 300 sec total\n|\n|t:|1783568308\n|switch|p2a: Lycanroc|Lycanroc, L86, F|243/269\n|move|p1a: Dunsparce|Body Slam|p2a: Lycanroc\n|-resisted|p2a: Lycanroc\n|-damage|p2a: Lycanroc|195/269\n|-status|p2a: Lycanroc|par\n|\n|-damage|p1a: Dunsparce|38/100 tox|[from] psn\n|upkeep\n|turn|30\n|inactive|Time left: 300 sec this turn | 300 sec total\n|\n|t:|1783568309\n|move|p1a: Dunsparce|Roost|p1a: Dunsparce\n|-heal|p1a: Dunsparce|88/100 tox\n|-singleturn|p1a: Dunsparce|move: Roost\n|move|p2a: Lycanroc|Close Combat|p1a: Dunsparce\n|-supereffective|p1a: Dunsparce\n|-damage|p1a: Dunsparce|20/100 tox\n|-unboost|p2a: Lycanroc|def|1\n|-unboost|p2a: Lycanroc|spd|1\n|-damage|p2a: Lycanroc|169/269 par|[from] item: Life Orb\n|\n|-damage|p1a: Dunsparce|8/100 tox|[from] psn\n|upkeep\n|turn|31\n|inactive|Time left: 300 sec this turn | 300 sec total\n|\n|t:|1783568310\n|move|p1a: Dunsparce|Roost|p1a: Dunsparce\n|-heal|p1a: Dunsparce|58/100 tox\n|-singleturn|p1a: Dunsparce|move: Roost\n|move|p2a: Lycanroc|Stone Edge|p1a: Dunsparce\n|-damage|p1a: Dunsparce|16/100 tox\n|-damage|p2a: Lycanroc|143/269 par|[from] item: Life Orb\n|\n|-damage|p1a: Dunsparce|0 fnt|[from] psn\n|faint|p1a: Dunsparce\n|\n|win|p0y24399c33", "uploadtime": 1783568310, "views": 0, "rating": 0, "private": 0, "password": null, "_winner": "p0y24399c33", "_our_name": "p0y24399c33"}