{"id": "battle-gen9randombattle-753", "formatid": "gen9randombattle", "format": "[Gen 9] Random Battle", "players": ["p0x7543bec", "p0y754b974"], "log": "|init|battle\n|title|p0x7543bec vs. p0y754b974\n|j|\u2606p0x7543bec\n|j|\u2606p0y754b974\n|t:|1783547869\n|gametype|singles\n|player|p1|p0x7543bec|1|\n|player|p2|p0y754b974|2|\n|gen|9\n|tier|[Gen 9] Random Battle\n|rule|Species Clause: Limit one of each Pok\u00e9mon\n|rule|HP Percentage Mod: HP is shown in percentages\n|rule|Sleep Clause Mod: Limit one foe put to sleep\n|rule|Illusion Level Mod: Illusion disguises the Pok\u00e9mon's true level\n|\n|t:|1783547869\n|teamsize|p1|6\n|teamsize|p2|6\n|start\n|switch|p1a: Toedscruel|Toedscruel, L87, M|100/100\n|switch|p2a: Articuno|Articuno-Galar, L84|288/288\n|turn|1\n|inactive|Battle timer is ON: inactive players will automatically lose when time's up. (requested by p0y754b974)\n|inactive|p0x7543bec also wants the timer to be on.\n|\n|t:|1783547870\n|move|p2a: Articuno|Hurricane|p1a: Toedscruel\n|-supereffective|p1a: Toedscruel\n|-damage|p1a: Toedscruel|29/100\n|move|p1a: Toedscruel|Toxic|p2a: Articuno\n|-status|p2a: Articuno|tox\n|\n|-heal|p1a: Toedscruel|35/100|[from] item: Leftovers\n|-damage|p2a: Articuno|270/288 tox|[from] psn\n|upkeep\n|turn|2\n|inactive|Time left: 300 sec this turn | 300 sec total\n|\n|t:|1783547872\n|move|p1a: Toedscruel|Giga Drain|p2a: Articuno\n|-resisted|p2a: Articuno\n|-damage|p2a: Articuno|236/288 tox\n|-heal|p1a: Toedscruel|41/100|[from] drain|[of] p2a: Articuno\n|move|p2a: Articuno|Hurricane|p1a: Toedscruel\n|-supereffective|p1a: Toedscruel\n|-damage|p1a: Toedscruel|0 fnt\n|faint|p1a: Toedscruel\n|\n|-damage|p2a: Articuno|200/288 tox|[from] psn\n|upkeep\n|\n|t:|1783547872\n|switch|p1a: Porygon-Z|Porygon-Z, L83|100/100\n|turn|3\n|inactive|Time left: 300 sec this turn | 300 sec total\n|\n|t:|1783547873\n|move|p2a: Articuno|Hurricane|p1a: Porygon-Z|[miss]\n|-miss|p2a: Articuno|p1a: Porygon-Z\n|move|p1a: Porygon-Z|Tera Blast|p2a: Articuno\n|-damage|p2a: Articuno|28/288 tox\n|-damage|p1a: Porygon-Z|91/100|[from] item: Life Orb\n|\n|-damage|p2a: Articuno|0 fnt|[from] psn\n|faint|p2a: Articuno\n|upkeep\n|inactive|Time left: 300 sec this turn | 300 sec total | 5 sec grace\n|\n|t:|1783547874\n|switch|p2a: Sunflora|Sunflora, F|312/312\n|turn|4\n|inactive|Time left: 300 sec this turn | 300 sec total\n|\n|t:|1783547875\n|move|p1a: Porygon-Z|Tera Blast|p2a: Sunflora\n|-damage|p2a: Sunflora|133/312\n|-damage|p1a: Porygon-Z|81/100|[from] item: Life Orb\n|move|p2a: Sunflora|Leaf Storm|p1a: Porygon-Z\n|-damage|p1a: Porygon-Z|0 fnt\n|-unboost|p2a: Sunflora|spa|2\n|faint|p1a: Porygon-Z\n|\n|upkeep\n|\n|t:|1783547876\n|switch|p1a: Kommo-o|Kommo-o, L77, M|100/100\n|turn|5\n|inactive|Time left: 300 sec this turn | 300 sec total\n|\n|t:|1783547878\n|move|p1a: Kommo-o|Swords Dance|p1a: Kommo-o\n|-boost|p1a: Kommo-o|atk|2\n|move|p2a: Sunflora|Leaf Storm|p1a: Kommo-o\n|-resisted|p1a: Kommo-o\n|-damage|p1a: Kommo-o|69/100\n|-unboost|p2a: Sunflora|spa|2\n|\n|upkeep\n|turn|6\n|inactive|Time left: 300 sec this turn | 300 sec total\n|\n|t:|1783547878\n|switch|p2a: Skeledirge|Skeledirge, L79, M|294/294\n|move|p1a: Kommo-o|Scale Shot|p2a: Skeledirge\n|-damage|p2a: Skeledirge|267/294\n|-damage|p2a: Skeledirge|243/294\n|-damage|p2a: Skeledirge|221/294\n|-damage|p2a: Skeledirge|194/294\n|-hitcount|p2a: Skeledirge|4\n|-unboost|p1a: Kommo-o|def|1\n|-boost|p1a: Kommo-o|spe|1\n|\n|upkeep\n|turn|7\n|inactive|Time left: 300 sec this turn | 300 sec total\n|\n|t:|1783547880\n|move|p1a: Kommo-o|Scale Shot|p2a: Skeledirge\n|-damage|p2a: Skeledirge|172/294\n|-damage|p2a: Skeledirge|150/294\n|-damage|p2a: Skeledirge|128/294\n|-crit|p2a: Skeledirge\n|-damage|p2a: Skeledirge|94/294\n|-hitcount|p2a: Skeledirge|4\n|-unboost|p1a: Kommo-o|def|1\n|-boost|p1a: Kommo-o|spe|1\n|move|p2a: Skeledirge|Will-O-Wisp|p1a: Kommo-o\n|-status|p1a: Kommo-o|brn\n|\n|-damage|p1a: Kommo-o|63/100 brn|[from] brn\n|upkeep\n|turn|8\n|inactive|Time left: 300 sec this turn | 300 sec total\n|\n|t:|1783547880\n|move|p1a: Kommo-o|Iron Head|p2a: Skeledirge\n|-resisted|p2a: Skeledirge\n|-damage|p2a: Skeledirge|82/294\n|cant|p2a: Skeledirge|flinch\n|\n|-damage|p1a: Kommo-o|57/100 brn|[from] brn\n|upkeep\n|turn|9\n|inactive|Time left: 300 sec this turn | 300 sec total\n|\n|t:|1783547882\n|move|p1a: Kommo-o|Iron Head|p2a: Skeledirge\n|-resisted|p2a: Skeledirge\n|-damage|p2a: Skeledirge|69/294\n|move|p2a: Skeledirge|Hex|p1a: Kommo-o\n|-damage|p1a: Kommo-o|7/100 brn\n|\n|-damage|p1a: Kommo-o|1/100 brn|[from] brn\n|upkeep\n|turn|10\n|inactive|Time left: 300 sec this turn | 300 sec total\n|\n|t:|1783547883\n|switch|p1a: Alcremie|Alcremie-Ruby-Cream, L90, F|100/100\n|move|p2a: Skeledirge|Slack Off|p2a: Skeledirge\n|-heal|p2a: Skeledirge|216/294\n|\n|upkeep\n|turn|11\n|inactive|Time left: 300 sec this turn | 300 sec total\n|\n|t:|1783547884\n|move|p1a: Alcremie|Calm Mind|p1a: Alcremie\n|-boost|p1a: Alcremie|spa|1\n|-boost|p1a: Alcremie|spd|1\n|move|p2a: Skeledirge|Torch Song|p1a: Alcremie\n|-damage|p1a: Alcremie|78/100\n|-boost|p2a: Skeledirge|spa|1\n|\n|-heal|p1a: Alcremie|84/100|[from] item: Leftovers\n|upkeep\n|turn|12\n|inactive|Time left: 300 sec this turn | 300 sec total\n|\n|t:|1783547885\n|move|p1a: Alcremie|Calm Mind|p1a: Alcremie\n|-boost|p1a: Alcremie|spa|1\n|-boost|p1a: Alcremie|spd|1\n|move|p2a: Skeledirge|Torch Song|p1a: Alcremie\n|-damage|p1a: Alcremie|48/100\n|-boost|p2a: Skeledirge|spa|1\n|\n|-heal|p1a: Alcremie|54/100|[from] item: Leftovers\n|upkeep\n|turn|13\n|inactive|Time left: 300 sec this turn | 300 sec total\n|\n|t:|1783547886\n|move|p1a: Alcremie|Recover|p1a: Alcremie\n|-heal|p1a: Alcremie|100/100\n|move|p2a: Skeledirge|Torch Song|p1a: Alcremie\n|-damage|p1a: Alcremie|53/100\n|-boost|p2a: Skeledirge|spa|1\n|\n|-heal|p1a: Alcremie|59/100|[from] item: Leftovers\n|upkeep\n|turn|14\n|inactive|Time left: 300 sec this turn | 300 sec total\n|\n|t:|1783547887\n|move|p1a: Alcremie|Recover|p1a: Alcremie\n|-heal|p1a: Alcremie|100/100\n|move|p2a: Skeledirge|Torch Song|p1a: Alcremie\n|-damage|p1a: Alcremie|40/100\n|-boost|p2a: Skeledirge|spa|1\n|\n|-heal|p1a: Alcremie|46/100|[from] item: Leftovers\n|upkeep\n|turn|15\n|inactive|Time left: 300 sec this turn | 300 sec total\n|\n|t:|1783547888\n|move|p1a: Alcremie|Recover|p1a: Alcremie\n|-heal|p1a: Alcremie|96/100\n|move|p2a: Skeledirge|Torch Song|p1a: Alcremie\n|-damage|p1a: Alcremie|27/100\n|-boost|p2a: Skeledirge|spa|1\n|\n|-heal|p1a: Alcremie|34/100|[from] item: Leftovers\n|upkeep\n|turn|16\n|inactive|Time left: 300 sec this turn | 300 sec total\n|\n|t:|1783547889\n|-terastallize|p2a: Skeledirge|Water\n|move|p1a: Alcremie|Psyshock|p2a: Skeledirge\n|-damage|p2a: Skeledirge|140/294\n|move|p2a: Skeledirge|Torch Song|p1a: Alcremie\n|-damage|p1a: Alcremie|0 fnt\n|-boost|p2a: Skeledirge|spa|1\n|faint|p1a: Alcremie\n|\n|upkeep\n|\n|t:|1783547890\n|switch|p1a: Glalie|Glalie, L96, F|100/100\n|turn|17\n|inactive|Time left: 300 sec this turn | 300 sec total\n|\n|t:|1783547891\n|switch|p2a: Mamoswine|Mamoswine, L81, M|311/311\n|move|p1a: Glalie|Freeze-Dry|p2a: Mamoswine\n|-damage|p2a: Mamoswine|257/311\n|\n|upkeep\n|turn|18\n|inactive|Time left: 300 sec this turn | 300 sec total\n|\n|t:|1783547892\n|move|p1a: Glalie|Spikes|p2a: Mamoswine\n|-sidestart|p2: p0y754b974|Spikes\n|move|p2a: Mamoswine|Earthquake|p1a: Glalie\n|-damage|p1a: Glalie|44/100\n|\n|upkeep\n|turn|19\n|inactive|Time left: 300 sec this turn | 300 sec total\n|\n|t:|1783547893\n|switch|p1a: Whimsicott|Whimsicott, L84, M|100/100\n|move|p2a: Mamoswine|Earthquake|p1a: Whimsicott\n|-resisted|p1a: Whimsicott\n|-damage|p1a: Whimsicott|64/100\n|\n|-heal|p1a: Whimsicott|69/100|[from] item: Leftovers\n|upkeep\n|turn|20\n|inactive|Time left: 300 sec this turn | 300 sec total\n|\n|t:|1783547894\n|move|p1a: Whimsicott|Leech Seed|p2a: Mamoswine\n|-start|p2a: Mamoswine|move: Leech Seed\n|move|p2a: Mamoswine|Earthquake|p1a: Whimsicott\n|-resisted|p1a: Whimsicott\n|-damage|p1a: Whimsicott|26/100\n|\n|-heal|p1a: Whimsicott|32/100|[from] item: Leftovers\n|-damage|p2a: Mamoswine|219/311|[from] Leech Seed|[of] p1a: Whimsicott\n|-heal|p1a: Whimsicott|48/100|[silent]\n|upkeep\n|turn|21\n|inactive|Time left: 300 sec this turn | 300 sec total\n|\n|t:|1783547895\n|switch|p2a: Venomoth|Venomoth, L84, F|255/255\n|move|p1a: Whimsicott|Moonblast|p2a: Venomoth\n|-resisted|p2a: Venomoth\n|-damage|p2a: Venomoth|204/255\n|-unboost|p2a: Venomoth|spa|1\n|\n|-heal|p1a: Whimsicott|53/100|[from] item: Leftovers\n|upkeep\n|turn|22\n|inactive|Time left: 300 sec this turn | 300 sec total\n|\n|t:|1783547896\n|move|p1a: Whimsicott|Substitute|p1a: Whimsicott\n|-start|p1a: Whimsicott|Substitute\n|-damage|p1a: Whimsicott|29/100\n|move|p2a: Venomoth|Sludge Wave|p1a: Whimsicott\n|-supereffective|p1a: Whimsicott\n|-end|p1a: Whimsicott|Substitute\n|\n|-heal|p1a: Whimsicott|35/100|[from] item: Leftovers\n|upkeep\n|turn|23\n|inactive|Time left: 300 sec this turn | 300 sec total\n|\n|t:|1783547897\n|move|p1a: Whimsicott|Moonblast|p2a: Venomoth\n|-resisted|p2a: Venomoth\n|-damage|p2a: Venomoth|157/255\n|-unboost|p2a: Venomoth|spa|1\n|move|p2a: Venomoth|Quiver Dance|p2a: Venomoth\n|-boost|p2a: Venomoth|spa|1\n|-boost|p2a: Venomoth|spd|1\n|-boost|p2a: Venomoth|spe|1\n|\n|-heal|p1a: Whimsicott|40/100|[from] item: Leftovers\n|upkeep\n|turn|24\n|inactive|Time left: 300 sec this turn | 300 sec total\n|\n|t:|1783547898\n|move|p1a: Whimsicott|Encore|p2a: Venomoth\n|-start|p2a: Venomoth|Encore\n|move|p2a: Venomoth|Quiver Dance|p2a: Venomoth\n|-boost|p2a: Venomoth|spa|1\n|-boost|p2a: Venomoth|spd|1\n|-boost|p2a: Venomoth|spe|1\n|\n|-heal|p1a: Whimsicott|46/100|[from] item: Leftovers\n|upkeep\n|turn|25\n|inactive|Time left: 300 sec this turn | 300 sec total\n|\n|t:|1783547899\n|move|p1a: Whimsicott|Leech Seed|p2a: Venomoth\n|-start|p2a: Venomoth|move: Leech Seed\n|move|p2a: Venomoth|Quiver Dance|p2a: Venomoth\n|-boost|p2a: Venomoth|spa|1\n|-boost|p2a: Venomoth|spd|1\n|-boost|p2a: Venomoth|spe|1\n|\n|-heal|p1a: Whimsicott|52/100|[from] item: Leftovers\n|-damage|p2a: Venomoth|126/255|[from] Leech Seed|[of] p1a: Whimsicott\n|-heal|p1a: Whimsicott|65/100|[silent]\n|upkeep\n|turn|26\n|inactive|Time left: 300 sec this turn | 300 sec total\n|\n|t:|1783547900\n|switch|p2a: Skeledirge|Skeledirge, L79, M, tera:Water|140/294\n|move|p1a: Whimsicott|Leech Seed|p2a: Skeledirge|[miss]\n|-miss|p1a: Whimsicott|p2a: Skeledirge\n|\n|-heal|p1a: Whimsicott|71/100|[from] item: Leftovers\n|upkeep\n|turn|27\n|inactive|Time left: 300 sec this turn | 300 sec total\n|\n|t:|1783547901\n|move|p1a: Whimsicott|Moonblast|p2a: Skeledirge\n|-damage|p2a: Skeledirge|34/294\n|-unboost|p2a: Skeledirge|spa|1\n|move|p2a: Skeledirge|Torch Song|p1a: Whimsicott\n|-supereffective|p1a: Whimsicott\n|-damage|p1a: Whimsicott|18/100\n|-boost|p2a: Skeledirge|spa|1\n|\n|-heal|p1a: Whimsicott|24/100|[from] item: Leftovers\n|upkeep\n|turn|28\n|inactive|Time left: 300 sec this turn | 300 sec total\n|\n|t:|1783547902\n|move|p1a: Whimsicott|Moonblast|p2a: Skeledirge\n|-damage|p2a: Skeledirge|0 fnt\n|faint|p2a: Skeledirge\n|\n|-heal|p1a: Whimsicott|30/100|[from] item: Leftovers\n|upkeep\n|inactive|Time left: 300 sec this turn | 300 sec total | 5 sec grace\n|\n|t:|1783547903\n|switch|p2a: Venomoth|Venomoth, L84, F|126/255\n|turn|29\n|inactive|Time left: 300 sec this turn | 300 sec total\n|\n|t:|1783547904\n|move|p1a: Whimsicott|Moonblast|p2a: Venomoth\n|-resisted|p2a: Venomoth\n|-damage|p2a: Venomoth|82/255\n|move|p2a: Venomoth|Bug Buzz|p1a: Whimsicott\n|-damage|p1a: Whimsicott|0 fnt\n|faint|p1a: Whimsicott\n|\n|upkeep\n|\n|t:|1783547905\n|switch|p1a: Glalie|Glalie, L96, F|44/100\n|turn|30\n|inactive|Time left: 300 sec this turn | 300 sec total\n|\n|t:|1783547906\n|switch|p2a: Mamoswine|Mamoswine, L81, M|219/311\n|-damage|p2a: Mamoswine|181/311|[from] Spikes\n|move|p1a: Glalie|Earthquake|p2a: Mamoswine\n|-damage|p2a: Mamoswine|86/311\n|\n|upkeep\n|turn|31\n|inactive|Time left: 300 sec this turn | 300 sec total\n|\n|t:|1783547907\n|move|p1a: Glalie|Earthquake|p2a: Mamoswine\n|-damage|p2a: Mamoswine|0 fnt\n|faint|p2a: Mamoswine\n|\n|upkeep\n|inactive|Time left: 300 sec this turn | 300 sec total | 5 sec grace\n|\n|t:|1783547908\n|switch|p2a: Urshifu|Urshifu, L74, M|270/270\n|-damage|p2a: Urshifu|237/270|[from] Spikes\n|turn|32\n|inactive|Time left: 300 sec this turn | 300 sec total\n|\n|t:|1783547908\n|move|p2a: Urshifu|Wicked Blow|p1a: Glalie\n|-crit|p1a: Glalie\n|-damage|p1a: Glalie|8/100\n|move|p1a: Glalie|Freeze-Dry|p2a: Urshifu\n|-damage|p2a: Urshifu|104/270\n|\n|upkeep\n|turn|33\n|inactive|Time left: 300 sec this turn | 300 sec total\n|\n|t:|1783547909\n|switch|p1a: Kommo-o|Kommo-o, L77, M|1/100 brn\n|move|p2a: Urshifu|Wicked Blow|p1a: Kommo-o\n|-resisted|p1a: Kommo-o\n|-crit|p1a: Kommo-o\n|-damage|p1a: Kommo-o|0 fnt\n|faint|p1a: Kommo-o\n|\n|upkeep\n|\n|t:|1783547910\n|switch|p1a: Glalie|Glalie, L96, F|8/100\n|turn|34\n|inactive|Time left: 300 sec this turn | 300 sec total\n|\n|t:|1783547911\n|-terastallize|p1a: Glalie|Ground\n|move|p2a: Urshifu|Wicked Blow|p1a: Glalie\n|-crit|p1a: Glalie\n|-damage|p1a: Glalie|0 fnt\n|faint|p1a: Glalie\n|\n|win|p0y754b974", "uploadtime": 1783547911, "views": 0, "rating": 0, "private": 0, "password": null, "_winner": "p0y754b974", "_our_name": "p0y754b974"}