{"id": "battle-gen9randombattle-1144", "formatid": "gen9randombattle", "format": "[Gen 9] Random Battle", "players": ["p0x1144160d", "p0y11447afd"], "log": "|init|battle\n|title|p0x1144160d vs. p0y11447afd\n|j|\u2606p0x1144160d\n|j|\u2606p0y11447afd\n|t:|1783553248\n|gametype|singles\n|player|p1|p0x1144160d|170|\n|player|p2|p0y11447afd|1|\n|gen|9\n|tier|[Gen 9] Random Battle\n|rule|Species Clause: Limit one of each Pok\u00e9mon\n|rule|HP Percentage Mod: HP is shown in percentages\n|rule|Sleep Clause Mod: Limit one foe put to sleep\n|rule|Illusion Level Mod: Illusion disguises the Pok\u00e9mon's true level\n|\n|t:|1783553248\n|teamsize|p1|6\n|teamsize|p2|6\n|start\n|switch|p1a: Iron Treads|Iron Treads, L77|265/265\n|switch|p2a: Glastrier|Glastrier, L86|100/100\n|turn|1\n|inactive|Battle timer is ON: inactive players will automatically lose when time's up. (requested by p0x1144160d)\n|\n|t:|1783553250\n|move|p1a: Iron Treads|Iron Head|p2a: Glastrier\n|-supereffective|p2a: Glastrier\n|-damage|p2a: Glastrier|65/100\n|move|p2a: Glastrier|Close Combat|p1a: Iron Treads\n|-supereffective|p1a: Iron Treads\n|-damage|p1a: Iron Treads|49/265\n|-unboost|p2a: Glastrier|def|1\n|-unboost|p2a: Glastrier|spd|1\n|\n|upkeep\n|turn|2\n|inactive|Time left: 300 sec this turn | 300 sec total\n|inactive|p0y11447afd also wants the timer to be on.\n|\n|t:|1783553251\n|move|p1a: Iron Treads|Iron Head|p2a: Glastrier\n|-supereffective|p2a: Glastrier\n|-damage|p2a: Glastrier|11/100\n|move|p2a: Glastrier|Icicle Crash|p1a: Iron Treads\n|-damage|p1a: Iron Treads|0 fnt\n|faint|p1a: Iron Treads\n|-end|p1a: Iron Treads|Quark Drive|[silent]\n|-ability|p2a: Glastrier|Chilling Neigh|boost\n|-boost|p2a: Glastrier|atk|1\n|\n|upkeep\n|inactive|Time left: 300 sec this turn | 300 sec total | 5 sec grace\n|\n|t:|1783553253\n|switch|p1a: Malamar|Malamar, L82, M|275/275\n|turn|3\n|inactive|Time left: 300 sec this turn | 300 sec total\n|\n|t:|1783553254\n|switch|p2a: Basculegion|Basculegion-F, L83, F|100/100\n|move|p1a: Malamar|Superpower|p2a: Basculegion\n|-immune|p2a: Basculegion\n|\n|upkeep\n|turn|4\n|inactive|Time left: 300 sec this turn | 300 sec total\n|\n|t:|1783553255\n|move|p2a: Basculegion|Hydro Pump|p1a: Malamar\n|-damage|p1a: Malamar|79/275\n|move|p1a: Malamar|Knock Off|p2a: Basculegion\n|-supereffective|p2a: Basculegion\n|-damage|p2a: Basculegion|27/100\n|-enditem|p2a: Basculegion|Assault Vest|[from] move: Knock Off|[of] p1a: Malamar\n|\n|upkeep\n|turn|5\n|inactive|Time left: 300 sec this turn | 300 sec total\n|\n|t:|1783553256\n|switch|p1a: Salamence|Salamence, L77, F|273/273\n|move|p2a: Basculegion|Shadow Ball|p1a: Salamence\n|-damage|p1a: Salamence|135/273\n|-unboost|p1a: Salamence|spd|1\n|\n|upkeep\n|turn|6\n|inactive|Time left: 300 sec this turn | 300 sec total\n|\n|t:|1783553257\n|switch|p2a: Primarina|Primarina, L83, M|100/100\n|move|p1a: Salamence|Outrage|p2a: Primarina\n|-immune|p2a: Primarina\n|\n|upkeep\n|turn|7\n|inactive|Time left: 300 sec this turn | 300 sec total\n|\n|t:|1783553259\n|move|p1a: Salamence|Dual Wingbeat|p2a: Primarina\n|-damage|p2a: Primarina|82/100\n|-damage|p2a: Primarina|63/100\n|-hitcount|p2a: Primarina|2\n|move|p2a: Primarina|Calm Mind|p2a: Primarina\n|-boost|p2a: Primarina|spa|1\n|-boost|p2a: Primarina|spd|1\n|\n|-heal|p2a: Primarina|69/100|[from] item: Leftovers\n|upkeep\n|turn|8\n|inactive|Time left: 300 sec this turn | 300 sec total\n|\n|t:|1783553260\n|move|p1a: Salamence|Dual Wingbeat|p2a: Primarina\n|-damage|p2a: Primarina|49/100\n|-damage|p2a: Primarina|29/100\n|-hitcount|p2a: Primarina|2\n|move|p2a: Primarina|Draining Kiss|p1a: Salamence\n|-supereffective|p1a: Salamence\n|-damage|p1a: Salamence|0 fnt\n|-heal|p2a: Primarina|67/100|[from] drain|[of] p1a: Salamence\n|faint|p1a: Salamence\n|\n|-heal|p2a: Primarina|73/100|[from] item: Leftovers\n|upkeep\n|inactive|Time left: 300 sec this turn | 300 sec total | 5 sec grace\n|\n|t:|1783553261\n|switch|p1a: Meloetta|Meloetta, L82|298/298\n|turn|9\n|inactive|Time left: 300 sec this turn | 300 sec total\n|\n|t:|1783553262\n|move|p1a: Meloetta|Psyshock|p2a: Primarina\n|-damage|p2a: Primarina|9/100\n|move|p2a: Primarina|Moonblast|p1a: Meloetta\n|-damage|p1a: Meloetta|147/298\n|\n|-heal|p2a: Primarina|15/100|[from] item: Leftovers\n|upkeep\n|turn|10\n|inactive|Time left: 300 sec this turn | 300 sec total\n|\n|t:|1783553263\n|move|p1a: Meloetta|Psyshock|p2a: Primarina\n|-damage|p2a: Primarina|0 fnt\n|faint|p2a: Primarina\n|\n|upkeep\n|\n|t:|1783553264\n|switch|p2a: Glalie|Glalie, L96, M|100/100\n|turn|11\n|inactive|Time left: 300 sec this turn | 300 sec total\n|\n|t:|1783553265\n|move|p2a: Glalie|Earthquake|p1a: Meloetta\n|-damage|p1a: Meloetta|63/298\n|move|p1a: Meloetta|Psyshock|p2a: Glalie\n|-damage|p2a: Glalie|56/100\n|\n|upkeep\n|turn|12\n|inactive|Time left: 300 sec this turn | 300 sec total\n|\n|t:|1783553267\n|switch|p1a: Moltres|Moltres, L81|278/278\n|move|p2a: Glalie|Earthquake|p1a: Moltres\n|-immune|p1a: Moltres\n|\n|upkeep\n|turn|13\n|inactive|Time left: 300 sec this turn | 300 sec total\n|\n|t:|1783553268\n|move|p2a: Glalie|Freeze-Dry|p1a: Moltres\n|-damage|p1a: Moltres|182/278\n|move|p1a: Moltres|Fire Blast|p2a: Glalie|[miss]\n|-miss|p1a: Moltres|p2a: Glalie\n|\n|upkeep\n|turn|14\n|inactive|Time left: 300 sec this turn | 300 sec total\n|\n|t:|1783553269\n|move|p2a: Glalie|Freeze-Dry|p1a: Moltres\n|-damage|p1a: Moltres|100/278\n|-status|p1a: Moltres|frz\n|cant|p1a: Moltres|frz\n|\n|upkeep\n|turn|15\n|inactive|Time left: 300 sec this turn | 300 sec total\n|\n|t:|1783553270\n|move|p2a: Glalie|Freeze-Dry|p1a: Moltres\n|-damage|p1a: Moltres|3/278 frz\n|-curestatus|p1a: Moltres|frz|[from] move: Scorching Sands\n|move|p1a: Moltres|Scorching Sands|p2a: Glalie\n|-damage|p2a: Glalie|38/100\n|-status|p2a: Glalie|brn\n|\n|-damage|p2a: Glalie|32/100 brn|[from] brn\n|upkeep\n|turn|16\n|inactive|Time left: 300 sec this turn | 300 sec total\n|\n|t:|1783553271\n|move|p2a: Glalie|Freeze-Dry|p1a: Moltres\n|-damage|p1a: Moltres|0 fnt\n|faint|p1a: Moltres\n|\n|-damage|p2a: Glalie|26/100 brn|[from] brn\n|upkeep\n|inactive|Time left: 300 sec this turn | 300 sec total | 5 sec grace\n|\n|t:|1783553272\n|switch|p1a: Malamar|Malamar, L82, M|79/275\n|turn|17\n|inactive|Time left: 300 sec this turn | 300 sec total\n|\n|t:|1783553273\n|-terastallize|p1a: Malamar|Steel\n|move|p2a: Glalie|Freeze-Dry|p1a: Malamar\n|-resisted|p1a: Malamar\n|-damage|p1a: Malamar|30/275\n|move|p1a: Malamar|Rest|p1a: Malamar\n|-status|p1a: Malamar|slp|[from] move: Rest\n|-heal|p1a: Malamar|275/275 slp|[silent]\n|-enditem|p1a: Malamar|Chesto Berry|[eat]\n|-curestatus|p1a: Malamar|slp|[msg]\n|\n|-damage|p2a: Glalie|20/100 brn|[from] brn\n|upkeep\n|turn|18\n|inactive|Time left: 300 sec this turn | 300 sec total\n|\n|t:|1783553274\n|switch|p2a: Basculegion|Basculegion-F, L83, F|27/100\n|move|p1a: Malamar|Superpower|p2a: Basculegion\n|-immune|p2a: Basculegion\n|\n|upkeep\n|turn|19\n|inactive|Time left: 300 sec this turn | 300 sec total\n|\n|t:|1783553275\n|switch|p1a: Kingdra|Kingdra, L84, F|263/263\n|move|p2a: Basculegion|Hydro Pump|p1a: Kingdra\n|-resisted|p1a: Kingdra\n|-damage|p1a: Kingdra|225/263\n|\n|upkeep\n|turn|20\n|inactive|Time left: 300 sec this turn | 300 sec total\n|\n|t:|1783553276\n|move|p1a: Kingdra|Dragon Dance|p1a: Kingdra\n|-boost|p1a: Kingdra|atk|1\n|-boost|p1a: Kingdra|spe|1\n|move|p2a: Basculegion|Shadow Ball|p1a: Kingdra\n|-damage|p1a: Kingdra|111/263\n|\n|upkeep\n|turn|21\n|inactive|Time left: 300 sec this turn | 300 sec total\n|\n|t:|1783553277\n|switch|p2a: Glalie|Glalie, L96, M|20/100 brn\n|move|p1a: Kingdra|Outrage|p2a: Glalie\n|-damage|p2a: Glalie|0 fnt\n|faint|p2a: Glalie\n|\n|upkeep\n|\n|t:|1783553278\n|switch|p2a: Dudunsparce|Dudunsparce-Three-Segment, L83, F|100/100\n|turn|22\n|inactive|Time left: 300 sec this turn | 300 sec total\n|\n|t:|1783553279\n|move|p1a: Kingdra|Outrage|p2a: Dudunsparce|[from] lockedmove\n|-damage|p2a: Dudunsparce|42/100\n|move|p2a: Dudunsparce|Roost|p2a: Dudunsparce\n|-heal|p2a: Dudunsparce|92/100\n|-singleturn|p2a: Dudunsparce|move: Roost\n|\n|-heal|p2a: Dudunsparce|98/100|[from] item: Leftovers\n|upkeep\n|turn|23\n|inactive|Time left: 300 sec this turn | 300 sec total\n|\n|t:|1783553280\n|move|p1a: Kingdra|Outrage|p2a: Dudunsparce|[from] lockedmove\n|-damage|p2a: Dudunsparce|39/100\n|-start|p1a: Kingdra|confusion|[fatigue]\n|-enditem|p1a: Kingdra|Lum Berry|[eat]\n|-end|p1a: Kingdra|confusion\n|move|p2a: Dudunsparce|Roost|p2a: Dudunsparce\n|-heal|p2a: Dudunsparce|89/100\n|-singleturn|p2a: Dudunsparce|move: Roost\n|\n|-heal|p2a: Dudunsparce|95/100|[from] item: Leftovers\n|upkeep\n|turn|24\n|inactive|Time left: 300 sec this turn | 300 sec total\n|\n|t:|1783553281\n|move|p1a: Kingdra|Outrage|p2a: Dudunsparce\n|-damage|p2a: Dudunsparce|35/100\n|move|p2a: Dudunsparce|Boomburst|p1a: Kingdra\n|-damage|p1a: Kingdra|0 fnt\n|faint|p1a: Kingdra\n|\n|-heal|p2a: Dudunsparce|41/100|[from] item: Leftovers\n|upkeep\n|inactive|Time left: 300 sec this turn | 300 sec total | 5 sec grace\n|\n|t:|1783553283\n|switch|p1a: Meloetta|Meloetta, L82|63/298\n|turn|25\n|inactive|Time left: 300 sec this turn | 300 sec total\n|\n|t:|1783553284\n|switch|p2a: Basculegion|Basculegion-F, L83, F|27/100\n|move|p1a: Meloetta|Psyshock|p2a: Basculegion\n|-damage|p2a: Basculegion|0 fnt\n|faint|p2a: Basculegion\n|\n|upkeep\n|\n|t:|1783553285\n|switch|p2a: Hitmonchan|Hitmonchan, L87, M|100/100\n|turn|26\n|inactive|Time left: 300 sec this turn | 300 sec total\n|\n|t:|1783553286\n|-terastallize|p2a: Hitmonchan|Steel\n|move|p1a: Meloetta|Psyshock|p2a: Hitmonchan\n|-resisted|p2a: Hitmonchan\n|-crit|p2a: Hitmonchan\n|-damage|p2a: Hitmonchan|49/100\n|move|p2a: Hitmonchan|Drain Punch|p1a: Meloetta\n|-damage|p1a: Meloetta|0 fnt\n|-heal|p2a: Hitmonchan|63/100|[from] drain|[of] p1a: Meloetta\n|faint|p1a: Meloetta\n|\n|-heal|p2a: Hitmonchan|69/100|[from] item: Leftovers\n|upkeep\n|inactive|Time left: 300 sec this turn | 300 sec total | 5 sec grace\n|\n|t:|1783553287\n|switch|p1a: Malamar|Malamar, L82, M, tera:Steel|275/275\n|turn|27\n|inactive|Time left: 300 sec this turn | 300 sec total\n|\n|t:|1783553288\n|move|p2a: Hitmonchan|Drain Punch|p1a: Malamar\n|-supereffective|p1a: Malamar\n|-damage|p1a: Malamar|53/275\n|-heal|p2a: Hitmonchan|100/100|[from] drain|[of] p1a: Malamar\n|move|p1a: Malamar|Rest|p1a: Malamar\n|-status|p1a: Malamar|slp|[from] move: Rest\n|-heal|p1a: Malamar|275/275 slp|[silent]\n|\n|upkeep\n|turn|28\n|inactive|Time left: 300 sec this turn | 300 sec total\n|\n|t:|1783553289\n|move|p2a: Hitmonchan|Drain Punch|p1a: Malamar\n|-supereffective|p1a: Malamar\n|-damage|p1a: Malamar|35/275 slp\n|cant|p1a: Malamar|slp\n|\n|upkeep\n|turn|29\n|inactive|Time left: 300 sec this turn | 300 sec total\n|\n|t:|1783553290\n|move|p2a: Hitmonchan|Drain Punch|p1a: Malamar\n|-supereffective|p1a: Malamar\n|-damage|p1a: Malamar|0 fnt\n|faint|p1a: Malamar\n|\n|win|p0y11447afd", "uploadtime": 1783553290, "views": 0, "rating": 0, "private": 0, "password": null, "_winner": "p0y11447afd", "_our_name": "p0x1144160d"}