{"id": "battle-gen9randombattle-2618", "formatid": "gen9randombattle", "format": "[Gen 9] Random Battle", "players": ["p0x26186d86", "p0y26185f4a"], "log": "|init|battle\n|title|p0x26186d86 vs. p0y26185f4a\n|j|\u2606p0x26186d86\n|j|\u2606p0y26185f4a\n|t:|1783570220\n|gametype|singles\n|player|p1|p0x26186d86|2|\n|player|p2|p0y26185f4a|101|\n|gen|9\n|tier|[Gen 9] Random Battle\n|rule|Species Clause: Limit one of each Pok\u00e9mon\n|rule|HP Percentage Mod: HP is shown in percentages\n|rule|Sleep Clause Mod: Limit one foe put to sleep\n|rule|Illusion Level Mod: Illusion disguises the Pok\u00e9mon's true level\n|\n|t:|1783570220\n|teamsize|p1|6\n|teamsize|p2|6\n|start\n|switch|p1a: Gumshoos|Gumshoos, L95, F|100/100\n|switch|p2a: Raikou|Raikou, L81|278/278\n|-ability|p2a: Raikou|Pressure\n|turn|1\n|inactive|Battle timer is ON: inactive players will automatically lose when time's up. (requested by p0y26185f4a)\n|inactive|p0x26186d86 also wants the timer to be on.\n|\n|t:|1783570222\n|move|p2a: Raikou|Scald|p1a: Gumshoos\n|-damage|p1a: Gumshoos|80/100\n|-status|p1a: Gumshoos|brn\n|move|p1a: Gumshoos|Double-Edge|p2a: Raikou\n|-damage|p2a: Raikou|132/278\n|-damage|p1a: Gumshoos|65/100 brn|[from] Recoil\n|\n|-heal|p2a: Raikou|149/278|[from] item: Leftovers\n|-damage|p1a: Gumshoos|58/100 brn|[from] brn\n|upkeep\n|turn|2\n|inactive|Time left: 300 sec this turn | 300 sec total\n|\n|t:|1783570223\n|move|p2a: Raikou|Thunderbolt|p1a: Gumshoos\n|-damage|p1a: Gumshoos|24/100 brn\n|move|p1a: Gumshoos|Double-Edge|p2a: Raikou\n|-damage|p2a: Raikou|0 fnt\n|faint|p2a: Raikou\n|-damage|p1a: Gumshoos|8/100 brn|[from] Recoil\n|\n|-damage|p1a: Gumshoos|2/100 brn|[from] brn\n|upkeep\n|inactive|Time left: 300 sec this turn | 300 sec total | 5 sec grace\n|\n|t:|1783570224\n|switch|p2a: Clawitzer|Clawitzer, L87, F|265/265\n|turn|3\n|inactive|Time left: 300 sec this turn | 300 sec total\n|\n|t:|1783570225\n|move|p2a: Clawitzer|Dark Pulse|p1a: Gumshoos\n|-damage|p1a: Gumshoos|0 fnt\n|faint|p1a: Gumshoos\n|\n|upkeep\n|\n|t:|1783570226\n|switch|p1a: Gogoat|Gogoat, L88, M|100/100\n|turn|4\n|inactive|Time left: 300 sec this turn | 300 sec total\n|\n|t:|1783570227\n|-terastallize|p2a: Clawitzer|Dark\n|move|p1a: Gogoat|Bulk Up|p1a: Gogoat\n|-boost|p1a: Gogoat|atk|1\n|-boost|p1a: Gogoat|def|1\n|move|p2a: Clawitzer|Dark Pulse|p1a: Gogoat\n|-damage|p1a: Gogoat|36/100\n|\n|-heal|p1a: Gogoat|42/100|[from] item: Leftovers\n|upkeep\n|turn|5\n|inactive|Time left: 300 sec this turn | 300 sec total\n|\n|t:|1783570228\n|move|p1a: Gogoat|Milk Drink|p1a: Gogoat\n|-heal|p1a: Gogoat|92/100\n|move|p2a: Clawitzer|Dark Pulse|p1a: Gogoat\n|-damage|p1a: Gogoat|23/100\n|\n|-heal|p1a: Gogoat|29/100|[from] item: Leftovers\n|upkeep\n|turn|6\n|inactive|Time left: 300 sec this turn | 300 sec total\n|\n|t:|1783570229\n|move|p1a: Gogoat|Milk Drink|p1a: Gogoat\n|-heal|p1a: Gogoat|79/100\n|move|p2a: Clawitzer|Dark Pulse|p1a: Gogoat\n|-damage|p1a: Gogoat|13/100\n|\n|-heal|p1a: Gogoat|19/100|[from] item: Leftovers\n|upkeep\n|turn|7\n|inactive|Time left: 300 sec this turn | 300 sec total\n|\n|t:|1783570230\n|move|p1a: Gogoat|Horn Leech|p2a: Clawitzer\n|-damage|p2a: Clawitzer|141/265\n|-heal|p1a: Gogoat|36/100|[from] drain|[of] p2a: Clawitzer\n|move|p2a: Clawitzer|Dark Pulse|p1a: Gogoat\n|-damage|p1a: Gogoat|0 fnt\n|faint|p1a: Gogoat\n|\n|upkeep\n|\n|t:|1783570231\n|switch|p1a: Kommo-o|Kommo-o, L77, M|100/100\n|turn|8\n|inactive|Time left: 300 sec this turn | 300 sec total\n|\n|t:|1783570232\n|move|p1a: Kommo-o|Swords Dance|p1a: Kommo-o\n|-boost|p1a: Kommo-o|atk|2\n|move|p2a: Clawitzer|Dark Pulse|p1a: Kommo-o\n|-resisted|p1a: Kommo-o\n|-damage|p1a: Kommo-o|56/100\n|\n|upkeep\n|turn|9\n|inactive|Time left: 300 sec this turn | 300 sec total\n|\n|t:|1783570233\n|switch|p2a: Luxray|Luxray, L88, F|284/284\n|-ability|p2a: Luxray|Intimidate|boost\n|-unboost|p1a: Kommo-o|atk|1\n|move|p1a: Kommo-o|Scale Shot|p2a: Luxray\n|-damage|p2a: Luxray|248/284\n|-damage|p2a: Luxray|209/284\n|-damage|p2a: Luxray|166/284\n|-damage|p2a: Luxray|126/284\n|-hitcount|p2a: Luxray|4\n|-unboost|p1a: Kommo-o|def|1\n|-boost|p1a: Kommo-o|spe|1\n|\n|upkeep\n|turn|10\n|inactive|Time left: 300 sec this turn | 300 sec total\n|\n|t:|1783570234\n|switch|p2a: Slowking|Slowking-Galar, L85, M|300/300\n|move|p1a: Kommo-o|Scale Shot|p2a: Slowking\n|-damage|p2a: Slowking|261/300\n|-damage|p2a: Slowking|219/300\n|-damage|p2a: Slowking|179/300\n|-damage|p2a: Slowking|142/300\n|-damage|p2a: Slowking|106/300\n|-hitcount|p2a: Slowking|5\n|-unboost|p1a: Kommo-o|def|1\n|-boost|p1a: Kommo-o|spe|1\n|\n|upkeep\n|turn|11\n|inactive|Time left: 300 sec this turn | 300 sec total\n|\n|t:|1783570235\n|switch|p2a: Luxray|Luxray, L88, F|126/284\n|-ability|p2a: Luxray|Intimidate|boost\n|-unboost|p1a: Kommo-o|atk|1\n|move|p1a: Kommo-o|Scale Shot|p2a: Luxray\n|-damage|p2a: Luxray|101/284\n|-damage|p2a: Luxray|73/284\n|-damage|p2a: Luxray|48/284\n|-damage|p2a: Luxray|20/284\n|-hitcount|p2a: Luxray|4\n|-unboost|p1a: Kommo-o|def|1\n|-boost|p1a: Kommo-o|spe|1\n|\n|upkeep\n|turn|12\n|inactive|Time left: 300 sec this turn | 300 sec total\n|\n|t:|1783570236\n|move|p1a: Kommo-o|Scale Shot|p2a: Luxray\n|-damage|p2a: Luxray|0 fnt\n|faint|p2a: Luxray\n|-hitcount|p2: Luxray|1\n|-unboost|p1a: Kommo-o|def|1\n|-boost|p1a: Kommo-o|spe|1\n|\n|upkeep\n|inactive|Time left: 300 sec this turn | 300 sec total | 5 sec grace\n|\n|t:|1783570237\n|switch|p2a: Jumpluff|Jumpluff, L87, F|271/271\n|turn|13\n|inactive|Time left: 300 sec this turn | 300 sec total\n|\n|t:|1783570238\n|move|p1a: Kommo-o|Iron Head|p2a: Jumpluff\n|-damage|p2a: Jumpluff|212/271\n|cant|p2a: Jumpluff|flinch\n|\n|upkeep\n|turn|14\n|inactive|Time left: 300 sec this turn | 300 sec total\n|\n|t:|1783570239\n|-terastallize|p1a: Kommo-o|Steel\n|move|p1a: Kommo-o|Swords Dance|p1a: Kommo-o\n|-boost|p1a: Kommo-o|atk|2\n|move|p2a: Jumpluff|Acrobatics|p1a: Kommo-o\n|-resisted|p1a: Kommo-o\n|-damage|p1a: Kommo-o|17/100\n|\n|upkeep\n|turn|15\n|inactive|Time left: 300 sec this turn | 300 sec total\n|\n|t:|1783570240\n|move|p1a: Kommo-o|Scale Shot|p2a: Jumpluff\n|-crit|p2a: Jumpluff\n|-damage|p2a: Jumpluff|124/271\n|-damage|p2a: Jumpluff|72/271\n|-damage|p2a: Jumpluff|17/271\n|-damage|p2a: Jumpluff|0 fnt\n|faint|p2a: Jumpluff\n|-hitcount|p2: Jumpluff|4\n|-unboost|p1a: Kommo-o|def|1\n|-boost|p1a: Kommo-o|spe|1\n|\n|upkeep\n|inactive|Time left: 300 sec this turn | 300 sec total | 5 sec grace\n|\n|t:|1783570241\n|switch|p2a: Manaphy|Manaphy, L78|284/284\n|turn|16\n|inactive|Time left: 300 sec this turn | 300 sec total\n|\n|t:|1783570242\n|move|p1a: Kommo-o|Close Combat|p2a: Manaphy\n|-damage|p2a: Manaphy|74/284\n|-unboost|p1a: Kommo-o|def|1\n|-unboost|p1a: Kommo-o|spd|1\n|move|p2a: Manaphy|Surf|p1a: Kommo-o\n|-damage|p1a: Kommo-o|0 fnt\n|faint|p1a: Kommo-o\n|\n|-heal|p2a: Manaphy|91/284|[from] item: Leftovers\n|upkeep\n|\n|t:|1783570243\n|switch|p1a: Toxicroak|Toxicroak, L84, M|100/100\n|turn|17\n|inactive|Time left: 300 sec this turn | 300 sec total\n|\n|t:|1783570244\n|move|p2a: Manaphy|Ice Beam|p1a: Toxicroak\n|-damage|p1a: Toxicroak|75/100\n|move|p1a: Toxicroak|Swords Dance|p1a: Toxicroak\n|-boost|p1a: Toxicroak|atk|2\n|\n|-heal|p2a: Manaphy|108/284|[from] item: Leftovers\n|upkeep\n|turn|18\n|inactive|Time left: 300 sec this turn | 300 sec total\n|\n|t:|1783570245\n|move|p2a: Manaphy|Ice Beam|p1a: Toxicroak\n|-damage|p1a: Toxicroak|51/100\n|move|p1a: Toxicroak|Earthquake|p2a: Manaphy\n|-damage|p2a: Manaphy|0 fnt\n|faint|p2a: Manaphy\n|-damage|p1a: Toxicroak|42/100|[from] item: Life Orb\n|\n|upkeep\n|inactive|Time left: 300 sec this turn | 300 sec total | 5 sec grace\n|\n|t:|1783570246\n|switch|p2a: Clawitzer|Clawitzer, L87, F, tera:Dark|141/265\n|turn|19\n|inactive|Time left: 300 sec this turn | 300 sec total\n|\n|t:|1783570247\n|move|p1a: Toxicroak|Earthquake|p2a: Clawitzer\n|-damage|p2a: Clawitzer|0 fnt\n|faint|p2a: Clawitzer\n|-damage|p1a: Toxicroak|32/100|[from] item: Life Orb\n|\n|upkeep\n|inactive|Time left: 300 sec this turn | 300 sec total | 5 sec grace\n|\n|t:|1783570247\n|switch|p2a: Slowking|Slowking-Galar, L85, M|206/300\n|turn|20\n|inactive|Time left: 300 sec this turn | 300 sec total\n|\n|t:|1783570248\n|move|p1a: Toxicroak|Earthquake|p2a: Slowking\n|-supereffective|p2a: Slowking\n|-damage|p2a: Slowking|0 fnt\n|faint|p2a: Slowking\n|-damage|p1a: Toxicroak|22/100|[from] item: Life Orb\n|\n|win|p0x26186d86", "uploadtime": 1783570248, "views": 0, "rating": 0, "private": 0, "password": null, "_winner": "p0x26186d86", "_our_name": "p0y26185f4a"}