{"id": "battle-gen9randombattle-412", "formatid": "gen9randombattle", "format": "[Gen 9] Random Battle", "players": ["p0x412b205", "p0y4127c2a"], "log": "|init|battle\n|title|p0x412b205 vs. p0y4127c2a\n|j|\u2606p0x412b205\n|j|\u2606p0y4127c2a\n|t:|1783544507\n|gametype|singles\n|player|p1|p0x412b205|169|\n|player|p2|p0y4127c2a|2|\n|gen|9\n|tier|[Gen 9] Random Battle\n|rule|Species Clause: Limit one of each Pok\u00e9mon\n|rule|HP Percentage Mod: HP is shown in percentages\n|rule|Sleep Clause Mod: Limit one foe put to sleep\n|rule|Illusion Level Mod: Illusion disguises the Pok\u00e9mon's true level\n|\n|t:|1783544507\n|teamsize|p1|6\n|teamsize|p2|6\n|start\n|switch|p1a: Virizion|Virizion, L82|100/100\n|switch|p2a: Braviary|Braviary-Hisui, L85, M|326/326\n|turn|1\n|inactive|Battle timer is ON: inactive players will automatically lose when time's up. (requested by p0y4127c2a)\n|inactive|p0x412b205 also wants the timer to be on.\n|\n|t:|1783544509\n|-terastallize|p1a: Virizion|Rock\n|move|p1a: Virizion|Stone Edge|p2a: Braviary\n|-supereffective|p2a: Braviary\n|-damage|p2a: Braviary|35/326\n|-damage|p1a: Virizion|91/100|[from] item: Life Orb\n|move|p2a: Braviary|Psychic|p1a: Virizion\n|-damage|p1a: Virizion|45/100\n|\n|upkeep\n|turn|2\n|inactive|Time left: 300 sec this turn | 300 sec total\n|\n|t:|1783544511\n|switch|p2a: Slowbro|Slowbro-Galar, L87, F|307/307\n|move|p1a: Virizion|Leaf Blade|p2a: Slowbro\n|-resisted|p2a: Slowbro\n|-damage|p2a: Slowbro|256/307\n|-damage|p1a: Virizion|35/100|[from] item: Life Orb\n|\n|upkeep\n|turn|3\n|inactive|Time left: 300 sec this turn | 300 sec total\n|\n|t:|1783544512\n|move|p1a: Virizion|Stone Edge|p2a: Slowbro|[miss]\n|-miss|p1a: Virizion|p2a: Slowbro\n|move|p2a: Slowbro|Psychic|p1a: Virizion\n|-damage|p1a: Virizion|0 fnt\n|faint|p1a: Virizion\n|-damage|p2a: Slowbro|226/307|[from] item: Life Orb\n|\n|upkeep\n|\n|t:|1783544513\n|switch|p1a: Gallade|Gallade, L80, M|100/100\n|turn|4\n|inactive|Time left: 300 sec this turn | 300 sec total\n|\n|t:|1783544514\n|move|p1a: Gallade|Night Slash|p2a: Slowbro\n|-supereffective|p2a: Slowbro\n|-damage|p2a: Slowbro|6/307\n|move|p2a: Slowbro|Psychic|p1a: Gallade\n|-damage|p1a: Gallade|53/100\n|-damage|p2a: Slowbro|0 fnt|[from] item: Life Orb\n|faint|p2a: Slowbro\n|\n|upkeep\n|inactive|Time left: 300 sec this turn | 300 sec total | 5 sec grace\n|\n|t:|1783544515\n|switch|p2a: Muk|Muk, L86, F|321/321\n|turn|5\n|inactive|Time left: 300 sec this turn | 300 sec total\n|\n|t:|1783544516\n|switch|p1a: Avalugg|Avalugg, L88, M|100/100\n|move|p2a: Muk|Knock Off|p1a: Avalugg\n|-damage|p1a: Avalugg|88/100\n|-enditem|p1a: Avalugg|Heavy-Duty Boots|[from] move: Knock Off|[of] p2a: Muk\n|\n|upkeep\n|turn|6\n|inactive|Time left: 300 sec this turn | 300 sec total\n|\n|t:|1783544517\n|move|p2a: Muk|Knock Off|p1a: Avalugg\n|-damage|p1a: Avalugg|78/100\n|move|p1a: Avalugg|Avalanche|p2a: Muk\n|-damage|p2a: Muk|150/321\n|\n|-heal|p2a: Muk|170/321|[from] item: Leftovers\n|upkeep\n|turn|7\n|inactive|Time left: 300 sec this turn | 300 sec total\n|\n|t:|1783544518\n|switch|p2a: Bellibolt|Bellibolt, L84, M|320/320\n|move|p1a: Avalugg|Avalanche|p2a: Bellibolt\n|-damage|p2a: Bellibolt|235/320\n|-start|p2a: Bellibolt|Charge|Avalanche|[from] ability: Electromorphosis\n|\n|-heal|p2a: Bellibolt|255/320|[from] item: Leftovers\n|upkeep\n|turn|8\n|inactive|Time left: 300 sec this turn | 300 sec total\n|\n|t:|1783544519\n|switch|p1a: Groudon|Groudon, L72|100/100\n|-weather|SunnyDay|[from] ability: Drought|[of] p1a: Groudon\n|move|p2a: Bellibolt|Thunderbolt|p1a: Groudon\n|-immune|p1a: Groudon\n|-end|p2a: Bellibolt|Charge|[silent]\n|\n|-weather|SunnyDay|[upkeep]\n|-heal|p2a: Bellibolt|275/320|[from] item: Leftovers\n|upkeep\n|turn|9\n|inactive|Time left: 300 sec this turn | 300 sec total\n|\n|t:|1783544520\n|move|p1a: Groudon|Precipice Blades|p2a: Bellibolt\n|-supereffective|p2a: Bellibolt\n|-damage|p2a: Bellibolt|35/320\n|-start|p2a: Bellibolt|Charge|Precipice Blades|[from] ability: Electromorphosis\n|move|p2a: Bellibolt|Slack Off|p2a: Bellibolt\n|-heal|p2a: Bellibolt|195/320\n|\n|-weather|SunnyDay|[upkeep]\n|-heal|p2a: Bellibolt|215/320|[from] item: Leftovers\n|upkeep\n|turn|10\n|inactive|Time left: 300 sec this turn | 300 sec total\n|\n|t:|1783544521\n|switch|p2a: Drifblim|Drifblim, L86, F|396/396\n|move|p1a: Groudon|Precipice Blades|p2a: Drifblim\n|-immune|p2a: Drifblim\n|\n|-weather|SunnyDay|[upkeep]\n|upkeep\n|turn|11\n|inactive|Time left: 300 sec this turn | 300 sec total\n|\n|t:|1783544522\n|move|p2a: Drifblim|Air Slash|p1a: Groudon\n|-damage|p1a: Groudon|67/100\n|move|p1a: Groudon|Heat Crash|p2a: Drifblim\n|-damage|p2a: Drifblim|189/396\n|-enditem|p2a: Drifblim|Sitrus Berry|[eat]\n|-heal|p2a: Drifblim|288/396|[from] item: Sitrus Berry\n|\n|-weather|SunnyDay|[upkeep]\n|-heal|p1a: Groudon|74/100|[from] item: Leftovers\n|upkeep\n|turn|12\n|inactive|Time left: 300 sec this turn | 300 sec total\n|\n|t:|1783544523\n|move|p2a: Drifblim|Strength Sap|p1a: Groudon\n|-unboost|p1a: Groudon|atk|1\n|-heal|p2a: Drifblim|396/396\n|move|p1a: Groudon|Heat Crash|p2a: Drifblim\n|-damage|p2a: Drifblim|268/396\n|\n|-weather|none\n|-heal|p1a: Groudon|80/100|[from] item: Leftovers\n|upkeep\n|turn|13\n|inactive|Time left: 300 sec this turn | 300 sec total\n|\n|t:|1783544524\n|switch|p1a: Jolteon|Jolteon, L84, M|100/100\n|move|p2a: Drifblim|Strength Sap|p1a: Jolteon\n|-unboost|p1a: Jolteon|atk|1\n|-heal|p2a: Drifblim|382/396\n|\n|upkeep\n|turn|14\n|inactive|Time left: 300 sec this turn | 300 sec total\n|\n|t:|1783544525\n|move|p2a: Drifblim|Calm Mind|p2a: Drifblim\n|-boost|p2a: Drifblim|spa|1\n|-boost|p2a: Drifblim|spd|1\n|move|p1a: Jolteon|Volt Switch|p2a: Drifblim\n|-supereffective|p2a: Drifblim\n|-damage|p2a: Drifblim|226/396\n|\n|t:|1783544526\n|switch|p1a: Groudon|Groudon, L72|80/100|[from] Volt Switch\n|-weather|SunnyDay|[from] ability: Drought|[of] p1a: Groudon\n|\n|-weather|SunnyDay|[upkeep]\n|-heal|p1a: Groudon|86/100|[from] item: Leftovers\n|upkeep\n|turn|15\n|inactive|Time left: 300 sec this turn | 300 sec total\n|\n|t:|1783544527\n|move|p2a: Drifblim|Shadow Ball|p1a: Groudon\n|-damage|p1a: Groudon|35/100\n|-unboost|p1a: Groudon|spd|1\n|move|p1a: Groudon|Heat Crash|p2a: Drifblim\n|-damage|p2a: Drifblim|22/396\n|\n|-weather|SunnyDay|[upkeep]\n|-heal|p1a: Groudon|41/100|[from] item: Leftovers\n|upkeep\n|turn|16\n|inactive|Time left: 300 sec this turn | 300 sec total\n|\n|t:|1783544528\n|switch|p1a: Ursaluna|Ursaluna-Bloodmoon, L79, M|100/100\n|move|p2a: Drifblim|Shadow Ball|p1a: Ursaluna\n|-immune|p1a: Ursaluna\n|\n|-weather|SunnyDay|[upkeep]\n|upkeep\n|turn|17\n|inactive|Time left: 300 sec this turn | 300 sec total\n|\n|t:|1783544530\n|move|p2a: Drifblim|Strength Sap|p1a: Ursaluna\n|-unboost|p1a: Ursaluna|atk|1\n|-heal|p2a: Drifblim|137/396\n|move|p1a: Ursaluna|Blood Moon|p2a: Drifblim\n|-damage|p2a: Drifblim|0 fnt\n|faint|p2a: Drifblim\n|\n|-weather|SunnyDay|[upkeep]\n|upkeep\n|inactive|Time left: 300 sec this turn | 300 sec total | 5 sec grace\n|\n|t:|1783544531\n|switch|p2a: Braviary|Braviary-Hisui, L85, M|35/326\n|turn|18\n|inactive|Time left: 300 sec this turn | 300 sec total\n|\n|t:|1783544532\n|move|p2a: Braviary|Psychic|p1a: Ursaluna\n|-damage|p1a: Ursaluna|18/100\n|move|p1a: Ursaluna|Moonlight|p1a: Ursaluna\n|-heal|p1a: Ursaluna|84/100\n|\n|-weather|none\n|-heal|p1a: Ursaluna|90/100|[from] item: Leftovers\n|upkeep\n|turn|19\n|inactive|Time left: 300 sec this turn | 300 sec total\n|\n|t:|1783544533\n|switch|p1a: Jolteon|Jolteon, L84, M|100/100\n|move|p2a: Braviary|Hurricane|p1a: Jolteon|[miss]\n|-miss|p2a: Braviary|p1a: Jolteon\n|\n|upkeep\n|turn|20\n|inactive|Time left: 300 sec this turn | 300 sec total\n|\n|t:|1783544534\n|switch|p2a: Bellibolt|Bellibolt, L84, M|215/320\n|move|p1a: Jolteon|Volt Switch|p2a: Bellibolt\n|-resisted|p2a: Bellibolt\n|-damage|p2a: Bellibolt|174/320\n|-start|p2a: Bellibolt|Charge|Volt Switch|[from] ability: Electromorphosis\n|\n|t:|1783544535\n|switch|p1a: Gallade|Gallade, L80, M|53/100|[from] Volt Switch\n|\n|-heal|p2a: Bellibolt|194/320|[from] item: Leftovers\n|upkeep\n|turn|21\n|inactive|Time left: 300 sec this turn | 300 sec total\n|\n|t:|1783544536\n|switch|p2a: Muk|Muk, L86, F|170/321\n|move|p1a: Gallade|Sacred Sword|p2a: Muk\n|-resisted|p2a: Muk\n|-crit|p2a: Muk\n|-damage|p2a: Muk|0 fnt\n|faint|p2a: Muk\n|\n|upkeep\n|inactive|Time left: 300 sec this turn | 300 sec total | 5 sec grace\n|\n|t:|1783544538\n|switch|p2a: Bellibolt|Bellibolt, L84, M|194/320\n|turn|22\n|inactive|Time left: 300 sec this turn | 300 sec total\n|\n|t:|1783544539\n|move|p1a: Gallade|Sacred Sword|p2a: Bellibolt\n|-damage|p2a: Bellibolt|0 fnt\n|faint|p2a: Bellibolt\n|\n|upkeep\n|inactive|Time left: 300 sec this turn | 300 sec total | 5 sec grace\n|\n|t:|1783544540\n|switch|p2a: Blissey|Blissey, L85, F|572/572\n|turn|23\n|inactive|Time left: 300 sec this turn | 300 sec total\n|\n|t:|1783544541\n|-terastallize|p2a: Blissey|Poison\n|move|p1a: Gallade|Sacred Sword|p2a: Blissey\n|-resisted|p2a: Blissey\n|-damage|p2a: Blissey|209/572\n|move|p2a: Blissey|Thunder Wave|p1a: Gallade\n|-status|p1a: Gallade|par\n|\n|-heal|p2a: Blissey|244/572|[from] item: Leftovers\n|upkeep\n|turn|24\n|inactive|Time left: 300 sec this turn | 300 sec total\n|\n|t:|1783544542\n|switch|p1a: Groudon|Groudon, L72|41/100\n|-weather|SunnyDay|[from] ability: Drought|[of] p1a: Groudon\n|move|p2a: Blissey|Soft-Boiled|p2a: Blissey\n|-heal|p2a: Blissey|530/572\n|\n|-weather|SunnyDay|[upkeep]\n|-heal|p1a: Groudon|47/100|[from] item: Leftovers\n|-heal|p2a: Blissey|565/572|[from] item: Leftovers\n|upkeep\n|turn|25\n|inactive|Time left: 300 sec this turn | 300 sec total\n|\n|t:|1783544543\n|switch|p2a: Braviary|Braviary-Hisui, L85, M|35/326\n|move|p1a: Groudon|Precipice Blades|p2a: Braviary\n|-immune|p2a: Braviary\n|\n|-weather|SunnyDay|[upkeep]\n|-heal|p1a: Groudon|53/100|[from] item: Leftovers\n|upkeep\n|turn|26\n|inactive|Time left: 300 sec this turn | 300 sec total\n|\n|t:|1783544545\n|switch|p2a: Blissey|Blissey, L85, F, tera:Poison|565/572\n|move|p1a: Groudon|Heat Crash|p2a: Blissey\n|-damage|p2a: Blissey|146/572\n|\n|-weather|SunnyDay|[upkeep]\n|-heal|p1a: Groudon|59/100|[from] item: Leftovers\n|-heal|p2a: Blissey|181/572|[from] item: Leftovers\n|upkeep\n|turn|27\n|inactive|Time left: 300 sec this turn | 300 sec total\n|\n|t:|1783544546\n|move|p1a: Groudon|Heat Crash|p2a: Blissey\n|-damage|p2a: Blissey|0 fnt\n|faint|p2a: Blissey\n|\n|-weather|SunnyDay|[upkeep]\n|-heal|p1a: Groudon|66/100|[from] item: Leftovers\n|upkeep\n|inactive|Time left: 300 sec this turn | 300 sec total | 5 sec grace\n|\n|t:|1783544547\n|switch|p2a: Braviary|Braviary-Hisui, L85, M|35/326\n|turn|28\n|inactive|Time left: 300 sec this turn | 300 sec total\n|\n|t:|1783544548\n|move|p1a: Groudon|Heat Crash|p2a: Braviary\n|-crit|p2a: Braviary\n|-damage|p2a: Braviary|0 fnt\n|faint|p2a: Braviary\n|\n|win|p0x412b205", "uploadtime": 1783544548, "views": 0, "rating": 0, "private": 0, "password": null, "_winner": "p0x412b205", "_our_name": "p0y4127c2a"}