{"id": "battle-gen9randombattle-2441", "formatid": "gen9randombattle", "format": "[Gen 9] Random Battle", "players": ["p0x244131a7", "p0y2441aa5d"], "log": "|init|battle\n|title|p0x244131a7 vs. p0y2441aa5d\n|j|\u2606p0x244131a7\n|j|\u2606p0y2441aa5d\n|t:|1783567308\n|gametype|singles\n|player|p1|p0x244131a7|170|\n|player|p2|p0y2441aa5d|1|\n|gen|9\n|tier|[Gen 9] Random Battle\n|rule|Species Clause: Limit one of each Pok\u00e9mon\n|rule|HP Percentage Mod: HP is shown in percentages\n|rule|Sleep Clause Mod: Limit one foe put to sleep\n|rule|Illusion Level Mod: Illusion disguises the Pok\u00e9mon's true level\n|\n|t:|1783567308\n|teamsize|p1|6\n|teamsize|p2|6\n|start\n|switch|p1a: Dragonite|Dragonite, L74, M|100/100\n|switch|p2a: Slowbro|Slowbro-Galar, L87, M|307/307\n|turn|1\n|inactive|Battle timer is ON: inactive players will automatically lose when time's up. (requested by p0x244131a7)\n|inactive|Time left: 300 sec this turn | 300 sec total | 60 sec grace\n|inactive|p0y2441aa5d also wants the timer to be on.\n|\n|t:|1783567310\n|move|p1a: Dragonite|Dragon Dance|p1a: Dragonite\n|-boost|p1a: Dragonite|atk|1\n|-boost|p1a: Dragonite|spe|1\n|move|p2a: Slowbro|Psychic|p1a: Dragonite\n|-damage|p1a: Dragonite|71/100\n|-damage|p2a: Slowbro|277/307|[from] item: Life Orb\n|\n|upkeep\n|turn|2\n|inactive|Time left: 300 sec this turn | 300 sec total\n|\n|t:|1783567311\n|-terastallize|p2a: Slowbro|Psychic\n|move|p1a: Dragonite|Outrage|p2a: Slowbro\n|-damage|p2a: Slowbro|109/307\n|move|p2a: Slowbro|Psychic|p1a: Dragonite\n|-crit|p1a: Dragonite\n|-damage|p1a: Dragonite|0 fnt\n|faint|p1a: Dragonite\n|-damage|p2a: Slowbro|79/307|[from] item: Life Orb\n|\n|upkeep\n|\n|t:|1783567312\n|switch|p1a: Rhydon|Rhydon, L85, M|100/100\n|turn|3\n|inactive|Time left: 300 sec this turn | 300 sec total\n|\n|t:|1783567313\n|switch|p2a: Sinistcha|Sinistcha-Masterpiece, L83|254/254\n|move|p1a: Rhydon|Swords Dance|p1a: Rhydon\n|-boost|p1a: Rhydon|atk|2\n|\n|upkeep\n|turn|4\n|inactive|Time left: 300 sec this turn | 300 sec total\n|\n|t:|1783567314\n|-terastallize|p1a: Rhydon|Fairy\n|move|p2a: Sinistcha|Matcha Gotcha|p1a: Rhydon\n|-damage|p1a: Rhydon|65/100\n|move|p1a: Rhydon|Stone Edge|p2a: Sinistcha\n|-damage|p2a: Sinistcha|0 fnt\n|faint|p2a: Sinistcha\n|\n|upkeep\n|inactive|Time left: 300 sec this turn | 300 sec total | 5 sec grace\n|\n|t:|1783567315\n|switch|p2a: Uxie|Uxie, L83|260/260\n|turn|5\n|inactive|Time left: 300 sec this turn | 300 sec total\n|\n|t:|1783567317\n|move|p2a: Uxie|Encore|p1a: Rhydon\n|-start|p1a: Rhydon|Encore\n|move|p1a: Rhydon|Stone Edge|p2a: Uxie\n|-damage|p2a: Uxie|49/260\n|\n|-heal|p2a: Uxie|65/260|[from] item: Leftovers\n|upkeep\n|turn|6\n|inactive|Time left: 300 sec this turn | 300 sec total\n|\n|t:|1783567318\n|move|p2a: Uxie|Psychic Noise|p1a: Rhydon\n|-damage|p1a: Rhydon|45/100\n|-start|p1a: Rhydon|move: Heal Block\n|move|p1a: Rhydon|Stone Edge|p2a: Uxie\n|-damage|p2a: Uxie|0 fnt\n|faint|p2a: Uxie\n|\n|upkeep\n|inactive|Time left: 300 sec this turn | 300 sec total | 5 sec grace\n|\n|t:|1783567319\n|switch|p2a: Chi-Yu|Chi-Yu, L77|211/211\n|-ability|p2a: Chi-Yu|Beads of Ruin\n|turn|7\n|inactive|Time left: 300 sec this turn | 300 sec total\n|\n|t:|1783567320\n|move|p2a: Chi-Yu|Fire Blast|p1a: Rhydon\n|-crit|p1a: Rhydon\n|-damage|p1a: Rhydon|0 fnt\n|faint|p1a: Rhydon\n|\n|upkeep\n|\n|t:|1783567321\n|switch|p1a: Crawdaunt|Crawdaunt, L84, M|100/100\n|turn|8\n|inactive|Time left: 300 sec this turn | 300 sec total\n|\n|t:|1783567322\n|switch|p2a: Zacian|Zacian, L69|241/241\n|-ability|p2a: Zacian|Intrepid Sword|boost\n|-boost|p2a: Zacian|atk|1\n|move|p1a: Crawdaunt|Crabhammer|p2a: Zacian\n|-damage|p2a: Zacian|17/241\n|-damage|p1a: Crawdaunt|91/100|[from] item: Life Orb\n|\n|upkeep\n|turn|9\n|inactive|Time left: 300 sec this turn | 300 sec total\n|\n|t:|1783567323\n|move|p1a: Crawdaunt|Aqua Jet|p2a: Zacian\n|-damage|p2a: Zacian|0 fnt\n|faint|p2a: Zacian\n|-damage|p1a: Crawdaunt|81/100|[from] item: Life Orb\n|\n|upkeep\n|inactive|Time left: 300 sec this turn | 300 sec total | 5 sec grace\n|\n|t:|1783567324\n|switch|p2a: Florges|Florges-Orange, L85, F|271/271\n|turn|10\n|inactive|Time left: 300 sec this turn | 300 sec total\n|\n|t:|1783567325\n|switch|p1a: Magnezone|Magnezone, L85|100/100\n|move|p2a: Florges|Moonblast|p1a: Magnezone\n|-resisted|p1a: Magnezone\n|-damage|p1a: Magnezone|78/100\n|\n|-heal|p1a: Magnezone|85/100|[from] item: Leftovers\n|upkeep\n|turn|11\n|inactive|Time left: 300 sec this turn | 300 sec total\n|\n|t:|1783567326\n|move|p2a: Florges|Calm Mind|p2a: Florges\n|-boost|p2a: Florges|spa|1\n|-boost|p2a: Florges|spd|1\n|move|p1a: Magnezone|Discharge|p2a: Florges\n|-damage|p2a: Florges|220/271\n|\n|-heal|p2a: Florges|236/271|[from] item: Leftovers\n|-heal|p1a: Magnezone|91/100|[from] item: Leftovers\n|upkeep\n|turn|12\n|inactive|Time left: 300 sec this turn | 300 sec total\n|\n|t:|1783567327\n|move|p2a: Florges|Calm Mind|p2a: Florges\n|-boost|p2a: Florges|spa|1\n|-boost|p2a: Florges|spd|1\n|move|p1a: Magnezone|Flash Cannon|p2a: Florges\n|-supereffective|p2a: Florges\n|-damage|p2a: Florges|158/271\n|\n|-heal|p2a: Florges|174/271|[from] item: Leftovers\n|-heal|p1a: Magnezone|97/100|[from] item: Leftovers\n|upkeep\n|turn|13\n|inactive|Time left: 300 sec this turn | 300 sec total\n|\n|t:|1783567328\n|move|p2a: Florges|Moonblast|p1a: Magnezone\n|-resisted|p1a: Magnezone\n|-damage|p1a: Magnezone|53/100\n|-unboost|p1a: Magnezone|spa|1\n|move|p1a: Magnezone|Discharge|p2a: Florges\n|-damage|p2a: Florges|150/271\n|-status|p2a: Florges|par\n|\n|-heal|p1a: Magnezone|59/100|[from] item: Leftovers\n|-heal|p2a: Florges|166/271 par|[from] item: Leftovers\n|upkeep\n|turn|14\n|inactive|Time left: 300 sec this turn | 300 sec total\n|\n|t:|1783567330\n|switch|p1a: Veluza|Veluza, L85, F|100/100\n|move|p2a: Florges|Moonblast|p1a: Veluza\n|-damage|p1a: Veluza|6/100\n|-unboost|p1a: Veluza|spa|1\n|\n|-heal|p2a: Florges|182/271 par|[from] item: Leftovers\n|upkeep\n|turn|15\n|inactive|Time left: 300 sec this turn | 300 sec total\n|\n|t:|1783567331\n|move|p1a: Veluza|Aqua Cutter|p2a: Florges\n|-damage|p2a: Florges|0 fnt\n|faint|p2a: Florges\n|\n|upkeep\n|inactive|Time left: 300 sec this turn | 300 sec total | 5 sec grace\n|\n|t:|1783567332\n|switch|p2a: Chi-Yu|Chi-Yu, L77|211/211\n|-ability|p2a: Chi-Yu|Beads of Ruin\n|turn|16\n|inactive|Time left: 300 sec this turn | 300 sec total\n|\n|t:|1783567333\n|move|p2a: Chi-Yu|Fire Blast|p1a: Veluza\n|-resisted|p1a: Veluza\n|-damage|p1a: Veluza|0 fnt\n|faint|p1a: Veluza\n|\n|upkeep\n|\n|t:|1783567333\n|switch|p1a: Crawdaunt|Crawdaunt, L84, M|81/100\n|turn|17\n|inactive|Time left: 300 sec this turn | 300 sec total\n|\n|t:|1783567334\n|move|p2a: Chi-Yu|Dark Pulse|p1a: Crawdaunt\n|-resisted|p1a: Crawdaunt\n|-damage|p1a: Crawdaunt|46/100\n|move|p1a: Crawdaunt|Crabhammer|p2a: Chi-Yu\n|-supereffective|p2a: Chi-Yu\n|-damage|p2a: Chi-Yu|0 fnt\n|faint|p2a: Chi-Yu\n|-damage|p1a: Crawdaunt|36/100|[from] item: Life Orb\n|\n|upkeep\n|inactive|Time left: 300 sec this turn | 300 sec total | 5 sec grace\n|\n|t:|1783567335\n|switch|p2a: Slowbro|Slowbro-Galar, L87, M, tera:Psychic|181/307\n|turn|18\n|inactive|Time left: 300 sec this turn | 300 sec total\n|\n|t:|1783567336\n|move|p1a: Crawdaunt|Knock Off|p2a: Slowbro\n|-supereffective|p2a: Slowbro\n|-damage|p2a: Slowbro|0 fnt\n|-enditem|p2a: Slowbro|Life Orb|[from] move: Knock Off|[of] p1a: Crawdaunt\n|faint|p2a: Slowbro\n|-damage|p1a: Crawdaunt|26/100|[from] item: Life Orb\n|\n|win|p0x244131a7", "uploadtime": 1783567336, "views": 0, "rating": 0, "private": 0, "password": null, "_winner": "p0x244131a7", "_our_name": "p0y2441aa5d"}