{"id": "battle-gen9randombattle-1387", "formatid": "gen9randombattle", "format": "[Gen 9] Random Battle", "players": ["p0x13877970", "p0y13873427"], "log": "|init|battle\n|title|p0x13877970 vs. p0y13873427\n|j|\u2606p0x13877970\n|j|\u2606p0y13873427\n|t:|1783555199\n|gametype|singles\n|player|p1|p0x13877970|169|\n|player|p2|p0y13873427|170|\n|gen|9\n|tier|[Gen 9] Random Battle\n|rule|Species Clause: Limit one of each Pok\u00e9mon\n|rule|HP Percentage Mod: HP is shown in percentages\n|rule|Sleep Clause Mod: Limit one foe put to sleep\n|rule|Illusion Level Mod: Illusion disguises the Pok\u00e9mon's true level\n|\n|t:|1783555199\n|teamsize|p1|6\n|teamsize|p2|6\n|start\n|switch|p1a: Koraidon|Koraidon, L64|235/235\n|switch|p2a: Tauros|Tauros-Paldea-Aqua, L81, M|100/100\n|-weather|SunnyDay|[from] ability: Orichalcum Pulse|[of] p1a: Koraidon\n|-activate|p1a: Koraidon|Orichalcum Pulse|[source]\n|-ability|p2a: Tauros|Intimidate|boost\n|-unboost|p1a: Koraidon|atk|1\n|turn|1\n|inactive|Battle timer is ON: inactive players will automatically lose when time's up. (requested by p0y13873427)\n|inactive|Time left: 300 sec this turn | 300 sec total | 60 sec grace\n|inactive|p0x13877970 also wants the timer to be on.\n|\n|t:|1783555201\n|move|p1a: Koraidon|Outrage|p2a: Tauros\n|-damage|p2a: Tauros|58/100\n|move|p2a: Tauros|Close Combat|p1a: Koraidon\n|-damage|p1a: Koraidon|19/235\n|-unboost|p2a: Tauros|def|1\n|-unboost|p2a: Tauros|spd|1\n|\n|-weather|SunnyDay|[upkeep]\n|upkeep\n|turn|2\n|inactive|Time left: 300 sec this turn | 300 sec total\n|\n|t:|1783555202\n|switch|p2a: Flutter Mane|Flutter Mane, L74|100/100\n|-activate|p2a: Flutter Mane|ability: Protosynthesis\n|-start|p2a: Flutter Mane|protosynthesisspa\n|move|p1a: Koraidon|Outrage|p2a: Flutter Mane|[from] lockedmove\n|-immune|p2a: Flutter Mane\n|\n|-weather|SunnyDay|[upkeep]\n|upkeep\n|turn|3\n|inactive|Time left: 300 sec this turn | 300 sec total\n|\n|t:|1783555203\n|move|p2a: Flutter Mane|Calm Mind|p2a: Flutter Mane\n|-boost|p2a: Flutter Mane|spa|1\n|-boost|p2a: Flutter Mane|spd|1\n|move|p1a: Koraidon|Outrage|p2a: Flutter Mane\n|-immune|p2a: Flutter Mane\n|\n|-weather|SunnyDay|[upkeep]\n|upkeep\n|turn|4\n|inactive|Time left: 300 sec this turn | 300 sec total\n|\n|t:|1783555204\n|move|p2a: Flutter Mane|Shadow Ball|p1a: Koraidon\n|-damage|p1a: Koraidon|0 fnt\n|faint|p1a: Koraidon\n|-damage|p2a: Flutter Mane|91/100|[from] item: Life Orb\n|\n|-weather|SunnyDay|[upkeep]\n|upkeep\n|inactive|Time left: 300 sec this turn | 300 sec total | 5 sec grace\n|\n|t:|1783555205\n|switch|p1a: Gardevoir|Gardevoir, L83, F|249/249\n|turn|5\n|inactive|Time left: 300 sec this turn | 300 sec total\n|\n|t:|1783555206\n|move|p1a: Gardevoir|Moonblast|p2a: Flutter Mane\n|-damage|p2a: Flutter Mane|57/100\n|move|p2a: Flutter Mane|Shadow Ball|p1a: Gardevoir\n|-supereffective|p1a: Gardevoir\n|-damage|p1a: Gardevoir|0 fnt\n|faint|p1a: Gardevoir\n|-damage|p2a: Flutter Mane|47/100|[from] item: Life Orb\n|\n|-weather|none\n|-end|p2a: Flutter Mane|Protosynthesis\n|upkeep\n|inactive|Time left: 300 sec this turn | 300 sec total | 5 sec grace\n|\n|t:|1783555207\n|switch|p1a: Ambipom|Ambipom, L84, F|263/263\n|turn|6\n|inactive|Time left: 300 sec this turn | 300 sec total\n|\n|t:|1783555208\n|move|p2a: Flutter Mane|Moonblast|p1a: Ambipom\n|-damage|p1a: Ambipom|17/263\n|-damage|p2a: Flutter Mane|37/100|[from] item: Life Orb\n|move|p1a: Ambipom|Triple Axel|p2a: Flutter Mane\n|-damage|p2a: Flutter Mane|9/100\n|-damage|p2a: Flutter Mane|0 fnt\n|faint|p2a: Flutter Mane\n|-end|p2a: Flutter Mane|Protosynthesis|[silent]\n|-hitcount|p2: Flutter Mane|2\n|\n|upkeep\n|\n|t:|1783555209\n|switch|p2a: Ribombee|Ribombee, L83, F|100/100\n|turn|7\n|inactive|Time left: 300 sec this turn | 300 sec total\n|\n|t:|1783555210\n|move|p2a: Ribombee|Bug Buzz|p1a: Ambipom\n|-damage|p1a: Ambipom|0 fnt\n|faint|p1a: Ambipom\n|\n|upkeep\n|inactive|Time left: 300 sec this turn | 300 sec total | 5 sec grace\n|\n|t:|1783555211\n|switch|p1a: Cloyster|Cloyster, L80, F|211/211\n|turn|8\n|inactive|Time left: 300 sec this turn | 300 sec total\n|\n|t:|1783555212\n|move|p2a: Ribombee|Quiver Dance|p2a: Ribombee\n|-boost|p2a: Ribombee|spa|1\n|-boost|p2a: Ribombee|spd|1\n|-boost|p2a: Ribombee|spe|1\n|move|p1a: Cloyster|Shell Smash|p1a: Cloyster\n|-unboost|p1a: Cloyster|def|1\n|-unboost|p1a: Cloyster|spd|1\n|-boost|p1a: Cloyster|atk|2\n|-boost|p1a: Cloyster|spa|2\n|-boost|p1a: Cloyster|spe|2\n|-enditem|p1a: Cloyster|White Herb\n|-clearnegativeboost|p1a: Cloyster|[silent]\n|\n|upkeep\n|turn|9\n|inactive|Time left: 300 sec this turn | 300 sec total\n|\n|t:|1783555213\n|switch|p1a: Toedscruel|Toedscruel, L87, M|281/281\n|move|p2a: Ribombee|Moonblast|p1a: Toedscruel\n|-damage|p1a: Toedscruel|169/281\n|\n|-heal|p1a: Toedscruel|186/281|[from] item: Leftovers\n|upkeep\n|turn|10\n|inactive|Time left: 300 sec this turn | 300 sec total\n|\n|t:|1783555214\n|-terastallize|p1a: Toedscruel|Water\n|move|p2a: Ribombee|Bug Buzz|p1a: Toedscruel\n|-damage|p1a: Toedscruel|87/281\n|move|p1a: Toedscruel|Toxic|p2a: Ribombee\n|-status|p2a: Ribombee|tox\n|\n|-heal|p1a: Toedscruel|104/281|[from] item: Leftovers\n|-damage|p2a: Ribombee|95/100 tox|[from] psn\n|upkeep\n|turn|11\n|inactive|Time left: 300 sec this turn | 300 sec total\n|\n|t:|1783555215\n|move|p2a: Ribombee|Quiver Dance|p2a: Ribombee\n|-boost|p2a: Ribombee|spa|1\n|-boost|p2a: Ribombee|spd|1\n|-boost|p2a: Ribombee|spe|1\n|move|p1a: Toedscruel|Rapid Spin|p2a: Ribombee\n|-damage|p2a: Ribombee|76/100 tox\n|-boost|p1a: Toedscruel|spe|1\n|\n|-heal|p1a: Toedscruel|121/281|[from] item: Leftovers\n|-damage|p2a: Ribombee|64/100 tox|[from] psn\n|upkeep\n|turn|12\n|inactive|Time left: 300 sec this turn | 300 sec total\n|\n|t:|1783555217\n|move|p2a: Ribombee|Bug Buzz|p1a: Toedscruel\n|-damage|p1a: Toedscruel|0 fnt\n|faint|p1a: Toedscruel\n|\n|-damage|p2a: Ribombee|46/100 tox|[from] psn\n|upkeep\n|inactive|Time left: 300 sec this turn | 300 sec total | 5 sec grace\n|\n|t:|1783555218\n|switch|p1a: Cloyster|Cloyster, L80, F|211/211\n|turn|13\n|inactive|Time left: 300 sec this turn | 300 sec total\n|\n|t:|1783555219\n|switch|p1a: Meowscarada|Meowscarada, L78, F|247/247\n|move|p2a: Ribombee|Moonblast|p1a: Meowscarada\n|-supereffective|p1a: Meowscarada\n|-damage|p1a: Meowscarada|0 fnt\n|faint|p1a: Meowscarada\n|\n|-damage|p2a: Ribombee|23/100 tox|[from] psn\n|upkeep\n|inactive|Time left: 300 sec this turn | 300 sec total | 5 sec grace\n|\n|t:|1783555220\n|switch|p1a: Cloyster|Cloyster, L80, F|211/211\n|turn|14\n|inactive|Time left: 300 sec this turn | 300 sec total\n|\n|t:|1783555221\n|-terastallize|p2a: Ribombee|Ground\n|move|p2a: Ribombee|Bug Buzz|p1a: Cloyster\n|-damage|p1a: Cloyster|0 fnt\n|faint|p1a: Cloyster\n|\n|win|p0y13873427", "uploadtime": 1783555221, "views": 0, "rating": 0, "private": 0, "password": null, "_winner": "p0y13873427", "_our_name": "p0x13877970"}