{"id": "battle-gen9randombattle-2082", "formatid": "gen9randombattle", "format": "[Gen 9] Random Battle", "players": ["p0x20826a61", "p0y20828ad3"], "log": "|init|battle\n|title|p0x20826a61 vs. p0y20828ad3\n|j|\u2606p0x20826a61\n|j|\u2606p0y20828ad3\n|t:|1783564146\n|gametype|singles\n|player|p1|p0x20826a61|1|\n|player|p2|p0y20828ad3|266|\n|gen|9\n|tier|[Gen 9] Random Battle\n|rule|Species Clause: Limit one of each Pok\u00e9mon\n|rule|HP Percentage Mod: HP is shown in percentages\n|rule|Sleep Clause Mod: Limit one foe put to sleep\n|rule|Illusion Level Mod: Illusion disguises the Pok\u00e9mon's true level\n|\n|t:|1783564146\n|teamsize|p1|6\n|teamsize|p2|6\n|start\n|switch|p1a: Sawsbuck|Sawsbuck-Autumn, L88, M|100/100\n|switch|p2a: Furret|Furret, L94, F|312/312\n|-item|p1a: Sawsbuck|Life Orb|[from] ability: Frisk|[of] p2a: Furret\n|turn|1\n|inactive|Battle timer is ON: inactive players will automatically lose when time's up. (requested by p0x20826a61)\n|inactive|Time left: 300 sec this turn | 300 sec total | 60 sec grace\n|inactive|p0y20828ad3 also wants the timer to be on.\n|\n|t:|1783564147\n|switch|p1a: Gurdurr|Gurdurr, L85, M|100/100\n|move|p2a: Furret|Double-Edge|p1a: Gurdurr\n|-damage|p1a: Gurdurr|55/100\n|-damage|p2a: Furret|269/312|[from] Recoil\n|\n|upkeep\n|turn|2\n|inactive|Time left: 300 sec this turn | 300 sec total\n|\n|t:|1783564147\n|move|p2a: Furret|Double-Edge|p1a: Gurdurr\n|-damage|p1a: Gurdurr|7/100\n|-damage|p2a: Furret|224/312|[from] Recoil\n|move|p1a: Gurdurr|Drain Punch|p2a: Furret\n|-supereffective|p2a: Furret\n|-damage|p2a: Furret|18/312\n|-heal|p1a: Gurdurr|44/100|[from] drain|[of] p2a: Furret\n|\n|upkeep\n|turn|3\n|inactive|Time left: 300 sec this turn | 300 sec total\n|\n|t:|1783564148\n|move|p1a: Gurdurr|Mach Punch|p2a: Furret\n|-supereffective|p2a: Furret\n|-damage|p2a: Furret|0 fnt\n|faint|p2a: Furret\n|\n|upkeep\n|inactive|Time left: 300 sec this turn | 300 sec total | 5 sec grace\n|\n|t:|1783564149\n|switch|p2a: Ludicolo|Ludicolo, L90, M|290/290\n|turn|4\n|inactive|Time left: 300 sec this turn | 300 sec total\n|\n|t:|1783564149\n|switch|p1a: Leavanny|Leavanny, L86, F|100/100\n|move|p2a: Ludicolo|Hydro Pump|p1a: Leavanny|[miss]\n|-miss|p2a: Ludicolo|p1a: Leavanny\n|\n|upkeep\n|turn|5\n|inactive|Time left: 300 sec this turn | 300 sec total\n|\n|t:|1783564150\n|move|p1a: Leavanny|Sticky Web|p2a: Ludicolo\n|-sidestart|p2: p0y20828ad3|move: Sticky Web\n|move|p2a: Ludicolo|Hydro Pump|p1a: Leavanny\n|-resisted|p1a: Leavanny\n|-damage|p1a: Leavanny|65/100\n|\n|upkeep\n|turn|6\n|inactive|Time left: 300 sec this turn | 300 sec total\n|\n|t:|1783564151\n|move|p1a: Leavanny|Knock Off|p2a: Ludicolo\n|-damage|p2a: Ludicolo|204/290\n|-enditem|p2a: Ludicolo|Choice Specs|[from] move: Knock Off|[of] p1a: Leavanny\n|move|p2a: Ludicolo|Hydro Pump|p1a: Leavanny|[miss]\n|-miss|p2a: Ludicolo|p1a: Leavanny\n|\n|upkeep\n|turn|7\n|inactive|Time left: 300 sec this turn | 300 sec total\n|\n|t:|1783564152\n|move|p1a: Leavanny|Bullet Seed|p2a: Ludicolo\n|-damage|p2a: Ludicolo|173/290\n|-damage|p2a: Ludicolo|139/290\n|-damage|p2a: Ludicolo|106/290\n|-damage|p2a: Ludicolo|76/290\n|-hitcount|p2a: Ludicolo|4\n|move|p2a: Ludicolo|Ice Beam|p1a: Leavanny\n|-supereffective|p1a: Leavanny\n|-damage|p1a: Leavanny|6/100\n|\n|upkeep\n|turn|8\n|inactive|Time left: 300 sec this turn | 300 sec total\n|\n|t:|1783564153\n|move|p1a: Leavanny|Bullet Seed|p2a: Ludicolo\n|-damage|p2a: Ludicolo|43/290\n|-damage|p2a: Ludicolo|12/290\n|-damage|p2a: Ludicolo|0 fnt\n|faint|p2a: Ludicolo\n|-hitcount|p2: Ludicolo|3\n|\n|upkeep\n|inactive|Time left: 300 sec this turn | 300 sec total | 5 sec grace\n|\n|t:|1783564154\n|switch|p2a: Delphox|Delphox, L84, F|263/263\n|turn|9\n|inactive|Time left: 300 sec this turn | 300 sec total\n|\n|t:|1783564155\n|move|p2a: Delphox|Fire Blast|p1a: Leavanny\n|-supereffective|p1a: Leavanny\n|-damage|p1a: Leavanny|0 fnt\n|faint|p1a: Leavanny\n|\n|upkeep\n|\n|t:|1783564156\n|switch|p1a: Clawitzer|Clawitzer, L87, M|100/100\n|turn|10\n|inactive|Time left: 300 sec this turn | 300 sec total\n|\n|t:|1783564157\n|-terastallize|p2a: Delphox|Fighting\n|move|p2a: Delphox|Nasty Plot|p2a: Delphox\n|-boost|p2a: Delphox|spa|2\n|move|p1a: Clawitzer|Water Pulse|p2a: Delphox\n|-damage|p2a: Delphox|101/263\n|\n|upkeep\n|turn|11\n|inactive|Time left: 300 sec this turn | 300 sec total\n|\n|t:|1783564158\n|move|p2a: Delphox|Focus Blast|p1a: Clawitzer\n|-damage|p1a: Clawitzer|3/100\n|move|p1a: Clawitzer|Water Pulse|p2a: Delphox\n|-damage|p2a: Delphox|0 fnt\n|faint|p2a: Delphox\n|\n|upkeep\n|inactive|Time left: 300 sec this turn | 300 sec total | 5 sec grace\n|\n|t:|1783564159\n|switch|p2a: Bombirdier|Bombirdier, L85, F|258/258\n|turn|12\n|inactive|Time left: 300 sec this turn | 300 sec total\n|\n|t:|1783564160\n|move|p2a: Bombirdier|Brave Bird|p1a: Clawitzer\n|-damage|p1a: Clawitzer|0 fnt\n|faint|p1a: Clawitzer\n|-damage|p2a: Bombirdier|256/258|[from] Recoil\n|\n|upkeep\n|\n|t:|1783564161\n|switch|p1a: Sylveon|Sylveon, L85, F|100/100\n|turn|13\n|inactive|Time left: 300 sec this turn | 300 sec total\n|\n|t:|1783564162\n|switch|p2a: Entei|Entei, L78|307/307\n|-activate|p2a: Entei|move: Sticky Web\n|-unboost|p2a: Entei|spe|1\n|move|p1a: Sylveon|Hyper Voice|p2a: Entei\n|-resisted|p2a: Entei\n|-damage|p2a: Entei|223/307\n|\n|upkeep\n|turn|14\n|inactive|Time left: 300 sec this turn | 300 sec total\n|\n|t:|1783564163\n|move|p1a: Sylveon|Protect|p1a: Sylveon\n|-singleturn|p1a: Sylveon|Protect\n|move|p2a: Entei|Sacred Fire|p1a: Sylveon\n|-activate|p1a: Sylveon|move: Protect\n|\n|upkeep\n|turn|15\n|inactive|Time left: 300 sec this turn | 300 sec total\n|\n|t:|1783564164\n|move|p1a: Sylveon|Hyper Voice|p2a: Entei\n|-resisted|p2a: Entei\n|-damage|p2a: Entei|148/307\n|move|p2a: Entei|Sacred Fire|p1a: Sylveon\n|-damage|p1a: Sylveon|36/100\n|-status|p1a: Sylveon|brn\n|\n|-heal|p1a: Sylveon|42/100 brn|[from] item: Leftovers\n|-damage|p1a: Sylveon|36/100 brn|[from] brn\n|upkeep\n|turn|16\n|inactive|Time left: 300 sec this turn | 300 sec total\n|\n|t:|1783564165\n|move|p1a: Sylveon|Wish|p1a: Sylveon\n|move|p2a: Entei|Sacred Fire|p1a: Sylveon\n|-damage|p1a: Sylveon|0 fnt\n|faint|p1a: Sylveon\n|\n|upkeep\n|\n|t:|1783564166\n|switch|p1a: Gurdurr|Gurdurr, L85, M|44/100\n|turn|17\n|inactive|Time left: 300 sec this turn | 300 sec total\n|\n|t:|1783564167\n|move|p2a: Entei|Sacred Fire|p1a: Gurdurr\n|-damage|p1a: Gurdurr|4/100\n|-status|p1a: Gurdurr|brn\n|move|p1a: Gurdurr|Bulk Up|p1a: Gurdurr\n|-boost|p1a: Gurdurr|atk|1\n|-boost|p1a: Gurdurr|def|1\n|\n|-heal|p1a: Gurdurr|57/100 brn|[from] move: Wish|[wisher] Sylveon\n|-damage|p1a: Gurdurr|51/100 brn|[from] brn\n|upkeep\n|turn|18\n|inactive|Time left: 300 sec this turn | 300 sec total\n|\n|t:|1783564168\n|move|p2a: Entei|Sacred Fire|p1a: Gurdurr\n|-damage|p1a: Gurdurr|27/100 brn\n|move|p1a: Gurdurr|Drain Punch|p2a: Entei\n|-damage|p2a: Entei|0 fnt\n|-heal|p1a: Gurdurr|53/100 brn|[from] drain|[of] p2a: Entei\n|faint|p2a: Entei\n|\n|-damage|p1a: Gurdurr|47/100 brn|[from] brn\n|upkeep\n|inactive|Time left: 300 sec this turn | 300 sec total | 5 sec grace\n|\n|t:|1783564169\n|switch|p2a: Swalot|Swalot, L90, M|326/326\n|-activate|p2a: Swalot|move: Sticky Web\n|-unboost|p2a: Swalot|spe|1\n|turn|19\n|inactive|Time left: 300 sec this turn | 300 sec total\n|\n|t:|1783564170\n|move|p1a: Gurdurr|Knock Off|p2a: Swalot\n|-damage|p2a: Swalot|151/326\n|-enditem|p2a: Swalot|Leftovers|[from] move: Knock Off|[of] p1a: Gurdurr\n|move|p2a: Swalot|Sludge Bomb|p1a: Gurdurr\n|-crit|p1a: Gurdurr\n|-damage|p1a: Gurdurr|2/100 brn\n|\n|-damage|p1a: Gurdurr|0 fnt|[from] brn\n|faint|p1a: Gurdurr\n|upkeep\n|\n|t:|1783564171\n|switch|p1a: Feraligatr|Feraligatr, L79, F|100/100\n|turn|20\n|inactive|Time left: 300 sec this turn | 300 sec total\n|\n|t:|1783564173\n|-terastallize|p1a: Feraligatr|Steel\n|move|p1a: Feraligatr|Dragon Dance|p1a: Feraligatr\n|-boost|p1a: Feraligatr|atk|1\n|-boost|p1a: Feraligatr|spe|1\n|move|p2a: Swalot|Toxic|p1a: Feraligatr\n|-immune|p1a: Feraligatr\n|\n|upkeep\n|turn|21\n|inactive|Time left: 300 sec this turn | 300 sec total\n|\n|t:|1783564174\n|move|p2a: Swalot|Protect|p2a: Swalot\n|-singleturn|p2a: Swalot|Protect\n|move|p1a: Feraligatr|Liquidation|p2a: Swalot\n|-activate|p2a: Swalot|move: Protect\n|\n|upkeep\n|turn|22\n|inactive|Time left: 300 sec this turn | 300 sec total\n|\n|t:|1783564175\n|move|p2a: Swalot|Protect|p2a: Swalot\n|-singleturn|p2a: Swalot|Protect\n|move|p1a: Feraligatr|Liquidation|p2a: Swalot\n|-activate|p2a: Swalot|move: Protect\n|\n|upkeep\n|turn|23\n|inactive|Time left: 300 sec this turn | 300 sec total\n|\n|t:|1783564175\n|move|p2a: Swalot|Protect||[still]\n|-fail|p2a: Swalot\n|move|p1a: Feraligatr|Liquidation|p2a: Swalot\n|-damage|p2a: Swalot|0 fnt\n|faint|p2a: Swalot\n|\n|upkeep\n|inactive|Time left: 300 sec this turn | 300 sec total | 5 sec grace\n|\n|t:|1783564176\n|switch|p2a: Bombirdier|Bombirdier, L85, F|256/258\n|turn|24\n|inactive|Time left: 300 sec this turn | 300 sec total\n|\n|t:|1783564177\n|move|p2a: Bombirdier|Sucker Punch|p1a: Feraligatr\n|-damage|p1a: Feraligatr|72/100\n|move|p1a: Feraligatr|Ice Punch|p2a: Bombirdier\n|-supereffective|p2a: Bombirdier\n|-damage|p2a: Bombirdier|0 fnt\n|faint|p2a: Bombirdier\n|\n|win|p0x20826a61", "uploadtime": 1783564177, "views": 0, "rating": 0, "private": 0, "password": null, "_winner": "p0x20826a61", "_our_name": "p0y20828ad3"}