{"id": "battle-gen9randombattle-619", "formatid": "gen9randombattle", "format": "[Gen 9] Random Battle", "players": ["p0x619614a", "p0y6193466"], "log": "|init|battle\n|title|p0x619614a vs. p0y6193466\n|j|\u2606p0x619614a\n|j|\u2606p0y6193466\n|t:|1783546293\n|gametype|singles\n|player|p1|p0x619614a|1|\n|player|p2|p0y6193466|169|\n|gen|9\n|tier|[Gen 9] Random Battle\n|rule|Species Clause: Limit one of each Pok\u00e9mon\n|rule|HP Percentage Mod: HP is shown in percentages\n|rule|Sleep Clause Mod: Limit one foe put to sleep\n|rule|Illusion Level Mod: Illusion disguises the Pok\u00e9mon's true level\n|\n|t:|1783546293\n|teamsize|p1|6\n|teamsize|p2|6\n|start\n|switch|p1a: Swampert|Swampert, L83, F|100/100\n|switch|p2a: Gliscor|Gliscor, L76, F|239/239\n|turn|1\n|inactive|Battle timer is ON: inactive players will automatically lose when time's up. (requested by p0x619614a)\n|inactive|Time left: 300 sec this turn | 300 sec total | 60 sec grace\n|inactive|p0y6193466 also wants the timer to be on.\n|\n|t:|1783546295\n|move|p2a: Gliscor|Earthquake|p1a: Swampert\n|-crit|p1a: Swampert\n|-damage|p1a: Swampert|58/100\n|move|p1a: Swampert|Ice Beam|p2a: Gliscor\n|-supereffective|p2a: Gliscor\n|-damage|p2a: Gliscor|0 fnt\n|faint|p2a: Gliscor\n|\n|-heal|p1a: Swampert|64/100|[from] item: Leftovers\n|upkeep\n|inactive|Time left: 300 sec this turn | 300 sec total | 65 sec grace\n|\n|t:|1783546296\n|switch|p2a: Stantler|Stantler, L92, M|284/284\n|-ability|p2a: Stantler|Intimidate|boost\n|-unboost|p1a: Swampert|atk|1\n|turn|2\n|inactive|Time left: 300 sec this turn | 300 sec total\n|\n|t:|1783546298\n|move|p2a: Stantler|Body Slam|p1a: Swampert\n|-damage|p1a: Swampert|28/100\n|-status|p1a: Swampert|par\n|move|p1a: Swampert|Earthquake|p2a: Stantler\n|-damage|p2a: Stantler|220/284\n|\n|-heal|p1a: Swampert|34/100 par|[from] item: Leftovers\n|upkeep\n|turn|3\n|inactive|Time left: 300 sec this turn | 300 sec total\n|\n|t:|1783546299\n|switch|p1a: Giratina|Giratina, L75|100/100\n|-ability|p1a: Giratina|Pressure\n|move|p2a: Stantler|Body Slam|p1a: Giratina\n|-immune|p1a: Giratina\n|\n|upkeep\n|turn|4\n|inactive|Time left: 300 sec this turn | 300 sec total\n|\n|t:|1783546300\n|move|p2a: Stantler|Body Slam|p1a: Giratina\n|-immune|p1a: Giratina\n|move|p1a: Giratina|Shadow Ball|p2a: Stantler\n|-immune|p2a: Stantler\n|\n|upkeep\n|turn|5\n|inactive|Time left: 300 sec this turn | 300 sec total\n|\n|t:|1783546301\n|move|p2a: Stantler|Thunder Wave|p1a: Giratina|[miss]\n|-miss|p2a: Stantler|p1a: Giratina\n|move|p1a: Giratina|Dragon Tail|p2a: Stantler\n|-damage|p2a: Stantler|175/284\n|drag|p2a: Pawmot|Pawmot, L80, M|243/243\n|\n|upkeep\n|turn|6\n|inactive|Time left: 300 sec this turn | 300 sec total\n|\n|t:|1783546302\n|move|p2a: Pawmot|Knock Off|p1a: Giratina\n|-supereffective|p1a: Giratina\n|-damage|p1a: Giratina|51/100\n|-enditem|p1a: Giratina|Leftovers|[from] move: Knock Off|[of] p2a: Pawmot\n|-damage|p2a: Pawmot|219/243|[from] item: Life Orb\n|move|p1a: Giratina|Shadow Ball|p2a: Pawmot\n|-crit|p2a: Pawmot\n|-damage|p2a: Pawmot|83/243\n|-unboost|p2a: Pawmot|spd|1\n|\n|upkeep\n|turn|7\n|inactive|Time left: 300 sec this turn | 300 sec total\n|\n|t:|1783546303\n|switch|p2a: Stantler|Stantler, L92, M|175/284\n|-ability|p2a: Stantler|Intimidate|boost\n|-unboost|p1a: Giratina|atk|1\n|move|p1a: Giratina|Shadow Ball|p2a: Stantler\n|-immune|p2a: Stantler\n|\n|upkeep\n|turn|8\n|inactive|Time left: 300 sec this turn | 300 sec total\n|\n|t:|1783546304\n|switch|p1a: Rotom|Rotom-Mow, L87|100/100\n|move|p2a: Stantler|Throat Chop|p1a: Rotom\n|-damage|p1a: Rotom|77/100\n|-start|p1a: Rotom|Throat Chop|[silent]\n|\n|-heal|p1a: Rotom|83/100|[from] item: Leftovers\n|upkeep\n|turn|9\n|inactive|Time left: 300 sec this turn | 300 sec total\n|\n|t:|1783546306\n|move|p2a: Stantler|Body Slam|p1a: Rotom\n|-damage|p1a: Rotom|48/100\n|move|p1a: Rotom|Nasty Plot|p1a: Rotom\n|-boost|p1a: Rotom|spa|2\n|\n|-heal|p1a: Rotom|54/100|[from] item: Leftovers\n|-end|p1a: Rotom|Throat Chop|[silent]\n|upkeep\n|turn|10\n|inactive|Time left: 300 sec this turn | 300 sec total\n|\n|t:|1783546307\n|move|p2a: Stantler|Body Slam|p1a: Rotom\n|-damage|p1a: Rotom|14/100\n|move|p1a: Rotom|Thunderbolt|p2a: Stantler\n|-damage|p2a: Stantler|1/284\n|-status|p2a: Stantler|par\n|\n|-heal|p1a: Rotom|21/100|[from] item: Leftovers\n|upkeep\n|turn|11\n|inactive|Time left: 300 sec this turn | 300 sec total\n|\n|t:|1783546308\n|move|p1a: Rotom|Thunderbolt|p2a: Stantler\n|-crit|p2a: Stantler\n|-damage|p2a: Stantler|0 fnt\n|faint|p2a: Stantler\n|\n|-heal|p1a: Rotom|27/100|[from] item: Leftovers\n|upkeep\n|inactive|Time left: 300 sec this turn | 300 sec total | 5 sec grace\n|\n|t:|1783546309\n|switch|p2a: Miraidon|Miraidon, L65|238/238\n|-fieldstart|move: Electric Terrain|[from] ability: Hadron Engine|[of] p2a: Miraidon\n|turn|12\n|inactive|Time left: 300 sec this turn | 300 sec total\n|\n|t:|1783546310\n|move|p2a: Miraidon|Dragon Pulse|p1a: Rotom\n|-damage|p1a: Rotom|0 fnt\n|faint|p1a: Rotom\n|-damage|p2a: Miraidon|215/238|[from] item: Life Orb\n|\n|upkeep\n|\n|t:|1783546311\n|switch|p1a: Necrozma|Necrozma, L80|100/100\n|turn|13\n|inactive|Time left: 300 sec this turn | 300 sec total\n|\n|t:|1783546312\n|move|p2a: Miraidon|Electro Drift|p1a: Necrozma\n|-damage|p1a: Necrozma|35/100\n|-damage|p2a: Miraidon|192/238|[from] item: Life Orb\n|move|p1a: Necrozma|Earthquake|p2a: Miraidon\n|-supereffective|p2a: Miraidon\n|-damage|p2a: Miraidon|0 fnt\n|faint|p2a: Miraidon\n|-damage|p1a: Necrozma|25/100|[from] item: Life Orb\n|\n|upkeep\n|inactive|Time left: 300 sec this turn | 300 sec total | 5 sec grace\n|\n|t:|1783546313\n|switch|p2a: Dugtrio|Dugtrio, L84, F|196/196\n|turn|14\n|inactive|Time left: 300 sec this turn | 300 sec total\n|\n|t:|1783546314\n|move|p2a: Dugtrio|Earthquake|p1a: Necrozma\n|-damage|p1a: Necrozma|0 fnt\n|faint|p1a: Necrozma\n|-damage|p2a: Dugtrio|177/196|[from] item: Life Orb\n|\n|upkeep\n|\n|t:|1783546315\n|switch|p1a: Koraidon|Koraidon, L64|100/100\n|-weather|SunnyDay|[from] ability: Orichalcum Pulse|[of] p1a: Koraidon\n|-activate|p1a: Koraidon|Orichalcum Pulse|[source]\n|turn|15\n|inactive|Time left: 300 sec this turn | 300 sec total\n|\n|t:|1783546316\n|move|p2a: Dugtrio|Earthquake|p1a: Koraidon\n|-damage|p1a: Koraidon|42/100\n|-damage|p2a: Dugtrio|158/196|[from] item: Life Orb\n|move|p1a: Koraidon|Scale Shot|p2a: Dugtrio\n|-damage|p2a: Dugtrio|116/196\n|-damage|p2a: Dugtrio|76/196\n|-damage|p2a: Dugtrio|31/196\n|-damage|p2a: Dugtrio|0 fnt\n|faint|p2a: Dugtrio\n|-hitcount|p2: Dugtrio|4\n|-unboost|p1a: Koraidon|def|1\n|-boost|p1a: Koraidon|spe|1\n|\n|-weather|SunnyDay|[upkeep]\n|upkeep\n|inactive|Time left: 300 sec this turn | 300 sec total | 5 sec grace\n|\n|t:|1783546317\n|switch|p2a: Vaporeon|Vaporeon, L86, M|364/364\n|turn|16\n|inactive|Time left: 300 sec this turn | 300 sec total\n|\n|t:|1783546318\n|move|p1a: Koraidon|Swords Dance|p1a: Koraidon\n|-boost|p1a: Koraidon|atk|2\n|move|p2a: Vaporeon|Scald|p1a: Koraidon\n|-resisted|p1a: Koraidon\n|-damage|p1a: Koraidon|29/100\n|-status|p1a: Koraidon|brn\n|\n|-weather|SunnyDay|[upkeep]\n|-damage|p1a: Koraidon|23/100 brn|[from] brn\n|-fieldend|move: Electric Terrain\n|upkeep\n|turn|17\n|inactive|Time left: 300 sec this turn | 300 sec total\n|\n|t:|1783546319\n|move|p1a: Koraidon|Collision Course|p2a: Vaporeon\n|-damage|p2a: Vaporeon|236/364\n|move|p2a: Vaporeon|Scald|p1a: Koraidon\n|-resisted|p1a: Koraidon\n|-damage|p1a: Koraidon|12/100 brn\n|\n|-weather|SunnyDay|[upkeep]\n|-heal|p2a: Vaporeon|258/364|[from] item: Leftovers\n|-damage|p1a: Koraidon|6/100 brn|[from] brn\n|upkeep\n|turn|18\n|inactive|Time left: 300 sec this turn | 300 sec total\n|\n|t:|1783546320\n|move|p1a: Koraidon|Collision Course|p2a: Vaporeon\n|-damage|p2a: Vaporeon|123/364\n|move|p2a: Vaporeon|Wish|p2a: Vaporeon\n|\n|-weather|SunnyDay|[upkeep]\n|-heal|p2a: Vaporeon|145/364|[from] item: Leftovers\n|-damage|p1a: Koraidon|0 fnt|[from] brn\n|faint|p1a: Koraidon\n|upkeep\n|\n|t:|1783546321\n|switch|p1a: Toxtricity|Toxtricity, L82, F|100/100\n|turn|19\n|inactive|Time left: 300 sec this turn | 300 sec total\n|\n|t:|1783546323\n|move|p2a: Vaporeon|Protect|p2a: Vaporeon\n|-singleturn|p2a: Vaporeon|Protect\n|move|p1a: Toxtricity|Shift Gear|p1a: Toxtricity\n|-boost|p1a: Toxtricity|spe|2\n|-boost|p1a: Toxtricity|atk|1\n|\n|-weather|none\n|-heal|p2a: Vaporeon|327/364|[from] move: Wish|[wisher] Vaporeon\n|-heal|p2a: Vaporeon|349/364|[from] item: Leftovers\n|upkeep\n|turn|20\n|inactive|Time left: 300 sec this turn | 300 sec total\n|\n|t:|1783546324\n|-terastallize|p2a: Vaporeon|Poison\n|move|p1a: Toxtricity|Overdrive|p2a: Vaporeon\n|-damage|p2a: Vaporeon|235/364\n|-enditem|p1a: Toxtricity|Throat Spray\n|-boost|p1a: Toxtricity|spa|1|[from] item: Throat Spray\n|move|p2a: Vaporeon|Calm Mind|p2a: Vaporeon\n|-boost|p2a: Vaporeon|spa|1\n|-boost|p2a: Vaporeon|spd|1\n|\n|-heal|p2a: Vaporeon|257/364|[from] item: Leftovers\n|upkeep\n|turn|21\n|inactive|Time left: 300 sec this turn | 300 sec total\n|\n|t:|1783546325\n|-terastallize|p1a: Toxtricity|Normal\n|move|p2a: Vaporeon|Protect|p2a: Vaporeon\n|-singleturn|p2a: Vaporeon|Protect\n|move|p1a: Toxtricity|Boomburst|p2a: Vaporeon\n|-activate|p2a: Vaporeon|move: Protect\n|\n|-heal|p2a: Vaporeon|279/364|[from] item: Leftovers\n|upkeep\n|turn|22\n|inactive|Time left: 300 sec this turn | 300 sec total\n|\n|t:|1783546326\n|move|p1a: Toxtricity|Boomburst|p2a: Vaporeon\n|-damage|p2a: Vaporeon|72/364\n|move|p2a: Vaporeon|Wish|p2a: Vaporeon\n|\n|-heal|p2a: Vaporeon|94/364|[from] item: Leftovers\n|upkeep\n|turn|23\n|inactive|Time left: 300 sec this turn | 300 sec total\n|\n|t:|1783546327\n|move|p2a: Vaporeon|Protect|p2a: Vaporeon\n|-singleturn|p2a: Vaporeon|Protect\n|move|p1a: Toxtricity|Boomburst|p2a: Vaporeon\n|-activate|p2a: Vaporeon|move: Protect\n|\n|-heal|p2a: Vaporeon|276/364|[from] move: Wish|[wisher] Vaporeon\n|-heal|p2a: Vaporeon|298/364|[from] item: Leftovers\n|upkeep\n|turn|24\n|inactive|Time left: 300 sec this turn | 300 sec total\n|\n|t:|1783546328\n|move|p1a: Toxtricity|Boomburst|p2a: Vaporeon\n|-damage|p2a: Vaporeon|96/364\n|move|p2a: Vaporeon|Wish|p2a: Vaporeon\n|\n|-heal|p2a: Vaporeon|118/364|[from] item: Leftovers\n|upkeep\n|turn|25\n|inactive|Time left: 300 sec this turn | 300 sec total\n|\n|t:|1783546329\n|move|p2a: Vaporeon|Protect|p2a: Vaporeon\n|-singleturn|p2a: Vaporeon|Protect\n|move|p1a: Toxtricity|Boomburst|p2a: Vaporeon\n|-activate|p2a: Vaporeon|move: Protect\n|\n|-heal|p2a: Vaporeon|300/364|[from] move: Wish|[wisher] Vaporeon\n|-heal|p2a: Vaporeon|322/364|[from] item: Leftovers\n|upkeep\n|turn|26\n|inactive|Time left: 300 sec this turn | 300 sec total\n|\n|t:|1783546330\n|move|p1a: Toxtricity|Boomburst|p2a: Vaporeon\n|-damage|p2a: Vaporeon|135/364\n|move|p2a: Vaporeon|Calm Mind|p2a: Vaporeon\n|-boost|p2a: Vaporeon|spa|1\n|-boost|p2a: Vaporeon|spd|1\n|\n|-heal|p2a: Vaporeon|157/364|[from] item: Leftovers\n|upkeep\n|turn|27\n|inactive|Time left: 300 sec this turn | 300 sec total\n|\n|t:|1783546331\n|move|p1a: Toxtricity|Boomburst|p2a: Vaporeon\n|-damage|p2a: Vaporeon|19/364\n|move|p2a: Vaporeon|Wish|p2a: Vaporeon\n|\n|-heal|p2a: Vaporeon|41/364|[from] item: Leftovers\n|upkeep\n|turn|28\n|inactive|Time left: 300 sec this turn | 300 sec total\n|\n|t:|1783546333\n|move|p2a: Vaporeon|Protect|p2a: Vaporeon\n|-singleturn|p2a: Vaporeon|Protect\n|move|p1a: Toxtricity|Shift Gear|p1a: Toxtricity\n|-boost|p1a: Toxtricity|spe|2\n|-boost|p1a: Toxtricity|atk|1\n|\n|-heal|p2a: Vaporeon|223/364|[from] move: Wish|[wisher] Vaporeon\n|-heal|p2a: Vaporeon|245/364|[from] item: Leftovers\n|upkeep\n|turn|29\n|inactive|Time left: 300 sec this turn | 300 sec total\n|\n|t:|1783546334\n|move|p1a: Toxtricity|Boomburst|p2a: Vaporeon\n|-damage|p2a: Vaporeon|97/364\n|move|p2a: Vaporeon|Wish|p2a: Vaporeon\n|\n|-heal|p2a: Vaporeon|119/364|[from] item: Leftovers\n|upkeep\n|turn|30\n|inactive|Time left: 300 sec this turn | 300 sec total\n|\n|t:|1783546335\n|move|p2a: Vaporeon|Protect|p2a: Vaporeon\n|-singleturn|p2a: Vaporeon|Protect\n|move|p1a: Toxtricity|Shift Gear|p1a: Toxtricity\n|-boost|p1a: Toxtricity|spe|2\n|-boost|p1a: Toxtricity|atk|1\n|\n|-heal|p2a: Vaporeon|301/364|[from] move: Wish|[wisher] Vaporeon\n|-heal|p2a: Vaporeon|323/364|[from] item: Leftovers\n|upkeep\n|turn|31\n|inactive|Time left: 300 sec this turn | 300 sec total\n|\n|t:|1783546336\n|move|p1a: Toxtricity|Gunk Shot|p2a: Vaporeon\n|-resisted|p2a: Vaporeon\n|-damage|p2a: Vaporeon|132/364\n|move|p2a: Vaporeon|Scald|p1a: Toxtricity\n|-damage|p1a: Toxtricity|3/100\n|\n|-heal|p2a: Vaporeon|154/364|[from] item: Leftovers\n|upkeep\n|turn|32\n|inactive|Time left: 300 sec this turn | 300 sec total\n|\n|t:|1783546337\n|move|p2a: Vaporeon|Protect|p2a: Vaporeon\n|-singleturn|p2a: Vaporeon|Protect\n|move|p1a: Toxtricity|Gunk Shot|p2a: Vaporeon\n|-activate|p2a: Vaporeon|move: Protect\n|\n|-heal|p2a: Vaporeon|176/364|[from] item: Leftovers\n|upkeep\n|turn|33\n|inactive|Time left: 300 sec this turn | 300 sec total\n|\n|t:|1783546338\n|move|p2a: Vaporeon|Protect||[still]\n|-fail|p2a: Vaporeon\n|move|p1a: Toxtricity|Gunk Shot|p2a: Vaporeon\n|-resisted|p2a: Vaporeon\n|-damage|p2a: Vaporeon|0 fnt\n|faint|p2a: Vaporeon\n|\n|upkeep\n|inactive|Time left: 300 sec this turn | 300 sec total | 5 sec grace\n|\n|t:|1783546339\n|switch|p2a: Pawmot|Pawmot, L80, M|83/243\n|turn|34\n|inactive|Time left: 300 sec this turn | 300 sec total\n|\n|t:|1783546340\n|move|p1a: Toxtricity|Boomburst|p2a: Pawmot\n|-damage|p2a: Pawmot|0 fnt\n|faint|p2a: Pawmot\n|\n|win|p0x619614a", "uploadtime": 1783546340, "views": 0, "rating": 0, "private": 0, "password": null, "_winner": "p0x619614a", "_our_name": "p0y6193466"}