{"id": "battle-gen9randombattle-2264", "formatid": "gen9randombattle", "format": "[Gen 9] Random Battle", "players": ["p0x226415e8", "p0y2264d6fa"], "log": "|init|battle\n|title|p0x226415e8 vs. p0y2264d6fa\n|j|\u2606p0x226415e8\n|j|\u2606p0y2264d6fa\n|t:|1783565284\n|gametype|singles\n|player|p1|p0x226415e8|2|\n|player|p2|p0y2264d6fa|170|\n|gen|9\n|tier|[Gen 9] Random Battle\n|rule|Species Clause: Limit one of each Pok\u00e9mon\n|rule|HP Percentage Mod: HP is shown in percentages\n|rule|Sleep Clause Mod: Limit one foe put to sleep\n|rule|Illusion Level Mod: Illusion disguises the Pok\u00e9mon's true level\n|\n|t:|1783565284\n|teamsize|p1|6\n|teamsize|p2|6\n|start\n|switch|p1a: Pelipper|Pelipper, L86, M|243/243\n|switch|p2a: Emboar|Emboar, L84, F|100/100\n|-weather|RainDance|[from] ability: Drizzle|[of] p1a: Pelipper\n|turn|1\n|inactive|Battle timer is ON: inactive players will automatically lose when time's up. (requested by p0y2264d6fa)\n|inactive|Time left: 300 sec this turn | 300 sec total | 60 sec grace\n|inactive|p0x226415e8 also wants the timer to be on.\n|\n|t:|1783565286\n|switch|p2a: Eternatus|Eternatus, L69|100/100\n|-ability|p2a: Eternatus|Pressure\n|move|p1a: Pelipper|Hurricane|p2a: Eternatus\n|-damage|p2a: Eternatus|56/100\n|-start|p2a: Eternatus|confusion\n|\n|-weather|RainDance|[upkeep]\n|upkeep\n|turn|2\n|inactive|Time left: 300 sec this turn | 300 sec total\n|\n|t:|1783565288\n|-activate|p2a: Eternatus|confusion\n|move|p2a: Eternatus|Dynamax Cannon|p1a: Pelipper\n|-damage|p1a: Pelipper|126/243\n|move|p1a: Pelipper|Hurricane|p2a: Eternatus\n|-damage|p2a: Eternatus|13/100\n|\n|-weather|RainDance|[upkeep]\n|upkeep\n|turn|3\n|inactive|Time left: 300 sec this turn | 300 sec total\n|\n|t:|1783565289\n|-activate|p2a: Eternatus|confusion\n|move|p2a: Eternatus|Toxic|p1a: Pelipper\n|-status|p1a: Pelipper|tox\n|move|p1a: Pelipper|Roost|p1a: Pelipper\n|-heal|p1a: Pelipper|243/243 tox\n|-singleturn|p1a: Pelipper|move: Roost\n|\n|-weather|RainDance|[upkeep]\n|-damage|p1a: Pelipper|228/243 tox|[from] psn\n|upkeep\n|turn|4\n|inactive|Time left: 300 sec this turn | 300 sec total\n|\n|t:|1783565290\n|-activate|p2a: Eternatus|confusion\n|move|p2a: Eternatus|Recover|p2a: Eternatus\n|-heal|p2a: Eternatus|63/100\n|move|p1a: Pelipper|Hurricane|p2a: Eternatus\n|-damage|p2a: Eternatus|21/100\n|\n|-weather|RainDance|[upkeep]\n|-damage|p1a: Pelipper|198/243 tox|[from] psn\n|upkeep\n|turn|5\n|inactive|Time left: 300 sec this turn | 300 sec total\n|\n|t:|1783565291\n|-end|p2a: Eternatus|confusion\n|move|p2a: Eternatus|Recover|p2a: Eternatus\n|-heal|p2a: Eternatus|71/100\n|move|p1a: Pelipper|Hurricane|p2a: Eternatus\n|-damage|p2a: Eternatus|27/100\n|\n|-weather|none\n|-damage|p1a: Pelipper|153/243 tox|[from] psn\n|upkeep\n|turn|6\n|inactive|Time left: 300 sec this turn | 300 sec total\n|\n|t:|1783565292\n|switch|p1a: Qwilfish|Qwilfish-Hisui, L83, F|244/244\n|-ability|p1a: Qwilfish|Intimidate|boost\n|-unboost|p2a: Eternatus|atk|1\n|move|p2a: Eternatus|Recover|p2a: Eternatus\n|-heal|p2a: Eternatus|77/100\n|\n|upkeep\n|turn|7\n|inactive|Time left: 300 sec this turn | 300 sec total\n|\n|t:|1783565294\n|move|p2a: Eternatus|Dynamax Cannon|p1a: Qwilfish\n|-damage|p1a: Qwilfish|150/244\n|move|p1a: Qwilfish|Toxic Spikes|p2a: Eternatus\n|-sidestart|p2: p0y2264d6fa|move: Toxic Spikes\n|\n|upkeep\n|turn|8\n|inactive|Time left: 300 sec this turn | 300 sec total\n|\n|t:|1783565295\n|move|p2a: Eternatus|Dynamax Cannon|p1a: Qwilfish\n|-damage|p1a: Qwilfish|62/244\n|move|p1a: Qwilfish|Toxic Spikes|p2a: Eternatus\n|-sidestart|p2: p0y2264d6fa|move: Toxic Spikes\n|\n|upkeep\n|turn|9\n|inactive|Time left: 300 sec this turn | 300 sec total\n|\n|t:|1783565296\n|switch|p1a: Registeel|Registeel, L81|262/262\n|move|p2a: Eternatus|Dynamax Cannon|p1a: Registeel\n|-resisted|p1a: Registeel\n|-damage|p1a: Registeel|226/262\n|\n|upkeep\n|turn|10\n|inactive|Time left: 300 sec this turn | 300 sec total\n|\n|t:|1783565297\n|switch|p2a: Yanmega|Yanmega, L82, F|100/100\n|move|p1a: Registeel|Iron Defense|p1a: Registeel\n|-boost|p1a: Registeel|def|2\n|\n|upkeep\n|turn|11\n|inactive|Time left: 300 sec this turn | 300 sec total\n|\n|t:|1783565298\n|move|p2a: Yanmega|Air Slash|p1a: Registeel\n|-resisted|p1a: Registeel\n|-damage|p1a: Registeel|134/262\n|cant|p1a: Registeel|flinch\n|\n|upkeep\n|turn|12\n|inactive|Time left: 300 sec this turn | 300 sec total\n|\n|t:|1783565300\n|move|p2a: Yanmega|Air Slash|p1a: Registeel\n|-resisted|p1a: Registeel\n|-damage|p1a: Registeel|44/262\n|move|p1a: Registeel|Rest|p1a: Registeel\n|-status|p1a: Registeel|slp|[from] move: Rest\n|-heal|p1a: Registeel|262/262 slp|[silent]\n|-enditem|p1a: Registeel|Chesto Berry|[eat]\n|-curestatus|p1a: Registeel|slp|[msg]\n|\n|upkeep\n|turn|13\n|inactive|Time left: 300 sec this turn | 300 sec total\n|\n|t:|1783565301\n|switch|p2a: Eternatus|Eternatus, L69|77/100\n|-sideend|p2: p0y2264d6fa|move: Toxic Spikes|[of] p2a: Eternatus\n|-ability|p2a: Eternatus|Pressure\n|move|p1a: Registeel|Body Press|p2a: Eternatus\n|-resisted|p2a: Eternatus\n|-damage|p2a: Eternatus|52/100\n|-damage|p1a: Registeel|219/262|[from] item: Rocky Helmet|[of] p2a: Eternatus\n|\n|upkeep\n|turn|14\n|inactive|Time left: 300 sec this turn | 300 sec total\n|\n|t:|1783565302\n|move|p2a: Eternatus|Recover|p2a: Eternatus\n|-heal|p2a: Eternatus|100/100\n|move|p1a: Registeel|Body Press|p2a: Eternatus\n|-resisted|p2a: Eternatus\n|-damage|p2a: Eternatus|73/100\n|-damage|p1a: Registeel|176/262|[from] item: Rocky Helmet|[of] p2a: Eternatus\n|\n|upkeep\n|turn|15\n|inactive|Time left: 300 sec this turn | 300 sec total\n|\n|t:|1783565303\n|move|p2a: Eternatus|Recover|p2a: Eternatus\n|-heal|p2a: Eternatus|100/100\n|move|p1a: Registeel|Iron Head|p2a: Eternatus\n|-damage|p2a: Eternatus|78/100\n|-damage|p1a: Registeel|133/262|[from] item: Rocky Helmet|[of] p2a: Eternatus\n|\n|upkeep\n|turn|16\n|inactive|Time left: 300 sec this turn | 300 sec total\n|\n|t:|1783565304\n|move|p2a: Eternatus|Flamethrower|p1a: Registeel\n|-supereffective|p1a: Registeel\n|-damage|p1a: Registeel|47/262\n|move|p1a: Registeel|Body Press|p2a: Eternatus\n|-resisted|p2a: Eternatus\n|-damage|p2a: Eternatus|51/100\n|-damage|p1a: Registeel|4/262|[from] item: Rocky Helmet|[of] p2a: Eternatus\n|\n|upkeep\n|turn|17\n|inactive|Time left: 300 sec this turn | 300 sec total\n|\n|t:|1783565305\n|move|p2a: Eternatus|Dynamax Cannon|p1a: Registeel\n|-resisted|p1a: Registeel\n|-damage|p1a: Registeel|0 fnt\n|faint|p1a: Registeel\n|\n|upkeep\n|inactive|Time left: 300 sec this turn | 300 sec total | 5 sec grace\n|\n|t:|1783565306\n|switch|p1a: Pelipper|Pelipper, L86, M|153/243 tox\n|-weather|RainDance|[from] ability: Drizzle|[of] p1a: Pelipper\n|turn|18\n|inactive|Time left: 300 sec this turn | 300 sec total\n|\n|t:|1783565307\n|move|p2a: Eternatus|Recover|p2a: Eternatus\n|-heal|p2a: Eternatus|100/100\n|move|p1a: Pelipper|Hurricane|p2a: Eternatus\n|-damage|p2a: Eternatus|57/100\n|\n|-weather|RainDance|[upkeep]\n|-damage|p1a: Pelipper|138/243 tox|[from] psn\n|upkeep\n|turn|19\n|inactive|Time left: 300 sec this turn | 300 sec total\n|\n|t:|1783565309\n|move|p2a: Eternatus|Dynamax Cannon|p1a: Pelipper\n|-damage|p1a: Pelipper|17/243 tox\n|move|p1a: Pelipper|Hurricane|p2a: Eternatus\n|-damage|p2a: Eternatus|12/100\n|\n|-weather|RainDance|[upkeep]\n|-damage|p1a: Pelipper|0 fnt|[from] psn\n|faint|p1a: Pelipper\n|upkeep\n|inactive|Time left: 300 sec this turn | 300 sec total | 5 sec grace\n|\n|t:|1783565310\n|switch|p1a: Goodra|Goodra, L85, F|292/292\n|turn|20\n|inactive|Time left: 300 sec this turn | 300 sec total\n|\n|t:|1783565310\n|move|p2a: Eternatus|Recover|p2a: Eternatus\n|-heal|p2a: Eternatus|62/100\n|move|p1a: Goodra|Scald|p2a: Eternatus\n|-resisted|p2a: Eternatus\n|-damage|p2a: Eternatus|43/100\n|\n|-weather|RainDance|[upkeep]\n|upkeep\n|turn|21\n|inactive|Time left: 300 sec this turn | 300 sec total\n|\n|t:|1783565312\n|move|p2a: Eternatus|Toxic|p1a: Goodra\n|-status|p1a: Goodra|tox\n|move|p1a: Goodra|Dragon Tail|p2a: Eternatus\n|-supereffective|p2a: Eternatus\n|-damage|p2a: Eternatus|0 fnt\n|-damage|p1a: Goodra|244/292 tox|[from] item: Rocky Helmet|[of] p2a: Eternatus\n|faint|p2a: Eternatus\n|\n|-weather|RainDance|[upkeep]\n|-damage|p1a: Goodra|226/292 tox|[from] psn\n|upkeep\n|\n|t:|1783565313\n|switch|p2a: Dudunsparce|Dudunsparce-Three-Segment, L83, M|100/100\n|turn|22\n|inactive|Time left: 300 sec this turn | 300 sec total\n|\n|t:|1783565314\n|move|p1a: Goodra|Scald|p2a: Dudunsparce\n|-damage|p2a: Dudunsparce|68/100\n|move|p2a: Dudunsparce|Boomburst|p1a: Goodra\n|-damage|p1a: Goodra|169/292 tox\n|\n|-weather|none\n|-heal|p2a: Dudunsparce|74/100|[from] item: Leftovers\n|-damage|p1a: Goodra|133/292 tox|[from] psn\n|upkeep\n|turn|23\n|inactive|Time left: 300 sec this turn | 300 sec total\n|\n|t:|1783565315\n|move|p1a: Goodra|Draco Meteor|p2a: Dudunsparce\n|-damage|p2a: Dudunsparce|22/100\n|-unboost|p1a: Goodra|spa|2\n|move|p2a: Dudunsparce|Roost|p2a: Dudunsparce\n|-heal|p2a: Dudunsparce|72/100\n|-singleturn|p2a: Dudunsparce|move: Roost\n|\n|-heal|p2a: Dudunsparce|78/100|[from] item: Leftovers\n|-damage|p1a: Goodra|79/292 tox|[from] psn\n|upkeep\n|turn|24\n|inactive|Time left: 300 sec this turn | 300 sec total\n|\n|t:|1783565316\n|move|p2a: Dudunsparce|Roost|p2a: Dudunsparce\n|-heal|p2a: Dudunsparce|100/100\n|-singleturn|p2a: Dudunsparce|move: Roost\n|move|p1a: Goodra|Dragon Tail|p2a: Dudunsparce\n|-damage|p2a: Dudunsparce|80/100\n|drag|p2a: Swanna|Swanna, L89, M|100/100\n|\n|-damage|p1a: Goodra|7/292 tox|[from] psn\n|upkeep\n|turn|25\n|inactive|Time left: 300 sec this turn | 300 sec total\n|\n|t:|1783565317\n|switch|p1a: Dialga|Dialga, L73|266/266\n|-ability|p1a: Dialga|Pressure\n|move|p2a: Swanna|Brave Bird|p1a: Dialga\n|-resisted|p1a: Dialga\n|-damage|p1a: Dialga|212/266\n|-damage|p2a: Swanna|94/100|[from] Recoil\n|\n|upkeep\n|turn|26\n|inactive|Time left: 300 sec this turn | 300 sec total\n|\n|t:|1783565318\n|move|p2a: Swanna|Brave Bird|p1a: Dialga\n|-resisted|p1a: Dialga\n|-damage|p1a: Dialga|149/266\n|-damage|p2a: Swanna|86/100|[from] Recoil\n|move|p1a: Dialga|Heavy Slam|p2a: Swanna\n|-resisted|p2a: Swanna\n|-damage|p2a: Swanna|64/100\n|\n|upkeep\n|turn|27\n|inactive|Time left: 300 sec this turn | 300 sec total\n|\n|t:|1783565319\n|move|p2a: Swanna|Roost|p2a: Swanna\n|-heal|p2a: Swanna|100/100\n|-singleturn|p2a: Swanna|move: Roost\n|move|p1a: Dialga|Heavy Slam|p2a: Swanna\n|-resisted|p2a: Swanna\n|-damage|p2a: Swanna|75/100\n|\n|upkeep\n|turn|28\n|inactive|Time left: 300 sec this turn | 300 sec total\n|\n|t:|1783565320\n|move|p2a: Swanna|Brave Bird|p1a: Dialga\n|-resisted|p1a: Dialga\n|-damage|p1a: Dialga|95/266\n|-damage|p2a: Swanna|69/100|[from] Recoil\n|move|p1a: Dialga|Fire Blast|p2a: Swanna\n|-resisted|p2a: Swanna\n|-damage|p2a: Swanna|50/100\n|\n|upkeep\n|turn|29\n|inactive|Time left: 300 sec this turn | 300 sec total\n|\n|t:|1783565321\n|move|p2a: Swanna|Roost|p2a: Swanna\n|-heal|p2a: Swanna|100/100\n|-singleturn|p2a: Swanna|move: Roost\n|move|p1a: Dialga|Heavy Slam|p2a: Swanna\n|-resisted|p2a: Swanna\n|-damage|p2a: Swanna|77/100\n|\n|upkeep\n|turn|30\n|inactive|Time left: 300 sec this turn | 300 sec total\n|\n|t:|1783565322\n|move|p2a: Swanna|Brave Bird|p1a: Dialga\n|-resisted|p1a: Dialga\n|-damage|p1a: Dialga|35/266\n|-damage|p2a: Swanna|70/100|[from] Recoil\n|move|p1a: Dialga|Heavy Slam|p2a: Swanna\n|-resisted|p2a: Swanna\n|-damage|p2a: Swanna|45/100\n|\n|upkeep\n|turn|31\n|inactive|Time left: 300 sec this turn | 300 sec total\n|\n|t:|1783565323\n|move|p2a: Swanna|Brave Bird|p1a: Dialga\n|-resisted|p1a: Dialga\n|-damage|p1a: Dialga|0 fnt\n|faint|p1a: Dialga\n|-damage|p2a: Swanna|41/100|[from] Recoil\n|\n|upkeep\n|inactive|Time left: 300 sec this turn | 300 sec total | 5 sec grace\n|\n|t:|1783565324\n|switch|p1a: Sceptile|Sceptile, L87, F|264/264\n|turn|32\n|inactive|Time left: 300 sec this turn | 300 sec total\n|\n|t:|1783565325\n|switch|p2a: Emboar|Emboar, L84, F|100/100\n|move|p1a: Sceptile|Substitute|p1a: Sceptile\n|-start|p1a: Sceptile|Substitute\n|-damage|p1a: Sceptile|198/264\n|\n|-heal|p1a: Sceptile|214/264|[from] item: Leftovers\n|upkeep\n|turn|33\n|inactive|Time left: 300 sec this turn | 300 sec total\n|\n|t:|1783565326\n|move|p1a: Sceptile|Leech Seed|p2a: Emboar\n|-start|p2a: Emboar|move: Leech Seed\n|move|p2a: Emboar|Flare Blitz|p1a: Sceptile\n|-supereffective|p1a: Sceptile\n|-end|p1a: Sceptile|Substitute\n|-damage|p2a: Emboar|94/100|[from] Recoil|[of] p1a: Sceptile\n|\n|-heal|p1a: Sceptile|230/264|[from] item: Leftovers\n|-damage|p2a: Emboar|81/100|[from] Leech Seed|[of] p1a: Sceptile\n|-heal|p1a: Sceptile|264/264|[silent]\n|upkeep\n|turn|34\n|inactive|Time left: 300 sec this turn | 300 sec total\n|\n|t:|1783565327\n|move|p1a: Sceptile|Substitute|p1a: Sceptile\n|-start|p1a: Sceptile|Substitute\n|-damage|p1a: Sceptile|198/264\n|move|p2a: Emboar|Flare Blitz|p1a: Sceptile\n|-supereffective|p1a: Sceptile\n|-end|p1a: Sceptile|Substitute\n|-damage|p2a: Emboar|74/100|[from] Recoil|[of] p1a: Sceptile\n|\n|-heal|p1a: Sceptile|214/264|[from] item: Leftovers\n|-damage|p2a: Emboar|62/100|[from] Leech Seed|[of] p1a: Sceptile\n|-heal|p1a: Sceptile|254/264|[silent]\n|upkeep\n|turn|35\n|inactive|Time left: 300 sec this turn | 300 sec total\n|\n|t:|1783565328\n|move|p1a: Sceptile|Substitute|p1a: Sceptile\n|-start|p1a: Sceptile|Substitute\n|-damage|p1a: Sceptile|188/264\n|move|p2a: Emboar|Flare Blitz|p1a: Sceptile\n|-supereffective|p1a: Sceptile\n|-end|p1a: Sceptile|Substitute\n|-damage|p2a: Emboar|55/100|[from] Recoil|[of] p1a: Sceptile\n|\n|-heal|p1a: Sceptile|204/264|[from] item: Leftovers\n|-damage|p2a: Emboar|43/100|[from] Leech Seed|[of] p1a: Sceptile\n|-heal|p1a: Sceptile|244/264|[silent]\n|upkeep\n|turn|36\n|inactive|Time left: 300 sec this turn | 300 sec total\n|\n|t:|1783565329\n|move|p1a: Sceptile|Substitute|p1a: Sceptile\n|-start|p1a: Sceptile|Substitute\n|-damage|p1a: Sceptile|178/264\n|move|p2a: Emboar|Flare Blitz|p1a: Sceptile\n|-supereffective|p1a: Sceptile\n|-end|p1a: Sceptile|Substitute\n|-damage|p2a: Emboar|36/100|[from] Recoil|[of] p1a: Sceptile\n|\n|-heal|p1a: Sceptile|194/264|[from] item: Leftovers\n|-damage|p2a: Emboar|23/100|[from] Leech Seed|[of] p1a: Sceptile\n|-heal|p1a: Sceptile|234/264|[silent]\n|upkeep\n|turn|37\n|inactive|Time left: 300 sec this turn | 300 sec total\n|\n|t:|1783565330\n|move|p1a: Sceptile|Substitute|p1a: Sceptile\n|-start|p1a: Sceptile|Substitute\n|-damage|p1a: Sceptile|168/264\n|move|p2a: Emboar|Flare Blitz|p1a: Sceptile\n|-supereffective|p1a: Sceptile\n|-end|p1a: Sceptile|Substitute\n|-damage|p2a: Emboar|17/100|[from] Recoil|[of] p1a: Sceptile\n|\n|-heal|p1a: Sceptile|184/264|[from] item: Leftovers\n|-damage|p2a: Emboar|4/100|[from] Leech Seed|[of] p1a: Sceptile\n|-heal|p1a: Sceptile|224/264|[silent]\n|upkeep\n|turn|38\n|inactive|Time left: 300 sec this turn | 300 sec total\n|\n|t:|1783565331\n|switch|p2a: Yanmega|Yanmega, L82, F|100/100\n|move|p1a: Sceptile|Giga Drain|p2a: Yanmega\n|-resisted|p2a: Yanmega\n|-damage|p2a: Yanmega|88/100\n|-heal|p1a: Sceptile|241/264|[from] drain|[of] p2a: Yanmega\n|\n|-heal|p1a: Sceptile|257/264|[from] item: Leftovers\n|upkeep\n|turn|39\n|inactive|Time left: 300 sec this turn | 300 sec total\n|\n|t:|1783565332\n|-terastallize|p1a: Sceptile|Steel\n|move|p1a: Sceptile|Leech Seed|p2a: Yanmega\n|-start|p2a: Yanmega|move: Leech Seed\n|move|p2a: Yanmega|Bug Buzz|p1a: Sceptile\n|-resisted|p1a: Sceptile\n|-damage|p1a: Sceptile|99/264\n|\n|-heal|p1a: Sceptile|115/264|[from] item: Leftovers\n|-damage|p2a: Yanmega|76/100|[from] Leech Seed|[of] p1a: Sceptile\n|-heal|p1a: Sceptile|149/264|[silent]\n|upkeep\n|turn|40\n|inactive|Time left: 300 sec this turn | 300 sec total\n|\n|t:|1783565333\n|move|p1a: Sceptile|Giga Drain|p2a: Yanmega\n|-resisted|p2a: Yanmega\n|-damage|p2a: Yanmega|65/100\n|-heal|p1a: Sceptile|164/264|[from] drain|[of] p2a: Yanmega\n|move|p2a: Yanmega|Bug Buzz|p1a: Sceptile\n|-resisted|p1a: Sceptile\n|-damage|p1a: Sceptile|2/264\n|-unboost|p1a: Sceptile|spd|1\n|\n|-heal|p1a: Sceptile|18/264|[from] item: Leftovers\n|-damage|p2a: Yanmega|53/100|[from] Leech Seed|[of] p1a: Sceptile\n|-heal|p1a: Sceptile|52/264|[silent]\n|upkeep\n|turn|41\n|inactive|Time left: 300 sec this turn | 300 sec total\n|\n|t:|1783565334\n|switch|p1a: Goodra|Goodra, L85, F|7/292 tox\n|move|p2a: Yanmega|Bug Buzz|p1a: Goodra\n|-damage|p1a: Goodra|0 fnt\n|faint|p1a: Goodra\n|\n|upkeep\n|inactive|Time left: 300 sec this turn | 300 sec total | 5 sec grace\n|\n|t:|1783565334\n|switch|p1a: Sceptile|Sceptile, L87, F, tera:Steel|52/264\n|turn|42\n|inactive|Time left: 300 sec this turn | 300 sec total\n|\n|t:|1783565335\n|move|p1a: Sceptile|Focus Blast|p2a: Yanmega|[miss]\n|-miss|p1a: Sceptile|p2a: Yanmega\n|move|p2a: Yanmega|Bug Buzz|p1a: Sceptile\n|-resisted|p1a: Sceptile\n|-damage|p1a: Sceptile|0 fnt\n|faint|p1a: Sceptile\n|\n|upkeep\n|inactive|Time left: 300 sec this turn | 300 sec total | 5 sec grace\n|\n|t:|1783565336\n|switch|p1a: Qwilfish|Qwilfish-Hisui, L83, F|62/244\n|-ability|p1a: Qwilfish|Intimidate|boost\n|-unboost|p2a: Yanmega|atk|1\n|turn|43\n|inactive|Time left: 300 sec this turn | 300 sec total\n|\n|t:|1783565337\n|move|p2a: Yanmega|Bug Buzz|p1a: Qwilfish\n|-damage|p1a: Qwilfish|0 fnt\n|faint|p1a: Qwilfish\n|\n|win|p0y2264d6fa", "uploadtime": 1783565337, "views": 0, "rating": 0, "private": 0, "password": null, "_winner": "p0y2264d6fa", "_our_name": "p0x226415e8"}