{"id": "battle-gen9randombattle-2547", "formatid": "gen9randombattle", "format": "[Gen 9] Random Battle", "players": ["p0x25477cba", "p0y25478c2c"], "log": "|init|battle\n|title|p0x25477cba vs. p0y25478c2c\n|j|\u2606p0x25477cba\n|j|\u2606p0y25478c2c\n|t:|1783568514\n|gametype|singles\n|player|p1|p0x25477cba|102|\n|player|p2|p0y25478c2c|169|\n|gen|9\n|tier|[Gen 9] Random Battle\n|rule|Species Clause: Limit one of each Pok\u00e9mon\n|rule|HP Percentage Mod: HP is shown in percentages\n|rule|Sleep Clause Mod: Limit one foe put to sleep\n|rule|Illusion Level Mod: Illusion disguises the Pok\u00e9mon's true level\n|\n|t:|1783568514\n|teamsize|p1|6\n|teamsize|p2|6\n|start\n|switch|p1a: Toxicroak|Toxicroak, L84, M|100/100\n|switch|p2a: Ludicolo|Ludicolo, L90, F|290/290\n|turn|1\n|inactive|Battle timer is ON: inactive players will automatically lose when time's up. (requested by p0y25478c2c)\n|inactive|p0x25477cba also wants the timer to be on.\n|\n|t:|1783568515\n|switch|p2a: Hippowdon|Hippowdon, L82, F|311/311\n|-weather|Sandstorm|[from] ability: Sand Stream|[of] p2a: Hippowdon\n|move|p1a: Toxicroak|Gunk Shot|p2a: Hippowdon\n|-resisted|p2a: Hippowdon\n|-damage|p2a: Hippowdon|233/311\n|-damage|p1a: Toxicroak|91/100|[from] item: Life Orb\n|\n|-weather|Sandstorm|[upkeep]\n|-damage|p1a: Toxicroak|85/100|[from] Sandstorm\n|-heal|p2a: Hippowdon|252/311|[from] item: Leftovers\n|upkeep\n|turn|2\n|inactive|Time left: 300 sec this turn | 300 sec total\n|\n|t:|1783568516\n|switch|p1a: Sceptile|Sceptile, L87, F|100/100\n|move|p2a: Hippowdon|Earthquake|p1a: Sceptile\n|-resisted|p1a: Sceptile\n|-damage|p1a: Sceptile|77/100\n|\n|-weather|Sandstorm|[upkeep]\n|-damage|p1a: Sceptile|71/100|[from] Sandstorm\n|-heal|p1a: Sceptile|77/100|[from] item: Leftovers\n|-heal|p2a: Hippowdon|271/311|[from] item: Leftovers\n|upkeep\n|turn|3\n|inactive|Time left: 300 sec this turn | 300 sec total\n|\n|t:|1783568518\n|switch|p2a: Girafarig|Girafarig, L89, F|269/269\n|move|p1a: Sceptile|Giga Drain|p2a: Girafarig\n|-ability|p2a: Girafarig|Sap Sipper|boost\n|-boost|p2a: Girafarig|atk|1\n|\n|-weather|Sandstorm|[upkeep]\n|-damage|p1a: Sceptile|71/100|[from] Sandstorm\n|-damage|p2a: Girafarig|253/269|[from] Sandstorm\n|-heal|p1a: Sceptile|77/100|[from] item: Leftovers\n|upkeep\n|turn|4\n|inactive|Time left: 300 sec this turn | 300 sec total\n|\n|t:|1783568519\n|move|p1a: Sceptile|Focus Blast|p2a: Girafarig\n|-damage|p2a: Girafarig|183/269\n|-unboost|p2a: Girafarig|spd|1\n|move|p2a: Girafarig|Nasty Plot|p2a: Girafarig\n|-boost|p2a: Girafarig|spa|2\n|\n|-weather|Sandstorm|[upkeep]\n|-damage|p1a: Sceptile|71/100|[from] Sandstorm\n|-damage|p2a: Girafarig|167/269|[from] Sandstorm\n|-heal|p1a: Sceptile|77/100|[from] item: Leftovers\n|upkeep\n|turn|5\n|inactive|Time left: 300 sec this turn | 300 sec total\n|\n|t:|1783568520\n|move|p1a: Sceptile|Focus Blast|p2a: Girafarig|[miss]\n|-miss|p1a: Sceptile|p2a: Girafarig\n|move|p2a: Girafarig|Hyper Voice|p1a: Sceptile\n|-damage|p1a: Sceptile|4/100\n|\n|-weather|none\n|-heal|p1a: Sceptile|10/100|[from] item: Leftovers\n|upkeep\n|turn|6\n|inactive|Time left: 300 sec this turn | 300 sec total\n|\n|t:|1783568521\n|move|p1a: Sceptile|Focus Blast|p2a: Girafarig\n|-damage|p2a: Girafarig|57/269\n|move|p2a: Girafarig|Thunderbolt|p1a: Sceptile\n|-resisted|p1a: Sceptile\n|-damage|p1a: Sceptile|0 fnt\n|faint|p1a: Sceptile\n|\n|upkeep\n|\n|t:|1783568522\n|switch|p1a: Zebstrika|Zebstrika, L87, M|100/100\n|turn|7\n|inactive|Time left: 300 sec this turn | 300 sec total\n|\n|t:|1783568523\n|switch|p2a: Hippowdon|Hippowdon, L82, F|271/311\n|-weather|Sandstorm|[from] ability: Sand Stream|[of] p2a: Hippowdon\n|move|p1a: Zebstrika|Supercell Slam|p2a: Hippowdon\n|-immune|p2a: Hippowdon\n|-damage|p1a: Zebstrika|50/100|[from] supercellslam\n|\n|-weather|Sandstorm|[upkeep]\n|-damage|p1a: Zebstrika|44/100|[from] Sandstorm\n|-heal|p2a: Hippowdon|290/311|[from] item: Leftovers\n|upkeep\n|turn|8\n|inactive|Time left: 300 sec this turn | 300 sec total\n|\n|t:|1783568524\n|switch|p1a: Hitmontop|Hitmontop, L88, M|100/100\n|-ability|p1a: Hitmontop|Intimidate|boost\n|-unboost|p2a: Hippowdon|atk|1\n|move|p2a: Hippowdon|Earthquake|p1a: Hitmontop\n|-damage|p1a: Hitmontop|70/100\n|\n|-weather|Sandstorm|[upkeep]\n|-damage|p1a: Hitmontop|64/100|[from] Sandstorm\n|-heal|p2a: Hippowdon|309/311|[from] item: Leftovers\n|upkeep\n|turn|9\n|inactive|Time left: 300 sec this turn | 300 sec total\n|\n|t:|1783568525\n|switch|p1a: Pecharunt|Pecharunt, L77|100/100\n|move|p2a: Hippowdon|Earthquake|p1a: Pecharunt\n|-supereffective|p1a: Pecharunt\n|-damage|p1a: Pecharunt|59/100\n|\n|-weather|Sandstorm|[upkeep]\n|-damage|p1a: Pecharunt|53/100|[from] Sandstorm\n|-heal|p1a: Pecharunt|59/100|[from] item: Leftovers\n|-heal|p2a: Hippowdon|311/311|[from] item: Leftovers\n|upkeep\n|turn|10\n|inactive|Time left: 300 sec this turn | 300 sec total\n|\n|t:|1783568527\n|move|p1a: Pecharunt|Recover|p1a: Pecharunt\n|-heal|p1a: Pecharunt|100/100\n|move|p2a: Hippowdon|Earthquake|p1a: Pecharunt\n|-supereffective|p1a: Pecharunt\n|-damage|p1a: Pecharunt|64/100\n|\n|-weather|Sandstorm|[upkeep]\n|-damage|p1a: Pecharunt|58/100|[from] Sandstorm\n|-heal|p1a: Pecharunt|64/100|[from] item: Leftovers\n|upkeep\n|turn|11\n|inactive|Time left: 300 sec this turn | 300 sec total\n|\n|t:|1783568528\n|move|p1a: Pecharunt|Malignant Chain|p2a: Hippowdon\n|-resisted|p2a: Hippowdon\n|-damage|p2a: Hippowdon|262/311\n|-status|p2a: Hippowdon|tox\n|-start|p2a: Hippowdon|confusion|[from] ability: Poison Puppeteer|[of] p1a: Pecharunt\n|-activate|p2a: Hippowdon|confusion\n|-damage|p2a: Hippowdon|244/311 tox|[from] confusion\n|\n|-weather|none\n|-heal|p1a: Pecharunt|70/100|[from] item: Leftovers\n|-heal|p2a: Hippowdon|263/311 tox|[from] item: Leftovers\n|-damage|p2a: Hippowdon|244/311 tox|[from] psn\n|upkeep\n|turn|12\n|inactive|Time left: 300 sec this turn | 300 sec total\n|\n|t:|1783568529\n|switch|p2a: Sneasler|Sneasler, L74, F|240/240\n|move|p1a: Pecharunt|Malignant Chain|p2a: Sneasler\n|-resisted|p2a: Sneasler\n|-damage|p2a: Sneasler|189/240\n|\n|-heal|p1a: Pecharunt|76/100|[from] item: Leftovers\n|upkeep\n|turn|13\n|inactive|Time left: 300 sec this turn | 300 sec total\n|\n|t:|1783568530\n|move|p2a: Sneasler|Swords Dance|p2a: Sneasler\n|-boost|p2a: Sneasler|atk|2\n|move|p1a: Pecharunt|Shadow Ball|p2a: Sneasler\n|-damage|p2a: Sneasler|114/240\n|\n|-heal|p1a: Pecharunt|82/100|[from] item: Leftovers\n|upkeep\n|turn|14\n|inactive|Time left: 300 sec this turn | 300 sec total\n|\n|t:|1783568531\n|move|p2a: Sneasler|Dire Claw|p1a: Pecharunt\n|-resisted|p1a: Pecharunt\n|-damage|p1a: Pecharunt|71/100\n|move|p1a: Pecharunt|Shadow Ball|p2a: Sneasler\n|-damage|p2a: Sneasler|35/240\n|\n|-heal|p1a: Pecharunt|78/100|[from] item: Leftovers\n|upkeep\n|turn|15\n|inactive|Time left: 300 sec this turn | 300 sec total\n|\n|t:|1783568532\n|move|p2a: Sneasler|Dire Claw|p1a: Pecharunt\n|-resisted|p1a: Pecharunt\n|-damage|p1a: Pecharunt|67/100\n|move|p1a: Pecharunt|Malignant Chain|p2a: Sneasler\n|-resisted|p2a: Sneasler\n|-damage|p2a: Sneasler|0 fnt\n|faint|p2a: Sneasler\n|\n|-heal|p1a: Pecharunt|73/100|[from] item: Leftovers\n|upkeep\n|inactive|Time left: 300 sec this turn | 300 sec total | 5 sec grace\n|\n|t:|1783568533\n|switch|p2a: Ludicolo|Ludicolo, L90, F|290/290\n|turn|16\n|inactive|Time left: 300 sec this turn | 300 sec total\n|\n|t:|1783568534\n|move|p1a: Pecharunt|Malignant Chain|p2a: Ludicolo\n|-supereffective|p2a: Ludicolo\n|-damage|p2a: Ludicolo|162/290\n|move|p2a: Ludicolo|Hydro Pump|p1a: Pecharunt\n|-damage|p1a: Pecharunt|0 fnt\n|faint|p1a: Pecharunt\n|\n|upkeep\n|\n|t:|1783568535\n|switch|p1a: Toxicroak|Toxicroak, L84, M|85/100\n|turn|17\n|inactive|Time left: 300 sec this turn | 300 sec total\n|\n|t:|1783568536\n|switch|p2a: Girafarig|Girafarig, L89, F|57/269\n|move|p1a: Toxicroak|Swords Dance|p1a: Toxicroak\n|-boost|p1a: Toxicroak|atk|2\n|\n|upkeep\n|turn|18\n|inactive|Time left: 300 sec this turn | 300 sec total\n|\n|t:|1783568537\n|-terastallize|p1a: Toxicroak|Ground\n|move|p2a: Girafarig|Psyshock|p1a: Toxicroak\n|-damage|p1a: Toxicroak|46/100\n|move|p1a: Toxicroak|Earthquake|p2a: Girafarig\n|-crit|p2a: Girafarig\n|-damage|p2a: Girafarig|0 fnt\n|faint|p2a: Girafarig\n|-damage|p1a: Toxicroak|37/100|[from] item: Life Orb\n|\n|upkeep\n|inactive|Time left: 300 sec this turn | 300 sec total | 5 sec grace\n|\n|t:|1783568538\n|switch|p2a: Vigoroth|Vigoroth, L85, F|275/275\n|turn|19\n|inactive|Time left: 300 sec this turn | 300 sec total\n|\n|t:|1783568539\n|move|p2a: Vigoroth|Body Slam|p1a: Toxicroak\n|-damage|p1a: Toxicroak|0 fnt\n|faint|p1a: Toxicroak\n|\n|upkeep\n|\n|t:|1783568540\n|switch|p1a: Hitmontop|Hitmontop, L88, M|64/100\n|-ability|p1a: Hitmontop|Intimidate|boost\n|-unboost|p2a: Vigoroth|atk|1\n|turn|20\n|inactive|Time left: 300 sec this turn | 300 sec total\n|\n|t:|1783568541\n|move|p2a: Vigoroth|Bulk Up|p2a: Vigoroth\n|-boost|p2a: Vigoroth|atk|1\n|-boost|p2a: Vigoroth|def|1\n|move|p1a: Hitmontop|Close Combat|p2a: Vigoroth\n|-supereffective|p2a: Vigoroth\n|-damage|p2a: Vigoroth|141/275\n|-unboost|p1a: Hitmontop|def|1\n|-unboost|p1a: Hitmontop|spd|1\n|\n|upkeep\n|turn|21\n|inactive|Time left: 300 sec this turn | 300 sec total\n|\n|t:|1783568541\n|switch|p1a: Houndstone|Houndstone, L86, M|100/100\n|move|p2a: Vigoroth|Slack Off|p2a: Vigoroth\n|-heal|p2a: Vigoroth|275/275\n|\n|upkeep\n|turn|22\n|inactive|Time left: 300 sec this turn | 300 sec total\n|\n|t:|1783568542\n|move|p2a: Vigoroth|Bulk Up|p2a: Vigoroth\n|-boost|p2a: Vigoroth|atk|1\n|-boost|p2a: Vigoroth|def|1\n|move|p1a: Houndstone|Body Press|p2a: Vigoroth\n|-supereffective|p2a: Vigoroth\n|-damage|p2a: Vigoroth|211/275\n|\n|upkeep\n|turn|23\n|inactive|Time left: 300 sec this turn | 300 sec total\n|\n|t:|1783568543\n|move|p2a: Vigoroth|Bulk Up|p2a: Vigoroth\n|-boost|p2a: Vigoroth|atk|1\n|-boost|p2a: Vigoroth|def|1\n|move|p1a: Houndstone|Body Press|p2a: Vigoroth\n|-supereffective|p2a: Vigoroth\n|-damage|p2a: Vigoroth|155/275\n|\n|upkeep\n|turn|24\n|inactive|Time left: 300 sec this turn | 300 sec total\n|\n|t:|1783568544\n|move|p2a: Vigoroth|Knock Off|p1a: Houndstone\n|-supereffective|p1a: Houndstone\n|-damage|p1a: Houndstone|57/100\n|-enditem|p1a: Houndstone|Choice Band|[from] move: Knock Off|[of] p2a: Vigoroth\n|move|p1a: Houndstone|Body Press|p2a: Vigoroth\n|-supereffective|p2a: Vigoroth\n|-damage|p2a: Vigoroth|117/275\n|\n|upkeep\n|turn|25\n|inactive|Time left: 300 sec this turn | 300 sec total\n|\n|t:|1783568545\n|move|p2a: Vigoroth|Slack Off|p2a: Vigoroth\n|-heal|p2a: Vigoroth|255/275\n|move|p1a: Houndstone|Trick|p2a: Vigoroth\n|-activate|p1a: Houndstone|move: Trick|[of] p2a: Vigoroth\n|-enditem|p2a: Vigoroth|Eviolite|[silent]|[from] move: Trick\n|-item|p1a: Houndstone|Eviolite|[from] move: Trick\n|\n|upkeep\n|turn|26\n|inactive|Time left: 300 sec this turn | 300 sec total\n|\n|t:|1783568546\n|move|p2a: Vigoroth|Knock Off|p1a: Houndstone\n|-supereffective|p1a: Houndstone\n|-damage|p1a: Houndstone|16/100\n|-enditem|p1a: Houndstone|Eviolite|[from] move: Knock Off|[of] p2a: Vigoroth\n|move|p1a: Houndstone|Body Press|p2a: Vigoroth\n|-supereffective|p2a: Vigoroth\n|-damage|p2a: Vigoroth|197/275\n|\n|upkeep\n|turn|27\n|inactive|Time left: 300 sec this turn | 300 sec total\n|\n|t:|1783568547\n|move|p2a: Vigoroth|Knock Off|p1a: Houndstone\n|-supereffective|p1a: Houndstone\n|-damage|p1a: Houndstone|0 fnt\n|faint|p1a: Houndstone\n|\n|upkeep\n|\n|t:|1783568548\n|switch|p1a: Zebstrika|Zebstrika, L87, M|44/100\n|turn|28\n|inactive|Time left: 300 sec this turn | 300 sec total\n|\n|t:|1783568548\n|move|p1a: Zebstrika|Volt Switch|p2a: Vigoroth\n|-damage|p2a: Vigoroth|71/275\n|-damage|p1a: Zebstrika|34/100|[from] item: Life Orb\n|\n|t:|1783568549\n|switch|p1a: Hitmontop|Hitmontop, L88, M|64/100|[from] Volt Switch\n|-ability|p1a: Hitmontop|Intimidate|boost\n|-unboost|p2a: Vigoroth|atk|1\n|move|p2a: Vigoroth|Body Slam|p1a: Hitmontop\n|-damage|p1a: Hitmontop|20/100\n|\n|upkeep\n|turn|29\n|inactive|Time left: 300 sec this turn | 300 sec total\n|\n|t:|1783568550\n|move|p2a: Vigoroth|Body Slam|p1a: Hitmontop\n|-damage|p1a: Hitmontop|0 fnt\n|faint|p1a: Hitmontop\n|\n|upkeep\n|\n|t:|1783568551\n|switch|p1a: Zebstrika|Zebstrika, L87, M|34/100\n|turn|30\n|inactive|Time left: 300 sec this turn | 300 sec total\n|\n|t:|1783568552\n|move|p1a: Zebstrika|Overheat|p2a: Vigoroth|[miss]\n|-miss|p1a: Zebstrika|p2a: Vigoroth\n|move|p2a: Vigoroth|Knock Off|p1a: Zebstrika\n|-damage|p1a: Zebstrika|0 fnt\n|-enditem|p1a: Zebstrika|Life Orb|[from] move: Knock Off|[of] p2a: Vigoroth\n|faint|p1a: Zebstrika\n|\n|win|p0y25478c2c", "uploadtime": 1783568552, "views": 0, "rating": 0, "private": 0, "password": null, "_winner": "p0y25478c2c", "_our_name": "p0y25478c2c"}