{"id": "battle-gen9randombattle-1721", "formatid": "gen9randombattle", "format": "[Gen 9] Random Battle", "players": ["p0x172138d4", "p0y17214f20"], "log": "|init|battle\n|title|p0x172138d4 vs. p0y17214f20\n|j|\u2606p0x172138d4\n|j|\u2606p0y17214f20\n|t:|1783559915\n|gametype|singles\n|player|p1|p0x172138d4|170|\n|player|p2|p0y17214f20|169|\n|gen|9\n|tier|[Gen 9] Random Battle\n|rule|Species Clause: Limit one of each Pok\u00e9mon\n|rule|HP Percentage Mod: HP is shown in percentages\n|rule|Sleep Clause Mod: Limit one foe put to sleep\n|rule|Illusion Level Mod: Illusion disguises the Pok\u00e9mon's true level\n|\n|t:|1783559915\n|teamsize|p1|6\n|teamsize|p2|6\n|start\n|switch|p1a: Politoed|Politoed, L88, F|302/302\n|switch|p2a: Glimmora|Glimmora, L75, M|100/100\n|-weather|RainDance|[from] ability: Drizzle|[of] p1a: Politoed\n|turn|1\n|inactive|Battle timer is ON: inactive players will automatically lose when time's up. (requested by p0x172138d4)\n|\n|t:|1783559917\n|switch|p2a: Hydrapple|Hydrapple, L83, M|100/100\n|move|p1a: Politoed|Weather Ball|p2a: Hydrapple\n|-resisted|p2a: Hydrapple\n|-crit|p2a: Hydrapple\n|-damage|p2a: Hydrapple|70/100\n|\n|-weather|RainDance|[upkeep]\n|upkeep\n|turn|2\n|inactive|Time left: 300 sec this turn | 300 sec total\n|inactive|p0y17214f20 also wants the timer to be on.\n|\n|t:|1783559918\n|move|p1a: Politoed|Weather Ball|p2a: Hydrapple\n|-resisted|p2a: Hydrapple\n|-damage|p2a: Hydrapple|48/100\n|move|p2a: Hydrapple|Leaf Storm|p1a: Politoed\n|-supereffective|p1a: Politoed\n|-damage|p1a: Politoed|0 fnt\n|-unboost|p2a: Hydrapple|spa|2\n|faint|p1a: Politoed\n|\n|-weather|RainDance|[upkeep]\n|upkeep\n|inactive|Time left: 300 sec this turn | 300 sec total | 5 sec grace\n|\n|t:|1783559919\n|switch|p1a: Hitmonlee|Hitmonlee, L85, M|223/223\n|turn|3\n|inactive|Time left: 300 sec this turn | 300 sec total\n|\n|t:|1783559920\n|switch|p2a: Wyrdeer|Wyrdeer, L87, M|100/100\n|-ability|p2a: Wyrdeer|Intimidate|boost\n|-unboost|p1a: Hitmonlee|atk|1\n|move|p1a: Hitmonlee|High Jump Kick|p2a: Wyrdeer\n|-damage|p2a: Wyrdeer|29/100\n|\n|-weather|RainDance|[upkeep]\n|-heal|p2a: Wyrdeer|35/100|[from] item: Leftovers\n|upkeep\n|turn|4\n|inactive|Time left: 300 sec this turn | 300 sec total\n|\n|t:|1783559921\n|switch|p2a: Pelipper|Pelipper, L86, F|100/100\n|move|p1a: Hitmonlee|High Jump Kick|p2a: Pelipper|[miss]\n|-miss|p1a: Hitmonlee|p2a: Pelipper\n|-damage|p1a: Hitmonlee|112/223|[from] highjumpkick\n|\n|-weather|RainDance|[upkeep]\n|upkeep\n|turn|5\n|inactive|Time left: 300 sec this turn | 300 sec total\n|\n|t:|1783559922\n|move|p1a: Hitmonlee|High Jump Kick|p2a: Pelipper\n|-resisted|p2a: Pelipper\n|-damage|p2a: Pelipper|63/100\n|move|p2a: Pelipper|Hurricane|p1a: Hitmonlee\n|-supereffective|p1a: Hitmonlee\n|-damage|p1a: Hitmonlee|0 fnt\n|faint|p1a: Hitmonlee\n|\n|-weather|none\n|upkeep\n|inactive|Time left: 300 sec this turn | 300 sec total | 5 sec grace\n|\n|t:|1783559923\n|switch|p1a: Furret|Furret, L94, M|312/312\n|-item|p2a: Pelipper|Choice Specs|[from] ability: Frisk|[of] p1a: Furret\n|turn|6\n|inactive|Time left: 300 sec this turn | 300 sec total\n|\n|t:|1783559924\n|move|p1a: Furret|Double-Edge|p2a: Pelipper\n|-damage|p2a: Pelipper|0 fnt\n|faint|p2a: Pelipper\n|-damage|p1a: Furret|262/312|[from] Recoil\n|\n|upkeep\n|\n|t:|1783559925\n|switch|p2a: Hydrapple|Hydrapple, L83, M|81/100\n|turn|7\n|inactive|Time left: 300 sec this turn | 300 sec total\n|\n|t:|1783559926\n|move|p1a: Furret|Double-Edge|p2a: Hydrapple\n|-damage|p2a: Hydrapple|24/100\n|-damage|p1a: Furret|204/312|[from] Recoil\n|move|p2a: Hydrapple|Fickle Beam|p1a: Furret\n|-damage|p1a: Furret|20/312\n|\n|upkeep\n|turn|8\n|inactive|Time left: 300 sec this turn | 300 sec total\n|\n|t:|1783559927\n|switch|p2a: Glimmora|Glimmora, L75, M|100/100\n|move|p1a: Furret|Double-Edge|p2a: Glimmora\n|-resisted|p2a: Glimmora\n|-damage|p2a: Glimmora|59/100\n|-activate|p2a: Glimmora|ability: Toxic Debris\n|-sidestart|p1: p0x172138d4|move: Toxic Spikes\n|-damage|p1a: Furret|0 fnt|[from] Recoil\n|faint|p1a: Furret\n|\n|upkeep\n|inactive|Time left: 300 sec this turn | 300 sec total | 5 sec grace\n|\n|t:|1783559928\n|switch|p1a: Misdreavus|Misdreavus, L90, M|254/254\n|turn|9\n|inactive|Time left: 300 sec this turn | 300 sec total\n|\n|t:|1783559929\n|switch|p2a: Wyrdeer|Wyrdeer, L87, M|35/100\n|-ability|p2a: Wyrdeer|Intimidate|boost\n|-unboost|p1a: Misdreavus|atk|1\n|move|p1a: Misdreavus|Calm Mind|p1a: Misdreavus\n|-boost|p1a: Misdreavus|spa|1\n|-boost|p1a: Misdreavus|spd|1\n|\n|-heal|p2a: Wyrdeer|41/100|[from] item: Leftovers\n|upkeep\n|turn|10\n|inactive|Time left: 300 sec this turn | 300 sec total\n|\n|t:|1783559930\n|move|p1a: Misdreavus|Will-O-Wisp|p2a: Wyrdeer\n|-status|p2a: Wyrdeer|brn\n|move|p2a: Wyrdeer|Thunder Wave|p1a: Misdreavus\n|-status|p1a: Misdreavus|par\n|\n|-heal|p2a: Wyrdeer|47/100 brn|[from] item: Leftovers\n|-damage|p2a: Wyrdeer|41/100 brn|[from] brn\n|upkeep\n|turn|11\n|inactive|Time left: 300 sec this turn | 300 sec total\n|\n|t:|1783559931\n|move|p2a: Wyrdeer|Psychic Noise|p1a: Misdreavus\n|-damage|p1a: Misdreavus|214/254 par\n|-start|p1a: Misdreavus|move: Heal Block\n|move|p1a: Misdreavus|Calm Mind|p1a: Misdreavus\n|-boost|p1a: Misdreavus|spa|1\n|-boost|p1a: Misdreavus|spd|1\n|\n|-heal|p2a: Wyrdeer|47/100 brn|[from] item: Leftovers\n|-damage|p2a: Wyrdeer|41/100 brn|[from] brn\n|upkeep\n|turn|12\n|inactive|Time left: 300 sec this turn | 300 sec total\n|\n|t:|1783559931\n|move|p2a: Wyrdeer|Psychic Noise|p1a: Misdreavus\n|-crit|p1a: Misdreavus\n|-damage|p1a: Misdreavus|133/254 par\n|cant|p1a: Misdreavus|par\n|\n|-heal|p2a: Wyrdeer|47/100 brn|[from] item: Leftovers\n|-damage|p2a: Wyrdeer|41/100 brn|[from] brn\n|-end|p1a: Misdreavus|move: Heal Block\n|upkeep\n|turn|13\n|inactive|Time left: 300 sec this turn | 300 sec total\n|\n|t:|1783559932\n|move|p2a: Wyrdeer|Psychic Noise|p1a: Misdreavus\n|-damage|p1a: Misdreavus|106/254 par\n|-start|p1a: Misdreavus|move: Heal Block\n|move|p1a: Misdreavus|Calm Mind|p1a: Misdreavus\n|-boost|p1a: Misdreavus|spa|1\n|-boost|p1a: Misdreavus|spd|1\n|\n|-heal|p2a: Wyrdeer|47/100 brn|[from] item: Leftovers\n|-damage|p2a: Wyrdeer|41/100 brn|[from] brn\n|upkeep\n|turn|14\n|inactive|Time left: 300 sec this turn | 300 sec total\n|\n|t:|1783559933\n|move|p2a: Wyrdeer|Psychic Noise|p1a: Misdreavus\n|-damage|p1a: Misdreavus|84/254 par\n|move|p1a: Misdreavus|Shadow Ball|p2a: Wyrdeer\n|-immune|p2a: Wyrdeer\n|\n|-heal|p2a: Wyrdeer|47/100 brn|[from] item: Leftovers\n|-damage|p2a: Wyrdeer|41/100 brn|[from] brn\n|-end|p1a: Misdreavus|move: Heal Block\n|upkeep\n|turn|15\n|inactive|Time left: 300 sec this turn | 300 sec total\n|\n|t:|1783559934\n|move|p2a: Wyrdeer|Psychic Noise|p1a: Misdreavus\n|-damage|p1a: Misdreavus|60/254 par\n|-start|p1a: Misdreavus|move: Heal Block\n|cant|p1a: Misdreavus|move: Heal Block|Draining Kiss\n|\n|-heal|p2a: Wyrdeer|47/100 brn|[from] item: Leftovers\n|-damage|p2a: Wyrdeer|41/100 brn|[from] brn\n|upkeep\n|turn|16\n|inactive|Time left: 300 sec this turn | 300 sec total\n|\n|t:|1783559935\n|move|p2a: Wyrdeer|Psychic Noise|p1a: Misdreavus\n|-damage|p1a: Misdreavus|38/254 par\n|cant|p1a: Misdreavus|par\n|\n|-heal|p2a: Wyrdeer|47/100 brn|[from] item: Leftovers\n|-damage|p2a: Wyrdeer|41/100 brn|[from] brn\n|-end|p1a: Misdreavus|move: Heal Block\n|upkeep\n|turn|17\n|inactive|Time left: 300 sec this turn | 300 sec total\n|\n|t:|1783559936\n|move|p2a: Wyrdeer|Psychic Noise|p1a: Misdreavus\n|-damage|p1a: Misdreavus|14/254 par\n|-start|p1a: Misdreavus|move: Heal Block\n|move|p1a: Misdreavus|Shadow Ball|p2a: Wyrdeer\n|-immune|p2a: Wyrdeer\n|\n|-heal|p2a: Wyrdeer|47/100 brn|[from] item: Leftovers\n|-damage|p2a: Wyrdeer|41/100 brn|[from] brn\n|upkeep\n|turn|18\n|inactive|Time left: 300 sec this turn | 300 sec total\n|\n|t:|1783559937\n|move|p2a: Wyrdeer|Psychic Noise|p1a: Misdreavus\n|-damage|p1a: Misdreavus|0 fnt\n|faint|p1a: Misdreavus\n|\n|-heal|p2a: Wyrdeer|47/100 brn|[from] item: Leftovers\n|-damage|p2a: Wyrdeer|41/100 brn|[from] brn\n|upkeep\n|inactive|Time left: 300 sec this turn | 300 sec total | 5 sec grace\n|\n|t:|1783559938\n|switch|p1a: Typhlosion|Typhlosion-Hisui, L83, F|257/257\n|-status|p1a: Typhlosion|psn\n|turn|19\n|inactive|Time left: 300 sec this turn | 300 sec total\n|\n|t:|1783559939\n|move|p1a: Typhlosion|Eruption|p2a: Wyrdeer\n|-damage|p2a: Wyrdeer|0 fnt\n|faint|p2a: Wyrdeer\n|\n|-damage|p1a: Typhlosion|225/257 psn|[from] psn\n|upkeep\n|\n|t:|1783559940\n|switch|p2a: Grumpig|Grumpig, L92, M|100/100\n|turn|20\n|inactive|Time left: 300 sec this turn | 300 sec total\n|\n|t:|1783559941\n|switch|p1a: Cramorant|Cramorant, L86, F|261/261\n|move|p2a: Grumpig|Earth Power|p1a: Cramorant\n|-immune|p1a: Cramorant\n|\n|upkeep\n|turn|21\n|inactive|Time left: 300 sec this turn | 300 sec total\n|\n|t:|1783559942\n|switch|p2a: Hydrapple|Hydrapple, L83, M|58/100\n|move|p1a: Cramorant|Surf|p2a: Hydrapple\n|-formechange|p1a: Cramorant|Cramorant-Gulping|\n|-resisted|p2a: Hydrapple\n|-damage|p2a: Hydrapple|50/100\n|\n|upkeep\n|turn|22\n|inactive|Time left: 300 sec this turn | 300 sec total\n|\n|t:|1783559943\n|-terastallize|p2a: Hydrapple|Dragon\n|move|p1a: Cramorant|Brave Bird|p2a: Hydrapple\n|-damage|p2a: Hydrapple|17/100\n|-damage|p1a: Cramorant|227/261|[from] Recoil\n|move|p2a: Hydrapple|Draco Meteor|p1a: Cramorant\n|-crit|p1a: Cramorant\n|-damage|p1a: Cramorant|0 fnt\n|-unboost|p2a: Hydrapple|spa|2\n|-damage|p2a: Hydrapple|0 fnt|[from] ability: Gulp Missile|[of] p1a: Cramorant\n|-formechange|p1a: Cramorant|Cramorant|\n|faint|p1a: Cramorant\n|faint|p2a: Hydrapple\n|\n|upkeep\n|inactive|Time left: 300 sec this turn | 300 sec total | 5 sec grace\n|\n|t:|1783559944\n|switch|p1a: Typhlosion|Typhlosion-Hisui, L83, F|225/257 psn\n|switch|p2a: Grumpig|Grumpig, L92, M|100/100\n|turn|23\n|inactive|Time left: 300 sec this turn | 300 sec total\n|\n|t:|1783559945\n|move|p1a: Typhlosion|Shadow Ball|p2a: Grumpig\n|-supereffective|p2a: Grumpig\n|-damage|p2a: Grumpig|52/100\n|move|p2a: Grumpig|Earth Power|p1a: Typhlosion\n|-supereffective|p1a: Typhlosion\n|-damage|p1a: Typhlosion|1/257 psn\n|\n|-damage|p1a: Typhlosion|0 fnt|[from] psn\n|faint|p1a: Typhlosion\n|\n|win|p0y17214f20", "uploadtime": 1783559945, "views": 0, "rating": 0, "private": 0, "password": null, "_winner": "p0y17214f20", "_our_name": "p0x172138d4"}