{"id": "battle-gen9randombattle-2602", "formatid": "gen9randombattle", "format": "[Gen 9] Random Battle", "players": ["p0x2602c9f1", "p0y26028bee"], "log": "|init|battle\n|title|p0x2602c9f1 vs. p0y26028bee\n|j|\u2606p0x2602c9f1\n|j|\u2606p0y26028bee\n|t:|1783569081\n|gametype|singles\n|player|p1|p0x2602c9f1|169|\n|player|p2|p0y26028bee|266|\n|gen|9\n|tier|[Gen 9] Random Battle\n|rule|Species Clause: Limit one of each Pok\u00e9mon\n|rule|HP Percentage Mod: HP is shown in percentages\n|rule|Sleep Clause Mod: Limit one foe put to sleep\n|rule|Illusion Level Mod: Illusion disguises the Pok\u00e9mon's true level\n|\n|t:|1783569081\n|teamsize|p1|6\n|teamsize|p2|6\n|start\n|switch|p1a: Sinistcha|Sinistcha, L83|254/254\n|switch|p2a: Ludicolo|Ludicolo, L90, M|100/100\n|turn|1\n|inactive|Battle timer is ON: inactive players will automatically lose when time's up. (requested by p0y26028bee)\n|inactive|Time left: 300 sec this turn | 300 sec total | 60 sec grace\n|\n|t:|1783569082\n|move|p2a: Ludicolo|Ice Beam|p1a: Sinistcha\n|-supereffective|p1a: Sinistcha\n|-damage|p1a: Sinistcha|49/254\n|-damage|p2a: Ludicolo|90/100|[from] item: Life Orb\n|move|p1a: Sinistcha|Strength Sap|p2a: Ludicolo\n|-unboost|p2a: Ludicolo|atk|1\n|-heal|p1a: Sinistcha|180/254\n|\n|-heal|p1a: Sinistcha|195/254|[from] item: Leftovers\n|upkeep\n|turn|2\n|inactive|Time left: 300 sec this turn | 300 sec total\n|inactive|p0x2602c9f1 also wants the timer to be on.\n|\n|t:|1783569083\n|move|p2a: Ludicolo|Ice Beam|p1a: Sinistcha\n|-supereffective|p1a: Sinistcha\n|-damage|p1a: Sinistcha|0 fnt\n|faint|p1a: Sinistcha\n|-damage|p2a: Ludicolo|80/100|[from] item: Life Orb\n|\n|upkeep\n|inactive|Time left: 300 sec this turn | 300 sec total | 5 sec grace\n|\n|t:|1783569084\n|switch|p1a: Cinderace|Cinderace, L77, F|249/249\n|turn|3\n|inactive|Time left: 300 sec this turn | 300 sec total\n|\n|t:|1783569085\n|switch|p2a: Dragonite|Dragonite, L74, F|100/100\n|move|p1a: Cinderace|High Jump Kick|p2a: Dragonite\n|-start|p1a: Cinderace|typechange|Fighting|[from] ability: Libero\n|-resisted|p2a: Dragonite\n|-damage|p2a: Dragonite|78/100\n|\n|upkeep\n|turn|4\n|inactive|Time left: 300 sec this turn | 300 sec total\n|\n|t:|1783569087\n|move|p1a: Cinderace|High Jump Kick|p2a: Dragonite|[miss]\n|-miss|p1a: Cinderace|p2a: Dragonite\n|-damage|p1a: Cinderace|125/249|[from] highjumpkick\n|move|p2a: Dragonite|Outrage|p1a: Cinderace\n|-damage|p1a: Cinderace|0 fnt\n|faint|p1a: Cinderace\n|\n|upkeep\n|inactive|Time left: 300 sec this turn | 300 sec total | 5 sec grace\n|\n|t:|1783569087\n|switch|p1a: Tinkaton|Tinkaton, L82, F|274/274\n|-ability|p1a: Tinkaton|Mold Breaker\n|turn|5\n|inactive|Time left: 300 sec this turn | 300 sec total\n|\n|t:|1783569089\n|move|p1a: Tinkaton|Swords Dance|p1a: Tinkaton\n|-boost|p1a: Tinkaton|atk|2\n|move|p2a: Dragonite|Outrage|p1a: Tinkaton|[from] lockedmove\n|-immune|p1a: Tinkaton\n|-start|p2a: Dragonite|confusion|[fatigue]\n|\n|upkeep\n|turn|6\n|inactive|Time left: 300 sec this turn | 300 sec total\n|\n|t:|1783569089\n|switch|p2a: Blastoise|Blastoise, L80, M|100/100\n|move|p1a: Tinkaton|Gigaton Hammer|p2a: Blastoise\n|-resisted|p2a: Blastoise\n|-damage|p2a: Blastoise|54/100\n|\n|upkeep\n|turn|7\n|inactive|Time left: 300 sec this turn | 300 sec total\n|\n|t:|1783569091\n|move|p1a: Tinkaton|Play Rough|p2a: Blastoise\n|-damage|p2a: Blastoise|0 fnt\n|faint|p2a: Blastoise\n|\n|upkeep\n|\n|t:|1783569092\n|switch|p2a: Donphan|Donphan, L84, M|100/100\n|turn|8\n|inactive|Time left: 300 sec this turn | 300 sec total\n|\n|t:|1783569093\n|move|p1a: Tinkaton|Protect|p1a: Tinkaton\n|-singleturn|p1a: Tinkaton|Protect\n|move|p2a: Donphan|Earthquake|p1a: Tinkaton\n|-activate|p1a: Tinkaton|move: Protect\n|\n|upkeep\n|turn|9\n|inactive|Time left: 300 sec this turn | 300 sec total\n|\n|t:|1783569094\n|move|p1a: Tinkaton|Gigaton Hammer|p2a: Donphan\n|-damage|p2a: Donphan|27/100\n|move|p2a: Donphan|Earthquake|p1a: Tinkaton\n|-supereffective|p1a: Tinkaton\n|-damage|p1a: Tinkaton|0 fnt\n|faint|p1a: Tinkaton\n|\n|upkeep\n|inactive|Time left: 300 sec this turn | 300 sec total | 5 sec grace\n|\n|t:|1783569095\n|switch|p1a: Flygon|Flygon, L82, F|265/265\n|turn|10\n|inactive|Time left: 300 sec this turn | 300 sec total\n|\n|t:|1783569096\n|move|p2a: Donphan|Ice Shard|p1a: Flygon\n|-supereffective|p1a: Flygon\n|-damage|p1a: Flygon|121/265\n|move|p1a: Flygon|Outrage|p2a: Donphan\n|-damage|p2a: Donphan|0 fnt\n|faint|p2a: Donphan\n|\n|upkeep\n|\n|t:|1783569097\n|switch|p2a: Tinkaton|Tinkaton, L82, F|100/100\n|-ability|p2a: Tinkaton|Mold Breaker\n|turn|11\n|inactive|Time left: 300 sec this turn | 300 sec total\n|\n|t:|1783569098\n|move|p1a: Flygon|Outrage|p2a: Tinkaton|[from] lockedmove\n|-immune|p2a: Tinkaton\n|-start|p1a: Flygon|confusion|[fatigue]\n|-enditem|p1a: Flygon|Lum Berry|[eat]\n|-end|p1a: Flygon|confusion\n|move|p2a: Tinkaton|Gigaton Hammer|p1a: Flygon\n|-damage|p1a: Flygon|0 fnt\n|faint|p1a: Flygon\n|\n|upkeep\n|inactive|Time left: 300 sec this turn | 300 sec total | 5 sec grace\n|\n|t:|1783569099\n|switch|p1a: Ho-Oh|Ho-Oh, L71|268/268\n|turn|12\n|inactive|Time left: 300 sec this turn | 300 sec total\n|\n|t:|1783569100\n|move|p2a: Tinkaton|Thunder Wave|p1a: Ho-Oh\n|-status|p1a: Ho-Oh|par\n|move|p1a: Ho-Oh|Sacred Fire|p2a: Tinkaton\n|-supereffective|p2a: Tinkaton\n|-damage|p2a: Tinkaton|25/100\n|-status|p2a: Tinkaton|brn\n|\n|-heal|p2a: Tinkaton|32/100 brn|[from] item: Leftovers\n|-damage|p2a: Tinkaton|25/100 brn|[from] brn\n|upkeep\n|turn|13\n|inactive|Time left: 300 sec this turn | 300 sec total\n|\n|t:|1783569101\n|move|p2a: Tinkaton|Gigaton Hammer|p1a: Ho-Oh\n|-resisted|p1a: Ho-Oh\n|-damage|p1a: Ho-Oh|232/268 par\n|move|p1a: Ho-Oh|Sacred Fire|p2a: Tinkaton\n|-supereffective|p2a: Tinkaton\n|-damage|p2a: Tinkaton|0 fnt\n|faint|p2a: Tinkaton\n|\n|upkeep\n|\n|t:|1783569102\n|switch|p2a: Dragonite|Dragonite, L74, F|78/100\n|turn|14\n|inactive|Time left: 300 sec this turn | 300 sec total\n|\n|t:|1783569103\n|move|p2a: Dragonite|Outrage|p1a: Ho-Oh\n|-damage|p1a: Ho-Oh|84/268 par\n|move|p1a: Ho-Oh|Sacred Fire|p2a: Dragonite\n|-resisted|p2a: Dragonite\n|-damage|p2a: Dragonite|57/100\n|-status|p2a: Dragonite|brn\n|\n|-damage|p2a: Dragonite|51/100 brn|[from] brn\n|upkeep\n|turn|15\n|inactive|Time left: 300 sec this turn | 300 sec total\n|\n|t:|1783569104\n|move|p2a: Dragonite|Outrage|p1a: Ho-Oh|[from] lockedmove\n|-damage|p1a: Ho-Oh|9/268 par\n|-start|p2a: Dragonite|confusion|[fatigue]\n|cant|p1a: Ho-Oh|par\n|\n|-damage|p2a: Dragonite|45/100 brn|[from] brn\n|upkeep\n|turn|16\n|inactive|Time left: 300 sec this turn | 300 sec total\n|\n|t:|1783569105\n|-activate|p2a: Dragonite|confusion\n|move|p2a: Dragonite|Outrage|p1a: Ho-Oh\n|-damage|p1a: Ho-Oh|0 fnt\n|faint|p1a: Ho-Oh\n|\n|-damage|p2a: Dragonite|39/100 brn|[from] brn\n|upkeep\n|inactive|Time left: 300 sec this turn | 300 sec total | 5 sec grace\n|\n|t:|1783569106\n|switch|p1a: Amoonguss|Amoonguss, L82, F|321/321\n|turn|17\n|inactive|Time left: 300 sec this turn | 300 sec total\n|\n|t:|1783569107\n|-end|p2a: Dragonite|confusion\n|move|p2a: Dragonite|Outrage|p1a: Amoonguss|[from] lockedmove\n|-damage|p1a: Amoonguss|243/321\n|-damage|p2a: Dragonite|22/100 brn|[from] item: Rocky Helmet|[of] p1a: Amoonguss\n|move|p1a: Amoonguss|Sludge Bomb|p2a: Dragonite\n|-damage|p2a: Dragonite|0 fnt\n|faint|p2a: Dragonite\n|\n|upkeep\n|\n|t:|1783569108\n|switch|p2a: Sneasler|Sneasler, L74, M|100/100\n|turn|18\n|inactive|Time left: 300 sec this turn | 300 sec total\n|\n|t:|1783569109\n|move|p2a: Sneasler|Dire Claw|p1a: Amoonguss\n|-damage|p1a: Amoonguss|101/321\n|-damage|p2a: Sneasler|84/100|[from] item: Rocky Helmet|[of] p1a: Amoonguss\n|move|p1a: Amoonguss|Spore|p2a: Sneasler\n|-status|p2a: Sneasler|slp|[from] move: Spore\n|\n|upkeep\n|turn|19\n|inactive|Time left: 300 sec this turn | 300 sec total\n|\n|t:|1783569110\n|switch|p2a: Ludicolo|Ludicolo, L90, M|80/100\n|move|p1a: Amoonguss|Sludge Bomb|p2a: Ludicolo\n|-supereffective|p2a: Ludicolo\n|-damage|p2a: Ludicolo|34/100\n|\n|upkeep\n|turn|20\n|inactive|Time left: 300 sec this turn | 300 sec total\n|\n|t:|1783569111\n|-terastallize|p2a: Ludicolo|Water\n|-terastallize|p1a: Amoonguss|Water\n|move|p2a: Ludicolo|Hydro Pump|p1a: Amoonguss\n|-resisted|p1a: Amoonguss\n|-damage|p1a: Amoonguss|0 fnt\n|faint|p1a: Amoonguss\n|-damage|p2a: Ludicolo|24/100|[from] item: Life Orb\n|\n|win|p0y26028bee", "uploadtime": 1783569111, "views": 0, "rating": 0, "private": 0, "password": null, "_winner": "p0y26028bee", "_our_name": "p0x2602c9f1"}