{"id": "battle-gen9randombattle-1565", "formatid": "gen9randombattle", "format": "[Gen 9] Random Battle", "players": ["p0x1565c0dd", "p0y15655ef4"], "log": "|init|battle\n|title|p0x1565c0dd vs. p0y15655ef4\n|j|\u2606p0x1565c0dd\n|j|\u2606p0y15655ef4\n|t:|1783557324\n|gametype|singles\n|player|p1|p0x1565c0dd|101|\n|player|p2|p0y15655ef4|265|\n|gen|9\n|tier|[Gen 9] Random Battle\n|rule|Species Clause: Limit one of each Pok\u00e9mon\n|rule|HP Percentage Mod: HP is shown in percentages\n|rule|Sleep Clause Mod: Limit one foe put to sleep\n|rule|Illusion Level Mod: Illusion disguises the Pok\u00e9mon's true level\n|\n|t:|1783557324\n|teamsize|p1|6\n|teamsize|p2|6\n|start\n|switch|p1a: Cramorant|Cramorant, L86, M|100/100\n|switch|p2a: Oricorio|Oricorio, L84, M|263/263\n|turn|1\n|inactive|Battle timer is ON: inactive players will automatically lose when time's up. (requested by p0x1565c0dd)\n|inactive|Time left: 300 sec this turn | 300 sec total | 60 sec grace\n|\n|t:|1783557326\n|move|p2a: Oricorio|Quiver Dance|p2a: Oricorio\n|-boost|p2a: Oricorio|spa|1\n|-boost|p2a: Oricorio|spd|1\n|-boost|p2a: Oricorio|spe|1\n|move|p1a: Cramorant|Surf|p2a: Oricorio\n|-formechange|p1a: Cramorant|Cramorant-Gulping|\n|-supereffective|p2a: Oricorio\n|-damage|p2a: Oricorio|129/263\n|\n|upkeep\n|turn|2\n|inactive|Time left: 300 sec this turn | 300 sec total\n|inactive|p0y15655ef4 also wants the timer to be on.\n|\n|t:|1783557327\n|move|p2a: Oricorio|Roost|p2a: Oricorio\n|-heal|p2a: Oricorio|261/263\n|-singleturn|p2a: Oricorio|move: Roost\n|move|p1a: Cramorant|Surf|p2a: Oricorio\n|-supereffective|p2a: Oricorio\n|-damage|p2a: Oricorio|127/263\n|\n|upkeep\n|turn|3\n|inactive|Time left: 300 sec this turn | 300 sec total\n|\n|t:|1783557328\n|move|p2a: Oricorio|Roost|p2a: Oricorio\n|-heal|p2a: Oricorio|259/263\n|-singleturn|p2a: Oricorio|move: Roost\n|move|p1a: Cramorant|Surf|p2a: Oricorio\n|-supereffective|p2a: Oricorio\n|-damage|p2a: Oricorio|113/263\n|\n|upkeep\n|turn|4\n|inactive|Time left: 300 sec this turn | 300 sec total\n|\n|t:|1783557329\n|move|p2a: Oricorio|Roost|p2a: Oricorio\n|-heal|p2a: Oricorio|245/263\n|-singleturn|p2a: Oricorio|move: Roost\n|move|p1a: Cramorant|Surf|p2a: Oricorio\n|-supereffective|p2a: Oricorio\n|-damage|p2a: Oricorio|89/263\n|\n|upkeep\n|turn|5\n|inactive|Time left: 300 sec this turn | 300 sec total\n|\n|t:|1783557330\n|move|p2a: Oricorio|Roost|p2a: Oricorio\n|-heal|p2a: Oricorio|221/263\n|-singleturn|p2a: Oricorio|move: Roost\n|move|p1a: Cramorant|Surf|p2a: Oricorio\n|-supereffective|p2a: Oricorio\n|-damage|p2a: Oricorio|87/263\n|\n|upkeep\n|turn|6\n|inactive|Time left: 300 sec this turn | 300 sec total\n|\n|t:|1783557331\n|move|p2a: Oricorio|Roost|p2a: Oricorio\n|-heal|p2a: Oricorio|219/263\n|-singleturn|p2a: Oricorio|move: Roost\n|move|p1a: Cramorant|Surf|p2a: Oricorio\n|-supereffective|p2a: Oricorio\n|-damage|p2a: Oricorio|85/263\n|\n|upkeep\n|turn|7\n|inactive|Time left: 300 sec this turn | 300 sec total\n|\n|t:|1783557332\n|move|p2a: Oricorio|Roost|p2a: Oricorio\n|-heal|p2a: Oricorio|217/263\n|-singleturn|p2a: Oricorio|move: Roost\n|move|p1a: Cramorant|Surf|p2a: Oricorio\n|-supereffective|p2a: Oricorio\n|-damage|p2a: Oricorio|83/263\n|\n|upkeep\n|turn|8\n|inactive|Time left: 300 sec this turn | 300 sec total\n|\n|t:|1783557333\n|move|p2a: Oricorio|Roost|p2a: Oricorio\n|-heal|p2a: Oricorio|215/263\n|-singleturn|p2a: Oricorio|move: Roost\n|move|p1a: Cramorant|Surf|p2a: Oricorio\n|-supereffective|p2a: Oricorio\n|-damage|p2a: Oricorio|81/263\n|\n|upkeep\n|turn|9\n|inactive|Time left: 300 sec this turn | 300 sec total\n|\n|t:|1783557334\n|move|p2a: Oricorio|Roost|p2a: Oricorio\n|-heal|p2a: Oricorio|213/263\n|-singleturn|p2a: Oricorio|move: Roost\n|move|p1a: Cramorant|Surf|p2a: Oricorio\n|-supereffective|p2a: Oricorio\n|-damage|p2a: Oricorio|67/263\n|\n|upkeep\n|turn|10\n|inactive|Time left: 300 sec this turn | 300 sec total\n|\n|t:|1783557335\n|move|p2a: Oricorio|Hurricane|p1a: Cramorant\n|-damage|p1a: Cramorant|43/100\n|-damage|p2a: Oricorio|2/263|[from] ability: Gulp Missile|[of] p1a: Cramorant\n|-unboost|p2a: Oricorio|def|1\n|-formechange|p1a: Cramorant|Cramorant|\n|move|p1a: Cramorant|Brave Bird|p2a: Oricorio\n|-damage|p2a: Oricorio|0 fnt\n|faint|p2a: Oricorio\n|-damage|p1a: Cramorant|42/100|[from] Recoil\n|\n|upkeep\n|inactive|Time left: 300 sec this turn | 300 sec total | 5 sec grace\n|\n|t:|1783557336\n|switch|p2a: Cloyster|Cloyster, L80, F|211/211\n|turn|11\n|inactive|Time left: 300 sec this turn | 300 sec total\n|\n|t:|1783557337\n|move|p1a: Cramorant|Surf|p2a: Cloyster\n|-formechange|p1a: Cramorant|Cramorant-Gorging|\n|-resisted|p2a: Cloyster\n|-damage|p2a: Cloyster|134/211\n|move|p2a: Cloyster|Shell Smash|p2a: Cloyster\n|-unboost|p2a: Cloyster|def|1\n|-unboost|p2a: Cloyster|spd|1\n|-boost|p2a: Cloyster|atk|2\n|-boost|p2a: Cloyster|spa|2\n|-boost|p2a: Cloyster|spe|2\n|-enditem|p2a: Cloyster|White Herb\n|-clearnegativeboost|p2a: Cloyster|[silent]\n|\n|upkeep\n|turn|12\n|inactive|Time left: 300 sec this turn | 300 sec total\n|\n|t:|1783557338\n|move|p2a: Cloyster|Drill Run|p1a: Cramorant\n|-immune|p1a: Cramorant\n|move|p1a: Cramorant|Surf|p2a: Cloyster\n|-resisted|p2a: Cloyster\n|-damage|p2a: Cloyster|54/211\n|\n|upkeep\n|turn|13\n|inactive|Time left: 300 sec this turn | 300 sec total\n|\n|t:|1783557339\n|move|p2a: Cloyster|Icicle Spear|p1a: Cramorant\n|-damage|p1a: Cramorant|15/100\n|-damage|p2a: Cloyster|2/211|[from] ability: Gulp Missile|[of] p1a: Cramorant\n|-status|p2a: Cloyster|par\n|-formechange|p1a: Cramorant|Cramorant|\n|-damage|p1a: Cramorant|0 fnt\n|faint|p1a: Cramorant\n|-hitcount|p1: Cramorant|2\n|\n|upkeep\n|\n|t:|1783557340\n|switch|p1a: Drednaw|Drednaw, L81, M|100/100\n|turn|14\n|inactive|Time left: 300 sec this turn | 300 sec total\n|\n|t:|1783557341\n|move|p1a: Drednaw|Liquidation|p2a: Cloyster\n|-resisted|p2a: Cloyster\n|-damage|p2a: Cloyster|0 fnt\n|faint|p2a: Cloyster\n|\n|upkeep\n|inactive|Time left: 300 sec this turn | 300 sec total | 5 sec grace\n|\n|t:|1783557342\n|switch|p2a: Clawitzer|Clawitzer, L87, M|265/265\n|turn|15\n|inactive|Time left: 300 sec this turn | 300 sec total\n|\n|t:|1783557343\n|move|p1a: Drednaw|Shell Smash|p1a: Drednaw\n|-unboost|p1a: Drednaw|def|1\n|-unboost|p1a: Drednaw|spd|1\n|-boost|p1a: Drednaw|atk|2\n|-boost|p1a: Drednaw|spa|2\n|-boost|p1a: Drednaw|spe|2\n|-enditem|p1a: Drednaw|White Herb\n|-clearnegativeboost|p1a: Drednaw|[silent]\n|move|p2a: Clawitzer|Water Pulse|p1a: Drednaw\n|-damage|p1a: Drednaw|42/100\n|-start|p1a: Drednaw|confusion\n|\n|upkeep\n|turn|16\n|inactive|Time left: 300 sec this turn | 300 sec total\n|\n|t:|1783557344\n|-terastallize|p1a: Drednaw|Dark\n|-activate|p1a: Drednaw|confusion\n|-damage|p1a: Drednaw|19/100|[from] confusion\n|move|p2a: Clawitzer|Water Pulse|p1a: Drednaw\n|-damage|p1a: Drednaw|0 fnt\n|faint|p1a: Drednaw\n|\n|upkeep\n|\n|t:|1783557346\n|switch|p1a: Frosmoth|Frosmoth, L82, M|100/100\n|turn|17\n|inactive|Time left: 300 sec this turn | 300 sec total\n|\n|t:|1783557347\n|move|p1a: Frosmoth|Quiver Dance|p1a: Frosmoth\n|-boost|p1a: Frosmoth|spa|1\n|-boost|p1a: Frosmoth|spd|1\n|-boost|p1a: Frosmoth|spe|1\n|move|p2a: Clawitzer|U-turn|p1a: Frosmoth\n|-damage|p1a: Frosmoth|76/100\n|inactive|Time left: 300 sec this turn | 300 sec total | 5 sec grace\n|\n|t:|1783557347\n|switch|p2a: Goodra|Goodra-Hisui, L82, F|265/265|[from] U-turn\n|\n|upkeep\n|turn|18\n|inactive|Time left: 300 sec this turn | 300 sec total\n|\n|t:|1783557348\n|switch|p1a: Palossand|Palossand, L89, M|100/100\n|move|p2a: Goodra|Heavy Slam|p1a: Palossand\n|-damage|p1a: Palossand|90/100\n|\n|-heal|p1a: Palossand|96/100|[from] item: Leftovers\n|upkeep\n|turn|19\n|inactive|Time left: 300 sec this turn | 300 sec total\n|\n|t:|1783557349\n|move|p2a: Goodra|Hydro Pump|p1a: Palossand\n|-supereffective|p1a: Palossand\n|-damage|p1a: Palossand|37/100\n|-ability|p1a: Palossand|Water Compaction|boost\n|-boost|p1a: Palossand|def|2\n|move|p1a: Palossand|Stealth Rock|p2a: Goodra\n|-sidestart|p2: p0y15655ef4|move: Stealth Rock\n|\n|-heal|p1a: Palossand|43/100|[from] item: Leftovers\n|upkeep\n|turn|20\n|inactive|Time left: 300 sec this turn | 300 sec total\n|\n|t:|1783557350\n|move|p2a: Goodra|Hydro Pump|p1a: Palossand\n|-supereffective|p1a: Palossand\n|-damage|p1a: Palossand|0 fnt\n|faint|p1a: Palossand\n|\n|upkeep\n|\n|t:|1783557351\n|switch|p1a: Umbreon|Umbreon, L84, M|100/100\n|turn|21\n|inactive|Time left: 300 sec this turn | 300 sec total\n|\n|t:|1783557352\n|move|p1a: Umbreon|Foul Play|p2a: Goodra\n|-damage|p2a: Goodra|168/265\n|move|p2a: Goodra|Heavy Slam|p1a: Umbreon\n|-damage|p1a: Umbreon|68/100\n|\n|-heal|p1a: Umbreon|74/100|[from] item: Leftovers\n|upkeep\n|turn|22\n|inactive|Time left: 300 sec this turn | 300 sec total\n|\n|t:|1783557353\n|move|p1a: Umbreon|Foul Play|p2a: Goodra\n|-damage|p2a: Goodra|66/265\n|move|p2a: Goodra|Heavy Slam|p1a: Umbreon\n|-damage|p1a: Umbreon|38/100\n|\n|-heal|p1a: Umbreon|44/100|[from] item: Leftovers\n|upkeep\n|turn|23\n|inactive|Time left: 300 sec this turn | 300 sec total\n|\n|t:|1783557354\n|switch|p2a: Flutter Mane|Flutter Mane, L74|203/203\n|-damage|p2a: Flutter Mane|178/203|[from] Stealth Rock\n|move|p1a: Umbreon|Foul Play|p2a: Flutter Mane\n|-crit|p2a: Flutter Mane\n|-damage|p2a: Flutter Mane|85/203\n|\n|-heal|p1a: Umbreon|50/100|[from] item: Leftovers\n|upkeep\n|turn|24\n|inactive|Time left: 300 sec this turn | 300 sec total\n|\n|t:|1783557355\n|move|p1a: Umbreon|Protect|p1a: Umbreon\n|-singleturn|p1a: Umbreon|Protect\n|move|p2a: Flutter Mane|Moonblast|p1a: Umbreon\n|-activate|p1a: Umbreon|move: Protect\n|\n|-heal|p1a: Umbreon|56/100|[from] item: Leftovers\n|upkeep\n|turn|25\n|inactive|Time left: 300 sec this turn | 300 sec total\n|\n|t:|1783557356\n|switch|p1a: Hypno|Hypno, L95, F|100/100\n|move|p2a: Flutter Mane|Moonblast|p1a: Hypno\n|-damage|p1a: Hypno|68/100\n|-unboost|p1a: Hypno|spa|1\n|\n|-heal|p1a: Hypno|74/100|[from] item: Leftovers\n|upkeep\n|turn|26\n|inactive|Time left: 300 sec this turn | 300 sec total\n|\n|t:|1783557357\n|move|p2a: Flutter Mane|Moonblast|p1a: Hypno\n|-damage|p1a: Hypno|40/100\n|move|p1a: Hypno|Toxic|p2a: Flutter Mane\n|-status|p2a: Flutter Mane|tox\n|\n|-heal|p1a: Hypno|47/100|[from] item: Leftovers\n|-damage|p2a: Flutter Mane|73/203 tox|[from] psn\n|upkeep\n|turn|27\n|inactive|Time left: 300 sec this turn | 300 sec total\n|\n|t:|1783557358\n|move|p1a: Hypno|Protect|p1a: Hypno\n|-singleturn|p1a: Hypno|Protect\n|move|p2a: Flutter Mane|Moonblast|p1a: Hypno\n|-activate|p1a: Hypno|move: Protect\n|\n|-heal|p1a: Hypno|53/100|[from] item: Leftovers\n|-damage|p2a: Flutter Mane|49/203 tox|[from] psn\n|upkeep\n|turn|28\n|inactive|Time left: 300 sec this turn | 300 sec total\n|\n|t:|1783557359\n|move|p2a: Flutter Mane|Moonblast|p1a: Hypno\n|-damage|p1a: Hypno|20/100\n|move|p1a: Hypno|Psychic Noise|p2a: Flutter Mane\n|-damage|p2a: Flutter Mane|6/203 tox\n|-start|p2a: Flutter Mane|move: Heal Block\n|\n|-heal|p1a: Hypno|26/100|[from] item: Leftovers\n|-damage|p2a: Flutter Mane|0 fnt|[from] psn\n|faint|p2a: Flutter Mane\n|-end|p2a: Flutter Mane|Protosynthesis|[silent]\n|upkeep\n|inactive|Time left: 300 sec this turn | 300 sec total | 5 sec grace\n|\n|t:|1783557360\n|switch|p2a: Clawitzer|Clawitzer, L87, M|265/265\n|-damage|p2a: Clawitzer|232/265|[from] Stealth Rock\n|turn|29\n|inactive|Time left: 300 sec this turn | 300 sec total\n|\n|t:|1783557361\n|move|p1a: Hypno|Toxic|p2a: Clawitzer\n|-status|p2a: Clawitzer|tox\n|move|p2a: Clawitzer|Water Pulse|p1a: Hypno\n|-damage|p1a: Hypno|0 fnt\n|faint|p1a: Hypno\n|\n|-damage|p2a: Clawitzer|216/265 tox|[from] psn\n|upkeep\n|\n|t:|1783557362\n|switch|p1a: Frosmoth|Frosmoth, L82, M|76/100\n|turn|30\n|inactive|Time left: 300 sec this turn | 300 sec total\n|\n|t:|1783557363\n|move|p1a: Frosmoth|Quiver Dance|p1a: Frosmoth\n|-boost|p1a: Frosmoth|spa|1\n|-boost|p1a: Frosmoth|spd|1\n|-boost|p1a: Frosmoth|spe|1\n|move|p2a: Clawitzer|U-turn|p1a: Frosmoth\n|-crit|p1a: Frosmoth\n|-damage|p1a: Frosmoth|41/100\n|inactive|Time left: 300 sec this turn | 300 sec total | 5 sec grace\n|\n|t:|1783557364\n|switch|p2a: Goodra|Goodra-Hisui, L82, F|66/265|[from] U-turn\n|-damage|p2a: Goodra|50/265|[from] Stealth Rock\n|\n|upkeep\n|turn|31\n|inactive|Time left: 300 sec this turn | 300 sec total\n|\n|t:|1783557365\n|switch|p2a: Clawitzer|Clawitzer, L87, M|216/265 tox\n|-damage|p2a: Clawitzer|183/265 tox|[from] Stealth Rock\n|move|p1a: Frosmoth|Ice Beam|p2a: Clawitzer\n|-resisted|p2a: Clawitzer\n|-damage|p2a: Clawitzer|130/265 tox\n|\n|-damage|p2a: Clawitzer|114/265 tox|[from] psn\n|upkeep\n|turn|32\n|inactive|Time left: 300 sec this turn | 300 sec total\n|\n|t:|1783557366\n|move|p1a: Frosmoth|Quiver Dance|p1a: Frosmoth\n|-boost|p1a: Frosmoth|spa|1\n|-boost|p1a: Frosmoth|spd|1\n|-boost|p1a: Frosmoth|spe|1\n|move|p2a: Clawitzer|U-turn|p1a: Frosmoth\n|-damage|p1a: Frosmoth|17/100\n|inactive|Time left: 300 sec this turn | 300 sec total | 5 sec grace\n|\n|t:|1783557367\n|switch|p2a: Goodra|Goodra-Hisui, L82, F|50/265|[from] U-turn\n|-damage|p2a: Goodra|34/265|[from] Stealth Rock\n|\n|upkeep\n|turn|33\n|inactive|Time left: 300 sec this turn | 300 sec total\n|\n|t:|1783557368\n|move|p1a: Frosmoth|Ice Beam|p2a: Goodra\n|-damage|p2a: Goodra|0 fnt\n|faint|p2a: Goodra\n|\n|upkeep\n|inactive|Time left: 300 sec this turn | 300 sec total | 5 sec grace\n|\n|t:|1783557369\n|switch|p2a: Clawitzer|Clawitzer, L87, M|114/265 tox\n|-damage|p2a: Clawitzer|81/265 tox|[from] Stealth Rock\n|turn|34\n|inactive|Time left: 300 sec this turn | 300 sec total\n|\n|t:|1783557370\n|move|p1a: Frosmoth|Bug Buzz|p2a: Clawitzer\n|-damage|p2a: Clawitzer|0 fnt\n|faint|p2a: Clawitzer\n|\n|upkeep\n|inactive|Time left: 300 sec this turn | 300 sec total | 5 sec grace\n|\n|t:|1783557371\n|switch|p2a: Terapagos|Terapagos, L77, F|265/265\n|-activate|p2a: Terapagos|ability: Tera Shift\n|detailschange|p2a: Terapagos|Terapagos-Terastal, L77, F\n|-heal|p2a: Terapagos|273/273|[silent]\n|-damage|p2a: Terapagos|239/273|[from] Stealth Rock\n|turn|35\n|inactive|Time left: 300 sec this turn | 300 sec total\n|\n|t:|1783557372\n|move|p1a: Frosmoth|Ice Beam|p2a: Terapagos\n|-damage|p2a: Terapagos|47/273\n|move|p2a: Terapagos|Rest|p2a: Terapagos\n|-status|p2a: Terapagos|slp|[from] move: Rest\n|-heal|p2a: Terapagos|273/273 slp|[silent]\n|-enditem|p2a: Terapagos|Chesto Berry|[eat]\n|-curestatus|p2a: Terapagos|slp|[msg]\n|\n|upkeep\n|turn|36\n|inactive|Time left: 300 sec this turn | 300 sec total\n|\n|t:|1783557373\n|-terastallize|p2a: Terapagos|Stellar\n|detailschange|p2a: Terapagos|Terapagos-Stellar, L77, F, tera:Stellar\n|-heal|p2a: Terapagos|373/373|[silent]\n|move|p1a: Frosmoth|Bug Buzz|p2a: Terapagos\n|-damage|p2a: Terapagos|166/373\n|-unboost|p2a: Terapagos|spd|1\n|move|p2a: Terapagos|Rest|p2a: Terapagos\n|-status|p2a: Terapagos|slp|[from] move: Rest\n|-heal|p2a: Terapagos|373/373 slp|[silent]\n|\n|upkeep\n|turn|37\n|inactive|Time left: 300 sec this turn | 300 sec total\n|\n|t:|1783557374\n|move|p1a: Frosmoth|Ice Beam|p2a: Terapagos\n|-damage|p2a: Terapagos|85/373 slp\n|cant|p2a: Terapagos|slp\n|\n|upkeep\n|turn|38\n|inactive|Time left: 300 sec this turn | 300 sec total\n|\n|t:|1783557375\n|move|p1a: Frosmoth|Ice Beam|p2a: Terapagos\n|-damage|p2a: Terapagos|0 fnt\n|faint|p2a: Terapagos\n|detailschange|p2: Terapagos|Terapagos, L77, F|[silent]\n|\n|win|p0x1565c0dd", "uploadtime": 1783557375, "views": 0, "rating": 0, "private": 0, "password": null, "_winner": "p0x1565c0dd", "_our_name": "p0y15655ef4"}