{"id": "battle-gen9randombattle-1613", "formatid": "gen9randombattle", "format": "[Gen 9] Random Battle", "players": ["p0x16130793", "p0y16131eda"], "log": "|init|battle\n|title|p0x16130793 vs. p0y16131eda\n|j|\u2606p0x16130793\n|j|\u2606p0y16131eda\n|t:|1783558651\n|gametype|singles\n|player|p1|p0x16130793|170|\n|player|p2|p0y16131eda|1|\n|gen|9\n|tier|[Gen 9] Random Battle\n|rule|Species Clause: Limit one of each Pok\u00e9mon\n|rule|HP Percentage Mod: HP is shown in percentages\n|rule|Sleep Clause Mod: Limit one foe put to sleep\n|rule|Illusion Level Mod: Illusion disguises the Pok\u00e9mon's true level\n|\n|t:|1783558651\n|teamsize|p1|6\n|teamsize|p2|6\n|start\n|switch|p1a: Basculin|Basculin-Blue-Striped, L86, F|100/100\n|switch|p2a: Malamar|Malamar, L82, F|275/275\n|turn|1\n|inactive|Battle timer is ON: inactive players will automatically lose when time's up. (requested by p0x16130793)\n|inactive|Time left: 300 sec this turn | 300 sec total | 60 sec grace\n|inactive|p0y16131eda also wants the timer to be on.\n|\n|t:|1783558653\n|move|p1a: Basculin|Wave Crash|p2a: Malamar\n|-damage|p2a: Malamar|0 fnt\n|faint|p2a: Malamar\n|-damage|p1a: Basculin|66/100|[from] Recoil\n|\n|upkeep\n|inactive|Time left: 300 sec this turn | 300 sec total | 65 sec grace\n|\n|t:|1783558654\n|switch|p2a: Giratina|Giratina, L75|349/349\n|-ability|p2a: Giratina|Pressure\n|turn|2\n|inactive|Time left: 300 sec this turn | 300 sec total\n|\n|t:|1783558655\n|move|p1a: Basculin|Wave Crash|p2a: Giratina\n|-resisted|p2a: Giratina\n|-damage|p2a: Giratina|238/349\n|-damage|p1a: Basculin|51/100|[from] Recoil\n|move|p2a: Giratina|Will-O-Wisp|p1a: Basculin\n|-status|p1a: Basculin|brn\n|\n|-heal|p2a: Giratina|259/349|[from] item: Leftovers\n|-damage|p1a: Basculin|45/100 brn|[from] brn\n|upkeep\n|turn|3\n|inactive|Time left: 300 sec this turn | 300 sec total\n|\n|t:|1783558656\n|move|p1a: Basculin|Wave Crash|p2a: Giratina\n|-resisted|p2a: Giratina\n|-damage|p2a: Giratina|206/349\n|-damage|p1a: Basculin|39/100 brn|[from] Recoil\n|move|p2a: Giratina|Shadow Ball|p1a: Basculin\n|-damage|p1a: Basculin|3/100 brn\n|\n|-heal|p2a: Giratina|227/349|[from] item: Leftovers\n|-damage|p1a: Basculin|0 fnt|[from] brn\n|faint|p1a: Basculin\n|upkeep\n|\n|t:|1783558657\n|switch|p1a: Miraidon|Miraidon, L65|100/100\n|-fieldstart|move: Electric Terrain|[from] ability: Hadron Engine|[of] p1a: Miraidon\n|turn|4\n|inactive|Time left: 300 sec this turn | 300 sec total\n|\n|t:|1783558658\n|move|p1a: Miraidon|Draco Meteor|p2a: Giratina\n|-supereffective|p2a: Giratina\n|-damage|p2a: Giratina|0 fnt\n|-unboost|p1a: Miraidon|spa|2\n|faint|p2a: Giratina\n|\n|upkeep\n|inactive|Time left: 300 sec this turn | 300 sec total | 5 sec grace\n|\n|t:|1783558659\n|switch|p2a: Camerupt|Camerupt, L91, F|275/275\n|turn|5\n|inactive|Time left: 300 sec this turn | 300 sec total\n|\n|t:|1783558660\n|switch|p1a: Hitmonchan|Hitmonchan, L87, M|100/100\n|move|p2a: Camerupt|Earthquake|p1a: Hitmonchan\n|-damage|p1a: Hitmonchan|37/100\n|\n|-heal|p1a: Hitmonchan|43/100|[from] item: Leftovers\n|upkeep\n|turn|6\n|inactive|Time left: 300 sec this turn | 300 sec total\n|\n|t:|1783558661\n|move|p1a: Hitmonchan|Drain Punch|p2a: Camerupt\n|-damage|p2a: Camerupt|148/275\n|-heal|p1a: Hitmonchan|71/100|[from] drain|[of] p2a: Camerupt\n|move|p2a: Camerupt|Earthquake|p1a: Hitmonchan\n|-damage|p1a: Hitmonchan|15/100\n|\n|-heal|p1a: Hitmonchan|21/100|[from] item: Leftovers\n|-heal|p2a: Camerupt|165/275|[from] item: Leftovers\n|upkeep\n|turn|7\n|inactive|Time left: 300 sec this turn | 300 sec total\n|\n|t:|1783558662\n|move|p1a: Hitmonchan|Drain Punch|p2a: Camerupt\n|-damage|p2a: Camerupt|57/275\n|-heal|p1a: Hitmonchan|45/100|[from] drain|[of] p2a: Camerupt\n|move|p2a: Camerupt|Earthquake|p1a: Hitmonchan\n|-crit|p1a: Hitmonchan\n|-damage|p1a: Hitmonchan|0 fnt\n|faint|p1a: Hitmonchan\n|\n|-heal|p2a: Camerupt|74/275|[from] item: Leftovers\n|upkeep\n|\n|t:|1783558663\n|switch|p1a: Toxicroak|Toxicroak, L84, M|100/100\n|turn|8\n|inactive|Time left: 300 sec this turn | 300 sec total\n|\n|t:|1783558664\n|switch|p2a: Granbull|Granbull, L88, M|302/302\n|-ability|p2a: Granbull|Intimidate|boost\n|-unboost|p1a: Toxicroak|atk|1\n|move|p1a: Toxicroak|Knock Off|p2a: Granbull\n|-resisted|p2a: Granbull\n|-damage|p2a: Granbull|266/302\n|-enditem|p2a: Granbull|Leftovers|[from] move: Knock Off|[of] p1a: Toxicroak\n|\n|-fieldend|move: Electric Terrain\n|upkeep\n|turn|9\n|inactive|Time left: 300 sec this turn | 300 sec total\n|\n|t:|1783558665\n|switch|p1a: Sandslash|Sandslash, L89, M|100/100\n|move|p2a: Granbull|Play Rough|p1a: Sandslash\n|-damage|p1a: Sandslash|68/100\n|-unboost|p1a: Sandslash|atk|1\n|\n|-heal|p1a: Sandslash|74/100|[from] item: Leftovers\n|upkeep\n|turn|10\n|inactive|Time left: 300 sec this turn | 300 sec total\n|\n|t:|1783558666\n|move|p1a: Sandslash|Earthquake|p2a: Granbull\n|-damage|p2a: Granbull|178/302\n|move|p2a: Granbull|Play Rough|p1a: Sandslash\n|-damage|p1a: Sandslash|37/100\n|\n|-heal|p1a: Sandslash|43/100|[from] item: Leftovers\n|upkeep\n|turn|11\n|inactive|Time left: 300 sec this turn | 300 sec total\n|\n|t:|1783558667\n|move|p1a: Sandslash|Earthquake|p2a: Granbull\n|-damage|p2a: Granbull|97/302\n|move|p2a: Granbull|Play Rough|p1a: Sandslash\n|-damage|p1a: Sandslash|5/100\n|\n|-heal|p1a: Sandslash|11/100|[from] item: Leftovers\n|upkeep\n|turn|12\n|inactive|Time left: 300 sec this turn | 300 sec total\n|\n|t:|1783558668\n|move|p1a: Sandslash|Earthquake|p2a: Granbull\n|-damage|p2a: Granbull|6/302\n|move|p2a: Granbull|Play Rough|p1a: Sandslash\n|-damage|p1a: Sandslash|0 fnt\n|faint|p1a: Sandslash\n|\n|upkeep\n|\n|t:|1783558669\n|switch|p1a: Toxicroak|Toxicroak, L84, M|100/100\n|turn|13\n|inactive|Time left: 300 sec this turn | 300 sec total\n|\n|t:|1783558670\n|move|p1a: Toxicroak|Knock Off|p2a: Granbull\n|-resisted|p2a: Granbull\n|-damage|p2a: Granbull|0 fnt\n|faint|p2a: Granbull\n|\n|upkeep\n|inactive|Time left: 300 sec this turn | 300 sec total | 5 sec grace\n|\n|t:|1783558671\n|switch|p2a: Altaria|Altaria, L89, M|278/278\n|turn|14\n|inactive|Time left: 300 sec this turn | 300 sec total\n|\n|t:|1783558672\n|-terastallize|p1a: Toxicroak|Dark\n|move|p2a: Altaria|Brave Bird|p1a: Toxicroak\n|-crit|p1a: Toxicroak\n|-damage|p1a: Toxicroak|32/100\n|-damage|p2a: Altaria|215/278|[from] Recoil\n|move|p1a: Toxicroak|Knock Off|p2a: Altaria\n|-damage|p2a: Altaria|59/278\n|-enditem|p2a: Altaria|Heavy-Duty Boots|[from] move: Knock Off|[of] p1a: Toxicroak\n|\n|upkeep\n|turn|15\n|inactive|Time left: 300 sec this turn | 300 sec total\n|\n|t:|1783558674\n|move|p2a: Altaria|Roost|p2a: Altaria\n|-heal|p2a: Altaria|198/278\n|-singleturn|p2a: Altaria|move: Roost\n|move|p1a: Toxicroak|Knock Off|p2a: Altaria\n|-damage|p2a: Altaria|99/278\n|\n|upkeep\n|turn|16\n|inactive|Time left: 300 sec this turn | 300 sec total\n|\n|t:|1783558675\n|switch|p1a: Miraidon|Miraidon, L65|100/100\n|-fieldstart|move: Electric Terrain|[from] ability: Hadron Engine|[of] p1a: Miraidon\n|move|p2a: Altaria|Roost|p2a: Altaria\n|-heal|p2a: Altaria|238/278\n|-singleturn|p2a: Altaria|move: Roost\n|\n|upkeep\n|turn|17\n|inactive|Time left: 300 sec this turn | 300 sec total\n|\n|t:|1783558676\n|switch|p2a: Chansey|Chansey, L85, F|564/564\n|move|p1a: Miraidon|Draco Meteor|p2a: Chansey\n|-damage|p2a: Chansey|431/564\n|-unboost|p1a: Miraidon|spa|2\n|\n|upkeep\n|turn|18\n|inactive|Time left: 300 sec this turn | 300 sec total\n|\n|t:|1783558677\n|switch|p1a: Toxicroak|Toxicroak, L84, M, tera:Dark|32/100\n|move|p2a: Chansey|Seismic Toss|p1a: Toxicroak\n|-damage|p1a: Toxicroak|1/100\n|\n|upkeep\n|turn|19\n|inactive|Time left: 300 sec this turn | 300 sec total\n|\n|t:|1783558678\n|switch|p2a: Altaria|Altaria, L89, M|238/278\n|move|p1a: Toxicroak|Gunk Shot|p2a: Altaria\n|-damage|p2a: Altaria|51/278\n|-status|p2a: Altaria|psn\n|\n|-damage|p2a: Altaria|17/278 psn|[from] psn\n|upkeep\n|turn|20\n|inactive|Time left: 300 sec this turn | 300 sec total\n|\n|t:|1783558679\n|move|p2a: Altaria|Brave Bird|p1a: Toxicroak\n|-damage|p1a: Toxicroak|0 fnt\n|faint|p1a: Toxicroak\n|-damage|p2a: Altaria|16/278 psn|[from] Recoil\n|\n|-damage|p2a: Altaria|0 fnt|[from] psn\n|faint|p2a: Altaria\n|-fieldend|move: Electric Terrain\n|upkeep\n|inactive|Time left: 300 sec this turn | 300 sec total | 5 sec grace\n|\n|t:|1783558680\n|switch|p2a: Chansey|Chansey, L85, F|431/564\n|switch|p1a: Trevenant|Trevenant, L89, M|100/100\n|turn|21\n|inactive|Time left: 300 sec this turn | 300 sec total\n|\n|t:|1783558681\n|move|p1a: Trevenant|Drain Punch|p2a: Chansey\n|-supereffective|p2a: Chansey\n|-damage|p2a: Chansey|133/564\n|move|p2a: Chansey|Soft-Boiled|p2a: Chansey\n|-heal|p2a: Chansey|415/564\n|\n|upkeep\n|turn|22\n|inactive|Time left: 300 sec this turn | 300 sec total\n|\n|t:|1783558682\n|move|p1a: Trevenant|Drain Punch|p2a: Chansey\n|-supereffective|p2a: Chansey\n|-damage|p2a: Chansey|89/564\n|move|p2a: Chansey|Soft-Boiled|p2a: Chansey\n|-heal|p2a: Chansey|371/564\n|\n|upkeep\n|turn|23\n|inactive|Time left: 300 sec this turn | 300 sec total\n|\n|t:|1783558683\n|move|p1a: Trevenant|Drain Punch|p2a: Chansey\n|-supereffective|p2a: Chansey\n|-damage|p2a: Chansey|59/564\n|move|p2a: Chansey|Soft-Boiled|p2a: Chansey\n|-heal|p2a: Chansey|341/564\n|\n|upkeep\n|turn|24\n|inactive|Time left: 300 sec this turn | 300 sec total\n|\n|t:|1783558684\n|-terastallize|p2a: Chansey|Fairy\n|move|p1a: Trevenant|Drain Punch|p2a: Chansey\n|-resisted|p2a: Chansey\n|-damage|p2a: Chansey|261/564\n|move|p2a: Chansey|Soft-Boiled|p2a: Chansey\n|-heal|p2a: Chansey|543/564\n|\n|upkeep\n|turn|25\n|inactive|Time left: 300 sec this turn | 300 sec total\n|\n|t:|1783558685\n|move|p1a: Trevenant|Poltergeist|p2a: Chansey\n|-activate|p2a: Chansey|move: Poltergeist|Eviolite\n|-damage|p2a: Chansey|219/564\n|move|p2a: Chansey|Soft-Boiled|p2a: Chansey\n|-heal|p2a: Chansey|501/564\n|\n|upkeep\n|turn|26\n|inactive|Time left: 300 sec this turn | 300 sec total\n|\n|t:|1783558686\n|move|p1a: Trevenant|Poltergeist|p2a: Chansey\n|-activate|p2a: Chansey|move: Poltergeist|Eviolite\n|-damage|p2a: Chansey|170/564\n|move|p2a: Chansey|Thunder Wave|p1a: Trevenant\n|-status|p1a: Trevenant|par\n|\n|upkeep\n|turn|27\n|inactive|Time left: 300 sec this turn | 300 sec total\n|\n|t:|1783558687\n|move|p2a: Chansey|Soft-Boiled|p2a: Chansey\n|-heal|p2a: Chansey|452/564\n|move|p1a: Trevenant|Poltergeist|p2a: Chansey\n|-activate|p2a: Chansey|move: Poltergeist|Eviolite\n|-damage|p2a: Chansey|139/564\n|\n|upkeep\n|turn|28\n|inactive|Time left: 300 sec this turn | 300 sec total\n|\n|t:|1783558688\n|move|p2a: Chansey|Soft-Boiled|p2a: Chansey\n|-heal|p2a: Chansey|421/564\n|cant|p1a: Trevenant|par\n|\n|upkeep\n|turn|29\n|inactive|Time left: 300 sec this turn | 300 sec total\n|\n|t:|1783558689\n|move|p2a: Chansey|Soft-Boiled|p2a: Chansey\n|-heal|p2a: Chansey|564/564\n|move|p1a: Trevenant|Poltergeist|p2a: Chansey\n|-activate|p2a: Chansey|move: Poltergeist|Eviolite\n|-damage|p2a: Chansey|254/564\n|\n|upkeep\n|turn|30\n|inactive|Time left: 300 sec this turn | 300 sec total\n|\n|t:|1783558690\n|switch|p2a: Camerupt|Camerupt, L91, F|74/275\n|move|p1a: Trevenant|Poltergeist|p2a: Camerupt\n|-activate|p2a: Camerupt|move: Poltergeist|Leftovers\n|-damage|p2a: Camerupt|0 fnt\n|faint|p2a: Camerupt\n|\n|upkeep\n|inactive|Time left: 300 sec this turn | 300 sec total | 5 sec grace\n|\n|t:|1783558690\n|switch|p2a: Chansey|Chansey, L85, F, tera:Fairy|254/564\n|turn|31\n|inactive|Time left: 300 sec this turn | 300 sec total\n|\n|t:|1783558691\n|move|p2a: Chansey|Seismic Toss|p1a: Trevenant\n|-immune|p1a: Trevenant\n|cant|p1a: Trevenant|par\n|\n|upkeep\n|turn|32\n|inactive|Time left: 300 sec this turn | 300 sec total\n|\n|t:|1783558692\n|move|p2a: Chansey|Heal Bell||[still]\n|-activate|p2a: Chansey|move: Heal Bell\n|-fail|p2a: Chansey\n|move|p1a: Trevenant|Poltergeist|p2a: Chansey\n|-activate|p2a: Chansey|move: Poltergeist|Eviolite\n|-damage|p2a: Chansey|0 fnt\n|faint|p2a: Chansey\n|\n|win|p0x16130793", "uploadtime": 1783558692, "views": 0, "rating": 0, "private": 0, "password": null, "_winner": "p0x16130793", "_our_name": "p0y16131eda"}