{"id": "battle-gen9randombattle-47", "formatid": "gen9randombattle", "format": "[Gen 9] Random Battle", "players": ["p0x0481103", "p0y0483666"], "log": "|init|battle\n|title|p0x0481103 vs. p0y0483666\n|j|\u2606p0x0481103\n|j|\u2606p0y0483666\n|t:|1783533773\n|gametype|singles\n|player|p1|p0x0481103|2|\n|player|p2|p0y0483666|169|\n|gen|9\n|tier|[Gen 9] Random Battle\n|rule|Species Clause: Limit one of each Pok\u00e9mon\n|rule|HP Percentage Mod: HP is shown in percentages\n|rule|Sleep Clause Mod: Limit one foe put to sleep\n|rule|Illusion Level Mod: Illusion disguises the Pok\u00e9mon's true level\n|\n|t:|1783533773\n|teamsize|p1|6\n|teamsize|p2|6\n|start\n|switch|p1a: Suicune|Suicune, L82|100/100\n|switch|p2a: Hawlucha|Hawlucha, L80, F|256/256\n|-ability|p1a: Suicune|Pressure\n|turn|1\n|inactive|Battle timer is ON: inactive players will automatically lose when time's up. (requested by p0y0483666)\n|inactive|p0x0481103 also wants the timer to be on.\n|\n|t:|1783533775\n|move|p2a: Hawlucha|Swords Dance|p2a: Hawlucha\n|-boost|p2a: Hawlucha|atk|2\n|move|p1a: Suicune|Scald|p2a: Hawlucha\n|-damage|p2a: Hawlucha|145/256\n|\n|upkeep\n|turn|2\n|inactive|Time left: 300 sec this turn | 300 sec total\n|\n|t:|1783533775\n|move|p2a: Hawlucha|Close Combat|p1a: Suicune\n|-damage|p1a: Suicune|35/100\n|-unboost|p2a: Hawlucha|def|1\n|-unboost|p2a: Hawlucha|spd|1\n|-enditem|p2a: Hawlucha|White Herb\n|-clearnegativeboost|p2a: Hawlucha|[silent]\n|move|p1a: Suicune|Scald|p2a: Hawlucha\n|-damage|p2a: Hawlucha|48/256\n|\n|-heal|p1a: Suicune|41/100|[from] item: Leftovers\n|upkeep\n|turn|3\n|inactive|Time left: 300 sec this turn | 300 sec total\n|\n|t:|1783533776\n|move|p2a: Hawlucha|Acrobatics|p1a: Suicune\n|-damage|p1a: Suicune|0 fnt\n|faint|p1a: Suicune\n|\n|upkeep\n|\n|t:|1783533777\n|switch|p1a: Mandibuzz|Mandibuzz, L85, F|100/100\n|turn|4\n|inactive|Time left: 300 sec this turn | 300 sec total\n|\n|t:|1783533778\n|move|p2a: Hawlucha|Close Combat|p1a: Mandibuzz\n|-damage|p1a: Mandibuzz|43/100\n|-unboost|p2a: Hawlucha|def|1\n|-unboost|p2a: Hawlucha|spd|1\n|move|p1a: Mandibuzz|Brave Bird|p2a: Hawlucha\n|-supereffective|p2a: Hawlucha\n|-damage|p2a: Hawlucha|0 fnt\n|faint|p2a: Hawlucha\n|-damage|p1a: Mandibuzz|38/100|[from] Recoil\n|\n|upkeep\n|inactive|Time left: 300 sec this turn | 300 sec total | 5 sec grace\n|\n|t:|1783533779\n|switch|p2a: Toxtricity|Toxtricity, L82, F|257/257\n|turn|5\n|inactive|Time left: 300 sec this turn | 300 sec total\n|\n|t:|1783533780\n|move|p1a: Mandibuzz|Roost|p1a: Mandibuzz\n|-heal|p1a: Mandibuzz|88/100\n|-singleturn|p1a: Mandibuzz|move: Roost\n|move|p2a: Toxtricity|Shift Gear|p2a: Toxtricity\n|-boost|p2a: Toxtricity|spe|2\n|-boost|p2a: Toxtricity|atk|1\n|\n|upkeep\n|turn|6\n|inactive|Time left: 300 sec this turn | 300 sec total\n|\n|t:|1783533781\n|switch|p1a: Rabsca|Rabsca, L91, M|100/100\n|move|p2a: Toxtricity|Overdrive|p1a: Rabsca\n|-damage|p1a: Rabsca|67/100\n|-enditem|p2a: Toxtricity|Throat Spray\n|-boost|p2a: Toxtricity|spa|1|[from] item: Throat Spray\n|\n|upkeep\n|turn|7\n|inactive|Time left: 300 sec this turn | 300 sec total\n|\n|t:|1783533782\n|-terastallize|p2a: Toxtricity|Normal\n|-terastallize|p1a: Rabsca|Steel\n|move|p2a: Toxtricity|Boomburst|p1a: Rabsca\n|-resisted|p1a: Rabsca\n|-damage|p1a: Rabsca|20/100\n|move|p1a: Rabsca|Psychic|p2a: Toxtricity\n|-damage|p2a: Toxtricity|103/257\n|\n|upkeep\n|turn|8\n|inactive|Time left: 300 sec this turn | 300 sec total\n|\n|t:|1783533783\n|move|p2a: Toxtricity|Boomburst|p1a: Rabsca\n|-resisted|p1a: Rabsca\n|-crit|p1a: Rabsca\n|-damage|p1a: Rabsca|0 fnt\n|faint|p1a: Rabsca\n|\n|upkeep\n|\n|t:|1783533784\n|switch|p1a: Regirock|Regirock, L83|100/100\n|turn|9\n|inactive|Time left: 300 sec this turn | 300 sec total\n|\n|t:|1783533786\n|move|p2a: Toxtricity|Overdrive|p1a: Regirock\n|-damage|p1a: Regirock|45/100\n|move|p1a: Regirock|Body Press|p2a: Toxtricity\n|-supereffective|p2a: Toxtricity\n|-damage|p2a: Toxtricity|0 fnt\n|faint|p2a: Toxtricity\n|\n|-heal|p1a: Regirock|50/100|[from] item: Leftovers\n|upkeep\n|inactive|Time left: 300 sec this turn | 300 sec total | 5 sec grace\n|\n|t:|1783533787\n|switch|p2a: Hydrapple|Hydrapple, L83, M|312/312\n|turn|10\n|inactive|Time left: 300 sec this turn | 300 sec total\n|\n|t:|1783533788\n|switch|p1a: Hitmontop|Hitmontop, L88, M|100/100\n|move|p2a: Hydrapple|Fickle Beam|p1a: Hitmontop\n|-damage|p1a: Hitmontop|64/100\n|\n|-heal|p1a: Hitmontop|70/100|[from] item: Leftovers\n|upkeep\n|turn|11\n|inactive|Time left: 300 sec this turn | 300 sec total\n|\n|t:|1783533789\n|switch|p2a: Solgaleo|Solgaleo, L74|325/325\n|move|p1a: Hitmontop|Triple Axel|p2a: Solgaleo\n|-resisted|p2a: Solgaleo\n|-damage|p2a: Solgaleo|315/325\n|-resisted|p2a: Solgaleo\n|-damage|p2a: Solgaleo|293/325\n|-resisted|p2a: Solgaleo\n|-damage|p2a: Solgaleo|257/325\n|-hitcount|p2a: Solgaleo|3\n|\n|-heal|p1a: Hitmontop|76/100|[from] item: Leftovers\n|upkeep\n|turn|12\n|inactive|Time left: 300 sec this turn | 300 sec total\n|\n|t:|1783533790\n|switch|p1a: Mandibuzz|Mandibuzz, L85, F|88/100\n|move|p2a: Solgaleo|Sunsteel Strike|p1a: Mandibuzz\n|-damage|p1a: Mandibuzz|60/100\n|\n|upkeep\n|turn|13\n|inactive|Time left: 300 sec this turn | 300 sec total\n|\n|t:|1783533791\n|move|p2a: Solgaleo|Sunsteel Strike|p1a: Mandibuzz\n|-damage|p1a: Mandibuzz|31/100\n|move|p1a: Mandibuzz|Roost|p1a: Mandibuzz\n|-heal|p1a: Mandibuzz|81/100\n|-singleturn|p1a: Mandibuzz|move: Roost\n|\n|upkeep\n|turn|14\n|inactive|Time left: 300 sec this turn | 300 sec total\n|\n|t:|1783533793\n|move|p2a: Solgaleo|Sunsteel Strike|p1a: Mandibuzz\n|-damage|p1a: Mandibuzz|52/100\n|move|p1a: Mandibuzz|Knock Off|p2a: Solgaleo\n|-supereffective|p2a: Solgaleo\n|-damage|p2a: Solgaleo|93/325\n|-enditem|p2a: Solgaleo|Weakness Policy\n|-boost|p2a: Solgaleo|atk|2|[from] item: Weakness Policy\n|-boost|p2a: Solgaleo|spa|2|[from] item: Weakness Policy\n|\n|upkeep\n|turn|15\n|inactive|Time left: 300 sec this turn | 300 sec total\n|\n|t:|1783533794\n|move|p2a: Solgaleo|Sunsteel Strike|p1a: Mandibuzz\n|-damage|p1a: Mandibuzz|0 fnt\n|faint|p1a: Mandibuzz\n|\n|upkeep\n|\n|t:|1783533795\n|switch|p1a: Regirock|Regirock, L83|100/100\n|turn|16\n|inactive|Time left: 300 sec this turn | 300 sec total\n|\n|t:|1783533796\n|move|p1a: Regirock|Dark Pulse|p2a: Solgaleo\n|-supereffective|p2a: Solgaleo\n|-damage|p2a: Solgaleo|0 fnt\n|faint|p2a: Solgaleo\n|\n|upkeep\n|inactive|Time left: 300 sec this turn | 300 sec total | 5 sec grace\n|\n|t:|1783533797\n|switch|p2a: Hydrapple|Hydrapple, L83, M|312/312\n|turn|17\n|inactive|Time left: 300 sec this turn | 300 sec total\n|\n|t:|1783533798\n|move|p1a: Regirock|Dark Pulse|p2a: Hydrapple\n|-damage|p2a: Hydrapple|197/312\n|move|p2a: Hydrapple|Dragon Tail|p1a: Regirock\n|-damage|p1a: Regirock|69/100\n|replace|p1a: Zoroark|Zoroark, L83, M\n|-end|p1a: Zoroark|Illusion\n|-hint|Illusion Level Mod is active, so this Pok\u00e9mon's true level was hidden.\n|drag|p1a: Hitmontop|Hitmontop, L88, M|76/100\n|\n|-heal|p1a: Hitmontop|82/100|[from] item: Leftovers\n|upkeep\n|turn|18\n|inactive|Time left: 300 sec this turn | 300 sec total\n|\n|t:|1783533799\n|switch|p2a: Delibird|Delibird, F|252/252\n|move|p1a: Hitmontop|Triple Axel|p2a: Delibird|[miss]\n|-miss|p1a: Hitmontop|p2a: Delibird\n|\n|-heal|p1a: Hitmontop|88/100|[from] item: Leftovers\n|upkeep\n|turn|19\n|inactive|Time left: 300 sec this turn | 300 sec total\n|\n|t:|1783533800\n|switch|p1a: Regirock|Regirock, L83|50/100\n|move|p2a: Delibird|Brave Bird|p1a: Regirock\n|-resisted|p1a: Regirock\n|-damage|p1a: Regirock|39/100\n|-damage|p2a: Delibird|242/252|[from] Recoil\n|\n|-heal|p1a: Regirock|45/100|[from] item: Leftovers\n|upkeep\n|turn|20\n|inactive|Time left: 300 sec this turn | 300 sec total\n|\n|t:|1783533801\n|switch|p2a: Hydrapple|Hydrapple, L83, M|301/312\n|move|p1a: Regirock|Stone Edge|p2a: Hydrapple\n|-damage|p2a: Hydrapple|211/312\n|\n|-heal|p1a: Regirock|51/100|[from] item: Leftovers\n|upkeep\n|turn|21\n|inactive|Time left: 300 sec this turn | 300 sec total\n|\n|t:|1783533802\n|switch|p1a: Hitmontop|Hitmontop, L88, M|88/100\n|move|p2a: Hydrapple|Earth Power|p1a: Hitmontop\n|-damage|p1a: Hitmontop|61/100\n|\n|-heal|p1a: Hitmontop|67/100|[from] item: Leftovers\n|upkeep\n|turn|22\n|inactive|Time left: 300 sec this turn | 300 sec total\n|\n|t:|1783533804\n|switch|p2a: Delibird|Delibird, F|242/252\n|move|p1a: Hitmontop|Triple Axel|p2a: Delibird\n|-damage|p2a: Delibird|212/252\n|-damage|p2a: Delibird|147/252\n|-damage|p2a: Delibird|50/252\n|-hitcount|p2a: Delibird|3\n|\n|-heal|p1a: Hitmontop|73/100|[from] item: Leftovers\n|upkeep\n|turn|23\n|inactive|Time left: 300 sec this turn | 300 sec total\n|\n|t:|1783533805\n|switch|p1a: Regirock|Regirock, L83|51/100\n|move|p2a: Delibird|Brave Bird|p1a: Regirock\n|-resisted|p1a: Regirock\n|-crit|p1a: Regirock\n|-damage|p1a: Regirock|34/100\n|-damage|p2a: Delibird|35/252|[from] Recoil\n|\n|-heal|p1a: Regirock|40/100|[from] item: Leftovers\n|upkeep\n|turn|24\n|inactive|Time left: 300 sec this turn | 300 sec total\n|\n|t:|1783533806\n|move|p2a: Delibird|Freeze-Dry|p1a: Regirock\n|-damage|p1a: Regirock|14/100\n|move|p1a: Regirock|Thunder Wave|p2a: Delibird\n|-status|p2a: Delibird|par\n|\n|-heal|p1a: Regirock|20/100|[from] item: Leftovers\n|upkeep\n|turn|25\n|inactive|Time left: 300 sec this turn | 300 sec total\n|\n|t:|1783533807\n|move|p1a: Regirock|Iron Defense|p1a: Regirock\n|-boost|p1a: Regirock|def|2\n|move|p2a: Delibird|Freeze-Dry|p1a: Regirock\n|-damage|p1a: Regirock|0 fnt\n|faint|p1a: Regirock\n|\n|upkeep\n|\n|t:|1783533808\n|switch|p1a: Hitmontop|Hitmontop, L88, M|73/100\n|turn|26\n|inactive|Time left: 300 sec this turn | 300 sec total\n|\n|t:|1783533809\n|move|p1a: Hitmontop|Rapid Spin|p2a: Delibird\n|-damage|p2a: Delibird|0 fnt\n|-boost|p1a: Hitmontop|spe|1\n|faint|p2a: Delibird\n|\n|-heal|p1a: Hitmontop|79/100|[from] item: Leftovers\n|upkeep\n|inactive|Time left: 300 sec this turn | 300 sec total | 5 sec grace\n|\n|t:|1783533810\n|switch|p2a: Trevenant|Trevenant, L89, F|296/296\n|turn|27\n|inactive|Time left: 300 sec this turn | 300 sec total\n|\n|t:|1783533811\n|move|p1a: Hitmontop|Bulk Up|p1a: Hitmontop\n|-boost|p1a: Hitmontop|atk|1\n|-boost|p1a: Hitmontop|def|1\n|move|p2a: Trevenant|Toxic|p1a: Hitmontop\n|-status|p1a: Hitmontop|tox\n|\n|-heal|p1a: Hitmontop|85/100 tox|[from] item: Leftovers\n|-damage|p1a: Hitmontop|79/100 tox|[from] psn\n|upkeep\n|turn|28\n|inactive|Time left: 300 sec this turn | 300 sec total\n|\n|t:|1783533812\n|move|p2a: Trevenant|Protect|p2a: Trevenant\n|-singleturn|p2a: Trevenant|Protect\n|move|p1a: Hitmontop|Triple Axel|p2a: Trevenant\n|-activate|p2a: Trevenant|move: Protect\n|\n|-heal|p1a: Hitmontop|85/100 tox|[from] item: Leftovers\n|-damage|p1a: Hitmontop|73/100 tox|[from] psn\n|upkeep\n|turn|29\n|inactive|Time left: 300 sec this turn | 300 sec total\n|\n|t:|1783533813\n|move|p2a: Trevenant|Protect|p2a: Trevenant\n|-singleturn|p2a: Trevenant|Protect\n|move|p1a: Hitmontop|Triple Axel|p2a: Trevenant\n|-activate|p2a: Trevenant|move: Protect\n|\n|-heal|p1a: Hitmontop|79/100 tox|[from] item: Leftovers\n|-damage|p1a: Hitmontop|61/100 tox|[from] psn\n|upkeep\n|turn|30\n|inactive|Time left: 300 sec this turn | 300 sec total\n|\n|t:|1783533814\n|move|p1a: Hitmontop|Triple Axel|p2a: Trevenant\n|-supereffective|p2a: Trevenant\n|-damage|p2a: Trevenant|224/296\n|-supereffective|p2a: Trevenant\n|-damage|p2a: Trevenant|70/296\n|-enditem|p2a: Trevenant|Sitrus Berry|[eat]\n|-heal|p2a: Trevenant|144/296|[from] item: Sitrus Berry\n|-hitcount|p2a: Trevenant|2\n|move|p2a: Trevenant|Poltergeist|p1a: Hitmontop\n|-activate|p1a: Hitmontop|move: Poltergeist|Leftovers\n|-damage|p1a: Hitmontop|24/100 tox\n|\n|-heal|p1a: Hitmontop|30/100 tox|[from] item: Leftovers\n|-damage|p1a: Hitmontop|6/100 tox|[from] psn\n|upkeep\n|turn|31\n|inactive|Time left: 300 sec this turn | 300 sec total\n|\n|t:|1783533815\n|move|p1a: Hitmontop|Close Combat|p2a: Trevenant\n|-immune|p2a: Trevenant\n|move|p2a: Trevenant|Drain Punch|p1a: Hitmontop\n|-damage|p1a: Hitmontop|0 fnt\n|-heal|p2a: Trevenant|151/296|[from] drain|[of] p1a: Hitmontop\n|faint|p1a: Hitmontop\n|\n|upkeep\n|\n|t:|1783533816\n|switch|p1a: Zoroark|Zoroark, L83, M|69/100\n|turn|32\n|inactive|Time left: 300 sec this turn | 300 sec total\n|\n|t:|1783533818\n|move|p1a: Zoroark|Dark Pulse|p2a: Trevenant\n|-supereffective|p2a: Trevenant\n|-damage|p2a: Trevenant|0 fnt\n|faint|p2a: Trevenant\n|\n|upkeep\n|inactive|Time left: 300 sec this turn | 300 sec total | 5 sec grace\n|\n|t:|1783533818\n|switch|p2a: Hydrapple|Hydrapple, L83, M|312/312\n|turn|33\n|inactive|Time left: 300 sec this turn | 300 sec total\n|\n|t:|1783533819\n|move|p1a: Zoroark|Dark Pulse|p2a: Hydrapple\n|-damage|p2a: Hydrapple|203/312\n|move|p2a: Hydrapple|Leaf Storm|p1a: Zoroark\n|-damage|p1a: Zoroark|0 fnt\n|-unboost|p2a: Hydrapple|spa|2\n|faint|p1a: Zoroark\n|\n|win|p0y0483666", "uploadtime": 1783533819, "views": 0, "rating": 0, "private": 0, "password": null, "_winner": "p0y0483666", "_our_name": "p0y0483666"}