{"id": "battle-gen9randombattle-2515", "formatid": "gen9randombattle", "format": "[Gen 9] Random Battle", "players": ["p0x2515f280", "p0y2515e5a1"], "log": "|init|battle\n|title|p0x2515f280 vs. p0y2515e5a1\n|j|\u2606p0x2515f280\n|j|\u2606p0y2515e5a1\n|t:|1783568156\n|gametype|singles\n|player|p1|p0x2515f280|266|\n|player|p2|p0y2515e5a1|169|\n|gen|9\n|tier|[Gen 9] Random Battle\n|rule|Species Clause: Limit one of each Pok\u00e9mon\n|rule|HP Percentage Mod: HP is shown in percentages\n|rule|Sleep Clause Mod: Limit one foe put to sleep\n|rule|Illusion Level Mod: Illusion disguises the Pok\u00e9mon's true level\n|\n|t:|1783568156\n|teamsize|p1|6\n|teamsize|p2|6\n|start\n|switch|p1a: Bombirdier|Bombirdier, L85, M|258/258\n|switch|p2a: Flutter Mane|Flutter Mane, L74|100/100\n|turn|1\n|inactive|Battle timer is ON: inactive players will automatically lose when time's up. (requested by p0x2515f280)\n|inactive|p0y2515e5a1 also wants the timer to be on.\n|\n|t:|1783568157\n|-terastallize|p1a: Bombirdier|Rock\n|move|p2a: Flutter Mane|Moonblast|p1a: Bombirdier\n|-damage|p1a: Bombirdier|114/258\n|move|p1a: Bombirdier|Stone Edge|p2a: Flutter Mane\n|-damage|p2a: Flutter Mane|0 fnt\n|faint|p2a: Flutter Mane\n|-end|p2a: Flutter Mane|Protosynthesis|[silent]\n|\n|upkeep\n|\n|t:|1783568159\n|switch|p2a: Hydreigon|Hydreigon, L79, F|100/100\n|turn|2\n|inactive|Time left: 300 sec this turn | 300 sec total\n|\n|t:|1783568160\n|switch|p1a: Granbull|Granbull, L88, M|302/302\n|-ability|p1a: Granbull|Intimidate|boost\n|-unboost|p2a: Hydreigon|atk|1\n|move|p2a: Hydreigon|Dark Pulse|p1a: Granbull\n|-resisted|p1a: Granbull\n|-crit|p1a: Granbull\n|-damage|p1a: Granbull|185/302\n|-damage|p2a: Hydreigon|91/100|[from] item: Life Orb\n|\n|-heal|p1a: Granbull|203/302|[from] item: Leftovers\n|upkeep\n|turn|3\n|inactive|Time left: 300 sec this turn | 300 sec total\n|\n|t:|1783568161\n|switch|p2a: Armarouge|Armarouge, L80, M|100/100\n|move|p1a: Granbull|Play Rough|p2a: Armarouge\n|-resisted|p2a: Armarouge\n|-damage|p2a: Armarouge|80/100\n|-ability|p2a: Armarouge|Weak Armor|boost\n|-unboost|p2a: Armarouge|def|1\n|-boost|p2a: Armarouge|spe|2\n|\n|-heal|p1a: Granbull|221/302|[from] item: Leftovers\n|upkeep\n|turn|4\n|inactive|Time left: 300 sec this turn | 300 sec total\n|\n|t:|1783568162\n|-terastallize|p2a: Armarouge|Fire\n|move|p2a: Armarouge|Armor Cannon|p1a: Granbull\n|-damage|p1a: Granbull|0 fnt\n|-unboost|p2a: Armarouge|def|1\n|-unboost|p2a: Armarouge|spd|1\n|faint|p1a: Granbull\n|\n|upkeep\n|inactive|Time left: 300 sec this turn | 300 sec total | 5 sec grace\n|\n|t:|1783568163\n|switch|p1a: Oinkologne|Oinkologne-F, L92, F|361/361\n|turn|5\n|inactive|Time left: 300 sec this turn | 300 sec total\n|\n|t:|1783568165\n|move|p2a: Armarouge|Meteor Beam||[still]\n|-prepare|p2a: Armarouge|Meteor Beam\n|-boost|p2a: Armarouge|spa|1\n|-enditem|p2a: Armarouge|Power Herb\n|-anim|p2a: Armarouge|Meteor Beam|p1a: Oinkologne\n|-damage|p1a: Oinkologne|238/361\n|move|p1a: Oinkologne|Body Slam|p2a: Armarouge\n|-damage|p2a: Armarouge|10/100\n|-ability|p2a: Armarouge|Weak Armor|boost\n|-unboost|p2a: Armarouge|def|1\n|-boost|p2a: Armarouge|spe|2\n|\n|-heal|p1a: Oinkologne|260/361|[from] item: Leftovers\n|upkeep\n|turn|6\n|inactive|Time left: 300 sec this turn | 300 sec total\n|\n|t:|1783568166\n|move|p2a: Armarouge|Psyshock|p1a: Oinkologne\n|-damage|p1a: Oinkologne|115/361\n|move|p1a: Oinkologne|Body Slam|p2a: Armarouge\n|-damage|p2a: Armarouge|0 fnt\n|faint|p2a: Armarouge\n|\n|-heal|p1a: Oinkologne|137/361|[from] item: Leftovers\n|upkeep\n|\n|t:|1783568167\n|switch|p2a: Reuniclus|Reuniclus, L88, M|100/100\n|turn|7\n|inactive|Time left: 300 sec this turn | 300 sec total\n|\n|t:|1783568168\n|switch|p1a: Trevenant|Trevenant, L89, F|296/296\n|move|p2a: Reuniclus|Psychic|p1a: Trevenant\n|-damage|p1a: Trevenant|115/296\n|\n|upkeep\n|turn|8\n|inactive|Time left: 300 sec this turn | 300 sec total\n|\n|t:|1783568169\n|move|p1a: Trevenant|Poltergeist|p2a: Reuniclus\n|-activate|p2a: Reuniclus|move: Poltergeist|Life Orb\n|-supereffective|p2a: Reuniclus\n|-damage|p2a: Reuniclus|0 fnt\n|faint|p2a: Reuniclus\n|-damage|p1a: Trevenant|86/296|[from] item: Life Orb\n|\n|upkeep\n|\n|t:|1783568170\n|switch|p2a: Hydreigon|Hydreigon, L79, F|91/100\n|turn|9\n|inactive|Time left: 300 sec this turn | 300 sec total\n|\n|t:|1783568171\n|move|p2a: Hydreigon|Dark Pulse|p1a: Trevenant\n|-supereffective|p1a: Trevenant\n|-damage|p1a: Trevenant|0 fnt\n|faint|p1a: Trevenant\n|-damage|p2a: Hydreigon|81/100|[from] item: Life Orb\n|\n|upkeep\n|inactive|Time left: 300 sec this turn | 300 sec total | 5 sec grace\n|\n|t:|1783568172\n|switch|p1a: Cinccino|Cinccino, L83, F|260/260\n|turn|10\n|inactive|Time left: 300 sec this turn | 300 sec total\n|\n|t:|1783568173\n|switch|p2a: Volcarona|Volcarona, L77, F|100/100\n|move|p1a: Cinccino|Triple Axel|p2a: Volcarona\n|-resisted|p2a: Volcarona\n|-damage|p2a: Volcarona|95/100\n|-resisted|p2a: Volcarona\n|-damage|p2a: Volcarona|84/100\n|-status|p1a: Cinccino|brn|[from] ability: Flame Body|[of] p2a: Volcarona\n|-resisted|p2a: Volcarona\n|-crit|p2a: Volcarona\n|-damage|p2a: Volcarona|72/100\n|-hitcount|p2a: Volcarona|3\n|\n|-damage|p1a: Cinccino|244/260 brn|[from] brn\n|upkeep\n|turn|11\n|inactive|Time left: 300 sec this turn | 300 sec total\n|\n|t:|1783568173\n|move|p1a: Cinccino|Tail Slap|p2a: Volcarona\n|-damage|p2a: Volcarona|62/100\n|-damage|p2a: Volcarona|52/100\n|-damage|p2a: Volcarona|42/100\n|-damage|p2a: Volcarona|33/100\n|-damage|p2a: Volcarona|22/100\n|-hitcount|p2a: Volcarona|5\n|move|p2a: Volcarona|Quiver Dance|p2a: Volcarona\n|-boost|p2a: Volcarona|spa|1\n|-boost|p2a: Volcarona|spd|1\n|-boost|p2a: Volcarona|spe|1\n|\n|-damage|p1a: Cinccino|228/260 brn|[from] brn\n|upkeep\n|turn|12\n|inactive|Time left: 300 sec this turn | 300 sec total\n|\n|t:|1783568174\n|move|p2a: Volcarona|Morning Sun|p2a: Volcarona\n|-heal|p2a: Volcarona|72/100\n|move|p1a: Cinccino|Tail Slap|p2a: Volcarona\n|-damage|p2a: Volcarona|62/100\n|-damage|p2a: Volcarona|53/100\n|-damage|p2a: Volcarona|42/100\n|-damage|p2a: Volcarona|32/100\n|-hitcount|p2a: Volcarona|4\n|\n|-damage|p1a: Cinccino|212/260 brn|[from] brn\n|upkeep\n|turn|13\n|inactive|Time left: 300 sec this turn | 300 sec total\n|\n|t:|1783568175\n|move|p2a: Volcarona|Morning Sun|p2a: Volcarona\n|-heal|p2a: Volcarona|82/100\n|move|p1a: Cinccino|Tail Slap|p2a: Volcarona|[miss]\n|-miss|p1a: Cinccino|p2a: Volcarona\n|\n|-damage|p1a: Cinccino|196/260 brn|[from] brn\n|upkeep\n|turn|14\n|inactive|Time left: 300 sec this turn | 300 sec total\n|\n|t:|1783568176\n|switch|p1a: Flamigo|Flamigo, L82, M|269/269\n|move|p2a: Volcarona|Quiver Dance|p2a: Volcarona\n|-boost|p2a: Volcarona|spa|1\n|-boost|p2a: Volcarona|spd|1\n|-boost|p2a: Volcarona|spe|1\n|\n|upkeep\n|turn|15\n|inactive|Time left: 300 sec this turn | 300 sec total\n|\n|t:|1783568177\n|move|p2a: Volcarona|Fiery Dance|p1a: Flamigo\n|-damage|p1a: Flamigo|13/269\n|move|p1a: Flamigo|Brave Bird|p2a: Volcarona\n|-supereffective|p2a: Volcarona\n|-damage|p2a: Volcarona|0 fnt\n|-status|p1a: Flamigo|brn|[from] ability: Flame Body|[of] p2a: Volcarona\n|faint|p2a: Volcarona\n|-damage|p1a: Flamigo|0 fnt|[from] Recoil\n|faint|p1a: Flamigo\n|\n|upkeep\n|inactive|Time left: 300 sec this turn | 300 sec total | 5 sec grace\n|\n|t:|1783568178\n|switch|p2a: Hydreigon|Hydreigon, L79, F|81/100\n|switch|p1a: Cinccino|Cinccino, L83, F|196/260 brn\n|turn|16\n|inactive|Time left: 300 sec this turn | 300 sec total\n|\n|t:|1783568179\n|move|p1a: Cinccino|Triple Axel|p2a: Hydreigon\n|-supereffective|p2a: Hydreigon\n|-damage|p2a: Hydreigon|73/100\n|-supereffective|p2a: Hydreigon\n|-damage|p2a: Hydreigon|56/100\n|-supereffective|p2a: Hydreigon\n|-damage|p2a: Hydreigon|32/100\n|-hitcount|p2a: Hydreigon|3\n|move|p2a: Hydreigon|Nasty Plot|p2a: Hydreigon\n|-boost|p2a: Hydreigon|spa|2\n|\n|-damage|p1a: Cinccino|180/260 brn|[from] brn\n|upkeep\n|turn|17\n|inactive|Time left: 300 sec this turn | 300 sec total\n|\n|t:|1783568180\n|move|p1a: Cinccino|Triple Axel|p2a: Hydreigon\n|-supereffective|p2a: Hydreigon\n|-damage|p2a: Hydreigon|24/100\n|-supereffective|p2a: Hydreigon\n|-damage|p2a: Hydreigon|9/100\n|-supereffective|p2a: Hydreigon\n|-damage|p2a: Hydreigon|0 fnt\n|faint|p2a: Hydreigon\n|-hitcount|p2: Hydreigon|3\n|\n|-damage|p1a: Cinccino|164/260 brn|[from] brn\n|upkeep\n|\n|t:|1783568181\n|switch|p2a: Zapdos|Zapdos, L78|100/100\n|turn|18\n|inactive|Time left: 300 sec this turn | 300 sec total\n|\n|t:|1783568181\n|move|p1a: Cinccino|Triple Axel|p2a: Zapdos\n|-supereffective|p2a: Zapdos\n|-damage|p2a: Zapdos|92/100\n|-supereffective|p2a: Zapdos\n|-damage|p2a: Zapdos|75/100\n|-supereffective|p2a: Zapdos\n|-damage|p2a: Zapdos|49/100\n|-hitcount|p2a: Zapdos|3\n|move|p2a: Zapdos|Roost|p2a: Zapdos\n|-heal|p2a: Zapdos|99/100\n|-singleturn|p2a: Zapdos|move: Roost\n|\n|-damage|p1a: Cinccino|148/260 brn|[from] brn\n|upkeep\n|turn|19\n|inactive|Time left: 300 sec this turn | 300 sec total\n|\n|t:|1783568182\n|move|p1a: Cinccino|Tidy Up|p1a: Cinccino\n|-boost|p1a: Cinccino|atk|1\n|-boost|p1a: Cinccino|spe|1\n|move|p2a: Zapdos|Roost|p2a: Zapdos\n|-heal|p2a: Zapdos|100/100\n|-singleturn|p2a: Zapdos|move: Roost\n|\n|-damage|p1a: Cinccino|132/260 brn|[from] brn\n|upkeep\n|turn|20\n|inactive|Time left: 300 sec this turn | 300 sec total\n|\n|t:|1783568183\n|move|p1a: Cinccino|Triple Axel|p2a: Zapdos\n|-supereffective|p2a: Zapdos\n|-damage|p2a: Zapdos|87/100\n|-supereffective|p2a: Zapdos\n|-damage|p2a: Zapdos|61/100\n|-supereffective|p2a: Zapdos\n|-damage|p2a: Zapdos|24/100\n|-hitcount|p2a: Zapdos|3\n|move|p2a: Zapdos|Thunderbolt|p1a: Cinccino\n|-damage|p1a: Cinccino|0 fnt\n|faint|p1a: Cinccino\n|\n|upkeep\n|inactive|Time left: 300 sec this turn | 300 sec total | 5 sec grace\n|\n|t:|1783568184\n|switch|p1a: Bombirdier|Bombirdier, L85, M, tera:Rock|114/258\n|turn|21\n|inactive|Time left: 300 sec this turn | 300 sec total\n|\n|t:|1783568185\n|move|p2a: Zapdos|Roost|p2a: Zapdos\n|-heal|p2a: Zapdos|74/100\n|-singleturn|p2a: Zapdos|move: Roost\n|move|p1a: Bombirdier|Stone Edge|p2a: Zapdos\n|-damage|p2a: Zapdos|0 fnt\n|faint|p2a: Zapdos\n|\n|win|p0x2515f280", "uploadtime": 1783568185, "views": 0, "rating": 0, "private": 0, "password": null, "_winner": "p0x2515f280", "_our_name": "p0x2515f280"}