{"id": "battle-gen9randombattle-1898", "formatid": "gen9randombattle", "format": "[Gen 9] Random Battle", "players": ["p0x1898b9c2", "p0y18987deb"], "log": "|init|battle\n|title|p0x1898b9c2 vs. p0y18987deb\n|j|\u2606p0x1898b9c2\n|j|\u2606p0y18987deb\n|t:|1783561213\n|gametype|singles\n|player|p1|p0x1898b9c2|169|\n|player|p2|p0y18987deb|101|\n|gen|9\n|tier|[Gen 9] Random Battle\n|rule|Species Clause: Limit one of each Pok\u00e9mon\n|rule|HP Percentage Mod: HP is shown in percentages\n|rule|Sleep Clause Mod: Limit one foe put to sleep\n|rule|Illusion Level Mod: Illusion disguises the Pok\u00e9mon's true level\n|\n|t:|1783561213\n|teamsize|p1|6\n|teamsize|p2|6\n|start\n|switch|p1a: Mewtwo|Mewtwo, L72|100/100\n|switch|p2a: Klawf|Klawf, L90, F|272/272\n|-ability|p1a: Mewtwo|Unnerve\n|turn|1\n|inactive|Battle timer is ON: inactive players will automatically lose when time's up. (requested by p0x1898b9c2)\n|inactive|Time left: 300 sec this turn | 300 sec total | 60 sec grace\n|inactive|p0y18987deb also wants the timer to be on.\n|\n|t:|1783561214\n|move|p1a: Mewtwo|Nasty Plot|p1a: Mewtwo\n|-boost|p1a: Mewtwo|spa|2\n|move|p2a: Klawf|Knock Off|p1a: Mewtwo\n|-supereffective|p1a: Mewtwo\n|-damage|p1a: Mewtwo|4/100\n|-enditem|p1a: Mewtwo|Life Orb|[from] move: Knock Off|[of] p2a: Klawf\n|-damage|p2a: Klawf|245/272|[from] item: Life Orb\n|\n|upkeep\n|turn|2\n|inactive|Time left: 300 sec this turn | 300 sec total\n|\n|t:|1783561216\n|move|p1a: Mewtwo|Dark Pulse|p2a: Klawf\n|-damage|p2a: Klawf|81/272\n|move|p2a: Klawf|Knock Off|p1a: Mewtwo\n|-supereffective|p1a: Mewtwo\n|-damage|p1a: Mewtwo|0 fnt\n|faint|p1a: Mewtwo\n|-damage|p2a: Klawf|54/272|[from] item: Life Orb\n|\n|upkeep\n|\n|t:|1783561217\n|switch|p1a: Morpeko|Morpeko, L88, F|100/100\n|turn|3\n|inactive|Time left: 300 sec this turn | 300 sec total\n|\n|t:|1783561217\n|switch|p2a: Heracross|Heracross, L80, F|259/259\n|move|p1a: Morpeko|Aura Wheel|p2a: Heracross\n|-damage|p2a: Heracross|115/259\n|-boost|p1a: Morpeko|spe|1\n|\n|-status|p2a: Heracross|brn|[from] item: Flame Orb\n|-formechange|p1a: Morpeko|Morpeko-Hangry||[from] ability: Hunger Switch\n|upkeep\n|turn|4\n|inactive|Time left: 300 sec this turn | 300 sec total\n|\n|t:|1783561219\n|move|p1a: Morpeko|Protect|p1a: Morpeko\n|-singleturn|p1a: Morpeko|Protect\n|move|p2a: Heracross|Close Combat|p1a: Morpeko\n|-activate|p1a: Morpeko|move: Protect\n|\n|-damage|p2a: Heracross|99/259 brn|[from] brn\n|-formechange|p1a: Morpeko|Morpeko||[from] ability: Hunger Switch\n|upkeep\n|turn|5\n|inactive|Time left: 300 sec this turn | 300 sec total\n|\n|t:|1783561219\n|switch|p2a: Beartic|Beartic, L91, M|321/321\n|move|p1a: Morpeko|Aura Wheel|p2a: Beartic\n|-damage|p2a: Beartic|206/321\n|-boost|p1a: Morpeko|spe|1\n|\n|-formechange|p1a: Morpeko|Morpeko-Hangry||[from] ability: Hunger Switch\n|upkeep\n|turn|6\n|inactive|Time left: 300 sec this turn | 300 sec total\n|\n|t:|1783561221\n|move|p1a: Morpeko|Protect|p1a: Morpeko\n|-singleturn|p1a: Morpeko|Protect\n|move|p2a: Beartic|Close Combat|p1a: Morpeko\n|-activate|p1a: Morpeko|move: Protect\n|\n|-formechange|p1a: Morpeko|Morpeko||[from] ability: Hunger Switch\n|upkeep\n|turn|7\n|inactive|Time left: 300 sec this turn | 300 sec total\n|\n|t:|1783561221\n|-terastallize|p1a: Morpeko|Electric\n|move|p1a: Morpeko|Knock Off|p2a: Beartic\n|-crit|p2a: Beartic\n|-damage|p2a: Beartic|37/321\n|-enditem|p2a: Beartic|Heavy-Duty Boots|[from] move: Knock Off|[of] p1a: Morpeko\n|move|p2a: Beartic|Close Combat|p1a: Morpeko\n|-damage|p1a: Morpeko|29/100\n|-unboost|p2a: Beartic|def|1\n|-unboost|p2a: Beartic|spd|1\n|\n|-heal|p1a: Morpeko|36/100|[from] item: Leftovers\n|upkeep\n|turn|8\n|inactive|Time left: 300 sec this turn | 300 sec total\n|\n|t:|1783561222\n|move|p2a: Beartic|Aqua Jet|p1a: Morpeko\n|-damage|p1a: Morpeko|12/100\n|move|p1a: Morpeko|Aura Wheel|p2a: Beartic\n|-damage|p2a: Beartic|0 fnt\n|-boost|p1a: Morpeko|spe|1\n|faint|p2a: Beartic\n|\n|-heal|p1a: Morpeko|18/100|[from] item: Leftovers\n|upkeep\n|inactive|Time left: 300 sec this turn | 300 sec total | 5 sec grace\n|\n|t:|1783561223\n|switch|p2a: Hatterene|Hatterene, L85, F|236/236\n|turn|9\n|inactive|Time left: 300 sec this turn | 300 sec total\n|\n|t:|1783561224\n|move|p1a: Morpeko|Aura Wheel|p2a: Hatterene\n|-crit|p2a: Hatterene\n|-damage|p2a: Hatterene|4/236\n|-boost|p1a: Morpeko|spe|1\n|move|p2a: Hatterene|Draining Kiss|p1a: Morpeko\n|-damage|p1a: Morpeko|0 fnt\n|-heal|p2a: Hatterene|37/236|[from] drain|[of] p1a: Morpeko\n|faint|p1a: Morpeko\n|\n|upkeep\n|\n|t:|1783561225\n|switch|p1a: Glastrier|Glastrier, L86|100/100\n|turn|10\n|inactive|Time left: 300 sec this turn | 300 sec total\n|\n|t:|1783561226\n|switch|p2a: Lunala|Lunala, L70|308/308\n|move|p1a: Glastrier|High Horsepower|p2a: Lunala\n|-damage|p2a: Lunala|249/308\n|\n|-heal|p2a: Lunala|268/308|[from] item: Leftovers\n|upkeep\n|turn|11\n|inactive|Time left: 300 sec this turn | 300 sec total\n|\n|t:|1783561227\n|move|p2a: Lunala|Moonlight|p2a: Lunala\n|-heal|p2a: Lunala|308/308\n|move|p1a: Glastrier|Swords Dance|p1a: Glastrier\n|-boost|p1a: Glastrier|atk|2\n|\n|upkeep\n|turn|12\n|inactive|Time left: 300 sec this turn | 300 sec total\n|\n|t:|1783561228\n|move|p2a: Lunala|Moongeist Beam|p1a: Glastrier\n|-damage|p1a: Glastrier|74/100\n|move|p1a: Glastrier|High Horsepower|p2a: Lunala\n|-damage|p2a: Lunala|203/308\n|\n|-heal|p2a: Lunala|222/308|[from] item: Leftovers\n|upkeep\n|turn|13\n|inactive|Time left: 300 sec this turn | 300 sec total\n|\n|t:|1783561229\n|switch|p2a: Hatterene|Hatterene, L85, F|37/236\n|move|p1a: Glastrier|Icicle Crash|p2a: Hatterene\n|-damage|p2a: Hatterene|0 fnt\n|faint|p2a: Hatterene\n|-ability|p1a: Glastrier|Chilling Neigh|boost\n|-boost|p1a: Glastrier|atk|1\n|\n|upkeep\n|inactive|Time left: 300 sec this turn | 300 sec total | 5 sec grace\n|\n|t:|1783561229\n|switch|p2a: Heracross|Heracross, L80, F|99/259 brn\n|turn|14\n|inactive|Time left: 300 sec this turn | 300 sec total\n|\n|t:|1783561230\n|move|p2a: Heracross|Close Combat|p1a: Glastrier\n|-supereffective|p1a: Glastrier\n|-damage|p1a: Glastrier|0 fnt\n|-unboost|p2a: Heracross|def|1\n|-unboost|p2a: Heracross|spd|1\n|faint|p1a: Glastrier\n|\n|-damage|p2a: Heracross|83/259 brn|[from] brn\n|upkeep\n|\n|t:|1783561231\n|switch|p1a: Decidueye|Decidueye-Hisui, L87, F|100/100\n|turn|15\n|inactive|Time left: 300 sec this turn | 300 sec total\n|\n|t:|1783561232\n|move|p2a: Heracross|Close Combat|p1a: Decidueye\n|-damage|p1a: Decidueye|23/100\n|-unboost|p2a: Heracross|def|1\n|-unboost|p2a: Heracross|spd|1\n|move|p1a: Decidueye|Leaf Blade|p2a: Heracross\n|-resisted|p2a: Heracross\n|-damage|p2a: Heracross|0 fnt\n|faint|p2a: Heracross\n|\n|-heal|p1a: Decidueye|29/100|[from] item: Leftovers\n|upkeep\n|inactive|Time left: 300 sec this turn | 300 sec total | 5 sec grace\n|\n|t:|1783561233\n|switch|p2a: Lunala|Lunala, L70|222/308\n|turn|16\n|inactive|Time left: 300 sec this turn | 300 sec total\n|\n|t:|1783561234\n|move|p1a: Decidueye|Sucker Punch|p2a: Lunala\n|-supereffective|p2a: Lunala\n|-crit|p2a: Lunala\n|-damage|p2a: Lunala|0 fnt\n|faint|p2a: Lunala\n|\n|-heal|p1a: Decidueye|35/100|[from] item: Leftovers\n|upkeep\n|inactive|Time left: 300 sec this turn | 300 sec total | 5 sec grace\n|\n|t:|1783561235\n|switch|p2a: Clawitzer|Clawitzer, L87, M|265/265\n|turn|17\n|inactive|Time left: 300 sec this turn | 300 sec total\n|\n|t:|1783561236\n|-terastallize|p2a: Clawitzer|Dragon\n|move|p1a: Decidueye|Roost|p1a: Decidueye\n|-heal|p1a: Decidueye|86/100\n|-singleturn|p1a: Decidueye|move: Roost\n|move|p2a: Clawitzer|Dragon Pulse|p1a: Decidueye\n|-damage|p1a: Decidueye|36/100\n|\n|-heal|p1a: Decidueye|42/100|[from] item: Leftovers\n|upkeep\n|turn|18\n|inactive|Time left: 300 sec this turn | 300 sec total\n|\n|t:|1783561237\n|move|p1a: Decidueye|Roost|p1a: Decidueye\n|-heal|p1a: Decidueye|92/100\n|-singleturn|p1a: Decidueye|move: Roost\n|move|p2a: Clawitzer|Dragon Pulse|p1a: Decidueye\n|-damage|p1a: Decidueye|41/100\n|\n|-heal|p1a: Decidueye|47/100|[from] item: Leftovers\n|upkeep\n|turn|19\n|inactive|Time left: 300 sec this turn | 300 sec total\n|\n|t:|1783561238\n|move|p1a: Decidueye|Roost|p1a: Decidueye\n|-heal|p1a: Decidueye|97/100\n|-singleturn|p1a: Decidueye|move: Roost\n|move|p2a: Clawitzer|Dragon Pulse|p1a: Decidueye\n|-damage|p1a: Decidueye|48/100\n|\n|-heal|p1a: Decidueye|54/100|[from] item: Leftovers\n|upkeep\n|turn|20\n|inactive|Time left: 300 sec this turn | 300 sec total\n|\n|t:|1783561239\n|move|p1a: Decidueye|Triple Arrows|p2a: Clawitzer\n|-damage|p2a: Clawitzer|156/265\n|cant|p2a: Clawitzer|flinch\n|\n|-heal|p1a: Decidueye|60/100|[from] item: Leftovers\n|upkeep\n|turn|21\n|inactive|Time left: 300 sec this turn | 300 sec total\n|\n|t:|1783561240\n|move|p1a: Decidueye|Triple Arrows|p2a: Clawitzer\n|-damage|p2a: Clawitzer|51/265\n|move|p2a: Clawitzer|Dragon Pulse|p1a: Decidueye\n|-damage|p1a: Decidueye|8/100\n|\n|-heal|p1a: Decidueye|14/100|[from] item: Leftovers\n|upkeep\n|turn|22\n|inactive|Time left: 300 sec this turn | 300 sec total\n|\n|t:|1783561242\n|move|p1a: Decidueye|Triple Arrows|p2a: Clawitzer\n|-damage|p2a: Clawitzer|0 fnt\n|faint|p2a: Clawitzer\n|\n|-heal|p1a: Decidueye|20/100|[from] item: Leftovers\n|upkeep\n|inactive|Time left: 300 sec this turn | 300 sec total | 5 sec grace\n|\n|t:|1783561242\n|switch|p2a: Klawf|Klawf, L90, F|144/272\n|turn|23\n|inactive|Time left: 300 sec this turn | 300 sec total\n|\n|t:|1783561243\n|move|p2a: Klawf|Stone Edge|p1a: Decidueye\n|-resisted|p1a: Decidueye\n|-damage|p1a: Decidueye|0 fnt\n|faint|p1a: Decidueye\n|-damage|p2a: Klawf|117/272|[from] item: Life Orb\n|\n|upkeep\n|\n|t:|1783561244\n|switch|p1a: Eelektross|Eelektross, L87, M|100/100\n|turn|24\n|inactive|Time left: 300 sec this turn | 300 sec total\n|\n|t:|1783561245\n|move|p2a: Klawf|Knock Off|p1a: Eelektross\n|-damage|p1a: Eelektross|65/100\n|-enditem|p1a: Eelektross|Assault Vest|[from] move: Knock Off|[of] p2a: Klawf\n|-damage|p2a: Klawf|90/272|[from] item: Life Orb\n|move|p1a: Eelektross|Discharge|p2a: Klawf\n|-damage|p2a: Klawf|0 fnt\n|faint|p2a: Klawf\n|\n|win|p0x1898b9c2", "uploadtime": 1783561245, "views": 0, "rating": 0, "private": 0, "password": null, "_winner": "p0x1898b9c2", "_our_name": "p0y18987deb"}