{"id": "battle-gen9randombattle-2989", "formatid": "gen9randombattle", "format": "[Gen 9] Random Battle", "players": ["p0x29892a00", "p0y2989d39b"], "log": "|init|battle\n|title|p0x29892a00 vs. p0y2989d39b\n|j|\u2606p0x29892a00\n|j|\u2606p0y2989d39b\n|t:|1783574404\n|gametype|singles\n|player|p1|p0x29892a00|265|\n|player|p2|p0y2989d39b|2|\n|gen|9\n|tier|[Gen 9] Random Battle\n|rule|Species Clause: Limit one of each Pok\u00e9mon\n|rule|HP Percentage Mod: HP is shown in percentages\n|rule|Sleep Clause Mod: Limit one foe put to sleep\n|rule|Illusion Level Mod: Illusion disguises the Pok\u00e9mon's true level\n|\n|t:|1783574404\n|teamsize|p1|6\n|teamsize|p2|6\n|start\n|switch|p1a: Cinderace|Cinderace, L77, M|249/249\n|switch|p2a: Houndoom|Houndoom, L87, F|100/100\n|turn|1\n|inactive|Battle timer is ON: inactive players will automatically lose when time's up. (requested by p0x29892a00)\n|inactive|p0y2989d39b also wants the timer to be on.\n|\n|t:|1783574405\n|move|p1a: Cinderace|High Jump Kick|p2a: Houndoom|[miss]\n|-start|p1a: Cinderace|typechange|Fighting|[from] ability: Libero\n|-miss|p1a: Cinderace|p2a: Houndoom\n|-damage|p1a: Cinderace|125/249|[from] highjumpkick\n|move|p2a: Houndoom|Nasty Plot|p2a: Houndoom\n|-boost|p2a: Houndoom|spa|2\n|\n|upkeep\n|turn|2\n|inactive|Time left: 300 sec this turn | 300 sec total\n|\n|t:|1783574407\n|switch|p2a: Polteageist|Polteageist-Antique, L78|100/100\n|move|p1a: Cinderace|High Jump Kick|p2a: Polteageist\n|-immune|p2a: Polteageist\n|-damage|p1a: Cinderace|1/249|[from] highjumpkick\n|\n|upkeep\n|turn|3\n|inactive|Time left: 300 sec this turn | 300 sec total\n|\n|t:|1783574408\n|switch|p1a: Meowscarada|Meowscarada, L78, F|247/247\n|move|p2a: Polteageist|Shell Smash|p2a: Polteageist\n|-unboost|p2a: Polteageist|def|1\n|-unboost|p2a: Polteageist|spd|1\n|-boost|p2a: Polteageist|atk|2\n|-boost|p2a: Polteageist|spa|2\n|-boost|p2a: Polteageist|spe|2\n|-enditem|p2a: Polteageist|White Herb\n|-clearnegativeboost|p2a: Polteageist|[silent]\n|\n|upkeep\n|turn|4\n|inactive|Time left: 300 sec this turn | 300 sec total\n|\n|t:|1783574409\n|move|p2a: Polteageist|Strength Sap|p1a: Meowscarada\n|-unboost|p1a: Meowscarada|atk|1\n|move|p1a: Meowscarada|Knock Off|p2a: Polteageist\n|-start|p1a: Meowscarada|typechange|Dark|[from] ability: Protean\n|-supereffective|p2a: Polteageist\n|-damage|p2a: Polteageist|22/100\n|\n|upkeep\n|turn|5\n|inactive|Time left: 300 sec this turn | 300 sec total\n|\n|t:|1783574410\n|move|p2a: Polteageist|Strength Sap|p1a: Meowscarada\n|-unboost|p1a: Meowscarada|atk|1\n|-heal|p2a: Polteageist|87/100\n|move|p1a: Meowscarada|Knock Off|p2a: Polteageist\n|-supereffective|p2a: Polteageist\n|-damage|p2a: Polteageist|25/100\n|\n|upkeep\n|turn|6\n|inactive|Time left: 300 sec this turn | 300 sec total\n|\n|t:|1783574411\n|move|p2a: Polteageist|Strength Sap|p1a: Meowscarada\n|-unboost|p1a: Meowscarada|atk|1\n|-heal|p2a: Polteageist|73/100\n|move|p1a: Meowscarada|Knock Off|p2a: Polteageist\n|-supereffective|p2a: Polteageist\n|-damage|p2a: Polteageist|25/100\n|\n|upkeep\n|turn|7\n|inactive|Time left: 300 sec this turn | 300 sec total\n|\n|t:|1783574412\n|move|p2a: Polteageist|Strength Sap|p1a: Meowscarada\n|-unboost|p1a: Meowscarada|atk|1\n|-heal|p2a: Polteageist|64/100\n|move|p1a: Meowscarada|Knock Off|p2a: Polteageist\n|-supereffective|p2a: Polteageist\n|-damage|p2a: Polteageist|22/100\n|-start|p1a: Meowscarada|Disable|Knock Off|[from] ability: Cursed Body|[of] p2a: Polteageist\n|\n|upkeep\n|turn|8\n|inactive|Time left: 300 sec this turn | 300 sec total\n|\n|t:|1783574413\n|move|p2a: Polteageist|Strength Sap|p1a: Meowscarada\n|-unboost|p1a: Meowscarada|atk|1\n|-heal|p2a: Polteageist|55/100\n|-activate|p1a: Meowscarada|move: Struggle\n|move|p1a: Meowscarada|Struggle|p2a: Polteageist\n|-damage|p2a: Polteageist|45/100\n|-damage|p1a: Meowscarada|185/247|[from] recoil\n|\n|upkeep\n|turn|9\n|inactive|Time left: 300 sec this turn | 300 sec total\n|\n|t:|1783574414\n|move|p2a: Polteageist|Strength Sap|p1a: Meowscarada\n|-unboost|p1a: Meowscarada|atk|1\n|-heal|p2a: Polteageist|73/100\n|-activate|p1a: Meowscarada|move: Struggle\n|move|p1a: Meowscarada|Struggle|p2a: Polteageist\n|-damage|p2a: Polteageist|65/100\n|-damage|p1a: Meowscarada|123/247|[from] recoil\n|\n|upkeep\n|turn|10\n|inactive|Time left: 300 sec this turn | 300 sec total\n|\n|t:|1783574415\n|move|p2a: Polteageist|Shadow Ball|p1a: Meowscarada\n|-resisted|p1a: Meowscarada\n|-damage|p1a: Meowscarada|12/247\n|-activate|p1a: Meowscarada|move: Struggle\n|move|p1a: Meowscarada|Struggle|p2a: Polteageist\n|-damage|p2a: Polteageist|56/100\n|-damage|p1a: Meowscarada|0 fnt|[from] recoil\n|faint|p1a: Meowscarada\n|\n|upkeep\n|inactive|Time left: 300 sec this turn | 300 sec total | 5 sec grace\n|\n|t:|1783574416\n|switch|p1a: Kyogre|Kyogre, L71|259/259\n|-weather|RainDance|[from] ability: Drizzle|[of] p1a: Kyogre\n|turn|11\n|inactive|Time left: 300 sec this turn | 300 sec total\n|\n|t:|1783574417\n|move|p2a: Polteageist|Strength Sap|p1a: Kyogre\n|-unboost|p1a: Kyogre|atk|1\n|-heal|p2a: Polteageist|100/100\n|move|p1a: Kyogre|Origin Pulse|p2a: Polteageist\n|-damage|p2a: Polteageist|28/100\n|\n|-weather|RainDance|[upkeep]\n|upkeep\n|turn|12\n|inactive|Time left: 300 sec this turn | 300 sec total\n|\n|t:|1783574418\n|move|p2a: Polteageist|Strength Sap|p1a: Kyogre\n|-unboost|p1a: Kyogre|atk|1\n|-heal|p2a: Polteageist|72/100\n|move|p1a: Kyogre|Origin Pulse|p2a: Polteageist\n|-crit|p2a: Polteageist\n|-damage|p2a: Polteageist|0 fnt\n|faint|p2a: Polteageist\n|\n|-weather|RainDance|[upkeep]\n|upkeep\n|\n|t:|1783574419\n|switch|p2a: Salamence|Salamence, L77, F|100/100\n|-ability|p2a: Salamence|Intimidate|boost\n|-unboost|p1a: Kyogre|atk|1\n|turn|13\n|inactive|Time left: 300 sec this turn | 300 sec total\n|\n|t:|1783574420\n|move|p1a: Kyogre|Origin Pulse|p2a: Salamence\n|-resisted|p2a: Salamence\n|-damage|p2a: Salamence|61/100\n|move|p2a: Salamence|Dragon Dance|p2a: Salamence\n|-boost|p2a: Salamence|atk|1\n|-boost|p2a: Salamence|spe|1\n|\n|-weather|RainDance|[upkeep]\n|upkeep\n|turn|14\n|inactive|Time left: 300 sec this turn | 300 sec total\n|\n|t:|1783574421\n|switch|p1a: Cinderace|Cinderace, L77, M|1/249\n|move|p2a: Salamence|Dragon Dance|p2a: Salamence\n|-boost|p2a: Salamence|atk|1\n|-boost|p2a: Salamence|spe|1\n|\n|-weather|RainDance|[upkeep]\n|upkeep\n|turn|15\n|inactive|Time left: 300 sec this turn | 300 sec total\n|\n|t:|1783574422\n|move|p2a: Salamence|Outrage|p1a: Cinderace\n|-damage|p1a: Cinderace|0 fnt\n|faint|p1a: Cinderace\n|\n|-weather|none\n|upkeep\n|inactive|Time left: 300 sec this turn | 300 sec total | 5 sec grace\n|\n|t:|1783574423\n|switch|p1a: Sableye|Sableye, L88, F|231/231\n|turn|16\n|inactive|Time left: 300 sec this turn | 300 sec total\n|\n|t:|1783574424\n|move|p1a: Sableye|Thunder Wave|p2a: Salamence|[miss]\n|-miss|p1a: Sableye|p2a: Salamence\n|move|p2a: Salamence|Outrage|p1a: Sableye|[from] lockedmove\n|-damage|p1a: Sableye|0 fnt\n|faint|p1a: Sableye\n|\n|upkeep\n|inactive|Time left: 300 sec this turn | 300 sec total | 5 sec grace\n|\n|t:|1783574425\n|switch|p1a: Talonflame|Talonflame, L83, M|265/265\n|turn|17\n|inactive|Time left: 300 sec this turn | 300 sec total\n|\n|t:|1783574426\n|move|p2a: Salamence|Outrage|p1a: Talonflame|[from] lockedmove\n|-damage|p1a: Talonflame|0 fnt\n|faint|p1a: Talonflame\n|-start|p2a: Salamence|confusion|[fatigue]\n|\n|upkeep\n|inactive|Time left: 300 sec this turn | 300 sec total | 5 sec grace\n|\n|t:|1783574427\n|switch|p1a: Ursaring|Ursaring, L84, M|288/288\n|turn|18\n|inactive|Time left: 300 sec this turn | 300 sec total\n|\n|t:|1783574428\n|-activate|p2a: Salamence|confusion\n|move|p2a: Salamence|Outrage|p1a: Ursaring\n|-damage|p1a: Ursaring|0 fnt\n|faint|p1a: Ursaring\n|\n|upkeep\n|inactive|Time left: 300 sec this turn | 300 sec total | 5 sec grace\n|\n|t:|1783574429\n|switch|p1a: Kyogre|Kyogre, L71|259/259\n|-weather|RainDance|[from] ability: Drizzle|[of] p1a: Kyogre\n|turn|19\n|inactive|Time left: 300 sec this turn | 300 sec total\n|\n|t:|1783574429\n|-end|p2a: Salamence|confusion\n|move|p2a: Salamence|Outrage|p1a: Kyogre|[from] lockedmove\n|-damage|p1a: Kyogre|0 fnt\n|faint|p1a: Kyogre\n|-start|p2a: Salamence|confusion|[fatigue]\n|\n|win|p0y2989d39b", "uploadtime": 1783574429, "views": 0, "rating": 0, "private": 0, "password": null, "_winner": "p0y2989d39b", "_our_name": "p0x29892a00"}