{"id": "battle-gen9randombattle-1417", "formatid": "gen9randombattle", "format": "[Gen 9] Random Battle", "players": ["p0x14179036", "p0y14172579"], "log": "|init|battle\n|title|p0x14179036 vs. p0y14172579\n|j|\u2606p0x14179036\n|j|\u2606p0y14172579\n|t:|1783556503\n|gametype|singles\n|player|p1|p0x14179036|2|\n|player|p2|p0y14172579|169|\n|gen|9\n|tier|[Gen 9] Random Battle\n|rule|Species Clause: Limit one of each Pok\u00e9mon\n|rule|HP Percentage Mod: HP is shown in percentages\n|rule|Sleep Clause Mod: Limit one foe put to sleep\n|rule|Illusion Level Mod: Illusion disguises the Pok\u00e9mon's true level\n|\n|t:|1783556503\n|teamsize|p1|6\n|teamsize|p2|6\n|start\n|switch|p1a: Thundurus|Thundurus, L80, M|100/100\n|switch|p2a: Charizard|Charizard, L85, F|271/271\n|turn|1\n|inactive|Battle timer is ON: inactive players will automatically lose when time's up. (requested by p0x14179036)\n|inactive|Time left: 300 sec this turn | 300 sec total | 60 sec grace\n|inactive|p0y14172579 also wants the timer to be on.\n|\n|t:|1783556505\n|move|p1a: Thundurus|Nasty Plot|p1a: Thundurus\n|-boost|p1a: Thundurus|spa|2\n|move|p2a: Charizard|Flamethrower|p1a: Thundurus\n|-damage|p1a: Thundurus|54/100\n|\n|upkeep\n|turn|2\n|inactive|Time left: 300 sec this turn | 300 sec total\n|\n|t:|1783556506\n|switch|p2a: Pachirisu|Pachirisu, L96, F|271/271\n|move|p1a: Thundurus|Thunderbolt|p2a: Pachirisu\n|-immune|p2a: Pachirisu|[from] ability: Volt Absorb\n|\n|upkeep\n|turn|3\n|inactive|Time left: 300 sec this turn | 300 sec total\n|\n|t:|1783556508\n|move|p2a: Pachirisu|Super Fang|p1a: Thundurus\n|-damage|p1a: Thundurus|27/100\n|move|p1a: Thundurus|Focus Blast|p2a: Pachirisu\n|-damage|p2a: Pachirisu|161/271\n|\n|upkeep\n|turn|4\n|inactive|Time left: 300 sec this turn | 300 sec total\n|\n|t:|1783556509\n|move|p2a: Pachirisu|Thunderbolt|p1a: Thundurus\n|-damage|p1a: Thundurus|0 fnt\n|faint|p1a: Thundurus\n|\n|upkeep\n|\n|t:|1783556510\n|switch|p1a: Medicham|Medicham, L86, M|100/100\n|turn|5\n|inactive|Time left: 300 sec this turn | 300 sec total\n|\n|t:|1783556511\n|switch|p2a: Charizard|Charizard, L85, F|271/271\n|move|p1a: Medicham|Close Combat|p2a: Charizard\n|-resisted|p2a: Charizard\n|-damage|p2a: Charizard|170/271\n|-unboost|p1a: Medicham|def|1\n|-unboost|p1a: Medicham|spd|1\n|\n|upkeep\n|turn|6\n|inactive|Time left: 300 sec this turn | 300 sec total\n|\n|t:|1783556512\n|switch|p1a: Meloetta|Meloetta, L82|100/100\n|move|p2a: Charizard|Hurricane|p1a: Meloetta\n|-damage|p1a: Meloetta|69/100\n|\n|-heal|p1a: Meloetta|75/100|[from] item: Leftovers\n|upkeep\n|turn|7\n|inactive|Time left: 300 sec this turn | 300 sec total\n|\n|t:|1783556514\n|move|p2a: Charizard|Flamethrower|p1a: Meloetta\n|-damage|p1a: Meloetta|45/100\n|move|p1a: Meloetta|Calm Mind|p1a: Meloetta\n|-boost|p1a: Meloetta|spa|1\n|-boost|p1a: Meloetta|spd|1\n|\n|-heal|p1a: Meloetta|51/100|[from] item: Leftovers\n|upkeep\n|turn|8\n|inactive|Time left: 300 sec this turn | 300 sec total\n|\n|t:|1783556515\n|move|p2a: Charizard|Earthquake|p1a: Meloetta\n|-damage|p1a: Meloetta|27/100\n|move|p1a: Meloetta|Hyper Voice|p2a: Charizard\n|-damage|p2a: Charizard|0 fnt\n|faint|p2a: Charizard\n|\n|-heal|p1a: Meloetta|33/100|[from] item: Leftovers\n|upkeep\n|inactive|Time left: 300 sec this turn | 300 sec total | 5 sec grace\n|\n|t:|1783556516\n|switch|p2a: Swampert|Swampert, L83, M|302/302\n|turn|9\n|inactive|Time left: 300 sec this turn | 300 sec total\n|\n|t:|1783556517\n|move|p1a: Meloetta|Psyshock|p2a: Swampert\n|-damage|p2a: Swampert|155/302\n|move|p2a: Swampert|Earthquake|p1a: Meloetta\n|-damage|p1a: Meloetta|0 fnt\n|faint|p1a: Meloetta\n|\n|-heal|p2a: Swampert|173/302|[from] item: Leftovers\n|upkeep\n|\n|t:|1783556518\n|switch|p1a: Medicham|Medicham, L86, M|100/100\n|turn|10\n|inactive|Time left: 300 sec this turn | 300 sec total\n|\n|t:|1783556519\n|move|p1a: Medicham|Close Combat|p2a: Swampert\n|-damage|p2a: Swampert|0 fnt\n|-unboost|p1a: Medicham|def|1\n|-unboost|p1a: Medicham|spd|1\n|faint|p2a: Swampert\n|\n|upkeep\n|inactive|Time left: 300 sec this turn | 300 sec total | 5 sec grace\n|\n|t:|1783556520\n|switch|p2a: Noctowl|Noctowl, L95, M|344/344\n|turn|11\n|inactive|Time left: 300 sec this turn | 300 sec total\n|\n|t:|1783556521\n|move|p1a: Medicham|Close Combat|p2a: Noctowl\n|-damage|p2a: Noctowl|91/344\n|-unboost|p1a: Medicham|def|1\n|-unboost|p1a: Medicham|spd|1\n|move|p2a: Noctowl|Hurricane|p1a: Medicham|[miss]\n|-miss|p2a: Noctowl|p1a: Medicham\n|\n|upkeep\n|turn|12\n|inactive|Time left: 300 sec this turn | 300 sec total\n|\n|t:|1783556522\n|move|p1a: Medicham|Close Combat|p2a: Noctowl\n|-damage|p2a: Noctowl|0 fnt\n|-unboost|p1a: Medicham|def|1\n|-unboost|p1a: Medicham|spd|1\n|faint|p2a: Noctowl\n|\n|upkeep\n|inactive|Time left: 300 sec this turn | 300 sec total | 5 sec grace\n|\n|t:|1783556522\n|switch|p2a: Revavroom|Revavroom, L79, M|256/256\n|turn|13\n|inactive|Time left: 300 sec this turn | 300 sec total\n|\n|t:|1783556523\n|-terastallize|p1a: Medicham|Fighting\n|move|p1a: Medicham|Close Combat|p2a: Revavroom\n|-damage|p2a: Revavroom|14/256\n|-unboost|p1a: Medicham|def|1\n|-unboost|p1a: Medicham|spd|1\n|move|p2a: Revavroom|Gunk Shot|p1a: Medicham\n|-damage|p1a: Medicham|0 fnt\n|faint|p1a: Medicham\n|-damage|p2a: Revavroom|0 fnt|[from] item: Life Orb\n|faint|p2a: Revavroom\n|\n|upkeep\n|inactive|Time left: 300 sec this turn | 300 sec total | 5 sec grace\n|\n|t:|1783556524\n|switch|p2a: Pachirisu|Pachirisu, L96, F|161/271\n|switch|p1a: Grafaiai|Grafaiai, L86, M|100/100\n|turn|14\n|inactive|Time left: 300 sec this turn | 300 sec total\n|\n|t:|1783556525\n|move|p1a: Grafaiai|Gunk Shot|p2a: Pachirisu\n|-damage|p2a: Pachirisu|19/271\n|move|p2a: Pachirisu|Nuzzle|p1a: Grafaiai\n|-damage|p1a: Grafaiai|92/100\n|-status|p1a: Grafaiai|par\n|\n|upkeep\n|turn|15\n|inactive|Time left: 300 sec this turn | 300 sec total\n|\n|t:|1783556526\n|move|p2a: Pachirisu|Super Fang|p1a: Grafaiai\n|-damage|p1a: Grafaiai|46/100 par\n|move|p1a: Grafaiai|Knock Off|p2a: Pachirisu\n|-damage|p2a: Pachirisu|0 fnt\n|-enditem|p2a: Pachirisu|Assault Vest|[from] move: Knock Off|[of] p1a: Grafaiai\n|faint|p2a: Pachirisu\n|\n|upkeep\n|inactive|Time left: 300 sec this turn | 300 sec total | 5 sec grace\n|\n|t:|1783556527\n|switch|p2a: Sceptile|Sceptile, L87, F|264/264\n|turn|16\n|inactive|Time left: 300 sec this turn | 300 sec total\n|\n|t:|1783556528\n|move|p1a: Grafaiai|Parting Shot|p2a: Sceptile\n|-unboost|p2a: Sceptile|atk|1\n|-unboost|p2a: Sceptile|spa|1\n|\n|t:|1783556529\n|switch|p1a: Eternatus|Eternatus, L69|100/100|[from] Parting Shot\n|-ability|p1a: Eternatus|Pressure\n|move|p2a: Sceptile|Substitute|p2a: Sceptile\n|-start|p2a: Sceptile|Substitute\n|-damage|p2a: Sceptile|198/264\n|\n|-heal|p2a: Sceptile|214/264|[from] item: Leftovers\n|upkeep\n|turn|17\n|inactive|Time left: 300 sec this turn | 300 sec total\n|\n|t:|1783556530\n|move|p2a: Sceptile|Leech Seed|p1a: Eternatus\n|-start|p1a: Eternatus|move: Leech Seed\n|move|p1a: Eternatus|Meteor Beam||[still]\n|-prepare|p1a: Eternatus|Meteor Beam\n|-boost|p1a: Eternatus|spa|1\n|-enditem|p1a: Eternatus|Power Herb\n|-anim|p1a: Eternatus|Meteor Beam|p2a: Sceptile|[miss]\n|-miss|p1a: Eternatus|p2a: Sceptile\n|\n|-heal|p2a: Sceptile|230/264|[from] item: Leftovers\n|-damage|p1a: Eternatus|88/100|[from] Leech Seed|[of] p2a: Sceptile\n|-heal|p2a: Sceptile|264/264|[silent]\n|upkeep\n|turn|18\n|inactive|Time left: 300 sec this turn | 300 sec total\n|\n|t:|1783556531\n|move|p2a: Sceptile|Giga Drain|p1a: Eternatus\n|-resisted|p1a: Eternatus\n|-damage|p1a: Eternatus|83/100\n|move|p1a: Eternatus|Meteor Beam||[still]\n|-prepare|p1a: Eternatus|Meteor Beam\n|-boost|p1a: Eternatus|spa|1\n|\n|-damage|p1a: Eternatus|70/100|[from] Leech Seed|[of] p2a: Sceptile\n|upkeep\n|turn|19\n|inactive|Time left: 300 sec this turn | 300 sec total\n|\n|t:|1783556532\n|move|p2a: Sceptile|Focus Blast|p1a: Eternatus|[miss]\n|-miss|p2a: Sceptile|p1a: Eternatus\n|move|p1a: Eternatus|Meteor Beam|p2a: Sceptile|[from] lockedmove\n|-end|p2a: Sceptile|Substitute\n|\n|-damage|p1a: Eternatus|58/100|[from] Leech Seed|[of] p2a: Sceptile\n|upkeep\n|turn|20\n|inactive|Time left: 300 sec this turn | 300 sec total\n|\n|t:|1783556533\n|-terastallize|p2a: Sceptile|Steel\n|move|p2a: Sceptile|Substitute|p2a: Sceptile\n|-start|p2a: Sceptile|Substitute\n|-damage|p2a: Sceptile|198/264\n|move|p1a: Eternatus|Fire Blast|p2a: Sceptile\n|-supereffective|p2a: Sceptile\n|-end|p2a: Sceptile|Substitute\n|\n|-heal|p2a: Sceptile|214/264|[from] item: Leftovers\n|-damage|p1a: Eternatus|46/100|[from] Leech Seed|[of] p2a: Sceptile\n|-heal|p2a: Sceptile|252/264|[silent]\n|upkeep\n|turn|21\n|inactive|Time left: 300 sec this turn | 300 sec total\n|\n|t:|1783556534\n|move|p2a: Sceptile|Substitute|p2a: Sceptile\n|-start|p2a: Sceptile|Substitute\n|-damage|p2a: Sceptile|186/264\n|move|p1a: Eternatus|Fire Blast|p2a: Sceptile\n|-supereffective|p2a: Sceptile\n|-end|p2a: Sceptile|Substitute\n|\n|-heal|p2a: Sceptile|202/264|[from] item: Leftovers\n|-damage|p1a: Eternatus|33/100|[from] Leech Seed|[of] p2a: Sceptile\n|-heal|p2a: Sceptile|240/264|[silent]\n|upkeep\n|turn|22\n|inactive|Time left: 300 sec this turn | 300 sec total\n|\n|t:|1783556535\n|move|p2a: Sceptile|Substitute|p2a: Sceptile\n|-start|p2a: Sceptile|Substitute\n|-damage|p2a: Sceptile|174/264\n|move|p1a: Eternatus|Fire Blast|p2a: Sceptile\n|-supereffective|p2a: Sceptile\n|-end|p2a: Sceptile|Substitute\n|\n|-heal|p2a: Sceptile|190/264|[from] item: Leftovers\n|-damage|p1a: Eternatus|21/100|[from] Leech Seed|[of] p2a: Sceptile\n|-heal|p2a: Sceptile|228/264|[silent]\n|upkeep\n|turn|23\n|inactive|Time left: 300 sec this turn | 300 sec total\n|\n|t:|1783556536\n|move|p2a: Sceptile|Substitute|p2a: Sceptile\n|-start|p2a: Sceptile|Substitute\n|-damage|p2a: Sceptile|162/264\n|move|p1a: Eternatus|Fire Blast|p2a: Sceptile\n|-supereffective|p2a: Sceptile\n|-end|p2a: Sceptile|Substitute\n|\n|-heal|p2a: Sceptile|178/264|[from] item: Leftovers\n|-damage|p1a: Eternatus|9/100|[from] Leech Seed|[of] p2a: Sceptile\n|-heal|p2a: Sceptile|216/264|[silent]\n|upkeep\n|turn|24\n|inactive|Time left: 300 sec this turn | 300 sec total\n|\n|t:|1783556538\n|move|p2a: Sceptile|Substitute|p2a: Sceptile\n|-start|p2a: Sceptile|Substitute\n|-damage|p2a: Sceptile|150/264\n|move|p1a: Eternatus|Fire Blast|p2a: Sceptile\n|-supereffective|p2a: Sceptile\n|-end|p2a: Sceptile|Substitute\n|\n|-heal|p2a: Sceptile|166/264|[from] item: Leftovers\n|-damage|p1a: Eternatus|0 fnt|[from] Leech Seed|[of] p2a: Sceptile\n|-heal|p2a: Sceptile|191/264|[silent]\n|faint|p1a: Eternatus\n|upkeep\n|\n|t:|1783556539\n|switch|p1a: Poliwrath|Poliwrath, L88, F|100/100\n|turn|25\n|inactive|Time left: 300 sec this turn | 300 sec total\n|\n|t:|1783556540\n|move|p2a: Sceptile|Substitute|p2a: Sceptile\n|-start|p2a: Sceptile|Substitute\n|-damage|p2a: Sceptile|125/264\n|move|p1a: Poliwrath|Knock Off|p2a: Sceptile\n|-end|p2a: Sceptile|Substitute\n|-damage|p1a: Poliwrath|91/100|[from] item: Life Orb\n|\n|-heal|p2a: Sceptile|141/264|[from] item: Leftovers\n|upkeep\n|turn|26\n|inactive|Time left: 300 sec this turn | 300 sec total\n|\n|t:|1783556541\n|move|p2a: Sceptile|Substitute|p2a: Sceptile\n|-start|p2a: Sceptile|Substitute\n|-damage|p2a: Sceptile|75/264\n|move|p1a: Poliwrath|Rain Dance|p1a: Poliwrath\n|-weather|RainDance\n|\n|-weather|RainDance|[upkeep]\n|-heal|p2a: Sceptile|91/264|[from] item: Leftovers\n|upkeep\n|turn|27\n|inactive|Time left: 300 sec this turn | 300 sec total\n|\n|t:|1783556541\n|move|p1a: Poliwrath|Knock Off|p2a: Sceptile\n|-end|p2a: Sceptile|Substitute\n|-damage|p1a: Poliwrath|81/100|[from] item: Life Orb\n|move|p2a: Sceptile|Substitute|p2a: Sceptile\n|-start|p2a: Sceptile|Substitute\n|-damage|p2a: Sceptile|25/264\n|\n|-weather|RainDance|[upkeep]\n|-heal|p2a: Sceptile|41/264|[from] item: Leftovers\n|upkeep\n|turn|28\n|inactive|Time left: 300 sec this turn | 300 sec total\n|\n|t:|1783556542\n|move|p1a: Poliwrath|Knock Off|p2a: Sceptile\n|-crit|p2a: Sceptile\n|-end|p2a: Sceptile|Substitute\n|-damage|p1a: Poliwrath|71/100|[from] item: Life Orb\n|move|p2a: Sceptile|Giga Drain|p1a: Poliwrath\n|-supereffective|p1a: Poliwrath\n|-damage|p1a: Poliwrath|17/100\n|-heal|p2a: Sceptile|122/264|[from] drain|[of] p1a: Poliwrath\n|\n|-weather|RainDance|[upkeep]\n|-heal|p2a: Sceptile|138/264|[from] item: Leftovers\n|upkeep\n|turn|29\n|inactive|Time left: 300 sec this turn | 300 sec total\n|\n|t:|1783556543\n|move|p1a: Poliwrath|Close Combat|p2a: Sceptile\n|-supereffective|p2a: Sceptile\n|-damage|p2a: Sceptile|0 fnt\n|-unboost|p1a: Poliwrath|def|1\n|-unboost|p1a: Poliwrath|spd|1\n|faint|p2a: Sceptile\n|-damage|p1a: Poliwrath|7/100|[from] item: Life Orb\n|\n|win|p0x14179036", "uploadtime": 1783556543, "views": 0, "rating": 0, "private": 0, "password": null, "_winner": "p0x14179036", "_our_name": "p0y14172579"}