{"id": "battle-gen9randombattle-1042", "formatid": "gen9randombattle", "format": "[Gen 9] Random Battle", "players": ["p0x1042d0bd", "p0y10422351"], "log": "|init|battle\n|title|p0x1042d0bd vs. p0y10422351\n|j|\u2606p0x1042d0bd\n|j|\u2606p0y10422351\n|t:|1783551994\n|gametype|singles\n|player|p1|p0x1042d0bd|169|\n|player|p2|p0y10422351|101|\n|gen|9\n|tier|[Gen 9] Random Battle\n|rule|Species Clause: Limit one of each Pok\u00e9mon\n|rule|HP Percentage Mod: HP is shown in percentages\n|rule|Sleep Clause Mod: Limit one foe put to sleep\n|rule|Illusion Level Mod: Illusion disguises the Pok\u00e9mon's true level\n|\n|t:|1783551994\n|teamsize|p1|6\n|teamsize|p2|6\n|start\n|switch|p1a: Gothitelle|Gothitelle, L90, M|100/100\n|switch|p2a: Regigigas|Regigigas, L84|322/322\n|-start|p2a: Regigigas|ability: Slow Start\n|turn|1\n|inactive|Battle timer is ON: inactive players will automatically lose when time's up. (requested by p0y10422351)\n|inactive|p0x1042d0bd also wants the timer to be on.\n|\n|t:|1783551995\n|move|p1a: Gothitelle|Calm Mind|p1a: Gothitelle\n|-boost|p1a: Gothitelle|spa|1\n|-boost|p1a: Gothitelle|spd|1\n|move|p2a: Regigigas|Knock Off|p1a: Gothitelle\n|-supereffective|p1a: Gothitelle\n|-damage|p1a: Gothitelle|64/100\n|-enditem|p1a: Gothitelle|Leftovers|[from] move: Knock Off|[of] p2a: Regigigas\n|\n|upkeep\n|turn|2\n|inactive|Time left: 300 sec this turn | 300 sec total\n|\n|t:|1783551996\n|move|p1a: Gothitelle|Focus Blast|p2a: Regigigas\n|-supereffective|p2a: Regigigas\n|-damage|p2a: Regigigas|72/322\n|move|p2a: Regigigas|Body Slam|p1a: Gothitelle\n|-damage|p1a: Gothitelle|39/100\n|\n|-heal|p2a: Regigigas|92/322|[from] item: Leftovers\n|upkeep\n|turn|3\n|inactive|Time left: 300 sec this turn | 300 sec total\n|\n|t:|1783551996\n|move|p1a: Gothitelle|Psychic Noise|p2a: Regigigas\n|-damage|p2a: Regigigas|0 fnt\n|faint|p2a: Regigigas\n|-end|p2a: Regigigas|Slow Start|[silent]\n|\n|upkeep\n|inactive|Time left: 300 sec this turn | 300 sec total | 5 sec grace\n|\n|t:|1783551997\n|switch|p2a: Rotom|Rotom-Wash, L82|216/216\n|turn|4\n|inactive|Time left: 300 sec this turn | 300 sec total\n|\n|t:|1783551998\n|move|p2a: Rotom|Nasty Plot|p2a: Rotom\n|-boost|p2a: Rotom|spa|2\n|move|p1a: Gothitelle|Psychic Noise|p2a: Rotom\n|-damage|p2a: Rotom|93/216\n|-start|p2a: Rotom|move: Heal Block\n|\n|upkeep\n|turn|5\n|inactive|Time left: 300 sec this turn | 300 sec total\n|\n|t:|1783551999\n|move|p2a: Rotom|Hydro Pump|p1a: Gothitelle|[miss]\n|-miss|p2a: Rotom|p1a: Gothitelle\n|move|p1a: Gothitelle|Psychic Noise|p2a: Rotom\n|-damage|p2a: Rotom|0 fnt\n|faint|p2a: Rotom\n|\n|upkeep\n|inactive|Time left: 300 sec this turn | 300 sec total | 5 sec grace\n|\n|t:|1783552000\n|switch|p2a: Blaziken|Blaziken, L76, F|247/247\n|turn|6\n|inactive|Time left: 300 sec this turn | 300 sec total\n|\n|t:|1783552001\n|move|p2a: Blaziken|Protect|p2a: Blaziken\n|-singleturn|p2a: Blaziken|Protect\n|move|p1a: Gothitelle|Psychic Noise|p2a: Blaziken\n|-activate|p2a: Blaziken|move: Protect\n|\n|-ability|p2a: Blaziken|Speed Boost|boost\n|-boost|p2a: Blaziken|spe|1\n|upkeep\n|turn|7\n|inactive|Time left: 300 sec this turn | 300 sec total\n|\n|t:|1783552002\n|move|p2a: Blaziken|Flare Blitz|p1a: Gothitelle\n|-damage|p1a: Gothitelle|0 fnt\n|faint|p1a: Gothitelle\n|-damage|p2a: Blaziken|212/247|[from] Recoil\n|-damage|p2a: Blaziken|188/247|[from] item: Life Orb\n|\n|-ability|p2a: Blaziken|Speed Boost|boost\n|-boost|p2a: Blaziken|spe|1\n|upkeep\n|\n|t:|1783552003\n|switch|p1a: Meloetta|Meloetta, L82|100/100\n|turn|8\n|inactive|Time left: 300 sec this turn | 300 sec total\n|\n|t:|1783552003\n|move|p2a: Blaziken|Protect|p2a: Blaziken\n|-singleturn|p2a: Blaziken|Protect\n|move|p1a: Meloetta|Psyshock|p2a: Blaziken\n|-activate|p2a: Blaziken|move: Protect\n|\n|-ability|p2a: Blaziken|Speed Boost|boost\n|-boost|p2a: Blaziken|spe|1\n|upkeep\n|turn|9\n|inactive|Time left: 300 sec this turn | 300 sec total\n|\n|t:|1783552004\n|switch|p2a: Oranguru|Oranguru, L92, M|315/315\n|move|p1a: Meloetta|Psyshock|p2a: Oranguru\n|-resisted|p2a: Oranguru\n|-damage|p2a: Oranguru|265/315\n|\n|-heal|p2a: Oranguru|284/315|[from] item: Leftovers\n|upkeep\n|turn|10\n|inactive|Time left: 300 sec this turn | 300 sec total\n|\n|t:|1783552006\n|move|p1a: Meloetta|Calm Mind|p1a: Meloetta\n|-boost|p1a: Meloetta|spa|1\n|-boost|p1a: Meloetta|spd|1\n|move|p2a: Oranguru|Nasty Plot|p2a: Oranguru\n|-boost|p2a: Oranguru|spa|2\n|\n|-heal|p2a: Oranguru|303/315|[from] item: Leftovers\n|upkeep\n|turn|11\n|inactive|Time left: 300 sec this turn | 300 sec total\n|\n|t:|1783552007\n|move|p1a: Meloetta|Calm Mind|p1a: Meloetta\n|-boost|p1a: Meloetta|spa|1\n|-boost|p1a: Meloetta|spd|1\n|move|p2a: Oranguru|Focus Blast|p1a: Meloetta\n|-damage|p1a: Meloetta|76/100\n|\n|-heal|p1a: Meloetta|82/100|[from] item: Leftovers\n|-heal|p2a: Oranguru|315/315|[from] item: Leftovers\n|upkeep\n|turn|12\n|inactive|Time left: 300 sec this turn | 300 sec total\n|\n|t:|1783552008\n|move|p1a: Meloetta|Hyper Voice|p2a: Oranguru\n|-damage|p2a: Oranguru|132/315\n|move|p2a: Oranguru|Focus Blast|p1a: Meloetta\n|-damage|p1a: Meloetta|58/100\n|\n|-heal|p1a: Meloetta|64/100|[from] item: Leftovers\n|-heal|p2a: Oranguru|151/315|[from] item: Leftovers\n|upkeep\n|turn|13\n|inactive|Time left: 300 sec this turn | 300 sec total\n|\n|t:|1783552009\n|move|p1a: Meloetta|Hyper Voice|p2a: Oranguru\n|-damage|p2a: Oranguru|0 fnt\n|faint|p2a: Oranguru\n|\n|-heal|p1a: Meloetta|70/100|[from] item: Leftovers\n|upkeep\n|inactive|Time left: 300 sec this turn | 300 sec total | 5 sec grace\n|\n|t:|1783552010\n|switch|p2a: Crabominable|Crabominable, L90, M|321/321\n|turn|14\n|inactive|Time left: 300 sec this turn | 300 sec total\n|\n|t:|1783552011\n|-terastallize|p2a: Crabominable|Ground\n|move|p1a: Meloetta|Psyshock|p2a: Crabominable\n|-damage|p2a: Crabominable|123/321\n|move|p2a: Crabominable|Knock Off|p1a: Meloetta\n|-supereffective|p1a: Meloetta\n|-damage|p1a: Meloetta|0 fnt\n|-enditem|p1a: Meloetta|Leftovers|[from] move: Knock Off|[of] p2a: Crabominable\n|faint|p1a: Meloetta\n|\n|upkeep\n|\n|t:|1783552012\n|switch|p1a: Lapras|Lapras, L87, M|100/100\n|turn|15\n|inactive|Time left: 300 sec this turn | 300 sec total\n|\n|t:|1783552013\n|move|p1a: Lapras|Sparkling Aria|p2a: Crabominable\n|-supereffective|p2a: Crabominable\n|-damage|p2a: Crabominable|0 fnt\n|faint|p2a: Crabominable\n|\n|upkeep\n|inactive|Time left: 300 sec this turn | 300 sec total | 5 sec grace\n|\n|t:|1783552014\n|switch|p2a: Sudowoodo|Sudowoodo, L94, F|284/284\n|turn|16\n|inactive|Time left: 300 sec this turn | 300 sec total\n|\n|t:|1783552016\n|move|p1a: Lapras|Sparkling Aria|p2a: Sudowoodo\n|-supereffective|p2a: Sudowoodo\n|-damage|p2a: Sudowoodo|0 fnt\n|faint|p2a: Sudowoodo\n|\n|upkeep\n|inactive|Time left: 300 sec this turn | 300 sec total | 5 sec grace\n|\n|t:|1783552016\n|switch|p2a: Blaziken|Blaziken, L76, F|188/247\n|turn|17\n|inactive|Time left: 300 sec this turn | 300 sec total\n|\n|t:|1783552017\n|-terastallize|p1a: Lapras|Ice\n|move|p2a: Blaziken|Protect|p2a: Blaziken\n|-singleturn|p2a: Blaziken|Protect\n|move|p1a: Lapras|Sparkling Aria|p2a: Blaziken\n|-activate|p2a: Blaziken|move: Protect\n|\n|-ability|p2a: Blaziken|Speed Boost|boost\n|-boost|p2a: Blaziken|spe|1\n|upkeep\n|turn|18\n|inactive|Time left: 300 sec this turn | 300 sec total\n|\n|t:|1783552018\n|move|p2a: Blaziken|Close Combat|p1a: Lapras\n|-supereffective|p1a: Lapras\n|-damage|p1a: Lapras|17/100\n|-unboost|p2a: Blaziken|def|1\n|-unboost|p2a: Blaziken|spd|1\n|-damage|p2a: Blaziken|164/247|[from] item: Life Orb\n|move|p1a: Lapras|Sparkling Aria|p2a: Blaziken\n|-supereffective|p2a: Blaziken\n|-damage|p2a: Blaziken|0 fnt\n|faint|p2a: Blaziken\n|\n|win|p0x1042d0bd", "uploadtime": 1783552018, "views": 0, "rating": 0, "private": 0, "password": null, "_winner": "p0x1042d0bd", "_our_name": "p0y10422351"}