{"id": "battle-gen9randombattle-4", "formatid": "gen9randombattle", "format": "[Gen 9] Random Battle", "players": ["p0x0012f6d", "p0y0015df2"], "log": "|init|battle\n|title|p0x0012f6d vs. p0y0015df2\n|j|\u2606p0x0012f6d\n|j|\u2606p0y0015df2\n|t:|1783539190\n|gametype|singles\n|player|p1|p0x0012f6d|169|\n|player|p2|p0y0015df2|2|\n|gen|9\n|tier|[Gen 9] Random Battle\n|rule|Species Clause: Limit one of each Pok\u00e9mon\n|rule|HP Percentage Mod: HP is shown in percentages\n|rule|Sleep Clause Mod: Limit one foe put to sleep\n|rule|Illusion Level Mod: Illusion disguises the Pok\u00e9mon's true level\n|\n|t:|1783539190\n|teamsize|p1|6\n|teamsize|p2|6\n|start\n|switch|p1a: Chansey|Chansey, L85, F|100/100\n|switch|p2a: Typhlosion|Typhlosion-Hisui, L83, M|257/257\n|turn|1\n|inactive|Battle timer is ON: inactive players will automatically lose when time's up. (requested by p0x0012f6d)\n|inactive|Time left: 300 sec this turn | 300 sec total | 60 sec grace\n|inactive|p0y0015df2 also wants the timer to be on.\n|\n|t:|1783539191\n|switch|p1a: Conkeldurr|Conkeldurr, L80, M|100/100\n|move|p2a: Typhlosion|Calm Mind|p2a: Typhlosion\n|-boost|p2a: Typhlosion|spa|1\n|-boost|p2a: Typhlosion|spd|1\n|\n|-status|p1a: Conkeldurr|brn|[from] item: Flame Orb\n|upkeep\n|turn|2\n|inactive|Time left: 300 sec this turn | 300 sec total\n|\n|t:|1783539193\n|move|p2a: Typhlosion|Substitute|p2a: Typhlosion\n|-start|p2a: Typhlosion|Substitute\n|-damage|p2a: Typhlosion|193/257\n|move|p1a: Conkeldurr|Knock Off|p2a: Typhlosion\n|-supereffective|p2a: Typhlosion\n|-end|p2a: Typhlosion|Substitute\n|\n|-heal|p2a: Typhlosion|209/257|[from] item: Leftovers\n|-damage|p1a: Conkeldurr|94/100 brn|[from] brn\n|upkeep\n|turn|3\n|inactive|Time left: 300 sec this turn | 300 sec total\n|\n|t:|1783539194\n|move|p2a: Typhlosion|Fire Blast|p1a: Conkeldurr\n|-damage|p1a: Conkeldurr|6/100 brn\n|move|p1a: Conkeldurr|Knock Off|p2a: Typhlosion\n|-supereffective|p2a: Typhlosion\n|-damage|p2a: Typhlosion|0 fnt\n|-enditem|p2a: Typhlosion|Leftovers|[from] move: Knock Off|[of] p1a: Conkeldurr\n|faint|p2a: Typhlosion\n|\n|-damage|p1a: Conkeldurr|0 fnt|[from] brn\n|faint|p1a: Conkeldurr\n|upkeep\n|inactive|Time left: 300 sec this turn | 300 sec total | 5 sec grace\n|\n|t:|1783539195\n|switch|p2a: Dragonite|Dragonite, L74, F|257/257\n|switch|p1a: Lilligant|Lilligant, L86, F|100/100\n|turn|4\n|inactive|Time left: 300 sec this turn | 300 sec total\n|\n|t:|1783539196\n|move|p1a: Lilligant|Sleep Powder|p2a: Dragonite|[miss]\n|-miss|p1a: Lilligant|p2a: Dragonite\n|move|p2a: Dragonite|Outrage|p1a: Lilligant\n|-damage|p1a: Lilligant|43/100\n|\n|upkeep\n|turn|5\n|inactive|Time left: 300 sec this turn | 300 sec total\n|\n|t:|1783539197\n|-terastallize|p1a: Lilligant|Fairy\n|move|p1a: Lilligant|Quiver Dance|p1a: Lilligant\n|-boost|p1a: Lilligant|spa|1\n|-boost|p1a: Lilligant|spd|1\n|-boost|p1a: Lilligant|spe|1\n|move|p2a: Dragonite|Outrage|p1a: Lilligant|[from] lockedmove\n|-immune|p1a: Lilligant\n|-start|p2a: Dragonite|confusion|[fatigue]\n|\n|upkeep\n|turn|6\n|inactive|Time left: 300 sec this turn | 300 sec total\n|\n|t:|1783539198\n|move|p1a: Lilligant|Sleep Powder|p2a: Dragonite\n|-status|p2a: Dragonite|slp|[from] move: Sleep Powder\n|cant|p2a: Dragonite|slp\n|\n|upkeep\n|turn|7\n|inactive|Time left: 300 sec this turn | 300 sec total\n|\n|t:|1783539199\n|switch|p2a: Munkidori|Munkidori, L79, M|269/269\n|move|p1a: Lilligant|Petal Dance|p2a: Munkidori\n|-resisted|p2a: Munkidori\n|-damage|p2a: Munkidori|173/269\n|-damage|p1a: Lilligant|33/100|[from] item: Life Orb\n|\n|upkeep\n|turn|8\n|inactive|Time left: 300 sec this turn | 300 sec total\n|\n|t:|1783539201\n|move|p1a: Lilligant|Petal Dance|p2a: Munkidori|[from] lockedmove\n|-resisted|p2a: Munkidori\n|-damage|p2a: Munkidori|72/269\n|-damage|p1a: Lilligant|23/100|[from] item: Life Orb\n|move|p2a: Munkidori|Sludge Wave|p1a: Lilligant\n|-supereffective|p1a: Lilligant\n|-damage|p1a: Lilligant|0 fnt\n|faint|p1a: Lilligant\n|\n|upkeep\n|\n|t:|1783539202\n|switch|p1a: Indeedee|Indeedee-F, L90, F|100/100\n|-fieldstart|move: Psychic Terrain|[from] ability: Psychic Surge|[of] p1a: Indeedee\n|turn|9\n|inactive|Time left: 300 sec this turn | 300 sec total\n|\n|t:|1783539203\n|move|p1a: Indeedee|Psychic|p2a: Munkidori\n|-damage|p2a: Munkidori|0 fnt\n|faint|p2a: Munkidori\n|\n|upkeep\n|inactive|Time left: 300 sec this turn | 300 sec total | 5 sec grace\n|\n|t:|1783539204\n|switch|p2a: Dragonite|Dragonite, L74, F|257/257 slp\n|turn|10\n|inactive|Time left: 300 sec this turn | 300 sec total\n|\n|t:|1783539205\n|move|p1a: Indeedee|Psychic|p2a: Dragonite\n|-damage|p2a: Dragonite|184/257 slp\n|cant|p2a: Dragonite|slp\n|\n|upkeep\n|turn|11\n|inactive|Time left: 300 sec this turn | 300 sec total\n|\n|t:|1783539206\n|move|p1a: Indeedee|Psychic|p2a: Dragonite\n|-damage|p2a: Dragonite|31/257 slp\n|-unboost|p2a: Dragonite|spd|1\n|-curestatus|p2a: Dragonite|slp|[msg]\n|move|p2a: Dragonite|Outrage|p1a: Indeedee\n|-damage|p1a: Indeedee|43/100\n|\n|upkeep\n|turn|12\n|inactive|Time left: 300 sec this turn | 300 sec total\n|\n|t:|1783539207\n|move|p1a: Indeedee|Psychic|p2a: Dragonite\n|-damage|p2a: Dragonite|0 fnt\n|faint|p2a: Dragonite\n|\n|upkeep\n|inactive|Time left: 300 sec this turn | 300 sec total | 5 sec grace\n|\n|t:|1783539209\n|switch|p2a: Illumise|Illumise, L91, F|266/266\n|turn|13\n|inactive|Time left: 300 sec this turn | 300 sec total\n|\n|t:|1783539210\n|move|p1a: Indeedee|Psychic|p2a: Illumise\n|-damage|p2a: Illumise|139/266\n|move|p2a: Illumise|Bug Buzz|p1a: Indeedee\n|-supereffective|p1a: Indeedee\n|-crit|p1a: Indeedee\n|-damage|p1a: Indeedee|0 fnt\n|faint|p1a: Indeedee\n|\n|-fieldend|move: Psychic Terrain\n|upkeep\n|\n|t:|1783539211\n|switch|p1a: Kleavor|Kleavor, L78, M|100/100\n|turn|14\n|inactive|Time left: 300 sec this turn | 300 sec total\n|\n|t:|1783539212\n|switch|p2a: Passimian|Passimian, L83, F|302/302\n|move|p1a: Kleavor|Stone Axe|p2a: Passimian|[miss]\n|-miss|p1a: Kleavor|p2a: Passimian\n|\n|upkeep\n|turn|15\n|inactive|Time left: 300 sec this turn | 300 sec total\n|\n|t:|1783539213\n|-terastallize|p2a: Passimian|Fighting\n|move|p2a: Passimian|Close Combat|p1a: Kleavor\n|-damage|p1a: Kleavor|0 fnt\n|-unboost|p2a: Passimian|def|1\n|-unboost|p2a: Passimian|spd|1\n|faint|p1a: Kleavor\n|\n|upkeep\n|\n|t:|1783539214\n|switch|p1a: Lycanroc|Lycanroc-Dusk, L81, F|100/100\n|turn|16\n|inactive|Time left: 300 sec this turn | 300 sec total\n|\n|t:|1783539215\n|move|p1a: Lycanroc|Psychic Fangs|p2a: Passimian\n|-supereffective|p2a: Passimian\n|-damage|p2a: Passimian|0 fnt\n|faint|p2a: Passimian\n|-damage|p1a: Lycanroc|91/100|[from] item: Life Orb\n|\n|upkeep\n|inactive|Time left: 300 sec this turn | 300 sec total | 5 sec grace\n|\n|t:|1783539216\n|switch|p2a: Illumise|Illumise, L91, F|139/266\n|turn|17\n|inactive|Time left: 300 sec this turn | 300 sec total\n|\n|t:|1783539217\n|move|p2a: Illumise|Thunder Wave|p1a: Lycanroc\n|-status|p1a: Lycanroc|par\n|cant|p1a: Lycanroc|par\n|\n|upkeep\n|turn|18\n|inactive|Time left: 300 sec this turn | 300 sec total\n|\n|t:|1783539218\n|move|p2a: Illumise|Bug Buzz|p1a: Lycanroc\n|-damage|p1a: Lycanroc|44/100 par\n|-unboost|p1a: Lycanroc|spd|1\n|move|p1a: Lycanroc|Psychic Fangs|p2a: Illumise\n|-damage|p2a: Illumise|25/266\n|-damage|p1a: Lycanroc|34/100 par|[from] item: Life Orb\n|\n|upkeep\n|turn|19\n|inactive|Time left: 300 sec this turn | 300 sec total\n|\n|t:|1783539219\n|switch|p1a: Chansey|Chansey, L85, F|100/100\n|move|p2a: Illumise|Bug Buzz|p1a: Chansey\n|-damage|p1a: Chansey|91/100\n|\n|upkeep\n|turn|20\n|inactive|Time left: 300 sec this turn | 300 sec total\n|\n|t:|1783539220\n|move|p2a: Illumise|Roost|p2a: Illumise\n|-heal|p2a: Illumise|158/266\n|-singleturn|p2a: Illumise|move: Roost\n|move|p1a: Chansey|Thunder Wave|p2a: Illumise\n|-status|p2a: Illumise|par\n|\n|upkeep\n|turn|21\n|inactive|Time left: 300 sec this turn | 300 sec total\n|\n|t:|1783539221\n|switch|p2a: Gengar|Gengar, L81, F|230/230\n|move|p1a: Chansey|Seismic Toss|p2a: Gengar\n|-immune|p2a: Gengar\n|\n|upkeep\n|turn|22\n|inactive|Time left: 300 sec this turn | 300 sec total\n|\n|t:|1783539222\n|move|p2a: Gengar|Nasty Plot|p2a: Gengar\n|-boost|p2a: Gengar|spa|2\n|move|p1a: Chansey|Thunder Wave|p2a: Gengar\n|-status|p2a: Gengar|par\n|\n|upkeep\n|turn|23\n|inactive|Time left: 300 sec this turn | 300 sec total\n|\n|t:|1783539224\n|move|p1a: Chansey|Heal Bell|p1a: Chansey\n|-activate|p1a: Chansey|move: Heal Bell\n|-curestatus|p1: Lycanroc|par|[msg]\n|move|p2a: Gengar|Nasty Plot|p2a: Gengar\n|-boost|p2a: Gengar|spa|2\n|\n|upkeep\n|turn|24\n|inactive|Time left: 300 sec this turn | 300 sec total\n|\n|t:|1783539225\n|move|p1a: Chansey|Soft-Boiled|p1a: Chansey\n|-heal|p1a: Chansey|100/100\n|cant|p2a: Gengar|par\n|\n|upkeep\n|turn|25\n|inactive|Time left: 300 sec this turn | 300 sec total\n|\n|t:|1783539226\n|switch|p1a: Lycanroc|Lycanroc-Dusk, L81, F|34/100\n|move|p2a: Gengar|Focus Blast|p1a: Lycanroc\n|-supereffective|p1a: Lycanroc\n|-damage|p1a: Lycanroc|0 fnt\n|faint|p1a: Lycanroc\n|-damage|p2a: Gengar|207/230 par|[from] item: Life Orb\n|\n|upkeep\n|\n|t:|1783539227\n|switch|p1a: Chansey|Chansey, L85, F|100/100\n|turn|26\n|inactive|Time left: 300 sec this turn | 300 sec total\n|\n|t:|1783539228\n|move|p1a: Chansey|Soft-Boiled||[still]\n|-fail|p1a: Chansey|heal\n|move|p2a: Gengar|Focus Blast|p1a: Chansey\n|-supereffective|p1a: Chansey\n|-damage|p1a: Chansey|21/100\n|-damage|p2a: Gengar|184/230 par|[from] item: Life Orb\n|\n|upkeep\n|turn|27\n|inactive|Time left: 300 sec this turn | 300 sec total\n|\n|t:|1783539229\n|move|p1a: Chansey|Soft-Boiled|p1a: Chansey\n|-heal|p1a: Chansey|71/100\n|move|p2a: Gengar|Focus Blast|p1a: Chansey\n|-supereffective|p1a: Chansey\n|-damage|p1a: Chansey|0 fnt\n|faint|p1a: Chansey\n|-damage|p2a: Gengar|161/230 par|[from] item: Life Orb\n|\n|win|p0y0015df2", "uploadtime": 1783539229, "views": 0, "rating": 0, "private": 0, "password": null, "_winner": "p0y0015df2", "_our_name": "p0y0015df2"}