{"id": "battle-gen9randombattle-174", "formatid": "gen9randombattle", "format": "[Gen 9] Random Battle", "players": ["p0x174668b", "p0y1742716"], "log": "|init|battle\n|title|p0x174668b vs. p0y1742716\n|j|\u2606p0x174668b\n|j|\u2606p0y1742716\n|t:|1783535774\n|gametype|singles\n|player|p1|p0x174668b|169|\n|player|p2|p0y1742716|1|\n|gen|9\n|tier|[Gen 9] Random Battle\n|rule|Species Clause: Limit one of each Pok\u00e9mon\n|rule|HP Percentage Mod: HP is shown in percentages\n|rule|Sleep Clause Mod: Limit one foe put to sleep\n|rule|Illusion Level Mod: Illusion disguises the Pok\u00e9mon's true level\n|\n|t:|1783535774\n|teamsize|p1|6\n|teamsize|p2|6\n|start\n|switch|p1a: Dipplin|Dipplin, L88, F|100/100\n|switch|p2a: Snorlax|Snorlax, L82, F|397/397\n|turn|1\n|inactive|Battle timer is ON: inactive players will automatically lose when time's up. (requested by p0x174668b)\n|inactive|Time left: 300 sec this turn | 300 sec total | 60 sec grace\n|inactive|p0y1742716 also wants the timer to be on.\n|\n|t:|1783535776\n|move|p2a: Snorlax|Curse|p2a: Snorlax\n|-unboost|p2a: Snorlax|spe|1\n|-boost|p2a: Snorlax|atk|1\n|-boost|p2a: Snorlax|def|1\n|move|p1a: Dipplin|Dragon Tail|p2a: Snorlax\n|-crit|p2a: Snorlax\n|-damage|p2a: Snorlax|288/397\n|drag|p2a: Qwilfish|Qwilfish, L86, M|252/252\n|-ability|p2a: Qwilfish|Intimidate|boost\n|-unboost|p1a: Dipplin|atk|1\n|\n|upkeep\n|turn|2\n|inactive|Time left: 300 sec this turn | 300 sec total\n|\n|t:|1783535778\n|switch|p2a: Snorlax|Snorlax, L82, F|288/397\n|move|p1a: Dipplin|Giga Drain|p2a: Snorlax\n|-damage|p2a: Snorlax|216/397\n|\n|-heal|p2a: Snorlax|240/397|[from] item: Leftovers\n|upkeep\n|turn|3\n|inactive|Time left: 300 sec this turn | 300 sec total\n|\n|t:|1783535779\n|move|p1a: Dipplin|Dragon Pulse|p2a: Snorlax\n|-damage|p2a: Snorlax|156/397\n|move|p2a: Snorlax|Body Slam|p1a: Dipplin\n|-damage|p1a: Dipplin|83/100\n|\n|-heal|p2a: Snorlax|180/397|[from] item: Leftovers\n|upkeep\n|turn|4\n|inactive|Time left: 300 sec this turn | 300 sec total\n|\n|t:|1783535780\n|move|p1a: Dipplin|Giga Drain|p2a: Snorlax\n|-damage|p2a: Snorlax|102/397\n|-heal|p1a: Dipplin|96/100|[from] drain|[of] p2a: Snorlax\n|move|p2a: Snorlax|Body Slam|p1a: Dipplin\n|-damage|p1a: Dipplin|77/100\n|-status|p1a: Dipplin|par\n|\n|-heal|p2a: Snorlax|126/397|[from] item: Leftovers\n|upkeep\n|turn|5\n|inactive|Time left: 300 sec this turn | 300 sec total\n|\n|t:|1783535781\n|move|p2a: Snorlax|Rest|p2a: Snorlax\n|-status|p2a: Snorlax|slp|[from] move: Rest\n|-heal|p2a: Snorlax|397/397 slp|[silent]\n|move|p1a: Dipplin|Giga Drain|p2a: Snorlax\n|-damage|p2a: Snorlax|328/397 slp\n|-heal|p1a: Dipplin|90/100 par|[from] drain|[of] p2a: Snorlax\n|\n|-heal|p2a: Snorlax|352/397 slp|[from] item: Leftovers\n|upkeep\n|turn|6\n|inactive|Time left: 300 sec this turn | 300 sec total\n|\n|t:|1783535782\n|switch|p1a: Gouging Fire|Gouging Fire, L74|100/100\n|cant|p2a: Snorlax|slp\n|move|p2a: Snorlax|Sleep Talk|p2a: Snorlax\n|move|p2a: Snorlax|Rest||[from] move: Sleep Talk|[still]\n|-fail|p2a: Snorlax\n|\n|-heal|p2a: Snorlax|376/397 slp|[from] item: Leftovers\n|upkeep\n|turn|7\n|inactive|Time left: 300 sec this turn | 300 sec total\n|\n|t:|1783535783\n|move|p1a: Gouging Fire|Dragon Dance|p1a: Gouging Fire\n|-boost|p1a: Gouging Fire|atk|1\n|-boost|p1a: Gouging Fire|spe|1\n|cant|p2a: Snorlax|slp\n|move|p2a: Snorlax|Sleep Talk|p2a: Snorlax\n|move|p2a: Snorlax|Curse|p2a: Snorlax|[from] move: Sleep Talk\n|-unboost|p2a: Snorlax|spe|1\n|-boost|p2a: Snorlax|atk|1\n|-boost|p2a: Snorlax|def|1\n|\n|-heal|p2a: Snorlax|397/397 slp|[from] item: Leftovers\n|upkeep\n|turn|8\n|inactive|Time left: 300 sec this turn | 300 sec total\n|\n|t:|1783535784\n|move|p1a: Gouging Fire|Dragon Dance|p1a: Gouging Fire\n|-boost|p1a: Gouging Fire|atk|1\n|-boost|p1a: Gouging Fire|spe|1\n|-curestatus|p2a: Snorlax|slp|[msg]\n|move|p2a: Snorlax|Body Slam|p1a: Gouging Fire\n|-damage|p1a: Gouging Fire|57/100\n|\n|upkeep\n|turn|9\n|inactive|Time left: 300 sec this turn | 300 sec total\n|\n|t:|1783535785\n|move|p1a: Gouging Fire|Morning Sun|p1a: Gouging Fire\n|-heal|p1a: Gouging Fire|100/100\n|move|p2a: Snorlax|Body Slam|p1a: Gouging Fire\n|-damage|p1a: Gouging Fire|57/100\n|\n|upkeep\n|turn|10\n|inactive|Time left: 300 sec this turn | 300 sec total\n|\n|t:|1783535786\n|move|p1a: Gouging Fire|Morning Sun|p1a: Gouging Fire\n|-heal|p1a: Gouging Fire|100/100\n|move|p2a: Snorlax|Body Slam|p1a: Gouging Fire\n|-damage|p1a: Gouging Fire|55/100\n|-status|p1a: Gouging Fire|par\n|\n|upkeep\n|turn|11\n|inactive|Time left: 300 sec this turn | 300 sec total\n|\n|t:|1783535787\n|move|p1a: Gouging Fire|Morning Sun|p1a: Gouging Fire\n|-heal|p1a: Gouging Fire|100/100 par\n|move|p2a: Snorlax|Body Slam|p1a: Gouging Fire\n|-damage|p1a: Gouging Fire|53/100 par\n|\n|upkeep\n|turn|12\n|inactive|Time left: 300 sec this turn | 300 sec total\n|\n|t:|1783535788\n|cant|p1a: Gouging Fire|par\n|move|p2a: Snorlax|Body Slam|p1a: Gouging Fire\n|-damage|p1a: Gouging Fire|4/100 par\n|\n|upkeep\n|turn|13\n|inactive|Time left: 300 sec this turn | 300 sec total\n|\n|t:|1783535789\n|move|p1a: Gouging Fire|Morning Sun|p1a: Gouging Fire\n|-heal|p1a: Gouging Fire|54/100 par\n|move|p2a: Snorlax|Body Slam|p1a: Gouging Fire\n|-damage|p1a: Gouging Fire|7/100 par\n|\n|upkeep\n|turn|14\n|inactive|Time left: 300 sec this turn | 300 sec total\n|\n|t:|1783535790\n|move|p1a: Gouging Fire|Morning Sun|p1a: Gouging Fire\n|-heal|p1a: Gouging Fire|56/100 par\n|move|p2a: Snorlax|Body Slam|p1a: Gouging Fire\n|-damage|p1a: Gouging Fire|11/100 par\n|\n|upkeep\n|turn|15\n|inactive|Time left: 300 sec this turn | 300 sec total\n|\n|t:|1783535791\n|move|p1a: Gouging Fire|Morning Sun|p1a: Gouging Fire\n|-heal|p1a: Gouging Fire|60/100 par\n|move|p2a: Snorlax|Body Slam|p1a: Gouging Fire\n|-damage|p1a: Gouging Fire|12/100 par\n|\n|upkeep\n|turn|16\n|inactive|Time left: 300 sec this turn | 300 sec total\n|\n|t:|1783535792\n|move|p1a: Gouging Fire|Morning Sun|p1a: Gouging Fire\n|-heal|p1a: Gouging Fire|62/100 par\n|move|p2a: Snorlax|Body Slam|p1a: Gouging Fire\n|-damage|p1a: Gouging Fire|21/100 par\n|\n|upkeep\n|turn|17\n|inactive|Time left: 300 sec this turn | 300 sec total\n|\n|t:|1783535793\n|cant|p1a: Gouging Fire|par\n|move|p2a: Snorlax|Body Slam|p1a: Gouging Fire\n|-damage|p1a: Gouging Fire|0 fnt\n|faint|p1a: Gouging Fire\n|-end|p1a: Gouging Fire|Protosynthesis|[silent]\n|\n|upkeep\n|\n|t:|1783535794\n|switch|p1a: Dipplin|Dipplin, L88, F|90/100 par\n|turn|18\n|inactive|Time left: 300 sec this turn | 300 sec total\n|\n|t:|1783535795\n|move|p2a: Snorlax|Body Slam|p1a: Dipplin\n|-damage|p1a: Dipplin|61/100 par\n|move|p1a: Dipplin|Giga Drain|p2a: Snorlax\n|-damage|p2a: Snorlax|322/397\n|-heal|p1a: Dipplin|74/100 par|[from] drain|[of] p2a: Snorlax\n|\n|-heal|p2a: Snorlax|346/397|[from] item: Leftovers\n|upkeep\n|turn|19\n|inactive|Time left: 300 sec this turn | 300 sec total\n|\n|t:|1783535796\n|move|p2a: Snorlax|Body Slam|p1a: Dipplin\n|-damage|p1a: Dipplin|47/100 par\n|move|p1a: Dipplin|Dragon Pulse|p2a: Snorlax\n|-damage|p2a: Snorlax|265/397\n|\n|-heal|p2a: Snorlax|289/397|[from] item: Leftovers\n|upkeep\n|turn|20\n|inactive|Time left: 300 sec this turn | 300 sec total\n|\n|t:|1783535797\n|move|p2a: Snorlax|Body Slam|p1a: Dipplin\n|-damage|p1a: Dipplin|22/100 par\n|move|p1a: Dipplin|Recover|p1a: Dipplin\n|-heal|p1a: Dipplin|72/100 par\n|\n|-heal|p2a: Snorlax|313/397|[from] item: Leftovers\n|upkeep\n|turn|21\n|inactive|Time left: 300 sec this turn | 300 sec total\n|\n|t:|1783535798\n|move|p2a: Snorlax|Body Slam|p1a: Dipplin\n|-damage|p1a: Dipplin|45/100 par\n|move|p1a: Dipplin|Giga Drain|p2a: Snorlax\n|-damage|p2a: Snorlax|237/397\n|-heal|p1a: Dipplin|58/100 par|[from] drain|[of] p2a: Snorlax\n|\n|-heal|p2a: Snorlax|261/397|[from] item: Leftovers\n|upkeep\n|turn|22\n|inactive|Time left: 300 sec this turn | 300 sec total\n|\n|t:|1783535799\n|move|p2a: Snorlax|Body Slam|p1a: Dipplin\n|-damage|p1a: Dipplin|31/100 par\n|cant|p1a: Dipplin|par\n|\n|-heal|p2a: Snorlax|285/397|[from] item: Leftovers\n|upkeep\n|turn|23\n|inactive|Time left: 300 sec this turn | 300 sec total\n|\n|t:|1783535800\n|move|p2a: Snorlax|Body Slam|p1a: Dipplin\n|-damage|p1a: Dipplin|7/100 par\n|move|p1a: Dipplin|Recover|p1a: Dipplin\n|-heal|p1a: Dipplin|57/100 par\n|\n|-heal|p2a: Snorlax|309/397|[from] item: Leftovers\n|upkeep\n|turn|24\n|inactive|Time left: 300 sec this turn | 300 sec total\n|\n|t:|1783535801\n|move|p2a: Snorlax|Body Slam|p1a: Dipplin\n|-damage|p1a: Dipplin|30/100 par\n|move|p1a: Dipplin|Recover|p1a: Dipplin\n|-heal|p1a: Dipplin|80/100 par\n|\n|-heal|p2a: Snorlax|333/397|[from] item: Leftovers\n|upkeep\n|turn|25\n|inactive|Time left: 300 sec this turn | 300 sec total\n|\n|t:|1783535802\n|move|p2a: Snorlax|Body Slam|p1a: Dipplin\n|-damage|p1a: Dipplin|53/100 par\n|move|p1a: Dipplin|Dragon Tail|p2a: Snorlax|[miss]\n|-miss|p1a: Dipplin|p2a: Snorlax\n|\n|-heal|p2a: Snorlax|357/397|[from] item: Leftovers\n|upkeep\n|turn|26\n|inactive|Time left: 300 sec this turn | 300 sec total\n|\n|t:|1783535803\n|move|p2a: Snorlax|Body Slam|p1a: Dipplin\n|-damage|p1a: Dipplin|25/100 par\n|move|p1a: Dipplin|Recover|p1a: Dipplin\n|-heal|p1a: Dipplin|75/100 par\n|\n|-heal|p2a: Snorlax|381/397|[from] item: Leftovers\n|upkeep\n|turn|27\n|inactive|Time left: 300 sec this turn | 300 sec total\n|\n|t:|1783535804\n|move|p2a: Snorlax|Body Slam|p1a: Dipplin\n|-damage|p1a: Dipplin|50/100 par\n|cant|p1a: Dipplin|par\n|\n|-heal|p2a: Snorlax|397/397|[from] item: Leftovers\n|upkeep\n|turn|28\n|inactive|Time left: 300 sec this turn | 300 sec total\n|\n|t:|1783535804\n|move|p2a: Snorlax|Body Slam|p1a: Dipplin\n|-damage|p1a: Dipplin|22/100 par\n|cant|p1a: Dipplin|par\n|\n|upkeep\n|turn|29\n|inactive|Time left: 300 sec this turn | 300 sec total\n|\n|t:|1783535805\n|move|p2a: Snorlax|Body Slam|p1a: Dipplin\n|-damage|p1a: Dipplin|0 fnt\n|faint|p1a: Dipplin\n|\n|upkeep\n|\n|t:|1783535806\n|switch|p1a: Toxicroak|Toxicroak, L84, M|100/100\n|turn|30\n|inactive|Time left: 300 sec this turn | 300 sec total\n|\n|t:|1783535807\n|switch|p2a: Qwilfish|Qwilfish, L86, M|252/252\n|-ability|p2a: Qwilfish|Intimidate|boost\n|-unboost|p1a: Toxicroak|atk|1\n|move|p1a: Toxicroak|Gunk Shot|p2a: Qwilfish\n|-resisted|p2a: Qwilfish\n|-damage|p2a: Qwilfish|180/252\n|\n|-heal|p2a: Qwilfish|195/252|[from] item: Leftovers\n|upkeep\n|turn|31\n|inactive|Time left: 300 sec this turn | 300 sec total\n|\n|t:|1783535808\n|move|p2a: Qwilfish|Gunk Shot|p1a: Toxicroak\n|-resisted|p1a: Toxicroak\n|-damage|p1a: Toxicroak|71/100\n|move|p1a: Toxicroak|Gunk Shot|p2a: Qwilfish\n|-resisted|p2a: Qwilfish\n|-damage|p2a: Qwilfish|129/252\n|\n|-heal|p2a: Qwilfish|144/252|[from] item: Leftovers\n|upkeep\n|turn|32\n|inactive|Time left: 300 sec this turn | 300 sec total\n|\n|t:|1783535809\n|move|p2a: Qwilfish|Gunk Shot|p1a: Toxicroak\n|-resisted|p1a: Toxicroak\n|-damage|p1a: Toxicroak|42/100\n|move|p1a: Toxicroak|Gunk Shot|p2a: Qwilfish\n|-resisted|p2a: Qwilfish\n|-damage|p2a: Qwilfish|72/252\n|\n|-heal|p2a: Qwilfish|87/252|[from] item: Leftovers\n|upkeep\n|turn|33\n|inactive|Time left: 300 sec this turn | 300 sec total\n|\n|t:|1783535811\n|move|p2a: Qwilfish|Gunk Shot|p1a: Toxicroak|[miss]\n|-miss|p2a: Qwilfish|p1a: Toxicroak\n|move|p1a: Toxicroak|Gunk Shot|p2a: Qwilfish\n|-resisted|p2a: Qwilfish\n|-damage|p2a: Qwilfish|22/252\n|\n|-heal|p2a: Qwilfish|37/252|[from] item: Leftovers\n|upkeep\n|turn|34\n|inactive|Time left: 300 sec this turn | 300 sec total\n|\n|t:|1783535811\n|switch|p2a: Misdreavus|Misdreavus, L90, F|254/254\n|move|p1a: Toxicroak|Gunk Shot|p2a: Misdreavus\n|-resisted|p2a: Misdreavus\n|-damage|p2a: Misdreavus|200/254\n|\n|upkeep\n|turn|35\n|inactive|Time left: 300 sec this turn | 300 sec total\n|\n|t:|1783535812\n|move|p2a: Misdreavus|Calm Mind|p2a: Misdreavus\n|-boost|p2a: Misdreavus|spa|1\n|-boost|p2a: Misdreavus|spd|1\n|move|p1a: Toxicroak|Gunk Shot|p2a: Misdreavus\n|-resisted|p2a: Misdreavus\n|-damage|p2a: Misdreavus|149/254\n|-status|p2a: Misdreavus|psn\n|\n|-damage|p2a: Misdreavus|118/254 psn|[from] psn\n|upkeep\n|turn|36\n|inactive|Time left: 300 sec this turn | 300 sec total\n|\n|t:|1783535813\n|switch|p1a: Toxapex|Toxapex, L82, F|100/100\n|-terastallize|p2a: Misdreavus|Fairy\n|move|p2a: Misdreavus|Draining Kiss|p1a: Toxapex\n|-resisted|p1a: Toxapex\n|-damage|p1a: Toxapex|84/100\n|-heal|p2a: Misdreavus|144/254 psn|[from] drain|[of] p1a: Toxapex\n|\n|-heal|p1a: Toxapex|90/100|[from] item: Leftovers\n|-damage|p2a: Misdreavus|113/254 psn|[from] psn\n|upkeep\n|turn|37\n|inactive|Time left: 300 sec this turn | 300 sec total\n|\n|t:|1783535814\n|move|p2a: Misdreavus|Will-O-Wisp|p1a: Toxapex\n|-status|p1a: Toxapex|brn\n|move|p1a: Toxapex|Liquidation|p2a: Misdreavus\n|-damage|p2a: Misdreavus|88/254 psn\n|\n|-heal|p1a: Toxapex|96/100 brn|[from] item: Leftovers\n|-damage|p2a: Misdreavus|57/254 psn|[from] psn\n|-damage|p1a: Toxapex|90/100 brn|[from] brn\n|upkeep\n|turn|38\n|inactive|Time left: 300 sec this turn | 300 sec total\n|\n|t:|1783535815\n|move|p2a: Misdreavus|Draining Kiss|p1a: Toxapex\n|-resisted|p1a: Toxapex\n|-damage|p1a: Toxapex|75/100 brn\n|-heal|p2a: Misdreavus|83/254 psn|[from] drain|[of] p1a: Toxapex\n|move|p1a: Toxapex|Toxic Spikes|p2a: Misdreavus\n|-sidestart|p2: p0y1742716|move: Toxic Spikes\n|\n|-heal|p1a: Toxapex|81/100 brn|[from] item: Leftovers\n|-damage|p2a: Misdreavus|52/254 psn|[from] psn\n|-damage|p1a: Toxapex|75/100 brn|[from] brn\n|upkeep\n|turn|39\n|inactive|Time left: 300 sec this turn | 300 sec total\n|\n|t:|1783535816\n|switch|p2a: Qwilfish|Qwilfish, L86, M|37/252\n|-sideend|p2: p0y1742716|move: Toxic Spikes|[of] p2a: Qwilfish\n|-ability|p2a: Qwilfish|Intimidate|boost\n|-unboost|p1a: Toxapex|atk|1\n|move|p1a: Toxapex|Toxic Spikes|p2a: Qwilfish\n|-sidestart|p2: p0y1742716|move: Toxic Spikes\n|\n|-heal|p2a: Qwilfish|52/252|[from] item: Leftovers\n|-heal|p1a: Toxapex|81/100 brn|[from] item: Leftovers\n|-damage|p1a: Toxapex|75/100 brn|[from] brn\n|upkeep\n|turn|40\n|inactive|Time left: 300 sec this turn | 300 sec total\n|\n|t:|1783535817\n|switch|p1a: Toxicroak|Toxicroak, L84, M|42/100\n|move|p2a: Qwilfish|Gunk Shot|p1a: Toxicroak\n|-resisted|p1a: Toxicroak\n|-damage|p1a: Toxicroak|13/100\n|\n|-heal|p2a: Qwilfish|67/252|[from] item: Leftovers\n|upkeep\n|turn|41\n|inactive|Time left: 300 sec this turn | 300 sec total\n|\n|t:|1783535818\n|move|p2a: Qwilfish|Gunk Shot|p1a: Toxicroak\n|-resisted|p1a: Toxicroak\n|-crit|p1a: Toxicroak\n|-damage|p1a: Toxicroak|0 fnt\n|faint|p1a: Toxicroak\n|\n|-heal|p2a: Qwilfish|82/252|[from] item: Leftovers\n|upkeep\n|\n|t:|1783535819\n|switch|p1a: Inteleon|Inteleon, L81, M|100/100\n|turn|42\n|inactive|Time left: 300 sec this turn | 300 sec total\n|\n|t:|1783535820\n|switch|p2a: Snorlax|Snorlax, L82, F|397/397\n|-status|p2a: Snorlax|psn\n|move|p1a: Inteleon|Scald|p2a: Snorlax\n|-damage|p2a: Snorlax|268/397 psn\n|\n|-heal|p2a: Snorlax|292/397 psn|[from] item: Leftovers\n|-damage|p2a: Snorlax|243/397 psn|[from] psn\n|upkeep\n|turn|43\n|inactive|Time left: 300 sec this turn | 300 sec total\n|\n|t:|1783535821\n|move|p1a: Inteleon|Scald|p2a: Snorlax\n|-damage|p2a: Snorlax|114/397 psn\n|move|p2a: Snorlax|Rest|p2a: Snorlax\n|-status|p2a: Snorlax|slp|[from] move: Rest\n|-heal|p2a: Snorlax|397/397 slp|[silent]\n|\n|upkeep\n|turn|44\n|inactive|Time left: 300 sec this turn | 300 sec total\n|\n|t:|1783535822\n|move|p1a: Inteleon|Scald|p2a: Snorlax\n|-damage|p2a: Snorlax|276/397 slp\n|cant|p2a: Snorlax|slp\n|move|p2a: Snorlax|Sleep Talk|p2a: Snorlax\n|move|p2a: Snorlax|Curse|p2a: Snorlax|[from] move: Sleep Talk\n|-unboost|p2a: Snorlax|spe|1\n|-boost|p2a: Snorlax|atk|1\n|-boost|p2a: Snorlax|def|1\n|\n|-heal|p2a: Snorlax|300/397 slp|[from] item: Leftovers\n|upkeep\n|turn|45\n|inactive|Time left: 300 sec this turn | 300 sec total\n|\n|t:|1783535823\n|move|p1a: Inteleon|Scald|p2a: Snorlax\n|-damage|p2a: Snorlax|168/397 slp\n|cant|p2a: Snorlax|slp\n|move|p2a: Snorlax|Sleep Talk|p2a: Snorlax\n|move|p2a: Snorlax|Rest||[from] move: Sleep Talk|[still]\n|-fail|p2a: Snorlax\n|\n|-heal|p2a: Snorlax|192/397 slp|[from] item: Leftovers\n|upkeep\n|turn|46\n|inactive|Time left: 300 sec this turn | 300 sec total\n|\n|t:|1783535824\n|move|p1a: Inteleon|Scald|p2a: Snorlax\n|-damage|p2a: Snorlax|77/397 slp\n|-curestatus|p2a: Snorlax|slp|[msg]\n|move|p2a: Snorlax|Rest|p2a: Snorlax\n|-status|p2a: Snorlax|slp|[from] move: Rest\n|-heal|p2a: Snorlax|397/397 slp|[silent]\n|\n|upkeep\n|turn|47\n|inactive|Time left: 300 sec this turn | 300 sec total\n|\n|t:|1783535825\n|move|p1a: Inteleon|Scald|p2a: Snorlax\n|-damage|p2a: Snorlax|264/397 slp\n|cant|p2a: Snorlax|slp\n|move|p2a: Snorlax|Sleep Talk|p2a: Snorlax\n|move|p2a: Snorlax|Curse|p2a: Snorlax|[from] move: Sleep Talk\n|-unboost|p2a: Snorlax|spe|1\n|-boost|p2a: Snorlax|atk|1\n|-boost|p2a: Snorlax|def|1\n|\n|-heal|p2a: Snorlax|288/397 slp|[from] item: Leftovers\n|upkeep\n|turn|48\n|inactive|Time left: 300 sec this turn | 300 sec total\n|\n|t:|1783535826\n|move|p1a: Inteleon|Scald|p2a: Snorlax\n|-damage|p2a: Snorlax|168/397 slp\n|cant|p2a: Snorlax|slp\n|move|p2a: Snorlax|Sleep Talk|p2a: Snorlax\n|move|p2a: Snorlax|Rest||[from] move: Sleep Talk|[still]\n|-fail|p2a: Snorlax\n|\n|-heal|p2a: Snorlax|192/397 slp|[from] item: Leftovers\n|upkeep\n|turn|49\n|inactive|Time left: 300 sec this turn | 300 sec total\n|\n|t:|1783535827\n|move|p1a: Inteleon|Scald|p2a: Snorlax\n|-damage|p2a: Snorlax|69/397 slp\n|-curestatus|p2a: Snorlax|slp|[msg]\n|move|p2a: Snorlax|Rest|p2a: Snorlax\n|-status|p2a: Snorlax|slp|[from] move: Rest\n|-heal|p2a: Snorlax|397/397 slp|[silent]\n|\n|upkeep\n|turn|50\n|inactive|Time left: 300 sec this turn | 300 sec total\n|\n|t:|1783535829\n|move|p1a: Inteleon|Scald|p2a: Snorlax\n|-damage|p2a: Snorlax|273/397 slp\n|cant|p2a: Snorlax|slp\n|move|p2a: Snorlax|Sleep Talk|p2a: Snorlax\n|move|p2a: Snorlax|Curse|p2a: Snorlax|[from] move: Sleep Talk\n|-unboost|p2a: Snorlax|spe|1\n|-boost|p2a: Snorlax|atk|1\n|-boost|p2a: Snorlax|def|1\n|\n|-heal|p2a: Snorlax|297/397 slp|[from] item: Leftovers\n|upkeep\n|turn|51\n|inactive|Time left: 300 sec this turn | 300 sec total\n|\n|t:|1783535830\n|move|p1a: Inteleon|Scald|p2a: Snorlax\n|-damage|p2a: Snorlax|168/397 slp\n|cant|p2a: Snorlax|slp\n|move|p2a: Snorlax|Sleep Talk|p2a: Snorlax\n|move|p2a: Snorlax|Curse|p2a: Snorlax|[from] move: Sleep Talk\n|-unboost|p2a: Snorlax|spe|1\n|-boost|p2a: Snorlax|atk|1\n|-boost|p2a: Snorlax|def|1\n|\n|-heal|p2a: Snorlax|192/397 slp|[from] item: Leftovers\n|upkeep\n|turn|52\n|inactive|Time left: 300 sec this turn | 300 sec total\n|\n|t:|1783535831\n|move|p1a: Inteleon|Scald|p2a: Snorlax\n|-damage|p2a: Snorlax|71/397 slp\n|-curestatus|p2a: Snorlax|slp|[msg]\n|move|p2a: Snorlax|Rest|p2a: Snorlax\n|-status|p2a: Snorlax|slp|[from] move: Rest\n|-heal|p2a: Snorlax|397/397 slp|[silent]\n|\n|upkeep\n|turn|53\n|inactive|Time left: 300 sec this turn | 300 sec total\n|\n|t:|1783535832\n|move|p1a: Inteleon|Scald|p2a: Snorlax\n|-damage|p2a: Snorlax|282/397 slp\n|cant|p2a: Snorlax|slp\n|move|p2a: Snorlax|Sleep Talk|p2a: Snorlax\n|move|p2a: Snorlax|Rest||[from] move: Sleep Talk|[still]\n|-fail|p2a: Snorlax\n|\n|-heal|p2a: Snorlax|306/397 slp|[from] item: Leftovers\n|upkeep\n|turn|54\n|inactive|Time left: 300 sec this turn | 300 sec total\n|\n|t:|1783535833\n|move|p1a: Inteleon|Scald|p2a: Snorlax\n|-damage|p2a: Snorlax|171/397 slp\n|cant|p2a: Snorlax|slp\n|move|p2a: Snorlax|Sleep Talk|p2a: Snorlax\n|move|p2a: Snorlax|Body Slam|p1a: Inteleon|[from] move: Sleep Talk\n|-damage|p1a: Inteleon|0 fnt\n|faint|p1a: Inteleon\n|\n|-heal|p2a: Snorlax|195/397 slp|[from] item: Leftovers\n|upkeep\n|\n|t:|1783535834\n|switch|p1a: Hariyama|Hariyama, L87, F|100/100\n|turn|55\n|inactive|Time left: 300 sec this turn | 300 sec total\n|\n|t:|1783535834\n|move|p1a: Hariyama|Knock Off|p2a: Snorlax\n|-damage|p2a: Snorlax|157/397 slp\n|-enditem|p2a: Snorlax|Leftovers|[from] move: Knock Off|[of] p1a: Hariyama\n|-curestatus|p2a: Snorlax|slp|[msg]\n|move|p2a: Snorlax|Rest|p2a: Snorlax\n|-status|p2a: Snorlax|slp|[from] move: Rest\n|-heal|p2a: Snorlax|397/397 slp|[silent]\n|\n|upkeep\n|turn|56\n|inactive|Time left: 300 sec this turn | 300 sec total\n|\n|t:|1783535835\n|move|p1a: Hariyama|Knock Off|p2a: Snorlax\n|-damage|p2a: Snorlax|374/397 slp\n|cant|p2a: Snorlax|slp\n|move|p2a: Snorlax|Sleep Talk|p2a: Snorlax\n|move|p2a: Snorlax|Rest||[from] move: Sleep Talk|[still]\n|-fail|p2a: Snorlax\n|\n|upkeep\n|turn|57\n|inactive|Time left: 300 sec this turn | 300 sec total\n|\n|t:|1783535836\n|move|p1a: Hariyama|Knock Off|p2a: Snorlax\n|-damage|p2a: Snorlax|350/397 slp\n|cant|p2a: Snorlax|slp\n|move|p2a: Snorlax|Sleep Talk|p2a: Snorlax\n|move|p2a: Snorlax|Body Slam|p1a: Hariyama|[from] move: Sleep Talk\n|-damage|p1a: Hariyama|12/100\n|\n|upkeep\n|turn|58\n|inactive|Time left: 300 sec this turn | 300 sec total\n|\n|t:|1783535837\n|switch|p2a: Qwilfish|Qwilfish, L86, M|82/252\n|-sideend|p2: p0y1742716|move: Toxic Spikes|[of] p2a: Qwilfish\n|-ability|p2a: Qwilfish|Intimidate|boost\n|-unboost|p1a: Hariyama|atk|1\n|move|p1a: Hariyama|Knock Off|p2a: Qwilfish\n|-damage|p2a: Qwilfish|21/252\n|-enditem|p2a: Qwilfish|Leftovers|[from] move: Knock Off|[of] p1a: Hariyama\n|\n|upkeep\n|turn|59\n|inactive|Time left: 300 sec this turn | 300 sec total\n|\n|t:|1783535838\n|switch|p1a: Toxapex|Toxapex, L82, F|100/100 brn\n|move|p2a: Qwilfish|Waterfall|p1a: Toxapex\n|-resisted|p1a: Toxapex\n|-damage|p1a: Toxapex|88/100 brn\n|\n|-heal|p1a: Toxapex|94/100 brn|[from] item: Leftovers\n|-damage|p1a: Toxapex|88/100 brn|[from] brn\n|upkeep\n|turn|60\n|inactive|Time left: 300 sec this turn | 300 sec total\n|\n|t:|1783535839\n|switch|p2a: Mewtwo|Mewtwo, L72|272/272\n|-ability|p2a: Mewtwo|Pressure\n|move|p1a: Toxapex|Toxic Spikes|p2a: Mewtwo\n|-sidestart|p2: p0y1742716|move: Toxic Spikes\n|\n|-heal|p1a: Toxapex|94/100 brn|[from] item: Leftovers\n|-damage|p1a: Toxapex|88/100 brn|[from] brn\n|upkeep\n|turn|61\n|inactive|Time left: 300 sec this turn | 300 sec total\n|\n|t:|1783535840\n|switch|p1a: Hariyama|Hariyama, L87, F|12/100\n|move|p2a: Mewtwo|Psystrike|p1a: Hariyama\n|-supereffective|p1a: Hariyama\n|-damage|p1a: Hariyama|0 fnt\n|faint|p1a: Hariyama\n|-damage|p2a: Mewtwo|245/272|[from] item: Life Orb\n|\n|upkeep\n|\n|t:|1783535841\n|switch|p1a: Toxapex|Toxapex, L82, F|100/100 brn\n|turn|62\n|inactive|Time left: 300 sec this turn | 300 sec total\n|\n|t:|1783535842\n|move|p2a: Mewtwo|Psystrike|p1a: Toxapex\n|-supereffective|p1a: Toxapex\n|-damage|p1a: Toxapex|10/100 brn\n|-damage|p2a: Mewtwo|218/272|[from] item: Life Orb\n|move|p1a: Toxapex|Recover|p1a: Toxapex\n|-heal|p1a: Toxapex|60/100 brn\n|\n|-heal|p1a: Toxapex|66/100 brn|[from] item: Leftovers\n|-damage|p1a: Toxapex|60/100 brn|[from] brn\n|upkeep\n|turn|63\n|inactive|Time left: 300 sec this turn | 300 sec total\n|\n|t:|1783535842\n|-terastallize|p1a: Toxapex|Grass\n|move|p2a: Mewtwo|Psystrike|p1a: Toxapex\n|-damage|p1a: Toxapex|13/100 brn\n|-damage|p2a: Mewtwo|191/272|[from] item: Life Orb\n|move|p1a: Toxapex|Recover|p1a: Toxapex\n|-heal|p1a: Toxapex|63/100 brn\n|\n|-heal|p1a: Toxapex|69/100 brn|[from] item: Leftovers\n|-damage|p1a: Toxapex|63/100 brn|[from] brn\n|upkeep\n|turn|64\n|inactive|Time left: 300 sec this turn | 300 sec total\n|\n|t:|1783535843\n|move|p2a: Mewtwo|Fire Blast|p1a: Toxapex\n|-supereffective|p1a: Toxapex\n|-damage|p1a: Toxapex|0 fnt\n|faint|p1a: Toxapex\n|-damage|p2a: Mewtwo|164/272|[from] item: Life Orb\n|\n|win|p0y1742716", "uploadtime": 1783535843, "views": 0, "rating": 0, "private": 0, "password": null, "_winner": "p0y1742716", "_our_name": "p0y1742716"}