{"id": "battle-gen9randombattle-1478", "formatid": "gen9randombattle", "format": "[Gen 9] Random Battle", "players": ["p0x14782e4a", "p0y1478c72e"], "log": "|init|battle\n|title|p0x14782e4a vs. p0y1478c72e\n|j|\u2606p0x14782e4a\n|j|\u2606p0y1478c72e\n|t:|1783556303\n|gametype|singles\n|player|p1|p0x14782e4a|169|\n|player|p2|p0y1478c72e|101|\n|gen|9\n|tier|[Gen 9] Random Battle\n|rule|Species Clause: Limit one of each Pok\u00e9mon\n|rule|HP Percentage Mod: HP is shown in percentages\n|rule|Sleep Clause Mod: Limit one foe put to sleep\n|rule|Illusion Level Mod: Illusion disguises the Pok\u00e9mon's true level\n|\n|t:|1783556303\n|teamsize|p1|6\n|teamsize|p2|6\n|start\n|switch|p1a: Tsareena|Tsareena, L87, F|267/267\n|switch|p2a: Krookodile|Krookodile, L79, M|100/100\n|-ability|p2a: Krookodile|Intimidate|boost\n|-unboost|p1a: Tsareena|atk|1\n|turn|1\n|inactive|Battle timer is ON: inactive players will automatically lose when time's up. (requested by p0y1478c72e)\n|inactive|Time left: 300 sec this turn | 300 sec total | 60 sec grace\n|inactive|p0x14782e4a also wants the timer to be on.\n|\n|t:|1783556304\n|switch|p1a: Mightyena|Mightyena, L96, M|290/290\n|-ability|p1a: Mightyena|Intimidate|boost\n|-unboost|p2a: Krookodile|atk|1\n|move|p2a: Krookodile|Knock Off|p1a: Mightyena\n|-resisted|p1a: Mightyena\n|-damage|p1a: Mightyena|255/290\n|-enditem|p1a: Mightyena|Assault Vest|[from] move: Knock Off|[of] p2a: Krookodile\n|\n|upkeep\n|turn|2\n|inactive|Time left: 300 sec this turn | 300 sec total\n|\n|t:|1783556305\n|switch|p2a: Sandslash|Sandslash-Alola, L88, F|100/100\n|move|p1a: Mightyena|Super Fang|p2a: Sandslash\n|-damage|p2a: Sandslash|51/100\n|\n|upkeep\n|turn|3\n|inactive|Time left: 300 sec this turn | 300 sec total\n|\n|t:|1783556306\n|move|p1a: Mightyena|Super Fang|p2a: Sandslash\n|-damage|p2a: Sandslash|26/100\n|move|p2a: Sandslash|Triple Axel|p1a: Mightyena|[miss]\n|-miss|p2a: Sandslash|p1a: Mightyena\n|\n|upkeep\n|turn|4\n|inactive|Time left: 300 sec this turn | 300 sec total\n|\n|t:|1783556307\n|switch|p2a: Krookodile|Krookodile, L79, M|100/100\n|-ability|p2a: Krookodile|Intimidate|boost\n|-unboost|p1a: Mightyena|atk|1\n|move|p1a: Mightyena|Crunch|p2a: Krookodile\n|-resisted|p2a: Krookodile\n|-damage|p2a: Krookodile|85/100\n|\n|-heal|p2a: Krookodile|92/100|[from] item: Leftovers\n|upkeep\n|turn|5\n|inactive|Time left: 300 sec this turn | 300 sec total\n|\n|t:|1783556308\n|move|p2a: Krookodile|Bulk Up|p2a: Krookodile\n|-boost|p2a: Krookodile|atk|1\n|-boost|p2a: Krookodile|def|1\n|move|p1a: Mightyena|Super Fang|p2a: Krookodile\n|-damage|p2a: Krookodile|46/100\n|\n|-heal|p2a: Krookodile|52/100|[from] item: Leftovers\n|upkeep\n|turn|6\n|inactive|Time left: 300 sec this turn | 300 sec total\n|\n|t:|1783556308\n|switch|p1a: Lugia|Lugia, L73|275/275\n|move|p2a: Krookodile|Earthquake|p1a: Lugia\n|-immune|p1a: Lugia\n|\n|-heal|p2a: Krookodile|58/100|[from] item: Leftovers\n|upkeep\n|turn|7\n|inactive|Time left: 300 sec this turn | 300 sec total\n|\n|t:|1783556309\n|move|p1a: Lugia|Aeroblast|p2a: Krookodile\n|-crit|p2a: Krookodile\n|-damage|p2a: Krookodile|2/100\n|move|p2a: Krookodile|Knock Off|p1a: Lugia\n|-supereffective|p1a: Lugia\n|-damage|p1a: Lugia|139/275\n|-enditem|p1a: Lugia|Heavy-Duty Boots|[from] move: Knock Off|[of] p2a: Krookodile\n|\n|-heal|p2a: Krookodile|8/100|[from] item: Leftovers\n|upkeep\n|turn|8\n|inactive|Time left: 300 sec this turn | 300 sec total\n|\n|t:|1783556310\n|move|p1a: Lugia|Aeroblast|p2a: Krookodile\n|-damage|p2a: Krookodile|0 fnt\n|faint|p2a: Krookodile\n|\n|upkeep\n|\n|t:|1783556310\n|switch|p2a: Mewtwo|Mewtwo, L72|100/100\n|-ability|p2a: Mewtwo|Unnerve\n|turn|9\n|inactive|Time left: 300 sec this turn | 300 sec total\n|\n|t:|1783556311\n|move|p2a: Mewtwo|Nasty Plot|p2a: Mewtwo\n|-boost|p2a: Mewtwo|spa|2\n|move|p1a: Lugia|Recover|p1a: Lugia\n|-heal|p1a: Lugia|275/275\n|\n|upkeep\n|turn|10\n|inactive|Time left: 300 sec this turn | 300 sec total\n|\n|t:|1783556312\n|move|p2a: Mewtwo|Dark Pulse|p1a: Lugia\n|-supereffective|p1a: Lugia\n|-damage|p1a: Lugia|167/275\n|-damage|p2a: Mewtwo|91/100|[from] item: Life Orb\n|move|p1a: Lugia|Calm Mind|p1a: Lugia\n|-boost|p1a: Lugia|spa|1\n|-boost|p1a: Lugia|spd|1\n|\n|upkeep\n|turn|11\n|inactive|Time left: 300 sec this turn | 300 sec total\n|\n|t:|1783556313\n|move|p2a: Mewtwo|Dark Pulse|p1a: Lugia\n|-supereffective|p1a: Lugia\n|-damage|p1a: Lugia|19/275\n|-damage|p2a: Mewtwo|81/100|[from] item: Life Orb\n|move|p1a: Lugia|Recover|p1a: Lugia\n|-heal|p1a: Lugia|157/275\n|\n|upkeep\n|turn|12\n|inactive|Time left: 300 sec this turn | 300 sec total\n|\n|t:|1783556314\n|switch|p1a: Mightyena|Mightyena, L96, M|255/290\n|-ability|p1a: Mightyena|Intimidate|boost\n|-unboost|p2a: Mewtwo|atk|1\n|move|p2a: Mewtwo|Dark Pulse|p1a: Mightyena\n|-resisted|p1a: Mightyena\n|-damage|p1a: Mightyena|167/290\n|-damage|p2a: Mewtwo|71/100|[from] item: Life Orb\n|\n|upkeep\n|turn|13\n|inactive|Time left: 300 sec this turn | 300 sec total\n|\n|t:|1783556315\n|move|p2a: Mewtwo|Fire Blast|p1a: Mightyena|[miss]\n|-miss|p2a: Mewtwo|p1a: Mightyena\n|move|p1a: Mightyena|Crunch|p2a: Mewtwo\n|-supereffective|p2a: Mewtwo\n|-damage|p2a: Mewtwo|0 fnt\n|faint|p2a: Mewtwo\n|\n|upkeep\n|\n|t:|1783556316\n|switch|p2a: Salazzle|Salazzle, L83, F|100/100\n|turn|14\n|inactive|Time left: 300 sec this turn | 300 sec total\n|\n|t:|1783556318\n|move|p2a: Salazzle|Nasty Plot|p2a: Salazzle\n|-boost|p2a: Salazzle|spa|2\n|move|p1a: Mightyena|Crunch|p2a: Salazzle\n|-damage|p2a: Salazzle|49/100\n|\n|upkeep\n|turn|15\n|inactive|Time left: 300 sec this turn | 300 sec total\n|\n|t:|1783556319\n|move|p1a: Mightyena|Sucker Punch|p2a: Salazzle\n|-damage|p2a: Salazzle|2/100\n|move|p2a: Salazzle|Fire Blast|p1a: Mightyena\n|-damage|p1a: Mightyena|0 fnt\n|faint|p1a: Mightyena\n|\n|upkeep\n|inactive|Time left: 300 sec this turn | 300 sec total | 5 sec grace\n|\n|t:|1783556320\n|switch|p1a: Klawf|Klawf, L90, M|272/272\n|turn|16\n|inactive|Time left: 300 sec this turn | 300 sec total\n|\n|t:|1783556321\n|-terastallize|p2a: Salazzle|Grass\n|move|p1a: Klawf|Knock Off|p2a: Salazzle\n|-damage|p2a: Salazzle|0 fnt\n|-enditem|p2a: Salazzle|Heavy-Duty Boots|[from] move: Knock Off|[of] p1a: Klawf\n|faint|p2a: Salazzle\n|\n|upkeep\n|\n|t:|1783556322\n|switch|p2a: Trevenant|Trevenant, L89, M|100/100\n|turn|17\n|inactive|Time left: 300 sec this turn | 300 sec total\n|\n|t:|1783556323\n|move|p1a: Klawf|Knock Off|p2a: Trevenant\n|-supereffective|p2a: Trevenant\n|-damage|p2a: Trevenant|47/100\n|-enditem|p2a: Trevenant|Choice Band|[from] move: Knock Off|[of] p1a: Klawf\n|move|p2a: Trevenant|Horn Leech|p1a: Klawf\n|-supereffective|p1a: Klawf\n|-damage|p1a: Klawf|132/272\n|-heal|p2a: Trevenant|71/100|[from] drain|[of] p1a: Klawf\n|\n|upkeep\n|turn|18\n|inactive|Time left: 300 sec this turn | 300 sec total\n|\n|t:|1783556325\n|switch|p1a: Lugia|Lugia, L73|157/275\n|move|p2a: Trevenant|Horn Leech|p1a: Lugia\n|-resisted|p1a: Lugia\n|-damage|p1a: Lugia|112/275\n|-heal|p2a: Trevenant|79/100|[from] drain|[of] p1a: Lugia\n|\n|upkeep\n|turn|19\n|inactive|Time left: 300 sec this turn | 300 sec total\n|\n|t:|1783556326\n|move|p1a: Lugia|Calm Mind|p1a: Lugia\n|-boost|p1a: Lugia|spa|1\n|-boost|p1a: Lugia|spd|1\n|move|p2a: Trevenant|Horn Leech|p1a: Lugia\n|-resisted|p1a: Lugia\n|-damage|p1a: Lugia|74/275\n|-heal|p2a: Trevenant|85/100|[from] drain|[of] p1a: Lugia\n|\n|upkeep\n|turn|20\n|inactive|Time left: 300 sec this turn | 300 sec total\n|\n|t:|1783556327\n|switch|p2a: Froslass|Froslass, L87, F|100/100\n|move|p1a: Lugia|Aeroblast|p2a: Froslass\n|-crit|p2a: Froslass\n|-damage|p2a: Froslass|20/100\n|\n|upkeep\n|turn|21\n|inactive|Time left: 300 sec this turn | 300 sec total\n|\n|t:|1783556328\n|-terastallize|p1a: Lugia|Steel\n|move|p2a: Froslass|Triple Axel|p1a: Lugia\n|-resisted|p1a: Lugia\n|-damage|p1a: Lugia|65/275\n|-resisted|p1a: Lugia\n|-damage|p1a: Lugia|48/275\n|-resisted|p1a: Lugia\n|-damage|p1a: Lugia|24/275\n|-hitcount|p1a: Lugia|3\n|move|p1a: Lugia|Recover|p1a: Lugia\n|-heal|p1a: Lugia|162/275\n|\n|upkeep\n|turn|22\n|inactive|Time left: 300 sec this turn | 300 sec total\n|\n|t:|1783556329\n|move|p2a: Froslass|Taunt|p1a: Lugia\n|-start|p1a: Lugia|move: Taunt\n|cant|p1a: Lugia|move: Taunt|Calm Mind\n|\n|upkeep\n|turn|23\n|inactive|Time left: 300 sec this turn | 300 sec total\n|\n|t:|1783556330\n|move|p2a: Froslass|Destiny Bond|p2a: Froslass\n|-singlemove|p2a: Froslass|Destiny Bond\n|move|p1a: Lugia|Earth Power|p2a: Froslass\n|-damage|p2a: Froslass|0 fnt\n|faint|p2a: Froslass\n|-activate|p2a: Froslass|move: Destiny Bond\n|faint|p1a: Lugia\n|\n|upkeep\n|inactive|Time left: 300 sec this turn | 300 sec total | 5 sec grace\n|\n|t:|1783556332\n|switch|p2a: Trevenant|Trevenant, L89, M|85/100\n|switch|p1a: Camerupt|Camerupt, L91, F|275/275\n|turn|24\n|inactive|Time left: 300 sec this turn | 300 sec total\n|\n|t:|1783556333\n|switch|p2a: Sandslash|Sandslash-Alola, L88, F|26/100\n|move|p1a: Camerupt|Overheat|p2a: Sandslash\n|-supereffective|p2a: Sandslash\n|-damage|p2a: Sandslash|0 fnt\n|-unboost|p1a: Camerupt|spa|2\n|faint|p2a: Sandslash\n|\n|upkeep\n|\n|t:|1783556334\n|switch|p2a: Trevenant|Trevenant, L89, M|85/100\n|turn|25\n|inactive|Time left: 300 sec this turn | 300 sec total\n|\n|t:|1783556335\n|move|p2a: Trevenant|Horn Leech|p1a: Camerupt\n|-damage|p1a: Camerupt|176/275\n|-heal|p2a: Trevenant|100/100|[from] drain|[of] p1a: Camerupt\n|move|p1a: Camerupt|Overheat|p2a: Trevenant\n|-supereffective|p2a: Trevenant\n|-damage|p2a: Trevenant|44/100\n|-unboost|p1a: Camerupt|spa|2\n|\n|-heal|p1a: Camerupt|193/275|[from] item: Leftovers\n|upkeep\n|turn|26\n|inactive|Time left: 300 sec this turn | 300 sec total\n|\n|t:|1783556336\n|move|p2a: Trevenant|Horn Leech|p1a: Camerupt\n|-damage|p1a: Camerupt|76/275\n|-heal|p2a: Trevenant|64/100|[from] drain|[of] p1a: Camerupt\n|move|p1a: Camerupt|Overheat|p2a: Trevenant\n|-supereffective|p2a: Trevenant\n|-damage|p2a: Trevenant|21/100\n|-unboost|p1a: Camerupt|spa|2\n|\n|-heal|p1a: Camerupt|93/275|[from] item: Leftovers\n|upkeep\n|turn|27\n|inactive|Time left: 300 sec this turn | 300 sec total\n|\n|t:|1783556337\n|move|p2a: Trevenant|Drain Punch|p1a: Camerupt\n|-damage|p1a: Camerupt|19/275\n|-heal|p2a: Trevenant|34/100|[from] drain|[of] p1a: Camerupt\n|move|p1a: Camerupt|Overheat|p2a: Trevenant\n|-supereffective|p2a: Trevenant\n|-damage|p2a: Trevenant|5/100\n|\n|-heal|p1a: Camerupt|36/275|[from] item: Leftovers\n|upkeep\n|turn|28\n|inactive|Time left: 300 sec this turn | 300 sec total\n|\n|t:|1783556338\n|switch|p1a: Klawf|Klawf, L90, M|222/272\n|move|p2a: Trevenant|Poltergeist|p1a: Klawf\n|-activate|p1a: Klawf|move: Poltergeist|Choice Scarf\n|-damage|p1a: Klawf|116/272\n|\n|upkeep\n|turn|29\n|inactive|Time left: 300 sec this turn | 300 sec total\n|\n|t:|1783556339\n|move|p1a: Klawf|Knock Off|p2a: Trevenant\n|-supereffective|p2a: Trevenant\n|-damage|p2a: Trevenant|0 fnt\n|faint|p2a: Trevenant\n|\n|win|p0x14782e4a", "uploadtime": 1783556339, "views": 0, "rating": 0, "private": 0, "password": null, "_winner": "p0x14782e4a", "_our_name": "p0x14782e4a"}