{"id": "battle-gen9randombattle-1560", "formatid": "gen9randombattle", "format": "[Gen 9] Random Battle", "players": ["p0x1560a5a4", "p0y15601ed8"], "log": "|init|battle\n|title|p0x1560a5a4 vs. p0y15601ed8\n|j|\u2606p0x1560a5a4\n|j|\u2606p0y15601ed8\n|t:|1783558096\n|gametype|singles\n|player|p1|p0x1560a5a4|170|\n|player|p2|p0y15601ed8|101|\n|gen|9\n|tier|[Gen 9] Random Battle\n|rule|Species Clause: Limit one of each Pok\u00e9mon\n|rule|HP Percentage Mod: HP is shown in percentages\n|rule|Sleep Clause Mod: Limit one foe put to sleep\n|rule|Illusion Level Mod: Illusion disguises the Pok\u00e9mon's true level\n|\n|t:|1783558096\n|teamsize|p1|6\n|teamsize|p2|6\n|start\n|switch|p1a: Cetitan|Cetitan, L82, F|412/412\n|switch|p2a: Dipplin|Dipplin, L88, M|100/100\n|turn|1\n|inactive|Battle timer is ON: inactive players will automatically lose when time's up. (requested by p0y15601ed8)\n|inactive|Time left: 300 sec this turn | 300 sec total | 60 sec grace\n|inactive|p0x1560a5a4 also wants the timer to be on.\n|\n|t:|1783558097\n|-terastallize|p2a: Dipplin|Steel\n|move|p1a: Cetitan|Belly Drum|p1a: Cetitan\n|-damage|p1a: Cetitan|206/412\n|-setboost|p1a: Cetitan|atk|6|[from] move: Belly Drum\n|-enditem|p1a: Cetitan|Sitrus Berry|[eat]\n|-heal|p1a: Cetitan|309/412|[from] item: Sitrus Berry\n|move|p2a: Dipplin|Giga Drain|p1a: Cetitan\n|-damage|p1a: Cetitan|195/412\n|\n|upkeep\n|turn|2\n|inactive|Time left: 300 sec this turn | 300 sec total\n|\n|t:|1783558098\n|move|p1a: Cetitan|Earthquake|p2a: Dipplin\n|-supereffective|p2a: Dipplin\n|-damage|p2a: Dipplin|0 fnt\n|faint|p2a: Dipplin\n|\n|upkeep\n|\n|t:|1783558099\n|switch|p2a: Lycanroc|Lycanroc-Midnight, L89, M|100/100\n|turn|3\n|inactive|Time left: 300 sec this turn | 300 sec total\n|\n|t:|1783558100\n|move|p1a: Cetitan|Ice Shard|p2a: Lycanroc\n|-damage|p2a: Lycanroc|30/100\n|move|p2a: Lycanroc|Stone Edge|p1a: Cetitan\n|-supereffective|p1a: Cetitan\n|-damage|p1a: Cetitan|0 fnt\n|faint|p1a: Cetitan\n|-damage|p2a: Lycanroc|20/100|[from] item: Life Orb\n|\n|upkeep\n|inactive|Time left: 300 sec this turn | 300 sec total | 5 sec grace\n|\n|t:|1783558101\n|switch|p1a: Glastrier|Glastrier, L86|312/312\n|turn|4\n|inactive|Time left: 300 sec this turn | 300 sec total\n|\n|t:|1783558102\n|-terastallize|p1a: Glastrier|Ground\n|move|p2a: Lycanroc|Stone Edge|p1a: Glastrier\n|-resisted|p1a: Glastrier\n|-damage|p1a: Glastrier|246/312\n|-damage|p2a: Lycanroc|11/100|[from] item: Life Orb\n|move|p1a: Glastrier|High Horsepower|p2a: Lycanroc\n|-supereffective|p2a: Lycanroc\n|-damage|p2a: Lycanroc|0 fnt\n|faint|p2a: Lycanroc\n|-ability|p1a: Glastrier|Chilling Neigh|boost\n|-boost|p1a: Glastrier|atk|1\n|\n|upkeep\n|\n|t:|1783558103\n|switch|p2a: Wo-Chien|Wo-Chien, L83|100/100\n|-ability|p2a: Wo-Chien|Tablets of Ruin\n|turn|5\n|inactive|Time left: 300 sec this turn | 300 sec total\n|\n|t:|1783558104\n|move|p2a: Wo-Chien|Protect|p2a: Wo-Chien\n|-singleturn|p2a: Wo-Chien|Protect\n|move|p1a: Glastrier|Icicle Crash|p2a: Wo-Chien\n|-activate|p2a: Wo-Chien|move: Protect\n|\n|upkeep\n|turn|6\n|inactive|Time left: 300 sec this turn | 300 sec total\n|\n|t:|1783558105\n|move|p2a: Wo-Chien|Ruination|p1a: Glastrier\n|-damage|p1a: Glastrier|123/312\n|move|p1a: Glastrier|Icicle Crash|p2a: Wo-Chien\n|-supereffective|p2a: Wo-Chien\n|-damage|p2a: Wo-Chien|4/100\n|\n|-heal|p2a: Wo-Chien|11/100|[from] item: Leftovers\n|upkeep\n|turn|7\n|inactive|Time left: 300 sec this turn | 300 sec total\n|\n|t:|1783558106\n|move|p2a: Wo-Chien|Ruination|p1a: Glastrier|[miss]\n|-miss|p2a: Wo-Chien|p1a: Glastrier\n|move|p1a: Glastrier|Icicle Crash|p2a: Wo-Chien\n|-supereffective|p2a: Wo-Chien\n|-damage|p2a: Wo-Chien|0 fnt\n|faint|p2a: Wo-Chien\n|-ability|p1a: Glastrier|Chilling Neigh|boost\n|-boost|p1a: Glastrier|atk|1\n|\n|upkeep\n|\n|t:|1783558107\n|switch|p2a: Flutter Mane|Flutter Mane, L74|100/100\n|turn|8\n|inactive|Time left: 300 sec this turn | 300 sec total\n|\n|t:|1783558108\n|move|p2a: Flutter Mane|Moonblast|p1a: Glastrier\n|-damage|p1a: Glastrier|0 fnt\n|faint|p1a: Glastrier\n|\n|upkeep\n|inactive|Time left: 300 sec this turn | 300 sec total | 5 sec grace\n|\n|t:|1783558109\n|switch|p1a: Shaymin|Shaymin-Sky, L73|266/266\n|turn|9\n|inactive|Time left: 300 sec this turn | 300 sec total\n|\n|t:|1783558110\n|move|p2a: Flutter Mane|Moonblast|p1a: Shaymin\n|-damage|p1a: Shaymin|59/266\n|-unboost|p1a: Shaymin|spa|1\n|move|p1a: Shaymin|Seed Flare|p2a: Flutter Mane|[miss]\n|-miss|p1a: Shaymin|p2a: Flutter Mane\n|\n|-heal|p1a: Shaymin|75/266|[from] item: Leftovers\n|upkeep\n|turn|10\n|inactive|Time left: 300 sec this turn | 300 sec total\n|\n|t:|1783558111\n|move|p2a: Flutter Mane|Moonblast|p1a: Shaymin\n|-damage|p1a: Shaymin|0 fnt\n|faint|p1a: Shaymin\n|\n|upkeep\n|inactive|Time left: 300 sec this turn | 300 sec total | 5 sec grace\n|\n|t:|1783558112\n|switch|p1a: Quaquaval|Quaquaval, L79, M|264/264\n|turn|11\n|inactive|Time left: 300 sec this turn | 300 sec total\n|\n|t:|1783558113\n|move|p2a: Flutter Mane|Moonblast|p1a: Quaquaval\n|-supereffective|p1a: Quaquaval\n|-damage|p1a: Quaquaval|0 fnt\n|faint|p1a: Quaquaval\n|\n|upkeep\n|inactive|Time left: 300 sec this turn | 300 sec total | 5 sec grace\n|\n|t:|1783558114\n|switch|p1a: Sableye|Sableye, L88, F|231/231\n|turn|12\n|inactive|Time left: 300 sec this turn | 300 sec total\n|\n|t:|1783558115\n|move|p1a: Sableye|Will-O-Wisp|p2a: Flutter Mane\n|-status|p2a: Flutter Mane|brn\n|move|p2a: Flutter Mane|Moonblast|p1a: Sableye\n|-supereffective|p1a: Sableye\n|-damage|p1a: Sableye|0 fnt\n|faint|p1a: Sableye\n|\n|-damage|p2a: Flutter Mane|95/100 brn|[from] brn\n|upkeep\n|inactive|Time left: 300 sec this turn | 300 sec total | 5 sec grace\n|\n|t:|1783558115\n|switch|p1a: Mienshao|Mienshao, L83, F|244/244\n|turn|13\n|inactive|Time left: 300 sec this turn | 300 sec total\n|\n|t:|1783558116\n|move|p2a: Flutter Mane|Moonblast|p1a: Mienshao\n|-supereffective|p1a: Mienshao\n|-damage|p1a: Mienshao|0 fnt\n|faint|p1a: Mienshao\n|\n|win|p0y15601ed8", "uploadtime": 1783558116, "views": 0, "rating": 0, "private": 0, "password": null, "_winner": "p0y15601ed8", "_our_name": "p0x1560a5a4"}