{"id": "battle-gen9randombattle-2229", "formatid": "gen9randombattle", "format": "[Gen 9] Random Battle", "players": ["p0x22297592", "p0y22295f26"], "log": "|init|battle\n|title|p0x22297592 vs. p0y22295f26\n|j|\u2606p0x22297592\n|j|\u2606p0y22295f26\n|t:|1783565846\n|gametype|singles\n|player|p1|p0x22297592|169|\n|player|p2|p0y22295f26|266|\n|gen|9\n|tier|[Gen 9] Random Battle\n|rule|Species Clause: Limit one of each Pok\u00e9mon\n|rule|HP Percentage Mod: HP is shown in percentages\n|rule|Sleep Clause Mod: Limit one foe put to sleep\n|rule|Illusion Level Mod: Illusion disguises the Pok\u00e9mon's true level\n|\n|t:|1783565846\n|teamsize|p1|6\n|teamsize|p2|6\n|start\n|switch|p1a: Toxapex|Toxapex, L82, M|100/100\n|switch|p2a: Sunflora|Sunflora, F|312/312\n|turn|1\n|inactive|Battle timer is ON: inactive players will automatically lose when time's up. (requested by p0x22297592)\n|inactive|Time left: 300 sec this turn | 300 sec total | 60 sec grace\n|inactive|p0y22295f26 also wants the timer to be on.\n|\n|t:|1783565847\n|switch|p1a: Ariados|Ariados, L95, M|100/100\n|move|p2a: Sunflora|Earth Power|p1a: Ariados\n|-crit|p1a: Ariados\n|-damage|p1a: Ariados|28/100\n|\n|upkeep\n|turn|2\n|inactive|Time left: 300 sec this turn | 300 sec total\n|\n|t:|1783565849\n|move|p1a: Ariados|Sticky Web|p2a: Sunflora\n|-sidestart|p2: p0y22295f26|move: Sticky Web\n|move|p2a: Sunflora|Earth Power|p1a: Ariados\n|-damage|p1a: Ariados|0 fnt\n|faint|p1a: Ariados\n|\n|upkeep\n|\n|t:|1783565849\n|switch|p1a: Weavile|Weavile, L79, M|100/100\n|turn|3\n|inactive|Time left: 300 sec this turn | 300 sec total\n|\n|t:|1783565851\n|move|p1a: Weavile|Triple Axel|p2a: Sunflora\n|-supereffective|p2a: Sunflora\n|-damage|p2a: Sunflora|252/312\n|-supereffective|p2a: Sunflora\n|-damage|p2a: Sunflora|144/312\n|-hitcount|p2a: Sunflora|2\n|move|p2a: Sunflora|Earth Power|p1a: Weavile\n|-damage|p1a: Weavile|30/100\n|\n|upkeep\n|turn|4\n|inactive|Time left: 300 sec this turn | 300 sec total\n|\n|t:|1783565852\n|move|p1a: Weavile|Triple Axel|p2a: Sunflora\n|-supereffective|p2a: Sunflora\n|-damage|p2a: Sunflora|90/312\n|-supereffective|p2a: Sunflora\n|-damage|p2a: Sunflora|0 fnt\n|faint|p2a: Sunflora\n|-hitcount|p2: Sunflora|2\n|\n|upkeep\n|inactive|Time left: 300 sec this turn | 300 sec total | 5 sec grace\n|\n|t:|1783565853\n|switch|p2a: Rotom|Rotom-Wash, L82|216/216\n|turn|5\n|inactive|Time left: 300 sec this turn | 300 sec total\n|\n|t:|1783565854\n|move|p1a: Weavile|Knock Off|p2a: Rotom\n|-damage|p2a: Rotom|125/216\n|-enditem|p2a: Rotom|Leftovers|[from] move: Knock Off|[of] p1a: Weavile\n|move|p2a: Rotom|Discharge|p1a: Weavile\n|-damage|p1a: Weavile|0 fnt\n|faint|p1a: Weavile\n|\n|upkeep\n|\n|t:|1783565855\n|switch|p1a: Exeggutor|Exeggutor-Alola, L89, F|100/100\n|turn|6\n|inactive|Time left: 300 sec this turn | 300 sec total\n|\n|t:|1783565856\n|move|p2a: Rotom|Pain Split|p1a: Exeggutor\n|-sethp|p1a: Exeggutor|70/100|[from] move: Pain Split|[silent]\n|-sethp|p2a: Rotom|216/216|[from] move: Pain Split\n|move|p1a: Exeggutor|Wood Hammer|p2a: Rotom\n|-supereffective|p2a: Rotom\n|-damage|p2a: Rotom|0 fnt\n|faint|p2a: Rotom\n|-damage|p1a: Exeggutor|48/100|[from] Recoil\n|-enditem|p1a: Exeggutor|Sitrus Berry|[eat]\n|-heal|p1a: Exeggutor|72/100|[from] item: Sitrus Berry\n|\n|upkeep\n|inactive|Time left: 300 sec this turn | 300 sec total | 5 sec grace\n|\n|t:|1783565857\n|switch|p2a: Salamence|Salamence, L77, F|273/273\n|turn|7\n|inactive|Time left: 300 sec this turn | 300 sec total\n|\n|t:|1783565857\n|-terastallize|p1a: Exeggutor|Fire\n|move|p2a: Salamence|Outrage|p1a: Exeggutor\n|-damage|p1a: Exeggutor|29/100\n|move|p1a: Exeggutor|Draco Meteor|p2a: Salamence\n|-supereffective|p2a: Salamence\n|-damage|p2a: Salamence|0 fnt\n|-unboost|p1a: Exeggutor|spa|2\n|faint|p2a: Salamence\n|\n|-item|p1a: Exeggutor|Sitrus Berry|[from] ability: Harvest\n|upkeep\n|-enditem|p1a: Exeggutor|Sitrus Berry|[eat]\n|-heal|p1a: Exeggutor|53/100|[from] item: Sitrus Berry\n|inactive|Time left: 300 sec this turn | 300 sec total | 5 sec grace\n|\n|t:|1783565858\n|switch|p2a: Azelf|Azelf, L82|257/257\n|turn|8\n|inactive|Time left: 300 sec this turn | 300 sec total\n|\n|t:|1783565859\n|move|p2a: Azelf|Nasty Plot|p2a: Azelf\n|-boost|p2a: Azelf|spa|2\n|move|p1a: Exeggutor|Wood Hammer|p2a: Azelf\n|-damage|p2a: Azelf|70/257\n|-damage|p1a: Exeggutor|34/100|[from] Recoil\n|\n|upkeep\n|turn|9\n|inactive|Time left: 300 sec this turn | 300 sec total\n|\n|t:|1783565860\n|move|p2a: Azelf|Psyshock|p1a: Exeggutor\n|-damage|p1a: Exeggutor|0 fnt\n|faint|p1a: Exeggutor\n|-damage|p2a: Azelf|45/257|[from] item: Life Orb\n|\n|upkeep\n|\n|t:|1783565861\n|switch|p1a: Iron Thorns|Iron Thorns, L83|100/100\n|-enditem|p1a: Iron Thorns|Booster Energy\n|-activate|p1a: Iron Thorns|ability: Quark Drive|[fromitem]\n|-start|p1a: Iron Thorns|quarkdriveatk\n|turn|10\n|inactive|Time left: 300 sec this turn | 300 sec total\n|\n|t:|1783565862\n|move|p2a: Azelf|Psyshock|p1a: Iron Thorns\n|-damage|p1a: Iron Thorns|32/100\n|-damage|p2a: Azelf|20/257|[from] item: Life Orb\n|move|p1a: Iron Thorns|Wild Charge|p2a: Azelf\n|-damage|p2a: Azelf|0 fnt\n|faint|p2a: Azelf\n|-damage|p1a: Iron Thorns|30/100|[from] Recoil\n|\n|upkeep\n|inactive|Time left: 300 sec this turn | 300 sec total | 5 sec grace\n|\n|t:|1783565864\n|switch|p2a: Leavanny|Leavanny, L86, M|269/269\n|turn|11\n|inactive|Time left: 300 sec this turn | 300 sec total\n|\n|t:|1783565865\n|move|p2a: Leavanny|Leaf Blade|p1a: Iron Thorns\n|-supereffective|p1a: Iron Thorns\n|-damage|p1a: Iron Thorns|0 fnt\n|faint|p1a: Iron Thorns\n|-end|p1a: Iron Thorns|Quark Drive|[silent]\n|\n|upkeep\n|\n|t:|1783565866\n|switch|p1a: Delibird|Delibird, M|100/100\n|turn|12\n|inactive|Time left: 300 sec this turn | 300 sec total\n|\n|t:|1783565867\n|-terastallize|p2a: Leavanny|Rock\n|move|p2a: Leavanny|Knock Off|p1a: Delibird\n|-damage|p1a: Delibird|61/100\n|-enditem|p1a: Delibird|Heavy-Duty Boots|[from] move: Knock Off|[of] p2a: Leavanny\n|move|p1a: Delibird|Brave Bird|p2a: Leavanny\n|-resisted|p2a: Leavanny\n|-damage|p2a: Leavanny|172/269\n|-damage|p1a: Delibird|48/100|[from] Recoil\n|\n|upkeep\n|turn|13\n|inactive|Time left: 300 sec this turn | 300 sec total\n|\n|t:|1783565868\n|move|p1a: Delibird|Drill Run|p2a: Leavanny\n|-supereffective|p2a: Leavanny\n|-crit|p2a: Leavanny\n|-damage|p2a: Leavanny|0 fnt\n|faint|p2a: Leavanny\n|\n|upkeep\n|inactive|Time left: 300 sec this turn | 300 sec total | 5 sec grace\n|\n|t:|1783565869\n|switch|p2a: Urshifu|Urshifu, L74, M|270/270\n|-activate|p2a: Urshifu|move: Sticky Web\n|-unboost|p2a: Urshifu|spe|1\n|turn|14\n|inactive|Time left: 300 sec this turn | 300 sec total\n|\n|t:|1783565870\n|move|p1a: Delibird|Brave Bird|p2a: Urshifu\n|-supereffective|p2a: Urshifu\n|-damage|p2a: Urshifu|0 fnt\n|faint|p2a: Urshifu\n|-damage|p1a: Delibird|13/100|[from] Recoil\n|\n|win|p0x22297592", "uploadtime": 1783565870, "views": 0, "rating": 0, "private": 0, "password": null, "_winner": "p0x22297592", "_our_name": "p0y22295f26"}