{"id": "battle-gen9randombattle-40", "formatid": "gen9randombattle", "format": "[Gen 9] Random Battle", "players": ["p0x0402249", "p0y040351e"], "log": "|init|battle\n|title|p0x0402249 vs. p0y040351e\n|j|\u2606p0x0402249\n|j|\u2606p0y040351e\n|t:|1783534252\n|gametype|singles\n|player|p1|p0x0402249|1|\n|player|p2|p0y040351e|1|\n|gen|9\n|tier|[Gen 9] Random Battle\n|rule|Species Clause: Limit one of each Pok\u00e9mon\n|rule|HP Percentage Mod: HP is shown in percentages\n|rule|Sleep Clause Mod: Limit one foe put to sleep\n|rule|Illusion Level Mod: Illusion disguises the Pok\u00e9mon's true level\n|\n|t:|1783534252\n|teamsize|p1|6\n|teamsize|p2|6\n|start\n|switch|p1a: Wigglytuff|Wigglytuff, L96, F|100/100\n|switch|p2a: Volcanion|Volcanion, L79|255/255\n|turn|1\n|inactive|Battle timer is ON: inactive players will automatically lose when time's up. (requested by p0x0402249)\n|inactive|Time left: 300 sec this turn | 300 sec total | 60 sec grace\n|inactive|p0y040351e also wants the timer to be on.\n|\n|t:|1783534253\n|move|p1a: Wigglytuff|Protect|p1a: Wigglytuff\n|-singleturn|p1a: Wigglytuff|Protect\n|move|p2a: Volcanion|Steam Eruption|p1a: Wigglytuff\n|-activate|p1a: Wigglytuff|move: Protect\n|\n|upkeep\n|turn|2\n|inactive|Time left: 300 sec this turn | 300 sec total\n|\n|t:|1783534255\n|move|p2a: Volcanion|Sludge Bomb|p1a: Wigglytuff\n|-supereffective|p1a: Wigglytuff\n|-damage|p1a: Wigglytuff|60/100\n|move|p1a: Wigglytuff|Knock Off|p2a: Volcanion\n|-damage|p2a: Volcanion|192/255\n|-enditem|p2a: Volcanion|Assault Vest|[from] move: Knock Off|[of] p1a: Wigglytuff\n|\n|-heal|p1a: Wigglytuff|67/100|[from] item: Leftovers\n|upkeep\n|turn|3\n|inactive|Time left: 300 sec this turn | 300 sec total\n|\n|t:|1783534256\n|move|p1a: Wigglytuff|Protect|p1a: Wigglytuff\n|-singleturn|p1a: Wigglytuff|Protect\n|move|p2a: Volcanion|Steam Eruption|p1a: Wigglytuff\n|-activate|p1a: Wigglytuff|move: Protect\n|\n|-heal|p1a: Wigglytuff|73/100|[from] item: Leftovers\n|upkeep\n|turn|4\n|inactive|Time left: 300 sec this turn | 300 sec total\n|\n|t:|1783534257\n|move|p2a: Volcanion|Steam Eruption|p1a: Wigglytuff\n|-damage|p1a: Wigglytuff|35/100\n|move|p1a: Wigglytuff|Wish|p1a: Wigglytuff\n|\n|-heal|p1a: Wigglytuff|41/100|[from] item: Leftovers\n|upkeep\n|turn|5\n|inactive|Time left: 300 sec this turn | 300 sec total\n|\n|t:|1783534258\n|move|p1a: Wigglytuff|Protect|p1a: Wigglytuff\n|-singleturn|p1a: Wigglytuff|Protect\n|move|p2a: Volcanion|Sludge Bomb|p1a: Wigglytuff\n|-activate|p1a: Wigglytuff|move: Protect\n|\n|-heal|p1a: Wigglytuff|91/100|[from] move: Wish|[wisher] Wigglytuff\n|-heal|p1a: Wigglytuff|97/100|[from] item: Leftovers\n|upkeep\n|turn|6\n|inactive|Time left: 300 sec this turn | 300 sec total\n|\n|t:|1783534259\n|move|p2a: Volcanion|Steam Eruption|p1a: Wigglytuff\n|-damage|p1a: Wigglytuff|57/100\n|move|p1a: Wigglytuff|Knock Off|p2a: Volcanion\n|-damage|p2a: Volcanion|151/255\n|\n|-heal|p1a: Wigglytuff|63/100|[from] item: Leftovers\n|upkeep\n|turn|7\n|inactive|Time left: 300 sec this turn | 300 sec total\n|\n|t:|1783534260\n|move|p1a: Wigglytuff|Protect|p1a: Wigglytuff\n|-singleturn|p1a: Wigglytuff|Protect\n|move|p2a: Volcanion|Flamethrower|p1a: Wigglytuff\n|-activate|p1a: Wigglytuff|move: Protect\n|\n|-heal|p1a: Wigglytuff|70/100|[from] item: Leftovers\n|upkeep\n|turn|8\n|inactive|Time left: 300 sec this turn | 300 sec total\n|\n|t:|1783534261\n|move|p2a: Volcanion|Steam Eruption|p1a: Wigglytuff\n|-damage|p1a: Wigglytuff|28/100\n|move|p1a: Wigglytuff|Alluring Voice|p2a: Volcanion\n|-resisted|p2a: Volcanion\n|-damage|p2a: Volcanion|100/255\n|\n|-heal|p1a: Wigglytuff|34/100|[from] item: Leftovers\n|upkeep\n|turn|9\n|inactive|Time left: 300 sec this turn | 300 sec total\n|\n|t:|1783534262\n|move|p1a: Wigglytuff|Protect|p1a: Wigglytuff\n|-singleturn|p1a: Wigglytuff|Protect\n|move|p2a: Volcanion|Steam Eruption|p1a: Wigglytuff\n|-activate|p1a: Wigglytuff|move: Protect\n|\n|-heal|p1a: Wigglytuff|40/100|[from] item: Leftovers\n|upkeep\n|turn|10\n|inactive|Time left: 300 sec this turn | 300 sec total\n|\n|t:|1783534263\n|move|p2a: Volcanion|Steam Eruption|p1a: Wigglytuff\n|-damage|p1a: Wigglytuff|0 fnt\n|faint|p1a: Wigglytuff\n|\n|upkeep\n|\n|t:|1783534264\n|switch|p1a: Overqwil|Overqwil, L82, M|100/100\n|-ability|p1a: Overqwil|Intimidate|boost\n|-unboost|p2a: Volcanion|atk|1\n|turn|11\n|inactive|Time left: 300 sec this turn | 300 sec total\n|\n|t:|1783534265\n|move|p1a: Overqwil|Gunk Shot|p2a: Volcanion|[miss]\n|-miss|p1a: Overqwil|p2a: Volcanion\n|move|p2a: Volcanion|Steam Eruption|p1a: Overqwil\n|-damage|p1a: Overqwil|38/100\n|\n|upkeep\n|turn|12\n|inactive|Time left: 300 sec this turn | 300 sec total\n|\n|t:|1783534266\n|move|p1a: Overqwil|Gunk Shot|p2a: Volcanion\n|-damage|p2a: Volcanion|0 fnt\n|faint|p2a: Volcanion\n|\n|upkeep\n|inactive|Time left: 300 sec this turn | 300 sec total | 5 sec grace\n|\n|t:|1783534267\n|switch|p2a: Minior|Minior-Yellow, L79|224/224\n|-formechange|p2a: Minior|Minior-Meteor||[from] ability: Shields Down\n|turn|13\n|inactive|Time left: 300 sec this turn | 300 sec total\n|\n|t:|1783534269\n|switch|p1a: Samurott|Samurott-Hisui, L77, M|100/100\n|move|p2a: Minior|Shell Smash|p2a: Minior\n|-unboost|p2a: Minior|def|1\n|-unboost|p2a: Minior|spd|1\n|-boost|p2a: Minior|atk|2\n|-boost|p2a: Minior|spa|2\n|-boost|p2a: Minior|spe|2\n|-enditem|p2a: Minior|White Herb\n|-clearnegativeboost|p2a: Minior|[silent]\n|\n|upkeep\n|turn|14\n|inactive|Time left: 300 sec this turn | 300 sec total\n|\n|t:|1783534270\n|-terastallize|p2a: Minior|Steel\n|move|p2a: Minior|Acrobatics|p1a: Samurott\n|-damage|p1a: Samurott|39/100\n|move|p1a: Samurott|Razor Shell|p2a: Minior\n|-damage|p2a: Minior|80/224\n|-damage|p1a: Samurott|29/100|[from] item: Life Orb\n|\n|-formechange|p2a: Minior|Minior-Yellow||[from] ability: Shields Down\n|upkeep\n|turn|15\n|inactive|Time left: 300 sec this turn | 300 sec total\n|\n|t:|1783534271\n|move|p1a: Samurott|Sucker Punch|p2a: Minior\n|-damage|p2a: Minior|0 fnt\n|faint|p2a: Minior\n|-damage|p1a: Samurott|19/100|[from] item: Life Orb\n|\n|upkeep\n|inactive|Time left: 300 sec this turn | 300 sec total | 5 sec grace\n|\n|t:|1783534271\n|switch|p2a: Zekrom|Zekrom, L71|259/259\n|-ability|p2a: Zekrom|Teravolt\n|turn|16\n|inactive|Time left: 300 sec this turn | 300 sec total\n|\n|t:|1783534272\n|move|p1a: Samurott|Ceaseless Edge|p2a: Zekrom\n|-damage|p2a: Zekrom|156/259\n|-sidestart|p2: p0y040351e|Spikes\n|-damage|p1a: Samurott|10/100|[from] item: Life Orb\n|move|p2a: Zekrom|Dragon Dance|p2a: Zekrom\n|-boost|p2a: Zekrom|atk|1\n|-boost|p2a: Zekrom|spe|1\n|\n|-heal|p2a: Zekrom|172/259|[from] item: Leftovers\n|upkeep\n|turn|17\n|inactive|Time left: 300 sec this turn | 300 sec total\n|\n|t:|1783534273\n|move|p1a: Samurott|Sucker Punch|p2a: Zekrom\n|-damage|p2a: Zekrom|86/259\n|-damage|p1a: Samurott|0 fnt|[from] item: Life Orb\n|faint|p1a: Samurott\n|move|p2a: Zekrom|Outrage|p1: Samurott|[notarget]\n|-fail|p2a: Zekrom\n|\n|-heal|p2a: Zekrom|102/259|[from] item: Leftovers\n|upkeep\n|\n|t:|1783534274\n|switch|p1a: Persian|Persian, L92, F|100/100\n|turn|18\n|inactive|Time left: 300 sec this turn | 300 sec total\n|\n|t:|1783534275\n|move|p1a: Persian|Double-Edge|p2a: Zekrom\n|-damage|p2a: Zekrom|0 fnt\n|faint|p2a: Zekrom\n|-damage|p1a: Persian|88/100|[from] Recoil\n|\n|upkeep\n|inactive|Time left: 300 sec this turn | 300 sec total | 5 sec grace\n|\n|t:|1783534276\n|switch|p2a: Froslass|Froslass, L87, F|263/263\n|-damage|p2a: Froslass|231/263|[from] Spikes\n|turn|19\n|inactive|Time left: 300 sec this turn | 300 sec total\n|\n|t:|1783534277\n|move|p1a: Persian|Knock Off|p2a: Froslass\n|-supereffective|p2a: Froslass\n|-crit|p2a: Froslass\n|-damage|p2a: Froslass|1/263\n|-enditem|p2a: Froslass|Wide Lens|[from] move: Knock Off|[of] p1a: Persian\n|move|p2a: Froslass|Will-O-Wisp|p1a: Persian\n|-status|p1a: Persian|brn\n|\n|-damage|p1a: Persian|82/100 brn|[from] brn\n|upkeep\n|turn|20\n|inactive|Time left: 300 sec this turn | 300 sec total\n|\n|t:|1783534277\n|move|p1a: Persian|U-turn|p2a: Froslass\n|-resisted|p2a: Froslass\n|-damage|p2a: Froslass|0 fnt\n|faint|p2a: Froslass\n|\n|t:|1783534278\n|switch|p1a: Typhlosion|Typhlosion-Hisui, L83, F|100/100|[from] U-turn\n|\n|upkeep\n|inactive|Time left: 300 sec this turn | 300 sec total | 10 sec grace\n|\n|t:|1783534279\n|switch|p2a: Grumpig|Grumpig, L92, M|297/297\n|-damage|p2a: Grumpig|260/297|[from] Spikes\n|turn|21\n|inactive|Time left: 300 sec this turn | 300 sec total\n|\n|t:|1783534280\n|move|p1a: Typhlosion|Shadow Ball|p2a: Grumpig\n|-supereffective|p2a: Grumpig\n|-damage|p2a: Grumpig|114/297\n|move|p2a: Grumpig|Earth Power|p1a: Typhlosion\n|-supereffective|p1a: Typhlosion\n|-damage|p1a: Typhlosion|43/100\n|\n|upkeep\n|turn|22\n|inactive|Time left: 300 sec this turn | 300 sec total\n|\n|t:|1783534281\n|move|p1a: Typhlosion|Shadow Ball|p2a: Grumpig\n|-supereffective|p2a: Grumpig\n|-damage|p2a: Grumpig|0 fnt\n|faint|p2a: Grumpig\n|\n|upkeep\n|inactive|Time left: 300 sec this turn | 300 sec total | 5 sec grace\n|\n|t:|1783534282\n|switch|p2a: Latios|Latios, L78, M|253/253\n|turn|23\n|inactive|Time left: 300 sec this turn | 300 sec total\n|\n|t:|1783534283\n|move|p1a: Typhlosion|Shadow Ball|p2a: Latios\n|-supereffective|p2a: Latios\n|-damage|p2a: Latios|65/253\n|move|p2a: Latios|Draco Meteor|p1a: Typhlosion\n|-damage|p1a: Typhlosion|0 fnt\n|-unboost|p2a: Latios|spa|2\n|faint|p1a: Typhlosion\n|\n|upkeep\n|\n|t:|1783534284\n|switch|p1a: Persian|Persian, L92, F|82/100 brn\n|turn|24\n|inactive|Time left: 300 sec this turn | 300 sec total\n|\n|t:|1783534285\n|-terastallize|p1a: Persian|Normal\n|move|p1a: Persian|Double-Edge|p2a: Latios\n|-damage|p2a: Latios|0 fnt\n|faint|p2a: Latios\n|-damage|p1a: Persian|74/100 brn|[from] Recoil\n|\n|win|p0x0402249", "uploadtime": 1783534285, "views": 0, "rating": 0, "private": 0, "password": null, "_winner": "p0x0402249", "_our_name": "p0y040351e"}