{"id": "battle-gen9randombattle-398", "formatid": "gen9randombattle", "format": "[Gen 9] Random Battle", "players": ["p0x398b68a", "p0y398ea04"], "log": "|init|battle\n|title|p0x398b68a vs. p0y398ea04\n|j|\u2606p0x398b68a\n|j|\u2606p0y398ea04\n|t:|1783543699\n|gametype|singles\n|player|p1|p0x398b68a|2|\n|player|p2|p0y398ea04|170|\n|gen|9\n|tier|[Gen 9] Random Battle\n|rule|Species Clause: Limit one of each Pok\u00e9mon\n|rule|HP Percentage Mod: HP is shown in percentages\n|rule|Sleep Clause Mod: Limit one foe put to sleep\n|rule|Illusion Level Mod: Illusion disguises the Pok\u00e9mon's true level\n|\n|t:|1783543699\n|teamsize|p1|6\n|teamsize|p2|6\n|start\n|switch|p1a: Salamence|Salamence, L77, F|273/273\n|switch|p2a: Ribombee|Ribombee, L83, M|100/100\n|turn|1\n|inactive|Battle timer is ON: inactive players will automatically lose when time's up. (requested by p0y398ea04)\n|inactive|Time left: 300 sec this turn | 300 sec total | 60 sec grace\n|inactive|p0x398b68a also wants the timer to be on.\n|\n|t:|1783543700\n|move|p2a: Ribombee|Sticky Web|p1a: Salamence\n|-sidestart|p1: p0x398b68a|move: Sticky Web\n|move|p1a: Salamence|Dual Wingbeat|p2a: Ribombee\n|-supereffective|p2a: Ribombee\n|-damage|p2a: Ribombee|51/100\n|-supereffective|p2a: Ribombee\n|-damage|p2a: Ribombee|0 fnt\n|faint|p2a: Ribombee\n|-ability|p1a: Salamence|Moxie|boost\n|-boost|p1a: Salamence|atk|1\n|-hitcount|p2: Ribombee|2\n|\n|upkeep\n|\n|t:|1783543701\n|switch|p2a: Dedenne|Dedenne, L88, M|100/100\n|turn|2\n|inactive|Time left: 300 sec this turn | 300 sec total\n|\n|t:|1783543702\n|move|p2a: Dedenne|Dazzling Gleam|p1a: Salamence\n|-supereffective|p1a: Salamence\n|-damage|p1a: Salamence|69/273\n|move|p1a: Salamence|Earthquake|p2a: Dedenne\n|-supereffective|p2a: Dedenne\n|-damage|p2a: Dedenne|0 fnt\n|faint|p2a: Dedenne\n|-ability|p1a: Salamence|Moxie|boost\n|-boost|p1a: Salamence|atk|1\n|\n|upkeep\n|\n|t:|1783543703\n|switch|p2a: Barraskewda|Barraskewda, L81, F|100/100\n|turn|3\n|inactive|Time left: 300 sec this turn | 300 sec total\n|\n|t:|1783543705\n|switch|p1a: Braviary|Braviary, L85, M|309/309\n|move|p2a: Barraskewda|Waterfall|p1a: Braviary\n|-damage|p1a: Braviary|143/309\n|\n|upkeep\n|turn|4\n|inactive|Time left: 300 sec this turn | 300 sec total\n|\n|t:|1783543706\n|switch|p1a: Krookodile|Krookodile, L79, M|280/280\n|-activate|p1a: Krookodile|move: Sticky Web\n|-unboost|p1a: Krookodile|spe|1\n|-ability|p1a: Krookodile|Intimidate|boost\n|-unboost|p2a: Barraskewda|atk|1\n|move|p2a: Barraskewda|Waterfall|p1a: Krookodile\n|-supereffective|p1a: Krookodile\n|-damage|p1a: Krookodile|80/280\n|\n|upkeep\n|turn|5\n|inactive|Time left: 300 sec this turn | 300 sec total\n|\n|t:|1783543707\n|move|p2a: Barraskewda|Waterfall|p1a: Krookodile\n|-supereffective|p1a: Krookodile\n|-damage|p1a: Krookodile|0 fnt\n|faint|p1a: Krookodile\n|\n|upkeep\n|inactive|Time left: 300 sec this turn | 300 sec total | 5 sec grace\n|\n|t:|1783543708\n|switch|p1a: Salamence|Salamence, L77, F|69/273\n|turn|6\n|inactive|Time left: 300 sec this turn | 300 sec total\n|\n|t:|1783543709\n|move|p2a: Barraskewda|Waterfall|p1a: Salamence\n|-resisted|p1a: Salamence\n|-damage|p1a: Salamence|11/273\n|move|p1a: Salamence|Dragon Dance|p1a: Salamence\n|-boost|p1a: Salamence|atk|1\n|-boost|p1a: Salamence|spe|1\n|\n|upkeep\n|turn|7\n|inactive|Time left: 300 sec this turn | 300 sec total\n|\n|t:|1783543710\n|switch|p2a: Bastiodon|Bastiodon, L89, M|100/100\n|move|p1a: Salamence|Outrage|p2a: Bastiodon\n|-resisted|p2a: Bastiodon\n|-damage|p2a: Bastiodon|77/100\n|\n|upkeep\n|turn|8\n|inactive|Time left: 300 sec this turn | 300 sec total\n|\n|t:|1783543711\n|move|p1a: Salamence|Outrage|p2a: Bastiodon|[from] lockedmove\n|-resisted|p2a: Bastiodon\n|-damage|p2a: Bastiodon|54/100\n|-start|p1a: Salamence|confusion|[fatigue]\n|move|p2a: Bastiodon|Body Press|p1a: Salamence\n|-resisted|p1a: Salamence\n|-damage|p1a: Salamence|0 fnt\n|faint|p1a: Salamence\n|\n|upkeep\n|inactive|Time left: 300 sec this turn | 300 sec total | 5 sec grace\n|\n|t:|1783543712\n|switch|p1a: Braviary|Braviary, L85, M|143/309\n|turn|9\n|inactive|Time left: 300 sec this turn | 300 sec total\n|\n|t:|1783543713\n|move|p1a: Braviary|Close Combat|p2a: Bastiodon\n|-supereffective|p2a: Bastiodon\n|-damage|p2a: Bastiodon|0 fnt\n|-unboost|p1a: Braviary|def|1\n|-unboost|p1a: Braviary|spd|1\n|faint|p2a: Bastiodon\n|\n|upkeep\n|\n|t:|1783543714\n|switch|p2a: Eternatus|Eternatus, L69|100/100\n|-ability|p2a: Eternatus|Pressure\n|turn|10\n|inactive|Time left: 300 sec this turn | 300 sec total\n|\n|t:|1783543715\n|switch|p1a: Diancie|Diancie, L82|216/216\n|-activate|p1a: Diancie|move: Sticky Web\n|-fail|p1a: Diancie|unboost|[from] ability: Clear Body|[of] p1a: Diancie\n|move|p2a: Eternatus|Meteor Beam||[still]\n|-prepare|p2a: Eternatus|Meteor Beam\n|-boost|p2a: Eternatus|spa|1\n|-enditem|p2a: Eternatus|Power Herb\n|-anim|p2a: Eternatus|Meteor Beam|p1a: Diancie\n|-damage|p1a: Diancie|159/216\n|\n|upkeep\n|turn|11\n|inactive|Time left: 300 sec this turn | 300 sec total\n|\n|t:|1783543716\n|move|p2a: Eternatus|Sludge Bomb|p1a: Diancie\n|-damage|p1a: Diancie|93/216\n|-status|p1a: Diancie|psn\n|move|p1a: Diancie|Earth Power|p2a: Eternatus\n|-supereffective|p2a: Eternatus\n|-damage|p2a: Eternatus|55/100\n|\n|-damage|p1a: Diancie|66/216 psn|[from] psn\n|upkeep\n|turn|12\n|inactive|Time left: 300 sec this turn | 300 sec total\n|\n|t:|1783543718\n|move|p2a: Eternatus|Meteor Beam||[still]\n|-prepare|p2a: Eternatus|Meteor Beam\n|-boost|p2a: Eternatus|spa|1\n|move|p1a: Diancie|Earth Power|p2a: Eternatus\n|-supereffective|p2a: Eternatus\n|-damage|p2a: Eternatus|12/100\n|\n|-damage|p1a: Diancie|39/216 psn|[from] psn\n|upkeep\n|turn|13\n|inactive|Time left: 300 sec this turn | 300 sec total\n|\n|t:|1783543719\n|move|p2a: Eternatus|Meteor Beam|p1a: Diancie|[from] lockedmove\n|-damage|p1a: Diancie|0 fnt\n|faint|p1a: Diancie\n|\n|upkeep\n|inactive|Time left: 300 sec this turn | 300 sec total | 5 sec grace\n|\n|t:|1783543720\n|switch|p1a: Zangoose|Zangoose, L85, M|263/263\n|-activate|p1a: Zangoose|move: Sticky Web\n|-unboost|p1a: Zangoose|spe|1\n|turn|14\n|inactive|Time left: 300 sec this turn | 300 sec total\n|\n|t:|1783543721\n|move|p1a: Zangoose|Quick Attack|p2a: Eternatus\n|-damage|p2a: Eternatus|0 fnt\n|faint|p2a: Eternatus\n|\n|-status|p1a: Zangoose|tox|[from] item: Toxic Orb\n|upkeep\n|\n|t:|1783543722\n|switch|p2a: Barraskewda|Barraskewda, L81, F|100/100\n|turn|15\n|inactive|Time left: 300 sec this turn | 300 sec total\n|\n|t:|1783543723\n|switch|p1a: Froslass|Froslass, L87, F|263/263\n|-activate|p1a: Froslass|move: Sticky Web\n|-unboost|p1a: Froslass|spe|1\n|move|p2a: Barraskewda|Close Combat|p1a: Froslass\n|-immune|p1a: Froslass\n|\n|upkeep\n|turn|16\n|inactive|Time left: 300 sec this turn | 300 sec total\n|\n|t:|1783543724\n|switch|p2a: Groudon|Groudon, L72|100/100\n|-weather|SunnyDay|[from] ability: Drought|[of] p2a: Groudon\n|move|p1a: Froslass|Poltergeist|p2a: Groudon\n|-activate|p2a: Groudon|move: Poltergeist|Leftovers\n|-damage|p2a: Groudon|70/100\n|\n|-weather|SunnyDay|[upkeep]\n|-heal|p2a: Groudon|77/100|[from] item: Leftovers\n|upkeep\n|turn|17\n|inactive|Time left: 300 sec this turn | 300 sec total\n|\n|t:|1783543725\n|switch|p1a: Braviary|Braviary, L85, M|143/309\n|move|p2a: Groudon|Heat Crash|p1a: Braviary\n|-crit|p1a: Braviary\n|-damage|p1a: Braviary|0 fnt\n|faint|p1a: Braviary\n|\n|-weather|SunnyDay|[upkeep]\n|-heal|p2a: Groudon|83/100|[from] item: Leftovers\n|upkeep\n|inactive|Time left: 300 sec this turn | 300 sec total | 5 sec grace\n|\n|t:|1783543726\n|switch|p1a: Zangoose|Zangoose, L85, M|263/263 tox\n|-activate|p1a: Zangoose|move: Sticky Web\n|-unboost|p1a: Zangoose|spe|1\n|turn|18\n|inactive|Time left: 300 sec this turn | 300 sec total\n|\n|t:|1783543727\n|-terastallize|p2a: Groudon|Fire\n|-terastallize|p1a: Zangoose|Normal\n|move|p2a: Groudon|Heat Crash|p1a: Zangoose\n|-damage|p1a: Zangoose|14/263 tox\n|move|p1a: Zangoose|Facade|p2a: Groudon\n|-damage|p2a: Groudon|0 fnt\n|faint|p2a: Groudon\n|\n|-weather|SunnyDay|[upkeep]\n|-damage|p1a: Zangoose|0 fnt|[from] psn\n|faint|p1a: Zangoose\n|upkeep\n|inactive|Time left: 300 sec this turn | 300 sec total | 5 sec grace\n|\n|t:|1783543728\n|switch|p1a: Froslass|Froslass, L87, F|263/263\n|switch|p2a: Barraskewda|Barraskewda, L81, F|100/100\n|-activate|p1a: Froslass|move: Sticky Web\n|-unboost|p1a: Froslass|spe|1\n|turn|19\n|inactive|Time left: 300 sec this turn | 300 sec total\n|\n|t:|1783543728\n|move|p2a: Barraskewda|Waterfall|p1a: Froslass\n|-damage|p1a: Froslass|187/263\n|-start|p2a: Barraskewda|Disable|Waterfall|[from] ability: Cursed Body|[of] p1a: Froslass\n|move|p1a: Froslass|Poltergeist|p2a: Barraskewda|[miss]\n|-miss|p1a: Froslass|p2a: Barraskewda\n|\n|-weather|SunnyDay|[upkeep]\n|upkeep\n|turn|20\n|inactive|Time left: 300 sec this turn | 300 sec total\n|\n|t:|1783543729\n|-activate|p2a: Barraskewda|move: Struggle\n|move|p2a: Barraskewda|Struggle|p1a: Froslass\n|-damage|p1a: Froslass|116/263\n|-damage|p2a: Barraskewda|75/100|[from] recoil\n|move|p1a: Froslass|Destiny Bond|p1a: Froslass\n|-singlemove|p1a: Froslass|Destiny Bond\n|\n|-weather|none\n|upkeep\n|turn|21\n|inactive|Time left: 300 sec this turn | 300 sec total\n|\n|t:|1783543730\n|-activate|p2a: Barraskewda|move: Struggle\n|move|p2a: Barraskewda|Struggle|p1a: Froslass\n|-damage|p1a: Froslass|49/263\n|-damage|p2a: Barraskewda|50/100|[from] recoil\n|move|p1a: Froslass|Spikes|p2a: Barraskewda\n|-sidestart|p2: p0y398ea04|Spikes\n|\n|upkeep\n|turn|22\n|inactive|Time left: 300 sec this turn | 300 sec total\n|\n|t:|1783543730\n|-activate|p2a: Barraskewda|move: Struggle\n|move|p2a: Barraskewda|Struggle|p1a: Froslass\n|-damage|p1a: Froslass|0 fnt\n|faint|p1a: Froslass\n|-damage|p2a: Barraskewda|25/100|[from] recoil\n|\n|win|p0y398ea04", "uploadtime": 1783543731, "views": 0, "rating": 0, "private": 0, "password": null, "_winner": "p0y398ea04", "_our_name": "p0x398b68a"}