{"id": "battle-gen9randombattle-14", "formatid": "gen9randombattle", "format": "[Gen 9] Random Battle", "players": ["p0x0144a14", "p0y0141fee"], "log": "|init|battle\n|title|p0x0144a14 vs. p0y0141fee\n|j|\u2606p0x0144a14\n|j|\u2606p0y0141fee\n|t:|1783533415\n|gametype|singles\n|player|p1|p0x0144a14|265|\n|player|p2|p0y0141fee|265|\n|gen|9\n|tier|[Gen 9] Random Battle\n|rule|Species Clause: Limit one of each Pok\u00e9mon\n|rule|HP Percentage Mod: HP is shown in percentages\n|rule|Sleep Clause Mod: Limit one foe put to sleep\n|rule|Illusion Level Mod: Illusion disguises the Pok\u00e9mon's true level\n|\n|t:|1783533415\n|teamsize|p1|6\n|teamsize|p2|6\n|start\n|switch|p1a: Leavanny|Leavanny, L86, M|269/269\n|switch|p2a: Regidrago|Regidrago, L77|100/100\n|turn|1\n|inactive|Battle timer is ON: inactive players will automatically lose when time's up. (requested by p0x0144a14)\n|inactive|p0y0141fee also wants the timer to be on.\n|\n|t:|1783533417\n|move|p1a: Leavanny|Sticky Web|p2a: Regidrago\n|-sidestart|p2: p0y0141fee|move: Sticky Web\n|move|p2a: Regidrago|Outrage|p1a: Leavanny\n|-damage|p1a: Leavanny|104/269\n|\n|upkeep\n|turn|2\n|inactive|Time left: 300 sec this turn | 300 sec total\n|\n|t:|1783533418\n|move|p1a: Leavanny|Triple Axel|p2a: Regidrago\n|-supereffective|p2a: Regidrago\n|-damage|p2a: Regidrago|90/100\n|-supereffective|p2a: Regidrago\n|-damage|p2a: Regidrago|66/100\n|-supereffective|p2a: Regidrago\n|-damage|p2a: Regidrago|28/100\n|-hitcount|p2a: Regidrago|3\n|move|p2a: Regidrago|Outrage|p1a: Leavanny|[from] lockedmove\n|-damage|p1a: Leavanny|0 fnt\n|faint|p1a: Leavanny\n|\n|upkeep\n|inactive|Time left: 300 sec this turn | 300 sec total | 5 sec grace\n|\n|t:|1783533419\n|switch|p1a: Politoed|Politoed, L88, M|302/302\n|-weather|RainDance|[from] ability: Drizzle|[of] p1a: Politoed\n|turn|3\n|inactive|Time left: 300 sec this turn | 300 sec total\n|\n|t:|1783533421\n|move|p1a: Politoed|Weather Ball|p2a: Regidrago\n|-resisted|p2a: Regidrago\n|-damage|p2a: Regidrago|0 fnt\n|faint|p2a: Regidrago\n|\n|-weather|RainDance|[upkeep]\n|upkeep\n|\n|t:|1783533422\n|switch|p2a: Poliwrath|Poliwrath, L88, F|100/100\n|-activate|p2a: Poliwrath|move: Sticky Web\n|-unboost|p2a: Poliwrath|spe|1\n|turn|4\n|inactive|Time left: 300 sec this turn | 300 sec total\n|\n|t:|1783533423\n|move|p1a: Politoed|Weather Ball|p2a: Poliwrath\n|-immune|p2a: Poliwrath|[from] ability: Water Absorb\n|move|p2a: Poliwrath|Liquidation|p1a: Politoed\n|-resisted|p1a: Politoed\n|-damage|p1a: Politoed|229/302\n|-unboost|p1a: Politoed|def|1\n|\n|-weather|RainDance|[upkeep]\n|upkeep\n|turn|5\n|inactive|Time left: 300 sec this turn | 300 sec total\n|\n|t:|1783533424\n|switch|p1a: Wo-Chien|Wo-Chien, L83|277/277\n|-ability|p1a: Wo-Chien|Tablets of Ruin\n|move|p2a: Poliwrath|Liquidation|p1a: Wo-Chien\n|-resisted|p1a: Wo-Chien\n|-damage|p1a: Wo-Chien|227/277\n|\n|-weather|RainDance|[upkeep]\n|-heal|p1a: Wo-Chien|244/277|[from] item: Leftovers\n|upkeep\n|turn|6\n|inactive|Time left: 300 sec this turn | 300 sec total\n|\n|t:|1783533425\n|move|p1a: Wo-Chien|Ruination|p2a: Poliwrath\n|-damage|p2a: Poliwrath|50/100\n|move|p2a: Poliwrath|Drain Punch|p1a: Wo-Chien\n|-supereffective|p1a: Wo-Chien\n|-damage|p1a: Wo-Chien|112/277\n|-heal|p2a: Poliwrath|72/100|[from] drain|[of] p1a: Wo-Chien\n|\n|-weather|RainDance|[upkeep]\n|-heal|p1a: Wo-Chien|129/277|[from] item: Leftovers\n|-heal|p2a: Poliwrath|78/100|[from] item: Leftovers\n|upkeep\n|turn|7\n|inactive|Time left: 300 sec this turn | 300 sec total\n|\n|t:|1783533427\n|move|p1a: Wo-Chien|Giga Drain|p2a: Poliwrath\n|-supereffective|p2a: Poliwrath\n|-damage|p2a: Poliwrath|34/100\n|-heal|p1a: Wo-Chien|196/277|[from] drain|[of] p2a: Poliwrath\n|move|p2a: Poliwrath|Drain Punch|p1a: Wo-Chien\n|-supereffective|p1a: Wo-Chien\n|-damage|p1a: Wo-Chien|68/277\n|-heal|p2a: Poliwrath|55/100|[from] drain|[of] p1a: Wo-Chien\n|\n|-weather|none\n|-heal|p1a: Wo-Chien|85/277|[from] item: Leftovers\n|-heal|p2a: Poliwrath|61/100|[from] item: Leftovers\n|upkeep\n|turn|8\n|inactive|Time left: 300 sec this turn | 300 sec total\n|\n|t:|1783533428\n|move|p1a: Wo-Chien|Giga Drain|p2a: Poliwrath\n|-supereffective|p2a: Poliwrath\n|-damage|p2a: Poliwrath|17/100\n|-heal|p1a: Wo-Chien|152/277|[from] drain|[of] p2a: Poliwrath\n|move|p2a: Poliwrath|Drain Punch|p1a: Wo-Chien\n|-supereffective|p1a: Wo-Chien\n|-damage|p1a: Wo-Chien|38/277\n|-heal|p2a: Poliwrath|36/100|[from] drain|[of] p1a: Wo-Chien\n|\n|-heal|p1a: Wo-Chien|55/277|[from] item: Leftovers\n|-heal|p2a: Poliwrath|42/100|[from] item: Leftovers\n|upkeep\n|turn|9\n|inactive|Time left: 300 sec this turn | 300 sec total\n|\n|t:|1783533429\n|move|p1a: Wo-Chien|Giga Drain|p2a: Poliwrath\n|-supereffective|p2a: Poliwrath\n|-damage|p2a: Poliwrath|0 fnt\n|-heal|p1a: Wo-Chien|117/277|[from] drain|[of] p2a: Poliwrath\n|faint|p2a: Poliwrath\n|\n|-heal|p1a: Wo-Chien|134/277|[from] item: Leftovers\n|upkeep\n|\n|t:|1783533430\n|switch|p2a: Enamorus|Enamorus, L79, F|100/100\n|turn|10\n|inactive|Time left: 300 sec this turn | 300 sec total\n|\n|t:|1783533431\n|switch|p1a: Lunala|Lunala, L70|308/308\n|move|p2a: Enamorus|Superpower|p1a: Lunala\n|-immune|p1a: Lunala\n|\n|upkeep\n|turn|11\n|inactive|Time left: 300 sec this turn | 300 sec total\n|\n|t:|1783533432\n|move|p2a: Enamorus|Substitute|p2a: Enamorus\n|-start|p2a: Enamorus|Substitute\n|-damage|p2a: Enamorus|76/100\n|move|p1a: Lunala|Calm Mind|p1a: Lunala\n|-boost|p1a: Lunala|spa|1\n|-boost|p1a: Lunala|spd|1\n|\n|-heal|p2a: Enamorus|82/100|[from] item: Leftovers\n|upkeep\n|turn|12\n|inactive|Time left: 300 sec this turn | 300 sec total\n|\n|t:|1783533433\n|move|p2a: Enamorus|Play Rough|p1a: Lunala\n|-damage|p1a: Lunala|251/308\n|move|p1a: Lunala|Moongeist Beam|p2a: Enamorus\n|-end|p2a: Enamorus|Substitute\n|\n|-heal|p2a: Enamorus|88/100|[from] item: Leftovers\n|-heal|p1a: Lunala|270/308|[from] item: Leftovers\n|upkeep\n|turn|13\n|inactive|Time left: 300 sec this turn | 300 sec total\n|\n|t:|1783533434\n|move|p2a: Enamorus|Substitute|p2a: Enamorus\n|-start|p2a: Enamorus|Substitute\n|-damage|p2a: Enamorus|63/100\n|move|p1a: Lunala|Moongeist Beam|p2a: Enamorus\n|-end|p2a: Enamorus|Substitute\n|\n|-heal|p2a: Enamorus|69/100|[from] item: Leftovers\n|-heal|p1a: Lunala|289/308|[from] item: Leftovers\n|upkeep\n|turn|14\n|inactive|Time left: 300 sec this turn | 300 sec total\n|\n|t:|1783533435\n|move|p2a: Enamorus|Substitute|p2a: Enamorus\n|-start|p2a: Enamorus|Substitute\n|-damage|p2a: Enamorus|45/100\n|move|p1a: Lunala|Moongeist Beam|p2a: Enamorus\n|-end|p2a: Enamorus|Substitute\n|\n|-heal|p2a: Enamorus|51/100|[from] item: Leftovers\n|-heal|p1a: Lunala|308/308|[from] item: Leftovers\n|upkeep\n|turn|15\n|inactive|Time left: 300 sec this turn | 300 sec total\n|\n|t:|1783533436\n|move|p2a: Enamorus|Substitute|p2a: Enamorus\n|-start|p2a: Enamorus|Substitute\n|-damage|p2a: Enamorus|26/100\n|move|p1a: Lunala|Moongeist Beam|p2a: Enamorus\n|-end|p2a: Enamorus|Substitute\n|\n|-heal|p2a: Enamorus|32/100|[from] item: Leftovers\n|upkeep\n|turn|16\n|inactive|Time left: 300 sec this turn | 300 sec total\n|\n|t:|1783533437\n|move|p2a: Enamorus|Substitute|p2a: Enamorus\n|-start|p2a: Enamorus|Substitute\n|-damage|p2a: Enamorus|7/100\n|move|p1a: Lunala|Psyshock|p2a: Enamorus\n|-end|p2a: Enamorus|Substitute\n|\n|-heal|p2a: Enamorus|13/100|[from] item: Leftovers\n|upkeep\n|turn|17\n|inactive|Time left: 300 sec this turn | 300 sec total\n|\n|t:|1783533437\n|move|p2a: Enamorus|Play Rough|p1a: Lunala\n|-damage|p1a: Lunala|250/308\n|move|p1a: Lunala|Moongeist Beam|p2a: Enamorus\n|-damage|p2a: Enamorus|0 fnt\n|faint|p2a: Enamorus\n|\n|-heal|p1a: Lunala|269/308|[from] item: Leftovers\n|upkeep\n|\n|t:|1783533438\n|switch|p2a: Mew|Mew, L82|100/100\n|-activate|p2a: Mew|move: Sticky Web\n|-unboost|p2a: Mew|spe|1\n|turn|18\n|inactive|Time left: 300 sec this turn | 300 sec total\n|\n|t:|1783533439\n|move|p1a: Lunala|Moongeist Beam|p2a: Mew\n|-supereffective|p2a: Mew\n|-damage|p2a: Mew|11/100\n|move|p2a: Mew|Knock Off|p1a: Lunala\n|-supereffective|p1a: Lunala\n|-damage|p1a: Lunala|0 fnt\n|-enditem|p1a: Lunala|Leftovers|[from] move: Knock Off|[of] p2a: Mew\n|faint|p1a: Lunala\n|-damage|p2a: Mew|2/100|[from] item: Life Orb\n|\n|upkeep\n|inactive|Time left: 300 sec this turn | 300 sec total | 5 sec grace\n|\n|t:|1783533440\n|switch|p1a: Politoed|Politoed, L88, M|229/302\n|-weather|RainDance|[from] ability: Drizzle|[of] p1a: Politoed\n|turn|19\n|inactive|Time left: 300 sec this turn | 300 sec total\n|\n|t:|1783533440\n|move|p1a: Politoed|Weather Ball|p2a: Mew\n|-damage|p2a: Mew|0 fnt\n|faint|p2a: Mew\n|\n|-weather|RainDance|[upkeep]\n|upkeep\n|\n|t:|1783533441\n|switch|p2a: Toedscruel|Toedscruel, L87, F|100/100\n|-activate|p2a: Toedscruel|move: Sticky Web\n|-unboost|p2a: Toedscruel|spe|1\n|turn|20\n|inactive|Time left: 300 sec this turn | 300 sec total\n|\n|t:|1783533442\n|move|p1a: Politoed|Weather Ball|p2a: Toedscruel\n|-damage|p2a: Toedscruel|36/100\n|move|p2a: Toedscruel|Rapid Spin|p1a: Politoed\n|-damage|p1a: Politoed|195/302\n|-boost|p2a: Toedscruel|spe|1\n|-sideend|p2: p0y0141fee|Sticky Web|[from] move: Rapid Spin|[of] p2a: Toedscruel\n|\n|-weather|RainDance|[upkeep]\n|-heal|p2a: Toedscruel|42/100|[from] item: Leftovers\n|upkeep\n|turn|21\n|inactive|Time left: 300 sec this turn | 300 sec total\n|\n|t:|1783533443\n|switch|p1a: Wo-Chien|Wo-Chien, L83|134/277\n|-ability|p1a: Wo-Chien|Tablets of Ruin\n|move|p2a: Toedscruel|Spore|p1a: Wo-Chien\n|-immune|p1a: Wo-Chien\n|\n|-weather|RainDance|[upkeep]\n|-heal|p2a: Toedscruel|48/100|[from] item: Leftovers\n|-heal|p1a: Wo-Chien|151/277|[from] item: Leftovers\n|upkeep\n|turn|22\n|inactive|Time left: 300 sec this turn | 300 sec total\n|\n|t:|1783533444\n|move|p2a: Toedscruel|Earth Power|p1a: Wo-Chien\n|-resisted|p1a: Wo-Chien\n|-damage|p1a: Wo-Chien|121/277\n|move|p1a: Wo-Chien|Knock Off|p2a: Toedscruel\n|-damage|p2a: Toedscruel|9/100\n|-enditem|p2a: Toedscruel|Leftovers|[from] move: Knock Off|[of] p1a: Wo-Chien\n|\n|-weather|RainDance|[upkeep]\n|-heal|p1a: Wo-Chien|138/277|[from] item: Leftovers\n|upkeep\n|turn|23\n|inactive|Time left: 300 sec this turn | 300 sec total\n|\n|t:|1783533445\n|move|p2a: Toedscruel|Earth Power|p1a: Wo-Chien\n|-resisted|p1a: Wo-Chien\n|-damage|p1a: Wo-Chien|105/277\n|move|p1a: Wo-Chien|Giga Drain|p2a: Toedscruel\n|-damage|p2a: Toedscruel|0 fnt\n|-heal|p1a: Wo-Chien|117/277|[from] drain|[of] p2a: Toedscruel\n|faint|p2a: Toedscruel\n|\n|-weather|none\n|-heal|p1a: Wo-Chien|134/277|[from] item: Leftovers\n|upkeep\n|\n|t:|1783533446\n|switch|p2a: Chimecho|Chimecho, L93, F|100/100\n|turn|24\n|inactive|Time left: 300 sec this turn | 300 sec total\n|\n|t:|1783533447\n|switch|p1a: Ursaluna|Ursaluna, L79, F|335/335\n|move|p2a: Chimecho|Cosmic Power|p2a: Chimecho\n|-boost|p2a: Chimecho|def|1\n|-boost|p2a: Chimecho|spd|1\n|\n|-status|p1a: Ursaluna|brn|[from] item: Flame Orb\n|upkeep\n|turn|25\n|inactive|Time left: 300 sec this turn | 300 sec total\n|\n|t:|1783533448\n|move|p2a: Chimecho|Cosmic Power|p2a: Chimecho\n|-boost|p2a: Chimecho|def|1\n|-boost|p2a: Chimecho|spd|1\n|move|p1a: Ursaluna|Facade|p2a: Chimecho\n|-damage|p2a: Chimecho|53/100\n|\n|-heal|p2a: Chimecho|59/100|[from] item: Leftovers\n|-damage|p1a: Ursaluna|315/335 brn|[from] brn\n|upkeep\n|turn|26\n|inactive|Time left: 300 sec this turn | 300 sec total\n|\n|t:|1783533449\n|-terastallize|p2a: Chimecho|Steel\n|move|p2a: Chimecho|Stored Power|p1a: Ursaluna\n|-damage|p1a: Ursaluna|180/335 brn\n|move|p1a: Ursaluna|Facade|p2a: Chimecho\n|-resisted|p2a: Chimecho\n|-damage|p2a: Chimecho|38/100\n|\n|-heal|p2a: Chimecho|45/100|[from] item: Leftovers\n|-damage|p1a: Ursaluna|160/335 brn|[from] brn\n|upkeep\n|turn|27\n|inactive|Time left: 300 sec this turn | 300 sec total\n|\n|t:|1783533451\n|switch|p1a: Lucario|Lucario, L84, M|255/255\n|move|p2a: Chimecho|Recover|p2a: Chimecho\n|-heal|p2a: Chimecho|95/100\n|\n|-heal|p2a: Chimecho|100/100|[from] item: Leftovers\n|upkeep\n|turn|28\n|inactive|Time left: 300 sec this turn | 300 sec total\n|\n|t:|1783533452\n|move|p1a: Lucario|Close Combat|p2a: Chimecho\n|-supereffective|p2a: Chimecho\n|-damage|p2a: Chimecho|27/100\n|-unboost|p1a: Lucario|def|1\n|-unboost|p1a: Lucario|spd|1\n|move|p2a: Chimecho|Recover|p2a: Chimecho\n|-heal|p2a: Chimecho|77/100\n|\n|-heal|p2a: Chimecho|84/100|[from] item: Leftovers\n|upkeep\n|turn|29\n|inactive|Time left: 300 sec this turn | 300 sec total\n|\n|t:|1783533453\n|move|p1a: Lucario|Close Combat|p2a: Chimecho\n|-supereffective|p2a: Chimecho\n|-damage|p2a: Chimecho|8/100\n|-unboost|p1a: Lucario|def|1\n|-unboost|p1a: Lucario|spd|1\n|move|p2a: Chimecho|Stored Power|p1a: Lucario\n|-damage|p1a: Lucario|0 fnt\n|faint|p1a: Lucario\n|\n|-heal|p2a: Chimecho|15/100|[from] item: Leftovers\n|upkeep\n|inactive|Time left: 300 sec this turn | 300 sec total | 5 sec grace\n|\n|t:|1783533455\n|switch|p1a: Politoed|Politoed, L88, M|195/302\n|-weather|RainDance|[from] ability: Drizzle|[of] p1a: Politoed\n|turn|30\n|inactive|Time left: 300 sec this turn | 300 sec total\n|\n|t:|1783533455\n|-terastallize|p1a: Politoed|Water\n|move|p2a: Chimecho|Recover|p2a: Chimecho\n|-heal|p2a: Chimecho|65/100\n|move|p1a: Politoed|Hydro Pump|p2a: Chimecho\n|-damage|p2a: Chimecho|7/100\n|\n|-weather|RainDance|[upkeep]\n|-heal|p2a: Chimecho|14/100|[from] item: Leftovers\n|upkeep\n|turn|31\n|inactive|Time left: 300 sec this turn | 300 sec total\n|\n|t:|1783533457\n|move|p2a: Chimecho|Recover|p2a: Chimecho\n|-heal|p2a: Chimecho|64/100\n|move|p1a: Politoed|Hydro Pump|p2a: Chimecho\n|-damage|p2a: Chimecho|8/100\n|\n|-weather|RainDance|[upkeep]\n|-heal|p2a: Chimecho|15/100|[from] item: Leftovers\n|upkeep\n|turn|32\n|inactive|Time left: 300 sec this turn | 300 sec total\n|\n|t:|1783533458\n|move|p2a: Chimecho|Recover|p2a: Chimecho\n|-heal|p2a: Chimecho|65/100\n|move|p1a: Politoed|Hydro Pump|p2a: Chimecho\n|-damage|p2a: Chimecho|10/100\n|\n|-weather|RainDance|[upkeep]\n|-heal|p2a: Chimecho|16/100|[from] item: Leftovers\n|upkeep\n|turn|33\n|inactive|Time left: 300 sec this turn | 300 sec total\n|\n|t:|1783533459\n|move|p2a: Chimecho|Recover|p2a: Chimecho\n|-heal|p2a: Chimecho|66/100\n|move|p1a: Politoed|Hydro Pump|p2a: Chimecho\n|-damage|p2a: Chimecho|6/100\n|\n|-weather|RainDance|[upkeep]\n|-heal|p2a: Chimecho|12/100|[from] item: Leftovers\n|upkeep\n|turn|34\n|inactive|Time left: 300 sec this turn | 300 sec total\n|\n|t:|1783533460\n|move|p2a: Chimecho|Recover|p2a: Chimecho\n|-heal|p2a: Chimecho|62/100\n|move|p1a: Politoed|Hydro Pump|p2a: Chimecho\n|-damage|p2a: Chimecho|7/100\n|\n|-weather|none\n|-heal|p2a: Chimecho|13/100|[from] item: Leftovers\n|upkeep\n|turn|35\n|inactive|Time left: 300 sec this turn | 300 sec total\n|\n|t:|1783533462\n|move|p2a: Chimecho|Recover|p2a: Chimecho\n|-heal|p2a: Chimecho|63/100\n|move|p1a: Politoed|Hydro Pump|p2a: Chimecho|[miss]\n|-miss|p1a: Politoed|p2a: Chimecho\n|\n|-heal|p2a: Chimecho|69/100|[from] item: Leftovers\n|upkeep\n|turn|36\n|inactive|Time left: 300 sec this turn | 300 sec total\n|\n|t:|1783533463\n|move|p2a: Chimecho|Cosmic Power|p2a: Chimecho\n|-boost|p2a: Chimecho|def|1\n|-boost|p2a: Chimecho|spd|1\n|move|p1a: Politoed|Hydro Pump|p2a: Chimecho\n|-damage|p2a: Chimecho|40/100\n|\n|-heal|p2a: Chimecho|46/100|[from] item: Leftovers\n|upkeep\n|turn|37\n|inactive|Time left: 300 sec this turn | 300 sec total\n|\n|t:|1783533464\n|move|p2a: Chimecho|Dazzling Gleam|p1a: Politoed\n|-damage|p1a: Politoed|137/302\n|move|p1a: Politoed|Hydro Pump|p2a: Chimecho\n|-damage|p2a: Chimecho|15/100\n|\n|-heal|p2a: Chimecho|21/100|[from] item: Leftovers\n|upkeep\n|turn|38\n|inactive|Time left: 300 sec this turn | 300 sec total\n|\n|t:|1783533466\n|move|p2a: Chimecho|Dazzling Gleam|p1a: Politoed\n|-damage|p1a: Politoed|72/302\n|-activate|p1a: Politoed|move: Struggle\n|move|p1a: Politoed|Struggle|p2a: Chimecho\n|-damage|p2a: Chimecho|17/100\n|-damage|p1a: Politoed|0 fnt|[from] recoil\n|faint|p1a: Politoed\n|\n|-heal|p2a: Chimecho|24/100|[from] item: Leftovers\n|upkeep\n|inactive|Time left: 300 sec this turn | 300 sec total | 5 sec grace\n|\n|t:|1783533467\n|switch|p1a: Wo-Chien|Wo-Chien, L83|134/277\n|-ability|p1a: Wo-Chien|Tablets of Ruin\n|turn|39\n|inactive|Time left: 300 sec this turn | 300 sec total\n|\n|t:|1783533468\n|move|p2a: Chimecho|Dazzling Gleam|p1a: Wo-Chien\n|-supereffective|p1a: Wo-Chien\n|-damage|p1a: Wo-Chien|36/277\n|move|p1a: Wo-Chien|Stun Spore|p2a: Chimecho\n|-status|p2a: Chimecho|par\n|\n|-heal|p1a: Wo-Chien|53/277|[from] item: Leftovers\n|-heal|p2a: Chimecho|30/100 par|[from] item: Leftovers\n|upkeep\n|turn|40\n|inactive|Time left: 300 sec this turn | 300 sec total\n|\n|t:|1783533469\n|move|p1a: Wo-Chien|Knock Off|p2a: Chimecho\n|-damage|p2a: Chimecho|17/100 par\n|-enditem|p2a: Chimecho|Leftovers|[from] move: Knock Off|[of] p1a: Wo-Chien\n|cant|p2a: Chimecho|par\n|\n|-heal|p1a: Wo-Chien|70/277|[from] item: Leftovers\n|upkeep\n|turn|41\n|inactive|Time left: 300 sec this turn | 300 sec total\n|\n|t:|1783533470\n|move|p1a: Wo-Chien|Knock Off|p2a: Chimecho\n|-damage|p2a: Chimecho|9/100 par\n|move|p2a: Chimecho|Cosmic Power|p2a: Chimecho\n|-boost|p2a: Chimecho|def|1\n|-boost|p2a: Chimecho|spd|1\n|\n|-heal|p1a: Wo-Chien|87/277|[from] item: Leftovers\n|upkeep\n|turn|42\n|inactive|Time left: 300 sec this turn | 300 sec total\n|\n|t:|1783533471\n|move|p1a: Wo-Chien|Knock Off|p2a: Chimecho\n|-damage|p2a: Chimecho|1/100 par\n|move|p2a: Chimecho|Cosmic Power|p2a: Chimecho\n|-boost|p2a: Chimecho|def|1\n|-boost|p2a: Chimecho|spd|1\n|\n|-heal|p1a: Wo-Chien|104/277|[from] item: Leftovers\n|upkeep\n|turn|43\n|inactive|Time left: 300 sec this turn | 300 sec total\n|\n|t:|1783533472\n|move|p1a: Wo-Chien|Knock Off|p2a: Chimecho\n|-damage|p2a: Chimecho|0 fnt\n|faint|p2a: Chimecho\n|\n|win|p0x0144a14", "uploadtime": 1783533472, "views": 0, "rating": 0, "private": 0, "password": null, "_winner": "p0x0144a14", "_our_name": "p0x0144a14"}