{"id": "battle-gen9randombattle-1337", "formatid": "gen9randombattle", "format": "[Gen 9] Random Battle", "players": ["p0x133736ba", "p0y13376574"], "log": "|init|battle\n|title|p0x133736ba vs. p0y13376574\n|j|\u2606p0x133736ba\n|j|\u2606p0y13376574\n|t:|1783555546\n|gametype|singles\n|player|p1|p0x133736ba|266|\n|player|p2|p0y13376574|1|\n|gen|9\n|tier|[Gen 9] Random Battle\n|rule|Species Clause: Limit one of each Pok\u00e9mon\n|rule|HP Percentage Mod: HP is shown in percentages\n|rule|Sleep Clause Mod: Limit one foe put to sleep\n|rule|Illusion Level Mod: Illusion disguises the Pok\u00e9mon's true level\n|\n|t:|1783555546\n|teamsize|p1|6\n|teamsize|p2|6\n|start\n|switch|p1a: Sawsbuck|Sawsbuck, L88, F|100/100\n|switch|p2a: Ninetales|Ninetales-Alola, L78, M|242/242\n|-weather|Snowscape|[from] ability: Snow Warning|[of] p2a: Ninetales\n|turn|1\n|inactive|Battle timer is ON: inactive players will automatically lose when time's up. (requested by p0y13376574)\n|\n|t:|1783555548\n|move|p1a: Sawsbuck|Headbutt|p2a: Ninetales\n|-damage|p2a: Ninetales|155/242\n|-damage|p1a: Sawsbuck|91/100|[from] item: Life Orb\n|cant|p2a: Ninetales|flinch\n|\n|-weather|Snowscape|[upkeep]\n|upkeep\n|turn|2\n|inactive|Time left: 300 sec this turn | 300 sec total\n|inactive|p0x133736ba also wants the timer to be on.\n|\n|t:|1783555549\n|move|p1a: Sawsbuck|Headbutt|p2a: Ninetales\n|-damage|p2a: Ninetales|60/242\n|-damage|p1a: Sawsbuck|81/100|[from] item: Life Orb\n|cant|p2a: Ninetales|flinch\n|\n|-weather|Snowscape|[upkeep]\n|upkeep\n|turn|3\n|inactive|Time left: 300 sec this turn | 300 sec total\n|\n|t:|1783555550\n|switch|p2a: Ariados|Ariados, L95, M|287/287\n|move|p1a: Sawsbuck|Horn Leech|p2a: Ariados\n|-resisted|p2a: Ariados\n|-damage|p2a: Ariados|257/287\n|-heal|p1a: Sawsbuck|86/100|[from] drain|[of] p2a: Ariados\n|-damage|p1a: Sawsbuck|76/100|[from] item: Life Orb\n|\n|-weather|Snowscape|[upkeep]\n|upkeep\n|turn|4\n|inactive|Time left: 300 sec this turn | 300 sec total\n|\n|t:|1783555550\n|move|p1a: Sawsbuck|Headbutt|p2a: Ariados\n|-damage|p2a: Ariados|148/287\n|-damage|p1a: Sawsbuck|66/100|[from] item: Life Orb\n|move|p2a: Ariados|Sticky Web|p1a: Sawsbuck\n|-sidestart|p1: p0x133736ba|move: Sticky Web\n|\n|-weather|Snowscape|[upkeep]\n|upkeep\n|turn|5\n|inactive|Time left: 300 sec this turn | 300 sec total\n|\n|t:|1783555551\n|switch|p1a: Yanmega|Yanmega, L82, F|100/100\n|move|p2a: Ariados|Megahorn|p1a: Yanmega\n|-resisted|p1a: Yanmega\n|-damage|p1a: Yanmega|71/100\n|\n|-weather|none\n|upkeep\n|turn|6\n|inactive|Time left: 300 sec this turn | 300 sec total\n|\n|t:|1783555552\n|switch|p2a: Iron Moth|Iron Moth, L78|253/253\n|move|p1a: Yanmega|Air Slash|p2a: Iron Moth\n|-damage|p2a: Iron Moth|174/253\n|\n|-ability|p1a: Yanmega|Speed Boost|boost\n|-boost|p1a: Yanmega|spe|1\n|upkeep\n|turn|7\n|inactive|Time left: 300 sec this turn | 300 sec total\n|\n|t:|1783555554\n|-terastallize|p1a: Yanmega|Ground\n|move|p1a: Yanmega|Tera Blast|p2a: Iron Moth|[anim] Tera Blast Ground\n|-supereffective|p2a: Iron Moth\n|-crit|p2a: Iron Moth\n|-damage|p2a: Iron Moth|0 fnt\n|faint|p2a: Iron Moth\n|-end|p2a: Iron Moth|Quark Drive|[silent]\n|\n|-ability|p1a: Yanmega|Speed Boost|boost\n|-boost|p1a: Yanmega|spe|1\n|upkeep\n|inactive|Time left: 300 sec this turn | 300 sec total | 5 sec grace\n|\n|t:|1783555555\n|switch|p2a: Politoed|Politoed, L88, M|302/302\n|-weather|RainDance|[from] ability: Drizzle|[of] p2a: Politoed\n|turn|8\n|inactive|Time left: 300 sec this turn | 300 sec total\n|\n|t:|1783555556\n|move|p1a: Yanmega|Protect|p1a: Yanmega\n|-singleturn|p1a: Yanmega|Protect\n|move|p2a: Politoed|Hydro Pump|p1a: Yanmega\n|-activate|p1a: Yanmega|move: Protect\n|\n|-weather|RainDance|[upkeep]\n|-ability|p1a: Yanmega|Speed Boost|boost\n|-boost|p1a: Yanmega|spe|1\n|upkeep\n|turn|9\n|inactive|Time left: 300 sec this turn | 300 sec total\n|\n|t:|1783555557\n|move|p1a: Yanmega|Air Slash|p2a: Politoed\n|-crit|p2a: Politoed\n|-damage|p2a: Politoed|187/302\n|move|p2a: Politoed|Hydro Pump|p1a: Yanmega\n|-supereffective|p1a: Yanmega\n|-damage|p1a: Yanmega|0 fnt\n|faint|p1a: Yanmega\n|\n|-weather|RainDance|[upkeep]\n|upkeep\n|\n|t:|1783555558\n|switch|p1a: Sawsbuck|Sawsbuck, L88, F|66/100\n|-activate|p1a: Sawsbuck|move: Sticky Web\n|-unboost|p1a: Sawsbuck|spe|1\n|turn|10\n|inactive|Time left: 300 sec this turn | 300 sec total\n|\n|t:|1783555559\n|move|p2a: Politoed|Ice Beam|p1a: Sawsbuck\n|-supereffective|p1a: Sawsbuck\n|-damage|p1a: Sawsbuck|13/100\n|move|p1a: Sawsbuck|Horn Leech|p2a: Politoed\n|-supereffective|p2a: Politoed\n|-damage|p2a: Politoed|0 fnt\n|-heal|p1a: Sawsbuck|46/100|[from] drain|[of] p2a: Politoed\n|faint|p2a: Politoed\n|-damage|p1a: Sawsbuck|36/100|[from] item: Life Orb\n|\n|-weather|RainDance|[upkeep]\n|upkeep\n|inactive|Time left: 300 sec this turn | 300 sec total | 5 sec grace\n|\n|t:|1783555560\n|switch|p2a: Ninetales|Ninetales-Alola, L78, M|60/242\n|-weather|Snowscape|[from] ability: Snow Warning|[of] p2a: Ninetales\n|turn|11\n|inactive|Time left: 300 sec this turn | 300 sec total\n|\n|t:|1783555561\n|switch|p1a: Magcargo|Magcargo, L95, M|100/100\n|move|p2a: Ninetales|Aurora Veil|p2a: Ninetales\n|-sidestart|p2: p0y13376574|move: Aurora Veil\n|\n|-weather|Snowscape|[upkeep]\n|upkeep\n|turn|12\n|inactive|Time left: 300 sec this turn | 300 sec total\n|\n|t:|1783555562\n|switch|p2a: Grumpig|Grumpig, L92, F|297/297\n|move|p1a: Magcargo|Power Gem|p2a: Grumpig\n|-damage|p2a: Grumpig|255/297\n|\n|-weather|Snowscape|[upkeep]\n|-heal|p2a: Grumpig|273/297|[from] item: Leftovers\n|upkeep\n|turn|13\n|inactive|Time left: 300 sec this turn | 300 sec total\n|\n|t:|1783555563\n|move|p2a: Grumpig|Nasty Plot|p2a: Grumpig\n|-boost|p2a: Grumpig|spa|2\n|move|p1a: Magcargo|Yawn|p2a: Grumpig\n|-start|p2a: Grumpig|move: Yawn|[of] p1a: Magcargo\n|\n|-weather|Snowscape|[upkeep]\n|-heal|p2a: Grumpig|291/297|[from] item: Leftovers\n|upkeep\n|turn|14\n|inactive|Time left: 300 sec this turn | 300 sec total\n|\n|t:|1783555565\n|switch|p1a: Deoxys|Deoxys-Defense, L84|100/100\n|-activate|p1a: Deoxys|move: Sticky Web\n|-unboost|p1a: Deoxys|spe|1\n|-ability|p1a: Deoxys|Pressure\n|move|p2a: Grumpig|Focus Blast|p1a: Deoxys\n|-resisted|p1a: Deoxys\n|-damage|p1a: Deoxys|75/100\n|\n|-weather|Snowscape|[upkeep]\n|-heal|p2a: Grumpig|297/297|[from] item: Leftovers\n|-end|p2a: Grumpig|move: Yawn|[silent]\n|-status|p2a: Grumpig|slp\n|upkeep\n|turn|15\n|inactive|Time left: 300 sec this turn | 300 sec total\n|\n|t:|1783555566\n|cant|p2a: Grumpig|slp\n|move|p1a: Deoxys|Stealth Rock|p2a: Grumpig\n|-sidestart|p2: p0y13376574|move: Stealth Rock\n|\n|-weather|none\n|upkeep\n|turn|16\n|inactive|Time left: 300 sec this turn | 300 sec total\n|\n|t:|1783555567\n|-curestatus|p2a: Grumpig|slp|[msg]\n|move|p2a: Grumpig|Psychic|p1a: Deoxys\n|-resisted|p1a: Deoxys\n|-damage|p1a: Deoxys|43/100\n|move|p1a: Deoxys|Spikes|p2a: Grumpig\n|-sidestart|p2: p0y13376574|Spikes\n|\n|upkeep\n|turn|17\n|inactive|Time left: 300 sec this turn | 300 sec total\n|\n|t:|1783555568\n|move|p2a: Grumpig|Shadow Ball|p1a: Deoxys\n|-supereffective|p1a: Deoxys\n|-damage|p1a: Deoxys|0 fnt\n|faint|p1a: Deoxys\n|\n|upkeep\n|\n|t:|1783555569\n|switch|p1a: Arboliva|Arboliva, L91, M|100/100\n|-activate|p1a: Arboliva|move: Sticky Web\n|-unboost|p1a: Arboliva|spe|1\n|turn|18\n|inactive|Time left: 300 sec this turn | 300 sec total\n|\n|t:|1783555570\n|move|p2a: Grumpig|Focus Blast|p1a: Arboliva\n|-supereffective|p1a: Arboliva\n|-damage|p1a: Arboliva|0 fnt\n|faint|p1a: Arboliva\n|\n|-sideend|p2: p0y13376574|move: Aurora Veil\n|upkeep\n|\n|t:|1783555571\n|switch|p1a: Azumarill|Azumarill, L82, F|100/100\n|-activate|p1a: Azumarill|move: Sticky Web\n|-unboost|p1a: Azumarill|spe|1\n|turn|19\n|inactive|Time left: 300 sec this turn | 300 sec total\n|\n|t:|1783555572\n|move|p2a: Grumpig|Psychic|p1a: Azumarill\n|-damage|p1a: Azumarill|29/100\n|move|p1a: Azumarill|Play Rough|p2a: Grumpig\n|-damage|p2a: Grumpig|120/297\n|\n|-heal|p2a: Grumpig|138/297|[from] item: Leftovers\n|upkeep\n|turn|20\n|inactive|Time left: 300 sec this turn | 300 sec total\n|\n|t:|1783555574\n|switch|p1a: Sawsbuck|Sawsbuck, L88, F|36/100\n|-activate|p1a: Sawsbuck|move: Sticky Web\n|-unboost|p1a: Sawsbuck|spe|1\n|move|p2a: Grumpig|Psychic|p1a: Sawsbuck\n|-damage|p1a: Sawsbuck|0 fnt\n|faint|p1a: Sawsbuck\n|\n|-heal|p2a: Grumpig|156/297|[from] item: Leftovers\n|upkeep\n|\n|t:|1783555575\n|switch|p1a: Azumarill|Azumarill, L82, F|29/100\n|-activate|p1a: Azumarill|move: Sticky Web\n|-unboost|p1a: Azumarill|spe|1\n|turn|21\n|inactive|Time left: 300 sec this turn | 300 sec total\n|\n|t:|1783555575\n|move|p1a: Azumarill|Aqua Jet|p2a: Grumpig\n|-damage|p2a: Grumpig|62/297\n|move|p2a: Grumpig|Psychic|p1a: Azumarill\n|-damage|p1a: Azumarill|0 fnt\n|faint|p1a: Azumarill\n|\n|-heal|p2a: Grumpig|80/297|[from] item: Leftovers\n|upkeep\n|\n|t:|1783555576\n|switch|p1a: Magcargo|Magcargo, L95, M|100/100\n|turn|22\n|inactive|Time left: 300 sec this turn | 300 sec total\n|\n|t:|1783555577\n|-terastallize|p2a: Grumpig|Fighting\n|move|p2a: Grumpig|Focus Blast|p1a: Magcargo\n|-supereffective|p1a: Magcargo\n|-damage|p1a: Magcargo|0 fnt\n|faint|p1a: Magcargo\n|\n|win|p0y13376574", "uploadtime": 1783555577, "views": 0, "rating": 0, "private": 0, "password": null, "_winner": "p0y13376574", "_our_name": "p0y13376574"}