{"id": "battle-gen9randombattle-108", "formatid": "gen9randombattle", "format": "[Gen 9] Random Battle", "players": ["p0x1087865", "p0y10838ee"], "log": "|init|battle\n|title|p0x1087865 vs. p0y10838ee\n|j|\u2606p0x1087865\n|j|\u2606p0y10838ee\n|t:|1783540739\n|gametype|singles\n|player|p1|p0x1087865|102|\n|player|p2|p0y10838ee|170|\n|gen|9\n|tier|[Gen 9] Random Battle\n|rule|Species Clause: Limit one of each Pok\u00e9mon\n|rule|HP Percentage Mod: HP is shown in percentages\n|rule|Sleep Clause Mod: Limit one foe put to sleep\n|rule|Illusion Level Mod: Illusion disguises the Pok\u00e9mon's true level\n|\n|t:|1783540739\n|teamsize|p1|6\n|teamsize|p2|6\n|start\n|switch|p1a: Basculin|Basculin-Blue-Striped, L86, M|100/100\n|switch|p2a: Zangoose|Zangoose, L85, F|263/263\n|turn|1\n|inactive|Battle timer is ON: inactive players will automatically lose when time's up. (requested by p0y10838ee)\n|inactive|p0x1087865 also wants the timer to be on.\n|\n|t:|1783540740\n|switch|p2a: Whimsicott|Whimsicott, L84, F|238/238\n|move|p1a: Basculin|Wave Crash|p2a: Whimsicott\n|-resisted|p2a: Whimsicott\n|-damage|p2a: Whimsicott|99/238\n|-damage|p1a: Basculin|83/100|[from] Recoil\n|\n|-heal|p2a: Whimsicott|113/238|[from] item: Leftovers\n|upkeep\n|turn|2\n|inactive|Time left: 300 sec this turn | 300 sec total\n|\n|t:|1783540742\n|move|p2a: Whimsicott|Moonblast|p1a: Basculin\n|-damage|p1a: Basculin|36/100\n|move|p1a: Basculin|Wave Crash|p2a: Whimsicott\n|-resisted|p2a: Whimsicott\n|-damage|p2a: Whimsicott|0 fnt\n|faint|p2a: Whimsicott\n|-damage|p1a: Basculin|22/100|[from] Recoil\n|\n|upkeep\n|inactive|Time left: 300 sec this turn | 300 sec total | 5 sec grace\n|\n|t:|1783540743\n|switch|p2a: Mienshao|Mienshao, L83, F|244/244\n|turn|3\n|inactive|Time left: 300 sec this turn | 300 sec total\n|\n|t:|1783540744\n|move|p2a: Mienshao|Knock Off|p1a: Basculin\n|-damage|p1a: Basculin|0 fnt\n|-enditem|p1a: Basculin|Choice Band|[from] move: Knock Off|[of] p2a: Mienshao\n|faint|p1a: Basculin\n|-damage|p2a: Mienshao|220/244|[from] item: Life Orb\n|\n|upkeep\n|\n|t:|1783540745\n|switch|p1a: Florges|Florges-Orange, L85, F|100/100\n|turn|4\n|inactive|Time left: 300 sec this turn | 300 sec total\n|\n|t:|1783540747\n|switch|p2a: Gholdengo|Gholdengo, L77|261/261\n|move|p1a: Florges|Moonblast|p2a: Gholdengo\n|-resisted|p2a: Gholdengo\n|-damage|p2a: Gholdengo|200/261\n|-unboost|p2a: Gholdengo|spa|1\n|\n|-heal|p2a: Gholdengo|216/261|[from] item: Leftovers\n|upkeep\n|turn|5\n|inactive|Time left: 300 sec this turn | 300 sec total\n|\n|t:|1783540748\n|move|p1a: Florges|Moonblast|p2a: Gholdengo\n|-resisted|p2a: Gholdengo\n|-damage|p2a: Gholdengo|153/261\n|move|p2a: Gholdengo|Nasty Plot|p2a: Gholdengo\n|-boost|p2a: Gholdengo|spa|2\n|\n|-heal|p2a: Gholdengo|169/261|[from] item: Leftovers\n|upkeep\n|turn|6\n|inactive|Time left: 300 sec this turn | 300 sec total\n|\n|t:|1783540749\n|move|p1a: Florges|Calm Mind|p1a: Florges\n|-boost|p1a: Florges|spa|1\n|-boost|p1a: Florges|spd|1\n|move|p2a: Gholdengo|Nasty Plot|p2a: Gholdengo\n|-boost|p2a: Gholdengo|spa|2\n|\n|-heal|p2a: Gholdengo|185/261|[from] item: Leftovers\n|upkeep\n|turn|7\n|inactive|Time left: 300 sec this turn | 300 sec total\n|\n|t:|1783540750\n|move|p1a: Florges|Calm Mind|p1a: Florges\n|-boost|p1a: Florges|spa|1\n|-boost|p1a: Florges|spd|1\n|move|p2a: Gholdengo|Make It Rain|p1a: Florges\n|-supereffective|p1a: Florges\n|-damage|p1a: Florges|16/100\n|-unboost|p2a: Gholdengo|spa|1\n|\n|-heal|p1a: Florges|22/100|[from] item: Leftovers\n|-heal|p2a: Gholdengo|201/261|[from] item: Leftovers\n|upkeep\n|turn|8\n|inactive|Time left: 300 sec this turn | 300 sec total\n|\n|t:|1783540751\n|move|p1a: Florges|Moonblast|p2a: Gholdengo\n|-resisted|p2a: Gholdengo\n|-damage|p2a: Gholdengo|88/261\n|move|p2a: Gholdengo|Make It Rain|p1a: Florges\n|-supereffective|p1a: Florges\n|-damage|p1a: Florges|0 fnt\n|-unboost|p2a: Gholdengo|spa|1\n|faint|p1a: Florges\n|\n|-heal|p2a: Gholdengo|104/261|[from] item: Leftovers\n|upkeep\n|\n|t:|1783540752\n|switch|p1a: Charizard|Charizard, L85, M|100/100\n|turn|9\n|inactive|Time left: 300 sec this turn | 300 sec total\n|\n|t:|1783540753\n|switch|p2a: Zangoose|Zangoose, L85, F|263/263\n|move|p1a: Charizard|Flare Blitz|p2a: Zangoose\n|-damage|p2a: Zangoose|101/263\n|-damage|p1a: Charizard|81/100|[from] Recoil\n|\n|-status|p2a: Zangoose|tox|[from] item: Toxic Orb\n|upkeep\n|turn|10\n|inactive|Time left: 300 sec this turn | 300 sec total\n|\n|t:|1783540754\n|move|p2a: Zangoose|Quick Attack|p1a: Charizard\n|-damage|p1a: Charizard|51/100\n|move|p1a: Charizard|Flare Blitz|p2a: Zangoose\n|-damage|p2a: Zangoose|0 fnt\n|faint|p2a: Zangoose\n|-damage|p1a: Charizard|39/100|[from] Recoil\n|\n|upkeep\n|inactive|Time left: 300 sec this turn | 300 sec total | 5 sec grace\n|\n|t:|1783540755\n|switch|p2a: Mienshao|Mienshao, L83, F|244/244\n|turn|11\n|inactive|Time left: 300 sec this turn | 300 sec total\n|\n|t:|1783540756\n|move|p2a: Mienshao|Knock Off|p1a: Charizard\n|-damage|p1a: Charizard|0 fnt\n|-enditem|p1a: Charizard|Heavy-Duty Boots|[from] move: Knock Off|[of] p2a: Mienshao\n|faint|p1a: Charizard\n|-damage|p2a: Mienshao|220/244|[from] item: Life Orb\n|\n|upkeep\n|\n|t:|1783540757\n|switch|p1a: Gyarados|Gyarados, L79, M|100/100\n|-ability|p1a: Gyarados|Intimidate|boost\n|-unboost|p2a: Mienshao|atk|1\n|turn|12\n|inactive|Time left: 300 sec this turn | 300 sec total\n|\n|t:|1783540758\n|switch|p2a: Kilowattrel|Kilowattrel, L83, M|252/252\n|move|p1a: Gyarados|Dragon Dance|p1a: Gyarados\n|-boost|p1a: Gyarados|atk|1\n|-boost|p1a: Gyarados|spe|1\n|\n|upkeep\n|turn|13\n|inactive|Time left: 300 sec this turn | 300 sec total\n|\n|t:|1783540759\n|-terastallize|p1a: Gyarados|Ground\n|move|p1a: Gyarados|Dragon Dance|p1a: Gyarados\n|-boost|p1a: Gyarados|atk|1\n|-boost|p1a: Gyarados|spe|1\n|move|p2a: Kilowattrel|Discharge|p1a: Gyarados\n|-immune|p1a: Gyarados\n|\n|upkeep\n|turn|14\n|inactive|Time left: 300 sec this turn | 300 sec total\n|\n|t:|1783540760\n|move|p1a: Gyarados|Waterfall|p2a: Kilowattrel\n|-damage|p2a: Kilowattrel|12/252\n|move|p2a: Kilowattrel|Hurricane|p1a: Gyarados\n|-damage|p1a: Gyarados|55/100\n|-start|p1a: Gyarados|confusion\n|\n|upkeep\n|turn|15\n|inactive|Time left: 300 sec this turn | 300 sec total\n|\n|t:|1783540761\n|-activate|p1a: Gyarados|confusion\n|move|p1a: Gyarados|Waterfall|p2a: Kilowattrel\n|-damage|p2a: Kilowattrel|0 fnt\n|faint|p2a: Kilowattrel\n|\n|upkeep\n|inactive|Time left: 300 sec this turn | 300 sec total | 5 sec grace\n|\n|t:|1783540763\n|switch|p2a: Haxorus|Haxorus, L77, M|244/244\n|-ability|p2a: Haxorus|Mold Breaker\n|turn|16\n|inactive|Time left: 300 sec this turn | 300 sec total\n|\n|t:|1783540764\n|-end|p1a: Gyarados|confusion\n|move|p1a: Gyarados|Earthquake|p2a: Haxorus\n|-damage|p2a: Haxorus|0 fnt\n|faint|p2a: Haxorus\n|\n|upkeep\n|inactive|Time left: 300 sec this turn | 300 sec total | 5 sec grace\n|\n|t:|1783540765\n|switch|p2a: Mienshao|Mienshao, L83, F|244/244\n|turn|17\n|inactive|Time left: 300 sec this turn | 300 sec total\n|\n|t:|1783540766\n|move|p1a: Gyarados|Earthquake|p2a: Mienshao\n|-damage|p2a: Mienshao|0 fnt\n|faint|p2a: Mienshao\n|\n|upkeep\n|inactive|Time left: 300 sec this turn | 300 sec total | 5 sec grace\n|\n|t:|1783540767\n|switch|p2a: Gholdengo|Gholdengo, L77|104/261\n|turn|18\n|inactive|Time left: 300 sec this turn | 300 sec total\n|\n|t:|1783540768\n|-terastallize|p2a: Gholdengo|Steel\n|move|p1a: Gyarados|Earthquake|p2a: Gholdengo\n|-supereffective|p2a: Gholdengo\n|-damage|p2a: Gholdengo|0 fnt\n|faint|p2a: Gholdengo\n|\n|win|p0x1087865", "uploadtime": 1783540768, "views": 0, "rating": 0, "private": 0, "password": null, "_winner": "p0x1087865", "_our_name": "p0y10838ee"}