{"id": "battle-gen9randombattle-667", "formatid": "gen9randombattle", "format": "[Gen 9] Random Battle", "players": ["p0x6674bc3", "p0y6674be5"], "log": "|init|battle\n|title|p0x6674bc3 vs. p0y6674be5\n|j|\u2606p0x6674bc3\n|j|\u2606p0y6674be5\n|t:|1783546871\n|gametype|singles\n|player|p1|p0x6674bc3|2|\n|player|p2|p0y6674be5|2|\n|gen|9\n|tier|[Gen 9] Random Battle\n|rule|Species Clause: Limit one of each Pok\u00e9mon\n|rule|HP Percentage Mod: HP is shown in percentages\n|rule|Sleep Clause Mod: Limit one foe put to sleep\n|rule|Illusion Level Mod: Illusion disguises the Pok\u00e9mon's true level\n|\n|t:|1783546871\n|teamsize|p1|6\n|teamsize|p2|6\n|start\n|switch|p1a: Garganacl|Garganacl, L80, F|100/100\n|switch|p2a: Skeledirge|Skeledirge, L79, M|294/294\n|turn|1\n|inactive|Battle timer is ON: inactive players will automatically lose when time's up. (requested by p0x6674bc3)\n|inactive|Time left: 300 sec this turn | 300 sec total | 60 sec grace\n|\n|t:|1783546872\n|switch|p2a: Reuniclus|Reuniclus, L88, M|337/337\n|move|p1a: Garganacl|Salt Cure|p2a: Reuniclus\n|-damage|p2a: Reuniclus|291/337\n|-start|p2a: Reuniclus|Salt Cure\n|\n|upkeep\n|turn|2\n|inactive|Time left: 300 sec this turn | 300 sec total\n|inactive|p0y6674be5 also wants the timer to be on.\n|\n|t:|1783546874\n|switch|p1a: Whiscash|Whiscash, L88, M|100/100\n|move|p2a: Reuniclus|Focus Blast|p1a: Whiscash|[miss]\n|-miss|p2a: Reuniclus|p1a: Whiscash\n|\n|upkeep\n|turn|3\n|inactive|Time left: 300 sec this turn | 300 sec total\n|\n|t:|1783546875\n|move|p1a: Whiscash|Stealth Rock|p2a: Reuniclus\n|-sidestart|p2: p0y6674be5|move: Stealth Rock\n|move|p2a: Reuniclus|Psychic|p1a: Whiscash\n|-damage|p1a: Whiscash|45/100\n|\n|-heal|p1a: Whiscash|51/100|[from] item: Leftovers\n|upkeep\n|turn|4\n|inactive|Time left: 300 sec this turn | 300 sec total\n|\n|t:|1783546876\n|move|p1a: Whiscash|Earthquake|p2a: Reuniclus\n|-damage|p2a: Reuniclus|183/337\n|move|p2a: Reuniclus|Psychic|p1a: Whiscash\n|-damage|p1a: Whiscash|0 fnt\n|faint|p1a: Whiscash\n|\n|upkeep\n|\n|t:|1783546877\n|switch|p1a: Meowscarada|Meowscarada, L78, M|100/100\n|turn|5\n|inactive|Time left: 300 sec this turn | 300 sec total\n|\n|t:|1783546878\n|switch|p2a: Kingambit|Kingambit, L74, M|270/270\n|-damage|p2a: Kingambit|254/270|[from] Stealth Rock\n|move|p1a: Meowscarada|Knock Off|p2a: Kingambit\n|-start|p1a: Meowscarada|typechange|Dark|[from] ability: Protean\n|-resisted|p2a: Kingambit\n|-damage|p2a: Kingambit|184/270\n|-enditem|p2a: Kingambit|Leftovers|[from] move: Knock Off|[of] p1a: Meowscarada\n|\n|upkeep\n|turn|6\n|inactive|Time left: 300 sec this turn | 300 sec total\n|\n|t:|1783546879\n|switch|p1a: Emboar|Emboar, L84, F|100/100\n|move|p2a: Kingambit|Swords Dance|p2a: Kingambit\n|-boost|p2a: Kingambit|atk|2\n|\n|upkeep\n|turn|7\n|inactive|Time left: 300 sec this turn | 300 sec total\n|\n|t:|1783546880\n|-end|p2a: Kingambit|fallenundefined|[silent]\n|switch|p2a: Skeledirge|Skeledirge, L79, M|294/294\n|move|p1a: Emboar|Flare Blitz|p2a: Skeledirge\n|-resisted|p2a: Skeledirge\n|-damage|p2a: Skeledirge|210/294\n|-damage|p1a: Emboar|92/100|[from] Recoil\n|\n|upkeep\n|turn|8\n|inactive|Time left: 300 sec this turn | 300 sec total\n|\n|t:|1783546881\n|move|p1a: Emboar|Knock Off|p2a: Skeledirge\n|-supereffective|p2a: Skeledirge\n|-damage|p2a: Skeledirge|44/294\n|-enditem|p2a: Skeledirge|Heavy-Duty Boots|[from] move: Knock Off|[of] p1a: Emboar\n|move|p2a: Skeledirge|Slack Off|p2a: Skeledirge\n|-heal|p2a: Skeledirge|191/294\n|\n|upkeep\n|turn|9\n|inactive|Time left: 300 sec this turn | 300 sec total\n|\n|t:|1783546882\n|move|p1a: Emboar|Knock Off|p2a: Skeledirge\n|-supereffective|p2a: Skeledirge\n|-damage|p2a: Skeledirge|87/294\n|move|p2a: Skeledirge|Slack Off|p2a: Skeledirge\n|-heal|p2a: Skeledirge|234/294\n|\n|upkeep\n|turn|10\n|inactive|Time left: 300 sec this turn | 300 sec total\n|\n|t:|1783546883\n|move|p1a: Emboar|Knock Off|p2a: Skeledirge\n|-supereffective|p2a: Skeledirge\n|-damage|p2a: Skeledirge|122/294\n|move|p2a: Skeledirge|Torch Song|p1a: Emboar\n|-resisted|p1a: Emboar\n|-damage|p1a: Emboar|81/100\n|-boost|p2a: Skeledirge|spa|1\n|\n|upkeep\n|turn|11\n|inactive|Time left: 300 sec this turn | 300 sec total\n|\n|t:|1783546884\n|-terastallize|p1a: Emboar|Electric\n|move|p1a: Emboar|Wild Charge|p2a: Skeledirge\n|-damage|p2a: Skeledirge|0 fnt\n|faint|p2a: Skeledirge\n|-damage|p1a: Emboar|71/100|[from] Recoil\n|\n|upkeep\n|inactive|Time left: 300 sec this turn | 300 sec total | 5 sec grace\n|\n|t:|1783546886\n|switch|p2a: Pyroar|Pyroar, L88, M|295/295\n|-ability|p2a: Pyroar|Unnerve\n|turn|12\n|inactive|Time left: 300 sec this turn | 300 sec total\n|\n|t:|1783546887\n|move|p2a: Pyroar|Will-O-Wisp|p1a: Emboar\n|-status|p1a: Emboar|brn\n|move|p1a: Emboar|Close Combat|p2a: Pyroar\n|-supereffective|p2a: Pyroar\n|-damage|p2a: Pyroar|118/295\n|-unboost|p1a: Emboar|def|1\n|-unboost|p1a: Emboar|spd|1\n|\n|-damage|p1a: Emboar|65/100 brn|[from] brn\n|upkeep\n|turn|13\n|inactive|Time left: 300 sec this turn | 300 sec total\n|\n|t:|1783546888\n|switch|p2a: Reuniclus|Reuniclus, L88, M|183/337\n|move|p1a: Emboar|Close Combat|p2a: Reuniclus\n|-resisted|p2a: Reuniclus\n|-damage|p2a: Reuniclus|141/337\n|-unboost|p1a: Emboar|def|1\n|-unboost|p1a: Emboar|spd|1\n|\n|-damage|p1a: Emboar|59/100 brn|[from] brn\n|upkeep\n|turn|14\n|inactive|Time left: 300 sec this turn | 300 sec total\n|\n|t:|1783546889\n|move|p1a: Emboar|Flare Blitz|p2a: Reuniclus\n|-damage|p2a: Reuniclus|38/337\n|-damage|p1a: Emboar|48/100 brn|[from] Recoil\n|move|p2a: Reuniclus|Recover|p2a: Reuniclus\n|-heal|p2a: Reuniclus|207/337\n|\n|-damage|p1a: Emboar|42/100 brn|[from] brn\n|upkeep\n|turn|15\n|inactive|Time left: 300 sec this turn | 300 sec total\n|\n|t:|1783546890\n|move|p1a: Emboar|Knock Off|p2a: Reuniclus\n|-supereffective|p2a: Reuniclus\n|-damage|p2a: Reuniclus|115/337\n|-enditem|p2a: Reuniclus|Life Orb|[from] move: Knock Off|[of] p1a: Emboar\n|move|p2a: Reuniclus|Recover|p2a: Reuniclus\n|-heal|p2a: Reuniclus|284/337\n|\n|-damage|p1a: Emboar|36/100 brn|[from] brn\n|upkeep\n|turn|16\n|inactive|Time left: 300 sec this turn | 300 sec total\n|\n|t:|1783546892\n|move|p1a: Emboar|Flare Blitz|p2a: Reuniclus\n|-damage|p2a: Reuniclus|188/337\n|-damage|p1a: Emboar|26/100 brn|[from] Recoil\n|move|p2a: Reuniclus|Calm Mind|p2a: Reuniclus\n|-boost|p2a: Reuniclus|spa|1\n|-boost|p2a: Reuniclus|spd|1\n|\n|-damage|p1a: Emboar|19/100 brn|[from] brn\n|upkeep\n|turn|17\n|inactive|Time left: 300 sec this turn | 300 sec total\n|\n|t:|1783546893\n|move|p1a: Emboar|Flare Blitz|p2a: Reuniclus\n|-crit|p2a: Reuniclus\n|-damage|p2a: Reuniclus|28/337\n|-damage|p1a: Emboar|3/100 brn|[from] Recoil\n|move|p2a: Reuniclus|Recover|p2a: Reuniclus\n|-heal|p2a: Reuniclus|197/337\n|\n|-damage|p1a: Emboar|0 fnt|[from] brn\n|faint|p1a: Emboar\n|upkeep\n|\n|t:|1783546894\n|switch|p1a: Meowscarada|Meowscarada, L78, M|100/100\n|turn|18\n|inactive|Time left: 300 sec this turn | 300 sec total\n|\n|t:|1783546895\n|move|p1a: Meowscarada|Knock Off|p2a: Reuniclus\n|-start|p1a: Meowscarada|typechange|Dark|[from] ability: Protean\n|-supereffective|p2a: Reuniclus\n|-damage|p2a: Reuniclus|0 fnt\n|faint|p2a: Reuniclus\n|\n|upkeep\n|inactive|Time left: 300 sec this turn | 300 sec total | 5 sec grace\n|\n|t:|1783546896\n|switch|p2a: Kingambit|Kingambit, L74, M|184/270\n|-damage|p2a: Kingambit|168/270|[from] Stealth Rock\n|-activate|p2a: Kingambit|ability: Supreme Overlord\n|-start|p2a: Kingambit|fallen2|[silent]\n|turn|19\n|inactive|Time left: 300 sec this turn | 300 sec total\n|\n|t:|1783546897\n|switch|p1a: Galvantula|Galvantula, L82, F|100/100\n|move|p2a: Kingambit|Swords Dance|p2a: Kingambit\n|-boost|p2a: Kingambit|atk|2\n|\n|upkeep\n|turn|20\n|inactive|Time left: 300 sec this turn | 300 sec total\n|\n|t:|1783546898\n|move|p1a: Galvantula|Thunder|p2a: Kingambit\n|-crit|p2a: Kingambit\n|-damage|p2a: Kingambit|0 fnt\n|faint|p2a: Kingambit\n|-end|p2a: Kingambit|fallen2|[silent]\n|\n|upkeep\n|inactive|Time left: 300 sec this turn | 300 sec total | 5 sec grace\n|\n|t:|1783546898\n|switch|p2a: Pyroar|Pyroar, L88, M|118/295\n|-ability|p2a: Pyroar|Unnerve\n|turn|21\n|inactive|Time left: 300 sec this turn | 300 sec total\n|\n|t:|1783546899\n|switch|p1a: Garganacl|Garganacl, L80, F|100/100\n|move|p2a: Pyroar|Fire Blast|p1a: Garganacl\n|-resisted|p1a: Garganacl\n|-damage|p1a: Garganacl|76/100\n|\n|-heal|p1a: Garganacl|82/100|[from] item: Leftovers\n|upkeep\n|turn|22\n|inactive|Time left: 300 sec this turn | 300 sec total\n|\n|t:|1783546900\n|switch|p2a: Serperior|Serperior, L79, M|248/248\n|-damage|p2a: Serperior|217/248|[from] Stealth Rock\n|move|p1a: Garganacl|Salt Cure|p2a: Serperior\n|-damage|p2a: Serperior|180/248\n|-start|p2a: Serperior|Salt Cure\n|\n|-heal|p2a: Serperior|195/248|[from] item: Leftovers\n|-heal|p1a: Garganacl|88/100|[from] item: Leftovers\n|-damage|p2a: Serperior|164/248|[from] Salt Cure\n|upkeep\n|turn|23\n|inactive|Time left: 300 sec this turn | 300 sec total\n|\n|t:|1783546901\n|switch|p1a: Meowscarada|Meowscarada, L78, M|100/100\n|move|p2a: Serperior|Leaf Storm|p1a: Meowscarada\n|-resisted|p1a: Meowscarada\n|-damage|p1a: Meowscarada|74/100\n|-boost|p2a: Serperior|spa|2\n|\n|-heal|p2a: Serperior|179/248|[from] item: Leftovers\n|-damage|p2a: Serperior|148/248|[from] Salt Cure\n|upkeep\n|turn|24\n|inactive|Time left: 300 sec this turn | 300 sec total\n|\n|t:|1783546902\n|move|p1a: Meowscarada|Knock Off|p2a: Serperior\n|-start|p1a: Meowscarada|typechange|Dark|[from] ability: Protean\n|-damage|p2a: Serperior|0 fnt\n|-enditem|p2a: Serperior|Leftovers|[from] move: Knock Off|[of] p1a: Meowscarada\n|faint|p2a: Serperior\n|\n|upkeep\n|inactive|Time left: 300 sec this turn | 300 sec total | 5 sec grace\n|\n|t:|1783546903\n|switch|p2a: Girafarig|Girafarig, L89, M|269/269\n|-damage|p2a: Girafarig|236/269|[from] Stealth Rock\n|turn|25\n|inactive|Time left: 300 sec this turn | 300 sec total\n|\n|t:|1783546904\n|-terastallize|p2a: Girafarig|Electric\n|move|p1a: Meowscarada|Knock Off|p2a: Girafarig\n|-damage|p2a: Girafarig|115/269\n|-enditem|p2a: Girafarig|Eviolite|[from] move: Knock Off|[of] p1a: Meowscarada\n|move|p2a: Girafarig|Nasty Plot|p2a: Girafarig\n|-boost|p2a: Girafarig|spa|2\n|\n|upkeep\n|turn|26\n|inactive|Time left: 300 sec this turn | 300 sec total\n|\n|t:|1783546905\n|move|p1a: Meowscarada|Knock Off|p2a: Girafarig\n|-damage|p2a: Girafarig|6/269\n|move|p2a: Girafarig|Hyper Voice|p1a: Meowscarada\n|-damage|p1a: Meowscarada|0 fnt\n|faint|p1a: Meowscarada\n|\n|upkeep\n|\n|t:|1783546906\n|switch|p1a: Galvantula|Galvantula, L82, F|100/100\n|turn|27\n|inactive|Time left: 300 sec this turn | 300 sec total\n|\n|t:|1783546907\n|switch|p2a: Pyroar|Pyroar, L88, M|118/295\n|-ability|p2a: Pyroar|Unnerve\n|move|p1a: Galvantula|Volt Switch|p2a: Pyroar\n|-damage|p2a: Pyroar|39/295\n|\n|t:|1783546908\n|switch|p1a: Garganacl|Garganacl, L80, F|88/100|[from] Volt Switch\n|\n|-heal|p1a: Garganacl|94/100|[from] item: Leftovers\n|upkeep\n|turn|28\n|inactive|Time left: 300 sec this turn | 300 sec total\n|\n|t:|1783546909\n|move|p2a: Pyroar|Dark Pulse|p1a: Garganacl\n|-damage|p1a: Garganacl|72/100\n|move|p1a: Garganacl|Body Press|p2a: Pyroar\n|-supereffective|p2a: Pyroar\n|-damage|p2a: Pyroar|0 fnt\n|faint|p2a: Pyroar\n|\n|-heal|p1a: Garganacl|78/100|[from] item: Leftovers\n|upkeep\n|inactive|Time left: 300 sec this turn | 300 sec total | 5 sec grace\n|\n|t:|1783546910\n|switch|p2a: Girafarig|Girafarig, L89, M, tera:Electric|6/269\n|-damage|p2a: Girafarig|0 fnt|[from] Stealth Rock\n|faint|p2a: Girafarig\n|\n|win|p0x6674bc3", "uploadtime": 1783546910, "views": 0, "rating": 0, "private": 0, "password": null, "_winner": "p0x6674bc3", "_our_name": "p0y6674be5"}