{"id": "battle-gen9randombattle-2419", "formatid": "gen9randombattle", "format": "[Gen 9] Random Battle", "players": ["p0x24191e04", "p0y24197acc"], "log": "|init|battle\n|title|p0x24191e04 vs. p0y24197acc\n|j|\u2606p0x24191e04\n|j|\u2606p0y24197acc\n|t:|1783568074\n|gametype|singles\n|player|p1|p0x24191e04|1|\n|player|p2|p0y24197acc|101|\n|gen|9\n|tier|[Gen 9] Random Battle\n|rule|Species Clause: Limit one of each Pok\u00e9mon\n|rule|HP Percentage Mod: HP is shown in percentages\n|rule|Sleep Clause Mod: Limit one foe put to sleep\n|rule|Illusion Level Mod: Illusion disguises the Pok\u00e9mon's true level\n|\n|t:|1783568074\n|teamsize|p1|6\n|teamsize|p2|6\n|start\n|switch|p1a: Garchomp|Garchomp, L74, F|100/100\n|switch|p2a: Eelektross|Eelektross, L87, F|290/290\n|turn|1\n|inactive|Battle timer is ON: inactive players will automatically lose when time's up. (requested by p0x24191e04)\n|inactive|Time left: 300 sec this turn | 300 sec total | 60 sec grace\n|inactive|p0y24197acc also wants the timer to be on.\n|\n|t:|1783568075\n|move|p1a: Garchomp|Swords Dance|p1a: Garchomp\n|-boost|p1a: Garchomp|atk|2\n|move|p2a: Eelektross|Coil|p2a: Eelektross\n|-boost|p2a: Eelektross|atk|1\n|-boost|p2a: Eelektross|def|1\n|-boost|p2a: Eelektross|accuracy|1\n|\n|upkeep\n|turn|2\n|inactive|Time left: 300 sec this turn | 300 sec total\n|\n|t:|1783568076\n|move|p1a: Garchomp|Scale Shot|p2a: Eelektross|[miss]\n|-miss|p1a: Garchomp|p2a: Eelektross\n|move|p2a: Eelektross|Coil|p2a: Eelektross\n|-boost|p2a: Eelektross|atk|1\n|-boost|p2a: Eelektross|def|1\n|-boost|p2a: Eelektross|accuracy|1\n|\n|upkeep\n|turn|3\n|inactive|Time left: 300 sec this turn | 300 sec total\n|\n|t:|1783568077\n|move|p1a: Garchomp|Iron Head|p2a: Eelektross\n|-resisted|p2a: Eelektross\n|-damage|p2a: Eelektross|262/290\n|move|p2a: Eelektross|Drain Punch|p1a: Garchomp\n|-damage|p1a: Garchomp|53/100\n|-heal|p2a: Eelektross|290/290|[from] drain|[of] p1a: Garchomp\n|-damage|p2a: Eelektross|254/290|[from] ability: Rough Skin|[of] p1a: Garchomp\n|\n|-heal|p2a: Eelektross|272/290|[from] item: Leftovers\n|upkeep\n|turn|4\n|inactive|Time left: 300 sec this turn | 300 sec total\n|\n|t:|1783568078\n|move|p1a: Garchomp|Scale Shot|p2a: Eelektross\n|-damage|p2a: Eelektross|244/290\n|-damage|p2a: Eelektross|216/290\n|-damage|p2a: Eelektross|185/290\n|-damage|p2a: Eelektross|157/290\n|-damage|p2a: Eelektross|129/290\n|-hitcount|p2a: Eelektross|5\n|-unboost|p1a: Garchomp|def|1\n|-boost|p1a: Garchomp|spe|1\n|move|p2a: Eelektross|Drain Punch|p1a: Garchomp\n|-damage|p1a: Garchomp|0 fnt\n|-heal|p2a: Eelektross|204/290|[from] drain|[of] p1a: Garchomp\n|-damage|p2a: Eelektross|168/290|[from] ability: Rough Skin|[of] p1a: Garchomp\n|faint|p1a: Garchomp\n|\n|-heal|p2a: Eelektross|186/290|[from] item: Leftovers\n|upkeep\n|\n|t:|1783568079\n|switch|p1a: Lunala|Lunala, L70|100/100\n|turn|5\n|inactive|Time left: 300 sec this turn | 300 sec total\n|\n|t:|1783568081\n|move|p1a: Lunala|Moongeist Beam|p2a: Eelektross\n|-crit|p2a: Eelektross\n|-damage|p2a: Eelektross|42/290\n|move|p2a: Eelektross|Supercell Slam|p1a: Lunala\n|-damage|p1a: Lunala|51/100\n|\n|-heal|p1a: Lunala|57/100|[from] item: Leftovers\n|-heal|p2a: Eelektross|60/290|[from] item: Leftovers\n|upkeep\n|turn|6\n|inactive|Time left: 300 sec this turn | 300 sec total\n|\n|t:|1783568082\n|move|p1a: Lunala|Moongeist Beam|p2a: Eelektross\n|-damage|p2a: Eelektross|0 fnt\n|faint|p2a: Eelektross\n|\n|-heal|p1a: Lunala|63/100|[from] item: Leftovers\n|upkeep\n|inactive|Time left: 300 sec this turn | 300 sec total | 5 sec grace\n|\n|t:|1783568082\n|switch|p2a: Beartic|Beartic, L91, F|321/321\n|turn|7\n|inactive|Time left: 300 sec this turn | 300 sec total\n|\n|t:|1783568083\n|move|p1a: Lunala|Moonlight|p1a: Lunala\n|-heal|p1a: Lunala|100/100\n|move|p2a: Beartic|Swords Dance|p2a: Beartic\n|-boost|p2a: Beartic|atk|2\n|\n|upkeep\n|turn|8\n|inactive|Time left: 300 sec this turn | 300 sec total\n|\n|t:|1783568084\n|move|p1a: Lunala|Focus Blast|p2a: Beartic|[miss]\n|-miss|p1a: Lunala|p2a: Beartic\n|move|p2a: Beartic|Earthquake|p1a: Lunala\n|-damage|p1a: Lunala|59/100\n|\n|-heal|p1a: Lunala|65/100|[from] item: Leftovers\n|upkeep\n|turn|9\n|inactive|Time left: 300 sec this turn | 300 sec total\n|\n|t:|1783568085\n|move|p1a: Lunala|Moonlight|p1a: Lunala\n|-heal|p1a: Lunala|100/100\n|move|p2a: Beartic|Icicle Crash|p1a: Lunala\n|-damage|p1a: Lunala|49/100\n|\n|-heal|p1a: Lunala|55/100|[from] item: Leftovers\n|upkeep\n|turn|10\n|inactive|Time left: 300 sec this turn | 300 sec total\n|\n|t:|1783568086\n|move|p1a: Lunala|Moonlight|p1a: Lunala\n|-heal|p1a: Lunala|100/100\n|move|p2a: Beartic|Earthquake|p1a: Lunala\n|-damage|p1a: Lunala|61/100\n|\n|-heal|p1a: Lunala|67/100|[from] item: Leftovers\n|upkeep\n|turn|11\n|inactive|Time left: 300 sec this turn | 300 sec total\n|\n|t:|1783568087\n|move|p1a: Lunala|Moonlight|p1a: Lunala\n|-heal|p1a: Lunala|100/100\n|move|p2a: Beartic|Icicle Crash|p1a: Lunala\n|-damage|p1a: Lunala|52/100\n|\n|-heal|p1a: Lunala|58/100|[from] item: Leftovers\n|upkeep\n|turn|12\n|inactive|Time left: 300 sec this turn | 300 sec total\n|\n|t:|1783568088\n|move|p1a: Lunala|Moonlight|p1a: Lunala\n|-heal|p1a: Lunala|100/100\n|move|p2a: Beartic|Earthquake|p1a: Lunala\n|-damage|p1a: Lunala|59/100\n|\n|-heal|p1a: Lunala|65/100|[from] item: Leftovers\n|upkeep\n|turn|13\n|inactive|Time left: 300 sec this turn | 300 sec total\n|\n|t:|1783568089\n|move|p1a: Lunala|Moonlight|p1a: Lunala\n|-heal|p1a: Lunala|100/100\n|move|p2a: Beartic|Icicle Crash|p1a: Lunala|[miss]\n|-miss|p2a: Beartic|p1a: Lunala\n|\n|upkeep\n|turn|14\n|inactive|Time left: 300 sec this turn | 300 sec total\n|\n|t:|1783568090\n|move|p1a: Lunala|Focus Blast|p2a: Beartic\n|-supereffective|p2a: Beartic\n|-damage|p2a: Beartic|149/321\n|move|p2a: Beartic|Icicle Crash|p1a: Lunala\n|-damage|p1a: Lunala|46/100\n|\n|-heal|p1a: Lunala|52/100|[from] item: Leftovers\n|upkeep\n|turn|15\n|inactive|Time left: 300 sec this turn | 300 sec total\n|\n|t:|1783568091\n|move|p1a: Lunala|Focus Blast|p2a: Beartic\n|-supereffective|p2a: Beartic\n|-damage|p2a: Beartic|0 fnt\n|faint|p2a: Beartic\n|\n|-heal|p1a: Lunala|59/100|[from] item: Leftovers\n|upkeep\n|inactive|Time left: 300 sec this turn | 300 sec total | 5 sec grace\n|\n|t:|1783568092\n|switch|p2a: Deoxys|Deoxys-Defense, L84|221/221\n|-ability|p2a: Deoxys|Pressure\n|turn|16\n|inactive|Time left: 300 sec this turn | 300 sec total\n|\n|t:|1783568093\n|move|p2a: Deoxys|Knock Off|p1a: Lunala\n|-supereffective|p1a: Lunala\n|-damage|p1a: Lunala|0 fnt\n|-enditem|p1a: Lunala|Leftovers|[from] move: Knock Off|[of] p2a: Deoxys\n|faint|p1a: Lunala\n|\n|upkeep\n|\n|t:|1783568094\n|switch|p1a: Polteageist|Polteageist-Antique, L78|100/100\n|turn|17\n|inactive|Time left: 300 sec this turn | 300 sec total\n|\n|t:|1783568095\n|-terastallize|p1a: Polteageist|Fighting\n|move|p2a: Deoxys|Knock Off|p1a: Polteageist\n|-resisted|p1a: Polteageist\n|-damage|p1a: Polteageist|85/100\n|-enditem|p1a: Polteageist|White Herb|[from] move: Knock Off|[of] p2a: Deoxys\n|move|p1a: Polteageist|Shell Smash|p1a: Polteageist\n|-unboost|p1a: Polteageist|def|1\n|-unboost|p1a: Polteageist|spd|1\n|-boost|p1a: Polteageist|atk|2\n|-boost|p1a: Polteageist|spa|2\n|-boost|p1a: Polteageist|spe|2\n|\n|upkeep\n|turn|18\n|inactive|Time left: 300 sec this turn | 300 sec total\n|\n|t:|1783568096\n|move|p1a: Polteageist|Shadow Ball|p2a: Deoxys\n|-supereffective|p2a: Deoxys\n|-damage|p2a: Deoxys|0 fnt\n|faint|p2a: Deoxys\n|\n|upkeep\n|inactive|Time left: 300 sec this turn | 300 sec total | 5 sec grace\n|\n|t:|1783568097\n|switch|p2a: Cobalion|Cobalion, L80|277/277\n|turn|19\n|inactive|Time left: 300 sec this turn | 300 sec total\n|\n|t:|1783568098\n|-terastallize|p2a: Cobalion|Fighting\n|move|p1a: Polteageist|Tera Blast|p2a: Cobalion|[anim] Tera Blast Fighting\n|-damage|p2a: Cobalion|36/277\n|move|p2a: Cobalion|Close Combat|p1a: Polteageist\n|-damage|p1a: Polteageist|0 fnt\n|-unboost|p2a: Cobalion|def|1\n|-unboost|p2a: Cobalion|spd|1\n|-start|p2a: Cobalion|Disable|Close Combat|[from] ability: Cursed Body|[of] p1a: Polteageist\n|faint|p1a: Polteageist\n|\n|-heal|p2a: Cobalion|53/277|[from] item: Leftovers\n|upkeep\n|\n|t:|1783568099\n|switch|p1a: Porygon-Z|Porygon-Z, L83|100/100\n|turn|20\n|inactive|Time left: 300 sec this turn | 300 sec total\n|\n|t:|1783568100\n|move|p1a: Porygon-Z|Tri Attack|p2a: Cobalion\n|-damage|p2a: Cobalion|0 fnt\n|faint|p2a: Cobalion\n|\n|upkeep\n|inactive|Time left: 300 sec this turn | 300 sec total | 5 sec grace\n|\n|t:|1783568101\n|switch|p2a: Cinccino|Cinccino, L83, M|260/260\n|turn|21\n|inactive|Time left: 300 sec this turn | 300 sec total\n|\n|t:|1783568102\n|move|p1a: Porygon-Z|Tri Attack|p2a: Cinccino\n|-damage|p2a: Cinccino|64/260\n|-status|p2a: Cinccino|par\n|move|p2a: Cinccino|Tidy Up|p2a: Cinccino\n|-boost|p2a: Cinccino|atk|1\n|-boost|p2a: Cinccino|spe|1\n|\n|upkeep\n|turn|22\n|inactive|Time left: 300 sec this turn | 300 sec total\n|\n|t:|1783568103\n|move|p1a: Porygon-Z|Tri Attack|p2a: Cinccino\n|-damage|p2a: Cinccino|0 fnt\n|faint|p2a: Cinccino\n|\n|upkeep\n|inactive|Time left: 300 sec this turn | 300 sec total | 5 sec grace\n|\n|t:|1783568104\n|switch|p2a: Ribombee|Ribombee, L83, F|235/235\n|turn|23\n|inactive|Time left: 300 sec this turn | 300 sec total\n|\n|t:|1783568105\n|move|p1a: Porygon-Z|Tri Attack|p2a: Ribombee\n|-damage|p2a: Ribombee|61/235\n|move|p2a: Ribombee|Stun Spore|p1a: Porygon-Z\n|-status|p1a: Porygon-Z|par\n|\n|upkeep\n|turn|24\n|inactive|Time left: 300 sec this turn | 300 sec total\n|\n|t:|1783568106\n|move|p2a: Ribombee|Moonblast|p1a: Porygon-Z\n|-damage|p1a: Porygon-Z|62/100 par\n|move|p1a: Porygon-Z|Tri Attack|p2a: Ribombee\n|-crit|p2a: Ribombee\n|-damage|p2a: Ribombee|0 fnt\n|faint|p2a: Ribombee\n|\n|win|p0x24191e04", "uploadtime": 1783568106, "views": 0, "rating": 0, "private": 0, "password": null, "_winner": "p0x24191e04", "_our_name": "p0y24197acc"}