{"id": "battle-gen9randombattle-1416", "formatid": "gen9randombattle", "format": "[Gen 9] Random Battle", "players": ["p0x1416d035", "p0y1416f58d"], "log": "|init|battle\n|title|p0x1416d035 vs. p0y1416f58d\n|j|\u2606p0x1416d035\n|j|\u2606p0y1416f58d\n|t:|1783555525\n|gametype|singles\n|player|p1|p0x1416d035|2|\n|player|p2|p0y1416f58d|102|\n|gen|9\n|tier|[Gen 9] Random Battle\n|rule|Species Clause: Limit one of each Pok\u00e9mon\n|rule|HP Percentage Mod: HP is shown in percentages\n|rule|Sleep Clause Mod: Limit one foe put to sleep\n|rule|Illusion Level Mod: Illusion disguises the Pok\u00e9mon's true level\n|\n|t:|1783555525\n|teamsize|p1|6\n|teamsize|p2|6\n|start\n|switch|p1a: Abomasnow|Abomasnow, L84, M|100/100\n|switch|p2a: Urshifu|Urshifu-Rapid-Strike, L75, M|274/274\n|-weather|Snowscape|[from] ability: Snow Warning|[of] p1a: Abomasnow\n|turn|1\n|inactive|Battle timer is ON: inactive players will automatically lose when time's up. (requested by p0y1416f58d)\n|inactive|p0x1416d035 also wants the timer to be on.\n|\n|t:|1783555526\n|move|p2a: Urshifu|Close Combat|p1a: Abomasnow\n|-supereffective|p1a: Abomasnow\n|-damage|p1a: Abomasnow|7/100\n|-unboost|p2a: Urshifu|def|1\n|-unboost|p2a: Urshifu|spd|1\n|-damage|p2a: Urshifu|247/274|[from] item: Life Orb\n|move|p1a: Abomasnow|Aurora Veil|p1a: Abomasnow\n|-sidestart|p1: p0x1416d035|move: Aurora Veil\n|\n|-weather|Snowscape|[upkeep]\n|upkeep\n|turn|2\n|inactive|Time left: 300 sec this turn | 300 sec total\n|\n|t:|1783555527\n|switch|p2a: Espathra|Espathra, L80, M|283/283\n|switch|p1a: Gastrodon|Gastrodon, L86, F, shiny|100/100\n|\n|-weather|Snowscape|[upkeep]\n|upkeep\n|turn|3\n|inactive|Time left: 300 sec this turn | 300 sec total\n|\n|t:|1783555529\n|move|p2a: Espathra|Calm Mind|p2a: Espathra\n|-boost|p2a: Espathra|spa|1\n|-boost|p2a: Espathra|spd|1\n|move|p1a: Gastrodon|Surf|p2a: Espathra\n|-crit|p2a: Espathra\n|-damage|p2a: Espathra|75/283\n|\n|-weather|Snowscape|[upkeep]\n|-heal|p2a: Espathra|92/283|[from] item: Leftovers\n|-ability|p2a: Espathra|Speed Boost|boost\n|-boost|p2a: Espathra|spe|1\n|upkeep\n|turn|4\n|inactive|Time left: 300 sec this turn | 300 sec total\n|\n|t:|1783555530\n|move|p2a: Espathra|Substitute|p2a: Espathra\n|-start|p2a: Espathra|Substitute\n|-damage|p2a: Espathra|22/283\n|move|p1a: Gastrodon|Earthquake|p2a: Espathra\n|-end|p2a: Espathra|Substitute\n|\n|-weather|Snowscape|[upkeep]\n|-heal|p2a: Espathra|39/283|[from] item: Leftovers\n|-ability|p2a: Espathra|Speed Boost|boost\n|-boost|p2a: Espathra|spe|1\n|upkeep\n|turn|5\n|inactive|Time left: 300 sec this turn | 300 sec total\n|\n|t:|1783555531\n|switch|p2a: Gogoat|Gogoat, L88, M|360/360\n|move|p1a: Gastrodon|Earthquake|p2a: Gogoat\n|-resisted|p2a: Gogoat\n|-crit|p2a: Gogoat\n|-damage|p2a: Gogoat|264/360\n|\n|-weather|none\n|-heal|p2a: Gogoat|286/360|[from] item: Leftovers\n|upkeep\n|turn|6\n|inactive|Time left: 300 sec this turn | 300 sec total\n|\n|t:|1783555532\n|move|p2a: Gogoat|Bulk Up|p2a: Gogoat\n|-boost|p2a: Gogoat|atk|1\n|-boost|p2a: Gogoat|def|1\n|move|p1a: Gastrodon|Sludge Bomb|p2a: Gogoat\n|-supereffective|p2a: Gogoat\n|-damage|p2a: Gogoat|154/360\n|-status|p2a: Gogoat|psn\n|\n|-heal|p2a: Gogoat|176/360 psn|[from] item: Leftovers\n|-damage|p2a: Gogoat|131/360 psn|[from] psn\n|upkeep\n|turn|7\n|inactive|Time left: 300 sec this turn | 300 sec total\n|\n|t:|1783555533\n|-terastallize|p1a: Gastrodon|Poison\n|move|p2a: Gogoat|Milk Drink|p2a: Gogoat\n|-heal|p2a: Gogoat|311/360 psn\n|move|p1a: Gastrodon|Sludge Bomb|p2a: Gogoat\n|-supereffective|p2a: Gogoat\n|-damage|p2a: Gogoat|119/360 psn\n|\n|-heal|p2a: Gogoat|141/360 psn|[from] item: Leftovers\n|-damage|p2a: Gogoat|96/360 psn|[from] psn\n|upkeep\n|turn|8\n|inactive|Time left: 300 sec this turn | 300 sec total\n|\n|t:|1783555534\n|move|p2a: Gogoat|Milk Drink|p2a: Gogoat\n|-heal|p2a: Gogoat|276/360 psn\n|move|p1a: Gastrodon|Sludge Bomb|p2a: Gogoat\n|-supereffective|p2a: Gogoat\n|-damage|p2a: Gogoat|84/360 psn\n|\n|-heal|p2a: Gogoat|106/360 psn|[from] item: Leftovers\n|-damage|p2a: Gogoat|61/360 psn|[from] psn\n|-sideend|p1: p0x1416d035|move: Aurora Veil\n|upkeep\n|turn|9\n|inactive|Time left: 300 sec this turn | 300 sec total\n|\n|t:|1783555535\n|move|p2a: Gogoat|Earthquake|p1a: Gastrodon\n|-supereffective|p1a: Gastrodon\n|-damage|p1a: Gastrodon|10/100\n|move|p1a: Gastrodon|Sludge Bomb|p2a: Gogoat\n|-supereffective|p2a: Gogoat\n|-crit|p2a: Gogoat\n|-damage|p2a: Gogoat|0 fnt\n|faint|p2a: Gogoat\n|\n|-heal|p1a: Gastrodon|17/100|[from] item: Leftovers\n|upkeep\n|inactive|Time left: 300 sec this turn | 300 sec total | 5 sec grace\n|\n|t:|1783555535\n|switch|p2a: Blaziken|Blaziken, L76, M|247/247\n|turn|10\n|inactive|Time left: 300 sec this turn | 300 sec total\n|\n|t:|1783555536\n|switch|p1a: Suicune|Suicune, L82|100/100\n|-ability|p1a: Suicune|Pressure\n|move|p2a: Blaziken|Knock Off|p1a: Suicune\n|-damage|p1a: Suicune|76/100\n|-enditem|p1a: Suicune|Leftovers|[from] move: Knock Off|[of] p2a: Blaziken\n|-damage|p2a: Blaziken|223/247|[from] item: Life Orb\n|\n|-ability|p2a: Blaziken|Speed Boost|boost\n|-boost|p2a: Blaziken|spe|1\n|upkeep\n|turn|11\n|inactive|Time left: 300 sec this turn | 300 sec total\n|\n|t:|1783555537\n|-terastallize|p2a: Blaziken|Dark\n|move|p2a: Blaziken|Swords Dance|p2a: Blaziken\n|-boost|p2a: Blaziken|atk|2\n|move|p1a: Suicune|Scald|p2a: Blaziken\n|-damage|p2a: Blaziken|130/247\n|-status|p2a: Blaziken|brn\n|\n|-damage|p2a: Blaziken|115/247 brn|[from] brn\n|-ability|p2a: Blaziken|Speed Boost|boost\n|-boost|p2a: Blaziken|spe|1\n|upkeep\n|turn|12\n|inactive|Time left: 300 sec this turn | 300 sec total\n|\n|t:|1783555538\n|move|p2a: Blaziken|Close Combat|p1a: Suicune\n|-damage|p1a: Suicune|28/100\n|-unboost|p2a: Blaziken|def|1\n|-unboost|p2a: Blaziken|spd|1\n|-damage|p2a: Blaziken|91/247 brn|[from] item: Life Orb\n|move|p1a: Suicune|Scald|p2a: Blaziken\n|-damage|p2a: Blaziken|0 fnt\n|faint|p2a: Blaziken\n|\n|upkeep\n|inactive|Time left: 300 sec this turn | 300 sec total | 5 sec grace\n|\n|t:|1783555539\n|switch|p2a: Urshifu|Urshifu-Rapid-Strike, L75, M|247/274\n|turn|13\n|inactive|Time left: 300 sec this turn | 300 sec total\n|\n|t:|1783555540\n|move|p2a: Urshifu|Swords Dance|p2a: Urshifu\n|-boost|p2a: Urshifu|atk|2\n|move|p1a: Suicune|Scald|p2a: Urshifu\n|-resisted|p2a: Urshifu\n|-damage|p2a: Urshifu|193/274\n|\n|upkeep\n|turn|14\n|inactive|Time left: 300 sec this turn | 300 sec total\n|\n|t:|1783555541\n|switch|p1a: Gastrodon|Gastrodon, L86, F, shiny, tera:Poison|17/100\n|move|p2a: Urshifu|Surging Strikes|p1a: Gastrodon\n|-ability|p1a: Gastrodon|Storm Drain|boost\n|-boost|p1a: Gastrodon|spa|1\n|\n|-heal|p1a: Gastrodon|23/100|[from] item: Leftovers\n|upkeep\n|turn|15\n|inactive|Time left: 300 sec this turn | 300 sec total\n|\n|t:|1783555542\n|switch|p1a: Abomasnow|Abomasnow, L84, M|7/100\n|-weather|Snowscape|[from] ability: Snow Warning|[of] p1a: Abomasnow\n|move|p2a: Urshifu|Ice Spinner|p1a: Abomasnow\n|-damage|p1a: Abomasnow|0 fnt\n|faint|p1a: Abomasnow\n|-damage|p2a: Urshifu|166/274|[from] item: Life Orb\n|\n|-weather|Snowscape|[upkeep]\n|upkeep\n|\n|t:|1783555543\n|switch|p1a: Volbeat|Volbeat, L90, M|100/100\n|turn|16\n|inactive|Time left: 300 sec this turn | 300 sec total\n|\n|t:|1783555544\n|move|p1a: Volbeat|Encore|p2a: Urshifu\n|-start|p2a: Urshifu|Encore\n|move|p2a: Urshifu|Ice Spinner|p1a: Volbeat\n|-damage|p1a: Volbeat|36/100\n|-damage|p2a: Urshifu|139/274|[from] item: Life Orb\n|\n|-weather|Snowscape|[upkeep]\n|upkeep\n|turn|17\n|inactive|Time left: 300 sec this turn | 300 sec total\n|\n|t:|1783555545\n|switch|p1a: Orthworm|Orthworm, L88, F|100/100\n|move|p2a: Urshifu|Ice Spinner|p1a: Orthworm\n|-resisted|p1a: Orthworm\n|-damage|p1a: Orthworm|82/100\n|-damage|p2a: Urshifu|112/274|[from] item: Life Orb\n|\n|-weather|Snowscape|[upkeep]\n|-heal|p1a: Orthworm|88/100|[from] item: Leftovers\n|upkeep\n|turn|18\n|inactive|Time left: 300 sec this turn | 300 sec total\n|\n|t:|1783555546\n|switch|p2a: Wyrdeer|Wyrdeer, L87, M|321/321\n|-ability|p2a: Wyrdeer|Intimidate|boost\n|-unboost|p1a: Orthworm|atk|1\n|move|p1a: Orthworm|Body Press|p2a: Wyrdeer\n|-damage|p2a: Wyrdeer|226/321\n|\n|-weather|Snowscape|[upkeep]\n|-heal|p1a: Orthworm|94/100|[from] item: Leftovers\n|-heal|p2a: Wyrdeer|246/321|[from] item: Leftovers\n|upkeep\n|turn|19\n|inactive|Time left: 300 sec this turn | 300 sec total\n|\n|t:|1783555547\n|move|p1a: Orthworm|Body Press|p2a: Wyrdeer\n|-damage|p2a: Wyrdeer|155/321\n|move|p2a: Wyrdeer|Psychic Noise|p1a: Orthworm\n|-resisted|p1a: Orthworm\n|-damage|p1a: Orthworm|72/100\n|-start|p1a: Orthworm|move: Heal Block\n|\n|-weather|none\n|-heal|p2a: Wyrdeer|175/321|[from] item: Leftovers\n|upkeep\n|turn|20\n|inactive|Time left: 300 sec this turn | 300 sec total\n|\n|t:|1783555548\n|move|p1a: Orthworm|Body Press|p2a: Wyrdeer\n|-damage|p2a: Wyrdeer|85/321\n|move|p2a: Wyrdeer|Thunder Wave|p1a: Orthworm\n|-status|p1a: Orthworm|par\n|\n|-heal|p2a: Wyrdeer|105/321|[from] item: Leftovers\n|-end|p1a: Orthworm|move: Heal Block\n|upkeep\n|turn|21\n|inactive|Time left: 300 sec this turn | 300 sec total\n|\n|t:|1783555549\n|move|p2a: Wyrdeer|Psychic Noise|p1a: Orthworm\n|-resisted|p1a: Orthworm\n|-damage|p1a: Orthworm|52/100 par\n|-start|p1a: Orthworm|move: Heal Block\n|cant|p1a: Orthworm|par\n|\n|-heal|p2a: Wyrdeer|125/321|[from] item: Leftovers\n|upkeep\n|turn|22\n|inactive|Time left: 300 sec this turn | 300 sec total\n|\n|t:|1783555550\n|move|p2a: Wyrdeer|Psychic Noise|p1a: Orthworm\n|-resisted|p1a: Orthworm\n|-damage|p1a: Orthworm|29/100 par\n|move|p1a: Orthworm|Body Press|p2a: Wyrdeer\n|-damage|p2a: Wyrdeer|33/321\n|\n|-heal|p2a: Wyrdeer|53/321|[from] item: Leftovers\n|-end|p1a: Orthworm|move: Heal Block\n|upkeep\n|turn|23\n|inactive|Time left: 300 sec this turn | 300 sec total\n|\n|t:|1783555551\n|move|p2a: Wyrdeer|Psychic Noise|p1a: Orthworm\n|-resisted|p1a: Orthworm\n|-damage|p1a: Orthworm|9/100 par\n|-start|p1a: Orthworm|move: Heal Block\n|cant|p1a: Orthworm|par\n|\n|-heal|p2a: Wyrdeer|73/321|[from] item: Leftovers\n|upkeep\n|turn|24\n|inactive|Time left: 300 sec this turn | 300 sec total\n|\n|t:|1783555552\n|move|p2a: Wyrdeer|Psychic Noise|p1a: Orthworm\n|-resisted|p1a: Orthworm\n|-damage|p1a: Orthworm|0 fnt\n|faint|p1a: Orthworm\n|\n|-heal|p2a: Wyrdeer|93/321|[from] item: Leftovers\n|upkeep\n|\n|t:|1783555553\n|switch|p1a: Komala|Komala, L87, M|100/100\n|-ability|p1a: Komala|Comatose\n|turn|25\n|inactive|Time left: 300 sec this turn | 300 sec total\n|\n|t:|1783555554\n|switch|p2a: Oinkologne|Oinkologne-F, L92, F|361/361\n|move|p1a: Komala|Rapid Spin|p2a: Oinkologne\n|-damage|p2a: Oinkologne|297/361\n|-boost|p1a: Komala|spe|1\n|\n|-heal|p2a: Oinkologne|319/361|[from] item: Leftovers\n|upkeep\n|turn|26\n|inactive|Time left: 300 sec this turn | 300 sec total\n|\n|t:|1783555555\n|move|p1a: Komala|Body Slam|p2a: Oinkologne\n|-damage|p2a: Oinkologne|204/361\n|-status|p2a: Oinkologne|par\n|cant|p2a: Oinkologne|par\n|\n|-heal|p2a: Oinkologne|226/361 par|[from] item: Leftovers\n|upkeep\n|turn|27\n|inactive|Time left: 300 sec this turn | 300 sec total\n|\n|t:|1783555556\n|move|p1a: Komala|Knock Off|p2a: Oinkologne\n|-crit|p2a: Oinkologne\n|-damage|p2a: Oinkologne|81/361 par\n|-enditem|p2a: Oinkologne|Leftovers|[from] move: Knock Off|[of] p1a: Komala\n|move|p2a: Oinkologne|Body Slam|p1a: Komala\n|-damage|p1a: Komala|57/100\n|\n|upkeep\n|turn|28\n|inactive|Time left: 300 sec this turn | 300 sec total\n|\n|t:|1783555557\n|move|p1a: Komala|Body Slam|p2a: Oinkologne\n|-damage|p2a: Oinkologne|0 fnt\n|faint|p2a: Oinkologne\n|\n|upkeep\n|inactive|Time left: 300 sec this turn | 300 sec total | 5 sec grace\n|\n|t:|1783555558\n|switch|p2a: Urshifu|Urshifu-Rapid-Strike, L75, M|112/274\n|turn|29\n|inactive|Time left: 300 sec this turn | 300 sec total\n|\n|t:|1783555559\n|move|p1a: Komala|Body Slam|p2a: Urshifu\n|-damage|p2a: Urshifu|0 fnt\n|faint|p2a: Urshifu\n|\n|upkeep\n|inactive|Time left: 300 sec this turn | 300 sec total | 5 sec grace\n|\n|t:|1783555560\n|switch|p2a: Espathra|Espathra, L80, M|39/283\n|turn|30\n|inactive|Time left: 300 sec this turn | 300 sec total\n|\n|t:|1783555561\n|move|p1a: Komala|Knock Off|p2a: Espathra\n|-supereffective|p2a: Espathra\n|-damage|p2a: Espathra|0 fnt\n|-enditem|p2a: Espathra|Leftovers|[from] move: Knock Off|[of] p1a: Komala\n|faint|p2a: Espathra\n|\n|upkeep\n|inactive|Time left: 300 sec this turn | 300 sec total | 5 sec grace\n|\n|t:|1783555561\n|switch|p2a: Wyrdeer|Wyrdeer, L87, M|93/321\n|-ability|p2a: Wyrdeer|Intimidate|boost\n|-unboost|p1a: Komala|atk|1\n|turn|31\n|inactive|Time left: 300 sec this turn | 300 sec total\n|\n|t:|1783555562\n|move|p1a: Komala|Knock Off|p2a: Wyrdeer\n|-supereffective|p2a: Wyrdeer\n|-damage|p2a: Wyrdeer|0 fnt\n|-enditem|p2a: Wyrdeer|Leftovers|[from] move: Knock Off|[of] p1a: Komala\n|faint|p2a: Wyrdeer\n|\n|win|p0x1416d035", "uploadtime": 1783555562, "views": 0, "rating": 0, "private": 0, "password": null, "_winner": "p0x1416d035", "_our_name": "p0y1416f58d"}