{"id": "battle-gen9randombattle-2409", "formatid": "gen9randombattle", "format": "[Gen 9] Random Battle", "players": ["p0x240936c7", "p0y24094b19"], "log": "|init|battle\n|title|p0x240936c7 vs. p0y24094b19\n|j|\u2606p0x240936c7\n|j|\u2606p0y24094b19\n|t:|1783566948\n|gametype|singles\n|player|p1|p0x240936c7|102|\n|player|p2|p0y24094b19|266|\n|gen|9\n|tier|[Gen 9] Random Battle\n|rule|Species Clause: Limit one of each Pok\u00e9mon\n|rule|HP Percentage Mod: HP is shown in percentages\n|rule|Sleep Clause Mod: Limit one foe put to sleep\n|rule|Illusion Level Mod: Illusion disguises the Pok\u00e9mon's true level\n|\n|t:|1783566948\n|teamsize|p1|6\n|teamsize|p2|6\n|start\n|switch|p1a: Raikou|Raikou, L81|100/100\n|switch|p2a: Wugtrio|Wugtrio, L91, F|212/212\n|-ability|p1a: Raikou|Pressure\n|turn|1\n|inactive|Battle timer is ON: inactive players will automatically lose when time's up. (requested by p0y24094b19)\n|inactive|p0x240936c7 also wants the timer to be on.\n|\n|t:|1783566950\n|move|p2a: Wugtrio|Liquidation|p1a: Raikou\n|-damage|p1a: Raikou|36/100\n|move|p1a: Raikou|Thunderbolt|p2a: Wugtrio\n|-supereffective|p2a: Wugtrio\n|-damage|p2a: Wugtrio|0 fnt\n|faint|p2a: Wugtrio\n|\n|upkeep\n|inactive|Time left: 300 sec this turn | 300 sec total | 65 sec grace\n|\n|t:|1783566951\n|switch|p2a: Meowscarada|Meowscarada, L78, M|247/247\n|turn|2\n|inactive|Time left: 300 sec this turn | 300 sec total\n|\n|t:|1783566952\n|switch|p1a: Gouging Fire|Gouging Fire, L74|100/100\n|move|p2a: Meowscarada|Knock Off|p1a: Gouging Fire\n|-start|p2a: Meowscarada|typechange|Dark|[from] ability: Protean\n|-damage|p1a: Gouging Fire|55/100\n|-enditem|p1a: Gouging Fire|Heavy-Duty Boots|[from] move: Knock Off|[of] p2a: Meowscarada\n|\n|upkeep\n|turn|3\n|inactive|Time left: 300 sec this turn | 300 sec total\n|\n|t:|1783566953\n|move|p2a: Meowscarada|Knock Off|p1a: Gouging Fire\n|-damage|p1a: Gouging Fire|22/100\n|move|p1a: Gouging Fire|Outrage|p2a: Meowscarada\n|-damage|p2a: Meowscarada|105/247\n|\n|upkeep\n|turn|4\n|inactive|Time left: 300 sec this turn | 300 sec total\n|\n|t:|1783566954\n|move|p2a: Meowscarada|Knock Off|p1a: Gouging Fire\n|-damage|p1a: Gouging Fire|0 fnt\n|faint|p1a: Gouging Fire\n|-end|p1a: Gouging Fire|Protosynthesis|[silent]\n|\n|upkeep\n|\n|t:|1783566955\n|switch|p1a: Iron Bundle|Iron Bundle, L78|100/100\n|turn|5\n|inactive|Time left: 300 sec this turn | 300 sec total\n|\n|t:|1783566957\n|move|p1a: Iron Bundle|Ice Beam|p2a: Meowscarada\n|-damage|p2a: Meowscarada|0 fnt\n|faint|p2a: Meowscarada\n|\n|upkeep\n|inactive|Time left: 300 sec this turn | 300 sec total | 5 sec grace\n|\n|t:|1783566958\n|switch|p2a: Electivire|Electivire, L84, M|263/263\n|turn|6\n|inactive|Time left: 300 sec this turn | 300 sec total\n|\n|t:|1783566959\n|move|p1a: Iron Bundle|Ice Beam|p2a: Electivire\n|-damage|p2a: Electivire|118/263\n|move|p2a: Electivire|Volt Switch|p1a: Iron Bundle\n|-supereffective|p1a: Iron Bundle\n|-damage|p1a: Iron Bundle|0 fnt\n|faint|p1a: Iron Bundle\n|-end|p1a: Iron Bundle|Quark Drive|[silent]\n|-damage|p2a: Electivire|92/263|[from] item: Life Orb\n|inactive|Time left: 300 sec this turn | 300 sec total | 5 sec grace\n|\n|t:|1783566960\n|switch|p2a: Kingdra|Kingdra, L84, F|263/263|[from] Volt Switch\n|\n|upkeep\n|\n|t:|1783566961\n|switch|p1a: Porygon-Z|Porygon-Z, L83|100/100\n|-ability|p1a: Porygon-Z|Download|boost\n|-boost|p1a: Porygon-Z|spa|1\n|turn|7\n|inactive|Time left: 300 sec this turn | 300 sec total\n|\n|t:|1783566961\n|move|p1a: Porygon-Z|Tri Attack|p2a: Kingdra\n|-damage|p2a: Kingdra|110/263\n|move|p2a: Kingdra|Outrage|p1a: Porygon-Z\n|-damage|p1a: Porygon-Z|50/100\n|\n|upkeep\n|turn|8\n|inactive|Time left: 300 sec this turn | 300 sec total\n|\n|t:|1783566963\n|move|p1a: Porygon-Z|Tri Attack|p2a: Kingdra\n|-damage|p2a: Kingdra|0 fnt\n|faint|p2a: Kingdra\n|\n|upkeep\n|inactive|Time left: 300 sec this turn | 300 sec total | 5 sec grace\n|\n|t:|1783566963\n|switch|p2a: Rhydon|Rhydon, L85, M|317/317\n|turn|9\n|inactive|Time left: 300 sec this turn | 300 sec total\n|\n|t:|1783566964\n|move|p1a: Porygon-Z|Tri Attack|p2a: Rhydon\n|-resisted|p2a: Rhydon\n|-damage|p2a: Rhydon|226/317\n|move|p2a: Rhydon|Earthquake|p1a: Porygon-Z\n|-damage|p1a: Porygon-Z|0 fnt\n|faint|p1a: Porygon-Z\n|\n|upkeep\n|\n|t:|1783566965\n|switch|p1a: Raikou|Raikou, L81|36/100\n|-ability|p1a: Raikou|Pressure\n|turn|10\n|inactive|Time left: 300 sec this turn | 300 sec total\n|\n|t:|1783566966\n|-terastallize|p2a: Rhydon|Fairy\n|move|p1a: Raikou|Scald|p2a: Rhydon\n|-damage|p2a: Rhydon|128/317\n|move|p2a: Rhydon|Earthquake|p1a: Raikou\n|-supereffective|p1a: Raikou\n|-crit|p1a: Raikou\n|-damage|p1a: Raikou|0 fnt\n|faint|p1a: Raikou\n|\n|upkeep\n|\n|t:|1783566967\n|switch|p1a: Wyrdeer|Wyrdeer, L87, M|100/100\n|-ability|p1a: Wyrdeer|Intimidate|boost\n|-unboost|p2a: Rhydon|atk|1\n|turn|11\n|inactive|Time left: 300 sec this turn | 300 sec total\n|\n|t:|1783566968\n|move|p1a: Wyrdeer|Psychic Noise|p2a: Rhydon\n|-damage|p2a: Rhydon|31/317\n|-start|p2a: Rhydon|move: Heal Block\n|move|p2a: Rhydon|Megahorn|p1a: Wyrdeer\n|-supereffective|p1a: Wyrdeer\n|-damage|p1a: Wyrdeer|51/100\n|\n|-heal|p1a: Wyrdeer|57/100|[from] item: Leftovers\n|upkeep\n|turn|12\n|inactive|Time left: 300 sec this turn | 300 sec total\n|\n|t:|1783566968\n|switch|p2a: Garganacl|Garganacl, L80, M|291/291\n|move|p1a: Wyrdeer|Body Slam|p2a: Garganacl\n|-resisted|p2a: Garganacl\n|-damage|p2a: Garganacl|250/291\n|\n|-heal|p1a: Wyrdeer|63/100|[from] item: Leftovers\n|-heal|p2a: Garganacl|268/291|[from] item: Leftovers\n|upkeep\n|turn|13\n|inactive|Time left: 300 sec this turn | 300 sec total\n|\n|t:|1783566969\n|-terastallize|p1a: Wyrdeer|Ground\n|move|p2a: Garganacl|Protect|p2a: Garganacl\n|-singleturn|p2a: Garganacl|Protect\n|move|p1a: Wyrdeer|Earthquake|p2a: Garganacl\n|-activate|p2a: Garganacl|move: Protect\n|\n|-heal|p1a: Wyrdeer|69/100|[from] item: Leftovers\n|-heal|p2a: Garganacl|286/291|[from] item: Leftovers\n|upkeep\n|turn|14\n|inactive|Time left: 300 sec this turn | 300 sec total\n|\n|t:|1783566970\n|move|p1a: Wyrdeer|Earthquake|p2a: Garganacl\n|-supereffective|p2a: Garganacl\n|-damage|p2a: Garganacl|116/291\n|move|p2a: Garganacl|Recover|p2a: Garganacl\n|-heal|p2a: Garganacl|262/291\n|\n|-heal|p1a: Wyrdeer|76/100|[from] item: Leftovers\n|-heal|p2a: Garganacl|280/291|[from] item: Leftovers\n|upkeep\n|turn|15\n|inactive|Time left: 300 sec this turn | 300 sec total\n|\n|t:|1783566971\n|move|p2a: Garganacl|Protect|p2a: Garganacl\n|-singleturn|p2a: Garganacl|Protect\n|move|p1a: Wyrdeer|Earthquake|p2a: Garganacl\n|-activate|p2a: Garganacl|move: Protect\n|\n|-heal|p1a: Wyrdeer|82/100|[from] item: Leftovers\n|-heal|p2a: Garganacl|291/291|[from] item: Leftovers\n|upkeep\n|turn|16\n|inactive|Time left: 300 sec this turn | 300 sec total\n|\n|t:|1783566972\n|move|p1a: Wyrdeer|Earthquake|p2a: Garganacl\n|-supereffective|p2a: Garganacl\n|-damage|p2a: Garganacl|117/291\n|move|p2a: Garganacl|Recover|p2a: Garganacl\n|-heal|p2a: Garganacl|263/291\n|\n|-heal|p1a: Wyrdeer|88/100|[from] item: Leftovers\n|-heal|p2a: Garganacl|281/291|[from] item: Leftovers\n|upkeep\n|turn|17\n|inactive|Time left: 300 sec this turn | 300 sec total\n|\n|t:|1783566972\n|move|p2a: Garganacl|Protect|p2a: Garganacl\n|-singleturn|p2a: Garganacl|Protect\n|move|p1a: Wyrdeer|Earthquake|p2a: Garganacl\n|-activate|p2a: Garganacl|move: Protect\n|\n|-heal|p1a: Wyrdeer|94/100|[from] item: Leftovers\n|-heal|p2a: Garganacl|291/291|[from] item: Leftovers\n|upkeep\n|turn|18\n|inactive|Time left: 300 sec this turn | 300 sec total\n|\n|t:|1783566973\n|move|p1a: Wyrdeer|Earthquake|p2a: Garganacl\n|-supereffective|p2a: Garganacl\n|-damage|p2a: Garganacl|103/291\n|move|p2a: Garganacl|Recover|p2a: Garganacl\n|-heal|p2a: Garganacl|249/291\n|\n|-heal|p1a: Wyrdeer|100/100|[from] item: Leftovers\n|-heal|p2a: Garganacl|267/291|[from] item: Leftovers\n|upkeep\n|turn|19\n|inactive|Time left: 300 sec this turn | 300 sec total\n|\n|t:|1783566974\n|move|p2a: Garganacl|Protect|p2a: Garganacl\n|-singleturn|p2a: Garganacl|Protect\n|move|p1a: Wyrdeer|Earthquake|p2a: Garganacl\n|-activate|p2a: Garganacl|move: Protect\n|\n|-heal|p2a: Garganacl|285/291|[from] item: Leftovers\n|upkeep\n|turn|20\n|inactive|Time left: 300 sec this turn | 300 sec total\n|\n|t:|1783566975\n|move|p1a: Wyrdeer|Earthquake|p2a: Garganacl\n|-supereffective|p2a: Garganacl\n|-damage|p2a: Garganacl|93/291\n|move|p2a: Garganacl|Recover|p2a: Garganacl\n|-heal|p2a: Garganacl|239/291\n|\n|-heal|p2a: Garganacl|257/291|[from] item: Leftovers\n|upkeep\n|turn|21\n|inactive|Time left: 300 sec this turn | 300 sec total\n|\n|t:|1783566976\n|move|p2a: Garganacl|Protect|p2a: Garganacl\n|-singleturn|p2a: Garganacl|Protect\n|move|p1a: Wyrdeer|Earthquake|p2a: Garganacl\n|-activate|p2a: Garganacl|move: Protect\n|\n|-heal|p2a: Garganacl|275/291|[from] item: Leftovers\n|upkeep\n|turn|22\n|inactive|Time left: 300 sec this turn | 300 sec total\n|\n|t:|1783566977\n|move|p1a: Wyrdeer|Earthquake|p2a: Garganacl\n|-supereffective|p2a: Garganacl\n|-damage|p2a: Garganacl|99/291\n|move|p2a: Garganacl|Recover|p2a: Garganacl\n|-heal|p2a: Garganacl|245/291\n|\n|-heal|p2a: Garganacl|263/291|[from] item: Leftovers\n|upkeep\n|turn|23\n|inactive|Time left: 300 sec this turn | 300 sec total\n|\n|t:|1783566978\n|move|p2a: Garganacl|Protect|p2a: Garganacl\n|-singleturn|p2a: Garganacl|Protect\n|move|p1a: Wyrdeer|Earthquake|p2a: Garganacl\n|-activate|p2a: Garganacl|move: Protect\n|\n|-heal|p2a: Garganacl|281/291|[from] item: Leftovers\n|upkeep\n|turn|24\n|inactive|Time left: 300 sec this turn | 300 sec total\n|\n|t:|1783566979\n|move|p1a: Wyrdeer|Earthquake|p2a: Garganacl\n|-supereffective|p2a: Garganacl\n|-damage|p2a: Garganacl|95/291\n|move|p2a: Garganacl|Recover|p2a: Garganacl\n|-heal|p2a: Garganacl|241/291\n|\n|-heal|p2a: Garganacl|259/291|[from] item: Leftovers\n|upkeep\n|turn|25\n|inactive|Time left: 300 sec this turn | 300 sec total\n|\n|t:|1783566980\n|move|p2a: Garganacl|Protect|p2a: Garganacl\n|-singleturn|p2a: Garganacl|Protect\n|move|p1a: Wyrdeer|Earthquake|p2a: Garganacl\n|-activate|p2a: Garganacl|move: Protect\n|\n|-heal|p2a: Garganacl|277/291|[from] item: Leftovers\n|upkeep\n|turn|26\n|inactive|Time left: 300 sec this turn | 300 sec total\n|\n|t:|1783566981\n|move|p1a: Wyrdeer|Earthquake|p2a: Garganacl\n|-supereffective|p2a: Garganacl\n|-damage|p2a: Garganacl|97/291\n|move|p2a: Garganacl|Recover|p2a: Garganacl\n|-heal|p2a: Garganacl|243/291\n|\n|-heal|p2a: Garganacl|261/291|[from] item: Leftovers\n|upkeep\n|turn|27\n|inactive|Time left: 300 sec this turn | 300 sec total\n|\n|t:|1783566982\n|move|p2a: Garganacl|Protect|p2a: Garganacl\n|-singleturn|p2a: Garganacl|Protect\n|move|p1a: Wyrdeer|Earthquake|p2a: Garganacl\n|-activate|p2a: Garganacl|move: Protect\n|\n|-heal|p2a: Garganacl|279/291|[from] item: Leftovers\n|upkeep\n|turn|28\n|inactive|Time left: 300 sec this turn | 300 sec total\n|\n|t:|1783566983\n|move|p1a: Wyrdeer|Earthquake|p2a: Garganacl\n|-supereffective|p2a: Garganacl\n|-damage|p2a: Garganacl|109/291\n|move|p2a: Garganacl|Salt Cure|p1a: Wyrdeer\n|-resisted|p1a: Wyrdeer\n|-damage|p1a: Wyrdeer|93/100\n|-start|p1a: Wyrdeer|Salt Cure\n|\n|-heal|p1a: Wyrdeer|99/100|[from] item: Leftovers\n|-heal|p2a: Garganacl|127/291|[from] item: Leftovers\n|-damage|p1a: Wyrdeer|87/100|[from] Salt Cure\n|upkeep\n|turn|29\n|inactive|Time left: 300 sec this turn | 300 sec total\n|\n|t:|1783566984\n|move|p2a: Garganacl|Protect|p2a: Garganacl\n|-singleturn|p2a: Garganacl|Protect\n|move|p1a: Wyrdeer|Psychic Noise|p2a: Garganacl\n|-activate|p2a: Garganacl|move: Protect\n|\n|-heal|p1a: Wyrdeer|93/100|[from] item: Leftovers\n|-heal|p2a: Garganacl|145/291|[from] item: Leftovers\n|-damage|p1a: Wyrdeer|81/100|[from] Salt Cure\n|upkeep\n|turn|30\n|inactive|Time left: 300 sec this turn | 300 sec total\n|\n|t:|1783566985\n|move|p2a: Garganacl|Protect||[still]\n|-fail|p2a: Garganacl\n|move|p1a: Wyrdeer|Psychic Noise|p2a: Garganacl\n|-damage|p2a: Garganacl|49/291\n|-start|p2a: Garganacl|move: Heal Block\n|\n|-heal|p1a: Wyrdeer|87/100|[from] item: Leftovers\n|-damage|p1a: Wyrdeer|74/100|[from] Salt Cure\n|upkeep\n|turn|31\n|inactive|Time left: 300 sec this turn | 300 sec total\n|\n|t:|1783566986\n|move|p2a: Garganacl|Protect|p2a: Garganacl\n|-singleturn|p2a: Garganacl|Protect\n|move|p1a: Wyrdeer|Psychic Noise|p2a: Garganacl\n|-activate|p2a: Garganacl|move: Protect\n|\n|-heal|p1a: Wyrdeer|81/100|[from] item: Leftovers\n|-damage|p1a: Wyrdeer|68/100|[from] Salt Cure\n|-end|p2a: Garganacl|move: Heal Block\n|upkeep\n|turn|32\n|inactive|Time left: 300 sec this turn | 300 sec total\n|\n|t:|1783566987\n|switch|p2a: Electivire|Electivire, L84, M|92/263\n|move|p1a: Wyrdeer|Psychic Noise|p2a: Electivire\n|-damage|p2a: Electivire|0 fnt\n|faint|p2a: Electivire\n|\n|-heal|p1a: Wyrdeer|74/100|[from] item: Leftovers\n|-damage|p1a: Wyrdeer|62/100|[from] Salt Cure\n|upkeep\n|inactive|Time left: 300 sec this turn | 300 sec total | 5 sec grace\n|\n|t:|1783566987\n|switch|p2a: Rhydon|Rhydon, L85, M, tera:Fairy|31/317\n|turn|33\n|inactive|Time left: 300 sec this turn | 300 sec total\n|\n|t:|1783566988\n|move|p1a: Wyrdeer|Psychic Noise|p2a: Rhydon\n|-damage|p2a: Rhydon|0 fnt\n|faint|p2a: Rhydon\n|\n|-heal|p1a: Wyrdeer|68/100|[from] item: Leftovers\n|-damage|p1a: Wyrdeer|56/100|[from] Salt Cure\n|upkeep\n|inactive|Time left: 300 sec this turn | 300 sec total | 5 sec grace\n|\n|t:|1783566989\n|switch|p2a: Garganacl|Garganacl, L80, M|49/291\n|turn|34\n|inactive|Time left: 300 sec this turn | 300 sec total\n|\n|t:|1783566990\n|move|p2a: Garganacl|Protect|p2a: Garganacl\n|-singleturn|p2a: Garganacl|Protect\n|move|p1a: Wyrdeer|Psychic Noise|p2a: Garganacl\n|-activate|p2a: Garganacl|move: Protect\n|\n|-heal|p1a: Wyrdeer|62/100|[from] item: Leftovers\n|-heal|p2a: Garganacl|67/291|[from] item: Leftovers\n|-damage|p1a: Wyrdeer|49/100|[from] Salt Cure\n|upkeep\n|turn|35\n|inactive|Time left: 300 sec this turn | 300 sec total\n|\n|t:|1783566991\n|move|p2a: Garganacl|Protect||[still]\n|-fail|p2a: Garganacl\n|move|p1a: Wyrdeer|Psychic Noise|p2a: Garganacl\n|-damage|p2a: Garganacl|0 fnt\n|faint|p2a: Garganacl\n|\n|win|p0x240936c7", "uploadtime": 1783566991, "views": 0, "rating": 0, "private": 0, "password": null, "_winner": "p0x240936c7", "_our_name": "p0y24094b19"}