{"id": "battle-gen9randombattle-2593", "formatid": "gen9randombattle", "format": "[Gen 9] Random Battle", "players": ["p0x259338d0", "p0y2593b750"], "log": "|init|battle\n|title|p0x259338d0 vs. p0y2593b750\n|j|\u2606p0x259338d0\n|j|\u2606p0y2593b750\n|t:|1783569936\n|gametype|singles\n|player|p1|p0x259338d0|2|\n|player|p2|p0y2593b750|265|\n|gen|9\n|tier|[Gen 9] Random Battle\n|rule|Species Clause: Limit one of each Pok\u00e9mon\n|rule|HP Percentage Mod: HP is shown in percentages\n|rule|Sleep Clause Mod: Limit one foe put to sleep\n|rule|Illusion Level Mod: Illusion disguises the Pok\u00e9mon's true level\n|\n|t:|1783569936\n|teamsize|p1|6\n|teamsize|p2|6\n|start\n|switch|p1a: Minun|Minun, L95, M|268/268\n|switch|p2a: Indeedee|Indeedee-F, L90, F|100/100\n|-fieldstart|move: Psychic Terrain|[from] ability: Psychic Surge|[of] p2a: Indeedee\n|turn|1\n|inactive|Battle timer is ON: inactive players will automatically lose when time's up. (requested by p0x259338d0)\n|\n|t:|1783569938\n|move|p2a: Indeedee|Psychic|p1a: Minun\n|-damage|p1a: Minun|129/268\n|move|p1a: Minun|Nasty Plot|p1a: Minun\n|-boost|p1a: Minun|spa|2\n|\n|upkeep\n|turn|2\n|inactive|Time left: 300 sec this turn | 300 sec total\n|inactive|p0y2593b750 also wants the timer to be on.\n|\n|t:|1783569939\n|move|p2a: Indeedee|Psychic|p1a: Minun\n|-crit|p1a: Minun\n|-damage|p1a: Minun|0 fnt\n|faint|p1a: Minun\n|\n|upkeep\n|inactive|Time left: 300 sec this turn | 300 sec total | 5 sec grace\n|\n|t:|1783569940\n|switch|p1a: Wugtrio|Wugtrio, L91, F|212/212\n|turn|3\n|inactive|Time left: 300 sec this turn | 300 sec total\n|\n|t:|1783569941\n|move|p2a: Indeedee|Psychic|p1a: Wugtrio\n|-damage|p1a: Wugtrio|62/212\n|move|p1a: Wugtrio|Liquidation|p2a: Indeedee\n|-damage|p2a: Indeedee|27/100\n|-unboost|p2a: Indeedee|def|1\n|\n|upkeep\n|turn|4\n|inactive|Time left: 300 sec this turn | 300 sec total\n|\n|t:|1783569942\n|switch|p1a: Raging Bolt|Raging Bolt, L78|323/323\n|move|p2a: Indeedee|Psychic|p1a: Raging Bolt\n|-damage|p1a: Raging Bolt|230/323\n|\n|upkeep\n|turn|5\n|inactive|Time left: 300 sec this turn | 300 sec total\n|\n|t:|1783569943\n|move|p2a: Indeedee|Psychic|p1a: Raging Bolt\n|-damage|p1a: Raging Bolt|125/323\n|move|p1a: Raging Bolt|Thunderbolt|p2a: Indeedee\n|-damage|p2a: Indeedee|0 fnt\n|faint|p2a: Indeedee\n|\n|-fieldend|move: Psychic Terrain\n|upkeep\n|\n|t:|1783569944\n|switch|p2a: Donphan|Donphan, L84, F|100/100\n|turn|6\n|inactive|Time left: 300 sec this turn | 300 sec total\n|\n|t:|1783569945\n|move|p1a: Raging Bolt|Draco Meteor|p2a: Donphan\n|-damage|p2a: Donphan|32/100\n|-unboost|p1a: Raging Bolt|spa|2\n|move|p2a: Donphan|Earthquake|p1a: Raging Bolt\n|-supereffective|p1a: Raging Bolt\n|-damage|p1a: Raging Bolt|0 fnt\n|faint|p1a: Raging Bolt\n|-end|p1a: Raging Bolt|Protosynthesis|[silent]\n|\n|-heal|p2a: Donphan|38/100|[from] item: Leftovers\n|upkeep\n|inactive|Time left: 300 sec this turn | 300 sec total | 5 sec grace\n|\n|t:|1783569946\n|switch|p1a: Wugtrio|Wugtrio, L91, F|62/212\n|turn|7\n|inactive|Time left: 300 sec this turn | 300 sec total\n|\n|t:|1783569947\n|switch|p2a: Basculin|Basculin-Blue-Striped, L86, M|100/100\n|move|p1a: Wugtrio|Liquidation|p2a: Basculin\n|-resisted|p2a: Basculin\n|-damage|p2a: Basculin|63/100\n|\n|upkeep\n|turn|8\n|inactive|Time left: 300 sec this turn | 300 sec total\n|\n|t:|1783569948\n|move|p1a: Wugtrio|Liquidation|p2a: Basculin\n|-resisted|p2a: Basculin\n|-damage|p2a: Basculin|23/100\n|move|p2a: Basculin|Flip Turn|p1a: Wugtrio\n|-resisted|p1a: Wugtrio\n|-damage|p1a: Wugtrio|0 fnt\n|-ability|p1a: Wugtrio|Gooey\n|-unboost|p2a: Basculin|spe|1\n|faint|p1a: Wugtrio\n|\n|t:|1783569949\n|switch|p2a: Greedent|Greedent, L86, F|100/100|[from] Flip Turn\n|\n|upkeep\n|inactive|Time left: 300 sec this turn | 300 sec total | 10 sec grace\n|\n|t:|1783569950\n|switch|p1a: Emboar|Emboar, L84, F|322/322\n|turn|9\n|inactive|Time left: 300 sec this turn | 300 sec total\n|\n|t:|1783569951\n|-terastallize|p2a: Greedent|Ground\n|move|p1a: Emboar|Bulk Up|p1a: Emboar\n|-boost|p1a: Emboar|atk|1\n|-boost|p1a: Emboar|def|1\n|move|p2a: Greedent|Earthquake|p1a: Emboar\n|-supereffective|p1a: Emboar\n|-damage|p1a: Emboar|148/322\n|\n|-heal|p1a: Emboar|168/322|[from] item: Leftovers\n|upkeep\n|turn|10\n|inactive|Time left: 300 sec this turn | 300 sec total\n|\n|t:|1783569952\n|-terastallize|p1a: Emboar|Fighting\n|move|p1a: Emboar|Drain Punch|p2a: Greedent\n|-damage|p2a: Greedent|45/100\n|-heal|p1a: Emboar|264/322|[from] drain|[of] p2a: Greedent\n|-enditem|p2a: Greedent|Sitrus Berry|[eat]\n|-heal|p2a: Greedent|70/100|[from] item: Sitrus Berry\n|-heal|p2a: Greedent|100/100|[from] ability: Cheek Pouch\n|move|p2a: Greedent|Earthquake|p1a: Emboar\n|-damage|p1a: Emboar|179/322\n|\n|-heal|p1a: Emboar|199/322|[from] item: Leftovers\n|upkeep\n|turn|11\n|inactive|Time left: 300 sec this turn | 300 sec total\n|\n|t:|1783569953\n|move|p1a: Emboar|Drain Punch|p2a: Greedent\n|-damage|p2a: Greedent|47/100\n|-heal|p1a: Emboar|292/322|[from] drain|[of] p2a: Greedent\n|move|p2a: Greedent|Body Slam|p1a: Emboar\n|-damage|p1a: Emboar|211/322\n|-status|p1a: Emboar|par\n|\n|-heal|p1a: Emboar|231/322 par|[from] item: Leftovers\n|upkeep\n|turn|12\n|inactive|Time left: 300 sec this turn | 300 sec total\n|\n|t:|1783569954\n|move|p2a: Greedent|Earthquake|p1a: Emboar\n|-damage|p1a: Emboar|144/322 par\n|cant|p1a: Emboar|par\n|\n|-heal|p1a: Emboar|164/322 par|[from] item: Leftovers\n|upkeep\n|turn|13\n|inactive|Time left: 300 sec this turn | 300 sec total\n|\n|t:|1783569956\n|move|p2a: Greedent|Earthquake|p1a: Emboar\n|-damage|p1a: Emboar|71/322 par\n|move|p1a: Emboar|Drain Punch|p2a: Greedent\n|-damage|p2a: Greedent|0 fnt\n|-heal|p1a: Emboar|152/322 par|[from] drain|[of] p2a: Greedent\n|faint|p2a: Greedent\n|\n|-heal|p1a: Emboar|172/322 par|[from] item: Leftovers\n|upkeep\n|\n|t:|1783569957\n|switch|p2a: Basculin|Basculin-Blue-Striped, L86, M|23/100\n|turn|14\n|inactive|Time left: 300 sec this turn | 300 sec total\n|\n|t:|1783569958\n|move|p2a: Basculin|Wave Crash|p1a: Emboar\n|-damage|p1a: Emboar|0 fnt\n|faint|p1a: Emboar\n|-damage|p2a: Basculin|1/100|[from] Recoil\n|\n|upkeep\n|inactive|Time left: 300 sec this turn | 300 sec total | 5 sec grace\n|\n|t:|1783569958\n|switch|p1a: Deoxys|Deoxys-Attack, L72|191/191\n|-ability|p1a: Deoxys|Pressure\n|turn|15\n|inactive|Time left: 300 sec this turn | 300 sec total\n|\n|t:|1783569959\n|move|p1a: Deoxys|Knock Off|p2a: Basculin\n|-damage|p2a: Basculin|0 fnt\n|-enditem|p2a: Basculin|Choice Band|[from] move: Knock Off|[of] p1a: Deoxys\n|faint|p2a: Basculin\n|-damage|p1a: Deoxys|172/191|[from] item: Life Orb\n|\n|upkeep\n|\n|t:|1783569960\n|switch|p2a: Banette|Banette, L93, F|100/100\n|turn|16\n|inactive|Time left: 300 sec this turn | 300 sec total\n|\n|t:|1783569961\n|switch|p1a: Scovillain|Scovillain, L91, M|266/266\n|move|p2a: Banette|Shadow Sneak|p1a: Scovillain\n|-damage|p1a: Scovillain|172/266\n|-damage|p2a: Banette|90/100|[from] item: Life Orb\n|\n|upkeep\n|turn|17\n|inactive|Time left: 300 sec this turn | 300 sec total\n|\n|t:|1783569962\n|move|p1a: Scovillain|Fire Blast|p2a: Banette\n|-damage|p2a: Banette|30/100\n|move|p2a: Banette|Poltergeist|p1a: Scovillain\n|-activate|p1a: Scovillain|move: Poltergeist|Heavy-Duty Boots\n|-damage|p1a: Scovillain|0 fnt\n|faint|p1a: Scovillain\n|-damage|p2a: Banette|20/100|[from] item: Life Orb\n|\n|upkeep\n|inactive|Time left: 300 sec this turn | 300 sec total | 5 sec grace\n|\n|t:|1783569963\n|switch|p1a: Deoxys|Deoxys-Attack, L72|172/191\n|-ability|p1a: Deoxys|Pressure\n|turn|18\n|inactive|Time left: 300 sec this turn | 300 sec total\n|\n|t:|1783569964\n|move|p2a: Banette|Shadow Sneak|p1a: Deoxys\n|-supereffective|p1a: Deoxys\n|-damage|p1a: Deoxys|0 fnt\n|faint|p1a: Deoxys\n|-damage|p2a: Banette|10/100|[from] item: Life Orb\n|\n|win|p0y2593b750", "uploadtime": 1783569964, "views": 0, "rating": 0, "private": 0, "password": null, "_winner": "p0y2593b750", "_our_name": "p0x259338d0"}