{"id": "battle-gen9randombattle-1065", "formatid": "gen9randombattle", "format": "[Gen 9] Random Battle", "players": ["p0x1065773e", "p0y10655a0c"], "log": "|init|battle\n|title|p0x1065773e vs. p0y10655a0c\n|j|\u2606p0x1065773e\n|j|\u2606p0y10655a0c\n|t:|1783552238\n|gametype|singles\n|player|p1|p0x1065773e|265|\n|player|p2|p0y10655a0c|170|\n|gen|9\n|tier|[Gen 9] Random Battle\n|rule|Species Clause: Limit one of each Pok\u00e9mon\n|rule|HP Percentage Mod: HP is shown in percentages\n|rule|Sleep Clause Mod: Limit one foe put to sleep\n|rule|Illusion Level Mod: Illusion disguises the Pok\u00e9mon's true level\n|\n|t:|1783552238\n|teamsize|p1|6\n|teamsize|p2|6\n|start\n|switch|p1a: Hariyama|Hariyama, L87, M, shiny|392/392\n|switch|p2a: Rotom|Rotom-Heat, L83|100/100\n|turn|1\n|inactive|Battle timer is ON: inactive players will automatically lose when time's up. (requested by p0y10655a0c)\n|inactive|Time left: 300 sec this turn | 300 sec total | 60 sec grace\n|inactive|p0x1065773e also wants the timer to be on.\n|\n|t:|1783552240\n|move|p2a: Rotom|Volt Switch|p1a: Hariyama\n|-crit|p1a: Hariyama\n|-damage|p1a: Hariyama|292/392\n|\n|t:|1783552241\n|switch|p2a: Cresselia|Cresselia, L80, F|100/100|[from] Volt Switch\n|move|p1a: Hariyama|Knock Off|p2a: Cresselia\n|-supereffective|p2a: Cresselia\n|-damage|p2a: Cresselia|56/100\n|-enditem|p2a: Cresselia|Leftovers|[from] move: Knock Off|[of] p1a: Hariyama\n|\n|upkeep\n|turn|2\n|inactive|Time left: 300 sec this turn | 300 sec total\n|\n|t:|1783552243\n|switch|p1a: Masquerain|Masquerain, L87, M|264/264\n|-ability|p1a: Masquerain|Intimidate|boost\n|-unboost|p2a: Cresselia|atk|1\n|move|p2a: Cresselia|Moonlight|p2a: Cresselia\n|-heal|p2a: Cresselia|100/100\n|\n|upkeep\n|turn|3\n|inactive|Time left: 300 sec this turn | 300 sec total\n|\n|t:|1783552244\n|move|p1a: Masquerain|Sticky Web|p2a: Cresselia\n|-sidestart|p2: p0y10655a0c|move: Sticky Web\n|move|p2a: Cresselia|Calm Mind|p2a: Cresselia\n|-boost|p2a: Cresselia|spa|1\n|-boost|p2a: Cresselia|spd|1\n|\n|upkeep\n|turn|4\n|inactive|Time left: 300 sec this turn | 300 sec total\n|\n|t:|1783552245\n|move|p1a: Masquerain|U-turn|p2a: Cresselia\n|-supereffective|p2a: Cresselia\n|-damage|p2a: Cresselia|70/100\n|inactive|Time left: 300 sec this turn | 300 sec total | 5 sec grace\n|\n|t:|1783552246\n|switch|p1a: Hoopa|Hoopa, L85|275/275|[from] U-turn\n|move|p2a: Cresselia|Psyshock|p1a: Hoopa\n|-resisted|p1a: Hoopa\n|-damage|p1a: Hoopa|215/275\n|\n|upkeep\n|turn|5\n|inactive|Time left: 300 sec this turn | 300 sec total\n|\n|t:|1783552247\n|move|p1a: Hoopa|Shadow Ball|p2a: Cresselia\n|-supereffective|p2a: Cresselia\n|-damage|p2a: Cresselia|25/100\n|move|p2a: Cresselia|Calm Mind|p2a: Cresselia\n|-boost|p2a: Cresselia|spa|1\n|-boost|p2a: Cresselia|spd|1\n|\n|upkeep\n|turn|6\n|inactive|Time left: 300 sec this turn | 300 sec total\n|\n|t:|1783552248\n|-terastallize|p2a: Cresselia|Fairy\n|move|p1a: Hoopa|Shadow Ball|p2a: Cresselia\n|-damage|p2a: Cresselia|8/100\n|move|p2a: Cresselia|Moonlight|p2a: Cresselia\n|-heal|p2a: Cresselia|58/100\n|\n|upkeep\n|turn|7\n|inactive|Time left: 300 sec this turn | 300 sec total\n|\n|t:|1783552249\n|move|p1a: Hoopa|Shadow Ball|p2a: Cresselia\n|-damage|p2a: Cresselia|42/100\n|move|p2a: Cresselia|Moonlight|p2a: Cresselia\n|-heal|p2a: Cresselia|92/100\n|\n|upkeep\n|turn|8\n|inactive|Time left: 300 sec this turn | 300 sec total\n|\n|t:|1783552250\n|move|p1a: Hoopa|Shadow Ball|p2a: Cresselia\n|-damage|p2a: Cresselia|74/100\n|move|p2a: Cresselia|Moonblast|p1a: Hoopa\n|-damage|p1a: Hoopa|107/275\n|\n|upkeep\n|turn|9\n|inactive|Time left: 300 sec this turn | 300 sec total\n|\n|t:|1783552251\n|move|p1a: Hoopa|Shadow Ball|p2a: Cresselia\n|-damage|p2a: Cresselia|57/100\n|move|p2a: Cresselia|Moonblast|p1a: Hoopa\n|-damage|p1a: Hoopa|0 fnt\n|faint|p1a: Hoopa\n|\n|upkeep\n|inactive|Time left: 300 sec this turn | 300 sec total | 5 sec grace\n|\n|t:|1783552252\n|switch|p1a: Grafaiai|Grafaiai, L86, M|249/249\n|turn|10\n|inactive|Time left: 300 sec this turn | 300 sec total\n|\n|t:|1783552253\n|move|p1a: Grafaiai|Gunk Shot|p2a: Cresselia\n|-supereffective|p2a: Cresselia\n|-damage|p2a: Cresselia|0 fnt\n|faint|p2a: Cresselia\n|-damage|p1a: Grafaiai|225/249|[from] item: Life Orb\n|\n|upkeep\n|\n|t:|1783552254\n|switch|p2a: Muk|Muk-Alola, L82, F|100/100\n|-activate|p2a: Muk|move: Sticky Web\n|-unboost|p2a: Muk|spe|1\n|turn|11\n|inactive|Time left: 300 sec this turn | 300 sec total\n|\n|t:|1783552255\n|move|p1a: Grafaiai|Swords Dance|p1a: Grafaiai\n|-boost|p1a: Grafaiai|atk|2\n|move|p2a: Muk|Knock Off|p1a: Grafaiai\n|-damage|p1a: Grafaiai|99/249\n|-enditem|p1a: Grafaiai|Life Orb|[from] move: Knock Off|[of] p2a: Muk\n|\n|upkeep\n|turn|12\n|inactive|Time left: 300 sec this turn | 300 sec total\n|\n|t:|1783552256\n|move|p1a: Grafaiai|Low Kick|p2a: Muk\n|-crit|p2a: Muk\n|-damage|p2a: Muk|40/100\n|move|p2a: Muk|Drain Punch|p1a: Grafaiai\n|-damage|p1a: Grafaiai|31/249\n|-heal|p2a: Muk|51/100|[from] drain|[of] p1a: Grafaiai\n|\n|upkeep\n|turn|13\n|inactive|Time left: 300 sec this turn | 300 sec total\n|\n|t:|1783552257\n|move|p1a: Grafaiai|Gunk Shot|p2a: Muk|[miss]\n|-miss|p1a: Grafaiai|p2a: Muk\n|move|p2a: Muk|Drain Punch|p1a: Grafaiai\n|-damage|p1a: Grafaiai|0 fnt\n|-heal|p2a: Muk|56/100|[from] drain|[of] p1a: Grafaiai\n|faint|p1a: Grafaiai\n|\n|upkeep\n|inactive|Time left: 300 sec this turn | 300 sec total | 5 sec grace\n|\n|t:|1783552258\n|switch|p1a: Basculegion|Basculegion, L80, M|323/323\n|turn|14\n|inactive|Time left: 300 sec this turn | 300 sec total\n|\n|t:|1783552259\n|move|p1a: Basculegion|Wave Crash|p2a: Muk\n|-damage|p2a: Muk|0 fnt\n|faint|p2a: Muk\n|-damage|p1a: Basculegion|267/323|[from] Recoil\n|\n|upkeep\n|\n|t:|1783552260\n|switch|p2a: Wugtrio|Wugtrio, L91, F|100/100\n|-activate|p2a: Wugtrio|move: Sticky Web\n|-unboost|p2a: Wugtrio|spe|1\n|turn|15\n|inactive|Time left: 300 sec this turn | 300 sec total\n|\n|t:|1783552261\n|switch|p1a: Hariyama|Hariyama, L87, M, shiny|292/392\n|move|p2a: Wugtrio|Throat Chop|p1a: Hariyama\n|-resisted|p1a: Hariyama\n|-damage|p1a: Hariyama|230/392\n|-start|p1a: Hariyama|Throat Chop|[silent]\n|\n|upkeep\n|turn|16\n|inactive|Time left: 300 sec this turn | 300 sec total\n|\n|t:|1783552262\n|move|p2a: Wugtrio|Throat Chop|p1a: Hariyama\n|-resisted|p1a: Hariyama\n|-damage|p1a: Hariyama|170/392\n|move|p1a: Hariyama|Close Combat|p2a: Wugtrio\n|-damage|p2a: Wugtrio|2/100\n|-unboost|p1a: Hariyama|def|1\n|-unboost|p1a: Hariyama|spd|1\n|-ability|p2a: Wugtrio|Gooey\n|-unboost|p1a: Hariyama|spe|1\n|\n|-end|p1a: Hariyama|Throat Chop|[silent]\n|upkeep\n|turn|17\n|inactive|Time left: 300 sec this turn | 300 sec total\n|\n|t:|1783552263\n|switch|p1a: Masquerain|Masquerain, L87, M|264/264\n|-ability|p1a: Masquerain|Intimidate|boost\n|-unboost|p2a: Wugtrio|atk|1\n|move|p2a: Wugtrio|Throat Chop|p1a: Masquerain\n|-damage|p1a: Masquerain|179/264\n|-start|p1a: Masquerain|Throat Chop|[silent]\n|\n|upkeep\n|turn|18\n|inactive|Time left: 300 sec this turn | 300 sec total\n|\n|t:|1783552265\n|switch|p2a: Rotom|Rotom-Heat, L83|100/100\n|move|p1a: Masquerain|Hydro Pump|p2a: Rotom\n|-supereffective|p2a: Rotom\n|-damage|p2a: Rotom|33/100\n|\n|-end|p1a: Masquerain|Throat Chop|[silent]\n|upkeep\n|turn|19\n|inactive|Time left: 300 sec this turn | 300 sec total\n|\n|t:|1783552266\n|switch|p1a: Hariyama|Hariyama, L87, M, shiny|170/392\n|move|p2a: Rotom|Discharge|p1a: Hariyama\n|-damage|p1a: Hariyama|92/392\n|-status|p1a: Hariyama|par\n|\n|upkeep\n|turn|20\n|inactive|Time left: 300 sec this turn | 300 sec total\n|\n|t:|1783552267\n|move|p2a: Rotom|Volt Switch|p1a: Hariyama\n|-damage|p1a: Hariyama|26/392 par\n|\n|t:|1783552268\n|switch|p2a: Wugtrio|Wugtrio, L91, F|2/100|[from] Volt Switch\n|-activate|p2a: Wugtrio|move: Sticky Web\n|-unboost|p2a: Wugtrio|spe|1\n|move|p1a: Hariyama|Close Combat|p2a: Wugtrio\n|-damage|p2a: Wugtrio|0 fnt\n|-unboost|p1a: Hariyama|def|1\n|-unboost|p1a: Hariyama|spd|1\n|-ability|p2a: Wugtrio|Gooey\n|-unboost|p1a: Hariyama|spe|1\n|faint|p2a: Wugtrio\n|\n|upkeep\n|\n|t:|1783552269\n|switch|p2a: Rotom|Rotom-Heat, L83|33/100\n|turn|21\n|inactive|Time left: 300 sec this turn | 300 sec total\n|\n|t:|1783552270\n|move|p2a: Rotom|Discharge|p1a: Hariyama\n|-crit|p1a: Hariyama\n|-damage|p1a: Hariyama|0 fnt\n|faint|p1a: Hariyama\n|\n|upkeep\n|inactive|Time left: 300 sec this turn | 300 sec total | 5 sec grace\n|\n|t:|1783552271\n|switch|p1a: Basculegion|Basculegion, L80, M|267/323\n|turn|22\n|inactive|Time left: 300 sec this turn | 300 sec total\n|\n|t:|1783552272\n|switch|p2a: Dewgong|Dewgong, L94, M|100/100\n|-activate|p2a: Dewgong|move: Sticky Web\n|-unboost|p2a: Dewgong|spe|1\n|move|p1a: Basculegion|Aqua Jet|p2a: Dewgong\n|-resisted|p2a: Dewgong\n|-damage|p2a: Dewgong|92/100\n|\n|upkeep\n|turn|23\n|inactive|Time left: 300 sec this turn | 300 sec total\n|\n|t:|1783552274\n|move|p1a: Basculegion|Wave Crash|p2a: Dewgong\n|-resisted|p2a: Dewgong\n|-damage|p2a: Dewgong|65/100\n|-damage|p1a: Basculegion|238/323|[from] Recoil\n|move|p2a: Dewgong|Knock Off|p1a: Basculegion\n|-supereffective|p1a: Basculegion\n|-damage|p1a: Basculegion|60/323\n|-enditem|p1a: Basculegion|Assault Vest|[from] move: Knock Off|[of] p2a: Dewgong\n|\n|upkeep\n|turn|24\n|inactive|Time left: 300 sec this turn | 300 sec total\n|\n|t:|1783552275\n|move|p1a: Basculegion|Shadow Ball|p2a: Dewgong\n|-damage|p2a: Dewgong|48/100\n|move|p2a: Dewgong|Knock Off|p1a: Basculegion\n|-supereffective|p1a: Basculegion\n|-damage|p1a: Basculegion|0 fnt\n|faint|p1a: Basculegion\n|\n|upkeep\n|inactive|Time left: 300 sec this turn | 300 sec total | 5 sec grace\n|\n|t:|1783552276\n|switch|p1a: Shiftry|Shiftry, L89, F|305/305\n|turn|25\n|inactive|Time left: 300 sec this turn | 300 sec total\n|\n|t:|1783552277\n|move|p1a: Shiftry|Leaf Storm|p2a: Dewgong\n|-supereffective|p2a: Dewgong\n|-damage|p2a: Dewgong|0 fnt\n|-unboost|p1a: Shiftry|spa|2\n|faint|p2a: Dewgong\n|-damage|p1a: Shiftry|275/305|[from] item: Life Orb\n|\n|upkeep\n|\n|t:|1783552278\n|switch|p2a: Hypno|Hypno, L95, M|100/100\n|-activate|p2a: Hypno|move: Sticky Web\n|-unboost|p2a: Hypno|spe|1\n|turn|26\n|inactive|Time left: 300 sec this turn | 300 sec total\n|\n|t:|1783552279\n|move|p2a: Hypno|Protect|p2a: Hypno\n|-singleturn|p2a: Hypno|Protect\n|move|p1a: Shiftry|Knock Off|p2a: Hypno\n|-activate|p2a: Hypno|move: Protect\n|\n|upkeep\n|turn|27\n|inactive|Time left: 300 sec this turn | 300 sec total\n|\n|t:|1783552280\n|move|p2a: Hypno|Protect||[still]\n|-fail|p2a: Hypno\n|move|p1a: Shiftry|Knock Off|p2a: Hypno\n|-supereffective|p2a: Hypno\n|-damage|p2a: Hypno|1/100\n|-enditem|p2a: Hypno|Leftovers|[from] move: Knock Off|[of] p1a: Shiftry\n|-damage|p1a: Shiftry|245/305|[from] item: Life Orb\n|\n|upkeep\n|turn|28\n|inactive|Time left: 300 sec this turn | 300 sec total\n|\n|t:|1783552281\n|-terastallize|p1a: Shiftry|Poison\n|move|p2a: Hypno|Protect|p2a: Hypno\n|-singleturn|p2a: Hypno|Protect\n|move|p1a: Shiftry|Knock Off|p2a: Hypno\n|-activate|p2a: Hypno|move: Protect\n|\n|upkeep\n|turn|29\n|inactive|Time left: 300 sec this turn | 300 sec total\n|\n|t:|1783552282\n|move|p2a: Hypno|Protect||[still]\n|-fail|p2a: Hypno\n|move|p1a: Shiftry|Knock Off|p2a: Hypno\n|-supereffective|p2a: Hypno\n|-damage|p2a: Hypno|0 fnt\n|faint|p2a: Hypno\n|-damage|p1a: Shiftry|215/305|[from] item: Life Orb\n|\n|upkeep\n|\n|t:|1783552283\n|switch|p2a: Rotom|Rotom-Heat, L83|33/100\n|turn|30\n|inactive|Time left: 300 sec this turn | 300 sec total\n|\n|t:|1783552284\n|move|p1a: Shiftry|Knock Off|p2a: Rotom\n|-damage|p2a: Rotom|0 fnt\n|-enditem|p2a: Rotom|Heavy-Duty Boots|[from] move: Knock Off|[of] p1a: Shiftry\n|faint|p2a: Rotom\n|-damage|p1a: Shiftry|185/305|[from] item: Life Orb\n|\n|win|p0x1065773e", "uploadtime": 1783552284, "views": 0, "rating": 0, "private": 0, "password": null, "_winner": "p0x1065773e", "_our_name": "p0x1065773e"}