{"id": "battle-gen9randombattle-1700", "formatid": "gen9randombattle", "format": "[Gen 9] Random Battle", "players": ["p0x170048c2", "p0y1700e706"], "log": "|init|battle\n|title|p0x170048c2 vs. p0y1700e706\n|j|\u2606p0x170048c2\n|j|\u2606p0y1700e706\n|t:|1783558909\n|gametype|singles\n|player|p1|p0x170048c2|102|\n|player|p2|p0y1700e706|2|\n|gen|9\n|tier|[Gen 9] Random Battle\n|rule|Species Clause: Limit one of each Pok\u00e9mon\n|rule|HP Percentage Mod: HP is shown in percentages\n|rule|Sleep Clause Mod: Limit one foe put to sleep\n|rule|Illusion Level Mod: Illusion disguises the Pok\u00e9mon's true level\n|\n|t:|1783558909\n|teamsize|p1|6\n|teamsize|p2|6\n|start\n|switch|p1a: Pawmot|Pawmot, L80, M|243/243\n|switch|p2a: Cyclizar|Cyclizar, L84, F|100/100\n|turn|1\n|inactive|Battle timer is ON: inactive players will automatically lose when time's up. (requested by p0x170048c2)\n|\n|t:|1783558910\n|move|p2a: Cyclizar|Shed Tail|p2a: Cyclizar\n|-start|p2a: Cyclizar|Substitute|[from] move: Shed Tail\n|-damage|p2a: Cyclizar|50/100\n|inactive|p0y1700e706 also wants the timer to be on.\n|\n|t:|1783558911\n|switch|p2a: Jolteon|Jolteon, L84, M|100/100|[from] Shed Tail\n|move|p1a: Pawmot|Close Combat|p2a: Jolteon\n|-end|p2a: Jolteon|Substitute\n|-unboost|p1a: Pawmot|def|1\n|-unboost|p1a: Pawmot|spd|1\n|\n|upkeep\n|turn|2\n|inactive|Time left: 300 sec this turn | 300 sec total\n|\n|t:|1783558912\n|switch|p1a: Camerupt|Camerupt, L91, M|275/275\n|move|p2a: Jolteon|Tera Blast|p1a: Camerupt\n|-damage|p1a: Camerupt|214/275\n|\n|-heal|p1a: Camerupt|231/275|[from] item: Leftovers\n|upkeep\n|turn|3\n|inactive|Time left: 300 sec this turn | 300 sec total\n|\n|t:|1783558913\n|switch|p2a: Uxie|Uxie, L83|100/100\n|move|p1a: Camerupt|Earthquake|p2a: Uxie\n|-immune|p2a: Uxie|[from] ability: Levitate\n|\n|-heal|p1a: Camerupt|248/275|[from] item: Leftovers\n|upkeep\n|turn|4\n|inactive|Time left: 300 sec this turn | 300 sec total\n|\n|t:|1783558914\n|move|p2a: Uxie|Stealth Rock|p1a: Camerupt\n|-sidestart|p1: p0x170048c2|move: Stealth Rock\n|move|p1a: Camerupt|Stealth Rock|p2a: Uxie\n|-sidestart|p2: p0y1700e706|move: Stealth Rock\n|\n|-heal|p1a: Camerupt|265/275|[from] item: Leftovers\n|upkeep\n|turn|5\n|inactive|Time left: 300 sec this turn | 300 sec total\n|\n|t:|1783558915\n|move|p2a: Uxie|Psychic Noise|p1a: Camerupt\n|-damage|p1a: Camerupt|201/275\n|-start|p1a: Camerupt|move: Heal Block\n|move|p1a: Camerupt|Will-O-Wisp|p2a: Uxie\n|-status|p2a: Uxie|brn\n|\n|-damage|p2a: Uxie|94/100 brn|[from] brn\n|upkeep\n|turn|6\n|inactive|Time left: 300 sec this turn | 300 sec total\n|\n|t:|1783558916\n|move|p2a: Uxie|Psychic Noise|p1a: Camerupt\n|-damage|p1a: Camerupt|131/275\n|move|p1a: Camerupt|Overheat|p2a: Uxie\n|-damage|p2a: Uxie|44/100 brn\n|-unboost|p1a: Camerupt|spa|2\n|\n|-heal|p2a: Uxie|50/100 brn|[from] item: Leftovers\n|-damage|p2a: Uxie|44/100 brn|[from] brn\n|-end|p1a: Camerupt|move: Heal Block\n|upkeep\n|turn|7\n|inactive|Time left: 300 sec this turn | 300 sec total\n|\n|t:|1783558918\n|switch|p1a: Raging Bolt|Raging Bolt, L78|323/323\n|-damage|p1a: Raging Bolt|283/323|[from] Stealth Rock\n|-enditem|p1a: Raging Bolt|Booster Energy\n|-activate|p1a: Raging Bolt|ability: Protosynthesis|[fromitem]\n|-start|p1a: Raging Bolt|protosynthesisspa\n|move|p2a: Uxie|Psychic Noise|p1a: Raging Bolt\n|-damage|p1a: Raging Bolt|211/323\n|-start|p1a: Raging Bolt|move: Heal Block\n|\n|-heal|p2a: Uxie|50/100 brn|[from] item: Leftovers\n|-damage|p2a: Uxie|44/100 brn|[from] brn\n|upkeep\n|turn|8\n|inactive|Time left: 300 sec this turn | 300 sec total\n|\n|t:|1783558919\n|switch|p2a: Snorlax|Snorlax, L82, M|100/100\n|-damage|p2a: Snorlax|88/100|[from] Stealth Rock\n|move|p1a: Raging Bolt|Dragon Pulse|p2a: Snorlax\n|-damage|p2a: Snorlax|59/100\n|\n|-heal|p2a: Snorlax|65/100|[from] item: Leftovers\n|-end|p1a: Raging Bolt|move: Heal Block\n|upkeep\n|turn|9\n|inactive|Time left: 300 sec this turn | 300 sec total\n|\n|t:|1783558920\n|move|p1a: Raging Bolt|Calm Mind|p1a: Raging Bolt\n|-boost|p1a: Raging Bolt|spa|1\n|-boost|p1a: Raging Bolt|spd|1\n|move|p2a: Snorlax|Earthquake|p1a: Raging Bolt\n|-supereffective|p1a: Raging Bolt\n|-damage|p1a: Raging Bolt|51/323\n|\n|-heal|p2a: Snorlax|71/100|[from] item: Leftovers\n|upkeep\n|turn|10\n|inactive|Time left: 300 sec this turn | 300 sec total\n|\n|t:|1783558921\n|move|p1a: Raging Bolt|Thunderbolt|p2a: Snorlax\n|-damage|p2a: Snorlax|27/100\n|move|p2a: Snorlax|Earthquake|p1a: Raging Bolt\n|-supereffective|p1a: Raging Bolt\n|-damage|p1a: Raging Bolt|0 fnt\n|faint|p1a: Raging Bolt\n|-end|p1a: Raging Bolt|Protosynthesis|[silent]\n|\n|-heal|p2a: Snorlax|33/100|[from] item: Leftovers\n|upkeep\n|inactive|Time left: 300 sec this turn | 300 sec total | 5 sec grace\n|\n|t:|1783558922\n|switch|p1a: Camerupt|Camerupt, L91, M|131/275\n|-damage|p1a: Camerupt|97/275|[from] Stealth Rock\n|turn|11\n|inactive|Time left: 300 sec this turn | 300 sec total\n|\n|t:|1783558923\n|switch|p2a: Kilowattrel|Kilowattrel, L83, M|100/100\n|move|p1a: Camerupt|Earthquake|p2a: Kilowattrel\n|-immune|p2a: Kilowattrel\n|\n|-heal|p1a: Camerupt|114/275|[from] item: Leftovers\n|upkeep\n|turn|12\n|inactive|Time left: 300 sec this turn | 300 sec total\n|\n|t:|1783558925\n|move|p2a: Kilowattrel|Hurricane|p1a: Camerupt\n|-damage|p1a: Camerupt|0 fnt\n|faint|p1a: Camerupt\n|\n|upkeep\n|inactive|Time left: 300 sec this turn | 300 sec total | 5 sec grace\n|\n|t:|1783558926\n|switch|p1a: Quagsire|Quagsire, L84, F|297/297\n|-damage|p1a: Quagsire|279/297|[from] Stealth Rock\n|turn|13\n|inactive|Time left: 300 sec this turn | 300 sec total\n|\n|t:|1783558927\n|move|p2a: Kilowattrel|Hurricane|p1a: Quagsire|[miss]\n|-miss|p2a: Kilowattrel|p1a: Quagsire\n|move|p1a: Quagsire|Ice Beam|p2a: Kilowattrel\n|-supereffective|p2a: Kilowattrel\n|-damage|p2a: Kilowattrel|51/100\n|\n|-heal|p1a: Quagsire|297/297|[from] item: Leftovers\n|upkeep\n|turn|14\n|inactive|Time left: 300 sec this turn | 300 sec total\n|\n|t:|1783558928\n|move|p2a: Kilowattrel|Hurricane|p1a: Quagsire\n|-damage|p1a: Quagsire|147/297\n|move|p1a: Quagsire|Ice Beam|p2a: Kilowattrel\n|-supereffective|p2a: Kilowattrel\n|-damage|p2a: Kilowattrel|0 fnt\n|faint|p2a: Kilowattrel\n|\n|-heal|p1a: Quagsire|165/297|[from] item: Leftovers\n|upkeep\n|\n|t:|1783558929\n|switch|p2a: Cyclizar|Cyclizar, L84, F|84/100\n|turn|15\n|inactive|Time left: 300 sec this turn | 300 sec total\n|\n|t:|1783558930\n|move|p2a: Cyclizar|Rapid Spin|p1a: Quagsire\n|-damage|p1a: Quagsire|110/297\n|-boost|p2a: Cyclizar|spe|1\n|-sideend|p2: p0y1700e706|Stealth Rock|[from] move: Rapid Spin|[of] p2a: Cyclizar\n|move|p1a: Quagsire|Recover|p1a: Quagsire\n|-heal|p1a: Quagsire|259/297\n|\n|-heal|p1a: Quagsire|277/297|[from] item: Leftovers\n|upkeep\n|turn|16\n|inactive|Time left: 300 sec this turn | 300 sec total\n|\n|t:|1783558931\n|move|p2a: Cyclizar|Shed Tail|p2a: Cyclizar\n|-start|p2a: Cyclizar|Substitute|[from] move: Shed Tail\n|-damage|p2a: Cyclizar|33/100\n|\n|t:|1783558932\n|switch|p2a: Snorlax|Snorlax, L82, M|33/100|[from] Shed Tail\n|move|p1a: Quagsire|Earthquake|p2a: Snorlax\n|-end|p2a: Snorlax|Substitute\n|\n|-heal|p1a: Quagsire|295/297|[from] item: Leftovers\n|-heal|p2a: Snorlax|39/100|[from] item: Leftovers\n|upkeep\n|turn|17\n|inactive|Time left: 300 sec this turn | 300 sec total\n|\n|t:|1783558933\n|move|p1a: Quagsire|Earthquake|p2a: Snorlax\n|-damage|p2a: Snorlax|9/100\n|move|p2a: Snorlax|Body Slam|p1a: Quagsire\n|-damage|p1a: Quagsire|205/297\n|\n|-heal|p1a: Quagsire|223/297|[from] item: Leftovers\n|-heal|p2a: Snorlax|15/100|[from] item: Leftovers\n|upkeep\n|turn|18\n|inactive|Time left: 300 sec this turn | 300 sec total\n|\n|t:|1783558935\n|switch|p2a: Uxie|Uxie, L83|44/100 brn\n|move|p1a: Quagsire|Earthquake|p2a: Uxie\n|-immune|p2a: Uxie|[from] ability: Levitate\n|\n|-heal|p2a: Uxie|50/100 brn|[from] item: Leftovers\n|-heal|p1a: Quagsire|241/297|[from] item: Leftovers\n|-damage|p2a: Uxie|44/100 brn|[from] brn\n|upkeep\n|turn|19\n|inactive|Time left: 300 sec this turn | 300 sec total\n|\n|t:|1783558936\n|move|p2a: Uxie|Psychic Noise|p1a: Quagsire\n|-damage|p1a: Quagsire|162/297\n|-start|p1a: Quagsire|move: Heal Block\n|cant|p1a: Quagsire|move: Heal Block|Recover\n|\n|-heal|p2a: Uxie|50/100 brn|[from] item: Leftovers\n|-damage|p2a: Uxie|44/100 brn|[from] brn\n|upkeep\n|turn|20\n|inactive|Time left: 300 sec this turn | 300 sec total\n|\n|t:|1783558937\n|move|p2a: Uxie|Psychic Noise|p1a: Quagsire\n|-damage|p1a: Quagsire|83/297\n|move|p1a: Quagsire|Ice Beam|p2a: Uxie\n|-damage|p2a: Uxie|31/100 brn\n|\n|-heal|p2a: Uxie|37/100 brn|[from] item: Leftovers\n|-damage|p2a: Uxie|31/100 brn|[from] brn\n|-end|p1a: Quagsire|move: Heal Block\n|upkeep\n|turn|21\n|inactive|Time left: 300 sec this turn | 300 sec total\n|\n|t:|1783558938\n|move|p2a: Uxie|Psychic Noise|p1a: Quagsire\n|-damage|p1a: Quagsire|0 fnt\n|faint|p1a: Quagsire\n|\n|-heal|p2a: Uxie|37/100 brn|[from] item: Leftovers\n|-damage|p2a: Uxie|31/100 brn|[from] brn\n|upkeep\n|inactive|Time left: 300 sec this turn | 300 sec total | 5 sec grace\n|\n|t:|1783558940\n|switch|p1a: Eiscue|Eiscue, L88, M|274/274\n|-damage|p1a: Eiscue|206/274|[from] Stealth Rock\n|turn|22\n|inactive|Time left: 300 sec this turn | 300 sec total\n|\n|t:|1783558940\n|move|p2a: Uxie|Yawn|p1a: Eiscue\n|-start|p1a: Eiscue|move: Yawn|[of] p2a: Uxie\n|move|p1a: Eiscue|Belly Drum|p1a: Eiscue\n|-damage|p1a: Eiscue|69/274\n|-setboost|p1a: Eiscue|atk|6|[from] move: Belly Drum\n|-enditem|p1a: Eiscue|Sitrus Berry|[eat]\n|-heal|p1a: Eiscue|137/274|[from] item: Sitrus Berry\n|\n|-heal|p2a: Uxie|37/100 brn|[from] item: Leftovers\n|-damage|p2a: Uxie|31/100 brn|[from] brn\n|upkeep\n|turn|23\n|inactive|Time left: 300 sec this turn | 300 sec total\n|\n|t:|1783558942\n|move|p2a: Uxie|Encore|p1a: Eiscue\n|-start|p1a: Eiscue|Encore\n|move|p1a: Eiscue|Belly Drum||[still]\n|-fail|p1a: Eiscue\n|\n|-heal|p2a: Uxie|37/100 brn|[from] item: Leftovers\n|-damage|p2a: Uxie|31/100 brn|[from] brn\n|-end|p1a: Eiscue|move: Yawn|[silent]\n|-status|p1a: Eiscue|slp\n|upkeep\n|turn|24\n|inactive|Time left: 300 sec this turn | 300 sec total\n|\n|t:|1783558942\n|switch|p2a: Cyclizar|Cyclizar, L84, F|67/100\n|cant|p1a: Eiscue|slp\n|\n|upkeep\n|turn|25\n|inactive|Time left: 300 sec this turn | 300 sec total\n|\n|t:|1783558943\n|move|p2a: Cyclizar|Taunt|p1a: Eiscue\n|-start|p1a: Eiscue|move: Taunt\n|cant|p1a: Eiscue|slp\n|\n|-end|p1a: Eiscue|Encore\n|upkeep\n|turn|26\n|inactive|Time left: 300 sec this turn | 300 sec total\n|\n|t:|1783558944\n|move|p2a: Cyclizar|Draco Meteor|p1a: Eiscue\n|-damage|p1a: Eiscue|26/274 slp\n|-unboost|p2a: Cyclizar|spa|2\n|cant|p1a: Eiscue|slp\n|\n|upkeep\n|turn|27\n|inactive|Time left: 300 sec this turn | 300 sec total\n|\n|t:|1783558945\n|move|p2a: Cyclizar|Draco Meteor|p1a: Eiscue|[miss]\n|-miss|p2a: Cyclizar|p1a: Eiscue\n|-curestatus|p1a: Eiscue|slp|[msg]\n|move|p1a: Eiscue|Liquidation|p2a: Cyclizar\n|-resisted|p2a: Cyclizar\n|-damage|p2a: Cyclizar|16/100\n|-unboost|p2a: Cyclizar|def|1\n|\n|-end|p1a: Eiscue|move: Taunt\n|upkeep\n|turn|28\n|inactive|Time left: 300 sec this turn | 300 sec total\n|\n|t:|1783558946\n|move|p2a: Cyclizar|Draco Meteor|p1a: Eiscue\n|-damage|p1a: Eiscue|0 fnt\n|-unboost|p2a: Cyclizar|spa|2\n|faint|p1a: Eiscue\n|\n|upkeep\n|inactive|Time left: 300 sec this turn | 300 sec total | 5 sec grace\n|\n|t:|1783558947\n|switch|p1a: Hydreigon|Hydreigon, L79, F|275/275\n|-damage|p1a: Hydreigon|241/275|[from] Stealth Rock\n|turn|29\n|inactive|Time left: 300 sec this turn | 300 sec total\n|\n|t:|1783558948\n|switch|p2a: Jolteon|Jolteon, L84, M|100/100\n|move|p1a: Hydreigon|Dark Pulse|p2a: Jolteon\n|-damage|p2a: Jolteon|67/100\n|\n|-heal|p2a: Jolteon|73/100|[from] item: Leftovers\n|upkeep\n|turn|30\n|inactive|Time left: 300 sec this turn | 300 sec total\n|\n|t:|1783558949\n|-terastallize|p2a: Jolteon|Ice\n|move|p1a: Hydreigon|Dark Pulse|p2a: Jolteon\n|-damage|p2a: Jolteon|40/100\n|move|p2a: Jolteon|Tera Blast|p1a: Hydreigon|[anim] Tera Blast Ice\n|-supereffective|p1a: Hydreigon\n|-damage|p1a: Hydreigon|29/275\n|\n|-heal|p2a: Jolteon|46/100|[from] item: Leftovers\n|upkeep\n|turn|31\n|inactive|Time left: 300 sec this turn | 300 sec total\n|\n|t:|1783558950\n|move|p1a: Hydreigon|Dark Pulse|p2a: Jolteon\n|-damage|p2a: Jolteon|11/100\n|move|p2a: Jolteon|Tera Blast|p1a: Hydreigon|[anim] Tera Blast Ice\n|-supereffective|p1a: Hydreigon\n|-damage|p1a: Hydreigon|0 fnt\n|faint|p1a: Hydreigon\n|\n|-heal|p2a: Jolteon|17/100|[from] item: Leftovers\n|upkeep\n|inactive|Time left: 300 sec this turn | 300 sec total | 5 sec grace\n|\n|t:|1783558950\n|switch|p1a: Pawmot|Pawmot, L80, M|243/243\n|-damage|p1a: Pawmot|228/243|[from] Stealth Rock\n|turn|32\n|inactive|Time left: 300 sec this turn | 300 sec total\n|\n|t:|1783558951\n|move|p2a: Jolteon|Tera Blast|p1a: Pawmot|[anim] Tera Blast Ice\n|-damage|p1a: Pawmot|110/243\n|move|p1a: Pawmot|Close Combat|p2a: Jolteon\n|-supereffective|p2a: Jolteon\n|-damage|p2a: Jolteon|0 fnt\n|-unboost|p1a: Pawmot|def|1\n|-unboost|p1a: Pawmot|spd|1\n|faint|p2a: Jolteon\n|\n|upkeep\n|\n|t:|1783558952\n|switch|p2a: Cyclizar|Cyclizar, L84, F|49/100\n|turn|33\n|inactive|Time left: 300 sec this turn | 300 sec total\n|\n|t:|1783558953\n|move|p2a: Cyclizar|Draco Meteor|p1a: Pawmot\n|-damage|p1a: Pawmot|0 fnt\n|-unboost|p2a: Cyclizar|spa|2\n|faint|p1a: Pawmot\n|\n|win|p0y1700e706", "uploadtime": 1783558953, "views": 0, "rating": 0, "private": 0, "password": null, "_winner": "p0y1700e706", "_our_name": "p0x170048c2"}