{"id": "battle-gen9randombattle-113", "formatid": "gen9randombattle", "format": "[Gen 9] Random Battle", "players": ["p0x1130ead", "p0y1134e9c"], "log": "|init|battle\n|title|p0x1130ead vs. p0y1134e9c\n|j|\u2606p0x1130ead\n|j|\u2606p0y1134e9c\n|t:|1783535064\n|gametype|singles\n|player|p1|p0x1130ead|170|\n|player|p2|p0y1134e9c|101|\n|gen|9\n|tier|[Gen 9] Random Battle\n|rule|Species Clause: Limit one of each Pok\u00e9mon\n|rule|HP Percentage Mod: HP is shown in percentages\n|rule|Sleep Clause Mod: Limit one foe put to sleep\n|rule|Illusion Level Mod: Illusion disguises the Pok\u00e9mon's true level\n|\n|t:|1783535064\n|teamsize|p1|6\n|teamsize|p2|6\n|start\n|switch|p1a: Enamorus|Enamorus, L79, F|247/247\n|switch|p2a: Toucannon|Toucannon, L88, F|100/100\n|turn|1\n|inactive|Battle timer is ON: inactive players will automatically lose when time's up. (requested by p0x1130ead)\n|inactive|p0y1134e9c also wants the timer to be on.\n|\n|t:|1783535066\n|-singleturn|p2a: Toucannon|move: Beak Blast\n|move|p1a: Enamorus|Superpower|p2a: Toucannon\n|-damage|p2a: Toucannon|67/100\n|-status|p1a: Enamorus|brn\n|-boost|p1a: Enamorus|atk|1\n|-boost|p1a: Enamorus|def|1\n|move|p2a: Toucannon|Beak Blast|p1a: Enamorus\n|-crit|p1a: Enamorus\n|-damage|p1a: Enamorus|0 fnt\n|faint|p1a: Enamorus\n|\n|upkeep\n|inactive|Time left: 300 sec this turn | 300 sec total | 65 sec grace\n|\n|t:|1783535067\n|switch|p1a: Klawf|Klawf, L90, F|272/272\n|turn|2\n|inactive|Time left: 300 sec this turn | 300 sec total\n|\n|t:|1783535068\n|move|p1a: Klawf|Stone Edge|p2a: Toucannon|[miss]\n|-miss|p1a: Klawf|p2a: Toucannon\n|move|p2a: Toucannon|Roost|p2a: Toucannon\n|-heal|p2a: Toucannon|100/100\n|-singleturn|p2a: Toucannon|move: Roost\n|\n|upkeep\n|turn|3\n|inactive|Time left: 300 sec this turn | 300 sec total\n|\n|t:|1783535069\n|move|p1a: Klawf|Stone Edge|p2a: Toucannon\n|-supereffective|p2a: Toucannon\n|-damage|p2a: Toucannon|0 fnt\n|faint|p2a: Toucannon\n|-damage|p1a: Klawf|245/272|[from] item: Life Orb\n|\n|upkeep\n|\n|t:|1783535070\n|switch|p2a: Raikou|Raikou, L81|100/100\n|-ability|p2a: Raikou|Pressure\n|turn|4\n|inactive|Time left: 300 sec this turn | 300 sec total\n|\n|t:|1783535071\n|move|p2a: Raikou|Scald|p1a: Klawf\n|-supereffective|p1a: Klawf\n|-damage|p1a: Klawf|19/272\n|move|p1a: Klawf|Stealth Rock|p2a: Raikou\n|-sidestart|p2: p0y1134e9c|move: Stealth Rock\n|\n|upkeep\n|turn|5\n|inactive|Time left: 300 sec this turn | 300 sec total\n|\n|t:|1783535072\n|switch|p1a: Basculegion|Basculegion-F, L83, F|335/335\n|move|p2a: Raikou|Scald|p1a: Basculegion\n|-resisted|p1a: Basculegion\n|-damage|p1a: Basculegion|299/335\n|-status|p1a: Basculegion|brn\n|\n|-damage|p1a: Basculegion|279/335 brn|[from] brn\n|upkeep\n|turn|6\n|inactive|Time left: 300 sec this turn | 300 sec total\n|\n|t:|1783535074\n|switch|p2a: Tatsugiri|Tatsugiri, L87, M|100/100\n|move|p1a: Basculegion|Hydro Pump|p2a: Tatsugiri\n|-ability|p2a: Tatsugiri|Storm Drain|boost\n|-boost|p2a: Tatsugiri|spa|1\n|\n|-damage|p1a: Basculegion|259/335 brn|[from] brn\n|upkeep\n|turn|7\n|inactive|Time left: 300 sec this turn | 300 sec total\n|\n|t:|1783535075\n|move|p2a: Tatsugiri|Rapid Spin|p1a: Basculegion\n|-immune|p1a: Basculegion\n|move|p1a: Basculegion|Shadow Ball|p2a: Tatsugiri\n|-damage|p2a: Tatsugiri|61/100\n|-unboost|p2a: Tatsugiri|spd|1\n|\n|-damage|p1a: Basculegion|239/335 brn|[from] brn\n|upkeep\n|turn|8\n|inactive|Time left: 300 sec this turn | 300 sec total\n|\n|t:|1783535076\n|move|p2a: Tatsugiri|Hydro Pump|p1a: Basculegion\n|-resisted|p1a: Basculegion\n|-damage|p1a: Basculegion|159/335 brn\n|move|p1a: Basculegion|Shadow Ball|p2a: Tatsugiri\n|-crit|p2a: Tatsugiri\n|-damage|p2a: Tatsugiri|0 fnt\n|faint|p2a: Tatsugiri\n|\n|-damage|p1a: Basculegion|139/335 brn|[from] brn\n|upkeep\n|\n|t:|1783535077\n|switch|p2a: Overqwil|Overqwil, L82, M|100/100\n|-damage|p2a: Overqwil|88/100|[from] Stealth Rock\n|-ability|p2a: Overqwil|Intimidate|boost\n|-unboost|p1a: Basculegion|atk|1\n|turn|9\n|inactive|Time left: 300 sec this turn | 300 sec total\n|\n|t:|1783535078\n|switch|p1a: Furret|Furret, L94, M|312/312\n|-item|p2a: Overqwil|Loaded Dice|[from] ability: Frisk|[of] p1a: Furret\n|move|p2a: Overqwil|Swords Dance|p2a: Overqwil\n|-boost|p2a: Overqwil|atk|2\n|\n|upkeep\n|turn|10\n|inactive|Time left: 300 sec this turn | 300 sec total\n|\n|t:|1783535079\n|-terastallize|p1a: Furret|Normal\n|move|p1a: Furret|Double-Edge|p2a: Overqwil\n|-damage|p2a: Overqwil|0 fnt\n|faint|p2a: Overqwil\n|-damage|p1a: Furret|233/312|[from] Recoil\n|\n|upkeep\n|\n|t:|1783535080\n|switch|p2a: Raikou|Raikou, L81|100/100\n|-damage|p2a: Raikou|88/100|[from] Stealth Rock\n|-ability|p2a: Raikou|Pressure\n|turn|11\n|inactive|Time left: 300 sec this turn | 300 sec total\n|\n|t:|1783535081\n|move|p2a: Raikou|Thunderbolt|p1a: Furret\n|-damage|p1a: Furret|26/312\n|move|p1a: Furret|Double-Edge|p2a: Raikou\n|-damage|p2a: Raikou|0 fnt\n|faint|p2a: Raikou\n|-damage|p1a: Furret|0 fnt|[from] Recoil\n|faint|p1a: Furret\n|\n|upkeep\n|inactive|Time left: 300 sec this turn | 300 sec total | 5 sec grace\n|\n|t:|1783535082\n|switch|p2a: Hydreigon|Hydreigon, L79, M|100/100\n|switch|p1a: Typhlosion|Typhlosion-Hisui, L83, F|257/257\n|-damage|p2a: Hydreigon|88/100|[from] Stealth Rock\n|turn|12\n|inactive|Time left: 300 sec this turn | 300 sec total\n|\n|t:|1783535083\n|move|p1a: Typhlosion|Calm Mind|p1a: Typhlosion\n|-boost|p1a: Typhlosion|spa|1\n|-boost|p1a: Typhlosion|spd|1\n|move|p2a: Hydreigon|Nasty Plot|p2a: Hydreigon\n|-boost|p2a: Hydreigon|spa|2\n|\n|upkeep\n|turn|13\n|inactive|Time left: 300 sec this turn | 300 sec total\n|\n|t:|1783535084\n|move|p1a: Typhlosion|Focus Blast|p2a: Hydreigon\n|-supereffective|p2a: Hydreigon\n|-damage|p2a: Hydreigon|0 fnt\n|faint|p2a: Hydreigon\n|\n|upkeep\n|\n|t:|1783535085\n|switch|p2a: Maushold|Maushold, L76|100/100\n|-damage|p2a: Maushold|88/100|[from] Stealth Rock\n|turn|14\n|inactive|Time left: 300 sec this turn | 300 sec total\n|\n|t:|1783535085\n|-terastallize|p2a: Maushold|Normal\n|move|p2a: Maushold|Bite|p1a: Typhlosion\n|-supereffective|p1a: Typhlosion\n|-damage|p1a: Typhlosion|155/257\n|move|p1a: Typhlosion|Fire Blast|p2a: Maushold\n|-damage|p2a: Maushold|0 fnt\n|faint|p2a: Maushold\n|\n|win|p0x1130ead", "uploadtime": 1783535085, "views": 0, "rating": 0, "private": 0, "password": null, "_winner": "p0x1130ead", "_our_name": "p0x1130ead"}