{"id": "battle-gen9randombattle-2601", "formatid": "gen9randombattle", "format": "[Gen 9] Random Battle", "players": ["p0x26017e66", "p0y2601ed37"], "log": "|init|battle\n|title|p0x26017e66 vs. p0y2601ed37\n|j|\u2606p0x26017e66\n|j|\u2606p0y2601ed37\n|t:|1783569076\n|gametype|singles\n|player|p1|p0x26017e66|2|\n|player|p2|p0y2601ed37|266|\n|gen|9\n|tier|[Gen 9] Random Battle\n|rule|Species Clause: Limit one of each Pok\u00e9mon\n|rule|HP Percentage Mod: HP is shown in percentages\n|rule|Sleep Clause Mod: Limit one foe put to sleep\n|rule|Illusion Level Mod: Illusion disguises the Pok\u00e9mon's true level\n|\n|t:|1783569076\n|teamsize|p1|6\n|teamsize|p2|6\n|start\n|switch|p1a: Mewtwo|Mewtwo, L72|100/100\n|switch|p2a: Ting-Lu|Ting-Lu, L78|370/370\n|-ability|p1a: Mewtwo|Unnerve\n|-ability|p2a: Ting-Lu|Vessel of Ruin\n|turn|1\n|inactive|Battle timer is ON: inactive players will automatically lose when time's up. (requested by p0x26017e66)\n|inactive|Time left: 300 sec this turn | 300 sec total | 60 sec grace\n|inactive|p0y2601ed37 also wants the timer to be on.\n|\n|t:|1783569078\n|move|p1a: Mewtwo|Nasty Plot|p1a: Mewtwo\n|-boost|p1a: Mewtwo|spa|2\n|move|p2a: Ting-Lu|Earthquake|p1a: Mewtwo\n|-damage|p1a: Mewtwo|56/100\n|\n|upkeep\n|turn|2\n|inactive|Time left: 300 sec this turn | 300 sec total\n|\n|t:|1783569079\n|-terastallize|p1a: Mewtwo|Fighting\n|move|p1a: Mewtwo|Aura Sphere|p2a: Ting-Lu\n|-supereffective|p2a: Ting-Lu\n|-damage|p2a: Ting-Lu|0 fnt\n|faint|p2a: Ting-Lu\n|-damage|p1a: Mewtwo|46/100|[from] item: Life Orb\n|\n|upkeep\n|inactive|Time left: 300 sec this turn | 300 sec total | 5 sec grace\n|\n|t:|1783569080\n|switch|p2a: Mimikyu|Mimikyu, L79, F|216/216\n|turn|3\n|inactive|Time left: 300 sec this turn | 300 sec total\n|\n|t:|1783569081\n|move|p1a: Mewtwo|Psystrike|p2a: Mimikyu\n|-activate|p2a: Mimikyu|ability: Disguise\n|-damage|p2a: Mimikyu|216/216\n|detailschange|p2a: Mimikyu|Mimikyu-Busted, L79, F\n|-damage|p2a: Mimikyu|189/216|[from] pokemon: Mimikyu-Busted\n|-damage|p1a: Mewtwo|36/100|[from] item: Life Orb\n|move|p2a: Mimikyu|Play Rough|p1a: Mewtwo\n|-supereffective|p1a: Mewtwo\n|-damage|p1a: Mewtwo|0 fnt\n|faint|p1a: Mewtwo\n|-damage|p2a: Mimikyu|168/216|[from] item: Life Orb\n|\n|upkeep\n|\n|t:|1783569082\n|switch|p1a: Drednaw|Drednaw, L81, M|100/100\n|turn|4\n|inactive|Time left: 300 sec this turn | 300 sec total\n|\n|t:|1783569083\n|switch|p2a: Amoonguss|Amoonguss, L82, F|321/321\n|move|p1a: Drednaw|Shell Smash|p1a: Drednaw\n|-unboost|p1a: Drednaw|def|1\n|-unboost|p1a: Drednaw|spd|1\n|-boost|p1a: Drednaw|atk|2\n|-boost|p1a: Drednaw|spa|2\n|-boost|p1a: Drednaw|spe|2\n|-enditem|p1a: Drednaw|White Herb\n|-clearnegativeboost|p1a: Drednaw|[silent]\n|\n|upkeep\n|turn|5\n|inactive|Time left: 300 sec this turn | 300 sec total\n|\n|t:|1783569084\n|move|p1a: Drednaw|Stone Edge|p2a: Amoonguss\n|-damage|p2a: Amoonguss|38/321\n|move|p2a: Amoonguss|Giga Drain|p1a: Drednaw\n|-supereffective|p1a: Drednaw\n|-damage|p1a: Drednaw|0 fnt\n|-heal|p2a: Amoonguss|177/321|[from] drain|[of] p1a: Drednaw\n|faint|p1a: Drednaw\n|\n|upkeep\n|\n|t:|1783569085\n|switch|p1a: Frosmoth|Frosmoth, L82, M|100/100\n|turn|6\n|inactive|Time left: 300 sec this turn | 300 sec total\n|\n|t:|1783569086\n|switch|p2a: Talonflame|Talonflame, L83, M|265/265\n|move|p1a: Frosmoth|Quiver Dance|p1a: Frosmoth\n|-boost|p1a: Frosmoth|spa|1\n|-boost|p1a: Frosmoth|spd|1\n|-boost|p1a: Frosmoth|spe|1\n|\n|upkeep\n|turn|7\n|inactive|Time left: 300 sec this turn | 300 sec total\n|\n|t:|1783569087\n|switch|p1a: Weezing|Weezing-Galar, L86, M|100/100\n|move|p2a: Talonflame|Brave Bird|p1a: Weezing\n|-damage|p1a: Weezing|70/100\n|-damage|p2a: Talonflame|239/265|[from] Recoil\n|\n|-heal|p1a: Weezing|75/100|[from] item: Leftovers\n|upkeep\n|turn|8\n|inactive|Time left: 300 sec this turn | 300 sec total\n|\n|t:|1783569088\n|switch|p2a: Cresselia|Cresselia, L80, F|323/323\n|move|p1a: Weezing|Gunk Shot|p2a: Cresselia\n|-damage|p2a: Cresselia|206/323\n|\n|-heal|p2a: Cresselia|226/323|[from] item: Leftovers\n|-heal|p1a: Weezing|81/100|[from] item: Leftovers\n|upkeep\n|turn|9\n|inactive|Time left: 300 sec this turn | 300 sec total\n|\n|t:|1783569089\n|move|p2a: Cresselia|Calm Mind|p2a: Cresselia\n|-boost|p2a: Cresselia|spa|1\n|-boost|p2a: Cresselia|spd|1\n|move|p1a: Weezing|Gunk Shot|p2a: Cresselia\n|-damage|p2a: Cresselia|109/323\n|\n|-heal|p2a: Cresselia|129/323|[from] item: Leftovers\n|-heal|p1a: Weezing|87/100|[from] item: Leftovers\n|upkeep\n|turn|10\n|inactive|Time left: 300 sec this turn | 300 sec total\n|\n|t:|1783569089\n|move|p2a: Cresselia|Moonlight|p2a: Cresselia\n|-heal|p2a: Cresselia|290/323\n|move|p1a: Weezing|Gunk Shot|p2a: Cresselia\n|-crit|p2a: Cresselia\n|-damage|p2a: Cresselia|121/323\n|-status|p2a: Cresselia|psn\n|\n|-heal|p2a: Cresselia|141/323 psn|[from] item: Leftovers\n|-heal|p1a: Weezing|93/100|[from] item: Leftovers\n|-damage|p2a: Cresselia|101/323 psn|[from] psn\n|upkeep\n|turn|11\n|inactive|Time left: 300 sec this turn | 300 sec total\n|\n|t:|1783569091\n|move|p2a: Cresselia|Moonlight|p2a: Cresselia\n|-heal|p2a: Cresselia|262/323 psn\n|move|p1a: Weezing|Gunk Shot|p2a: Cresselia\n|-damage|p2a: Cresselia|151/323 psn\n|\n|-heal|p2a: Cresselia|171/323 psn|[from] item: Leftovers\n|-heal|p1a: Weezing|99/100|[from] item: Leftovers\n|-damage|p2a: Cresselia|131/323 psn|[from] psn\n|upkeep\n|turn|12\n|inactive|Time left: 300 sec this turn | 300 sec total\n|\n|t:|1783569092\n|move|p2a: Cresselia|Moonlight|p2a: Cresselia\n|-heal|p2a: Cresselia|292/323 psn\n|move|p1a: Weezing|Gunk Shot|p2a: Cresselia\n|-damage|p2a: Cresselia|178/323 psn\n|\n|-heal|p2a: Cresselia|198/323 psn|[from] item: Leftovers\n|-heal|p1a: Weezing|100/100|[from] item: Leftovers\n|-damage|p2a: Cresselia|158/323 psn|[from] psn\n|upkeep\n|turn|13\n|inactive|Time left: 300 sec this turn | 300 sec total\n|\n|t:|1783569093\n|move|p2a: Cresselia|Moonlight|p2a: Cresselia\n|-heal|p2a: Cresselia|319/323 psn\n|move|p1a: Weezing|Gunk Shot|p2a: Cresselia\n|-damage|p2a: Cresselia|202/323 psn\n|\n|-heal|p2a: Cresselia|222/323 psn|[from] item: Leftovers\n|-damage|p2a: Cresselia|182/323 psn|[from] psn\n|upkeep\n|turn|14\n|inactive|Time left: 300 sec this turn | 300 sec total\n|\n|t:|1783569094\n|move|p2a: Cresselia|Calm Mind|p2a: Cresselia\n|-boost|p2a: Cresselia|spa|1\n|-boost|p2a: Cresselia|spd|1\n|move|p1a: Weezing|Gunk Shot|p2a: Cresselia\n|-damage|p2a: Cresselia|62/323 psn\n|\n|-heal|p2a: Cresselia|82/323 psn|[from] item: Leftovers\n|-damage|p2a: Cresselia|42/323 psn|[from] psn\n|upkeep\n|turn|15\n|inactive|Time left: 300 sec this turn | 300 sec total\n|\n|t:|1783569095\n|move|p2a: Cresselia|Moonlight|p2a: Cresselia\n|-heal|p2a: Cresselia|203/323 psn\n|move|p1a: Weezing|Gunk Shot|p2a: Cresselia\n|-damage|p2a: Cresselia|101/323 psn\n|\n|-heal|p2a: Cresselia|121/323 psn|[from] item: Leftovers\n|-damage|p2a: Cresselia|81/323 psn|[from] psn\n|upkeep\n|turn|16\n|inactive|Time left: 300 sec this turn | 300 sec total\n|\n|t:|1783569096\n|switch|p1a: Jirachi|Jirachi, L80|100/100\n|move|p2a: Cresselia|Moonlight|p2a: Cresselia\n|-heal|p2a: Cresselia|242/323 psn\n|\n|-heal|p2a: Cresselia|262/323 psn|[from] item: Leftovers\n|-damage|p2a: Cresselia|222/323 psn|[from] psn\n|upkeep\n|turn|17\n|inactive|Time left: 300 sec this turn | 300 sec total\n|\n|t:|1783569097\n|move|p1a: Jirachi|Iron Head|p2a: Cresselia\n|-damage|p2a: Cresselia|147/323 psn\n|cant|p2a: Cresselia|flinch\n|\n|-heal|p2a: Cresselia|167/323 psn|[from] item: Leftovers\n|-damage|p2a: Cresselia|127/323 psn|[from] psn\n|upkeep\n|turn|18\n|inactive|Time left: 300 sec this turn | 300 sec total\n|\n|t:|1783569098\n|move|p1a: Jirachi|Iron Head|p2a: Cresselia\n|-damage|p2a: Cresselia|57/323 psn\n|cant|p2a: Cresselia|flinch\n|\n|-heal|p2a: Cresselia|77/323 psn|[from] item: Leftovers\n|-damage|p2a: Cresselia|37/323 psn|[from] psn\n|upkeep\n|turn|19\n|inactive|Time left: 300 sec this turn | 300 sec total\n|\n|t:|1783569099\n|-terastallize|p2a: Cresselia|Steel\n|move|p1a: Jirachi|Iron Head|p2a: Cresselia\n|-resisted|p2a: Cresselia\n|-damage|p2a: Cresselia|1/323 psn\n|cant|p2a: Cresselia|flinch\n|\n|-heal|p2a: Cresselia|21/323 psn|[from] item: Leftovers\n|-damage|p2a: Cresselia|0 fnt|[from] psn\n|faint|p2a: Cresselia\n|upkeep\n|inactive|Time left: 300 sec this turn | 300 sec total | 5 sec grace\n|\n|t:|1783569100\n|switch|p2a: Talonflame|Talonflame, L83, M|239/265\n|turn|20\n|inactive|Time left: 300 sec this turn | 300 sec total\n|\n|t:|1783569101\n|move|p2a: Talonflame|Brave Bird|p1a: Jirachi\n|-resisted|p1a: Jirachi\n|-damage|p1a: Jirachi|82/100\n|-damage|p2a: Talonflame|221/265|[from] Recoil\n|move|p1a: Jirachi|Body Slam|p2a: Talonflame\n|-damage|p2a: Talonflame|157/265\n|-status|p1a: Jirachi|brn|[from] ability: Flame Body|[of] p2a: Talonflame\n|\n|-heal|p1a: Jirachi|88/100 brn|[from] item: Leftovers\n|-damage|p1a: Jirachi|82/100 brn|[from] brn\n|upkeep\n|turn|21\n|inactive|Time left: 300 sec this turn | 300 sec total\n|\n|t:|1783569102\n|move|p2a: Talonflame|Roost|p2a: Talonflame\n|-heal|p2a: Talonflame|265/265\n|-singleturn|p2a: Talonflame|move: Roost\n|move|p1a: Jirachi|Body Slam|p2a: Talonflame\n|-damage|p2a: Talonflame|230/265\n|\n|-heal|p1a: Jirachi|88/100 brn|[from] item: Leftovers\n|-damage|p1a: Jirachi|82/100 brn|[from] brn\n|upkeep\n|turn|22\n|inactive|Time left: 300 sec this turn | 300 sec total\n|\n|t:|1783569103\n|switch|p2a: Amoonguss|Amoonguss, L82, F|284/321\n|move|p1a: Jirachi|Body Slam|p2a: Amoonguss\n|-damage|p2a: Amoonguss|253/321\n|-status|p2a: Amoonguss|par\n|-damage|p1a: Jirachi|65/100 brn|[from] item: Rocky Helmet|[of] p2a: Amoonguss\n|\n|-heal|p1a: Jirachi|72/100 brn|[from] item: Leftovers\n|-damage|p1a: Jirachi|65/100 brn|[from] brn\n|upkeep\n|turn|23\n|inactive|Time left: 300 sec this turn | 300 sec total\n|\n|t:|1783569104\n|switch|p2a: Talonflame|Talonflame, L83, M|230/265\n|move|p1a: Jirachi|Stealth Rock|p2a: Talonflame\n|-sidestart|p2: p0y2601ed37|move: Stealth Rock\n|\n|-heal|p1a: Jirachi|72/100 brn|[from] item: Leftovers\n|-damage|p1a: Jirachi|65/100 brn|[from] brn\n|upkeep\n|turn|24\n|inactive|Time left: 300 sec this turn | 300 sec total\n|\n|t:|1783569105\n|move|p2a: Talonflame|Overheat|p1a: Jirachi|[miss]\n|-miss|p2a: Talonflame|p1a: Jirachi\n|move|p1a: Jirachi|Iron Head|p2a: Talonflame\n|-resisted|p2a: Talonflame\n|-damage|p2a: Talonflame|207/265\n|\n|-heal|p1a: Jirachi|72/100 brn|[from] item: Leftovers\n|-damage|p1a: Jirachi|65/100 brn|[from] brn\n|upkeep\n|turn|25\n|inactive|Time left: 300 sec this turn | 300 sec total\n|\n|t:|1783569106\n|move|p2a: Talonflame|Overheat|p1a: Jirachi\n|-supereffective|p1a: Jirachi\n|-damage|p1a: Jirachi|0 fnt\n|-unboost|p2a: Talonflame|spa|2\n|faint|p1a: Jirachi\n|\n|upkeep\n|\n|t:|1783569107\n|switch|p1a: Weezing|Weezing-Galar, L86, M|100/100\n|turn|26\n|inactive|Time left: 300 sec this turn | 300 sec total\n|\n|t:|1783569108\n|move|p2a: Talonflame|Brave Bird|p1a: Weezing\n|-damage|p1a: Weezing|69/100\n|-damage|p2a: Talonflame|181/265|[from] Recoil\n|move|p1a: Weezing|Strange Steam|p2a: Talonflame\n|-resisted|p2a: Talonflame\n|-damage|p2a: Talonflame|126/265\n|\n|-heal|p1a: Weezing|75/100|[from] item: Leftovers\n|upkeep\n|turn|27\n|inactive|Time left: 300 sec this turn | 300 sec total\n|\n|t:|1783569109\n|move|p2a: Talonflame|Roost|p2a: Talonflame\n|-heal|p2a: Talonflame|259/265\n|-singleturn|p2a: Talonflame|move: Roost\n|move|p1a: Weezing|Strange Steam|p2a: Talonflame\n|-resisted|p2a: Talonflame\n|-damage|p2a: Talonflame|199/265\n|\n|-heal|p1a: Weezing|81/100|[from] item: Leftovers\n|upkeep\n|turn|28\n|inactive|Time left: 300 sec this turn | 300 sec total\n|\n|t:|1783569111\n|move|p2a: Talonflame|Brave Bird|p1a: Weezing\n|-damage|p1a: Weezing|48/100\n|-damage|p2a: Talonflame|171/265|[from] Recoil\n|move|p1a: Weezing|Strange Steam|p2a: Talonflame\n|-resisted|p2a: Talonflame\n|-damage|p2a: Talonflame|117/265\n|\n|-heal|p1a: Weezing|54/100|[from] item: Leftovers\n|upkeep\n|turn|29\n|inactive|Time left: 300 sec this turn | 300 sec total\n|\n|t:|1783569112\n|move|p2a: Talonflame|Roost|p2a: Talonflame\n|-heal|p2a: Talonflame|250/265\n|-singleturn|p2a: Talonflame|move: Roost\n|move|p1a: Weezing|Strange Steam|p2a: Talonflame\n|-resisted|p2a: Talonflame\n|-damage|p2a: Talonflame|190/265\n|\n|-heal|p1a: Weezing|60/100|[from] item: Leftovers\n|upkeep\n|turn|30\n|inactive|Time left: 300 sec this turn | 300 sec total\n|\n|t:|1783569112\n|move|p2a: Talonflame|Brave Bird|p1a: Weezing\n|-damage|p1a: Weezing|29/100\n|-damage|p2a: Talonflame|165/265|[from] Recoil\n|move|p1a: Weezing|Strange Steam|p2a: Talonflame\n|-resisted|p2a: Talonflame\n|-damage|p2a: Talonflame|109/265\n|\n|-heal|p1a: Weezing|35/100|[from] item: Leftovers\n|upkeep\n|turn|31\n|inactive|Time left: 300 sec this turn | 300 sec total\n|\n|t:|1783569113\n|move|p2a: Talonflame|Brave Bird|p1a: Weezing\n|-damage|p1a: Weezing|3/100\n|-damage|p2a: Talonflame|82/265|[from] Recoil\n|move|p1a: Weezing|Strange Steam|p2a: Talonflame\n|-resisted|p2a: Talonflame\n|-crit|p2a: Talonflame\n|-damage|p2a: Talonflame|0 fnt\n|faint|p2a: Talonflame\n|\n|-heal|p1a: Weezing|9/100|[from] item: Leftovers\n|upkeep\n|inactive|Time left: 300 sec this turn | 300 sec total | 5 sec grace\n|\n|t:|1783569114\n|switch|p2a: Kleavor|Kleavor, L78, F|237/237\n|turn|32\n|inactive|Time left: 300 sec this turn | 300 sec total\n|\n|t:|1783569115\n|move|p2a: Kleavor|Stone Axe|p1a: Weezing\n|-damage|p1a: Weezing|0 fnt\n|-sidestart|p1: p0x26017e66|move: Stealth Rock\n|faint|p1a: Weezing\n|\n|upkeep\n|\n|t:|1783569116\n|switch|p1a: Frosmoth|Frosmoth, L82, M|100/100\n|turn|33\n|inactive|Time left: 300 sec this turn | 300 sec total\n|\n|t:|1783569116\n|switch|p1a: Blissey|Blissey, L85, F|100/100\n|-damage|p1a: Blissey|88/100|[from] Stealth Rock\n|move|p2a: Kleavor|Stone Axe|p1a: Blissey\n|-damage|p1a: Blissey|27/100\n|\n|-heal|p1a: Blissey|33/100|[from] item: Leftovers\n|upkeep\n|turn|34\n|inactive|Time left: 300 sec this turn | 300 sec total\n|\n|t:|1783569117\n|move|p2a: Kleavor|X-Scissor|p1a: Blissey\n|-damage|p1a: Blissey|0 fnt\n|faint|p1a: Blissey\n|\n|upkeep\n|\n|t:|1783569118\n|switch|p1a: Frosmoth|Frosmoth, L82, M|100/100\n|turn|35\n|inactive|Time left: 300 sec this turn | 300 sec total\n|\n|t:|1783569118\n|move|p2a: Kleavor|Stone Axe|p1a: Frosmoth\n|-supereffective|p1a: Frosmoth\n|-damage|p1a: Frosmoth|0 fnt\n|faint|p1a: Frosmoth\n|\n|win|p0y2601ed37", "uploadtime": 1783569118, "views": 0, "rating": 0, "private": 0, "password": null, "_winner": "p0y2601ed37", "_our_name": "p0y2601ed37"}