{"id": "battle-gen9randombattle-2416", "formatid": "gen9randombattle", "format": "[Gen 9] Random Battle", "players": ["p0x24160ac8", "p0y2416aac0"], "log": "|init|battle\n|title|p0x24160ac8 vs. p0y2416aac0\n|j|\u2606p0x24160ac8\n|j|\u2606p0y2416aac0\n|t:|1783568045\n|gametype|singles\n|player|p1|p0x24160ac8|1|\n|player|p2|p0y2416aac0|101|\n|gen|9\n|tier|[Gen 9] Random Battle\n|rule|Species Clause: Limit one of each Pok\u00e9mon\n|rule|HP Percentage Mod: HP is shown in percentages\n|rule|Sleep Clause Mod: Limit one foe put to sleep\n|rule|Illusion Level Mod: Illusion disguises the Pok\u00e9mon's true level\n|\n|t:|1783568045\n|teamsize|p1|6\n|teamsize|p2|6\n|start\n|switch|p1a: Pawmot|Pawmot, L80, F|243/243\n|switch|p2a: Scrafty|Scrafty, L83, F|100/100\n|-ability|p2a: Scrafty|Intimidate|boost\n|-unboost|p1a: Pawmot|atk|1\n|turn|1\n|inactive|Battle timer is ON: inactive players will automatically lose when time's up. (requested by p0y2416aac0)\n|inactive|Time left: 300 sec this turn | 300 sec total | 60 sec grace\n|inactive|p0x24160ac8 also wants the timer to be on.\n|\n|t:|1783568047\n|switch|p1a: Hariyama|Hariyama, L87, M|392/392\n|move|p2a: Scrafty|Dragon Dance|p2a: Scrafty\n|-boost|p2a: Scrafty|atk|1\n|-boost|p2a: Scrafty|spe|1\n|\n|upkeep\n|turn|2\n|inactive|Time left: 300 sec this turn | 300 sec total\n|\n|t:|1783568048\n|move|p2a: Scrafty|Knock Off|p1a: Hariyama\n|-resisted|p1a: Hariyama\n|-damage|p1a: Hariyama|308/392\n|-enditem|p1a: Hariyama|Assault Vest|[from] move: Knock Off|[of] p2a: Scrafty\n|move|p1a: Hariyama|Close Combat|p2a: Scrafty\n|-supereffective|p2a: Scrafty\n|-damage|p2a: Scrafty|1/100\n|-unboost|p1a: Hariyama|def|1\n|-unboost|p1a: Hariyama|spd|1\n|\n|-heal|p2a: Scrafty|7/100|[from] item: Leftovers\n|upkeep\n|turn|3\n|inactive|Time left: 300 sec this turn | 300 sec total\n|\n|t:|1783568048\n|move|p1a: Hariyama|Bullet Punch|p2a: Scrafty\n|-damage|p2a: Scrafty|0 fnt\n|faint|p2a: Scrafty\n|\n|upkeep\n|\n|t:|1783568049\n|switch|p2a: Mudsdale|Mudsdale, L83, F|100/100\n|turn|4\n|inactive|Time left: 300 sec this turn | 300 sec total\n|\n|t:|1783568050\n|switch|p1a: Rotom|Rotom-Heat, L83|219/219\n|move|p2a: Mudsdale|Stealth Rock|p1a: Rotom\n|-sidestart|p1: p0x24160ac8|move: Stealth Rock\n|\n|upkeep\n|turn|5\n|inactive|Time left: 300 sec this turn | 300 sec total\n|\n|t:|1783568051\n|move|p1a: Rotom|Pain Split|p2a: Mudsdale\n|-sethp|p2a: Mudsdale|87/100|[from] move: Pain Split|[silent]\n|-sethp|p1a: Rotom|219/219|[from] move: Pain Split\n|move|p2a: Mudsdale|Stone Edge|p1a: Rotom\n|-supereffective|p1a: Rotom\n|-damage|p1a: Rotom|77/219\n|\n|-heal|p2a: Mudsdale|93/100|[from] item: Leftovers\n|upkeep\n|turn|6\n|inactive|Time left: 300 sec this turn | 300 sec total\n|\n|t:|1783568052\n|move|p1a: Rotom|Pain Split|p2a: Mudsdale\n|-sethp|p2a: Mudsdale|59/100|[from] move: Pain Split|[silent]\n|-sethp|p1a: Rotom|177/219|[from] move: Pain Split\n|move|p2a: Mudsdale|Stone Edge|p1a: Rotom\n|-supereffective|p1a: Rotom\n|-damage|p1a: Rotom|21/219\n|\n|-heal|p2a: Mudsdale|65/100|[from] item: Leftovers\n|upkeep\n|turn|7\n|inactive|Time left: 300 sec this turn | 300 sec total\n|\n|t:|1783568053\n|move|p1a: Rotom|Pain Split|p2a: Mudsdale\n|-sethp|p2a: Mudsdale|36/100|[from] move: Pain Split|[silent]\n|-sethp|p1a: Rotom|108/219|[from] move: Pain Split\n|move|p2a: Mudsdale|Stone Edge|p1a: Rotom|[miss]\n|-miss|p2a: Mudsdale|p1a: Rotom\n|\n|-heal|p2a: Mudsdale|42/100|[from] item: Leftovers\n|upkeep\n|turn|8\n|inactive|Time left: 300 sec this turn | 300 sec total\n|\n|t:|1783568054\n|move|p1a: Rotom|Overheat|p2a: Mudsdale\n|-damage|p2a: Mudsdale|0 fnt\n|-unboost|p1a: Rotom|spa|2\n|faint|p2a: Mudsdale\n|\n|upkeep\n|\n|t:|1783568055\n|switch|p2a: Grumpig|Grumpig, L92, F|100/100\n|turn|9\n|inactive|Time left: 300 sec this turn | 300 sec total\n|\n|t:|1783568056\n|move|p2a: Grumpig|Nasty Plot|p2a: Grumpig\n|-boost|p2a: Grumpig|spa|2\n|move|p1a: Rotom|Pain Split|p2a: Grumpig\n|-sethp|p2a: Grumpig|69/100|[from] move: Pain Split|[silent]\n|-sethp|p1a: Rotom|202/219|[from] move: Pain Split\n|\n|-heal|p2a: Grumpig|75/100|[from] item: Leftovers\n|upkeep\n|turn|10\n|inactive|Time left: 300 sec this turn | 300 sec total\n|\n|t:|1783568057\n|switch|p1a: Blissey|Blissey, L85, F|572/572\n|-damage|p1a: Blissey|501/572|[from] Stealth Rock\n|move|p2a: Grumpig|Psyshock|p1a: Blissey\n|-damage|p1a: Blissey|0 fnt\n|faint|p1a: Blissey\n|\n|-heal|p2a: Grumpig|81/100|[from] item: Leftovers\n|upkeep\n|inactive|Time left: 300 sec this turn | 300 sec total | 5 sec grace\n|\n|t:|1783568058\n|switch|p1a: Pawmot|Pawmot, L80, F|243/243\n|-damage|p1a: Pawmot|228/243|[from] Stealth Rock\n|turn|11\n|inactive|Time left: 300 sec this turn | 300 sec total\n|\n|t:|1783568059\n|switch|p2a: Amoonguss|Amoonguss, L82, F|100/100\n|-terastallize|p1a: Pawmot|Electric\n|move|p1a: Pawmot|Double Shock|p2a: Amoonguss\n|-resisted|p2a: Amoonguss\n|-damage|p2a: Amoonguss|60/100\n|-start|p1a: Pawmot|typechange|Electric|[from] move: Double Shock\n|-damage|p1a: Pawmot|204/243|[from] item: Life Orb\n|\n|-heal|p2a: Amoonguss|66/100|[from] item: Leftovers\n|upkeep\n|turn|12\n|inactive|Time left: 300 sec this turn | 300 sec total\n|\n|t:|1783568060\n|move|p1a: Pawmot|Double Shock|p2a: Amoonguss\n|-resisted|p2a: Amoonguss\n|-damage|p2a: Amoonguss|25/100\n|-start|p1a: Pawmot|typechange|Electric|[from] move: Double Shock\n|-damage|p1a: Pawmot|180/243|[from] item: Life Orb\n|move|p2a: Amoonguss|Sludge Bomb|p1a: Pawmot\n|-crit|p1a: Pawmot\n|-damage|p1a: Pawmot|0 fnt\n|faint|p1a: Pawmot\n|\n|-heal|p2a: Amoonguss|32/100|[from] item: Leftovers\n|upkeep\n|inactive|Time left: 300 sec this turn | 300 sec total | 5 sec grace\n|\n|t:|1783568060\n|switch|p1a: Hariyama|Hariyama, L87, M|308/392\n|-damage|p1a: Hariyama|284/392|[from] Stealth Rock\n|turn|13\n|inactive|Time left: 300 sec this turn | 300 sec total\n|\n|t:|1783568061\n|switch|p2a: Quaquaval|Quaquaval, L79, F|100/100\n|move|p1a: Hariyama|Knock Off|p2a: Quaquaval\n|-resisted|p2a: Quaquaval\n|-damage|p2a: Quaquaval|82/100\n|-enditem|p2a: Quaquaval|Life Orb|[from] move: Knock Off|[of] p1a: Hariyama\n|\n|upkeep\n|turn|14\n|inactive|Time left: 300 sec this turn | 300 sec total\n|\n|t:|1783568062\n|move|p2a: Quaquaval|Swords Dance|p2a: Quaquaval\n|-boost|p2a: Quaquaval|atk|2\n|move|p1a: Hariyama|Close Combat|p2a: Quaquaval\n|-damage|p2a: Quaquaval|9/100\n|-unboost|p1a: Hariyama|def|1\n|-unboost|p1a: Hariyama|spd|1\n|\n|upkeep\n|turn|15\n|inactive|Time left: 300 sec this turn | 300 sec total\n|\n|t:|1783568063\n|switch|p1a: Comfey|Comfey, L85, M|225/225\n|-damage|p1a: Comfey|197/225|[from] Stealth Rock\n|move|p2a: Quaquaval|Aqua Step|p1a: Comfey\n|-damage|p1a: Comfey|40/225\n|-boost|p2a: Quaquaval|spe|1\n|\n|-heal|p1a: Comfey|54/225|[from] item: Leftovers\n|upkeep\n|turn|16\n|inactive|Time left: 300 sec this turn | 300 sec total\n|\n|t:|1783568065\n|move|p1a: Comfey|Draining Kiss|p2a: Quaquaval\n|-supereffective|p2a: Quaquaval\n|-damage|p2a: Quaquaval|0 fnt\n|-heal|p1a: Comfey|71/225|[from] drain|[of] p2a: Quaquaval\n|faint|p2a: Quaquaval\n|\n|-heal|p1a: Comfey|85/225|[from] item: Leftovers\n|upkeep\n|\n|t:|1783568065\n|switch|p2a: Grumpig|Grumpig, L92, F|81/100\n|turn|17\n|inactive|Time left: 300 sec this turn | 300 sec total\n|\n|t:|1783568066\n|move|p1a: Comfey|Synthesis|p1a: Comfey\n|-heal|p1a: Comfey|197/225\n|move|p2a: Grumpig|Nasty Plot|p2a: Grumpig\n|-boost|p2a: Grumpig|spa|2\n|\n|-heal|p1a: Comfey|211/225|[from] item: Leftovers\n|-heal|p2a: Grumpig|87/100|[from] item: Leftovers\n|upkeep\n|turn|18\n|inactive|Time left: 300 sec this turn | 300 sec total\n|\n|t:|1783568067\n|move|p1a: Comfey|Calm Mind|p1a: Comfey\n|-boost|p1a: Comfey|spa|1\n|-boost|p1a: Comfey|spd|1\n|move|p2a: Grumpig|Psyshock|p1a: Comfey\n|-damage|p1a: Comfey|36/225\n|\n|-heal|p1a: Comfey|50/225|[from] item: Leftovers\n|-heal|p2a: Grumpig|93/100|[from] item: Leftovers\n|upkeep\n|turn|19\n|inactive|Time left: 300 sec this turn | 300 sec total\n|\n|t:|1783568068\n|move|p1a: Comfey|Draining Kiss|p2a: Grumpig\n|-damage|p2a: Grumpig|75/100\n|-heal|p1a: Comfey|89/225|[from] drain|[of] p2a: Grumpig\n|move|p2a: Grumpig|Psyshock|p1a: Comfey\n|-damage|p1a: Comfey|0 fnt\n|faint|p1a: Comfey\n|\n|-heal|p2a: Grumpig|81/100|[from] item: Leftovers\n|upkeep\n|inactive|Time left: 300 sec this turn | 300 sec total | 5 sec grace\n|\n|t:|1783568069\n|switch|p1a: Milotic|Milotic, L83, F|293/293\n|-damage|p1a: Milotic|257/293|[from] Stealth Rock\n|turn|20\n|inactive|Time left: 300 sec this turn | 300 sec total\n|\n|t:|1783568070\n|move|p2a: Grumpig|Psyshock|p1a: Milotic\n|-damage|p1a: Milotic|40/293\n|move|p1a: Milotic|Haze|p1a: Milotic\n|-clearallboost\n|\n|-heal|p2a: Grumpig|87/100|[from] item: Leftovers\n|-heal|p1a: Milotic|58/293|[from] item: Leftovers\n|upkeep\n|turn|21\n|inactive|Time left: 300 sec this turn | 300 sec total\n|\n|t:|1783568071\n|move|p2a: Grumpig|Psyshock|p1a: Milotic\n|-damage|p1a: Milotic|0 fnt\n|faint|p1a: Milotic\n|\n|-heal|p2a: Grumpig|93/100|[from] item: Leftovers\n|upkeep\n|inactive|Time left: 300 sec this turn | 300 sec total | 5 sec grace\n|\n|t:|1783568072\n|switch|p1a: Hariyama|Hariyama, L87, M|284/392\n|-damage|p1a: Hariyama|260/392|[from] Stealth Rock\n|turn|22\n|inactive|Time left: 300 sec this turn | 300 sec total\n|\n|t:|1783568073\n|-terastallize|p2a: Grumpig|Fighting\n|move|p2a: Grumpig|Nasty Plot|p2a: Grumpig\n|-boost|p2a: Grumpig|spa|2\n|move|p1a: Hariyama|Knock Off|p2a: Grumpig\n|-resisted|p2a: Grumpig\n|-damage|p2a: Grumpig|77/100\n|-enditem|p2a: Grumpig|Leftovers|[from] move: Knock Off|[of] p1a: Hariyama\n|\n|upkeep\n|turn|23\n|inactive|Time left: 300 sec this turn | 300 sec total\n|\n|t:|1783568074\n|switch|p1a: Rotom|Rotom-Heat, L83|202/219\n|move|p2a: Grumpig|Psyshock|p1a: Rotom\n|-damage|p1a: Rotom|24/219\n|\n|upkeep\n|turn|24\n|inactive|Time left: 300 sec this turn | 300 sec total\n|\n|t:|1783568075\n|move|p2a: Grumpig|Psyshock|p1a: Rotom\n|-damage|p1a: Rotom|0 fnt\n|faint|p1a: Rotom\n|\n|upkeep\n|inactive|Time left: 300 sec this turn | 300 sec total | 5 sec grace\n|\n|t:|1783568076\n|switch|p1a: Hariyama|Hariyama, L87, M|260/392\n|-damage|p1a: Hariyama|236/392|[from] Stealth Rock\n|turn|25\n|inactive|Time left: 300 sec this turn | 300 sec total\n|\n|t:|1783568077\n|move|p2a: Grumpig|Psyshock|p1a: Hariyama\n|-supereffective|p1a: Hariyama\n|-damage|p1a: Hariyama|0 fnt\n|faint|p1a: Hariyama\n|\n|win|p0y2416aac0", "uploadtime": 1783568077, "views": 0, "rating": 0, "private": 0, "password": null, "_winner": "p0y2416aac0", "_our_name": "p0x24160ac8"}