{"id": "battle-gen9randombattle-1913", "formatid": "gen9randombattle", "format": "[Gen 9] Random Battle", "players": ["p0x191391d2", "p0y1913a7ec"], "log": "|init|battle\n|title|p0x191391d2 vs. p0y1913a7ec\n|j|\u2606p0x191391d2\n|j|\u2606p0y1913a7ec\n|t:|1783562125\n|gametype|singles\n|player|p1|p0x191391d2|170|\n|player|p2|p0y1913a7ec|169|\n|gen|9\n|tier|[Gen 9] Random Battle\n|rule|Species Clause: Limit one of each Pok\u00e9mon\n|rule|HP Percentage Mod: HP is shown in percentages\n|rule|Sleep Clause Mod: Limit one foe put to sleep\n|rule|Illusion Level Mod: Illusion disguises the Pok\u00e9mon's true level\n|\n|t:|1783562125\n|teamsize|p1|6\n|teamsize|p2|6\n|start\n|switch|p1a: Braviary|Braviary-Hisui, L85, M|100/100\n|switch|p2a: Bastiodon|Bastiodon, L89, M|252/252\n|turn|1\n|inactive|Battle timer is ON: inactive players will automatically lose when time's up. (requested by p0y1913a7ec)\n|inactive|p0x191391d2 also wants the timer to be on.\n|\n|t:|1783562127\n|move|p1a: Braviary|Esper Wing|p2a: Bastiodon\n|-resisted|p2a: Bastiodon\n|-damage|p2a: Bastiodon|162/252\n|-boost|p1a: Braviary|spe|1\n|move|p2a: Bastiodon|Foul Play|p1a: Braviary\n|-supereffective|p1a: Braviary\n|-damage|p1a: Braviary|54/100\n|\n|upkeep\n|turn|2\n|inactive|Time left: 300 sec this turn | 300 sec total\n|\n|t:|1783562128\n|move|p1a: Braviary|Esper Wing|p2a: Bastiodon\n|-resisted|p2a: Bastiodon\n|-damage|p2a: Bastiodon|66/252\n|-boost|p1a: Braviary|spe|1\n|move|p2a: Bastiodon|Rest|p2a: Bastiodon\n|-status|p2a: Bastiodon|slp|[from] move: Rest\n|-heal|p2a: Bastiodon|252/252 slp|[silent]\n|-enditem|p2a: Bastiodon|Chesto Berry|[eat]\n|-curestatus|p2a: Bastiodon|slp|[msg]\n|\n|upkeep\n|turn|3\n|inactive|Time left: 300 sec this turn | 300 sec total\n|\n|t:|1783562129\n|move|p1a: Braviary|Esper Wing|p2a: Bastiodon\n|-resisted|p2a: Bastiodon\n|-damage|p2a: Bastiodon|162/252\n|-boost|p1a: Braviary|spe|1\n|move|p2a: Bastiodon|Foul Play|p1a: Braviary\n|-supereffective|p1a: Braviary\n|-crit|p1a: Braviary\n|-damage|p1a: Braviary|0 fnt\n|faint|p1a: Braviary\n|\n|upkeep\n|\n|t:|1783562130\n|switch|p1a: Samurott|Samurott, L88, M|100/100\n|turn|4\n|inactive|Time left: 300 sec this turn | 300 sec total\n|\n|t:|1783562131\n|move|p1a: Samurott|Liquidation|p2a: Bastiodon\n|-supereffective|p2a: Bastiodon\n|-damage|p2a: Bastiodon|0 fnt\n|faint|p2a: Bastiodon\n|-damage|p1a: Samurott|90/100|[from] item: Life Orb\n|\n|upkeep\n|inactive|Time left: 300 sec this turn | 300 sec total | 5 sec grace\n|\n|t:|1783562132\n|switch|p2a: Raging Bolt|Raging Bolt, L78|323/323\n|turn|5\n|inactive|Time left: 300 sec this turn | 300 sec total\n|\n|t:|1783562133\n|switch|p1a: Lunala|Lunala, L70|100/100\n|move|p2a: Raging Bolt|Thunderbolt|p1a: Lunala\n|-damage|p1a: Lunala|81/100\n|\n|-heal|p1a: Lunala|87/100|[from] item: Leftovers\n|upkeep\n|turn|6\n|inactive|Time left: 300 sec this turn | 300 sec total\n|\n|t:|1783562134\n|move|p1a: Lunala|Calm Mind|p1a: Lunala\n|-boost|p1a: Lunala|spa|1\n|-boost|p1a: Lunala|spd|1\n|move|p2a: Raging Bolt|Thunderbolt|p1a: Lunala\n|-damage|p1a: Lunala|62/100\n|-status|p1a: Lunala|par\n|\n|-heal|p1a: Lunala|68/100 par|[from] item: Leftovers\n|upkeep\n|turn|7\n|inactive|Time left: 300 sec this turn | 300 sec total\n|\n|t:|1783562135\n|move|p2a: Raging Bolt|Thunderbolt|p1a: Lunala\n|-damage|p1a: Lunala|45/100 par\n|move|p1a: Lunala|Psyshock|p2a: Raging Bolt\n|-damage|p2a: Raging Bolt|199/323\n|\n|-heal|p1a: Lunala|51/100 par|[from] item: Leftovers\n|upkeep\n|turn|8\n|inactive|Time left: 300 sec this turn | 300 sec total\n|\n|t:|1783562136\n|move|p2a: Raging Bolt|Thunderbolt|p1a: Lunala\n|-damage|p1a: Lunala|28/100 par\n|move|p1a: Lunala|Moonlight|p1a: Lunala\n|-heal|p1a: Lunala|78/100 par\n|\n|-heal|p1a: Lunala|85/100 par|[from] item: Leftovers\n|upkeep\n|turn|9\n|inactive|Time left: 300 sec this turn | 300 sec total\n|\n|t:|1783562137\n|-end|p2a: Raging Bolt|Protosynthesis|[silent]\n|switch|p2a: Komala|Komala, L87, M|255/255\n|-ability|p2a: Komala|Comatose\n|move|p1a: Lunala|Psyshock|p2a: Komala\n|-damage|p2a: Komala|113/255\n|\n|-heal|p1a: Lunala|91/100 par|[from] item: Leftovers\n|upkeep\n|turn|10\n|inactive|Time left: 300 sec this turn | 300 sec total\n|\n|t:|1783562138\n|-terastallize|p1a: Lunala|Dark\n|move|p2a: Komala|Knock Off|p1a: Lunala\n|-resisted|p1a: Lunala\n|-damage|p1a: Lunala|75/100 par\n|-enditem|p1a: Lunala|Leftovers|[from] move: Knock Off|[of] p2a: Komala\n|move|p1a: Lunala|Psyshock|p2a: Komala\n|-damage|p2a: Komala|0 fnt\n|faint|p2a: Komala\n|\n|upkeep\n|inactive|Time left: 300 sec this turn | 300 sec total | 5 sec grace\n|\n|t:|1783562139\n|switch|p2a: Haxorus|Haxorus, L77, F|244/244\n|-ability|p2a: Haxorus|Mold Breaker\n|turn|11\n|inactive|Time left: 300 sec this turn | 300 sec total\n|\n|t:|1783562140\n|move|p2a: Haxorus|Swords Dance|p2a: Haxorus\n|-boost|p2a: Haxorus|atk|2\n|cant|p1a: Lunala|par\n|\n|upkeep\n|turn|12\n|inactive|Time left: 300 sec this turn | 300 sec total\n|\n|t:|1783562141\n|move|p2a: Haxorus|Scale Shot|p1a: Lunala\n|-damage|p1a: Lunala|53/100 par\n|-damage|p1a: Lunala|28/100 par\n|-damage|p1a: Lunala|5/100 par\n|-damage|p1a: Lunala|0 fnt\n|faint|p1a: Lunala\n|-hitcount|p1: Lunala|4\n|-unboost|p2a: Haxorus|def|1\n|-boost|p2a: Haxorus|spe|1\n|\n|upkeep\n|\n|t:|1783562142\n|switch|p1a: Duraludon|Duraludon, L82, F|100/100\n|turn|13\n|inactive|Time left: 300 sec this turn | 300 sec total\n|\n|t:|1783562143\n|move|p2a: Haxorus|Earthquake|p1a: Duraludon\n|-supereffective|p1a: Duraludon\n|-damage|p1a: Duraludon|29/100\n|move|p1a: Duraludon|Dragon Tail|p2a: Haxorus|[miss]\n|-miss|p1a: Duraludon|p2a: Haxorus\n|\n|upkeep\n|turn|14\n|inactive|Time left: 300 sec this turn | 300 sec total\n|\n|t:|1783562144\n|move|p2a: Haxorus|Earthquake|p1a: Duraludon\n|-supereffective|p1a: Duraludon\n|-damage|p1a: Duraludon|0 fnt\n|faint|p1a: Duraludon\n|\n|upkeep\n|\n|t:|1783562145\n|switch|p1a: Furret|Furret, L94, M|100/100\n|-item|p2a: Haxorus|Loaded Dice|[from] ability: Frisk|[of] p1a: Furret\n|turn|15\n|inactive|Time left: 300 sec this turn | 300 sec total\n|\n|t:|1783562146\n|-terastallize|p2a: Haxorus|Steel\n|move|p2a: Haxorus|Iron Head|p1a: Furret\n|-damage|p1a: Furret|29/100\n|move|p1a: Furret|Double-Edge|p2a: Haxorus\n|-resisted|p2a: Haxorus\n|-damage|p2a: Haxorus|108/244\n|-damage|p1a: Furret|15/100|[from] Recoil\n|-damage|p1a: Furret|5/100|[from] item: Life Orb\n|\n|upkeep\n|turn|16\n|inactive|Time left: 300 sec this turn | 300 sec total\n|\n|t:|1783562148\n|move|p2a: Haxorus|Earthquake|p1a: Furret\n|-damage|p1a: Furret|0 fnt\n|faint|p1a: Furret\n|\n|upkeep\n|\n|t:|1783562149\n|switch|p1a: Honchkrow|Honchkrow, L86, M|100/100\n|turn|17\n|inactive|Time left: 300 sec this turn | 300 sec total\n|\n|t:|1783562150\n|switch|p2a: Raging Bolt|Raging Bolt, L78|199/323\n|move|p1a: Honchkrow|Sucker Punch||[still]\n|-fail|p1a: Honchkrow\n|\n|upkeep\n|turn|18\n|inactive|Time left: 300 sec this turn | 300 sec total\n|\n|t:|1783562151\n|move|p1a: Honchkrow|Sucker Punch|p2a: Raging Bolt\n|-damage|p2a: Raging Bolt|94/323\n|move|p2a: Raging Bolt|Thunderbolt|p1a: Honchkrow\n|-supereffective|p1a: Honchkrow\n|-damage|p1a: Honchkrow|0 fnt\n|faint|p1a: Honchkrow\n|\n|upkeep\n|\n|t:|1783562152\n|switch|p1a: Samurott|Samurott, L88, M|90/100\n|turn|19\n|inactive|Time left: 300 sec this turn | 300 sec total\n|\n|t:|1783562152\n|move|p1a: Samurott|Sacred Sword|p2a: Raging Bolt\n|-damage|p2a: Raging Bolt|0 fnt\n|faint|p2a: Raging Bolt\n|-end|p2a: Raging Bolt|Protosynthesis|[silent]\n|-damage|p1a: Samurott|80/100|[from] item: Life Orb\n|\n|upkeep\n|inactive|Time left: 300 sec this turn | 300 sec total | 5 sec grace\n|\n|t:|1783562153\n|switch|p2a: Indeedee|Indeedee-F, L90, F|272/272\n|-fieldstart|move: Psychic Terrain|[from] ability: Psychic Surge|[of] p2a: Indeedee\n|turn|20\n|inactive|Time left: 300 sec this turn | 300 sec total\n|\n|t:|1783562154\n|move|p2a: Indeedee|Psychic|p1a: Samurott\n|-damage|p1a: Samurott|16/100\n|-damage|p2a: Indeedee|245/272|[from] item: Life Orb\n|move|p1a: Samurott|Liquidation|p2a: Indeedee\n|-damage|p2a: Indeedee|3/272\n|-damage|p1a: Samurott|6/100|[from] item: Life Orb\n|\n|upkeep\n|turn|21\n|inactive|Time left: 300 sec this turn | 300 sec total\n|\n|t:|1783562155\n|move|p2a: Indeedee|Shadow Ball|p1a: Samurott\n|-damage|p1a: Samurott|0 fnt\n|faint|p1a: Samurott\n|-damage|p2a: Indeedee|0 fnt|[from] item: Life Orb\n|faint|p2a: Indeedee\n|\n|win|p0y1913a7ec", "uploadtime": 1783562155, "views": 0, "rating": 0, "private": 0, "password": null, "_winner": "p0y1913a7ec", "_our_name": "p0y1913a7ec"}