{"id": "battle-gen9randombattle-223", "formatid": "gen9randombattle", "format": "[Gen 9] Random Battle", "players": ["p0x223810b", "p0y22326f0"], "log": "|init|battle\n|title|p0x223810b vs. p0y22326f0\n|j|\u2606p0x223810b\n|j|\u2606p0y22326f0\n|t:|1783541690\n|gametype|singles\n|player|p1|p0x223810b|170|\n|player|p2|p0y22326f0|265|\n|gen|9\n|tier|[Gen 9] Random Battle\n|rule|Species Clause: Limit one of each Pok\u00e9mon\n|rule|HP Percentage Mod: HP is shown in percentages\n|rule|Sleep Clause Mod: Limit one foe put to sleep\n|rule|Illusion Level Mod: Illusion disguises the Pok\u00e9mon's true level\n|\n|t:|1783541690\n|teamsize|p1|6\n|teamsize|p2|6\n|start\n|switch|p1a: Donphan|Donphan, L84, M|288/288\n|switch|p2a: Chesnaught|Chesnaught, L84, M|100/100\n|turn|1\n|inactive|Battle timer is ON: inactive players will automatically lose when time's up. (requested by p0x223810b)\n|inactive|p0y22326f0 also wants the timer to be on.\n|\n|t:|1783541691\n|move|p2a: Chesnaught|Trailblaze|p1a: Donphan\n|-supereffective|p1a: Donphan\n|-damage|p1a: Donphan|198/288\n|-boost|p2a: Chesnaught|spe|1\n|move|p1a: Donphan|Stealth Rock|p2a: Chesnaught\n|-sidestart|p2: p0y22326f0|move: Stealth Rock\n|\n|-heal|p1a: Donphan|216/288|[from] item: Leftovers\n|upkeep\n|turn|2\n|inactive|Time left: 300 sec this turn | 300 sec total | 60 sec grace\n|\n|t:|1783541692\n|switch|p1a: Ninetales|Ninetales, L85, F|263/263\n|-weather|SunnyDay|[from] ability: Drought|[of] p1a: Ninetales\n|move|p2a: Chesnaught|Trailblaze|p1a: Ninetales\n|-resisted|p1a: Ninetales\n|-damage|p1a: Ninetales|229/263\n|-boost|p2a: Chesnaught|spe|1\n|\n|-weather|SunnyDay|[upkeep]\n|upkeep\n|turn|3\n|inactive|Time left: 300 sec this turn | 300 sec total\n|\n|t:|1783541694\n|move|p2a: Chesnaught|Body Press|p1a: Ninetales\n|-damage|p1a: Ninetales|121/263\n|move|p1a: Ninetales|Fire Blast|p2a: Chesnaught\n|-supereffective|p2a: Chesnaught\n|-damage|p2a: Chesnaught|0 fnt\n|faint|p2a: Chesnaught\n|\n|-weather|SunnyDay|[upkeep]\n|upkeep\n|\n|t:|1783541695\n|switch|p2a: Ho-Oh|Ho-Oh, L71|100/100\n|turn|4\n|inactive|Time left: 300 sec this turn | 300 sec total\n|\n|t:|1783541696\n|switch|p1a: Reshiram|Reshiram, L76|277/277\n|-ability|p1a: Reshiram|Turboblaze\n|move|p2a: Ho-Oh|Brave Bird|p1a: Reshiram\n|-damage|p1a: Reshiram|157/277\n|-damage|p2a: Ho-Oh|86/100|[from] Recoil\n|\n|-weather|SunnyDay|[upkeep]\n|upkeep\n|turn|5\n|inactive|Time left: 300 sec this turn | 300 sec total\n|\n|t:|1783541697\n|-terastallize|p1a: Reshiram|Dragon\n|move|p1a: Reshiram|Outrage|p2a: Ho-Oh\n|-damage|p2a: Ho-Oh|20/100\n|move|p2a: Ho-Oh|Earthquake|p1a: Reshiram\n|-damage|p1a: Reshiram|93/277\n|\n|-weather|SunnyDay|[upkeep]\n|upkeep\n|turn|6\n|inactive|Time left: 300 sec this turn | 300 sec total\n|\n|t:|1783541698\n|switch|p2a: Pecharunt|Pecharunt, L77|100/100\n|-damage|p2a: Pecharunt|88/100|[from] Stealth Rock\n|move|p1a: Reshiram|Outrage|p2a: Pecharunt|[from] lockedmove\n|-damage|p2a: Pecharunt|46/100\n|\n|-weather|none\n|-heal|p2a: Pecharunt|52/100|[from] item: Leftovers\n|upkeep\n|turn|7\n|inactive|Time left: 300 sec this turn | 300 sec total\n|\n|t:|1783541699\n|move|p1a: Reshiram|Outrage|p2a: Pecharunt|[from] lockedmove\n|-damage|p2a: Pecharunt|8/100\n|-start|p1a: Reshiram|confusion|[fatigue]\n|move|p2a: Pecharunt|Recover|p2a: Pecharunt\n|-heal|p2a: Pecharunt|58/100\n|\n|-heal|p2a: Pecharunt|64/100|[from] item: Leftovers\n|upkeep\n|turn|8\n|inactive|Time left: 300 sec this turn | 300 sec total\n|\n|t:|1783541700\n|-activate|p1a: Reshiram|confusion\n|move|p1a: Reshiram|Outrage|p2a: Pecharunt\n|-damage|p2a: Pecharunt|25/100\n|move|p2a: Pecharunt|Recover|p2a: Pecharunt\n|-heal|p2a: Pecharunt|75/100\n|\n|-heal|p2a: Pecharunt|81/100|[from] item: Leftovers\n|upkeep\n|turn|9\n|inactive|Time left: 300 sec this turn | 300 sec total\n|\n|t:|1783541701\n|-activate|p1a: Reshiram|confusion\n|move|p1a: Reshiram|Outrage|p2a: Pecharunt|[from] lockedmove\n|-damage|p2a: Pecharunt|40/100\n|move|p2a: Pecharunt|Malignant Chain|p1a: Reshiram\n|-damage|p1a: Reshiram|21/277\n|\n|-heal|p2a: Pecharunt|46/100|[from] item: Leftovers\n|upkeep\n|turn|10\n|inactive|Time left: 300 sec this turn | 300 sec total\n|\n|t:|1783541702\n|-activate|p1a: Reshiram|confusion\n|move|p1a: Reshiram|Outrage|p2a: Pecharunt|[from] lockedmove\n|-damage|p2a: Pecharunt|0 fnt\n|faint|p2a: Pecharunt\n|\n|upkeep\n|\n|t:|1783541703\n|switch|p2a: Deoxys|Deoxys-Defense, L84|100/100\n|-damage|p2a: Deoxys|88/100|[from] Stealth Rock\n|-ability|p2a: Deoxys|Pressure\n|turn|11\n|inactive|Time left: 300 sec this turn | 300 sec total\n|\n|t:|1783541704\n|move|p2a: Deoxys|Cosmic Power|p2a: Deoxys\n|-boost|p2a: Deoxys|def|1\n|-boost|p2a: Deoxys|spd|1\n|-end|p1a: Reshiram|confusion\n|move|p1a: Reshiram|Outrage|p2a: Deoxys\n|-damage|p2a: Deoxys|57/100\n|\n|-heal|p2a: Deoxys|62/100|[from] item: Leftovers\n|upkeep\n|turn|12\n|inactive|Time left: 300 sec this turn | 300 sec total\n|\n|t:|1783541705\n|move|p2a: Deoxys|Stored Power|p1a: Reshiram\n|-crit|p1a: Reshiram\n|-damage|p1a: Reshiram|0 fnt\n|faint|p1a: Reshiram\n|\n|-heal|p2a: Deoxys|68/100|[from] item: Leftovers\n|upkeep\n|inactive|Time left: 300 sec this turn | 300 sec total | 5 sec grace\n|\n|t:|1783541706\n|switch|p1a: Golem|Golem-Alola, L93, F|300/300\n|turn|13\n|inactive|Time left: 300 sec this turn | 300 sec total\n|\n|t:|1783541707\n|move|p2a: Deoxys|Cosmic Power|p2a: Deoxys\n|-boost|p2a: Deoxys|def|1\n|-boost|p2a: Deoxys|spd|1\n|move|p1a: Golem|Double-Edge|p2a: Deoxys\n|-damage|p2a: Deoxys|24/100\n|-damage|p1a: Golem|268/300|[from] Recoil\n|\n|-heal|p2a: Deoxys|30/100|[from] item: Leftovers\n|upkeep\n|turn|14\n|inactive|Time left: 300 sec this turn | 300 sec total\n|\n|t:|1783541709\n|move|p2a: Deoxys|Recover|p2a: Deoxys\n|-heal|p2a: Deoxys|81/100\n|move|p1a: Golem|Double-Edge|p2a: Deoxys\n|-damage|p2a: Deoxys|30/100\n|-damage|p1a: Golem|231/300|[from] Recoil\n|\n|-heal|p2a: Deoxys|36/100|[from] item: Leftovers\n|upkeep\n|turn|15\n|inactive|Time left: 300 sec this turn | 300 sec total\n|\n|t:|1783541710\n|move|p2a: Deoxys|Recover|p2a: Deoxys\n|-heal|p2a: Deoxys|86/100\n|move|p1a: Golem|Double-Edge|p2a: Deoxys\n|-damage|p2a: Deoxys|42/100\n|-damage|p1a: Golem|198/300|[from] Recoil\n|\n|-heal|p2a: Deoxys|48/100|[from] item: Leftovers\n|upkeep\n|turn|16\n|inactive|Time left: 300 sec this turn | 300 sec total\n|\n|t:|1783541711\n|move|p2a: Deoxys|Recover|p2a: Deoxys\n|-heal|p2a: Deoxys|98/100\n|move|p1a: Golem|Double-Edge|p2a: Deoxys\n|-damage|p2a: Deoxys|48/100\n|-damage|p1a: Golem|161/300|[from] Recoil\n|\n|-heal|p2a: Deoxys|53/100|[from] item: Leftovers\n|upkeep\n|turn|17\n|inactive|Time left: 300 sec this turn | 300 sec total\n|\n|t:|1783541712\n|move|p2a: Deoxys|Recover|p2a: Deoxys\n|-heal|p2a: Deoxys|100/100\n|move|p1a: Golem|Double-Edge|p2a: Deoxys\n|-damage|p2a: Deoxys|54/100\n|-damage|p1a: Golem|127/300|[from] Recoil\n|\n|-heal|p2a: Deoxys|60/100|[from] item: Leftovers\n|upkeep\n|turn|18\n|inactive|Time left: 300 sec this turn | 300 sec total\n|\n|t:|1783541713\n|move|p2a: Deoxys|Night Shade|p1a: Golem\n|-damage|p1a: Golem|43/300\n|move|p1a: Golem|Double-Edge|p2a: Deoxys\n|-damage|p2a: Deoxys|10/100\n|-damage|p1a: Golem|6/300|[from] Recoil\n|\n|-heal|p2a: Deoxys|15/100|[from] item: Leftovers\n|upkeep\n|turn|19\n|inactive|Time left: 300 sec this turn | 300 sec total\n|\n|t:|1783541715\n|move|p2a: Deoxys|Recover|p2a: Deoxys\n|-heal|p2a: Deoxys|66/100\n|move|p1a: Golem|Double-Edge|p2a: Deoxys\n|-damage|p2a: Deoxys|17/100\n|-damage|p1a: Golem|0 fnt|[from] Recoil\n|faint|p1a: Golem\n|\n|-heal|p2a: Deoxys|23/100|[from] item: Leftovers\n|upkeep\n|inactive|Time left: 300 sec this turn | 300 sec total | 5 sec grace\n|\n|t:|1783541716\n|switch|p1a: Misdreavus|Misdreavus, L90, M|254/254\n|turn|20\n|inactive|Time left: 300 sec this turn | 300 sec total\n|\n|t:|1783541717\n|-terastallize|p2a: Deoxys|Steel\n|move|p1a: Misdreavus|Shadow Ball|p2a: Deoxys\n|-damage|p2a: Deoxys|10/100\n|move|p2a: Deoxys|Recover|p2a: Deoxys\n|-heal|p2a: Deoxys|60/100\n|\n|-heal|p2a: Deoxys|66/100|[from] item: Leftovers\n|upkeep\n|turn|21\n|inactive|Time left: 300 sec this turn | 300 sec total\n|\n|t:|1783541718\n|move|p1a: Misdreavus|Calm Mind|p1a: Misdreavus\n|-boost|p1a: Misdreavus|spa|1\n|-boost|p1a: Misdreavus|spd|1\n|move|p2a: Deoxys|Night Shade|p1a: Misdreavus\n|-damage|p1a: Misdreavus|170/254\n|\n|-heal|p2a: Deoxys|72/100|[from] item: Leftovers\n|upkeep\n|turn|22\n|inactive|Time left: 300 sec this turn | 300 sec total\n|\n|t:|1783541719\n|move|p1a: Misdreavus|Shadow Ball|p2a: Deoxys\n|-damage|p2a: Deoxys|54/100\n|move|p2a: Deoxys|Night Shade|p1a: Misdreavus\n|-damage|p1a: Misdreavus|86/254\n|\n|-heal|p2a: Deoxys|60/100|[from] item: Leftovers\n|upkeep\n|turn|23\n|inactive|Time left: 300 sec this turn | 300 sec total\n|\n|t:|1783541721\n|move|p1a: Misdreavus|Shadow Ball|p2a: Deoxys\n|-damage|p2a: Deoxys|41/100\n|move|p2a: Deoxys|Night Shade|p1a: Misdreavus\n|-damage|p1a: Misdreavus|2/254\n|\n|-heal|p2a: Deoxys|47/100|[from] item: Leftovers\n|upkeep\n|turn|24\n|inactive|Time left: 300 sec this turn | 300 sec total\n|\n|t:|1783541722\n|move|p1a: Misdreavus|Shadow Ball|p2a: Deoxys\n|-damage|p2a: Deoxys|28/100\n|move|p2a: Deoxys|Recover|p2a: Deoxys\n|-heal|p2a: Deoxys|78/100\n|\n|-heal|p2a: Deoxys|84/100|[from] item: Leftovers\n|upkeep\n|turn|25\n|inactive|Time left: 300 sec this turn | 300 sec total\n|\n|t:|1783541723\n|move|p1a: Misdreavus|Shadow Ball|p2a: Deoxys\n|-damage|p2a: Deoxys|63/100\n|move|p2a: Deoxys|Night Shade|p1a: Misdreavus\n|-damage|p1a: Misdreavus|0 fnt\n|faint|p1a: Misdreavus\n|\n|-heal|p2a: Deoxys|69/100|[from] item: Leftovers\n|upkeep\n|inactive|Time left: 300 sec this turn | 300 sec total | 5 sec grace\n|\n|t:|1783541724\n|switch|p1a: Ninetales|Ninetales, L85, F|121/263\n|-weather|SunnyDay|[from] ability: Drought|[of] p1a: Ninetales\n|turn|26\n|inactive|Time left: 300 sec this turn | 300 sec total\n|\n|t:|1783541725\n|move|p1a: Ninetales|Nasty Plot|p1a: Ninetales\n|-boost|p1a: Ninetales|spa|2\n|move|p2a: Deoxys|Stored Power|p1a: Ninetales\n|-damage|p1a: Ninetales|43/263\n|\n|-weather|SunnyDay|[upkeep]\n|-heal|p2a: Deoxys|75/100|[from] item: Leftovers\n|upkeep\n|turn|27\n|inactive|Time left: 300 sec this turn | 300 sec total\n|\n|t:|1783541726\n|move|p1a: Ninetales|Fire Blast|p2a: Deoxys|[miss]\n|-miss|p1a: Ninetales|p2a: Deoxys\n|move|p2a: Deoxys|Stored Power|p1a: Ninetales\n|-damage|p1a: Ninetales|0 fnt\n|faint|p1a: Ninetales\n|\n|-weather|SunnyDay|[upkeep]\n|-heal|p2a: Deoxys|81/100|[from] item: Leftovers\n|upkeep\n|inactive|Time left: 300 sec this turn | 300 sec total | 5 sec grace\n|\n|t:|1783541727\n|switch|p1a: Donphan|Donphan, L84, M|216/288\n|turn|28\n|inactive|Time left: 300 sec this turn | 300 sec total\n|\n|t:|1783541728\n|move|p2a: Deoxys|Stored Power|p1a: Donphan\n|-damage|p1a: Donphan|116/288\n|move|p1a: Donphan|Earthquake|p2a: Deoxys\n|-supereffective|p2a: Deoxys\n|-damage|p2a: Deoxys|48/100\n|\n|-weather|SunnyDay|[upkeep]\n|-heal|p2a: Deoxys|53/100|[from] item: Leftovers\n|-heal|p1a: Donphan|134/288|[from] item: Leftovers\n|upkeep\n|turn|29\n|inactive|Time left: 300 sec this turn | 300 sec total\n|\n|t:|1783541730\n|move|p2a: Deoxys|Stored Power|p1a: Donphan\n|-damage|p1a: Donphan|22/288\n|move|p1a: Donphan|Earthquake|p2a: Deoxys\n|-supereffective|p2a: Deoxys\n|-damage|p2a: Deoxys|18/100\n|\n|-weather|SunnyDay|[upkeep]\n|-heal|p2a: Deoxys|24/100|[from] item: Leftovers\n|-heal|p1a: Donphan|40/288|[from] item: Leftovers\n|upkeep\n|turn|30\n|inactive|Time left: 300 sec this turn | 300 sec total\n|\n|t:|1783541731\n|move|p2a: Deoxys|Recover|p2a: Deoxys\n|-heal|p2a: Deoxys|74/100\n|move|p1a: Donphan|Earthquake|p2a: Deoxys\n|-supereffective|p2a: Deoxys\n|-damage|p2a: Deoxys|42/100\n|\n|-weather|none\n|-heal|p2a: Deoxys|48/100|[from] item: Leftovers\n|-heal|p1a: Donphan|58/288|[from] item: Leftovers\n|upkeep\n|turn|31\n|inactive|Time left: 300 sec this turn | 300 sec total\n|\n|t:|1783541732\n|move|p2a: Deoxys|Stored Power|p1a: Donphan\n|-damage|p1a: Donphan|0 fnt\n|faint|p1a: Donphan\n|\n|-heal|p2a: Deoxys|53/100|[from] item: Leftovers\n|upkeep\n|inactive|Time left: 300 sec this turn | 300 sec total | 5 sec grace\n|\n|t:|1783541733\n|switch|p1a: Annihilape|Annihilape, L76, M|292/292\n|turn|32\n|inactive|Time left: 300 sec this turn | 300 sec total\n|\n|t:|1783541733\n|move|p2a: Deoxys|Stored Power|p1a: Annihilape\n|-supereffective|p1a: Annihilape\n|-damage|p1a: Annihilape|116/292\n|move|p1a: Annihilape|Rage Fist|p2a: Deoxys\n|-crit|p2a: Deoxys\n|-damage|p2a: Deoxys|10/100\n|\n|-heal|p2a: Deoxys|15/100|[from] item: Leftovers\n|-heal|p1a: Annihilape|134/292|[from] item: Leftovers\n|upkeep\n|turn|33\n|inactive|Time left: 300 sec this turn | 300 sec total\n|\n|t:|1783541734\n|move|p2a: Deoxys|Stored Power|p1a: Annihilape\n|-supereffective|p1a: Annihilape\n|-damage|p1a: Annihilape|0 fnt\n|faint|p1a: Annihilape\n|\n|win|p0y22326f0", "uploadtime": 1783541734, "views": 0, "rating": 0, "private": 0, "password": null, "_winner": "p0y22326f0", "_our_name": "p0x223810b"}