{"id": "battle-gen9randombattle-1370", "formatid": "gen9randombattle", "format": "[Gen 9] Random Battle", "players": ["p0x1370b98f", "p0y1370676f"], "log": "|init|battle\n|title|p0x1370b98f vs. p0y1370676f\n|j|\u2606p0x1370b98f\n|j|\u2606p0y1370676f\n|t:|1783555907\n|gametype|singles\n|player|p1|p0x1370b98f|266|\n|player|p2|p0y1370676f|266|\n|gen|9\n|tier|[Gen 9] Random Battle\n|rule|Species Clause: Limit one of each Pok\u00e9mon\n|rule|HP Percentage Mod: HP is shown in percentages\n|rule|Sleep Clause Mod: Limit one foe put to sleep\n|rule|Illusion Level Mod: Illusion disguises the Pok\u00e9mon's true level\n|\n|t:|1783555907\n|teamsize|p1|6\n|teamsize|p2|6\n|start\n|switch|p1a: Iron Crown|Iron Crown, L78|268/268\n|switch|p2a: Shaymin|Shaymin, L82|100/100\n|turn|1\n|inactive|Battle timer is ON: inactive players will automatically lose when time's up. (requested by p0y1370676f)\n|inactive|Time left: 300 sec this turn | 300 sec total | 60 sec grace\n|inactive|p0x1370b98f also wants the timer to be on.\n|\n|t:|1783555909\n|move|p2a: Shaymin|Leech Seed|p1a: Iron Crown\n|-start|p1a: Iron Crown|move: Leech Seed\n|move|p1a: Iron Crown|Tachyon Cutter|p2a: Shaymin\n|-damage|p2a: Shaymin|72/100\n|-damage|p2a: Shaymin|45/100\n|-hitcount|p2a: Shaymin|2\n|\n|-heal|p2a: Shaymin|51/100|[from] item: Leftovers\n|-damage|p1a: Iron Crown|235/268|[from] Leech Seed|[of] p2a: Shaymin\n|-heal|p2a: Shaymin|62/100|[silent]\n|upkeep\n|turn|2\n|inactive|Time left: 300 sec this turn | 300 sec total\n|\n|t:|1783555910\n|-end|p1a: Iron Crown|Quark Drive|[silent]\n|switch|p1a: Blaziken|Blaziken, L76, M|247/247\n|move|p2a: Shaymin|Air Slash|p1a: Blaziken\n|-supereffective|p1a: Blaziken\n|-damage|p1a: Blaziken|115/247\n|\n|-heal|p2a: Shaymin|68/100|[from] item: Leftovers\n|upkeep\n|turn|3\n|inactive|Time left: 300 sec this turn | 300 sec total\n|\n|t:|1783555911\n|move|p1a: Blaziken|Protect|p1a: Blaziken\n|-singleturn|p1a: Blaziken|Protect\n|move|p2a: Shaymin|Air Slash|p1a: Blaziken\n|-activate|p1a: Blaziken|move: Protect\n|\n|-heal|p2a: Shaymin|74/100|[from] item: Leftovers\n|-ability|p1a: Blaziken|Speed Boost|boost\n|-boost|p1a: Blaziken|spe|1\n|upkeep\n|turn|4\n|inactive|Time left: 300 sec this turn | 300 sec total\n|\n|t:|1783555912\n|switch|p2a: Pecharunt|Pecharunt, L77|100/100\n|move|p1a: Blaziken|Flare Blitz|p2a: Pecharunt\n|-damage|p2a: Pecharunt|62/100\n|-damage|p1a: Blaziken|82/247|[from] Recoil\n|-damage|p1a: Blaziken|58/247|[from] item: Life Orb\n|\n|-heal|p2a: Pecharunt|68/100|[from] item: Leftovers\n|-ability|p1a: Blaziken|Speed Boost|boost\n|-boost|p1a: Blaziken|spe|1\n|upkeep\n|turn|5\n|inactive|Time left: 300 sec this turn | 300 sec total\n|\n|t:|1783555913\n|move|p1a: Blaziken|Protect|p1a: Blaziken\n|-singleturn|p1a: Blaziken|Protect\n|move|p2a: Pecharunt|Shadow Ball|p1a: Blaziken\n|-activate|p1a: Blaziken|move: Protect\n|\n|-heal|p2a: Pecharunt|74/100|[from] item: Leftovers\n|-ability|p1a: Blaziken|Speed Boost|boost\n|-boost|p1a: Blaziken|spe|1\n|upkeep\n|turn|6\n|inactive|Time left: 300 sec this turn | 300 sec total\n|\n|t:|1783555914\n|move|p1a: Blaziken|Protect||[still]\n|-fail|p1a: Blaziken\n|move|p2a: Pecharunt|Shadow Ball|p1a: Blaziken\n|-damage|p1a: Blaziken|0 fnt\n|faint|p1a: Blaziken\n|\n|-heal|p2a: Pecharunt|80/100|[from] item: Leftovers\n|upkeep\n|inactive|Time left: 300 sec this turn | 300 sec total | 5 sec grace\n|\n|t:|1783555915\n|switch|p1a: Typhlosion|Typhlosion, L84, M|267/267\n|turn|7\n|inactive|Time left: 300 sec this turn | 300 sec total\n|\n|t:|1783555916\n|switch|p2a: Hariyama|Hariyama, L87, F|100/100\n|move|p1a: Typhlosion|Eruption|p2a: Hariyama\n|-damage|p2a: Hariyama|72/100\n|\n|upkeep\n|turn|8\n|inactive|Time left: 300 sec this turn | 300 sec total\n|\n|t:|1783555918\n|move|p1a: Typhlosion|Eruption|p2a: Hariyama\n|-damage|p2a: Hariyama|42/100\n|move|p2a: Hariyama|Close Combat|p1a: Typhlosion\n|-damage|p1a: Typhlosion|90/267\n|-unboost|p2a: Hariyama|def|1\n|-unboost|p2a: Hariyama|spd|1\n|\n|upkeep\n|turn|9\n|inactive|Time left: 300 sec this turn | 300 sec total\n|\n|t:|1783555919\n|move|p1a: Typhlosion|Eruption|p2a: Hariyama\n|-damage|p2a: Hariyama|27/100\n|move|p2a: Hariyama|Knock Off|p1a: Typhlosion\n|-damage|p1a: Typhlosion|0 fnt\n|-enditem|p1a: Typhlosion|Choice Specs|[from] move: Knock Off|[of] p2a: Hariyama\n|faint|p1a: Typhlosion\n|\n|upkeep\n|inactive|Time left: 300 sec this turn | 300 sec total | 5 sec grace\n|\n|t:|1783555920\n|switch|p1a: Iron Crown|Iron Crown, L78|235/268\n|turn|10\n|inactive|Time left: 300 sec this turn | 300 sec total\n|\n|t:|1783555921\n|switch|p2a: Zapdos|Zapdos, L78|100/100\n|move|p1a: Iron Crown|Tachyon Cutter|p2a: Zapdos\n|-resisted|p2a: Zapdos\n|-damage|p2a: Zapdos|83/100\n|-resisted|p2a: Zapdos\n|-damage|p2a: Zapdos|67/100\n|-hitcount|p2a: Zapdos|2\n|\n|upkeep\n|turn|11\n|inactive|Time left: 300 sec this turn | 300 sec total\n|\n|t:|1783555922\n|move|p2a: Zapdos|Discharge|p1a: Iron Crown\n|-damage|p1a: Iron Crown|144/268\n|move|p1a: Iron Crown|Tachyon Cutter|p2a: Zapdos\n|-resisted|p2a: Zapdos\n|-damage|p2a: Zapdos|50/100\n|-resisted|p2a: Zapdos\n|-damage|p2a: Zapdos|33/100\n|-hitcount|p2a: Zapdos|2\n|\n|upkeep\n|turn|12\n|inactive|Time left: 300 sec this turn | 300 sec total\n|\n|t:|1783555923\n|move|p2a: Zapdos|Roost|p2a: Zapdos\n|-heal|p2a: Zapdos|83/100\n|-singleturn|p2a: Zapdos|move: Roost\n|move|p1a: Iron Crown|Tachyon Cutter|p2a: Zapdos\n|-resisted|p2a: Zapdos\n|-damage|p2a: Zapdos|68/100\n|-resisted|p2a: Zapdos\n|-damage|p2a: Zapdos|52/100\n|-hitcount|p2a: Zapdos|2\n|\n|upkeep\n|turn|13\n|inactive|Time left: 300 sec this turn | 300 sec total\n|\n|t:|1783555924\n|move|p2a: Zapdos|Discharge|p1a: Iron Crown\n|-damage|p1a: Iron Crown|68/268\n|move|p1a: Iron Crown|Tachyon Cutter|p2a: Zapdos\n|-resisted|p2a: Zapdos\n|-damage|p2a: Zapdos|37/100\n|-resisted|p2a: Zapdos\n|-damage|p2a: Zapdos|21/100\n|-hitcount|p2a: Zapdos|2\n|\n|upkeep\n|turn|14\n|inactive|Time left: 300 sec this turn | 300 sec total\n|\n|t:|1783555925\n|move|p2a: Zapdos|Discharge|p1a: Iron Crown\n|-damage|p1a: Iron Crown|0 fnt\n|faint|p1a: Iron Crown\n|-end|p1a: Iron Crown|Quark Drive|[silent]\n|\n|upkeep\n|inactive|Time left: 300 sec this turn | 300 sec total | 5 sec grace\n|\n|t:|1783555926\n|switch|p1a: Vigoroth|Vigoroth, L85, M|275/275\n|turn|15\n|inactive|Time left: 300 sec this turn | 300 sec total\n|\n|t:|1783555927\n|switch|p2a: Pecharunt|Pecharunt, L77|80/100\n|move|p1a: Vigoroth|Bulk Up|p1a: Vigoroth\n|-boost|p1a: Vigoroth|atk|1\n|-boost|p1a: Vigoroth|def|1\n|\n|-heal|p2a: Pecharunt|86/100|[from] item: Leftovers\n|upkeep\n|turn|16\n|inactive|Time left: 300 sec this turn | 300 sec total\n|\n|t:|1783555928\n|move|p1a: Vigoroth|Bulk Up|p1a: Vigoroth\n|-boost|p1a: Vigoroth|atk|1\n|-boost|p1a: Vigoroth|def|1\n|move|p2a: Pecharunt|Malignant Chain|p1a: Vigoroth\n|-damage|p1a: Vigoroth|203/275\n|\n|-heal|p2a: Pecharunt|92/100|[from] item: Leftovers\n|upkeep\n|turn|17\n|inactive|Time left: 300 sec this turn | 300 sec total\n|\n|t:|1783555929\n|move|p1a: Vigoroth|Earthquake|p2a: Pecharunt\n|-supereffective|p2a: Pecharunt\n|-damage|p2a: Pecharunt|21/100\n|move|p2a: Pecharunt|Malignant Chain|p1a: Vigoroth\n|-crit|p1a: Vigoroth\n|-damage|p1a: Vigoroth|86/275\n|\n|-heal|p2a: Pecharunt|28/100|[from] item: Leftovers\n|upkeep\n|turn|18\n|inactive|Time left: 300 sec this turn | 300 sec total\n|\n|t:|1783555930\n|switch|p2a: Shaymin|Shaymin, L82|74/100\n|move|p1a: Vigoroth|Earthquake|p2a: Shaymin\n|-resisted|p2a: Shaymin\n|-damage|p2a: Shaymin|55/100\n|\n|-heal|p2a: Shaymin|61/100|[from] item: Leftovers\n|upkeep\n|turn|19\n|inactive|Time left: 300 sec this turn | 300 sec total\n|\n|t:|1783555931\n|move|p2a: Shaymin|Seed Flare|p1a: Vigoroth|[miss]\n|-miss|p2a: Shaymin|p1a: Vigoroth\n|move|p1a: Vigoroth|Body Slam|p2a: Shaymin\n|-damage|p2a: Shaymin|10/100\n|\n|-heal|p2a: Shaymin|16/100|[from] item: Leftovers\n|upkeep\n|turn|20\n|inactive|Time left: 300 sec this turn | 300 sec total\n|\n|t:|1783555932\n|move|p2a: Shaymin|Seed Flare|p1a: Vigoroth\n|-damage|p1a: Vigoroth|0 fnt\n|faint|p1a: Vigoroth\n|\n|-heal|p2a: Shaymin|22/100|[from] item: Leftovers\n|upkeep\n|inactive|Time left: 300 sec this turn | 300 sec total | 5 sec grace\n|\n|t:|1783555934\n|switch|p1a: Calyrex|Calyrex-Ice, L72|263/263\n|-ability|p1a: Calyrex|As One\n|-ability|p1a: Calyrex|Unnerve\n|turn|21\n|inactive|Time left: 300 sec this turn | 300 sec total\n|\n|t:|1783555935\n|move|p2a: Shaymin|Seed Flare|p1a: Calyrex|[miss]\n|-miss|p2a: Shaymin|p1a: Calyrex\n|move|p1a: Calyrex|Glacial Lance|p2a: Shaymin\n|-supereffective|p2a: Shaymin\n|-damage|p2a: Shaymin|0 fnt\n|faint|p2a: Shaymin\n|-ability|p1a: Calyrex|Chilling Neigh|boost\n|-boost|p1a: Calyrex|atk|1\n|\n|upkeep\n|\n|t:|1783555936\n|switch|p2a: Urshifu|Urshifu, L74, M|100/100\n|turn|22\n|inactive|Time left: 300 sec this turn | 300 sec total\n|\n|t:|1783555937\n|-terastallize|p2a: Urshifu|Dark\n|-terastallize|p1a: Calyrex|Ground\n|move|p2a: Urshifu|Wicked Blow|p1a: Calyrex\n|-crit|p1a: Calyrex\n|-damage|p1a: Calyrex|94/263\n|-damage|p2a: Urshifu|90/100|[from] item: Life Orb\n|move|p1a: Calyrex|Close Combat|p2a: Urshifu\n|-supereffective|p2a: Urshifu\n|-damage|p2a: Urshifu|0 fnt\n|-unboost|p1a: Calyrex|def|1\n|-unboost|p1a: Calyrex|spd|1\n|faint|p2a: Urshifu\n|-ability|p1a: Calyrex|Chilling Neigh|boost\n|-boost|p1a: Calyrex|atk|1\n|\n|upkeep\n|\n|t:|1783555938\n|switch|p2a: Hariyama|Hariyama, L87, F|27/100\n|turn|23\n|inactive|Time left: 300 sec this turn | 300 sec total\n|\n|t:|1783555939\n|move|p2a: Hariyama|Close Combat|p1a: Calyrex\n|-damage|p1a: Calyrex|0 fnt\n|-unboost|p2a: Hariyama|def|1\n|-unboost|p2a: Hariyama|spd|1\n|faint|p1a: Calyrex\n|\n|upkeep\n|inactive|Time left: 300 sec this turn | 300 sec total | 5 sec grace\n|\n|t:|1783555940\n|switch|p1a: Urshifu|Urshifu-Rapid-Strike, L75, M|274/274\n|turn|24\n|inactive|Time left: 300 sec this turn | 300 sec total\n|\n|t:|1783555941\n|move|p1a: Urshifu|Surging Strikes|p2a: Hariyama\n|-crit|p2a: Hariyama\n|-damage|p2a: Hariyama|0 fnt\n|faint|p2a: Hariyama\n|-hitcount|p2: Hariyama|1\n|\n|upkeep\n|\n|t:|1783555942\n|switch|p2a: Zapdos|Zapdos, L78|21/100\n|turn|25\n|inactive|Time left: 300 sec this turn | 300 sec total\n|\n|t:|1783555943\n|move|p2a: Zapdos|Discharge|p1a: Urshifu\n|-supereffective|p1a: Urshifu\n|-damage|p1a: Urshifu|0 fnt\n|faint|p1a: Urshifu\n|\n|win|p0y1370676f", "uploadtime": 1783555943, "views": 0, "rating": 0, "private": 0, "password": null, "_winner": "p0y1370676f", "_our_name": "p0x1370b98f"}