{"id": "battle-gen9randombattle-1365", "formatid": "gen9randombattle", "format": "[Gen 9] Random Battle", "players": ["p0x1365c845", "p0y1365cb33"], "log": "|init|battle\n|title|p0x1365c845 vs. p0y1365cb33\n|j|\u2606p0x1365c845\n|j|\u2606p0y1365cb33\n|t:|1783554980\n|gametype|singles\n|player|p1|p0x1365c845|2|\n|player|p2|p0y1365cb33|102|\n|gen|9\n|tier|[Gen 9] Random Battle\n|rule|Species Clause: Limit one of each Pok\u00e9mon\n|rule|HP Percentage Mod: HP is shown in percentages\n|rule|Sleep Clause Mod: Limit one foe put to sleep\n|rule|Illusion Level Mod: Illusion disguises the Pok\u00e9mon's true level\n|\n|t:|1783554980\n|teamsize|p1|6\n|teamsize|p2|6\n|start\n|switch|p1a: Qwilfish|Qwilfish, L86, M|100/100\n|switch|p2a: Rampardos|Rampardos, L90, M|321/321\n|-ability|p1a: Qwilfish|Intimidate|boost\n|-unboost|p2a: Rampardos|atk|1\n|turn|1\n|inactive|Battle timer is ON: inactive players will automatically lose when time's up. (requested by p0x1365c845)\n|inactive|Time left: 300 sec this turn | 300 sec total | 60 sec grace\n|inactive|p0y1365cb33 also wants the timer to be on.\n|\n|t:|1783554982\n|move|p1a: Qwilfish|Flip Turn|p2a: Rampardos\n|-supereffective|p2a: Rampardos\n|-damage|p2a: Rampardos|151/321\n|\n|t:|1783554983\n|switch|p1a: Farigiraf|Farigiraf, L90, F|100/100|[from] Flip Turn\n|move|p2a: Rampardos|Rock Slide|p1a: Farigiraf\n|-damage|p1a: Farigiraf|55/100\n|\n|-heal|p1a: Farigiraf|61/100|[from] item: Leftovers\n|upkeep\n|turn|2\n|inactive|Time left: 300 sec this turn | 300 sec total\n|\n|t:|1783554984\n|switch|p2a: Magcargo|Magcargo, L95, F|268/268\n|move|p1a: Farigiraf|Psychic Noise|p2a: Magcargo\n|-damage|p2a: Magcargo|168/268\n|-start|p2a: Magcargo|move: Heal Block\n|\n|-heal|p1a: Farigiraf|67/100|[from] item: Leftovers\n|upkeep\n|turn|3\n|inactive|Time left: 300 sec this turn | 300 sec total\n|\n|t:|1783554985\n|move|p1a: Farigiraf|Psychic Noise|p2a: Magcargo\n|-damage|p2a: Magcargo|80/268\n|move|p2a: Magcargo|Shell Smash|p2a: Magcargo\n|-unboost|p2a: Magcargo|def|1\n|-unboost|p2a: Magcargo|spd|1\n|-boost|p2a: Magcargo|atk|2\n|-boost|p2a: Magcargo|spa|2\n|-boost|p2a: Magcargo|spe|2\n|\n|-heal|p1a: Farigiraf|73/100|[from] item: Leftovers\n|-end|p2a: Magcargo|move: Heal Block\n|upkeep\n|turn|4\n|inactive|Time left: 300 sec this turn | 300 sec total\n|\n|t:|1783554986\n|move|p2a: Magcargo|Fire Blast|p1a: Farigiraf\n|-damage|p1a: Farigiraf|0 fnt\n|faint|p1a: Farigiraf\n|\n|upkeep\n|\n|t:|1783554987\n|switch|p1a: Clawitzer|Clawitzer, L87, F|100/100\n|turn|5\n|inactive|Time left: 300 sec this turn | 300 sec total\n|\n|t:|1783554988\n|move|p2a: Magcargo|Fire Blast|p1a: Clawitzer\n|-resisted|p1a: Clawitzer\n|-damage|p1a: Clawitzer|52/100\n|-status|p1a: Clawitzer|brn\n|move|p1a: Clawitzer|Water Pulse|p2a: Magcargo\n|-supereffective|p2a: Magcargo\n|-damage|p2a: Magcargo|0 fnt\n|faint|p2a: Magcargo\n|\n|-damage|p1a: Clawitzer|46/100 brn|[from] brn\n|upkeep\n|inactive|Time left: 300 sec this turn | 300 sec total | 5 sec grace\n|\n|t:|1783554989\n|switch|p2a: Rampardos|Rampardos, L90, M|151/321\n|turn|6\n|inactive|Time left: 300 sec this turn | 300 sec total\n|\n|t:|1783554990\n|move|p2a: Rampardos|Earthquake|p1a: Clawitzer\n|-damage|p1a: Clawitzer|0 fnt\n|faint|p1a: Clawitzer\n|-damage|p2a: Rampardos|119/321|[from] item: Life Orb\n|\n|upkeep\n|\n|t:|1783554991\n|switch|p1a: Regidrago|Regidrago, L77|100/100\n|turn|7\n|inactive|Time left: 300 sec this turn | 300 sec total\n|\n|t:|1783554992\n|switch|p2a: Politoed|Politoed, L88, M|302/302\n|-weather|RainDance|[from] ability: Drizzle|[of] p2a: Politoed\n|move|p1a: Regidrago|Outrage|p2a: Politoed\n|-damage|p2a: Politoed|125/302\n|\n|-weather|RainDance|[upkeep]\n|upkeep\n|turn|8\n|inactive|Time left: 300 sec this turn | 300 sec total\n|\n|t:|1783554993\n|move|p2a: Politoed|Ice Beam|p1a: Regidrago\n|-supereffective|p1a: Regidrago\n|-damage|p1a: Regidrago|32/100\n|move|p1a: Regidrago|Outrage|p2a: Politoed|[from] lockedmove\n|-damage|p2a: Politoed|0 fnt\n|faint|p2a: Politoed\n|-start|p1a: Regidrago|confusion|[fatigue]\n|-enditem|p1a: Regidrago|Lum Berry|[eat]\n|-end|p1a: Regidrago|confusion\n|\n|-weather|RainDance|[upkeep]\n|upkeep\n|inactive|Time left: 300 sec this turn | 300 sec total | 5 sec grace\n|\n|t:|1783554994\n|switch|p2a: Indeedee|Indeedee, L84, M|238/238\n|-fieldstart|move: Psychic Terrain|[from] ability: Psychic Surge|[of] p2a: Indeedee\n|turn|9\n|inactive|Time left: 300 sec this turn | 300 sec total\n|\n|t:|1783554995\n|move|p2a: Indeedee|Expanding Force|p1a: Regidrago\n|-damage|p1a: Regidrago|0 fnt\n|faint|p1a: Regidrago\n|\n|-weather|RainDance|[upkeep]\n|upkeep\n|\n|t:|1783554995\n|switch|p1a: Roaring Moon|Roaring Moon, L72|100/100\n|-enditem|p1a: Roaring Moon|Booster Energy\n|-activate|p1a: Roaring Moon|ability: Protosynthesis|[fromitem]\n|-start|p1a: Roaring Moon|protosynthesisatk\n|turn|10\n|inactive|Time left: 300 sec this turn | 300 sec total\n|\n|t:|1783554996\n|switch|p2a: Barraskewda|Barraskewda, L81, M|231/231\n|move|p1a: Roaring Moon|Outrage|p2a: Barraskewda\n|-damage|p2a: Barraskewda|23/231\n|\n|-weather|RainDance|[upkeep]\n|upkeep\n|turn|11\n|inactive|Time left: 300 sec this turn | 300 sec total\n|\n|t:|1783554997\n|move|p2a: Barraskewda|Close Combat|p1a: Roaring Moon\n|-supereffective|p1a: Roaring Moon\n|-damage|p1a: Roaring Moon|0 fnt\n|-unboost|p2a: Barraskewda|def|1\n|-unboost|p2a: Barraskewda|spd|1\n|faint|p1a: Roaring Moon\n|-end|p1a: Roaring Moon|Protosynthesis|[silent]\n|\n|-weather|none\n|upkeep\n|\n|t:|1783554998\n|switch|p1a: Qwilfish|Qwilfish, L86, M|100/100\n|-ability|p1a: Qwilfish|Intimidate|boost\n|-unboost|p2a: Barraskewda|atk|1\n|turn|12\n|inactive|Time left: 300 sec this turn | 300 sec total\n|\n|t:|1783554999\n|move|p2a: Barraskewda|Close Combat|p1a: Qwilfish\n|-resisted|p1a: Qwilfish\n|-damage|p1a: Qwilfish|82/100\n|-unboost|p2a: Barraskewda|def|1\n|-unboost|p2a: Barraskewda|spd|1\n|move|p1a: Qwilfish|Flip Turn|p2a: Barraskewda\n|-resisted|p2a: Barraskewda\n|-damage|p2a: Barraskewda|0 fnt\n|faint|p2a: Barraskewda\n|\n|t:|1783555000\n|switch|p1a: Registeel|Registeel, L81|100/100|[from] Flip Turn\n|\n|upkeep\n|inactive|Time left: 300 sec this turn | 300 sec total | 10 sec grace\n|\n|t:|1783555001\n|switch|p2a: Rampardos|Rampardos, L90, M|119/321\n|turn|13\n|inactive|Time left: 300 sec this turn | 300 sec total\n|\n|t:|1783555002\n|move|p2a: Rampardos|Earthquake|p1a: Registeel\n|-supereffective|p1a: Registeel\n|-damage|p1a: Registeel|13/100\n|-damage|p2a: Rampardos|87/321|[from] item: Life Orb\n|move|p1a: Registeel|Body Press|p2a: Rampardos\n|-supereffective|p2a: Rampardos\n|-damage|p2a: Rampardos|0 fnt\n|faint|p2a: Rampardos\n|\n|-fieldend|move: Psychic Terrain\n|upkeep\n|inactive|Time left: 300 sec this turn | 300 sec total | 5 sec grace\n|\n|t:|1783555003\n|switch|p2a: Indeedee|Indeedee, L84, M|238/238\n|-fieldstart|move: Psychic Terrain|[from] ability: Psychic Surge|[of] p2a: Indeedee\n|turn|14\n|inactive|Time left: 300 sec this turn | 300 sec total\n|\n|t:|1783555005\n|move|p2a: Indeedee|Expanding Force|p1a: Registeel\n|-resisted|p1a: Registeel\n|-damage|p1a: Registeel|0 fnt\n|faint|p1a: Registeel\n|\n|upkeep\n|\n|t:|1783555006\n|switch|p1a: Qwilfish|Qwilfish, L86, M|82/100\n|-ability|p1a: Qwilfish|Intimidate|boost\n|-unboost|p2a: Indeedee|atk|1\n|turn|15\n|inactive|Time left: 300 sec this turn | 300 sec total\n|\n|t:|1783555007\n|-terastallize|p1a: Qwilfish|Dark\n|move|p2a: Indeedee|Expanding Force|p1a: Qwilfish\n|-immune|p1a: Qwilfish\n|move|p1a: Qwilfish|Thunder Wave|p2a: Indeedee\n|-status|p2a: Indeedee|par\n|\n|upkeep\n|turn|16\n|inactive|Time left: 300 sec this turn | 300 sec total\n|\n|t:|1783555008\n|switch|p2a: Regigigas|Regigigas, L84|322/322\n|-start|p2a: Regigigas|ability: Slow Start\n|move|p1a: Qwilfish|Thunder Wave|p2a: Regigigas|[miss]\n|-miss|p1a: Qwilfish|p2a: Regigigas\n|\n|upkeep\n|turn|17\n|inactive|Time left: 300 sec this turn | 300 sec total\n|\n|t:|1783555009\n|move|p1a: Qwilfish|Pain Split|p2a: Regigigas\n|-sethp|p2a: Regigigas|264/322|[from] move: Pain Split|[silent]\n|-sethp|p1a: Qwilfish|100/100|[from] move: Pain Split\n|move|p2a: Regigigas|Body Slam|p1a: Qwilfish\n|-damage|p1a: Qwilfish|75/100\n|\n|-heal|p2a: Regigigas|284/322|[from] item: Leftovers\n|upkeep\n|turn|18\n|inactive|Time left: 300 sec this turn | 300 sec total\n|\n|t:|1783555010\n|move|p1a: Qwilfish|Pain Split|p2a: Regigigas\n|-sethp|p2a: Regigigas|236/322|[from] move: Pain Split|[silent]\n|-sethp|p1a: Qwilfish|94/100|[from] move: Pain Split\n|move|p2a: Regigigas|Body Slam|p1a: Qwilfish\n|-damage|p1a: Qwilfish|69/100\n|-status|p1a: Qwilfish|par\n|\n|-heal|p2a: Regigigas|256/322|[from] item: Leftovers\n|-fieldend|move: Psychic Terrain\n|upkeep\n|turn|19\n|inactive|Time left: 300 sec this turn | 300 sec total\n|\n|t:|1783555011\n|move|p2a: Regigigas|Body Slam|p1a: Qwilfish\n|-damage|p1a: Qwilfish|41/100 par\n|cant|p1a: Qwilfish|par\n|\n|-heal|p2a: Regigigas|276/322|[from] item: Leftovers\n|upkeep\n|turn|20\n|inactive|Time left: 300 sec this turn | 300 sec total\n|\n|t:|1783555012\n|-terastallize|p2a: Regigigas|Ghost\n|move|p2a: Regigigas|Body Slam|p1a: Qwilfish\n|-damage|p1a: Qwilfish|14/100 par\n|cant|p1a: Qwilfish|par\n|\n|-heal|p2a: Regigigas|296/322|[from] item: Leftovers\n|upkeep\n|turn|21\n|inactive|Time left: 300 sec this turn | 300 sec total\n|\n|t:|1783555013\n|move|p2a: Regigigas|Body Slam|p1a: Qwilfish\n|-damage|p1a: Qwilfish|0 fnt\n|faint|p1a: Qwilfish\n|\n|win|p0y1365cb33", "uploadtime": 1783555013, "views": 0, "rating": 0, "private": 0, "password": null, "_winner": "p0y1365cb33", "_our_name": "p0y1365cb33"}