{"id": "battle-gen9randombattle-597", "formatid": "gen9randombattle", "format": "[Gen 9] Random Battle", "players": ["p0x597905f", "p0y597e659"], "log": "|init|battle\n|title|p0x597905f vs. p0y597e659\n|j|\u2606p0x597905f\n|j|\u2606p0y597e659\n|t:|1783546011\n|gametype|singles\n|player|p1|p0x597905f|102|\n|player|p2|p0y597e659|266|\n|gen|9\n|tier|[Gen 9] Random Battle\n|rule|Species Clause: Limit one of each Pok\u00e9mon\n|rule|HP Percentage Mod: HP is shown in percentages\n|rule|Sleep Clause Mod: Limit one foe put to sleep\n|rule|Illusion Level Mod: Illusion disguises the Pok\u00e9mon's true level\n|\n|t:|1783546011\n|teamsize|p1|6\n|teamsize|p2|6\n|start\n|switch|p1a: Reshiram|Reshiram, L76|277/277\n|switch|p2a: Cinccino|Cinccino, L83, F|100/100\n|-ability|p1a: Reshiram|Turboblaze\n|turn|1\n|inactive|Battle timer is ON: inactive players will automatically lose when time's up. (requested by p0y597e659)\n|inactive|Time left: 300 sec this turn | 300 sec total | 60 sec grace\n|inactive|p0x597905f also wants the timer to be on.\n|\n|t:|1783546012\n|move|p2a: Cinccino|Tail Slap|p1a: Reshiram\n|-damage|p1a: Reshiram|237/277\n|-damage|p1a: Reshiram|195/277\n|-damage|p1a: Reshiram|153/277\n|-damage|p1a: Reshiram|111/277\n|-hitcount|p1a: Reshiram|4\n|move|p1a: Reshiram|Blue Flare|p2a: Cinccino\n|-damage|p2a: Cinccino|11/100\n|-status|p2a: Cinccino|brn\n|\n|-damage|p2a: Cinccino|5/100 brn|[from] brn\n|upkeep\n|turn|2\n|inactive|Time left: 300 sec this turn | 300 sec total\n|\n|t:|1783546014\n|move|p2a: Cinccino|Triple Axel|p1a: Reshiram\n|-damage|p1a: Reshiram|100/277\n|-damage|p1a: Reshiram|79/277\n|-damage|p1a: Reshiram|47/277\n|-hitcount|p1a: Reshiram|3\n|move|p1a: Reshiram|Blue Flare|p2a: Cinccino\n|-damage|p2a: Cinccino|0 fnt\n|faint|p2a: Cinccino\n|\n|upkeep\n|\n|t:|1783546015\n|switch|p2a: Hitmonchan|Hitmonchan, L87, M|100/100\n|turn|3\n|inactive|Time left: 300 sec this turn | 300 sec total\n|\n|t:|1783546016\n|move|p2a: Hitmonchan|Drain Punch|p1a: Reshiram\n|-damage|p1a: Reshiram|0 fnt\n|faint|p1a: Reshiram\n|-damage|p2a: Hitmonchan|91/100|[from] item: Life Orb\n|\n|upkeep\n|inactive|Time left: 300 sec this turn | 300 sec total | 5 sec grace\n|\n|t:|1783546017\n|switch|p1a: Fezandipiti|Fezandipiti, L82, M|278/278\n|turn|4\n|inactive|Time left: 300 sec this turn | 300 sec total\n|\n|t:|1783546018\n|move|p1a: Fezandipiti|Moonblast|p2a: Hitmonchan\n|-supereffective|p2a: Hitmonchan\n|-damage|p2a: Hitmonchan|41/100\n|-unboost|p2a: Hitmonchan|spa|1\n|move|p2a: Hitmonchan|Swords Dance|p2a: Hitmonchan\n|-boost|p2a: Hitmonchan|atk|2\n|\n|upkeep\n|turn|5\n|inactive|Time left: 300 sec this turn | 300 sec total\n|\n|t:|1783546020\n|switch|p2a: Forretress|Forretress, L84, M|100/100\n|move|p1a: Fezandipiti|Moonblast|p2a: Forretress\n|-resisted|p2a: Forretress\n|-damage|p2a: Forretress|80/100\n|-unboost|p2a: Forretress|spa|1\n|\n|-heal|p2a: Forretress|86/100|[from] item: Leftovers\n|upkeep\n|turn|6\n|inactive|Time left: 300 sec this turn | 300 sec total\n|\n|t:|1783546021\n|move|p1a: Fezandipiti|Moonblast|p2a: Forretress\n|-resisted|p2a: Forretress\n|-damage|p2a: Forretress|67/100\n|move|p2a: Forretress|Stealth Rock|p1a: Fezandipiti\n|-sidestart|p1: p0x597905f|move: Stealth Rock\n|\n|-heal|p2a: Forretress|73/100|[from] item: Leftovers\n|upkeep\n|turn|7\n|inactive|Time left: 300 sec this turn | 300 sec total\n|\n|t:|1783546022\n|move|p1a: Fezandipiti|Moonblast|p2a: Forretress\n|-resisted|p2a: Forretress\n|-damage|p2a: Forretress|54/100\n|-unboost|p2a: Forretress|spa|1\n|move|p2a: Forretress|Iron Head|p1a: Fezandipiti\n|-supereffective|p1a: Fezandipiti\n|-damage|p1a: Fezandipiti|116/278\n|\n|-heal|p1a: Fezandipiti|133/278|[from] item: Leftovers\n|-heal|p2a: Forretress|60/100|[from] item: Leftovers\n|upkeep\n|turn|8\n|inactive|Time left: 300 sec this turn | 300 sec total\n|\n|t:|1783546024\n|move|p1a: Fezandipiti|Roost|p1a: Fezandipiti\n|-heal|p1a: Fezandipiti|272/278\n|-singleturn|p1a: Fezandipiti|move: Roost\n|move|p2a: Forretress|Iron Head|p1a: Fezandipiti\n|-supereffective|p1a: Fezandipiti\n|-damage|p1a: Fezandipiti|90/278\n|\n|-heal|p1a: Fezandipiti|107/278|[from] item: Leftovers\n|-heal|p2a: Forretress|66/100|[from] item: Leftovers\n|upkeep\n|turn|9\n|inactive|Time left: 300 sec this turn | 300 sec total\n|\n|t:|1783546025\n|move|p1a: Fezandipiti|Roost|p1a: Fezandipiti\n|-heal|p1a: Fezandipiti|246/278\n|-singleturn|p1a: Fezandipiti|move: Roost\n|move|p2a: Forretress|Iron Head|p1a: Fezandipiti\n|-supereffective|p1a: Fezandipiti\n|-damage|p1a: Fezandipiti|78/278\n|\n|-heal|p1a: Fezandipiti|95/278|[from] item: Leftovers\n|-heal|p2a: Forretress|72/100|[from] item: Leftovers\n|upkeep\n|turn|10\n|inactive|Time left: 300 sec this turn | 300 sec total\n|\n|t:|1783546026\n|switch|p2a: Blaziken|Blaziken, L76, M|100/100\n|move|p1a: Fezandipiti|Roost|p1a: Fezandipiti\n|-heal|p1a: Fezandipiti|234/278\n|-singleturn|p1a: Fezandipiti|move: Roost\n|\n|-heal|p1a: Fezandipiti|251/278|[from] item: Leftovers\n|upkeep\n|turn|11\n|inactive|Time left: 300 sec this turn | 300 sec total\n|\n|t:|1783546027\n|move|p1a: Fezandipiti|Gunk Shot|p2a: Blaziken\n|-damage|p2a: Blaziken|35/100\n|-status|p2a: Blaziken|tox|[from] ability: Toxic Chain|[of] p1a: Fezandipiti\n|move|p2a: Blaziken|Swords Dance|p2a: Blaziken\n|-boost|p2a: Blaziken|atk|2\n|\n|-heal|p1a: Fezandipiti|268/278|[from] item: Leftovers\n|-damage|p2a: Blaziken|29/100 tox|[from] psn\n|-ability|p2a: Blaziken|Speed Boost|boost\n|-boost|p2a: Blaziken|spe|1\n|upkeep\n|turn|12\n|inactive|Time left: 300 sec this turn | 300 sec total\n|\n|t:|1783546028\n|move|p2a: Blaziken|Flare Blitz|p1a: Fezandipiti\n|-damage|p1a: Fezandipiti|0 fnt\n|faint|p1a: Fezandipiti\n|-damage|p2a: Blaziken|0 fnt|[from] Recoil\n|faint|p2a: Blaziken\n|\n|upkeep\n|inactive|Time left: 300 sec this turn | 300 sec total | 5 sec grace\n|\n|t:|1783546029\n|switch|p1a: Barraskewda|Barraskewda, L81, F|231/231\n|switch|p2a: Arboliva|Arboliva, L91, M|100/100\n|-damage|p1a: Barraskewda|203/231|[from] Stealth Rock\n|turn|13\n|inactive|Time left: 300 sec this turn | 300 sec total\n|\n|t:|1783546031\n|move|p1a: Barraskewda|Close Combat|p2a: Arboliva\n|-supereffective|p2a: Arboliva\n|-damage|p2a: Arboliva|14/100\n|-unboost|p1a: Barraskewda|def|1\n|-unboost|p1a: Barraskewda|spd|1\n|-enditem|p2a: Arboliva|Sitrus Berry|[eat]\n|-heal|p2a: Arboliva|39/100|[from] item: Sitrus Berry\n|move|p2a: Arboliva|Hyper Voice|p1a: Barraskewda\n|-damage|p1a: Barraskewda|0 fnt\n|faint|p1a: Barraskewda\n|\n|-item|p2a: Arboliva|Sitrus Berry|[from] ability: Harvest\n|upkeep\n|-enditem|p2a: Arboliva|Sitrus Berry|[eat]\n|-heal|p2a: Arboliva|64/100|[from] item: Sitrus Berry\n|inactive|Time left: 300 sec this turn | 300 sec total | 5 sec grace\n|\n|t:|1783546032\n|switch|p1a: Koraidon|Koraidon, L64|235/235\n|-damage|p1a: Koraidon|221/235|[from] Stealth Rock\n|-weather|SunnyDay|[from] ability: Orichalcum Pulse|[of] p1a: Koraidon\n|-activate|p1a: Koraidon|Orichalcum Pulse|[source]\n|turn|14\n|inactive|Time left: 300 sec this turn | 300 sec total\n|\n|t:|1783546033\n|move|p2a: Arboliva|Protect|p2a: Arboliva\n|-singleturn|p2a: Arboliva|Protect\n|move|p1a: Koraidon|Swords Dance|p1a: Koraidon\n|-boost|p1a: Koraidon|atk|2\n|\n|-weather|SunnyDay|[upkeep]\n|-item|p2a: Arboliva|Sitrus Berry|[from] ability: Harvest\n|upkeep\n|turn|15\n|inactive|Time left: 300 sec this turn | 300 sec total\n|\n|t:|1783546034\n|move|p2a: Arboliva|Protect||[still]\n|-fail|p2a: Arboliva\n|move|p1a: Koraidon|Scale Shot|p2a: Arboliva\n|-damage|p2a: Arboliva|45/100\n|-enditem|p2a: Arboliva|Sitrus Berry|[eat]\n|-heal|p2a: Arboliva|70/100|[from] item: Sitrus Berry\n|-damage|p2a: Arboliva|52/100\n|-crit|p2a: Arboliva\n|-damage|p2a: Arboliva|28/100\n|-damage|p2a: Arboliva|9/100\n|-damage|p2a: Arboliva|0 fnt\n|faint|p2a: Arboliva\n|-hitcount|p2: Arboliva|5\n|-unboost|p1a: Koraidon|def|1\n|-boost|p1a: Koraidon|spe|1\n|\n|-weather|SunnyDay|[upkeep]\n|upkeep\n|\n|t:|1783546034\n|switch|p2a: Forretress|Forretress, L84, M|72/100\n|turn|16\n|inactive|Time left: 300 sec this turn | 300 sec total\n|\n|t:|1783546035\n|-terastallize|p2a: Forretress|Water\n|move|p1a: Koraidon|Flare Blitz|p2a: Forretress\n|-resisted|p2a: Forretress\n|-damage|p2a: Forretress|36/100\n|-damage|p1a: Koraidon|189/235|[from] Recoil\n|move|p2a: Forretress|Iron Head|p1a: Koraidon\n|-damage|p1a: Koraidon|65/235\n|\n|-weather|SunnyDay|[upkeep]\n|-heal|p2a: Forretress|42/100|[from] item: Leftovers\n|upkeep\n|turn|17\n|inactive|Time left: 300 sec this turn | 300 sec total\n|\n|t:|1783546036\n|move|p1a: Koraidon|Collision Course|p2a: Forretress\n|-damage|p2a: Forretress|0 fnt\n|faint|p2a: Forretress\n|\n|-weather|SunnyDay|[upkeep]\n|upkeep\n|\n|t:|1783546037\n|switch|p2a: Hitmonchan|Hitmonchan, L87, M|41/100\n|turn|18\n|inactive|Time left: 300 sec this turn | 300 sec total\n|\n|t:|1783546038\n|move|p1a: Koraidon|Collision Course|p2a: Hitmonchan\n|-damage|p2a: Hitmonchan|0 fnt\n|faint|p2a: Hitmonchan\n|\n|-weather|none\n|upkeep\n|\n|t:|1783546039\n|switch|p2a: Cramorant|Cramorant, L86, M|100/100\n|turn|19\n|inactive|Time left: 300 sec this turn | 300 sec total\n|\n|t:|1783546040\n|move|p1a: Koraidon|Scale Shot|p2a: Cramorant\n|-damage|p2a: Cramorant|80/100\n|-damage|p2a: Cramorant|59/100\n|-damage|p2a: Cramorant|39/100\n|-damage|p2a: Cramorant|18/100\n|-damage|p2a: Cramorant|0 fnt\n|faint|p2a: Cramorant\n|-hitcount|p2: Cramorant|5\n|\n|win|p0x597905f", "uploadtime": 1783546040, "views": 0, "rating": 0, "private": 0, "password": null, "_winner": "p0x597905f", "_our_name": "p0x597905f"}