{"id": "battle-gen9randombattle-1775", "formatid": "gen9randombattle", "format": "[Gen 9] Random Battle", "players": ["p0x1775e663", "p0y1775bbfe"], "log": "|init|battle\n|title|p0x1775e663 vs. p0y1775bbfe\n|j|\u2606p0x1775e663\n|j|\u2606p0y1775bbfe\n|t:|1783560562\n|gametype|singles\n|player|p1|p0x1775e663|102|\n|player|p2|p0y1775bbfe|102|\n|gen|9\n|tier|[Gen 9] Random Battle\n|rule|Species Clause: Limit one of each Pok\u00e9mon\n|rule|HP Percentage Mod: HP is shown in percentages\n|rule|Sleep Clause Mod: Limit one foe put to sleep\n|rule|Illusion Level Mod: Illusion disguises the Pok\u00e9mon's true level\n|\n|t:|1783560562\n|teamsize|p1|6\n|teamsize|p2|6\n|start\n|switch|p1a: Zekrom|Zekrom, L71|259/259\n|switch|p2a: Kricketune|Kricketune, L99, F|100/100\n|-ability|p1a: Zekrom|Teravolt\n|turn|1\n|inactive|Battle timer is ON: inactive players will automatically lose when time's up. (requested by p0x1775e663)\n|inactive|p0y1775bbfe also wants the timer to be on.\n|\n|t:|1783560563\n|move|p2a: Kricketune|Sticky Web|p1a: Zekrom\n|-sidestart|p1: p0x1775e663|move: Sticky Web\n|move|p1a: Zekrom|Outrage|p2a: Kricketune\n|-damage|p2a: Kricketune|49/100\n|\n|upkeep\n|turn|2\n|inactive|Time left: 300 sec this turn | 300 sec total\n|\n|t:|1783560564\n|switch|p2a: Scrafty|Scrafty, L83, M|100/100\n|-ability|p2a: Scrafty|Intimidate|boost\n|-unboost|p1a: Zekrom|atk|1\n|move|p1a: Zekrom|Outrage|p2a: Scrafty|[from] lockedmove\n|-damage|p2a: Scrafty|73/100\n|-start|p1a: Zekrom|confusion|[fatigue]\n|\n|-heal|p2a: Scrafty|80/100|[from] item: Leftovers\n|upkeep\n|turn|3\n|inactive|Time left: 300 sec this turn | 300 sec total\n|\n|t:|1783560565\n|switch|p1a: Staraptor|Staraptor, L79, M|263/263\n|move|p2a: Scrafty|Dragon Dance|p2a: Scrafty\n|-boost|p2a: Scrafty|atk|1\n|-boost|p2a: Scrafty|spe|1\n|\n|-heal|p2a: Scrafty|86/100|[from] item: Leftovers\n|upkeep\n|turn|4\n|inactive|Time left: 300 sec this turn | 300 sec total\n|\n|t:|1783560566\n|-terastallize|p2a: Scrafty|Poison\n|move|p1a: Staraptor|Brave Bird|p2a: Scrafty\n|-damage|p2a: Scrafty|29/100\n|-damage|p1a: Staraptor|217/263|[from] Recoil\n|move|p2a: Scrafty|Knock Off|p1a: Staraptor\n|-damage|p1a: Staraptor|31/263\n|-enditem|p1a: Staraptor|Choice Scarf|[from] move: Knock Off|[of] p2a: Scrafty\n|\n|-heal|p2a: Scrafty|35/100|[from] item: Leftovers\n|upkeep\n|turn|5\n|inactive|Time left: 300 sec this turn | 300 sec total\n|\n|t:|1783560567\n|move|p2a: Scrafty|Drain Punch|p1a: Staraptor\n|-damage|p1a: Staraptor|0 fnt\n|-heal|p2a: Scrafty|41/100|[from] drain|[of] p1a: Staraptor\n|faint|p1a: Staraptor\n|\n|-heal|p2a: Scrafty|48/100|[from] item: Leftovers\n|upkeep\n|inactive|Time left: 300 sec this turn | 300 sec total | 5 sec grace\n|\n|t:|1783560568\n|switch|p1a: Braviary|Braviary-Hisui, L85, M|326/326\n|turn|6\n|inactive|Time left: 300 sec this turn | 300 sec total\n|\n|t:|1783560569\n|-terastallize|p1a: Braviary|Steel\n|move|p2a: Scrafty|Knock Off|p1a: Braviary\n|-damage|p1a: Braviary|148/326\n|-enditem|p1a: Braviary|Heavy-Duty Boots|[from] move: Knock Off|[of] p2a: Scrafty\n|move|p1a: Braviary|Esper Wing|p2a: Scrafty\n|-supereffective|p2a: Scrafty\n|-damage|p2a: Scrafty|0 fnt\n|-boost|p1a: Braviary|spe|1\n|faint|p2a: Scrafty\n|\n|upkeep\n|\n|t:|1783560570\n|switch|p2a: Gumshoos|Gumshoos, L95, M|100/100\n|turn|7\n|inactive|Time left: 300 sec this turn | 300 sec total\n|\n|t:|1783560571\n|move|p1a: Braviary|Hurricane|p2a: Gumshoos\n|-damage|p2a: Gumshoos|55/100\n|move|p2a: Gumshoos|Earthquake|p1a: Braviary\n|-supereffective|p1a: Braviary\n|-damage|p1a: Braviary|0 fnt\n|faint|p1a: Braviary\n|\n|upkeep\n|inactive|Time left: 300 sec this turn | 300 sec total | 5 sec grace\n|\n|t:|1783560572\n|switch|p1a: Raikou|Raikou, L81|278/278\n|-activate|p1a: Raikou|move: Sticky Web\n|-unboost|p1a: Raikou|spe|1\n|-ability|p1a: Raikou|Pressure\n|turn|8\n|inactive|Time left: 300 sec this turn | 300 sec total\n|\n|t:|1783560573\n|move|p1a: Raikou|Volt Switch|p2a: Gumshoos\n|-damage|p2a: Gumshoos|8/100\n|inactive|Time left: 300 sec this turn | 300 sec total | 5 sec grace\n|\n|t:|1783560573\n|switch|p1a: Uxie|Uxie, L83|260/260|[from] Volt Switch\n|move|p2a: Gumshoos|Earthquake|p1a: Uxie\n|-immune|p1a: Uxie|[from] ability: Levitate\n|\n|upkeep\n|turn|9\n|inactive|Time left: 300 sec this turn | 300 sec total\n|\n|t:|1783560574\n|switch|p2a: Donphan|Donphan, L84, F|100/100\n|move|p1a: Uxie|Knock Off|p2a: Donphan\n|-damage|p2a: Donphan|85/100\n|-enditem|p2a: Donphan|Leftovers|[from] move: Knock Off|[of] p1a: Uxie\n|\n|upkeep\n|turn|10\n|inactive|Time left: 300 sec this turn | 300 sec total\n|\n|t:|1783560575\n|move|p1a: Uxie|Psychic Noise|p2a: Donphan\n|-damage|p2a: Donphan|57/100\n|-start|p2a: Donphan|move: Heal Block\n|move|p2a: Donphan|Stealth Rock|p1a: Uxie\n|-sidestart|p1: p0x1775e663|move: Stealth Rock\n|\n|upkeep\n|turn|11\n|inactive|Time left: 300 sec this turn | 300 sec total\n|\n|t:|1783560576\n|move|p1a: Uxie|Knock Off|p2a: Donphan\n|-damage|p2a: Donphan|47/100\n|move|p2a: Donphan|Rapid Spin|p1a: Uxie\n|-damage|p1a: Uxie|228/260\n|-boost|p2a: Donphan|spe|1\n|\n|-heal|p1a: Uxie|244/260|[from] item: Leftovers\n|-end|p2a: Donphan|move: Heal Block\n|upkeep\n|turn|12\n|inactive|Time left: 300 sec this turn | 300 sec total\n|\n|t:|1783560577\n|move|p1a: Uxie|Psychic Noise|p2a: Donphan\n|-damage|p2a: Donphan|14/100\n|-start|p2a: Donphan|move: Heal Block\n|move|p2a: Donphan|Ice Spinner|p1a: Uxie\n|-damage|p1a: Uxie|194/260\n|\n|-heal|p1a: Uxie|210/260|[from] item: Leftovers\n|upkeep\n|turn|13\n|inactive|Time left: 300 sec this turn | 300 sec total\n|\n|t:|1783560578\n|switch|p2a: Klawf|Klawf, L90, M|100/100\n|move|p1a: Uxie|Psychic Noise|p2a: Klawf\n|-damage|p2a: Klawf|69/100\n|-start|p2a: Klawf|move: Heal Block\n|\n|-heal|p1a: Uxie|226/260|[from] item: Leftovers\n|upkeep\n|turn|14\n|inactive|Time left: 300 sec this turn | 300 sec total\n|\n|t:|1783560580\n|move|p1a: Uxie|Psychic Noise|p2a: Klawf\n|-damage|p2a: Klawf|41/100\n|-ability|p2a: Klawf|Anger Shell|boost\n|-boost|p2a: Klawf|atk|1\n|-boost|p2a: Klawf|spa|1\n|-boost|p2a: Klawf|spe|1\n|-unboost|p2a: Klawf|def|1\n|-unboost|p2a: Klawf|spd|1\n|move|p2a: Klawf|Knock Off|p1a: Uxie\n|-supereffective|p1a: Uxie\n|-damage|p1a: Uxie|0 fnt\n|-enditem|p1a: Uxie|Leftovers|[from] move: Knock Off|[of] p2a: Klawf\n|faint|p1a: Uxie\n|\n|-end|p2a: Klawf|move: Heal Block\n|upkeep\n|inactive|Time left: 300 sec this turn | 300 sec total | 5 sec grace\n|\n|t:|1783560580\n|switch|p1a: Zekrom|Zekrom, L71|259/259\n|-activate|p1a: Zekrom|move: Sticky Web\n|-unboost|p1a: Zekrom|spe|1\n|-damage|p1a: Zekrom|227/259|[from] Stealth Rock\n|-ability|p1a: Zekrom|Teravolt\n|turn|15\n|inactive|Time left: 300 sec this turn | 300 sec total\n|\n|t:|1783560581\n|move|p2a: Klawf|High Horsepower|p1a: Zekrom\n|-supereffective|p1a: Zekrom\n|-damage|p1a: Zekrom|0 fnt\n|faint|p1a: Zekrom\n|\n|upkeep\n|inactive|Time left: 300 sec this turn | 300 sec total | 5 sec grace\n|\n|t:|1783560582\n|switch|p1a: Gholdengo|Gholdengo, L77|261/261\n|-activate|p1a: Gholdengo|move: Sticky Web\n|-unboost|p1a: Gholdengo|spe|1\n|-damage|p1a: Gholdengo|245/261|[from] Stealth Rock\n|turn|16\n|inactive|Time left: 300 sec this turn | 300 sec total\n|\n|t:|1783560583\n|move|p2a: Klawf|High Horsepower|p1a: Gholdengo\n|-supereffective|p1a: Gholdengo\n|-damage|p1a: Gholdengo|0 fnt\n|faint|p1a: Gholdengo\n|\n|upkeep\n|inactive|Time left: 300 sec this turn | 300 sec total | 5 sec grace\n|\n|t:|1783560584\n|switch|p1a: Raikou|Raikou, L81|278/278\n|-activate|p1a: Raikou|move: Sticky Web\n|-unboost|p1a: Raikou|spe|1\n|-damage|p1a: Raikou|244/278|[from] Stealth Rock\n|-ability|p1a: Raikou|Pressure\n|turn|17\n|inactive|Time left: 300 sec this turn | 300 sec total\n|\n|t:|1783560584\n|move|p2a: Klawf|High Horsepower|p1a: Raikou\n|-supereffective|p1a: Raikou\n|-damage|p1a: Raikou|0 fnt\n|faint|p1a: Raikou\n|\n|win|p0y1775bbfe", "uploadtime": 1783560584, "views": 0, "rating": 0, "private": 0, "password": null, "_winner": "p0y1775bbfe", "_our_name": "p0x1775e663"}