{"id": "battle-gen9randombattle-2832", "formatid": "gen9randombattle", "format": "[Gen 9] Random Battle", "players": ["p0x2832c289", "p0y2832a9fc"], "log": "|init|battle\n|title|p0x2832c289 vs. p0y2832a9fc\n|j|\u2606p0x2832c289\n|j|\u2606p0y2832a9fc\n|t:|1783572622\n|gametype|singles\n|player|p1|p0x2832c289|169|\n|player|p2|p0y2832a9fc|265|\n|gen|9\n|tier|[Gen 9] Random Battle\n|rule|Species Clause: Limit one of each Pok\u00e9mon\n|rule|HP Percentage Mod: HP is shown in percentages\n|rule|Sleep Clause Mod: Limit one foe put to sleep\n|rule|Illusion Level Mod: Illusion disguises the Pok\u00e9mon's true level\n|\n|t:|1783572622\n|teamsize|p1|6\n|teamsize|p2|6\n|start\n|switch|p1a: Spiritomb|Spiritomb, L89, F|100/100\n|switch|p2a: Pachirisu|Pachirisu, L96, F|271/271\n|turn|1\n|inactive|Battle timer is ON: inactive players will automatically lose when time's up. (requested by p0y2832a9fc)\n|\n|t:|1783572623\n|switch|p2a: Diancie|Diancie, L82|216/216\n|move|p1a: Spiritomb|Poltergeist|p2a: Diancie\n|-activate|p2a: Diancie|move: Poltergeist|Leftovers\n|-damage|p2a: Diancie|126/216\n|\n|-heal|p2a: Diancie|139/216|[from] item: Leftovers\n|upkeep\n|turn|2\n|inactive|Time left: 300 sec this turn | 300 sec total\n|inactive|p0x2832c289 also wants the timer to be on.\n|\n|t:|1783572625\n|switch|p1a: Pelipper|Pelipper, L86, F|100/100\n|-weather|RainDance|[from] ability: Drizzle|[of] p1a: Pelipper\n|move|p2a: Diancie|Draining Kiss|p1a: Pelipper\n|-damage|p1a: Pelipper|78/100\n|-heal|p2a: Diancie|180/216|[from] drain|[of] p1a: Pelipper\n|\n|-weather|RainDance|[upkeep]\n|-heal|p2a: Diancie|193/216|[from] item: Leftovers\n|upkeep\n|turn|3\n|inactive|Time left: 300 sec this turn | 300 sec total\n|\n|t:|1783572626\n|-terastallize|p2a: Diancie|Fairy\n|move|p1a: Pelipper|Weather Ball|p2a: Diancie\n|-damage|p2a: Diancie|36/216\n|move|p2a: Diancie|Diamond Storm|p1a: Pelipper\n|-supereffective|p1a: Pelipper\n|-damage|p1a: Pelipper|4/100\n|\n|-weather|RainDance|[upkeep]\n|-heal|p2a: Diancie|49/216|[from] item: Leftovers\n|upkeep\n|turn|4\n|inactive|Time left: 300 sec this turn | 300 sec total\n|\n|t:|1783572627\n|switch|p2a: Tornadus|Tornadus-Therian, L79, M|254/254\n|move|p1a: Pelipper|Weather Ball|p2a: Tornadus\n|-damage|p2a: Tornadus|76/254\n|\n|-weather|RainDance|[upkeep]\n|upkeep\n|turn|5\n|inactive|Time left: 300 sec this turn | 300 sec total\n|\n|t:|1783572628\n|move|p2a: Tornadus|Knock Off|p1a: Pelipper\n|-damage|p1a: Pelipper|0 fnt\n|-enditem|p1a: Pelipper|Choice Specs|[from] move: Knock Off|[of] p2a: Tornadus\n|faint|p1a: Pelipper\n|\n|-weather|RainDance|[upkeep]\n|upkeep\n|\n|t:|1783572629\n|switch|p1a: Entei|Entei, L78|100/100\n|turn|6\n|inactive|Time left: 300 sec this turn | 300 sec total\n|\n|t:|1783572631\n|switch|p2a: Golem|Golem-Alola, L93, M|300/300\n|move|p1a: Entei|Sacred Fire|p2a: Golem\n|-resisted|p2a: Golem\n|-damage|p2a: Golem|273/300\n|-status|p2a: Golem|brn\n|\n|-weather|none\n|-damage|p2a: Golem|255/300 brn|[from] brn\n|upkeep\n|turn|7\n|inactive|Time left: 300 sec this turn | 300 sec total\n|\n|t:|1783572632\n|switch|p1a: Bellibolt|Bellibolt, L84, M|100/100\n|move|p2a: Golem|Explosion|p1a: Bellibolt\n|-resisted|p1a: Bellibolt\n|-damage|p1a: Bellibolt|53/100\n|-start|p1a: Bellibolt|Charge|Explosion|[from] ability: Electromorphosis\n|faint|p2a: Golem\n|\n|-heal|p1a: Bellibolt|59/100|[from] item: Leftovers\n|upkeep\n|inactive|Time left: 300 sec this turn | 300 sec total | 5 sec grace\n|\n|t:|1783572632\n|switch|p2a: Tornadus|Tornadus-Therian, L79, M|160/254\n|turn|8\n|inactive|Time left: 300 sec this turn | 300 sec total\n|\n|t:|1783572633\n|switch|p2a: Pachirisu|Pachirisu, L96, F|271/271\n|move|p1a: Bellibolt|Slack Off|p1a: Bellibolt\n|-heal|p1a: Bellibolt|100/100\n|\n|upkeep\n|turn|9\n|inactive|Time left: 300 sec this turn | 300 sec total\n|\n|t:|1783572634\n|switch|p1a: Spiritomb|Spiritomb, L89, F|100/100\n|move|p2a: Pachirisu|Super Fang|p1a: Spiritomb\n|-immune|p1a: Spiritomb\n|\n|upkeep\n|turn|10\n|inactive|Time left: 300 sec this turn | 300 sec total\n|\n|t:|1783572635\n|move|p2a: Pachirisu|Discharge|p1a: Spiritomb\n|-damage|p1a: Spiritomb|77/100\n|move|p1a: Spiritomb|Poltergeist|p2a: Pachirisu\n|-activate|p2a: Pachirisu|move: Poltergeist|Heavy-Duty Boots\n|-damage|p2a: Pachirisu|136/271\n|\n|-heal|p1a: Spiritomb|83/100|[from] item: Leftovers\n|upkeep\n|turn|11\n|inactive|Time left: 300 sec this turn | 300 sec total\n|\n|t:|1783572636\n|switch|p2a: Zamazenta|Zamazenta, L71|248/248\n|-ability|p2a: Zamazenta|Dauntless Shield|boost\n|-boost|p2a: Zamazenta|def|1\n|move|p1a: Spiritomb|Poltergeist|p2a: Zamazenta\n|-activate|p2a: Zamazenta|move: Poltergeist|Leftovers\n|-damage|p2a: Zamazenta|173/248\n|\n|-heal|p2a: Zamazenta|188/248|[from] item: Leftovers\n|-heal|p1a: Spiritomb|89/100|[from] item: Leftovers\n|upkeep\n|turn|12\n|inactive|Time left: 300 sec this turn | 300 sec total\n|\n|t:|1783572637\n|move|p2a: Zamazenta|Iron Defense|p2a: Zamazenta\n|-boost|p2a: Zamazenta|def|2\n|move|p1a: Spiritomb|Toxic|p2a: Zamazenta\n|-status|p2a: Zamazenta|tox\n|\n|-heal|p2a: Zamazenta|203/248 tox|[from] item: Leftovers\n|-heal|p1a: Spiritomb|95/100|[from] item: Leftovers\n|-damage|p2a: Zamazenta|188/248 tox|[from] psn\n|upkeep\n|turn|13\n|inactive|Time left: 300 sec this turn | 300 sec total\n|\n|t:|1783572638\n|move|p2a: Zamazenta|Crunch|p1a: Spiritomb\n|-damage|p1a: Spiritomb|77/100\n|move|p1a: Spiritomb|Poltergeist|p2a: Zamazenta\n|-activate|p2a: Zamazenta|move: Poltergeist|Leftovers\n|-damage|p2a: Zamazenta|137/248 tox\n|\n|-heal|p2a: Zamazenta|152/248 tox|[from] item: Leftovers\n|-heal|p1a: Spiritomb|83/100|[from] item: Leftovers\n|-damage|p2a: Zamazenta|122/248 tox|[from] psn\n|upkeep\n|turn|14\n|inactive|Time left: 300 sec this turn | 300 sec total\n|\n|t:|1783572639\n|move|p2a: Zamazenta|Crunch|p1a: Spiritomb\n|-damage|p1a: Spiritomb|68/100\n|move|p1a: Spiritomb|Poltergeist|p2a: Zamazenta\n|-activate|p2a: Zamazenta|move: Poltergeist|Leftovers\n|-damage|p2a: Zamazenta|70/248 tox\n|\n|-heal|p2a: Zamazenta|85/248 tox|[from] item: Leftovers\n|-heal|p1a: Spiritomb|74/100|[from] item: Leftovers\n|-damage|p2a: Zamazenta|40/248 tox|[from] psn\n|upkeep\n|turn|15\n|inactive|Time left: 300 sec this turn | 300 sec total\n|\n|t:|1783572640\n|move|p2a: Zamazenta|Crunch|p1a: Spiritomb\n|-damage|p1a: Spiritomb|56/100\n|move|p1a: Spiritomb|Poltergeist|p2a: Zamazenta|[miss]\n|-miss|p1a: Spiritomb|p2a: Zamazenta\n|\n|-heal|p2a: Zamazenta|55/248 tox|[from] item: Leftovers\n|-heal|p1a: Spiritomb|62/100|[from] item: Leftovers\n|-damage|p2a: Zamazenta|0 fnt|[from] psn\n|faint|p2a: Zamazenta\n|upkeep\n|inactive|Time left: 300 sec this turn | 300 sec total | 5 sec grace\n|\n|t:|1783572641\n|switch|p2a: Diancie|Diancie, L82, tera:Fairy|49/216\n|turn|16\n|inactive|Time left: 300 sec this turn | 300 sec total\n|\n|t:|1783572642\n|-terastallize|p1a: Spiritomb|Poison\n|move|p2a: Diancie|Draining Kiss|p1a: Spiritomb\n|-resisted|p1a: Spiritomb\n|-crit|p1a: Spiritomb\n|-damage|p1a: Spiritomb|39/100\n|-heal|p2a: Diancie|90/216|[from] drain|[of] p1a: Spiritomb\n|move|p1a: Spiritomb|Poltergeist|p2a: Diancie\n|-activate|p2a: Diancie|move: Poltergeist|Leftovers\n|-damage|p2a: Diancie|5/216\n|\n|-heal|p2a: Diancie|18/216|[from] item: Leftovers\n|-heal|p1a: Spiritomb|45/100|[from] item: Leftovers\n|upkeep\n|turn|17\n|inactive|Time left: 300 sec this turn | 300 sec total\n|\n|t:|1783572643\n|move|p2a: Diancie|Earth Power|p1a: Spiritomb\n|-supereffective|p1a: Spiritomb\n|-damage|p1a: Spiritomb|0 fnt\n|faint|p1a: Spiritomb\n|\n|-heal|p2a: Diancie|31/216|[from] item: Leftovers\n|upkeep\n|\n|t:|1783572644\n|switch|p1a: Entei|Entei, L78|100/100\n|turn|18\n|inactive|Time left: 300 sec this turn | 300 sec total\n|\n|t:|1783572645\n|move|p1a: Entei|Sacred Fire|p2a: Diancie\n|-damage|p2a: Diancie|0 fnt\n|faint|p2a: Diancie\n|\n|upkeep\n|inactive|Time left: 300 sec this turn | 300 sec total | 5 sec grace\n|\n|t:|1783572646\n|switch|p2a: Tornadus|Tornadus-Therian, L79, M|244/254\n|turn|19\n|inactive|Time left: 300 sec this turn | 300 sec total\n|\n|t:|1783572647\n|move|p2a: Tornadus|Knock Off|p1a: Entei\n|-damage|p1a: Entei|77/100\n|-enditem|p1a: Entei|Choice Band|[from] move: Knock Off|[of] p2a: Tornadus\n|move|p1a: Entei|Sacred Fire|p2a: Tornadus\n|-damage|p2a: Tornadus|129/254\n|\n|upkeep\n|turn|20\n|inactive|Time left: 300 sec this turn | 300 sec total\n|\n|t:|1783572648\n|move|p2a: Tornadus|U-turn|p1a: Entei\n|-resisted|p1a: Entei\n|-damage|p1a: Entei|69/100\n|inactive|Time left: 300 sec this turn | 300 sec total | 5 sec grace\n|\n|t:|1783572649\n|switch|p2a: Pachirisu|Pachirisu, L96, F|136/271|[from] U-turn\n|move|p1a: Entei|Sacred Fire|p2a: Pachirisu|[miss]\n|-miss|p1a: Entei|p2a: Pachirisu\n|\n|upkeep\n|turn|21\n|inactive|Time left: 300 sec this turn | 300 sec total\n|\n|t:|1783572649\n|move|p2a: Pachirisu|Super Fang|p1a: Entei\n|-damage|p1a: Entei|35/100\n|move|p1a: Entei|Sacred Fire|p2a: Pachirisu\n|-damage|p2a: Pachirisu|30/271\n|\n|upkeep\n|turn|22\n|inactive|Time left: 300 sec this turn | 300 sec total\n|\n|t:|1783572650\n|move|p1a: Entei|Extreme Speed|p2a: Pachirisu\n|-damage|p2a: Pachirisu|0 fnt\n|faint|p2a: Pachirisu\n|\n|upkeep\n|inactive|Time left: 300 sec this turn | 300 sec total | 5 sec grace\n|\n|t:|1783572651\n|switch|p2a: Tornadus|Tornadus-Therian, L79, M|213/254\n|turn|23\n|inactive|Time left: 300 sec this turn | 300 sec total\n|\n|t:|1783572652\n|switch|p1a: Bellibolt|Bellibolt, L84, M|100/100\n|move|p2a: Tornadus|Bleakwind Storm|p1a: Bellibolt\n|-resisted|p1a: Bellibolt\n|-damage|p1a: Bellibolt|85/100\n|-start|p1a: Bellibolt|Charge|Bleakwind Storm|[from] ability: Electromorphosis\n|\n|-heal|p1a: Bellibolt|91/100|[from] item: Leftovers\n|upkeep\n|turn|24\n|inactive|Time left: 300 sec this turn | 300 sec total\n|\n|t:|1783572653\n|switch|p2a: Sableye|Sableye, L88, F|231/231\n|move|p1a: Bellibolt|Thunderbolt|p2a: Sableye\n|-damage|p2a: Sableye|15/231\n|-end|p1a: Bellibolt|Charge|[silent]\n|\n|-heal|p2a: Sableye|29/231|[from] item: Leftovers\n|-heal|p1a: Bellibolt|97/100|[from] item: Leftovers\n|upkeep\n|turn|25\n|inactive|Time left: 300 sec this turn | 300 sec total\n|\n|t:|1783572654\n|move|p2a: Sableye|Recover|p2a: Sableye\n|-heal|p2a: Sableye|145/231\n|move|p1a: Bellibolt|Thunderbolt|p2a: Sableye\n|-damage|p2a: Sableye|16/231\n|\n|-heal|p2a: Sableye|30/231|[from] item: Leftovers\n|-heal|p1a: Bellibolt|100/100|[from] item: Leftovers\n|upkeep\n|turn|26\n|inactive|Time left: 300 sec this turn | 300 sec total\n|\n|t:|1783572655\n|move|p2a: Sableye|Recover|p2a: Sableye\n|-heal|p2a: Sableye|146/231\n|move|p1a: Bellibolt|Thunderbolt|p2a: Sableye\n|-damage|p2a: Sableye|28/231\n|\n|-heal|p2a: Sableye|42/231|[from] item: Leftovers\n|upkeep\n|turn|27\n|inactive|Time left: 300 sec this turn | 300 sec total\n|\n|t:|1783572656\n|move|p2a: Sableye|Recover|p2a: Sableye\n|-heal|p2a: Sableye|158/231\n|move|p1a: Bellibolt|Thunderbolt|p2a: Sableye\n|-damage|p2a: Sableye|46/231\n|-status|p2a: Sableye|par\n|\n|-heal|p2a: Sableye|60/231 par|[from] item: Leftovers\n|upkeep\n|turn|28\n|inactive|Time left: 300 sec this turn | 300 sec total\n|\n|t:|1783572657\n|move|p2a: Sableye|Recover|p2a: Sableye\n|-heal|p2a: Sableye|176/231 par\n|move|p1a: Bellibolt|Thunderbolt|p2a: Sableye\n|-damage|p2a: Sableye|62/231 par\n|\n|-heal|p2a: Sableye|76/231 par|[from] item: Leftovers\n|upkeep\n|turn|29\n|inactive|Time left: 300 sec this turn | 300 sec total\n|\n|t:|1783572658\n|move|p2a: Sableye|Recover|p2a: Sableye\n|-heal|p2a: Sableye|192/231 par\n|move|p1a: Bellibolt|Thunderbolt|p2a: Sableye\n|-damage|p2a: Sableye|81/231 par\n|\n|-heal|p2a: Sableye|95/231 par|[from] item: Leftovers\n|upkeep\n|turn|30\n|inactive|Time left: 300 sec this turn | 300 sec total\n|\n|t:|1783572659\n|cant|p2a: Sableye|par\n|move|p1a: Bellibolt|Thunderbolt|p2a: Sableye\n|-damage|p2a: Sableye|0 fnt\n|faint|p2a: Sableye\n|\n|upkeep\n|inactive|Time left: 300 sec this turn | 300 sec total | 5 sec grace\n|\n|t:|1783572660\n|switch|p2a: Tornadus|Tornadus-Therian, L79, M|254/254\n|turn|31\n|inactive|Time left: 300 sec this turn | 300 sec total\n|\n|t:|1783572661\n|move|p2a: Tornadus|Bleakwind Storm|p1a: Bellibolt\n|-resisted|p1a: Bellibolt\n|-damage|p1a: Bellibolt|84/100\n|-start|p1a: Bellibolt|Charge|Bleakwind Storm|[from] ability: Electromorphosis\n|move|p1a: Bellibolt|Thunderbolt|p2a: Tornadus\n|-supereffective|p2a: Tornadus\n|-damage|p2a: Tornadus|0 fnt\n|faint|p2a: Tornadus\n|-end|p1a: Bellibolt|Charge|[silent]\n|\n|win|p0x2832c289", "uploadtime": 1783572661, "views": 0, "rating": 0, "private": 0, "password": null, "_winner": "p0x2832c289", "_our_name": "p0y2832a9fc"}