{"id": "battle-gen9randombattle-2617", "formatid": "gen9randombattle", "format": "[Gen 9] Random Battle", "players": ["p0x2617d590", "p0y2617a715"], "log": "|init|battle\n|title|p0x2617d590 vs. p0y2617a715\n|j|\u2606p0x2617d590\n|j|\u2606p0y2617a715\n|t:|1783570213\n|gametype|singles\n|player|p1|p0x2617d590|1|\n|player|p2|p0y2617a715|169|\n|gen|9\n|tier|[Gen 9] Random Battle\n|rule|Species Clause: Limit one of each Pok\u00e9mon\n|rule|HP Percentage Mod: HP is shown in percentages\n|rule|Sleep Clause Mod: Limit one foe put to sleep\n|rule|Illusion Level Mod: Illusion disguises the Pok\u00e9mon's true level\n|\n|t:|1783570213\n|teamsize|p1|6\n|teamsize|p2|6\n|start\n|switch|p1a: Araquanid|Araquanid, L82, M|246/246\n|switch|p2a: Pyroar|Pyroar, L88, M|100/100\n|-ability|p2a: Pyroar|Unnerve\n|turn|1\n|inactive|Battle timer is ON: inactive players will automatically lose when time's up. (requested by p0y2617a715)\n|inactive|Time left: 300 sec this turn | 300 sec total | 60 sec grace\n|inactive|p0x2617d590 also wants the timer to be on.\n|\n|t:|1783570214\n|switch|p2a: Hitmontop|Hitmontop, L88, M|100/100\n|move|p1a: Araquanid|Sticky Web|p2a: Hitmontop\n|-sidestart|p2: p0y2617a715|move: Sticky Web\n|\n|upkeep\n|turn|2\n|inactive|Time left: 300 sec this turn | 300 sec total\n|\n|t:|1783570215\n|move|p2a: Hitmontop|Rapid Spin|p1a: Araquanid\n|-crit|p1a: Araquanid\n|-damage|p1a: Araquanid|166/246\n|-boost|p2a: Hitmontop|spe|1\n|-sideend|p2: p0y2617a715|Sticky Web|[from] move: Rapid Spin|[of] p2a: Hitmontop\n|move|p1a: Araquanid|Liquidation|p2a: Hitmontop\n|-damage|p2a: Hitmontop|52/100\n|\n|-heal|p2a: Hitmontop|58/100|[from] item: Leftovers\n|upkeep\n|turn|3\n|inactive|Time left: 300 sec this turn | 300 sec total\n|\n|t:|1783570216\n|move|p2a: Hitmontop|Bulk Up|p2a: Hitmontop\n|-boost|p2a: Hitmontop|atk|1\n|-boost|p2a: Hitmontop|def|1\n|move|p1a: Araquanid|Liquidation|p2a: Hitmontop\n|-damage|p2a: Hitmontop|26/100\n|-unboost|p2a: Hitmontop|def|1\n|\n|-heal|p2a: Hitmontop|32/100|[from] item: Leftovers\n|upkeep\n|turn|4\n|inactive|Time left: 300 sec this turn | 300 sec total\n|\n|t:|1783570217\n|move|p2a: Hitmontop|Close Combat|p1a: Araquanid\n|-resisted|p1a: Araquanid\n|-damage|p1a: Araquanid|67/246\n|-unboost|p2a: Hitmontop|def|1\n|-unboost|p2a: Hitmontop|spd|1\n|move|p1a: Araquanid|Liquidation|p2a: Hitmontop\n|-damage|p2a: Hitmontop|0 fnt\n|faint|p2a: Hitmontop\n|\n|upkeep\n|\n|t:|1783570218\n|switch|p2a: Pyroar|Pyroar, L88, M|100/100\n|-ability|p2a: Pyroar|Unnerve\n|turn|5\n|inactive|Time left: 300 sec this turn | 300 sec total\n|\n|t:|1783570219\n|switch|p1a: Sudowoodo|Sudowoodo, L94, M|284/284\n|move|p2a: Pyroar|Hyper Voice|p1a: Sudowoodo\n|-resisted|p1a: Sudowoodo\n|-crit|p1a: Sudowoodo\n|-damage|p1a: Sudowoodo|192/284\n|\n|-heal|p1a: Sudowoodo|209/284|[from] item: Leftovers\n|upkeep\n|turn|6\n|inactive|Time left: 300 sec this turn | 300 sec total\n|\n|t:|1783570220\n|switch|p2a: Sandaconda|Sandaconda, L84, F|100/100\n|move|p1a: Sudowoodo|Head Smash|p2a: Sandaconda|[miss]\n|-miss|p1a: Sudowoodo|p2a: Sandaconda\n|\n|-heal|p1a: Sudowoodo|226/284|[from] item: Leftovers\n|upkeep\n|turn|7\n|inactive|Time left: 300 sec this turn | 300 sec total\n|\n|t:|1783570221\n|move|p2a: Sandaconda|Coil|p2a: Sandaconda\n|-boost|p2a: Sandaconda|atk|1\n|-boost|p2a: Sandaconda|def|1\n|-boost|p2a: Sandaconda|accuracy|1\n|move|p1a: Sudowoodo|Wood Hammer|p2a: Sandaconda\n|-supereffective|p2a: Sandaconda\n|-damage|p2a: Sandaconda|54/100\n|\n|-heal|p2a: Sandaconda|60/100|[from] item: Leftovers\n|-heal|p1a: Sudowoodo|243/284|[from] item: Leftovers\n|upkeep\n|turn|8\n|inactive|Time left: 300 sec this turn | 300 sec total\n|\n|t:|1783570222\n|switch|p1a: Sandslash|Sandslash, L89, F|278/278\n|move|p2a: Sandaconda|Earthquake|p1a: Sandslash\n|-damage|p1a: Sandslash|133/278\n|\n|-heal|p2a: Sandaconda|66/100|[from] item: Leftovers\n|-heal|p1a: Sandslash|150/278|[from] item: Leftovers\n|upkeep\n|turn|9\n|inactive|Time left: 300 sec this turn | 300 sec total\n|\n|t:|1783570224\n|move|p2a: Sandaconda|Earthquake|p1a: Sandslash\n|-damage|p1a: Sandslash|11/278\n|move|p1a: Sandslash|Rapid Spin|p2a: Sandaconda\n|-damage|p2a: Sandaconda|59/100\n|-boost|p1a: Sandslash|spe|1\n|\n|-heal|p1a: Sandslash|28/278|[from] item: Leftovers\n|-heal|p2a: Sandaconda|65/100|[from] item: Leftovers\n|upkeep\n|turn|10\n|inactive|Time left: 300 sec this turn | 300 sec total\n|\n|t:|1783570225\n|move|p1a: Sandslash|Earthquake|p2a: Sandaconda\n|-damage|p2a: Sandaconda|42/100\n|move|p2a: Sandaconda|Earthquake|p1a: Sandslash\n|-crit|p1a: Sandslash\n|-damage|p1a: Sandslash|0 fnt\n|faint|p1a: Sandslash\n|\n|-heal|p2a: Sandaconda|48/100|[from] item: Leftovers\n|upkeep\n|inactive|Time left: 300 sec this turn | 300 sec total | 5 sec grace\n|\n|t:|1783570226\n|switch|p1a: Iron Crown|Iron Crown, L78|268/268\n|turn|11\n|inactive|Time left: 300 sec this turn | 300 sec total\n|\n|t:|1783570227\n|switch|p2a: Pachirisu|Pachirisu, L96, M|100/100\n|move|p1a: Iron Crown|Tachyon Cutter|p2a: Pachirisu\n|-resisted|p2a: Pachirisu\n|-damage|p2a: Pachirisu|94/100\n|-resisted|p2a: Pachirisu\n|-damage|p2a: Pachirisu|88/100\n|-hitcount|p2a: Pachirisu|2\n|\n|upkeep\n|turn|12\n|inactive|Time left: 300 sec this turn | 300 sec total\n|\n|t:|1783570228\n|move|p2a: Pachirisu|Nuzzle|p1a: Iron Crown\n|-damage|p1a: Iron Crown|250/268\n|-status|p1a: Iron Crown|par\n|move|p1a: Iron Crown|Calm Mind|p1a: Iron Crown\n|-boost|p1a: Iron Crown|spa|1\n|-boost|p1a: Iron Crown|spd|1\n|\n|-heal|p1a: Iron Crown|266/268 par|[from] item: Leftovers\n|upkeep\n|turn|13\n|inactive|Time left: 300 sec this turn | 300 sec total\n|\n|t:|1783570228\n|move|p2a: Pachirisu|Super Fang|p1a: Iron Crown\n|-damage|p1a: Iron Crown|133/268 par\n|move|p1a: Iron Crown|Psyshock|p2a: Pachirisu\n|-damage|p2a: Pachirisu|35/100\n|\n|-heal|p1a: Iron Crown|149/268 par|[from] item: Leftovers\n|upkeep\n|turn|14\n|inactive|Time left: 300 sec this turn | 300 sec total\n|\n|t:|1783570229\n|move|p2a: Pachirisu|Super Fang|p1a: Iron Crown\n|-damage|p1a: Iron Crown|75/268 par\n|move|p1a: Iron Crown|Focus Blast|p2a: Pachirisu\n|-damage|p2a: Pachirisu|8/100\n|\n|-heal|p1a: Iron Crown|91/268 par|[from] item: Leftovers\n|upkeep\n|turn|15\n|inactive|Time left: 300 sec this turn | 300 sec total\n|\n|t:|1783570230\n|move|p2a: Pachirisu|Super Fang|p1a: Iron Crown\n|-damage|p1a: Iron Crown|46/268 par\n|move|p1a: Iron Crown|Tachyon Cutter|p2a: Pachirisu\n|-resisted|p2a: Pachirisu\n|-damage|p2a: Pachirisu|0 fnt\n|faint|p2a: Pachirisu\n|-hitcount|p2: Pachirisu|1\n|\n|-heal|p1a: Iron Crown|62/268 par|[from] item: Leftovers\n|upkeep\n|\n|t:|1783570231\n|switch|p2a: Swampert|Swampert, L83, F|100/100\n|turn|16\n|inactive|Time left: 300 sec this turn | 300 sec total\n|\n|t:|1783570232\n|move|p2a: Swampert|Earthquake|p1a: Iron Crown\n|-supereffective|p1a: Iron Crown\n|-crit|p1a: Iron Crown\n|-damage|p1a: Iron Crown|0 fnt\n|faint|p1a: Iron Crown\n|-end|p1a: Iron Crown|Quark Drive|[silent]\n|\n|upkeep\n|inactive|Time left: 300 sec this turn | 300 sec total | 5 sec grace\n|\n|t:|1783570233\n|switch|p1a: Sudowoodo|Sudowoodo, L94, M|243/284\n|turn|17\n|inactive|Time left: 300 sec this turn | 300 sec total\n|\n|t:|1783570234\n|move|p2a: Swampert|Flip Turn|p1a: Sudowoodo\n|-supereffective|p1a: Sudowoodo\n|-damage|p1a: Sudowoodo|141/284\n|\n|t:|1783570235\n|switch|p2a: Sandaconda|Sandaconda, L84, F|48/100|[from] Flip Turn\n|move|p1a: Sudowoodo|Wood Hammer|p2a: Sandaconda\n|-supereffective|p2a: Sandaconda\n|-damage|p2a: Sandaconda|0 fnt\n|faint|p2a: Sandaconda\n|\n|-heal|p1a: Sudowoodo|158/284|[from] item: Leftovers\n|upkeep\n|\n|t:|1783570236\n|switch|p2a: Swampert|Swampert, L83, F|100/100\n|turn|18\n|inactive|Time left: 300 sec this turn | 300 sec total\n|\n|t:|1783570237\n|switch|p1a: Araquanid|Araquanid, L82, M|67/246\n|move|p2a: Swampert|Earthquake|p1a: Araquanid\n|-resisted|p1a: Araquanid\n|-damage|p1a: Araquanid|9/246\n|\n|upkeep\n|turn|19\n|inactive|Time left: 300 sec this turn | 300 sec total\n|\n|t:|1783570239\n|move|p2a: Swampert|Earthquake|p1a: Araquanid\n|-resisted|p1a: Araquanid\n|-damage|p1a: Araquanid|0 fnt\n|faint|p1a: Araquanid\n|\n|upkeep\n|inactive|Time left: 300 sec this turn | 300 sec total | 5 sec grace\n|\n|t:|1783570240\n|switch|p1a: Palafin|Palafin, L77, M|281/281\n|turn|20\n|inactive|Time left: 300 sec this turn | 300 sec total\n|\n|t:|1783570241\n|move|p1a: Palafin|Wave Crash|p2a: Swampert\n|-damage|p2a: Swampert|63/100\n|-damage|p1a: Palafin|243/281|[from] Recoil\n|move|p2a: Swampert|Earthquake|p1a: Palafin\n|-damage|p1a: Palafin|107/281\n|\n|-heal|p2a: Swampert|69/100|[from] item: Leftovers\n|upkeep\n|turn|21\n|inactive|Time left: 300 sec this turn | 300 sec total\n|\n|t:|1783570242\n|move|p1a: Palafin|Wave Crash|p2a: Swampert\n|-crit|p2a: Swampert\n|-damage|p2a: Swampert|5/100\n|-damage|p1a: Palafin|44/281|[from] Recoil\n|move|p2a: Swampert|Earthquake|p1a: Palafin\n|-damage|p1a: Palafin|0 fnt\n|faint|p1a: Palafin\n|\n|-heal|p2a: Swampert|11/100|[from] item: Leftovers\n|upkeep\n|inactive|Time left: 300 sec this turn | 300 sec total | 5 sec grace\n|\n|t:|1783570244\n|switch|p1a: Deoxys|Deoxys-Attack, L72|191/191\n|-ability|p1a: Deoxys|Pressure\n|turn|22\n|inactive|Time left: 300 sec this turn | 300 sec total\n|\n|t:|1783570245\n|switch|p2a: Coalossal|Coalossal, L89, M|100/100\n|move|p1a: Deoxys|Knock Off|p2a: Coalossal\n|-damage|p2a: Coalossal|77/100\n|-enditem|p2a: Coalossal|Heavy-Duty Boots|[from] move: Knock Off|[of] p1a: Deoxys\n|-damage|p1a: Deoxys|172/191|[from] item: Life Orb\n|\n|upkeep\n|turn|23\n|inactive|Time left: 300 sec this turn | 300 sec total\n|\n|t:|1783570246\n|switch|p1a: Sudowoodo|Sudowoodo, L94, M|158/284\n|move|p2a: Coalossal|Flamethrower|p1a: Sudowoodo\n|-resisted|p1a: Sudowoodo\n|-damage|p1a: Sudowoodo|107/284\n|\n|-heal|p1a: Sudowoodo|124/284|[from] item: Leftovers\n|upkeep\n|turn|24\n|inactive|Time left: 300 sec this turn | 300 sec total\n|\n|t:|1783570247\n|move|p1a: Sudowoodo|Earthquake|p2a: Coalossal\n|-supereffective|p2a: Coalossal\n|-damage|p2a: Coalossal|0 fnt\n|faint|p2a: Coalossal\n|\n|-heal|p1a: Sudowoodo|141/284|[from] item: Leftovers\n|upkeep\n|\n|t:|1783570248\n|switch|p2a: Swampert|Swampert, L83, F|11/100\n|turn|25\n|inactive|Time left: 300 sec this turn | 300 sec total\n|\n|t:|1783570249\n|move|p2a: Swampert|Earthquake|p1a: Sudowoodo\n|-supereffective|p1a: Sudowoodo\n|-damage|p1a: Sudowoodo|0 fnt\n|faint|p1a: Sudowoodo\n|\n|-heal|p2a: Swampert|17/100|[from] item: Leftovers\n|upkeep\n|inactive|Time left: 300 sec this turn | 300 sec total | 5 sec grace\n|\n|t:|1783570250\n|switch|p1a: Deoxys|Deoxys-Attack, L72|172/191\n|-ability|p1a: Deoxys|Pressure\n|turn|26\n|inactive|Time left: 300 sec this turn | 300 sec total\n|\n|t:|1783570251\n|move|p1a: Deoxys|Psycho Boost|p2a: Swampert\n|-damage|p2a: Swampert|0 fnt\n|-unboost|p1a: Deoxys|spa|2\n|faint|p2a: Swampert\n|-damage|p1a: Deoxys|153/191|[from] item: Life Orb\n|\n|upkeep\n|\n|t:|1783570252\n|switch|p2a: Pyroar|Pyroar, L88, M|100/100\n|-ability|p2a: Pyroar|Unnerve\n|turn|27\n|inactive|Time left: 300 sec this turn | 300 sec total\n|\n|t:|1783570253\n|-terastallize|p2a: Pyroar|Fire\n|move|p1a: Deoxys|Psycho Boost|p2a: Pyroar\n|-damage|p2a: Pyroar|57/100\n|-unboost|p1a: Deoxys|spa|2\n|-damage|p1a: Deoxys|134/191|[from] item: Life Orb\n|move|p2a: Pyroar|Hyper Voice|p1a: Deoxys\n|-damage|p1a: Deoxys|0 fnt\n|faint|p1a: Deoxys\n|\n|win|p0y2617a715", "uploadtime": 1783570253, "views": 0, "rating": 0, "private": 0, "password": null, "_winner": "p0y2617a715", "_our_name": "p0x2617d590"}