{"id": "battle-gen9randombattle-2448", "formatid": "gen9randombattle", "format": "[Gen 9] Random Battle", "players": ["p0x2448f832", "p0y24486803"], "log": "|init|battle\n|title|p0x2448f832 vs. p0y24486803\n|j|\u2606p0x2448f832\n|j|\u2606p0y24486803\n|t:|1783567391\n|gametype|singles\n|player|p1|p0x2448f832|265|\n|player|p2|p0y24486803|101|\n|gen|9\n|tier|[Gen 9] Random Battle\n|rule|Species Clause: Limit one of each Pok\u00e9mon\n|rule|HP Percentage Mod: HP is shown in percentages\n|rule|Sleep Clause Mod: Limit one foe put to sleep\n|rule|Illusion Level Mod: Illusion disguises the Pok\u00e9mon's true level\n|\n|t:|1783567391\n|teamsize|p1|6\n|teamsize|p2|6\n|start\n|switch|p1a: Phione|Phione, L91|100/100\n|switch|p2a: Volcanion|Volcanion, L79|255/255\n|turn|1\n|inactive|Battle timer is ON: inactive players will automatically lose when time's up. (requested by p0x2448f832)\n|inactive|Time left: 300 sec this turn | 300 sec total | 60 sec grace\n|inactive|p0y24486803 also wants the timer to be on.\n|\n|t:|1783567393\n|move|p1a: Phione|Scald|p2a: Volcanion\n|-immune|p2a: Volcanion|[from] ability: Water Absorb\n|move|p2a: Volcanion|Flame Charge|p1a: Phione\n|-resisted|p1a: Phione\n|-damage|p1a: Phione|92/100\n|-boost|p2a: Volcanion|spe|1\n|\n|-heal|p1a: Phione|98/100|[from] item: Leftovers\n|upkeep\n|turn|2\n|inactive|Time left: 300 sec this turn | 300 sec total\n|\n|t:|1783567394\n|move|p2a: Volcanion|Flamethrower|p1a: Phione\n|-resisted|p1a: Phione\n|-damage|p1a: Phione|80/100\n|move|p1a: Phione|Sleep Talk||[still]\n|-fail|p1a: Phione\n|\n|-heal|p1a: Phione|87/100|[from] item: Leftovers\n|upkeep\n|turn|3\n|inactive|Time left: 300 sec this turn | 300 sec total\n|\n|t:|1783567395\n|move|p2a: Volcanion|Flame Charge|p1a: Phione\n|-resisted|p1a: Phione\n|-damage|p1a: Phione|77/100\n|-boost|p2a: Volcanion|spe|1\n|move|p1a: Phione|Sleep Talk||[still]\n|-fail|p1a: Phione\n|\n|-heal|p1a: Phione|83/100|[from] item: Leftovers\n|upkeep\n|turn|4\n|inactive|Time left: 300 sec this turn | 300 sec total\n|\n|t:|1783567396\n|move|p2a: Volcanion|Steam Eruption|p1a: Phione\n|-resisted|p1a: Phione\n|-damage|p1a: Phione|62/100\n|move|p1a: Phione|Sleep Talk||[still]\n|-fail|p1a: Phione\n|\n|-heal|p1a: Phione|68/100|[from] item: Leftovers\n|upkeep\n|turn|5\n|inactive|Time left: 300 sec this turn | 300 sec total\n|\n|t:|1783567397\n|move|p2a: Volcanion|Steam Eruption|p1a: Phione\n|-resisted|p1a: Phione\n|-damage|p1a: Phione|46/100\n|move|p1a: Phione|Rest|p1a: Phione\n|-status|p1a: Phione|slp|[from] move: Rest\n|-heal|p1a: Phione|100/100 slp|[silent]\n|\n|upkeep\n|turn|6\n|inactive|Time left: 300 sec this turn | 300 sec total\n|\n|t:|1783567398\n|move|p2a: Volcanion|Steam Eruption|p1a: Phione\n|-resisted|p1a: Phione\n|-damage|p1a: Phione|77/100 slp\n|cant|p1a: Phione|slp\n|\n|-heal|p1a: Phione|83/100 slp|[from] item: Leftovers\n|upkeep\n|turn|7\n|inactive|Time left: 300 sec this turn | 300 sec total\n|\n|t:|1783567399\n|move|p2a: Volcanion|Earth Power|p1a: Phione\n|-damage|p1a: Phione|57/100 slp\n|cant|p1a: Phione|slp\n|\n|-heal|p1a: Phione|64/100 slp|[from] item: Leftovers\n|upkeep\n|turn|8\n|inactive|Time left: 300 sec this turn | 300 sec total\n|\n|t:|1783567400\n|move|p2a: Volcanion|Earth Power|p1a: Phione\n|-damage|p1a: Phione|37/100 slp\n|-curestatus|p1a: Phione|slp|[msg]\n|move|p1a: Phione|Rest|p1a: Phione\n|-status|p1a: Phione|slp|[from] move: Rest\n|-heal|p1a: Phione|100/100 slp|[silent]\n|\n|upkeep\n|turn|9\n|inactive|Time left: 300 sec this turn | 300 sec total\n|\n|t:|1783567401\n|move|p2a: Volcanion|Steam Eruption|p1a: Phione\n|-resisted|p1a: Phione\n|-damage|p1a: Phione|80/100 slp\n|cant|p1a: Phione|slp\n|move|p1a: Phione|Sleep Talk|p1a: Phione\n|move|p1a: Phione|Take Heart|p1a: Phione|[from] move: Sleep Talk\n|-boost|p1a: Phione|spa|1\n|-boost|p1a: Phione|spd|1\n|-curestatus|p1a: Phione|slp|[msg]\n|\n|-heal|p1a: Phione|86/100|[from] item: Leftovers\n|upkeep\n|turn|10\n|inactive|Time left: 300 sec this turn | 300 sec total\n|\n|t:|1783567402\n|move|p2a: Volcanion|Flame Charge|p1a: Phione\n|-resisted|p1a: Phione\n|-damage|p1a: Phione|77/100\n|-boost|p2a: Volcanion|spe|1\n|move|p1a: Phione|Take Heart|p1a: Phione\n|-boost|p1a: Phione|spa|1\n|-boost|p1a: Phione|spd|1\n|\n|-heal|p1a: Phione|83/100|[from] item: Leftovers\n|upkeep\n|turn|11\n|inactive|Time left: 300 sec this turn | 300 sec total\n|\n|t:|1783567403\n|move|p2a: Volcanion|Flame Charge|p1a: Phione\n|-resisted|p1a: Phione\n|-damage|p1a: Phione|75/100\n|-boost|p2a: Volcanion|spe|1\n|move|p1a: Phione|Scald|p2a: Volcanion\n|-immune|p2a: Volcanion|[from] ability: Water Absorb\n|\n|-heal|p1a: Phione|81/100|[from] item: Leftovers\n|upkeep\n|turn|12\n|inactive|Time left: 300 sec this turn | 300 sec total\n|\n|t:|1783567404\n|move|p2a: Volcanion|Earth Power|p1a: Phione\n|-damage|p1a: Phione|68/100\n|move|p1a: Phione|Scald|p2a: Volcanion\n|-immune|p2a: Volcanion|[from] ability: Water Absorb\n|\n|-heal|p1a: Phione|75/100|[from] item: Leftovers\n|upkeep\n|turn|13\n|inactive|Time left: 300 sec this turn | 300 sec total\n|\n|t:|1783567405\n|move|p2a: Volcanion|Earth Power|p1a: Phione\n|-damage|p1a: Phione|63/100\n|move|p1a: Phione|Scald|p2a: Volcanion\n|-immune|p2a: Volcanion|[from] ability: Water Absorb\n|\n|-heal|p1a: Phione|69/100|[from] item: Leftovers\n|upkeep\n|turn|14\n|inactive|Time left: 300 sec this turn | 300 sec total\n|\n|t:|1783567406\n|move|p2a: Volcanion|Flamethrower|p1a: Phione\n|-resisted|p1a: Phione\n|-damage|p1a: Phione|61/100\n|move|p1a: Phione|Rest|p1a: Phione\n|-status|p1a: Phione|slp|[from] move: Rest\n|-heal|p1a: Phione|100/100 slp|[silent]\n|\n|upkeep\n|turn|15\n|inactive|Time left: 300 sec this turn | 300 sec total\n|\n|t:|1783567407\n|move|p2a: Volcanion|Steam Eruption|p1a: Phione\n|-resisted|p1a: Phione\n|-damage|p1a: Phione|89/100 slp\n|cant|p1a: Phione|slp\n|\n|-heal|p1a: Phione|95/100 slp|[from] item: Leftovers\n|upkeep\n|turn|16\n|inactive|Time left: 300 sec this turn | 300 sec total\n|\n|t:|1783567408\n|move|p2a: Volcanion|Flamethrower|p1a: Phione\n|-resisted|p1a: Phione\n|-damage|p1a: Phione|87/100 slp\n|cant|p1a: Phione|slp\n|\n|-heal|p1a: Phione|93/100 slp|[from] item: Leftovers\n|upkeep\n|turn|17\n|inactive|Time left: 300 sec this turn | 300 sec total\n|\n|t:|1783567409\n|move|p2a: Volcanion|Flamethrower|p1a: Phione\n|-resisted|p1a: Phione\n|-damage|p1a: Phione|83/100 slp\n|-curestatus|p1a: Phione|slp|[msg]\n|move|p1a: Phione|Scald|p2a: Volcanion\n|-immune|p2a: Volcanion|[from] ability: Water Absorb\n|\n|-heal|p1a: Phione|90/100|[from] item: Leftovers\n|upkeep\n|turn|18\n|inactive|Time left: 300 sec this turn | 300 sec total\n|\n|t:|1783567410\n|move|p2a: Volcanion|Steam Eruption|p1a: Phione\n|-resisted|p1a: Phione\n|-damage|p1a: Phione|78/100\n|-status|p1a: Phione|brn\n|move|p1a: Phione|Scald|p2a: Volcanion\n|-immune|p2a: Volcanion|[from] ability: Water Absorb\n|\n|-heal|p1a: Phione|84/100 brn|[from] item: Leftovers\n|-damage|p1a: Phione|78/100 brn|[from] brn\n|upkeep\n|turn|19\n|inactive|Time left: 300 sec this turn | 300 sec total\n|\n|t:|1783567411\n|move|p2a: Volcanion|Flamethrower|p1a: Phione\n|-resisted|p1a: Phione\n|-damage|p1a: Phione|69/100 brn\n|move|p1a: Phione|Scald|p2a: Volcanion\n|-immune|p2a: Volcanion|[from] ability: Water Absorb\n|\n|-heal|p1a: Phione|75/100 brn|[from] item: Leftovers\n|-damage|p1a: Phione|69/100 brn|[from] brn\n|upkeep\n|turn|20\n|inactive|Time left: 300 sec this turn | 300 sec total\n|\n|t:|1783567412\n|move|p2a: Volcanion|Earth Power|p1a: Phione\n|-damage|p1a: Phione|57/100 brn\n|move|p1a: Phione|Rest|p1a: Phione\n|-status|p1a: Phione|slp|[from] move: Rest\n|-heal|p1a: Phione|100/100 slp|[silent]\n|\n|upkeep\n|turn|21\n|inactive|Time left: 300 sec this turn | 300 sec total\n|\n|t:|1783567413\n|move|p2a: Volcanion|Steam Eruption|p1a: Phione\n|-resisted|p1a: Phione\n|-damage|p1a: Phione|89/100 slp\n|cant|p1a: Phione|slp\n|move|p1a: Phione|Sleep Talk|p1a: Phione\n|move|p1a: Phione|Scald|p2a: Volcanion|[from] move: Sleep Talk\n|-immune|p2a: Volcanion|[from] ability: Water Absorb\n|\n|-heal|p1a: Phione|95/100 slp|[from] item: Leftovers\n|upkeep\n|turn|22\n|inactive|Time left: 300 sec this turn | 300 sec total\n|\n|t:|1783567414\n|move|p2a: Volcanion|Earth Power|p1a: Phione\n|-damage|p1a: Phione|84/100 slp\n|cant|p1a: Phione|slp\n|\n|-heal|p1a: Phione|90/100 slp|[from] item: Leftovers\n|upkeep\n|turn|23\n|inactive|Time left: 300 sec this turn | 300 sec total\n|\n|t:|1783567415\n|move|p2a: Volcanion|Earth Power|p1a: Phione\n|-damage|p1a: Phione|78/100 slp\n|-curestatus|p1a: Phione|slp|[msg]\n|move|p1a: Phione|Scald|p2a: Volcanion\n|-immune|p2a: Volcanion|[from] ability: Water Absorb\n|\n|-heal|p1a: Phione|84/100|[from] item: Leftovers\n|upkeep\n|turn|24\n|inactive|Time left: 300 sec this turn | 300 sec total\n|\n|t:|1783567416\n|move|p2a: Volcanion|Steam Eruption|p1a: Phione|[miss]\n|-miss|p2a: Volcanion|p1a: Phione\n|move|p1a: Phione|Scald|p2a: Volcanion\n|-immune|p2a: Volcanion|[from] ability: Water Absorb\n|\n|-heal|p1a: Phione|90/100|[from] item: Leftovers\n|upkeep\n|turn|25\n|inactive|Time left: 300 sec this turn | 300 sec total\n|\n|t:|1783567417\n|move|p2a: Volcanion|Earth Power|p1a: Phione\n|-damage|p1a: Phione|77/100\n|move|p1a: Phione|Scald|p2a: Volcanion\n|-immune|p2a: Volcanion|[from] ability: Water Absorb\n|\n|-heal|p1a: Phione|83/100|[from] item: Leftovers\n|upkeep\n|turn|26\n|inactive|Time left: 300 sec this turn | 300 sec total\n|\n|t:|1783567418\n|move|p2a: Volcanion|Earth Power|p1a: Phione\n|-damage|p1a: Phione|69/100\n|move|p1a: Phione|Scald|p2a: Volcanion\n|-immune|p2a: Volcanion|[from] ability: Water Absorb\n|\n|-heal|p1a: Phione|76/100|[from] item: Leftovers\n|upkeep\n|turn|27\n|inactive|Time left: 300 sec this turn | 300 sec total\n|\n|t:|1783567419\n|move|p2a: Volcanion|Earth Power|p1a: Phione\n|-damage|p1a: Phione|63/100\n|-unboost|p1a: Phione|spd|1\n|move|p1a: Phione|Scald|p2a: Volcanion\n|-immune|p2a: Volcanion|[from] ability: Water Absorb\n|\n|-heal|p1a: Phione|69/100|[from] item: Leftovers\n|upkeep\n|turn|28\n|inactive|Time left: 300 sec this turn | 300 sec total\n|\n|t:|1783567420\n|move|p2a: Volcanion|Earth Power|p1a: Phione\n|-damage|p1a: Phione|52/100\n|move|p1a: Phione|Rest|p1a: Phione\n|-status|p1a: Phione|slp|[from] move: Rest\n|-heal|p1a: Phione|100/100 slp|[silent]\n|\n|upkeep\n|turn|29\n|inactive|Time left: 300 sec this turn | 300 sec total\n|\n|t:|1783567421\n|move|p2a: Volcanion|Flamethrower|p1a: Phione\n|-resisted|p1a: Phione\n|-damage|p1a: Phione|89/100 slp\n|cant|p1a: Phione|slp\n|\n|-heal|p1a: Phione|95/100 slp|[from] item: Leftovers\n|upkeep\n|turn|30\n|inactive|Time left: 300 sec this turn | 300 sec total\n|\n|t:|1783567422\n|move|p2a: Volcanion|Flame Charge|p1a: Phione\n|-resisted|p1a: Phione\n|-damage|p1a: Phione|87/100 slp\n|-boost|p2a: Volcanion|spe|1\n|cant|p1a: Phione|slp\n|\n|-heal|p1a: Phione|93/100 slp|[from] item: Leftovers\n|upkeep\n|turn|31\n|inactive|Time left: 300 sec this turn | 300 sec total\n|\n|t:|1783567423\n|move|p2a: Volcanion|Earth Power|p1a: Phione\n|-damage|p1a: Phione|77/100 slp\n|-curestatus|p1a: Phione|slp|[msg]\n|move|p1a: Phione|Scald|p2a: Volcanion\n|-immune|p2a: Volcanion|[from] ability: Water Absorb\n|\n|-heal|p1a: Phione|83/100|[from] item: Leftovers\n|upkeep\n|turn|32\n|inactive|Time left: 300 sec this turn | 300 sec total\n|\n|t:|1783567424\n|move|p2a: Volcanion|Earth Power|p1a: Phione\n|-damage|p1a: Phione|68/100\n|move|p1a: Phione|Scald|p2a: Volcanion\n|-immune|p2a: Volcanion|[from] ability: Water Absorb\n|\n|-heal|p1a: Phione|74/100|[from] item: Leftovers\n|upkeep\n|turn|33\n|inactive|Time left: 300 sec this turn | 300 sec total\n|\n|t:|1783567425\n|move|p2a: Volcanion|Flame Charge|p1a: Phione\n|-resisted|p1a: Phione\n|-damage|p1a: Phione|65/100\n|-boost|p2a: Volcanion|spe|1\n|move|p1a: Phione|Scald|p2a: Volcanion\n|-immune|p2a: Volcanion|[from] ability: Water Absorb\n|\n|-heal|p1a: Phione|71/100|[from] item: Leftovers\n|upkeep\n|turn|34\n|inactive|Time left: 300 sec this turn | 300 sec total\n|\n|t:|1783567426\n|move|p2a: Volcanion|Flamethrower|p1a: Phione\n|-resisted|p1a: Phione\n|-damage|p1a: Phione|58/100\n|move|p1a: Phione|Rest|p1a: Phione\n|-status|p1a: Phione|slp|[from] move: Rest\n|-heal|p1a: Phione|100/100 slp|[silent]\n|\n|upkeep\n|turn|35\n|inactive|Time left: 300 sec this turn | 300 sec total\n|\n|t:|1783567427\n|move|p2a: Volcanion|Earth Power|p1a: Phione\n|-damage|p1a: Phione|85/100 slp\n|cant|p1a: Phione|slp\n|move|p1a: Phione|Sleep Talk|p1a: Phione\n|move|p1a: Phione|Rest||[from] move: Sleep Talk|[still]\n|-fail|p1a: Phione\n|\n|-heal|p1a: Phione|91/100 slp|[from] item: Leftovers\n|upkeep\n|turn|36\n|inactive|Time left: 300 sec this turn | 300 sec total\n|\n|t:|1783567428\n|move|p2a: Volcanion|Earth Power|p1a: Phione\n|-damage|p1a: Phione|75/100 slp\n|cant|p1a: Phione|slp\n|\n|-heal|p1a: Phione|81/100 slp|[from] item: Leftovers\n|upkeep\n|turn|37\n|inactive|Time left: 300 sec this turn | 300 sec total\n|\n|t:|1783567429\n|move|p2a: Volcanion|Flame Charge|p1a: Phione\n|-resisted|p1a: Phione\n|-damage|p1a: Phione|72/100 slp\n|-curestatus|p1a: Phione|slp|[msg]\n|move|p1a: Phione|Scald|p2a: Volcanion\n|-immune|p2a: Volcanion|[from] ability: Water Absorb\n|\n|-heal|p1a: Phione|78/100|[from] item: Leftovers\n|upkeep\n|turn|38\n|inactive|Time left: 300 sec this turn | 300 sec total\n|\n|t:|1783567431\n|move|p2a: Volcanion|Flamethrower|p1a: Phione\n|-resisted|p1a: Phione\n|-damage|p1a: Phione|66/100\n|move|p1a: Phione|Scald|p2a: Volcanion\n|-immune|p2a: Volcanion|[from] ability: Water Absorb\n|\n|-heal|p1a: Phione|72/100|[from] item: Leftovers\n|upkeep\n|turn|39\n|inactive|Time left: 300 sec this turn | 300 sec total\n|\n|t:|1783567432\n|move|p2a: Volcanion|Flamethrower|p1a: Phione\n|-resisted|p1a: Phione\n|-damage|p1a: Phione|60/100\n|move|p1a: Phione|Scald|p2a: Volcanion\n|-immune|p2a: Volcanion|[from] ability: Water Absorb\n|\n|-heal|p1a: Phione|66/100|[from] item: Leftovers\n|upkeep\n|turn|40\n|inactive|Time left: 300 sec this turn | 300 sec total\n|\n|t:|1783567433\n|move|p2a: Volcanion|Flamethrower|p1a: Phione\n|-resisted|p1a: Phione\n|-damage|p1a: Phione|53/100\n|move|p1a: Phione|Scald|p2a: Volcanion\n|-immune|p2a: Volcanion|[from] ability: Water Absorb\n|\n|-heal|p1a: Phione|59/100|[from] item: Leftovers\n|upkeep\n|turn|41\n|inactive|Time left: 300 sec this turn | 300 sec total\n|\n|t:|1783567434\n|move|p2a: Volcanion|Flamethrower|p1a: Phione\n|-resisted|p1a: Phione\n|-damage|p1a: Phione|46/100\n|move|p1a: Phione|Rest|p1a: Phione\n|-status|p1a: Phione|slp|[from] move: Rest\n|-heal|p1a: Phione|100/100 slp|[silent]\n|\n|upkeep\n|turn|42\n|inactive|Time left: 300 sec this turn | 300 sec total\n|\n|t:|1783567435\n|move|p2a: Volcanion|Flamethrower|p1a: Phione\n|-resisted|p1a: Phione\n|-damage|p1a: Phione|87/100 slp\n|cant|p1a: Phione|slp\n|move|p1a: Phione|Sleep Talk|p1a: Phione\n|move|p1a: Phione|Take Heart|p1a: Phione|[from] move: Sleep Talk\n|-boost|p1a: Phione|spa|1\n|-boost|p1a: Phione|spd|1\n|-curestatus|p1a: Phione|slp|[msg]\n|\n|-heal|p1a: Phione|93/100|[from] item: Leftovers\n|upkeep\n|turn|43\n|inactive|Time left: 300 sec this turn | 300 sec total\n|\n|t:|1783567436\n|move|p2a: Volcanion|Flame Charge|p1a: Phione\n|-resisted|p1a: Phione\n|-damage|p1a: Phione|84/100\n|move|p1a: Phione|Scald|p2a: Volcanion\n|-immune|p2a: Volcanion|[from] ability: Water Absorb\n|\n|-heal|p1a: Phione|91/100|[from] item: Leftovers\n|upkeep\n|turn|44\n|inactive|Time left: 300 sec this turn | 300 sec total\n|\n|t:|1783567437\n|move|p2a: Volcanion|Flame Charge|p1a: Phione\n|-resisted|p1a: Phione\n|-damage|p1a: Phione|81/100\n|move|p1a: Phione|Scald|p2a: Volcanion\n|-immune|p2a: Volcanion|[from] ability: Water Absorb\n|\n|-heal|p1a: Phione|87/100|[from] item: Leftovers\n|upkeep\n|turn|45\n|inactive|Time left: 300 sec this turn | 300 sec total\n|\n|t:|1783567438\n|move|p2a: Volcanion|Flamethrower|p1a: Phione\n|-resisted|p1a: Phione\n|-damage|p1a: Phione|78/100\n|move|p1a: Phione|Scald|p2a: Volcanion\n|-immune|p2a: Volcanion|[from] ability: Water Absorb\n|\n|-heal|p1a: Phione|84/100|[from] item: Leftovers\n|upkeep\n|turn|46\n|inactive|Time left: 300 sec this turn | 300 sec total\n|\n|t:|1783567439\n|move|p2a: Volcanion|Flame Charge|p1a: Phione\n|-resisted|p1a: Phione\n|-damage|p1a: Phione|75/100\n|move|p1a: Phione|Scald|p2a: Volcanion\n|-immune|p2a: Volcanion|[from] ability: Water Absorb\n|\n|-heal|p1a: Phione|81/100|[from] item: Leftovers\n|upkeep\n|turn|47\n|inactive|Time left: 300 sec this turn | 300 sec total\n|\n|t:|1783567440\n|move|p2a: Volcanion|Flamethrower|p1a: Phione\n|-resisted|p1a: Phione\n|-damage|p1a: Phione|73/100\n|-status|p1a: Phione|brn\n|move|p1a: Phione|Scald|p2a: Volcanion\n|-immune|p2a: Volcanion|[from] ability: Water Absorb\n|\n|-heal|p1a: Phione|79/100 brn|[from] item: Leftovers\n|-damage|p1a: Phione|73/100 brn|[from] brn\n|upkeep\n|turn|48\n|inactive|Time left: 300 sec this turn | 300 sec total\n|\n|t:|1783567441\n|move|p2a: Volcanion|Flamethrower|p1a: Phione\n|-resisted|p1a: Phione\n|-damage|p1a: Phione|64/100 brn\n|move|p1a: Phione|Take Heart|p1a: Phione\n|-boost|p1a: Phione|spa|1\n|-boost|p1a: Phione|spd|1\n|-curestatus|p1a: Phione|brn|[msg]\n|\n|-heal|p1a: Phione|70/100|[from] item: Leftovers\n|upkeep\n|turn|49\n|inactive|Time left: 300 sec this turn | 300 sec total\n|\n|t:|1783567442\n|move|p2a: Volcanion|Flamethrower|p1a: Phione\n|-resisted|p1a: Phione\n|-damage|p1a: Phione|63/100\n|-status|p1a: Phione|brn\n|move|p1a: Phione|Sleep Talk||[still]\n|-fail|p1a: Phione\n|\n|-heal|p1a: Phione|69/100 brn|[from] item: Leftovers\n|-damage|p1a: Phione|63/100 brn|[from] brn\n|upkeep\n|turn|50\n|inactive|Time left: 300 sec this turn | 300 sec total\n|\n|t:|1783567443\n|switch|p2a: Mienshao|Mienshao, L83, M|243/243\n|move|p1a: Phione|Rest|p1a: Phione\n|-status|p1a: Phione|slp|[from] move: Rest\n|-heal|p1a: Phione|100/100 slp|[silent]\n|\n|upkeep\n|turn|51\n|inactive|Time left: 300 sec this turn | 300 sec total\n|\n|t:|1783567444\n|move|p2a: Mienshao|High Jump Kick|p1a: Phione\n|-damage|p1a: Phione|8/100 slp\n|cant|p1a: Phione|slp\n|move|p1a: Phione|Sleep Talk|p1a: Phione\n|move|p1a: Phione|Take Heart|p1a: Phione|[from] move: Sleep Talk\n|-boost|p1a: Phione|spa|1\n|-boost|p1a: Phione|spd|1\n|-curestatus|p1a: Phione|slp|[msg]\n|\n|-heal|p1a: Phione|14/100|[from] item: Leftovers\n|upkeep\n|turn|52\n|inactive|Time left: 300 sec this turn | 300 sec total\n|\n|t:|1783567445\n|move|p2a: Mienshao|High Jump Kick|p1a: Phione\n|-damage|p1a: Phione|0 fnt\n|faint|p1a: Phione\n|\n|upkeep\n|\n|t:|1783567446\n|switch|p1a: Farigiraf|Farigiraf, L90, M|100/100\n|turn|53\n|inactive|Time left: 300 sec this turn | 300 sec total\n|\n|t:|1783567447\n|-terastallize|p2a: Mienshao|Fighting\n|move|p1a: Farigiraf|Protect|p1a: Farigiraf\n|-singleturn|p1a: Farigiraf|Protect\n|move|p2a: Mienshao|High Jump Kick|p1a: Farigiraf\n|-activate|p1a: Farigiraf|move: Protect\n|-damage|p2a: Mienshao|122/243|[from] highjumpkick\n|\n|upkeep\n|turn|54\n|inactive|Time left: 300 sec this turn | 300 sec total\n|\n|t:|1783567448\n|move|p1a: Farigiraf|Protect|p1a: Farigiraf\n|-singleturn|p1a: Farigiraf|Protect\n|move|p2a: Mienshao|High Jump Kick|p1a: Farigiraf\n|-activate|p1a: Farigiraf|move: Protect\n|-damage|p2a: Mienshao|1/243|[from] highjumpkick\n|\n|upkeep\n|turn|55\n|inactive|Time left: 300 sec this turn | 300 sec total\n|\n|t:|1783567449\n|move|p1a: Farigiraf|Protect||[still]\n|-fail|p1a: Farigiraf\n|move|p2a: Mienshao|High Jump Kick|p1a: Farigiraf\n|-damage|p1a: Farigiraf|0 fnt\n|faint|p1a: Farigiraf\n|\n|upkeep\n|\n|t:|1783567450\n|switch|p1a: Cinderace|Cinderace, L77, F|100/100\n|turn|56\n|inactive|Time left: 300 sec this turn | 300 sec total\n|\n|t:|1783567451\n|move|p1a: Cinderace|U-turn|p2a: Mienshao\n|-start|p1a: Cinderace|typechange|Bug|[from] ability: Libero\n|-resisted|p2a: Mienshao\n|-damage|p2a: Mienshao|0 fnt\n|faint|p2a: Mienshao\n|\n|t:|1783567452\n|switch|p1a: Glastrier|Glastrier, L86|100/100|[from] U-turn\n|\n|upkeep\n|inactive|Time left: 300 sec this turn | 300 sec total | 10 sec grace\n|\n|t:|1783567453\n|switch|p2a: Volcanion|Volcanion, L79|255/255\n|turn|57\n|inactive|Time left: 300 sec this turn | 300 sec total\n|\n|t:|1783567454\n|-terastallize|p1a: Glastrier|Ground\n|move|p2a: Volcanion|Flamethrower|p1a: Glastrier\n|-damage|p1a: Glastrier|73/100\n|move|p1a: Glastrier|High Horsepower|p2a: Volcanion\n|-supereffective|p2a: Volcanion\n|-damage|p2a: Volcanion|15/255\n|\n|upkeep\n|turn|58\n|inactive|Time left: 300 sec this turn | 300 sec total\n|\n|t:|1783567454\n|move|p2a: Volcanion|Flamethrower|p1a: Glastrier\n|-damage|p1a: Glastrier|45/100\n|move|p1a: Glastrier|High Horsepower|p2a: Volcanion\n|-supereffective|p2a: Volcanion\n|-crit|p2a: Volcanion\n|-damage|p2a: Volcanion|0 fnt\n|faint|p2a: Volcanion\n|-ability|p1a: Glastrier|Chilling Neigh|boost\n|-boost|p1a: Glastrier|atk|1\n|\n|upkeep\n|inactive|Time left: 300 sec this turn | 300 sec total | 5 sec grace\n|\n|t:|1783567455\n|switch|p2a: Swanna|Swanna, L89, F|278/278\n|turn|59\n|inactive|Time left: 300 sec this turn | 300 sec total\n|\n|t:|1783567456\n|move|p2a: Swanna|Hydro Pump|p1a: Glastrier\n|-supereffective|p1a: Glastrier\n|-damage|p1a: Glastrier|0 fnt\n|faint|p1a: Glastrier\n|\n|upkeep\n|\n|t:|1783567457\n|switch|p1a: Duraludon|Duraludon, L82, M|100/100\n|turn|60\n|inactive|Time left: 300 sec this turn | 300 sec total\n|\n|t:|1783567458\n|move|p2a: Swanna|Hydro Pump|p1a: Duraludon\n|-resisted|p1a: Duraludon\n|-damage|p1a: Duraludon|78/100\n|move|p1a: Duraludon|Flash Cannon|p2a: Swanna\n|-resisted|p2a: Swanna\n|-damage|p2a: Swanna|220/278\n|\n|upkeep\n|turn|61\n|inactive|Time left: 300 sec this turn | 300 sec total\n|\n|t:|1783567459\n|move|p2a: Swanna|Hydro Pump|p1a: Duraludon|[miss]\n|-miss|p2a: Swanna|p1a: Duraludon\n|move|p1a: Duraludon|Body Press|p2a: Swanna\n|-resisted|p2a: Swanna\n|-damage|p2a: Swanna|185/278\n|\n|upkeep\n|turn|62\n|inactive|Time left: 300 sec this turn | 300 sec total\n|\n|t:|1783567460\n|move|p2a: Swanna|Roost|p2a: Swanna\n|-heal|p2a: Swanna|278/278\n|-singleturn|p2a: Swanna|move: Roost\n|move|p1a: Duraludon|Flash Cannon|p2a: Swanna\n|-resisted|p2a: Swanna\n|-damage|p2a: Swanna|220/278\n|\n|upkeep\n|turn|63\n|inactive|Time left: 300 sec this turn | 300 sec total\n|\n|t:|1783567461\n|move|p2a: Swanna|Hydro Pump|p1a: Duraludon\n|-resisted|p1a: Duraludon\n|-damage|p1a: Duraludon|52/100\n|move|p1a: Duraludon|Body Press|p2a: Swanna\n|-resisted|p2a: Swanna\n|-damage|p2a: Swanna|182/278\n|\n|upkeep\n|turn|64\n|inactive|Time left: 300 sec this turn | 300 sec total\n|\n|t:|1783567462\n|move|p2a: Swanna|Roost|p2a: Swanna\n|-heal|p2a: Swanna|278/278\n|-singleturn|p2a: Swanna|move: Roost\n|move|p1a: Duraludon|Flash Cannon|p2a: Swanna\n|-resisted|p2a: Swanna\n|-damage|p2a: Swanna|223/278\n|\n|upkeep\n|turn|65\n|inactive|Time left: 300 sec this turn | 300 sec total\n|\n|t:|1783567463\n|move|p2a: Swanna|Hydro Pump|p1a: Duraludon\n|-resisted|p1a: Duraludon\n|-damage|p1a: Duraludon|28/100\n|move|p1a: Duraludon|Draco Meteor|p2a: Swanna\n|-damage|p2a: Swanna|48/278\n|-unboost|p1a: Duraludon|spa|2\n|\n|upkeep\n|turn|66\n|inactive|Time left: 300 sec this turn | 300 sec total\n|\n|t:|1783567464\n|move|p2a: Swanna|Roost|p2a: Swanna\n|-heal|p2a: Swanna|187/278\n|-singleturn|p2a: Swanna|move: Roost\n|move|p1a: Duraludon|Draco Meteor|p2a: Swanna\n|-damage|p2a: Swanna|93/278\n|-unboost|p1a: Duraludon|spa|2\n|\n|upkeep\n|turn|67\n|inactive|Time left: 300 sec this turn | 300 sec total\n|\n|t:|1783567465\n|move|p2a: Swanna|Roost|p2a: Swanna\n|-heal|p2a: Swanna|232/278\n|-singleturn|p2a: Swanna|move: Roost\n|move|p1a: Duraludon|Dragon Tail|p2a: Swanna\n|-damage|p2a: Swanna|166/278\n|drag|p2a: Annihilape|Annihilape, L76, M|292/292\n|\n|upkeep\n|turn|68\n|inactive|Time left: 300 sec this turn | 300 sec total\n|\n|t:|1783567466\n|switch|p1a: Glimmora|Glimmora, L75, M|100/100\n|move|p2a: Annihilape|Bulk Up|p2a: Annihilape\n|-boost|p2a: Annihilape|atk|1\n|-boost|p2a: Annihilape|def|1\n|\n|upkeep\n|turn|69\n|inactive|Time left: 300 sec this turn | 300 sec total\n|\n|t:|1783567467\n|move|p2a: Annihilape|Drain Punch|p1a: Glimmora\n|-damage|p1a: Glimmora|50/100\n|-activate|p1a: Glimmora|ability: Toxic Debris\n|-sidestart|p2: p0y24486803|move: Toxic Spikes\n|move|p1a: Glimmora|Meteor Beam||[still]\n|-prepare|p1a: Glimmora|Meteor Beam\n|-boost|p1a: Glimmora|spa|1\n|-enditem|p1a: Glimmora|Power Herb\n|-anim|p1a: Glimmora|Meteor Beam|p2a: Annihilape\n|-resisted|p2a: Annihilape\n|-damage|p2a: Annihilape|187/292\n|\n|upkeep\n|turn|70\n|inactive|Time left: 300 sec this turn | 300 sec total\n|\n|t:|1783567468\n|move|p2a: Annihilape|Drain Punch|p1a: Glimmora\n|-damage|p1a: Glimmora|0 fnt\n|-heal|p2a: Annihilape|248/292|[from] drain|[of] p1a: Glimmora\n|-activate|p1a: Glimmora|ability: Toxic Debris\n|-sidestart|p2: p0y24486803|move: Toxic Spikes\n|faint|p1a: Glimmora\n|\n|upkeep\n|\n|t:|1783567469\n|switch|p1a: Cinderace|Cinderace, L77, F|100/100\n|turn|71\n|inactive|Time left: 300 sec this turn | 300 sec total\n|\n|t:|1783567470\n|move|p1a: Cinderace|Will-O-Wisp|p2a: Annihilape|[miss]\n|-miss|p1a: Cinderace|p2a: Annihilape\n|move|p2a: Annihilape|Drain Punch|p1a: Cinderace\n|-damage|p1a: Cinderace|42/100\n|-heal|p2a: Annihilape|292/292|[from] drain|[of] p1a: Cinderace\n|\n|upkeep\n|turn|72\n|inactive|Time left: 300 sec this turn | 300 sec total\n|\n|t:|1783567471\n|move|p1a: Cinderace|Will-O-Wisp|p2a: Annihilape\n|-status|p2a: Annihilape|brn\n|move|p2a: Annihilape|Drain Punch|p1a: Cinderace\n|-damage|p1a: Cinderace|16/100\n|\n|-damage|p2a: Annihilape|274/292 brn|[from] brn\n|upkeep\n|turn|73\n|inactive|Time left: 300 sec this turn | 300 sec total\n|\n|t:|1783567472\n|move|p1a: Cinderace|Pyro Ball|p2a: Annihilape\n|-damage|p2a: Annihilape|184/292 brn\n|move|p2a: Annihilape|Rest|p2a: Annihilape\n|-status|p2a: Annihilape|slp|[from] move: Rest\n|-heal|p2a: Annihilape|292/292 slp|[silent]\n|-enditem|p2a: Annihilape|Chesto Berry|[eat]\n|-curestatus|p2a: Annihilape|slp|[msg]\n|\n|upkeep\n|turn|74\n|inactive|Time left: 300 sec this turn | 300 sec total\n|\n|t:|1783567473\n|move|p1a: Cinderace|Will-O-Wisp|p2a: Annihilape\n|-status|p2a: Annihilape|brn\n|move|p2a: Annihilape|Drain Punch|p1a: Cinderace\n|-damage|p1a: Cinderace|0 fnt\n|faint|p1a: Cinderace\n|\n|-damage|p2a: Annihilape|274/292 brn|[from] brn\n|upkeep\n|\n|t:|1783567474\n|switch|p1a: Duraludon|Duraludon, L82, M|28/100\n|turn|75\n|inactive|Time left: 300 sec this turn | 300 sec total\n|\n|t:|1783567475\n|move|p2a: Annihilape|Drain Punch|p1a: Duraludon\n|-supereffective|p1a: Duraludon\n|-damage|p1a: Duraludon|3/100\n|-heal|p2a: Annihilape|292/292 brn|[from] drain|[of] p1a: Duraludon\n|move|p1a: Duraludon|Dragon Tail|p2a: Annihilape\n|-damage|p2a: Annihilape|244/292 brn\n|drag|p2a: Swanna|Swanna, L89, F|166/278\n|\n|upkeep\n|turn|76\n|inactive|Time left: 300 sec this turn | 300 sec total\n|\n|t:|1783567476\n|move|p2a: Swanna|Brave Bird|p1a: Duraludon\n|-resisted|p1a: Duraludon\n|-damage|p1a: Duraludon|0 fnt\n|faint|p1a: Duraludon\n|-damage|p2a: Swanna|164/278|[from] Recoil\n|\n|win|p0y24486803", "uploadtime": 1783567476, "views": 0, "rating": 0, "private": 0, "password": null, "_winner": "p0y24486803", "_our_name": "p0y24486803"}