{"id": "battle-gen9randombattle-19", "formatid": "gen9randombattle", "format": "[Gen 9] Random Battle", "players": ["p0x018a784", "p0y0180a09"], "log": "|init|battle\n|title|p0x018a784 vs. p0y0180a09\n|j|\u2606p0x018a784\n|j|\u2606p0y0180a09\n|t:|1783534023\n|gametype|singles\n|player|p1|p0x018a784|170|\n|player|p2|p0y0180a09|2|\n|gen|9\n|tier|[Gen 9] Random Battle\n|rule|Species Clause: Limit one of each Pok\u00e9mon\n|rule|HP Percentage Mod: HP is shown in percentages\n|rule|Sleep Clause Mod: Limit one foe put to sleep\n|rule|Illusion Level Mod: Illusion disguises the Pok\u00e9mon's true level\n|\n|t:|1783534023\n|teamsize|p1|6\n|teamsize|p2|6\n|start\n|switch|p1a: Braviary|Braviary-Hisui, L85, M|100/100\n|switch|p2a: Jumpluff|Jumpluff, L87, F|271/271\n|turn|1\n|inactive|Battle timer is ON: inactive players will automatically lose when time's up. (requested by p0x018a784)\n|inactive|Time left: 300 sec this turn | 300 sec total | 60 sec grace\n|inactive|p0y0180a09 also wants the timer to be on.\n|\n|t:|1783534025\n|move|p2a: Jumpluff|Sleep Powder|p1a: Braviary\n|-status|p1a: Braviary|slp|[from] move: Sleep Powder\n|cant|p1a: Braviary|slp\n|\n|upkeep\n|turn|2\n|inactive|Time left: 300 sec this turn | 300 sec total\n|\n|t:|1783534026\n|switch|p2a: Conkeldurr|Conkeldurr, L80, M|299/299\n|-curestatus|p1a: Braviary|slp|[msg]\n|move|p1a: Braviary|Psychic|p2a: Conkeldurr\n|-supereffective|p2a: Conkeldurr\n|-damage|p2a: Conkeldurr|0 fnt\n|faint|p2a: Conkeldurr\n|\n|upkeep\n|inactive|Time left: 300 sec this turn | 300 sec total | 5 sec grace\n|\n|t:|1783534027\n|switch|p2a: Probopass|Probopass, L91, M|257/257\n|turn|3\n|inactive|Time left: 300 sec this turn | 300 sec total\n|\n|t:|1783534028\n|move|p1a: Braviary|Agility|p1a: Braviary\n|-boost|p1a: Braviary|spe|2\n|move|p2a: Probopass|Power Gem|p1a: Braviary\n|-supereffective|p1a: Braviary\n|-damage|p1a: Braviary|39/100\n|\n|upkeep\n|turn|4\n|inactive|Time left: 300 sec this turn | 300 sec total\n|\n|t:|1783534029\n|switch|p1a: Okidogi|Okidogi, L77, M|100/100\n|move|p2a: Probopass|Power Gem|p1a: Okidogi\n|-resisted|p1a: Okidogi\n|-damage|p1a: Okidogi|83/100\n|\n|-heal|p1a: Okidogi|89/100|[from] item: Leftovers\n|upkeep\n|turn|5\n|inactive|Time left: 300 sec this turn | 300 sec total\n|\n|t:|1783534030\n|switch|p2a: Yanmega|Yanmega, L82, M|275/275\n|move|p1a: Okidogi|Drain Punch|p2a: Yanmega\n|-resisted|p2a: Yanmega\n|-damage|p2a: Yanmega|255/275\n|-heal|p1a: Okidogi|93/100|[from] drain|[of] p2a: Yanmega\n|\n|-heal|p1a: Okidogi|99/100|[from] item: Leftovers\n|upkeep\n|turn|6\n|inactive|Time left: 300 sec this turn | 300 sec total\n|\n|t:|1783534031\n|move|p2a: Yanmega|Air Slash|p1a: Okidogi\n|-supereffective|p1a: Okidogi\n|-damage|p1a: Okidogi|32/100\n|move|p1a: Okidogi|Knock Off|p2a: Yanmega\n|-damage|p2a: Yanmega|180/275\n|-enditem|p2a: Yanmega|Heavy-Duty Boots|[from] move: Knock Off|[of] p1a: Okidogi\n|\n|-heal|p1a: Okidogi|38/100|[from] item: Leftovers\n|-ability|p2a: Yanmega|Speed Boost|boost\n|-boost|p2a: Yanmega|spe|1\n|upkeep\n|turn|7\n|inactive|Time left: 300 sec this turn | 300 sec total\n|\n|t:|1783534032\n|move|p2a: Yanmega|Air Slash|p1a: Okidogi\n|-supereffective|p1a: Okidogi\n|-damage|p1a: Okidogi|0 fnt\n|faint|p1a: Okidogi\n|\n|-ability|p2a: Yanmega|Speed Boost|boost\n|-boost|p2a: Yanmega|spe|1\n|upkeep\n|\n|t:|1783534033\n|switch|p1a: Braviary|Braviary-Hisui, L85, M|39/100\n|turn|8\n|inactive|Time left: 300 sec this turn | 300 sec total\n|\n|t:|1783534034\n|move|p2a: Yanmega|Air Slash|p1a: Braviary\n|-damage|p1a: Braviary|11/100\n|cant|p1a: Braviary|flinch\n|\n|-ability|p2a: Yanmega|Speed Boost|boost\n|-boost|p2a: Yanmega|spe|1\n|upkeep\n|turn|9\n|inactive|Time left: 300 sec this turn | 300 sec total\n|\n|t:|1783534035\n|switch|p1a: Bombirdier|Bombirdier, L85, M|100/100\n|move|p2a: Yanmega|Air Slash|p1a: Bombirdier\n|-damage|p1a: Bombirdier|68/100\n|\n|-ability|p2a: Yanmega|Speed Boost|boost\n|-boost|p2a: Yanmega|spe|1\n|upkeep\n|turn|10\n|inactive|Time left: 300 sec this turn | 300 sec total\n|\n|t:|1783534037\n|move|p2a: Yanmega|Air Slash|p1a: Bombirdier\n|-damage|p1a: Bombirdier|33/100\n|move|p1a: Bombirdier|Brave Bird|p2a: Yanmega\n|-supereffective|p2a: Yanmega\n|-damage|p2a: Yanmega|0 fnt\n|faint|p2a: Yanmega\n|-damage|p1a: Bombirdier|10/100|[from] Recoil\n|\n|upkeep\n|inactive|Time left: 300 sec this turn | 300 sec total | 5 sec grace\n|\n|t:|1783534038\n|switch|p2a: Probopass|Probopass, L91, M|257/257\n|turn|11\n|inactive|Time left: 300 sec this turn | 300 sec total\n|\n|t:|1783534039\n|move|p1a: Bombirdier|Roost|p1a: Bombirdier\n|-heal|p1a: Bombirdier|60/100\n|-singleturn|p1a: Bombirdier|move: Roost\n|move|p2a: Probopass|Body Press|p1a: Bombirdier\n|-supereffective|p1a: Bombirdier\n|-damage|p1a: Bombirdier|0 fnt\n|faint|p1a: Bombirdier\n|\n|upkeep\n|\n|t:|1783534040\n|switch|p1a: Espathra|Espathra, L80, F|100/100\n|turn|12\n|inactive|Time left: 300 sec this turn | 300 sec total\n|\n|t:|1783534040\n|switch|p2a: Groudon|Groudon, L72|263/263\n|-weather|SunnyDay|[from] ability: Drought|[of] p2a: Groudon\n|move|p1a: Espathra|Lumina Crash|p2a: Groudon\n|-damage|p2a: Groudon|128/263\n|-unboost|p2a: Groudon|spd|2\n|\n|-weather|SunnyDay|[upkeep]\n|-heal|p2a: Groudon|144/263|[from] item: Leftovers\n|-ability|p1a: Espathra|Speed Boost|boost\n|-boost|p1a: Espathra|spe|1\n|upkeep\n|turn|13\n|inactive|Time left: 300 sec this turn | 300 sec total\n|\n|t:|1783534041\n|switch|p2a: Delphox|Delphox, L84, F|263/263\n|move|p1a: Espathra|Lumina Crash|p2a: Delphox\n|-resisted|p2a: Delphox\n|-damage|p2a: Delphox|204/263\n|-unboost|p2a: Delphox|spd|2\n|\n|-weather|SunnyDay|[upkeep]\n|-ability|p1a: Espathra|Speed Boost|boost\n|-boost|p1a: Espathra|spe|1\n|upkeep\n|turn|14\n|inactive|Time left: 300 sec this turn | 300 sec total\n|\n|t:|1783534043\n|move|p1a: Espathra|Lumina Crash|p2a: Delphox\n|-resisted|p2a: Delphox\n|-damage|p2a: Delphox|88/263\n|-unboost|p2a: Delphox|spd|2\n|move|p2a: Delphox|Fire Blast|p1a: Espathra\n|-damage|p1a: Espathra|0 fnt\n|faint|p1a: Espathra\n|\n|-weather|SunnyDay|[upkeep]\n|upkeep\n|\n|t:|1783534044\n|switch|p1a: Venusaur|Venusaur, L84, M|100/100\n|turn|15\n|inactive|Time left: 300 sec this turn | 300 sec total\n|\n|t:|1783534045\n|move|p1a: Venusaur|Sludge Bomb|p2a: Delphox\n|-crit|p2a: Delphox\n|-damage|p2a: Delphox|0 fnt\n|faint|p2a: Delphox\n|\n|-weather|SunnyDay|[upkeep]\n|upkeep\n|inactive|Time left: 300 sec this turn | 300 sec total | 5 sec grace\n|\n|t:|1783534046\n|switch|p2a: Groudon|Groudon, L72|144/263\n|turn|16\n|inactive|Time left: 300 sec this turn | 300 sec total\n|\n|t:|1783534047\n|-terastallize|p2a: Groudon|Fire\n|move|p1a: Venusaur|Sleep Powder|p2a: Groudon\n|-status|p2a: Groudon|slp|[from] move: Sleep Powder\n|cant|p2a: Groudon|slp\n|\n|-weather|none\n|-heal|p2a: Groudon|160/263 slp|[from] item: Leftovers\n|upkeep\n|turn|17\n|inactive|Time left: 300 sec this turn | 300 sec total\n|\n|t:|1783534047\n|move|p1a: Venusaur|Sludge Bomb|p2a: Groudon\n|-crit|p2a: Groudon\n|-damage|p2a: Groudon|0 fnt\n|faint|p2a: Groudon\n|\n|upkeep\n|inactive|Time left: 300 sec this turn | 300 sec total | 5 sec grace\n|\n|t:|1783534049\n|switch|p2a: Jumpluff|Jumpluff, L87, F|271/271\n|turn|18\n|inactive|Time left: 300 sec this turn | 300 sec total\n|\n|t:|1783534049\n|move|p2a: Jumpluff|Acrobatics|p1a: Venusaur\n|-supereffective|p1a: Venusaur\n|-damage|p1a: Venusaur|38/100\n|move|p1a: Venusaur|Sludge Bomb|p2a: Jumpluff\n|-supereffective|p2a: Jumpluff\n|-damage|p2a: Jumpluff|107/271\n|\n|-heal|p1a: Venusaur|44/100|[from] item: Leftovers\n|upkeep\n|turn|19\n|inactive|Time left: 300 sec this turn | 300 sec total\n|\n|t:|1783534051\n|-terastallize|p1a: Venusaur|Steel\n|move|p2a: Jumpluff|Acrobatics|p1a: Venusaur\n|-resisted|p1a: Venusaur\n|-damage|p1a: Venusaur|29/100\n|move|p1a: Venusaur|Sludge Bomb|p2a: Jumpluff\n|-supereffective|p2a: Jumpluff\n|-damage|p2a: Jumpluff|0 fnt\n|faint|p2a: Jumpluff\n|\n|-heal|p1a: Venusaur|35/100|[from] item: Leftovers\n|upkeep\n|inactive|Time left: 300 sec this turn | 300 sec total | 5 sec grace\n|\n|t:|1783534052\n|switch|p2a: Probopass|Probopass, L91, M|257/257\n|turn|20\n|inactive|Time left: 300 sec this turn | 300 sec total\n|\n|t:|1783534053\n|move|p1a: Venusaur|Sleep Powder|p2a: Probopass\n|-status|p2a: Probopass|slp|[from] move: Sleep Powder\n|-enditem|p2a: Probopass|Chesto Berry|[eat]\n|-curestatus|p2a: Probopass|slp|[msg]\n|move|p2a: Probopass|Iron Defense|p2a: Probopass\n|-boost|p2a: Probopass|def|2\n|\n|-heal|p1a: Venusaur|42/100|[from] item: Leftovers\n|upkeep\n|turn|21\n|inactive|Time left: 300 sec this turn | 300 sec total\n|\n|t:|1783534054\n|move|p1a: Venusaur|Leech Seed|p2a: Probopass\n|-start|p2a: Probopass|move: Leech Seed\n|move|p2a: Probopass|Body Press|p1a: Venusaur\n|-supereffective|p1a: Venusaur\n|-damage|p1a: Venusaur|0 fnt\n|faint|p1a: Venusaur\n|\n|upkeep\n|\n|t:|1783534055\n|switch|p1a: Greninja|Greninja, L80, M|100/100\n|turn|22\n|inactive|Time left: 300 sec this turn | 300 sec total\n|\n|t:|1783534056\n|move|p1a: Greninja|Hydro Pump|p2a: Probopass\n|-start|p1a: Greninja|typechange|Water|[from] ability: Protean\n|-supereffective|p2a: Probopass\n|-damage|p2a: Probopass|78/257\n|-damage|p1a: Greninja|91/100|[from] item: Life Orb\n|move|p2a: Probopass|Body Press|p1a: Greninja\n|-damage|p1a: Greninja|0 fnt\n|faint|p1a: Greninja\n|\n|upkeep\n|\n|t:|1783534057\n|switch|p1a: Braviary|Braviary-Hisui, L85, M|11/100\n|turn|23\n|inactive|Time left: 300 sec this turn | 300 sec total\n|\n|t:|1783534058\n|move|p1a: Braviary|Heat Wave|p2a: Probopass\n|-damage|p2a: Probopass|0 fnt\n|faint|p2a: Probopass\n|\n|win|p0x018a784", "uploadtime": 1783534058, "views": 0, "rating": 0, "private": 0, "password": null, "_winner": "p0x018a784", "_our_name": "p0y0180a09"}