{"id": "battle-gen9randombattle-2373", "formatid": "gen9randombattle", "format": "[Gen 9] Random Battle", "players": ["p0x23737166", "p0y2373d5c1"], "log": "|init|battle\n|title|p0x23737166 vs. p0y2373d5c1\n|j|\u2606p0x23737166\n|j|\u2606p0y2373d5c1\n|t:|1783567569\n|gametype|singles\n|player|p1|p0x23737166|170|\n|player|p2|p0y2373d5c1|265|\n|gen|9\n|tier|[Gen 9] Random Battle\n|rule|Species Clause: Limit one of each Pok\u00e9mon\n|rule|HP Percentage Mod: HP is shown in percentages\n|rule|Sleep Clause Mod: Limit one foe put to sleep\n|rule|Illusion Level Mod: Illusion disguises the Pok\u00e9mon's true level\n|\n|t:|1783567569\n|teamsize|p1|6\n|teamsize|p2|6\n|start\n|switch|p1a: Dragalge|Dragalge, L88, F|100/100\n|switch|p2a: Cloyster|Cloyster, L80, F|211/211\n|turn|1\n|inactive|Battle timer is ON: inactive players will automatically lose when time's up. (requested by p0x23737166)\n|inactive|Time left: 300 sec this turn | 300 sec total | 60 sec grace\n|inactive|p0y2373d5c1 also wants the timer to be on.\n|\n|t:|1783567570\n|move|p2a: Cloyster|Icicle Spear|p1a: Dragalge\n|-supereffective|p1a: Dragalge\n|-damage|p1a: Dragalge|81/100\n|-supereffective|p1a: Dragalge\n|-damage|p1a: Dragalge|63/100\n|-supereffective|p1a: Dragalge\n|-damage|p1a: Dragalge|43/100\n|-supereffective|p1a: Dragalge\n|-damage|p1a: Dragalge|25/100\n|-supereffective|p1a: Dragalge\n|-damage|p1a: Dragalge|6/100\n|-hitcount|p1a: Dragalge|5\n|move|p1a: Dragalge|Sludge Wave|p2a: Cloyster\n|-damage|p2a: Cloyster|0 fnt\n|faint|p2a: Cloyster\n|\n|-heal|p1a: Dragalge|12/100|[from] item: Leftovers\n|upkeep\n|inactive|Time left: 300 sec this turn | 300 sec total | 65 sec grace\n|\n|t:|1783567571\n|switch|p2a: Skarmory|Skarmory, L80, M|235/235\n|turn|2\n|inactive|Time left: 300 sec this turn | 300 sec total\n|\n|t:|1783567572\n|switch|p1a: Cloyster|Cloyster, L80, M|100/100\n|move|p2a: Skarmory|Stealth Rock|p1a: Cloyster\n|-sidestart|p1: p0x23737166|move: Stealth Rock\n|\n|upkeep\n|turn|3\n|inactive|Time left: 300 sec this turn | 300 sec total\n|\n|t:|1783567573\n|move|p1a: Cloyster|Shell Smash|p1a: Cloyster\n|-unboost|p1a: Cloyster|def|1\n|-unboost|p1a: Cloyster|spd|1\n|-boost|p1a: Cloyster|atk|2\n|-boost|p1a: Cloyster|spa|2\n|-boost|p1a: Cloyster|spe|2\n|-enditem|p1a: Cloyster|White Herb\n|-clearnegativeboost|p1a: Cloyster|[silent]\n|move|p2a: Skarmory|Body Press|p1a: Cloyster\n|-supereffective|p1a: Cloyster\n|-damage|p1a: Cloyster|64/100\n|\n|upkeep\n|turn|4\n|inactive|Time left: 300 sec this turn | 300 sec total\n|\n|t:|1783567574\n|move|p1a: Cloyster|Icicle Spear|p2a: Skarmory\n|-damage|p2a: Skarmory|201/235\n|-damage|p2a: Skarmory|168/235\n|-damage|p2a: Skarmory|134/235\n|-damage|p2a: Skarmory|100/235\n|-damage|p2a: Skarmory|64/235\n|-hitcount|p2a: Skarmory|5\n|move|p2a: Skarmory|Body Press|p1a: Cloyster\n|-supereffective|p1a: Cloyster\n|-damage|p1a: Cloyster|27/100\n|\n|upkeep\n|turn|5\n|inactive|Time left: 300 sec this turn | 300 sec total\n|\n|t:|1783567575\n|move|p1a: Cloyster|Icicle Spear|p2a: Skarmory\n|-damage|p2a: Skarmory|28/235\n|-damage|p2a: Skarmory|0 fnt\n|faint|p2a: Skarmory\n|-hitcount|p2: Skarmory|2\n|\n|upkeep\n|inactive|Time left: 300 sec this turn | 300 sec total | 5 sec grace\n|\n|t:|1783567576\n|switch|p2a: Mandibuzz|Mandibuzz, L85, F|326/326\n|turn|6\n|inactive|Time left: 300 sec this turn | 300 sec total\n|\n|t:|1783567578\n|-terastallize|p2a: Mandibuzz|Steel\n|move|p1a: Cloyster|Icicle Spear|p2a: Mandibuzz\n|-resisted|p2a: Mandibuzz\n|-damage|p2a: Mandibuzz|307/326\n|-resisted|p2a: Mandibuzz\n|-damage|p2a: Mandibuzz|284/326\n|-resisted|p2a: Mandibuzz\n|-damage|p2a: Mandibuzz|263/326\n|-resisted|p2a: Mandibuzz\n|-damage|p2a: Mandibuzz|241/326\n|-resisted|p2a: Mandibuzz\n|-damage|p2a: Mandibuzz|219/326\n|-hitcount|p2a: Mandibuzz|5\n|move|p2a: Mandibuzz|Foul Play|p1a: Cloyster\n|-damage|p1a: Cloyster|0 fnt\n|faint|p1a: Cloyster\n|\n|upkeep\n|\n|t:|1783567578\n|switch|p1a: Perrserker|Perrserker, L89, F|100/100\n|-damage|p1a: Perrserker|95/100|[from] Stealth Rock\n|turn|7\n|inactive|Time left: 300 sec this turn | 300 sec total\n|\n|t:|1783567580\n|move|p2a: Mandibuzz|Foul Play|p1a: Perrserker\n|-damage|p1a: Perrserker|53/100\n|move|p1a: Perrserker|Close Combat|p2a: Mandibuzz\n|-supereffective|p2a: Mandibuzz\n|-damage|p2a: Mandibuzz|0 fnt\n|-unboost|p1a: Perrserker|def|1\n|-unboost|p1a: Perrserker|spd|1\n|faint|p2a: Mandibuzz\n|-damage|p1a: Perrserker|44/100|[from] item: Life Orb\n|\n|upkeep\n|inactive|Time left: 300 sec this turn | 300 sec total | 5 sec grace\n|\n|t:|1783567581\n|switch|p2a: Latias|Latias, L79, F|256/256\n|turn|8\n|inactive|Time left: 300 sec this turn | 300 sec total\n|\n|t:|1783567582\n|move|p2a: Latias|Draco Meteor|p1a: Perrserker\n|-resisted|p1a: Perrserker\n|-damage|p1a: Perrserker|0 fnt\n|-unboost|p2a: Latias|spa|2\n|faint|p1a: Perrserker\n|\n|upkeep\n|\n|t:|1783567583\n|switch|p1a: Scyther|Scyther, L82, M|100/100\n|turn|9\n|inactive|Time left: 300 sec this turn | 300 sec total\n|\n|t:|1783567584\n|switch|p2a: Cinccino|Cinccino, L83, F|260/260\n|move|p1a: Scyther|Swords Dance|p1a: Scyther\n|-boost|p1a: Scyther|atk|2\n|\n|upkeep\n|turn|10\n|inactive|Time left: 300 sec this turn | 300 sec total\n|\n|t:|1783567585\n|-terastallize|p1a: Scyther|Fighting\n|move|p2a: Cinccino|Triple Axel|p1a: Scyther\n|-damage|p1a: Scyther|92/100\n|-crit|p1a: Scyther\n|-damage|p1a: Scyther|65/100\n|-crit|p1a: Scyther\n|-damage|p1a: Scyther|27/100\n|-hitcount|p1a: Scyther|3\n|move|p1a: Scyther|Dual Wingbeat|p2a: Cinccino\n|-damage|p2a: Cinccino|71/260\n|-damage|p2a: Cinccino|0 fnt\n|faint|p2a: Cinccino\n|-hitcount|p2: Cinccino|2\n|\n|upkeep\n|inactive|Time left: 300 sec this turn | 300 sec total | 5 sec grace\n|\n|t:|1783567586\n|switch|p2a: Latias|Latias, L79, F|256/256\n|turn|11\n|inactive|Time left: 300 sec this turn | 300 sec total\n|\n|t:|1783567587\n|move|p2a: Latias|Psyshock|p1a: Scyther\n|-supereffective|p1a: Scyther\n|-damage|p1a: Scyther|0 fnt\n|faint|p1a: Scyther\n|\n|upkeep\n|\n|t:|1783567587\n|switch|p1a: Milotic|Milotic, L83, M|100/100\n|-damage|p1a: Milotic|88/100|[from] Stealth Rock\n|turn|12\n|inactive|Time left: 300 sec this turn | 300 sec total\n|\n|t:|1783567588\n|move|p2a: Latias|Calm Mind|p2a: Latias\n|-boost|p2a: Latias|spa|1\n|-boost|p2a: Latias|spd|1\n|move|p1a: Milotic|Ice Beam|p2a: Latias\n|-supereffective|p2a: Latias\n|-damage|p2a: Latias|194/256\n|\n|-heal|p1a: Milotic|94/100|[from] item: Leftovers\n|upkeep\n|turn|13\n|inactive|Time left: 300 sec this turn | 300 sec total\n|\n|t:|1783567589\n|move|p2a: Latias|Psyshock|p1a: Milotic\n|-damage|p1a: Milotic|38/100\n|move|p1a: Milotic|Dragon Tail|p2a: Latias\n|-supereffective|p2a: Latias\n|-damage|p2a: Latias|136/256\n|drag|p2a: Volbeat|Volbeat, L90, M|263/263\n|\n|-heal|p1a: Milotic|44/100|[from] item: Leftovers\n|upkeep\n|turn|14\n|inactive|Time left: 300 sec this turn | 300 sec total\n|\n|t:|1783567590\n|switch|p1a: Rotom|Rotom, L88|100/100\n|-damage|p1a: Rotom|88/100|[from] Stealth Rock\n|move|p2a: Volbeat|Encore||[still]\n|-fail|p2a: Volbeat\n|\n|upkeep\n|turn|15\n|inactive|Time left: 300 sec this turn | 300 sec total\n|\n|t:|1783567591\n|move|p1a: Rotom|Shadow Ball|p2a: Volbeat\n|-damage|p2a: Volbeat|173/263\n|move|p2a: Volbeat|U-turn|p1a: Rotom\n|-resisted|p1a: Rotom\n|-damage|p1a: Rotom|74/100\n|inactive|Time left: 300 sec this turn | 300 sec total | 5 sec grace\n|\n|t:|1783567592\n|switch|p2a: Latias|Latias, L79, F|136/256|[from] U-turn\n|\n|upkeep\n|turn|16\n|inactive|Time left: 300 sec this turn | 300 sec total\n|\n|t:|1783567592\n|switch|p2a: Volbeat|Volbeat, L90, M|173/263\n|move|p1a: Rotom|Shadow Ball|p2a: Volbeat\n|-damage|p2a: Volbeat|79/263\n|\n|upkeep\n|turn|17\n|inactive|Time left: 300 sec this turn | 300 sec total\n|\n|t:|1783567593\n|move|p2a: Volbeat|Roost|p2a: Volbeat\n|-heal|p2a: Volbeat|211/263\n|-singleturn|p2a: Volbeat|move: Roost\n|move|p1a: Rotom|Shadow Ball|p2a: Volbeat\n|-damage|p2a: Volbeat|126/263\n|\n|upkeep\n|turn|18\n|inactive|Time left: 300 sec this turn | 300 sec total\n|\n|t:|1783567594\n|move|p2a: Volbeat|Roost|p2a: Volbeat\n|-heal|p2a: Volbeat|258/263\n|-singleturn|p2a: Volbeat|move: Roost\n|move|p1a: Rotom|Shadow Ball|p2a: Volbeat\n|-damage|p2a: Volbeat|165/263\n|\n|upkeep\n|turn|19\n|inactive|Time left: 300 sec this turn | 300 sec total\n|\n|t:|1783567595\n|move|p2a: Volbeat|Roost|p2a: Volbeat\n|-heal|p2a: Volbeat|263/263\n|-singleturn|p2a: Volbeat|move: Roost\n|move|p1a: Rotom|Shadow Ball|p2a: Volbeat\n|-damage|p2a: Volbeat|178/263\n|\n|upkeep\n|turn|20\n|inactive|Time left: 300 sec this turn | 300 sec total\n|\n|t:|1783567595\n|move|p2a: Volbeat|Roost|p2a: Volbeat\n|-heal|p2a: Volbeat|263/263\n|-singleturn|p2a: Volbeat|move: Roost\n|move|p1a: Rotom|Shadow Ball|p2a: Volbeat\n|-damage|p2a: Volbeat|170/263\n|\n|upkeep\n|turn|21\n|inactive|Time left: 300 sec this turn | 300 sec total\n|\n|t:|1783567596\n|move|p2a: Volbeat|Roost|p2a: Volbeat\n|-heal|p2a: Volbeat|263/263\n|-singleturn|p2a: Volbeat|move: Roost\n|move|p1a: Rotom|Shadow Ball|p2a: Volbeat\n|-damage|p2a: Volbeat|173/263\n|-unboost|p2a: Volbeat|spd|1\n|\n|upkeep\n|turn|22\n|inactive|Time left: 300 sec this turn | 300 sec total\n|\n|t:|1783567597\n|move|p2a: Volbeat|Roost|p2a: Volbeat\n|-heal|p2a: Volbeat|263/263\n|-singleturn|p2a: Volbeat|move: Roost\n|move|p1a: Rotom|Shadow Ball|p2a: Volbeat\n|-damage|p2a: Volbeat|124/263\n|\n|upkeep\n|turn|23\n|inactive|Time left: 300 sec this turn | 300 sec total\n|\n|t:|1783567598\n|switch|p2a: Latias|Latias, L79, F|136/256\n|move|p1a: Rotom|Shadow Ball|p2a: Latias\n|-supereffective|p2a: Latias\n|-damage|p2a: Latias|0 fnt\n|faint|p2a: Latias\n|\n|upkeep\n|inactive|Time left: 300 sec this turn | 300 sec total | 5 sec grace\n|\n|t:|1783567599\n|switch|p2a: Volbeat|Volbeat, L90, M|124/263\n|turn|24\n|inactive|Time left: 300 sec this turn | 300 sec total\n|\n|t:|1783567600\n|move|p2a: Volbeat|Roost|p2a: Volbeat\n|-heal|p2a: Volbeat|256/263\n|-singleturn|p2a: Volbeat|move: Roost\n|move|p1a: Rotom|Shadow Ball|p2a: Volbeat\n|-damage|p2a: Volbeat|165/263\n|-unboost|p2a: Volbeat|spd|1\n|\n|upkeep\n|turn|25\n|inactive|Time left: 300 sec this turn | 300 sec total\n|\n|t:|1783567601\n|move|p2a: Volbeat|Encore|p1a: Rotom\n|-start|p1a: Rotom|Encore\n|move|p1a: Rotom|Shadow Ball|p2a: Volbeat\n|-damage|p2a: Volbeat|27/263\n|\n|upkeep\n|turn|26\n|inactive|Time left: 300 sec this turn | 300 sec total\n|\n|t:|1783567602\n|move|p2a: Volbeat|Roost|p2a: Volbeat\n|-heal|p2a: Volbeat|159/263\n|-singleturn|p2a: Volbeat|move: Roost\n|move|p1a: Rotom|Shadow Ball|p2a: Volbeat\n|-damage|p2a: Volbeat|27/263\n|\n|upkeep\n|turn|27\n|inactive|Time left: 300 sec this turn | 300 sec total\n|\n|t:|1783567603\n|move|p2a: Volbeat|Encore||[still]\n|-fail|p2a: Volbeat\n|move|p1a: Rotom|Shadow Ball|p2a: Volbeat\n|-damage|p2a: Volbeat|0 fnt\n|faint|p2a: Volbeat\n|\n|win|p0x23737166", "uploadtime": 1783567603, "views": 0, "rating": 0, "private": 0, "password": null, "_winner": "p0x23737166", "_our_name": "p0y2373d5c1"}