{"id": "battle-gen9randombattle-2794", "formatid": "gen9randombattle", "format": "[Gen 9] Random Battle", "players": ["p0x27941464", "p0y2794bbe0"], "log": "|init|battle\n|title|p0x27941464 vs. p0y2794bbe0\n|j|\u2606p0x27941464\n|j|\u2606p0y2794bbe0\n|t:|1783571193\n|gametype|singles\n|player|p1|p0x27941464|170|\n|player|p2|p0y2794bbe0|101|\n|gen|9\n|tier|[Gen 9] Random Battle\n|rule|Species Clause: Limit one of each Pok\u00e9mon\n|rule|HP Percentage Mod: HP is shown in percentages\n|rule|Sleep Clause Mod: Limit one foe put to sleep\n|rule|Illusion Level Mod: Illusion disguises the Pok\u00e9mon's true level\n|\n|t:|1783571193\n|teamsize|p1|6\n|teamsize|p2|6\n|start\n|switch|p1a: Gothitelle|Gothitelle, L90, F|272/272\n|switch|p2a: Grumpig|Grumpig, L92, M|100/100\n|turn|1\n|inactive|Battle timer is ON: inactive players will automatically lose when time's up. (requested by p0x27941464)\n|inactive|p0y2794bbe0 also wants the timer to be on.\n|\n|t:|1783571194\n|move|p2a: Grumpig|Nasty Plot|p2a: Grumpig\n|-boost|p2a: Grumpig|spa|2\n|move|p1a: Gothitelle|Calm Mind|p1a: Gothitelle\n|-boost|p1a: Gothitelle|spa|1\n|-boost|p1a: Gothitelle|spd|1\n|\n|upkeep\n|turn|2\n|inactive|Time left: 300 sec this turn | 300 sec total\n|\n|t:|1783571195\n|move|p2a: Grumpig|Shadow Ball|p1a: Gothitelle\n|-supereffective|p1a: Gothitelle\n|-damage|p1a: Gothitelle|130/272\n|move|p1a: Gothitelle|Calm Mind|p1a: Gothitelle\n|-boost|p1a: Gothitelle|spa|1\n|-boost|p1a: Gothitelle|spd|1\n|\n|-heal|p1a: Gothitelle|147/272|[from] item: Leftovers\n|upkeep\n|turn|3\n|inactive|Time left: 300 sec this turn | 300 sec total\n|\n|t:|1783571196\n|move|p2a: Grumpig|Psyshock|p1a: Gothitelle\n|-resisted|p1a: Gothitelle\n|-damage|p1a: Gothitelle|71/272\n|move|p1a: Gothitelle|Dark Pulse|p2a: Grumpig\n|-supereffective|p2a: Grumpig\n|-damage|p2a: Grumpig|36/100\n|\n|-heal|p2a: Grumpig|42/100|[from] item: Leftovers\n|-heal|p1a: Gothitelle|88/272|[from] item: Leftovers\n|upkeep\n|turn|4\n|inactive|Time left: 300 sec this turn | 300 sec total\n|\n|t:|1783571197\n|move|p2a: Grumpig|Shadow Ball|p1a: Gothitelle\n|-supereffective|p1a: Gothitelle\n|-damage|p1a: Gothitelle|0 fnt\n|faint|p1a: Gothitelle\n|\n|-heal|p2a: Grumpig|48/100|[from] item: Leftovers\n|upkeep\n|inactive|Time left: 300 sec this turn | 300 sec total | 5 sec grace\n|\n|t:|1783571198\n|switch|p1a: Oranguru|Oranguru, L92, M|315/315\n|turn|5\n|inactive|Time left: 300 sec this turn | 300 sec total\n|\n|t:|1783571200\n|move|p2a: Grumpig|Psyshock|p1a: Oranguru\n|-resisted|p1a: Oranguru\n|-damage|p1a: Oranguru|215/315\n|move|p1a: Oranguru|Nasty Plot|p1a: Oranguru\n|-boost|p1a: Oranguru|spa|2\n|\n|-heal|p2a: Grumpig|54/100|[from] item: Leftovers\n|-heal|p1a: Oranguru|234/315|[from] item: Leftovers\n|upkeep\n|turn|6\n|inactive|Time left: 300 sec this turn | 300 sec total\n|\n|t:|1783571201\n|move|p2a: Grumpig|Psyshock|p1a: Oranguru\n|-resisted|p1a: Oranguru\n|-damage|p1a: Oranguru|135/315\n|move|p1a: Oranguru|Psyshock|p2a: Grumpig\n|-resisted|p2a: Grumpig\n|-damage|p2a: Grumpig|18/100\n|\n|-heal|p2a: Grumpig|24/100|[from] item: Leftovers\n|-heal|p1a: Oranguru|154/315|[from] item: Leftovers\n|upkeep\n|turn|7\n|inactive|Time left: 300 sec this turn | 300 sec total\n|\n|t:|1783571202\n|move|p2a: Grumpig|Psyshock|p1a: Oranguru\n|-resisted|p1a: Oranguru\n|-damage|p1a: Oranguru|68/315\n|move|p1a: Oranguru|Psyshock|p2a: Grumpig\n|-resisted|p2a: Grumpig\n|-damage|p2a: Grumpig|0 fnt\n|faint|p2a: Grumpig\n|\n|-heal|p1a: Oranguru|87/315|[from] item: Leftovers\n|upkeep\n|\n|t:|1783571203\n|switch|p2a: Wo-Chien|Wo-Chien, L83|100/100\n|-ability|p2a: Wo-Chien|Tablets of Ruin\n|turn|8\n|inactive|Time left: 300 sec this turn | 300 sec total\n|\n|t:|1783571204\n|move|p2a: Wo-Chien|Knock Off|p1a: Oranguru\n|-supereffective|p1a: Oranguru\n|-damage|p1a: Oranguru|0 fnt\n|-enditem|p1a: Oranguru|Leftovers|[from] move: Knock Off|[of] p2a: Wo-Chien\n|faint|p1a: Oranguru\n|\n|upkeep\n|inactive|Time left: 300 sec this turn | 300 sec total | 5 sec grace\n|\n|t:|1783571205\n|switch|p1a: Arbok|Arbok, L87, F|246/246\n|-ability|p1a: Arbok|Intimidate|boost\n|-unboost|p2a: Wo-Chien|atk|1\n|turn|9\n|inactive|Time left: 300 sec this turn | 300 sec total\n|\n|t:|1783571206\n|switch|p2a: Corviknight|Corviknight, L80, M|100/100\n|move|p1a: Arbok|Coil|p1a: Arbok\n|-boost|p1a: Arbok|atk|1\n|-boost|p1a: Arbok|def|1\n|-boost|p1a: Arbok|accuracy|1\n|\n|upkeep\n|turn|10\n|inactive|Time left: 300 sec this turn | 300 sec total\n|\n|t:|1783571207\n|move|p1a: Arbok|Coil|p1a: Arbok\n|-boost|p1a: Arbok|atk|1\n|-boost|p1a: Arbok|def|1\n|-boost|p1a: Arbok|accuracy|1\n|move|p2a: Corviknight|Brave Bird|p1a: Arbok\n|-crit|p1a: Arbok\n|-damage|p1a: Arbok|69/246\n|-damage|p2a: Corviknight|80/100|[from] Recoil\n|\n|-heal|p1a: Arbok|84/246|[from] item: Leftovers\n|-heal|p2a: Corviknight|87/100|[from] item: Leftovers\n|upkeep\n|turn|11\n|inactive|Time left: 300 sec this turn | 300 sec total\n|\n|t:|1783571208\n|move|p1a: Arbok|Coil|p1a: Arbok\n|-boost|p1a: Arbok|atk|1\n|-boost|p1a: Arbok|def|1\n|-boost|p1a: Arbok|accuracy|1\n|move|p2a: Corviknight|Brave Bird|p1a: Arbok\n|-damage|p1a: Arbok|32/246\n|-damage|p2a: Corviknight|81/100|[from] Recoil\n|\n|-heal|p1a: Arbok|47/246|[from] item: Leftovers\n|-heal|p2a: Corviknight|87/100|[from] item: Leftovers\n|upkeep\n|turn|12\n|inactive|Time left: 300 sec this turn | 300 sec total\n|\n|t:|1783571210\n|move|p1a: Arbok|Coil|p1a: Arbok\n|-boost|p1a: Arbok|atk|1\n|-boost|p1a: Arbok|def|1\n|-boost|p1a: Arbok|accuracy|1\n|move|p2a: Corviknight|Brave Bird|p1a: Arbok\n|-damage|p1a: Arbok|2/246\n|-damage|p2a: Corviknight|82/100|[from] Recoil\n|\n|-heal|p1a: Arbok|17/246|[from] item: Leftovers\n|-heal|p2a: Corviknight|88/100|[from] item: Leftovers\n|upkeep\n|turn|13\n|inactive|Time left: 300 sec this turn | 300 sec total\n|\n|t:|1783571211\n|switch|p1a: Regieleki|Regieleki, L79|256/256\n|move|p2a: Corviknight|Brave Bird|p1a: Regieleki\n|-resisted|p1a: Regieleki\n|-damage|p1a: Regieleki|169/256\n|-damage|p2a: Corviknight|78/100|[from] Recoil\n|\n|-heal|p2a: Corviknight|84/100|[from] item: Leftovers\n|upkeep\n|turn|14\n|inactive|Time left: 300 sec this turn | 300 sec total\n|\n|t:|1783571212\n|switch|p2a: Wo-Chien|Wo-Chien, L83|100/100\n|-ability|p2a: Wo-Chien|Tablets of Ruin\n|move|p1a: Regieleki|Thunderbolt|p2a: Wo-Chien\n|-resisted|p2a: Wo-Chien\n|-damage|p2a: Wo-Chien|82/100\n|\n|-heal|p2a: Wo-Chien|88/100|[from] item: Leftovers\n|upkeep\n|turn|15\n|inactive|Time left: 300 sec this turn | 300 sec total\n|\n|t:|1783571213\n|move|p1a: Regieleki|Volt Switch|p2a: Wo-Chien\n|-resisted|p2a: Wo-Chien\n|-damage|p2a: Wo-Chien|73/100\n|inactive|Time left: 300 sec this turn | 300 sec total | 5 sec grace\n|\n|t:|1783571214\n|switch|p1a: Arbok|Arbok, L87, F|17/246|[from] Volt Switch\n|-ability|p1a: Arbok|Intimidate|boost\n|-unboost|p2a: Wo-Chien|atk|1\n|move|p2a: Wo-Chien|Giga Drain|p1a: Arbok\n|-resisted|p1a: Arbok\n|-damage|p1a: Arbok|0 fnt\n|-heal|p2a: Wo-Chien|76/100|[from] drain|[of] p1a: Arbok\n|faint|p1a: Arbok\n|\n|-heal|p2a: Wo-Chien|82/100|[from] item: Leftovers\n|upkeep\n|inactive|Time left: 300 sec this turn | 300 sec total | 10 sec grace\n|\n|t:|1783571215\n|switch|p1a: Flamigo|Flamigo, L82, M|269/269\n|turn|16\n|inactive|Time left: 300 sec this turn | 300 sec total\n|\n|t:|1783571216\n|-terastallize|p2a: Wo-Chien|Poison\n|move|p1a: Flamigo|Swords Dance|p1a: Flamigo\n|-boost|p1a: Flamigo|atk|2\n|move|p2a: Wo-Chien|Ruination|p1a: Flamigo\n|-damage|p1a: Flamigo|135/269\n|\n|-heal|p2a: Wo-Chien|89/100|[from] item: Leftovers\n|upkeep\n|turn|17\n|inactive|Time left: 300 sec this turn | 300 sec total\n|\n|t:|1783571217\n|move|p1a: Flamigo|Roost|p1a: Flamigo\n|-heal|p1a: Flamigo|269/269\n|-singleturn|p1a: Flamigo|move: Roost\n|move|p2a: Wo-Chien|Giga Drain|p1a: Flamigo\n|-damage|p1a: Flamigo|173/269\n|-heal|p2a: Wo-Chien|100/100|[from] drain|[of] p1a: Flamigo\n|\n|upkeep\n|turn|18\n|inactive|Time left: 300 sec this turn | 300 sec total\n|\n|t:|1783571217\n|move|p1a: Flamigo|Swords Dance|p1a: Flamigo\n|-boost|p1a: Flamigo|atk|2\n|move|p2a: Wo-Chien|Ruination|p1a: Flamigo\n|-damage|p1a: Flamigo|87/269\n|\n|upkeep\n|turn|19\n|inactive|Time left: 300 sec this turn | 300 sec total\n|\n|t:|1783571218\n|move|p1a: Flamigo|Roost|p1a: Flamigo\n|-heal|p1a: Flamigo|222/269\n|-singleturn|p1a: Flamigo|move: Roost\n|move|p2a: Wo-Chien|Ruination|p1a: Flamigo\n|-damage|p1a: Flamigo|111/269\n|\n|upkeep\n|turn|20\n|inactive|Time left: 300 sec this turn | 300 sec total\n|\n|t:|1783571219\n|move|p1a: Flamigo|Roost|p1a: Flamigo\n|-heal|p1a: Flamigo|246/269\n|-singleturn|p1a: Flamigo|move: Roost\n|move|p2a: Wo-Chien|Ruination|p1a: Flamigo\n|-damage|p1a: Flamigo|123/269\n|\n|upkeep\n|turn|21\n|inactive|Time left: 300 sec this turn | 300 sec total\n|\n|t:|1783571220\n|move|p1a: Flamigo|Roost|p1a: Flamigo\n|-heal|p1a: Flamigo|258/269\n|-singleturn|p1a: Flamigo|move: Roost\n|move|p2a: Wo-Chien|Giga Drain|p1a: Flamigo\n|-damage|p1a: Flamigo|155/269\n|\n|upkeep\n|turn|22\n|inactive|Time left: 300 sec this turn | 300 sec total\n|\n|t:|1783571221\n|move|p1a: Flamigo|Brave Bird|p2a: Wo-Chien\n|-damage|p2a: Wo-Chien|0 fnt\n|faint|p2a: Wo-Chien\n|-damage|p1a: Flamigo|64/269|[from] Recoil\n|-damage|p1a: Flamigo|38/269|[from] item: Life Orb\n|\n|upkeep\n|\n|t:|1783571222\n|switch|p2a: Chandelure|Chandelure, L83, M|100/100\n|turn|23\n|inactive|Time left: 300 sec this turn | 300 sec total\n|\n|t:|1783571222\n|move|p2a: Chandelure|Shadow Ball|p1a: Flamigo\n|-damage|p1a: Flamigo|0 fnt\n|faint|p1a: Flamigo\n|\n|upkeep\n|inactive|Time left: 300 sec this turn | 300 sec total | 5 sec grace\n|\n|t:|1783571223\n|switch|p1a: Ludicolo|Ludicolo, L90, F|290/290\n|turn|24\n|inactive|Time left: 300 sec this turn | 300 sec total\n|\n|t:|1783571224\n|switch|p2a: Sceptile|Sceptile, L87, M|100/100\n|move|p1a: Ludicolo|Hydro Pump|p2a: Sceptile\n|-resisted|p2a: Sceptile\n|-damage|p2a: Sceptile|70/100\n|-damage|p1a: Ludicolo|261/290|[from] item: Life Orb\n|\n|-heal|p2a: Sceptile|76/100|[from] item: Leftovers\n|upkeep\n|turn|25\n|inactive|Time left: 300 sec this turn | 300 sec total\n|\n|t:|1783571225\n|move|p2a: Sceptile|Giga Drain|p1a: Ludicolo\n|-damage|p1a: Ludicolo|179/290\n|-heal|p2a: Sceptile|91/100|[from] drain|[of] p1a: Ludicolo\n|move|p1a: Ludicolo|Ice Beam|p2a: Sceptile\n|-supereffective|p2a: Sceptile\n|-damage|p2a: Sceptile|21/100\n|-status|p2a: Sceptile|frz\n|-damage|p1a: Ludicolo|150/290|[from] item: Life Orb\n|\n|-heal|p2a: Sceptile|27/100 frz|[from] item: Leftovers\n|upkeep\n|turn|26\n|inactive|Time left: 300 sec this turn | 300 sec total\n|\n|t:|1783571227\n|cant|p2a: Sceptile|frz\n|move|p1a: Ludicolo|Hydro Pump|p2a: Sceptile\n|-resisted|p2a: Sceptile\n|-damage|p2a: Sceptile|0 fnt\n|faint|p2a: Sceptile\n|-damage|p1a: Ludicolo|121/290|[from] item: Life Orb\n|\n|upkeep\n|\n|t:|1783571228\n|switch|p2a: Chandelure|Chandelure, L83, M|100/100\n|turn|27\n|inactive|Time left: 300 sec this turn | 300 sec total\n|\n|t:|1783571229\n|-terastallize|p1a: Ludicolo|Water\n|move|p2a: Chandelure|Fire Blast|p1a: Ludicolo\n|-resisted|p1a: Ludicolo\n|-damage|p1a: Ludicolo|55/290\n|move|p1a: Ludicolo|Hydro Pump|p2a: Chandelure\n|-supereffective|p2a: Chandelure\n|-damage|p2a: Chandelure|0 fnt\n|faint|p2a: Chandelure\n|-damage|p1a: Ludicolo|26/290|[from] item: Life Orb\n|\n|upkeep\n|\n|t:|1783571229\n|switch|p2a: Corviknight|Corviknight, L80, M|84/100\n|turn|28\n|inactive|Time left: 300 sec this turn | 300 sec total\n|\n|t:|1783571230\n|switch|p1a: Regieleki|Regieleki, L79|169/256\n|move|p2a: Corviknight|U-turn|p1a: Regieleki\n|-damage|p1a: Regieleki|100/256\n|\n|t:|1783571231\n|switch|p2a: Braviary|Braviary, L85, M|100/100|[from] U-turn\n|\n|upkeep\n|turn|29\n|inactive|Time left: 300 sec this turn | 300 sec total\n|\n|t:|1783571232\n|switch|p2a: Corviknight|Corviknight, L80, M|84/100\n|move|p1a: Regieleki|Volt Switch|p2a: Corviknight\n|-supereffective|p2a: Corviknight\n|-damage|p2a: Corviknight|9/100\n|inactive|Time left: 300 sec this turn | 300 sec total | 5 sec grace\n|\n|t:|1783571233\n|switch|p1a: Ludicolo|Ludicolo, L90, F, tera:Water|26/290|[from] Volt Switch\n|\n|-heal|p2a: Corviknight|15/100|[from] item: Leftovers\n|upkeep\n|turn|30\n|inactive|Time left: 300 sec this turn | 300 sec total\n|\n|t:|1783571234\n|switch|p1a: Regieleki|Regieleki, L79|100/256\n|move|p2a: Corviknight|U-turn|p1a: Regieleki\n|-damage|p1a: Regieleki|38/256\n|\n|t:|1783571234\n|switch|p2a: Braviary|Braviary, L85, M|100/100|[from] U-turn\n|\n|upkeep\n|turn|31\n|inactive|Time left: 300 sec this turn | 300 sec total\n|\n|t:|1783571235\n|move|p1a: Regieleki|Volt Switch|p2a: Braviary\n|-supereffective|p2a: Braviary\n|-damage|p2a: Braviary|23/100\n|inactive|Time left: 300 sec this turn | 300 sec total | 5 sec grace\n|\n|t:|1783571236\n|switch|p1a: Ludicolo|Ludicolo, L90, F, tera:Water|26/290|[from] Volt Switch\n|move|p2a: Braviary|Roost|p2a: Braviary\n|-heal|p2a: Braviary|73/100\n|-singleturn|p2a: Braviary|move: Roost\n|\n|upkeep\n|turn|32\n|inactive|Time left: 300 sec this turn | 300 sec total\n|\n|t:|1783571237\n|move|p2a: Braviary|Roost|p2a: Braviary\n|-heal|p2a: Braviary|100/100\n|-singleturn|p2a: Braviary|move: Roost\n|move|p1a: Ludicolo|Ice Beam|p2a: Braviary\n|-damage|p2a: Braviary|69/100\n|-damage|p1a: Ludicolo|0 fnt|[from] item: Life Orb\n|faint|p1a: Ludicolo\n|\n|upkeep\n|inactive|Time left: 300 sec this turn | 300 sec total | 5 sec grace\n|\n|t:|1783571238\n|switch|p1a: Regieleki|Regieleki, L79|38/256\n|turn|33\n|inactive|Time left: 300 sec this turn | 300 sec total\n|\n|t:|1783571239\n|switch|p2a: Corviknight|Corviknight, L80, M|15/100\n|move|p1a: Regieleki|Thunderbolt|p2a: Corviknight\n|-supereffective|p2a: Corviknight\n|-damage|p2a: Corviknight|0 fnt\n|faint|p2a: Corviknight\n|\n|upkeep\n|\n|t:|1783571239\n|switch|p2a: Braviary|Braviary, L85, M|69/100\n|turn|34\n|inactive|Time left: 300 sec this turn | 300 sec total\n|\n|t:|1783571240\n|move|p1a: Regieleki|Volt Switch|p2a: Braviary\n|-supereffective|p2a: Braviary\n|-damage|p2a: Braviary|0 fnt\n|faint|p2a: Braviary\n|\n|win|p0x27941464", "uploadtime": 1783571240, "views": 0, "rating": 0, "private": 0, "password": null, "_winner": "p0x27941464", "_our_name": "p0x27941464"}