{"id": "battle-gen9randombattle-1392", "formatid": "gen9randombattle", "format": "[Gen 9] Random Battle", "players": ["p0x139295f2", "p0y13926488"], "log": "|init|battle\n|title|p0x139295f2 vs. p0y13926488\n|j|\u2606p0x139295f2\n|j|\u2606p0y13926488\n|t:|1783555242\n|gametype|singles\n|player|p1|p0x139295f2|266|\n|player|p2|p0y13926488|265|\n|gen|9\n|tier|[Gen 9] Random Battle\n|rule|Species Clause: Limit one of each Pok\u00e9mon\n|rule|HP Percentage Mod: HP is shown in percentages\n|rule|Sleep Clause Mod: Limit one foe put to sleep\n|rule|Illusion Level Mod: Illusion disguises the Pok\u00e9mon's true level\n|\n|t:|1783555242\n|teamsize|p1|6\n|teamsize|p2|6\n|start\n|switch|p1a: Iron Crown|Iron Crown, L78|268/268\n|switch|p2a: Perrserker|Perrserker, L89, F|100/100\n|turn|1\n|inactive|Battle timer is ON: inactive players will automatically lose when time's up. (requested by p0x139295f2)\n|inactive|p0y13926488 also wants the timer to be on.\n|\n|t:|1783555244\n|move|p1a: Iron Crown|Focus Blast|p2a: Perrserker|[miss]\n|-miss|p1a: Iron Crown|p2a: Perrserker\n|move|p2a: Perrserker|Close Combat|p1a: Iron Crown\n|-damage|p1a: Iron Crown|99/268\n|-unboost|p2a: Perrserker|def|1\n|-unboost|p2a: Perrserker|spd|1\n|-damage|p2a: Perrserker|91/100|[from] item: Life Orb\n|\n|upkeep\n|turn|2\n|inactive|Time left: 300 sec this turn | 300 sec total\n|\n|t:|1783555245\n|switch|p2a: Spidops|Spidops, L96, F|100/100\n|move|p1a: Iron Crown|Focus Blast|p2a: Spidops\n|-resisted|p2a: Spidops\n|-damage|p2a: Spidops|80/100\n|\n|upkeep\n|turn|3\n|inactive|Time left: 300 sec this turn | 300 sec total\n|\n|t:|1783555246\n|move|p1a: Iron Crown|Focus Blast|p2a: Spidops\n|-resisted|p2a: Spidops\n|-damage|p2a: Spidops|57/100\n|move|p2a: Spidops|Sticky Web|p1a: Iron Crown\n|-sidestart|p1: p0x139295f2|move: Sticky Web\n|\n|upkeep\n|turn|4\n|inactive|Time left: 300 sec this turn | 300 sec total\n|\n|t:|1783555247\n|move|p1a: Iron Crown|Focus Blast|p2a: Spidops\n|-resisted|p2a: Spidops\n|-damage|p2a: Spidops|36/100\n|move|p2a: Spidops|Knock Off|p1a: Iron Crown\n|-supereffective|p1a: Iron Crown\n|-damage|p1a: Iron Crown|0 fnt\n|-enditem|p1a: Iron Crown|Choice Specs|[from] move: Knock Off|[of] p2a: Spidops\n|faint|p1a: Iron Crown\n|-end|p1a: Iron Crown|Quark Drive|[silent]\n|\n|upkeep\n|inactive|Time left: 300 sec this turn | 300 sec total | 5 sec grace\n|\n|t:|1783555248\n|switch|p1a: Cinderace|Cinderace, L77, M|249/249\n|turn|5\n|inactive|Time left: 300 sec this turn | 300 sec total\n|\n|t:|1783555250\n|switch|p2a: Noivern|Noivern, L82, F|100/100\n|move|p1a: Cinderace|Court Change|p1a: Cinderace\n|-start|p1a: Cinderace|typechange|Normal|[from] ability: Libero\n|-swapsideconditions\n|-activate|p1a: Cinderace|move: Court Change\n|\n|upkeep\n|turn|6\n|inactive|Time left: 300 sec this turn | 300 sec total\n|\n|t:|1783555251\n|switch|p1a: Alcremie|Alcremie-Ruby-Swirl, L90, F|263/263\n|move|p2a: Noivern|Hurricane|p1a: Alcremie\n|-damage|p1a: Alcremie|140/263\n|-start|p1a: Alcremie|confusion\n|\n|-heal|p1a: Alcremie|156/263|[from] item: Leftovers\n|upkeep\n|turn|7\n|inactive|Time left: 300 sec this turn | 300 sec total\n|\n|t:|1783555252\n|move|p2a: Noivern|Hurricane|p1a: Alcremie\n|-damage|p1a: Alcremie|41/263\n|-activate|p1a: Alcremie|confusion\n|move|p1a: Alcremie|Alluring Voice|p2a: Noivern\n|-supereffective|p2a: Noivern\n|-damage|p2a: Noivern|17/100\n|\n|-heal|p1a: Alcremie|57/263|[from] item: Leftovers\n|upkeep\n|turn|8\n|inactive|Time left: 300 sec this turn | 300 sec total\n|\n|t:|1783555253\n|move|p2a: Noivern|Hurricane|p1a: Alcremie\n|-damage|p1a: Alcremie|0 fnt\n|faint|p1a: Alcremie\n|\n|upkeep\n|inactive|Time left: 300 sec this turn | 300 sec total | 5 sec grace\n|\n|t:|1783555254\n|switch|p1a: Articuno|Articuno, L86|295/295\n|-ability|p1a: Articuno|Pressure\n|turn|9\n|inactive|Time left: 300 sec this turn | 300 sec total\n|\n|t:|1783555256\n|switch|p2a: Regice|Regice, L88|100/100\n|move|p1a: Articuno|Freeze-Dry|p2a: Regice\n|-resisted|p2a: Regice\n|-damage|p2a: Regice|95/100\n|\n|upkeep\n|turn|10\n|inactive|Time left: 300 sec this turn | 300 sec total\n|\n|t:|1783555257\n|move|p1a: Articuno|Brave Bird|p2a: Regice\n|-damage|p2a: Regice|56/100\n|-damage|p1a: Articuno|259/295|[from] Recoil\n|move|p2a: Regice|Ice Beam|p1a: Articuno\n|-damage|p1a: Articuno|175/295\n|\n|upkeep\n|turn|11\n|inactive|Time left: 300 sec this turn | 300 sec total\n|\n|t:|1783555258\n|move|p1a: Articuno|Roost|p1a: Articuno\n|-heal|p1a: Articuno|295/295\n|-singleturn|p1a: Articuno|move: Roost\n|move|p2a: Regice|Thunderbolt|p1a: Articuno\n|-damage|p1a: Articuno|241/295\n|\n|upkeep\n|turn|12\n|inactive|Time left: 300 sec this turn | 300 sec total\n|\n|t:|1783555259\n|move|p1a: Articuno|Brave Bird|p2a: Regice\n|-damage|p2a: Regice|18/100\n|-damage|p1a: Articuno|205/295|[from] Recoil\n|move|p2a: Regice|Ice Beam|p1a: Articuno\n|-damage|p1a: Articuno|123/295\n|\n|upkeep\n|turn|13\n|inactive|Time left: 300 sec this turn | 300 sec total\n|\n|t:|1783555260\n|move|p1a: Articuno|Brave Bird|p2a: Regice\n|-crit|p2a: Regice\n|-damage|p2a: Regice|0 fnt\n|faint|p2a: Regice\n|-damage|p1a: Articuno|106/295|[from] Recoil\n|\n|upkeep\n|\n|t:|1783555261\n|switch|p2a: Noivern|Noivern, L82, F|17/100\n|turn|14\n|inactive|Time left: 300 sec this turn | 300 sec total\n|\n|t:|1783555262\n|move|p2a: Noivern|Draco Meteor|p1a: Articuno\n|-damage|p1a: Articuno|0 fnt\n|-unboost|p2a: Noivern|spa|2\n|faint|p1a: Articuno\n|\n|upkeep\n|inactive|Time left: 300 sec this turn | 300 sec total | 5 sec grace\n|\n|t:|1783555263\n|switch|p1a: Ninetales|Ninetales, L85, F|263/263\n|-weather|SunnyDay|[from] ability: Drought|[of] p1a: Ninetales\n|turn|15\n|inactive|Time left: 300 sec this turn | 300 sec total\n|\n|t:|1783555264\n|move|p2a: Noivern|Draco Meteor|p1a: Ninetales\n|-damage|p1a: Ninetales|169/263\n|-unboost|p2a: Noivern|spa|2\n|move|p1a: Ninetales|Nasty Plot|p1a: Ninetales\n|-boost|p1a: Ninetales|spa|2\n|\n|-weather|SunnyDay|[upkeep]\n|upkeep\n|turn|16\n|inactive|Time left: 300 sec this turn | 300 sec total\n|\n|t:|1783555265\n|move|p2a: Noivern|Draco Meteor|p1a: Ninetales|[miss]\n|-miss|p2a: Noivern|p1a: Ninetales\n|move|p1a: Ninetales|Fire Blast|p2a: Noivern\n|-resisted|p2a: Noivern\n|-damage|p2a: Noivern|0 fnt\n|faint|p2a: Noivern\n|\n|-weather|SunnyDay|[upkeep]\n|upkeep\n|\n|t:|1783555266\n|switch|p2a: Toxapex|Toxapex, L82, F|100/100\n|-activate|p2a: Toxapex|move: Sticky Web\n|-unboost|p2a: Toxapex|spe|1\n|turn|17\n|inactive|Time left: 300 sec this turn | 300 sec total\n|\n|t:|1783555267\n|move|p1a: Ninetales|Scorching Sands|p2a: Toxapex\n|-supereffective|p2a: Toxapex\n|-damage|p2a: Toxapex|48/100\n|move|p2a: Toxapex|Haze|p2a: Toxapex\n|-clearallboost\n|\n|-weather|SunnyDay|[upkeep]\n|upkeep\n|turn|18\n|inactive|Time left: 300 sec this turn | 300 sec total\n|\n|t:|1783555268\n|move|p1a: Ninetales|Nasty Plot|p1a: Ninetales\n|-boost|p1a: Ninetales|spa|2\n|move|p2a: Toxapex|Recover|p2a: Toxapex\n|-heal|p2a: Toxapex|98/100\n|\n|-weather|SunnyDay|[upkeep]\n|upkeep\n|turn|19\n|inactive|Time left: 300 sec this turn | 300 sec total\n|\n|t:|1783555269\n|move|p1a: Ninetales|Scorching Sands|p2a: Toxapex\n|-supereffective|p2a: Toxapex\n|-damage|p2a: Toxapex|39/100\n|move|p2a: Toxapex|Haze|p2a: Toxapex\n|-clearallboost\n|\n|-weather|none\n|upkeep\n|turn|20\n|inactive|Time left: 300 sec this turn | 300 sec total\n|\n|t:|1783555270\n|move|p1a: Ninetales|Nasty Plot|p1a: Ninetales\n|-boost|p1a: Ninetales|spa|2\n|move|p2a: Toxapex|Liquidation|p1a: Ninetales\n|-supereffective|p1a: Ninetales\n|-damage|p1a: Ninetales|35/263\n|\n|upkeep\n|turn|21\n|inactive|Time left: 300 sec this turn | 300 sec total\n|\n|t:|1783555271\n|move|p1a: Ninetales|Scorching Sands|p2a: Toxapex\n|-supereffective|p2a: Toxapex\n|-damage|p2a: Toxapex|0 fnt\n|faint|p2a: Toxapex\n|\n|upkeep\n|\n|t:|1783555272\n|switch|p2a: Pikachu|Pikachu-Partner, L93, M|100/100\n|-activate|p2a: Pikachu|move: Sticky Web\n|-unboost|p2a: Pikachu|spe|1\n|turn|22\n|inactive|Time left: 300 sec this turn | 300 sec total\n|\n|t:|1783555273\n|move|p2a: Pikachu|Fake Out|p1a: Ninetales\n|-damage|p1a: Ninetales|0 fnt\n|faint|p1a: Ninetales\n|\n|upkeep\n|inactive|Time left: 300 sec this turn | 300 sec total | 5 sec grace\n|\n|t:|1783555274\n|switch|p1a: Cinderace|Cinderace, L77, M|249/249\n|turn|23\n|inactive|Time left: 300 sec this turn | 300 sec total\n|\n|t:|1783555275\n|move|p1a: Cinderace|High Jump Kick|p2a: Pikachu\n|-start|p1a: Cinderace|typechange|Fighting|[from] ability: Libero\n|-damage|p2a: Pikachu|12/100\n|move|p2a: Pikachu|Volt Switch|p1a: Cinderace\n|-damage|p1a: Cinderace|107/249\n|\n|t:|1783555275\n|switch|p2a: Perrserker|Perrserker, L89, F|91/100|[from] Volt Switch\n|-activate|p2a: Perrserker|move: Sticky Web\n|-unboost|p2a: Perrserker|spe|1\n|\n|upkeep\n|turn|24\n|inactive|Time left: 300 sec this turn | 300 sec total\n|\n|t:|1783555276\n|-terastallize|p2a: Perrserker|Fighting\n|move|p1a: Cinderace|High Jump Kick|p2a: Perrserker\n|-damage|p2a: Perrserker|48/100\n|move|p2a: Perrserker|Iron Head|p1a: Cinderace\n|-damage|p1a: Cinderace|0 fnt\n|faint|p1a: Cinderace\n|-damage|p2a: Perrserker|39/100|[from] item: Life Orb\n|\n|upkeep\n|inactive|Time left: 300 sec this turn | 300 sec total | 5 sec grace\n|\n|t:|1783555277\n|switch|p1a: Phione|Phione, L91|293/293\n|turn|25\n|inactive|Time left: 300 sec this turn | 300 sec total\n|\n|t:|1783555278\n|move|p1a: Phione|Scald|p2a: Perrserker\n|-damage|p2a: Perrserker|0 fnt\n|faint|p2a: Perrserker\n|\n|upkeep\n|\n|t:|1783555279\n|switch|p2a: Spidops|Spidops, L96, F|36/100\n|turn|26\n|inactive|Time left: 300 sec this turn | 300 sec total\n|\n|t:|1783555280\n|move|p1a: Phione|Scald|p2a: Spidops\n|-damage|p2a: Spidops|5/100\n|move|p2a: Spidops|U-turn|p1a: Phione\n|-damage|p1a: Phione|206/293\n|\n|t:|1783555281\n|switch|p2a: Pikachu|Pikachu-Partner, L93, M|12/100|[from] U-turn\n|-activate|p2a: Pikachu|move: Sticky Web\n|-unboost|p2a: Pikachu|spe|1\n|\n|-heal|p1a: Phione|224/293|[from] item: Leftovers\n|upkeep\n|turn|27\n|inactive|Time left: 300 sec this turn | 300 sec total\n|\n|t:|1783555282\n|-terastallize|p1a: Phione|Steel\n|move|p2a: Pikachu|Fake Out|p1a: Phione\n|-resisted|p1a: Phione\n|-damage|p1a: Phione|201/293\n|cant|p1a: Phione|flinch\n|\n|-heal|p1a: Phione|219/293|[from] item: Leftovers\n|upkeep\n|turn|28\n|inactive|Time left: 300 sec this turn | 300 sec total\n|\n|t:|1783555282\n|switch|p2a: Spidops|Spidops, L96, F|5/100\n|move|p1a: Phione|Scald|p2a: Spidops\n|-damage|p2a: Spidops|0 fnt\n|faint|p2a: Spidops\n|\n|-heal|p1a: Phione|237/293|[from] item: Leftovers\n|upkeep\n|\n|t:|1783555283\n|switch|p2a: Pikachu|Pikachu-Partner, L93, M|12/100\n|-activate|p2a: Pikachu|move: Sticky Web\n|-unboost|p2a: Pikachu|spe|1\n|turn|29\n|inactive|Time left: 300 sec this turn | 300 sec total\n|\n|t:|1783555284\n|move|p2a: Pikachu|Fake Out|p1a: Phione\n|-resisted|p1a: Phione\n|-damage|p1a: Phione|212/293\n|cant|p1a: Phione|flinch\n|\n|-heal|p1a: Phione|230/293|[from] item: Leftovers\n|upkeep\n|turn|30\n|inactive|Time left: 300 sec this turn | 300 sec total\n|\n|t:|1783555285\n|move|p2a: Pikachu|Fake Out||[still]\n|-hint|Fake Out only works on your first turn out.\n|-fail|p2a: Pikachu\n|move|p1a: Phione|Scald|p2a: Pikachu\n|-damage|p2a: Pikachu|0 fnt\n|faint|p2a: Pikachu\n|\n|win|p0x139295f2", "uploadtime": 1783555285, "views": 0, "rating": 0, "private": 0, "password": null, "_winner": "p0x139295f2", "_our_name": "p0x139295f2"}