{"id": "battle-gen9randombattle-230", "formatid": "gen9randombattle", "format": "[Gen 9] Random Battle", "players": ["p0x2307c99", "p0y2308b0b"], "log": "|init|battle\n|title|p0x2307c99 vs. p0y2308b0b\n|j|\u2606p0x2307c99\n|j|\u2606p0y2308b0b\n|t:|1783535916\n|gametype|singles\n|player|p1|p0x2307c99|2|\n|player|p2|p0y2308b0b|101|\n|gen|9\n|tier|[Gen 9] Random Battle\n|rule|Species Clause: Limit one of each Pok\u00e9mon\n|rule|HP Percentage Mod: HP is shown in percentages\n|rule|Sleep Clause Mod: Limit one foe put to sleep\n|rule|Illusion Level Mod: Illusion disguises the Pok\u00e9mon's true level\n|\n|t:|1783535916\n|teamsize|p1|6\n|teamsize|p2|6\n|start\n|switch|p1a: Pawmot|Pawmot, L80, M|243/243\n|switch|p2a: Metagross|Metagross, L79|100/100\n|turn|1\n|inactive|Battle timer is ON: inactive players will automatically lose when time's up. (requested by p0y2308b0b)\n|inactive|Time left: 300 sec this turn | 300 sec total | 60 sec grace\n|inactive|p0x2307c99 also wants the timer to be on.\n|\n|t:|1783535917\n|move|p1a: Pawmot|Double Shock|p2a: Metagross\n|-damage|p2a: Metagross|45/100\n|-start|p1a: Pawmot|typechange|???/Fighting|[from] move: Double Shock\n|-damage|p1a: Pawmot|219/243|[from] item: Life Orb\n|move|p2a: Metagross|Heavy Slam|p1a: Pawmot\n|-damage|p1a: Pawmot|47/243\n|\n|upkeep\n|turn|2\n|inactive|Time left: 300 sec this turn | 300 sec total\n|\n|t:|1783535919\n|move|p1a: Pawmot|Knock Off|p2a: Metagross\n|-supereffective|p2a: Metagross\n|-damage|p2a: Metagross|0 fnt\n|-enditem|p2a: Metagross|Weakness Policy|[from] move: Knock Off|[of] p1a: Pawmot\n|faint|p2a: Metagross\n|-damage|p1a: Pawmot|23/243|[from] item: Life Orb\n|\n|upkeep\n|\n|t:|1783535920\n|switch|p2a: Mewtwo|Mewtwo, L72|100/100\n|-ability|p2a: Mewtwo|Pressure\n|turn|3\n|inactive|Time left: 300 sec this turn | 300 sec total\n|\n|t:|1783535921\n|switch|p1a: Wyrdeer|Wyrdeer, L87, F|321/321\n|-ability|p1a: Wyrdeer|Intimidate|boost\n|-unboost|p2a: Mewtwo|atk|1\n|move|p2a: Mewtwo|Psystrike|p1a: Wyrdeer\n|-resisted|p1a: Wyrdeer\n|-crit|p1a: Wyrdeer\n|-damage|p1a: Wyrdeer|192/321\n|-damage|p2a: Mewtwo|91/100|[from] item: Life Orb\n|\n|-heal|p1a: Wyrdeer|212/321|[from] item: Leftovers\n|upkeep\n|turn|4\n|inactive|Time left: 300 sec this turn | 300 sec total\n|\n|t:|1783535922\n|switch|p2a: Gumshoos|Gumshoos, L95, F|100/100\n|move|p1a: Wyrdeer|Body Slam|p2a: Gumshoos\n|-damage|p2a: Gumshoos|60/100\n|\n|-heal|p1a: Wyrdeer|232/321|[from] item: Leftovers\n|upkeep\n|turn|5\n|inactive|Time left: 300 sec this turn | 300 sec total\n|\n|t:|1783535924\n|move|p1a: Wyrdeer|Body Slam|p2a: Gumshoos\n|-damage|p2a: Gumshoos|26/100\n|move|p2a: Gumshoos|Knock Off|p1a: Wyrdeer\n|-supereffective|p1a: Wyrdeer\n|-damage|p1a: Wyrdeer|0 fnt\n|-enditem|p1a: Wyrdeer|Leftovers|[from] move: Knock Off|[of] p2a: Gumshoos\n|faint|p1a: Wyrdeer\n|\n|upkeep\n|inactive|Time left: 300 sec this turn | 300 sec total | 5 sec grace\n|\n|t:|1783535925\n|switch|p1a: Tornadus|Tornadus, L82, M|264/264\n|turn|6\n|inactive|Time left: 300 sec this turn | 300 sec total\n|\n|t:|1783535926\n|switch|p2a: Porygon2|Porygon2, L81|100/100\n|-ability|p2a: Porygon2|Download|boost\n|-boost|p2a: Porygon2|atk|1\n|move|p1a: Tornadus|Heat Wave|p2a: Porygon2\n|-damage|p2a: Porygon2|82/100\n|\n|upkeep\n|turn|7\n|inactive|Time left: 300 sec this turn | 300 sec total\n|\n|t:|1783535927\n|move|p1a: Tornadus|Nasty Plot|p1a: Tornadus\n|-boost|p1a: Tornadus|spa|2\n|move|p2a: Porygon2|Tri Attack|p1a: Tornadus\n|-damage|p1a: Tornadus|176/264\n|-status|p1a: Tornadus|par\n|\n|upkeep\n|turn|8\n|inactive|Time left: 300 sec this turn | 300 sec total\n|\n|t:|1783535928\n|-terastallize|p2a: Porygon2|Electric\n|move|p2a: Porygon2|Discharge|p1a: Tornadus\n|-supereffective|p1a: Tornadus\n|-damage|p1a: Tornadus|0 fnt\n|faint|p1a: Tornadus\n|\n|upkeep\n|inactive|Time left: 300 sec this turn | 300 sec total | 5 sec grace\n|\n|t:|1783535929\n|switch|p1a: Moltres|Moltres-Galar, L79|271/271\n|turn|9\n|inactive|Time left: 300 sec this turn | 300 sec total\n|\n|t:|1783535931\n|move|p1a: Moltres|Nasty Plot|p1a: Moltres\n|-boost|p1a: Moltres|spa|2\n|move|p2a: Porygon2|Discharge|p1a: Moltres\n|-supereffective|p1a: Moltres\n|-damage|p1a: Moltres|139/271\n|\n|upkeep\n|turn|10\n|inactive|Time left: 300 sec this turn | 300 sec total\n|\n|t:|1783535932\n|-terastallize|p1a: Moltres|Dark\n|move|p1a: Moltres|Fiery Wrath|p2a: Porygon2\n|-damage|p2a: Porygon2|24/100\n|move|p2a: Porygon2|Discharge|p1a: Moltres\n|-damage|p1a: Moltres|66/271\n|-ability|p1a: Moltres|Berserk|boost\n|-boost|p1a: Moltres|spa|1\n|\n|upkeep\n|turn|11\n|inactive|Time left: 300 sec this turn | 300 sec total\n|\n|t:|1783535933\n|switch|p2a: Flamigo|Flamigo, L82, M|100/100\n|move|p1a: Moltres|Rest|p1a: Moltres\n|-status|p1a: Moltres|slp|[from] move: Rest\n|-heal|p1a: Moltres|271/271 slp|[silent]\n|-enditem|p1a: Moltres|Chesto Berry|[eat]\n|-curestatus|p1a: Moltres|slp|[msg]\n|\n|upkeep\n|turn|12\n|inactive|Time left: 300 sec this turn | 300 sec total\n|\n|t:|1783535934\n|switch|p1a: Pawmot|Pawmot, L80, M|23/243\n|move|p2a: Flamigo|Close Combat|p1a: Pawmot\n|-damage|p1a: Pawmot|0 fnt\n|-unboost|p2a: Flamigo|def|1\n|-unboost|p2a: Flamigo|spd|1\n|faint|p1a: Pawmot\n|-damage|p2a: Flamigo|91/100|[from] item: Life Orb\n|\n|upkeep\n|inactive|Time left: 300 sec this turn | 300 sec total | 5 sec grace\n|\n|t:|1783535935\n|switch|p1a: Moltres|Moltres-Galar, L79, tera:Dark|271/271\n|turn|13\n|inactive|Time left: 300 sec this turn | 300 sec total\n|\n|t:|1783535936\n|move|p2a: Flamigo|Close Combat|p1a: Moltres\n|-supereffective|p1a: Moltres\n|-damage|p1a: Moltres|0 fnt\n|-unboost|p2a: Flamigo|def|1\n|-unboost|p2a: Flamigo|spd|1\n|faint|p1a: Moltres\n|-damage|p2a: Flamigo|81/100|[from] item: Life Orb\n|\n|upkeep\n|inactive|Time left: 300 sec this turn | 300 sec total | 5 sec grace\n|\n|t:|1783535937\n|switch|p1a: Goodra|Goodra-Hisui, L82, F, shiny|265/265\n|turn|14\n|inactive|Time left: 300 sec this turn | 300 sec total\n|\n|t:|1783535938\n|switch|p1a: Dewgong|Dewgong, L94, M|322/322\n|move|p2a: Flamigo|Close Combat|p1a: Dewgong\n|-supereffective|p1a: Dewgong\n|-damage|p1a: Dewgong|0 fnt\n|-unboost|p2a: Flamigo|def|1\n|-unboost|p2a: Flamigo|spd|1\n|faint|p1a: Dewgong\n|-damage|p2a: Flamigo|72/100|[from] item: Life Orb\n|\n|upkeep\n|inactive|Time left: 300 sec this turn | 300 sec total | 5 sec grace\n|\n|t:|1783535939\n|switch|p1a: Goodra|Goodra-Hisui, L82, F, shiny|265/265\n|turn|15\n|inactive|Time left: 300 sec this turn | 300 sec total\n|\n|t:|1783535940\n|move|p2a: Flamigo|Close Combat|p1a: Goodra\n|-supereffective|p1a: Goodra\n|-damage|p1a: Goodra|0 fnt\n|-unboost|p2a: Flamigo|def|1\n|-unboost|p2a: Flamigo|spd|1\n|faint|p1a: Goodra\n|-damage|p2a: Flamigo|62/100|[from] item: Life Orb\n|\n|win|p0y2308b0b", "uploadtime": 1783535940, "views": 0, "rating": 0, "private": 0, "password": null, "_winner": "p0y2308b0b", "_our_name": "p0x2307c99"}