{"id": "battle-gen9randombattle-2663", "formatid": "gen9randombattle", "format": "[Gen 9] Random Battle", "players": ["p0x26634416", "p0y2663f769"], "log": "|init|battle\n|title|p0x26634416 vs. p0y2663f769\n|j|\u2606p0x26634416\n|j|\u2606p0y2663f769\n|t:|1783569714\n|gametype|singles\n|player|p1|p0x26634416|2|\n|player|p2|p0y2663f769|265|\n|gen|9\n|tier|[Gen 9] Random Battle\n|rule|Species Clause: Limit one of each Pok\u00e9mon\n|rule|HP Percentage Mod: HP is shown in percentages\n|rule|Sleep Clause Mod: Limit one foe put to sleep\n|rule|Illusion Level Mod: Illusion disguises the Pok\u00e9mon's true level\n|\n|t:|1783569714\n|teamsize|p1|6\n|teamsize|p2|6\n|start\n|switch|p1a: Baxcalibur|Baxcalibur, L75, M|100/100\n|switch|p2a: Arbok|Arbok, L87, M|246/246\n|-ability|p2a: Arbok|Intimidate|boost\n|-unboost|p1a: Baxcalibur|atk|1\n|turn|1\n|inactive|Battle timer is ON: inactive players will automatically lose when time's up. (requested by p0x26634416)\n|inactive|Time left: 300 sec this turn | 300 sec total | 60 sec grace\n|inactive|p0y2663f769 also wants the timer to be on.\n|\n|t:|1783569716\n|move|p2a: Arbok|Gunk Shot|p1a: Baxcalibur\n|-damage|p1a: Baxcalibur|50/100\n|move|p1a: Baxcalibur|Dragon Dance|p1a: Baxcalibur\n|-boost|p1a: Baxcalibur|atk|1\n|-boost|p1a: Baxcalibur|spe|1\n|\n|upkeep\n|turn|2\n|inactive|Time left: 300 sec this turn | 300 sec total\n|\n|t:|1783569717\n|move|p1a: Baxcalibur|Glaive Rush|p2a: Arbok\n|-damage|p2a: Arbok|84/246\n|-singlemove|p1a: Baxcalibur|Glaive Rush|[silent]\n|move|p2a: Arbok|Gunk Shot|p1a: Baxcalibur\n|-damage|p1a: Baxcalibur|0 fnt\n|faint|p1a: Baxcalibur\n|\n|-heal|p2a: Arbok|99/246|[from] item: Leftovers\n|upkeep\n|\n|t:|1783569718\n|switch|p1a: Blastoise|Blastoise, L80, M|100/100\n|turn|3\n|inactive|Time left: 300 sec this turn | 300 sec total\n|\n|t:|1783569719\n|move|p2a: Arbok|Gunk Shot|p1a: Blastoise\n|-damage|p1a: Blastoise|54/100\n|move|p1a: Blastoise|Shell Smash|p1a: Blastoise\n|-unboost|p1a: Blastoise|def|1\n|-unboost|p1a: Blastoise|spd|1\n|-boost|p1a: Blastoise|atk|2\n|-boost|p1a: Blastoise|spa|2\n|-boost|p1a: Blastoise|spe|2\n|-enditem|p1a: Blastoise|White Herb\n|-clearnegativeboost|p1a: Blastoise|[silent]\n|\n|-heal|p2a: Arbok|114/246|[from] item: Leftovers\n|upkeep\n|turn|4\n|inactive|Time left: 300 sec this turn | 300 sec total\n|\n|t:|1783569720\n|move|p1a: Blastoise|Hydro Pump|p2a: Arbok\n|-damage|p2a: Arbok|0 fnt\n|faint|p2a: Arbok\n|\n|upkeep\n|inactive|Time left: 300 sec this turn | 300 sec total | 5 sec grace\n|\n|t:|1783569721\n|switch|p2a: Leavanny|Leavanny, L86, F|269/269\n|turn|5\n|inactive|Time left: 300 sec this turn | 300 sec total\n|\n|t:|1783569722\n|move|p1a: Blastoise|Ice Beam|p2a: Leavanny\n|-supereffective|p2a: Leavanny\n|-damage|p2a: Leavanny|49/269\n|move|p2a: Leavanny|Bullet Seed|p1a: Blastoise\n|-supereffective|p1a: Blastoise\n|-damage|p1a: Blastoise|33/100\n|-supereffective|p1a: Blastoise\n|-damage|p1a: Blastoise|11/100\n|-supereffective|p1a: Blastoise\n|-damage|p1a: Blastoise|0 fnt\n|faint|p1a: Blastoise\n|-hitcount|p1: Blastoise|3\n|\n|upkeep\n|\n|t:|1783569723\n|switch|p1a: Magnezone|Magnezone, L85|100/100\n|turn|6\n|inactive|Time left: 300 sec this turn | 300 sec total\n|\n|t:|1783569724\n|move|p2a: Leavanny|Sticky Web|p1a: Magnezone\n|-sidestart|p1: p0x26634416|move: Sticky Web\n|move|p1a: Magnezone|Thunderbolt|p2a: Leavanny\n|-resisted|p2a: Leavanny\n|-damage|p2a: Leavanny|0 fnt\n|faint|p2a: Leavanny\n|\n|upkeep\n|inactive|Time left: 300 sec this turn | 300 sec total | 5 sec grace\n|\n|t:|1783569725\n|switch|p2a: Misdreavus|Misdreavus, L90, M|254/254\n|turn|7\n|inactive|Time left: 300 sec this turn | 300 sec total\n|\n|t:|1783569726\n|move|p2a: Misdreavus|Calm Mind|p2a: Misdreavus\n|-boost|p2a: Misdreavus|spa|1\n|-boost|p2a: Misdreavus|spd|1\n|move|p1a: Magnezone|Flash Cannon|p2a: Misdreavus\n|-damage|p2a: Misdreavus|196/254\n|\n|upkeep\n|turn|8\n|inactive|Time left: 300 sec this turn | 300 sec total\n|\n|t:|1783569727\n|move|p2a: Misdreavus|Calm Mind|p2a: Misdreavus\n|-boost|p2a: Misdreavus|spa|1\n|-boost|p2a: Misdreavus|spd|1\n|move|p1a: Magnezone|Thunderbolt|p2a: Misdreavus\n|-crit|p2a: Misdreavus\n|-damage|p2a: Misdreavus|42/254\n|\n|upkeep\n|turn|9\n|inactive|Time left: 300 sec this turn | 300 sec total\n|\n|t:|1783569728\n|move|p2a: Misdreavus|Shadow Ball|p1a: Magnezone\n|-damage|p1a: Magnezone|58/100\n|move|p1a: Magnezone|Flash Cannon|p2a: Misdreavus\n|-damage|p2a: Misdreavus|0 fnt\n|faint|p2a: Misdreavus\n|\n|upkeep\n|inactive|Time left: 300 sec this turn | 300 sec total | 5 sec grace\n|\n|t:|1783569729\n|switch|p2a: Seviper|Seviper, L93, F|287/287\n|turn|10\n|inactive|Time left: 300 sec this turn | 300 sec total\n|\n|t:|1783569730\n|move|p2a: Seviper|Earthquake|p1a: Magnezone\n|-supereffective|p1a: Magnezone\n|-damage|p1a: Magnezone|0 fnt\n|faint|p1a: Magnezone\n|-damage|p2a: Seviper|259/287|[from] item: Life Orb\n|\n|upkeep\n|\n|t:|1783569731\n|switch|p1a: Chimecho|Chimecho, L93, M|100/100\n|turn|11\n|inactive|Time left: 300 sec this turn | 300 sec total\n|\n|t:|1783569732\n|-terastallize|p2a: Seviper|Dark\n|move|p1a: Chimecho|Cosmic Power|p1a: Chimecho\n|-boost|p1a: Chimecho|def|1\n|-boost|p1a: Chimecho|spd|1\n|move|p2a: Seviper|Knock Off|p1a: Chimecho\n|-supereffective|p1a: Chimecho\n|-crit|p1a: Chimecho\n|-damage|p1a: Chimecho|0 fnt\n|-enditem|p1a: Chimecho|Leftovers|[from] move: Knock Off|[of] p2a: Seviper\n|faint|p1a: Chimecho\n|-damage|p2a: Seviper|231/287|[from] item: Life Orb\n|\n|upkeep\n|\n|t:|1783569733\n|switch|p1a: Iron Boulder|Iron Boulder, L77|100/100\n|-activate|p1a: Iron Boulder|move: Sticky Web\n|-unboost|p1a: Iron Boulder|spe|1\n|turn|12\n|inactive|Time left: 300 sec this turn | 300 sec total\n|\n|t:|1783569734\n|-terastallize|p1a: Iron Boulder|Fighting\n|move|p2a: Seviper|Knock Off|p1a: Iron Boulder\n|-resisted|p1a: Iron Boulder\n|-crit|p1a: Iron Boulder\n|-damage|p1a: Iron Boulder|40/100\n|-enditem|p1a: Iron Boulder|Life Orb|[from] move: Knock Off|[of] p2a: Seviper\n|-damage|p2a: Seviper|203/287|[from] item: Life Orb\n|move|p1a: Iron Boulder|Close Combat|p2a: Seviper\n|-supereffective|p2a: Seviper\n|-damage|p2a: Seviper|0 fnt\n|-unboost|p1a: Iron Boulder|def|1\n|-unboost|p1a: Iron Boulder|spd|1\n|faint|p2a: Seviper\n|\n|upkeep\n|inactive|Time left: 300 sec this turn | 300 sec total | 5 sec grace\n|\n|t:|1783569735\n|switch|p2a: Clefable|Clefable, L83, F|293/293\n|turn|13\n|inactive|Time left: 300 sec this turn | 300 sec total\n|\n|t:|1783569736\n|move|p1a: Iron Boulder|Zen Headbutt|p2a: Clefable\n|-damage|p2a: Clefable|199/293\n|move|p2a: Clefable|Moonblast|p1a: Iron Boulder\n|-supereffective|p1a: Iron Boulder\n|-damage|p1a: Iron Boulder|0 fnt\n|faint|p1a: Iron Boulder\n|-end|p1a: Iron Boulder|Quark Drive|[silent]\n|\n|upkeep\n|\n|t:|1783569737\n|switch|p1a: Luvdisc|Luvdisc, M|100/100\n|turn|14\n|inactive|Time left: 300 sec this turn | 300 sec total\n|\n|t:|1783569738\n|move|p1a: Luvdisc|Substitute|p1a: Luvdisc\n|-start|p1a: Luvdisc|Substitute\n|-damage|p1a: Luvdisc|76/100\n|move|p2a: Clefable|Moonblast|p1a: Luvdisc\n|-end|p1a: Luvdisc|Substitute\n|\n|upkeep\n|turn|15\n|inactive|Time left: 300 sec this turn | 300 sec total\n|\n|t:|1783569739\n|move|p1a: Luvdisc|Substitute|p1a: Luvdisc\n|-start|p1a: Luvdisc|Substitute\n|-damage|p1a: Luvdisc|51/100\n|move|p2a: Clefable|Moonblast|p1a: Luvdisc\n|-end|p1a: Luvdisc|Substitute\n|\n|upkeep\n|turn|16\n|inactive|Time left: 300 sec this turn | 300 sec total\n|\n|t:|1783569740\n|move|p1a: Luvdisc|Substitute|p1a: Luvdisc\n|-start|p1a: Luvdisc|Substitute\n|-damage|p1a: Luvdisc|26/100\n|move|p2a: Clefable|Moonblast|p1a: Luvdisc\n|-end|p1a: Luvdisc|Substitute\n|\n|upkeep\n|turn|17\n|inactive|Time left: 300 sec this turn | 300 sec total\n|\n|t:|1783569741\n|move|p1a: Luvdisc|Substitute|p1a: Luvdisc\n|-start|p1a: Luvdisc|Substitute\n|-damage|p1a: Luvdisc|2/100\n|move|p2a: Clefable|Moonblast|p1a: Luvdisc\n|-end|p1a: Luvdisc|Substitute\n|\n|upkeep\n|turn|18\n|inactive|Time left: 300 sec this turn | 300 sec total\n|\n|t:|1783569741\n|move|p1a: Luvdisc|Surf|p2a: Clefable\n|-damage|p2a: Clefable|126/293\n|move|p2a: Clefable|Moonblast|p1a: Luvdisc\n|-damage|p1a: Luvdisc|0 fnt\n|faint|p1a: Luvdisc\n|\n|win|p0y2663f769", "uploadtime": 1783569741, "views": 0, "rating": 0, "private": 0, "password": null, "_winner": "p0y2663f769", "_our_name": "p0y2663f769"}