{"id": "battle-gen9randombattle-2117", "formatid": "gen9randombattle", "format": "[Gen 9] Random Battle", "players": ["p0x2117f17e", "p0y21172ef3"], "log": "|init|battle\n|title|p0x2117f17e vs. p0y21172ef3\n|j|\u2606p0x2117f17e\n|j|\u2606p0y21172ef3\n|t:|1783563724\n|gametype|singles\n|player|p1|p0x2117f17e|1|\n|player|p2|p0y21172ef3|102|\n|gen|9\n|tier|[Gen 9] Random Battle\n|rule|Species Clause: Limit one of each Pok\u00e9mon\n|rule|HP Percentage Mod: HP is shown in percentages\n|rule|Sleep Clause Mod: Limit one foe put to sleep\n|rule|Illusion Level Mod: Illusion disguises the Pok\u00e9mon's true level\n|\n|t:|1783563724\n|teamsize|p1|6\n|teamsize|p2|6\n|start\n|switch|p1a: Noctowl|Noctowl, L95, M|100/100\n|switch|p2a: Hydrapple|Hydrapple, L83, M|312/312\n|turn|1\n|inactive|Battle timer is ON: inactive players will automatically lose when time's up. (requested by p0x2117f17e)\n|inactive|Time left: 300 sec this turn | 300 sec total | 60 sec grace\n|\n|t:|1783563726\n|move|p1a: Noctowl|Hurricane|p2a: Hydrapple\n|-supereffective|p2a: Hydrapple\n|-damage|p2a: Hydrapple|10/312\n|move|p2a: Hydrapple|Fickle Beam|p1a: Noctowl\n|-crit|p1a: Noctowl\n|-damage|p1a: Noctowl|67/100\n|\n|-heal|p2a: Hydrapple|29/312|[from] item: Leftovers\n|upkeep\n|turn|2\n|inactive|Time left: 300 sec this turn | 300 sec total\n|inactive|p0y21172ef3 also wants the timer to be on.\n|\n|t:|1783563727\n|switch|p2a: Lapras|Lapras, L87, F|367/367\n|move|p1a: Noctowl|Hurricane|p2a: Lapras|[miss]\n|-miss|p1a: Noctowl|p2a: Lapras\n|\n|upkeep\n|turn|3\n|inactive|Time left: 300 sec this turn | 300 sec total\n|\n|t:|1783563728\n|move|p1a: Noctowl|Hurricane|p2a: Lapras|[miss]\n|-miss|p1a: Noctowl|p2a: Lapras\n|move|p2a: Lapras|Dragon Dance|p2a: Lapras\n|-boost|p2a: Lapras|atk|1\n|-boost|p2a: Lapras|spe|1\n|\n|upkeep\n|turn|4\n|inactive|Time left: 300 sec this turn | 300 sec total\n|\n|t:|1783563729\n|switch|p1a: Skeledirge|Skeledirge, L79, M|100/100\n|move|p2a: Lapras|Icicle Spear|p1a: Skeledirge\n|-resisted|p1a: Skeledirge\n|-damage|p1a: Skeledirge|96/100\n|-resisted|p1a: Skeledirge\n|-damage|p1a: Skeledirge|92/100\n|-resisted|p1a: Skeledirge\n|-damage|p1a: Skeledirge|88/100\n|-resisted|p1a: Skeledirge\n|-damage|p1a: Skeledirge|84/100\n|-resisted|p1a: Skeledirge\n|-damage|p1a: Skeledirge|80/100\n|-hitcount|p1a: Skeledirge|5\n|\n|upkeep\n|turn|5\n|inactive|Time left: 300 sec this turn | 300 sec total\n|\n|t:|1783563731\n|move|p2a: Lapras|Waterfall|p1a: Skeledirge\n|-supereffective|p1a: Skeledirge\n|-damage|p1a: Skeledirge|29/100\n|move|p1a: Skeledirge|Will-O-Wisp|p2a: Lapras\n|-status|p2a: Lapras|brn\n|\n|-damage|p2a: Lapras|345/367 brn|[from] brn\n|upkeep\n|turn|6\n|inactive|Time left: 300 sec this turn | 300 sec total\n|\n|t:|1783563731\n|move|p2a: Lapras|Dragon Dance|p2a: Lapras\n|-boost|p2a: Lapras|atk|1\n|-boost|p2a: Lapras|spe|1\n|move|p1a: Skeledirge|Slack Off|p1a: Skeledirge\n|-heal|p1a: Skeledirge|79/100\n|\n|-damage|p2a: Lapras|323/367 brn|[from] brn\n|upkeep\n|turn|7\n|inactive|Time left: 300 sec this turn | 300 sec total\n|\n|t:|1783563732\n|move|p2a: Lapras|Dragon Dance|p2a: Lapras\n|-boost|p2a: Lapras|atk|1\n|-boost|p2a: Lapras|spe|1\n|move|p1a: Skeledirge|Torch Song|p2a: Lapras\n|-damage|p2a: Lapras|241/367 brn\n|-boost|p1a: Skeledirge|spa|1\n|\n|-damage|p2a: Lapras|219/367 brn|[from] brn\n|upkeep\n|turn|8\n|inactive|Time left: 300 sec this turn | 300 sec total\n|\n|t:|1783563733\n|move|p2a: Lapras|Waterfall|p1a: Skeledirge\n|-supereffective|p1a: Skeledirge\n|-damage|p1a: Skeledirge|53/100\n|move|p1a: Skeledirge|Hex|p2a: Lapras\n|-damage|p2a: Lapras|48/367 brn\n|\n|-damage|p2a: Lapras|26/367 brn|[from] brn\n|upkeep\n|turn|9\n|inactive|Time left: 300 sec this turn | 300 sec total\n|\n|t:|1783563734\n|move|p2a: Lapras|Icicle Spear|p1a: Skeledirge\n|-resisted|p1a: Skeledirge\n|-crit|p1a: Skeledirge\n|-damage|p1a: Skeledirge|49/100\n|-resisted|p1a: Skeledirge\n|-damage|p1a: Skeledirge|47/100\n|-resisted|p1a: Skeledirge\n|-damage|p1a: Skeledirge|45/100\n|-resisted|p1a: Skeledirge\n|-damage|p1a: Skeledirge|43/100\n|-resisted|p1a: Skeledirge\n|-damage|p1a: Skeledirge|41/100\n|-hitcount|p1a: Skeledirge|5\n|move|p1a: Skeledirge|Slack Off|p1a: Skeledirge\n|-heal|p1a: Skeledirge|91/100\n|\n|-damage|p2a: Lapras|4/367 brn|[from] brn\n|upkeep\n|turn|10\n|inactive|Time left: 300 sec this turn | 300 sec total\n|\n|t:|1783563735\n|switch|p2a: Lanturn|Lanturn, L89, F|367/367\n|move|p1a: Skeledirge|Torch Song|p2a: Lanturn\n|-resisted|p2a: Lanturn\n|-damage|p2a: Lanturn|305/367\n|-boost|p1a: Skeledirge|spa|1\n|\n|-heal|p2a: Lanturn|327/367|[from] item: Leftovers\n|upkeep\n|turn|11\n|inactive|Time left: 300 sec this turn | 300 sec total\n|\n|t:|1783563737\n|move|p2a: Lanturn|Scald|p1a: Skeledirge\n|-supereffective|p1a: Skeledirge\n|-damage|p1a: Skeledirge|21/100\n|move|p1a: Skeledirge|Slack Off|p1a: Skeledirge\n|-heal|p1a: Skeledirge|71/100\n|\n|-heal|p2a: Lanturn|349/367|[from] item: Leftovers\n|upkeep\n|turn|12\n|inactive|Time left: 300 sec this turn | 300 sec total\n|\n|t:|1783563738\n|move|p2a: Lanturn|Scald|p1a: Skeledirge\n|-supereffective|p1a: Skeledirge\n|-damage|p1a: Skeledirge|8/100\n|move|p1a: Skeledirge|Slack Off|p1a: Skeledirge\n|-heal|p1a: Skeledirge|58/100\n|\n|-heal|p2a: Lanturn|367/367|[from] item: Leftovers\n|upkeep\n|turn|13\n|inactive|Time left: 300 sec this turn | 300 sec total\n|\n|t:|1783563739\n|-terastallize|p1a: Skeledirge|Fairy\n|move|p2a: Lanturn|Scald|p1a: Skeledirge\n|-damage|p1a: Skeledirge|26/100\n|-status|p1a: Skeledirge|brn\n|move|p1a: Skeledirge|Slack Off|p1a: Skeledirge\n|-heal|p1a: Skeledirge|76/100 brn\n|\n|-damage|p1a: Skeledirge|70/100 brn|[from] brn\n|upkeep\n|turn|14\n|inactive|Time left: 300 sec this turn | 300 sec total\n|\n|t:|1783563740\n|move|p2a: Lanturn|Thunderbolt|p1a: Skeledirge\n|-damage|p1a: Skeledirge|32/100 brn\n|move|p1a: Skeledirge|Slack Off|p1a: Skeledirge\n|-heal|p1a: Skeledirge|82/100 brn\n|\n|-damage|p1a: Skeledirge|76/100 brn|[from] brn\n|upkeep\n|turn|15\n|inactive|Time left: 300 sec this turn | 300 sec total\n|\n|t:|1783563741\n|move|p2a: Lanturn|Thunderbolt|p1a: Skeledirge\n|-damage|p1a: Skeledirge|42/100 brn\n|move|p1a: Skeledirge|Slack Off|p1a: Skeledirge\n|-heal|p1a: Skeledirge|92/100 brn\n|\n|-damage|p1a: Skeledirge|86/100 brn|[from] brn\n|upkeep\n|turn|16\n|inactive|Time left: 300 sec this turn | 300 sec total\n|\n|t:|1783563742\n|move|p2a: Lanturn|Scald|p1a: Skeledirge\n|-damage|p1a: Skeledirge|57/100 brn\n|move|p1a: Skeledirge|Torch Song|p2a: Lanturn\n|-resisted|p2a: Lanturn\n|-damage|p2a: Lanturn|278/367\n|-boost|p1a: Skeledirge|spa|1\n|\n|-heal|p2a: Lanturn|300/367|[from] item: Leftovers\n|-damage|p1a: Skeledirge|50/100 brn|[from] brn\n|upkeep\n|turn|17\n|inactive|Time left: 300 sec this turn | 300 sec total\n|\n|t:|1783563742\n|move|p2a: Lanturn|Thunderbolt|p1a: Skeledirge\n|-damage|p1a: Skeledirge|16/100 brn\n|move|p1a: Skeledirge|Slack Off|p1a: Skeledirge\n|-heal|p1a: Skeledirge|66/100 brn\n|\n|-heal|p2a: Lanturn|322/367|[from] item: Leftovers\n|-damage|p1a: Skeledirge|60/100 brn|[from] brn\n|upkeep\n|turn|18\n|inactive|Time left: 300 sec this turn | 300 sec total\n|\n|t:|1783563743\n|move|p2a: Lanturn|Scald|p1a: Skeledirge\n|-damage|p1a: Skeledirge|27/100 brn\n|move|p1a: Skeledirge|Hex|p2a: Lanturn\n|-damage|p2a: Lanturn|154/367\n|\n|-heal|p2a: Lanturn|176/367|[from] item: Leftovers\n|-damage|p1a: Skeledirge|21/100 brn|[from] brn\n|upkeep\n|turn|19\n|inactive|Time left: 300 sec this turn | 300 sec total\n|\n|t:|1783563744\n|switch|p1a: Regice|Regice, L88|100/100\n|move|p2a: Lanturn|Thunderbolt|p1a: Regice\n|-damage|p1a: Regice|85/100\n|\n|-heal|p2a: Lanturn|198/367|[from] item: Leftovers\n|upkeep\n|turn|20\n|inactive|Time left: 300 sec this turn | 300 sec total\n|\n|t:|1783563745\n|move|p2a: Lanturn|Scald|p1a: Regice\n|-damage|p1a: Regice|72/100\n|-status|p1a: Regice|brn\n|move|p1a: Regice|Ice Beam|p2a: Lanturn\n|-resisted|p2a: Lanturn\n|-damage|p2a: Lanturn|138/367\n|\n|-heal|p2a: Lanturn|160/367|[from] item: Leftovers\n|-damage|p1a: Regice|66/100 brn|[from] brn\n|upkeep\n|turn|21\n|inactive|Time left: 300 sec this turn | 300 sec total\n|\n|t:|1783563745\n|move|p2a: Lanturn|Scald|p1a: Regice\n|-damage|p1a: Regice|51/100 brn\n|move|p1a: Regice|Ice Beam|p2a: Lanturn\n|-resisted|p2a: Lanturn\n|-damage|p2a: Lanturn|108/367\n|\n|-heal|p2a: Lanturn|130/367|[from] item: Leftovers\n|-damage|p1a: Regice|45/100 brn|[from] brn\n|upkeep\n|turn|22\n|inactive|Time left: 300 sec this turn | 300 sec total\n|\n|t:|1783563746\n|move|p2a: Lanturn|Scald|p1a: Regice\n|-damage|p1a: Regice|30/100 brn\n|move|p1a: Regice|Rest|p1a: Regice\n|-status|p1a: Regice|slp|[from] move: Rest\n|-heal|p1a: Regice|100/100 slp|[silent]\n|\n|-heal|p2a: Lanturn|152/367|[from] item: Leftovers\n|upkeep\n|turn|23\n|inactive|Time left: 300 sec this turn | 300 sec total\n|\n|t:|1783563747\n|move|p2a: Lanturn|Thunderbolt|p1a: Regice\n|-damage|p1a: Regice|85/100 slp\n|cant|p1a: Regice|slp\n|\n|-heal|p2a: Lanturn|174/367|[from] item: Leftovers\n|upkeep\n|turn|24\n|inactive|Time left: 300 sec this turn | 300 sec total\n|\n|t:|1783563748\n|move|p2a: Lanturn|Thunderbolt|p1a: Regice\n|-damage|p1a: Regice|68/100 slp\n|cant|p1a: Regice|slp\n|move|p1a: Regice|Sleep Talk|p1a: Regice\n|move|p1a: Regice|Thunderbolt|p2a: Lanturn|[from] move: Sleep Talk\n|-heal|p2a: Lanturn|265/367|[from] ability: Volt Absorb|[of] p1a: Regice\n|\n|-heal|p2a: Lanturn|287/367|[from] item: Leftovers\n|upkeep\n|turn|25\n|inactive|Time left: 300 sec this turn | 300 sec total\n|\n|t:|1783563749\n|move|p2a: Lanturn|Thunderbolt|p1a: Regice\n|-damage|p1a: Regice|52/100 slp\n|-curestatus|p1a: Regice|slp|[msg]\n|move|p1a: Regice|Ice Beam|p2a: Lanturn\n|-resisted|p2a: Lanturn\n|-damage|p2a: Lanturn|235/367\n|\n|-heal|p2a: Lanturn|257/367|[from] item: Leftovers\n|upkeep\n|turn|26\n|inactive|Time left: 300 sec this turn | 300 sec total\n|\n|t:|1783563750\n|move|p2a: Lanturn|Thunderbolt|p1a: Regice\n|-damage|p1a: Regice|35/100\n|move|p1a: Regice|Ice Beam|p2a: Lanturn\n|-resisted|p2a: Lanturn\n|-crit|p2a: Lanturn\n|-damage|p2a: Lanturn|176/367\n|\n|-heal|p2a: Lanturn|198/367|[from] item: Leftovers\n|upkeep\n|turn|27\n|inactive|Time left: 300 sec this turn | 300 sec total\n|\n|t:|1783563751\n|move|p2a: Lanturn|Thunder Wave|p1a: Regice\n|-status|p1a: Regice|par\n|move|p1a: Regice|Rest|p1a: Regice\n|-status|p1a: Regice|slp|[from] move: Rest\n|-heal|p1a: Regice|100/100 slp|[silent]\n|\n|-heal|p2a: Lanturn|220/367|[from] item: Leftovers\n|upkeep\n|turn|28\n|inactive|Time left: 300 sec this turn | 300 sec total\n|\n|t:|1783563752\n|move|p2a: Lanturn|Scald|p1a: Regice\n|-damage|p1a: Regice|87/100 slp\n|cant|p1a: Regice|slp\n|move|p1a: Regice|Sleep Talk|p1a: Regice\n|move|p1a: Regice|Thunderbolt|p2a: Lanturn|[from] move: Sleep Talk\n|-heal|p2a: Lanturn|311/367|[from] ability: Volt Absorb|[of] p1a: Regice\n|\n|-heal|p2a: Lanturn|333/367|[from] item: Leftovers\n|upkeep\n|turn|29\n|inactive|Time left: 300 sec this turn | 300 sec total\n|\n|t:|1783563753\n|switch|p2a: Hydrapple|Hydrapple, L83, M|133/312\n|cant|p1a: Regice|slp\n|move|p1a: Regice|Sleep Talk|p1a: Regice\n|move|p1a: Regice|Thunderbolt|p2a: Hydrapple|[from] move: Sleep Talk\n|-resisted|p2a: Hydrapple\n|-damage|p2a: Hydrapple|113/312\n|-status|p2a: Hydrapple|par\n|\n|-heal|p2a: Hydrapple|132/312 par|[from] item: Leftovers\n|upkeep\n|turn|30\n|inactive|Time left: 300 sec this turn | 300 sec total\n|\n|t:|1783563755\n|switch|p2a: Lanturn|Lanturn, L89, F|333/367\n|-curestatus|p1a: Regice|slp|[msg]\n|move|p1a: Regice|Ice Beam|p2a: Lanturn\n|-resisted|p2a: Lanturn\n|-damage|p2a: Lanturn|281/367\n|\n|-heal|p2a: Lanturn|303/367|[from] item: Leftovers\n|upkeep\n|turn|31\n|inactive|Time left: 300 sec this turn | 300 sec total\n|\n|t:|1783563755\n|move|p2a: Lanturn|Thunderbolt|p1a: Regice\n|-damage|p1a: Regice|71/100\n|move|p1a: Regice|Ice Beam|p2a: Lanturn\n|-resisted|p2a: Lanturn\n|-damage|p2a: Lanturn|249/367\n|-status|p2a: Lanturn|frz\n|\n|-heal|p2a: Lanturn|271/367 frz|[from] item: Leftovers\n|upkeep\n|turn|32\n|inactive|Time left: 300 sec this turn | 300 sec total\n|\n|t:|1783563757\n|-curestatus|p2a: Lanturn|frz|[from] move: Scald\n|move|p2a: Lanturn|Scald|p1a: Regice\n|-damage|p1a: Regice|56/100\n|move|p1a: Regice|Ice Beam|p2a: Lanturn\n|-resisted|p2a: Lanturn\n|-damage|p2a: Lanturn|212/367\n|\n|-heal|p2a: Lanturn|234/367|[from] item: Leftovers\n|upkeep\n|turn|33\n|inactive|Time left: 300 sec this turn | 300 sec total\n|\n|t:|1783563757\n|move|p2a: Lanturn|Thunder Wave|p1a: Regice|[miss]\n|-miss|p2a: Lanturn|p1a: Regice\n|move|p1a: Regice|Ice Beam|p2a: Lanturn\n|-resisted|p2a: Lanturn\n|-damage|p2a: Lanturn|181/367\n|\n|-heal|p2a: Lanturn|203/367|[from] item: Leftovers\n|upkeep\n|turn|34\n|inactive|Time left: 300 sec this turn | 300 sec total\n|\n|t:|1783563758\n|move|p2a: Lanturn|Thunder Wave|p1a: Regice\n|-status|p1a: Regice|par\n|move|p1a: Regice|Ice Beam|p2a: Lanturn\n|-resisted|p2a: Lanturn\n|-damage|p2a: Lanturn|143/367\n|\n|-heal|p2a: Lanturn|165/367|[from] item: Leftovers\n|upkeep\n|turn|35\n|inactive|Time left: 300 sec this turn | 300 sec total\n|\n|t:|1783563759\n|move|p2a: Lanturn|Ice Beam|p1a: Regice\n|-resisted|p1a: Regice\n|-damage|p1a: Regice|52/100 par\n|move|p1a: Regice|Rest|p1a: Regice\n|-status|p1a: Regice|slp|[from] move: Rest\n|-heal|p1a: Regice|100/100 slp|[silent]\n|\n|-heal|p2a: Lanturn|187/367|[from] item: Leftovers\n|upkeep\n|turn|36\n|inactive|Time left: 300 sec this turn | 300 sec total\n|\n|t:|1783563760\n|move|p2a: Lanturn|Thunderbolt|p1a: Regice\n|-damage|p1a: Regice|85/100 slp\n|cant|p1a: Regice|slp\n|move|p1a: Regice|Sleep Talk|p1a: Regice\n|move|p1a: Regice|Rest||[from] move: Sleep Talk|[still]\n|-fail|p1a: Regice\n|\n|-heal|p2a: Lanturn|209/367|[from] item: Leftovers\n|upkeep\n|turn|37\n|inactive|Time left: 300 sec this turn | 300 sec total\n|\n|t:|1783563762\n|move|p2a: Lanturn|Scald|p1a: Regice\n|-damage|p1a: Regice|71/100 slp\n|cant|p1a: Regice|slp\n|move|p1a: Regice|Sleep Talk|p1a: Regice\n|move|p1a: Regice|Thunderbolt|p2a: Lanturn|[from] move: Sleep Talk\n|-heal|p2a: Lanturn|300/367|[from] ability: Volt Absorb|[of] p1a: Regice\n|\n|-heal|p2a: Lanturn|322/367|[from] item: Leftovers\n|upkeep\n|turn|38\n|inactive|Time left: 300 sec this turn | 300 sec total\n|\n|t:|1783563762\n|move|p2a: Lanturn|Scald|p1a: Regice\n|-crit|p1a: Regice\n|-damage|p1a: Regice|52/100 slp\n|-curestatus|p1a: Regice|slp|[msg]\n|move|p1a: Regice|Ice Beam|p2a: Lanturn\n|-resisted|p2a: Lanturn\n|-damage|p2a: Lanturn|267/367\n|-status|p2a: Lanturn|frz\n|\n|-heal|p2a: Lanturn|289/367 frz|[from] item: Leftovers\n|upkeep\n|turn|39\n|inactive|Time left: 300 sec this turn | 300 sec total\n|\n|t:|1783563764\n|-curestatus|p2a: Lanturn|frz|[from] move: Scald\n|move|p2a: Lanturn|Scald|p1a: Regice\n|-damage|p1a: Regice|39/100\n|move|p1a: Regice|Ice Beam|p2a: Lanturn\n|-resisted|p2a: Lanturn\n|-damage|p2a: Lanturn|236/367\n|\n|-heal|p2a: Lanturn|258/367|[from] item: Leftovers\n|upkeep\n|turn|40\n|inactive|Time left: 300 sec this turn | 300 sec total\n|\n|t:|1783563765\n|move|p2a: Lanturn|Scald|p1a: Regice\n|-damage|p1a: Regice|26/100\n|-status|p1a: Regice|brn\n|move|p1a: Regice|Rest|p1a: Regice\n|-status|p1a: Regice|slp|[from] move: Rest\n|-heal|p1a: Regice|100/100 slp|[silent]\n|\n|-heal|p2a: Lanturn|280/367|[from] item: Leftovers\n|upkeep\n|turn|41\n|inactive|Time left: 300 sec this turn | 300 sec total\n|\n|t:|1783563766\n|move|p2a: Lanturn|Thunderbolt|p1a: Regice\n|-damage|p1a: Regice|86/100 slp\n|cant|p1a: Regice|slp\n|move|p1a: Regice|Sleep Talk|p1a: Regice\n|move|p1a: Regice|Ice Beam|p2a: Lanturn|[from] move: Sleep Talk\n|-resisted|p2a: Lanturn\n|-damage|p2a: Lanturn|221/367\n|\n|-heal|p2a: Lanturn|243/367|[from] item: Leftovers\n|upkeep\n|turn|42\n|inactive|Time left: 300 sec this turn | 300 sec total\n|\n|t:|1783563767\n|move|p2a: Lanturn|Scald|p1a: Regice\n|-damage|p1a: Regice|72/100 slp\n|cant|p1a: Regice|slp\n|move|p1a: Regice|Sleep Talk|p1a: Regice\n|move|p1a: Regice|Rest||[from] move: Sleep Talk|[still]\n|-fail|p1a: Regice\n|\n|-heal|p2a: Lanturn|265/367|[from] item: Leftovers\n|upkeep\n|turn|43\n|inactive|Time left: 300 sec this turn | 300 sec total\n|\n|t:|1783563768\n|move|p2a: Lanturn|Scald|p1a: Regice\n|-damage|p1a: Regice|59/100 slp\n|-curestatus|p1a: Regice|slp|[msg]\n|move|p1a: Regice|Ice Beam|p2a: Lanturn\n|-resisted|p2a: Lanturn\n|-damage|p2a: Lanturn|207/367\n|\n|-heal|p2a: Lanturn|229/367|[from] item: Leftovers\n|upkeep\n|turn|44\n|inactive|Time left: 300 sec this turn | 300 sec total\n|\n|t:|1783563769\n|move|p2a: Lanturn|Scald|p1a: Regice\n|-damage|p1a: Regice|45/100\n|-status|p1a: Regice|brn\n|move|p1a: Regice|Ice Beam|p2a: Lanturn\n|-resisted|p2a: Lanturn\n|-damage|p2a: Lanturn|172/367\n|-status|p2a: Lanturn|frz\n|\n|-heal|p2a: Lanturn|194/367 frz|[from] item: Leftovers\n|-damage|p1a: Regice|39/100 brn|[from] brn\n|upkeep\n|turn|45\n|inactive|Time left: 300 sec this turn | 300 sec total\n|\n|t:|1783563770\n|-curestatus|p2a: Lanturn|frz|[from] move: Scald\n|move|p2a: Lanturn|Scald|p1a: Regice\n|-damage|p1a: Regice|24/100 brn\n|move|p1a: Regice|Rest|p1a: Regice\n|-status|p1a: Regice|slp|[from] move: Rest\n|-heal|p1a: Regice|100/100 slp|[silent]\n|\n|-heal|p2a: Lanturn|216/367|[from] item: Leftovers\n|upkeep\n|turn|46\n|inactive|Time left: 300 sec this turn | 300 sec total\n|\n|t:|1783563771\n|move|p2a: Lanturn|Scald|p1a: Regice\n|-damage|p1a: Regice|86/100 slp\n|cant|p1a: Regice|slp\n|move|p1a: Regice|Sleep Talk|p1a: Regice\n|move|p1a: Regice|Thunderbolt|p2a: Lanturn|[from] move: Sleep Talk\n|-heal|p2a: Lanturn|307/367|[from] ability: Volt Absorb|[of] p1a: Regice\n|\n|-heal|p2a: Lanturn|329/367|[from] item: Leftovers\n|upkeep\n|turn|47\n|inactive|Time left: 300 sec this turn | 300 sec total\n|\n|t:|1783563772\n|move|p2a: Lanturn|Thunderbolt|p1a: Regice\n|-damage|p1a: Regice|72/100 slp\n|cant|p1a: Regice|slp\n|move|p1a: Regice|Sleep Talk|p1a: Regice\n|move|p1a: Regice|Rest||[from] move: Sleep Talk|[still]\n|-fail|p1a: Regice\n|\n|-heal|p2a: Lanturn|351/367|[from] item: Leftovers\n|upkeep\n|turn|48\n|inactive|Time left: 300 sec this turn | 300 sec total\n|\n|t:|1783563773\n|move|p2a: Lanturn|Scald|p1a: Regice\n|-damage|p1a: Regice|57/100 slp\n|-curestatus|p1a: Regice|slp|[msg]\n|move|p1a: Regice|Ice Beam|p2a: Lanturn\n|-resisted|p2a: Lanturn\n|-damage|p2a: Lanturn|293/367\n|\n|-heal|p2a: Lanturn|315/367|[from] item: Leftovers\n|upkeep\n|turn|49\n|inactive|Time left: 300 sec this turn | 300 sec total\n|\n|t:|1783563774\n|move|p2a: Lanturn|Thunderbolt|p1a: Regice\n|-damage|p1a: Regice|41/100\n|move|p1a: Regice|Ice Beam|p2a: Lanturn\n|-resisted|p2a: Lanturn\n|-damage|p2a: Lanturn|255/367\n|\n|-heal|p2a: Lanturn|277/367|[from] item: Leftovers\n|upkeep\n|turn|50\n|inactive|Time left: 300 sec this turn | 300 sec total\n|\n|t:|1783563774\n|move|p2a: Lanturn|Scald|p1a: Regice\n|-damage|p1a: Regice|28/100\n|-status|p1a: Regice|brn\n|move|p1a: Regice|Rest|p1a: Regice\n|-status|p1a: Regice|slp|[from] move: Rest\n|-heal|p1a: Regice|100/100 slp|[silent]\n|\n|-heal|p2a: Lanturn|299/367|[from] item: Leftovers\n|upkeep\n|turn|51\n|inactive|Time left: 300 sec this turn | 300 sec total\n|\n|t:|1783563776\n|move|p2a: Lanturn|Scald|p1a: Regice\n|-damage|p1a: Regice|87/100 slp\n|cant|p1a: Regice|slp\n|move|p1a: Regice|Sleep Talk|p1a: Regice\n|move|p1a: Regice|Ice Beam|p2a: Lanturn|[from] move: Sleep Talk\n|-resisted|p2a: Lanturn\n|-damage|p2a: Lanturn|239/367\n|\n|-heal|p2a: Lanturn|261/367|[from] item: Leftovers\n|upkeep\n|turn|52\n|inactive|Time left: 300 sec this turn | 300 sec total\n|\n|t:|1783563777\n|move|p2a: Lanturn|Thunderbolt|p1a: Regice\n|-crit|p1a: Regice\n|-damage|p1a: Regice|62/100 slp\n|cant|p1a: Regice|slp\n|move|p1a: Regice|Sleep Talk|p1a: Regice\n|move|p1a: Regice|Thunderbolt|p2a: Lanturn|[from] move: Sleep Talk\n|-heal|p2a: Lanturn|352/367|[from] ability: Volt Absorb|[of] p1a: Regice\n|\n|-heal|p2a: Lanturn|367/367|[from] item: Leftovers\n|upkeep\n|turn|53\n|inactive|Time left: 300 sec this turn | 300 sec total\n|\n|t:|1783563778\n|move|p2a: Lanturn|Thunderbolt|p1a: Regice\n|-damage|p1a: Regice|47/100 slp\n|-curestatus|p1a: Regice|slp|[msg]\n|move|p1a: Regice|Ice Beam|p2a: Lanturn\n|-resisted|p2a: Lanturn\n|-crit|p2a: Lanturn\n|-damage|p2a: Lanturn|287/367\n|\n|-heal|p2a: Lanturn|309/367|[from] item: Leftovers\n|upkeep\n|turn|54\n|inactive|Time left: 300 sec this turn | 300 sec total\n|\n|t:|1783563779\n|move|p2a: Lanturn|Scald|p1a: Regice\n|-damage|p1a: Regice|34/100\n|-status|p1a: Regice|brn\n|move|p1a: Regice|Rest|p1a: Regice\n|-status|p1a: Regice|slp|[from] move: Rest\n|-heal|p1a: Regice|100/100 slp|[silent]\n|\n|-heal|p2a: Lanturn|331/367|[from] item: Leftovers\n|upkeep\n|turn|55\n|inactive|Time left: 300 sec this turn | 300 sec total\n|\n|t:|1783563780\n|move|p2a: Lanturn|Ice Beam|p1a: Regice\n|-resisted|p1a: Regice\n|-damage|p1a: Regice|96/100 slp\n|cant|p1a: Regice|slp\n|move|p1a: Regice|Sleep Talk|p1a: Regice\n|move|p1a: Regice|Rest||[from] move: Sleep Talk|[still]\n|-fail|p1a: Regice\n|\n|-heal|p2a: Lanturn|353/367|[from] item: Leftovers\n|upkeep\n|turn|56\n|inactive|Time left: 300 sec this turn | 300 sec total\n|\n|t:|1783563781\n|move|p2a: Lanturn|Ice Beam|p1a: Regice\n|-resisted|p1a: Regice\n|-damage|p1a: Regice|91/100 slp\n|cant|p1a: Regice|slp\n|move|p1a: Regice|Sleep Talk|p1a: Regice\n|move|p1a: Regice|Thunderbolt|p2a: Lanturn|[from] move: Sleep Talk\n|-heal|p2a: Lanturn|367/367|[from] ability: Volt Absorb|[of] p1a: Regice\n|\n|upkeep\n|turn|57\n|inactive|Time left: 300 sec this turn | 300 sec total\n|\n|t:|1783563782\n|switch|p2a: Hydrapple|Hydrapple, L83, M|236/312 par\n|-curestatus|p1a: Regice|slp|[msg]\n|move|p1a: Regice|Thunderbolt|p2a: Hydrapple\n|-resisted|p2a: Hydrapple\n|-damage|p2a: Hydrapple|217/312 par\n|\n|-heal|p2a: Hydrapple|236/312 par|[from] item: Leftovers\n|upkeep\n|turn|58\n|inactive|Time left: 300 sec this turn | 300 sec total\n|\n|t:|1783563783\n|switch|p1a: Donphan|Donphan, L84, F|100/100\n|move|p2a: Hydrapple|Nasty Plot|p2a: Hydrapple\n|-boost|p2a: Hydrapple|spa|2\n|\n|-heal|p2a: Hydrapple|255/312 par|[from] item: Leftovers\n|upkeep\n|turn|59\n|inactive|Time left: 300 sec this turn | 300 sec total\n|\n|t:|1783563784\n|move|p1a: Donphan|Ice Spinner|p2a: Hydrapple\n|-supereffective|p2a: Hydrapple\n|-damage|p2a: Hydrapple|0 fnt\n|faint|p2a: Hydrapple\n|\n|upkeep\n|inactive|Time left: 300 sec this turn | 300 sec total | 5 sec grace\n|\n|t:|1783563785\n|switch|p2a: Lilligant|Lilligant-Hisui, L79, F|240/240\n|turn|60\n|inactive|Time left: 300 sec this turn | 300 sec total\n|\n|t:|1783563786\n|move|p2a: Lilligant|Victory Dance|p2a: Lilligant\n|-boost|p2a: Lilligant|atk|1\n|-boost|p2a: Lilligant|def|1\n|-boost|p2a: Lilligant|spe|1\n|move|p1a: Donphan|Ice Spinner|p2a: Lilligant\n|-supereffective|p2a: Lilligant\n|-damage|p2a: Lilligant|90/240\n|\n|upkeep\n|turn|61\n|inactive|Time left: 300 sec this turn | 300 sec total\n|\n|t:|1783563786\n|move|p2a: Lilligant|Sleep Powder|p1a: Donphan\n|-status|p1a: Donphan|slp|[from] move: Sleep Powder\n|cant|p1a: Donphan|slp\n|\n|upkeep\n|turn|62\n|inactive|Time left: 300 sec this turn | 300 sec total\n|\n|t:|1783563787\n|switch|p1a: Victreebel|Victreebel, L90, M|100/100\n|move|p2a: Lilligant|Leaf Blade|p1a: Victreebel\n|-resisted|p1a: Victreebel\n|-damage|p1a: Victreebel|81/100\n|\n|upkeep\n|turn|63\n|inactive|Time left: 300 sec this turn | 300 sec total\n|\n|t:|1783563788\n|-terastallize|p2a: Lilligant|Steel\n|move|p2a: Lilligant|Victory Dance|p2a: Lilligant\n|-boost|p2a: Lilligant|atk|1\n|-boost|p2a: Lilligant|def|1\n|-boost|p2a: Lilligant|spe|1\n|move|p1a: Victreebel|Poison Jab|p2a: Lilligant\n|-immune|p2a: Lilligant\n|\n|upkeep\n|turn|64\n|inactive|Time left: 300 sec this turn | 300 sec total\n|\n|t:|1783563789\n|move|p2a: Lilligant|Victory Dance|p2a: Lilligant\n|-boost|p2a: Lilligant|atk|1\n|-boost|p2a: Lilligant|def|1\n|-boost|p2a: Lilligant|spe|1\n|move|p1a: Victreebel|Swords Dance|p1a: Victreebel\n|-boost|p1a: Victreebel|atk|2\n|\n|upkeep\n|turn|65\n|inactive|Time left: 300 sec this turn | 300 sec total\n|\n|t:|1783563790\n|move|p2a: Lilligant|Close Combat|p1a: Victreebel\n|-resisted|p1a: Victreebel\n|-damage|p1a: Victreebel|0 fnt\n|-unboost|p2a: Lilligant|def|1\n|-unboost|p2a: Lilligant|spd|1\n|faint|p1a: Victreebel\n|\n|upkeep\n|\n|t:|1783563791\n|switch|p1a: Donphan|Donphan, L84, F|100/100 slp\n|turn|66\n|inactive|Time left: 300 sec this turn | 300 sec total\n|\n|t:|1783563792\n|move|p2a: Lilligant|Leaf Blade|p1a: Donphan|[miss]\n|-miss|p2a: Lilligant|p1a: Donphan\n|cant|p1a: Donphan|slp\n|\n|upkeep\n|turn|67\n|inactive|Time left: 300 sec this turn | 300 sec total\n|\n|t:|1783563793\n|move|p2a: Lilligant|Leaf Blade|p1a: Donphan|[miss]\n|-miss|p2a: Lilligant|p1a: Donphan\n|cant|p1a: Donphan|slp\n|\n|upkeep\n|turn|68\n|inactive|Time left: 300 sec this turn | 300 sec total\n|\n|t:|1783563794\n|move|p2a: Lilligant|Close Combat|p1a: Donphan\n|-ability|p1a: Donphan|Sturdy\n|-damage|p1a: Donphan|1/100 slp\n|-unboost|p2a: Lilligant|def|1\n|-unboost|p2a: Lilligant|spd|1\n|-curestatus|p1a: Donphan|slp|[msg]\n|move|p1a: Donphan|Earthquake|p2a: Lilligant\n|-supereffective|p2a: Lilligant\n|-damage|p2a: Lilligant|0 fnt\n|faint|p2a: Lilligant\n|\n|upkeep\n|inactive|Time left: 300 sec this turn | 300 sec total | 5 sec grace\n|\n|t:|1783563795\n|switch|p2a: Talonflame|Talonflame, L83, M|265/265\n|turn|69\n|inactive|Time left: 300 sec this turn | 300 sec total\n|\n|t:|1783563795\n|move|p2a: Talonflame|Swords Dance|p2a: Talonflame\n|-boost|p2a: Talonflame|atk|2\n|move|p1a: Donphan|Earthquake|p2a: Talonflame\n|-immune|p2a: Talonflame\n|\n|upkeep\n|turn|70\n|inactive|Time left: 300 sec this turn | 300 sec total\n|\n|t:|1783563796\n|move|p2a: Talonflame|Brave Bird|p1a: Donphan\n|-damage|p1a: Donphan|0 fnt\n|faint|p1a: Donphan\n|-damage|p2a: Talonflame|264/265|[from] Recoil\n|\n|upkeep\n|\n|t:|1783563797\n|switch|p1a: Skeledirge|Skeledirge, L79, M, tera:Fairy|21/100 brn\n|turn|71\n|inactive|Time left: 300 sec this turn | 300 sec total\n|\n|t:|1783563798\n|move|p2a: Talonflame|Brave Bird|p1a: Skeledirge\n|-damage|p1a: Skeledirge|0 fnt\n|faint|p1a: Skeledirge\n|-damage|p2a: Talonflame|245/265|[from] Recoil\n|\n|upkeep\n|\n|t:|1783563799\n|switch|p1a: Noctowl|Noctowl, L95, M|67/100\n|turn|72\n|inactive|Time left: 300 sec this turn | 300 sec total\n|\n|t:|1783563800\n|move|p2a: Talonflame|Flare Blitz|p1a: Noctowl\n|-damage|p1a: Noctowl|0 fnt\n|faint|p1a: Noctowl\n|-damage|p2a: Talonflame|169/265|[from] Recoil\n|\n|upkeep\n|\n|t:|1783563801\n|switch|p1a: Regice|Regice, L88|91/100\n|turn|73\n|inactive|Time left: 300 sec this turn | 300 sec total\n|\n|t:|1783563802\n|switch|p1a: Hitmontop|Hitmontop, L88, M|100/100\n|move|p2a: Talonflame|Flare Blitz|p1a: Hitmontop\n|-damage|p1a: Hitmontop|13/100\n|-damage|p2a: Talonflame|103/265|[from] Recoil\n|\n|-heal|p1a: Hitmontop|20/100|[from] item: Leftovers\n|upkeep\n|turn|74\n|inactive|Time left: 300 sec this turn | 300 sec total\n|\n|t:|1783563803\n|switch|p1a: Regice|Regice, L88|91/100\n|move|p2a: Talonflame|Flare Blitz|p1a: Regice\n|-supereffective|p1a: Regice\n|-damage|p1a: Regice|0 fnt\n|faint|p1a: Regice\n|-damage|p2a: Talonflame|18/265|[from] Recoil\n|\n|upkeep\n|\n|t:|1783563804\n|switch|p1a: Hitmontop|Hitmontop, L88, M|20/100\n|turn|75\n|inactive|Time left: 300 sec this turn | 300 sec total\n|\n|t:|1783563805\n|move|p2a: Talonflame|Flare Blitz|p1a: Hitmontop\n|-damage|p1a: Hitmontop|0 fnt\n|faint|p1a: Hitmontop\n|-damage|p2a: Talonflame|3/265|[from] Recoil\n|\n|win|p0y21172ef3", "uploadtime": 1783563805, "views": 0, "rating": 0, "private": 0, "password": null, "_winner": "p0y21172ef3", "_our_name": "p0y21172ef3"}