{"id": "battle-gen9randombattle-889", "formatid": "gen9randombattle", "format": "[Gen 9] Random Battle", "players": ["p0x8893b6a", "p0y88982b8"], "log": "|init|battle\n|title|p0x8893b6a vs. p0y88982b8\n|j|\u2606p0x8893b6a\n|j|\u2606p0y88982b8\n|t:|1783549470\n|gametype|singles\n|player|p1|p0x8893b6a|266|\n|player|p2|p0y88982b8|2|\n|gen|9\n|tier|[Gen 9] Random Battle\n|rule|Species Clause: Limit one of each Pok\u00e9mon\n|rule|HP Percentage Mod: HP is shown in percentages\n|rule|Sleep Clause Mod: Limit one foe put to sleep\n|rule|Illusion Level Mod: Illusion disguises the Pok\u00e9mon's true level\n|\n|t:|1783549470\n|teamsize|p1|6\n|teamsize|p2|6\n|start\n|switch|p1a: Grafaiai|Grafaiai, L86, F|249/249\n|switch|p2a: Scizor|Scizor, L79, M|100/100\n|turn|1\n|inactive|Battle timer is ON: inactive players will automatically lose when time's up. (requested by p0y88982b8)\n|inactive|Time left: 300 sec this turn | 300 sec total | 60 sec grace\n|inactive|p0x8893b6a also wants the timer to be on.\n|\n|t:|1783549472\n|move|p1a: Grafaiai|Knock Off|p2a: Scizor\n|-damage|p2a: Scizor|62/100\n|-enditem|p2a: Scizor|Choice Band|[from] move: Knock Off|[of] p1a: Grafaiai\n|-damage|p1a: Grafaiai|225/249|[from] item: Life Orb\n|move|p2a: Scizor|Knock Off|p1a: Grafaiai\n|-damage|p1a: Grafaiai|140/249\n|-enditem|p1a: Grafaiai|Life Orb|[from] move: Knock Off|[of] p2a: Scizor\n|\n|upkeep\n|turn|2\n|inactive|Time left: 300 sec this turn | 300 sec total\n|\n|t:|1783549473\n|move|p2a: Scizor|Bullet Punch|p1a: Grafaiai\n|-damage|p1a: Grafaiai|56/249\n|move|p1a: Grafaiai|Knock Off|p2a: Scizor\n|-damage|p2a: Scizor|42/100\n|\n|upkeep\n|turn|3\n|inactive|Time left: 300 sec this turn | 300 sec total\n|\n|t:|1783549474\n|switch|p1a: Passimian|Passimian, L83, M|302/302\n|move|p2a: Scizor|Bullet Punch|p1a: Passimian\n|-damage|p1a: Passimian|227/302\n|\n|upkeep\n|turn|4\n|inactive|Time left: 300 sec this turn | 300 sec total\n|\n|t:|1783549475\n|move|p2a: Scizor|Bullet Punch|p1a: Passimian\n|-damage|p1a: Passimian|152/302\n|move|p1a: Passimian|Close Combat|p2a: Scizor\n|-damage|p2a: Scizor|0 fnt\n|-unboost|p1a: Passimian|def|1\n|-unboost|p1a: Passimian|spd|1\n|faint|p2a: Scizor\n|\n|upkeep\n|\n|t:|1783549476\n|switch|p2a: Smeargle|Smeargle, L95, F|100/100\n|turn|5\n|inactive|Time left: 300 sec this turn | 300 sec total\n|\n|t:|1783549477\n|move|p2a: Smeargle|Sticky Web|p1a: Passimian\n|-sidestart|p1: p0x8893b6a|move: Sticky Web\n|move|p1a: Passimian|Close Combat|p2a: Smeargle\n|-supereffective|p2a: Smeargle\n|-enditem|p2a: Smeargle|Focus Sash\n|-damage|p2a: Smeargle|1/100\n|-unboost|p1a: Passimian|def|1\n|-unboost|p1a: Passimian|spd|1\n|\n|upkeep\n|turn|6\n|inactive|Time left: 300 sec this turn | 300 sec total\n|\n|t:|1783549478\n|move|p2a: Smeargle|Spore|p1a: Passimian\n|-status|p1a: Passimian|slp|[from] move: Spore\n|cant|p1a: Passimian|slp\n|\n|upkeep\n|turn|7\n|inactive|Time left: 300 sec this turn | 300 sec total\n|\n|t:|1783549479\n|move|p2a: Smeargle|Ceaseless Edge|p1a: Passimian\n|-resisted|p1a: Passimian\n|-crit|p1a: Passimian\n|-damage|p1a: Passimian|120/302 slp\n|-sidestart|p1: p0x8893b6a|Spikes\n|cant|p1a: Passimian|slp\n|\n|upkeep\n|turn|8\n|inactive|Time left: 300 sec this turn | 300 sec total\n|\n|t:|1783549480\n|move|p2a: Smeargle|Ceaseless Edge|p1a: Passimian\n|-resisted|p1a: Passimian\n|-damage|p1a: Passimian|98/302 slp\n|-sidestart|p1: p0x8893b6a|Spikes\n|cant|p1a: Passimian|slp\n|\n|upkeep\n|turn|9\n|inactive|Time left: 300 sec this turn | 300 sec total\n|\n|t:|1783549481\n|move|p2a: Smeargle|Ceaseless Edge|p1a: Passimian\n|-resisted|p1a: Passimian\n|-damage|p1a: Passimian|76/302 slp\n|-sidestart|p1: p0x8893b6a|Spikes\n|-curestatus|p1a: Passimian|slp|[msg]\n|move|p1a: Passimian|Close Combat|p2a: Smeargle\n|-supereffective|p2a: Smeargle\n|-damage|p2a: Smeargle|0 fnt\n|-unboost|p1a: Passimian|def|1\n|-unboost|p1a: Passimian|spd|1\n|faint|p2a: Smeargle\n|\n|upkeep\n|\n|t:|1783549482\n|switch|p2a: Typhlosion|Typhlosion, L84, M|100/100\n|turn|10\n|inactive|Time left: 300 sec this turn | 300 sec total\n|\n|t:|1783549483\n|move|p2a: Typhlosion|Eruption|p1a: Passimian\n|-crit|p1a: Passimian\n|-damage|p1a: Passimian|0 fnt\n|faint|p1a: Passimian\n|\n|upkeep\n|inactive|Time left: 300 sec this turn | 300 sec total | 5 sec grace\n|\n|t:|1783549484\n|switch|p1a: Floatzel|Floatzel, L86, F|286/286\n|-activate|p1a: Floatzel|move: Sticky Web\n|-unboost|p1a: Floatzel|spe|1\n|-damage|p1a: Floatzel|215/286|[from] Spikes\n|turn|11\n|inactive|Time left: 300 sec this turn | 300 sec total\n|\n|t:|1783549485\n|-terastallize|p2a: Typhlosion|Fire\n|move|p2a: Typhlosion|Eruption|p1a: Floatzel\n|-resisted|p1a: Floatzel\n|-damage|p1a: Floatzel|0 fnt\n|faint|p1a: Floatzel\n|\n|upkeep\n|inactive|Time left: 300 sec this turn | 300 sec total | 5 sec grace\n|\n|t:|1783549486\n|switch|p1a: Pikachu|Pikachu-Kalos, L93, M|216/216\n|-activate|p1a: Pikachu|move: Sticky Web\n|-unboost|p1a: Pikachu|spe|1\n|-damage|p1a: Pikachu|162/216|[from] Spikes\n|turn|12\n|inactive|Time left: 300 sec this turn | 300 sec total\n|\n|t:|1783549487\n|move|p1a: Pikachu|Fake Out|p2a: Typhlosion\n|-damage|p2a: Typhlosion|81/100\n|cant|p2a: Typhlosion|flinch\n|\n|upkeep\n|turn|13\n|inactive|Time left: 300 sec this turn | 300 sec total\n|\n|t:|1783549488\n|switch|p1a: Grafaiai|Grafaiai, L86, F|56/249\n|-activate|p1a: Grafaiai|move: Sticky Web\n|-unboost|p1a: Grafaiai|spe|1\n|-damage|p1a: Grafaiai|0 fnt|[from] Spikes\n|faint|p1a: Grafaiai\n|move|p2a: Typhlosion|Eruption|p1: Grafaiai|[notarget]\n|-fail|p2a: Typhlosion\n|\n|upkeep\n|inactive|Time left: 300 sec this turn | 300 sec total | 5 sec grace\n|\n|t:|1783549489\n|switch|p1a: Pikachu|Pikachu-Kalos, L93, M|162/216\n|-activate|p1a: Pikachu|move: Sticky Web\n|-unboost|p1a: Pikachu|spe|1\n|-damage|p1a: Pikachu|108/216|[from] Spikes\n|turn|14\n|inactive|Time left: 300 sec this turn | 300 sec total\n|\n|t:|1783549490\n|move|p1a: Pikachu|Fake Out|p2a: Typhlosion\n|-damage|p2a: Typhlosion|63/100\n|cant|p2a: Typhlosion|flinch\n|\n|upkeep\n|turn|15\n|inactive|Time left: 300 sec this turn | 300 sec total\n|\n|t:|1783549491\n|-terastallize|p1a: Pikachu|Water\n|move|p2a: Typhlosion|Eruption|p1a: Pikachu\n|-resisted|p1a: Pikachu\n|-damage|p1a: Pikachu|0 fnt\n|faint|p1a: Pikachu\n|\n|upkeep\n|inactive|Time left: 300 sec this turn | 300 sec total | 5 sec grace\n|\n|t:|1783549492\n|switch|p1a: Oricorio|Oricorio-Sensu, L85, M|266/266\n|turn|16\n|inactive|Time left: 300 sec this turn | 300 sec total\n|\n|t:|1783549493\n|move|p2a: Typhlosion|Eruption|p1a: Oricorio\n|-damage|p1a: Oricorio|8/266\n|move|p1a: Oricorio|Quiver Dance|p1a: Oricorio\n|-boost|p1a: Oricorio|spa|1\n|-boost|p1a: Oricorio|spd|1\n|-boost|p1a: Oricorio|spe|1\n|\n|upkeep\n|turn|17\n|inactive|Time left: 300 sec this turn | 300 sec total\n|\n|t:|1783549494\n|switch|p2a: Tyranitar|Tyranitar, L78, F|100/100\n|-weather|Sandstorm|[from] ability: Sand Stream|[of] p2a: Tyranitar\n|move|p1a: Oricorio|Hurricane|p2a: Tyranitar\n|-resisted|p2a: Tyranitar\n|-damage|p2a: Tyranitar|79/100\n|-start|p2a: Tyranitar|confusion\n|\n|-weather|Sandstorm|[upkeep]\n|-damage|p1a: Oricorio|0 fnt|[from] Sandstorm\n|faint|p1a: Oricorio\n|-heal|p2a: Tyranitar|85/100|[from] item: Leftovers\n|upkeep\n|inactive|Time left: 300 sec this turn | 300 sec total | 5 sec grace\n|\n|t:|1783549496\n|switch|p1a: Gliscor|Gliscor, L76, M|239/239\n|turn|18\n|inactive|Time left: 300 sec this turn | 300 sec total\n|\n|t:|1783549497\n|move|p1a: Gliscor|Substitute|p1a: Gliscor\n|-start|p1a: Gliscor|Substitute\n|-damage|p1a: Gliscor|180/239\n|-activate|p2a: Tyranitar|confusion\n|move|p2a: Tyranitar|Ice Beam|p1a: Gliscor\n|-supereffective|p1a: Gliscor\n|-end|p1a: Gliscor|Substitute\n|\n|-weather|Sandstorm|[upkeep]\n|-heal|p2a: Tyranitar|91/100|[from] item: Leftovers\n|-status|p1a: Gliscor|tox|[from] item: Toxic Orb\n|upkeep\n|turn|19\n|inactive|Time left: 300 sec this turn | 300 sec total\n|\n|t:|1783549498\n|move|p1a: Gliscor|Substitute|p1a: Gliscor\n|-start|p1a: Gliscor|Substitute\n|-damage|p1a: Gliscor|121/239 tox\n|-activate|p2a: Tyranitar|confusion\n|move|p2a: Tyranitar|Ice Beam|p1a: Gliscor\n|-supereffective|p1a: Gliscor\n|-end|p1a: Gliscor|Substitute\n|\n|-weather|Sandstorm|[upkeep]\n|-heal|p2a: Tyranitar|97/100|[from] item: Leftovers\n|-heal|p1a: Gliscor|150/239 tox|[from] ability: Poison Heal\n|upkeep\n|turn|20\n|inactive|Time left: 300 sec this turn | 300 sec total\n|\n|t:|1783549499\n|switch|p2a: Indeedee|Indeedee, L84, M|100/100\n|-fieldstart|move: Psychic Terrain|[from] ability: Psychic Surge|[of] p2a: Indeedee\n|move|p1a: Gliscor|Substitute|p1a: Gliscor\n|-start|p1a: Gliscor|Substitute\n|-damage|p1a: Gliscor|91/239 tox\n|\n|-weather|Sandstorm|[upkeep]\n|-damage|p2a: Indeedee|95/100|[from] Sandstorm\n|-heal|p1a: Gliscor|120/239 tox|[from] ability: Poison Heal\n|upkeep\n|turn|21\n|inactive|Time left: 300 sec this turn | 300 sec total\n|\n|t:|1783549500\n|move|p1a: Gliscor|Protect|p1a: Gliscor\n|-singleturn|p1a: Gliscor|Protect\n|move|p2a: Indeedee|Hyper Voice|p1a: Gliscor\n|-activate|p1a: Gliscor|move: Protect\n|\n|-weather|none\n|-heal|p1a: Gliscor|149/239 tox|[from] ability: Poison Heal\n|upkeep\n|turn|22\n|inactive|Time left: 300 sec this turn | 300 sec total\n|\n|t:|1783549501\n|move|p1a: Gliscor|Protect||[still]\n|-fail|p1a: Gliscor\n|move|p2a: Indeedee|Hyper Voice|p1a: Gliscor\n|-damage|p1a: Gliscor|32/239 tox\n|\n|-heal|p1a: Gliscor|61/239 tox|[from] ability: Poison Heal\n|upkeep\n|turn|23\n|inactive|Time left: 300 sec this turn | 300 sec total\n|\n|t:|1783549502\n|move|p1a: Gliscor|Protect|p1a: Gliscor\n|-singleturn|p1a: Gliscor|Protect\n|move|p2a: Indeedee|Hyper Voice|p1a: Gliscor\n|-activate|p1a: Gliscor|move: Protect\n|\n|-heal|p1a: Gliscor|90/239 tox|[from] ability: Poison Heal\n|upkeep\n|turn|24\n|inactive|Time left: 300 sec this turn | 300 sec total\n|\n|t:|1783549503\n|move|p1a: Gliscor|Protect||[still]\n|-fail|p1a: Gliscor\n|move|p2a: Indeedee|Hyper Voice|p1a: Gliscor\n|-damage|p1a: Gliscor|0 fnt\n|faint|p1a: Gliscor\n|\n|win|p0y88982b8", "uploadtime": 1783549503, "views": 0, "rating": 0, "private": 0, "password": null, "_winner": "p0y88982b8", "_our_name": "p0x8893b6a"}