{"id": "battle-gen9randombattle-1883", "formatid": "gen9randombattle", "format": "[Gen 9] Random Battle", "players": ["p0x188341ae", "p0y18830b7b"], "log": "|init|battle\n|title|p0x188341ae vs. p0y18830b7b\n|j|\u2606p0x188341ae\n|j|\u2606p0y18830b7b\n|t:|1783561026\n|gametype|singles\n|player|p1|p0x188341ae|102|\n|player|p2|p0y18830b7b|265|\n|gen|9\n|tier|[Gen 9] Random Battle\n|rule|Species Clause: Limit one of each Pok\u00e9mon\n|rule|HP Percentage Mod: HP is shown in percentages\n|rule|Sleep Clause Mod: Limit one foe put to sleep\n|rule|Illusion Level Mod: Illusion disguises the Pok\u00e9mon's true level\n|\n|t:|1783561026\n|teamsize|p1|6\n|teamsize|p2|6\n|start\n|switch|p1a: Latias|Latias, L79, F|256/256\n|switch|p2a: Plusle|Plusle, L95, M|100/100\n|turn|1\n|inactive|Battle timer is ON: inactive players will automatically lose when time's up. (requested by p0y18830b7b)\n|inactive|Time left: 300 sec this turn | 300 sec total | 60 sec grace\n|inactive|p0x188341ae also wants the timer to be on.\n|\n|t:|1783561028\n|move|p2a: Plusle|Nasty Plot|p2a: Plusle\n|-boost|p2a: Plusle|spa|2\n|move|p1a: Latias|Psyshock|p2a: Plusle\n|-damage|p2a: Plusle|49/100\n|\n|upkeep\n|turn|2\n|inactive|Time left: 300 sec this turn | 300 sec total\n|\n|t:|1783561029\n|move|p2a: Plusle|Alluring Voice|p1a: Latias\n|-supereffective|p1a: Latias\n|-damage|p1a: Latias|0 fnt\n|faint|p1a: Latias\n|-damage|p2a: Plusle|39/100|[from] item: Life Orb\n|\n|upkeep\n|inactive|Time left: 300 sec this turn | 300 sec total | 5 sec grace\n|\n|t:|1783561029\n|switch|p1a: Iron Leaves|Iron Leaves, L80|275/275\n|turn|3\n|inactive|Time left: 300 sec this turn | 300 sec total\n|\n|t:|1783561031\n|move|p2a: Plusle|Thunderbolt|p1a: Iron Leaves\n|-resisted|p1a: Iron Leaves\n|-damage|p1a: Iron Leaves|136/275\n|-damage|p2a: Plusle|30/100|[from] item: Life Orb\n|move|p1a: Iron Leaves|Leaf Blade|p2a: Plusle\n|-damage|p2a: Plusle|0 fnt\n|faint|p2a: Plusle\n|\n|upkeep\n|\n|t:|1783561032\n|switch|p2a: Koraidon|Koraidon, L64|100/100\n|-weather|SunnyDay|[from] ability: Orichalcum Pulse|[of] p2a: Koraidon\n|-activate|p2a: Koraidon|Orichalcum Pulse|[source]\n|turn|4\n|inactive|Time left: 300 sec this turn | 300 sec total\n|\n|t:|1783561032\n|move|p1a: Iron Leaves|Leaf Blade|p2a: Koraidon\n|-resisted|p2a: Koraidon\n|-crit|p2a: Koraidon\n|-damage|p2a: Koraidon|46/100\n|move|p2a: Koraidon|Outrage|p1a: Iron Leaves\n|-crit|p1a: Iron Leaves\n|-damage|p1a: Iron Leaves|0 fnt\n|faint|p1a: Iron Leaves\n|-end|p1a: Iron Leaves|Quark Drive|[silent]\n|\n|-weather|SunnyDay|[upkeep]\n|upkeep\n|inactive|Time left: 300 sec this turn | 300 sec total | 5 sec grace\n|\n|t:|1783561033\n|switch|p1a: Cobalion|Cobalion, L80|277/277\n|turn|5\n|inactive|Time left: 300 sec this turn | 300 sec total\n|\n|t:|1783561034\n|move|p1a: Cobalion|Swords Dance|p1a: Cobalion\n|-boost|p1a: Cobalion|atk|2\n|move|p2a: Koraidon|Outrage|p1a: Cobalion|[from] lockedmove\n|-resisted|p1a: Cobalion\n|-damage|p1a: Cobalion|203/277\n|-start|p2a: Koraidon|confusion|[fatigue]\n|\n|-weather|SunnyDay|[upkeep]\n|-heal|p1a: Cobalion|220/277|[from] item: Leftovers\n|upkeep\n|turn|6\n|inactive|Time left: 300 sec this turn | 300 sec total\n|\n|t:|1783561035\n|switch|p2a: Suicune|Suicune, L82|100/100\n|-ability|p2a: Suicune|Pressure\n|move|p1a: Cobalion|Iron Head|p2a: Suicune\n|-resisted|p2a: Suicune\n|-damage|p2a: Suicune|80/100\n|\n|-weather|SunnyDay|[upkeep]\n|-heal|p1a: Cobalion|237/277|[from] item: Leftovers\n|-heal|p2a: Suicune|86/100|[from] item: Leftovers\n|upkeep\n|turn|7\n|inactive|Time left: 300 sec this turn | 300 sec total\n|\n|t:|1783561036\n|move|p1a: Cobalion|Swords Dance|p1a: Cobalion\n|-boost|p1a: Cobalion|atk|2\n|move|p2a: Suicune|Scald|p1a: Cobalion\n|-damage|p1a: Cobalion|194/277\n|\n|-weather|SunnyDay|[upkeep]\n|-heal|p1a: Cobalion|211/277|[from] item: Leftovers\n|-heal|p2a: Suicune|92/100|[from] item: Leftovers\n|upkeep\n|turn|8\n|inactive|Time left: 300 sec this turn | 300 sec total\n|\n|t:|1783561037\n|move|p2a: Suicune|Protect|p2a: Suicune\n|-singleturn|p2a: Suicune|Protect\n|move|p1a: Cobalion|Close Combat|p2a: Suicune\n|-activate|p2a: Suicune|move: Protect\n|\n|-weather|none\n|-heal|p1a: Cobalion|228/277|[from] item: Leftovers\n|-heal|p2a: Suicune|98/100|[from] item: Leftovers\n|upkeep\n|turn|9\n|inactive|Time left: 300 sec this turn | 300 sec total\n|\n|t:|1783561038\n|move|p1a: Cobalion|Close Combat|p2a: Suicune\n|-damage|p2a: Suicune|12/100\n|-unboost|p1a: Cobalion|def|1\n|-unboost|p1a: Cobalion|spd|1\n|move|p2a: Suicune|Scald|p1a: Cobalion\n|-damage|p1a: Cobalion|99/277\n|\n|-heal|p1a: Cobalion|116/277|[from] item: Leftovers\n|-heal|p2a: Suicune|18/100|[from] item: Leftovers\n|upkeep\n|turn|10\n|inactive|Time left: 300 sec this turn | 300 sec total\n|\n|t:|1783561039\n|move|p2a: Suicune|Protect|p2a: Suicune\n|-singleturn|p2a: Suicune|Protect\n|move|p1a: Cobalion|Iron Head|p2a: Suicune\n|-activate|p2a: Suicune|move: Protect\n|\n|-heal|p1a: Cobalion|133/277|[from] item: Leftovers\n|-heal|p2a: Suicune|24/100|[from] item: Leftovers\n|upkeep\n|turn|11\n|inactive|Time left: 300 sec this turn | 300 sec total\n|\n|t:|1783561040\n|move|p1a: Cobalion|Iron Head|p2a: Suicune\n|-resisted|p2a: Suicune\n|-damage|p2a: Suicune|0 fnt\n|faint|p2a: Suicune\n|\n|-heal|p1a: Cobalion|150/277|[from] item: Leftovers\n|upkeep\n|\n|t:|1783561041\n|switch|p2a: Seviper|Seviper, L93, F|100/100\n|turn|12\n|inactive|Time left: 300 sec this turn | 300 sec total\n|\n|t:|1783561042\n|move|p1a: Cobalion|Iron Head|p2a: Seviper\n|-damage|p2a: Seviper|9/100\n|move|p2a: Seviper|Earthquake|p1a: Cobalion\n|-supereffective|p1a: Cobalion\n|-damage|p1a: Cobalion|0 fnt\n|faint|p1a: Cobalion\n|\n|-heal|p2a: Seviper|15/100|[from] item: Leftovers\n|upkeep\n|inactive|Time left: 300 sec this turn | 300 sec total | 5 sec grace\n|\n|t:|1783561043\n|switch|p1a: Suicune|Suicune, L82|298/298\n|-ability|p1a: Suicune|Pressure\n|turn|13\n|inactive|Time left: 300 sec this turn | 300 sec total\n|\n|t:|1783561044\n|switch|p2a: Koraidon|Koraidon, L64|46/100\n|-weather|SunnyDay|[from] ability: Orichalcum Pulse|[of] p2a: Koraidon\n|-activate|p2a: Koraidon|Orichalcum Pulse|[source]\n|move|p1a: Suicune|Ice Beam|p2a: Koraidon\n|-supereffective|p2a: Koraidon\n|-damage|p2a: Koraidon|0 fnt\n|faint|p2a: Koraidon\n|\n|-weather|SunnyDay|[upkeep]\n|upkeep\n|\n|t:|1783561045\n|switch|p2a: Gardevoir|Gardevoir, L83, M|100/100\n|-ability|p2a: Gardevoir|Pressure|Trace|[from] ability: Trace|[of] p1a: Suicune\n|-ability|p2a: Gardevoir|Pressure\n|turn|14\n|inactive|Time left: 300 sec this turn | 300 sec total\n|\n|t:|1783561046\n|move|p1a: Suicune|Calm Mind|p1a: Suicune\n|-boost|p1a: Suicune|spa|1\n|-boost|p1a: Suicune|spd|1\n|move|p2a: Gardevoir|Calm Mind|p2a: Gardevoir\n|-boost|p2a: Gardevoir|spa|1\n|-boost|p2a: Gardevoir|spd|1\n|\n|-weather|SunnyDay|[upkeep]\n|upkeep\n|turn|15\n|inactive|Time left: 300 sec this turn | 300 sec total\n|\n|t:|1783561047\n|move|p1a: Suicune|Calm Mind|p1a: Suicune\n|-boost|p1a: Suicune|spa|1\n|-boost|p1a: Suicune|spd|1\n|move|p2a: Gardevoir|Calm Mind|p2a: Gardevoir\n|-boost|p2a: Gardevoir|spa|1\n|-boost|p2a: Gardevoir|spd|1\n|\n|-weather|SunnyDay|[upkeep]\n|upkeep\n|turn|16\n|inactive|Time left: 300 sec this turn | 300 sec total\n|\n|t:|1783561048\n|move|p1a: Suicune|Substitute|p1a: Suicune\n|-start|p1a: Suicune|Substitute\n|-damage|p1a: Suicune|224/298\n|move|p2a: Gardevoir|Moonblast|p1a: Suicune\n|-end|p1a: Suicune|Substitute\n|-damage|p2a: Gardevoir|91/100|[from] item: Life Orb\n|\n|-weather|SunnyDay|[upkeep]\n|-heal|p1a: Suicune|242/298|[from] item: Leftovers\n|upkeep\n|turn|17\n|inactive|Time left: 300 sec this turn | 300 sec total\n|\n|t:|1783561049\n|move|p1a: Suicune|Calm Mind|p1a: Suicune\n|-boost|p1a: Suicune|spa|1\n|-boost|p1a: Suicune|spd|1\n|move|p2a: Gardevoir|Moonblast|p1a: Suicune\n|-damage|p1a: Suicune|139/298\n|-unboost|p1a: Suicune|spa|1\n|-damage|p2a: Gardevoir|81/100|[from] item: Life Orb\n|\n|-weather|none\n|-heal|p1a: Suicune|157/298|[from] item: Leftovers\n|upkeep\n|turn|18\n|inactive|Time left: 300 sec this turn | 300 sec total\n|\n|t:|1783561050\n|-terastallize|p1a: Suicune|Steel\n|move|p1a: Suicune|Scald|p2a: Gardevoir\n|-damage|p2a: Gardevoir|55/100\n|-status|p2a: Gardevoir|brn\n|move|p2a: Gardevoir|Moonblast|p1a: Suicune\n|-resisted|p1a: Suicune\n|-damage|p1a: Suicune|106/298\n|-unboost|p1a: Suicune|spa|1\n|-damage|p2a: Gardevoir|45/100 brn|[from] item: Life Orb\n|\n|-heal|p1a: Suicune|124/298|[from] item: Leftovers\n|-damage|p2a: Gardevoir|39/100 brn|[from] brn\n|upkeep\n|turn|19\n|inactive|Time left: 300 sec this turn | 300 sec total\n|\n|t:|1783561051\n|move|p1a: Suicune|Scald|p2a: Gardevoir\n|-damage|p2a: Gardevoir|22/100 brn\n|move|p2a: Gardevoir|Focus Blast|p1a: Suicune\n|-supereffective|p1a: Suicune\n|-damage|p1a: Suicune|0 fnt\n|faint|p1a: Suicune\n|-damage|p2a: Gardevoir|12/100 brn|[from] item: Life Orb\n|\n|-damage|p2a: Gardevoir|6/100 brn|[from] brn\n|upkeep\n|inactive|Time left: 300 sec this turn | 300 sec total | 5 sec grace\n|\n|t:|1783561052\n|switch|p1a: Zangoose|Zangoose, L85, F|263/263\n|turn|20\n|inactive|Time left: 300 sec this turn | 300 sec total\n|\n|t:|1783561053\n|switch|p2a: Whiscash|Whiscash, L88, M|100/100\n|move|p1a: Zangoose|Knock Off|p2a: Whiscash\n|-damage|p2a: Whiscash|73/100\n|-enditem|p2a: Whiscash|Leftovers|[from] move: Knock Off|[of] p1a: Zangoose\n|\n|-status|p1a: Zangoose|tox|[from] item: Toxic Orb\n|upkeep\n|turn|21\n|inactive|Time left: 300 sec this turn | 300 sec total\n|\n|t:|1783561054\n|-terastallize|p2a: Whiscash|Steel\n|move|p1a: Zangoose|Facade|p2a: Whiscash\n|-resisted|p2a: Whiscash\n|-damage|p2a: Whiscash|31/100\n|move|p2a: Whiscash|Earthquake|p1a: Zangoose\n|-damage|p1a: Zangoose|145/263 tox\n|\n|-damage|p1a: Zangoose|129/263 tox|[from] psn\n|upkeep\n|turn|22\n|inactive|Time left: 300 sec this turn | 300 sec total\n|\n|t:|1783561055\n|switch|p2a: Gardevoir|Gardevoir, L83, M|6/100 brn\n|-ability|p2a: Gardevoir|Toxic Boost|Trace|[from] ability: Trace|[of] p1a: Zangoose\n|move|p1a: Zangoose|Facade|p2a: Gardevoir\n|-damage|p2a: Gardevoir|0 fnt\n|faint|p2a: Gardevoir\n|\n|-damage|p1a: Zangoose|97/263 tox|[from] psn\n|upkeep\n|\n|t:|1783561056\n|switch|p2a: Seviper|Seviper, L93, F|15/100\n|turn|23\n|inactive|Time left: 300 sec this turn | 300 sec total\n|\n|t:|1783561057\n|move|p1a: Zangoose|Facade|p2a: Seviper\n|-damage|p2a: Seviper|0 fnt\n|faint|p2a: Seviper\n|\n|-damage|p1a: Zangoose|49/263 tox|[from] psn\n|upkeep\n|\n|t:|1783561058\n|switch|p2a: Whiscash|Whiscash, L88, M, tera:Steel|31/100\n|turn|24\n|inactive|Time left: 300 sec this turn | 300 sec total\n|\n|t:|1783561059\n|move|p1a: Zangoose|Facade|p2a: Whiscash\n|-resisted|p2a: Whiscash\n|-damage|p2a: Whiscash|0 fnt\n|faint|p2a: Whiscash\n|\n|win|p0x188341ae", "uploadtime": 1783561059, "views": 0, "rating": 0, "private": 0, "password": null, "_winner": "p0x188341ae", "_our_name": "p0x188341ae"}