{"id": "battle-gen9randombattle-177", "formatid": "gen9randombattle", "format": "[Gen 9] Random Battle", "players": ["p0x1777eec", "p0y177c2a8"], "log": "|init|battle\n|title|p0x1777eec vs. p0y177c2a8\n|j|\u2606p0x1777eec\n|j|\u2606p0y177c2a8\n|t:|1783541629\n|gametype|singles\n|player|p1|p0x1777eec|169|\n|player|p2|p0y177c2a8|2|\n|gen|9\n|tier|[Gen 9] Random Battle\n|rule|Species Clause: Limit one of each Pok\u00e9mon\n|rule|HP Percentage Mod: HP is shown in percentages\n|rule|Sleep Clause Mod: Limit one foe put to sleep\n|rule|Illusion Level Mod: Illusion disguises the Pok\u00e9mon's true level\n|\n|t:|1783541629\n|teamsize|p1|6\n|teamsize|p2|6\n|start\n|switch|p1a: Cryogonal|Cryogonal, L89|287/287\n|switch|p2a: Skarmory|Skarmory, L80, M|100/100\n|turn|1\n|inactive|Battle timer is ON: inactive players will automatically lose when time's up. (requested by p0y177c2a8)\n|inactive|Time left: 300 sec this turn | 300 sec total | 60 sec grace\n|\n|t:|1783541630\n|move|p1a: Cryogonal|Freeze-Dry|p2a: Skarmory\n|-damage|p2a: Skarmory|60/100\n|move|p2a: Skarmory|Body Press|p1a: Cryogonal\n|-supereffective|p1a: Cryogonal\n|-damage|p1a: Cryogonal|95/287\n|\n|-heal|p2a: Skarmory|66/100|[from] item: Leftovers\n|upkeep\n|turn|2\n|inactive|Time left: 300 sec this turn | 300 sec total\n|inactive|p0x1777eec also wants the timer to be on.\n|\n|t:|1783541632\n|move|p1a: Cryogonal|Recover|p1a: Cryogonal\n|-heal|p1a: Cryogonal|239/287\n|move|p2a: Skarmory|Body Press|p1a: Cryogonal\n|-supereffective|p1a: Cryogonal\n|-damage|p1a: Cryogonal|41/287\n|\n|-heal|p2a: Skarmory|72/100|[from] item: Leftovers\n|upkeep\n|turn|3\n|inactive|Time left: 300 sec this turn | 300 sec total\n|\n|t:|1783541633\n|switch|p1a: Glimmora|Glimmora, L75, M|248/248\n|move|p2a: Skarmory|Body Press|p1a: Glimmora\n|-damage|p1a: Glimmora|167/248\n|-activate|p1a: Glimmora|ability: Toxic Debris\n|-sidestart|p2: p0y177c2a8|move: Toxic Spikes\n|\n|-heal|p2a: Skarmory|78/100|[from] item: Leftovers\n|upkeep\n|turn|4\n|inactive|Time left: 300 sec this turn | 300 sec total\n|\n|t:|1783541634\n|move|p1a: Glimmora|Meteor Beam||[still]\n|-prepare|p1a: Glimmora|Meteor Beam\n|-boost|p1a: Glimmora|spa|1\n|-enditem|p1a: Glimmora|Power Herb\n|-anim|p1a: Glimmora|Meteor Beam|p2a: Skarmory\n|-damage|p2a: Skarmory|0 fnt\n|faint|p2a: Skarmory\n|\n|upkeep\n|\n|t:|1783541635\n|switch|p2a: Inteleon|Inteleon, L81, F|100/100\n|-status|p2a: Inteleon|psn\n|turn|5\n|inactive|Time left: 300 sec this turn | 300 sec total\n|\n|t:|1783541636\n|move|p2a: Inteleon|Scald|p1a: Glimmora\n|-supereffective|p1a: Glimmora\n|-damage|p1a: Glimmora|0 fnt\n|faint|p1a: Glimmora\n|\n|-damage|p2a: Inteleon|88/100 psn|[from] psn\n|upkeep\n|inactive|Time left: 300 sec this turn | 300 sec total | 5 sec grace\n|\n|t:|1783541637\n|switch|p1a: Haxorus|Haxorus, L77, F|244/244\n|-ability|p1a: Haxorus|Mold Breaker\n|turn|6\n|inactive|Time left: 300 sec this turn | 300 sec total\n|\n|t:|1783541638\n|move|p2a: Inteleon|Scald|p1a: Haxorus\n|-resisted|p1a: Haxorus\n|-crit|p1a: Haxorus\n|-damage|p1a: Haxorus|100/244\n|move|p1a: Haxorus|Outrage|p2a: Inteleon\n|-damage|p2a: Inteleon|17/100 psn\n|\n|-damage|p2a: Inteleon|5/100 psn|[from] psn\n|upkeep\n|turn|7\n|inactive|Time left: 300 sec this turn | 300 sec total\n|\n|t:|1783541639\n|move|p2a: Inteleon|Scald|p1a: Haxorus\n|-resisted|p1a: Haxorus\n|-damage|p1a: Haxorus|0 fnt\n|faint|p1a: Haxorus\n|\n|-damage|p2a: Inteleon|0 fnt|[from] psn\n|faint|p2a: Inteleon\n|upkeep\n|inactive|Time left: 300 sec this turn | 300 sec total | 5 sec grace\n|\n|t:|1783541640\n|switch|p2a: Malamar|Malamar, L82, M|100/100\n|switch|p1a: Ting-Lu|Ting-Lu, L78|370/370\n|-status|p2a: Malamar|psn\n|-ability|p1a: Ting-Lu|Vessel of Ruin\n|turn|8\n|inactive|Time left: 300 sec this turn | 300 sec total\n|\n|t:|1783541641\n|move|p2a: Malamar|Superpower|p1a: Ting-Lu\n|-supereffective|p1a: Ting-Lu\n|-damage|p1a: Ting-Lu|234/370\n|-boost|p2a: Malamar|atk|1\n|-boost|p2a: Malamar|def|1\n|move|p1a: Ting-Lu|Stealth Rock|p2a: Malamar\n|-sidestart|p2: p0y177c2a8|move: Stealth Rock\n|\n|-heal|p1a: Ting-Lu|257/370|[from] item: Leftovers\n|-damage|p2a: Malamar|88/100 psn|[from] psn\n|upkeep\n|turn|9\n|inactive|Time left: 300 sec this turn | 300 sec total\n|\n|t:|1783541642\n|move|p2a: Malamar|Superpower|p1a: Ting-Lu\n|-supereffective|p1a: Ting-Lu\n|-damage|p1a: Ting-Lu|79/370\n|-boost|p2a: Malamar|atk|1\n|-boost|p2a: Malamar|def|1\n|move|p1a: Ting-Lu|Throat Chop|p2a: Malamar\n|-damage|p2a: Malamar|73/100 psn\n|-start|p2a: Malamar|Throat Chop|[silent]\n|\n|-heal|p1a: Ting-Lu|102/370|[from] item: Leftovers\n|-damage|p2a: Malamar|60/100 psn|[from] psn\n|upkeep\n|turn|10\n|inactive|Time left: 300 sec this turn | 300 sec total\n|\n|t:|1783541643\n|move|p2a: Malamar|Superpower|p1a: Ting-Lu\n|-supereffective|p1a: Ting-Lu\n|-damage|p1a: Ting-Lu|0 fnt\n|-boost|p2a: Malamar|atk|1\n|-boost|p2a: Malamar|def|1\n|faint|p1a: Ting-Lu\n|\n|-damage|p2a: Malamar|48/100 psn|[from] psn\n|-end|p2a: Malamar|Throat Chop|[silent]\n|upkeep\n|inactive|Time left: 300 sec this turn | 300 sec total | 5 sec grace\n|\n|t:|1783541644\n|switch|p1a: Toedscruel|Toedscruel, L87, M|281/281\n|turn|11\n|inactive|Time left: 300 sec this turn | 300 sec total\n|\n|t:|1783541645\n|move|p1a: Toedscruel|Leaf Storm|p2a: Malamar\n|-damage|p2a: Malamar|0 fnt\n|-unboost|p1a: Toedscruel|spa|2\n|faint|p2a: Malamar\n|\n|upkeep\n|\n|t:|1783541646\n|switch|p2a: Dewgong|Dewgong, L94, F|100/100\n|turn|12\n|inactive|Time left: 300 sec this turn | 300 sec total\n|\n|t:|1783541647\n|switch|p1a: Rabsca|Rabsca, L91, M|284/284\n|move|p2a: Dewgong|Hydro Pump|p1a: Rabsca|[miss]\n|-miss|p2a: Dewgong|p1a: Rabsca\n|\n|upkeep\n|turn|13\n|inactive|Time left: 300 sec this turn | 300 sec total\n|\n|t:|1783541648\n|move|p2a: Dewgong|Hydro Pump|p1a: Rabsca\n|-damage|p1a: Rabsca|193/284\n|move|p1a: Rabsca|Bug Buzz|p2a: Dewgong\n|-damage|p2a: Dewgong|66/100\n|\n|upkeep\n|turn|14\n|inactive|Time left: 300 sec this turn | 300 sec total\n|\n|t:|1783541649\n|move|p2a: Dewgong|Ice Beam|p1a: Rabsca\n|-damage|p1a: Rabsca|111/284\n|move|p1a: Rabsca|Psychic|p2a: Dewgong\n|-damage|p2a: Dewgong|32/100\n|\n|upkeep\n|turn|15\n|inactive|Time left: 300 sec this turn | 300 sec total\n|\n|t:|1783541650\n|move|p2a: Dewgong|Ice Beam|p1a: Rabsca\n|-damage|p1a: Rabsca|27/284\n|move|p1a: Rabsca|Bug Buzz|p2a: Dewgong\n|-damage|p2a: Dewgong|0 fnt\n|faint|p2a: Dewgong\n|\n|upkeep\n|\n|t:|1783541651\n|switch|p2a: Lokix|Lokix, L82, M|100/100\n|-status|p2a: Lokix|psn\n|-damage|p2a: Lokix|76/100 psn|[from] Stealth Rock\n|turn|16\n|inactive|Time left: 300 sec this turn | 300 sec total\n|\n|t:|1783541652\n|move|p2a: Lokix|Leech Life|p1a: Rabsca\n|-supereffective|p1a: Rabsca\n|-damage|p1a: Rabsca|0 fnt\n|-heal|p2a: Lokix|81/100 psn|[from] drain|[of] p1a: Rabsca\n|faint|p1a: Rabsca\n|-damage|p2a: Lokix|71/100 psn|[from] item: Life Orb\n|\n|-damage|p2a: Lokix|59/100 psn|[from] psn\n|upkeep\n|inactive|Time left: 300 sec this turn | 300 sec total | 5 sec grace\n|\n|t:|1783541653\n|switch|p1a: Cryogonal|Cryogonal, L89|41/287\n|turn|17\n|inactive|Time left: 300 sec this turn | 300 sec total\n|\n|t:|1783541654\n|move|p2a: Lokix|Sucker Punch||[still]\n|-fail|p2a: Lokix\n|move|p1a: Cryogonal|Recover|p1a: Cryogonal\n|-heal|p1a: Cryogonal|185/287\n|\n|-damage|p2a: Lokix|47/100 psn|[from] psn\n|upkeep\n|turn|18\n|inactive|Time left: 300 sec this turn | 300 sec total\n|\n|t:|1783541654\n|-terastallize|p2a: Lokix|Dark\n|move|p2a: Lokix|Sucker Punch|p1a: Cryogonal\n|-damage|p1a: Cryogonal|8/287\n|-damage|p2a: Lokix|37/100 psn|[from] item: Life Orb\n|move|p1a: Cryogonal|Freeze-Dry|p2a: Lokix\n|-crit|p2a: Lokix\n|-damage|p2a: Lokix|0 fnt\n|faint|p2a: Lokix\n|\n|upkeep\n|\n|t:|1783541655\n|switch|p2a: Cetitan|Cetitan, L82, F|100/100\n|-status|p2a: Cetitan|psn\n|-damage|p2a: Cetitan|76/100 psn|[from] Stealth Rock\n|turn|19\n|inactive|Time left: 300 sec this turn | 300 sec total\n|\n|t:|1783541656\n|move|p2a: Cetitan|Ice Shard|p1a: Cryogonal\n|-resisted|p1a: Cryogonal\n|-damage|p1a: Cryogonal|0 fnt\n|faint|p1a: Cryogonal\n|-damage|p2a: Cetitan|66/100 psn|[from] item: Life Orb\n|\n|-damage|p2a: Cetitan|53/100 psn|[from] psn\n|upkeep\n|inactive|Time left: 300 sec this turn | 300 sec total | 5 sec grace\n|\n|t:|1783541657\n|switch|p1a: Toedscruel|Toedscruel, L87, M|281/281\n|turn|20\n|inactive|Time left: 300 sec this turn | 300 sec total\n|\n|t:|1783541658\n|-terastallize|p1a: Toedscruel|Water\n|move|p1a: Toedscruel|Earth Power|p2a: Cetitan\n|-damage|p2a: Cetitan|21/100 psn\n|move|p2a: Cetitan|Icicle Crash|p1a: Toedscruel\n|-resisted|p1a: Toedscruel\n|-damage|p1a: Toedscruel|180/281\n|\n|-heal|p1a: Toedscruel|197/281|[from] item: Leftovers\n|-damage|p2a: Cetitan|9/100 psn|[from] psn\n|upkeep\n|turn|21\n|inactive|Time left: 300 sec this turn | 300 sec total\n|\n|t:|1783541659\n|move|p2a: Cetitan|Liquidation|p1a: Toedscruel\n|-resisted|p1a: Toedscruel\n|-damage|p1a: Toedscruel|132/281\n|move|p1a: Toedscruel|Spore||[still]\n|-fail|p1a: Toedscruel\n|\n|-heal|p1a: Toedscruel|149/281|[from] item: Leftovers\n|-damage|p2a: Cetitan|0 fnt|[from] psn\n|faint|p2a: Cetitan\n|\n|win|p0x1777eec", "uploadtime": 1783541659, "views": 0, "rating": 0, "private": 0, "password": null, "_winner": "p0x1777eec", "_our_name": "p0x1777eec"}