{"id": "battle-gen9randombattle-1033", "formatid": "gen9randombattle", "format": "[Gen 9] Random Battle", "players": ["p0x10335de2", "p0y10337cfe"], "log": "|init|battle\n|title|p0x10335de2 vs. p0y10337cfe\n|j|\u2606p0x10335de2\n|j|\u2606p0y10337cfe\n|t:|1783551885\n|gametype|singles\n|player|p1|p0x10335de2|2|\n|player|p2|p0y10337cfe|169|\n|gen|9\n|tier|[Gen 9] Random Battle\n|rule|Species Clause: Limit one of each Pok\u00e9mon\n|rule|HP Percentage Mod: HP is shown in percentages\n|rule|Sleep Clause Mod: Limit one foe put to sleep\n|rule|Illusion Level Mod: Illusion disguises the Pok\u00e9mon's true level\n|\n|t:|1783551885\n|teamsize|p1|6\n|teamsize|p2|6\n|start\n|switch|p1a: Dodrio|Dodrio, L85, F|241/241\n|switch|p2a: Heracross|Heracross, L80, M|100/100\n|turn|1\n|inactive|Battle timer is ON: inactive players will automatically lose when time's up. (requested by p0x10335de2)\n|inactive|p0y10337cfe also wants the timer to be on.\n|\n|t:|1783551886\n|switch|p2a: Bastiodon|Bastiodon, L89, F|100/100\n|move|p1a: Dodrio|Brave Bird|p2a: Bastiodon\n|-resisted|p2a: Bastiodon\n|-damage|p2a: Bastiodon|88/100\n|-damage|p1a: Dodrio|231/241|[from] Recoil\n|\n|upkeep\n|turn|2\n|inactive|Time left: 300 sec this turn | 300 sec total\n|\n|t:|1783551888\n|switch|p1a: Hariyama|Hariyama, L87, F|392/392\n|move|p2a: Bastiodon|Iron Defense|p2a: Bastiodon\n|-boost|p2a: Bastiodon|def|2\n|\n|-status|p1a: Hariyama|brn|[from] item: Flame Orb\n|upkeep\n|turn|3\n|inactive|Time left: 300 sec this turn | 300 sec total\n|\n|t:|1783551889\n|switch|p1a: Polteageist|Polteageist, L78|222/222\n|-terastallize|p2a: Bastiodon|Fighting\n|move|p2a: Bastiodon|Body Press|p1a: Polteageist\n|-immune|p1a: Polteageist\n|\n|upkeep\n|turn|4\n|inactive|Time left: 300 sec this turn | 300 sec total\n|\n|t:|1783551890\n|move|p1a: Polteageist|Shell Smash|p1a: Polteageist\n|-unboost|p1a: Polteageist|def|1\n|-unboost|p1a: Polteageist|spd|1\n|-boost|p1a: Polteageist|atk|2\n|-boost|p1a: Polteageist|spa|2\n|-boost|p1a: Polteageist|spe|2\n|-enditem|p1a: Polteageist|White Herb\n|-clearnegativeboost|p1a: Polteageist|[silent]\n|move|p2a: Bastiodon|Foul Play|p1a: Polteageist\n|-supereffective|p1a: Polteageist\n|-damage|p1a: Polteageist|46/222\n|\n|upkeep\n|turn|5\n|inactive|Time left: 300 sec this turn | 300 sec total\n|\n|t:|1783551891\n|switch|p2a: Cacturne|Cacturne, L92, M|100/100\n|move|p1a: Polteageist|Stored Power|p2a: Cacturne\n|-immune|p2a: Cacturne\n|\n|upkeep\n|turn|6\n|inactive|Time left: 300 sec this turn | 300 sec total\n|\n|t:|1783551892\n|move|p1a: Polteageist|Strength Sap|p2a: Cacturne\n|-unboost|p2a: Cacturne|atk|1\n|-heal|p1a: Polteageist|222/222\n|move|p2a: Cacturne|Knock Off|p1a: Polteageist\n|-supereffective|p1a: Polteageist\n|-damage|p1a: Polteageist|4/222\n|-start|p2a: Cacturne|Disable|Knock Off|[from] ability: Cursed Body|[of] p1a: Polteageist\n|-damage|p2a: Cacturne|91/100|[from] item: Life Orb\n|\n|upkeep\n|turn|7\n|inactive|Time left: 300 sec this turn | 300 sec total\n|\n|t:|1783551893\n|move|p1a: Polteageist|Strength Sap|p2a: Cacturne\n|-unboost|p2a: Cacturne|atk|1\n|-heal|p1a: Polteageist|180/222\n|move|p2a: Cacturne|Swords Dance|p2a: Cacturne\n|-boost|p2a: Cacturne|atk|2\n|\n|upkeep\n|turn|8\n|inactive|Time left: 300 sec this turn | 300 sec total\n|\n|t:|1783551894\n|move|p1a: Polteageist|Strength Sap|p2a: Cacturne\n|-unboost|p2a: Cacturne|atk|1\n|-heal|p1a: Polteageist|222/222\n|move|p2a: Cacturne|Seed Bomb|p1a: Polteageist\n|-damage|p1a: Polteageist|86/222\n|-damage|p2a: Cacturne|81/100|[from] item: Life Orb\n|\n|upkeep\n|turn|9\n|inactive|Time left: 300 sec this turn | 300 sec total\n|\n|t:|1783551895\n|move|p1a: Polteageist|Strength Sap|p2a: Cacturne\n|-unboost|p2a: Cacturne|atk|1\n|-heal|p1a: Polteageist|222/222\n|move|p2a: Cacturne|Seed Bomb|p1a: Polteageist\n|-damage|p1a: Polteageist|127/222\n|-damage|p2a: Cacturne|71/100|[from] item: Life Orb\n|\n|-end|p2a: Cacturne|Disable\n|upkeep\n|turn|10\n|inactive|Time left: 300 sec this turn | 300 sec total\n|\n|t:|1783551895\n|move|p1a: Polteageist|Strength Sap|p2a: Cacturne\n|-unboost|p2a: Cacturne|atk|1\n|-heal|p1a: Polteageist|222/222\n|move|p2a: Cacturne|Knock Off|p1a: Polteageist\n|-supereffective|p1a: Polteageist\n|-damage|p1a: Polteageist|87/222\n|-start|p2a: Cacturne|Disable|Knock Off|[from] ability: Cursed Body|[of] p1a: Polteageist\n|-damage|p2a: Cacturne|62/100|[from] item: Life Orb\n|\n|upkeep\n|turn|11\n|inactive|Time left: 300 sec this turn | 300 sec total\n|\n|t:|1783551896\n|move|p1a: Polteageist|Strength Sap|p2a: Cacturne\n|-unboost|p2a: Cacturne|atk|1\n|-heal|p1a: Polteageist|192/222\n|move|p2a: Cacturne|Seed Bomb|p1a: Polteageist\n|-damage|p1a: Polteageist|124/222\n|-damage|p2a: Cacturne|52/100|[from] item: Life Orb\n|\n|upkeep\n|turn|12\n|inactive|Time left: 300 sec this turn | 300 sec total\n|\n|t:|1783551897\n|move|p1a: Polteageist|Strength Sap|p2a: Cacturne\n|-unboost|p2a: Cacturne|atk|1\n|-heal|p1a: Polteageist|212/222\n|move|p2a: Cacturne|Seed Bomb|p1a: Polteageist\n|-damage|p1a: Polteageist|150/222\n|-damage|p2a: Cacturne|42/100|[from] item: Life Orb\n|\n|upkeep\n|turn|13\n|inactive|Time left: 300 sec this turn | 300 sec total\n|\n|t:|1783551898\n|move|p1a: Polteageist|Shadow Ball|p2a: Cacturne\n|-resisted|p2a: Cacturne\n|-damage|p2a: Cacturne|1/100\n|move|p2a: Cacturne|Seed Bomb|p1a: Polteageist\n|-damage|p1a: Polteageist|94/222\n|-damage|p2a: Cacturne|0 fnt|[from] item: Life Orb\n|faint|p2a: Cacturne\n|\n|upkeep\n|\n|t:|1783551899\n|switch|p2a: Zekrom|Zekrom, L71|100/100\n|-ability|p2a: Zekrom|Teravolt\n|turn|14\n|inactive|Time left: 300 sec this turn | 300 sec total\n|\n|t:|1783551900\n|-terastallize|p1a: Polteageist|Psychic\n|move|p1a: Polteageist|Stored Power|p2a: Zekrom\n|-damage|p2a: Zekrom|0 fnt\n|faint|p2a: Zekrom\n|\n|upkeep\n|\n|t:|1783551901\n|switch|p2a: Bastiodon|Bastiodon, L89, F, tera:Fighting|88/100\n|turn|15\n|inactive|Time left: 300 sec this turn | 300 sec total\n|\n|t:|1783551902\n|move|p1a: Polteageist|Stored Power|p2a: Bastiodon\n|-supereffective|p2a: Bastiodon\n|-damage|p2a: Bastiodon|0 fnt\n|faint|p2a: Bastiodon\n|\n|upkeep\n|\n|t:|1783551903\n|switch|p2a: Heracross|Heracross, L80, M|100/100\n|turn|16\n|inactive|Time left: 300 sec this turn | 300 sec total\n|\n|t:|1783551905\n|switch|p2a: Gardevoir|Gardevoir, L83, M|100/100\n|-ability|p2a: Gardevoir|Cursed Body|Trace|[from] ability: Trace|[of] p1a: Polteageist\n|move|p1a: Polteageist|Stored Power|p2a: Gardevoir\n|-resisted|p2a: Gardevoir\n|-damage|p2a: Gardevoir|49/100\n|\n|upkeep\n|turn|17\n|inactive|Time left: 300 sec this turn | 300 sec total\n|\n|t:|1783551906\n|move|p1a: Polteageist|Stored Power|p2a: Gardevoir\n|-resisted|p2a: Gardevoir\n|-damage|p2a: Gardevoir|0 fnt\n|-start|p1a: Polteageist|Disable|Stored Power|[from] ability: Cursed Body|[of] p2a: Gardevoir\n|faint|p2a: Gardevoir\n|\n|upkeep\n|\n|t:|1783551907\n|switch|p2a: Gengar|Gengar, L81, M|100/100\n|turn|18\n|inactive|Time left: 300 sec this turn | 300 sec total\n|\n|t:|1783551908\n|move|p1a: Polteageist|Shadow Ball|p2a: Gengar\n|-supereffective|p2a: Gengar\n|-damage|p2a: Gengar|0 fnt\n|faint|p2a: Gengar\n|\n|upkeep\n|\n|t:|1783551909\n|switch|p2a: Heracross|Heracross, L80, M|100/100\n|turn|19\n|inactive|Time left: 300 sec this turn | 300 sec total\n|\n|t:|1783551909\n|move|p1a: Polteageist|Shadow Ball|p2a: Heracross\n|-damage|p2a: Heracross|23/100\n|move|p2a: Heracross|Close Combat|p1a: Polteageist\n|-resisted|p1a: Polteageist\n|-damage|p1a: Polteageist|0 fnt\n|-unboost|p2a: Heracross|def|1\n|-unboost|p2a: Heracross|spd|1\n|faint|p1a: Polteageist\n|-ability|p2a: Heracross|Moxie|boost\n|-boost|p2a: Heracross|atk|1\n|\n|upkeep\n|inactive|Time left: 300 sec this turn | 300 sec total | 5 sec grace\n|\n|t:|1783551910\n|switch|p1a: Scyther|Scyther, L82, F|249/249\n|turn|20\n|inactive|Time left: 300 sec this turn | 300 sec total\n|\n|t:|1783551911\n|move|p1a: Scyther|Close Combat|p2a: Heracross\n|-resisted|p2a: Heracross\n|-damage|p2a: Heracross|0 fnt\n|-unboost|p1a: Scyther|def|1\n|-unboost|p1a: Scyther|spd|1\n|faint|p2a: Heracross\n|\n|win|p0x10335de2", "uploadtime": 1783551911, "views": 0, "rating": 0, "private": 0, "password": null, "_winner": "p0x10335de2", "_our_name": "p0x10335de2"}