{"id": "battle-gen9randombattle-2513", "formatid": "gen9randombattle", "format": "[Gen 9] Random Battle", "players": ["p0x251330c3", "p0y2513f443"], "log": "|init|battle\n|title|p0x251330c3 vs. p0y2513f443\n|j|\u2606p0x251330c3\n|j|\u2606p0y2513f443\n|t:|1783569114\n|gametype|singles\n|player|p1|p0x251330c3|2|\n|player|p2|p0y2513f443|170|\n|gen|9\n|tier|[Gen 9] Random Battle\n|rule|Species Clause: Limit one of each Pok\u00e9mon\n|rule|HP Percentage Mod: HP is shown in percentages\n|rule|Sleep Clause Mod: Limit one foe put to sleep\n|rule|Illusion Level Mod: Illusion disguises the Pok\u00e9mon's true level\n|\n|t:|1783569114\n|teamsize|p1|6\n|teamsize|p2|6\n|start\n|switch|p1a: Arboliva|Arboliva, L91, F|100/100\n|switch|p2a: Copperajah|Copperajah, L86, F|350/350\n|turn|1\n|inactive|Battle timer is ON: inactive players will automatically lose when time's up. (requested by p0y2513f443)\n|\n|t:|1783569115\n|move|p1a: Arboliva|Earth Power|p2a: Copperajah\n|-supereffective|p2a: Copperajah\n|-damage|p2a: Copperajah|132/350\n|-unboost|p2a: Copperajah|spd|1\n|move|p2a: Copperajah|Stealth Rock|p1a: Arboliva\n|-sidestart|p1: p0x251330c3|move: Stealth Rock\n|\n|upkeep\n|turn|2\n|inactive|Time left: 300 sec this turn | 300 sec total\n|inactive|p0x251330c3 also wants the timer to be on.\n|\n|t:|1783569117\n|switch|p2a: Komala|Komala, L87, F|255/255\n|-ability|p2a: Komala|Comatose\n|move|p1a: Arboliva|Hyper Voice|p2a: Komala\n|-damage|p2a: Komala|167/255\n|\n|upkeep\n|turn|3\n|inactive|Time left: 300 sec this turn | 300 sec total\n|\n|t:|1783569118\n|move|p2a: Komala|Body Slam|p1a: Arboliva\n|-damage|p1a: Arboliva|68/100\n|-status|p1a: Arboliva|par\n|-fieldstart|move: Grassy Terrain|[from] ability: Seed Sower|[of] p1a: Arboliva\n|move|p1a: Arboliva|Energy Ball|p2a: Komala\n|-damage|p2a: Komala|55/255\n|\n|-heal|p2a: Komala|70/255|[from] Grassy Terrain\n|-heal|p1a: Arboliva|75/100 par|[from] Grassy Terrain\n|-heal|p1a: Arboliva|81/100 par|[from] item: Leftovers\n|upkeep\n|turn|4\n|inactive|Time left: 300 sec this turn | 300 sec total\n|\n|t:|1783569119\n|move|p2a: Komala|Knock Off|p1a: Arboliva\n|-damage|p1a: Arboliva|53/100 par\n|-enditem|p1a: Arboliva|Leftovers|[from] move: Knock Off|[of] p2a: Komala\n|move|p1a: Arboliva|Energy Ball|p2a: Komala\n|-damage|p2a: Komala|0 fnt\n|faint|p2a: Komala\n|\n|-heal|p1a: Arboliva|59/100 par|[from] Grassy Terrain\n|upkeep\n|inactive|Time left: 300 sec this turn | 300 sec total | 5 sec grace\n|\n|t:|1783569119\n|switch|p2a: Bisharp|Bisharp, L79, M|232/232\n|turn|5\n|inactive|Time left: 300 sec this turn | 300 sec total\n|\n|t:|1783569120\n|move|p2a: Bisharp|Swords Dance|p2a: Bisharp\n|-boost|p2a: Bisharp|atk|2\n|move|p1a: Arboliva|Earth Power|p2a: Bisharp\n|-supereffective|p2a: Bisharp\n|-damage|p2a: Bisharp|82/232\n|\n|-heal|p2a: Bisharp|96/232|[from] Grassy Terrain\n|-heal|p1a: Arboliva|66/100 par|[from] Grassy Terrain\n|upkeep\n|turn|6\n|inactive|Time left: 300 sec this turn | 300 sec total\n|\n|t:|1783569121\n|move|p2a: Bisharp|Iron Head|p1a: Arboliva\n|-damage|p1a: Arboliva|5/100 par\n|move|p1a: Arboliva|Earth Power|p2a: Bisharp\n|-supereffective|p2a: Bisharp\n|-damage|p2a: Bisharp|0 fnt\n|faint|p2a: Bisharp\n|\n|-heal|p1a: Arboliva|11/100 par|[from] Grassy Terrain\n|upkeep\n|inactive|Time left: 300 sec this turn | 300 sec total | 5 sec grace\n|\n|t:|1783569122\n|switch|p2a: Primarina|Primarina, L83, M|268/268\n|turn|7\n|inactive|Time left: 300 sec this turn | 300 sec total\n|\n|t:|1783569122\n|move|p2a: Primarina|Sparkling Aria|p1a: Arboliva\n|-resisted|p1a: Arboliva\n|-damage|p1a: Arboliva|0 fnt\n|faint|p1a: Arboliva\n|\n|-fieldend|move: Grassy Terrain\n|upkeep\n|\n|t:|1783569123\n|switch|p1a: Metagross|Metagross, L79|100/100\n|-damage|p1a: Metagross|94/100|[from] Stealth Rock\n|turn|8\n|inactive|Time left: 300 sec this turn | 300 sec total\n|\n|t:|1783569124\n|move|p1a: Metagross|Psychic Fangs|p2a: Primarina\n|-damage|p2a: Primarina|79/268\n|move|p2a: Primarina|Sparkling Aria|p1a: Metagross\n|-damage|p1a: Metagross|29/100\n|\n|-heal|p2a: Primarina|95/268|[from] item: Leftovers\n|upkeep\n|turn|9\n|inactive|Time left: 300 sec this turn | 300 sec total\n|\n|t:|1783569125\n|switch|p2a: Sandy Shocks|Sandy Shocks, L80|267/267\n|move|p1a: Metagross|Psychic Fangs|p2a: Sandy Shocks\n|-damage|p2a: Sandy Shocks|125/267\n|\n|upkeep\n|turn|10\n|inactive|Time left: 300 sec this turn | 300 sec total\n|\n|t:|1783569126\n|switch|p1a: Spidops|Spidops, L96, F|100/100\n|move|p2a: Sandy Shocks|Earth Power|p1a: Spidops\n|-resisted|p1a: Spidops\n|-damage|p1a: Spidops|82/100\n|\n|upkeep\n|turn|11\n|inactive|Time left: 300 sec this turn | 300 sec total\n|\n|t:|1783569127\n|move|p2a: Sandy Shocks|Thunderbolt|p1a: Spidops\n|-damage|p1a: Spidops|49/100\n|move|p1a: Spidops|Knock Off|p2a: Sandy Shocks\n|-damage|p2a: Sandy Shocks|56/267\n|-enditem|p2a: Sandy Shocks|Heavy-Duty Boots|[from] move: Knock Off|[of] p1a: Spidops\n|\n|upkeep\n|turn|12\n|inactive|Time left: 300 sec this turn | 300 sec total\n|\n|t:|1783569128\n|move|p2a: Sandy Shocks|Thunderbolt|p1a: Spidops\n|-damage|p1a: Spidops|16/100\n|-status|p1a: Spidops|par\n|move|p1a: Spidops|Sticky Web|p2a: Sandy Shocks\n|-sidestart|p2: p0y2513f443|move: Sticky Web\n|\n|upkeep\n|turn|13\n|inactive|Time left: 300 sec this turn | 300 sec total\n|\n|t:|1783569129\n|move|p2a: Sandy Shocks|Earth Power|p1a: Spidops\n|-resisted|p1a: Spidops\n|-damage|p1a: Spidops|0 fnt\n|faint|p1a: Spidops\n|\n|upkeep\n|\n|t:|1783569130\n|switch|p1a: Walking Wake|Walking Wake, L79|100/100\n|-damage|p1a: Walking Wake|88/100|[from] Stealth Rock\n|turn|14\n|inactive|Time left: 300 sec this turn | 300 sec total\n|\n|t:|1783569131\n|move|p1a: Walking Wake|Hydro Steam|p2a: Sandy Shocks\n|-supereffective|p2a: Sandy Shocks\n|-damage|p2a: Sandy Shocks|0 fnt\n|faint|p2a: Sandy Shocks\n|-end|p2a: Sandy Shocks|Protosynthesis|[silent]\n|-damage|p1a: Walking Wake|78/100|[from] item: Life Orb\n|\n|upkeep\n|inactive|Time left: 300 sec this turn | 300 sec total | 5 sec grace\n|\n|t:|1783569132\n|switch|p2a: Primarina|Primarina, L83, M|95/268\n|-activate|p2a: Primarina|move: Sticky Web\n|-unboost|p2a: Primarina|spe|1\n|turn|15\n|inactive|Time left: 300 sec this turn | 300 sec total\n|\n|t:|1783569133\n|-end|p1a: Walking Wake|Protosynthesis|[silent]\n|switch|p1a: Metagross|Metagross, L79|29/100\n|-damage|p1a: Metagross|23/100|[from] Stealth Rock\n|move|p2a: Primarina|Sparkling Aria|p1a: Metagross\n|-damage|p1a: Metagross|0 fnt\n|faint|p1a: Metagross\n|\n|-heal|p2a: Primarina|111/268|[from] item: Leftovers\n|upkeep\n|\n|t:|1783569134\n|switch|p1a: Moltres|Moltres, L81|100/100\n|turn|16\n|inactive|Time left: 300 sec this turn | 300 sec total\n|\n|t:|1783569135\n|move|p1a: Moltres|Brave Bird|p2a: Primarina\n|-damage|p2a: Primarina|0 fnt\n|faint|p2a: Primarina\n|-damage|p1a: Moltres|87/100|[from] Recoil\n|\n|upkeep\n|inactive|Time left: 300 sec this turn | 300 sec total | 5 sec grace\n|\n|t:|1783569136\n|switch|p2a: Dragapult|Dragapult, L77, F|262/262\n|-activate|p2a: Dragapult|move: Sticky Web\n|-fail|p2a: Dragapult|unboost|[from] ability: Clear Body|[of] p2a: Dragapult\n|turn|17\n|inactive|Time left: 300 sec this turn | 300 sec total\n|\n|t:|1783569137\n|move|p2a: Dragapult|Dragon Dance|p2a: Dragapult\n|-boost|p2a: Dragapult|atk|1\n|-boost|p2a: Dragapult|spe|1\n|move|p1a: Moltres|Fire Blast|p2a: Dragapult\n|-resisted|p2a: Dragapult\n|-damage|p2a: Dragapult|175/262\n|\n|upkeep\n|turn|18\n|inactive|Time left: 300 sec this turn | 300 sec total\n|\n|t:|1783569138\n|move|p2a: Dragapult|Dragon Darts|p1a: Moltres\n|-damage|p1a: Moltres|48/100\n|-anim|p2a: Dragapult|Dragon Darts|p1a: Moltres\n|-crit|p1a: Moltres\n|-damage|p1a: Moltres|0 fnt\n|faint|p1a: Moltres\n|-damage|p2a: Dragapult|149/262|[from] item: Life Orb\n|\n|upkeep\n|\n|t:|1783569138\n|switch|p1a: Walking Wake|Walking Wake, L79|78/100\n|-damage|p1a: Walking Wake|66/100|[from] Stealth Rock\n|turn|19\n|inactive|Time left: 300 sec this turn | 300 sec total\n|\n|t:|1783569139\n|-terastallize|p1a: Walking Wake|Fire\n|move|p2a: Dragapult|Dragon Darts|p1a: Walking Wake\n|-damage|p1a: Walking Wake|31/100\n|-anim|p2a: Dragapult|Dragon Darts|p1a: Walking Wake\n|-damage|p1a: Walking Wake|0 fnt\n|faint|p1a: Walking Wake\n|-end|p1a: Walking Wake|Protosynthesis|[silent]\n|-damage|p2a: Dragapult|123/262|[from] item: Life Orb\n|\n|upkeep\n|\n|t:|1783569140\n|switch|p1a: Slowbro|Slowbro-Galar, L87, M|100/100\n|-damage|p1a: Slowbro|88/100|[from] Stealth Rock\n|turn|20\n|inactive|Time left: 300 sec this turn | 300 sec total\n|\n|t:|1783569141\n|-terastallize|p2a: Dragapult|Ghost\n|move|p2a: Dragapult|Tera Blast|p1a: Slowbro|[anim] Tera Blast Ghost\n|-supereffective|p1a: Slowbro\n|-damage|p1a: Slowbro|0 fnt\n|faint|p1a: Slowbro\n|-damage|p2a: Dragapult|97/262|[from] item: Life Orb\n|\n|win|p0y2513f443", "uploadtime": 1783569141, "views": 0, "rating": 0, "private": 0, "password": null, "_winner": "p0y2513f443", "_our_name": "p0y2513f443"}