{"id": "battle-gen9randombattle-1335", "formatid": "gen9randombattle", "format": "[Gen 9] Random Battle", "players": ["p0x13355487", "p0y13354468"], "log": "|init|battle\n|title|p0x13355487 vs. p0y13354468\n|j|\u2606p0x13355487\n|j|\u2606p0y13354468\n|t:|1783554622\n|gametype|singles\n|player|p1|p0x13355487|266|\n|player|p2|p0y13354468|102|\n|gen|9\n|tier|[Gen 9] Random Battle\n|rule|Species Clause: Limit one of each Pok\u00e9mon\n|rule|HP Percentage Mod: HP is shown in percentages\n|rule|Sleep Clause Mod: Limit one foe put to sleep\n|rule|Illusion Level Mod: Illusion disguises the Pok\u00e9mon's true level\n|\n|t:|1783554622\n|teamsize|p1|6\n|teamsize|p2|6\n|start\n|switch|p1a: Ogerpon|Ogerpon-Wellspring, L76, F|247/247\n|switch|p2a: Rampardos|Rampardos, L90, F|100/100\n|turn|1\n|inactive|Battle timer is ON: inactive players will automatically lose when time's up. (requested by p0x13355487)\n|inactive|p0y13354468 also wants the timer to be on.\n|\n|t:|1783554623\n|move|p2a: Rampardos|Head Smash|p1a: Ogerpon|[miss]\n|-miss|p2a: Rampardos|p1a: Ogerpon\n|move|p1a: Ogerpon|Wood Hammer|p2a: Rampardos\n|-supereffective|p2a: Rampardos\n|-damage|p2a: Rampardos|0 fnt\n|faint|p2a: Rampardos\n|-damage|p1a: Ogerpon|141/247|[from] Recoil\n|\n|upkeep\n|\n|t:|1783554624\n|switch|p2a: Rayquaza|Rayquaza, L72|100/100\n|-ability|p2a: Rayquaza|Air Lock\n|turn|2\n|inactive|Time left: 300 sec this turn | 300 sec total\n|\n|t:|1783554626\n|move|p1a: Ogerpon|Synthesis|p1a: Ogerpon\n|-heal|p1a: Ogerpon|247/247\n|move|p2a: Rayquaza|Scale Shot|p1a: Ogerpon\n|-damage|p1a: Ogerpon|213/247\n|-damage|p1a: Ogerpon|179/247\n|-damage|p1a: Ogerpon|146/247\n|-damage|p1a: Ogerpon|116/247\n|-hitcount|p1a: Ogerpon|4\n|-unboost|p2a: Rayquaza|def|1\n|-boost|p2a: Rayquaza|spe|1\n|\n|upkeep\n|turn|3\n|inactive|Time left: 300 sec this turn | 300 sec total\n|\n|t:|1783554627\n|switch|p1a: Furret|Furret, L94, M|312/312\n|-item|p2a: Rayquaza|Loaded Dice|[from] ability: Frisk|[of] p1a: Furret\n|move|p2a: Rayquaza|Swords Dance|p2a: Rayquaza\n|-boost|p2a: Rayquaza|atk|2\n|\n|upkeep\n|turn|4\n|inactive|Time left: 300 sec this turn | 300 sec total\n|\n|t:|1783554628\n|move|p2a: Rayquaza|Dragon Ascent|p1a: Furret\n|-damage|p1a: Furret|29/312\n|-unboost|p2a: Rayquaza|def|1\n|-unboost|p2a: Rayquaza|spd|1\n|move|p1a: Furret|Double-Edge|p2a: Rayquaza\n|-damage|p2a: Rayquaza|0 fnt\n|faint|p2a: Rayquaza\n|-damage|p1a: Furret|0 fnt|[from] Recoil\n|faint|p1a: Furret\n|\n|upkeep\n|inactive|Time left: 300 sec this turn | 300 sec total | 5 sec grace\n|\n|t:|1783554629\n|switch|p1a: Ninetales|Ninetales, L85, M|263/263\n|switch|p2a: Glaceon|Glaceon, L94, F|100/100\n|-weather|SunnyDay|[from] ability: Drought|[of] p1a: Ninetales\n|turn|5\n|inactive|Time left: 300 sec this turn | 300 sec total\n|\n|t:|1783554630\n|move|p1a: Ninetales|Fire Blast|p2a: Glaceon\n|-supereffective|p2a: Glaceon\n|-damage|p2a: Glaceon|0 fnt\n|faint|p2a: Glaceon\n|\n|-weather|SunnyDay|[upkeep]\n|upkeep\n|\n|t:|1783554631\n|switch|p2a: Electivire|Electivire, L84, M|100/100\n|turn|6\n|inactive|Time left: 300 sec this turn | 300 sec total\n|\n|t:|1783554632\n|move|p2a: Electivire|Earthquake|p1a: Ninetales\n|-supereffective|p1a: Ninetales\n|-damage|p1a: Ninetales|69/263\n|move|p1a: Ninetales|Fire Blast|p2a: Electivire\n|-crit|p2a: Electivire\n|-damage|p2a: Electivire|3/100\n|\n|-weather|SunnyDay|[upkeep]\n|upkeep\n|turn|7\n|inactive|Time left: 300 sec this turn | 300 sec total\n|\n|t:|1783554633\n|switch|p1a: Palossand|Palossand, L89, F|296/296\n|move|p2a: Electivire|Earthquake|p1a: Palossand\n|-damage|p1a: Palossand|222/296\n|\n|-weather|SunnyDay|[upkeep]\n|-heal|p1a: Palossand|240/296|[from] item: Leftovers\n|upkeep\n|turn|8\n|inactive|Time left: 300 sec this turn | 300 sec total\n|\n|t:|1783554634\n|move|p2a: Electivire|Earthquake|p1a: Palossand\n|-damage|p1a: Palossand|175/296\n|move|p1a: Palossand|Earth Power|p2a: Electivire\n|-supereffective|p2a: Electivire\n|-damage|p2a: Electivire|0 fnt\n|faint|p2a: Electivire\n|\n|-weather|SunnyDay|[upkeep]\n|-heal|p1a: Palossand|193/296|[from] item: Leftovers\n|upkeep\n|\n|t:|1783554635\n|switch|p2a: Ogerpon|Ogerpon-Wellspring, L76, F|100/100\n|turn|9\n|inactive|Time left: 300 sec this turn | 300 sec total\n|\n|t:|1783554636\n|move|p2a: Ogerpon|Swords Dance|p2a: Ogerpon\n|-boost|p2a: Ogerpon|atk|2\n|move|p1a: Palossand|Shadow Ball|p2a: Ogerpon\n|-damage|p2a: Ogerpon|57/100\n|\n|-weather|none\n|-heal|p1a: Palossand|211/296|[from] item: Leftovers\n|upkeep\n|turn|10\n|inactive|Time left: 300 sec this turn | 300 sec total\n|\n|t:|1783554637\n|switch|p1a: Tentacruel|Tentacruel, L84, F|272/272\n|move|p2a: Ogerpon|Knock Off|p1a: Tentacruel\n|-damage|p1a: Tentacruel|73/272\n|-enditem|p1a: Tentacruel|Leftovers|[from] move: Knock Off|[of] p2a: Ogerpon\n|\n|upkeep\n|turn|11\n|inactive|Time left: 300 sec this turn | 300 sec total\n|\n|t:|1783554638\n|-terastallize|p2a: Ogerpon|Water\n|detailschange|p2a: Ogerpon|Ogerpon-Wellspring-Tera, L76, F, tera:Water\n|-ability|p2a: Ogerpon|Embody Aspect (Wellspring)|boost\n|-boost|p2a: Ogerpon|spd|1\n|move|p1a: Tentacruel|Sludge Bomb|p2a: Ogerpon\n|-damage|p2a: Ogerpon|32/100\n|-status|p2a: Ogerpon|psn\n|move|p2a: Ogerpon|Knock Off|p1a: Tentacruel\n|-damage|p1a: Tentacruel|0 fnt\n|faint|p1a: Tentacruel\n|\n|-damage|p2a: Ogerpon|20/100 psn|[from] psn\n|upkeep\n|inactive|Time left: 300 sec this turn | 300 sec total | 5 sec grace\n|\n|t:|1783554639\n|switch|p1a: Grumpig|Grumpig, L92, F|297/297\n|turn|12\n|inactive|Time left: 300 sec this turn | 300 sec total\n|\n|t:|1783554640\n|move|p1a: Grumpig|Psychic|p2a: Ogerpon\n|-damage|p2a: Ogerpon|0 fnt\n|faint|p2a: Ogerpon\n|detailschange|p2: Ogerpon|Ogerpon-Wellspring, L76, F|[silent]\n|\n|upkeep\n|\n|t:|1783554641\n|switch|p2a: Sinistcha|Sinistcha, L83|100/100\n|turn|13\n|inactive|Time left: 300 sec this turn | 300 sec total\n|\n|t:|1783554642\n|move|p1a: Grumpig|Psychic|p2a: Sinistcha\n|-damage|p2a: Sinistcha|56/100\n|move|p2a: Sinistcha|Calm Mind|p2a: Sinistcha\n|-boost|p2a: Sinistcha|spa|1\n|-boost|p2a: Sinistcha|spd|1\n|\n|-heal|p2a: Sinistcha|62/100|[from] item: Leftovers\n|upkeep\n|turn|14\n|inactive|Time left: 300 sec this turn | 300 sec total\n|\n|t:|1783554643\n|move|p1a: Grumpig|Psychic|p2a: Sinistcha\n|-damage|p2a: Sinistcha|30/100\n|move|p2a: Sinistcha|Matcha Gotcha|p1a: Grumpig\n|-damage|p1a: Grumpig|182/297\n|-heal|p2a: Sinistcha|52/100|[from] drain|[of] p1a: Grumpig\n|-status|p1a: Grumpig|brn\n|\n|-heal|p2a: Sinistcha|58/100|[from] item: Leftovers\n|-damage|p1a: Grumpig|164/297 brn|[from] brn\n|upkeep\n|turn|15\n|inactive|Time left: 300 sec this turn | 300 sec total\n|\n|t:|1783554644\n|move|p1a: Grumpig|Psychic|p2a: Sinistcha\n|-damage|p2a: Sinistcha|30/100\n|move|p2a: Sinistcha|Strength Sap|p1a: Grumpig\n|-unboost|p1a: Grumpig|atk|1\n|-heal|p2a: Sinistcha|64/100\n|\n|-heal|p2a: Sinistcha|70/100|[from] item: Leftovers\n|-damage|p1a: Grumpig|146/297 brn|[from] brn\n|upkeep\n|turn|16\n|inactive|Time left: 300 sec this turn | 300 sec total\n|\n|t:|1783554646\n|move|p1a: Grumpig|Psychic|p2a: Sinistcha\n|-damage|p2a: Sinistcha|38/100\n|move|p2a: Sinistcha|Calm Mind|p2a: Sinistcha\n|-boost|p2a: Sinistcha|spa|1\n|-boost|p2a: Sinistcha|spd|1\n|\n|-heal|p2a: Sinistcha|43/100|[from] item: Leftovers\n|-damage|p1a: Grumpig|128/297 brn|[from] brn\n|upkeep\n|turn|17\n|inactive|Time left: 300 sec this turn | 300 sec total\n|\n|t:|1783554647\n|move|p1a: Grumpig|Psychic|p2a: Sinistcha\n|-damage|p2a: Sinistcha|21/100\n|move|p2a: Sinistcha|Matcha Gotcha|p1a: Grumpig\n|-damage|p1a: Grumpig|0 fnt\n|-heal|p2a: Sinistcha|46/100|[from] drain|[of] p1a: Grumpig\n|faint|p1a: Grumpig\n|\n|-heal|p2a: Sinistcha|52/100|[from] item: Leftovers\n|upkeep\n|inactive|Time left: 300 sec this turn | 300 sec total | 5 sec grace\n|\n|t:|1783554648\n|switch|p1a: Ninetales|Ninetales, L85, M|69/263\n|-weather|SunnyDay|[from] ability: Drought|[of] p1a: Ninetales\n|turn|18\n|inactive|Time left: 300 sec this turn | 300 sec total\n|\n|t:|1783554649\n|-terastallize|p1a: Ninetales|Fire\n|move|p1a: Ninetales|Fire Blast|p2a: Sinistcha\n|-supereffective|p2a: Sinistcha\n|-damage|p2a: Sinistcha|1/100\n|move|p2a: Sinistcha|Strength Sap|p1a: Ninetales\n|-unboost|p1a: Ninetales|atk|1\n|-heal|p2a: Sinistcha|54/100\n|\n|-weather|SunnyDay|[upkeep]\n|-heal|p2a: Sinistcha|60/100|[from] item: Leftovers\n|upkeep\n|turn|19\n|inactive|Time left: 300 sec this turn | 300 sec total\n|\n|t:|1783554650\n|move|p1a: Ninetales|Fire Blast|p2a: Sinistcha|[miss]\n|-miss|p1a: Ninetales|p2a: Sinistcha\n|move|p2a: Sinistcha|Matcha Gotcha|p1a: Ninetales\n|-resisted|p1a: Ninetales\n|-damage|p1a: Ninetales|0 fnt\n|-heal|p2a: Sinistcha|74/100|[from] drain|[of] p1a: Ninetales\n|faint|p1a: Ninetales\n|\n|-weather|SunnyDay|[upkeep]\n|-heal|p2a: Sinistcha|80/100|[from] item: Leftovers\n|upkeep\n|inactive|Time left: 300 sec this turn | 300 sec total | 5 sec grace\n|\n|t:|1783554651\n|switch|p1a: Ogerpon|Ogerpon-Wellspring, L76, F|116/247\n|turn|20\n|inactive|Time left: 300 sec this turn | 300 sec total\n|\n|t:|1783554652\n|move|p1a: Ogerpon|Synthesis|p1a: Ogerpon\n|-heal|p1a: Ogerpon|247/247\n|move|p2a: Sinistcha|Shadow Ball|p1a: Ogerpon\n|-damage|p1a: Ogerpon|25/247\n|\n|-weather|SunnyDay|[upkeep]\n|-heal|p2a: Sinistcha|86/100|[from] item: Leftovers\n|upkeep\n|turn|21\n|inactive|Time left: 300 sec this turn | 300 sec total\n|\n|t:|1783554653\n|move|p1a: Ogerpon|Ivy Cudgel|p2a: Sinistcha|[anim] Ivy Cudgel Water\n|-resisted|p2a: Sinistcha\n|-damage|p2a: Sinistcha|74/100\n|move|p2a: Sinistcha|Shadow Ball|p1a: Ogerpon\n|-damage|p1a: Ogerpon|0 fnt\n|faint|p1a: Ogerpon\n|\n|-weather|SunnyDay|[upkeep]\n|-heal|p2a: Sinistcha|80/100|[from] item: Leftovers\n|upkeep\n|inactive|Time left: 300 sec this turn | 300 sec total | 5 sec grace\n|\n|t:|1783554654\n|switch|p1a: Palossand|Palossand, L89, F|211/296\n|turn|22\n|inactive|Time left: 300 sec this turn | 300 sec total\n|\n|t:|1783554655\n|move|p2a: Sinistcha|Shadow Ball|p1a: Palossand\n|-supereffective|p1a: Palossand\n|-damage|p1a: Palossand|0 fnt\n|faint|p1a: Palossand\n|\n|win|p0y13354468", "uploadtime": 1783554655, "views": 0, "rating": 0, "private": 0, "password": null, "_winner": "p0y13354468", "_our_name": "p0x13355487"}