{"id": "battle-gen9randombattle-1190", "formatid": "gen9randombattle", "format": "[Gen 9] Random Battle", "players": ["p0x1190bf5a", "p0y1190dc41"], "log": "|init|battle\n|title|p0x1190bf5a vs. p0y1190dc41\n|j|\u2606p0x1190bf5a\n|j|\u2606p0y1190dc41\n|t:|1783552898\n|gametype|singles\n|player|p1|p0x1190bf5a|169|\n|player|p2|p0y1190dc41|170|\n|gen|9\n|tier|[Gen 9] Random Battle\n|rule|Species Clause: Limit one of each Pok\u00e9mon\n|rule|HP Percentage Mod: HP is shown in percentages\n|rule|Sleep Clause Mod: Limit one foe put to sleep\n|rule|Illusion Level Mod: Illusion disguises the Pok\u00e9mon's true level\n|\n|t:|1783552898\n|teamsize|p1|6\n|teamsize|p2|6\n|start\n|switch|p1a: Hitmontop|Hitmontop, L88, M|100/100\n|switch|p2a: Keldeo|Keldeo-Resolute, L79|273/273\n|turn|1\n|inactive|Battle timer is ON: inactive players will automatically lose when time's up. (requested by p0x1190bf5a)\n|inactive|Time left: 300 sec this turn | 300 sec total | 60 sec grace\n|inactive|p0y1190dc41 also wants the timer to be on.\n|\n|t:|1783552899\n|move|p2a: Keldeo|Secret Sword|p1a: Hitmontop\n|-damage|p1a: Hitmontop|38/100\n|move|p1a: Hitmontop|Bulk Up|p1a: Hitmontop\n|-boost|p1a: Hitmontop|atk|1\n|-boost|p1a: Hitmontop|def|1\n|\n|-heal|p1a: Hitmontop|44/100|[from] item: Leftovers\n|upkeep\n|turn|2\n|inactive|Time left: 300 sec this turn | 300 sec total\n|\n|t:|1783552901\n|move|p2a: Keldeo|Secret Sword|p1a: Hitmontop\n|-damage|p1a: Hitmontop|4/100\n|move|p1a: Hitmontop|Rapid Spin|p2a: Keldeo\n|-damage|p2a: Keldeo|190/273\n|-boost|p1a: Hitmontop|spe|1\n|\n|-heal|p1a: Hitmontop|10/100|[from] item: Leftovers\n|upkeep\n|turn|3\n|inactive|Time left: 300 sec this turn | 300 sec total\n|\n|t:|1783552902\n|switch|p2a: Cresselia|Cresselia, L80, F|323/323\n|move|p1a: Hitmontop|Close Combat|p2a: Cresselia\n|-resisted|p2a: Cresselia\n|-damage|p2a: Cresselia|232/323\n|-unboost|p1a: Hitmontop|def|1\n|-unboost|p1a: Hitmontop|spd|1\n|\n|-heal|p1a: Hitmontop|16/100|[from] item: Leftovers\n|-heal|p2a: Cresselia|252/323|[from] item: Leftovers\n|upkeep\n|turn|4\n|inactive|Time left: 300 sec this turn | 300 sec total\n|\n|t:|1783552903\n|-terastallize|p1a: Hitmontop|Ice\n|move|p1a: Hitmontop|Triple Axel|p2a: Cresselia|[miss]\n|-miss|p1a: Hitmontop|p2a: Cresselia\n|move|p2a: Cresselia|Thunderbolt|p1a: Hitmontop\n|-damage|p1a: Hitmontop|0 fnt\n|faint|p1a: Hitmontop\n|\n|-heal|p2a: Cresselia|272/323|[from] item: Leftovers\n|upkeep\n|\n|t:|1783552904\n|switch|p1a: Sudowoodo|Sudowoodo, L94, F|100/100\n|turn|5\n|inactive|Time left: 300 sec this turn | 300 sec total\n|\n|t:|1783552905\n|move|p2a: Cresselia|Calm Mind|p2a: Cresselia\n|-boost|p2a: Cresselia|spa|1\n|-boost|p2a: Cresselia|spd|1\n|move|p1a: Sudowoodo|Head Smash|p2a: Cresselia\n|-damage|p2a: Cresselia|8/323\n|\n|-heal|p2a: Cresselia|28/323|[from] item: Leftovers\n|upkeep\n|turn|6\n|inactive|Time left: 300 sec this turn | 300 sec total\n|\n|t:|1783552906\n|move|p2a: Cresselia|Moonlight|p2a: Cresselia\n|-heal|p2a: Cresselia|189/323\n|move|p1a: Sudowoodo|Head Smash|p2a: Cresselia\n|-damage|p2a: Cresselia|0 fnt\n|faint|p2a: Cresselia\n|\n|upkeep\n|inactive|Time left: 300 sec this turn | 300 sec total | 5 sec grace\n|\n|t:|1783552907\n|switch|p2a: Keldeo|Keldeo-Resolute, L79|190/273\n|turn|7\n|inactive|Time left: 300 sec this turn | 300 sec total\n|\n|t:|1783552908\n|switch|p1a: Frosmoth|Frosmoth, L82, M|100/100\n|move|p2a: Keldeo|Hydro Pump|p1a: Frosmoth\n|-damage|p1a: Frosmoth|65/100\n|\n|upkeep\n|turn|8\n|inactive|Time left: 300 sec this turn | 300 sec total\n|\n|t:|1783552909\n|move|p2a: Keldeo|Hydro Pump|p1a: Frosmoth\n|-damage|p1a: Frosmoth|23/100\n|move|p1a: Frosmoth|Giga Drain|p2a: Keldeo\n|-supereffective|p2a: Keldeo\n|-damage|p2a: Keldeo|52/273\n|-heal|p1a: Frosmoth|51/100|[from] drain|[of] p2a: Keldeo\n|\n|upkeep\n|turn|9\n|inactive|Time left: 300 sec this turn | 300 sec total\n|\n|t:|1783552911\n|move|p2a: Keldeo|Hydro Pump|p1a: Frosmoth|[miss]\n|-miss|p2a: Keldeo|p1a: Frosmoth\n|move|p1a: Frosmoth|Ice Beam|p2a: Keldeo\n|-resisted|p2a: Keldeo\n|-damage|p2a: Keldeo|0 fnt\n|faint|p2a: Keldeo\n|\n|upkeep\n|inactive|Time left: 300 sec this turn | 300 sec total | 5 sec grace\n|\n|t:|1783552912\n|switch|p2a: Incineroar|Incineroar, L82, F|290/290\n|-ability|p2a: Incineroar|Intimidate|boost\n|-unboost|p1a: Frosmoth|atk|1\n|turn|10\n|inactive|Time left: 300 sec this turn | 300 sec total\n|\n|t:|1783552913\n|switch|p1a: Arcanine|Arcanine-Hisui, L79, F|100/100\n|move|p2a: Incineroar|Knock Off|p1a: Arcanine\n|-damage|p1a: Arcanine|55/100\n|-enditem|p1a: Arcanine|Choice Band|[from] move: Knock Off|[of] p2a: Incineroar\n|\n|upkeep\n|turn|11\n|inactive|Time left: 300 sec this turn | 300 sec total\n|\n|t:|1783552914\n|-terastallize|p2a: Incineroar|Water\n|move|p1a: Arcanine|Head Smash|p2a: Incineroar|[miss]\n|-miss|p1a: Arcanine|p2a: Incineroar\n|move|p2a: Incineroar|Close Combat|p1a: Arcanine\n|-supereffective|p1a: Arcanine\n|-damage|p1a: Arcanine|0 fnt\n|-unboost|p2a: Incineroar|def|1\n|-unboost|p2a: Incineroar|spd|1\n|faint|p1a: Arcanine\n|\n|upkeep\n|\n|t:|1783552915\n|switch|p1a: Sudowoodo|Sudowoodo, L94, F|100/100\n|turn|12\n|inactive|Time left: 300 sec this turn | 300 sec total\n|\n|t:|1783552916\n|move|p2a: Incineroar|Parting Shot|p1a: Sudowoodo\n|-unboost|p1a: Sudowoodo|atk|1\n|-unboost|p1a: Sudowoodo|spa|1\n|inactive|Time left: 300 sec this turn | 300 sec total | 5 sec grace\n|\n|t:|1783552917\n|switch|p2a: Shiftry|Shiftry, L89, F|305/305|[from] Parting Shot\n|move|p1a: Sudowoodo|Head Smash|p2a: Shiftry\n|-damage|p2a: Shiftry|62/305\n|\n|upkeep\n|turn|13\n|inactive|Time left: 300 sec this turn | 300 sec total\n|\n|t:|1783552918\n|switch|p1a: Furret|Furret, L94, M|100/100\n|-item|p2a: Shiftry|Heavy-Duty Boots|[from] ability: Frisk|[of] p1a: Furret\n|move|p2a: Shiftry|Knock Off|p1a: Furret\n|-damage|p1a: Furret|59/100\n|-enditem|p1a: Furret|Life Orb|[from] move: Knock Off|[of] p2a: Shiftry\n|\n|upkeep\n|turn|14\n|inactive|Time left: 300 sec this turn | 300 sec total\n|\n|t:|1783552919\n|switch|p2a: Incineroar|Incineroar, L82, F, tera:Water|290/290\n|-ability|p2a: Incineroar|Intimidate|boost\n|-unboost|p1a: Furret|atk|1\n|move|p1a: Furret|Brick Break|p2a: Incineroar\n|-damage|p2a: Incineroar|249/290\n|\n|upkeep\n|turn|15\n|inactive|Time left: 300 sec this turn | 300 sec total\n|\n|t:|1783552920\n|switch|p1a: Sudowoodo|Sudowoodo, L94, F|100/100\n|move|p2a: Incineroar|Flare Blitz|p1a: Sudowoodo\n|-resisted|p1a: Sudowoodo\n|-damage|p1a: Sudowoodo|83/100\n|-damage|p2a: Incineroar|232/290|[from] Recoil\n|\n|upkeep\n|turn|16\n|inactive|Time left: 300 sec this turn | 300 sec total\n|\n|t:|1783552921\n|move|p2a: Incineroar|Knock Off|p1a: Sudowoodo\n|-damage|p1a: Sudowoodo|55/100\n|-enditem|p1a: Sudowoodo|Choice Band|[from] move: Knock Off|[of] p2a: Incineroar\n|move|p1a: Sudowoodo|Head Smash|p2a: Incineroar\n|-crit|p2a: Incineroar\n|-damage|p2a: Incineroar|0 fnt\n|faint|p2a: Incineroar\n|\n|upkeep\n|inactive|Time left: 300 sec this turn | 300 sec total | 5 sec grace\n|\n|t:|1783552922\n|switch|p2a: Shiftry|Shiftry, L89, F|62/305\n|turn|17\n|inactive|Time left: 300 sec this turn | 300 sec total\n|\n|t:|1783552923\n|switch|p1a: Frosmoth|Frosmoth, L82, M|51/100\n|move|p2a: Shiftry|Leaf Storm|p1a: Frosmoth\n|-resisted|p1a: Frosmoth\n|-damage|p1a: Frosmoth|37/100\n|-unboost|p2a: Shiftry|spa|2\n|\n|upkeep\n|turn|18\n|inactive|Time left: 300 sec this turn | 300 sec total\n|\n|t:|1783552924\n|switch|p1a: Sudowoodo|Sudowoodo, L94, F|55/100\n|move|p2a: Shiftry|Knock Off|p1a: Sudowoodo\n|-damage|p1a: Sudowoodo|35/100\n|\n|upkeep\n|turn|19\n|inactive|Time left: 300 sec this turn | 300 sec total\n|\n|t:|1783552925\n|move|p2a: Shiftry|Knock Off|p1a: Sudowoodo\n|-damage|p1a: Sudowoodo|14/100\n|move|p1a: Sudowoodo|Earthquake|p2a: Shiftry\n|-resisted|p2a: Shiftry\n|-damage|p2a: Shiftry|10/305\n|\n|upkeep\n|turn|20\n|inactive|Time left: 300 sec this turn | 300 sec total\n|\n|t:|1783552926\n|move|p1a: Sudowoodo|Sucker Punch|p2a: Shiftry\n|-resisted|p2a: Shiftry\n|-damage|p2a: Shiftry|0 fnt\n|faint|p2a: Shiftry\n|\n|upkeep\n|inactive|Time left: 300 sec this turn | 300 sec total | 5 sec grace\n|\n|t:|1783552927\n|switch|p2a: Lapras|Lapras, L87, M|367/367\n|turn|21\n|inactive|Time left: 300 sec this turn | 300 sec total\n|\n|t:|1783552928\n|move|p1a: Sudowoodo|Sucker Punch|p2a: Lapras\n|-damage|p2a: Lapras|297/367\n|move|p2a: Lapras|Waterfall|p1a: Sudowoodo\n|-supereffective|p1a: Sudowoodo\n|-damage|p1a: Sudowoodo|0 fnt\n|faint|p1a: Sudowoodo\n|\n|upkeep\n|\n|t:|1783552929\n|switch|p1a: Quagsire|Quagsire, L84, M|100/100\n|turn|22\n|inactive|Time left: 300 sec this turn | 300 sec total\n|\n|t:|1783552930\n|move|p2a: Lapras|Dragon Dance|p2a: Lapras\n|-boost|p2a: Lapras|atk|1\n|-boost|p2a: Lapras|spe|1\n|move|p1a: Quagsire|Toxic|p2a: Lapras\n|-status|p2a: Lapras|tox\n|\n|-damage|p2a: Lapras|275/367 tox|[from] psn\n|upkeep\n|turn|23\n|inactive|Time left: 300 sec this turn | 300 sec total\n|\n|t:|1783552931\n|move|p2a: Lapras|Waterfall|p1a: Quagsire\n|-damage|p1a: Quagsire|73/100\n|move|p1a: Quagsire|Earthquake|p2a: Lapras\n|-damage|p2a: Lapras|178/367 tox\n|\n|-heal|p1a: Quagsire|79/100|[from] item: Leftovers\n|-damage|p2a: Lapras|134/367 tox|[from] psn\n|upkeep\n|turn|24\n|inactive|Time left: 300 sec this turn | 300 sec total\n|\n|t:|1783552932\n|move|p2a: Lapras|Icicle Spear|p1a: Quagsire\n|-damage|p1a: Quagsire|70/100\n|-damage|p1a: Quagsire|61/100\n|-damage|p1a: Quagsire|53/100\n|-damage|p1a: Quagsire|45/100\n|-hitcount|p1a: Quagsire|4\n|move|p1a: Quagsire|Recover|p1a: Quagsire\n|-heal|p1a: Quagsire|95/100\n|\n|-heal|p1a: Quagsire|100/100|[from] item: Leftovers\n|-damage|p2a: Lapras|68/367 tox|[from] psn\n|upkeep\n|turn|25\n|inactive|Time left: 300 sec this turn | 300 sec total\n|\n|t:|1783552933\n|move|p2a: Lapras|Waterfall|p1a: Quagsire\n|-damage|p1a: Quagsire|71/100\n|move|p1a: Quagsire|Recover|p1a: Quagsire\n|-heal|p1a: Quagsire|100/100\n|\n|-damage|p2a: Lapras|0 fnt|[from] psn\n|faint|p2a: Lapras\n|upkeep\n|inactive|Time left: 300 sec this turn | 300 sec total | 5 sec grace\n|\n|t:|1783552933\n|switch|p2a: Gothitelle|Gothitelle, L90, F|272/272\n|turn|26\n|inactive|Time left: 300 sec this turn | 300 sec total\n|\n|t:|1783552934\n|move|p2a: Gothitelle|Dark Pulse|p1a: Quagsire\n|-damage|p1a: Quagsire|75/100\n|cant|p1a: Quagsire|flinch\n|\n|-heal|p1a: Quagsire|81/100|[from] item: Leftovers\n|upkeep\n|turn|27\n|inactive|Time left: 300 sec this turn | 300 sec total\n|\n|t:|1783552935\n|move|p2a: Gothitelle|Dark Pulse|p1a: Quagsire\n|-damage|p1a: Quagsire|54/100\n|move|p1a: Quagsire|Toxic|p2a: Gothitelle\n|-status|p2a: Gothitelle|tox\n|\n|-heal|p1a: Quagsire|60/100|[from] item: Leftovers\n|-damage|p2a: Gothitelle|255/272 tox|[from] psn\n|upkeep\n|turn|28\n|inactive|Time left: 300 sec this turn | 300 sec total\n|\n|t:|1783552936\n|move|p2a: Gothitelle|Dark Pulse|p1a: Quagsire\n|-damage|p1a: Quagsire|32/100\n|move|p1a: Quagsire|Recover|p1a: Quagsire\n|-heal|p1a: Quagsire|82/100\n|\n|-heal|p1a: Quagsire|88/100|[from] item: Leftovers\n|-damage|p2a: Gothitelle|221/272 tox|[from] psn\n|upkeep\n|turn|29\n|inactive|Time left: 300 sec this turn | 300 sec total\n|\n|t:|1783552937\n|move|p2a: Gothitelle|Dark Pulse|p1a: Quagsire\n|-damage|p1a: Quagsire|59/100\n|move|p1a: Quagsire|Toxic|p2a: Gothitelle\n|-fail|p2a: Gothitelle|tox\n|\n|-heal|p1a: Quagsire|65/100|[from] item: Leftovers\n|-damage|p2a: Gothitelle|170/272 tox|[from] psn\n|upkeep\n|turn|30\n|inactive|Time left: 300 sec this turn | 300 sec total\n|\n|t:|1783552938\n|move|p2a: Gothitelle|Dark Pulse|p1a: Quagsire\n|-damage|p1a: Quagsire|41/100\n|move|p1a: Quagsire|Ice Beam|p2a: Gothitelle\n|-damage|p2a: Gothitelle|130/272 tox\n|\n|-heal|p1a: Quagsire|47/100|[from] item: Leftovers\n|-damage|p2a: Gothitelle|62/272 tox|[from] psn\n|upkeep\n|turn|31\n|inactive|Time left: 300 sec this turn | 300 sec total\n|\n|t:|1783552939\n|move|p2a: Gothitelle|Dark Pulse|p1a: Quagsire\n|-damage|p1a: Quagsire|22/100\n|move|p1a: Quagsire|Earthquake|p2a: Gothitelle\n|-damage|p2a: Gothitelle|0 fnt\n|faint|p2a: Gothitelle\n|\n|win|p0x1190bf5a", "uploadtime": 1783552939, "views": 0, "rating": 0, "private": 0, "password": null, "_winner": "p0x1190bf5a", "_our_name": "p0y1190dc41"}