{"id": "battle-gen9randombattle-115", "formatid": "gen9randombattle", "format": "[Gen 9] Random Battle", "players": ["p0x115199a", "p0y1154e8b"], "log": "|init|battle\n|title|p0x115199a vs. p0y1154e8b\n|j|\u2606p0x115199a\n|j|\u2606p0y1154e8b\n|t:|1783535090\n|gametype|singles\n|player|p1|p0x115199a|169|\n|player|p2|p0y1154e8b|101|\n|gen|9\n|tier|[Gen 9] Random Battle\n|rule|Species Clause: Limit one of each Pok\u00e9mon\n|rule|HP Percentage Mod: HP is shown in percentages\n|rule|Sleep Clause Mod: Limit one foe put to sleep\n|rule|Illusion Level Mod: Illusion disguises the Pok\u00e9mon's true level\n|\n|t:|1783535090\n|teamsize|p1|6\n|teamsize|p2|6\n|start\n|switch|p1a: Thundurus|Thundurus-Therian, L80, M|258/258\n|switch|p2a: Cinccino|Cinccino, L83, F|100/100\n|turn|1\n|inactive|Battle timer is ON: inactive players will automatically lose when time's up. (requested by p0x115199a)\n|inactive|p0y1154e8b also wants the timer to be on.\n|\n|t:|1783535091\n|-terastallize|p1a: Thundurus|Poison\n|move|p2a: Cinccino|Triple Axel|p1a: Thundurus\n|-damage|p1a: Thundurus|232/258\n|-damage|p1a: Thundurus|184/258\n|-damage|p1a: Thundurus|107/258\n|-hitcount|p1a: Thundurus|3\n|move|p1a: Thundurus|Sludge Wave|p2a: Cinccino\n|-damage|p2a: Cinccino|1/100\n|\n|upkeep\n|turn|2\n|inactive|Time left: 300 sec this turn | 300 sec total\n|\n|t:|1783535092\n|switch|p1a: Talonflame|Talonflame, L83, F|265/265\n|move|p2a: Cinccino|Triple Axel|p1a: Talonflame\n|-damage|p1a: Talonflame|241/265\n|-damage|p1a: Talonflame|189/265\n|-status|p2a: Cinccino|brn|[from] ability: Flame Body|[of] p1a: Talonflame\n|-damage|p1a: Talonflame|156/265\n|-hitcount|p1a: Talonflame|3\n|\n|-damage|p2a: Cinccino|0 fnt|[from] brn\n|faint|p2a: Cinccino\n|upkeep\n|\n|t:|1783535093\n|switch|p2a: Farigiraf|Farigiraf, L90, F|100/100\n|turn|3\n|inactive|Time left: 300 sec this turn | 300 sec total\n|\n|t:|1783535094\n|move|p1a: Talonflame|Roost|p1a: Talonflame\n|-heal|p1a: Talonflame|265/265\n|-singleturn|p1a: Talonflame|move: Roost\n|move|p2a: Farigiraf|Body Slam|p1a: Talonflame\n|-damage|p1a: Talonflame|139/265\n|\n|upkeep\n|turn|4\n|inactive|Time left: 300 sec this turn | 300 sec total\n|\n|t:|1783535095\n|move|p1a: Talonflame|Roost|p1a: Talonflame\n|-heal|p1a: Talonflame|265/265\n|-singleturn|p1a: Talonflame|move: Roost\n|move|p2a: Farigiraf|Psychic Noise|p1a: Talonflame\n|-damage|p1a: Talonflame|138/265\n|-start|p1a: Talonflame|move: Heal Block\n|\n|upkeep\n|turn|5\n|inactive|Time left: 300 sec this turn | 300 sec total\n|\n|t:|1783535096\n|switch|p1a: Rhyperior|Rhyperior, L82, F|323/323\n|move|p2a: Farigiraf|Body Slam|p1a: Rhyperior\n|-resisted|p1a: Rhyperior\n|-damage|p1a: Rhyperior|288/323\n|-status|p1a: Rhyperior|par\n|\n|upkeep\n|turn|6\n|inactive|Time left: 300 sec this turn | 300 sec total\n|\n|t:|1783535097\n|move|p2a: Farigiraf|Psychic Noise|p1a: Rhyperior\n|-damage|p1a: Rhyperior|195/323 par\n|-start|p1a: Rhyperior|move: Heal Block\n|move|p1a: Rhyperior|Megahorn|p2a: Farigiraf\n|-supereffective|p2a: Farigiraf\n|-damage|p2a: Farigiraf|33/100\n|\n|-heal|p2a: Farigiraf|39/100|[from] item: Leftovers\n|upkeep\n|turn|7\n|inactive|Time left: 300 sec this turn | 300 sec total\n|\n|t:|1783535098\n|move|p2a: Farigiraf|Psychic Noise|p1a: Rhyperior\n|-damage|p1a: Rhyperior|99/323 par\n|move|p1a: Rhyperior|Earthquake|p2a: Farigiraf\n|-damage|p2a: Farigiraf|0 fnt\n|faint|p2a: Farigiraf\n|\n|-end|p1a: Rhyperior|move: Heal Block\n|upkeep\n|\n|t:|1783535099\n|switch|p2a: Beartic|Beartic, L91, M|100/100\n|turn|8\n|inactive|Time left: 300 sec this turn | 300 sec total\n|\n|t:|1783535100\n|move|p2a: Beartic|Earthquake|p1a: Rhyperior\n|-supereffective|p1a: Rhyperior\n|-damage|p1a: Rhyperior|0 fnt\n|faint|p1a: Rhyperior\n|\n|upkeep\n|inactive|Time left: 300 sec this turn | 300 sec total | 5 sec grace\n|\n|t:|1783535101\n|switch|p1a: Talonflame|Talonflame, L83, F|138/265\n|turn|9\n|inactive|Time left: 300 sec this turn | 300 sec total\n|\n|t:|1783535102\n|move|p1a: Talonflame|Will-O-Wisp|p2a: Beartic\n|-status|p2a: Beartic|brn\n|move|p2a: Beartic|Swords Dance|p2a: Beartic\n|-boost|p2a: Beartic|atk|2\n|\n|-damage|p2a: Beartic|94/100 brn|[from] brn\n|upkeep\n|turn|10\n|inactive|Time left: 300 sec this turn | 300 sec total\n|\n|t:|1783535103\n|move|p1a: Talonflame|Overheat|p2a: Beartic\n|-supereffective|p2a: Beartic\n|-damage|p2a: Beartic|23/100 brn\n|-unboost|p1a: Talonflame|spa|2\n|move|p2a: Beartic|Icicle Crash|p1a: Talonflame\n|-damage|p1a: Talonflame|0 fnt\n|faint|p1a: Talonflame\n|\n|-damage|p2a: Beartic|16/100 brn|[from] brn\n|upkeep\n|inactive|Time left: 300 sec this turn | 300 sec total | 5 sec grace\n|\n|t:|1783535104\n|switch|p1a: Spectrier|Spectrier, L75|274/274\n|turn|11\n|inactive|Time left: 300 sec this turn | 300 sec total\n|\n|t:|1783535105\n|switch|p2a: Registeel|Registeel, L81|100/100\n|move|p1a: Spectrier|Shadow Ball|p2a: Registeel\n|-damage|p2a: Registeel|67/100\n|-damage|p1a: Spectrier|247/274|[from] item: Life Orb\n|\n|-heal|p2a: Registeel|73/100|[from] item: Leftovers\n|upkeep\n|turn|12\n|inactive|Time left: 300 sec this turn | 300 sec total\n|\n|t:|1783535106\n|move|p1a: Spectrier|Nasty Plot|p1a: Spectrier\n|-boost|p1a: Spectrier|spa|2\n|move|p2a: Registeel|Thunder Wave|p1a: Spectrier|[miss]\n|-miss|p2a: Registeel|p1a: Spectrier\n|\n|-heal|p2a: Registeel|80/100|[from] item: Leftovers\n|upkeep\n|turn|13\n|inactive|Time left: 300 sec this turn | 300 sec total\n|\n|t:|1783535107\n|move|p1a: Spectrier|Shadow Ball|p2a: Registeel\n|-damage|p2a: Registeel|10/100\n|-damage|p1a: Spectrier|220/274|[from] item: Life Orb\n|move|p2a: Registeel|Thunder Wave|p1a: Spectrier\n|-status|p1a: Spectrier|par\n|\n|-heal|p2a: Registeel|17/100|[from] item: Leftovers\n|upkeep\n|turn|14\n|inactive|Time left: 300 sec this turn | 300 sec total\n|\n|t:|1783535108\n|move|p2a: Registeel|Iron Head|p1a: Spectrier\n|-damage|p1a: Spectrier|117/274 par\n|cant|p1a: Spectrier|flinch\n|\n|-heal|p2a: Registeel|23/100|[from] item: Leftovers\n|upkeep\n|turn|15\n|inactive|Time left: 300 sec this turn | 300 sec total\n|\n|t:|1783535109\n|move|p2a: Registeel|Iron Head|p1a: Spectrier\n|-damage|p1a: Spectrier|21/274 par\n|move|p1a: Spectrier|Shadow Ball|p2a: Registeel\n|-crit|p2a: Registeel\n|-damage|p2a: Registeel|0 fnt\n|faint|p2a: Registeel\n|-ability|p1a: Spectrier|Grim Neigh|boost\n|-boost|p1a: Spectrier|spa|1\n|-damage|p1a: Spectrier|0 fnt|[from] item: Life Orb\n|faint|p1a: Spectrier\n|\n|upkeep\n|inactive|Time left: 300 sec this turn | 300 sec total | 5 sec grace\n|\n|t:|1783535110\n|switch|p1a: Politoed|Politoed, L88, F|302/302\n|switch|p2a: Milotic|Milotic, L83, M|100/100\n|-weather|RainDance|[from] ability: Drizzle|[of] p1a: Politoed\n|turn|16\n|inactive|Time left: 300 sec this turn | 300 sec total\n|\n|t:|1783535111\n|move|p2a: Milotic|Scald|p1a: Politoed\n|-resisted|p1a: Politoed\n|-damage|p1a: Politoed|247/302\n|move|p1a: Politoed|Ice Beam|p2a: Milotic\n|-resisted|p2a: Milotic\n|-damage|p2a: Milotic|92/100\n|\n|-weather|RainDance|[upkeep]\n|-heal|p2a: Milotic|98/100|[from] item: Leftovers\n|upkeep\n|turn|17\n|inactive|Time left: 300 sec this turn | 300 sec total\n|\n|t:|1783535112\n|move|p2a: Milotic|Scald|p1a: Politoed\n|-resisted|p1a: Politoed\n|-damage|p1a: Politoed|194/302\n|move|p1a: Politoed|Hydro Pump|p2a: Milotic\n|-resisted|p2a: Milotic\n|-damage|p2a: Milotic|74/100\n|\n|-weather|RainDance|[upkeep]\n|-heal|p2a: Milotic|80/100|[from] item: Leftovers\n|upkeep\n|turn|18\n|inactive|Time left: 300 sec this turn | 300 sec total\n|\n|t:|1783535113\n|move|p2a: Milotic|Scald|p1a: Politoed\n|-resisted|p1a: Politoed\n|-damage|p1a: Politoed|137/302\n|move|p1a: Politoed|Rest|p1a: Politoed\n|-status|p1a: Politoed|slp|[from] move: Rest\n|-heal|p1a: Politoed|302/302 slp|[silent]\n|-enditem|p1a: Politoed|Chesto Berry|[eat]\n|-curestatus|p1a: Politoed|slp|[msg]\n|\n|-weather|RainDance|[upkeep]\n|-heal|p2a: Milotic|86/100|[from] item: Leftovers\n|upkeep\n|turn|19\n|inactive|Time left: 300 sec this turn | 300 sec total\n|\n|t:|1783535114\n|move|p2a: Milotic|Scald|p1a: Politoed\n|-resisted|p1a: Politoed\n|-damage|p1a: Politoed|249/302\n|move|p1a: Politoed|Hydro Pump|p2a: Milotic\n|-resisted|p2a: Milotic\n|-damage|p2a: Milotic|64/100\n|\n|-weather|RainDance|[upkeep]\n|-heal|p2a: Milotic|70/100|[from] item: Leftovers\n|upkeep\n|turn|20\n|inactive|Time left: 300 sec this turn | 300 sec total\n|\n|t:|1783535115\n|move|p2a: Milotic|Scald|p1a: Politoed\n|-resisted|p1a: Politoed\n|-damage|p1a: Politoed|191/302\n|-status|p1a: Politoed|brn\n|move|p1a: Politoed|Hydro Pump|p2a: Milotic\n|-resisted|p2a: Milotic\n|-damage|p2a: Milotic|47/100\n|\n|-weather|none\n|-heal|p2a: Milotic|53/100|[from] item: Leftovers\n|-damage|p1a: Politoed|173/302 brn|[from] brn\n|upkeep\n|turn|21\n|inactive|Time left: 300 sec this turn | 300 sec total\n|\n|t:|1783535116\n|move|p2a: Milotic|Recover|p2a: Milotic\n|-heal|p2a: Milotic|100/100\n|move|p1a: Politoed|Ice Beam|p2a: Milotic\n|-resisted|p2a: Milotic\n|-damage|p2a: Milotic|93/100\n|\n|-heal|p2a: Milotic|99/100|[from] item: Leftovers\n|-damage|p1a: Politoed|155/302 brn|[from] brn\n|upkeep\n|turn|22\n|inactive|Time left: 300 sec this turn | 300 sec total\n|\n|t:|1783535117\n|switch|p2a: Zebstrika|Zebstrika, L87, F|100/100\n|move|p1a: Politoed|Rest|p1a: Politoed\n|-status|p1a: Politoed|slp|[from] move: Rest\n|-heal|p1a: Politoed|302/302 slp|[silent]\n|\n|upkeep\n|turn|23\n|inactive|Time left: 300 sec this turn | 300 sec total\n|\n|t:|1783535118\n|switch|p1a: Thundurus|Thundurus-Therian, L80, M, tera:Poison|107/258\n|move|p2a: Zebstrika|High Horsepower|p1a: Thundurus\n|-supereffective|p1a: Thundurus\n|-damage|p1a: Thundurus|0 fnt\n|faint|p1a: Thundurus\n|-damage|p2a: Zebstrika|91/100|[from] item: Life Orb\n|\n|upkeep\n|inactive|Time left: 300 sec this turn | 300 sec total | 5 sec grace\n|\n|t:|1783535119\n|switch|p1a: Politoed|Politoed, L88, F|235/235\n|turn|24\n|inactive|Time left: 300 sec this turn | 300 sec total\n|\n|t:|1783535120\n|move|p2a: Zebstrika|Supercell Slam|p1a: Politoed\n|-damage|p1a: Politoed|27/235\n|replace|p1a: Zoroark|Zoroark, L83, M\n|-end|p1a: Zoroark|Illusion\n|-hint|Illusion Level Mod is active, so this Pok\u00e9mon's true level was hidden.\n|-damage|p2a: Zebstrika|81/100|[from] item: Life Orb\n|move|p1a: Zoroark|Sludge Bomb|p2a: Zebstrika\n|-damage|p2a: Zebstrika|26/100\n|\n|upkeep\n|turn|25\n|inactive|Time left: 300 sec this turn | 300 sec total\n|\n|t:|1783535121\n|move|p2a: Zebstrika|Supercell Slam|p1a: Zoroark\n|-damage|p1a: Zoroark|0 fnt\n|faint|p1a: Zoroark\n|-damage|p2a: Zebstrika|16/100|[from] item: Life Orb\n|\n|upkeep\n|inactive|Time left: 300 sec this turn | 300 sec total | 5 sec grace\n|\n|t:|1783535122\n|switch|p1a: Politoed|Politoed, L88, F|302/302 slp\n|-weather|RainDance|[from] ability: Drizzle|[of] p1a: Politoed\n|turn|26\n|inactive|Time left: 300 sec this turn | 300 sec total\n|\n|t:|1783535123\n|move|p2a: Zebstrika|Supercell Slam|p1a: Politoed\n|-supereffective|p1a: Politoed\n|-damage|p1a: Politoed|0 fnt\n|faint|p1a: Politoed\n|-damage|p2a: Zebstrika|6/100|[from] item: Life Orb\n|\n|win|p0y1154e8b", "uploadtime": 1783535123, "views": 0, "rating": 0, "private": 0, "password": null, "_winner": "p0y1154e8b", "_our_name": "p0x115199a"}