{"id": "battle-gen9randombattle-1056", "formatid": "gen9randombattle", "format": "[Gen 9] Random Battle", "players": ["p0x105644b8", "p0y1056682c"], "log": "|init|battle\n|title|p0x105644b8 vs. p0y1056682c\n|j|\u2606p0x105644b8\n|j|\u2606p0y1056682c\n|t:|1783552144\n|gametype|singles\n|player|p1|p0x105644b8|169|\n|player|p2|p0y1056682c|170|\n|gen|9\n|tier|[Gen 9] Random Battle\n|rule|Species Clause: Limit one of each Pok\u00e9mon\n|rule|HP Percentage Mod: HP is shown in percentages\n|rule|Sleep Clause Mod: Limit one foe put to sleep\n|rule|Illusion Level Mod: Illusion disguises the Pok\u00e9mon's true level\n|\n|t:|1783552144\n|teamsize|p1|6\n|teamsize|p2|6\n|start\n|switch|p1a: Maushold|Maushold, L76|100/100\n|switch|p2a: Dipplin|Dipplin, L88, M|284/284\n|turn|1\n|inactive|Battle timer is ON: inactive players will automatically lose when time's up. (requested by p0x105644b8)\n|inactive|Time left: 300 sec this turn | 300 sec total | 60 sec grace\n|inactive|p0y1056682c also wants the timer to be on.\n|\n|t:|1783552145\n|switch|p1a: Ariados|Ariados, L95, F|100/100\n|move|p2a: Dipplin|Dragon Pulse|p1a: Ariados\n|-damage|p1a: Ariados|68/100\n|\n|upkeep\n|turn|2\n|inactive|Time left: 300 sec this turn | 300 sec total\n|\n|t:|1783552146\n|move|p1a: Ariados|Sticky Web|p2a: Dipplin\n|-sidestart|p2: p0y1056682c|move: Sticky Web\n|move|p2a: Dipplin|Dragon Pulse|p1a: Ariados\n|-damage|p1a: Ariados|35/100\n|\n|upkeep\n|turn|3\n|inactive|Time left: 300 sec this turn | 300 sec total\n|\n|t:|1783552147\n|move|p1a: Ariados|Megahorn|p2a: Dipplin\n|-supereffective|p2a: Dipplin\n|-damage|p2a: Dipplin|114/284\n|move|p2a: Dipplin|Dragon Pulse|p1a: Ariados\n|-damage|p1a: Ariados|0 fnt\n|faint|p1a: Ariados\n|\n|upkeep\n|\n|t:|1783552148\n|switch|p1a: Ludicolo|Ludicolo, L90, F|100/100\n|turn|4\n|inactive|Time left: 300 sec this turn | 300 sec total\n|\n|t:|1783552149\n|switch|p2a: Kyurem|Kyurem, L77|319/319\n|-ability|p2a: Kyurem|Pressure\n|move|p1a: Ludicolo|Ice Beam|p2a: Kyurem\n|-damage|p2a: Kyurem|201/319\n|\n|upkeep\n|turn|5\n|inactive|Time left: 300 sec this turn | 300 sec total\n|\n|t:|1783552150\n|move|p2a: Kyurem|Outrage|p1a: Ludicolo\n|-damage|p1a: Ludicolo|46/100\n|move|p1a: Ludicolo|Ice Beam|p2a: Kyurem\n|-damage|p2a: Kyurem|87/319\n|\n|upkeep\n|turn|6\n|inactive|Time left: 300 sec this turn | 300 sec total\n|\n|t:|1783552151\n|switch|p1a: Vaporeon|Vaporeon, L86, F|100/100\n|move|p2a: Kyurem|Outrage|p1a: Vaporeon|[from] lockedmove\n|-damage|p1a: Vaporeon|51/100\n|\n|-heal|p1a: Vaporeon|57/100|[from] item: Leftovers\n|upkeep\n|turn|7\n|inactive|Time left: 300 sec this turn | 300 sec total\n|\n|t:|1783552152\n|move|p1a: Vaporeon|Protect|p1a: Vaporeon\n|-singleturn|p1a: Vaporeon|Protect\n|move|p2a: Kyurem|Outrage|p1a: Vaporeon|[from] lockedmove\n|-activate|p1a: Vaporeon|move: Protect\n|-start|p2a: Kyurem|confusion|[fatigue]\n|\n|-heal|p1a: Vaporeon|63/100|[from] item: Leftovers\n|upkeep\n|turn|8\n|inactive|Time left: 300 sec this turn | 300 sec total\n|\n|t:|1783552153\n|-activate|p2a: Kyurem|confusion\n|move|p2a: Kyurem|Outrage|p1a: Vaporeon\n|-damage|p1a: Vaporeon|19/100\n|move|p1a: Vaporeon|Scald|p2a: Kyurem\n|-resisted|p2a: Kyurem\n|-damage|p2a: Kyurem|37/319\n|\n|-heal|p1a: Vaporeon|25/100|[from] item: Leftovers\n|upkeep\n|turn|9\n|inactive|Time left: 300 sec this turn | 300 sec total\n|\n|t:|1783552154\n|-activate|p2a: Kyurem|confusion\n|move|p2a: Kyurem|Outrage|p1a: Vaporeon|[from] lockedmove\n|-damage|p1a: Vaporeon|0 fnt\n|faint|p1a: Vaporeon\n|\n|upkeep\n|\n|t:|1783552155\n|switch|p1a: Raichu|Raichu-Alola, L87, M|100/100\n|turn|10\n|inactive|Time left: 300 sec this turn | 300 sec total\n|\n|t:|1783552156\n|move|p1a: Raichu|Psyshock|p2a: Kyurem\n|-damage|p2a: Kyurem|0 fnt\n|faint|p2a: Kyurem\n|-damage|p1a: Raichu|91/100|[from] item: Life Orb\n|\n|upkeep\n|inactive|Time left: 300 sec this turn | 300 sec total | 5 sec grace\n|\n|t:|1783552157\n|switch|p2a: Palossand|Palossand, L89, M|296/296\n|-activate|p2a: Palossand|move: Sticky Web\n|-unboost|p2a: Palossand|spe|1\n|turn|11\n|inactive|Time left: 300 sec this turn | 300 sec total\n|\n|t:|1783552158\n|switch|p1a: Ludicolo|Ludicolo, L90, F|46/100\n|move|p2a: Palossand|Earth Power|p1a: Ludicolo\n|-resisted|p1a: Ludicolo\n|-damage|p1a: Ludicolo|29/100\n|\n|upkeep\n|turn|12\n|inactive|Time left: 300 sec this turn | 300 sec total\n|\n|t:|1783552159\n|-terastallize|p2a: Palossand|Poison\n|move|p1a: Ludicolo|Giga Drain|p2a: Palossand\n|-resisted|p2a: Palossand\n|-damage|p2a: Palossand|225/296\n|-heal|p1a: Ludicolo|42/100|[from] drain|[of] p2a: Palossand\n|move|p2a: Palossand|Sludge Bomb|p1a: Ludicolo\n|-supereffective|p1a: Ludicolo\n|-damage|p1a: Ludicolo|0 fnt\n|faint|p1a: Ludicolo\n|\n|-heal|p2a: Palossand|243/296|[from] item: Leftovers\n|upkeep\n|\n|t:|1783552160\n|switch|p1a: Raging Bolt|Raging Bolt, L78|100/100\n|turn|13\n|inactive|Time left: 300 sec this turn | 300 sec total\n|\n|t:|1783552161\n|move|p1a: Raging Bolt|Calm Mind|p1a: Raging Bolt\n|-boost|p1a: Raging Bolt|spa|1\n|-boost|p1a: Raging Bolt|spd|1\n|move|p2a: Palossand|Earth Power|p1a: Raging Bolt\n|-supereffective|p1a: Raging Bolt\n|-damage|p1a: Raging Bolt|55/100\n|\n|-heal|p1a: Raging Bolt|61/100|[from] item: Leftovers\n|-heal|p2a: Palossand|261/296|[from] item: Leftovers\n|upkeep\n|turn|14\n|inactive|Time left: 300 sec this turn | 300 sec total\n|\n|t:|1783552162\n|move|p1a: Raging Bolt|Thunderbolt|p2a: Palossand\n|-damage|p2a: Palossand|80/296\n|move|p2a: Palossand|Earth Power|p1a: Raging Bolt\n|-supereffective|p1a: Raging Bolt\n|-damage|p1a: Raging Bolt|13/100\n|-unboost|p1a: Raging Bolt|spd|1\n|\n|-heal|p1a: Raging Bolt|19/100|[from] item: Leftovers\n|-heal|p2a: Palossand|98/296|[from] item: Leftovers\n|upkeep\n|turn|15\n|inactive|Time left: 300 sec this turn | 300 sec total\n|\n|t:|1783552163\n|switch|p2a: Calyrex|Calyrex, L93|337/337\n|-ability|p2a: Calyrex|Unnerve\n|-activate|p2a: Calyrex|move: Sticky Web\n|-unboost|p2a: Calyrex|spe|1\n|move|p1a: Raging Bolt|Thunderbolt|p2a: Calyrex\n|-resisted|p2a: Calyrex\n|-damage|p2a: Calyrex|253/337\n|\n|-heal|p1a: Raging Bolt|25/100|[from] item: Leftovers\n|-heal|p2a: Calyrex|274/337|[from] item: Leftovers\n|upkeep\n|turn|16\n|inactive|Time left: 300 sec this turn | 300 sec total\n|\n|t:|1783552164\n|move|p1a: Raging Bolt|Draco Meteor|p2a: Calyrex\n|-damage|p2a: Calyrex|40/337\n|-unboost|p1a: Raging Bolt|spa|2\n|move|p2a: Calyrex|Psyshock|p1a: Raging Bolt\n|-damage|p1a: Raging Bolt|0 fnt\n|faint|p1a: Raging Bolt\n|-end|p1a: Raging Bolt|Protosynthesis|[silent]\n|\n|-heal|p2a: Calyrex|61/337|[from] item: Leftovers\n|upkeep\n|\n|t:|1783552165\n|switch|p1a: Raichu|Raichu-Alola, L87, M|91/100\n|turn|17\n|inactive|Time left: 300 sec this turn | 300 sec total\n|\n|t:|1783552166\n|move|p1a: Raichu|Nasty Plot|p1a: Raichu\n|-boost|p1a: Raichu|spa|2\n|move|p2a: Calyrex|Giga Drain|p1a: Raichu\n|-damage|p1a: Raichu|58/100\n|-heal|p2a: Calyrex|102/337|[from] drain|[of] p1a: Raichu\n|\n|-heal|p2a: Calyrex|123/337|[from] item: Leftovers\n|upkeep\n|turn|18\n|inactive|Time left: 300 sec this turn | 300 sec total\n|\n|t:|1783552167\n|move|p1a: Raichu|Thunderbolt|p2a: Calyrex\n|-resisted|p2a: Calyrex\n|-damage|p2a: Calyrex|3/337\n|-status|p2a: Calyrex|par\n|-damage|p1a: Raichu|48/100|[from] item: Life Orb\n|cant|p2a: Calyrex|par\n|\n|-heal|p2a: Calyrex|24/337 par|[from] item: Leftovers\n|upkeep\n|turn|19\n|inactive|Time left: 300 sec this turn | 300 sec total\n|\n|t:|1783552168\n|move|p1a: Raichu|Thunderbolt|p2a: Calyrex\n|-resisted|p2a: Calyrex\n|-damage|p2a: Calyrex|0 fnt\n|faint|p2a: Calyrex\n|-damage|p1a: Raichu|38/100|[from] item: Life Orb\n|\n|upkeep\n|inactive|Time left: 300 sec this turn | 300 sec total | 5 sec grace\n|\n|t:|1783552169\n|switch|p2a: Dipplin|Dipplin, L88, M|114/284\n|-activate|p2a: Dipplin|move: Sticky Web\n|-unboost|p2a: Dipplin|spe|1\n|turn|20\n|inactive|Time left: 300 sec this turn | 300 sec total\n|\n|t:|1783552170\n|move|p2a: Dipplin|Sucker Punch|p1a: Raichu\n|-supereffective|p1a: Raichu\n|-damage|p1a: Raichu|0 fnt\n|faint|p1a: Raichu\n|\n|upkeep\n|\n|t:|1783552171\n|switch|p1a: Maushold|Maushold, L76|100/100\n|turn|21\n|inactive|Time left: 300 sec this turn | 300 sec total\n|\n|t:|1783552172\n|switch|p2a: Garganacl|Garganacl, L80, F|291/291\n|-activate|p2a: Garganacl|move: Sticky Web\n|-unboost|p2a: Garganacl|spe|1\n|move|p1a: Maushold|Population Bomb|p2a: Garganacl\n|-resisted|p2a: Garganacl\n|-damage|p2a: Garganacl|283/291\n|-resisted|p2a: Garganacl\n|-damage|p2a: Garganacl|274/291\n|-resisted|p2a: Garganacl\n|-damage|p2a: Garganacl|265/291\n|-resisted|p2a: Garganacl\n|-damage|p2a: Garganacl|257/291\n|-resisted|p2a: Garganacl\n|-damage|p2a: Garganacl|248/291\n|-resisted|p2a: Garganacl\n|-damage|p2a: Garganacl|239/291\n|-resisted|p2a: Garganacl\n|-damage|p2a: Garganacl|230/291\n|-resisted|p2a: Garganacl\n|-damage|p2a: Garganacl|221/291\n|-resisted|p2a: Garganacl\n|-crit|p2a: Garganacl\n|-damage|p2a: Garganacl|209/291\n|-resisted|p2a: Garganacl\n|-damage|p2a: Garganacl|200/291\n|-hitcount|p2a: Garganacl|10\n|\n|-heal|p2a: Garganacl|218/291|[from] item: Leftovers\n|upkeep\n|turn|22\n|inactive|Time left: 300 sec this turn | 300 sec total\n|\n|t:|1783552173\n|move|p1a: Maushold|Bite|p2a: Garganacl\n|-damage|p2a: Garganacl|186/291\n|move|p2a: Garganacl|Salt Cure|p1a: Maushold\n|-damage|p1a: Maushold|79/100\n|-start|p1a: Maushold|Salt Cure\n|\n|-heal|p2a: Garganacl|204/291|[from] item: Leftovers\n|-damage|p1a: Maushold|66/100|[from] Salt Cure\n|upkeep\n|turn|23\n|inactive|Time left: 300 sec this turn | 300 sec total\n|\n|t:|1783552175\n|move|p1a: Maushold|Population Bomb|p2a: Garganacl\n|-resisted|p2a: Garganacl\n|-damage|p2a: Garganacl|196/291\n|-resisted|p2a: Garganacl\n|-damage|p2a: Garganacl|187/291\n|-resisted|p2a: Garganacl\n|-damage|p2a: Garganacl|179/291\n|-resisted|p2a: Garganacl\n|-damage|p2a: Garganacl|171/291\n|-resisted|p2a: Garganacl\n|-damage|p2a: Garganacl|163/291\n|-resisted|p2a: Garganacl\n|-damage|p2a: Garganacl|154/291\n|-resisted|p2a: Garganacl\n|-damage|p2a: Garganacl|145/291\n|-resisted|p2a: Garganacl\n|-damage|p2a: Garganacl|137/291\n|-resisted|p2a: Garganacl\n|-damage|p2a: Garganacl|128/291\n|-resisted|p2a: Garganacl\n|-damage|p2a: Garganacl|119/291\n|-hitcount|p2a: Garganacl|10\n|move|p2a: Garganacl|Body Press|p1a: Maushold\n|-supereffective|p1a: Maushold\n|-damage|p1a: Maushold|0 fnt\n|faint|p1a: Maushold\n|\n|win|p0y1056682c", "uploadtime": 1783552175, "views": 0, "rating": 0, "private": 0, "password": null, "_winner": "p0y1056682c", "_our_name": "p0y1056682c"}