{"id": "battle-gen9randombattle-1865", "formatid": "gen9randombattle", "format": "[Gen 9] Random Battle", "players": ["p0x18655aea", "p0y18650583"], "log": "|init|battle\n|title|p0x18655aea vs. p0y18650583\n|j|\u2606p0x18655aea\n|j|\u2606p0y18650583\n|t:|1783561597\n|gametype|singles\n|player|p1|p0x18655aea|170|\n|player|p2|p0y18650583|1|\n|gen|9\n|tier|[Gen 9] Random Battle\n|rule|Species Clause: Limit one of each Pok\u00e9mon\n|rule|HP Percentage Mod: HP is shown in percentages\n|rule|Sleep Clause Mod: Limit one foe put to sleep\n|rule|Illusion Level Mod: Illusion disguises the Pok\u00e9mon's true level\n|\n|t:|1783561597\n|teamsize|p1|6\n|teamsize|p2|6\n|start\n|switch|p1a: Venomoth|Venomoth, L84, M|255/255\n|switch|p2a: Staraptor|Staraptor, L79, F|100/100\n|turn|1\n|inactive|Battle timer is ON: inactive players will automatically lose when time's up. (requested by p0y18650583)\n|inactive|Time left: 300 sec this turn | 300 sec total | 60 sec grace\n|inactive|p0x18655aea also wants the timer to be on.\n|\n|t:|1783561598\n|switch|p1a: Whiscash|Whiscash, L88, F|337/337\n|move|p2a: Staraptor|Double-Edge|p1a: Whiscash\n|-damage|p1a: Whiscash|73/337\n|-damage|p2a: Staraptor|67/100|[from] Recoil\n|\n|-heal|p1a: Whiscash|94/337|[from] item: Leftovers\n|upkeep\n|turn|2\n|inactive|Time left: 300 sec this turn | 300 sec total\n|\n|t:|1783561600\n|-terastallize|p1a: Whiscash|Ghost\n|move|p2a: Staraptor|Double-Edge|p1a: Whiscash\n|-immune|p1a: Whiscash\n|move|p1a: Whiscash|Stealth Rock|p2a: Staraptor\n|-sidestart|p2: p0y18650583|move: Stealth Rock\n|\n|-heal|p1a: Whiscash|115/337|[from] item: Leftovers\n|upkeep\n|turn|3\n|inactive|Time left: 300 sec this turn | 300 sec total\n|\n|t:|1783561601\n|move|p2a: Staraptor|Double-Edge|p1a: Whiscash\n|-immune|p1a: Whiscash\n|move|p1a: Whiscash|Spikes|p2a: Staraptor\n|-sidestart|p2: p0y18650583|Spikes\n|\n|-heal|p1a: Whiscash|136/337|[from] item: Leftovers\n|upkeep\n|turn|4\n|inactive|Time left: 300 sec this turn | 300 sec total\n|\n|t:|1783561602\n|switch|p2a: Hydrapple|Hydrapple, L83, F|100/100\n|-damage|p2a: Hydrapple|88/100|[from] Stealth Rock\n|-damage|p2a: Hydrapple|75/100|[from] Spikes\n|move|p1a: Whiscash|Hydro Pump|p2a: Hydrapple\n|-resisted|p2a: Hydrapple\n|-damage|p2a: Hydrapple|67/100\n|\n|-heal|p1a: Whiscash|157/337|[from] item: Leftovers\n|upkeep\n|turn|5\n|inactive|Time left: 300 sec this turn | 300 sec total\n|\n|t:|1783561603\n|move|p1a: Whiscash|Earthquake|p2a: Hydrapple\n|-resisted|p2a: Hydrapple\n|-damage|p2a: Hydrapple|53/100\n|move|p2a: Hydrapple|Nasty Plot|p2a: Hydrapple\n|-boost|p2a: Hydrapple|spa|2\n|\n|-heal|p1a: Whiscash|178/337|[from] item: Leftovers\n|upkeep\n|turn|6\n|inactive|Time left: 300 sec this turn | 300 sec total\n|\n|t:|1783561604\n|move|p1a: Whiscash|Earthquake|p2a: Hydrapple\n|-resisted|p2a: Hydrapple\n|-damage|p2a: Hydrapple|40/100\n|move|p2a: Hydrapple|Giga Drain|p1a: Whiscash\n|-damage|p1a: Whiscash|0 fnt\n|-heal|p2a: Hydrapple|69/100|[from] drain|[of] p1a: Whiscash\n|faint|p1a: Whiscash\n|-damage|p2a: Hydrapple|59/100|[from] item: Life Orb\n|\n|upkeep\n|inactive|Time left: 300 sec this turn | 300 sec total | 5 sec grace\n|\n|t:|1783561605\n|switch|p1a: Venomoth|Venomoth, L84, M|255/255\n|turn|7\n|inactive|Time left: 300 sec this turn | 300 sec total\n|\n|t:|1783561606\n|-terastallize|p2a: Hydrapple|Steel\n|move|p1a: Venomoth|Bug Buzz|p2a: Hydrapple\n|-resisted|p2a: Hydrapple\n|-damage|p2a: Hydrapple|26/100\n|-unboost|p2a: Hydrapple|spd|1\n|move|p2a: Hydrapple|Fickle Beam|p1a: Venomoth|[anim] Fickle Beam All Out\n|-activate|p2a: Hydrapple|move: Fickle Beam\n|-damage|p1a: Venomoth|0 fnt\n|faint|p1a: Venomoth\n|-damage|p2a: Hydrapple|16/100|[from] item: Life Orb\n|\n|upkeep\n|inactive|Time left: 300 sec this turn | 300 sec total | 5 sec grace\n|\n|t:|1783561607\n|switch|p1a: Clawitzer|Clawitzer, L87, F|265/265\n|turn|8\n|inactive|Time left: 300 sec this turn | 300 sec total\n|\n|t:|1783561608\n|move|p1a: Clawitzer|Water Pulse|p2a: Hydrapple\n|-damage|p2a: Hydrapple|0 fnt\n|faint|p2a: Hydrapple\n|\n|upkeep\n|\n|t:|1783561609\n|switch|p2a: Staraptor|Staraptor, L79, F|67/100\n|-damage|p2a: Staraptor|43/100|[from] Stealth Rock\n|turn|9\n|inactive|Time left: 300 sec this turn | 300 sec total\n|\n|t:|1783561610\n|move|p2a: Staraptor|Brave Bird|p1a: Clawitzer\n|-crit|p1a: Clawitzer\n|-damage|p1a: Clawitzer|0 fnt\n|faint|p1a: Clawitzer\n|-damage|p2a: Staraptor|10/100|[from] Recoil\n|\n|upkeep\n|inactive|Time left: 300 sec this turn | 300 sec total | 5 sec grace\n|\n|t:|1783561611\n|switch|p1a: Regieleki|Regieleki, L79|256/256\n|turn|10\n|inactive|Time left: 300 sec this turn | 300 sec total\n|\n|t:|1783561611\n|switch|p2a: Quagsire|Quagsire, L84, M|100/100\n|-damage|p2a: Quagsire|94/100|[from] Stealth Rock\n|-damage|p2a: Quagsire|82/100|[from] Spikes\n|move|p1a: Regieleki|Volt Switch|p2a: Quagsire\n|-immune|p2a: Quagsire\n|\n|-heal|p2a: Quagsire|88/100|[from] item: Leftovers\n|upkeep\n|turn|11\n|inactive|Time left: 300 sec this turn | 300 sec total\n|\n|t:|1783561612\n|switch|p1a: Sinistcha|Sinistcha-Masterpiece, L83|254/254\n|move|p2a: Quagsire|Earthquake|p1a: Sinistcha\n|-resisted|p1a: Sinistcha\n|-crit|p1a: Sinistcha\n|-damage|p1a: Sinistcha|196/254\n|\n|-heal|p1a: Sinistcha|211/254|[from] item: Leftovers\n|-heal|p2a: Quagsire|94/100|[from] item: Leftovers\n|upkeep\n|turn|12\n|inactive|Time left: 300 sec this turn | 300 sec total\n|\n|t:|1783561612\n|switch|p2a: Girafarig|Girafarig, L89, M|100/100\n|-damage|p2a: Girafarig|88/100|[from] Stealth Rock\n|-damage|p2a: Girafarig|76/100|[from] Spikes\n|move|p1a: Sinistcha|Matcha Gotcha|p2a: Girafarig\n|-ability|p2a: Girafarig|Sap Sipper|boost\n|-boost|p2a: Girafarig|atk|1\n|\n|-heal|p1a: Sinistcha|226/254|[from] item: Leftovers\n|upkeep\n|turn|13\n|inactive|Time left: 300 sec this turn | 300 sec total\n|\n|t:|1783561613\n|switch|p1a: Zangoose|Zangoose, L85, M|263/263\n|move|p2a: Girafarig|Nasty Plot|p2a: Girafarig\n|-boost|p2a: Girafarig|spa|2\n|\n|-status|p1a: Zangoose|tox|[from] item: Toxic Orb\n|upkeep\n|turn|14\n|inactive|Time left: 300 sec this turn | 300 sec total\n|\n|t:|1783561614\n|move|p2a: Girafarig|Hyper Voice|p1a: Zangoose\n|-damage|p1a: Zangoose|0 fnt\n|faint|p1a: Zangoose\n|\n|upkeep\n|inactive|Time left: 300 sec this turn | 300 sec total | 5 sec grace\n|\n|t:|1783561614\n|switch|p1a: Regieleki|Regieleki, L79|256/256\n|turn|15\n|inactive|Time left: 300 sec this turn | 300 sec total\n|\n|t:|1783561615\n|move|p1a: Regieleki|Thunderbolt|p2a: Girafarig\n|-damage|p2a: Girafarig|34/100\n|move|p2a: Girafarig|Psyshock|p1a: Regieleki\n|-damage|p1a: Regieleki|0 fnt\n|faint|p1a: Regieleki\n|\n|upkeep\n|inactive|Time left: 300 sec this turn | 300 sec total | 5 sec grace\n|\n|t:|1783561616\n|switch|p1a: Sinistcha|Sinistcha-Masterpiece, L83|226/254\n|turn|16\n|inactive|Time left: 300 sec this turn | 300 sec total\n|\n|t:|1783561616\n|move|p2a: Girafarig|Psyshock|p1a: Sinistcha\n|-damage|p1a: Sinistcha|69/254\n|move|p1a: Sinistcha|Matcha Gotcha|p2a: Girafarig\n|-ability|p2a: Girafarig|Sap Sipper|boost\n|-boost|p2a: Girafarig|atk|1\n|\n|-heal|p1a: Sinistcha|84/254|[from] item: Leftovers\n|upkeep\n|turn|17\n|inactive|Time left: 300 sec this turn | 300 sec total\n|\n|t:|1783561617\n|move|p2a: Girafarig|Psyshock|p1a: Sinistcha\n|-damage|p1a: Sinistcha|0 fnt\n|faint|p1a: Sinistcha\n|\n|win|p0y18650583", "uploadtime": 1783561617, "views": 0, "rating": 0, "private": 0, "password": null, "_winner": "p0y18650583", "_our_name": "p0x18655aea"}