{"id": "battle-gen9randombattle-1308", "formatid": "gen9randombattle", "format": "[Gen 9] Random Battle", "players": ["p0x1308ccf1", "p0y130868a6"], "log": "|init|battle\n|title|p0x1308ccf1 vs. p0y130868a6\n|j|\u2606p0x1308ccf1\n|j|\u2606p0y130868a6\n|t:|1783555180\n|gametype|singles\n|player|p1|p0x1308ccf1|169|\n|player|p2|p0y130868a6|1|\n|gen|9\n|tier|[Gen 9] Random Battle\n|rule|Species Clause: Limit one of each Pok\u00e9mon\n|rule|HP Percentage Mod: HP is shown in percentages\n|rule|Sleep Clause Mod: Limit one foe put to sleep\n|rule|Illusion Level Mod: Illusion disguises the Pok\u00e9mon's true level\n|\n|t:|1783555180\n|teamsize|p1|6\n|teamsize|p2|6\n|start\n|switch|p1a: Golem|Golem-Alola, L93, M|100/100\n|switch|p2a: Moltres|Moltres, L81|278/278\n|turn|1\n|inactive|Battle timer is ON: inactive players will automatically lose when time's up. (requested by p0x1308ccf1)\n|inactive|Time left: 300 sec this turn | 300 sec total | 60 sec grace\n|inactive|p0y130868a6 also wants the timer to be on.\n|\n|t:|1783555182\n|move|p2a: Moltres|Scorching Sands|p1a: Golem\n|-supereffective|p1a: Golem\n|-damage|p1a: Golem|20/100\n|move|p1a: Golem|Stone Edge|p2a: Moltres\n|-supereffective|p2a: Moltres\n|-damage|p2a: Moltres|0 fnt\n|faint|p2a: Moltres\n|\n|upkeep\n|inactive|Time left: 300 sec this turn | 300 sec total | 65 sec grace\n|\n|t:|1783555183\n|switch|p2a: Torterra|Torterra, L78, F|276/276\n|turn|2\n|inactive|Time left: 300 sec this turn | 300 sec total\n|\n|t:|1783555184\n|move|p1a: Golem|Stone Edge|p2a: Torterra\n|-resisted|p2a: Torterra\n|-damage|p2a: Torterra|167/276\n|move|p2a: Torterra|Shell Smash|p2a: Torterra\n|-unboost|p2a: Torterra|def|1\n|-unboost|p2a: Torterra|spd|1\n|-boost|p2a: Torterra|atk|2\n|-boost|p2a: Torterra|spa|2\n|-boost|p2a: Torterra|spe|2\n|\n|upkeep\n|turn|3\n|inactive|Time left: 300 sec this turn | 300 sec total\n|\n|t:|1783555185\n|move|p2a: Torterra|Rock Blast|p1a: Golem\n|-damage|p1a: Golem|12/100\n|-damage|p1a: Golem|4/100\n|-damage|p1a: Golem|0 fnt\n|faint|p1a: Golem\n|-hitcount|p1: Golem|3\n|\n|upkeep\n|\n|t:|1783555187\n|switch|p1a: Ogerpon|Ogerpon-Wellspring, L76, F|100/100\n|turn|4\n|inactive|Time left: 300 sec this turn | 300 sec total\n|\n|t:|1783555188\n|-terastallize|p2a: Torterra|Grass\n|move|p2a: Torterra|Bullet Seed|p1a: Ogerpon\n|-damage|p1a: Ogerpon|69/100\n|-damage|p1a: Ogerpon|35/100\n|-damage|p1a: Ogerpon|5/100\n|-damage|p1a: Ogerpon|0 fnt\n|faint|p1a: Ogerpon\n|-hitcount|p1: Ogerpon|4\n|\n|upkeep\n|\n|t:|1783555189\n|switch|p1a: Volbeat|Volbeat, L90, M|100/100\n|turn|5\n|inactive|Time left: 300 sec this turn | 300 sec total\n|\n|t:|1783555190\n|-terastallize|p1a: Volbeat|Water\n|move|p2a: Torterra|Rock Blast|p1a: Volbeat\n|-damage|p1a: Volbeat|87/100\n|-damage|p1a: Volbeat|74/100\n|-damage|p1a: Volbeat|61/100\n|-damage|p1a: Volbeat|48/100\n|-damage|p1a: Volbeat|35/100\n|-hitcount|p1a: Volbeat|5\n|move|p1a: Volbeat|U-turn|p2a: Torterra\n|-supereffective|p2a: Torterra\n|-damage|p2a: Torterra|0 fnt\n|faint|p2a: Torterra\n|\n|t:|1783555191\n|switch|p1a: Muk|Muk-Alola, L82, F|100/100|[from] U-turn\n|\n|upkeep\n|inactive|Time left: 300 sec this turn | 300 sec total | 10 sec grace\n|\n|t:|1783555192\n|switch|p2a: Ursaluna|Ursaluna-Bloodmoon, L79, M|308/308\n|turn|6\n|inactive|Time left: 300 sec this turn | 300 sec total\n|\n|t:|1783555194\n|move|p1a: Muk|Knock Off|p2a: Ursaluna\n|-damage|p2a: Ursaluna|217/308\n|-enditem|p2a: Ursaluna|Leftovers|[from] move: Knock Off|[of] p1a: Muk\n|move|p2a: Ursaluna|Earth Power|p1a: Muk\n|-supereffective|p1a: Muk\n|-damage|p1a: Muk|53/100\n|\n|upkeep\n|turn|7\n|inactive|Time left: 300 sec this turn | 300 sec total\n|\n|t:|1783555195\n|move|p1a: Muk|Drain Punch|p2a: Ursaluna\n|-supereffective|p2a: Ursaluna\n|-damage|p2a: Ursaluna|125/308\n|-heal|p1a: Muk|68/100|[from] drain|[of] p2a: Ursaluna\n|move|p2a: Ursaluna|Earth Power|p1a: Muk\n|-supereffective|p1a: Muk\n|-crit|p1a: Muk\n|-damage|p1a: Muk|0 fnt\n|faint|p1a: Muk\n|\n|upkeep\n|\n|t:|1783555196\n|switch|p1a: Sandy Shocks|Sandy Shocks, L80|100/100\n|turn|8\n|inactive|Time left: 300 sec this turn | 300 sec total\n|\n|t:|1783555197\n|switch|p2a: Brambleghast|Brambleghast, L88, M|240/240\n|move|p1a: Sandy Shocks|Earth Power|p2a: Brambleghast\n|-resisted|p2a: Brambleghast\n|-damage|p2a: Brambleghast|186/240\n|\n|-heal|p2a: Brambleghast|201/240|[from] item: Leftovers\n|upkeep\n|turn|9\n|inactive|Time left: 300 sec this turn | 300 sec total\n|\n|t:|1783555198\n|-end|p1a: Sandy Shocks|Protosynthesis|[silent]\n|switch|p1a: Volbeat|Volbeat, L90, M, tera:Water|35/100\n|move|p2a: Brambleghast|Power Whip|p1a: Volbeat\n|-supereffective|p1a: Volbeat\n|-damage|p1a: Volbeat|0 fnt\n|faint|p1a: Volbeat\n|\n|-heal|p2a: Brambleghast|216/240|[from] item: Leftovers\n|upkeep\n|\n|t:|1783555199\n|switch|p1a: Calyrex|Calyrex-Shadow, L64|100/100\n|-ability|p1a: Calyrex|As One\n|-ability|p1a: Calyrex|Unnerve\n|turn|10\n|inactive|Time left: 300 sec this turn | 300 sec total\n|\n|t:|1783555200\n|switch|p2a: Ursaluna|Ursaluna-Bloodmoon, L79, M|125/308\n|move|p1a: Calyrex|Astral Barrage|p2a: Ursaluna\n|-immune|p2a: Ursaluna\n|\n|upkeep\n|turn|11\n|inactive|Time left: 300 sec this turn | 300 sec total\n|\n|t:|1783555201\n|move|p1a: Calyrex|Nasty Plot|p1a: Calyrex\n|-boost|p1a: Calyrex|spa|2\n|move|p2a: Ursaluna|Moonlight|p2a: Ursaluna\n|-heal|p2a: Ursaluna|279/308\n|\n|upkeep\n|turn|12\n|inactive|Time left: 300 sec this turn | 300 sec total\n|\n|t:|1783555202\n|move|p1a: Calyrex|Nasty Plot|p1a: Calyrex\n|-boost|p1a: Calyrex|spa|2\n|move|p2a: Ursaluna|Blood Moon|p1a: Calyrex\n|-damage|p1a: Calyrex|7/100\n|\n|upkeep\n|turn|13\n|inactive|Time left: 300 sec this turn | 300 sec total\n|\n|t:|1783555203\n|move|p1a: Calyrex|Psyshock|p2a: Ursaluna\n|-damage|p2a: Ursaluna|20/308\n|-damage|p1a: Calyrex|0 fnt|[from] item: Life Orb\n|faint|p1a: Calyrex\n|move|p2a: Ursaluna|Earth Power|p1: Calyrex|[notarget]\n|-fail|p2a: Ursaluna\n|\n|upkeep\n|\n|t:|1783555204\n|switch|p1a: Sandy Shocks|Sandy Shocks, L80|100/100\n|turn|14\n|inactive|Time left: 300 sec this turn | 300 sec total\n|\n|t:|1783555205\n|move|p1a: Sandy Shocks|Spikes|p2a: Ursaluna\n|-sidestart|p2: p0y130868a6|Spikes\n|move|p2a: Ursaluna|Earth Power|p1a: Sandy Shocks\n|-supereffective|p1a: Sandy Shocks\n|-damage|p1a: Sandy Shocks|12/100\n|-unboost|p1a: Sandy Shocks|spd|1\n|\n|-heal|p1a: Sandy Shocks|18/100|[from] item: Leftovers\n|upkeep\n|turn|15\n|inactive|Time left: 300 sec this turn | 300 sec total\n|\n|t:|1783555205\n|move|p1a: Sandy Shocks|Earth Power|p2a: Ursaluna\n|-damage|p2a: Ursaluna|0 fnt\n|faint|p2a: Ursaluna\n|\n|-heal|p1a: Sandy Shocks|24/100|[from] item: Leftovers\n|upkeep\n|inactive|Time left: 300 sec this turn | 300 sec total | 5 sec grace\n|\n|t:|1783555206\n|switch|p2a: Iron Moth|Iron Moth, L78|253/253\n|turn|16\n|inactive|Time left: 300 sec this turn | 300 sec total\n|\n|t:|1783555207\n|move|p2a: Iron Moth|Sludge Wave|p1a: Sandy Shocks\n|-resisted|p1a: Sandy Shocks\n|-damage|p1a: Sandy Shocks|0 fnt\n|faint|p1a: Sandy Shocks\n|-end|p1a: Sandy Shocks|Protosynthesis|[silent]\n|\n|win|p0y130868a6", "uploadtime": 1783555207, "views": 0, "rating": 0, "private": 0, "password": null, "_winner": "p0y130868a6", "_our_name": "p0y130868a6"}