{"id": "battle-gen9randombattle-2953", "formatid": "gen9randombattle", "format": "[Gen 9] Random Battle", "players": ["p0x2953cdf5", "p0y29535042"], "log": "|init|battle\n|title|p0x2953cdf5 vs. p0y29535042\n|j|\u2606p0x2953cdf5\n|j|\u2606p0y29535042\n|t:|1783573991\n|gametype|singles\n|player|p1|p0x2953cdf5|265|\n|player|p2|p0y29535042|170|\n|gen|9\n|tier|[Gen 9] Random Battle\n|rule|Species Clause: Limit one of each Pok\u00e9mon\n|rule|HP Percentage Mod: HP is shown in percentages\n|rule|Sleep Clause Mod: Limit one foe put to sleep\n|rule|Illusion Level Mod: Illusion disguises the Pok\u00e9mon's true level\n|\n|t:|1783573991\n|teamsize|p1|6\n|teamsize|p2|6\n|start\n|switch|p1a: Annihilape|Annihilape, L76, F|100/100\n|switch|p2a: Banette|Banette, L93, F|270/270\n|turn|1\n|inactive|Battle timer is ON: inactive players will automatically lose when time's up. (requested by p0y29535042)\n|inactive|p0x2953cdf5 also wants the timer to be on.\n|\n|t:|1783573993\n|switch|p1a: Rhydon|Rhydon, L85, F|100/100\n|move|p2a: Banette|Poltergeist|p1a: Rhydon|[miss]\n|-miss|p2a: Banette|p1a: Rhydon\n|\n|upkeep\n|turn|2\n|inactive|Time left: 300 sec this turn | 300 sec total\n|\n|t:|1783573994\n|switch|p2a: Hariyama|Hariyama, L87, M|392/392\n|move|p1a: Rhydon|Stone Edge|p2a: Hariyama\n|-resisted|p2a: Hariyama\n|-damage|p2a: Hariyama|302/392\n|\n|-status|p2a: Hariyama|brn|[from] item: Flame Orb\n|upkeep\n|turn|3\n|inactive|Time left: 300 sec this turn | 300 sec total\n|\n|t:|1783573995\n|move|p2a: Hariyama|Close Combat|p1a: Rhydon\n|-supereffective|p1a: Rhydon\n|-crit|p1a: Rhydon\n|-damage|p1a: Rhydon|0 fnt\n|-unboost|p2a: Hariyama|def|1\n|-unboost|p2a: Hariyama|spd|1\n|faint|p1a: Rhydon\n|\n|-damage|p2a: Hariyama|278/392 brn|[from] brn\n|upkeep\n|\n|t:|1783573996\n|switch|p1a: Annihilape|Annihilape, L76, F|100/100\n|turn|4\n|inactive|Time left: 300 sec this turn | 300 sec total\n|\n|t:|1783573997\n|switch|p2a: Pincurchin|Pincurchin, F|258/258\n|-fieldstart|move: Electric Terrain|[from] ability: Electric Surge|[of] p2a: Pincurchin\n|move|p1a: Annihilape|Bulk Up|p1a: Annihilape\n|-boost|p1a: Annihilape|atk|1\n|-boost|p1a: Annihilape|def|1\n|\n|upkeep\n|turn|5\n|inactive|Time left: 300 sec this turn | 300 sec total\n|\n|t:|1783573998\n|move|p1a: Annihilape|Bulk Up|p1a: Annihilape\n|-boost|p1a: Annihilape|atk|1\n|-boost|p1a: Annihilape|def|1\n|move|p2a: Pincurchin|Thunderbolt|p1a: Annihilape\n|-damage|p1a: Annihilape|43/100\n|\n|-heal|p1a: Annihilape|49/100|[from] item: Leftovers\n|upkeep\n|turn|6\n|inactive|Time left: 300 sec this turn | 300 sec total\n|\n|t:|1783573999\n|move|p1a: Annihilape|Drain Punch|p2a: Pincurchin\n|-damage|p2a: Pincurchin|129/258\n|-heal|p1a: Annihilape|71/100|[from] drain|[of] p2a: Pincurchin\n|move|p2a: Pincurchin|Thunderbolt|p1a: Annihilape\n|-damage|p1a: Annihilape|13/100\n|\n|-heal|p1a: Annihilape|19/100|[from] item: Leftovers\n|-heal|p2a: Pincurchin|145/258|[from] item: Leftovers\n|upkeep\n|turn|7\n|inactive|Time left: 300 sec this turn | 300 sec total\n|\n|t:|1783574000\n|move|p1a: Annihilape|Drain Punch|p2a: Pincurchin\n|-damage|p2a: Pincurchin|15/258\n|-heal|p1a: Annihilape|42/100|[from] drain|[of] p2a: Pincurchin\n|move|p2a: Pincurchin|Thunderbolt|p1a: Annihilape\n|-damage|p1a: Annihilape|0 fnt\n|faint|p1a: Annihilape\n|\n|-heal|p2a: Pincurchin|31/258|[from] item: Leftovers\n|upkeep\n|\n|t:|1783574000\n|switch|p1a: Wo-Chien|Wo-Chien, L83|100/100\n|-ability|p1a: Wo-Chien|Tablets of Ruin\n|turn|8\n|inactive|Time left: 300 sec this turn | 300 sec total\n|\n|t:|1783574002\n|move|p1a: Wo-Chien|Knock Off|p2a: Pincurchin\n|-damage|p2a: Pincurchin|0 fnt\n|-enditem|p2a: Pincurchin|Leftovers|[from] move: Knock Off|[of] p1a: Wo-Chien\n|faint|p2a: Pincurchin\n|\n|-fieldend|move: Electric Terrain\n|upkeep\n|inactive|Time left: 300 sec this turn | 300 sec total | 5 sec grace\n|\n|t:|1783574002\n|switch|p2a: Hariyama|Hariyama, L87, M|278/392 brn\n|turn|9\n|inactive|Time left: 300 sec this turn | 300 sec total\n|\n|t:|1783574003\n|move|p1a: Wo-Chien|Ruination|p2a: Hariyama\n|-damage|p2a: Hariyama|139/392 brn\n|move|p2a: Hariyama|Close Combat|p1a: Wo-Chien\n|-supereffective|p1a: Wo-Chien\n|-damage|p1a: Wo-Chien|0 fnt\n|-unboost|p2a: Hariyama|def|1\n|-unboost|p2a: Hariyama|spd|1\n|faint|p1a: Wo-Chien\n|\n|-damage|p2a: Hariyama|115/392 brn|[from] brn\n|upkeep\n|\n|t:|1783574004\n|switch|p1a: Klawf|Klawf, L90, F|100/100\n|turn|10\n|inactive|Time left: 300 sec this turn | 300 sec total\n|\n|t:|1783574005\n|move|p1a: Klawf|Stone Edge|p2a: Hariyama\n|-resisted|p2a: Hariyama\n|-damage|p2a: Hariyama|0 fnt\n|faint|p2a: Hariyama\n|\n|upkeep\n|inactive|Time left: 300 sec this turn | 300 sec total | 5 sec grace\n|\n|t:|1783574006\n|switch|p2a: Cramorant|Cramorant, L86, M|261/261\n|turn|11\n|inactive|Time left: 300 sec this turn | 300 sec total\n|\n|t:|1783574007\n|move|p1a: Klawf|Stone Edge|p2a: Cramorant\n|-supereffective|p2a: Cramorant\n|-damage|p2a: Cramorant|0 fnt\n|faint|p2a: Cramorant\n|\n|upkeep\n|inactive|Time left: 300 sec this turn | 300 sec total | 5 sec grace\n|\n|t:|1783574009\n|switch|p2a: Talonflame|Talonflame, L83, M|265/265\n|turn|12\n|inactive|Time left: 300 sec this turn | 300 sec total\n|\n|t:|1783574010\n|-terastallize|p2a: Talonflame|Ground\n|move|p1a: Klawf|Stone Edge|p2a: Talonflame\n|-resisted|p2a: Talonflame\n|-damage|p2a: Talonflame|195/265\n|move|p2a: Talonflame|Swords Dance|p2a: Talonflame\n|-boost|p2a: Talonflame|atk|2\n|\n|upkeep\n|turn|13\n|inactive|Time left: 300 sec this turn | 300 sec total\n|\n|t:|1783574011\n|move|p1a: Klawf|Stone Edge|p2a: Talonflame|[miss]\n|-miss|p1a: Klawf|p2a: Talonflame\n|move|p2a: Talonflame|Tera Blast|p1a: Klawf|[anim] Tera Blast Ground\n|-supereffective|p1a: Klawf\n|-damage|p1a: Klawf|17/100\n|\n|upkeep\n|turn|14\n|inactive|Time left: 300 sec this turn | 300 sec total\n|\n|t:|1783574012\n|move|p1a: Klawf|Stone Edge|p2a: Talonflame|[miss]\n|-miss|p1a: Klawf|p2a: Talonflame\n|move|p2a: Talonflame|Tera Blast|p1a: Klawf|[anim] Tera Blast Ground\n|-supereffective|p1a: Klawf\n|-damage|p1a: Klawf|0 fnt\n|faint|p1a: Klawf\n|\n|upkeep\n|\n|t:|1783574013\n|switch|p1a: Walking Wake|Walking Wake, L79|100/100\n|turn|15\n|inactive|Time left: 300 sec this turn | 300 sec total\n|\n|t:|1783574014\n|move|p2a: Talonflame|Brave Bird|p1a: Walking Wake\n|-damage|p1a: Walking Wake|15/100\n|-damage|p2a: Talonflame|114/265|[from] Recoil\n|move|p1a: Walking Wake|Hydro Steam|p2a: Talonflame\n|-supereffective|p2a: Talonflame\n|-damage|p2a: Talonflame|0 fnt\n|faint|p2a: Talonflame\n|-damage|p1a: Walking Wake|5/100|[from] item: Life Orb\n|\n|upkeep\n|inactive|Time left: 300 sec this turn | 300 sec total | 5 sec grace\n|\n|t:|1783574015\n|switch|p2a: Banette|Banette, L93, F|270/270\n|turn|16\n|inactive|Time left: 300 sec this turn | 300 sec total\n|\n|t:|1783574015\n|move|p1a: Walking Wake|Draco Meteor|p2a: Banette\n|-damage|p2a: Banette|52/270\n|-unboost|p1a: Walking Wake|spa|2\n|-start|p1a: Walking Wake|Disable|Draco Meteor|[from] ability: Cursed Body|[of] p2a: Banette\n|-damage|p1a: Walking Wake|0 fnt|[from] item: Life Orb\n|faint|p1a: Walking Wake\n|-end|p1a: Walking Wake|Protosynthesis|[silent]\n|move|p2a: Banette|Swords Dance|p2a: Banette\n|-boost|p2a: Banette|atk|2\n|\n|upkeep\n|\n|t:|1783574016\n|switch|p1a: Luvdisc|Luvdisc, M|100/100\n|turn|17\n|inactive|Time left: 300 sec this turn | 300 sec total\n|\n|t:|1783574017\n|move|p2a: Banette|Shadow Sneak|p1a: Luvdisc\n|-damage|p1a: Luvdisc|32/100\n|-damage|p2a: Banette|25/270|[from] item: Life Orb\n|move|p1a: Luvdisc|Surf|p2a: Banette\n|-damage|p2a: Banette|0 fnt\n|faint|p2a: Banette\n|\n|upkeep\n|inactive|Time left: 300 sec this turn | 300 sec total | 5 sec grace\n|\n|t:|1783574018\n|switch|p2a: Salazzle|Salazzle, L83, F|249/249\n|turn|18\n|inactive|Time left: 300 sec this turn | 300 sec total\n|\n|t:|1783574019\n|move|p1a: Luvdisc|Substitute|p1a: Luvdisc\n|-start|p1a: Luvdisc|Substitute\n|-damage|p1a: Luvdisc|8/100\n|move|p2a: Salazzle|Toxic||[still]\n|-fail|p2a: Salazzle\n|\n|upkeep\n|turn|19\n|inactive|Time left: 300 sec this turn | 300 sec total\n|\n|t:|1783574020\n|-terastallize|p1a: Luvdisc|Ghost\n|move|p1a: Luvdisc|Endeavor|p2a: Salazzle\n|-damage|p2a: Salazzle|18/249\n|move|p2a: Salazzle|Flamethrower|p1a: Luvdisc\n|-end|p1a: Luvdisc|Substitute\n|\n|-heal|p2a: Salazzle|33/249|[from] item: Leftovers\n|upkeep\n|turn|20\n|inactive|Time left: 300 sec this turn | 300 sec total\n|\n|t:|1783574021\n|move|p2a: Salazzle|Protect|p2a: Salazzle\n|-singleturn|p2a: Salazzle|Protect\n|move|p1a: Luvdisc|Surf|p2a: Salazzle\n|-activate|p2a: Salazzle|move: Protect\n|\n|-heal|p2a: Salazzle|48/249|[from] item: Leftovers\n|upkeep\n|turn|21\n|inactive|Time left: 300 sec this turn | 300 sec total\n|\n|t:|1783574021\n|move|p2a: Salazzle|Protect|p2a: Salazzle\n|-singleturn|p2a: Salazzle|Protect\n|move|p1a: Luvdisc|Surf|p2a: Salazzle\n|-activate|p2a: Salazzle|move: Protect\n|\n|-heal|p2a: Salazzle|63/249|[from] item: Leftovers\n|upkeep\n|turn|22\n|inactive|Time left: 300 sec this turn | 300 sec total\n|\n|t:|1783574022\n|move|p2a: Salazzle|Protect||[still]\n|-fail|p2a: Salazzle\n|move|p1a: Luvdisc|Surf|p2a: Salazzle\n|-supereffective|p2a: Salazzle\n|-damage|p2a: Salazzle|0 fnt\n|faint|p2a: Salazzle\n|\n|win|p0x2953cdf5", "uploadtime": 1783574022, "views": 0, "rating": 0, "private": 0, "password": null, "_winner": "p0x2953cdf5", "_our_name": "p0y29535042"}