{"id": "battle-gen9randombattle-640", "formatid": "gen9randombattle", "format": "[Gen 9] Random Battle", "players": ["p0x6400520", "p0y64099c7"], "log": "|init|battle\n|title|p0x6400520 vs. p0y64099c7\n|j|\u2606p0x6400520\n|j|\u2606p0y64099c7\n|t:|1783547237\n|gametype|singles\n|player|p1|p0x6400520|265|\n|player|p2|p0y64099c7|265|\n|gen|9\n|tier|[Gen 9] Random Battle\n|rule|Species Clause: Limit one of each Pok\u00e9mon\n|rule|HP Percentage Mod: HP is shown in percentages\n|rule|Sleep Clause Mod: Limit one foe put to sleep\n|rule|Illusion Level Mod: Illusion disguises the Pok\u00e9mon's true level\n|\n|t:|1783547237\n|teamsize|p1|6\n|teamsize|p2|6\n|start\n|switch|p1a: Araquanid|Araquanid, L82, M|246/246\n|switch|p2a: Skeledirge|Skeledirge, L79, F|100/100\n|turn|1\n|inactive|Battle timer is ON: inactive players will automatically lose when time's up. (requested by p0x6400520)\n|inactive|p0y64099c7 also wants the timer to be on.\n|\n|t:|1783547239\n|switch|p2a: Cramorant|Cramorant, L86, F|100/100\n|move|p1a: Araquanid|Sticky Web|p2a: Cramorant\n|-sidestart|p2: p0y64099c7|move: Sticky Web\n|\n|upkeep\n|turn|2\n|inactive|Time left: 300 sec this turn | 300 sec total\n|\n|t:|1783547240\n|switch|p1a: Empoleon|Empoleon, L84, M|278/278\n|move|p2a: Cramorant|Defog|p1a: Empoleon\n|-unboost|p1a: Empoleon|evasion|1\n|-ability|p1a: Empoleon|Competitive|boost\n|-boost|p1a: Empoleon|spa|2\n|-sideend|p2: p0y64099c7|Sticky Web|[from] move: Defog|[of] p2a: Cramorant\n|\n|upkeep\n|turn|3\n|inactive|Time left: 300 sec this turn | 300 sec total\n|\n|t:|1783547242\n|move|p2a: Cramorant|Brave Bird|p1a: Empoleon\n|-resisted|p1a: Empoleon\n|-damage|p1a: Empoleon|221/278\n|-damage|p2a: Cramorant|93/100|[from] Recoil\n|move|p1a: Empoleon|Surf|p2a: Cramorant\n|-resisted|p2a: Cramorant\n|-damage|p2a: Cramorant|58/100\n|\n|-heal|p1a: Empoleon|238/278|[from] item: Leftovers\n|upkeep\n|turn|4\n|inactive|Time left: 300 sec this turn | 300 sec total\n|\n|t:|1783547243\n|move|p2a: Cramorant|Roost|p2a: Cramorant\n|-heal|p2a: Cramorant|100/100\n|-singleturn|p2a: Cramorant|move: Roost\n|move|p1a: Empoleon|Surf|p2a: Cramorant\n|-resisted|p2a: Cramorant\n|-damage|p2a: Cramorant|62/100\n|\n|-heal|p1a: Empoleon|255/278|[from] item: Leftovers\n|upkeep\n|turn|5\n|inactive|Time left: 300 sec this turn | 300 sec total\n|\n|t:|1783547244\n|move|p2a: Cramorant|Roost|p2a: Cramorant\n|-heal|p2a: Cramorant|100/100\n|-singleturn|p2a: Cramorant|move: Roost\n|move|p1a: Empoleon|Surf|p2a: Cramorant\n|-resisted|p2a: Cramorant\n|-damage|p2a: Cramorant|63/100\n|\n|-heal|p1a: Empoleon|272/278|[from] item: Leftovers\n|upkeep\n|turn|6\n|inactive|Time left: 300 sec this turn | 300 sec total\n|\n|t:|1783547245\n|move|p2a: Cramorant|Roost|p2a: Cramorant\n|-heal|p2a: Cramorant|100/100\n|-singleturn|p2a: Cramorant|move: Roost\n|move|p1a: Empoleon|Surf|p2a: Cramorant\n|-resisted|p2a: Cramorant\n|-damage|p2a: Cramorant|64/100\n|\n|-heal|p1a: Empoleon|278/278|[from] item: Leftovers\n|upkeep\n|turn|7\n|inactive|Time left: 300 sec this turn | 300 sec total\n|\n|t:|1783547247\n|move|p2a: Cramorant|Roost|p2a: Cramorant\n|-heal|p2a: Cramorant|100/100\n|-singleturn|p2a: Cramorant|move: Roost\n|move|p1a: Empoleon|Surf|p2a: Cramorant\n|-resisted|p2a: Cramorant\n|-damage|p2a: Cramorant|65/100\n|\n|upkeep\n|turn|8\n|inactive|Time left: 300 sec this turn | 300 sec total\n|\n|t:|1783547248\n|move|p2a: Cramorant|Roost|p2a: Cramorant\n|-heal|p2a: Cramorant|100/100\n|-singleturn|p2a: Cramorant|move: Roost\n|move|p1a: Empoleon|Ice Beam|p2a: Cramorant\n|-resisted|p2a: Cramorant\n|-damage|p2a: Cramorant|76/100\n|\n|upkeep\n|turn|9\n|inactive|Time left: 300 sec this turn | 300 sec total\n|\n|t:|1783547249\n|move|p2a: Cramorant|Roost|p2a: Cramorant\n|-heal|p2a: Cramorant|100/100\n|-singleturn|p2a: Cramorant|move: Roost\n|move|p1a: Empoleon|Ice Beam|p2a: Cramorant\n|-resisted|p2a: Cramorant\n|-damage|p2a: Cramorant|74/100\n|\n|upkeep\n|turn|10\n|inactive|Time left: 300 sec this turn | 300 sec total\n|\n|t:|1783547250\n|move|p2a: Cramorant|Roost|p2a: Cramorant\n|-heal|p2a: Cramorant|100/100\n|-singleturn|p2a: Cramorant|move: Roost\n|move|p1a: Empoleon|Surf|p2a: Cramorant\n|-resisted|p2a: Cramorant\n|-damage|p2a: Cramorant|60/100\n|\n|upkeep\n|turn|11\n|inactive|Time left: 300 sec this turn | 300 sec total\n|\n|t:|1783547251\n|move|p2a: Cramorant|Roost|p2a: Cramorant\n|-heal|p2a: Cramorant|100/100\n|-singleturn|p2a: Cramorant|move: Roost\n|move|p1a: Empoleon|Surf|p2a: Cramorant\n|-resisted|p2a: Cramorant\n|-damage|p2a: Cramorant|61/100\n|\n|upkeep\n|turn|12\n|inactive|Time left: 300 sec this turn | 300 sec total\n|\n|t:|1783547253\n|move|p2a: Cramorant|Surf|p1a: Empoleon\n|-formechange|p2a: Cramorant|Cramorant-Gulping|\n|-resisted|p1a: Empoleon\n|-damage|p1a: Empoleon|239/278\n|move|p1a: Empoleon|Surf|p2a: Cramorant\n|-resisted|p2a: Cramorant\n|-damage|p2a: Cramorant|25/100\n|-damage|p1a: Empoleon|170/278|[from] ability: Gulp Missile|[of] p2a: Cramorant\n|-unboost|p1a: Empoleon|def|1\n|-ability|p1a: Empoleon|Competitive|boost\n|-boost|p1a: Empoleon|spa|2\n|-formechange|p2a: Cramorant|Cramorant|\n|\n|-heal|p1a: Empoleon|187/278|[from] item: Leftovers\n|upkeep\n|turn|13\n|inactive|Time left: 300 sec this turn | 300 sec total\n|\n|t:|1783547254\n|move|p2a: Cramorant|Surf|p1a: Empoleon\n|-formechange|p2a: Cramorant|Cramorant-Gorging|\n|-resisted|p1a: Empoleon\n|-damage|p1a: Empoleon|147/278\n|move|p1a: Empoleon|Roost|p1a: Empoleon\n|-heal|p1a: Empoleon|278/278\n|-singleturn|p1a: Empoleon|move: Roost\n|\n|upkeep\n|turn|14\n|inactive|Time left: 300 sec this turn | 300 sec total\n|\n|t:|1783547255\n|move|p2a: Cramorant|Brave Bird|p1a: Empoleon\n|-resisted|p1a: Empoleon\n|-damage|p1a: Empoleon|194/278\n|-damage|p2a: Cramorant|14/100|[from] Recoil\n|move|p1a: Empoleon|Roost|p1a: Empoleon\n|-heal|p1a: Empoleon|278/278\n|-singleturn|p1a: Empoleon|move: Roost\n|\n|upkeep\n|turn|15\n|inactive|Time left: 300 sec this turn | 300 sec total\n|\n|t:|1783547256\n|move|p2a: Cramorant|Brave Bird|p1a: Empoleon\n|-resisted|p1a: Empoleon\n|-damage|p1a: Empoleon|180/278\n|-damage|p2a: Cramorant|2/100|[from] Recoil\n|move|p1a: Empoleon|Roost|p1a: Empoleon\n|-heal|p1a: Empoleon|278/278\n|-singleturn|p1a: Empoleon|move: Roost\n|\n|upkeep\n|turn|16\n|inactive|Time left: 300 sec this turn | 300 sec total\n|\n|t:|1783547257\n|move|p2a: Cramorant|Surf|p1a: Empoleon\n|-resisted|p1a: Empoleon\n|-damage|p1a: Empoleon|239/278\n|move|p1a: Empoleon|Surf|p2a: Cramorant\n|-resisted|p2a: Cramorant\n|-damage|p2a: Cramorant|0 fnt\n|-damage|p1a: Empoleon|170/278|[from] ability: Gulp Missile|[of] p2a: Cramorant\n|-status|p1a: Empoleon|par\n|-formechange|p2a: Cramorant|Cramorant|\n|faint|p2a: Cramorant\n|\n|-heal|p1a: Empoleon|187/278 par|[from] item: Leftovers\n|upkeep\n|\n|t:|1783547258\n|switch|p2a: Ampharos|Ampharos, L88, F|100/100\n|turn|17\n|inactive|Time left: 300 sec this turn | 300 sec total\n|\n|t:|1783547260\n|-terastallize|p1a: Empoleon|Grass\n|move|p2a: Ampharos|Thunderbolt|p1a: Empoleon\n|-resisted|p1a: Empoleon\n|-damage|p1a: Empoleon|121/278 par\n|-damage|p2a: Ampharos|91/100|[from] item: Life Orb\n|move|p1a: Empoleon|Surf|p2a: Ampharos\n|-damage|p2a: Ampharos|0 fnt\n|faint|p2a: Ampharos\n|\n|-heal|p1a: Empoleon|138/278 par|[from] item: Leftovers\n|upkeep\n|\n|t:|1783547261\n|switch|p2a: Skeledirge|Skeledirge, L79, F|100/100\n|turn|18\n|inactive|Time left: 300 sec this turn | 300 sec total\n|\n|t:|1783547262\n|switch|p1a: Araquanid|Araquanid, L82, M|246/246\n|move|p2a: Skeledirge|Torch Song|p1a: Araquanid\n|-damage|p1a: Araquanid|215/246\n|-boost|p2a: Skeledirge|spa|1\n|\n|upkeep\n|turn|19\n|inactive|Time left: 300 sec this turn | 300 sec total\n|\n|t:|1783547263\n|-terastallize|p2a: Skeledirge|Water\n|move|p2a: Skeledirge|Torch Song|p1a: Araquanid\n|-crit|p1a: Araquanid\n|-damage|p1a: Araquanid|149/246\n|-boost|p2a: Skeledirge|spa|1\n|move|p1a: Araquanid|Liquidation|p2a: Skeledirge\n|-resisted|p2a: Skeledirge\n|-damage|p2a: Skeledirge|78/100\n|\n|upkeep\n|turn|20\n|inactive|Time left: 300 sec this turn | 300 sec total\n|\n|t:|1783547264\n|move|p2a: Skeledirge|Torch Song|p1a: Araquanid\n|-damage|p1a: Araquanid|88/246\n|-boost|p2a: Skeledirge|spa|1\n|move|p1a: Araquanid|Sticky Web|p2a: Skeledirge\n|-sidestart|p2: p0y64099c7|move: Sticky Web\n|\n|upkeep\n|turn|21\n|inactive|Time left: 300 sec this turn | 300 sec total\n|\n|t:|1783547265\n|switch|p1a: Iron Thorns|Iron Thorns, L83|302/302\n|-item|p1a: Iron Thorns|Air Balloon\n|move|p2a: Skeledirge|Torch Song|p1a: Iron Thorns\n|-resisted|p1a: Iron Thorns\n|-damage|p1a: Iron Thorns|185/302\n|-boost|p2a: Skeledirge|spa|1\n|-enditem|p1a: Iron Thorns|Air Balloon\n|\n|upkeep\n|turn|22\n|inactive|Time left: 300 sec this turn | 300 sec total\n|\n|t:|1783547266\n|switch|p2a: Rhydon|Rhydon, L85, F|100/100\n|-activate|p2a: Rhydon|move: Sticky Web\n|-unboost|p2a: Rhydon|spe|1\n|move|p1a: Iron Thorns|Wild Charge|p2a: Rhydon\n|-ability|p2a: Rhydon|Lightning Rod|boost\n|-boost|p2a: Rhydon|spa|1\n|\n|upkeep\n|turn|23\n|inactive|Time left: 300 sec this turn | 300 sec total\n|\n|t:|1783547268\n|-end|p1a: Iron Thorns|Quark Drive|[silent]\n|switch|p1a: Empoleon|Empoleon, L84, M, tera:Grass|138/278 par\n|move|p2a: Rhydon|Earthquake|p1a: Empoleon\n|-resisted|p1a: Empoleon\n|-crit|p1a: Empoleon\n|-damage|p1a: Empoleon|42/278 par\n|\n|-heal|p1a: Empoleon|59/278 par|[from] item: Leftovers\n|upkeep\n|turn|24\n|inactive|Time left: 300 sec this turn | 300 sec total\n|\n|t:|1783547269\n|move|p2a: Rhydon|Earthquake|p1a: Empoleon\n|-resisted|p1a: Empoleon\n|-damage|p1a: Empoleon|0 fnt\n|faint|p1a: Empoleon\n|\n|upkeep\n|inactive|Time left: 300 sec this turn | 300 sec total | 5 sec grace\n|\n|t:|1783547270\n|switch|p1a: Araquanid|Araquanid, L82, M|88/246\n|turn|25\n|inactive|Time left: 300 sec this turn | 300 sec total\n|\n|t:|1783547271\n|switch|p2a: Skeledirge|Skeledirge, L79, F, tera:Water|78/100\n|move|p1a: Araquanid|Liquidation|p2a: Skeledirge\n|-resisted|p2a: Skeledirge\n|-damage|p2a: Skeledirge|56/100\n|\n|upkeep\n|turn|26\n|inactive|Time left: 300 sec this turn | 300 sec total\n|\n|t:|1783547272\n|move|p2a: Skeledirge|Slack Off|p2a: Skeledirge\n|-heal|p2a: Skeledirge|100/100\n|move|p1a: Araquanid|Leech Life|p2a: Skeledirge\n|-damage|p2a: Skeledirge|78/100\n|-heal|p1a: Araquanid|121/246|[from] drain|[of] p2a: Skeledirge\n|\n|upkeep\n|turn|27\n|inactive|Time left: 300 sec this turn | 300 sec total\n|\n|t:|1783547273\n|move|p2a: Skeledirge|Torch Song|p1a: Araquanid\n|-damage|p1a: Araquanid|91/246\n|-boost|p2a: Skeledirge|spa|1\n|move|p1a: Araquanid|Leech Life|p2a: Skeledirge\n|-damage|p2a: Skeledirge|56/100\n|-heal|p1a: Araquanid|124/246|[from] drain|[of] p2a: Skeledirge\n|\n|upkeep\n|turn|28\n|inactive|Time left: 300 sec this turn | 300 sec total\n|\n|t:|1783547274\n|move|p2a: Skeledirge|Slack Off|p2a: Skeledirge\n|-heal|p2a: Skeledirge|100/100\n|move|p1a: Araquanid|Leech Life|p2a: Skeledirge\n|-damage|p2a: Skeledirge|80/100\n|-heal|p1a: Araquanid|155/246|[from] drain|[of] p2a: Skeledirge\n|\n|upkeep\n|turn|29\n|inactive|Time left: 300 sec this turn | 300 sec total\n|\n|t:|1783547275\n|move|p2a: Skeledirge|Torch Song|p1a: Araquanid\n|-damage|p1a: Araquanid|110/246\n|-boost|p2a: Skeledirge|spa|1\n|move|p1a: Araquanid|Leech Life|p2a: Skeledirge\n|-crit|p2a: Skeledirge\n|-damage|p2a: Skeledirge|51/100\n|-heal|p1a: Araquanid|153/246|[from] drain|[of] p2a: Skeledirge\n|\n|upkeep\n|turn|30\n|inactive|Time left: 300 sec this turn | 300 sec total\n|\n|t:|1783547276\n|move|p2a: Skeledirge|Slack Off|p2a: Skeledirge\n|-heal|p2a: Skeledirge|100/100\n|move|p1a: Araquanid|Mirror Coat||[still]\n|-fail|p1a: Araquanid\n|\n|upkeep\n|turn|31\n|inactive|Time left: 300 sec this turn | 300 sec total\n|\n|t:|1783547277\n|move|p2a: Skeledirge|Torch Song|p1a: Araquanid\n|-damage|p1a: Araquanid|93/246\n|-boost|p2a: Skeledirge|spa|1\n|move|p1a: Araquanid|Mirror Coat|p2a: Skeledirge\n|-damage|p2a: Skeledirge|60/100\n|\n|upkeep\n|turn|32\n|inactive|Time left: 300 sec this turn | 300 sec total\n|\n|t:|1783547278\n|switch|p1a: Iron Thorns|Iron Thorns, L83|185/302\n|move|p2a: Skeledirge|Slack Off|p2a: Skeledirge\n|-heal|p2a: Skeledirge|100/100\n|\n|upkeep\n|turn|33\n|inactive|Time left: 300 sec this turn | 300 sec total\n|\n|t:|1783547279\n|move|p1a: Iron Thorns|Wild Charge|p2a: Skeledirge\n|-supereffective|p2a: Skeledirge\n|-damage|p2a: Skeledirge|22/100\n|-damage|p1a: Iron Thorns|127/302|[from] Recoil\n|move|p2a: Skeledirge|Hex|p1a: Iron Thorns\n|-damage|p1a: Iron Thorns|0 fnt\n|faint|p1a: Iron Thorns\n|-end|p1a: Iron Thorns|Quark Drive|[silent]\n|\n|upkeep\n|inactive|Time left: 300 sec this turn | 300 sec total | 5 sec grace\n|\n|t:|1783547280\n|switch|p1a: Regidrago|Regidrago, L77|435/435\n|turn|34\n|inactive|Time left: 300 sec this turn | 300 sec total\n|\n|t:|1783547281\n|switch|p2a: Rhydon|Rhydon, L85, F|100/100\n|-activate|p2a: Rhydon|move: Sticky Web\n|-unboost|p2a: Rhydon|spe|1\n|move|p1a: Regidrago|Dragon Claw|p2a: Rhydon\n|-damage|p2a: Rhydon|78/100\n|-damage|p1a: Regidrago|392/435|[from] item: Life Orb\n|\n|upkeep\n|turn|35\n|inactive|Time left: 300 sec this turn | 300 sec total\n|\n|t:|1783547282\n|move|p1a: Regidrago|Earthquake|p2a: Rhydon\n|-supereffective|p2a: Rhydon\n|-damage|p2a: Rhydon|50/100\n|-damage|p1a: Regidrago|349/435|[from] item: Life Orb\n|move|p2a: Rhydon|Earthquake|p1a: Regidrago\n|-damage|p1a: Regidrago|126/435\n|\n|upkeep\n|turn|36\n|inactive|Time left: 300 sec this turn | 300 sec total\n|\n|t:|1783547284\n|move|p1a: Regidrago|Dragon Claw|p2a: Rhydon\n|-damage|p2a: Rhydon|24/100\n|-damage|p1a: Regidrago|83/435|[from] item: Life Orb\n|move|p2a: Rhydon|Megahorn|p1a: Regidrago\n|-damage|p1a: Regidrago|0 fnt\n|faint|p1a: Regidrago\n|\n|upkeep\n|inactive|Time left: 300 sec this turn | 300 sec total | 5 sec grace\n|\n|t:|1783547285\n|switch|p1a: Stonjourner|Stonjourner, L91, F|330/330\n|turn|37\n|inactive|Time left: 300 sec this turn | 300 sec total\n|\n|t:|1783547286\n|move|p1a: Stonjourner|Earthquake|p2a: Rhydon\n|-supereffective|p2a: Rhydon\n|-damage|p2a: Rhydon|0 fnt\n|faint|p2a: Rhydon\n|-damage|p1a: Stonjourner|297/330|[from] item: Life Orb\n|\n|upkeep\n|\n|t:|1783547287\n|switch|p2a: Regidrago|Regidrago, L77|100/100\n|-activate|p2a: Regidrago|move: Sticky Web\n|-unboost|p2a: Regidrago|spe|1\n|turn|38\n|inactive|Time left: 300 sec this turn | 300 sec total\n|\n|t:|1783547288\n|move|p1a: Stonjourner|Stone Edge|p2a: Regidrago\n|-damage|p2a: Regidrago|25/100\n|-damage|p1a: Stonjourner|264/330|[from] item: Life Orb\n|move|p2a: Regidrago|Dragon Claw|p1a: Stonjourner\n|-damage|p1a: Stonjourner|177/330\n|-damage|p2a: Regidrago|15/100|[from] item: Life Orb\n|\n|upkeep\n|turn|39\n|inactive|Time left: 300 sec this turn | 300 sec total\n|\n|t:|1783547289\n|move|p1a: Stonjourner|Earthquake|p2a: Regidrago\n|-damage|p2a: Regidrago|0 fnt\n|faint|p2a: Regidrago\n|-damage|p1a: Stonjourner|144/330|[from] item: Life Orb\n|\n|upkeep\n|\n|t:|1783547290\n|switch|p2a: Glalie|Glalie, L96, M|100/100\n|turn|40\n|inactive|Time left: 300 sec this turn | 300 sec total\n|\n|t:|1783547291\n|move|p2a: Glalie|Freeze-Dry|p1a: Stonjourner\n|-damage|p1a: Stonjourner|0 fnt\n|faint|p1a: Stonjourner\n|\n|upkeep\n|inactive|Time left: 300 sec this turn | 300 sec total | 5 sec grace\n|\n|t:|1783547291\n|switch|p1a: Altaria|Altaria, L89, F|278/278\n|turn|41\n|inactive|Time left: 300 sec this turn | 300 sec total\n|\n|t:|1783547292\n|switch|p1a: Araquanid|Araquanid, L82, M|93/246\n|move|p2a: Glalie|Freeze-Dry|p1a: Araquanid\n|-supereffective|p1a: Araquanid\n|-damage|p1a: Araquanid|0 fnt\n|faint|p1a: Araquanid\n|\n|upkeep\n|inactive|Time left: 300 sec this turn | 300 sec total | 5 sec grace\n|\n|t:|1783547293\n|switch|p1a: Altaria|Altaria, L89, F|278/278\n|turn|42\n|inactive|Time left: 300 sec this turn | 300 sec total\n|\n|t:|1783547294\n|move|p2a: Glalie|Freeze-Dry|p1a: Altaria\n|-supereffective|p1a: Altaria\n|-damage|p1a: Altaria|0 fnt\n|faint|p1a: Altaria\n|\n|win|p0y64099c7", "uploadtime": 1783547294, "views": 0, "rating": 0, "private": 0, "password": null, "_winner": "p0y64099c7", "_our_name": "p0x6400520"}