{"id": "battle-gen9randombattle-2688", "formatid": "gen9randombattle", "format": "[Gen 9] Random Battle", "players": ["p0x2688c4c9", "p0y268867d7"], "log": "|init|battle\n|title|p0x2688c4c9 vs. p0y268867d7\n|j|\u2606p0x2688c4c9\n|j|\u2606p0y268867d7\n|t:|1783570014\n|gametype|singles\n|player|p1|p0x2688c4c9|266|\n|player|p2|p0y268867d7|2|\n|gen|9\n|tier|[Gen 9] Random Battle\n|rule|Species Clause: Limit one of each Pok\u00e9mon\n|rule|HP Percentage Mod: HP is shown in percentages\n|rule|Sleep Clause Mod: Limit one foe put to sleep\n|rule|Illusion Level Mod: Illusion disguises the Pok\u00e9mon's true level\n|\n|t:|1783570014\n|teamsize|p1|6\n|teamsize|p2|6\n|start\n|switch|p1a: Ninetales|Ninetales-Alola, L78, M|242/242\n|switch|p2a: Iron Thorns|Iron Thorns, L83|100/100\n|-weather|Snowscape|[from] ability: Snow Warning|[of] p1a: Ninetales\n|turn|1\n|inactive|Battle timer is ON: inactive players will automatically lose when time's up. (requested by p0x2688c4c9)\n|inactive|p0y268867d7 also wants the timer to be on.\n|\n|t:|1783570015\n|move|p1a: Ninetales|Aurora Veil|p1a: Ninetales\n|-sidestart|p1: p0x2688c4c9|move: Aurora Veil\n|move|p2a: Iron Thorns|Stone Edge|p1a: Ninetales\n|-supereffective|p1a: Ninetales\n|-damage|p1a: Ninetales|128/242\n|\n|-weather|Snowscape|[upkeep]\n|upkeep\n|turn|2\n|inactive|Time left: 300 sec this turn | 300 sec total\n|\n|t:|1783570016\n|switch|p1a: Pecharunt|Pecharunt, L77|262/262\n|move|p2a: Iron Thorns|Stone Edge|p1a: Pecharunt\n|-damage|p1a: Pecharunt|217/262\n|\n|-weather|Snowscape|[upkeep]\n|-heal|p1a: Pecharunt|233/262|[from] item: Leftovers\n|upkeep\n|turn|3\n|inactive|Time left: 300 sec this turn | 300 sec total\n|\n|t:|1783570017\n|move|p1a: Pecharunt|Nasty Plot|p1a: Pecharunt\n|-boost|p1a: Pecharunt|spa|2\n|move|p2a: Iron Thorns|Spikes|p1a: Pecharunt\n|-sidestart|p1: p0x2688c4c9|Spikes\n|\n|-weather|Snowscape|[upkeep]\n|-heal|p1a: Pecharunt|249/262|[from] item: Leftovers\n|upkeep\n|turn|4\n|inactive|Time left: 300 sec this turn | 300 sec total\n|\n|t:|1783570018\n|move|p1a: Pecharunt|Malignant Chain|p2a: Iron Thorns\n|-resisted|p2a: Iron Thorns\n|-damage|p2a: Iron Thorns|73/100\n|-status|p2a: Iron Thorns|tox\n|-start|p2a: Iron Thorns|confusion|[from] ability: Poison Puppeteer|[of] p1a: Pecharunt\n|-activate|p2a: Iron Thorns|confusion\n|move|p2a: Iron Thorns|Spikes|p1a: Pecharunt\n|-sidestart|p1: p0x2688c4c9|Spikes\n|\n|-weather|Snowscape|[upkeep]\n|-heal|p1a: Pecharunt|262/262|[from] item: Leftovers\n|-damage|p2a: Iron Thorns|67/100 tox|[from] psn\n|upkeep\n|turn|5\n|inactive|Time left: 300 sec this turn | 300 sec total\n|\n|t:|1783570019\n|-end|p2a: Iron Thorns|Quark Drive|[silent]\n|switch|p2a: Kingambit|Kingambit, L74, F|100/100\n|move|p1a: Pecharunt|Shadow Ball|p2a: Kingambit\n|-resisted|p2a: Kingambit\n|-damage|p2a: Kingambit|72/100\n|\n|-weather|none\n|-heal|p2a: Kingambit|78/100|[from] item: Leftovers\n|upkeep\n|turn|6\n|inactive|Time left: 300 sec this turn | 300 sec total\n|\n|t:|1783570020\n|move|p1a: Pecharunt|Shadow Ball|p2a: Kingambit\n|-resisted|p2a: Kingambit\n|-crit|p2a: Kingambit\n|-damage|p2a: Kingambit|35/100\n|move|p2a: Kingambit|Swords Dance|p2a: Kingambit\n|-boost|p2a: Kingambit|atk|2\n|\n|-heal|p2a: Kingambit|40/100|[from] item: Leftovers\n|upkeep\n|turn|7\n|inactive|Time left: 300 sec this turn | 300 sec total\n|\n|t:|1783570021\n|move|p1a: Pecharunt|Shadow Ball|p2a: Kingambit\n|-resisted|p2a: Kingambit\n|-damage|p2a: Kingambit|14/100\n|move|p2a: Kingambit|Kowtow Cleave|p1a: Pecharunt\n|-supereffective|p1a: Pecharunt\n|-damage|p1a: Pecharunt|139/262\n|\n|-heal|p1a: Pecharunt|155/262|[from] item: Leftovers\n|-heal|p2a: Kingambit|20/100|[from] item: Leftovers\n|upkeep\n|turn|8\n|inactive|Time left: 300 sec this turn | 300 sec total\n|\n|t:|1783570022\n|move|p2a: Kingambit|Sucker Punch|p1a: Pecharunt\n|-supereffective|p1a: Pecharunt\n|-damage|p1a: Pecharunt|58/262\n|move|p1a: Pecharunt|Shadow Ball|p2a: Kingambit\n|-resisted|p2a: Kingambit\n|-damage|p2a: Kingambit|0 fnt\n|faint|p2a: Kingambit\n|-end|p2a: Kingambit|fallenundefined|[silent]\n|\n|-heal|p1a: Pecharunt|74/262|[from] item: Leftovers\n|-sideend|p1: p0x2688c4c9|move: Aurora Veil\n|upkeep\n|\n|t:|1783570023\n|switch|p2a: Manaphy|Manaphy, L78|100/100\n|turn|9\n|inactive|Time left: 300 sec this turn | 300 sec total\n|\n|t:|1783570025\n|move|p2a: Manaphy|Surf|p1a: Pecharunt\n|-damage|p1a: Pecharunt|0 fnt\n|faint|p1a: Pecharunt\n|\n|upkeep\n|inactive|Time left: 300 sec this turn | 300 sec total | 5 sec grace\n|\n|t:|1783570025\n|switch|p1a: Ninetales|Ninetales-Alola, L78, M|128/242\n|-damage|p1a: Ninetales|88/242|[from] Spikes\n|-weather|Snowscape|[from] ability: Snow Warning|[of] p1a: Ninetales\n|turn|10\n|inactive|Time left: 300 sec this turn | 300 sec total\n|\n|t:|1783570026\n|move|p1a: Ninetales|Aurora Veil|p1a: Ninetales\n|-sidestart|p1: p0x2688c4c9|move: Aurora Veil\n|move|p2a: Manaphy|Tail Glow|p2a: Manaphy\n|-boost|p2a: Manaphy|spa|3\n|\n|-weather|Snowscape|[upkeep]\n|upkeep\n|turn|11\n|inactive|Time left: 300 sec this turn | 300 sec total\n|\n|t:|1783570027\n|move|p1a: Ninetales|Freeze-Dry|p2a: Manaphy\n|-supereffective|p2a: Manaphy\n|-damage|p2a: Manaphy|60/100\n|move|p2a: Manaphy|Surf|p1a: Ninetales\n|-damage|p1a: Ninetales|0 fnt\n|faint|p1a: Ninetales\n|\n|-weather|Snowscape|[upkeep]\n|-heal|p2a: Manaphy|66/100|[from] item: Leftovers\n|upkeep\n|inactive|Time left: 300 sec this turn | 300 sec total | 5 sec grace\n|\n|t:|1783570028\n|switch|p1a: Indeedee|Indeedee-F, L90, F|272/272\n|-damage|p1a: Indeedee|227/272|[from] Spikes\n|-fieldstart|move: Psychic Terrain|[from] ability: Psychic Surge|[of] p1a: Indeedee\n|turn|12\n|inactive|Time left: 300 sec this turn | 300 sec total\n|\n|t:|1783570029\n|move|p1a: Indeedee|Psyshock|p2a: Manaphy\n|-damage|p2a: Manaphy|6/100\n|move|p2a: Manaphy|Surf|p1a: Indeedee\n|-damage|p1a: Indeedee|145/272\n|\n|-weather|Snowscape|[upkeep]\n|-heal|p2a: Manaphy|12/100|[from] item: Leftovers\n|upkeep\n|turn|13\n|inactive|Time left: 300 sec this turn | 300 sec total\n|\n|t:|1783570031\n|switch|p2a: Scrafty|Scrafty, L83, M|100/100\n|move|p1a: Indeedee|Psyshock|p2a: Scrafty\n|-immune|p2a: Scrafty\n|\n|-weather|Snowscape|[upkeep]\n|upkeep\n|turn|14\n|inactive|Time left: 300 sec this turn | 300 sec total\n|\n|t:|1783570031\n|switch|p1a: Primarina|Primarina, L83, M|268/268\n|-damage|p1a: Primarina|224/268|[from] Spikes\n|move|p2a: Scrafty|Bulk Up|p2a: Scrafty\n|-boost|p2a: Scrafty|atk|1\n|-boost|p2a: Scrafty|def|1\n|\n|-weather|none\n|-heal|p1a: Primarina|240/268|[from] item: Leftovers\n|upkeep\n|turn|15\n|inactive|Time left: 300 sec this turn | 300 sec total\n|\n|t:|1783570032\n|move|p1a: Primarina|Moonblast|p2a: Scrafty\n|-supereffective|p2a: Scrafty\n|-damage|p2a: Scrafty|0 fnt\n|faint|p2a: Scrafty\n|\n|-heal|p1a: Primarina|256/268|[from] item: Leftovers\n|upkeep\n|\n|t:|1783570033\n|switch|p2a: Iron Thorns|Iron Thorns, L83|67/100 tox\n|turn|16\n|inactive|Time left: 300 sec this turn | 300 sec total\n|\n|t:|1783570034\n|move|p2a: Iron Thorns|Wild Charge|p1a: Primarina\n|-supereffective|p1a: Primarina\n|-damage|p1a: Primarina|105/268\n|-damage|p2a: Iron Thorns|54/100 tox|[from] Recoil\n|move|p1a: Primarina|Psychic Noise|p2a: Iron Thorns\n|-supereffective|p2a: Iron Thorns\n|-damage|p2a: Iron Thorns|0 fnt\n|faint|p2a: Iron Thorns\n|-end|p2a: Iron Thorns|Quark Drive|[silent]\n|\n|-heal|p1a: Primarina|121/268|[from] item: Leftovers\n|-fieldend|move: Psychic Terrain\n|upkeep\n|\n|t:|1783570035\n|switch|p2a: Manaphy|Manaphy, L78|12/100\n|turn|17\n|inactive|Time left: 300 sec this turn | 300 sec total\n|\n|t:|1783570036\n|move|p2a: Manaphy|Energy Ball|p1a: Primarina\n|-supereffective|p1a: Primarina\n|-damage|p1a: Primarina|73/268\n|move|p1a: Primarina|Draining Kiss|p2a: Manaphy\n|-damage|p2a: Manaphy|0 fnt\n|-heal|p1a: Primarina|98/268|[from] drain|[of] p2a: Manaphy\n|faint|p2a: Manaphy\n|\n|-heal|p1a: Primarina|114/268|[from] item: Leftovers\n|-sideend|p1: p0x2688c4c9|move: Aurora Veil\n|upkeep\n|\n|t:|1783570037\n|switch|p2a: Talonflame|Talonflame, L83, F|100/100\n|turn|18\n|inactive|Time left: 300 sec this turn | 300 sec total\n|\n|t:|1783570038\n|move|p2a: Talonflame|Brave Bird|p1a: Primarina\n|-damage|p1a: Primarina|0 fnt\n|faint|p1a: Primarina\n|-damage|p2a: Talonflame|86/100|[from] Recoil\n|\n|upkeep\n|inactive|Time left: 300 sec this turn | 300 sec total | 5 sec grace\n|\n|t:|1783570039\n|switch|p1a: Chi-Yu|Chi-Yu, L77|211/211\n|-damage|p1a: Chi-Yu|176/211|[from] Spikes\n|-ability|p1a: Chi-Yu|Beads of Ruin\n|turn|19\n|inactive|Time left: 300 sec this turn | 300 sec total\n|\n|t:|1783570040\n|-terastallize|p1a: Chi-Yu|Dark\n|move|p2a: Talonflame|Brave Bird|p1a: Chi-Yu\n|-damage|p1a: Chi-Yu|40/211\n|-damage|p2a: Talonflame|69/100|[from] Recoil\n|move|p1a: Chi-Yu|Dark Pulse|p2a: Talonflame\n|-damage|p2a: Talonflame|0 fnt\n|faint|p2a: Talonflame\n|\n|upkeep\n|\n|t:|1783570041\n|switch|p2a: Palkia|Palkia-Origin, L72|100/100\n|-ability|p2a: Palkia|Pressure\n|turn|20\n|inactive|Time left: 300 sec this turn | 300 sec total\n|\n|t:|1783570041\n|move|p2a: Palkia|Hydro Pump|p1a: Chi-Yu\n|-damage|p1a: Chi-Yu|0 fnt\n|faint|p1a: Chi-Yu\n|\n|upkeep\n|inactive|Time left: 300 sec this turn | 300 sec total | 5 sec grace\n|\n|t:|1783570042\n|switch|p1a: Shaymin|Shaymin, L82|298/298\n|-damage|p1a: Shaymin|249/298|[from] Spikes\n|turn|21\n|inactive|Time left: 300 sec this turn | 300 sec total\n|\n|t:|1783570043\n|-terastallize|p2a: Palkia|Fire\n|move|p2a: Palkia|Fire Blast|p1a: Shaymin\n|-supereffective|p1a: Shaymin\n|-crit|p1a: Shaymin\n|-damage|p1a: Shaymin|0 fnt\n|faint|p1a: Shaymin\n|\n|upkeep\n|inactive|Time left: 300 sec this turn | 300 sec total | 5 sec grace\n|\n|t:|1783570044\n|switch|p1a: Indeedee|Indeedee-F, L90, F|145/272\n|-damage|p1a: Indeedee|100/272|[from] Spikes\n|-fieldstart|move: Psychic Terrain|[from] ability: Psychic Surge|[of] p1a: Indeedee\n|turn|22\n|inactive|Time left: 300 sec this turn | 300 sec total\n|\n|t:|1783570045\n|move|p2a: Palkia|Draco Meteor|p1a: Indeedee\n|-damage|p1a: Indeedee|0 fnt\n|-unboost|p2a: Palkia|spa|2\n|faint|p1a: Indeedee\n|\n|win|p0y268867d7", "uploadtime": 1783570045, "views": 0, "rating": 0, "private": 0, "password": null, "_winner": "p0y268867d7", "_our_name": "p0x2688c4c9"}