{"id": "battle-gen9randombattle-1216", "formatid": "gen9randombattle", "format": "[Gen 9] Random Battle", "players": ["p0x1216a98b", "p0y1216f515"], "log": "|init|battle\n|title|p0x1216a98b vs. p0y1216f515\n|j|\u2606p0x1216a98b\n|j|\u2606p0y1216f515\n|t:|1783554088\n|gametype|singles\n|player|p1|p0x1216a98b|2|\n|player|p2|p0y1216f515|101|\n|gen|9\n|tier|[Gen 9] Random Battle\n|rule|Species Clause: Limit one of each Pok\u00e9mon\n|rule|HP Percentage Mod: HP is shown in percentages\n|rule|Sleep Clause Mod: Limit one foe put to sleep\n|rule|Illusion Level Mod: Illusion disguises the Pok\u00e9mon's true level\n|\n|t:|1783554088\n|teamsize|p1|6\n|teamsize|p2|6\n|start\n|switch|p1a: Iron Thorns|Iron Thorns, L83|302/302\n|switch|p2a: Palossand|Palossand, L89, M|100/100\n|-item|p1a: Iron Thorns|Air Balloon\n|turn|1\n|inactive|Battle timer is ON: inactive players will automatically lose when time's up. (requested by p0y1216f515)\n|inactive|Time left: 300 sec this turn | 300 sec total | 60 sec grace\n|inactive|p0x1216a98b also wants the timer to be on.\n|\n|t:|1783554089\n|move|p1a: Iron Thorns|Spikes|p2a: Palossand\n|-sidestart|p2: p0y1216f515|Spikes\n|move|p2a: Palossand|Shadow Ball|p1a: Iron Thorns\n|-damage|p1a: Iron Thorns|205/302\n|-enditem|p1a: Iron Thorns|Air Balloon\n|\n|upkeep\n|turn|2\n|inactive|Time left: 300 sec this turn | 300 sec total\n|\n|t:|1783554091\n|-end|p1a: Iron Thorns|Quark Drive|[silent]\n|switch|p1a: Noivern|Noivern, L82, M|274/274\n|move|p2a: Palossand|Earth Power|p1a: Noivern\n|-immune|p1a: Noivern\n|\n|upkeep\n|turn|3\n|inactive|Time left: 300 sec this turn | 300 sec total\n|\n|t:|1783554092\n|move|p1a: Noivern|Hurricane|p2a: Palossand\n|-damage|p2a: Palossand|43/100\n|move|p2a: Palossand|Sludge Bomb|p1a: Noivern\n|-damage|p1a: Noivern|187/274\n|\n|-heal|p2a: Palossand|49/100|[from] item: Leftovers\n|upkeep\n|turn|4\n|inactive|Time left: 300 sec this turn | 300 sec total\n|\n|t:|1783554093\n|switch|p2a: Probopass|Probopass, L91, M|100/100\n|-damage|p2a: Probopass|88/100|[from] Spikes\n|move|p1a: Noivern|Hurricane|p2a: Probopass\n|-resisted|p2a: Probopass\n|-damage|p2a: Probopass|79/100\n|\n|-heal|p2a: Probopass|85/100|[from] item: Leftovers\n|upkeep\n|turn|5\n|inactive|Time left: 300 sec this turn | 300 sec total\n|\n|t:|1783554094\n|move|p1a: Noivern|Hurricane|p2a: Probopass\n|-resisted|p2a: Probopass\n|-damage|p2a: Probopass|76/100\n|move|p2a: Probopass|Flash Cannon|p1a: Noivern\n|-damage|p1a: Noivern|103/274\n|\n|-heal|p2a: Probopass|82/100|[from] item: Leftovers\n|upkeep\n|turn|6\n|inactive|Time left: 300 sec this turn | 300 sec total\n|\n|t:|1783554095\n|move|p1a: Noivern|Hurricane|p2a: Probopass\n|-resisted|p2a: Probopass\n|-damage|p2a: Probopass|72/100\n|-start|p2a: Probopass|confusion\n|-activate|p2a: Probopass|confusion\n|-damage|p2a: Probopass|68/100|[from] confusion\n|\n|-heal|p2a: Probopass|74/100|[from] item: Leftovers\n|upkeep\n|turn|7\n|inactive|Time left: 300 sec this turn | 300 sec total\n|\n|t:|1783554096\n|move|p1a: Noivern|Hurricane|p2a: Probopass\n|-resisted|p2a: Probopass\n|-damage|p2a: Probopass|64/100\n|-activate|p2a: Probopass|confusion\n|move|p2a: Probopass|Flash Cannon|p1a: Noivern\n|-damage|p1a: Noivern|7/274\n|\n|-heal|p2a: Probopass|71/100|[from] item: Leftovers\n|upkeep\n|turn|8\n|inactive|Time left: 300 sec this turn | 300 sec total\n|\n|t:|1783554097\n|move|p1a: Noivern|Hurricane|p2a: Probopass\n|-resisted|p2a: Probopass\n|-damage|p2a: Probopass|62/100\n|-end|p2a: Probopass|confusion\n|move|p2a: Probopass|Body Press|p1a: Noivern\n|-resisted|p1a: Noivern\n|-damage|p1a: Noivern|0 fnt\n|faint|p1a: Noivern\n|\n|-heal|p2a: Probopass|68/100|[from] item: Leftovers\n|upkeep\n|inactive|Time left: 300 sec this turn | 300 sec total | 5 sec grace\n|\n|t:|1783554098\n|switch|p1a: Urshifu|Urshifu-Rapid-Strike, L75, M|274/274\n|turn|9\n|inactive|Time left: 300 sec this turn | 300 sec total\n|\n|t:|1783554099\n|switch|p2a: Toxicroak|Toxicroak, L84, M|100/100\n|-damage|p2a: Toxicroak|88/100|[from] Spikes\n|move|p1a: Urshifu|Swords Dance|p1a: Urshifu\n|-boost|p1a: Urshifu|atk|2\n|\n|upkeep\n|turn|10\n|inactive|Time left: 300 sec this turn | 300 sec total\n|\n|t:|1783554101\n|move|p2a: Toxicroak|Swords Dance|p2a: Toxicroak\n|-boost|p2a: Toxicroak|atk|2\n|move|p1a: Urshifu|Close Combat|p2a: Toxicroak\n|-resisted|p2a: Toxicroak\n|-damage|p2a: Toxicroak|8/100\n|-unboost|p1a: Urshifu|def|1\n|-unboost|p1a: Urshifu|spd|1\n|-damage|p1a: Urshifu|247/274|[from] item: Life Orb\n|\n|upkeep\n|turn|11\n|inactive|Time left: 300 sec this turn | 300 sec total\n|\n|t:|1783554102\n|switch|p1a: Iron Thorns|Iron Thorns, L83|205/302\n|move|p2a: Toxicroak|Close Combat|p1a: Iron Thorns\n|-supereffective|p1a: Iron Thorns\n|-damage|p1a: Iron Thorns|0 fnt\n|-unboost|p2a: Toxicroak|def|1\n|-unboost|p2a: Toxicroak|spd|1\n|faint|p1a: Iron Thorns\n|-end|p1a: Iron Thorns|Quark Drive|[silent]\n|-damage|p2a: Toxicroak|0 fnt|[from] item: Life Orb\n|faint|p2a: Toxicroak\n|\n|upkeep\n|inactive|Time left: 300 sec this turn | 300 sec total | 5 sec grace\n|\n|t:|1783554102\n|switch|p2a: Altaria|Altaria, L89, M|100/100\n|switch|p1a: Cinccino|Cinccino, L83, M|260/260\n|turn|12\n|inactive|Time left: 300 sec this turn | 300 sec total\n|\n|t:|1783554103\n|-terastallize|p2a: Altaria|Steel\n|move|p1a: Cinccino|Triple Axel|p2a: Altaria\n|-resisted|p2a: Altaria\n|-damage|p2a: Altaria|97/100\n|-resisted|p2a: Altaria\n|-damage|p2a: Altaria|89/100\n|-resisted|p2a: Altaria\n|-damage|p2a: Altaria|79/100\n|-hitcount|p2a: Altaria|3\n|move|p2a: Altaria|Brave Bird|p1a: Cinccino\n|-damage|p1a: Cinccino|110/260\n|-damage|p2a: Altaria|61/100|[from] Recoil\n|\n|upkeep\n|turn|13\n|inactive|Time left: 300 sec this turn | 300 sec total\n|\n|t:|1783554104\n|move|p1a: Cinccino|U-turn|p2a: Altaria\n|-resisted|p2a: Altaria\n|-damage|p2a: Altaria|53/100\n|inactive|Time left: 300 sec this turn | 300 sec total | 5 sec grace\n|\n|t:|1783554105\n|switch|p1a: Alomomola|Alomomola, L87, F|429/429|[from] U-turn\n|move|p2a: Altaria|Dragon Dance|p2a: Altaria\n|-boost|p2a: Altaria|atk|1\n|-boost|p2a: Altaria|spe|1\n|\n|upkeep\n|turn|14\n|inactive|Time left: 300 sec this turn | 300 sec total\n|\n|t:|1783554106\n|move|p2a: Altaria|Roost|p2a: Altaria\n|-heal|p2a: Altaria|100/100\n|move|p1a: Alomomola|Scald|p2a: Altaria\n|-damage|p2a: Altaria|87/100\n|-status|p2a: Altaria|brn\n|\n|-damage|p2a: Altaria|81/100 brn|[from] brn\n|upkeep\n|turn|15\n|inactive|Time left: 300 sec this turn | 300 sec total\n|\n|t:|1783554106\n|move|p2a: Altaria|Dragon Dance|p2a: Altaria\n|-boost|p2a: Altaria|atk|1\n|-boost|p2a: Altaria|spe|1\n|move|p1a: Alomomola|Flip Turn|p2a: Altaria\n|-damage|p2a: Altaria|61/100 brn\n|inactive|Time left: 300 sec this turn | 300 sec total | 5 sec grace\n|\n|t:|1783554107\n|switch|p1a: Urshifu|Urshifu-Rapid-Strike, L75, M|247/274|[from] Flip Turn\n|\n|-damage|p2a: Altaria|54/100 brn|[from] brn\n|upkeep\n|turn|16\n|inactive|Time left: 300 sec this turn | 300 sec total\n|\n|t:|1783554108\n|move|p2a: Altaria|Brave Bird|p1a: Urshifu\n|-supereffective|p1a: Urshifu\n|-damage|p1a: Urshifu|30/274\n|-damage|p2a: Altaria|29/100 brn|[from] Recoil\n|move|p1a: Urshifu|Close Combat|p2a: Altaria\n|-supereffective|p2a: Altaria\n|-damage|p2a: Altaria|0 fnt\n|-unboost|p1a: Urshifu|def|1\n|-unboost|p1a: Urshifu|spd|1\n|faint|p2a: Altaria\n|-damage|p1a: Urshifu|3/274|[from] item: Life Orb\n|\n|upkeep\n|\n|t:|1783554109\n|switch|p2a: Espeon|Espeon, L84, F|100/100\n|-damage|p2a: Espeon|88/100|[from] Spikes\n|turn|17\n|inactive|Time left: 300 sec this turn | 300 sec total\n|\n|t:|1783554110\n|move|p2a: Espeon|Psyshock|p1a: Urshifu\n|-supereffective|p1a: Urshifu\n|-damage|p1a: Urshifu|0 fnt\n|faint|p1a: Urshifu\n|\n|upkeep\n|inactive|Time left: 300 sec this turn | 300 sec total | 5 sec grace\n|\n|t:|1783554111\n|switch|p1a: Meowscarada|Meowscarada, L78, F|247/247\n|turn|18\n|inactive|Time left: 300 sec this turn | 300 sec total\n|\n|t:|1783554112\n|switch|p2a: Probopass|Probopass, L91, M|68/100\n|-damage|p2a: Probopass|55/100|[from] Spikes\n|move|p1a: Meowscarada|Knock Off|p2a: Probopass\n|-start|p1a: Meowscarada|typechange|Dark|[from] ability: Protean\n|-crit|p2a: Probopass\n|-damage|p2a: Probopass|16/100\n|-enditem|p2a: Probopass|Leftovers|[from] move: Knock Off|[of] p1a: Meowscarada\n|\n|upkeep\n|turn|19\n|inactive|Time left: 300 sec this turn | 300 sec total\n|\n|t:|1783554113\n|move|p1a: Meowscarada|Flower Trick|p2a: Probopass\n|-crit|p2a: Probopass\n|-damage|p2a: Probopass|0 fnt\n|faint|p2a: Probopass\n|\n|upkeep\n|\n|t:|1783554114\n|switch|p2a: Tsareena|Tsareena, L87, F|100/100\n|-damage|p2a: Tsareena|88/100|[from] Spikes\n|turn|20\n|inactive|Time left: 300 sec this turn | 300 sec total\n|\n|t:|1783554115\n|move|p1a: Meowscarada|U-turn|p2a: Tsareena\n|-supereffective|p2a: Tsareena\n|-damage|p2a: Tsareena|54/100\n|inactive|Time left: 300 sec this turn | 300 sec total | 5 sec grace\n|\n|t:|1783554116\n|switch|p1a: Alomomola|Alomomola, L87, F|429/429|[from] U-turn\n|move|p2a: Tsareena|Power Whip|p1a: Alomomola\n|-supereffective|p1a: Alomomola\n|-crit|p1a: Alomomola\n|-damage|p1a: Alomomola|0 fnt\n|faint|p1a: Alomomola\n|-damage|p2a: Tsareena|44/100|[from] item: Life Orb\n|\n|upkeep\n|inactive|Time left: 300 sec this turn | 300 sec total | 10 sec grace\n|\n|t:|1783554118\n|switch|p1a: Cinccino|Cinccino, L83, M|110/260\n|turn|21\n|inactive|Time left: 300 sec this turn | 300 sec total\n|\n|t:|1783554119\n|move|p1a: Cinccino|Triple Axel|p2a: Tsareena\n|-supereffective|p2a: Tsareena\n|-damage|p2a: Tsareena|30/100\n|-supereffective|p2a: Tsareena\n|-damage|p2a: Tsareena|2/100\n|-supereffective|p2a: Tsareena\n|-damage|p2a: Tsareena|0 fnt\n|faint|p2a: Tsareena\n|-hitcount|p2: Tsareena|3\n|\n|upkeep\n|\n|t:|1783554120\n|switch|p2a: Espeon|Espeon, L84, F|88/100\n|-damage|p2a: Espeon|76/100|[from] Spikes\n|turn|22\n|inactive|Time left: 300 sec this turn | 300 sec total\n|\n|t:|1783554121\n|-terastallize|p1a: Cinccino|Normal\n|move|p1a: Cinccino|Bullet Seed|p2a: Espeon\n|-damage|p2a: Espeon|62/100\n|-damage|p2a: Espeon|49/100\n|-damage|p2a: Espeon|36/100\n|-damage|p2a: Espeon|24/100\n|-hitcount|p2a: Espeon|4\n|move|p2a: Espeon|Psyshock|p1a: Cinccino\n|-damage|p1a: Cinccino|0 fnt\n|faint|p1a: Cinccino\n|\n|upkeep\n|inactive|Time left: 300 sec this turn | 300 sec total | 5 sec grace\n|\n|t:|1783554122\n|switch|p1a: Meowscarada|Meowscarada, L78, F|247/247\n|turn|23\n|inactive|Time left: 300 sec this turn | 300 sec total\n|\n|t:|1783554122\n|switch|p2a: Palossand|Palossand, L89, M|49/100\n|-damage|p2a: Palossand|37/100|[from] Spikes\n|move|p1a: Meowscarada|Flower Trick|p2a: Palossand\n|-start|p1a: Meowscarada|typechange|Grass|[from] ability: Protean\n|-supereffective|p2a: Palossand\n|-crit|p2a: Palossand\n|-damage|p2a: Palossand|0 fnt\n|faint|p2a: Palossand\n|\n|upkeep\n|\n|t:|1783554124\n|switch|p2a: Espeon|Espeon, L84, F|24/100\n|-damage|p2a: Espeon|11/100|[from] Spikes\n|turn|24\n|inactive|Time left: 300 sec this turn | 300 sec total\n|\n|t:|1783554125\n|move|p1a: Meowscarada|U-turn|p2a: Espeon\n|-supereffective|p2a: Espeon\n|-crit|p2a: Espeon\n|-damage|p2a: Espeon|0 fnt\n|faint|p2a: Espeon\n|\n|win|p0x1216a98b", "uploadtime": 1783554125, "views": 0, "rating": 0, "private": 0, "password": null, "_winner": "p0x1216a98b", "_our_name": "p0x1216a98b"}