{"id": "battle-gen9randombattle-2354", "formatid": "gen9randombattle", "format": "[Gen 9] Random Battle", "players": ["p0x2354380f", "p0y235442e3"], "log": "|init|battle\n|title|p0x2354380f vs. p0y235442e3\n|j|\u2606p0x2354380f\n|j|\u2606p0y235442e3\n|t:|1783567355\n|gametype|singles\n|player|p1|p0x2354380f|170|\n|player|p2|p0y235442e3|102|\n|gen|9\n|tier|[Gen 9] Random Battle\n|rule|Species Clause: Limit one of each Pok\u00e9mon\n|rule|HP Percentage Mod: HP is shown in percentages\n|rule|Sleep Clause Mod: Limit one foe put to sleep\n|rule|Illusion Level Mod: Illusion disguises the Pok\u00e9mon's true level\n|\n|t:|1783567355\n|teamsize|p1|6\n|teamsize|p2|6\n|start\n|switch|p1a: Volcarona|Volcarona, L77, M|257/257\n|switch|p2a: Houndoom|Houndoom, L87, F|100/100\n|turn|1\n|inactive|Battle timer is ON: inactive players will automatically lose when time's up. (requested by p0x2354380f)\n|inactive|p0y235442e3 also wants the timer to be on.\n|\n|t:|1783567356\n|switch|p1a: Conkeldurr|Conkeldurr, L80, M|299/299\n|move|p2a: Houndoom|Nasty Plot|p2a: Houndoom\n|-boost|p2a: Houndoom|spa|2\n|\n|-status|p1a: Conkeldurr|brn|[from] item: Flame Orb\n|upkeep\n|turn|2\n|inactive|Time left: 300 sec this turn | 300 sec total\n|\n|t:|1783567358\n|move|p1a: Conkeldurr|Mach Punch|p2a: Houndoom\n|-supereffective|p2a: Houndoom\n|-damage|p2a: Houndoom|12/100\n|move|p2a: Houndoom|Fire Blast|p1a: Conkeldurr\n|-damage|p1a: Conkeldurr|0 fnt\n|faint|p1a: Conkeldurr\n|\n|upkeep\n|inactive|Time left: 300 sec this turn | 300 sec total | 5 sec grace\n|\n|t:|1783567359\n|switch|p1a: Zangoose|Zangoose, L85, M|263/263\n|turn|3\n|inactive|Time left: 300 sec this turn | 300 sec total\n|\n|t:|1783567360\n|move|p1a: Zangoose|Quick Attack|p2a: Houndoom\n|-damage|p2a: Houndoom|0 fnt\n|faint|p2a: Houndoom\n|\n|-status|p1a: Zangoose|tox|[from] item: Toxic Orb\n|upkeep\n|\n|t:|1783567361\n|switch|p2a: Vaporeon|Vaporeon, L86, M|100/100\n|turn|4\n|inactive|Time left: 300 sec this turn | 300 sec total\n|\n|t:|1783567362\n|move|p2a: Vaporeon|Protect|p2a: Vaporeon\n|-singleturn|p2a: Vaporeon|Protect\n|move|p1a: Zangoose|Facade|p2a: Vaporeon\n|-activate|p2a: Vaporeon|move: Protect\n|\n|-damage|p1a: Zangoose|247/263 tox|[from] psn\n|upkeep\n|turn|5\n|inactive|Time left: 300 sec this turn | 300 sec total\n|\n|t:|1783567363\n|move|p1a: Zangoose|Facade|p2a: Vaporeon\n|-damage|p2a: Vaporeon|12/100\n|move|p2a: Vaporeon|Scald|p1a: Zangoose\n|-damage|p1a: Zangoose|112/263 tox\n|\n|-heal|p2a: Vaporeon|18/100|[from] item: Leftovers\n|-damage|p1a: Zangoose|80/263 tox|[from] psn\n|upkeep\n|turn|6\n|inactive|Time left: 300 sec this turn | 300 sec total\n|\n|t:|1783567364\n|move|p2a: Vaporeon|Protect|p2a: Vaporeon\n|-singleturn|p2a: Vaporeon|Protect\n|move|p1a: Zangoose|Facade|p2a: Vaporeon\n|-activate|p2a: Vaporeon|move: Protect\n|\n|-heal|p2a: Vaporeon|24/100|[from] item: Leftovers\n|-damage|p1a: Zangoose|32/263 tox|[from] psn\n|upkeep\n|turn|7\n|inactive|Time left: 300 sec this turn | 300 sec total\n|\n|t:|1783567365\n|move|p2a: Vaporeon|Protect||[still]\n|-fail|p2a: Vaporeon\n|move|p1a: Zangoose|Facade|p2a: Vaporeon\n|-damage|p2a: Vaporeon|0 fnt\n|faint|p2a: Vaporeon\n|\n|-damage|p1a: Zangoose|0 fnt|[from] psn\n|faint|p1a: Zangoose\n|upkeep\n|inactive|Time left: 300 sec this turn | 300 sec total | 5 sec grace\n|\n|t:|1783567366\n|switch|p1a: Dewgong|Dewgong, L94, F|322/322\n|switch|p2a: Entei|Entei, L78|100/100\n|turn|8\n|inactive|Time left: 300 sec this turn | 300 sec total\n|\n|t:|1783567367\n|move|p2a: Entei|Sacred Fire|p1a: Dewgong\n|-damage|p1a: Dewgong|247/322\n|move|p1a: Dewgong|Surf|p2a: Entei\n|-supereffective|p2a: Entei\n|-damage|p2a: Entei|32/100\n|\n|upkeep\n|turn|9\n|inactive|Time left: 300 sec this turn | 300 sec total\n|\n|t:|1783567369\n|move|p2a: Entei|Sacred Fire|p1a: Dewgong\n|-damage|p1a: Dewgong|174/322\n|-status|p1a: Dewgong|brn\n|move|p1a: Dewgong|Surf|p2a: Entei\n|-supereffective|p2a: Entei\n|-damage|p2a: Entei|0 fnt\n|faint|p2a: Entei\n|\n|-damage|p1a: Dewgong|154/322 brn|[from] brn\n|upkeep\n|\n|t:|1783567370\n|switch|p2a: Clodsire|Clodsire, L81, F|100/100\n|turn|10\n|inactive|Time left: 300 sec this turn | 300 sec total\n|\n|t:|1783567371\n|move|p1a: Dewgong|Triple Axel|p2a: Clodsire\n|-supereffective|p2a: Clodsire\n|-damage|p2a: Clodsire|91/100\n|-supereffective|p2a: Clodsire\n|-damage|p2a: Clodsire|74/100\n|-supereffective|p2a: Clodsire\n|-damage|p2a: Clodsire|51/100\n|-hitcount|p2a: Clodsire|3\n|move|p2a: Clodsire|Earthquake|p1a: Dewgong\n|-damage|p1a: Dewgong|75/322 brn\n|\n|-heal|p2a: Clodsire|57/100|[from] item: Leftovers\n|-damage|p1a: Dewgong|55/322 brn|[from] brn\n|upkeep\n|turn|11\n|inactive|Time left: 300 sec this turn | 300 sec total\n|\n|t:|1783567372\n|move|p1a: Dewgong|Triple Axel|p2a: Clodsire\n|-supereffective|p2a: Clodsire\n|-crit|p2a: Clodsire\n|-damage|p2a: Clodsire|44/100\n|-supereffective|p2a: Clodsire\n|-damage|p2a: Clodsire|27/100\n|-supereffective|p2a: Clodsire\n|-damage|p2a: Clodsire|3/100\n|-hitcount|p2a: Clodsire|3\n|move|p2a: Clodsire|Recover|p2a: Clodsire\n|-heal|p2a: Clodsire|53/100\n|\n|-heal|p2a: Clodsire|59/100|[from] item: Leftovers\n|-damage|p1a: Dewgong|35/322 brn|[from] brn\n|upkeep\n|turn|12\n|inactive|Time left: 300 sec this turn | 300 sec total\n|\n|t:|1783567372\n|move|p1a: Dewgong|Triple Axel|p2a: Clodsire\n|-supereffective|p2a: Clodsire\n|-damage|p2a: Clodsire|51/100\n|-supereffective|p2a: Clodsire\n|-damage|p2a: Clodsire|34/100\n|-supereffective|p2a: Clodsire\n|-damage|p2a: Clodsire|11/100\n|-hitcount|p2a: Clodsire|3\n|move|p2a: Clodsire|Recover|p2a: Clodsire\n|-heal|p2a: Clodsire|61/100\n|\n|-heal|p2a: Clodsire|68/100|[from] item: Leftovers\n|-damage|p1a: Dewgong|15/322 brn|[from] brn\n|upkeep\n|turn|13\n|inactive|Time left: 300 sec this turn | 300 sec total\n|\n|t:|1783567373\n|move|p1a: Dewgong|Triple Axel|p2a: Clodsire\n|-supereffective|p2a: Clodsire\n|-damage|p2a: Clodsire|59/100\n|-supereffective|p2a: Clodsire\n|-damage|p2a: Clodsire|41/100\n|-supereffective|p2a: Clodsire\n|-damage|p2a: Clodsire|16/100\n|-hitcount|p2a: Clodsire|3\n|move|p2a: Clodsire|Recover|p2a: Clodsire\n|-heal|p2a: Clodsire|66/100\n|\n|-heal|p2a: Clodsire|73/100|[from] item: Leftovers\n|-damage|p1a: Dewgong|0 fnt|[from] brn\n|faint|p1a: Dewgong\n|upkeep\n|inactive|Time left: 300 sec this turn | 300 sec total | 5 sec grace\n|\n|t:|1783567374\n|switch|p1a: Volcarona|Volcarona, L77, M|257/257\n|turn|14\n|inactive|Time left: 300 sec this turn | 300 sec total\n|\n|t:|1783567375\n|move|p1a: Volcarona|Quiver Dance|p1a: Volcarona\n|-boost|p1a: Volcarona|spa|1\n|-boost|p1a: Volcarona|spd|1\n|-boost|p1a: Volcarona|spe|1\n|move|p2a: Clodsire|Earthquake|p1a: Volcarona\n|-damage|p1a: Volcarona|152/257\n|\n|-heal|p2a: Clodsire|79/100|[from] item: Leftovers\n|upkeep\n|turn|15\n|inactive|Time left: 300 sec this turn | 300 sec total\n|\n|t:|1783567376\n|move|p1a: Volcarona|Fire Blast|p2a: Clodsire\n|-damage|p2a: Clodsire|44/100\n|-status|p2a: Clodsire|brn\n|move|p2a: Clodsire|Earthquake|p1a: Volcarona\n|-damage|p1a: Volcarona|97/257\n|\n|-heal|p2a: Clodsire|50/100 brn|[from] item: Leftovers\n|-damage|p2a: Clodsire|44/100 brn|[from] brn\n|upkeep\n|turn|16\n|inactive|Time left: 300 sec this turn | 300 sec total\n|\n|t:|1783567377\n|move|p1a: Volcarona|Fire Blast|p2a: Clodsire|[miss]\n|-miss|p1a: Volcarona|p2a: Clodsire\n|move|p2a: Clodsire|Toxic|p1a: Volcarona\n|-status|p1a: Volcarona|tox\n|\n|-heal|p2a: Clodsire|50/100 brn|[from] item: Leftovers\n|-damage|p1a: Volcarona|81/257 tox|[from] psn\n|-damage|p2a: Clodsire|44/100 brn|[from] brn\n|upkeep\n|turn|17\n|inactive|Time left: 300 sec this turn | 300 sec total\n|\n|t:|1783567378\n|move|p1a: Volcarona|Fire Blast|p2a: Clodsire\n|-damage|p2a: Clodsire|7/100 brn\n|move|p2a: Clodsire|Earthquake|p1a: Volcarona\n|-damage|p1a: Volcarona|29/257 tox\n|\n|-heal|p2a: Clodsire|13/100 brn|[from] item: Leftovers\n|-damage|p1a: Volcarona|0 fnt|[from] psn\n|faint|p1a: Volcarona\n|-damage|p2a: Clodsire|7/100 brn|[from] brn\n|upkeep\n|inactive|Time left: 300 sec this turn | 300 sec total | 5 sec grace\n|\n|t:|1783567379\n|switch|p1a: Slowbro|Slowbro-Galar, L87, F|307/307\n|turn|18\n|inactive|Time left: 300 sec this turn | 300 sec total\n|\n|t:|1783567380\n|move|p2a: Clodsire|Recover|p2a: Clodsire\n|-heal|p2a: Clodsire|57/100 brn\n|move|p1a: Slowbro|Fire Blast|p2a: Clodsire\n|-damage|p2a: Clodsire|28/100 brn\n|-damage|p1a: Slowbro|277/307|[from] item: Life Orb\n|\n|-heal|p2a: Clodsire|34/100 brn|[from] item: Leftovers\n|-damage|p2a: Clodsire|28/100 brn|[from] brn\n|upkeep\n|turn|19\n|inactive|Time left: 300 sec this turn | 300 sec total\n|\n|t:|1783567381\n|move|p2a: Clodsire|Recover|p2a: Clodsire\n|-heal|p2a: Clodsire|78/100 brn\n|move|p1a: Slowbro|Psychic|p2a: Clodsire\n|-supereffective|p2a: Clodsire\n|-damage|p2a: Clodsire|0 fnt\n|faint|p2a: Clodsire\n|-damage|p1a: Slowbro|247/307|[from] item: Life Orb\n|\n|upkeep\n|\n|t:|1783567382\n|switch|p2a: Illumise|Illumise, L91, F|100/100\n|turn|20\n|inactive|Time left: 300 sec this turn | 300 sec total\n|\n|t:|1783567383\n|move|p2a: Illumise|Bug Buzz|p1a: Slowbro\n|-damage|p1a: Slowbro|139/307\n|move|p1a: Slowbro|Shell Side Arm|p2a: Illumise|[anim] Shell Side Arm Physical\n|-damage|p2a: Illumise|43/100\n|-hint|Physical Shell Side Arm\n|-damage|p1a: Slowbro|109/307|[from] item: Life Orb\n|\n|upkeep\n|turn|21\n|inactive|Time left: 300 sec this turn | 300 sec total\n|\n|t:|1783567384\n|move|p2a: Illumise|Roost|p2a: Illumise\n|-heal|p2a: Illumise|93/100\n|-singleturn|p2a: Illumise|move: Roost\n|move|p1a: Slowbro|Fire Blast|p2a: Illumise|[miss]\n|-miss|p1a: Slowbro|p2a: Illumise\n|\n|upkeep\n|turn|22\n|inactive|Time left: 300 sec this turn | 300 sec total\n|\n|t:|1783567385\n|-terastallize|p1a: Slowbro|Poison\n|move|p2a: Illumise|Bug Buzz|p1a: Slowbro\n|-resisted|p1a: Slowbro\n|-damage|p1a: Slowbro|58/307\n|move|p1a: Slowbro|Fire Blast|p2a: Illumise\n|-supereffective|p2a: Illumise\n|-damage|p2a: Illumise|11/100\n|-damage|p1a: Slowbro|28/307|[from] item: Life Orb\n|\n|upkeep\n|turn|23\n|inactive|Time left: 300 sec this turn | 300 sec total\n|\n|t:|1783567386\n|switch|p1a: Deoxys|Deoxys-Attack, L72|191/191\n|-ability|p1a: Deoxys|Pressure\n|move|p2a: Illumise|Bug Buzz|p1a: Deoxys\n|-supereffective|p1a: Deoxys\n|-damage|p1a: Deoxys|0 fnt\n|faint|p1a: Deoxys\n|\n|upkeep\n|inactive|Time left: 300 sec this turn | 300 sec total | 5 sec grace\n|\n|t:|1783567387\n|switch|p1a: Slowbro|Slowbro-Galar, L87, F, tera:Poison|130/307\n|turn|24\n|inactive|Time left: 300 sec this turn | 300 sec total\n|\n|t:|1783567387\n|-terastallize|p2a: Illumise|Water\n|move|p2a: Illumise|Bug Buzz|p1a: Slowbro\n|-resisted|p1a: Slowbro\n|-damage|p1a: Slowbro|79/307\n|move|p1a: Slowbro|Trick Room|p1a: Slowbro\n|-fieldstart|move: Trick Room|[of] p1a: Slowbro\n|\n|upkeep\n|turn|25\n|inactive|Time left: 300 sec this turn | 300 sec total\n|\n|t:|1783567388\n|move|p2a: Illumise|Encore|p1a: Slowbro\n|-start|p1a: Slowbro|Encore\n|move|p1a: Slowbro|Trick Room|p1a: Slowbro\n|-fieldend|move: Trick Room\n|\n|upkeep\n|turn|26\n|inactive|Time left: 300 sec this turn | 300 sec total\n|\n|t:|1783567389\n|switch|p2a: Deoxys|Deoxys-Attack, L72|100/100\n|-ability|p2a: Deoxys|Pressure\n|move|p1a: Slowbro|Trick Room|p1a: Slowbro\n|-fieldstart|move: Trick Room|[of] p1a: Slowbro\n|\n|upkeep\n|turn|27\n|inactive|Time left: 300 sec this turn | 300 sec total\n|\n|t:|1783567390\n|move|p2a: Deoxys|Psycho Boost|p1a: Slowbro\n|-supereffective|p1a: Slowbro\n|-damage|p1a: Slowbro|0 fnt\n|-unboost|p2a: Deoxys|spa|2\n|faint|p1a: Slowbro\n|-damage|p2a: Deoxys|91/100|[from] item: Life Orb\n|\n|win|p0y235442e3", "uploadtime": 1783567390, "views": 0, "rating": 0, "private": 0, "password": null, "_winner": "p0y235442e3", "_our_name": "p0x2354380f"}