{"id": "battle-gen9randombattle-909", "formatid": "gen9randombattle", "format": "[Gen 9] Random Battle", "players": ["p0x909a54a", "p0y909d4f9"], "log": "|init|battle\n|title|p0x909a54a vs. p0y909d4f9\n|j|\u2606p0x909a54a\n|j|\u2606p0y909d4f9\n|t:|1783550448\n|gametype|singles\n|player|p1|p0x909a54a|2|\n|player|p2|p0y909d4f9|2|\n|gen|9\n|tier|[Gen 9] Random Battle\n|rule|Species Clause: Limit one of each Pok\u00e9mon\n|rule|HP Percentage Mod: HP is shown in percentages\n|rule|Sleep Clause Mod: Limit one foe put to sleep\n|rule|Illusion Level Mod: Illusion disguises the Pok\u00e9mon's true level\n|\n|t:|1783550448\n|teamsize|p1|6\n|teamsize|p2|6\n|start\n|switch|p1a: Zangoose|Zangoose, L85, F|100/100\n|switch|p2a: Mimikyu|Mimikyu, L79, F|216/216\n|turn|1\n|inactive|Battle timer is ON: inactive players will automatically lose when time's up. (requested by p0x909a54a)\n|inactive|Time left: 300 sec this turn | 300 sec total | 60 sec grace\n|\n|t:|1783550449\n|move|p1a: Zangoose|Facade|p2a: Mimikyu\n|-immune|p2a: Mimikyu\n|move|p2a: Mimikyu|Swords Dance|p2a: Mimikyu\n|-boost|p2a: Mimikyu|atk|2\n|\n|-status|p1a: Zangoose|tox|[from] item: Toxic Orb\n|upkeep\n|turn|2\n|inactive|Time left: 300 sec this turn | 300 sec total\n|inactive|p0y909d4f9 also wants the timer to be on.\n|\n|t:|1783550450\n|switch|p1a: Iron Thorns|Iron Thorns, L83|100/100\n|-enditem|p1a: Iron Thorns|Booster Energy\n|-activate|p1a: Iron Thorns|ability: Quark Drive|[fromitem]\n|-start|p1a: Iron Thorns|quarkdriveatk\n|move|p2a: Mimikyu|Play Rough|p1a: Iron Thorns\n|-crit|p1a: Iron Thorns\n|-damage|p1a: Iron Thorns|15/100\n|-damage|p2a: Mimikyu|195/216|[from] item: Life Orb\n|\n|upkeep\n|turn|3\n|inactive|Time left: 300 sec this turn | 300 sec total\n|\n|t:|1783550452\n|move|p2a: Mimikyu|Drain Punch|p1a: Iron Thorns\n|-supereffective|p1a: Iron Thorns\n|-damage|p1a: Iron Thorns|0 fnt\n|-heal|p2a: Mimikyu|216/216|[from] drain|[of] p1a: Iron Thorns\n|faint|p1a: Iron Thorns\n|-end|p1a: Iron Thorns|Quark Drive|[silent]\n|-damage|p2a: Mimikyu|195/216|[from] item: Life Orb\n|\n|upkeep\n|\n|t:|1783550453\n|switch|p1a: Emboar|Emboar, L84, M|100/100\n|turn|4\n|inactive|Time left: 300 sec this turn | 300 sec total\n|\n|t:|1783550454\n|move|p2a: Mimikyu|Play Rough|p1a: Emboar\n|-damage|p1a: Emboar|19/100\n|-damage|p2a: Mimikyu|174/216|[from] item: Life Orb\n|move|p1a: Emboar|Trailblaze|p2a: Mimikyu\n|-activate|p2a: Mimikyu|ability: Disguise\n|-damage|p2a: Mimikyu|174/216\n|-boost|p1a: Emboar|spe|1\n|detailschange|p2a: Mimikyu|Mimikyu-Busted, L79, F\n|-damage|p2a: Mimikyu|147/216|[from] pokemon: Mimikyu-Busted\n|\n|-heal|p1a: Emboar|25/100|[from] item: Leftovers\n|upkeep\n|turn|5\n|inactive|Time left: 300 sec this turn | 300 sec total\n|\n|t:|1783550455\n|move|p2a: Mimikyu|Shadow Sneak|p1a: Emboar\n|-damage|p1a: Emboar|0 fnt\n|faint|p1a: Emboar\n|-damage|p2a: Mimikyu|126/216|[from] item: Life Orb\n|\n|upkeep\n|\n|t:|1783550456\n|switch|p1a: Walking Wake|Walking Wake, L79|100/100\n|turn|6\n|inactive|Time left: 300 sec this turn | 300 sec total\n|\n|t:|1783550456\n|move|p1a: Walking Wake|Hydro Pump|p2a: Mimikyu\n|-damage|p2a: Mimikyu|0 fnt\n|faint|p2a: Mimikyu\n|\n|upkeep\n|inactive|Time left: 300 sec this turn | 300 sec total | 5 sec grace\n|\n|t:|1783550457\n|switch|p2a: Iron Valiant|Iron Valiant, L78|244/244\n|turn|7\n|inactive|Time left: 300 sec this turn | 300 sec total\n|\n|t:|1783550458\n|-terastallize|p1a: Walking Wake|Water\n|move|p2a: Iron Valiant|Spirit Break|p1a: Walking Wake\n|-damage|p1a: Walking Wake|58/100\n|-unboost|p1a: Walking Wake|spa|1\n|-damage|p2a: Iron Valiant|220/244|[from] item: Life Orb\n|move|p1a: Walking Wake|Hydro Pump|p2a: Iron Valiant\n|-damage|p2a: Iron Valiant|0 fnt\n|faint|p2a: Iron Valiant\n|-end|p2a: Iron Valiant|Quark Drive|[silent]\n|\n|upkeep\n|inactive|Time left: 300 sec this turn | 300 sec total | 5 sec grace\n|\n|t:|1783550459\n|switch|p2a: Regieleki|Regieleki, L79|256/256\n|turn|8\n|inactive|Time left: 300 sec this turn | 300 sec total\n|\n|t:|1783550461\n|-end|p1a: Walking Wake|Protosynthesis|[silent]\n|switch|p1a: Ambipom|Ambipom, L84, F|100/100\n|move|p2a: Regieleki|Thunderbolt|p1a: Ambipom\n|-damage|p1a: Ambipom|32/100\n|\n|upkeep\n|turn|9\n|inactive|Time left: 300 sec this turn | 300 sec total\n|\n|t:|1783550462\n|move|p1a: Ambipom|Fake Out|p2a: Regieleki\n|-damage|p2a: Regieleki|142/256\n|cant|p2a: Regieleki|flinch\n|\n|upkeep\n|turn|10\n|inactive|Time left: 300 sec this turn | 300 sec total\n|\n|t:|1783550463\n|move|p2a: Regieleki|Thunderbolt|p1a: Ambipom\n|-damage|p1a: Ambipom|0 fnt\n|faint|p1a: Ambipom\n|\n|upkeep\n|\n|t:|1783550464\n|switch|p1a: Zangoose|Zangoose, L85, F|100/100 tox\n|turn|11\n|inactive|Time left: 300 sec this turn | 300 sec total\n|\n|t:|1783550465\n|move|p2a: Regieleki|Thunderbolt|p1a: Zangoose\n|-damage|p1a: Zangoose|37/100 tox\n|move|p1a: Zangoose|Facade|p2a: Regieleki\n|-damage|p2a: Regieleki|0 fnt\n|faint|p2a: Regieleki\n|\n|-damage|p1a: Zangoose|31/100 tox|[from] psn\n|upkeep\n|inactive|Time left: 300 sec this turn | 300 sec total | 5 sec grace\n|\n|t:|1783550466\n|switch|p2a: Seviper|Seviper, L93, F|287/287\n|turn|12\n|inactive|Time left: 300 sec this turn | 300 sec total\n|\n|t:|1783550467\n|move|p2a: Seviper|Gunk Shot|p1a: Zangoose\n|-damage|p1a: Zangoose|0 fnt\n|faint|p1a: Zangoose\n|\n|upkeep\n|\n|t:|1783550468\n|switch|p1a: Walking Wake|Walking Wake, L79, tera:Water|58/100\n|turn|13\n|inactive|Time left: 300 sec this turn | 300 sec total\n|\n|t:|1783550469\n|-terastallize|p2a: Seviper|Poison\n|move|p2a: Seviper|Gunk Shot|p1a: Walking Wake|[miss]\n|-miss|p2a: Seviper|p1a: Walking Wake\n|move|p1a: Walking Wake|Hydro Pump|p2a: Seviper|[miss]\n|-miss|p1a: Walking Wake|p2a: Seviper\n|\n|upkeep\n|turn|14\n|inactive|Time left: 300 sec this turn | 300 sec total\n|\n|t:|1783550470\n|move|p2a: Seviper|Gunk Shot|p1a: Walking Wake\n|-damage|p1a: Walking Wake|0 fnt\n|faint|p1a: Walking Wake\n|-end|p1a: Walking Wake|Protosynthesis|[silent]\n|\n|upkeep\n|\n|t:|1783550471\n|switch|p1a: Deoxys|Deoxys-Attack, L72|100/100\n|-ability|p1a: Deoxys|Pressure\n|turn|15\n|inactive|Time left: 300 sec this turn | 300 sec total\n|\n|t:|1783550472\n|move|p2a: Seviper|Gunk Shot|p1a: Deoxys\n|-damage|p1a: Deoxys|0 fnt\n|faint|p1a: Deoxys\n|\n|win|p0y909d4f9", "uploadtime": 1783550472, "views": 0, "rating": 0, "private": 0, "password": null, "_winner": "p0y909d4f9", "_our_name": "p0y909d4f9"}