{"id": "battle-gen9randombattle-917", "formatid": "gen9randombattle", "format": "[Gen 9] Random Battle", "players": ["p0x9173068", "p0y9171304"], "log": "|init|battle\n|title|p0x9173068 vs. p0y9171304\n|j|\u2606p0x9173068\n|j|\u2606p0y9171304\n|t:|1783549789\n|gametype|singles\n|player|p1|p0x9173068|101|\n|player|p2|p0y9171304|2|\n|gen|9\n|tier|[Gen 9] Random Battle\n|rule|Species Clause: Limit one of each Pok\u00e9mon\n|rule|HP Percentage Mod: HP is shown in percentages\n|rule|Sleep Clause Mod: Limit one foe put to sleep\n|rule|Illusion Level Mod: Illusion disguises the Pok\u00e9mon's true level\n|\n|t:|1783549789\n|teamsize|p1|6\n|teamsize|p2|6\n|start\n|switch|p1a: Basculegion|Basculegion, L80, M|100/100\n|switch|p2a: Sudowoodo|Sudowoodo, L94, F|284/284\n|turn|1\n|inactive|Battle timer is ON: inactive players will automatically lose when time's up. (requested by p0x9173068)\n|inactive|Time left: 300 sec this turn | 300 sec total | 60 sec grace\n|inactive|p0y9171304 also wants the timer to be on.\n|\n|t:|1783549790\n|move|p1a: Basculegion|Wave Crash|p2a: Sudowoodo\n|-supereffective|p2a: Sudowoodo\n|-damage|p2a: Sudowoodo|44/284\n|-damage|p1a: Basculegion|76/100|[from] Recoil\n|move|p2a: Sudowoodo|Head Smash|p1a: Basculegion\n|-damage|p1a: Basculegion|0 fnt\n|faint|p1a: Basculegion\n|\n|-heal|p2a: Sudowoodo|61/284|[from] item: Leftovers\n|upkeep\n|\n|t:|1783549790\n|switch|p1a: Excadrill|Excadrill, L79, F|100/100\n|-ability|p1a: Excadrill|Mold Breaker\n|turn|2\n|inactive|Time left: 300 sec this turn | 300 sec total\n|\n|t:|1783549791\n|switch|p2a: Flamigo|Flamigo, L82, M|269/269\n|move|p1a: Excadrill|Earthquake|p2a: Flamigo\n|-immune|p2a: Flamigo\n|\n|upkeep\n|turn|3\n|inactive|Time left: 300 sec this turn | 300 sec total\n|\n|t:|1783549792\n|switch|p1a: Hydrapple|Hydrapple, L83, F|100/100\n|move|p2a: Flamigo|Close Combat|p1a: Hydrapple\n|-crit|p1a: Hydrapple\n|-damage|p1a: Hydrapple|46/100\n|-unboost|p2a: Flamigo|def|1\n|-unboost|p2a: Flamigo|spd|1\n|\n|upkeep\n|turn|4\n|inactive|Time left: 300 sec this turn | 300 sec total\n|\n|t:|1783549793\n|switch|p1a: Illumise|Illumise, L91, F|100/100\n|-terastallize|p2a: Flamigo|Fighting\n|move|p2a: Flamigo|Close Combat|p1a: Illumise\n|-resisted|p1a: Illumise\n|-damage|p1a: Illumise|67/100\n|-unboost|p2a: Flamigo|def|1\n|-unboost|p2a: Flamigo|spd|1\n|\n|upkeep\n|turn|5\n|inactive|Time left: 300 sec this turn | 300 sec total\n|\n|t:|1783549794\n|move|p2a: Flamigo|Close Combat|p1a: Illumise\n|-resisted|p1a: Illumise\n|-damage|p1a: Illumise|31/100\n|-unboost|p2a: Flamigo|def|1\n|-unboost|p2a: Flamigo|spd|1\n|move|p1a: Illumise|Bug Buzz|p2a: Flamigo\n|-resisted|p2a: Flamigo\n|-damage|p2a: Flamigo|113/269\n|\n|upkeep\n|turn|6\n|inactive|Time left: 300 sec this turn | 300 sec total\n|\n|t:|1783549795\n|move|p1a: Illumise|Roost|p1a: Illumise\n|-heal|p1a: Illumise|81/100\n|-singleturn|p1a: Illumise|move: Roost\n|move|p2a: Flamigo|Close Combat|p1a: Illumise\n|-resisted|p1a: Illumise\n|-damage|p1a: Illumise|48/100\n|-unboost|p2a: Flamigo|def|1\n|-unboost|p2a: Flamigo|spd|1\n|\n|upkeep\n|turn|7\n|inactive|Time left: 300 sec this turn | 300 sec total\n|\n|t:|1783549796\n|move|p2a: Flamigo|Close Combat|p1a: Illumise\n|-resisted|p1a: Illumise\n|-damage|p1a: Illumise|11/100\n|-unboost|p2a: Flamigo|def|1\n|-unboost|p2a: Flamigo|spd|1\n|move|p1a: Illumise|Bug Buzz|p2a: Flamigo\n|-resisted|p2a: Flamigo\n|-damage|p2a: Flamigo|0 fnt\n|faint|p2a: Flamigo\n|\n|upkeep\n|inactive|Time left: 300 sec this turn | 300 sec total | 5 sec grace\n|\n|t:|1783549797\n|switch|p2a: Metagross|Metagross, L79|256/256\n|turn|8\n|inactive|Time left: 300 sec this turn | 300 sec total\n|\n|t:|1783549798\n|move|p1a: Illumise|Roost|p1a: Illumise\n|-heal|p1a: Illumise|61/100\n|-singleturn|p1a: Illumise|move: Roost\n|move|p2a: Metagross|Heavy Slam|p1a: Illumise\n|-damage|p1a: Illumise|0 fnt\n|faint|p1a: Illumise\n|\n|upkeep\n|\n|t:|1783549799\n|switch|p1a: Excadrill|Excadrill, L79, F|100/100\n|-ability|p1a: Excadrill|Mold Breaker\n|turn|9\n|inactive|Time left: 300 sec this turn | 300 sec total\n|\n|t:|1783549800\n|move|p1a: Excadrill|Earthquake|p2a: Metagross\n|-supereffective|p2a: Metagross\n|-damage|p2a: Metagross|50/256\n|move|p2a: Metagross|Heavy Slam|p1a: Excadrill\n|-resisted|p1a: Excadrill\n|-damage|p1a: Excadrill|50/100\n|\n|-heal|p1a: Excadrill|56/100|[from] item: Leftovers\n|upkeep\n|turn|10\n|inactive|Time left: 300 sec this turn | 300 sec total\n|\n|t:|1783549802\n|move|p1a: Excadrill|Earthquake|p2a: Metagross\n|-supereffective|p2a: Metagross\n|-damage|p2a: Metagross|0 fnt\n|faint|p2a: Metagross\n|\n|-heal|p1a: Excadrill|62/100|[from] item: Leftovers\n|upkeep\n|inactive|Time left: 300 sec this turn | 300 sec total | 5 sec grace\n|\n|t:|1783549803\n|switch|p2a: Shaymin|Shaymin, L82|298/298\n|turn|11\n|inactive|Time left: 300 sec this turn | 300 sec total\n|\n|t:|1783549804\n|move|p2a: Shaymin|Seed Flare|p1a: Excadrill\n|-damage|p1a: Excadrill|5/100\n|-unboost|p1a: Excadrill|spd|2\n|move|p1a: Excadrill|Swords Dance|p1a: Excadrill\n|-boost|p1a: Excadrill|atk|2\n|\n|-heal|p1a: Excadrill|11/100|[from] item: Leftovers\n|upkeep\n|turn|12\n|inactive|Time left: 300 sec this turn | 300 sec total\n|\n|t:|1783549805\n|switch|p1a: Minior|Minior-Green, L79|100/100\n|-formechange|p1a: Minior|Minior-Meteor||[from] ability: Shields Down\n|move|p2a: Shaymin|Air Slash|p1a: Minior\n|-resisted|p1a: Minior\n|-damage|p1a: Minior|89/100\n|\n|upkeep\n|turn|13\n|inactive|Time left: 300 sec this turn | 300 sec total\n|\n|t:|1783549806\n|move|p2a: Shaymin|Leech Seed|p1a: Minior\n|-start|p1a: Minior|move: Leech Seed\n|move|p1a: Minior|Shell Smash|p1a: Minior\n|-unboost|p1a: Minior|def|1\n|-unboost|p1a: Minior|spd|1\n|-boost|p1a: Minior|atk|2\n|-boost|p1a: Minior|spa|2\n|-boost|p1a: Minior|spe|2\n|-enditem|p1a: Minior|White Herb\n|-clearnegativeboost|p1a: Minior|[silent]\n|\n|-damage|p1a: Minior|77/100|[from] Leech Seed|[of] p2a: Shaymin\n|upkeep\n|turn|14\n|inactive|Time left: 300 sec this turn | 300 sec total\n|\n|t:|1783549807\n|-terastallize|p1a: Minior|Flying\n|move|p1a: Minior|Acrobatics|p2a: Shaymin\n|-supereffective|p2a: Shaymin\n|-damage|p2a: Shaymin|0 fnt\n|faint|p2a: Shaymin\n|\n|upkeep\n|inactive|Time left: 300 sec this turn | 300 sec total | 5 sec grace\n|\n|t:|1783549808\n|switch|p2a: Dachsbun|Dachsbun, L92, F|254/254\n|turn|15\n|inactive|Time left: 300 sec this turn | 300 sec total\n|\n|t:|1783549809\n|move|p2a: Dachsbun|Protect|p2a: Dachsbun\n|-singleturn|p2a: Dachsbun|Protect\n|move|p1a: Minior|Acrobatics|p2a: Dachsbun\n|-activate|p2a: Dachsbun|move: Protect\n|\n|-damage|p1a: Minior|64/100|[from] Leech Seed|[of] p2a: Dachsbun\n|upkeep\n|turn|16\n|inactive|Time left: 300 sec this turn | 300 sec total\n|\n|t:|1783549810\n|move|p1a: Minior|Acrobatics|p2a: Dachsbun\n|-damage|p2a: Dachsbun|104/254\n|move|p2a: Dachsbun|Play Rough|p1a: Minior\n|-damage|p1a: Minior|21/100\n|-unboost|p1a: Minior|atk|1\n|\n|-heal|p2a: Dachsbun|119/254|[from] item: Leftovers\n|-damage|p1a: Minior|9/100|[from] Leech Seed|[of] p2a: Dachsbun\n|-heal|p2a: Dachsbun|147/254|[silent]\n|-formechange|p1a: Minior|Minior-Green||[from] ability: Shields Down\n|upkeep\n|turn|17\n|inactive|Time left: 300 sec this turn | 300 sec total\n|\n|t:|1783549811\n|move|p2a: Dachsbun|Protect|p2a: Dachsbun\n|-singleturn|p2a: Dachsbun|Protect\n|move|p1a: Minior|Acrobatics|p2a: Dachsbun\n|-activate|p2a: Dachsbun|move: Protect\n|\n|-heal|p2a: Dachsbun|162/254|[from] item: Leftovers\n|-damage|p1a: Minior|0 fnt|[from] Leech Seed|[of] p2a: Dachsbun\n|-heal|p2a: Dachsbun|181/254|[silent]\n|faint|p1a: Minior\n|upkeep\n|\n|t:|1783549812\n|switch|p1a: Clawitzer|Clawitzer, L87, M|100/100\n|turn|18\n|inactive|Time left: 300 sec this turn | 300 sec total\n|\n|t:|1783549813\n|move|p2a: Dachsbun|Play Rough|p1a: Clawitzer|[miss]\n|-miss|p2a: Dachsbun|p1a: Clawitzer\n|move|p1a: Clawitzer|Water Pulse|p2a: Dachsbun\n|-damage|p2a: Dachsbun|72/254\n|\n|-heal|p2a: Dachsbun|87/254|[from] item: Leftovers\n|upkeep\n|turn|19\n|inactive|Time left: 300 sec this turn | 300 sec total\n|\n|t:|1783549814\n|move|p2a: Dachsbun|Play Rough|p1a: Clawitzer\n|-damage|p1a: Clawitzer|63/100\n|move|p1a: Clawitzer|Water Pulse|p2a: Dachsbun\n|-damage|p2a: Dachsbun|0 fnt\n|faint|p2a: Dachsbun\n|\n|upkeep\n|inactive|Time left: 300 sec this turn | 300 sec total | 5 sec grace\n|\n|t:|1783549815\n|switch|p2a: Kilowattrel|Kilowattrel, L83, M|252/252\n|turn|20\n|inactive|Time left: 300 sec this turn | 300 sec total\n|\n|t:|1783549816\n|move|p2a: Kilowattrel|Thunderbolt|p1a: Clawitzer\n|-supereffective|p1a: Clawitzer\n|-damage|p1a: Clawitzer|15/100\n|move|p1a: Clawitzer|Water Pulse|p2a: Kilowattrel\n|-damage|p2a: Kilowattrel|104/252\n|-start|p2a: Kilowattrel|confusion\n|\n|upkeep\n|turn|21\n|inactive|Time left: 300 sec this turn | 300 sec total\n|\n|t:|1783549817\n|-activate|p2a: Kilowattrel|confusion\n|move|p2a: Kilowattrel|Thunderbolt|p1a: Clawitzer\n|-supereffective|p1a: Clawitzer\n|-damage|p1a: Clawitzer|0 fnt\n|faint|p1a: Clawitzer\n|\n|upkeep\n|\n|t:|1783549818\n|switch|p1a: Hydrapple|Hydrapple, L83, F|80/100\n|turn|22\n|inactive|Time left: 300 sec this turn | 300 sec total\n|\n|t:|1783549819\n|-activate|p2a: Kilowattrel|confusion\n|move|p2a: Kilowattrel|Hurricane|p1a: Hydrapple\n|-supereffective|p1a: Hydrapple\n|-damage|p1a: Hydrapple|22/100\n|move|p1a: Hydrapple|Fickle Beam|p2a: Kilowattrel\n|-damage|p2a: Kilowattrel|0 fnt\n|faint|p2a: Kilowattrel\n|\n|upkeep\n|inactive|Time left: 300 sec this turn | 300 sec total | 5 sec grace\n|\n|t:|1783549820\n|switch|p2a: Sudowoodo|Sudowoodo, L94, F|61/284\n|turn|23\n|inactive|Time left: 300 sec this turn | 300 sec total\n|\n|t:|1783549820\n|move|p2a: Sudowoodo|Sucker Punch|p1a: Hydrapple\n|-damage|p1a: Hydrapple|3/100\n|move|p1a: Hydrapple|Fickle Beam|p2a: Sudowoodo\n|-damage|p2a: Sudowoodo|0 fnt\n|faint|p2a: Sudowoodo\n|\n|win|p0x9173068", "uploadtime": 1783549820, "views": 0, "rating": 0, "private": 0, "password": null, "_winner": "p0x9173068", "_our_name": "p0y9171304"}