{"id": "battle-gen9randombattle-821", "formatid": "gen9randombattle", "format": "[Gen 9] Random Battle", "players": ["p0x82103df", "p0y8214512"], "log": "|init|battle\n|title|p0x82103df vs. p0y8214512\n|j|\u2606p0x82103df\n|j|\u2606p0y8214512\n|t:|1783548670\n|gametype|singles\n|player|p1|p0x82103df|1|\n|player|p2|p0y8214512|169|\n|gen|9\n|tier|[Gen 9] Random Battle\n|rule|Species Clause: Limit one of each Pok\u00e9mon\n|rule|HP Percentage Mod: HP is shown in percentages\n|rule|Sleep Clause Mod: Limit one foe put to sleep\n|rule|Illusion Level Mod: Illusion disguises the Pok\u00e9mon's true level\n|\n|t:|1783548670\n|teamsize|p1|6\n|teamsize|p2|6\n|start\n|switch|p1a: Decidueye|Decidueye, L88, F|100/100\n|switch|p2a: Zekrom|Zekrom, L71|259/259\n|-ability|p2a: Zekrom|Teravolt\n|turn|1\n|inactive|Battle timer is ON: inactive players will automatically lose when time's up. (requested by p0y8214512)\n|inactive|p0x82103df also wants the timer to be on.\n|\n|t:|1783548671\n|move|p1a: Decidueye|Knock Off|p2a: Zekrom\n|-damage|p2a: Zekrom|177/259\n|-enditem|p2a: Zekrom|Leftovers|[from] move: Knock Off|[of] p1a: Decidueye\n|move|p2a: Zekrom|Outrage|p1a: Decidueye\n|-damage|p1a: Decidueye|54/100\n|\n|upkeep\n|turn|2\n|inactive|Time left: 300 sec this turn | 300 sec total\n|\n|t:|1783548672\n|move|p1a: Decidueye|Spirit Shackle|p2a: Zekrom\n|-damage|p2a: Zekrom|77/259\n|-activate|p2a: Zekrom|trapped\n|move|p2a: Zekrom|Outrage|p1a: Decidueye|[from] lockedmove\n|-damage|p1a: Decidueye|2/100\n|\n|upkeep\n|turn|3\n|inactive|Time left: 300 sec this turn | 300 sec total\n|\n|t:|1783548673\n|move|p1a: Decidueye|Spirit Shackle|p2a: Zekrom\n|-damage|p2a: Zekrom|0 fnt\n|faint|p2a: Zekrom\n|\n|upkeep\n|inactive|Time left: 300 sec this turn | 300 sec total | 5 sec grace\n|\n|t:|1783548674\n|switch|p2a: Pyroar|Pyroar, L88, F|295/295\n|-ability|p2a: Pyroar|Unnerve\n|turn|4\n|inactive|Time left: 300 sec this turn | 300 sec total\n|\n|t:|1783548675\n|switch|p1a: Clawitzer|Clawitzer, L87, F|100/100\n|move|p2a: Pyroar|Work Up|p2a: Pyroar\n|-boost|p2a: Pyroar|atk|1\n|-boost|p2a: Pyroar|spa|1\n|\n|upkeep\n|turn|5\n|inactive|Time left: 300 sec this turn | 300 sec total\n|\n|t:|1783548676\n|move|p2a: Pyroar|Dark Pulse|p1a: Clawitzer\n|-damage|p1a: Clawitzer|64/100\n|move|p1a: Clawitzer|Water Pulse|p2a: Pyroar\n|-supereffective|p2a: Pyroar\n|-damage|p2a: Pyroar|0 fnt\n|faint|p2a: Pyroar\n|\n|upkeep\n|inactive|Time left: 300 sec this turn | 300 sec total | 5 sec grace\n|\n|t:|1783548677\n|switch|p2a: Victreebel|Victreebel, L90, M|290/290\n|turn|6\n|inactive|Time left: 300 sec this turn | 300 sec total\n|\n|t:|1783548678\n|switch|p1a: Decidueye|Decidueye, L88, F|2/100\n|move|p2a: Victreebel|Power Whip|p1a: Decidueye\n|-resisted|p1a: Decidueye\n|-damage|p1a: Decidueye|0 fnt\n|faint|p1a: Decidueye\n|-damage|p2a: Victreebel|261/290|[from] item: Life Orb\n|\n|upkeep\n|\n|t:|1783548679\n|switch|p1a: Iron Leaves|Iron Leaves, L80|100/100\n|turn|7\n|inactive|Time left: 300 sec this turn | 300 sec total\n|\n|t:|1783548680\n|move|p1a: Iron Leaves|Psyblade|p2a: Victreebel\n|-supereffective|p2a: Victreebel\n|-damage|p2a: Victreebel|0 fnt\n|faint|p2a: Victreebel\n|-damage|p1a: Iron Leaves|91/100|[from] item: Life Orb\n|\n|upkeep\n|inactive|Time left: 300 sec this turn | 300 sec total | 5 sec grace\n|\n|t:|1783548680\n|switch|p2a: Mesprit|Mesprit, L85|275/275\n|turn|8\n|inactive|Time left: 300 sec this turn | 300 sec total\n|\n|t:|1783548682\n|move|p1a: Iron Leaves|Swords Dance|p1a: Iron Leaves\n|-boost|p1a: Iron Leaves|atk|2\n|move|p2a: Mesprit|Knock Off|p1a: Iron Leaves\n|-supereffective|p1a: Iron Leaves\n|-damage|p1a: Iron Leaves|33/100\n|-enditem|p1a: Iron Leaves|Life Orb|[from] move: Knock Off|[of] p2a: Mesprit\n|\n|upkeep\n|turn|9\n|inactive|Time left: 300 sec this turn | 300 sec total\n|\n|t:|1783548683\n|move|p1a: Iron Leaves|Leaf Blade|p2a: Mesprit\n|-damage|p2a: Mesprit|79/275\n|move|p2a: Mesprit|Ice Beam|p1a: Iron Leaves\n|-supereffective|p1a: Iron Leaves\n|-damage|p1a: Iron Leaves|0 fnt\n|faint|p1a: Iron Leaves\n|-end|p1a: Iron Leaves|Quark Drive|[silent]\n|\n|-heal|p2a: Mesprit|96/275|[from] item: Leftovers\n|upkeep\n|\n|t:|1783548684\n|switch|p1a: Clawitzer|Clawitzer, L87, F|64/100\n|turn|10\n|inactive|Time left: 300 sec this turn | 300 sec total\n|\n|t:|1783548685\n|move|p2a: Mesprit|Knock Off|p1a: Clawitzer\n|-damage|p1a: Clawitzer|34/100\n|-enditem|p1a: Clawitzer|Choice Specs|[from] move: Knock Off|[of] p2a: Mesprit\n|move|p1a: Clawitzer|Water Pulse|p2a: Mesprit\n|-damage|p2a: Mesprit|0 fnt\n|faint|p2a: Mesprit\n|\n|upkeep\n|inactive|Time left: 300 sec this turn | 300 sec total | 5 sec grace\n|\n|t:|1783548686\n|switch|p2a: Iron Treads|Iron Treads, L77|265/265\n|turn|11\n|inactive|Time left: 300 sec this turn | 300 sec total\n|\n|t:|1783548688\n|switch|p1a: Milotic|Milotic, L83, M|100/100\n|move|p2a: Iron Treads|Earthquake|p1a: Milotic\n|-damage|p1a: Milotic|66/100\n|\n|-heal|p1a: Milotic|73/100|[from] item: Leftovers\n|upkeep\n|turn|12\n|inactive|Time left: 300 sec this turn | 300 sec total\n|\n|t:|1783548689\n|move|p2a: Iron Treads|Volt Switch|p1a: Milotic\n|-supereffective|p1a: Milotic\n|-damage|p1a: Milotic|55/100\n|inactive|Time left: 300 sec this turn | 300 sec total | 5 sec grace\n|\n|t:|1783548690\n|-end|p2a: Iron Treads|Quark Drive|[silent]\n|switch|p2a: Altaria|Altaria, L89, F|278/278|[from] Volt Switch\n|move|p1a: Milotic|Scald|p2a: Altaria\n|-resisted|p2a: Altaria\n|-damage|p2a: Altaria|241/278\n|\n|-heal|p1a: Milotic|62/100|[from] item: Leftovers\n|upkeep\n|turn|13\n|inactive|Time left: 300 sec this turn | 300 sec total\n|\n|t:|1783548691\n|move|p2a: Altaria|Roost|p2a: Altaria\n|-heal|p2a: Altaria|278/278\n|-singleturn|p2a: Altaria|move: Roost\n|move|p1a: Milotic|Recover|p1a: Milotic\n|-heal|p1a: Milotic|100/100\n|\n|upkeep\n|turn|14\n|inactive|Time left: 300 sec this turn | 300 sec total\n|\n|t:|1783548692\n|move|p2a: Altaria|Will-O-Wisp|p1a: Milotic\n|-status|p1a: Milotic|brn\n|move|p1a: Milotic|Ice Beam|p2a: Altaria\n|-supereffective|p2a: Altaria\n|-damage|p2a: Altaria|70/278\n|\n|-damage|p1a: Milotic|94/100 brn|[from] brn\n|upkeep\n|turn|15\n|inactive|Time left: 300 sec this turn | 300 sec total\n|\n|t:|1783548693\n|move|p2a: Altaria|Roost|p2a: Altaria\n|-heal|p2a: Altaria|209/278\n|-singleturn|p2a: Altaria|move: Roost\n|move|p1a: Milotic|Scald|p2a: Altaria\n|-resisted|p2a: Altaria\n|-damage|p2a: Altaria|176/278\n|\n|-heal|p1a: Milotic|100/100 brn|[from] item: Leftovers\n|-damage|p1a: Milotic|94/100 brn|[from] brn\n|upkeep\n|turn|16\n|inactive|Time left: 300 sec this turn | 300 sec total\n|\n|t:|1783548694\n|move|p2a: Altaria|Roost|p2a: Altaria\n|-heal|p2a: Altaria|278/278\n|-singleturn|p2a: Altaria|move: Roost\n|move|p1a: Milotic|Ice Beam|p2a: Altaria\n|-supereffective|p2a: Altaria\n|-damage|p2a: Altaria|176/278\n|\n|-heal|p1a: Milotic|100/100 brn|[from] item: Leftovers\n|-damage|p1a: Milotic|94/100 brn|[from] brn\n|upkeep\n|turn|17\n|inactive|Time left: 300 sec this turn | 300 sec total\n|\n|t:|1783548695\n|move|p2a: Altaria|Roost|p2a: Altaria\n|-heal|p2a: Altaria|278/278\n|-singleturn|p2a: Altaria|move: Roost\n|move|p1a: Milotic|Ice Beam|p2a: Altaria\n|-supereffective|p2a: Altaria\n|-damage|p2a: Altaria|162/278\n|\n|-heal|p1a: Milotic|100/100 brn|[from] item: Leftovers\n|-damage|p1a: Milotic|94/100 brn|[from] brn\n|upkeep\n|turn|18\n|inactive|Time left: 300 sec this turn | 300 sec total\n|\n|t:|1783548696\n|move|p2a: Altaria|Roost|p2a: Altaria\n|-heal|p2a: Altaria|278/278\n|-singleturn|p2a: Altaria|move: Roost\n|move|p1a: Milotic|Ice Beam|p2a: Altaria\n|-supereffective|p2a: Altaria\n|-damage|p2a: Altaria|166/278\n|\n|-heal|p1a: Milotic|100/100 brn|[from] item: Leftovers\n|-damage|p1a: Milotic|94/100 brn|[from] brn\n|upkeep\n|turn|19\n|inactive|Time left: 300 sec this turn | 300 sec total\n|\n|t:|1783548697\n|move|p2a: Altaria|Roost|p2a: Altaria\n|-heal|p2a: Altaria|278/278\n|-singleturn|p2a: Altaria|move: Roost\n|move|p1a: Milotic|Ice Beam|p2a: Altaria\n|-supereffective|p2a: Altaria\n|-damage|p2a: Altaria|164/278\n|-status|p2a: Altaria|frz\n|\n|-heal|p1a: Milotic|100/100 brn|[from] item: Leftovers\n|-damage|p1a: Milotic|94/100 brn|[from] brn\n|upkeep\n|turn|20\n|inactive|Time left: 300 sec this turn | 300 sec total\n|\n|t:|1783548698\n|-curestatus|p2a: Altaria|frz|[from] ability: Natural Cure|[silent]\n|switch|p2a: Iron Treads|Iron Treads, L77|265/265\n|move|p1a: Milotic|Ice Beam|p2a: Iron Treads\n|-damage|p2a: Iron Treads|184/265\n|-status|p2a: Iron Treads|frz\n|\n|-heal|p2a: Iron Treads|200/265 frz|[from] item: Leftovers\n|-heal|p1a: Milotic|100/100 brn|[from] item: Leftovers\n|-damage|p1a: Milotic|94/100 brn|[from] brn\n|upkeep\n|turn|21\n|inactive|Time left: 300 sec this turn | 300 sec total\n|\n|t:|1783548699\n|cant|p2a: Iron Treads|frz\n|move|p1a: Milotic|Scald|p2a: Iron Treads\n|-supereffective|p2a: Iron Treads\n|-damage|p2a: Iron Treads|0 fnt\n|faint|p2a: Iron Treads\n|-end|p2a: Iron Treads|Quark Drive|[silent]\n|\n|-heal|p1a: Milotic|100/100 brn|[from] item: Leftovers\n|-damage|p1a: Milotic|94/100 brn|[from] brn\n|upkeep\n|inactive|Time left: 300 sec this turn | 300 sec total | 5 sec grace\n|\n|t:|1783548700\n|switch|p2a: Altaria|Altaria, L89, F|164/278\n|turn|22\n|inactive|Time left: 300 sec this turn | 300 sec total\n|\n|t:|1783548701\n|move|p2a: Altaria|Roost|p2a: Altaria\n|-heal|p2a: Altaria|278/278\n|-singleturn|p2a: Altaria|move: Roost\n|move|p1a: Milotic|Ice Beam|p2a: Altaria\n|-supereffective|p2a: Altaria\n|-damage|p2a: Altaria|172/278\n|\n|-heal|p1a: Milotic|100/100 brn|[from] item: Leftovers\n|-damage|p1a: Milotic|94/100 brn|[from] brn\n|upkeep\n|turn|23\n|inactive|Time left: 300 sec this turn | 300 sec total\n|\n|t:|1783548702\n|move|p2a: Altaria|Roost|p2a: Altaria\n|-heal|p2a: Altaria|278/278\n|-singleturn|p2a: Altaria|move: Roost\n|move|p1a: Milotic|Ice Beam|p2a: Altaria\n|-supereffective|p2a: Altaria\n|-damage|p2a: Altaria|164/278\n|\n|-heal|p1a: Milotic|100/100 brn|[from] item: Leftovers\n|-damage|p1a: Milotic|94/100 brn|[from] brn\n|upkeep\n|turn|24\n|inactive|Time left: 300 sec this turn | 300 sec total\n|\n|t:|1783548703\n|-terastallize|p2a: Altaria|Steel\n|move|p2a: Altaria|Defog|p1a: Milotic\n|-unboost|p1a: Milotic|evasion|1\n|-ability|p1a: Milotic|Competitive|boost\n|-boost|p1a: Milotic|spa|2\n|move|p1a: Milotic|Ice Beam|p2a: Altaria\n|-resisted|p2a: Altaria\n|-damage|p2a: Altaria|109/278\n|\n|-heal|p1a: Milotic|100/100 brn|[from] item: Leftovers\n|-damage|p1a: Milotic|94/100 brn|[from] brn\n|upkeep\n|turn|25\n|inactive|Time left: 300 sec this turn | 300 sec total\n|\n|t:|1783548704\n|-terastallize|p1a: Milotic|Dragon\n|move|p2a: Altaria|Defog|p1a: Milotic\n|-unboost|p1a: Milotic|evasion|1\n|-ability|p1a: Milotic|Competitive|boost\n|-boost|p1a: Milotic|spa|2\n|move|p1a: Milotic|Scald|p2a: Altaria\n|-crit|p2a: Altaria\n|-damage|p2a: Altaria|0 fnt\n|faint|p2a: Altaria\n|\n|win|p0x82103df", "uploadtime": 1783548704, "views": 0, "rating": 0, "private": 0, "password": null, "_winner": "p0x82103df", "_our_name": "p0y8214512"}