{"id": "battle-gen9randombattle-2348", "formatid": "gen9randombattle", "format": "[Gen 9] Random Battle", "players": ["p0x23485e07", "p0y2348b9cc"], "log": "|init|battle\n|title|p0x23485e07 vs. p0y2348b9cc\n|j|\u2606p0x23485e07\n|j|\u2606p0y2348b9cc\n|t:|1783566223\n|gametype|singles\n|player|p1|p0x23485e07|1|\n|player|p2|p0y2348b9cc|266|\n|gen|9\n|tier|[Gen 9] Random Battle\n|rule|Species Clause: Limit one of each Pok\u00e9mon\n|rule|HP Percentage Mod: HP is shown in percentages\n|rule|Sleep Clause Mod: Limit one foe put to sleep\n|rule|Illusion Level Mod: Illusion disguises the Pok\u00e9mon's true level\n|\n|t:|1783566223\n|teamsize|p1|6\n|teamsize|p2|6\n|start\n|switch|p1a: Deoxys|Deoxys, L74|100/100\n|switch|p2a: Brute Bonnet|Brute Bonnet, L80|309/309\n|-ability|p1a: Deoxys|Pressure\n|turn|1\n|inactive|Battle timer is ON: inactive players will automatically lose when time's up. (requested by p0y2348b9cc)\n|inactive|p0x23485e07 also wants the timer to be on.\n|\n|t:|1783566224\n|switch|p1a: Wo-Chien|Wo-Chien, L83|100/100\n|-ability|p1a: Wo-Chien|Tablets of Ruin\n|move|p2a: Brute Bonnet|Crunch|p1a: Wo-Chien\n|-resisted|p1a: Wo-Chien\n|-damage|p1a: Wo-Chien|89/100\n|-unboost|p1a: Wo-Chien|def|1\n|\n|-heal|p1a: Wo-Chien|95/100|[from] item: Leftovers\n|upkeep\n|turn|2\n|inactive|Time left: 300 sec this turn | 300 sec total\n|\n|t:|1783566226\n|move|p1a: Wo-Chien|Ruination|p2a: Brute Bonnet\n|-damage|p2a: Brute Bonnet|155/309\n|move|p2a: Brute Bonnet|Seed Bomb|p1a: Wo-Chien\n|-resisted|p1a: Wo-Chien\n|-damage|p1a: Wo-Chien|76/100\n|\n|-heal|p1a: Wo-Chien|82/100|[from] item: Leftovers\n|-heal|p2a: Brute Bonnet|174/309|[from] item: Leftovers\n|upkeep\n|turn|3\n|inactive|Time left: 300 sec this turn | 300 sec total\n|\n|t:|1783566227\n|move|p1a: Wo-Chien|Ruination|p2a: Brute Bonnet\n|-damage|p2a: Brute Bonnet|87/309\n|move|p2a: Brute Bonnet|Seed Bomb|p1a: Wo-Chien\n|-resisted|p1a: Wo-Chien\n|-damage|p1a: Wo-Chien|65/100\n|\n|-heal|p1a: Wo-Chien|71/100|[from] item: Leftovers\n|-heal|p2a: Brute Bonnet|106/309|[from] item: Leftovers\n|upkeep\n|turn|4\n|inactive|Time left: 300 sec this turn | 300 sec total\n|\n|t:|1783566228\n|move|p1a: Wo-Chien|Knock Off|p2a: Brute Bonnet\n|-resisted|p2a: Brute Bonnet\n|-damage|p2a: Brute Bonnet|61/309\n|-enditem|p2a: Brute Bonnet|Leftovers|[from] move: Knock Off|[of] p1a: Wo-Chien\n|move|p2a: Brute Bonnet|Seed Bomb|p1a: Wo-Chien\n|-resisted|p1a: Wo-Chien\n|-damage|p1a: Wo-Chien|54/100\n|\n|-heal|p1a: Wo-Chien|60/100|[from] item: Leftovers\n|upkeep\n|turn|5\n|inactive|Time left: 300 sec this turn | 300 sec total\n|\n|t:|1783566229\n|move|p1a: Wo-Chien|Giga Drain|p2a: Brute Bonnet\n|-resisted|p2a: Brute Bonnet\n|-damage|p2a: Brute Bonnet|25/309\n|-heal|p1a: Wo-Chien|67/100|[from] drain|[of] p2a: Brute Bonnet\n|move|p2a: Brute Bonnet|Crunch|p1a: Wo-Chien\n|-resisted|p1a: Wo-Chien\n|-damage|p1a: Wo-Chien|49/100\n|-unboost|p1a: Wo-Chien|def|1\n|\n|-heal|p1a: Wo-Chien|55/100|[from] item: Leftovers\n|upkeep\n|turn|6\n|inactive|Time left: 300 sec this turn | 300 sec total\n|\n|t:|1783566230\n|-end|p2a: Brute Bonnet|Protosynthesis|[silent]\n|switch|p2a: Scrafty|Scrafty, L83, F|244/244\n|-ability|p2a: Scrafty|Intimidate|boost\n|-unboost|p1a: Wo-Chien|atk|1\n|move|p1a: Wo-Chien|Giga Drain|p2a: Scrafty\n|-damage|p2a: Scrafty|180/244\n|-heal|p1a: Wo-Chien|66/100|[from] drain|[of] p2a: Scrafty\n|\n|-heal|p1a: Wo-Chien|72/100|[from] item: Leftovers\n|-heal|p2a: Scrafty|195/244|[from] item: Leftovers\n|upkeep\n|turn|7\n|inactive|Time left: 300 sec this turn | 300 sec total\n|\n|t:|1783566231\n|switch|p1a: Archaludon|Archaludon, L78, M|100/100\n|move|p2a: Scrafty|Dragon Dance|p2a: Scrafty\n|-boost|p2a: Scrafty|atk|1\n|-boost|p2a: Scrafty|spe|1\n|\n|-heal|p2a: Scrafty|210/244|[from] item: Leftovers\n|upkeep\n|turn|8\n|inactive|Time left: 300 sec this turn | 300 sec total\n|\n|t:|1783566232\n|-terastallize|p1a: Archaludon|Fighting\n|move|p2a: Scrafty|Drain Punch|p1a: Archaludon\n|-damage|p1a: Archaludon|70/100\n|-heal|p2a: Scrafty|244/244|[from] drain|[of] p1a: Archaludon\n|-ability|p1a: Archaludon|Stamina|boost\n|-boost|p1a: Archaludon|def|1\n|move|p1a: Archaludon|Body Press|p2a: Scrafty\n|-supereffective|p2a: Scrafty\n|-damage|p2a: Scrafty|26/244\n|\n|-heal|p2a: Scrafty|41/244|[from] item: Leftovers\n|upkeep\n|turn|9\n|inactive|Time left: 300 sec this turn | 300 sec total\n|\n|t:|1783566233\n|move|p2a: Scrafty|Drain Punch|p1a: Archaludon\n|-damage|p1a: Archaludon|47/100\n|-heal|p2a: Scrafty|73/244|[from] drain|[of] p1a: Archaludon\n|-ability|p1a: Archaludon|Stamina|boost\n|-boost|p1a: Archaludon|def|1\n|move|p1a: Archaludon|Flash Cannon|p2a: Scrafty\n|-damage|p2a: Scrafty|0 fnt\n|faint|p2a: Scrafty\n|\n|upkeep\n|inactive|Time left: 300 sec this turn | 300 sec total | 5 sec grace\n|\n|t:|1783566235\n|switch|p2a: Landorus|Landorus, L75, M|257/257\n|turn|10\n|inactive|Time left: 300 sec this turn | 300 sec total\n|\n|t:|1783566236\n|switch|p1a: Wo-Chien|Wo-Chien, L83|72/100\n|-ability|p1a: Wo-Chien|Tablets of Ruin\n|move|p2a: Landorus|Earth Power|p1a: Wo-Chien\n|-resisted|p1a: Wo-Chien\n|-damage|p1a: Wo-Chien|54/100\n|\n|-heal|p1a: Wo-Chien|60/100|[from] item: Leftovers\n|upkeep\n|turn|11\n|inactive|Time left: 300 sec this turn | 300 sec total\n|\n|t:|1783566237\n|move|p2a: Landorus|Focus Blast|p1a: Wo-Chien\n|-supereffective|p1a: Wo-Chien\n|-damage|p1a: Wo-Chien|0 fnt\n|faint|p1a: Wo-Chien\n|\n|upkeep\n|\n|t:|1783566238\n|switch|p1a: Deoxys|Deoxys, L74|100/100\n|-ability|p1a: Deoxys|Pressure\n|turn|12\n|inactive|Time left: 300 sec this turn | 300 sec total\n|\n|t:|1783566239\n|switch|p2a: Brute Bonnet|Brute Bonnet, L80|25/309\n|move|p1a: Deoxys|Psycho Boost|p2a: Brute Bonnet\n|-immune|p2a: Brute Bonnet\n|\n|upkeep\n|turn|13\n|inactive|Time left: 300 sec this turn | 300 sec total\n|\n|t:|1783566240\n|switch|p1a: Gouging Fire|Gouging Fire, L74|100/100\n|move|p2a: Brute Bonnet|Sucker Punch||[still]\n|-fail|p2a: Brute Bonnet\n|\n|upkeep\n|turn|14\n|inactive|Time left: 300 sec this turn | 300 sec total\n|\n|t:|1783566241\n|move|p2a: Brute Bonnet|Sucker Punch||[still]\n|-fail|p2a: Brute Bonnet\n|move|p1a: Gouging Fire|Dragon Dance|p1a: Gouging Fire\n|-boost|p1a: Gouging Fire|atk|1\n|-boost|p1a: Gouging Fire|spe|1\n|\n|upkeep\n|turn|15\n|inactive|Time left: 300 sec this turn | 300 sec total\n|\n|t:|1783566242\n|move|p1a: Gouging Fire|Outrage|p2a: Brute Bonnet\n|-damage|p2a: Brute Bonnet|0 fnt\n|faint|p2a: Brute Bonnet\n|-end|p2a: Brute Bonnet|Protosynthesis|[silent]\n|\n|upkeep\n|inactive|Time left: 300 sec this turn | 300 sec total | 5 sec grace\n|\n|t:|1783566243\n|switch|p2a: Landorus|Landorus, L75, M|257/257\n|turn|16\n|inactive|Time left: 300 sec this turn | 300 sec total\n|\n|t:|1783566244\n|move|p1a: Gouging Fire|Outrage|p2a: Landorus|[from] lockedmove\n|-damage|p2a: Landorus|71/257\n|move|p2a: Landorus|Earth Power|p1a: Gouging Fire\n|-supereffective|p1a: Gouging Fire\n|-damage|p1a: Gouging Fire|0 fnt\n|faint|p1a: Gouging Fire\n|-end|p1a: Gouging Fire|Protosynthesis|[silent]\n|\n|upkeep\n|\n|t:|1783566246\n|switch|p1a: Deoxys|Deoxys, L74|100/100\n|-ability|p1a: Deoxys|Pressure\n|turn|17\n|inactive|Time left: 300 sec this turn | 300 sec total\n|\n|t:|1783566247\n|move|p1a: Deoxys|Knock Off|p2a: Landorus\n|-damage|p2a: Landorus|0 fnt\n|-enditem|p2a: Landorus|Life Orb|[from] move: Knock Off|[of] p1a: Deoxys\n|faint|p2a: Landorus\n|-damage|p1a: Deoxys|91/100|[from] item: Life Orb\n|\n|upkeep\n|inactive|Time left: 300 sec this turn | 300 sec total | 5 sec grace\n|\n|t:|1783566247\n|switch|p2a: Raikou|Raikou, L81|278/278\n|-ability|p2a: Raikou|Pressure\n|turn|18\n|inactive|Time left: 300 sec this turn | 300 sec total\n|\n|t:|1783566249\n|move|p1a: Deoxys|Psycho Boost|p2a: Raikou\n|-damage|p2a: Raikou|91/278\n|-unboost|p1a: Deoxys|spa|2\n|-damage|p1a: Deoxys|81/100|[from] item: Life Orb\n|move|p2a: Raikou|Thunderbolt|p1a: Deoxys\n|-damage|p1a: Deoxys|0 fnt\n|faint|p1a: Deoxys\n|\n|-heal|p2a: Raikou|108/278|[from] item: Leftovers\n|upkeep\n|\n|t:|1783566250\n|switch|p1a: Gurdurr|Gurdurr, L85, M|100/100\n|turn|19\n|inactive|Time left: 300 sec this turn | 300 sec total\n|\n|t:|1783566251\n|switch|p2a: Qwilfish|Qwilfish, L86, M|252/252\n|-ability|p2a: Qwilfish|Intimidate|boost\n|-unboost|p1a: Gurdurr|atk|1\n|move|p1a: Gurdurr|Knock Off|p2a: Qwilfish\n|-damage|p2a: Qwilfish|203/252\n|-enditem|p2a: Qwilfish|Heavy-Duty Boots|[from] move: Knock Off|[of] p1a: Gurdurr\n|\n|upkeep\n|turn|20\n|inactive|Time left: 300 sec this turn | 300 sec total\n|\n|t:|1783566252\n|switch|p1a: Gholdengo|Gholdengo, L77|100/100\n|move|p2a: Qwilfish|Flip Turn|p1a: Gholdengo\n|-damage|p1a: Gholdengo|73/100\n|inactive|Time left: 300 sec this turn | 300 sec total | 5 sec grace\n|\n|t:|1783566253\n|switch|p2a: Raikou|Raikou, L81|108/278|[from] Flip Turn\n|-ability|p2a: Raikou|Pressure\n|\n|-heal|p2a: Raikou|125/278|[from] item: Leftovers\n|-heal|p1a: Gholdengo|79/100|[from] item: Leftovers\n|upkeep\n|turn|21\n|inactive|Time left: 300 sec this turn | 300 sec total\n|\n|t:|1783566253\n|move|p2a: Raikou|Calm Mind|p2a: Raikou\n|-boost|p2a: Raikou|spa|1\n|-boost|p2a: Raikou|spd|1\n|move|p1a: Gholdengo|Nasty Plot|p1a: Gholdengo\n|-boost|p1a: Gholdengo|spa|2\n|\n|-heal|p2a: Raikou|142/278|[from] item: Leftovers\n|-heal|p1a: Gholdengo|85/100|[from] item: Leftovers\n|upkeep\n|turn|22\n|inactive|Time left: 300 sec this turn | 300 sec total\n|\n|t:|1783566254\n|move|p2a: Raikou|Thunderbolt|p1a: Gholdengo\n|-damage|p1a: Gholdengo|24/100\n|-status|p1a: Gholdengo|par\n|move|p1a: Gholdengo|Shadow Ball|p2a: Raikou\n|-damage|p2a: Raikou|28/278\n|\n|-heal|p2a: Raikou|45/278|[from] item: Leftovers\n|-heal|p1a: Gholdengo|30/100 par|[from] item: Leftovers\n|upkeep\n|turn|23\n|inactive|Time left: 300 sec this turn | 300 sec total\n|\n|t:|1783566255\n|move|p2a: Raikou|Scald|p1a: Gholdengo\n|-damage|p1a: Gholdengo|0 fnt\n|faint|p1a: Gholdengo\n|\n|-heal|p2a: Raikou|62/278|[from] item: Leftovers\n|upkeep\n|\n|t:|1783566256\n|switch|p1a: Gurdurr|Gurdurr, L85, M|100/100\n|turn|24\n|inactive|Time left: 300 sec this turn | 300 sec total\n|\n|t:|1783566257\n|move|p2a: Raikou|Thunderbolt|p1a: Gurdurr\n|-damage|p1a: Gurdurr|45/100\n|move|p1a: Gurdurr|Drain Punch|p2a: Raikou\n|-damage|p2a: Raikou|0 fnt\n|-heal|p1a: Gurdurr|56/100|[from] drain|[of] p2a: Raikou\n|faint|p2a: Raikou\n|\n|upkeep\n|inactive|Time left: 300 sec this turn | 300 sec total | 5 sec grace\n|\n|t:|1783566258\n|switch|p2a: Decidueye|Decidueye, L88, M|281/281\n|turn|25\n|inactive|Time left: 300 sec this turn | 300 sec total\n|\n|t:|1783566258\n|move|p2a: Decidueye|Leaf Storm|p1a: Gurdurr|[miss]\n|-miss|p2a: Decidueye|p1a: Gurdurr\n|move|p1a: Gurdurr|Knock Off|p2a: Decidueye\n|-supereffective|p2a: Decidueye\n|-damage|p2a: Decidueye|115/281\n|-enditem|p2a: Decidueye|Life Orb|[from] move: Knock Off|[of] p1a: Gurdurr\n|\n|upkeep\n|turn|26\n|inactive|Time left: 300 sec this turn | 300 sec total\n|\n|t:|1783566259\n|move|p2a: Decidueye|Leaf Storm|p1a: Gurdurr|[miss]\n|-miss|p2a: Decidueye|p1a: Gurdurr\n|move|p1a: Gurdurr|Knock Off|p2a: Decidueye\n|-supereffective|p2a: Decidueye\n|-damage|p2a: Decidueye|13/281\n|\n|upkeep\n|turn|27\n|inactive|Time left: 300 sec this turn | 300 sec total\n|\n|t:|1783566260\n|move|p2a: Decidueye|Leaf Storm|p1a: Gurdurr\n|-damage|p1a: Gurdurr|0 fnt\n|-unboost|p2a: Decidueye|spa|2\n|faint|p1a: Gurdurr\n|\n|upkeep\n|\n|t:|1783566260\n|switch|p1a: Archaludon|Archaludon, L78, M, tera:Fighting|47/100\n|turn|28\n|inactive|Time left: 300 sec this turn | 300 sec total\n|\n|t:|1783566261\n|-terastallize|p2a: Decidueye|Dark\n|move|p1a: Archaludon|Flash Cannon|p2a: Decidueye\n|-damage|p2a: Decidueye|0 fnt\n|faint|p2a: Decidueye\n|\n|upkeep\n|inactive|Time left: 300 sec this turn | 300 sec total | 5 sec grace\n|\n|t:|1783566262\n|switch|p2a: Qwilfish|Qwilfish, L86, M|203/252\n|-ability|p2a: Qwilfish|Intimidate|boost\n|-unboost|p1a: Archaludon|atk|1\n|turn|29\n|inactive|Time left: 300 sec this turn | 300 sec total\n|\n|t:|1783566262\n|move|p2a: Qwilfish|Gunk Shot|p1a: Archaludon\n|-damage|p1a: Archaludon|8/100\n|-ability|p1a: Archaludon|Stamina|boost\n|-boost|p1a: Archaludon|def|1\n|move|p1a: Archaludon|Draco Meteor|p2a: Qwilfish\n|-damage|p2a: Qwilfish|13/252\n|-unboost|p1a: Archaludon|spa|2\n|\n|upkeep\n|turn|30\n|inactive|Time left: 300 sec this turn | 300 sec total\n|\n|t:|1783566263\n|move|p2a: Qwilfish|Flip Turn|p1a: Archaludon\n|-damage|p1a: Archaludon|0 fnt\n|faint|p1a: Archaludon\n|\n|win|p0y2348b9cc", "uploadtime": 1783566263, "views": 0, "rating": 0, "private": 0, "password": null, "_winner": "p0y2348b9cc", "_our_name": "p0y2348b9cc"}