{"id": "battle-gen9randombattle-896", "formatid": "gen9randombattle", "format": "[Gen 9] Random Battle", "players": ["p0x896387b", "p0y896ed63"], "log": "|init|battle\n|title|p0x896387b vs. p0y896ed63\n|j|\u2606p0x896387b\n|j|\u2606p0y896ed63\n|t:|1783550312\n|gametype|singles\n|player|p1|p0x896387b|169|\n|player|p2|p0y896ed63|101|\n|gen|9\n|tier|[Gen 9] Random Battle\n|rule|Species Clause: Limit one of each Pok\u00e9mon\n|rule|HP Percentage Mod: HP is shown in percentages\n|rule|Sleep Clause Mod: Limit one foe put to sleep\n|rule|Illusion Level Mod: Illusion disguises the Pok\u00e9mon's true level\n|\n|t:|1783550312\n|teamsize|p1|6\n|teamsize|p2|6\n|start\n|switch|p1a: Sinistcha|Sinistcha, L83|100/100\n|switch|p2a: Moltres|Moltres-Galar, L79|271/271\n|turn|1\n|inactive|Battle timer is ON: inactive players will automatically lose when time's up. (requested by p0y896ed63)\n|inactive|p0x896387b also wants the timer to be on.\n|\n|t:|1783550314\n|move|p2a: Moltres|Nasty Plot|p2a: Moltres\n|-boost|p2a: Moltres|spa|2\n|move|p1a: Sinistcha|Strength Sap|p2a: Moltres\n|-unboost|p2a: Moltres|atk|1\n|\n|upkeep\n|turn|2\n|inactive|Time left: 300 sec this turn | 300 sec total\n|\n|t:|1783550315\n|switch|p1a: Clawitzer|Clawitzer, L87, F|100/100\n|move|p2a: Moltres|Fiery Wrath|p1a: Clawitzer\n|-damage|p1a: Clawitzer|58/100\n|\n|upkeep\n|turn|3\n|inactive|Time left: 300 sec this turn | 300 sec total\n|\n|t:|1783550315\n|move|p2a: Moltres|Fiery Wrath|p1a: Clawitzer\n|-damage|p1a: Clawitzer|15/100\n|move|p1a: Clawitzer|Water Pulse|p2a: Moltres\n|-damage|p2a: Moltres|172/271\n|\n|upkeep\n|turn|4\n|inactive|Time left: 300 sec this turn | 300 sec total\n|\n|t:|1783550316\n|move|p2a: Moltres|Fiery Wrath|p1a: Clawitzer\n|-damage|p1a: Clawitzer|0 fnt\n|faint|p1a: Clawitzer\n|\n|upkeep\n|\n|t:|1783550317\n|switch|p1a: Urshifu|Urshifu-Rapid-Strike, L75, F|100/100\n|turn|5\n|inactive|Time left: 300 sec this turn | 300 sec total\n|\n|t:|1783550318\n|switch|p2a: Amoonguss|Amoonguss, L82, F|321/321\n|move|p1a: Urshifu|Surging Strikes|p2a: Amoonguss\n|-resisted|p2a: Amoonguss\n|-crit|p2a: Amoonguss\n|-damage|p2a: Amoonguss|290/321\n|-resisted|p2a: Amoonguss\n|-crit|p2a: Amoonguss\n|-damage|p2a: Amoonguss|256/321\n|-resisted|p2a: Amoonguss\n|-crit|p2a: Amoonguss\n|-damage|p2a: Amoonguss|225/321\n|-hitcount|p2a: Amoonguss|3\n|-damage|p1a: Urshifu|91/100|[from] item: Life Orb\n|\n|-heal|p2a: Amoonguss|245/321|[from] item: Leftovers\n|upkeep\n|turn|6\n|inactive|Time left: 300 sec this turn | 300 sec total\n|\n|t:|1783550319\n|move|p1a: Urshifu|Swords Dance|p1a: Urshifu\n|-boost|p1a: Urshifu|atk|2\n|move|p2a: Amoonguss|Giga Drain|p1a: Urshifu\n|-supereffective|p1a: Urshifu\n|-damage|p1a: Urshifu|18/100\n|-heal|p2a: Amoonguss|321/321|[from] drain|[of] p1a: Urshifu\n|\n|upkeep\n|turn|7\n|inactive|Time left: 300 sec this turn | 300 sec total\n|\n|t:|1783550320\n|move|p1a: Urshifu|Close Combat|p2a: Amoonguss\n|-resisted|p2a: Amoonguss\n|-damage|p2a: Amoonguss|114/321\n|-unboost|p1a: Urshifu|def|1\n|-unboost|p1a: Urshifu|spd|1\n|-damage|p1a: Urshifu|8/100|[from] item: Life Orb\n|move|p2a: Amoonguss|Giga Drain|p1a: Urshifu\n|-supereffective|p1a: Urshifu\n|-damage|p1a: Urshifu|0 fnt\n|-heal|p2a: Amoonguss|124/321|[from] drain|[of] p1a: Urshifu\n|faint|p1a: Urshifu\n|\n|-heal|p2a: Amoonguss|144/321|[from] item: Leftovers\n|upkeep\n|\n|t:|1783550321\n|switch|p1a: Hydrapple|Hydrapple, L83, M|100/100\n|turn|8\n|inactive|Time left: 300 sec this turn | 300 sec total\n|\n|t:|1783550322\n|switch|p2a: Moltres|Moltres-Galar, L79|172/271\n|move|p1a: Hydrapple|Fickle Beam|p2a: Moltres\n|-damage|p2a: Moltres|46/271\n|-ability|p2a: Moltres|Berserk|boost\n|-boost|p2a: Moltres|spa|1\n|\n|upkeep\n|turn|9\n|inactive|Time left: 300 sec this turn | 300 sec total\n|\n|t:|1783550323\n|-terastallize|p1a: Hydrapple|Dragon\n|move|p2a: Moltres|Hurricane|p1a: Hydrapple\n|-damage|p1a: Hydrapple|48/100\n|-start|p1a: Hydrapple|confusion\n|-activate|p1a: Hydrapple|confusion\n|-damage|p1a: Hydrapple|42/100|[from] confusion\n|\n|upkeep\n|turn|10\n|inactive|Time left: 300 sec this turn | 300 sec total\n|\n|t:|1783550324\n|switch|p1a: Vigoroth|Vigoroth, L85, F|100/100\n|move|p2a: Moltres|Fiery Wrath|p1a: Vigoroth\n|-damage|p1a: Vigoroth|57/100\n|\n|upkeep\n|turn|11\n|inactive|Time left: 300 sec this turn | 300 sec total\n|\n|t:|1783550325\n|switch|p2a: Cresselia|Cresselia, L80, F|323/323\n|move|p1a: Vigoroth|Body Slam|p2a: Cresselia\n|-damage|p2a: Cresselia|245/323\n|-status|p2a: Cresselia|par\n|\n|-heal|p2a: Cresselia|265/323 par|[from] item: Leftovers\n|upkeep\n|turn|12\n|inactive|Time left: 300 sec this turn | 300 sec total\n|\n|t:|1783550326\n|move|p1a: Vigoroth|Bulk Up|p1a: Vigoroth\n|-boost|p1a: Vigoroth|atk|1\n|-boost|p1a: Vigoroth|def|1\n|move|p2a: Cresselia|Calm Mind|p2a: Cresselia\n|-boost|p2a: Cresselia|spa|1\n|-boost|p2a: Cresselia|spd|1\n|\n|-heal|p2a: Cresselia|285/323 par|[from] item: Leftovers\n|upkeep\n|turn|13\n|inactive|Time left: 300 sec this turn | 300 sec total\n|\n|t:|1783550327\n|move|p1a: Vigoroth|Slack Off|p1a: Vigoroth\n|-heal|p1a: Vigoroth|100/100\n|cant|p2a: Cresselia|par\n|\n|-heal|p2a: Cresselia|305/323 par|[from] item: Leftovers\n|upkeep\n|turn|14\n|inactive|Time left: 300 sec this turn | 300 sec total\n|\n|t:|1783550328\n|move|p1a: Vigoroth|Bulk Up|p1a: Vigoroth\n|-boost|p1a: Vigoroth|atk|1\n|-boost|p1a: Vigoroth|def|1\n|move|p2a: Cresselia|Calm Mind|p2a: Cresselia\n|-boost|p2a: Cresselia|spa|1\n|-boost|p2a: Cresselia|spd|1\n|\n|-heal|p2a: Cresselia|323/323 par|[from] item: Leftovers\n|upkeep\n|turn|15\n|inactive|Time left: 300 sec this turn | 300 sec total\n|\n|t:|1783550329\n|move|p1a: Vigoroth|Body Slam|p2a: Cresselia\n|-damage|p2a: Cresselia|185/323 par\n|move|p2a: Cresselia|Moonlight|p2a: Cresselia\n|-heal|p2a: Cresselia|323/323 par\n|\n|upkeep\n|turn|16\n|inactive|Time left: 300 sec this turn | 300 sec total\n|\n|t:|1783550330\n|move|p1a: Vigoroth|Body Slam|p2a: Cresselia\n|-damage|p2a: Cresselia|172/323 par\n|cant|p2a: Cresselia|par\n|\n|-heal|p2a: Cresselia|192/323 par|[from] item: Leftovers\n|upkeep\n|turn|17\n|inactive|Time left: 300 sec this turn | 300 sec total\n|\n|t:|1783550331\n|move|p1a: Vigoroth|Body Slam|p2a: Cresselia\n|-damage|p2a: Cresselia|56/323 par\n|move|p2a: Cresselia|Moonlight|p2a: Cresselia\n|-heal|p2a: Cresselia|217/323 par\n|\n|-heal|p2a: Cresselia|237/323 par|[from] item: Leftovers\n|upkeep\n|turn|18\n|inactive|Time left: 300 sec this turn | 300 sec total\n|\n|t:|1783550332\n|move|p1a: Vigoroth|Body Slam|p2a: Cresselia\n|-damage|p2a: Cresselia|95/323 par\n|cant|p2a: Cresselia|par\n|\n|-heal|p2a: Cresselia|115/323 par|[from] item: Leftovers\n|upkeep\n|turn|19\n|inactive|Time left: 300 sec this turn | 300 sec total\n|\n|t:|1783550334\n|move|p1a: Vigoroth|Body Slam|p2a: Cresselia\n|-damage|p2a: Cresselia|0 fnt\n|faint|p2a: Cresselia\n|\n|upkeep\n|inactive|Time left: 300 sec this turn | 300 sec total | 5 sec grace\n|\n|t:|1783550335\n|switch|p2a: Amoonguss|Amoonguss, L82, F|251/321\n|turn|20\n|inactive|Time left: 300 sec this turn | 300 sec total\n|\n|t:|1783550336\n|move|p1a: Vigoroth|Body Slam|p2a: Amoonguss\n|-damage|p2a: Amoonguss|58/321\n|-status|p2a: Amoonguss|par\n|cant|p2a: Amoonguss|par\n|\n|-heal|p2a: Amoonguss|78/321 par|[from] item: Leftovers\n|upkeep\n|turn|21\n|inactive|Time left: 300 sec this turn | 300 sec total\n|\n|t:|1783550337\n|switch|p2a: Moltres|Moltres-Galar, L79|46/271\n|move|p1a: Vigoroth|Body Slam|p2a: Moltres\n|-damage|p2a: Moltres|0 fnt\n|faint|p2a: Moltres\n|\n|upkeep\n|inactive|Time left: 300 sec this turn | 300 sec total | 5 sec grace\n|\n|t:|1783550338\n|switch|p2a: Glalie|Glalie, L96, F|309/309\n|turn|22\n|inactive|Time left: 300 sec this turn | 300 sec total\n|\n|t:|1783550339\n|move|p2a: Glalie|Taunt|p1a: Vigoroth\n|-start|p1a: Vigoroth|move: Taunt\n|move|p1a: Vigoroth|Body Slam|p2a: Glalie\n|-damage|p2a: Glalie|164/309\n|-status|p2a: Glalie|par\n|\n|upkeep\n|turn|23\n|inactive|Time left: 300 sec this turn | 300 sec total\n|\n|t:|1783550340\n|move|p1a: Vigoroth|Body Slam|p2a: Glalie\n|-damage|p2a: Glalie|13/309 par\n|cant|p2a: Glalie|par\n|\n|upkeep\n|turn|24\n|inactive|Time left: 300 sec this turn | 300 sec total\n|\n|t:|1783550341\n|move|p1a: Vigoroth|Earthquake|p2a: Glalie\n|-damage|p2a: Glalie|0 fnt\n|faint|p2a: Glalie\n|\n|-end|p1a: Vigoroth|move: Taunt\n|upkeep\n|inactive|Time left: 300 sec this turn | 300 sec total | 5 sec grace\n|\n|t:|1783550342\n|switch|p2a: Entei|Entei, L78|307/307\n|turn|25\n|inactive|Time left: 300 sec this turn | 300 sec total\n|\n|t:|1783550343\n|move|p1a: Vigoroth|Body Slam|p2a: Entei\n|-damage|p2a: Entei|133/307\n|move|p2a: Entei|Sacred Fire|p1a: Vigoroth\n|-damage|p1a: Vigoroth|80/100\n|\n|upkeep\n|turn|26\n|inactive|Time left: 300 sec this turn | 300 sec total\n|\n|t:|1783550344\n|move|p1a: Vigoroth|Body Slam|p2a: Entei\n|-damage|p2a: Entei|0 fnt\n|faint|p2a: Entei\n|\n|upkeep\n|inactive|Time left: 300 sec this turn | 300 sec total | 5 sec grace\n|\n|t:|1783550345\n|switch|p2a: Amoonguss|Amoonguss, L82, F|185/321 par\n|turn|27\n|inactive|Time left: 300 sec this turn | 300 sec total\n|\n|t:|1783550346\n|move|p1a: Vigoroth|Body Slam|p2a: Amoonguss\n|-damage|p2a: Amoonguss|0 fnt\n|faint|p2a: Amoonguss\n|\n|upkeep\n|inactive|Time left: 300 sec this turn | 300 sec total | 5 sec grace\n|\n|t:|1783550347\n|switch|p2a: Pikachu|Pikachu-Hoenn, L93, F|216/216\n|turn|28\n|inactive|Time left: 300 sec this turn | 300 sec total\n|\n|t:|1783550348\n|move|p2a: Pikachu|Volt Tackle|p1a: Vigoroth\n|-damage|p1a: Vigoroth|53/100\n|-damage|p2a: Pikachu|191/216|[from] Recoil\n|move|p1a: Vigoroth|Body Slam|p2a: Pikachu\n|-damage|p2a: Pikachu|0 fnt\n|faint|p2a: Pikachu\n|\n|win|p0x896387b", "uploadtime": 1783550348, "views": 0, "rating": 0, "private": 0, "password": null, "_winner": "p0x896387b", "_our_name": "p0y896ed63"}