{"id": "battle-gen9randombattle-2321", "formatid": "gen9randombattle", "format": "[Gen 9] Random Battle", "players": ["p0x2321f2bf", "p0y23212724"], "log": "|init|battle\n|title|p0x2321f2bf vs. p0y23212724\n|j|\u2606p0x2321f2bf\n|j|\u2606p0y23212724\n|t:|1783565929\n|gametype|singles\n|player|p1|p0x2321f2bf|1|\n|player|p2|p0y23212724|169|\n|gen|9\n|tier|[Gen 9] Random Battle\n|rule|Species Clause: Limit one of each Pok\u00e9mon\n|rule|HP Percentage Mod: HP is shown in percentages\n|rule|Sleep Clause Mod: Limit one foe put to sleep\n|rule|Illusion Level Mod: Illusion disguises the Pok\u00e9mon's true level\n|\n|t:|1783565929\n|teamsize|p1|6\n|teamsize|p2|6\n|start\n|switch|p1a: Copperajah|Copperajah, L86, F|350/350\n|switch|p2a: Tauros|Tauros, L82, M|100/100\n|turn|1\n|inactive|Battle timer is ON: inactive players will automatically lose when time's up. (requested by p0x2321f2bf)\n|\n|t:|1783565931\n|move|p2a: Tauros|Close Combat|p1a: Copperajah\n|-supereffective|p1a: Copperajah\n|-damage|p1a: Copperajah|93/350\n|-unboost|p2a: Tauros|def|1\n|-unboost|p2a: Tauros|spd|1\n|-damage|p2a: Tauros|91/100|[from] item: Life Orb\n|move|p1a: Copperajah|Iron Head|p2a: Tauros\n|-damage|p2a: Tauros|0 fnt\n|faint|p2a: Tauros\n|\n|upkeep\n|inactive|p0y23212724 also wants the timer to be on.\n|\n|t:|1783565932\n|switch|p2a: Charizard|Charizard, L85, M|100/100\n|turn|2\n|inactive|Time left: 300 sec this turn | 300 sec total\n|\n|t:|1783565933\n|switch|p1a: Dudunsparce|Dudunsparce, L83, M|343/343\n|move|p2a: Charizard|Flare Blitz|p1a: Dudunsparce\n|-damage|p1a: Dudunsparce|204/343\n|-damage|p2a: Charizard|84/100|[from] Recoil\n|\n|-heal|p1a: Dudunsparce|225/343|[from] item: Leftovers\n|upkeep\n|turn|3\n|inactive|Time left: 300 sec this turn | 300 sec total\n|\n|t:|1783565934\n|move|p2a: Charizard|Dragon Dance|p2a: Charizard\n|-boost|p2a: Charizard|atk|1\n|-boost|p2a: Charizard|spe|1\n|move|p1a: Dudunsparce|Boomburst|p2a: Charizard\n|-damage|p2a: Charizard|30/100\n|\n|-heal|p1a: Dudunsparce|246/343|[from] item: Leftovers\n|upkeep\n|turn|4\n|inactive|Time left: 300 sec this turn | 300 sec total\n|\n|t:|1783565935\n|move|p2a: Charizard|Flare Blitz|p1a: Dudunsparce\n|-damage|p1a: Dudunsparce|0 fnt\n|faint|p1a: Dudunsparce\n|-damage|p2a: Charizard|0 fnt|[from] Recoil\n|faint|p2a: Charizard\n|\n|upkeep\n|inactive|Time left: 300 sec this turn | 300 sec total | 5 sec grace\n|\n|t:|1783565936\n|switch|p2a: Appletun|Appletun, L92, F|100/100\n|switch|p1a: Volcanion|Volcanion, L79|255/255\n|turn|5\n|inactive|Time left: 300 sec this turn | 300 sec total\n|\n|t:|1783565938\n|move|p1a: Volcanion|Steam Eruption|p2a: Appletun\n|-resisted|p2a: Appletun\n|-damage|p2a: Appletun|92/100\n|move|p2a: Appletun|Apple Acid|p1a: Volcanion\n|-damage|p1a: Volcanion|188/255\n|-unboost|p1a: Volcanion|spd|1\n|\n|-heal|p2a: Appletun|98/100|[from] item: Leftovers\n|upkeep\n|turn|6\n|inactive|Time left: 300 sec this turn | 300 sec total\n|\n|t:|1783565939\n|switch|p1a: Amoonguss|Amoonguss, L82, M|321/321\n|move|p2a: Appletun|Apple Acid|p1a: Amoonguss\n|-resisted|p1a: Amoonguss\n|-damage|p1a: Amoonguss|294/321\n|-unboost|p1a: Amoonguss|spd|1\n|\n|-heal|p2a: Appletun|100/100|[from] item: Leftovers\n|-heal|p1a: Amoonguss|314/321|[from] item: Leftovers\n|upkeep\n|turn|7\n|inactive|Time left: 300 sec this turn | 300 sec total\n|\n|t:|1783565940\n|move|p2a: Appletun|Apple Acid|p1a: Amoonguss\n|-resisted|p1a: Amoonguss\n|-damage|p1a: Amoonguss|273/321\n|-unboost|p1a: Amoonguss|spd|1\n|move|p1a: Amoonguss|Sludge Bomb|p2a: Appletun\n|-supereffective|p2a: Appletun\n|-damage|p2a: Appletun|52/100\n|\n|-heal|p2a: Appletun|58/100|[from] item: Leftovers\n|-heal|p1a: Amoonguss|293/321|[from] item: Leftovers\n|upkeep\n|turn|8\n|inactive|Time left: 300 sec this turn | 300 sec total\n|\n|t:|1783565941\n|switch|p1a: Copperajah|Copperajah, L86, F|93/350\n|move|p2a: Appletun|Draco Meteor|p1a: Copperajah\n|-resisted|p1a: Copperajah\n|-damage|p1a: Copperajah|1/350\n|-unboost|p2a: Appletun|spa|2\n|\n|-heal|p2a: Appletun|65/100|[from] item: Leftovers\n|upkeep\n|turn|9\n|inactive|Time left: 300 sec this turn | 300 sec total\n|\n|t:|1783565942\n|move|p2a: Appletun|Apple Acid|p1a: Copperajah\n|-resisted|p1a: Copperajah\n|-damage|p1a: Copperajah|0 fnt\n|faint|p1a: Copperajah\n|\n|-heal|p2a: Appletun|71/100|[from] item: Leftovers\n|upkeep\n|inactive|Time left: 300 sec this turn | 300 sec total | 5 sec grace\n|\n|t:|1783565943\n|switch|p1a: Scyther|Scyther, L82, M|249/249\n|turn|10\n|inactive|Time left: 300 sec this turn | 300 sec total\n|\n|t:|1783565944\n|switch|p2a: Regieleki|Regieleki, L79|100/100\n|move|p1a: Scyther|Dual Wingbeat|p2a: Regieleki\n|-resisted|p2a: Regieleki\n|-damage|p2a: Regieleki|79/100\n|-resisted|p2a: Regieleki\n|-damage|p2a: Regieleki|58/100\n|-hitcount|p2a: Regieleki|2\n|\n|upkeep\n|turn|11\n|inactive|Time left: 300 sec this turn | 300 sec total\n|\n|t:|1783565945\n|switch|p1a: Amoonguss|Amoonguss, L82, M|321/321\n|move|p2a: Regieleki|Thunderbolt|p1a: Amoonguss\n|-resisted|p1a: Amoonguss\n|-damage|p1a: Amoonguss|247/321\n|-status|p1a: Amoonguss|par\n|\n|-heal|p1a: Amoonguss|267/321 par|[from] item: Leftovers\n|upkeep\n|turn|12\n|inactive|Time left: 300 sec this turn | 300 sec total\n|\n|t:|1783565946\n|move|p2a: Regieleki|Volt Switch|p1a: Amoonguss\n|-resisted|p1a: Amoonguss\n|-damage|p1a: Amoonguss|213/321 par\n|\n|t:|1783565947\n|switch|p2a: Goodra|Goodra-Hisui, L82, F|100/100|[from] Volt Switch\n|move|p1a: Amoonguss|Sludge Bomb|p2a: Goodra\n|-immune|p2a: Goodra\n|\n|-heal|p1a: Amoonguss|233/321 par|[from] item: Leftovers\n|upkeep\n|turn|13\n|inactive|Time left: 300 sec this turn | 300 sec total\n|\n|t:|1783565948\n|switch|p1a: Volcanion|Volcanion, L79|188/255\n|move|p2a: Goodra|Fire Blast|p1a: Volcanion\n|-resisted|p1a: Volcanion\n|-damage|p1a: Volcanion|173/255\n|\n|upkeep\n|turn|14\n|inactive|Time left: 300 sec this turn | 300 sec total\n|\n|t:|1783565949\n|move|p1a: Volcanion|Steam Eruption|p2a: Goodra\n|-resisted|p2a: Goodra\n|-damage|p2a: Goodra|89/100\n|move|p2a: Goodra|Earthquake|p1a: Volcanion\n|-supereffective|p1a: Volcanion\n|-damage|p1a: Volcanion|51/255\n|\n|upkeep\n|turn|15\n|inactive|Time left: 300 sec this turn | 300 sec total\n|\n|t:|1783565950\n|move|p1a: Volcanion|Steam Eruption|p2a: Goodra\n|-resisted|p2a: Goodra\n|-damage|p2a: Goodra|78/100\n|move|p2a: Goodra|Earthquake|p1a: Volcanion\n|-supereffective|p1a: Volcanion\n|-damage|p1a: Volcanion|0 fnt\n|faint|p1a: Volcanion\n|\n|upkeep\n|inactive|Time left: 300 sec this turn | 300 sec total | 5 sec grace\n|\n|t:|1783565951\n|switch|p1a: Scyther|Scyther, L82, M|249/249\n|turn|16\n|inactive|Time left: 300 sec this turn | 300 sec total\n|\n|t:|1783565952\n|-terastallize|p1a: Scyther|Fighting\n|move|p1a: Scyther|Close Combat|p2a: Goodra\n|-supereffective|p2a: Goodra\n|-damage|p2a: Goodra|0 fnt\n|-unboost|p1a: Scyther|def|1\n|-unboost|p1a: Scyther|spd|1\n|faint|p2a: Goodra\n|\n|upkeep\n|\n|t:|1783565953\n|switch|p2a: Sylveon|Sylveon, L85, F|100/100\n|turn|17\n|inactive|Time left: 300 sec this turn | 300 sec total\n|\n|t:|1783565954\n|switch|p1a: Amoonguss|Amoonguss, L82, M|321/321 par\n|move|p2a: Sylveon|Hyper Voice|p1a: Amoonguss\n|-resisted|p1a: Amoonguss\n|-damage|p1a: Amoonguss|250/321 par\n|\n|-heal|p1a: Amoonguss|270/321 par|[from] item: Leftovers\n|upkeep\n|turn|18\n|inactive|Time left: 300 sec this turn | 300 sec total\n|\n|t:|1783565954\n|move|p2a: Sylveon|Calm Mind|p2a: Sylveon\n|-boost|p2a: Sylveon|spa|1\n|-boost|p2a: Sylveon|spd|1\n|move|p1a: Amoonguss|Spore|p2a: Sylveon\n|-status|p2a: Sylveon|slp|[from] move: Spore\n|\n|-heal|p1a: Amoonguss|290/321 par|[from] item: Leftovers\n|upkeep\n|turn|19\n|inactive|Time left: 300 sec this turn | 300 sec total\n|\n|t:|1783565955\n|cant|p2a: Sylveon|slp\n|move|p1a: Amoonguss|Clear Smog|p2a: Sylveon\n|-supereffective|p2a: Sylveon\n|-damage|p2a: Sylveon|86/100 slp\n|-clearboost|p2a: Sylveon\n|\n|-heal|p2a: Sylveon|92/100 slp|[from] item: Leftovers\n|-heal|p1a: Amoonguss|310/321 par|[from] item: Leftovers\n|upkeep\n|turn|20\n|inactive|Time left: 300 sec this turn | 300 sec total\n|\n|t:|1783565957\n|-curestatus|p2a: Sylveon|slp|[msg]\n|move|p2a: Sylveon|Calm Mind|p2a: Sylveon\n|-boost|p2a: Sylveon|spa|1\n|-boost|p2a: Sylveon|spd|1\n|move|p1a: Amoonguss|Sludge Bomb|p2a: Sylveon\n|-supereffective|p2a: Sylveon\n|-damage|p2a: Sylveon|62/100\n|\n|-heal|p2a: Sylveon|68/100|[from] item: Leftovers\n|-heal|p1a: Amoonguss|321/321 par|[from] item: Leftovers\n|upkeep\n|turn|21\n|inactive|Time left: 300 sec this turn | 300 sec total\n|\n|t:|1783565957\n|move|p2a: Sylveon|Hyper Voice|p1a: Amoonguss\n|-resisted|p1a: Amoonguss\n|-damage|p1a: Amoonguss|222/321 par\n|cant|p1a: Amoonguss|par\n|\n|-heal|p2a: Sylveon|74/100|[from] item: Leftovers\n|-heal|p1a: Amoonguss|242/321 par|[from] item: Leftovers\n|upkeep\n|turn|22\n|inactive|Time left: 300 sec this turn | 300 sec total\n|\n|t:|1783565959\n|move|p2a: Sylveon|Calm Mind|p2a: Sylveon\n|-boost|p2a: Sylveon|spa|1\n|-boost|p2a: Sylveon|spd|1\n|move|p1a: Amoonguss|Spore|p2a: Sylveon\n|-status|p2a: Sylveon|slp|[from] move: Spore\n|\n|-heal|p2a: Sylveon|80/100 slp|[from] item: Leftovers\n|-heal|p1a: Amoonguss|262/321 par|[from] item: Leftovers\n|upkeep\n|turn|23\n|inactive|Time left: 300 sec this turn | 300 sec total\n|\n|t:|1783565960\n|cant|p2a: Sylveon|slp\n|move|p1a: Amoonguss|Clear Smog|p2a: Sylveon\n|-supereffective|p2a: Sylveon\n|-damage|p2a: Sylveon|70/100 slp\n|-clearboost|p2a: Sylveon\n|\n|-heal|p2a: Sylveon|76/100 slp|[from] item: Leftovers\n|-heal|p1a: Amoonguss|282/321 par|[from] item: Leftovers\n|upkeep\n|turn|24\n|inactive|Time left: 300 sec this turn | 300 sec total\n|\n|t:|1783565961\n|-curestatus|p2a: Sylveon|slp|[msg]\n|move|p2a: Sylveon|Wish|p2a: Sylveon\n|cant|p1a: Amoonguss|par\n|\n|-heal|p2a: Sylveon|82/100|[from] item: Leftovers\n|-heal|p1a: Amoonguss|302/321 par|[from] item: Leftovers\n|upkeep\n|turn|25\n|inactive|Time left: 300 sec this turn | 300 sec total\n|\n|t:|1783565962\n|move|p2a: Sylveon|Calm Mind|p2a: Sylveon\n|-boost|p2a: Sylveon|spa|1\n|-boost|p2a: Sylveon|spd|1\n|move|p1a: Amoonguss|Spore|p2a: Sylveon\n|-status|p2a: Sylveon|slp|[from] move: Spore\n|\n|-heal|p2a: Sylveon|100/100 slp|[from] move: Wish|[wisher] Sylveon\n|-heal|p1a: Amoonguss|321/321 par|[from] item: Leftovers\n|upkeep\n|turn|26\n|inactive|Time left: 300 sec this turn | 300 sec total\n|\n|t:|1783565963\n|cant|p2a: Sylveon|slp\n|move|p1a: Amoonguss|Clear Smog|p2a: Sylveon\n|-supereffective|p2a: Sylveon\n|-damage|p2a: Sylveon|84/100 slp\n|-clearboost|p2a: Sylveon\n|\n|-heal|p2a: Sylveon|90/100 slp|[from] item: Leftovers\n|upkeep\n|turn|27\n|inactive|Time left: 300 sec this turn | 300 sec total\n|\n|t:|1783565964\n|-curestatus|p2a: Sylveon|slp|[msg]\n|move|p2a: Sylveon|Calm Mind|p2a: Sylveon\n|-boost|p2a: Sylveon|spa|1\n|-boost|p2a: Sylveon|spd|1\n|move|p1a: Amoonguss|Sludge Bomb|p2a: Sylveon\n|-supereffective|p2a: Sylveon\n|-damage|p2a: Sylveon|64/100\n|-status|p2a: Sylveon|psn\n|\n|-heal|p2a: Sylveon|70/100 psn|[from] item: Leftovers\n|-damage|p2a: Sylveon|57/100 psn|[from] psn\n|upkeep\n|turn|28\n|inactive|Time left: 300 sec this turn | 300 sec total\n|\n|t:|1783565965\n|move|p2a: Sylveon|Wish|p2a: Sylveon\n|move|p1a: Amoonguss|Clear Smog|p2a: Sylveon\n|-supereffective|p2a: Sylveon\n|-damage|p2a: Sylveon|43/100 psn\n|-clearboost|p2a: Sylveon\n|\n|-heal|p2a: Sylveon|49/100 psn|[from] item: Leftovers\n|-damage|p2a: Sylveon|37/100 psn|[from] psn\n|upkeep\n|turn|29\n|inactive|Time left: 300 sec this turn | 300 sec total\n|\n|t:|1783565966\n|move|p2a: Sylveon|Calm Mind|p2a: Sylveon\n|-boost|p2a: Sylveon|spa|1\n|-boost|p2a: Sylveon|spd|1\n|move|p1a: Amoonguss|Sludge Bomb|p2a: Sylveon\n|-supereffective|p2a: Sylveon\n|-damage|p2a: Sylveon|12/100 psn\n|\n|-heal|p2a: Sylveon|62/100 psn|[from] move: Wish|[wisher] Sylveon\n|-heal|p2a: Sylveon|68/100 psn|[from] item: Leftovers\n|-damage|p2a: Sylveon|56/100 psn|[from] psn\n|upkeep\n|turn|30\n|inactive|Time left: 300 sec this turn | 300 sec total\n|\n|t:|1783565967\n|move|p2a: Sylveon|Wish|p2a: Sylveon\n|move|p1a: Amoonguss|Clear Smog|p2a: Sylveon\n|-supereffective|p2a: Sylveon\n|-damage|p2a: Sylveon|41/100 psn\n|-clearboost|p2a: Sylveon\n|\n|-heal|p2a: Sylveon|47/100 psn|[from] item: Leftovers\n|-damage|p2a: Sylveon|35/100 psn|[from] psn\n|upkeep\n|turn|31\n|inactive|Time left: 300 sec this turn | 300 sec total\n|\n|t:|1783565968\n|move|p2a: Sylveon|Calm Mind|p2a: Sylveon\n|-boost|p2a: Sylveon|spa|1\n|-boost|p2a: Sylveon|spd|1\n|move|p1a: Amoonguss|Sludge Bomb|p2a: Sylveon\n|-supereffective|p2a: Sylveon\n|-damage|p2a: Sylveon|7/100 psn\n|\n|-heal|p2a: Sylveon|57/100 psn|[from] move: Wish|[wisher] Sylveon\n|-heal|p2a: Sylveon|63/100 psn|[from] item: Leftovers\n|-damage|p2a: Sylveon|51/100 psn|[from] psn\n|upkeep\n|turn|32\n|inactive|Time left: 300 sec this turn | 300 sec total\n|\n|t:|1783565969\n|move|p2a: Sylveon|Wish|p2a: Sylveon\n|cant|p1a: Amoonguss|par\n|\n|-heal|p2a: Sylveon|57/100 psn|[from] item: Leftovers\n|-damage|p2a: Sylveon|44/100 psn|[from] psn\n|upkeep\n|turn|33\n|inactive|Time left: 300 sec this turn | 300 sec total\n|\n|t:|1783565970\n|move|p2a: Sylveon|Hyper Voice|p1a: Amoonguss\n|-resisted|p1a: Amoonguss\n|-damage|p1a: Amoonguss|210/321 par\n|move|p1a: Amoonguss|Clear Smog|p2a: Sylveon\n|-supereffective|p2a: Sylveon\n|-crit|p2a: Sylveon\n|-damage|p2a: Sylveon|10/100 psn\n|-clearboost|p2a: Sylveon\n|\n|-heal|p2a: Sylveon|60/100 psn|[from] move: Wish|[wisher] Sylveon\n|-heal|p2a: Sylveon|66/100 psn|[from] item: Leftovers\n|-heal|p1a: Amoonguss|230/321 par|[from] item: Leftovers\n|-damage|p2a: Sylveon|54/100 psn|[from] psn\n|upkeep\n|turn|34\n|inactive|Time left: 300 sec this turn | 300 sec total\n|\n|t:|1783565972\n|move|p2a: Sylveon|Hyper Voice|p1a: Amoonguss\n|-resisted|p1a: Amoonguss\n|-damage|p1a: Amoonguss|158/321 par\n|move|p1a: Amoonguss|Sludge Bomb|p2a: Sylveon\n|-supereffective|p2a: Sylveon\n|-damage|p2a: Sylveon|11/100 psn\n|\n|-heal|p2a: Sylveon|17/100 psn|[from] item: Leftovers\n|-heal|p1a: Amoonguss|178/321 par|[from] item: Leftovers\n|-damage|p2a: Sylveon|5/100 psn|[from] psn\n|upkeep\n|turn|35\n|inactive|Time left: 300 sec this turn | 300 sec total\n|\n|t:|1783565973\n|move|p2a: Sylveon|Hyper Voice|p1a: Amoonguss\n|-resisted|p1a: Amoonguss\n|-damage|p1a: Amoonguss|108/321 par\n|move|p1a: Amoonguss|Sludge Bomb|p2a: Sylveon\n|-supereffective|p2a: Sylveon\n|-damage|p2a: Sylveon|0 fnt\n|faint|p2a: Sylveon\n|\n|-heal|p1a: Amoonguss|128/321 par|[from] item: Leftovers\n|upkeep\n|\n|t:|1783565974\n|switch|p2a: Appletun|Appletun, L92, F|71/100\n|turn|36\n|inactive|Time left: 300 sec this turn | 300 sec total\n|\n|t:|1783565975\n|move|p2a: Appletun|Draco Meteor|p1a: Amoonguss\n|-damage|p1a: Amoonguss|0 fnt\n|-unboost|p2a: Appletun|spa|2\n|faint|p1a: Amoonguss\n|\n|-heal|p2a: Appletun|77/100|[from] item: Leftovers\n|upkeep\n|inactive|Time left: 300 sec this turn | 300 sec total | 5 sec grace\n|\n|t:|1783565975\n|switch|p1a: Scyther|Scyther, L82, M, tera:Fighting|249/249\n|turn|37\n|inactive|Time left: 300 sec this turn | 300 sec total\n|\n|t:|1783565976\n|move|p1a: Scyther|Dual Wingbeat|p2a: Appletun\n|-supereffective|p2a: Appletun\n|-damage|p2a: Appletun|40/100\n|-supereffective|p2a: Appletun\n|-damage|p2a: Appletun|2/100\n|-hitcount|p2a: Appletun|2\n|move|p2a: Appletun|Apple Acid|p1a: Scyther\n|-damage|p1a: Scyther|194/249\n|-unboost|p1a: Scyther|spd|1\n|\n|-heal|p2a: Appletun|8/100|[from] item: Leftovers\n|upkeep\n|turn|38\n|inactive|Time left: 300 sec this turn | 300 sec total\n|\n|t:|1783565977\n|switch|p2a: Regieleki|Regieleki, L79|58/100\n|move|p1a: Scyther|U-turn|p2a: Regieleki\n|-damage|p2a: Regieleki|15/100\n|inactive|Time left: 300 sec this turn | 300 sec total | 5 sec grace\n|\n|t:|1783565978\n|switch|p1a: Regieleki|Regieleki, L79|256/256|[from] U-turn\n|\n|upkeep\n|turn|39\n|inactive|Time left: 300 sec this turn | 300 sec total\n|\n|t:|1783565979\n|move|p1a: Regieleki|Rapid Spin|p2a: Regieleki\n|-damage|p2a: Regieleki|0 fnt\n|-boost|p1a: Regieleki|spe|1\n|faint|p2a: Regieleki\n|\n|upkeep\n|\n|t:|1783565979\n|switch|p2a: Appletun|Appletun, L92, F|8/100\n|turn|40\n|inactive|Time left: 300 sec this turn | 300 sec total\n|\n|t:|1783565980\n|move|p1a: Regieleki|Thunderbolt|p2a: Appletun\n|-resisted|p2a: Appletun\n|-damage|p2a: Appletun|0 fnt\n|faint|p2a: Appletun\n|\n|win|p0x2321f2bf", "uploadtime": 1783565980, "views": 0, "rating": 0, "private": 0, "password": null, "_winner": "p0x2321f2bf", "_our_name": "p0x2321f2bf"}