{"id": "battle-gen9randombattle-2364", "formatid": "gen9randombattle", "format": "[Gen 9] Random Battle", "players": ["p0x236456a7", "p0y2364960c"], "log": "|init|battle\n|title|p0x236456a7 vs. p0y2364960c\n|j|\u2606p0x236456a7\n|j|\u2606p0y2364960c\n|t:|1783567476\n|gametype|singles\n|player|p1|p0x236456a7|2|\n|player|p2|p0y2364960c|2|\n|gen|9\n|tier|[Gen 9] Random Battle\n|rule|Species Clause: Limit one of each Pok\u00e9mon\n|rule|HP Percentage Mod: HP is shown in percentages\n|rule|Sleep Clause Mod: Limit one foe put to sleep\n|rule|Illusion Level Mod: Illusion disguises the Pok\u00e9mon's true level\n|\n|t:|1783567476\n|teamsize|p1|6\n|teamsize|p2|6\n|start\n|switch|p1a: Pikachu|Pikachu-Original, L93, M|100/100\n|switch|p2a: Gumshoos|Gumshoos, L95, M|321/321\n|turn|1\n|inactive|Battle timer is ON: inactive players will automatically lose when time's up. (requested by p0x236456a7)\n|inactive|Time left: 300 sec this turn | 300 sec total | 60 sec grace\n|inactive|p0y2364960c also wants the timer to be on.\n|\n|t:|1783567478\n|move|p1a: Pikachu|Fake Out|p2a: Gumshoos\n|-damage|p2a: Gumshoos|268/321\n|cant|p2a: Gumshoos|flinch\n|\n|upkeep\n|turn|2\n|inactive|Time left: 300 sec this turn | 300 sec total\n|\n|t:|1783567479\n|move|p1a: Pikachu|Volt Tackle|p2a: Gumshoos\n|-damage|p2a: Gumshoos|13/321\n|-damage|p1a: Pikachu|62/100|[from] Recoil\n|move|p2a: Gumshoos|Double-Edge|p1a: Pikachu\n|-damage|p1a: Pikachu|0 fnt\n|faint|p1a: Pikachu\n|-damage|p2a: Gumshoos|0 fnt|[from] Recoil\n|faint|p2a: Gumshoos\n|\n|upkeep\n|inactive|Time left: 300 sec this turn | 300 sec total | 5 sec grace\n|\n|t:|1783567480\n|switch|p1a: Glastrier|Glastrier, L86|100/100\n|switch|p2a: Porygon2|Porygon2, L81|270/270\n|-ability|p2a: Porygon2|Download|boost\n|-boost|p2a: Porygon2|spa|1\n|turn|3\n|inactive|Time left: 300 sec this turn | 300 sec total\n|\n|t:|1783567481\n|move|p2a: Porygon2|Tri Attack|p1a: Glastrier\n|-damage|p1a: Glastrier|66/100\n|move|p1a: Glastrier|Swords Dance|p1a: Glastrier\n|-boost|p1a: Glastrier|atk|2\n|\n|upkeep\n|turn|4\n|inactive|Time left: 300 sec this turn | 300 sec total\n|\n|t:|1783567482\n|move|p2a: Porygon2|Tri Attack|p1a: Glastrier\n|-damage|p1a: Glastrier|31/100\n|move|p1a: Glastrier|High Horsepower|p2a: Porygon2\n|-crit|p2a: Porygon2\n|-damage|p2a: Porygon2|65/270\n|\n|upkeep\n|turn|5\n|inactive|Time left: 300 sec this turn | 300 sec total\n|\n|t:|1783567483\n|-terastallize|p1a: Glastrier|Steel\n|move|p2a: Porygon2|Tri Attack|p1a: Glastrier\n|-resisted|p1a: Glastrier\n|-damage|p1a: Glastrier|15/100\n|move|p1a: Glastrier|High Horsepower|p2a: Porygon2\n|-damage|p2a: Porygon2|0 fnt\n|faint|p2a: Porygon2\n|-ability|p1a: Glastrier|Chilling Neigh|boost\n|-boost|p1a: Glastrier|atk|1\n|\n|upkeep\n|inactive|Time left: 300 sec this turn | 300 sec total | 5 sec grace\n|\n|t:|1783567484\n|switch|p2a: Okidogi|Okidogi, L77, M|262/262\n|turn|6\n|inactive|Time left: 300 sec this turn | 300 sec total\n|\n|t:|1783567485\n|move|p2a: Okidogi|Drain Punch|p1a: Glastrier\n|-supereffective|p1a: Glastrier\n|-damage|p1a: Glastrier|0 fnt\n|faint|p1a: Glastrier\n|\n|upkeep\n|\n|t:|1783567486\n|switch|p1a: Ampharos|Ampharos, L88, F|100/100\n|turn|7\n|inactive|Time left: 300 sec this turn | 300 sec total\n|\n|t:|1783567487\n|move|p2a: Okidogi|Knock Off|p1a: Ampharos\n|-crit|p1a: Ampharos\n|-damage|p1a: Ampharos|66/100\n|-status|p2a: Okidogi|par|[from] ability: Static|[of] p1a: Ampharos\n|-enditem|p1a: Ampharos|Choice Specs|[from] move: Knock Off|[of] p2a: Okidogi\n|move|p1a: Ampharos|Thunderbolt|p2a: Okidogi\n|-damage|p2a: Okidogi|169/262 par\n|\n|upkeep\n|turn|8\n|inactive|Time left: 300 sec this turn | 300 sec total\n|\n|t:|1783567489\n|move|p1a: Ampharos|Thunderbolt|p2a: Okidogi\n|-damage|p2a: Okidogi|84/262 par\n|move|p2a: Okidogi|Drain Punch|p1a: Ampharos\n|-damage|p1a: Ampharos|39/100\n|-heal|p2a: Okidogi|125/262 par|[from] drain|[of] p1a: Ampharos\n|-status|p1a: Ampharos|tox|[from] ability: Toxic Chain|[of] p2a: Okidogi\n|\n|-damage|p1a: Ampharos|33/100 tox|[from] psn\n|upkeep\n|turn|9\n|inactive|Time left: 300 sec this turn | 300 sec total\n|\n|t:|1783567490\n|move|p1a: Ampharos|Thunderbolt|p2a: Okidogi\n|-damage|p2a: Okidogi|28/262 par\n|move|p2a: Okidogi|Drain Punch|p1a: Ampharos\n|-damage|p1a: Ampharos|6/100 tox\n|-heal|p2a: Okidogi|69/262 par|[from] drain|[of] p1a: Ampharos\n|\n|-damage|p1a: Ampharos|0 fnt|[from] psn\n|faint|p1a: Ampharos\n|upkeep\n|\n|t:|1783567491\n|switch|p1a: Dragonite|Dragonite, L74, F|100/100\n|turn|10\n|inactive|Time left: 300 sec this turn | 300 sec total\n|\n|t:|1783567492\n|switch|p2a: Magearna|Magearna-Original, L77|250/250\n|move|p1a: Dragonite|Dragon Dance|p1a: Dragonite\n|-boost|p1a: Dragonite|atk|1\n|-boost|p1a: Dragonite|spe|1\n|\n|upkeep\n|turn|11\n|inactive|Time left: 300 sec this turn | 300 sec total\n|\n|t:|1783567493\n|move|p1a: Dragonite|Earthquake|p2a: Magearna\n|-supereffective|p2a: Magearna\n|-damage|p2a: Magearna|50/250\n|move|p2a: Magearna|Flash Cannon|p1a: Dragonite\n|-damage|p1a: Dragonite|84/100\n|\n|-heal|p2a: Magearna|65/250|[from] item: Leftovers\n|upkeep\n|turn|12\n|inactive|Time left: 300 sec this turn | 300 sec total\n|\n|t:|1783567494\n|-terastallize|p2a: Magearna|Flying\n|move|p1a: Dragonite|Earthquake|p2a: Magearna\n|-immune|p2a: Magearna\n|move|p2a: Magearna|Fleur Cannon|p1a: Dragonite\n|-supereffective|p1a: Dragonite\n|-damage|p1a: Dragonite|0 fnt\n|-unboost|p2a: Magearna|spa|2\n|faint|p1a: Dragonite\n|-ability|p2a: Magearna|Soul-Heart|boost\n|-boost|p2a: Magearna|spa|1\n|\n|-heal|p2a: Magearna|80/250|[from] item: Leftovers\n|upkeep\n|\n|t:|1783567495\n|switch|p1a: Lilligant|Lilligant-Hisui, L79, F|100/100\n|turn|13\n|inactive|Time left: 300 sec this turn | 300 sec total\n|\n|t:|1783567496\n|move|p1a: Lilligant|Sleep Powder|p2a: Magearna|[miss]\n|-miss|p1a: Lilligant|p2a: Magearna\n|move|p2a: Magearna|Fleur Cannon|p1a: Lilligant\n|-supereffective|p1a: Lilligant\n|-damage|p1a: Lilligant|0 fnt\n|-unboost|p2a: Magearna|spa|2\n|faint|p1a: Lilligant\n|-ability|p2a: Magearna|Soul-Heart|boost\n|-boost|p2a: Magearna|spa|1\n|\n|-heal|p2a: Magearna|95/250|[from] item: Leftovers\n|upkeep\n|\n|t:|1783567497\n|switch|p1a: Regirock|Regirock, L83|100/100\n|turn|14\n|inactive|Time left: 300 sec this turn | 300 sec total\n|\n|t:|1783567498\n|move|p2a: Magearna|Flash Cannon|p1a: Regirock\n|-supereffective|p1a: Regirock\n|-damage|p1a: Regirock|68/100\n|move|p1a: Regirock|Stone Edge|p2a: Magearna\n|-supereffective|p2a: Magearna\n|-damage|p2a: Magearna|0 fnt\n|faint|p2a: Magearna\n|\n|upkeep\n|inactive|Time left: 300 sec this turn | 300 sec total | 5 sec grace\n|\n|t:|1783567499\n|switch|p2a: Swanna|Swanna, L89, F|278/278\n|turn|15\n|inactive|Time left: 300 sec this turn | 300 sec total\n|\n|t:|1783567500\n|move|p2a: Swanna|Hydro Pump|p1a: Regirock\n|-supereffective|p1a: Regirock\n|-crit|p1a: Regirock\n|-damage|p1a: Regirock|0 fnt\n|faint|p1a: Regirock\n|\n|win|p0y2364960c", "uploadtime": 1783567500, "views": 0, "rating": 0, "private": 0, "password": null, "_winner": "p0y2364960c", "_our_name": "p0y2364960c"}