{"id": "battle-gen9randombattle-565", "formatid": "gen9randombattle", "format": "[Gen 9] Random Battle", "players": ["p0x5651be1", "p0y565fa3b"], "log": "|init|battle\n|title|p0x5651be1 vs. p0y565fa3b\n|j|\u2606p0x5651be1\n|j|\u2606p0y565fa3b\n|t:|1783546344\n|gametype|singles\n|player|p1|p0x5651be1|2|\n|player|p2|p0y565fa3b|266|\n|gen|9\n|tier|[Gen 9] Random Battle\n|rule|Species Clause: Limit one of each Pok\u00e9mon\n|rule|HP Percentage Mod: HP is shown in percentages\n|rule|Sleep Clause Mod: Limit one foe put to sleep\n|rule|Illusion Level Mod: Illusion disguises the Pok\u00e9mon's true level\n|\n|t:|1783546344\n|teamsize|p1|6\n|teamsize|p2|6\n|start\n|switch|p1a: Morpeko|Morpeko, L88, M|245/245\n|switch|p2a: Salazzle|Salazzle, L83, F|100/100\n|turn|1\n|inactive|Battle timer is ON: inactive players will automatically lose when time's up. (requested by p0x5651be1)\n|inactive|p0y565fa3b also wants the timer to be on.\n|\n|t:|1783546346\n|move|p2a: Salazzle|Sludge Wave|p1a: Morpeko\n|-damage|p1a: Morpeko|97/245\n|move|p1a: Morpeko|Aura Wheel|p2a: Salazzle\n|-damage|p2a: Salazzle|37/100\n|-boost|p1a: Morpeko|spe|1\n|\n|-heal|p1a: Morpeko|112/245|[from] item: Leftovers\n|-formechange|p1a: Morpeko|Morpeko-Hangry||[from] ability: Hunger Switch\n|upkeep\n|turn|2\n|inactive|Time left: 300 sec this turn | 300 sec total\n|\n|t:|1783546347\n|switch|p2a: Dudunsparce|Dudunsparce-Three-Segment, L83, F|100/100\n|move|p1a: Morpeko|Aura Wheel|p2a: Dudunsparce\n|-damage|p2a: Dudunsparce|59/100\n|-boost|p1a: Morpeko|spe|1\n|-ability|p2a: Dudunsparce|Rattled|boost\n|-boost|p2a: Dudunsparce|spe|1\n|\n|-heal|p1a: Morpeko|127/245|[from] item: Leftovers\n|-heal|p2a: Dudunsparce|65/100|[from] item: Leftovers\n|-formechange|p1a: Morpeko|Morpeko||[from] ability: Hunger Switch\n|upkeep\n|turn|3\n|inactive|Time left: 300 sec this turn | 300 sec total\n|\n|t:|1783546349\n|move|p1a: Morpeko|Aura Wheel|p2a: Dudunsparce\n|-damage|p2a: Dudunsparce|21/100\n|-boost|p1a: Morpeko|spe|1\n|move|p2a: Dudunsparce|Boomburst|p1a: Morpeko\n|-damage|p1a: Morpeko|0 fnt\n|faint|p1a: Morpeko\n|\n|-heal|p2a: Dudunsparce|28/100|[from] item: Leftovers\n|upkeep\n|inactive|Time left: 300 sec this turn | 300 sec total | 5 sec grace\n|\n|t:|1783546350\n|switch|p1a: Serperior|Serperior, L79, M|248/248\n|turn|4\n|inactive|Time left: 300 sec this turn | 300 sec total\n|\n|t:|1783546351\n|-terastallize|p2a: Dudunsparce|Poison\n|move|p1a: Serperior|Leaf Storm|p2a: Dudunsparce\n|-resisted|p2a: Dudunsparce\n|-damage|p2a: Dudunsparce|12/100\n|-boost|p1a: Serperior|spa|2\n|move|p2a: Dudunsparce|Roost|p2a: Dudunsparce\n|-heal|p2a: Dudunsparce|62/100\n|\n|-heal|p2a: Dudunsparce|68/100|[from] item: Leftovers\n|upkeep\n|turn|5\n|inactive|Time left: 300 sec this turn | 300 sec total\n|\n|t:|1783546352\n|move|p1a: Serperior|Leaf Storm|p2a: Dudunsparce\n|-resisted|p2a: Dudunsparce\n|-damage|p2a: Dudunsparce|35/100\n|-boost|p1a: Serperior|spa|2\n|move|p2a: Dudunsparce|Roost|p2a: Dudunsparce\n|-heal|p2a: Dudunsparce|85/100\n|\n|-heal|p2a: Dudunsparce|91/100|[from] item: Leftovers\n|upkeep\n|turn|6\n|inactive|Time left: 300 sec this turn | 300 sec total\n|\n|t:|1783546353\n|move|p1a: Serperior|Leaf Storm|p2a: Dudunsparce\n|-resisted|p2a: Dudunsparce\n|-damage|p2a: Dudunsparce|42/100\n|-boost|p1a: Serperior|spa|2\n|move|p2a: Dudunsparce|Roost|p2a: Dudunsparce\n|-heal|p2a: Dudunsparce|92/100\n|\n|-heal|p2a: Dudunsparce|98/100|[from] item: Leftovers\n|upkeep\n|turn|7\n|inactive|Time left: 300 sec this turn | 300 sec total\n|\n|t:|1783546354\n|move|p1a: Serperior|Leaf Storm|p2a: Dudunsparce\n|-resisted|p2a: Dudunsparce\n|-damage|p2a: Dudunsparce|38/100\n|move|p2a: Dudunsparce|Roost|p2a: Dudunsparce\n|-heal|p2a: Dudunsparce|88/100\n|\n|-heal|p2a: Dudunsparce|94/100|[from] item: Leftovers\n|upkeep\n|turn|8\n|inactive|Time left: 300 sec this turn | 300 sec total\n|\n|t:|1783546355\n|move|p1a: Serperior|Leaf Storm|p2a: Dudunsparce\n|-resisted|p2a: Dudunsparce\n|-damage|p2a: Dudunsparce|24/100\n|move|p2a: Dudunsparce|Roost|p2a: Dudunsparce\n|-heal|p2a: Dudunsparce|74/100\n|\n|-heal|p2a: Dudunsparce|80/100|[from] item: Leftovers\n|upkeep\n|turn|9\n|inactive|Time left: 300 sec this turn | 300 sec total\n|\n|t:|1783546355\n|-terastallize|p1a: Serperior|Dragon\n|move|p1a: Serperior|Dragon Pulse|p2a: Dudunsparce\n|-damage|p2a: Dudunsparce|0 fnt\n|faint|p2a: Dudunsparce\n|\n|upkeep\n|\n|t:|1783546356\n|switch|p2a: Bronzong|Bronzong, L88|100/100\n|turn|10\n|inactive|Time left: 300 sec this turn | 300 sec total\n|\n|t:|1783546357\n|move|p1a: Serperior|Leaf Storm|p2a: Bronzong\n|-resisted|p2a: Bronzong\n|-damage|p2a: Bronzong|37/100\n|move|p2a: Bronzong|Iron Head|p1a: Serperior\n|-damage|p1a: Serperior|154/248\n|\n|-heal|p1a: Serperior|169/248|[from] item: Leftovers\n|-heal|p2a: Bronzong|43/100|[from] item: Leftovers\n|upkeep\n|turn|11\n|inactive|Time left: 300 sec this turn | 300 sec total\n|\n|t:|1783546357\n|move|p1a: Serperior|Leaf Storm|p2a: Bronzong\n|-resisted|p2a: Bronzong\n|-damage|p2a: Bronzong|0 fnt\n|faint|p2a: Bronzong\n|\n|-heal|p1a: Serperior|184/248|[from] item: Leftovers\n|upkeep\n|\n|t:|1783546358\n|switch|p2a: Sableye|Sableye, L88, M|100/100\n|turn|12\n|inactive|Time left: 300 sec this turn | 300 sec total\n|\n|t:|1783546359\n|move|p2a: Sableye|Encore|p1a: Serperior\n|-start|p1a: Serperior|Encore\n|move|p1a: Serperior|Leaf Storm|p2a: Sableye\n|-damage|p2a: Sableye|0 fnt\n|faint|p2a: Sableye\n|\n|-heal|p1a: Serperior|199/248|[from] item: Leftovers\n|-end|p1a: Serperior|Encore\n|upkeep\n|\n|t:|1783546360\n|switch|p2a: Salazzle|Salazzle, L83, F|37/100\n|turn|13\n|inactive|Time left: 300 sec this turn | 300 sec total\n|\n|t:|1783546360\n|move|p2a: Salazzle|Sludge Wave|p1a: Serperior\n|-damage|p1a: Serperior|94/248\n|move|p1a: Serperior|Dragon Pulse|p2a: Salazzle\n|-damage|p2a: Salazzle|0 fnt\n|faint|p2a: Salazzle\n|\n|-heal|p1a: Serperior|109/248|[from] item: Leftovers\n|upkeep\n|\n|t:|1783546361\n|switch|p2a: Rampardos|Rampardos, L90, M|100/100\n|turn|14\n|inactive|Time left: 300 sec this turn | 300 sec total\n|\n|t:|1783546362\n|move|p1a: Serperior|Dragon Pulse|p2a: Rampardos\n|-damage|p2a: Rampardos|0 fnt\n|faint|p2a: Rampardos\n|\n|-heal|p1a: Serperior|124/248|[from] item: Leftovers\n|upkeep\n|\n|t:|1783546363\n|switch|p2a: Basculin|Basculin, L86, F|100/100\n|turn|15\n|inactive|Time left: 300 sec this turn | 300 sec total\n|\n|t:|1783546364\n|move|p1a: Serperior|Dragon Pulse|p2a: Basculin\n|-damage|p2a: Basculin|0 fnt\n|faint|p2a: Basculin\n|\n|win|p0x5651be1", "uploadtime": 1783546364, "views": 0, "rating": 0, "private": 0, "password": null, "_winner": "p0x5651be1", "_our_name": "p0x5651be1"}