{"id": "battle-gen9randombattle-2648", "formatid": "gen9randombattle", "format": "[Gen 9] Random Battle", "players": ["p0x26488826", "p0y2648488e"], "log": "|init|battle\n|title|p0x26488826 vs. p0y2648488e\n|j|\u2606p0x26488826\n|j|\u2606p0y2648488e\n|t:|1783570562\n|gametype|singles\n|player|p1|p0x26488826|1|\n|player|p2|p0y2648488e|102|\n|gen|9\n|tier|[Gen 9] Random Battle\n|rule|Species Clause: Limit one of each Pok\u00e9mon\n|rule|HP Percentage Mod: HP is shown in percentages\n|rule|Sleep Clause Mod: Limit one foe put to sleep\n|rule|Illusion Level Mod: Illusion disguises the Pok\u00e9mon's true level\n|\n|t:|1783570562\n|teamsize|p1|6\n|teamsize|p2|6\n|start\n|switch|p1a: Mesprit|Mesprit, L85|275/275\n|switch|p2a: Espathra|Espathra, L80, F|100/100\n|turn|1\n|inactive|Battle timer is ON: inactive players will automatically lose when time's up. (requested by p0x26488826)\n|inactive|p0y2648488e also wants the timer to be on.\n|\n|t:|1783570564\n|move|p2a: Espathra|Calm Mind|p2a: Espathra\n|-boost|p2a: Espathra|spa|1\n|-boost|p2a: Espathra|spd|1\n|move|p1a: Mesprit|Shadow Ball|p2a: Espathra\n|-supereffective|p2a: Espathra\n|-damage|p2a: Espathra|45/100\n|\n|-heal|p2a: Espathra|51/100|[from] item: Leftovers\n|-ability|p2a: Espathra|Speed Boost|boost\n|-boost|p2a: Espathra|spe|1\n|upkeep\n|turn|2\n|inactive|Time left: 300 sec this turn | 300 sec total\n|\n|t:|1783570565\n|-terastallize|p2a: Espathra|Fairy\n|move|p2a: Espathra|Calm Mind|p2a: Espathra\n|-boost|p2a: Espathra|spa|1\n|-boost|p2a: Espathra|spd|1\n|move|p1a: Mesprit|Shadow Ball|p2a: Espathra\n|-damage|p2a: Espathra|26/100\n|\n|-heal|p2a: Espathra|32/100|[from] item: Leftovers\n|-ability|p2a: Espathra|Speed Boost|boost\n|-boost|p2a: Espathra|spe|1\n|upkeep\n|turn|3\n|inactive|Time left: 300 sec this turn | 300 sec total\n|\n|t:|1783570566\n|move|p2a: Espathra|Dazzling Gleam|p1a: Mesprit\n|-damage|p1a: Mesprit|148/275\n|move|p1a: Mesprit|Shadow Ball|p2a: Espathra\n|-damage|p2a: Espathra|8/100\n|\n|-heal|p2a: Espathra|14/100|[from] item: Leftovers\n|-ability|p2a: Espathra|Speed Boost|boost\n|-boost|p2a: Espathra|spe|1\n|upkeep\n|turn|4\n|inactive|Time left: 300 sec this turn | 300 sec total\n|\n|t:|1783570567\n|move|p2a: Espathra|Protect|p2a: Espathra\n|-singleturn|p2a: Espathra|Protect\n|move|p1a: Mesprit|Shadow Ball|p2a: Espathra\n|-activate|p2a: Espathra|move: Protect\n|\n|-heal|p2a: Espathra|20/100|[from] item: Leftovers\n|-ability|p2a: Espathra|Speed Boost|boost\n|-boost|p2a: Espathra|spe|1\n|upkeep\n|turn|5\n|inactive|Time left: 300 sec this turn | 300 sec total\n|\n|t:|1783570567\n|move|p2a: Espathra|Stored Power|p1a: Mesprit\n|-resisted|p1a: Mesprit\n|-damage|p1a: Mesprit|0 fnt\n|faint|p1a: Mesprit\n|\n|-heal|p2a: Espathra|26/100|[from] item: Leftovers\n|-ability|p2a: Espathra|Speed Boost|boost\n|-boost|p2a: Espathra|spe|1\n|upkeep\n|inactive|Time left: 300 sec this turn | 300 sec total | 5 sec grace\n|\n|t:|1783570568\n|switch|p1a: Bisharp|Bisharp, L79, M|232/232\n|turn|6\n|inactive|Time left: 300 sec this turn | 300 sec total\n|\n|t:|1783570569\n|move|p2a: Espathra|Protect|p2a: Espathra\n|-singleturn|p2a: Espathra|Protect\n|move|p1a: Bisharp|Iron Head|p2a: Espathra\n|-activate|p2a: Espathra|move: Protect\n|\n|-heal|p2a: Espathra|32/100|[from] item: Leftovers\n|-ability|p2a: Espathra|Speed Boost|boost\n|-boost|p2a: Espathra|spe|1\n|upkeep\n|turn|7\n|inactive|Time left: 300 sec this turn | 300 sec total\n|\n|t:|1783570570\n|move|p2a: Espathra|Dazzling Gleam|p1a: Bisharp\n|-damage|p1a: Bisharp|103/232\n|move|p1a: Bisharp|Iron Head|p2a: Espathra\n|-supereffective|p2a: Espathra\n|-damage|p2a: Espathra|0 fnt\n|faint|p2a: Espathra\n|\n|upkeep\n|\n|t:|1783570571\n|switch|p2a: Kommo-o|Kommo-o, L77, F|100/100\n|turn|8\n|inactive|Time left: 300 sec this turn | 300 sec total\n|\n|t:|1783570572\n|switch|p1a: Conkeldurr|Conkeldurr, L80, M|299/299\n|move|p2a: Kommo-o|Clangorous Soul|p2a: Kommo-o\n|-boost|p2a: Kommo-o|atk|1\n|-boost|p2a: Kommo-o|def|1\n|-boost|p2a: Kommo-o|spa|1\n|-boost|p2a: Kommo-o|spd|1\n|-boost|p2a: Kommo-o|spe|1\n|-damage|p2a: Kommo-o|68/100\n|-enditem|p2a: Kommo-o|Throat Spray\n|-boost|p2a: Kommo-o|spa|1|[from] item: Throat Spray\n|\n|-status|p1a: Conkeldurr|brn|[from] item: Flame Orb\n|upkeep\n|turn|9\n|inactive|Time left: 300 sec this turn | 300 sec total\n|\n|t:|1783570573\n|switch|p1a: Diancie|Diancie, L82|216/216\n|move|p2a: Kommo-o|Drain Punch|p1a: Diancie\n|-damage|p1a: Diancie|144/216\n|-heal|p2a: Kommo-o|83/100|[from] drain|[of] p1a: Diancie\n|\n|-heal|p1a: Diancie|157/216|[from] item: Leftovers\n|upkeep\n|turn|10\n|inactive|Time left: 300 sec this turn | 300 sec total\n|\n|t:|1783570574\n|-terastallize|p1a: Diancie|Fighting\n|move|p2a: Kommo-o|Iron Head|p1a: Diancie\n|-damage|p1a: Diancie|105/216\n|move|p1a: Diancie|Moonblast|p2a: Kommo-o\n|-supereffective|p2a: Kommo-o\n|-damage|p2a: Kommo-o|0 fnt\n|faint|p2a: Kommo-o\n|\n|-heal|p1a: Diancie|118/216|[from] item: Leftovers\n|upkeep\n|\n|t:|1783570575\n|switch|p2a: Mimikyu|Mimikyu, L79, M|100/100\n|turn|11\n|inactive|Time left: 300 sec this turn | 300 sec total\n|\n|t:|1783570576\n|switch|p1a: Rotom|Rotom-Wash, L82|216/216\n|move|p2a: Mimikyu|Play Rough|p1a: Rotom\n|-damage|p1a: Rotom|122/216\n|-damage|p2a: Mimikyu|91/100|[from] item: Life Orb\n|\n|-heal|p1a: Rotom|135/216|[from] item: Leftovers\n|upkeep\n|turn|12\n|inactive|Time left: 300 sec this turn | 300 sec total\n|\n|t:|1783570577\n|move|p2a: Mimikyu|Swords Dance|p2a: Mimikyu\n|-boost|p2a: Mimikyu|atk|2\n|move|p1a: Rotom|Will-O-Wisp|p2a: Mimikyu|[miss]\n|-miss|p1a: Rotom|p2a: Mimikyu\n|\n|-heal|p1a: Rotom|148/216|[from] item: Leftovers\n|upkeep\n|turn|13\n|inactive|Time left: 300 sec this turn | 300 sec total\n|\n|t:|1783570578\n|move|p2a: Mimikyu|Play Rough|p1a: Rotom\n|-damage|p1a: Rotom|0 fnt\n|faint|p1a: Rotom\n|-damage|p2a: Mimikyu|81/100|[from] item: Life Orb\n|\n|upkeep\n|inactive|Time left: 300 sec this turn | 300 sec total | 5 sec grace\n|\n|t:|1783570579\n|switch|p1a: Bisharp|Bisharp, L79, M|103/232\n|turn|14\n|inactive|Time left: 300 sec this turn | 300 sec total\n|\n|t:|1783570580\n|move|p1a: Bisharp|Sucker Punch|p2a: Mimikyu\n|-activate|p2a: Mimikyu|ability: Disguise\n|-damage|p2a: Mimikyu|81/100\n|detailschange|p2a: Mimikyu|Mimikyu-Busted, L79, M\n|-damage|p2a: Mimikyu|69/100|[from] pokemon: Mimikyu-Busted\n|move|p2a: Mimikyu|Drain Punch|p1a: Bisharp\n|-supereffective|p1a: Bisharp\n|-damage|p1a: Bisharp|0 fnt\n|-heal|p2a: Mimikyu|93/100|[from] drain|[of] p1a: Bisharp\n|faint|p1a: Bisharp\n|-damage|p2a: Mimikyu|83/100|[from] item: Life Orb\n|\n|upkeep\n|inactive|Time left: 300 sec this turn | 300 sec total | 5 sec grace\n|\n|t:|1783570581\n|switch|p1a: Indeedee|Indeedee, L84, M|238/238\n|-fieldstart|move: Psychic Terrain|[from] ability: Psychic Surge|[of] p1a: Indeedee\n|turn|15\n|inactive|Time left: 300 sec this turn | 300 sec total\n|\n|t:|1783570582\n|switch|p2a: Houndoom|Houndoom, L87, M|100/100\n|move|p1a: Indeedee|Expanding Force|p2a: Houndoom\n|-immune|p2a: Houndoom\n|\n|upkeep\n|turn|16\n|inactive|Time left: 300 sec this turn | 300 sec total\n|\n|t:|1783570583\n|switch|p1a: Diancie|Diancie, L82, tera:Fighting|118/216\n|move|p2a: Houndoom|Nasty Plot|p2a: Houndoom\n|-boost|p2a: Houndoom|spa|2\n|\n|-heal|p1a: Diancie|131/216|[from] item: Leftovers\n|upkeep\n|turn|17\n|inactive|Time left: 300 sec this turn | 300 sec total\n|\n|t:|1783570584\n|move|p2a: Houndoom|Fire Blast|p1a: Diancie\n|-damage|p1a: Diancie|0 fnt\n|faint|p1a: Diancie\n|\n|upkeep\n|inactive|Time left: 300 sec this turn | 300 sec total | 5 sec grace\n|\n|t:|1783570585\n|switch|p1a: Indeedee|Indeedee, L84, M|238/238\n|turn|18\n|inactive|Time left: 300 sec this turn | 300 sec total\n|\n|t:|1783570585\n|move|p2a: Houndoom|Dark Pulse|p1a: Indeedee\n|-supereffective|p1a: Indeedee\n|-damage|p1a: Indeedee|0 fnt\n|faint|p1a: Indeedee\n|\n|upkeep\n|inactive|Time left: 300 sec this turn | 300 sec total | 5 sec grace\n|\n|t:|1783570587\n|switch|p1a: Conkeldurr|Conkeldurr, L80, M|299/299 brn\n|turn|19\n|inactive|Time left: 300 sec this turn | 300 sec total\n|\n|t:|1783570587\n|move|p2a: Houndoom|Fire Blast|p1a: Conkeldurr\n|-damage|p1a: Conkeldurr|0 fnt\n|faint|p1a: Conkeldurr\n|\n|win|p0y2648488e", "uploadtime": 1783570587, "views": 0, "rating": 0, "private": 0, "password": null, "_winner": "p0y2648488e", "_our_name": "p0x26488826"}