{"id": "battle-gen9randombattle-2806", "formatid": "gen9randombattle", "format": "[Gen 9] Random Battle", "players": ["p0x2806f017", "p0y2806bad9"], "log": "|init|battle\n|title|p0x2806f017 vs. p0y2806bad9\n|j|\u2606p0x2806f017\n|j|\u2606p0y2806bad9\n|t:|1783572342\n|gametype|singles\n|player|p1|p0x2806f017|1|\n|player|p2|p0y2806bad9|169|\n|gen|9\n|tier|[Gen 9] Random Battle\n|rule|Species Clause: Limit one of each Pok\u00e9mon\n|rule|HP Percentage Mod: HP is shown in percentages\n|rule|Sleep Clause Mod: Limit one foe put to sleep\n|rule|Illusion Level Mod: Illusion disguises the Pok\u00e9mon's true level\n|\n|t:|1783572342\n|teamsize|p1|6\n|teamsize|p2|6\n|start\n|switch|p1a: Politoed|Politoed, L88, F|302/302\n|switch|p2a: Ambipom|Ambipom, L84, M|100/100\n|-weather|RainDance|[from] ability: Drizzle|[of] p1a: Politoed\n|turn|1\n|inactive|Battle timer is ON: inactive players will automatically lose when time's up. (requested by p0y2806bad9)\n|inactive|Time left: 300 sec this turn | 300 sec total | 60 sec grace\n|inactive|p0x2806f017 also wants the timer to be on.\n|\n|t:|1783572344\n|switch|p2a: Azumarill|Azumarill, L82, M|100/100\n|move|p1a: Politoed|Weather Ball|p2a: Azumarill\n|-resisted|p2a: Azumarill\n|-damage|p2a: Azumarill|56/100\n|\n|-weather|RainDance|[upkeep]\n|upkeep\n|turn|2\n|inactive|Time left: 300 sec this turn | 300 sec total\n|\n|t:|1783572345\n|-terastallize|p1a: Politoed|Water\n|move|p1a: Politoed|Weather Ball|p2a: Azumarill\n|-resisted|p2a: Azumarill\n|-damage|p2a: Azumarill|0 fnt\n|faint|p2a: Azumarill\n|\n|-weather|RainDance|[upkeep]\n|upkeep\n|\n|t:|1783572346\n|switch|p2a: Munkidori|Munkidori, L79, M|100/100\n|turn|3\n|inactive|Time left: 300 sec this turn | 300 sec total\n|\n|t:|1783572347\n|move|p2a: Munkidori|Fake Out|p1a: Politoed\n|-damage|p1a: Politoed|277/302\n|cant|p1a: Politoed|flinch\n|\n|-weather|RainDance|[upkeep]\n|upkeep\n|turn|4\n|inactive|Time left: 300 sec this turn | 300 sec total\n|\n|t:|1783572348\n|move|p2a: Munkidori|Sludge Wave|p1a: Politoed\n|-damage|p1a: Politoed|178/302\n|-status|p1a: Politoed|tox|[from] ability: Toxic Chain|[of] p2a: Munkidori\n|move|p1a: Politoed|Weather Ball|p2a: Munkidori\n|-damage|p2a: Munkidori|7/100\n|\n|-weather|RainDance|[upkeep]\n|-damage|p1a: Politoed|160/302 tox|[from] psn\n|upkeep\n|turn|5\n|inactive|Time left: 300 sec this turn | 300 sec total\n|\n|t:|1783572349\n|move|p2a: Munkidori|Sludge Wave|p1a: Politoed\n|-damage|p1a: Politoed|57/302 tox\n|move|p1a: Politoed|Weather Ball|p2a: Munkidori\n|-damage|p2a: Munkidori|0 fnt\n|faint|p2a: Munkidori\n|\n|-weather|none\n|-damage|p1a: Politoed|21/302 tox|[from] psn\n|upkeep\n|\n|t:|1783572350\n|switch|p2a: Ambipom|Ambipom, L84, M|100/100\n|turn|6\n|inactive|Time left: 300 sec this turn | 300 sec total\n|\n|t:|1783572351\n|switch|p1a: Skeledirge|Skeledirge, L79, F|294/294\n|move|p2a: Ambipom|Triple Axel|p1a: Skeledirge\n|-resisted|p1a: Skeledirge\n|-damage|p1a: Skeledirge|279/294\n|-hitcount|p1a: Skeledirge|1\n|\n|upkeep\n|turn|7\n|inactive|Time left: 300 sec this turn | 300 sec total\n|\n|t:|1783572351\n|move|p2a: Ambipom|Triple Axel|p1a: Skeledirge\n|-resisted|p1a: Skeledirge\n|-damage|p1a: Skeledirge|263/294\n|-resisted|p1a: Skeledirge\n|-damage|p1a: Skeledirge|235/294\n|-resisted|p1a: Skeledirge\n|-damage|p1a: Skeledirge|187/294\n|-hitcount|p1a: Skeledirge|3\n|move|p1a: Skeledirge|Torch Song|p2a: Ambipom\n|-damage|p2a: Ambipom|64/100\n|-boost|p1a: Skeledirge|spa|1\n|\n|upkeep\n|turn|8\n|inactive|Time left: 300 sec this turn | 300 sec total\n|\n|t:|1783572352\n|move|p2a: Ambipom|Triple Axel|p1a: Skeledirge\n|-resisted|p1a: Skeledirge\n|-damage|p1a: Skeledirge|171/294\n|-resisted|p1a: Skeledirge\n|-damage|p1a: Skeledirge|139/294\n|-resisted|p1a: Skeledirge\n|-damage|p1a: Skeledirge|89/294\n|-hitcount|p1a: Skeledirge|3\n|move|p1a: Skeledirge|Slack Off|p1a: Skeledirge\n|-heal|p1a: Skeledirge|236/294\n|\n|upkeep\n|turn|9\n|inactive|Time left: 300 sec this turn | 300 sec total\n|\n|t:|1783572353\n|switch|p2a: Greninja|Greninja, L80, M|100/100\n|move|p1a: Skeledirge|Torch Song|p2a: Greninja\n|-resisted|p2a: Greninja\n|-damage|p2a: Greninja|71/100\n|-boost|p1a: Skeledirge|spa|1\n|\n|upkeep\n|turn|10\n|inactive|Time left: 300 sec this turn | 300 sec total\n|\n|t:|1783572353\n|switch|p1a: Meganium|Meganium, L90, M|290/290\n|move|p2a: Greninja|Dark Pulse|p1a: Meganium\n|-start|p2a: Greninja|typechange|Dark|[from] ability: Protean\n|-damage|p1a: Meganium|199/290\n|-damage|p2a: Greninja|61/100|[from] item: Life Orb\n|\n|-heal|p1a: Meganium|217/290|[from] item: Leftovers\n|upkeep\n|turn|11\n|inactive|Time left: 300 sec this turn | 300 sec total\n|\n|t:|1783572354\n|move|p2a: Greninja|U-turn|p1a: Meganium\n|-supereffective|p1a: Meganium\n|-damage|p1a: Meganium|113/290\n|-damage|p2a: Greninja|52/100|[from] item: Life Orb\n|\n|t:|1783572355\n|switch|p2a: Ambipom|Ambipom, L84, M|64/100|[from] U-turn\n|move|p1a: Meganium|Petal Blizzard|p2a: Ambipom\n|-damage|p2a: Ambipom|14/100\n|\n|-heal|p1a: Meganium|131/290|[from] item: Leftovers\n|upkeep\n|turn|12\n|inactive|Time left: 300 sec this turn | 300 sec total\n|\n|t:|1783572356\n|switch|p1a: Skeledirge|Skeledirge, L79, F|236/294\n|move|p2a: Ambipom|Triple Axel|p1a: Skeledirge\n|-resisted|p1a: Skeledirge\n|-damage|p1a: Skeledirge|221/294\n|-resisted|p1a: Skeledirge\n|-damage|p1a: Skeledirge|190/294\n|-resisted|p1a: Skeledirge\n|-damage|p1a: Skeledirge|143/294\n|-hitcount|p1a: Skeledirge|3\n|\n|upkeep\n|turn|13\n|inactive|Time left: 300 sec this turn | 300 sec total\n|\n|t:|1783572357\n|move|p2a: Ambipom|Triple Axel|p1a: Skeledirge\n|-resisted|p1a: Skeledirge\n|-damage|p1a: Skeledirge|128/294\n|-resisted|p1a: Skeledirge\n|-damage|p1a: Skeledirge|98/294\n|-resisted|p1a: Skeledirge\n|-damage|p1a: Skeledirge|51/294\n|-hitcount|p1a: Skeledirge|3\n|move|p1a: Skeledirge|Slack Off|p1a: Skeledirge\n|-heal|p1a: Skeledirge|198/294\n|\n|upkeep\n|turn|14\n|inactive|Time left: 300 sec this turn | 300 sec total\n|\n|t:|1783572358\n|move|p2a: Ambipom|Triple Axel|p1a: Skeledirge\n|-resisted|p1a: Skeledirge\n|-damage|p1a: Skeledirge|184/294\n|-resisted|p1a: Skeledirge\n|-damage|p1a: Skeledirge|154/294\n|-resisted|p1a: Skeledirge\n|-damage|p1a: Skeledirge|107/294\n|-hitcount|p1a: Skeledirge|3\n|move|p1a: Skeledirge|Torch Song|p2a: Ambipom\n|-damage|p2a: Ambipom|0 fnt\n|-boost|p1a: Skeledirge|spa|1\n|faint|p2a: Ambipom\n|\n|upkeep\n|\n|t:|1783572358\n|switch|p2a: Greninja|Greninja, L80, M|52/100\n|turn|15\n|inactive|Time left: 300 sec this turn | 300 sec total\n|\n|t:|1783572359\n|switch|p1a: Politoed|Politoed, L88, F, tera:Water|21/302 tox\n|-weather|RainDance|[from] ability: Drizzle|[of] p1a: Politoed\n|move|p2a: Greninja|Dark Pulse|p1a: Politoed\n|-start|p2a: Greninja|typechange|Dark|[from] ability: Protean\n|-damage|p1a: Politoed|0 fnt\n|faint|p1a: Politoed\n|-damage|p2a: Greninja|42/100|[from] item: Life Orb\n|\n|-weather|RainDance|[upkeep]\n|upkeep\n|inactive|Time left: 300 sec this turn | 300 sec total | 5 sec grace\n|\n|t:|1783572360\n|switch|p1a: Zapdos|Zapdos, L78|268/268\n|turn|16\n|inactive|Time left: 300 sec this turn | 300 sec total\n|\n|t:|1783572362\n|switch|p2a: Raikou|Raikou, L81|100/100\n|-ability|p2a: Raikou|Pressure\n|move|p1a: Zapdos|Thunderbolt|p2a: Raikou\n|-resisted|p2a: Raikou\n|-damage|p2a: Raikou|84/100\n|\n|-weather|RainDance|[upkeep]\n|-heal|p2a: Raikou|90/100|[from] item: Leftovers\n|upkeep\n|turn|17\n|inactive|Time left: 300 sec this turn | 300 sec total\n|\n|t:|1783572363\n|switch|p1a: Meganium|Meganium, L90, M|131/290\n|move|p2a: Raikou|Calm Mind|p2a: Raikou\n|-boost|p2a: Raikou|spa|1\n|-boost|p2a: Raikou|spd|1\n|\n|-weather|RainDance|[upkeep]\n|-heal|p2a: Raikou|97/100|[from] item: Leftovers\n|-heal|p1a: Meganium|149/290|[from] item: Leftovers\n|upkeep\n|turn|18\n|inactive|Time left: 300 sec this turn | 300 sec total\n|\n|t:|1783572364\n|move|p2a: Raikou|Scald|p1a: Meganium\n|-resisted|p1a: Meganium\n|-damage|p1a: Meganium|93/290\n|move|p1a: Meganium|Petal Blizzard|p2a: Raikou\n|-crit|p2a: Raikou\n|-damage|p2a: Raikou|0 fnt\n|faint|p2a: Raikou\n|\n|-weather|RainDance|[upkeep]\n|-heal|p1a: Meganium|111/290|[from] item: Leftovers\n|upkeep\n|\n|t:|1783572365\n|switch|p2a: Greninja|Greninja, L80, M|42/100\n|turn|19\n|inactive|Time left: 300 sec this turn | 300 sec total\n|\n|t:|1783572366\n|move|p2a: Greninja|U-turn|p1a: Meganium\n|-start|p2a: Greninja|typechange|Bug|[from] ability: Protean\n|-supereffective|p1a: Meganium\n|-damage|p1a: Meganium|0 fnt\n|faint|p1a: Meganium\n|-damage|p2a: Greninja|32/100|[from] item: Life Orb\n|\n|t:|1783572367\n|switch|p2a: Ampharos|Ampharos, L88, F|100/100|[from] U-turn\n|\n|-weather|none\n|upkeep\n|inactive|Time left: 300 sec this turn | 300 sec total | 10 sec grace\n|\n|t:|1783572368\n|switch|p1a: Volcarona|Volcarona, L77, F|257/257\n|turn|20\n|inactive|Time left: 300 sec this turn | 300 sec total\n|\n|t:|1783572369\n|move|p1a: Volcarona|Quiver Dance|p1a: Volcarona\n|-boost|p1a: Volcarona|spa|1\n|-boost|p1a: Volcarona|spd|1\n|-boost|p1a: Volcarona|spe|1\n|move|p2a: Ampharos|Thunderbolt|p1a: Volcarona\n|-damage|p1a: Volcarona|185/257\n|\n|upkeep\n|turn|21\n|inactive|Time left: 300 sec this turn | 300 sec total\n|\n|t:|1783572370\n|move|p1a: Volcarona|Fire Blast|p2a: Ampharos|[miss]\n|-miss|p1a: Volcarona|p2a: Ampharos\n|move|p2a: Ampharos|Thunderbolt|p1a: Volcarona\n|-damage|p1a: Volcarona|106/257\n|\n|upkeep\n|turn|22\n|inactive|Time left: 300 sec this turn | 300 sec total\n|\n|t:|1783572371\n|move|p1a: Volcarona|Fire Blast|p2a: Ampharos\n|-damage|p2a: Ampharos|62/100\n|move|p2a: Ampharos|Thunderbolt|p1a: Volcarona\n|-damage|p1a: Volcarona|27/257\n|\n|upkeep\n|turn|23\n|inactive|Time left: 300 sec this turn | 300 sec total\n|\n|t:|1783572373\n|move|p1a: Volcarona|Fire Blast|p2a: Ampharos\n|-crit|p2a: Ampharos\n|-damage|p2a: Ampharos|1/100\n|move|p2a: Ampharos|Thunderbolt|p1a: Volcarona\n|-damage|p1a: Volcarona|0 fnt\n|faint|p1a: Volcarona\n|\n|upkeep\n|inactive|Time left: 300 sec this turn | 300 sec total | 5 sec grace\n|\n|t:|1783572374\n|switch|p1a: Zapdos|Zapdos, L78|268/268\n|turn|24\n|inactive|Time left: 300 sec this turn | 300 sec total\n|\n|t:|1783572375\n|move|p1a: Zapdos|Thunderbolt|p2a: Ampharos\n|-resisted|p2a: Ampharos\n|-crit|p2a: Ampharos\n|-damage|p2a: Ampharos|0 fnt\n|faint|p2a: Ampharos\n|\n|upkeep\n|\n|t:|1783572376\n|switch|p2a: Greninja|Greninja, L80, M|32/100\n|turn|25\n|inactive|Time left: 300 sec this turn | 300 sec total\n|\n|t:|1783572377\n|move|p2a: Greninja|Dark Pulse|p1a: Zapdos\n|-start|p2a: Greninja|typechange|Dark|[from] ability: Protean\n|-damage|p1a: Zapdos|158/268\n|-damage|p2a: Greninja|22/100|[from] item: Life Orb\n|move|p1a: Zapdos|Thunderbolt|p2a: Greninja\n|-damage|p2a: Greninja|0 fnt\n|faint|p2a: Greninja\n|\n|win|p0x2806f017", "uploadtime": 1783572377, "views": 0, "rating": 0, "private": 0, "password": null, "_winner": "p0x2806f017", "_our_name": "p0x2806f017"}