{"id": "battle-gen9randombattle-1384", "formatid": "gen9randombattle", "format": "[Gen 9] Random Battle", "players": ["p0x1384611a", "p0y138417ec"], "log": "|init|battle\n|title|p0x1384611a vs. p0y138417ec\n|j|\u2606p0x1384611a\n|j|\u2606p0y138417ec\n|t:|1783555165\n|gametype|singles\n|player|p1|p0x1384611a|170|\n|player|p2|p0y138417ec|265|\n|gen|9\n|tier|[Gen 9] Random Battle\n|rule|Species Clause: Limit one of each Pok\u00e9mon\n|rule|HP Percentage Mod: HP is shown in percentages\n|rule|Sleep Clause Mod: Limit one foe put to sleep\n|rule|Illusion Level Mod: Illusion disguises the Pok\u00e9mon's true level\n|\n|t:|1783555165\n|teamsize|p1|6\n|teamsize|p2|6\n|start\n|switch|p1a: Bisharp|Bisharp, L79, F|100/100\n|switch|p2a: Comfey|Comfey, L85, F|225/225\n|turn|1\n|inactive|Battle timer is ON: inactive players will automatically lose when time's up. (requested by p0x1384611a)\n|inactive|Time left: 300 sec this turn | 300 sec total | 60 sec grace\n|inactive|p0y138417ec also wants the timer to be on.\n|\n|t:|1783555167\n|move|p2a: Comfey|Calm Mind|p2a: Comfey\n|-boost|p2a: Comfey|spa|1\n|-boost|p2a: Comfey|spd|1\n|move|p1a: Bisharp|Stealth Rock|p2a: Comfey\n|-sidestart|p2: p0y138417ec|move: Stealth Rock\n|\n|upkeep\n|turn|2\n|inactive|Time left: 300 sec this turn | 300 sec total\n|\n|t:|1783555168\n|move|p2a: Comfey|Encore|p1a: Bisharp\n|-start|p1a: Bisharp|Encore\n|move|p1a: Bisharp|Stealth Rock||[still]\n|-fail|p1a: Bisharp\n|\n|upkeep\n|turn|3\n|inactive|Time left: 300 sec this turn | 300 sec total\n|\n|t:|1783555169\n|switch|p1a: Slaking|Slaking, L84, M|100/100\n|move|p2a: Comfey|Calm Mind|p2a: Comfey\n|-boost|p2a: Comfey|spa|1\n|-boost|p2a: Comfey|spd|1\n|\n|upkeep\n|turn|4\n|inactive|Time left: 300 sec this turn | 300 sec total\n|\n|t:|1783555170\n|switch|p2a: Typhlosion|Typhlosion-Hisui, L83, M|257/257\n|-damage|p2a: Typhlosion|193/257|[from] Stealth Rock\n|move|p1a: Slaking|Giga Impact|p2a: Typhlosion\n|-immune|p2a: Typhlosion\n|\n|-heal|p2a: Typhlosion|209/257|[from] item: Leftovers\n|upkeep\n|turn|5\n|inactive|Time left: 300 sec this turn | 300 sec total\n|\n|t:|1783555171\n|switch|p1a: Iron Boulder|Iron Boulder, L77|100/100\n|move|p2a: Typhlosion|Fire Blast|p1a: Iron Boulder\n|-resisted|p1a: Iron Boulder\n|-damage|p1a: Iron Boulder|76/100\n|\n|-heal|p2a: Typhlosion|225/257|[from] item: Leftovers\n|upkeep\n|turn|6\n|inactive|Time left: 300 sec this turn | 300 sec total\n|\n|t:|1783555173\n|switch|p2a: Toedscruel|Toedscruel, L87, F|281/281\n|-damage|p2a: Toedscruel|264/281|[from] Stealth Rock\n|move|p1a: Iron Boulder|Mighty Cleave|p2a: Toedscruel\n|-resisted|p2a: Toedscruel\n|-damage|p2a: Toedscruel|186/281\n|-damage|p1a: Iron Boulder|67/100|[from] item: Life Orb\n|\n|-heal|p2a: Toedscruel|203/281|[from] item: Leftovers\n|upkeep\n|turn|7\n|inactive|Time left: 300 sec this turn | 300 sec total\n|\n|t:|1783555174\n|-end|p1a: Iron Boulder|Quark Drive|[silent]\n|switch|p1a: Slaking|Slaking, L84, M|100/100\n|move|p2a: Toedscruel|Rapid Spin|p1a: Slaking\n|-damage|p1a: Slaking|94/100\n|-boost|p2a: Toedscruel|spe|1\n|-sideend|p2: p0y138417ec|Stealth Rock|[from] move: Rapid Spin|[of] p2a: Toedscruel\n|\n|-heal|p2a: Toedscruel|220/281|[from] item: Leftovers\n|upkeep\n|turn|8\n|inactive|Time left: 300 sec this turn | 300 sec total\n|\n|t:|1783555175\n|move|p1a: Slaking|Giga Impact|p2a: Toedscruel\n|-damage|p2a: Toedscruel|0 fnt\n|-mustrecharge|p1a: Slaking\n|faint|p2a: Toedscruel\n|\n|upkeep\n|inactive|Time left: 300 sec this turn | 300 sec total | 5 sec grace\n|\n|t:|1783555176\n|switch|p2a: Typhlosion|Typhlosion-Hisui, L83, M|225/257\n|turn|9\n|inactive|Time left: 300 sec this turn | 300 sec total\n|\n|t:|1783555177\n|cant|p1a: Slaking|recharge\n|move|p2a: Typhlosion|Calm Mind|p2a: Typhlosion\n|-boost|p2a: Typhlosion|spa|1\n|-boost|p2a: Typhlosion|spd|1\n|\n|-heal|p2a: Typhlosion|241/257|[from] item: Leftovers\n|upkeep\n|turn|10\n|inactive|Time left: 300 sec this turn | 300 sec total\n|\n|t:|1783555178\n|switch|p1a: Furret|Furret, L94, F|100/100\n|-item|p2a: Typhlosion|Leftovers|[from] ability: Frisk|[of] p1a: Furret\n|move|p2a: Typhlosion|Fire Blast|p1a: Furret\n|-damage|p1a: Furret|21/100\n|\n|-heal|p2a: Typhlosion|257/257|[from] item: Leftovers\n|upkeep\n|turn|11\n|inactive|Time left: 300 sec this turn | 300 sec total\n|\n|t:|1783555179\n|move|p1a: Furret|Knock Off|p2a: Typhlosion\n|-supereffective|p2a: Typhlosion\n|-crit|p2a: Typhlosion\n|-damage|p2a: Typhlosion|0 fnt\n|-enditem|p2a: Typhlosion|Leftovers|[from] move: Knock Off|[of] p1a: Furret\n|faint|p2a: Typhlosion\n|\n|upkeep\n|inactive|Time left: 300 sec this turn | 300 sec total | 5 sec grace\n|\n|t:|1783555180\n|switch|p2a: Porygon-Z|Porygon-Z, L83|277/277\n|-ability|p2a: Porygon-Z|Download|boost\n|-boost|p2a: Porygon-Z|spa|1\n|turn|12\n|inactive|Time left: 300 sec this turn | 300 sec total\n|\n|t:|1783555181\n|move|p2a: Porygon-Z|Thunderbolt|p1a: Furret\n|-damage|p1a: Furret|0 fnt\n|faint|p1a: Furret\n|\n|upkeep\n|\n|t:|1783555182\n|switch|p1a: Slaking|Slaking, L84, M|94/100\n|turn|13\n|inactive|Time left: 300 sec this turn | 300 sec total\n|\n|t:|1783555183\n|move|p2a: Porygon-Z|Thunderbolt|p1a: Slaking\n|-damage|p1a: Slaking|56/100\n|move|p1a: Slaking|Giga Impact|p2a: Porygon-Z\n|-damage|p2a: Porygon-Z|0 fnt\n|-mustrecharge|p1a: Slaking\n|faint|p2a: Porygon-Z\n|\n|upkeep\n|inactive|Time left: 300 sec this turn | 300 sec total | 5 sec grace\n|\n|t:|1783555183\n|switch|p2a: Kommo-o|Kommo-o, L77, M|242/242\n|turn|14\n|inactive|Time left: 300 sec this turn | 300 sec total\n|\n|t:|1783555184\n|-terastallize|p2a: Kommo-o|Steel\n|cant|p1a: Slaking|recharge\n|move|p2a: Kommo-o|Swords Dance|p2a: Kommo-o\n|-boost|p2a: Kommo-o|atk|2\n|\n|upkeep\n|turn|15\n|inactive|Time left: 300 sec this turn | 300 sec total\n|\n|t:|1783555185\n|move|p1a: Slaking|Giga Impact|p2a: Kommo-o\n|-resisted|p2a: Kommo-o\n|-damage|p2a: Kommo-o|103/242\n|-mustrecharge|p1a: Slaking\n|move|p2a: Kommo-o|Scale Shot|p1a: Slaking\n|-damage|p1a: Slaking|45/100\n|-damage|p1a: Slaking|33/100\n|-damage|p1a: Slaking|21/100\n|-damage|p1a: Slaking|9/100\n|-damage|p1a: Slaking|0 fnt\n|faint|p1a: Slaking\n|-hitcount|p1: Slaking|5\n|-unboost|p2a: Kommo-o|def|1\n|-boost|p2a: Kommo-o|spe|1\n|\n|upkeep\n|\n|t:|1783555186\n|switch|p1a: Chesnaught|Chesnaught, L84, F|100/100\n|turn|16\n|inactive|Time left: 300 sec this turn | 300 sec total\n|\n|t:|1783555187\n|move|p2a: Kommo-o|Iron Head|p1a: Chesnaught\n|-damage|p1a: Chesnaught|59/100\n|move|p1a: Chesnaught|Body Press|p2a: Kommo-o\n|-supereffective|p2a: Kommo-o\n|-damage|p2a: Kommo-o|0 fnt\n|faint|p2a: Kommo-o\n|\n|-heal|p1a: Chesnaught|65/100|[from] item: Leftovers\n|upkeep\n|inactive|Time left: 300 sec this turn | 300 sec total | 5 sec grace\n|\n|t:|1783555187\n|switch|p2a: Wigglytuff|Wigglytuff, L96, M|424/424\n|turn|17\n|inactive|Time left: 300 sec this turn | 300 sec total\n|\n|t:|1783555188\n|move|p1a: Chesnaught|Synthesis|p1a: Chesnaught\n|-heal|p1a: Chesnaught|100/100\n|move|p2a: Wigglytuff|Fire Blast|p1a: Chesnaught\n|-supereffective|p1a: Chesnaught\n|-damage|p1a: Chesnaught|31/100\n|\n|-heal|p1a: Chesnaught|37/100|[from] item: Leftovers\n|upkeep\n|turn|18\n|inactive|Time left: 300 sec this turn | 300 sec total\n|\n|t:|1783555189\n|switch|p1a: Talonflame|Talonflame, L83, M|100/100\n|move|p2a: Wigglytuff|Alluring Voice|p1a: Talonflame\n|-resisted|p1a: Talonflame\n|-damage|p1a: Talonflame|78/100\n|\n|upkeep\n|turn|19\n|inactive|Time left: 300 sec this turn | 300 sec total\n|\n|t:|1783555190\n|move|p1a: Talonflame|Swords Dance|p1a: Talonflame\n|-boost|p1a: Talonflame|atk|2\n|move|p2a: Wigglytuff|Alluring Voice|p1a: Talonflame\n|-resisted|p1a: Talonflame\n|-damage|p1a: Talonflame|53/100\n|-start|p1a: Talonflame|confusion\n|\n|upkeep\n|turn|20\n|inactive|Time left: 300 sec this turn | 300 sec total\n|\n|t:|1783555191\n|-activate|p1a: Talonflame|confusion\n|move|p1a: Talonflame|Swords Dance|p1a: Talonflame\n|-boost|p1a: Talonflame|atk|2\n|move|p2a: Wigglytuff|Knock Off|p1a: Talonflame\n|-damage|p1a: Talonflame|24/100\n|-enditem|p1a: Talonflame|Heavy-Duty Boots|[from] move: Knock Off|[of] p2a: Wigglytuff\n|\n|upkeep\n|turn|21\n|inactive|Time left: 300 sec this turn | 300 sec total\n|\n|t:|1783555192\n|-end|p1a: Talonflame|confusion\n|move|p1a: Talonflame|Brave Bird|p2a: Wigglytuff\n|-damage|p2a: Wigglytuff|0 fnt\n|faint|p2a: Wigglytuff\n|-damage|p1a: Talonflame|0 fnt|[from] Recoil\n|faint|p1a: Talonflame\n|\n|upkeep\n|inactive|Time left: 300 sec this turn | 300 sec total | 5 sec grace\n|\n|t:|1783555193\n|switch|p1a: Bisharp|Bisharp, L79, F|100/100\n|switch|p2a: Comfey|Comfey, L85, F|225/225\n|turn|22\n|inactive|Time left: 300 sec this turn | 300 sec total\n|\n|t:|1783555194\n|-terastallize|p1a: Bisharp|Flying\n|move|p2a: Comfey|Draining Kiss|p1a: Bisharp\n|-damage|p1a: Bisharp|83/100\n|move|p1a: Bisharp|Iron Head|p2a: Comfey\n|-supereffective|p2a: Comfey\n|-damage|p2a: Comfey|45/225\n|\n|-heal|p2a: Comfey|59/225|[from] item: Leftovers\n|upkeep\n|turn|23\n|inactive|Time left: 300 sec this turn | 300 sec total\n|\n|t:|1783555195\n|move|p2a: Comfey|Draining Kiss|p1a: Bisharp\n|-damage|p1a: Bisharp|65/100\n|-heal|p2a: Comfey|91/225|[from] drain|[of] p1a: Bisharp\n|move|p1a: Bisharp|Iron Head|p2a: Comfey\n|-supereffective|p2a: Comfey\n|-damage|p2a: Comfey|0 fnt\n|faint|p2a: Comfey\n|\n|win|p0x1384611a", "uploadtime": 1783555195, "views": 0, "rating": 0, "private": 0, "password": null, "_winner": "p0x1384611a", "_our_name": "p0y138417ec"}