{"id": "battle-gen9randombattle-2855", "formatid": "gen9randombattle", "format": "[Gen 9] Random Battle", "players": ["p0x28552400", "p0y285535e5"], "log": "|init|battle\n|title|p0x28552400 vs. p0y285535e5\n|j|\u2606p0x28552400\n|j|\u2606p0y285535e5\n|t:|1783572883\n|gametype|singles\n|player|p1|p0x28552400|101|\n|player|p2|p0y285535e5|169|\n|gen|9\n|tier|[Gen 9] Random Battle\n|rule|Species Clause: Limit one of each Pok\u00e9mon\n|rule|HP Percentage Mod: HP is shown in percentages\n|rule|Sleep Clause Mod: Limit one foe put to sleep\n|rule|Illusion Level Mod: Illusion disguises the Pok\u00e9mon's true level\n|\n|t:|1783572883\n|teamsize|p1|6\n|teamsize|p2|6\n|start\n|switch|p1a: Shiftry|Shiftry, L89, F|305/305\n|switch|p2a: Flutter Mane|Flutter Mane, L74|100/100\n|turn|1\n|inactive|Battle timer is ON: inactive players will automatically lose when time's up. (requested by p0y285535e5)\n|inactive|Time left: 300 sec this turn | 300 sec total | 60 sec grace\n|inactive|p0x28552400 also wants the timer to be on.\n|\n|t:|1783572884\n|switch|p1a: Tyranitar|Tyranitar, L78, F|284/284\n|-weather|Sandstorm|[from] ability: Sand Stream|[of] p1a: Tyranitar\n|move|p2a: Flutter Mane|Moonblast|p1a: Tyranitar\n|-supereffective|p1a: Tyranitar\n|-damage|p1a: Tyranitar|92/284\n|-unboost|p1a: Tyranitar|spa|1\n|-enditem|p1a: Tyranitar|Weakness Policy\n|-boost|p1a: Tyranitar|atk|2|[from] item: Weakness Policy\n|-boost|p1a: Tyranitar|spa|2|[from] item: Weakness Policy\n|\n|-weather|Sandstorm|[upkeep]\n|-damage|p2a: Flutter Mane|95/100|[from] Sandstorm\n|upkeep\n|turn|2\n|inactive|Time left: 300 sec this turn | 300 sec total\n|\n|t:|1783572886\n|move|p2a: Flutter Mane|Moonblast|p1a: Tyranitar\n|-supereffective|p1a: Tyranitar\n|-crit|p1a: Tyranitar\n|-damage|p1a: Tyranitar|0 fnt\n|faint|p1a: Tyranitar\n|\n|-weather|Sandstorm|[upkeep]\n|-damage|p2a: Flutter Mane|89/100|[from] Sandstorm\n|upkeep\n|inactive|Time left: 300 sec this turn | 300 sec total | 5 sec grace\n|\n|t:|1783572887\n|switch|p1a: Tsareena|Tsareena, L87, F|267/267\n|turn|3\n|inactive|Time left: 300 sec this turn | 300 sec total\n|\n|t:|1783572888\n|-end|p2a: Flutter Mane|Protosynthesis|[silent]\n|switch|p2a: Tinkaton|Tinkaton, L82, F|100/100\n|-ability|p2a: Tinkaton|Mold Breaker\n|move|p1a: Tsareena|Power Whip|p2a: Tinkaton\n|-resisted|p2a: Tinkaton\n|-damage|p2a: Tinkaton|69/100\n|\n|-weather|Sandstorm|[upkeep]\n|-damage|p1a: Tsareena|251/267|[from] Sandstorm\n|-heal|p2a: Tinkaton|75/100|[from] item: Leftovers\n|upkeep\n|turn|4\n|inactive|Time left: 300 sec this turn | 300 sec total\n|\n|t:|1783572889\n|move|p2a: Tinkaton|Swords Dance|p2a: Tinkaton\n|-boost|p2a: Tinkaton|atk|2\n|move|p1a: Tsareena|Power Whip|p2a: Tinkaton\n|-resisted|p2a: Tinkaton\n|-damage|p2a: Tinkaton|42/100\n|\n|-weather|Sandstorm|[upkeep]\n|-damage|p1a: Tsareena|235/267|[from] Sandstorm\n|-heal|p2a: Tinkaton|48/100|[from] item: Leftovers\n|upkeep\n|turn|5\n|inactive|Time left: 300 sec this turn | 300 sec total\n|\n|t:|1783572890\n|switch|p1a: Inteleon|Inteleon, L81, M|246/246\n|move|p2a: Tinkaton|Gigaton Hammer|p1a: Inteleon\n|-resisted|p1a: Inteleon\n|-damage|p1a: Inteleon|66/246\n|\n|-weather|none\n|-heal|p2a: Tinkaton|54/100|[from] item: Leftovers\n|upkeep\n|turn|6\n|inactive|Time left: 300 sec this turn | 300 sec total\n|\n|t:|1783572891\n|move|p1a: Inteleon|Scald|p2a: Tinkaton\n|-damage|p2a: Tinkaton|0 fnt\n|faint|p2a: Tinkaton\n|\n|upkeep\n|\n|t:|1783572892\n|switch|p2a: Flutter Mane|Flutter Mane, L74|89/100\n|turn|7\n|inactive|Time left: 300 sec this turn | 300 sec total\n|\n|t:|1783572893\n|switch|p1a: Tsareena|Tsareena, L87, F|235/267\n|move|p2a: Flutter Mane|Moonblast|p1a: Tsareena\n|-damage|p1a: Tsareena|87/267\n|-unboost|p1a: Tsareena|spa|1\n|\n|upkeep\n|turn|8\n|inactive|Time left: 300 sec this turn | 300 sec total\n|\n|t:|1783572894\n|move|p2a: Flutter Mane|Moonblast|p1a: Tsareena\n|-damage|p1a: Tsareena|0 fnt\n|faint|p1a: Tsareena\n|\n|upkeep\n|inactive|Time left: 300 sec this turn | 300 sec total | 5 sec grace\n|\n|t:|1783572895\n|switch|p1a: Rotom|Rotom-Fan, L86|226/226\n|turn|9\n|inactive|Time left: 300 sec this turn | 300 sec total\n|\n|t:|1783572896\n|move|p2a: Flutter Mane|Moonblast|p1a: Rotom\n|-damage|p1a: Rotom|106/226\n|-unboost|p1a: Rotom|spa|1\n|move|p1a: Rotom|Thunderbolt|p2a: Flutter Mane\n|-damage|p2a: Flutter Mane|59/100\n|\n|upkeep\n|turn|10\n|inactive|Time left: 300 sec this turn | 300 sec total\n|\n|t:|1783572897\n|move|p2a: Flutter Mane|Moonblast|p1a: Rotom\n|-damage|p1a: Rotom|0 fnt\n|faint|p1a: Rotom\n|\n|upkeep\n|inactive|Time left: 300 sec this turn | 300 sec total | 5 sec grace\n|\n|t:|1783572898\n|switch|p1a: Shiftry|Shiftry, L89, F|305/305\n|turn|11\n|inactive|Time left: 300 sec this turn | 300 sec total\n|\n|t:|1783572898\n|move|p1a: Shiftry|Sucker Punch|p2a: Flutter Mane\n|-damage|p2a: Flutter Mane|0 fnt\n|faint|p2a: Flutter Mane\n|-end|p2a: Flutter Mane|Protosynthesis|[silent]\n|\n|upkeep\n|\n|t:|1783572899\n|switch|p2a: Tsareena|Tsareena, L87, F|100/100\n|turn|12\n|inactive|Time left: 300 sec this turn | 300 sec total\n|\n|t:|1783572900\n|move|p1a: Shiftry|Knock Off|p2a: Tsareena\n|-damage|p2a: Tsareena|59/100\n|-enditem|p2a: Tsareena|Life Orb|[from] move: Knock Off|[of] p1a: Shiftry\n|move|p2a: Tsareena|High Jump Kick|p1a: Shiftry\n|-supereffective|p1a: Shiftry\n|-damage|p1a: Shiftry|9/305\n|\n|upkeep\n|turn|13\n|inactive|Time left: 300 sec this turn | 300 sec total\n|\n|t:|1783572901\n|move|p1a: Shiftry|Knock Off|p2a: Tsareena\n|-damage|p2a: Tsareena|32/100\n|move|p2a: Tsareena|Synthesis|p2a: Tsareena\n|-heal|p2a: Tsareena|82/100\n|\n|upkeep\n|turn|14\n|inactive|Time left: 300 sec this turn | 300 sec total\n|\n|t:|1783572903\n|move|p1a: Shiftry|Knock Off|p2a: Tsareena\n|-damage|p2a: Tsareena|53/100\n|move|p2a: Tsareena|Synthesis|p2a: Tsareena\n|-heal|p2a: Tsareena|100/100\n|\n|upkeep\n|turn|15\n|inactive|Time left: 300 sec this turn | 300 sec total\n|\n|t:|1783572904\n|move|p1a: Shiftry|Knock Off|p2a: Tsareena\n|-damage|p2a: Tsareena|76/100\n|move|p2a: Tsareena|Synthesis|p2a: Tsareena\n|-heal|p2a: Tsareena|100/100\n|\n|upkeep\n|turn|16\n|inactive|Time left: 300 sec this turn | 300 sec total\n|\n|t:|1783572905\n|move|p1a: Shiftry|Knock Off|p2a: Tsareena\n|-damage|p2a: Tsareena|75/100\n|move|p2a: Tsareena|High Jump Kick|p1a: Shiftry\n|-supereffective|p1a: Shiftry\n|-damage|p1a: Shiftry|0 fnt\n|faint|p1a: Shiftry\n|\n|upkeep\n|inactive|Time left: 300 sec this turn | 300 sec total | 5 sec grace\n|\n|t:|1783572906\n|switch|p1a: Inteleon|Inteleon, L81, M|66/246\n|turn|17\n|inactive|Time left: 300 sec this turn | 300 sec total\n|\n|t:|1783572907\n|move|p1a: Inteleon|Ice Beam|p2a: Tsareena\n|-supereffective|p2a: Tsareena\n|-damage|p2a: Tsareena|6/100\n|move|p2a: Tsareena|Knock Off|p1a: Inteleon\n|-damage|p1a: Inteleon|0 fnt\n|-enditem|p1a: Inteleon|Choice Specs|[from] move: Knock Off|[of] p2a: Tsareena\n|faint|p1a: Inteleon\n|\n|upkeep\n|inactive|Time left: 300 sec this turn | 300 sec total | 5 sec grace\n|\n|t:|1783572908\n|switch|p1a: Terapagos|Terapagos, L77, F|265/265\n|-activate|p1a: Terapagos|ability: Tera Shift\n|detailschange|p1a: Terapagos|Terapagos-Terastal, L77, F\n|-heal|p1a: Terapagos|273/273|[silent]\n|turn|18\n|inactive|Time left: 300 sec this turn | 300 sec total\n|\n|t:|1783572909\n|-terastallize|p2a: Tsareena|Fighting\n|move|p1a: Terapagos|Tera Starstorm|p2a: Tsareena\n|-damage|p2a: Tsareena|0 fnt\n|faint|p2a: Tsareena\n|\n|upkeep\n|\n|t:|1783572910\n|switch|p2a: Chandelure|Chandelure, L83, M|100/100\n|turn|19\n|inactive|Time left: 300 sec this turn | 300 sec total\n|\n|t:|1783572910\n|move|p2a: Chandelure|Fire Blast|p1a: Terapagos\n|-activate|p1a: Terapagos|ability: Tera Shell\n|-resisted|p1a: Terapagos\n|-damage|p1a: Terapagos|195/273\n|move|p1a: Terapagos|Calm Mind|p1a: Terapagos\n|-boost|p1a: Terapagos|spa|1\n|-boost|p1a: Terapagos|spd|1\n|\n|upkeep\n|turn|20\n|inactive|Time left: 300 sec this turn | 300 sec total\n|\n|t:|1783572911\n|move|p2a: Chandelure|Fire Blast|p1a: Terapagos\n|-damage|p1a: Terapagos|101/273\n|move|p1a: Terapagos|Calm Mind|p1a: Terapagos\n|-boost|p1a: Terapagos|spa|1\n|-boost|p1a: Terapagos|spd|1\n|\n|upkeep\n|turn|21\n|inactive|Time left: 300 sec this turn | 300 sec total\n|\n|t:|1783572912\n|move|p2a: Chandelure|Fire Blast|p1a: Terapagos\n|-damage|p1a: Terapagos|29/273\n|move|p1a: Terapagos|Rest|p1a: Terapagos\n|-status|p1a: Terapagos|slp|[from] move: Rest\n|-heal|p1a: Terapagos|273/273 slp|[silent]\n|-enditem|p1a: Terapagos|Chesto Berry|[eat]\n|-curestatus|p1a: Terapagos|slp|[msg]\n|\n|upkeep\n|turn|22\n|inactive|Time left: 300 sec this turn | 300 sec total\n|\n|t:|1783572913\n|switch|p2a: Umbreon|Umbreon, L84, M|100/100\n|move|p1a: Terapagos|Dark Pulse|p2a: Umbreon\n|-resisted|p2a: Umbreon\n|-damage|p2a: Umbreon|88/100\n|\n|-heal|p2a: Umbreon|94/100|[from] item: Leftovers\n|upkeep\n|turn|23\n|inactive|Time left: 300 sec this turn | 300 sec total\n|\n|t:|1783572914\n|move|p2a: Umbreon|Protect|p2a: Umbreon\n|-singleturn|p2a: Umbreon|Protect\n|move|p1a: Terapagos|Tera Starstorm|p2a: Umbreon\n|-activate|p2a: Umbreon|move: Protect\n|\n|-heal|p2a: Umbreon|100/100|[from] item: Leftovers\n|upkeep\n|turn|24\n|inactive|Time left: 300 sec this turn | 300 sec total\n|\n|t:|1783572915\n|move|p1a: Terapagos|Tera Starstorm|p2a: Umbreon\n|-damage|p2a: Umbreon|48/100\n|move|p2a: Umbreon|Toxic|p1a: Terapagos\n|-status|p1a: Terapagos|tox\n|\n|-heal|p2a: Umbreon|54/100|[from] item: Leftovers\n|-damage|p1a: Terapagos|256/273 tox|[from] psn\n|upkeep\n|turn|25\n|inactive|Time left: 300 sec this turn | 300 sec total\n|\n|t:|1783572916\n|move|p2a: Umbreon|Protect|p2a: Umbreon\n|-singleturn|p2a: Umbreon|Protect\n|move|p1a: Terapagos|Tera Starstorm|p2a: Umbreon\n|-activate|p2a: Umbreon|move: Protect\n|\n|-heal|p2a: Umbreon|60/100|[from] item: Leftovers\n|-damage|p1a: Terapagos|222/273 tox|[from] psn\n|upkeep\n|turn|26\n|inactive|Time left: 300 sec this turn | 300 sec total\n|\n|t:|1783572917\n|move|p1a: Terapagos|Tera Starstorm|p2a: Umbreon\n|-damage|p2a: Umbreon|4/100\n|move|p2a: Umbreon|Foul Play|p1a: Terapagos\n|-damage|p1a: Terapagos|162/273 tox\n|\n|-heal|p2a: Umbreon|10/100|[from] item: Leftovers\n|-damage|p1a: Terapagos|111/273 tox|[from] psn\n|upkeep\n|turn|27\n|inactive|Time left: 300 sec this turn | 300 sec total\n|\n|t:|1783572918\n|move|p1a: Terapagos|Rest|p1a: Terapagos\n|-status|p1a: Terapagos|slp|[from] move: Rest\n|-heal|p1a: Terapagos|273/273 slp|[silent]\n|move|p2a: Umbreon|Foul Play|p1a: Terapagos\n|-activate|p1a: Terapagos|ability: Tera Shell\n|-resisted|p1a: Terapagos\n|-damage|p1a: Terapagos|242/273 slp\n|\n|-heal|p2a: Umbreon|16/100|[from] item: Leftovers\n|upkeep\n|turn|28\n|inactive|Time left: 300 sec this turn | 300 sec total\n|\n|t:|1783572919\n|cant|p1a: Terapagos|slp\n|move|p2a: Umbreon|Wish|p2a: Umbreon\n|\n|-heal|p2a: Umbreon|22/100|[from] item: Leftovers\n|upkeep\n|turn|29\n|inactive|Time left: 300 sec this turn | 300 sec total\n|\n|t:|1783572920\n|cant|p1a: Terapagos|slp\n|move|p2a: Umbreon|Foul Play|p1a: Terapagos\n|-damage|p1a: Terapagos|178/273 slp\n|\n|-heal|p2a: Umbreon|72/100|[from] move: Wish|[wisher] Umbreon\n|-heal|p2a: Umbreon|78/100|[from] item: Leftovers\n|upkeep\n|turn|30\n|inactive|Time left: 300 sec this turn | 300 sec total\n|\n|t:|1783572921\n|-curestatus|p1a: Terapagos|slp|[msg]\n|move|p1a: Terapagos|Tera Starstorm|p2a: Umbreon\n|-damage|p2a: Umbreon|20/100\n|move|p2a: Umbreon|Toxic|p1a: Terapagos\n|-status|p1a: Terapagos|tox\n|\n|-heal|p2a: Umbreon|26/100|[from] item: Leftovers\n|-damage|p1a: Terapagos|161/273 tox|[from] psn\n|upkeep\n|turn|31\n|inactive|Time left: 300 sec this turn | 300 sec total\n|\n|t:|1783572922\n|move|p1a: Terapagos|Rest|p1a: Terapagos\n|-status|p1a: Terapagos|slp|[from] move: Rest\n|-heal|p1a: Terapagos|273/273 slp|[silent]\n|move|p2a: Umbreon|Foul Play|p1a: Terapagos\n|-activate|p1a: Terapagos|ability: Tera Shell\n|-resisted|p1a: Terapagos\n|-damage|p1a: Terapagos|243/273 slp\n|\n|-heal|p2a: Umbreon|32/100|[from] item: Leftovers\n|upkeep\n|turn|32\n|inactive|Time left: 300 sec this turn | 300 sec total\n|\n|t:|1783572923\n|cant|p1a: Terapagos|slp\n|move|p2a: Umbreon|Wish|p2a: Umbreon\n|\n|-heal|p2a: Umbreon|39/100|[from] item: Leftovers\n|upkeep\n|turn|33\n|inactive|Time left: 300 sec this turn | 300 sec total\n|\n|t:|1783572924\n|cant|p1a: Terapagos|slp\n|move|p2a: Umbreon|Foul Play|p1a: Terapagos\n|-damage|p1a: Terapagos|177/273 slp\n|\n|-heal|p2a: Umbreon|88/100|[from] move: Wish|[wisher] Umbreon\n|-heal|p2a: Umbreon|94/100|[from] item: Leftovers\n|upkeep\n|turn|34\n|inactive|Time left: 300 sec this turn | 300 sec total\n|\n|t:|1783572924\n|-curestatus|p1a: Terapagos|slp|[msg]\n|move|p1a: Terapagos|Tera Starstorm|p2a: Umbreon\n|-damage|p2a: Umbreon|42/100\n|move|p2a: Umbreon|Toxic|p1a: Terapagos\n|-status|p1a: Terapagos|tox\n|\n|-heal|p2a: Umbreon|48/100|[from] item: Leftovers\n|-damage|p1a: Terapagos|160/273 tox|[from] psn\n|upkeep\n|turn|35\n|inactive|Time left: 300 sec this turn | 300 sec total\n|\n|t:|1783572925\n|move|p1a: Terapagos|Rest|p1a: Terapagos\n|-status|p1a: Terapagos|slp|[from] move: Rest\n|-heal|p1a: Terapagos|273/273 slp|[silent]\n|move|p2a: Umbreon|Foul Play|p1a: Terapagos\n|-activate|p1a: Terapagos|ability: Tera Shell\n|-resisted|p1a: Terapagos\n|-damage|p1a: Terapagos|241/273 slp\n|\n|-heal|p2a: Umbreon|54/100|[from] item: Leftovers\n|upkeep\n|turn|36\n|inactive|Time left: 300 sec this turn | 300 sec total\n|\n|t:|1783572926\n|cant|p1a: Terapagos|slp\n|move|p2a: Umbreon|Foul Play|p1a: Terapagos\n|-damage|p1a: Terapagos|171/273 slp\n|\n|-heal|p2a: Umbreon|60/100|[from] item: Leftovers\n|upkeep\n|turn|37\n|inactive|Time left: 300 sec this turn | 300 sec total\n|\n|t:|1783572928\n|cant|p1a: Terapagos|slp\n|move|p2a: Umbreon|Foul Play|p1a: Terapagos\n|-damage|p1a: Terapagos|110/273 slp\n|\n|-heal|p2a: Umbreon|66/100|[from] item: Leftovers\n|upkeep\n|turn|38\n|inactive|Time left: 300 sec this turn | 300 sec total\n|\n|t:|1783572928\n|-curestatus|p1a: Terapagos|slp|[msg]\n|move|p1a: Terapagos|Tera Starstorm|p2a: Umbreon\n|-damage|p2a: Umbreon|7/100\n|move|p2a: Umbreon|Foul Play|p1a: Terapagos\n|-damage|p1a: Terapagos|44/273\n|\n|-heal|p2a: Umbreon|13/100|[from] item: Leftovers\n|upkeep\n|turn|39\n|inactive|Time left: 300 sec this turn | 300 sec total\n|\n|t:|1783572929\n|move|p1a: Terapagos|Rest|p1a: Terapagos\n|-status|p1a: Terapagos|slp|[from] move: Rest\n|-heal|p1a: Terapagos|273/273 slp|[silent]\n|move|p2a: Umbreon|Foul Play|p1a: Terapagos\n|-activate|p1a: Terapagos|ability: Tera Shell\n|-resisted|p1a: Terapagos\n|-damage|p1a: Terapagos|241/273 slp\n|\n|-heal|p2a: Umbreon|19/100|[from] item: Leftovers\n|upkeep\n|turn|40\n|inactive|Time left: 300 sec this turn | 300 sec total\n|\n|t:|1783572930\n|cant|p1a: Terapagos|slp\n|move|p2a: Umbreon|Wish|p2a: Umbreon\n|\n|-heal|p2a: Umbreon|25/100|[from] item: Leftovers\n|upkeep\n|turn|41\n|inactive|Time left: 300 sec this turn | 300 sec total\n|\n|t:|1783572931\n|cant|p1a: Terapagos|slp\n|move|p2a: Umbreon|Foul Play|p1a: Terapagos\n|-damage|p1a: Terapagos|177/273 slp\n|\n|-heal|p2a: Umbreon|75/100|[from] move: Wish|[wisher] Umbreon\n|-heal|p2a: Umbreon|81/100|[from] item: Leftovers\n|upkeep\n|turn|42\n|inactive|Time left: 300 sec this turn | 300 sec total\n|\n|t:|1783572932\n|-curestatus|p1a: Terapagos|slp|[msg]\n|move|p1a: Terapagos|Calm Mind|p1a: Terapagos\n|-boost|p1a: Terapagos|spa|1\n|-boost|p1a: Terapagos|spd|1\n|move|p2a: Umbreon|Foul Play|p1a: Terapagos\n|-damage|p1a: Terapagos|107/273\n|\n|-heal|p2a: Umbreon|87/100|[from] item: Leftovers\n|upkeep\n|turn|43\n|inactive|Time left: 300 sec this turn | 300 sec total\n|\n|t:|1783572933\n|move|p1a: Terapagos|Rest|p1a: Terapagos\n|-status|p1a: Terapagos|slp|[from] move: Rest\n|-heal|p1a: Terapagos|273/273 slp|[silent]\n|move|p2a: Umbreon|Foul Play|p1a: Terapagos\n|-activate|p1a: Terapagos|ability: Tera Shell\n|-resisted|p1a: Terapagos\n|-damage|p1a: Terapagos|242/273 slp\n|\n|-heal|p2a: Umbreon|93/100|[from] item: Leftovers\n|upkeep\n|turn|44\n|inactive|Time left: 300 sec this turn | 300 sec total\n|\n|t:|1783572934\n|cant|p1a: Terapagos|slp\n|move|p2a: Umbreon|Foul Play|p1a: Terapagos\n|-damage|p1a: Terapagos|179/273 slp\n|\n|-heal|p2a: Umbreon|99/100|[from] item: Leftovers\n|upkeep\n|turn|45\n|inactive|Time left: 300 sec this turn | 300 sec total\n|\n|t:|1783572935\n|cant|p1a: Terapagos|slp\n|move|p2a: Umbreon|Foul Play|p1a: Terapagos\n|-damage|p1a: Terapagos|115/273 slp\n|\n|-heal|p2a: Umbreon|100/100|[from] item: Leftovers\n|upkeep\n|turn|46\n|inactive|Time left: 300 sec this turn | 300 sec total\n|\n|t:|1783572936\n|-curestatus|p1a: Terapagos|slp|[msg]\n|move|p1a: Terapagos|Rest|p1a: Terapagos\n|-status|p1a: Terapagos|slp|[from] move: Rest\n|-heal|p1a: Terapagos|273/273 slp|[silent]\n|move|p2a: Umbreon|Foul Play|p1a: Terapagos\n|-activate|p1a: Terapagos|ability: Tera Shell\n|-resisted|p1a: Terapagos\n|-damage|p1a: Terapagos|243/273 slp\n|\n|upkeep\n|turn|47\n|inactive|Time left: 300 sec this turn | 300 sec total\n|\n|t:|1783572937\n|cant|p1a: Terapagos|slp\n|move|p2a: Umbreon|Foul Play|p1a: Terapagos\n|-damage|p1a: Terapagos|174/273 slp\n|\n|upkeep\n|turn|48\n|inactive|Time left: 300 sec this turn | 300 sec total\n|\n|t:|1783572938\n|cant|p1a: Terapagos|slp\n|move|p2a: Umbreon|Foul Play|p1a: Terapagos\n|-damage|p1a: Terapagos|104/273 slp\n|\n|upkeep\n|turn|49\n|inactive|Time left: 300 sec this turn | 300 sec total\n|\n|t:|1783572939\n|-curestatus|p1a: Terapagos|slp|[msg]\n|move|p1a: Terapagos|Rest|p1a: Terapagos\n|-status|p1a: Terapagos|slp|[from] move: Rest\n|-heal|p1a: Terapagos|273/273 slp|[silent]\n|move|p2a: Umbreon|Foul Play|p1a: Terapagos\n|-activate|p1a: Terapagos|ability: Tera Shell\n|-resisted|p1a: Terapagos\n|-damage|p1a: Terapagos|242/273 slp\n|\n|upkeep\n|turn|50\n|inactive|Time left: 300 sec this turn | 300 sec total\n|\n|t:|1783572940\n|cant|p1a: Terapagos|slp\n|move|p2a: Umbreon|Foul Play|p1a: Terapagos\n|-crit|p1a: Terapagos\n|-damage|p1a: Terapagos|151/273 slp\n|\n|upkeep\n|turn|51\n|inactive|Time left: 300 sec this turn | 300 sec total\n|\n|t:|1783572941\n|-terastallize|p1a: Terapagos|Stellar\n|detailschange|p1a: Terapagos|Terapagos-Stellar, L77, F, tera:Stellar\n|-heal|p1a: Terapagos|251/373 slp|[silent]\n|cant|p1a: Terapagos|slp\n|move|p2a: Umbreon|Foul Play|p1a: Terapagos\n|-damage|p1a: Terapagos|176/373 slp\n|\n|upkeep\n|turn|52\n|inactive|Time left: 300 sec this turn | 300 sec total\n|\n|t:|1783572942\n|-curestatus|p1a: Terapagos|slp|[msg]\n|move|p1a: Terapagos|Dark Pulse|p2a: Umbreon\n|-resisted|p2a: Umbreon\n|-damage|p2a: Umbreon|79/100\n|move|p2a: Umbreon|Toxic|p1a: Terapagos\n|-status|p1a: Terapagos|tox\n|\n|-heal|p2a: Umbreon|85/100|[from] item: Leftovers\n|-damage|p1a: Terapagos|153/373 tox|[from] psn\n|upkeep\n|turn|53\n|inactive|Time left: 300 sec this turn | 300 sec total\n|\n|t:|1783572943\n|move|p1a: Terapagos|Dark Pulse|p2a: Umbreon\n|-resisted|p2a: Umbreon\n|-damage|p2a: Umbreon|62/100\n|move|p2a: Umbreon|Foul Play|p1a: Terapagos\n|-damage|p1a: Terapagos|84/373 tox\n|\n|-heal|p2a: Umbreon|68/100|[from] item: Leftovers\n|-damage|p1a: Terapagos|38/373 tox|[from] psn\n|upkeep\n|turn|54\n|inactive|Time left: 300 sec this turn | 300 sec total\n|\n|t:|1783572943\n|move|p1a: Terapagos|Calm Mind|p1a: Terapagos\n|-boost|p1a: Terapagos|spa|1\n|-boost|p1a: Terapagos|spd|1\n|move|p2a: Umbreon|Foul Play|p1a: Terapagos\n|-damage|p1a: Terapagos|0 fnt\n|faint|p1a: Terapagos\n|detailschange|p1: Terapagos|Terapagos, L77, F|[silent]\n|\n|win|p0y285535e5", "uploadtime": 1783572943, "views": 0, "rating": 0, "private": 0, "password": null, "_winner": "p0y285535e5", "_our_name": "p0x28552400"}