{"id": "battle-gen9randombattle-1394", "formatid": "gen9randombattle", "format": "[Gen 9] Random Battle", "players": ["p0x1394e573", "p0y13947351"], "log": "|init|battle\n|title|p0x1394e573 vs. p0y13947351\n|j|\u2606p0x1394e573\n|j|\u2606p0y13947351\n|t:|1783556207\n|gametype|singles\n|player|p1|p0x1394e573|1|\n|player|p2|p0y13947351|170|\n|gen|9\n|tier|[Gen 9] Random Battle\n|rule|Species Clause: Limit one of each Pok\u00e9mon\n|rule|HP Percentage Mod: HP is shown in percentages\n|rule|Sleep Clause Mod: Limit one foe put to sleep\n|rule|Illusion Level Mod: Illusion disguises the Pok\u00e9mon's true level\n|\n|t:|1783556207\n|teamsize|p1|6\n|teamsize|p2|6\n|start\n|switch|p1a: Pecharunt|Pecharunt, L77|262/262\n|switch|p2a: Rayquaza|Rayquaza, L72|100/100\n|-ability|p2a: Rayquaza|Air Lock\n|turn|1\n|inactive|Battle timer is ON: inactive players will automatically lose when time's up. (requested by p0x1394e573)\n|inactive|p0y13947351 also wants the timer to be on.\n|\n|t:|1783556208\n|move|p1a: Pecharunt|Nasty Plot|p1a: Pecharunt\n|-boost|p1a: Pecharunt|spa|2\n|move|p2a: Rayquaza|Dragon Dance|p2a: Rayquaza\n|-boost|p2a: Rayquaza|atk|1\n|-boost|p2a: Rayquaza|spe|1\n|\n|upkeep\n|turn|2\n|inactive|Time left: 300 sec this turn | 300 sec total\n|\n|t:|1783556209\n|move|p2a: Rayquaza|Outrage|p1a: Pecharunt\n|-crit|p1a: Pecharunt\n|-damage|p1a: Pecharunt|52/262\n|move|p1a: Pecharunt|Shadow Ball|p2a: Rayquaza\n|-damage|p2a: Rayquaza|45/100\n|-unboost|p2a: Rayquaza|spd|1\n|\n|-heal|p1a: Pecharunt|68/262|[from] item: Leftovers\n|upkeep\n|turn|3\n|inactive|Time left: 300 sec this turn | 300 sec total\n|\n|t:|1783556211\n|move|p2a: Rayquaza|Outrage|p1a: Pecharunt|[from] lockedmove\n|-damage|p1a: Pecharunt|0 fnt\n|faint|p1a: Pecharunt\n|\n|upkeep\n|inactive|Time left: 300 sec this turn | 300 sec total | 5 sec grace\n|\n|t:|1783556212\n|switch|p1a: Braviary|Braviary, L85, M|309/309\n|turn|4\n|inactive|Time left: 300 sec this turn | 300 sec total\n|\n|t:|1783556213\n|move|p2a: Rayquaza|Outrage|p1a: Braviary|[from] lockedmove\n|-damage|p1a: Braviary|96/309\n|-start|p2a: Rayquaza|confusion|[fatigue]\n|move|p1a: Braviary|Brave Bird|p2a: Rayquaza\n|-damage|p2a: Rayquaza|0 fnt\n|faint|p2a: Rayquaza\n|-damage|p1a: Braviary|57/309|[from] Recoil\n|\n|upkeep\n|\n|t:|1783556214\n|switch|p2a: Inteleon|Inteleon, L81, F|100/100\n|turn|5\n|inactive|Time left: 300 sec this turn | 300 sec total\n|\n|t:|1783556215\n|move|p2a: Inteleon|Scald|p1a: Braviary\n|-damage|p1a: Braviary|0 fnt\n|faint|p1a: Braviary\n|\n|upkeep\n|inactive|Time left: 300 sec this turn | 300 sec total | 5 sec grace\n|\n|t:|1783556215\n|switch|p1a: Deoxys|Deoxys-Attack, L72|191/191\n|-ability|p1a: Deoxys|Pressure\n|turn|6\n|inactive|Time left: 300 sec this turn | 300 sec total\n|\n|t:|1783556216\n|move|p1a: Deoxys|Psycho Boost|p2a: Inteleon\n|-damage|p2a: Inteleon|0 fnt\n|-unboost|p1a: Deoxys|spa|2\n|faint|p2a: Inteleon\n|-damage|p1a: Deoxys|172/191|[from] item: Life Orb\n|\n|upkeep\n|\n|t:|1783556217\n|switch|p2a: Lurantis|Lurantis, L87, M|100/100\n|turn|7\n|inactive|Time left: 300 sec this turn | 300 sec total\n|\n|t:|1783556218\n|switch|p1a: Ho-Oh|Ho-Oh, L71|268/268\n|move|p2a: Lurantis|Superpower|p1a: Ho-Oh\n|-resisted|p1a: Ho-Oh\n|-damage|p1a: Ho-Oh|214/268\n|-boost|p2a: Lurantis|atk|1\n|-boost|p2a: Lurantis|def|1\n|\n|upkeep\n|turn|8\n|inactive|Time left: 300 sec this turn | 300 sec total\n|\n|t:|1783556219\n|-terastallize|p2a: Lurantis|Water\n|move|p1a: Ho-Oh|Sacred Fire|p2a: Lurantis\n|-resisted|p2a: Lurantis\n|-damage|p2a: Lurantis|89/100\n|-status|p2a: Lurantis|brn\n|move|p2a: Lurantis|Superpower|p1a: Ho-Oh\n|-resisted|p1a: Ho-Oh\n|-damage|p1a: Ho-Oh|170/268\n|-boost|p2a: Lurantis|atk|1\n|-boost|p2a: Lurantis|def|1\n|\n|-damage|p2a: Lurantis|83/100 brn|[from] brn\n|upkeep\n|turn|9\n|inactive|Time left: 300 sec this turn | 300 sec total\n|\n|t:|1783556220\n|move|p1a: Ho-Oh|Recover|p1a: Ho-Oh\n|-heal|p1a: Ho-Oh|268/268\n|move|p2a: Lurantis|Leaf Storm|p1a: Ho-Oh\n|-resisted|p1a: Ho-Oh\n|-damage|p1a: Ho-Oh|245/268\n|-boost|p2a: Lurantis|spa|2\n|\n|-damage|p2a: Lurantis|77/100 brn|[from] brn\n|upkeep\n|turn|10\n|inactive|Time left: 300 sec this turn | 300 sec total\n|\n|t:|1783556221\n|move|p1a: Ho-Oh|Sacred Fire|p2a: Lurantis\n|-resisted|p2a: Lurantis\n|-damage|p2a: Lurantis|69/100 brn\n|move|p2a: Lurantis|Superpower|p1a: Ho-Oh\n|-resisted|p1a: Ho-Oh\n|-damage|p1a: Ho-Oh|190/268\n|-boost|p2a: Lurantis|atk|1\n|-boost|p2a: Lurantis|def|1\n|\n|-damage|p2a: Lurantis|63/100 brn|[from] brn\n|upkeep\n|turn|11\n|inactive|Time left: 300 sec this turn | 300 sec total\n|\n|t:|1783556222\n|move|p1a: Ho-Oh|Brave Bird|p2a: Lurantis\n|-damage|p2a: Lurantis|46/100 brn\n|-damage|p1a: Ho-Oh|176/268|[from] Recoil\n|move|p2a: Lurantis|Leaf Storm|p1a: Ho-Oh|[miss]\n|-miss|p2a: Lurantis|p1a: Ho-Oh\n|\n|-damage|p2a: Lurantis|40/100 brn|[from] brn\n|upkeep\n|turn|12\n|inactive|Time left: 300 sec this turn | 300 sec total\n|\n|t:|1783556223\n|move|p1a: Ho-Oh|Brave Bird|p2a: Lurantis\n|-damage|p2a: Lurantis|23/100 brn\n|-damage|p1a: Ho-Oh|161/268|[from] Recoil\n|move|p2a: Lurantis|Superpower|p1a: Ho-Oh\n|-resisted|p1a: Ho-Oh\n|-damage|p1a: Ho-Oh|93/268\n|-boost|p2a: Lurantis|atk|1\n|-boost|p2a: Lurantis|def|1\n|\n|-damage|p2a: Lurantis|17/100 brn|[from] brn\n|upkeep\n|turn|13\n|inactive|Time left: 300 sec this turn | 300 sec total\n|\n|t:|1783556224\n|move|p1a: Ho-Oh|Brave Bird|p2a: Lurantis\n|-damage|p2a: Lurantis|2/100 brn\n|-damage|p1a: Ho-Oh|80/268|[from] Recoil\n|move|p2a: Lurantis|Knock Off|p1a: Ho-Oh\n|-damage|p1a: Ho-Oh|0 fnt\n|-enditem|p1a: Ho-Oh|Heavy-Duty Boots|[from] move: Knock Off|[of] p2a: Lurantis\n|faint|p1a: Ho-Oh\n|\n|-damage|p2a: Lurantis|0 fnt|[from] brn\n|faint|p2a: Lurantis\n|upkeep\n|inactive|Time left: 300 sec this turn | 300 sec total | 5 sec grace\n|\n|t:|1783556225\n|switch|p1a: Terrakion|Terrakion, L79|273/273\n|switch|p2a: Arceus|Arceus-Bug, L73|100/100\n|turn|14\n|inactive|Time left: 300 sec this turn | 300 sec total\n|\n|t:|1783556226\n|move|p2a: Arceus|Fire Blast|p1a: Terrakion\n|-resisted|p1a: Terrakion\n|-damage|p1a: Terrakion|236/273\n|move|p1a: Terrakion|Stone Edge|p2a: Arceus|[miss]\n|-miss|p1a: Terrakion|p2a: Arceus\n|\n|upkeep\n|turn|15\n|inactive|Time left: 300 sec this turn | 300 sec total\n|\n|t:|1783556227\n|move|p2a: Arceus|Judgment|p1a: Terrakion\n|-resisted|p1a: Terrakion\n|-crit|p1a: Terrakion\n|-damage|p1a: Terrakion|143/273\n|move|p1a: Terrakion|Stone Edge|p2a: Arceus\n|-supereffective|p2a: Arceus\n|-damage|p2a: Arceus|0 fnt\n|faint|p2a: Arceus\n|\n|upkeep\n|\n|t:|1783556229\n|switch|p2a: Banette|Banette, L93, M|100/100\n|turn|16\n|inactive|Time left: 300 sec this turn | 300 sec total\n|\n|t:|1783556229\n|move|p2a: Banette|Shadow Sneak|p1a: Terrakion\n|-damage|p1a: Terrakion|68/273\n|-damage|p2a: Banette|90/100|[from] item: Life Orb\n|move|p1a: Terrakion|Stone Edge|p2a: Banette\n|-damage|p2a: Banette|16/100\n|\n|upkeep\n|turn|17\n|inactive|Time left: 300 sec this turn | 300 sec total\n|\n|t:|1783556230\n|move|p2a: Banette|Shadow Sneak|p1a: Terrakion\n|-crit|p1a: Terrakion\n|-damage|p1a: Terrakion|0 fnt\n|faint|p1a: Terrakion\n|-damage|p2a: Banette|6/100|[from] item: Life Orb\n|\n|upkeep\n|inactive|Time left: 300 sec this turn | 300 sec total | 5 sec grace\n|\n|t:|1783556232\n|switch|p1a: Mewtwo|Mewtwo, L72|272/272\n|-ability|p1a: Mewtwo|Unnerve\n|turn|18\n|inactive|Time left: 300 sec this turn | 300 sec total\n|\n|t:|1783556233\n|switch|p2a: Ditto|Ditto, L87|100/100\n|-transform|p2a: Ditto|p1a: Mewtwo|[from] ability: Imposter\n|-ability|p2a: Ditto|Unnerve\n|-terastallize|p1a: Mewtwo|Dark\n|move|p1a: Mewtwo|Psystrike|p2a: Ditto\n|-resisted|p2a: Ditto\n|-damage|p2a: Ditto|60/100\n|-damage|p1a: Mewtwo|245/272|[from] item: Life Orb\n|\n|upkeep\n|turn|19\n|inactive|Time left: 300 sec this turn | 300 sec total\n|\n|t:|1783556234\n|switch|p2a: Banette|Banette, L93, M|6/100\n|move|p1a: Mewtwo|Dark Pulse|p2a: Banette\n|-supereffective|p2a: Banette\n|-damage|p2a: Banette|0 fnt\n|faint|p2a: Banette\n|-damage|p1a: Mewtwo|218/272|[from] item: Life Orb\n|\n|upkeep\n|\n|t:|1783556235\n|switch|p2a: Ditto|Ditto, L87|60/100\n|-transform|p2a: Ditto|p1a: Mewtwo|[from] ability: Imposter\n|-ability|p2a: Ditto|Unnerve\n|-start|p2a: Ditto|typechange|Psychic|[silent]\n|turn|20\n|inactive|Time left: 300 sec this turn | 300 sec total\n|\n|t:|1783556236\n|move|p2a: Ditto|Psystrike|p1a: Mewtwo\n|-immune|p1a: Mewtwo\n|move|p1a: Mewtwo|Dark Pulse|p2a: Ditto\n|-supereffective|p2a: Ditto\n|-damage|p2a: Ditto|0 fnt\n|faint|p2a: Ditto\n|-damage|p1a: Mewtwo|191/272|[from] item: Life Orb\n|\n|win|p0x1394e573", "uploadtime": 1783556236, "views": 0, "rating": 0, "private": 0, "password": null, "_winner": "p0x1394e573", "_our_name": "p0x1394e573"}