{"id": "battle-gen9randombattle-2825", "formatid": "gen9randombattle", "format": "[Gen 9] Random Battle", "players": ["p0x28257ff6", "p0y2825ae14"], "log": "|init|battle\n|title|p0x28257ff6 vs. p0y2825ae14\n|j|\u2606p0x28257ff6\n|j|\u2606p0y2825ae14\n|t:|1783571570\n|gametype|singles\n|player|p1|p0x28257ff6|2|\n|player|p2|p0y2825ae14|2|\n|gen|9\n|tier|[Gen 9] Random Battle\n|rule|Species Clause: Limit one of each Pok\u00e9mon\n|rule|HP Percentage Mod: HP is shown in percentages\n|rule|Sleep Clause Mod: Limit one foe put to sleep\n|rule|Illusion Level Mod: Illusion disguises the Pok\u00e9mon's true level\n|\n|t:|1783571570\n|teamsize|p1|6\n|teamsize|p2|6\n|start\n|switch|p1a: Scizor|Scizor, L79, F|240/240\n|switch|p2a: Sawsbuck|Sawsbuck-Summer, L88, F|100/100\n|turn|1\n|inactive|Battle timer is ON: inactive players will automatically lose when time's up. (requested by p0y2825ae14)\n|inactive|Time left: 300 sec this turn | 300 sec total | 60 sec grace\n|inactive|p0x28257ff6 also wants the timer to be on.\n|\n|t:|1783571572\n|switch|p2a: Landorus|Landorus-Therian, L76, M|100/100\n|-ability|p2a: Landorus|Intimidate|boost\n|-unboost|p1a: Scizor|atk|1\n|move|p1a: Scizor|U-turn|p2a: Landorus\n|-resisted|p2a: Landorus\n|-damage|p2a: Landorus|89/100\n|inactive|Time left: 300 sec this turn | 300 sec total | 65 sec grace\n|\n|t:|1783571573\n|switch|p1a: Urshifu|Urshifu-Rapid-Strike, L75, F|274/274|[from] U-turn\n|\n|-heal|p2a: Landorus|95/100|[from] item: Leftovers\n|upkeep\n|turn|2\n|inactive|Time left: 300 sec this turn | 300 sec total\n|\n|t:|1783571574\n|switch|p2a: Uxie|Uxie, L83|100/100\n|move|p1a: Urshifu|Surging Strikes|p2a: Uxie\n|-crit|p2a: Uxie\n|-damage|p2a: Uxie|84/100\n|-crit|p2a: Uxie\n|-damage|p2a: Uxie|67/100\n|-crit|p2a: Uxie\n|-damage|p2a: Uxie|49/100\n|-hitcount|p2a: Uxie|3\n|\n|-heal|p2a: Uxie|55/100|[from] item: Leftovers\n|upkeep\n|turn|3\n|inactive|Time left: 300 sec this turn | 300 sec total\n|\n|t:|1783571575\n|move|p2a: Uxie|Psychic Noise|p1a: Urshifu\n|-supereffective|p1a: Urshifu\n|-damage|p1a: Urshifu|88/274\n|-start|p1a: Urshifu|move: Heal Block\n|move|p1a: Urshifu|Surging Strikes|p2a: Uxie\n|-crit|p2a: Uxie\n|-damage|p2a: Uxie|36/100\n|-crit|p2a: Uxie\n|-damage|p2a: Uxie|19/100\n|-crit|p2a: Uxie\n|-damage|p2a: Uxie|0 fnt\n|faint|p2a: Uxie\n|-hitcount|p2: Uxie|3\n|\n|upkeep\n|\n|t:|1783571576\n|switch|p2a: Ambipom|Ambipom, L84, M|100/100\n|turn|4\n|inactive|Time left: 300 sec this turn | 300 sec total\n|\n|t:|1783571577\n|move|p2a: Ambipom|Triple Axel|p1a: Urshifu|[miss]\n|-miss|p2a: Ambipom|p1a: Urshifu\n|move|p1a: Urshifu|Surging Strikes|p2a: Ambipom\n|-crit|p2a: Ambipom\n|-damage|p2a: Ambipom|73/100\n|-crit|p2a: Ambipom\n|-damage|p2a: Ambipom|45/100\n|-crit|p2a: Ambipom\n|-damage|p2a: Ambipom|18/100\n|-hitcount|p2a: Ambipom|3\n|\n|-end|p1a: Urshifu|move: Heal Block\n|upkeep\n|turn|5\n|inactive|Time left: 300 sec this turn | 300 sec total\n|\n|t:|1783571578\n|switch|p1a: Iron Crown|Iron Crown, L78|268/268\n|move|p2a: Ambipom|Triple Axel|p1a: Iron Crown\n|-resisted|p1a: Iron Crown\n|-damage|p1a: Iron Crown|253/268\n|-resisted|p1a: Iron Crown\n|-damage|p1a: Iron Crown|219/268\n|-resisted|p1a: Iron Crown\n|-damage|p1a: Iron Crown|173/268\n|-hitcount|p1a: Iron Crown|3\n|\n|-heal|p1a: Iron Crown|189/268|[from] item: Leftovers\n|upkeep\n|turn|6\n|inactive|Time left: 300 sec this turn | 300 sec total\n|\n|t:|1783571580\n|move|p2a: Ambipom|Triple Axel|p1a: Iron Crown\n|-resisted|p1a: Iron Crown\n|-damage|p1a: Iron Crown|174/268\n|-resisted|p1a: Iron Crown\n|-damage|p1a: Iron Crown|142/268\n|-resisted|p1a: Iron Crown\n|-damage|p1a: Iron Crown|98/268\n|-hitcount|p1a: Iron Crown|3\n|move|p1a: Iron Crown|Psyshock|p2a: Ambipom\n|-damage|p2a: Ambipom|0 fnt\n|faint|p2a: Ambipom\n|\n|-heal|p1a: Iron Crown|114/268|[from] item: Leftovers\n|upkeep\n|\n|t:|1783571581\n|switch|p2a: Sawsbuck|Sawsbuck-Summer, L88, F|100/100\n|turn|7\n|inactive|Time left: 300 sec this turn | 300 sec total\n|\n|t:|1783571582\n|move|p2a: Sawsbuck|High Horsepower|p1a: Iron Crown\n|-supereffective|p1a: Iron Crown\n|-damage|p1a: Iron Crown|0 fnt\n|faint|p1a: Iron Crown\n|-end|p1a: Iron Crown|Quark Drive|[silent]\n|-damage|p2a: Sawsbuck|91/100|[from] item: Life Orb\n|\n|upkeep\n|inactive|Time left: 300 sec this turn | 300 sec total | 5 sec grace\n|\n|t:|1783571583\n|switch|p1a: Iron Jugulis|Iron Jugulis, L77|271/271\n|turn|8\n|inactive|Time left: 300 sec this turn | 300 sec total\n|\n|t:|1783571584\n|move|p2a: Sawsbuck|Double-Edge|p1a: Iron Jugulis\n|-damage|p1a: Iron Jugulis|60/271\n|-damage|p2a: Sawsbuck|66/100|[from] Recoil\n|-damage|p2a: Sawsbuck|56/100|[from] item: Life Orb\n|move|p1a: Iron Jugulis|Hurricane|p2a: Sawsbuck\n|-supereffective|p2a: Sawsbuck\n|-damage|p2a: Sawsbuck|0 fnt\n|faint|p2a: Sawsbuck\n|\n|upkeep\n|\n|t:|1783571585\n|switch|p2a: Okidogi|Okidogi, L77, M|100/100\n|turn|9\n|inactive|Time left: 300 sec this turn | 300 sec total\n|\n|t:|1783571586\n|move|p1a: Iron Jugulis|Hurricane|p2a: Okidogi|[miss]\n|-miss|p1a: Iron Jugulis|p2a: Okidogi\n|move|p2a: Okidogi|Drain Punch|p1a: Iron Jugulis\n|-damage|p1a: Iron Jugulis|0 fnt\n|faint|p1a: Iron Jugulis\n|-end|p1a: Iron Jugulis|Quark Drive|[silent]\n|\n|upkeep\n|inactive|Time left: 300 sec this turn | 300 sec total | 5 sec grace\n|\n|t:|1783571587\n|switch|p1a: Dunsparce|Dunsparce, L86, F|312/312\n|turn|10\n|inactive|Time left: 300 sec this turn | 300 sec total\n|\n|t:|1783571588\n|move|p2a: Okidogi|Knock Off|p1a: Dunsparce\n|-damage|p1a: Dunsparce|259/312\n|-enditem|p1a: Dunsparce|Eviolite|[from] move: Knock Off|[of] p2a: Okidogi\n|move|p1a: Dunsparce|Coil|p1a: Dunsparce\n|-boost|p1a: Dunsparce|atk|1\n|-boost|p1a: Dunsparce|def|1\n|-boost|p1a: Dunsparce|accuracy|1\n|\n|upkeep\n|turn|11\n|inactive|Time left: 300 sec this turn | 300 sec total\n|\n|t:|1783571589\n|move|p2a: Okidogi|Drain Punch|p1a: Dunsparce\n|-supereffective|p1a: Dunsparce\n|-damage|p1a: Dunsparce|125/312\n|move|p1a: Dunsparce|Coil|p1a: Dunsparce\n|-boost|p1a: Dunsparce|atk|1\n|-boost|p1a: Dunsparce|def|1\n|-boost|p1a: Dunsparce|accuracy|1\n|\n|upkeep\n|turn|12\n|inactive|Time left: 300 sec this turn | 300 sec total\n|\n|t:|1783571590\n|switch|p2a: Rabsca|Rabsca, L91, F|100/100\n|move|p1a: Dunsparce|Roost|p1a: Dunsparce\n|-heal|p1a: Dunsparce|281/312\n|-singleturn|p1a: Dunsparce|move: Roost\n|\n|upkeep\n|turn|13\n|inactive|Time left: 300 sec this turn | 300 sec total\n|\n|t:|1783571591\n|move|p2a: Rabsca|Psychic|p1a: Dunsparce\n|-damage|p1a: Dunsparce|122/312\n|move|p1a: Dunsparce|Body Slam|p2a: Rabsca\n|-damage|p2a: Rabsca|48/100\n|\n|upkeep\n|turn|14\n|inactive|Time left: 300 sec this turn | 300 sec total\n|\n|t:|1783571592\n|move|p2a: Rabsca|Psychic|p1a: Dunsparce\n|-damage|p1a: Dunsparce|0 fnt\n|faint|p1a: Dunsparce\n|\n|upkeep\n|inactive|Time left: 300 sec this turn | 300 sec total | 5 sec grace\n|\n|t:|1783571593\n|switch|p1a: Urshifu|Urshifu-Rapid-Strike, L75, F|88/274\n|turn|15\n|inactive|Time left: 300 sec this turn | 300 sec total\n|\n|t:|1783571594\n|move|p1a: Urshifu|Surging Strikes|p2a: Rabsca\n|-crit|p2a: Rabsca\n|-damage|p2a: Rabsca|26/100\n|-crit|p2a: Rabsca\n|-damage|p2a: Rabsca|7/100\n|-crit|p2a: Rabsca\n|-damage|p2a: Rabsca|0 fnt\n|faint|p2a: Rabsca\n|-hitcount|p2: Rabsca|3\n|\n|upkeep\n|\n|t:|1783571595\n|switch|p2a: Okidogi|Okidogi, L77, M|100/100\n|turn|16\n|inactive|Time left: 300 sec this turn | 300 sec total\n|\n|t:|1783571596\n|move|p1a: Urshifu|Surging Strikes|p2a: Okidogi\n|-crit|p2a: Okidogi\n|-damage|p2a: Okidogi|80/100\n|-crit|p2a: Okidogi\n|-damage|p2a: Okidogi|60/100\n|-crit|p2a: Okidogi\n|-damage|p2a: Okidogi|38/100\n|-hitcount|p2a: Okidogi|3\n|move|p2a: Okidogi|Gunk Shot|p1a: Urshifu\n|-damage|p1a: Urshifu|0 fnt\n|faint|p1a: Urshifu\n|\n|upkeep\n|inactive|Time left: 300 sec this turn | 300 sec total | 5 sec grace\n|\n|t:|1783571597\n|switch|p1a: Quaquaval|Quaquaval, L79, F|264/264\n|turn|17\n|inactive|Time left: 300 sec this turn | 300 sec total\n|\n|t:|1783571597\n|switch|p2a: Landorus|Landorus-Therian, L76, M|95/100\n|-ability|p2a: Landorus|Intimidate|boost\n|-unboost|p1a: Quaquaval|atk|1\n|move|p1a: Quaquaval|Aqua Step|p2a: Landorus\n|-supereffective|p2a: Landorus\n|-damage|p2a: Landorus|29/100\n|-boost|p1a: Quaquaval|spe|1\n|-damage|p1a: Quaquaval|238/264|[from] item: Life Orb\n|\n|-heal|p2a: Landorus|35/100|[from] item: Leftovers\n|upkeep\n|turn|18\n|inactive|Time left: 300 sec this turn | 300 sec total\n|\n|t:|1783571598\n|switch|p2a: Okidogi|Okidogi, L77, M|38/100\n|-terastallize|p1a: Quaquaval|Fighting\n|move|p1a: Quaquaval|Aqua Step|p2a: Okidogi\n|-damage|p2a: Okidogi|11/100\n|-boost|p1a: Quaquaval|spe|1\n|-damage|p1a: Quaquaval|212/264|[from] item: Life Orb\n|\n|upkeep\n|turn|19\n|inactive|Time left: 300 sec this turn | 300 sec total\n|\n|t:|1783571599\n|-terastallize|p2a: Okidogi|Dark\n|move|p1a: Quaquaval|Aqua Step|p2a: Okidogi\n|-damage|p2a: Okidogi|0 fnt\n|-boost|p1a: Quaquaval|spe|1\n|faint|p2a: Okidogi\n|-ability|p1a: Quaquaval|Moxie|boost\n|-boost|p1a: Quaquaval|atk|1\n|-damage|p1a: Quaquaval|186/264|[from] item: Life Orb\n|\n|upkeep\n|\n|t:|1783571599\n|switch|p2a: Landorus|Landorus-Therian, L76, M|35/100\n|-ability|p2a: Landorus|Intimidate|boost\n|-unboost|p1a: Quaquaval|atk|1\n|turn|20\n|inactive|Time left: 300 sec this turn | 300 sec total\n|\n|t:|1783571600\n|move|p1a: Quaquaval|Aqua Step|p2a: Landorus\n|-supereffective|p2a: Landorus\n|-damage|p2a: Landorus|0 fnt\n|-boost|p1a: Quaquaval|spe|1\n|faint|p2a: Landorus\n|-damage|p1a: Quaquaval|160/264|[from] item: Life Orb\n|\n|win|p0x28257ff6", "uploadtime": 1783571600, "views": 0, "rating": 0, "private": 0, "password": null, "_winner": "p0x28257ff6", "_our_name": "p0x28257ff6"}