{"id": "battle-gen9randombattle-867", "formatid": "gen9randombattle", "format": "[Gen 9] Random Battle", "players": ["p0x8678ca6", "p0y86755c6"], "log": "|init|battle\n|title|p0x8678ca6 vs. p0y86755c6\n|j|\u2606p0x8678ca6\n|j|\u2606p0y86755c6\n|t:|1783549968\n|gametype|singles\n|player|p1|p0x8678ca6|1|\n|player|p2|p0y86755c6|101|\n|gen|9\n|tier|[Gen 9] Random Battle\n|rule|Species Clause: Limit one of each Pok\u00e9mon\n|rule|HP Percentage Mod: HP is shown in percentages\n|rule|Sleep Clause Mod: Limit one foe put to sleep\n|rule|Illusion Level Mod: Illusion disguises the Pok\u00e9mon's true level\n|\n|t:|1783549968\n|teamsize|p1|6\n|teamsize|p2|6\n|start\n|switch|p1a: Comfey|Comfey, L85, M|100/100\n|switch|p2a: Palafin|Palafin, L77, M|281/281\n|turn|1\n|inactive|Battle timer is ON: inactive players will automatically lose when time's up. (requested by p0x8678ca6)\n|inactive|Time left: 300 sec this turn | 300 sec total | 60 sec grace\n|inactive|p0y86755c6 also wants the timer to be on.\n|\n|t:|1783549969\n|switch|p1a: Conkeldurr|Conkeldurr, L80, M|100/100\n|move|p2a: Palafin|Wave Crash|p1a: Conkeldurr\n|-damage|p1a: Conkeldurr|62/100\n|-damage|p2a: Palafin|243/281|[from] Recoil\n|\n|-status|p1a: Conkeldurr|brn|[from] item: Flame Orb\n|upkeep\n|turn|2\n|inactive|Time left: 300 sec this turn | 300 sec total\n|\n|t:|1783549970\n|detailschange|p2a: Palafin|Palafin-Hero, L77, M\n|switch|p2a: Sableye|Sableye, L88, F|231/231\n|move|p1a: Conkeldurr|Close Combat|p2a: Sableye\n|-immune|p2a: Sableye\n|\n|-damage|p1a: Conkeldurr|56/100 brn|[from] brn\n|upkeep\n|turn|3\n|inactive|Time left: 300 sec this turn | 300 sec total\n|\n|t:|1783549971\n|move|p2a: Sableye|Knock Off|p1a: Conkeldurr\n|-resisted|p1a: Conkeldurr\n|-damage|p1a: Conkeldurr|40/100 brn\n|-enditem|p1a: Conkeldurr|Flame Orb|[from] move: Knock Off|[of] p2a: Sableye\n|move|p1a: Conkeldurr|Knock Off|p2a: Sableye\n|-damage|p2a: Sableye|106/231\n|-enditem|p2a: Sableye|Leftovers|[from] move: Knock Off|[of] p1a: Conkeldurr\n|\n|-damage|p1a: Conkeldurr|34/100 brn|[from] brn\n|upkeep\n|turn|4\n|inactive|Time left: 300 sec this turn | 300 sec total\n|\n|t:|1783549972\n|move|p2a: Sableye|Recover|p2a: Sableye\n|-heal|p2a: Sableye|222/231\n|move|p1a: Conkeldurr|Knock Off|p2a: Sableye\n|-damage|p2a: Sableye|130/231\n|\n|-damage|p1a: Conkeldurr|28/100 brn|[from] brn\n|upkeep\n|turn|5\n|inactive|Time left: 300 sec this turn | 300 sec total\n|\n|t:|1783549973\n|move|p2a: Sableye|Recover|p2a: Sableye\n|-heal|p2a: Sableye|231/231\n|move|p1a: Conkeldurr|Knock Off|p2a: Sableye\n|-damage|p2a: Sableye|142/231\n|\n|-damage|p1a: Conkeldurr|22/100 brn|[from] brn\n|upkeep\n|turn|6\n|inactive|Time left: 300 sec this turn | 300 sec total\n|\n|t:|1783549974\n|move|p2a: Sableye|Recover|p2a: Sableye\n|-heal|p2a: Sableye|231/231\n|move|p1a: Conkeldurr|Knock Off|p2a: Sableye\n|-damage|p2a: Sableye|142/231\n|\n|-damage|p1a: Conkeldurr|16/100 brn|[from] brn\n|upkeep\n|turn|7\n|inactive|Time left: 300 sec this turn | 300 sec total\n|\n|t:|1783549975\n|switch|p1a: Tauros|Tauros-Paldea-Aqua, L81, M|100/100\n|-ability|p1a: Tauros|Intimidate|boost\n|-unboost|p2a: Sableye|atk|1\n|move|p2a: Sableye|Knock Off|p1a: Tauros\n|-resisted|p1a: Tauros\n|-damage|p1a: Tauros|90/100\n|-enditem|p1a: Tauros|Life Orb|[from] move: Knock Off|[of] p2a: Sableye\n|\n|upkeep\n|turn|8\n|inactive|Time left: 300 sec this turn | 300 sec total\n|\n|t:|1783549977\n|move|p2a: Sableye|Will-O-Wisp|p1a: Tauros|[miss]\n|-miss|p2a: Sableye|p1a: Tauros\n|move|p1a: Tauros|Bulk Up|p1a: Tauros\n|-boost|p1a: Tauros|atk|1\n|-boost|p1a: Tauros|def|1\n|\n|upkeep\n|turn|9\n|inactive|Time left: 300 sec this turn | 300 sec total\n|\n|t:|1783549978\n|move|p2a: Sableye|Will-O-Wisp|p1a: Tauros\n|-status|p1a: Tauros|brn\n|move|p1a: Tauros|Bulk Up|p1a: Tauros\n|-boost|p1a: Tauros|atk|1\n|-boost|p1a: Tauros|def|1\n|\n|-damage|p1a: Tauros|84/100 brn|[from] brn\n|upkeep\n|turn|10\n|inactive|Time left: 300 sec this turn | 300 sec total\n|\n|t:|1783549979\n|switch|p2a: Manaphy|Manaphy, L78|284/284\n|move|p1a: Tauros|Liquidation|p2a: Manaphy\n|-resisted|p2a: Manaphy\n|-damage|p2a: Manaphy|238/284\n|\n|-heal|p2a: Manaphy|255/284|[from] item: Leftovers\n|-damage|p1a: Tauros|78/100 brn|[from] brn\n|upkeep\n|turn|11\n|inactive|Time left: 300 sec this turn | 300 sec total\n|\n|t:|1783549980\n|move|p1a: Tauros|Bulk Up|p1a: Tauros\n|-boost|p1a: Tauros|atk|1\n|-boost|p1a: Tauros|def|1\n|move|p2a: Manaphy|Tail Glow|p2a: Manaphy\n|-boost|p2a: Manaphy|spa|3\n|\n|-heal|p2a: Manaphy|272/284|[from] item: Leftovers\n|-damage|p1a: Tauros|72/100 brn|[from] brn\n|upkeep\n|turn|12\n|inactive|Time left: 300 sec this turn | 300 sec total\n|\n|t:|1783549981\n|move|p1a: Tauros|Close Combat|p2a: Manaphy\n|-damage|p2a: Manaphy|107/284\n|-unboost|p1a: Tauros|def|1\n|-unboost|p1a: Tauros|spd|1\n|move|p2a: Manaphy|Energy Ball|p1a: Tauros\n|-supereffective|p1a: Tauros\n|-crit|p1a: Tauros\n|-damage|p1a: Tauros|0 fnt\n|faint|p1a: Tauros\n|\n|-heal|p2a: Manaphy|124/284|[from] item: Leftovers\n|upkeep\n|\n|t:|1783549982\n|switch|p1a: Stantler|Stantler, L92, F|100/100\n|-ability|p1a: Stantler|Intimidate|boost\n|-unboost|p2a: Manaphy|atk|1\n|turn|13\n|inactive|Time left: 300 sec this turn | 300 sec total\n|\n|t:|1783549983\n|move|p1a: Stantler|Tera Blast|p2a: Manaphy\n|-crit|p2a: Manaphy\n|-damage|p2a: Manaphy|0 fnt\n|faint|p2a: Manaphy\n|\n|upkeep\n|inactive|Time left: 300 sec this turn | 300 sec total | 5 sec grace\n|\n|t:|1783549984\n|switch|p2a: Palafin|Palafin-Hero, L77, M|243/281\n|-activate|p2a: Palafin|ability: Zero to Hero\n|turn|14\n|inactive|Time left: 300 sec this turn | 300 sec total\n|\n|t:|1783549986\n|move|p1a: Stantler|Tera Blast|p2a: Palafin\n|-damage|p2a: Palafin|150/281\n|move|p2a: Palafin|Wave Crash|p1a: Stantler\n|-damage|p1a: Stantler|30/100\n|-damage|p2a: Palafin|84/281|[from] Recoil\n|\n|upkeep\n|turn|15\n|inactive|Time left: 300 sec this turn | 300 sec total\n|\n|t:|1783549987\n|switch|p2a: Garganacl|Garganacl, L80, F|291/291\n|move|p1a: Stantler|Tera Blast|p2a: Garganacl\n|-resisted|p2a: Garganacl\n|-damage|p2a: Garganacl|247/291\n|\n|-heal|p2a: Garganacl|265/291|[from] item: Leftovers\n|upkeep\n|turn|16\n|inactive|Time left: 300 sec this turn | 300 sec total\n|\n|t:|1783549988\n|move|p1a: Stantler|Earth Power|p2a: Garganacl\n|-supereffective|p2a: Garganacl\n|-damage|p2a: Garganacl|125/291\n|-unboost|p2a: Garganacl|spd|1\n|move|p2a: Garganacl|Salt Cure|p1a: Stantler\n|-damage|p1a: Stantler|19/100\n|-start|p1a: Stantler|Salt Cure\n|\n|-heal|p2a: Garganacl|143/291|[from] item: Leftovers\n|-damage|p1a: Stantler|7/100|[from] Salt Cure\n|upkeep\n|turn|17\n|inactive|Time left: 300 sec this turn | 300 sec total\n|\n|t:|1783549989\n|switch|p2a: Palafin|Palafin-Hero, L77, M|84/281\n|move|p1a: Stantler|Earth Power|p2a: Palafin\n|-damage|p2a: Palafin|6/281\n|\n|-damage|p1a: Stantler|0 fnt|[from] Salt Cure\n|faint|p1a: Stantler\n|upkeep\n|\n|t:|1783549990\n|switch|p1a: Samurott|Samurott, L88, F|100/100\n|turn|18\n|inactive|Time left: 300 sec this turn | 300 sec total\n|\n|t:|1783549991\n|move|p1a: Samurott|Aqua Jet|p2a: Palafin\n|-resisted|p2a: Palafin\n|-damage|p2a: Palafin|0 fnt\n|faint|p2a: Palafin\n|-damage|p1a: Samurott|90/100|[from] item: Life Orb\n|\n|upkeep\n|inactive|Time left: 300 sec this turn | 300 sec total | 5 sec grace\n|\n|t:|1783549992\n|switch|p2a: Sableye|Sableye, L88, F|142/231\n|turn|19\n|inactive|Time left: 300 sec this turn | 300 sec total\n|\n|t:|1783549993\n|-terastallize|p1a: Samurott|Dark\n|move|p2a: Sableye|Will-O-Wisp|p1a: Samurott\n|-hint|Since gen 7, Dark is immune to Prankster moves.\n|-immune|p1a: Samurott\n|move|p1a: Samurott|Swords Dance|p1a: Samurott\n|-boost|p1a: Samurott|atk|2\n|\n|upkeep\n|turn|20\n|inactive|Time left: 300 sec this turn | 300 sec total\n|\n|t:|1783549994\n|move|p1a: Samurott|Knock Off|p2a: Sableye\n|-crit|p2a: Sableye\n|-damage|p2a: Sableye|0 fnt\n|faint|p2a: Sableye\n|-damage|p1a: Samurott|80/100|[from] item: Life Orb\n|\n|upkeep\n|inactive|Time left: 300 sec this turn | 300 sec total | 5 sec grace\n|\n|t:|1783549995\n|switch|p2a: Beartic|Beartic, L91, F|321/321\n|turn|21\n|inactive|Time left: 300 sec this turn | 300 sec total\n|\n|t:|1783549996\n|move|p1a: Samurott|Knock Off|p2a: Beartic\n|-crit|p2a: Beartic\n|-damage|p2a: Beartic|0 fnt\n|-enditem|p2a: Beartic|Heavy-Duty Boots|[from] move: Knock Off|[of] p1a: Samurott\n|faint|p2a: Beartic\n|-damage|p1a: Samurott|70/100|[from] item: Life Orb\n|\n|upkeep\n|inactive|Time left: 300 sec this turn | 300 sec total | 5 sec grace\n|\n|t:|1783549997\n|switch|p2a: Iron Moth|Iron Moth, L78|253/253\n|turn|22\n|inactive|Time left: 300 sec this turn | 300 sec total\n|\n|t:|1783549998\n|-end|p2a: Iron Moth|Quark Drive|[silent]\n|switch|p2a: Garganacl|Garganacl, L80, F|143/291\n|move|p1a: Samurott|Knock Off|p2a: Garganacl\n|-damage|p2a: Garganacl|0 fnt\n|-enditem|p2a: Garganacl|Leftovers|[from] move: Knock Off|[of] p1a: Samurott\n|faint|p2a: Garganacl\n|-damage|p1a: Samurott|60/100|[from] item: Life Orb\n|\n|upkeep\n|inactive|Time left: 300 sec this turn | 300 sec total | 5 sec grace\n|\n|t:|1783549999\n|switch|p2a: Iron Moth|Iron Moth, L78|253/253\n|turn|23\n|inactive|Time left: 300 sec this turn | 300 sec total\n|\n|t:|1783550000\n|move|p1a: Samurott|Aqua Jet|p2a: Iron Moth\n|-supereffective|p2a: Iron Moth\n|-damage|p2a: Iron Moth|0 fnt\n|faint|p2a: Iron Moth\n|-end|p2a: Iron Moth|Quark Drive|[silent]\n|-damage|p1a: Samurott|50/100|[from] item: Life Orb\n|\n|win|p0x8678ca6", "uploadtime": 1783550000, "views": 0, "rating": 0, "private": 0, "password": null, "_winner": "p0x8678ca6", "_our_name": "p0y86755c6"}