{"id": "battle-gen9randombattle-1229", "formatid": "gen9randombattle", "format": "[Gen 9] Random Battle", "players": ["p0x1229723c", "p0y1229cf19"], "log": "|init|battle\n|title|p0x1229723c vs. p0y1229cf19\n|j|\u2606p0x1229723c\n|j|\u2606p0y1229cf19\n|t:|1783554224\n|gametype|singles\n|player|p1|p0x1229723c|1|\n|player|p2|p0y1229cf19|101|\n|gen|9\n|tier|[Gen 9] Random Battle\n|rule|Species Clause: Limit one of each Pok\u00e9mon\n|rule|HP Percentage Mod: HP is shown in percentages\n|rule|Sleep Clause Mod: Limit one foe put to sleep\n|rule|Illusion Level Mod: Illusion disguises the Pok\u00e9mon's true level\n|\n|t:|1783554224\n|teamsize|p1|6\n|teamsize|p2|6\n|start\n|switch|p1a: Koraidon|Koraidon, L64|235/235\n|switch|p2a: Sawsbuck|Sawsbuck, L88, M|100/100\n|-weather|SunnyDay|[from] ability: Orichalcum Pulse|[of] p1a: Koraidon\n|-activate|p1a: Koraidon|Orichalcum Pulse|[source]\n|turn|1\n|inactive|Battle timer is ON: inactive players will automatically lose when time's up. (requested by p0y1229cf19)\n|inactive|Time left: 300 sec this turn | 300 sec total | 60 sec grace\n|\n|t:|1783554225\n|move|p2a: Sawsbuck|Double-Edge|p1a: Koraidon\n|-damage|p1a: Koraidon|40/235\n|-damage|p2a: Sawsbuck|78/100|[from] Recoil\n|-damage|p2a: Sawsbuck|68/100|[from] item: Life Orb\n|move|p1a: Koraidon|Close Combat|p2a: Sawsbuck\n|-supereffective|p2a: Sawsbuck\n|-damage|p2a: Sawsbuck|0 fnt\n|-unboost|p1a: Koraidon|def|1\n|-unboost|p1a: Koraidon|spd|1\n|faint|p2a: Sawsbuck\n|\n|-weather|SunnyDay|[upkeep]\n|upkeep\n|inactive|p0x1229723c also wants the timer to be on.\n|\n|t:|1783554226\n|switch|p2a: Kleavor|Kleavor, L78, F|100/100\n|turn|2\n|inactive|Time left: 300 sec this turn | 300 sec total\n|\n|t:|1783554228\n|move|p1a: Koraidon|Close Combat|p2a: Kleavor\n|-damage|p2a: Kleavor|11/100\n|-unboost|p1a: Koraidon|def|1\n|-unboost|p1a: Koraidon|spd|1\n|move|p2a: Kleavor|Stone Axe|p1a: Koraidon\n|-resisted|p1a: Koraidon\n|-damage|p1a: Koraidon|0 fnt\n|-sidestart|p1: p0x1229723c|move: Stealth Rock\n|faint|p1a: Koraidon\n|\n|-weather|SunnyDay|[upkeep]\n|upkeep\n|inactive|Time left: 300 sec this turn | 300 sec total | 5 sec grace\n|\n|t:|1783554229\n|switch|p1a: Flygon|Flygon, L82, F|265/265\n|-damage|p1a: Flygon|249/265|[from] Stealth Rock\n|turn|3\n|inactive|Time left: 300 sec this turn | 300 sec total\n|\n|t:|1783554230\n|switch|p2a: Chesnaught|Chesnaught, L84, F|100/100\n|move|p1a: Flygon|Outrage|p2a: Chesnaught\n|-damage|p2a: Chesnaught|48/100\n|-damage|p1a: Flygon|205/265|[from] item: Rocky Helmet|[of] p2a: Chesnaught\n|\n|-weather|SunnyDay|[upkeep]\n|upkeep\n|turn|4\n|inactive|Time left: 300 sec this turn | 300 sec total\n|\n|t:|1783554232\n|move|p1a: Flygon|Outrage|p2a: Chesnaught|[from] lockedmove\n|-damage|p2a: Chesnaught|0 fnt\n|-damage|p1a: Flygon|161/265|[from] item: Rocky Helmet|[of] p2a: Chesnaught\n|faint|p2a: Chesnaught\n|-start|p1a: Flygon|confusion|[fatigue]\n|\n|-weather|SunnyDay|[upkeep]\n|upkeep\n|\n|t:|1783554233\n|switch|p2a: Dedenne|Dedenne, L88, M|100/100\n|turn|5\n|inactive|Time left: 300 sec this turn | 300 sec total\n|\n|t:|1783554233\n|switch|p1a: Delphox|Delphox, L84, M|263/263\n|move|p2a: Dedenne|Super Fang|p1a: Delphox\n|-damage|p1a: Delphox|132/263\n|\n|-weather|none\n|upkeep\n|turn|6\n|inactive|Time left: 300 sec this turn | 300 sec total\n|\n|t:|1783554234\n|move|p2a: Dedenne|Thunderbolt|p1a: Delphox\n|-damage|p1a: Delphox|48/263\n|move|p1a: Delphox|Fire Blast|p2a: Dedenne\n|-damage|p2a: Dedenne|5/100\n|-enditem|p2a: Dedenne|Sitrus Berry|[eat]\n|-heal|p2a: Dedenne|30/100|[from] item: Sitrus Berry\n|-heal|p2a: Dedenne|63/100|[from] ability: Cheek Pouch\n|\n|upkeep\n|turn|7\n|inactive|Time left: 300 sec this turn | 300 sec total\n|\n|t:|1783554235\n|move|p2a: Dedenne|Thunderbolt|p1a: Delphox\n|-damage|p1a: Delphox|0 fnt\n|faint|p1a: Delphox\n|\n|upkeep\n|inactive|Time left: 300 sec this turn | 300 sec total | 5 sec grace\n|\n|t:|1783554236\n|switch|p1a: Veluza|Veluza, L85, M|292/292\n|-damage|p1a: Veluza|256/292|[from] Stealth Rock\n|turn|8\n|inactive|Time left: 300 sec this turn | 300 sec total\n|\n|t:|1783554237\n|move|p2a: Dedenne|Thunderbolt|p1a: Veluza\n|-supereffective|p1a: Veluza\n|-damage|p1a: Veluza|26/292\n|move|p1a: Veluza|Psycho Cut|p2a: Dedenne\n|-crit|p2a: Dedenne\n|-damage|p2a: Dedenne|0 fnt\n|faint|p2a: Dedenne\n|\n|upkeep\n|\n|t:|1783554238\n|switch|p2a: Kleavor|Kleavor, L78, F|11/100\n|turn|9\n|inactive|Time left: 300 sec this turn | 300 sec total\n|\n|t:|1783554239\n|move|p2a: Kleavor|X-Scissor|p1a: Veluza\n|-supereffective|p1a: Veluza\n|-damage|p1a: Veluza|0 fnt\n|faint|p1a: Veluza\n|\n|upkeep\n|inactive|Time left: 300 sec this turn | 300 sec total | 5 sec grace\n|\n|t:|1783554240\n|switch|p1a: Flygon|Flygon, L82, F|161/265\n|-damage|p1a: Flygon|145/265|[from] Stealth Rock\n|turn|10\n|inactive|Time left: 300 sec this turn | 300 sec total\n|\n|t:|1783554241\n|move|p1a: Flygon|Earthquake|p2a: Kleavor\n|-damage|p2a: Kleavor|0 fnt\n|faint|p2a: Kleavor\n|\n|upkeep\n|\n|t:|1783554241\n|switch|p2a: Camerupt|Camerupt, L91, F|100/100\n|turn|11\n|inactive|Time left: 300 sec this turn | 300 sec total\n|\n|t:|1783554242\n|-terastallize|p2a: Camerupt|Grass\n|move|p1a: Flygon|Earthquake|p2a: Camerupt\n|-resisted|p2a: Camerupt\n|-damage|p2a: Camerupt|69/100\n|move|p2a: Camerupt|Will-O-Wisp|p1a: Flygon\n|-status|p1a: Flygon|brn\n|\n|-heal|p2a: Camerupt|75/100|[from] item: Leftovers\n|-damage|p1a: Flygon|129/265 brn|[from] brn\n|upkeep\n|turn|12\n|inactive|Time left: 300 sec this turn | 300 sec total\n|\n|t:|1783554243\n|move|p1a: Flygon|Earthquake|p2a: Camerupt\n|-resisted|p2a: Camerupt\n|-damage|p2a: Camerupt|60/100\n|move|p2a: Camerupt|Earthquake|p1a: Flygon\n|-immune|p1a: Flygon|[from] ability: Levitate\n|\n|-heal|p2a: Camerupt|66/100|[from] item: Leftovers\n|-damage|p1a: Flygon|113/265 brn|[from] brn\n|upkeep\n|turn|13\n|inactive|Time left: 300 sec this turn | 300 sec total\n|\n|t:|1783554245\n|move|p1a: Flygon|Earthquake|p2a: Camerupt\n|-resisted|p2a: Camerupt\n|-damage|p2a: Camerupt|50/100\n|move|p2a: Camerupt|Earthquake|p1a: Flygon\n|-immune|p1a: Flygon|[from] ability: Levitate\n|\n|-heal|p2a: Camerupt|56/100|[from] item: Leftovers\n|-damage|p1a: Flygon|97/265 brn|[from] brn\n|upkeep\n|turn|14\n|inactive|Time left: 300 sec this turn | 300 sec total\n|\n|t:|1783554246\n|move|p1a: Flygon|Earthquake|p2a: Camerupt\n|-resisted|p2a: Camerupt\n|-damage|p2a: Camerupt|41/100\n|move|p2a: Camerupt|Will-O-Wisp|p1a: Flygon|[miss]\n|-miss|p2a: Camerupt|p1a: Flygon\n|\n|-heal|p2a: Camerupt|47/100|[from] item: Leftovers\n|-damage|p1a: Flygon|81/265 brn|[from] brn\n|upkeep\n|turn|15\n|inactive|Time left: 300 sec this turn | 300 sec total\n|\n|t:|1783554247\n|move|p1a: Flygon|Earthquake|p2a: Camerupt\n|-resisted|p2a: Camerupt\n|-damage|p2a: Camerupt|31/100\n|move|p2a: Camerupt|Overheat|p1a: Flygon\n|-resisted|p1a: Flygon\n|-damage|p1a: Flygon|0 fnt\n|-unboost|p2a: Camerupt|spa|2\n|faint|p1a: Flygon\n|\n|-heal|p2a: Camerupt|37/100|[from] item: Leftovers\n|upkeep\n|inactive|Time left: 300 sec this turn | 300 sec total | 5 sec grace\n|\n|t:|1783554248\n|switch|p1a: Mightyena|Mightyena, L96, F|290/290\n|-damage|p1a: Mightyena|254/290|[from] Stealth Rock\n|-ability|p1a: Mightyena|Intimidate|boost\n|-unboost|p2a: Camerupt|atk|1\n|turn|16\n|inactive|Time left: 300 sec this turn | 300 sec total\n|\n|t:|1783554249\n|switch|p2a: Jolteon|Jolteon, L84, M|100/100\n|-terastallize|p1a: Mightyena|Fairy\n|move|p1a: Mightyena|Throat Chop|p2a: Jolteon\n|-damage|p2a: Jolteon|42/100\n|-start|p2a: Jolteon|Throat Chop|[silent]\n|\n|upkeep\n|turn|17\n|inactive|Time left: 300 sec this turn | 300 sec total\n|\n|t:|1783554250\n|move|p2a: Jolteon|Thunderbolt|p1a: Mightyena\n|-damage|p1a: Mightyena|151/290\n|-damage|p2a: Jolteon|32/100|[from] item: Life Orb\n|move|p1a: Mightyena|Throat Chop|p2a: Jolteon\n|-damage|p2a: Jolteon|0 fnt\n|faint|p2a: Jolteon\n|\n|upkeep\n|\n|t:|1783554251\n|switch|p2a: Camerupt|Camerupt, L91, F, tera:Grass|37/100\n|turn|18\n|inactive|Time left: 300 sec this turn | 300 sec total\n|\n|t:|1783554252\n|move|p1a: Mightyena|Throat Chop|p2a: Camerupt\n|-damage|p2a: Camerupt|0 fnt\n|faint|p2a: Camerupt\n|\n|win|p0x1229723c", "uploadtime": 1783554252, "views": 0, "rating": 0, "private": 0, "password": null, "_winner": "p0x1229723c", "_our_name": "p0x1229723c"}