{"id": "battle-gen9randombattle-1961", "formatid": "gen9randombattle", "format": "[Gen 9] Random Battle", "players": ["p0x1961b936", "p0y196130bd"], "log": "|init|battle\n|title|p0x1961b936 vs. p0y196130bd\n|j|\u2606p0x1961b936\n|j|\u2606p0y196130bd\n|t:|1783561950\n|gametype|singles\n|player|p1|p0x1961b936|266|\n|player|p2|p0y196130bd|101|\n|gen|9\n|tier|[Gen 9] Random Battle\n|rule|Species Clause: Limit one of each Pok\u00e9mon\n|rule|HP Percentage Mod: HP is shown in percentages\n|rule|Sleep Clause Mod: Limit one foe put to sleep\n|rule|Illusion Level Mod: Illusion disguises the Pok\u00e9mon's true level\n|\n|t:|1783561950\n|teamsize|p1|6\n|teamsize|p2|6\n|start\n|switch|p1a: Milotic|Milotic, L83, F|100/100\n|switch|p2a: Magearna|Magearna, L77|250/250\n|turn|1\n|inactive|Battle timer is ON: inactive players will automatically lose when time's up. (requested by p0y196130bd)\n|inactive|p0x1961b936 also wants the timer to be on.\n|\n|t:|1783561952\n|move|p1a: Milotic|Scald|p2a: Magearna\n|-damage|p2a: Magearna|180/250\n|move|p2a: Magearna|Shift Gear|p2a: Magearna\n|-boost|p2a: Magearna|spe|2\n|-boost|p2a: Magearna|atk|1\n|\n|-heal|p2a: Magearna|195/250|[from] item: Leftovers\n|upkeep\n|turn|2\n|inactive|Time left: 300 sec this turn | 300 sec total\n|\n|t:|1783561953\n|switch|p1a: Copperajah|Copperajah, L86, M|100/100\n|move|p2a: Magearna|Calm Mind|p2a: Magearna\n|-boost|p2a: Magearna|spa|1\n|-boost|p2a: Magearna|spd|1\n|\n|-heal|p2a: Magearna|210/250|[from] item: Leftovers\n|upkeep\n|turn|3\n|inactive|Time left: 300 sec this turn | 300 sec total\n|\n|t:|1783561954\n|move|p2a: Magearna|Flash Cannon|p1a: Copperajah\n|-resisted|p1a: Copperajah\n|-damage|p1a: Copperajah|77/100\n|move|p1a: Copperajah|Heavy Slam|p2a: Magearna\n|-damage|p2a: Magearna|0 fnt\n|faint|p2a: Magearna\n|\n|upkeep\n|inactive|Time left: 300 sec this turn | 300 sec total | 5 sec grace\n|\n|t:|1783561956\n|switch|p2a: Decidueye|Decidueye-Hisui, L87, F|295/295\n|turn|4\n|inactive|Time left: 300 sec this turn | 300 sec total\n|\n|t:|1783561957\n|move|p2a: Decidueye|Triple Arrows|p1a: Copperajah\n|-supereffective|p1a: Copperajah\n|-damage|p1a: Copperajah|5/100\n|-unboost|p1a: Copperajah|def|1\n|move|p1a: Copperajah|Heavy Slam|p2a: Decidueye\n|-damage|p2a: Decidueye|42/295\n|\n|-heal|p2a: Decidueye|60/295|[from] item: Leftovers\n|upkeep\n|turn|5\n|inactive|Time left: 300 sec this turn | 300 sec total\n|\n|t:|1783561958\n|move|p2a: Decidueye|Triple Arrows|p1a: Copperajah\n|-supereffective|p1a: Copperajah\n|-crit|p1a: Copperajah\n|-damage|p1a: Copperajah|0 fnt\n|faint|p1a: Copperajah\n|\n|-heal|p2a: Decidueye|78/295|[from] item: Leftovers\n|upkeep\n|\n|t:|1783561959\n|switch|p1a: Hitmonchan|Hitmonchan, L87, M|100/100\n|turn|6\n|inactive|Time left: 300 sec this turn | 300 sec total\n|\n|t:|1783561960\n|switch|p2a: Oricorio|Oricorio-Pa'u, L87, M|272/272\n|move|p1a: Hitmonchan|Drain Punch|p2a: Oricorio\n|-resisted|p2a: Oricorio\n|-damage|p2a: Oricorio|229/272\n|-damage|p1a: Hitmonchan|91/100|[from] item: Life Orb\n|\n|upkeep\n|turn|7\n|inactive|Time left: 300 sec this turn | 300 sec total\n|\n|t:|1783561962\n|move|p2a: Oricorio|Hurricane|p1a: Hitmonchan\n|-supereffective|p1a: Hitmonchan\n|-damage|p1a: Hitmonchan|6/100\n|move|p1a: Hitmonchan|Knock Off|p2a: Oricorio\n|-supereffective|p2a: Oricorio\n|-damage|p2a: Oricorio|3/272\n|-enditem|p2a: Oricorio|Heavy-Duty Boots|[from] move: Knock Off|[of] p1a: Hitmonchan\n|-damage|p1a: Hitmonchan|0 fnt|[from] item: Life Orb\n|faint|p1a: Hitmonchan\n|\n|upkeep\n|\n|t:|1783561963\n|switch|p1a: Latios|Latios, L78, M|100/100\n|turn|8\n|inactive|Time left: 300 sec this turn | 300 sec total\n|\n|t:|1783561964\n|move|p1a: Latios|Luster Purge|p2a: Oricorio\n|-resisted|p2a: Oricorio\n|-damage|p2a: Oricorio|0 fnt\n|faint|p2a: Oricorio\n|\n|upkeep\n|inactive|Time left: 300 sec this turn | 300 sec total | 5 sec grace\n|\n|t:|1783561965\n|switch|p2a: Gholdengo|Gholdengo, L77|261/261\n|turn|9\n|inactive|Time left: 300 sec this turn | 300 sec total\n|\n|t:|1783561966\n|move|p1a: Latios|Luster Purge|p2a: Gholdengo\n|-resisted|p2a: Gholdengo\n|-damage|p2a: Gholdengo|175/261\n|move|p2a: Gholdengo|Nasty Plot|p2a: Gholdengo\n|-boost|p2a: Gholdengo|spa|2\n|\n|-heal|p2a: Gholdengo|191/261|[from] item: Leftovers\n|upkeep\n|turn|10\n|inactive|Time left: 300 sec this turn | 300 sec total\n|\n|t:|1783561967\n|-terastallize|p1a: Latios|Steel\n|move|p1a: Latios|Luster Purge|p2a: Gholdengo\n|-resisted|p2a: Gholdengo\n|-damage|p2a: Gholdengo|101/261\n|move|p2a: Gholdengo|Shadow Ball|p1a: Latios\n|-damage|p1a: Latios|40/100\n|\n|-heal|p2a: Gholdengo|117/261|[from] item: Leftovers\n|upkeep\n|turn|11\n|inactive|Time left: 300 sec this turn | 300 sec total\n|\n|t:|1783561968\n|move|p1a: Latios|Luster Purge|p2a: Gholdengo\n|-resisted|p2a: Gholdengo\n|-damage|p2a: Gholdengo|33/261\n|-unboost|p2a: Gholdengo|spd|1\n|move|p2a: Gholdengo|Shadow Ball|p1a: Latios\n|-damage|p1a: Latios|0 fnt\n|faint|p1a: Latios\n|\n|-heal|p2a: Gholdengo|49/261|[from] item: Leftovers\n|upkeep\n|\n|t:|1783561969\n|switch|p1a: Milotic|Milotic, L83, F|100/100\n|turn|12\n|inactive|Time left: 300 sec this turn | 300 sec total\n|\n|t:|1783561970\n|switch|p2a: Chansey|Chansey, L85, F|564/564\n|move|p1a: Milotic|Scald|p2a: Chansey\n|-damage|p2a: Chansey|518/564\n|\n|upkeep\n|turn|13\n|inactive|Time left: 300 sec this turn | 300 sec total\n|\n|t:|1783561971\n|move|p1a: Milotic|Ice Beam|p2a: Chansey\n|-damage|p2a: Chansey|480/564\n|move|p2a: Chansey|Thunder Wave|p1a: Milotic\n|-status|p1a: Milotic|par\n|\n|upkeep\n|turn|14\n|inactive|Time left: 300 sec this turn | 300 sec total\n|\n|t:|1783561972\n|switch|p2a: Decidueye|Decidueye-Hisui, L87, F|78/295\n|move|p1a: Milotic|Ice Beam|p2a: Decidueye\n|-supereffective|p2a: Decidueye\n|-damage|p2a: Decidueye|0 fnt\n|faint|p2a: Decidueye\n|\n|upkeep\n|inactive|Time left: 300 sec this turn | 300 sec total | 5 sec grace\n|\n|t:|1783561973\n|switch|p2a: Floatzel|Floatzel, L86, M|286/286\n|turn|15\n|inactive|Time left: 300 sec this turn | 300 sec total\n|\n|t:|1783561974\n|move|p2a: Floatzel|Bulk Up|p2a: Floatzel\n|-boost|p2a: Floatzel|atk|1\n|-boost|p2a: Floatzel|def|1\n|cant|p1a: Milotic|par\n|\n|upkeep\n|turn|16\n|inactive|Time left: 300 sec this turn | 300 sec total\n|\n|t:|1783561975\n|move|p2a: Floatzel|Bulk Up|p2a: Floatzel\n|-boost|p2a: Floatzel|atk|1\n|-boost|p2a: Floatzel|def|1\n|move|p1a: Milotic|Dragon Tail|p2a: Floatzel\n|-damage|p2a: Floatzel|264/286\n|drag|p2a: Chansey|Chansey, L85, F|480/564\n|\n|upkeep\n|turn|17\n|inactive|Time left: 300 sec this turn | 300 sec total\n|\n|t:|1783561976\n|move|p2a: Chansey|Seismic Toss|p1a: Milotic\n|-damage|p1a: Milotic|71/100 par\n|move|p1a: Milotic|Scald|p2a: Chansey\n|-damage|p2a: Chansey|428/564\n|\n|-heal|p1a: Milotic|78/100 par|[from] item: Leftovers\n|upkeep\n|turn|18\n|inactive|Time left: 300 sec this turn | 300 sec total\n|\n|t:|1783561977\n|move|p2a: Chansey|Seismic Toss|p1a: Milotic\n|-damage|p1a: Milotic|49/100 par\n|move|p1a: Milotic|Scald|p2a: Chansey\n|-damage|p2a: Chansey|377/564\n|\n|-heal|p1a: Milotic|55/100 par|[from] item: Leftovers\n|upkeep\n|turn|19\n|inactive|Time left: 300 sec this turn | 300 sec total\n|\n|t:|1783561978\n|move|p2a: Chansey|Soft-Boiled|p2a: Chansey\n|-heal|p2a: Chansey|564/564\n|cant|p1a: Milotic|par\n|\n|-heal|p1a: Milotic|61/100 par|[from] item: Leftovers\n|upkeep\n|turn|20\n|inactive|Time left: 300 sec this turn | 300 sec total\n|\n|t:|1783561979\n|move|p2a: Chansey|Seismic Toss|p1a: Milotic\n|-damage|p1a: Milotic|32/100 par\n|move|p1a: Milotic|Recover|p1a: Milotic\n|-heal|p1a: Milotic|82/100 par\n|\n|-heal|p1a: Milotic|88/100 par|[from] item: Leftovers\n|upkeep\n|turn|21\n|inactive|Time left: 300 sec this turn | 300 sec total\n|\n|t:|1783561980\n|move|p2a: Chansey|Seismic Toss|p1a: Milotic\n|-damage|p1a: Milotic|59/100 par\n|move|p1a: Milotic|Scald|p2a: Chansey\n|-damage|p2a: Chansey|515/564\n|-status|p2a: Chansey|brn\n|\n|-heal|p1a: Milotic|65/100 par|[from] item: Leftovers\n|-damage|p2a: Chansey|480/564 brn|[from] brn\n|upkeep\n|turn|22\n|inactive|Time left: 300 sec this turn | 300 sec total\n|\n|t:|1783561981\n|move|p2a: Chansey|Seismic Toss|p1a: Milotic\n|-damage|p1a: Milotic|36/100 par\n|move|p1a: Milotic|Recover|p1a: Milotic\n|-heal|p1a: Milotic|87/100 par\n|\n|-heal|p1a: Milotic|93/100 par|[from] item: Leftovers\n|-damage|p2a: Chansey|445/564 brn|[from] brn\n|upkeep\n|turn|23\n|inactive|Time left: 300 sec this turn | 300 sec total\n|\n|t:|1783561982\n|-curestatus|p2a: Chansey|brn|[from] ability: Natural Cure|[silent]\n|switch|p2a: Floatzel|Floatzel, L86, M|264/286\n|move|p1a: Milotic|Scald|p2a: Floatzel\n|-resisted|p2a: Floatzel\n|-damage|p2a: Floatzel|204/286\n|\n|-heal|p2a: Floatzel|221/286|[from] item: Leftovers\n|-heal|p1a: Milotic|99/100 par|[from] item: Leftovers\n|upkeep\n|turn|24\n|inactive|Time left: 300 sec this turn | 300 sec total\n|\n|t:|1783561983\n|move|p2a: Floatzel|Bulk Up|p2a: Floatzel\n|-boost|p2a: Floatzel|atk|1\n|-boost|p2a: Floatzel|def|1\n|move|p1a: Milotic|Dragon Tail|p2a: Floatzel\n|-damage|p2a: Floatzel|195/286\n|drag|p2a: Chansey|Chansey, L85, F|445/564\n|\n|-heal|p1a: Milotic|100/100 par|[from] item: Leftovers\n|upkeep\n|turn|25\n|inactive|Time left: 300 sec this turn | 300 sec total\n|\n|t:|1783561984\n|move|p2a: Chansey|Seismic Toss|p1a: Milotic\n|-damage|p1a: Milotic|71/100 par\n|move|p1a: Milotic|Scald|p2a: Chansey\n|-damage|p2a: Chansey|397/564\n|\n|-heal|p1a: Milotic|78/100 par|[from] item: Leftovers\n|upkeep\n|turn|26\n|inactive|Time left: 300 sec this turn | 300 sec total\n|\n|t:|1783561985\n|move|p2a: Chansey|Soft-Boiled|p2a: Chansey\n|-heal|p2a: Chansey|564/564\n|cant|p1a: Milotic|par\n|\n|-heal|p1a: Milotic|84/100 par|[from] item: Leftovers\n|upkeep\n|turn|27\n|inactive|Time left: 300 sec this turn | 300 sec total\n|\n|t:|1783561986\n|move|p2a: Chansey|Seismic Toss|p1a: Milotic\n|-damage|p1a: Milotic|55/100 par\n|move|p1a: Milotic|Recover|p1a: Milotic\n|-heal|p1a: Milotic|100/100 par\n|\n|upkeep\n|turn|28\n|inactive|Time left: 300 sec this turn | 300 sec total\n|\n|t:|1783561987\n|move|p2a: Chansey|Seismic Toss|p1a: Milotic\n|-damage|p1a: Milotic|71/100 par\n|move|p1a: Milotic|Scald|p2a: Chansey\n|-damage|p2a: Chansey|515/564\n|\n|-heal|p1a: Milotic|78/100 par|[from] item: Leftovers\n|upkeep\n|turn|29\n|inactive|Time left: 300 sec this turn | 300 sec total\n|\n|t:|1783561988\n|move|p2a: Chansey|Seismic Toss|p1a: Milotic\n|-damage|p1a: Milotic|49/100 par\n|move|p1a: Milotic|Scald|p2a: Chansey\n|-damage|p2a: Chansey|466/564\n|-status|p2a: Chansey|brn\n|\n|-heal|p1a: Milotic|55/100 par|[from] item: Leftovers\n|-damage|p2a: Chansey|431/564 brn|[from] brn\n|upkeep\n|turn|30\n|inactive|Time left: 300 sec this turn | 300 sec total\n|\n|t:|1783561988\n|move|p2a: Chansey|Soft-Boiled|p2a: Chansey\n|-heal|p2a: Chansey|564/564 brn\n|move|p1a: Milotic|Recover|p1a: Milotic\n|-heal|p1a: Milotic|100/100 par\n|\n|-damage|p2a: Chansey|529/564 brn|[from] brn\n|upkeep\n|turn|31\n|inactive|Time left: 300 sec this turn | 300 sec total\n|\n|t:|1783561989\n|-curestatus|p2a: Chansey|brn|[from] ability: Natural Cure|[silent]\n|switch|p2a: Floatzel|Floatzel, L86, M|195/286\n|move|p1a: Milotic|Scald|p2a: Floatzel\n|-resisted|p2a: Floatzel\n|-damage|p2a: Floatzel|135/286\n|\n|-heal|p2a: Floatzel|152/286|[from] item: Leftovers\n|upkeep\n|turn|32\n|inactive|Time left: 300 sec this turn | 300 sec total\n|\n|t:|1783561990\n|move|p2a: Floatzel|Bulk Up|p2a: Floatzel\n|-boost|p2a: Floatzel|atk|1\n|-boost|p2a: Floatzel|def|1\n|move|p1a: Milotic|Scald|p2a: Floatzel\n|-resisted|p2a: Floatzel\n|-damage|p2a: Floatzel|93/286\n|\n|-heal|p2a: Floatzel|110/286|[from] item: Leftovers\n|upkeep\n|turn|33\n|inactive|Time left: 300 sec this turn | 300 sec total\n|\n|t:|1783561991\n|move|p2a: Floatzel|Bulk Up|p2a: Floatzel\n|-boost|p2a: Floatzel|atk|1\n|-boost|p2a: Floatzel|def|1\n|move|p1a: Milotic|Dragon Tail|p2a: Floatzel|[miss]\n|-miss|p1a: Milotic|p2a: Floatzel\n|\n|-heal|p2a: Floatzel|127/286|[from] item: Leftovers\n|upkeep\n|turn|34\n|inactive|Time left: 300 sec this turn | 300 sec total\n|\n|t:|1783561992\n|move|p2a: Floatzel|Wave Crash|p1a: Milotic\n|-resisted|p1a: Milotic\n|-damage|p1a: Milotic|44/100 par\n|-damage|p2a: Floatzel|73/286|[from] Recoil\n|move|p1a: Milotic|Dragon Tail|p2a: Floatzel\n|-damage|p2a: Floatzel|54/286\n|drag|p2a: Gholdengo|Gholdengo, L77|49/261\n|\n|-heal|p2a: Gholdengo|65/261|[from] item: Leftovers\n|-heal|p1a: Milotic|50/100 par|[from] item: Leftovers\n|upkeep\n|turn|35\n|inactive|Time left: 300 sec this turn | 300 sec total\n|\n|t:|1783561992\n|move|p2a: Gholdengo|Shadow Ball|p1a: Milotic\n|-damage|p1a: Milotic|28/100 par\n|cant|p1a: Milotic|par\n|\n|-heal|p2a: Gholdengo|81/261|[from] item: Leftovers\n|-heal|p1a: Milotic|34/100 par|[from] item: Leftovers\n|upkeep\n|turn|36\n|inactive|Time left: 300 sec this turn | 300 sec total\n|\n|t:|1783561993\n|move|p2a: Gholdengo|Nasty Plot|p2a: Gholdengo\n|-boost|p2a: Gholdengo|spa|2\n|move|p1a: Milotic|Scald|p2a: Gholdengo\n|-damage|p2a: Gholdengo|0 fnt\n|faint|p2a: Gholdengo\n|\n|-heal|p1a: Milotic|40/100 par|[from] item: Leftovers\n|upkeep\n|inactive|Time left: 300 sec this turn | 300 sec total | 5 sec grace\n|\n|t:|1783561994\n|switch|p2a: Floatzel|Floatzel, L86, M|54/286\n|turn|37\n|inactive|Time left: 300 sec this turn | 300 sec total\n|\n|t:|1783561995\n|move|p2a: Floatzel|Wave Crash|p1a: Milotic\n|-resisted|p1a: Milotic\n|-damage|p1a: Milotic|12/100 par\n|-damage|p2a: Floatzel|27/286|[from] Recoil\n|move|p1a: Milotic|Scald|p2a: Floatzel\n|-resisted|p2a: Floatzel\n|-damage|p2a: Floatzel|0 fnt\n|faint|p2a: Floatzel\n|\n|-heal|p1a: Milotic|18/100 par|[from] item: Leftovers\n|upkeep\n|inactive|Time left: 300 sec this turn | 300 sec total | 5 sec grace\n|\n|t:|1783561996\n|switch|p2a: Chansey|Chansey, L85, F|529/564\n|turn|38\n|inactive|Time left: 300 sec this turn | 300 sec total\n|\n|t:|1783561997\n|move|p2a: Chansey|Seismic Toss|p1a: Milotic\n|-damage|p1a: Milotic|0 fnt\n|faint|p1a: Milotic\n|\n|upkeep\n|\n|t:|1783561998\n|switch|p1a: Cinderace|Cinderace, L77, M|100/100\n|turn|39\n|inactive|Time left: 300 sec this turn | 300 sec total\n|\n|t:|1783561999\n|move|p1a: Cinderace|Pyro Ball|p2a: Chansey\n|-damage|p2a: Chansey|253/564\n|move|p2a: Chansey|Soft-Boiled|p2a: Chansey\n|-heal|p2a: Chansey|535/564\n|\n|upkeep\n|turn|40\n|inactive|Time left: 300 sec this turn | 300 sec total\n|\n|t:|1783562000\n|move|p1a: Cinderace|Pyro Ball|p2a: Chansey\n|-damage|p2a: Chansey|271/564\n|move|p2a: Chansey|Soft-Boiled|p2a: Chansey\n|-heal|p2a: Chansey|553/564\n|\n|upkeep\n|turn|41\n|inactive|Time left: 300 sec this turn | 300 sec total\n|\n|t:|1783562001\n|move|p1a: Cinderace|Pyro Ball|p2a: Chansey\n|-damage|p2a: Chansey|295/564\n|move|p2a: Chansey|Thunder Wave|p1a: Cinderace\n|-status|p1a: Cinderace|par\n|\n|upkeep\n|turn|42\n|inactive|Time left: 300 sec this turn | 300 sec total\n|\n|t:|1783562002\n|move|p2a: Chansey|Soft-Boiled|p2a: Chansey\n|-heal|p2a: Chansey|564/564\n|move|p1a: Cinderace|Pyro Ball|p2a: Chansey\n|-damage|p2a: Chansey|294/564\n|\n|upkeep\n|turn|43\n|inactive|Time left: 300 sec this turn | 300 sec total\n|\n|t:|1783562003\n|move|p2a: Chansey|Soft-Boiled|p2a: Chansey\n|-heal|p2a: Chansey|564/564\n|cant|p1a: Cinderace|par\n|\n|upkeep\n|turn|44\n|inactive|Time left: 300 sec this turn | 300 sec total\n|\n|t:|1783562004\n|move|p2a: Chansey|Seismic Toss|p1a: Cinderace\n|-damage|p1a: Cinderace|66/100 par\n|move|p1a: Cinderace|Pyro Ball|p2a: Chansey\n|-damage|p2a: Chansey|267/564\n|\n|upkeep\n|turn|45\n|inactive|Time left: 300 sec this turn | 300 sec total\n|\n|t:|1783562005\n|move|p2a: Chansey|Soft-Boiled|p2a: Chansey\n|-heal|p2a: Chansey|549/564\n|cant|p1a: Cinderace|par\n|\n|upkeep\n|turn|46\n|inactive|Time left: 300 sec this turn | 300 sec total\n|\n|t:|1783562006\n|move|p2a: Chansey|Seismic Toss|p1a: Cinderace\n|-damage|p1a: Cinderace|32/100 par\n|cant|p1a: Cinderace|par\n|\n|upkeep\n|turn|47\n|inactive|Time left: 300 sec this turn | 300 sec total\n|\n|t:|1783562007\n|switch|p1a: Empoleon|Empoleon, L84, M|100/100\n|move|p2a: Chansey|Seismic Toss|p1a: Empoleon\n|-damage|p1a: Empoleon|70/100\n|\n|-heal|p1a: Empoleon|76/100|[from] item: Leftovers\n|upkeep\n|turn|48\n|inactive|Time left: 300 sec this turn | 300 sec total\n|\n|t:|1783562008\n|move|p1a: Empoleon|Surf|p2a: Chansey\n|-damage|p2a: Chansey|485/564\n|move|p2a: Chansey|Seismic Toss|p1a: Empoleon\n|-damage|p1a: Empoleon|45/100\n|\n|-heal|p1a: Empoleon|52/100|[from] item: Leftovers\n|upkeep\n|turn|49\n|inactive|Time left: 300 sec this turn | 300 sec total\n|\n|t:|1783562009\n|move|p1a: Empoleon|Roost|p1a: Empoleon\n|-heal|p1a: Empoleon|100/100\n|-singleturn|p1a: Empoleon|move: Roost\n|move|p2a: Chansey|Seismic Toss|p1a: Empoleon\n|-damage|p1a: Empoleon|70/100\n|\n|-heal|p1a: Empoleon|76/100|[from] item: Leftovers\n|upkeep\n|turn|50\n|inactive|Time left: 300 sec this turn | 300 sec total\n|\n|t:|1783562010\n|move|p1a: Empoleon|Surf|p2a: Chansey\n|-damage|p2a: Chansey|418/564\n|move|p2a: Chansey|Thunder Wave|p1a: Empoleon\n|-status|p1a: Empoleon|par\n|\n|-heal|p1a: Empoleon|82/100 par|[from] item: Leftovers\n|upkeep\n|turn|51\n|inactive|Time left: 300 sec this turn | 300 sec total\n|\n|t:|1783562011\n|move|p2a: Chansey|Seismic Toss|p1a: Empoleon\n|-damage|p1a: Empoleon|52/100 par\n|move|p1a: Empoleon|Roost|p1a: Empoleon\n|-heal|p1a: Empoleon|100/100 par\n|-singleturn|p1a: Empoleon|move: Roost\n|\n|upkeep\n|turn|52\n|inactive|Time left: 300 sec this turn | 300 sec total\n|\n|t:|1783562012\n|move|p2a: Chansey|Seismic Toss|p1a: Empoleon\n|-damage|p1a: Empoleon|70/100 par\n|cant|p1a: Empoleon|par\n|\n|-heal|p1a: Empoleon|76/100 par|[from] item: Leftovers\n|upkeep\n|turn|53\n|inactive|Time left: 300 sec this turn | 300 sec total\n|\n|t:|1783562014\n|move|p2a: Chansey|Seismic Toss|p1a: Empoleon\n|-damage|p1a: Empoleon|45/100 par\n|move|p1a: Empoleon|Roost|p1a: Empoleon\n|-heal|p1a: Empoleon|95/100 par\n|-singleturn|p1a: Empoleon|move: Roost\n|\n|-heal|p1a: Empoleon|100/100 par|[from] item: Leftovers\n|upkeep\n|turn|54\n|inactive|Time left: 300 sec this turn | 300 sec total\n|\n|t:|1783562015\n|move|p2a: Chansey|Seismic Toss|p1a: Empoleon\n|-damage|p1a: Empoleon|70/100 par\n|move|p1a: Empoleon|Surf|p2a: Chansey\n|-damage|p2a: Chansey|361/564\n|\n|-heal|p1a: Empoleon|76/100 par|[from] item: Leftovers\n|upkeep\n|turn|55\n|inactive|Time left: 300 sec this turn | 300 sec total\n|\n|t:|1783562016\n|move|p2a: Chansey|Seismic Toss|p1a: Empoleon\n|-damage|p1a: Empoleon|45/100 par\n|move|p1a: Empoleon|Roost|p1a: Empoleon\n|-heal|p1a: Empoleon|95/100 par\n|-singleturn|p1a: Empoleon|move: Roost\n|\n|-heal|p1a: Empoleon|100/100 par|[from] item: Leftovers\n|upkeep\n|turn|56\n|inactive|Time left: 300 sec this turn | 300 sec total\n|\n|t:|1783562017\n|move|p2a: Chansey|Seismic Toss|p1a: Empoleon\n|-damage|p1a: Empoleon|70/100 par\n|move|p1a: Empoleon|Stealth Rock|p2a: Chansey\n|-sidestart|p2: p0y196130bd|move: Stealth Rock\n|\n|-heal|p1a: Empoleon|76/100 par|[from] item: Leftovers\n|upkeep\n|turn|57\n|inactive|Time left: 300 sec this turn | 300 sec total\n|\n|t:|1783562018\n|move|p2a: Chansey|Seismic Toss|p1a: Empoleon\n|-damage|p1a: Empoleon|45/100 par\n|cant|p1a: Empoleon|par\n|\n|-heal|p1a: Empoleon|52/100 par|[from] item: Leftovers\n|upkeep\n|turn|58\n|inactive|Time left: 300 sec this turn | 300 sec total\n|\n|t:|1783562019\n|move|p2a: Chansey|Seismic Toss|p1a: Empoleon\n|-damage|p1a: Empoleon|21/100 par\n|cant|p1a: Empoleon|par\n|\n|-heal|p1a: Empoleon|27/100 par|[from] item: Leftovers\n|upkeep\n|turn|59\n|inactive|Time left: 300 sec this turn | 300 sec total\n|\n|t:|1783562020\n|-terastallize|p2a: Chansey|Ghost\n|move|p2a: Chansey|Seismic Toss|p1a: Empoleon\n|-damage|p1a: Empoleon|0 fnt\n|faint|p1a: Empoleon\n|\n|upkeep\n|\n|t:|1783562021\n|switch|p1a: Cinderace|Cinderace, L77, M|32/100 par\n|turn|60\n|inactive|Time left: 300 sec this turn | 300 sec total\n|\n|t:|1783562022\n|move|p2a: Chansey|Seismic Toss|p1a: Cinderace\n|-damage|p1a: Cinderace|0 fnt\n|faint|p1a: Cinderace\n|\n|win|p0y196130bd", "uploadtime": 1783562022, "views": 0, "rating": 0, "private": 0, "password": null, "_winner": "p0y196130bd", "_our_name": "p0y196130bd"}