{"id": "battle-gen9randombattle-1400", "formatid": "gen9randombattle", "format": "[Gen 9] Random Battle", "players": ["p0x14003fe0", "p0y14006283"], "log": "|init|battle\n|title|p0x14003fe0 vs. p0y14006283\n|j|\u2606p0x14003fe0\n|j|\u2606p0y14006283\n|t:|1783555336\n|gametype|singles\n|player|p1|p0x14003fe0|102|\n|player|p2|p0y14006283|170|\n|gen|9\n|tier|[Gen 9] Random Battle\n|rule|Species Clause: Limit one of each Pok\u00e9mon\n|rule|HP Percentage Mod: HP is shown in percentages\n|rule|Sleep Clause Mod: Limit one foe put to sleep\n|rule|Illusion Level Mod: Illusion disguises the Pok\u00e9mon's true level\n|\n|t:|1783555336\n|teamsize|p1|6\n|teamsize|p2|6\n|start\n|switch|p1a: Basculegion|Basculegion, L80, M|323/323\n|switch|p2a: Magmortar|Magmortar, L88, M|100/100\n|turn|1\n|inactive|Battle timer is ON: inactive players will automatically lose when time's up. (requested by p0x14003fe0)\n|inactive|p0y14006283 also wants the timer to be on.\n|\n|t:|1783555338\n|move|p2a: Magmortar|Scorching Sands|p1a: Basculegion\n|-damage|p1a: Basculegion|271/323\n|move|p1a: Basculegion|Wave Crash|p2a: Magmortar\n|-supereffective|p2a: Magmortar\n|-damage|p2a: Magmortar|0 fnt\n|faint|p2a: Magmortar\n|-damage|p1a: Basculegion|180/323|[from] Recoil\n|\n|upkeep\n|\n|t:|1783555339\n|switch|p2a: Ogerpon|Ogerpon, L80, F|100/100\n|turn|2\n|inactive|Time left: 300 sec this turn | 300 sec total\n|\n|t:|1783555340\n|switch|p1a: Toxicroak|Toxicroak, L84, F|277/277\n|move|p2a: Ogerpon|Knock Off|p1a: Toxicroak\n|-resisted|p1a: Toxicroak\n|-damage|p1a: Toxicroak|222/277\n|-enditem|p1a: Toxicroak|Life Orb|[from] move: Knock Off|[of] p2a: Ogerpon\n|-damage|p2a: Ogerpon|91/100|[from] item: Life Orb\n|\n|upkeep\n|turn|3\n|inactive|Time left: 300 sec this turn | 300 sec total\n|\n|t:|1783555341\n|move|p2a: Ogerpon|Swords Dance|p2a: Ogerpon\n|-boost|p2a: Ogerpon|atk|2\n|move|p1a: Toxicroak|Gunk Shot|p2a: Ogerpon\n|-supereffective|p2a: Ogerpon\n|-damage|p2a: Ogerpon|0 fnt\n|faint|p2a: Ogerpon\n|\n|upkeep\n|\n|t:|1783555342\n|switch|p2a: Diancie|Diancie, L82|100/100\n|turn|4\n|inactive|Time left: 300 sec this turn | 300 sec total\n|\n|t:|1783555343\n|move|p1a: Toxicroak|Swords Dance|p1a: Toxicroak\n|-boost|p1a: Toxicroak|atk|2\n|move|p2a: Diancie|Earth Power|p1a: Toxicroak\n|-supereffective|p1a: Toxicroak\n|-damage|p1a: Toxicroak|64/277\n|\n|upkeep\n|turn|5\n|inactive|Time left: 300 sec this turn | 300 sec total\n|\n|t:|1783555344\n|move|p1a: Toxicroak|Gunk Shot|p2a: Diancie\n|-crit|p2a: Diancie\n|-damage|p2a: Diancie|0 fnt\n|faint|p2a: Diancie\n|\n|upkeep\n|\n|t:|1783555345\n|switch|p2a: Scizor|Scizor, L79, F|100/100\n|turn|6\n|inactive|Time left: 300 sec this turn | 300 sec total\n|\n|t:|1783555346\n|move|p1a: Toxicroak|Sucker Punch|p2a: Scizor\n|-damage|p2a: Scizor|62/100\n|move|p2a: Scizor|Bullet Punch|p1a: Toxicroak\n|-damage|p1a: Toxicroak|0 fnt\n|faint|p1a: Toxicroak\n|-damage|p2a: Scizor|52/100|[from] item: Life Orb\n|\n|upkeep\n|inactive|Time left: 300 sec this turn | 300 sec total | 5 sec grace\n|\n|t:|1783555347\n|switch|p1a: Iron Moth|Iron Moth, L78|253/253\n|turn|7\n|inactive|Time left: 300 sec this turn | 300 sec total\n|\n|t:|1783555348\n|switch|p2a: Vaporeon|Vaporeon, L86, M|100/100\n|move|p1a: Iron Moth|Fiery Dance|p2a: Vaporeon\n|-resisted|p2a: Vaporeon\n|-damage|p2a: Vaporeon|87/100\n|\n|-heal|p2a: Vaporeon|93/100|[from] item: Leftovers\n|upkeep\n|turn|8\n|inactive|Time left: 300 sec this turn | 300 sec total\n|\n|t:|1783555349\n|-end|p1a: Iron Moth|Quark Drive|[silent]\n|switch|p1a: Cacturne|Cacturne, L92, M|278/278\n|move|p2a: Vaporeon|Scald|p1a: Cacturne\n|-immune|p1a: Cacturne|[from] ability: Water Absorb\n|\n|-heal|p2a: Vaporeon|99/100|[from] item: Leftovers\n|upkeep\n|turn|9\n|inactive|Time left: 300 sec this turn | 300 sec total\n|\n|t:|1783555350\n|move|p2a: Vaporeon|Protect|p2a: Vaporeon\n|-singleturn|p2a: Vaporeon|Protect\n|move|p1a: Cacturne|Knock Off|p2a: Vaporeon\n|-activate|p2a: Vaporeon|move: Protect\n|\n|-heal|p2a: Vaporeon|100/100|[from] item: Leftovers\n|upkeep\n|turn|10\n|inactive|Time left: 300 sec this turn | 300 sec total\n|\n|t:|1783555351\n|move|p2a: Vaporeon|Wish|p2a: Vaporeon\n|move|p1a: Cacturne|Knock Off|p2a: Vaporeon\n|-damage|p2a: Vaporeon|36/100\n|-enditem|p2a: Vaporeon|Leftovers|[from] move: Knock Off|[of] p1a: Cacturne\n|-damage|p1a: Cacturne|251/278|[from] item: Life Orb\n|\n|upkeep\n|turn|11\n|inactive|Time left: 300 sec this turn | 300 sec total\n|\n|t:|1783555352\n|move|p2a: Vaporeon|Protect|p2a: Vaporeon\n|-singleturn|p2a: Vaporeon|Protect\n|move|p1a: Cacturne|Knock Off|p2a: Vaporeon\n|-activate|p2a: Vaporeon|move: Protect\n|\n|-heal|p2a: Vaporeon|86/100|[from] move: Wish|[wisher] Vaporeon\n|upkeep\n|turn|12\n|inactive|Time left: 300 sec this turn | 300 sec total\n|\n|t:|1783555353\n|move|p2a: Vaporeon|Wish|p2a: Vaporeon\n|move|p1a: Cacturne|Knock Off|p2a: Vaporeon\n|-damage|p2a: Vaporeon|41/100\n|-damage|p1a: Cacturne|224/278|[from] item: Life Orb\n|\n|upkeep\n|turn|13\n|inactive|Time left: 300 sec this turn | 300 sec total\n|\n|t:|1783555354\n|move|p2a: Vaporeon|Protect|p2a: Vaporeon\n|-singleturn|p2a: Vaporeon|Protect\n|move|p1a: Cacturne|Knock Off|p2a: Vaporeon\n|-activate|p2a: Vaporeon|move: Protect\n|\n|-heal|p2a: Vaporeon|91/100|[from] move: Wish|[wisher] Vaporeon\n|upkeep\n|turn|14\n|inactive|Time left: 300 sec this turn | 300 sec total\n|\n|t:|1783555355\n|move|p2a: Vaporeon|Wish|p2a: Vaporeon\n|move|p1a: Cacturne|Leaf Storm|p2a: Vaporeon\n|-supereffective|p2a: Vaporeon\n|-damage|p2a: Vaporeon|0 fnt\n|-unboost|p1a: Cacturne|spa|2\n|faint|p2a: Vaporeon\n|-damage|p1a: Cacturne|197/278|[from] item: Life Orb\n|\n|upkeep\n|\n|t:|1783555356\n|switch|p2a: Grafaiai|Grafaiai, L86, M|100/100\n|turn|15\n|inactive|Time left: 300 sec this turn | 300 sec total\n|\n|t:|1783555358\n|switch|p1a: Iron Moth|Iron Moth, L78|253/253\n|move|p2a: Grafaiai|Gunk Shot|p1a: Iron Moth\n|-resisted|p1a: Iron Moth\n|-damage|p1a: Iron Moth|155/253\n|\n|upkeep\n|turn|16\n|inactive|Time left: 300 sec this turn | 300 sec total\n|\n|t:|1783555359\n|move|p2a: Grafaiai|Gunk Shot|p1a: Iron Moth\n|-resisted|p1a: Iron Moth\n|-damage|p1a: Iron Moth|66/253\n|move|p1a: Iron Moth|Fiery Dance|p2a: Grafaiai\n|-damage|p2a: Grafaiai|57/100\n|-boost|p1a: Iron Moth|spa|1\n|\n|upkeep\n|turn|17\n|inactive|Time left: 300 sec this turn | 300 sec total\n|\n|t:|1783555360\n|move|p2a: Grafaiai|Knock Off|p1a: Iron Moth\n|-damage|p1a: Iron Moth|0 fnt\n|-enditem|p1a: Iron Moth|Heavy-Duty Boots|[from] move: Knock Off|[of] p2a: Grafaiai\n|faint|p1a: Iron Moth\n|-end|p1a: Iron Moth|Quark Drive|[silent]\n|\n|upkeep\n|inactive|Time left: 300 sec this turn | 300 sec total | 5 sec grace\n|\n|t:|1783555361\n|switch|p1a: Lilligant|Lilligant-Hisui, L79, F|240/240\n|turn|18\n|inactive|Time left: 300 sec this turn | 300 sec total\n|\n|t:|1783555362\n|-terastallize|p1a: Lilligant|Steel\n|move|p2a: Grafaiai|Gunk Shot|p1a: Lilligant\n|-immune|p1a: Lilligant\n|move|p1a: Lilligant|Close Combat|p2a: Grafaiai\n|-damage|p2a: Grafaiai|0 fnt\n|-unboost|p1a: Lilligant|def|1\n|-unboost|p1a: Lilligant|spd|1\n|faint|p2a: Grafaiai\n|\n|upkeep\n|\n|t:|1783555363\n|switch|p2a: Scizor|Scizor, L79, F|52/100\n|turn|19\n|inactive|Time left: 300 sec this turn | 300 sec total\n|\n|t:|1783555363\n|move|p2a: Scizor|Bullet Punch|p1a: Lilligant\n|-resisted|p1a: Lilligant\n|-damage|p1a: Lilligant|156/240\n|-damage|p2a: Scizor|42/100|[from] item: Life Orb\n|move|p1a: Lilligant|Close Combat|p2a: Scizor\n|-damage|p2a: Scizor|0 fnt\n|-unboost|p1a: Lilligant|def|1\n|-unboost|p1a: Lilligant|spd|1\n|faint|p2a: Scizor\n|\n|win|p0x14003fe0", "uploadtime": 1783555363, "views": 0, "rating": 0, "private": 0, "password": null, "_winner": "p0x14003fe0", "_our_name": "p0x14003fe0"}