{"id": "battle-gen9randombattle-1971", "formatid": "gen9randombattle", "format": "[Gen 9] Random Battle", "players": ["p0x1971bb8d", "p0y19714646"], "log": "|init|battle\n|title|p0x1971bb8d vs. p0y19714646\n|j|\u2606p0x1971bb8d\n|j|\u2606p0y19714646\n|t:|1783562076\n|gametype|singles\n|player|p1|p0x1971bb8d|265|\n|player|p2|p0y19714646|265|\n|gen|9\n|tier|[Gen 9] Random Battle\n|rule|Species Clause: Limit one of each Pok\u00e9mon\n|rule|HP Percentage Mod: HP is shown in percentages\n|rule|Sleep Clause Mod: Limit one foe put to sleep\n|rule|Illusion Level Mod: Illusion disguises the Pok\u00e9mon's true level\n|\n|t:|1783562076\n|teamsize|p1|6\n|teamsize|p2|6\n|start\n|switch|p1a: Honchkrow|Honchkrow, L86, M|100/100\n|switch|p2a: Toucannon|Toucannon, L88, M|284/284\n|turn|1\n|inactive|Battle timer is ON: inactive players will automatically lose when time's up. (requested by p0x1971bb8d)\n|inactive|Time left: 300 sec this turn | 300 sec total | 60 sec grace\n|inactive|p0y19714646 also wants the timer to be on.\n|\n|t:|1783562077\n|move|p1a: Honchkrow|Brave Bird|p2a: Toucannon\n|-damage|p2a: Toucannon|97/284\n|-damage|p1a: Honchkrow|81/100|[from] Recoil\n|move|p2a: Toucannon|Boomburst|p1a: Honchkrow\n|-damage|p1a: Honchkrow|18/100\n|\n|upkeep\n|turn|2\n|inactive|Time left: 300 sec this turn | 300 sec total\n|\n|t:|1783562078\n|switch|p2a: Skeledirge|Skeledirge, L79, F|294/294\n|move|p1a: Honchkrow|Brave Bird|p2a: Skeledirge\n|-damage|p2a: Skeledirge|135/294\n|-damage|p1a: Honchkrow|1/100|[from] Recoil\n|\n|upkeep\n|turn|3\n|inactive|Time left: 300 sec this turn | 300 sec total\n|\n|t:|1783562079\n|switch|p2a: Mew|Mew, L82|298/298\n|move|p1a: Honchkrow|Brave Bird|p2a: Mew\n|-damage|p2a: Mew|139/298\n|-damage|p1a: Honchkrow|0 fnt|[from] Recoil\n|faint|p1a: Honchkrow\n|\n|-heal|p2a: Mew|157/298|[from] item: Leftovers\n|upkeep\n|\n|t:|1783562081\n|switch|p1a: Scizor|Scizor, L79, F|100/100\n|turn|4\n|inactive|Time left: 300 sec this turn | 300 sec total\n|\n|t:|1783562082\n|move|p2a: Mew|Will-O-Wisp|p1a: Scizor\n|-status|p1a: Scizor|brn\n|move|p1a: Scizor|Knock Off|p2a: Mew\n|-supereffective|p2a: Mew\n|-damage|p2a: Mew|45/298\n|-enditem|p2a: Mew|Leftovers|[from] move: Knock Off|[of] p1a: Scizor\n|\n|-damage|p1a: Scizor|94/100 brn|[from] brn\n|upkeep\n|turn|5\n|inactive|Time left: 300 sec this turn | 300 sec total\n|\n|t:|1783562084\n|move|p2a: Mew|Stealth Rock|p1a: Scizor\n|-sidestart|p1: p0x1971bb8d|move: Stealth Rock\n|move|p1a: Scizor|Knock Off|p2a: Mew\n|-supereffective|p2a: Mew\n|-damage|p2a: Mew|0 fnt\n|faint|p2a: Mew\n|\n|-damage|p1a: Scizor|88/100 brn|[from] brn\n|upkeep\n|inactive|Time left: 300 sec this turn | 300 sec total | 5 sec grace\n|\n|t:|1783562085\n|switch|p2a: Lilligant|Lilligant, L86, F|261/261\n|turn|6\n|inactive|Time left: 300 sec this turn | 300 sec total\n|\n|t:|1783562086\n|move|p2a: Lilligant|Quiver Dance|p2a: Lilligant\n|-boost|p2a: Lilligant|spa|1\n|-boost|p2a: Lilligant|spd|1\n|-boost|p2a: Lilligant|spe|1\n|move|p1a: Scizor|Knock Off|p2a: Lilligant\n|-damage|p2a: Lilligant|202/261\n|-enditem|p2a: Lilligant|Life Orb|[from] move: Knock Off|[of] p1a: Scizor\n|\n|-damage|p1a: Scizor|82/100 brn|[from] brn\n|upkeep\n|turn|7\n|inactive|Time left: 300 sec this turn | 300 sec total\n|\n|t:|1783562087\n|move|p2a: Lilligant|Quiver Dance|p2a: Lilligant\n|-boost|p2a: Lilligant|spa|1\n|-boost|p2a: Lilligant|spd|1\n|-boost|p2a: Lilligant|spe|1\n|move|p1a: Scizor|Knock Off|p2a: Lilligant\n|-damage|p2a: Lilligant|163/261\n|\n|-damage|p1a: Scizor|75/100 brn|[from] brn\n|upkeep\n|turn|8\n|inactive|Time left: 300 sec this turn | 300 sec total\n|\n|t:|1783562088\n|move|p2a: Lilligant|Quiver Dance|p2a: Lilligant\n|-boost|p2a: Lilligant|spa|1\n|-boost|p2a: Lilligant|spd|1\n|-boost|p2a: Lilligant|spe|1\n|move|p1a: Scizor|Knock Off|p2a: Lilligant\n|-damage|p2a: Lilligant|118/261\n|\n|-damage|p1a: Scizor|69/100 brn|[from] brn\n|upkeep\n|turn|9\n|inactive|Time left: 300 sec this turn | 300 sec total\n|\n|t:|1783562089\n|move|p2a: Lilligant|Quiver Dance|p2a: Lilligant\n|-boost|p2a: Lilligant|spa|1\n|-boost|p2a: Lilligant|spd|1\n|-boost|p2a: Lilligant|spe|1\n|move|p1a: Scizor|Knock Off|p2a: Lilligant\n|-damage|p2a: Lilligant|77/261\n|\n|-damage|p1a: Scizor|63/100 brn|[from] brn\n|upkeep\n|turn|10\n|inactive|Time left: 300 sec this turn | 300 sec total\n|\n|t:|1783562090\n|move|p2a: Lilligant|Alluring Voice|p1a: Scizor\n|-resisted|p1a: Scizor\n|-damage|p1a: Scizor|20/100 brn\n|move|p1a: Scizor|Knock Off|p2a: Lilligant\n|-damage|p2a: Lilligant|34/261\n|\n|-damage|p1a: Scizor|14/100 brn|[from] brn\n|upkeep\n|turn|11\n|inactive|Time left: 300 sec this turn | 300 sec total\n|\n|t:|1783562091\n|move|p2a: Lilligant|Alluring Voice|p1a: Scizor\n|-resisted|p1a: Scizor\n|-damage|p1a: Scizor|0 fnt\n|faint|p1a: Scizor\n|\n|upkeep\n|\n|t:|1783562092\n|switch|p1a: Bisharp|Bisharp, L79, F|100/100\n|-damage|p1a: Bisharp|94/100|[from] Stealth Rock\n|turn|12\n|inactive|Time left: 300 sec this turn | 300 sec total\n|\n|t:|1783562093\n|move|p2a: Lilligant|Sleep Powder|p1a: Bisharp\n|-status|p1a: Bisharp|slp|[from] move: Sleep Powder\n|cant|p1a: Bisharp|slp\n|\n|upkeep\n|turn|13\n|inactive|Time left: 300 sec this turn | 300 sec total\n|\n|t:|1783562094\n|-terastallize|p2a: Lilligant|Grass\n|-curestatus|p1a: Bisharp|slp|[msg]\n|move|p1a: Bisharp|Sucker Punch|p2a: Lilligant\n|-crit|p2a: Lilligant\n|-damage|p2a: Lilligant|0 fnt\n|faint|p2a: Lilligant\n|\n|upkeep\n|inactive|Time left: 300 sec this turn | 300 sec total | 5 sec grace\n|\n|t:|1783562095\n|switch|p2a: Hawlucha|Hawlucha, L80, M|256/256\n|turn|14\n|inactive|Time left: 300 sec this turn | 300 sec total\n|\n|t:|1783562096\n|-terastallize|p1a: Bisharp|Ghost\n|move|p2a: Hawlucha|Swords Dance|p2a: Hawlucha\n|-boost|p2a: Hawlucha|atk|2\n|move|p1a: Bisharp|Swords Dance|p1a: Bisharp\n|-boost|p1a: Bisharp|atk|2\n|\n|upkeep\n|turn|15\n|inactive|Time left: 300 sec this turn | 300 sec total\n|\n|t:|1783562097\n|move|p2a: Hawlucha|Brave Bird|p1a: Bisharp\n|-damage|p1a: Bisharp|32/100\n|-damage|p2a: Hawlucha|208/256|[from] Recoil\n|move|p1a: Bisharp|Iron Head|p2a: Hawlucha\n|-damage|p2a: Hawlucha|3/256\n|\n|upkeep\n|turn|16\n|inactive|Time left: 300 sec this turn | 300 sec total\n|\n|t:|1783562098\n|move|p1a: Bisharp|Sucker Punch|p2a: Hawlucha\n|-resisted|p2a: Hawlucha\n|-damage|p2a: Hawlucha|0 fnt\n|faint|p2a: Hawlucha\n|\n|upkeep\n|inactive|Time left: 300 sec this turn | 300 sec total | 5 sec grace\n|\n|t:|1783562099\n|switch|p2a: Toucannon|Toucannon, L88, M|97/284\n|turn|17\n|inactive|Time left: 300 sec this turn | 300 sec total\n|\n|t:|1783562100\n|move|p2a: Toucannon|Knock Off|p1a: Bisharp\n|-supereffective|p1a: Bisharp\n|-damage|p1a: Bisharp|0 fnt\n|-enditem|p1a: Bisharp|Eviolite|[from] move: Knock Off|[of] p2a: Toucannon\n|faint|p1a: Bisharp\n|\n|upkeep\n|\n|t:|1783562101\n|switch|p1a: Haxorus|Haxorus, L77, M|100/100\n|-damage|p1a: Haxorus|88/100|[from] Stealth Rock\n|-ability|p1a: Haxorus|Mold Breaker\n|turn|18\n|inactive|Time left: 300 sec this turn | 300 sec total\n|\n|t:|1783562102\n|move|p1a: Haxorus|Outrage|p2a: Toucannon\n|-damage|p2a: Toucannon|0 fnt\n|faint|p2a: Toucannon\n|\n|upkeep\n|inactive|Time left: 300 sec this turn | 300 sec total | 5 sec grace\n|\n|t:|1783562102\n|switch|p2a: Espeon|Espeon, L84, F|246/246\n|turn|19\n|inactive|Time left: 300 sec this turn | 300 sec total\n|\n|t:|1783562103\n|move|p2a: Espeon|Alluring Voice|p1a: Haxorus\n|-supereffective|p1a: Haxorus\n|-damage|p1a: Haxorus|0 fnt\n|faint|p1a: Haxorus\n|-damage|p2a: Espeon|222/246|[from] item: Life Orb\n|\n|upkeep\n|\n|t:|1783562104\n|switch|p1a: Alomomola|Alomomola, L87, F|100/100\n|turn|20\n|inactive|Time left: 300 sec this turn | 300 sec total\n|\n|t:|1783562105\n|move|p2a: Espeon|Calm Mind|p2a: Espeon\n|-boost|p2a: Espeon|spa|1\n|-boost|p2a: Espeon|spd|1\n|move|p1a: Alomomola|Scald|p2a: Espeon\n|-damage|p2a: Espeon|189/246\n|\n|upkeep\n|turn|21\n|inactive|Time left: 300 sec this turn | 300 sec total\n|\n|t:|1783562106\n|move|p2a: Espeon|Calm Mind|p2a: Espeon\n|-boost|p2a: Espeon|spa|1\n|-boost|p2a: Espeon|spd|1\n|move|p1a: Alomomola|Flip Turn|p2a: Espeon\n|-damage|p2a: Espeon|117/246\n|\n|t:|1783562107\n|switch|p1a: Sneasler|Sneasler, L74, M|100/100|[from] Flip Turn\n|-damage|p1a: Sneasler|94/100|[from] Stealth Rock\n|\n|upkeep\n|turn|22\n|inactive|Time left: 300 sec this turn | 300 sec total\n|\n|t:|1783562108\n|move|p2a: Espeon|Psychic|p1a: Sneasler\n|-supereffective|p1a: Sneasler\n|-damage|p1a: Sneasler|0 fnt\n|faint|p1a: Sneasler\n|-damage|p2a: Espeon|93/246|[from] item: Life Orb\n|\n|upkeep\n|\n|t:|1783562109\n|switch|p1a: Alomomola|Alomomola, L87, F|100/100\n|turn|23\n|inactive|Time left: 300 sec this turn | 300 sec total\n|\n|t:|1783562110\n|move|p1a: Alomomola|Protect|p1a: Alomomola\n|-singleturn|p1a: Alomomola|Protect\n|move|p2a: Espeon|Psychic|p1a: Alomomola\n|-activate|p1a: Alomomola|move: Protect\n|\n|upkeep\n|turn|24\n|inactive|Time left: 300 sec this turn | 300 sec total\n|\n|t:|1783562111\n|move|p1a: Alomomola|Protect|p1a: Alomomola\n|-singleturn|p1a: Alomomola|Protect\n|move|p2a: Espeon|Psychic|p1a: Alomomola\n|-activate|p1a: Alomomola|move: Protect\n|\n|upkeep\n|turn|25\n|inactive|Time left: 300 sec this turn | 300 sec total\n|\n|t:|1783562111\n|move|p2a: Espeon|Psychic|p1a: Alomomola\n|-damage|p1a: Alomomola|0 fnt\n|faint|p1a: Alomomola\n|-damage|p2a: Espeon|69/246|[from] item: Life Orb\n|\n|win|p0y19714646", "uploadtime": 1783562111, "views": 0, "rating": 0, "private": 0, "password": null, "_winner": "p0y19714646", "_our_name": "p0y19714646"}