{"id": "battle-gen9randombattle-2077", "formatid": "gen9randombattle", "format": "[Gen 9] Random Battle", "players": ["p0x20776ff8", "p0y2077ca35"], "log": "|init|battle\n|title|p0x20776ff8 vs. p0y2077ca35\n|j|\u2606p0x20776ff8\n|j|\u2606p0y2077ca35\n|t:|1783564073\n|gametype|singles\n|player|p1|p0x20776ff8|170|\n|player|p2|p0y2077ca35|101|\n|gen|9\n|tier|[Gen 9] Random Battle\n|rule|Species Clause: Limit one of each Pok\u00e9mon\n|rule|HP Percentage Mod: HP is shown in percentages\n|rule|Sleep Clause Mod: Limit one foe put to sleep\n|rule|Illusion Level Mod: Illusion disguises the Pok\u00e9mon's true level\n|\n|t:|1783564073\n|teamsize|p1|6\n|teamsize|p2|6\n|start\n|switch|p1a: Vileplume|Vileplume, L85, F|100/100\n|switch|p2a: Rhyperior|Rhyperior, L82, F|323/323\n|turn|1\n|inactive|Battle timer is ON: inactive players will automatically lose when time's up. (requested by p0x20776ff8)\n|inactive|Time left: 300 sec this turn | 300 sec total | 60 sec grace\n|inactive|p0y2077ca35 also wants the timer to be on.\n|\n|t:|1783564075\n|-terastallize|p2a: Rhyperior|Rock\n|move|p1a: Vileplume|Giga Drain|p2a: Rhyperior\n|-supereffective|p2a: Rhyperior\n|-damage|p2a: Rhyperior|110/323\n|-enditem|p2a: Rhyperior|Weakness Policy\n|-boost|p2a: Rhyperior|atk|2|[from] item: Weakness Policy\n|-boost|p2a: Rhyperior|spa|2|[from] item: Weakness Policy\n|move|p2a: Rhyperior|Earthquake|p1a: Vileplume\n|-damage|p1a: Vileplume|0 fnt\n|faint|p1a: Vileplume\n|\n|upkeep\n|\n|t:|1783564076\n|switch|p1a: Necrozma|Necrozma-Dawn-Wings, L76|100/100\n|turn|2\n|inactive|Time left: 300 sec this turn | 300 sec total\n|\n|t:|1783564077\n|move|p1a: Necrozma|Photon Geyser|p2a: Rhyperior\n|-damage|p2a: Rhyperior|0 fnt\n|faint|p2a: Rhyperior\n|-damage|p1a: Necrozma|91/100|[from] item: Life Orb\n|\n|upkeep\n|inactive|Time left: 300 sec this turn | 300 sec total | 5 sec grace\n|\n|t:|1783564078\n|switch|p2a: Pincurchin|Pincurchin, M|258/258\n|-fieldstart|move: Electric Terrain|[from] ability: Electric Surge|[of] p2a: Pincurchin\n|turn|3\n|inactive|Time left: 300 sec this turn | 300 sec total\n|\n|t:|1783564079\n|move|p1a: Necrozma|Moongeist Beam|p2a: Pincurchin\n|-damage|p2a: Pincurchin|125/258\n|-damage|p1a: Necrozma|81/100|[from] item: Life Orb\n|move|p2a: Pincurchin|Zing Zap|p1a: Necrozma\n|-damage|p1a: Necrozma|23/100\n|\n|-heal|p2a: Pincurchin|141/258|[from] item: Leftovers\n|upkeep\n|turn|4\n|inactive|Time left: 300 sec this turn | 300 sec total\n|\n|t:|1783564080\n|move|p1a: Necrozma|Moongeist Beam|p2a: Pincurchin\n|-damage|p2a: Pincurchin|3/258\n|-damage|p1a: Necrozma|13/100|[from] item: Life Orb\n|move|p2a: Pincurchin|Recover|p2a: Pincurchin\n|-heal|p2a: Pincurchin|132/258\n|\n|-heal|p2a: Pincurchin|148/258|[from] item: Leftovers\n|upkeep\n|turn|5\n|inactive|Time left: 300 sec this turn | 300 sec total\n|\n|t:|1783564081\n|move|p1a: Necrozma|Photon Geyser|p2a: Pincurchin\n|-damage|p2a: Pincurchin|10/258\n|-damage|p1a: Necrozma|3/100|[from] item: Life Orb\n|move|p2a: Pincurchin|Recover|p2a: Pincurchin\n|-heal|p2a: Pincurchin|139/258\n|\n|-heal|p2a: Pincurchin|155/258|[from] item: Leftovers\n|upkeep\n|turn|6\n|inactive|Time left: 300 sec this turn | 300 sec total\n|\n|t:|1783564082\n|move|p1a: Necrozma|Photon Geyser|p2a: Pincurchin\n|-damage|p2a: Pincurchin|15/258\n|-damage|p1a: Necrozma|0 fnt|[from] item: Life Orb\n|faint|p1a: Necrozma\n|move|p2a: Pincurchin|Recover|p2a: Pincurchin\n|-heal|p2a: Pincurchin|144/258\n|\n|-heal|p2a: Pincurchin|160/258|[from] item: Leftovers\n|upkeep\n|\n|t:|1783564083\n|switch|p1a: Greedent|Greedent, L86, F|100/100\n|turn|7\n|inactive|Time left: 300 sec this turn | 300 sec total\n|\n|t:|1783564085\n|move|p2a: Pincurchin|Zing Zap|p1a: Greedent\n|-damage|p1a: Greedent|60/100\n|move|p1a: Greedent|Swords Dance|p1a: Greedent\n|-boost|p1a: Greedent|atk|2\n|\n|-heal|p2a: Pincurchin|176/258|[from] item: Leftovers\n|-fieldend|move: Electric Terrain\n|upkeep\n|turn|8\n|inactive|Time left: 300 sec this turn | 300 sec total\n|\n|t:|1783564086\n|move|p2a: Pincurchin|Zing Zap|p1a: Greedent\n|-damage|p1a: Greedent|26/100\n|-enditem|p1a: Greedent|Sitrus Berry|[eat]\n|-heal|p1a: Greedent|50/100|[from] item: Sitrus Berry\n|-heal|p1a: Greedent|83/100|[from] ability: Cheek Pouch\n|move|p1a: Greedent|Earthquake|p2a: Pincurchin\n|-supereffective|p2a: Pincurchin\n|-damage|p2a: Pincurchin|0 fnt\n|faint|p2a: Pincurchin\n|\n|upkeep\n|inactive|Time left: 300 sec this turn | 300 sec total | 5 sec grace\n|\n|t:|1783564087\n|switch|p2a: Rotom|Rotom-Frost, L87|229/229\n|turn|9\n|inactive|Time left: 300 sec this turn | 300 sec total\n|\n|t:|1783564088\n|move|p2a: Rotom|Will-O-Wisp|p1a: Greedent\n|-status|p1a: Greedent|brn\n|move|p1a: Greedent|Double-Edge|p2a: Rotom\n|-damage|p2a: Rotom|123/229\n|-damage|p1a: Greedent|73/100 brn|[from] Recoil\n|\n|-damage|p1a: Greedent|67/100 brn|[from] brn\n|upkeep\n|turn|10\n|inactive|Time left: 300 sec this turn | 300 sec total\n|\n|t:|1783564089\n|move|p2a: Rotom|Nasty Plot|p2a: Rotom\n|-boost|p2a: Rotom|spa|2\n|move|p1a: Greedent|Double-Edge|p2a: Rotom\n|-damage|p2a: Rotom|18/229\n|-damage|p1a: Greedent|57/100 brn|[from] Recoil\n|\n|-damage|p1a: Greedent|51/100 brn|[from] brn\n|upkeep\n|turn|11\n|inactive|Time left: 300 sec this turn | 300 sec total\n|\n|t:|1783564090\n|move|p2a: Rotom|Thunderbolt|p1a: Greedent\n|-damage|p1a: Greedent|0 fnt\n|faint|p1a: Greedent\n|\n|upkeep\n|\n|t:|1783564091\n|switch|p1a: Slowking|Slowking-Galar, L85, M|100/100\n|turn|12\n|inactive|Time left: 300 sec this turn | 300 sec total\n|\n|t:|1783564091\n|move|p2a: Rotom|Thunderbolt|p1a: Slowking\n|-damage|p1a: Slowking|62/100\n|move|p1a: Slowking|Sludge Bomb|p2a: Rotom\n|-damage|p2a: Rotom|0 fnt\n|faint|p2a: Rotom\n|\n|upkeep\n|inactive|Time left: 300 sec this turn | 300 sec total | 5 sec grace\n|\n|t:|1783564092\n|switch|p2a: Ogerpon|Ogerpon-Cornerstone, L76, F|247/247\n|turn|13\n|inactive|Time left: 300 sec this turn | 300 sec total\n|\n|t:|1783564093\n|move|p2a: Ogerpon|Swords Dance|p2a: Ogerpon\n|-boost|p2a: Ogerpon|atk|2\n|move|p1a: Slowking|Sludge Bomb|p2a: Ogerpon\n|-damage|p2a: Ogerpon|130/247\n|-status|p2a: Ogerpon|psn\n|\n|-damage|p2a: Ogerpon|100/247 psn|[from] psn\n|upkeep\n|turn|14\n|inactive|Time left: 300 sec this turn | 300 sec total\n|\n|t:|1783564094\n|switch|p1a: Politoed|Politoed, L88, F|100/100\n|-weather|RainDance|[from] ability: Drizzle|[of] p1a: Politoed\n|move|p2a: Ogerpon|Ivy Cudgel|p1a: Politoed|[anim] Ivy Cudgel Rock\n|-damage|p1a: Politoed|6/100\n|\n|-weather|RainDance|[upkeep]\n|-damage|p2a: Ogerpon|70/247 psn|[from] psn\n|upkeep\n|turn|15\n|inactive|Time left: 300 sec this turn | 300 sec total\n|\n|t:|1783564095\n|move|p2a: Ogerpon|Ivy Cudgel|p1a: Politoed|[anim] Ivy Cudgel Rock\n|-damage|p1a: Politoed|0 fnt\n|faint|p1a: Politoed\n|\n|-weather|RainDance|[upkeep]\n|-damage|p2a: Ogerpon|40/247 psn|[from] psn\n|upkeep\n|\n|t:|1783564096\n|switch|p1a: Iron Thorns|Iron Thorns, L83|100/100\n|-enditem|p1a: Iron Thorns|Booster Energy\n|-activate|p1a: Iron Thorns|ability: Quark Drive|[fromitem]\n|-start|p1a: Iron Thorns|quarkdriveatk\n|turn|16\n|inactive|Time left: 300 sec this turn | 300 sec total\n|\n|t:|1783564097\n|-terastallize|p1a: Iron Thorns|Grass\n|move|p2a: Ogerpon|Horn Leech|p1a: Iron Thorns\n|-resisted|p1a: Iron Thorns\n|-damage|p1a: Iron Thorns|72/100\n|-heal|p2a: Ogerpon|83/247 psn|[from] drain|[of] p1a: Iron Thorns\n|move|p1a: Iron Thorns|Dragon Dance|p1a: Iron Thorns\n|-boost|p1a: Iron Thorns|atk|1\n|-boost|p1a: Iron Thorns|spe|1\n|\n|-weather|RainDance|[upkeep]\n|-damage|p2a: Ogerpon|53/247 psn|[from] psn\n|upkeep\n|turn|17\n|inactive|Time left: 300 sec this turn | 300 sec total\n|\n|t:|1783564097\n|move|p1a: Iron Thorns|Ice Punch|p2a: Ogerpon\n|-supereffective|p2a: Ogerpon\n|-damage|p2a: Ogerpon|0 fnt\n|faint|p2a: Ogerpon\n|\n|-weather|RainDance|[upkeep]\n|upkeep\n|inactive|Time left: 300 sec this turn | 300 sec total | 5 sec grace\n|\n|t:|1783564098\n|switch|p2a: Passimian|Passimian, L83, M|302/302\n|turn|18\n|inactive|Time left: 300 sec this turn | 300 sec total\n|\n|t:|1783564099\n|move|p2a: Passimian|Gunk Shot|p1a: Iron Thorns\n|-supereffective|p1a: Iron Thorns\n|-damage|p1a: Iron Thorns|18/100\n|-status|p1a: Iron Thorns|psn\n|move|p1a: Iron Thorns|Ice Punch|p2a: Passimian\n|-damage|p2a: Passimian|179/302\n|\n|-weather|none\n|-damage|p1a: Iron Thorns|6/100 psn|[from] psn\n|upkeep\n|turn|19\n|inactive|Time left: 300 sec this turn | 300 sec total\n|\n|t:|1783564100\n|move|p2a: Passimian|Gunk Shot|p1a: Iron Thorns\n|-supereffective|p1a: Iron Thorns\n|-damage|p1a: Iron Thorns|0 fnt\n|faint|p1a: Iron Thorns\n|-end|p1a: Iron Thorns|Quark Drive|[silent]\n|\n|upkeep\n|\n|t:|1783564101\n|switch|p1a: Slowking|Slowking-Galar, L85, M|96/100\n|turn|20\n|inactive|Time left: 300 sec this turn | 300 sec total\n|\n|t:|1783564102\n|switch|p2a: Barraskewda|Barraskewda, L81, F|231/231\n|move|p1a: Slowking|Sludge Bomb|p2a: Barraskewda\n|-damage|p2a: Barraskewda|72/231\n|-status|p2a: Barraskewda|psn\n|\n|-damage|p2a: Barraskewda|44/231 psn|[from] psn\n|upkeep\n|turn|21\n|inactive|Time left: 300 sec this turn | 300 sec total\n|\n|t:|1783564103\n|move|p2a: Barraskewda|Throat Chop|p1a: Slowking\n|-supereffective|p1a: Slowking\n|-damage|p1a: Slowking|30/100\n|-start|p1a: Slowking|Throat Chop|[silent]\n|move|p1a: Slowking|Sludge Bomb|p2a: Barraskewda\n|-damage|p2a: Barraskewda|0 fnt\n|faint|p2a: Barraskewda\n|\n|upkeep\n|inactive|Time left: 300 sec this turn | 300 sec total | 5 sec grace\n|\n|t:|1783564104\n|switch|p2a: Passimian|Passimian, L83, M|179/302\n|turn|22\n|inactive|Time left: 300 sec this turn | 300 sec total\n|\n|t:|1783564105\n|move|p2a: Passimian|Earthquake|p1a: Slowking\n|-supereffective|p1a: Slowking\n|-damage|p1a: Slowking|0 fnt\n|faint|p1a: Slowking\n|\n|win|p0y2077ca35", "uploadtime": 1783564105, "views": 0, "rating": 0, "private": 0, "password": null, "_winner": "p0y2077ca35", "_our_name": "p0y2077ca35"}