{"id": "battle-gen9randombattle-1186", "formatid": "gen9randombattle", "format": "[Gen 9] Random Battle", "players": ["p0x1186f35f", "p0y11867bc0"], "log": "|init|battle\n|title|p0x1186f35f vs. p0y11867bc0\n|j|\u2606p0x1186f35f\n|j|\u2606p0y11867bc0\n|t:|1783552856\n|gametype|singles\n|player|p1|p0x1186f35f|101|\n|player|p2|p0y11867bc0|265|\n|gen|9\n|tier|[Gen 9] Random Battle\n|rule|Species Clause: Limit one of each Pok\u00e9mon\n|rule|HP Percentage Mod: HP is shown in percentages\n|rule|Sleep Clause Mod: Limit one foe put to sleep\n|rule|Illusion Level Mod: Illusion disguises the Pok\u00e9mon's true level\n|\n|t:|1783552856\n|teamsize|p1|6\n|teamsize|p2|6\n|start\n|switch|p1a: Manaphy|Manaphy, L78|100/100\n|switch|p2a: Hitmontop|Hitmontop, L88, M|231/231\n|turn|1\n|inactive|Battle timer is ON: inactive players will automatically lose when time's up. (requested by p0x1186f35f)\n|inactive|Time left: 300 sec this turn | 300 sec total | 60 sec grace\n|inactive|p0y11867bc0 also wants the timer to be on.\n|\n|t:|1783552858\n|move|p1a: Manaphy|Tail Glow|p1a: Manaphy\n|-boost|p1a: Manaphy|spa|3\n|move|p2a: Hitmontop|Rapid Spin|p1a: Manaphy\n|-damage|p1a: Manaphy|81/100\n|-boost|p2a: Hitmontop|spe|1\n|\n|-heal|p1a: Manaphy|87/100|[from] item: Leftovers\n|upkeep\n|turn|2\n|inactive|Time left: 300 sec this turn | 300 sec total\n|\n|t:|1783552859\n|move|p2a: Hitmontop|Close Combat|p1a: Manaphy\n|-damage|p1a: Manaphy|39/100\n|-unboost|p2a: Hitmontop|def|1\n|-unboost|p2a: Hitmontop|spd|1\n|move|p1a: Manaphy|Surf|p2a: Hitmontop\n|-damage|p2a: Hitmontop|0 fnt\n|faint|p2a: Hitmontop\n|\n|-heal|p1a: Manaphy|45/100|[from] item: Leftovers\n|upkeep\n|inactive|Time left: 300 sec this turn | 300 sec total | 5 sec grace\n|\n|t:|1783552860\n|switch|p2a: Meowscarada|Meowscarada, L78, M|247/247\n|turn|3\n|inactive|Time left: 300 sec this turn | 300 sec total\n|\n|t:|1783552861\n|switch|p1a: Pyroar|Pyroar, L88, M|100/100\n|-ability|p1a: Pyroar|Unnerve\n|move|p2a: Meowscarada|Knock Off|p1a: Pyroar\n|-start|p2a: Meowscarada|typechange|Dark|[from] ability: Protean\n|-damage|p1a: Pyroar|49/100\n|-enditem|p1a: Pyroar|Heavy-Duty Boots|[from] move: Knock Off|[of] p2a: Meowscarada\n|\n|upkeep\n|turn|4\n|inactive|Time left: 300 sec this turn | 300 sec total\n|\n|t:|1783552862\n|move|p2a: Meowscarada|Knock Off|p1a: Pyroar\n|-damage|p1a: Pyroar|11/100\n|move|p1a: Pyroar|Fire Blast|p2a: Meowscarada\n|-damage|p2a: Meowscarada|78/247\n|\n|upkeep\n|turn|5\n|inactive|Time left: 300 sec this turn | 300 sec total\n|\n|t:|1783552864\n|move|p1a: Pyroar|Hyper Voice|p2a: Meowscarada\n|-damage|p2a: Meowscarada|0 fnt\n|faint|p2a: Meowscarada\n|\n|upkeep\n|inactive|Time left: 300 sec this turn | 300 sec total | 5 sec grace\n|\n|t:|1783552864\n|switch|p2a: Ribombee|Ribombee, L83, M|235/235\n|turn|6\n|inactive|Time left: 300 sec this turn | 300 sec total\n|\n|t:|1783552866\n|switch|p1a: Ho-Oh|Ho-Oh, L71|100/100\n|move|p2a: Ribombee|Sticky Web|p1a: Ho-Oh\n|-sidestart|p1: p0x1186f35f|move: Sticky Web\n|\n|upkeep\n|turn|7\n|inactive|Time left: 300 sec this turn | 300 sec total\n|\n|t:|1783552867\n|switch|p2a: Dondozo|Dondozo, L78, F|362/362\n|move|p1a: Ho-Oh|Sacred Fire|p2a: Dondozo\n|-resisted|p2a: Dondozo\n|-damage|p2a: Dondozo|320/362\n|\n|-heal|p2a: Dondozo|342/362|[from] item: Leftovers\n|upkeep\n|turn|8\n|inactive|Time left: 300 sec this turn | 300 sec total\n|\n|t:|1783552868\n|switch|p1a: Manaphy|Manaphy, L78|45/100\n|-activate|p1a: Manaphy|move: Sticky Web\n|-unboost|p1a: Manaphy|spe|1\n|move|p2a: Dondozo|Wave Crash|p1a: Manaphy\n|-resisted|p1a: Manaphy\n|-damage|p1a: Manaphy|25/100\n|-damage|p2a: Dondozo|324/362|[from] Recoil\n|\n|-heal|p1a: Manaphy|31/100|[from] item: Leftovers\n|-heal|p2a: Dondozo|346/362|[from] item: Leftovers\n|upkeep\n|turn|9\n|inactive|Time left: 300 sec this turn | 300 sec total\n|\n|t:|1783552869\n|switch|p2a: Magnezone|Magnezone, L85|258/258\n|move|p1a: Manaphy|Tail Glow|p1a: Manaphy\n|-boost|p1a: Manaphy|spa|3\n|\n|-heal|p1a: Manaphy|37/100|[from] item: Leftovers\n|upkeep\n|turn|10\n|inactive|Time left: 300 sec this turn | 300 sec total\n|\n|t:|1783552870\n|move|p2a: Magnezone|Thunderbolt|p1a: Manaphy\n|-supereffective|p1a: Manaphy\n|-damage|p1a: Manaphy|0 fnt\n|faint|p1a: Manaphy\n|\n|upkeep\n|\n|t:|1783552871\n|switch|p1a: Pyroar|Pyroar, L88, M|11/100\n|-ability|p1a: Pyroar|Unnerve\n|-activate|p1a: Pyroar|move: Sticky Web\n|-unboost|p1a: Pyroar|spe|1\n|turn|11\n|inactive|Time left: 300 sec this turn | 300 sec total\n|\n|t:|1783552872\n|move|p2a: Magnezone|Thunderbolt|p1a: Pyroar\n|-damage|p1a: Pyroar|0 fnt\n|faint|p1a: Pyroar\n|\n|upkeep\n|\n|t:|1783552873\n|switch|p1a: Haxorus|Haxorus, L77, F|100/100\n|-activate|p1a: Haxorus|move: Sticky Web\n|-unboost|p1a: Haxorus|spe|1\n|-ability|p1a: Haxorus|Mold Breaker\n|turn|12\n|inactive|Time left: 300 sec this turn | 300 sec total\n|\n|t:|1783552874\n|move|p2a: Magnezone|Thunderbolt|p1a: Haxorus\n|-resisted|p1a: Haxorus\n|-damage|p1a: Haxorus|66/100\n|move|p1a: Haxorus|Earthquake|p2a: Magnezone\n|-supereffective|p2a: Magnezone\n|-damage|p2a: Magnezone|0 fnt\n|faint|p2a: Magnezone\n|\n|upkeep\n|inactive|Time left: 300 sec this turn | 300 sec total | 5 sec grace\n|\n|t:|1783552875\n|switch|p2a: Dragonite|Dragonite, L74, M|257/257\n|turn|13\n|inactive|Time left: 300 sec this turn | 300 sec total\n|\n|t:|1783552876\n|-terastallize|p1a: Haxorus|Steel\n|move|p2a: Dragonite|Outrage|p1a: Haxorus\n|-resisted|p1a: Haxorus\n|-damage|p1a: Haxorus|40/100\n|move|p1a: Haxorus|Scale Shot|p2a: Dragonite\n|-supereffective|p2a: Dragonite\n|-damage|p2a: Dragonite|185/257\n|-supereffective|p2a: Dragonite\n|-damage|p2a: Dragonite|117/257\n|-supereffective|p2a: Dragonite\n|-damage|p2a: Dragonite|55/257\n|-supereffective|p2a: Dragonite\n|-damage|p2a: Dragonite|0 fnt\n|faint|p2a: Dragonite\n|-hitcount|p2: Dragonite|4\n|-unboost|p1a: Haxorus|def|1\n|-boost|p1a: Haxorus|spe|1\n|\n|upkeep\n|inactive|Time left: 300 sec this turn | 300 sec total | 5 sec grace\n|\n|t:|1783552877\n|switch|p2a: Dondozo|Dondozo, L78, F|346/362\n|turn|14\n|inactive|Time left: 300 sec this turn | 300 sec total\n|\n|t:|1783552878\n|switch|p1a: Cacturne|Cacturne, L92, F|100/100\n|-activate|p1a: Cacturne|move: Sticky Web\n|-unboost|p1a: Cacturne|spe|1\n|move|p2a: Dondozo|Wave Crash|p1a: Cacturne\n|-immune|p1a: Cacturne|[from] ability: Water Absorb\n|\n|-heal|p2a: Dondozo|362/362|[from] item: Leftovers\n|upkeep\n|turn|15\n|inactive|Time left: 300 sec this turn | 300 sec total\n|\n|t:|1783552879\n|switch|p2a: Ribombee|Ribombee, L83, M|235/235\n|move|p1a: Cacturne|Leaf Storm|p2a: Ribombee\n|-resisted|p2a: Ribombee\n|-damage|p2a: Ribombee|83/235\n|-unboost|p1a: Cacturne|spa|2\n|-damage|p1a: Cacturne|91/100|[from] item: Life Orb\n|\n|upkeep\n|turn|16\n|inactive|Time left: 300 sec this turn | 300 sec total\n|\n|t:|1783552880\n|switch|p1a: Ho-Oh|Ho-Oh, L71|100/100\n|move|p2a: Ribombee|U-turn|p1a: Ho-Oh\n|-resisted|p1a: Ho-Oh\n|-damage|p1a: Ho-Oh|95/100\n|inactive|Time left: 300 sec this turn | 300 sec total | 5 sec grace\n|\n|t:|1783552881\n|switch|p2a: Dondozo|Dondozo, L78, F|362/362|[from] U-turn\n|\n|upkeep\n|turn|17\n|inactive|Time left: 300 sec this turn | 300 sec total\n|\n|t:|1783552882\n|switch|p1a: Cacturne|Cacturne, L92, F|91/100\n|-activate|p1a: Cacturne|move: Sticky Web\n|-unboost|p1a: Cacturne|spe|1\n|move|p2a: Dondozo|Wave Crash|p1a: Cacturne\n|-heal|p1a: Cacturne|100/100|[from] ability: Water Absorb|[of] p2a: Dondozo\n|\n|upkeep\n|turn|18\n|inactive|Time left: 300 sec this turn | 300 sec total\n|\n|t:|1783552883\n|-terastallize|p2a: Dondozo|Dragon\n|move|p1a: Cacturne|Leaf Storm|p2a: Dondozo\n|-resisted|p2a: Dondozo\n|-damage|p2a: Dondozo|189/362\n|-unboost|p1a: Cacturne|spa|2\n|-damage|p1a: Cacturne|91/100|[from] item: Life Orb\n|move|p2a: Dondozo|Curse|p2a: Dondozo\n|-unboost|p2a: Dondozo|spe|1\n|-boost|p2a: Dondozo|atk|1\n|-boost|p2a: Dondozo|def|1\n|\n|-heal|p2a: Dondozo|211/362|[from] item: Leftovers\n|upkeep\n|turn|19\n|inactive|Time left: 300 sec this turn | 300 sec total\n|\n|t:|1783552884\n|move|p1a: Cacturne|Knock Off|p2a: Dondozo\n|-damage|p2a: Dondozo|97/362\n|-enditem|p2a: Dondozo|Leftovers|[from] move: Knock Off|[of] p1a: Cacturne\n|-damage|p1a: Cacturne|81/100|[from] item: Life Orb\n|move|p2a: Dondozo|Rest|p2a: Dondozo\n|-status|p2a: Dondozo|slp|[from] move: Rest\n|-heal|p2a: Dondozo|362/362 slp|[silent]\n|\n|upkeep\n|turn|20\n|inactive|Time left: 300 sec this turn | 300 sec total\n|\n|t:|1783552885\n|move|p1a: Cacturne|Leaf Storm|p2a: Dondozo\n|-resisted|p2a: Dondozo\n|-damage|p2a: Dondozo|194/362 slp\n|-unboost|p1a: Cacturne|spa|2\n|-damage|p1a: Cacturne|71/100|[from] item: Life Orb\n|cant|p2a: Dondozo|slp\n|move|p2a: Dondozo|Sleep Talk|p2a: Dondozo\n|move|p2a: Dondozo|Wave Crash|p1a: Cacturne|[from] move: Sleep Talk\n|-heal|p1a: Cacturne|96/100|[from] ability: Water Absorb|[of] p2a: Dondozo\n|\n|upkeep\n|turn|21\n|inactive|Time left: 300 sec this turn | 300 sec total\n|\n|t:|1783552886\n|move|p1a: Cacturne|Leaf Storm|p2a: Dondozo\n|-resisted|p2a: Dondozo\n|-damage|p2a: Dondozo|34/362 slp\n|-unboost|p1a: Cacturne|spa|2\n|-damage|p1a: Cacturne|86/100|[from] item: Life Orb\n|cant|p2a: Dondozo|slp\n|move|p2a: Dondozo|Sleep Talk|p2a: Dondozo\n|move|p2a: Dondozo|Rest||[from] move: Sleep Talk|[still]\n|-fail|p2a: Dondozo\n|\n|upkeep\n|turn|22\n|inactive|Time left: 300 sec this turn | 300 sec total\n|\n|t:|1783552887\n|move|p1a: Cacturne|Knock Off|p2a: Dondozo\n|-damage|p2a: Dondozo|0 fnt\n|faint|p2a: Dondozo\n|-damage|p1a: Cacturne|77/100|[from] item: Life Orb\n|\n|upkeep\n|inactive|Time left: 300 sec this turn | 300 sec total | 5 sec grace\n|\n|t:|1783552888\n|switch|p2a: Ribombee|Ribombee, L83, M|83/235\n|turn|23\n|inactive|Time left: 300 sec this turn | 300 sec total\n|\n|t:|1783552888\n|move|p2a: Ribombee|Sticky Web||[still]\n|-fail|p2a: Ribombee\n|move|p1a: Cacturne|Knock Off|p2a: Ribombee\n|-resisted|p2a: Ribombee\n|-damage|p2a: Ribombee|0 fnt\n|-enditem|p2a: Ribombee|Heavy-Duty Boots|[from] move: Knock Off|[of] p1a: Cacturne\n|faint|p2a: Ribombee\n|-damage|p1a: Cacturne|67/100|[from] item: Life Orb\n|\n|win|p0x1186f35f", "uploadtime": 1783552888, "views": 0, "rating": 0, "private": 0, "password": null, "_winner": "p0x1186f35f", "_our_name": "p0y11867bc0"}