{"id": "battle-gen9randombattle-234", "formatid": "gen9randombattle", "format": "[Gen 9] Random Battle", "players": ["p0x234af6c", "p0y234f61b"], "log": "|init|battle\n|title|p0x234af6c vs. p0y234f61b\n|j|\u2606p0x234af6c\n|j|\u2606p0y234f61b\n|t:|1783542274\n|gametype|singles\n|player|p1|p0x234af6c|101|\n|player|p2|p0y234f61b|102|\n|gen|9\n|tier|[Gen 9] Random Battle\n|rule|Species Clause: Limit one of each Pok\u00e9mon\n|rule|HP Percentage Mod: HP is shown in percentages\n|rule|Sleep Clause Mod: Limit one foe put to sleep\n|rule|Illusion Level Mod: Illusion disguises the Pok\u00e9mon's true level\n|\n|t:|1783542274\n|teamsize|p1|6\n|teamsize|p2|6\n|start\n|switch|p1a: Bellossom|Bellossom, L84, M|100/100\n|switch|p2a: Iron Boulder|Iron Boulder, L77|265/265\n|turn|1\n|inactive|Battle timer is ON: inactive players will automatically lose when time's up. (requested by p0y234f61b)\n|inactive|p0x234af6c also wants the timer to be on.\n|\n|t:|1783542276\n|move|p2a: Iron Boulder|Swords Dance|p2a: Iron Boulder\n|-boost|p2a: Iron Boulder|atk|2\n|move|p1a: Bellossom|Quiver Dance|p1a: Bellossom\n|-boost|p1a: Bellossom|spa|1\n|-boost|p1a: Bellossom|spd|1\n|-boost|p1a: Bellossom|spe|1\n|\n|upkeep\n|turn|2\n|inactive|Time left: 300 sec this turn | 300 sec total\n|\n|t:|1783542277\n|-terastallize|p2a: Iron Boulder|Fighting\n|-terastallize|p1a: Bellossom|Fairy\n|move|p2a: Iron Boulder|Close Combat|p1a: Bellossom\n|-resisted|p1a: Bellossom\n|-damage|p1a: Bellossom|45/100\n|-unboost|p2a: Iron Boulder|def|1\n|-unboost|p2a: Iron Boulder|spd|1\n|-damage|p2a: Iron Boulder|239/265|[from] item: Life Orb\n|move|p1a: Bellossom|Quiver Dance|p1a: Bellossom\n|-boost|p1a: Bellossom|spa|1\n|-boost|p1a: Bellossom|spd|1\n|-boost|p1a: Bellossom|spe|1\n|\n|-heal|p1a: Bellossom|51/100|[from] item: Leftovers\n|upkeep\n|turn|3\n|inactive|Time left: 300 sec this turn | 300 sec total\n|\n|t:|1783542278\n|move|p1a: Bellossom|Moonblast|p2a: Iron Boulder\n|-supereffective|p2a: Iron Boulder\n|-damage|p2a: Iron Boulder|0 fnt\n|faint|p2a: Iron Boulder\n|-end|p2a: Iron Boulder|Quark Drive|[silent]\n|\n|-heal|p1a: Bellossom|57/100|[from] item: Leftovers\n|upkeep\n|inactive|Time left: 300 sec this turn | 300 sec total | 5 sec grace\n|\n|t:|1783542279\n|switch|p2a: Hariyama|Hariyama, L87, F|392/392\n|turn|4\n|inactive|Time left: 300 sec this turn | 300 sec total\n|\n|t:|1783542281\n|move|p1a: Bellossom|Strength Sap|p2a: Hariyama\n|-unboost|p2a: Hariyama|atk|1\n|-heal|p1a: Bellossom|100/100\n|move|p2a: Hariyama|Heavy Slam|p1a: Bellossom\n|-supereffective|p1a: Bellossom\n|-damage|p1a: Bellossom|47/100\n|\n|-heal|p1a: Bellossom|53/100|[from] item: Leftovers\n|upkeep\n|turn|5\n|inactive|Time left: 300 sec this turn | 300 sec total\n|\n|t:|1783542282\n|move|p1a: Bellossom|Moonblast|p2a: Hariyama\n|-supereffective|p2a: Hariyama\n|-crit|p2a: Hariyama\n|-damage|p2a: Hariyama|0 fnt\n|faint|p2a: Hariyama\n|\n|-heal|p1a: Bellossom|59/100|[from] item: Leftovers\n|upkeep\n|inactive|Time left: 300 sec this turn | 300 sec total | 5 sec grace\n|\n|t:|1783542283\n|switch|p2a: Cinccino|Cinccino, L83, M|260/260\n|turn|6\n|inactive|Time left: 300 sec this turn | 300 sec total\n|\n|t:|1783542284\n|move|p1a: Bellossom|Giga Drain|p2a: Cinccino\n|-damage|p2a: Cinccino|53/260\n|-heal|p1a: Bellossom|99/100|[from] drain|[of] p2a: Cinccino\n|move|p2a: Cinccino|Tail Slap|p1a: Bellossom\n|-damage|p1a: Bellossom|85/100\n|-damage|p1a: Bellossom|71/100\n|-damage|p1a: Bellossom|57/100\n|-damage|p1a: Bellossom|43/100\n|-damage|p1a: Bellossom|30/100\n|-hitcount|p1a: Bellossom|5\n|\n|-heal|p1a: Bellossom|36/100|[from] item: Leftovers\n|upkeep\n|turn|7\n|inactive|Time left: 300 sec this turn | 300 sec total\n|\n|t:|1783542285\n|move|p1a: Bellossom|Strength Sap|p2a: Cinccino\n|-unboost|p2a: Cinccino|atk|1\n|-heal|p1a: Bellossom|100/100\n|move|p2a: Cinccino|U-turn|p1a: Bellossom\n|-resisted|p1a: Bellossom\n|-damage|p1a: Bellossom|94/100\n|inactive|Time left: 300 sec this turn | 300 sec total | 5 sec grace\n|\n|t:|1783542286\n|switch|p2a: Golurk|Golurk, L87|297/297|[from] U-turn\n|\n|-heal|p1a: Bellossom|100/100|[from] item: Leftovers\n|upkeep\n|turn|8\n|inactive|Time left: 300 sec this turn | 300 sec total\n|\n|t:|1783542287\n|switch|p2a: Lucario|Lucario, L84, F|255/255\n|move|p1a: Bellossom|Giga Drain|p2a: Lucario\n|-resisted|p2a: Lucario\n|-damage|p2a: Lucario|172/255\n|\n|upkeep\n|turn|9\n|inactive|Time left: 300 sec this turn | 300 sec total\n|\n|t:|1783542288\n|switch|p2a: Cinccino|Cinccino, L83, M|53/260\n|move|p1a: Bellossom|Moonblast|p2a: Cinccino\n|-damage|p2a: Cinccino|0 fnt\n|faint|p2a: Cinccino\n|\n|upkeep\n|inactive|Time left: 300 sec this turn | 300 sec total | 5 sec grace\n|\n|t:|1783542289\n|switch|p2a: Golurk|Golurk, L87|297/297\n|turn|10\n|inactive|Time left: 300 sec this turn | 300 sec total\n|\n|t:|1783542290\n|switch|p2a: Lucario|Lucario, L84, F|172/255\n|move|p1a: Bellossom|Giga Drain|p2a: Lucario\n|-resisted|p2a: Lucario\n|-damage|p2a: Lucario|87/255\n|\n|upkeep\n|turn|11\n|inactive|Time left: 300 sec this turn | 300 sec total\n|\n|t:|1783542291\n|move|p1a: Bellossom|Moonblast|p2a: Lucario\n|-damage|p2a: Lucario|0 fnt\n|faint|p2a: Lucario\n|\n|upkeep\n|inactive|Time left: 300 sec this turn | 300 sec total | 5 sec grace\n|\n|t:|1783542292\n|switch|p2a: Palafin|Palafin, L77, F|281/281\n|turn|12\n|inactive|Time left: 300 sec this turn | 300 sec total\n|\n|t:|1783542293\n|detailschange|p2a: Palafin|Palafin-Hero, L77, F\n|switch|p2a: Golurk|Golurk, L87|297/297\n|move|p1a: Bellossom|Giga Drain|p2a: Golurk\n|-supereffective|p2a: Golurk\n|-damage|p2a: Golurk|0 fnt\n|faint|p2a: Golurk\n|\n|upkeep\n|inactive|Time left: 300 sec this turn | 300 sec total | 5 sec grace\n|\n|t:|1783542294\n|switch|p2a: Palafin|Palafin-Hero, L77, F|281/281\n|-activate|p2a: Palafin|ability: Zero to Hero\n|turn|13\n|inactive|Time left: 300 sec this turn | 300 sec total\n|\n|t:|1783542295\n|move|p2a: Palafin|Jet Punch|p1a: Bellossom\n|-damage|p1a: Bellossom|59/100\n|move|p1a: Bellossom|Giga Drain|p2a: Palafin\n|-supereffective|p2a: Palafin\n|-damage|p2a: Palafin|0 fnt\n|-heal|p1a: Bellossom|100/100|[from] drain|[of] p2a: Palafin\n|faint|p2a: Palafin\n|\n|win|p0x234af6c", "uploadtime": 1783542295, "views": 0, "rating": 0, "private": 0, "password": null, "_winner": "p0x234af6c", "_our_name": "p0y234f61b"}