{"id": "battle-gen9randombattle-1834", "formatid": "gen9randombattle", "format": "[Gen 9] Random Battle", "players": ["p0x1834fa1a", "p0y18344c1b"], "log": "|init|battle\n|title|p0x1834fa1a vs. p0y18344c1b\n|j|\u2606p0x1834fa1a\n|j|\u2606p0y18344c1b\n|t:|1783561227\n|gametype|singles\n|player|p1|p0x1834fa1a|266|\n|player|p2|p0y18344c1b|1|\n|gen|9\n|tier|[Gen 9] Random Battle\n|rule|Species Clause: Limit one of each Pok\u00e9mon\n|rule|HP Percentage Mod: HP is shown in percentages\n|rule|Sleep Clause Mod: Limit one foe put to sleep\n|rule|Illusion Level Mod: Illusion disguises the Pok\u00e9mon's true level\n|\n|t:|1783561227\n|teamsize|p1|6\n|teamsize|p2|6\n|start\n|switch|p1a: Latias|Latias, L79, F|256/256\n|switch|p2a: Keldeo|Keldeo-Resolute, L79|100/100\n|turn|1\n|inactive|Battle timer is ON: inactive players will automatically lose when time's up. (requested by p0y18344c1b)\n|inactive|Time left: 300 sec this turn | 300 sec total | 60 sec grace\n|inactive|p0x1834fa1a also wants the timer to be on.\n|\n|t:|1783561228\n|switch|p2a: Zacian|Zacian, L69|100/100\n|-ability|p2a: Zacian|Intrepid Sword|boost\n|-boost|p2a: Zacian|atk|1\n|move|p1a: Latias|Psyshock|p2a: Zacian\n|-damage|p2a: Zacian|63/100\n|\n|upkeep\n|turn|2\n|inactive|Time left: 300 sec this turn | 300 sec total\n|\n|t:|1783561229\n|move|p2a: Zacian|Play Rough|p1a: Latias\n|-supereffective|p1a: Latias\n|-damage|p1a: Latias|0 fnt\n|faint|p1a: Latias\n|\n|upkeep\n|inactive|Time left: 300 sec this turn | 300 sec total | 5 sec grace\n|\n|t:|1783561230\n|switch|p1a: Ambipom|Ambipom, L84, M|263/263\n|turn|3\n|inactive|Time left: 300 sec this turn | 300 sec total\n|\n|t:|1783561231\n|move|p1a: Ambipom|Double-Edge|p2a: Zacian\n|-damage|p2a: Zacian|0 fnt\n|faint|p2a: Zacian\n|-damage|p1a: Ambipom|213/263|[from] Recoil\n|\n|upkeep\n|\n|t:|1783561232\n|switch|p2a: Revavroom|Revavroom, L79, F|100/100\n|turn|4\n|inactive|Time left: 300 sec this turn | 300 sec total\n|\n|t:|1783561233\n|move|p1a: Ambipom|Double-Edge|p2a: Revavroom\n|-resisted|p2a: Revavroom\n|-damage|p2a: Revavroom|61/100\n|-damage|p1a: Ambipom|180/263|[from] Recoil\n|move|p2a: Revavroom|Shift Gear|p2a: Revavroom\n|-boost|p2a: Revavroom|spe|2\n|-boost|p2a: Revavroom|atk|1\n|\n|upkeep\n|turn|5\n|inactive|Time left: 300 sec this turn | 300 sec total\n|\n|t:|1783561233\n|move|p2a: Revavroom|Gunk Shot|p1a: Ambipom\n|-damage|p1a: Ambipom|0 fnt\n|faint|p1a: Ambipom\n|-damage|p2a: Revavroom|52/100|[from] item: Life Orb\n|\n|upkeep\n|inactive|Time left: 300 sec this turn | 300 sec total | 5 sec grace\n|\n|t:|1783561234\n|switch|p1a: Walking Wake|Walking Wake, L79|286/286\n|turn|6\n|inactive|Time left: 300 sec this turn | 300 sec total\n|\n|t:|1783561235\n|move|p2a: Revavroom|Gunk Shot|p1a: Walking Wake\n|-damage|p1a: Walking Wake|0 fnt\n|faint|p1a: Walking Wake\n|-end|p1a: Walking Wake|Protosynthesis|[silent]\n|-damage|p2a: Revavroom|42/100|[from] item: Life Orb\n|\n|upkeep\n|inactive|Time left: 300 sec this turn | 300 sec total | 5 sec grace\n|\n|t:|1783561236\n|switch|p1a: Snorlax|Snorlax, L82, F|397/397\n|turn|7\n|inactive|Time left: 300 sec this turn | 300 sec total\n|\n|t:|1783561237\n|move|p2a: Revavroom|Iron Head|p1a: Snorlax\n|-damage|p1a: Snorlax|186/397\n|-damage|p2a: Revavroom|32/100|[from] item: Life Orb\n|move|p1a: Snorlax|Body Slam|p2a: Revavroom\n|-resisted|p2a: Revavroom\n|-damage|p2a: Revavroom|14/100\n|\n|-heal|p1a: Snorlax|210/397|[from] item: Leftovers\n|upkeep\n|turn|8\n|inactive|Time left: 300 sec this turn | 300 sec total\n|\n|t:|1783561238\n|move|p2a: Revavroom|Gunk Shot|p1a: Snorlax\n|-damage|p1a: Snorlax|0 fnt\n|faint|p1a: Snorlax\n|-damage|p2a: Revavroom|4/100|[from] item: Life Orb\n|\n|upkeep\n|inactive|Time left: 300 sec this turn | 300 sec total | 5 sec grace\n|\n|t:|1783561239\n|switch|p1a: Toedscruel|Toedscruel, L87, M|281/281\n|turn|9\n|inactive|Time left: 300 sec this turn | 300 sec total\n|\n|t:|1783561240\n|switch|p1a: Floatzel|Floatzel, L86, F|286/286\n|move|p2a: Revavroom|Gunk Shot|p1a: Floatzel\n|-damage|p1a: Floatzel|0 fnt\n|faint|p1a: Floatzel\n|-damage|p2a: Revavroom|0 fnt|[from] item: Life Orb\n|faint|p2a: Revavroom\n|\n|upkeep\n|inactive|Time left: 300 sec this turn | 300 sec total | 5 sec grace\n|\n|t:|1783561241\n|switch|p1a: Toedscruel|Toedscruel, L87, M|281/281\n|switch|p2a: Armarouge|Armarouge, L80, F|100/100\n|turn|10\n|inactive|Time left: 300 sec this turn | 300 sec total\n|\n|t:|1783561242\n|-terastallize|p1a: Toedscruel|Water\n|-terastallize|p2a: Armarouge|Grass\n|move|p1a: Toedscruel|Earth Power|p2a: Armarouge\n|-resisted|p2a: Armarouge\n|-damage|p2a: Armarouge|82/100\n|move|p2a: Armarouge|Psyshock|p1a: Toedscruel\n|-damage|p1a: Toedscruel|101/281\n|\n|-heal|p1a: Toedscruel|118/281|[from] item: Leftovers\n|upkeep\n|turn|11\n|inactive|Time left: 300 sec this turn | 300 sec total\n|\n|t:|1783561243\n|move|p1a: Toedscruel|Rapid Spin|p2a: Armarouge\n|-damage|p2a: Armarouge|72/100\n|-boost|p1a: Toedscruel|spe|1\n|-ability|p2a: Armarouge|Weak Armor|boost\n|-unboost|p2a: Armarouge|def|1\n|-boost|p2a: Armarouge|spe|2\n|move|p2a: Armarouge|Psyshock|p1a: Toedscruel\n|-damage|p1a: Toedscruel|0 fnt\n|faint|p1a: Toedscruel\n|\n|win|p0y18344c1b", "uploadtime": 1783561243, "views": 0, "rating": 0, "private": 0, "password": null, "_winner": "p0y18344c1b", "_our_name": "p0x1834fa1a"}