{"id": "battle-gen9randombattle-140", "formatid": "gen9randombattle", "format": "[Gen 9] Random Battle", "players": ["p0x1406419", "p0y140ac42"], "log": "|init|battle\n|title|p0x1406419 vs. p0y140ac42\n|j|\u2606p0x1406419\n|j|\u2606p0y140ac42\n|t:|1783540791\n|gametype|singles\n|player|p1|p0x1406419|2|\n|player|p2|p0y140ac42|1|\n|gen|9\n|tier|[Gen 9] Random Battle\n|rule|Species Clause: Limit one of each Pok\u00e9mon\n|rule|HP Percentage Mod: HP is shown in percentages\n|rule|Sleep Clause Mod: Limit one foe put to sleep\n|rule|Illusion Level Mod: Illusion disguises the Pok\u00e9mon's true level\n|\n|t:|1783540791\n|teamsize|p1|6\n|teamsize|p2|6\n|start\n|switch|p1a: Venusaur|Venusaur, L84, F|272/272\n|switch|p2a: Toucannon|Toucannon, L88, M|100/100\n|turn|1\n|inactive|Battle timer is ON: inactive players will automatically lose when time's up. (requested by p0y140ac42)\n|inactive|Time left: 300 sec this turn | 300 sec total | 60 sec grace\n|inactive|p0x1406419 also wants the timer to be on.\n|\n|t:|1783540793\n|-singleturn|p2a: Toucannon|move: Beak Blast\n|move|p1a: Venusaur|Sludge Bomb|p2a: Toucannon\n|-damage|p2a: Toucannon|64/100\n|move|p2a: Toucannon|Beak Blast|p1a: Venusaur\n|-supereffective|p1a: Venusaur\n|-damage|p1a: Venusaur|0 fnt\n|faint|p1a: Venusaur\n|\n|upkeep\n|inactive|Time left: 300 sec this turn | 300 sec total | 65 sec grace\n|\n|t:|1783540794\n|switch|p1a: Blastoise|Blastoise, L80, M|258/258\n|turn|2\n|inactive|Time left: 300 sec this turn | 300 sec total\n|\n|t:|1783540795\n|move|p1a: Blastoise|Shell Smash|p1a: Blastoise\n|-unboost|p1a: Blastoise|def|1\n|-unboost|p1a: Blastoise|spd|1\n|-boost|p1a: Blastoise|atk|2\n|-boost|p1a: Blastoise|spa|2\n|-boost|p1a: Blastoise|spe|2\n|-enditem|p1a: Blastoise|White Herb\n|-clearnegativeboost|p1a: Blastoise|[silent]\n|move|p2a: Toucannon|Boomburst|p1a: Blastoise\n|-damage|p1a: Blastoise|123/258\n|\n|upkeep\n|turn|3\n|inactive|Time left: 300 sec this turn | 300 sec total\n|\n|t:|1783540796\n|move|p1a: Blastoise|Hydro Pump|p2a: Toucannon\n|-damage|p2a: Toucannon|0 fnt\n|faint|p2a: Toucannon\n|\n|upkeep\n|\n|t:|1783540797\n|switch|p2a: Carbink|Carbink, L90|100/100\n|turn|4\n|inactive|Time left: 300 sec this turn | 300 sec total\n|\n|t:|1783540798\n|-terastallize|p2a: Carbink|Fighting\n|move|p1a: Blastoise|Hydro Pump|p2a: Carbink|[miss]\n|-miss|p1a: Blastoise|p2a: Carbink\n|move|p2a: Carbink|Body Press|p1a: Blastoise\n|-damage|p1a: Blastoise|0 fnt\n|faint|p1a: Blastoise\n|\n|upkeep\n|inactive|Time left: 300 sec this turn | 300 sec total | 5 sec grace\n|\n|t:|1783540799\n|switch|p1a: Whiscash|Whiscash, L88, M|337/337\n|turn|5\n|inactive|Time left: 300 sec this turn | 300 sec total\n|\n|t:|1783540800\n|move|p1a: Whiscash|Dragon Dance|p1a: Whiscash\n|-boost|p1a: Whiscash|atk|1\n|-boost|p1a: Whiscash|spe|1\n|move|p2a: Carbink|Body Press|p1a: Whiscash\n|-damage|p1a: Whiscash|184/337\n|\n|upkeep\n|turn|6\n|inactive|Time left: 300 sec this turn | 300 sec total\n|\n|t:|1783540801\n|move|p1a: Whiscash|Liquidation|p2a: Carbink\n|-damage|p2a: Carbink|59/100\n|-damage|p1a: Whiscash|151/337|[from] item: Life Orb\n|move|p2a: Carbink|Body Press|p1a: Whiscash\n|-damage|p1a: Whiscash|10/337\n|\n|-heal|p2a: Carbink|64/100|[from] item: Leftovers\n|upkeep\n|turn|7\n|inactive|Time left: 300 sec this turn | 300 sec total\n|\n|t:|1783540802\n|move|p1a: Whiscash|Earthquake|p2a: Carbink\n|-damage|p2a: Carbink|11/100\n|-damage|p1a: Whiscash|0 fnt|[from] item: Life Orb\n|faint|p1a: Whiscash\n|move|p2a: Carbink|Moonblast|p1: Whiscash|[notarget]\n|-fail|p2a: Carbink\n|\n|-heal|p2a: Carbink|17/100|[from] item: Leftovers\n|upkeep\n|inactive|Time left: 300 sec this turn | 300 sec total | 5 sec grace\n|\n|t:|1783540804\n|switch|p1a: Scovillain|Scovillain, L91, F|266/266\n|turn|8\n|inactive|Time left: 300 sec this turn | 300 sec total\n|\n|t:|1783540805\n|switch|p2a: Houndoom|Houndoom, L87, F|100/100\n|move|p1a: Scovillain|Fire Blast|p2a: Houndoom\n|-start|p2a: Houndoom|ability: Flash Fire\n|\n|upkeep\n|turn|9\n|inactive|Time left: 300 sec this turn | 300 sec total\n|\n|t:|1783540806\n|move|p2a: Houndoom|Fire Blast|p1a: Scovillain\n|-damage|p1a: Scovillain|17/266\n|move|p1a: Scovillain|Stomping Tantrum|p2a: Houndoom\n|-supereffective|p2a: Houndoom\n|-damage|p2a: Houndoom|0 fnt\n|faint|p2a: Houndoom\n|\n|upkeep\n|\n|t:|1783540807\n|switch|p2a: Inteleon|Inteleon, L81, F|100/100\n|turn|10\n|inactive|Time left: 300 sec this turn | 300 sec total\n|\n|t:|1783540808\n|move|p2a: Inteleon|Ice Beam|p1a: Scovillain\n|-damage|p1a: Scovillain|0 fnt\n|faint|p1a: Scovillain\n|\n|upkeep\n|inactive|Time left: 300 sec this turn | 300 sec total | 5 sec grace\n|\n|t:|1783540808\n|switch|p1a: Giratina|Giratina-Origin, L72|335/335\n|turn|11\n|inactive|Time left: 300 sec this turn | 300 sec total\n|\n|t:|1783540809\n|-terastallize|p1a: Giratina|Dragon\n|move|p2a: Inteleon|Ice Beam|p1a: Giratina\n|-supereffective|p1a: Giratina\n|-damage|p1a: Giratina|91/335\n|move|p1a: Giratina|Draco Meteor|p2a: Inteleon|[miss]\n|-miss|p1a: Giratina|p2a: Inteleon\n|\n|upkeep\n|turn|12\n|inactive|Time left: 300 sec this turn | 300 sec total\n|\n|t:|1783540810\n|switch|p1a: Ditto|Ditto, L87|225/225\n|-transform|p1a: Ditto|p2a: Inteleon|[from] ability: Imposter\n|move|p2a: Inteleon|Ice Beam|p1a: Ditto\n|-resisted|p1a: Ditto\n|-damage|p1a: Ditto|151/225\n|\n|upkeep\n|turn|13\n|inactive|Time left: 300 sec this turn | 300 sec total\n|\n|t:|1783540811\n|move|p1a: Ditto|Hydro Pump|p2a: Inteleon\n|-resisted|p2a: Inteleon\n|-damage|p2a: Inteleon|66/100\n|move|p2a: Inteleon|Ice Beam|p1a: Ditto\n|-resisted|p1a: Ditto\n|-damage|p1a: Ditto|80/225\n|\n|upkeep\n|turn|14\n|inactive|Time left: 300 sec this turn | 300 sec total\n|\n|t:|1783540812\n|move|p1a: Ditto|Hydro Pump|p2a: Inteleon\n|-resisted|p2a: Inteleon\n|-damage|p2a: Inteleon|29/100\n|move|p2a: Inteleon|Ice Beam|p1a: Ditto\n|-resisted|p1a: Ditto\n|-damage|p1a: Ditto|9/225\n|\n|upkeep\n|turn|15\n|inactive|Time left: 300 sec this turn | 300 sec total\n|\n|t:|1783540813\n|move|p1a: Ditto|Hydro Pump|p2a: Inteleon\n|-resisted|p2a: Inteleon\n|-damage|p2a: Inteleon|0 fnt\n|faint|p2a: Inteleon\n|\n|upkeep\n|\n|t:|1783540813\n|switch|p2a: Swampert|Swampert, L83, M|100/100\n|turn|16\n|inactive|Time left: 300 sec this turn | 300 sec total\n|\n|t:|1783540814\n|switch|p1a: Giratina|Giratina-Origin, L72, tera:Dragon|91/335\n|move|p2a: Swampert|Ice Beam|p1a: Giratina\n|-supereffective|p1a: Giratina\n|-damage|p1a: Giratina|0 fnt\n|faint|p1a: Giratina\n|\n|upkeep\n|inactive|Time left: 300 sec this turn | 300 sec total | 5 sec grace\n|\n|t:|1783540815\n|switch|p1a: Ditto|Ditto, L87|9/225\n|-transform|p1a: Ditto|p2a: Swampert|[from] ability: Imposter\n|turn|17\n|inactive|Time left: 300 sec this turn | 300 sec total\n|\n|t:|1783540815\n|move|p1a: Ditto|Ice Beam|p2a: Swampert\n|-damage|p2a: Swampert|80/100\n|-status|p2a: Swampert|frz\n|cant|p2a: Swampert|frz\n|\n|-heal|p2a: Swampert|86/100 frz|[from] item: Leftovers\n|upkeep\n|turn|18\n|inactive|Time left: 300 sec this turn | 300 sec total\n|\n|t:|1783540816\n|switch|p2a: Kilowattrel|Kilowattrel, L83, M|100/100\n|move|p1a: Ditto|Ice Beam|p2a: Kilowattrel\n|-supereffective|p2a: Kilowattrel\n|-crit|p2a: Kilowattrel\n|-damage|p2a: Kilowattrel|9/100\n|\n|upkeep\n|turn|19\n|inactive|Time left: 300 sec this turn | 300 sec total\n|\n|t:|1783540817\n|move|p2a: Kilowattrel|U-turn|p1a: Ditto\n|-damage|p1a: Ditto|0 fnt\n|faint|p1a: Ditto\n|\n|win|p0y140ac42", "uploadtime": 1783540817, "views": 0, "rating": 0, "private": 0, "password": null, "_winner": "p0y140ac42", "_our_name": "p0x1406419"}