{"id": "battle-gen9randombattle-2234", "formatid": "gen9randombattle", "format": "[Gen 9] Random Battle", "players": ["p0x2234ef6c", "p0y22344d59"], "log": "|init|battle\n|title|p0x2234ef6c vs. p0y22344d59\n|j|\u2606p0x2234ef6c\n|j|\u2606p0y22344d59\n|t:|1783565891\n|gametype|singles\n|player|p1|p0x2234ef6c|102|\n|player|p2|p0y22344d59|2|\n|gen|9\n|tier|[Gen 9] Random Battle\n|rule|Species Clause: Limit one of each Pok\u00e9mon\n|rule|HP Percentage Mod: HP is shown in percentages\n|rule|Sleep Clause Mod: Limit one foe put to sleep\n|rule|Illusion Level Mod: Illusion disguises the Pok\u00e9mon's true level\n|\n|t:|1783565891\n|teamsize|p1|6\n|teamsize|p2|6\n|start\n|switch|p1a: Vivillon|Vivillon-Sun, L83, M|100/100\n|switch|p2a: Suicune|Suicune, L82|298/298\n|-ability|p2a: Suicune|Pressure\n|turn|1\n|inactive|Battle timer is ON: inactive players will automatically lose when time's up. (requested by p0y22344d59)\n|inactive|p0x2234ef6c also wants the timer to be on.\n|\n|t:|1783565892\n|move|p1a: Vivillon|Quiver Dance|p1a: Vivillon\n|-boost|p1a: Vivillon|spa|1\n|-boost|p1a: Vivillon|spd|1\n|-boost|p1a: Vivillon|spe|1\n|move|p2a: Suicune|Calm Mind|p2a: Suicune\n|-boost|p2a: Suicune|spa|1\n|-boost|p2a: Suicune|spd|1\n|\n|upkeep\n|turn|2\n|inactive|Time left: 300 sec this turn | 300 sec total\n|\n|t:|1783565894\n|move|p1a: Vivillon|Sleep Powder|p2a: Suicune\n|-status|p2a: Suicune|slp|[from] move: Sleep Powder\n|cant|p2a: Suicune|slp\n|\n|upkeep\n|turn|3\n|inactive|Time left: 300 sec this turn | 300 sec total\n|\n|t:|1783565895\n|move|p1a: Vivillon|Quiver Dance|p1a: Vivillon\n|-boost|p1a: Vivillon|spa|1\n|-boost|p1a: Vivillon|spd|1\n|-boost|p1a: Vivillon|spe|1\n|cant|p2a: Suicune|slp\n|move|p2a: Suicune|Sleep Talk|p2a: Suicune\n|move|p2a: Suicune|Rest||[from] move: Sleep Talk|[still]\n|-fail|p2a: Suicune\n|\n|upkeep\n|turn|4\n|inactive|Time left: 300 sec this turn | 300 sec total\n|\n|t:|1783565896\n|move|p1a: Vivillon|Hurricane|p2a: Suicune\n|-damage|p2a: Suicune|180/298 slp\n|-start|p2a: Suicune|confusion\n|cant|p2a: Suicune|slp\n|-activate|p2a: Suicune|confusion\n|move|p2a: Suicune|Sleep Talk|p2a: Suicune\n|move|p2a: Suicune|Calm Mind|p2a: Suicune|[from] move: Sleep Talk\n|-boost|p2a: Suicune|spa|1\n|-boost|p2a: Suicune|spd|1\n|\n|-heal|p2a: Suicune|198/298 slp|[from] item: Leftovers\n|upkeep\n|turn|5\n|inactive|Time left: 300 sec this turn | 300 sec total\n|\n|t:|1783565897\n|move|p1a: Vivillon|Quiver Dance|p1a: Vivillon\n|-boost|p1a: Vivillon|spa|1\n|-boost|p1a: Vivillon|spd|1\n|-boost|p1a: Vivillon|spe|1\n|-curestatus|p2a: Suicune|slp|[msg]\n|-activate|p2a: Suicune|confusion\n|-damage|p2a: Suicune|185/298|[from] confusion\n|\n|-heal|p2a: Suicune|203/298|[from] item: Leftovers\n|upkeep\n|turn|6\n|inactive|Time left: 300 sec this turn | 300 sec total\n|\n|t:|1783565898\n|move|p1a: Vivillon|Hurricane|p2a: Suicune\n|-damage|p2a: Suicune|95/298\n|-activate|p2a: Suicune|confusion\n|-damage|p2a: Suicune|81/298|[from] confusion\n|\n|-heal|p2a: Suicune|99/298|[from] item: Leftovers\n|upkeep\n|turn|7\n|inactive|Time left: 300 sec this turn | 300 sec total\n|\n|t:|1783565899\n|move|p1a: Vivillon|Hurricane|p2a: Suicune|[miss]\n|-miss|p1a: Vivillon|p2a: Suicune\n|-end|p2a: Suicune|confusion\n|move|p2a: Suicune|Rest|p2a: Suicune\n|-status|p2a: Suicune|slp|[from] move: Rest\n|-heal|p2a: Suicune|298/298 slp|[silent]\n|\n|upkeep\n|turn|8\n|inactive|Time left: 300 sec this turn | 300 sec total\n|\n|t:|1783565900\n|move|p1a: Vivillon|Hurricane|p2a: Suicune|[miss]\n|-miss|p1a: Vivillon|p2a: Suicune\n|cant|p2a: Suicune|slp\n|move|p2a: Suicune|Sleep Talk|p2a: Suicune\n|move|p2a: Suicune|Rest||[from] move: Sleep Talk|[still]\n|-fail|p2a: Suicune\n|\n|upkeep\n|turn|9\n|inactive|Time left: 300 sec this turn | 300 sec total\n|\n|t:|1783565901\n|move|p1a: Vivillon|Quiver Dance|p1a: Vivillon\n|-boost|p1a: Vivillon|spa|1\n|-boost|p1a: Vivillon|spd|1\n|-boost|p1a: Vivillon|spe|1\n|cant|p2a: Suicune|slp\n|move|p2a: Suicune|Sleep Talk|p2a: Suicune\n|move|p2a: Suicune|Calm Mind|p2a: Suicune|[from] move: Sleep Talk\n|-boost|p2a: Suicune|spa|1\n|-boost|p2a: Suicune|spd|1\n|\n|upkeep\n|turn|10\n|inactive|Time left: 300 sec this turn | 300 sec total\n|\n|t:|1783565902\n|move|p1a: Vivillon|Hurricane|p2a: Suicune\n|-damage|p2a: Suicune|187/298 slp\n|-curestatus|p2a: Suicune|slp|[msg]\n|move|p2a: Suicune|Scald|p1a: Vivillon\n|-damage|p1a: Vivillon|62/100\n|\n|-heal|p2a: Suicune|205/298|[from] item: Leftovers\n|upkeep\n|turn|11\n|inactive|Time left: 300 sec this turn | 300 sec total\n|\n|t:|1783565903\n|move|p1a: Vivillon|Hurricane|p2a: Suicune|[miss]\n|-miss|p1a: Vivillon|p2a: Suicune\n|move|p2a: Suicune|Scald|p1a: Vivillon\n|-damage|p1a: Vivillon|25/100\n|\n|-heal|p2a: Suicune|223/298|[from] item: Leftovers\n|upkeep\n|turn|12\n|inactive|Time left: 300 sec this turn | 300 sec total\n|\n|t:|1783565904\n|move|p1a: Vivillon|Sleep Powder|p2a: Suicune\n|-status|p2a: Suicune|slp|[from] move: Sleep Powder\n|cant|p2a: Suicune|slp\n|\n|-heal|p2a: Suicune|241/298 slp|[from] item: Leftovers\n|upkeep\n|turn|13\n|inactive|Time left: 300 sec this turn | 300 sec total\n|\n|t:|1783565905\n|move|p1a: Vivillon|Hurricane|p2a: Suicune\n|-damage|p2a: Suicune|132/298 slp\n|cant|p2a: Suicune|slp\n|move|p2a: Suicune|Sleep Talk|p2a: Suicune\n|move|p2a: Suicune|Rest||[from] move: Sleep Talk|[still]\n|-fail|p2a: Suicune\n|\n|-heal|p2a: Suicune|150/298 slp|[from] item: Leftovers\n|upkeep\n|turn|14\n|inactive|Time left: 300 sec this turn | 300 sec total\n|\n|t:|1783565906\n|move|p1a: Vivillon|Hurricane|p2a: Suicune\n|-damage|p2a: Suicune|38/298 slp\n|-curestatus|p2a: Suicune|slp|[msg]\n|move|p2a: Suicune|Scald|p1a: Vivillon\n|-damage|p1a: Vivillon|0 fnt\n|faint|p1a: Vivillon\n|\n|-heal|p2a: Suicune|56/298|[from] item: Leftovers\n|upkeep\n|\n|t:|1783565907\n|switch|p1a: Wugtrio|Wugtrio, L91, M|100/100\n|turn|15\n|inactive|Time left: 300 sec this turn | 300 sec total\n|\n|t:|1783565908\n|move|p1a: Wugtrio|Liquidation|p2a: Suicune\n|-resisted|p2a: Suicune\n|-damage|p2a: Suicune|0 fnt\n|faint|p2a: Suicune\n|\n|upkeep\n|inactive|Time left: 300 sec this turn | 300 sec total | 5 sec grace\n|\n|t:|1783565909\n|switch|p2a: Armarouge|Armarouge, L80, F|267/267\n|turn|16\n|inactive|Time left: 300 sec this turn | 300 sec total\n|\n|t:|1783565910\n|-terastallize|p2a: Armarouge|Grass\n|move|p1a: Wugtrio|Liquidation|p2a: Armarouge\n|-resisted|p2a: Armarouge\n|-damage|p2a: Armarouge|188/267\n|-ability|p2a: Armarouge|Weak Armor|boost\n|-unboost|p2a: Armarouge|def|1\n|-boost|p2a: Armarouge|spe|2\n|move|p2a: Armarouge|Armor Cannon|p1a: Wugtrio\n|-resisted|p1a: Wugtrio\n|-damage|p1a: Wugtrio|45/100\n|-unboost|p2a: Armarouge|def|1\n|-unboost|p2a: Armarouge|spd|1\n|\n|upkeep\n|turn|17\n|inactive|Time left: 300 sec this turn | 300 sec total\n|\n|t:|1783565911\n|switch|p1a: Golem|Golem, L87, F|100/100\n|move|p2a: Armarouge|Armor Cannon|p1a: Golem\n|-resisted|p1a: Golem\n|-damage|p1a: Golem|55/100\n|-unboost|p2a: Armarouge|def|1\n|-unboost|p2a: Armarouge|spd|1\n|\n|upkeep\n|turn|18\n|inactive|Time left: 300 sec this turn | 300 sec total\n|\n|t:|1783565912\n|move|p2a: Armarouge|Armor Cannon|p1a: Golem\n|-resisted|p1a: Golem\n|-damage|p1a: Golem|5/100\n|-unboost|p2a: Armarouge|def|1\n|-unboost|p2a: Armarouge|spd|1\n|move|p1a: Golem|Stone Edge|p2a: Armarouge\n|-damage|p2a: Armarouge|0 fnt\n|faint|p2a: Armarouge\n|\n|upkeep\n|inactive|Time left: 300 sec this turn | 300 sec total | 5 sec grace\n|\n|t:|1783565913\n|switch|p2a: Porygon2|Porygon2, L81|270/270\n|-ability|p2a: Porygon2|Download|boost\n|-boost|p2a: Porygon2|spa|1\n|turn|19\n|inactive|Time left: 300 sec this turn | 300 sec total\n|-enditem|p1a: Golem|Custap Berry|[eat]\n|-activate|p1a: Golem|item: Custap Berry|[consumed]\n|\n|t:|1783565914\n|move|p1a: Golem|Stealth Rock|p2a: Porygon2\n|-sidestart|p2: p0y22344d59|move: Stealth Rock\n|move|p2a: Porygon2|Tera Blast|p1a: Golem\n|-resisted|p1a: Golem\n|-damage|p1a: Golem|0 fnt\n|faint|p1a: Golem\n|\n|upkeep\n|\n|t:|1783565915\n|switch|p1a: Ninetales|Ninetales-Alola, L78, F|100/100\n|-weather|Snowscape|[from] ability: Snow Warning|[of] p1a: Ninetales\n|turn|20\n|inactive|Time left: 300 sec this turn | 300 sec total\n|\n|t:|1783565916\n|move|p1a: Ninetales|Aurora Veil|p1a: Ninetales\n|-sidestart|p1: p0x2234ef6c|move: Aurora Veil\n|move|p2a: Porygon2|Tera Blast|p1a: Ninetales\n|-damage|p1a: Ninetales|76/100\n|\n|-weather|Snowscape|[upkeep]\n|upkeep\n|turn|21\n|inactive|Time left: 300 sec this turn | 300 sec total\n|\n|t:|1783565917\n|switch|p1a: Morpeko|Morpeko, L88, M|100/100\n|move|p2a: Porygon2|Tera Blast|p1a: Morpeko\n|-damage|p1a: Morpeko|65/100\n|\n|-weather|Snowscape|[upkeep]\n|-heal|p1a: Morpeko|71/100|[from] item: Leftovers\n|-formechange|p1a: Morpeko|Morpeko-Hangry||[from] ability: Hunger Switch\n|upkeep\n|turn|22\n|inactive|Time left: 300 sec this turn | 300 sec total\n|\n|t:|1783565918\n|move|p1a: Morpeko|Knock Off|p2a: Porygon2\n|-damage|p2a: Porygon2|186/270\n|-enditem|p2a: Porygon2|Eviolite|[from] move: Knock Off|[of] p1a: Morpeko\n|move|p2a: Porygon2|Tera Blast|p1a: Morpeko\n|-damage|p1a: Morpeko|37/100\n|\n|-weather|Snowscape|[upkeep]\n|-heal|p1a: Morpeko|43/100|[from] item: Leftovers\n|-formechange|p1a: Morpeko|Morpeko||[from] ability: Hunger Switch\n|upkeep\n|turn|23\n|inactive|Time left: 300 sec this turn | 300 sec total\n|\n|t:|1783565919\n|-terastallize|p1a: Morpeko|Electric\n|move|p1a: Morpeko|Aura Wheel|p2a: Porygon2\n|-damage|p2a: Porygon2|28/270\n|-boost|p1a: Morpeko|spe|1\n|move|p2a: Porygon2|Recover|p2a: Porygon2\n|-heal|p2a: Porygon2|163/270\n|\n|-weather|Snowscape|[upkeep]\n|-heal|p1a: Morpeko|49/100|[from] item: Leftovers\n|upkeep\n|turn|24\n|inactive|Time left: 300 sec this turn | 300 sec total\n|\n|t:|1783565920\n|switch|p2a: Donphan|Donphan, L84, F|288/288\n|-damage|p2a: Donphan|270/288|[from] Stealth Rock\n|move|p1a: Morpeko|Aura Wheel|p2a: Donphan\n|-immune|p2a: Donphan\n|\n|-weather|none\n|-heal|p1a: Morpeko|55/100|[from] item: Leftovers\n|upkeep\n|turn|25\n|inactive|Time left: 300 sec this turn | 300 sec total\n|\n|t:|1783565921\n|move|p1a: Morpeko|Knock Off|p2a: Donphan\n|-damage|p2a: Donphan|180/288\n|-enditem|p2a: Donphan|Assault Vest|[from] move: Knock Off|[of] p1a: Morpeko\n|move|p2a: Donphan|Rapid Spin|p1a: Morpeko\n|-damage|p1a: Morpeko|44/100\n|-boost|p2a: Donphan|spe|1\n|-sideend|p2: p0y22344d59|Stealth Rock|[from] move: Rapid Spin|[of] p2a: Donphan\n|\n|-heal|p1a: Morpeko|50/100|[from] item: Leftovers\n|upkeep\n|turn|26\n|inactive|Time left: 300 sec this turn | 300 sec total\n|\n|t:|1783565922\n|switch|p1a: Ninetales|Ninetales-Alola, L78, F|76/100\n|-weather|Snowscape|[from] ability: Snow Warning|[of] p1a: Ninetales\n|move|p2a: Donphan|Earthquake|p1a: Ninetales\n|-damage|p1a: Ninetales|53/100\n|\n|-weather|Snowscape|[upkeep]\n|upkeep\n|turn|27\n|inactive|Time left: 300 sec this turn | 300 sec total\n|\n|t:|1783565923\n|move|p1a: Ninetales|Moonblast|p2a: Donphan\n|-damage|p2a: Donphan|80/288\n|move|p2a: Donphan|Rapid Spin|p1a: Ninetales\n|-damage|p1a: Ninetales|46/100\n|-boost|p2a: Donphan|spe|1\n|\n|-weather|Snowscape|[upkeep]\n|-sideend|p1: p0x2234ef6c|move: Aurora Veil\n|upkeep\n|turn|28\n|inactive|Time left: 300 sec this turn | 300 sec total\n|\n|t:|1783565924\n|move|p2a: Donphan|Earthquake|p1a: Ninetales\n|-crit|p1a: Ninetales\n|-damage|p1a: Ninetales|0 fnt\n|faint|p1a: Ninetales\n|\n|-weather|Snowscape|[upkeep]\n|upkeep\n|\n|t:|1783565925\n|switch|p1a: Wugtrio|Wugtrio, L91, M|45/100\n|turn|29\n|inactive|Time left: 300 sec this turn | 300 sec total\n|\n|t:|1783565926\n|switch|p2a: Tauros|Tauros-Paldea-Aqua, L81, M|252/252\n|move|p1a: Wugtrio|Liquidation|p2a: Tauros\n|-resisted|p2a: Tauros\n|-damage|p2a: Tauros|176/252\n|\n|-weather|Snowscape|[upkeep]\n|upkeep\n|turn|30\n|inactive|Time left: 300 sec this turn | 300 sec total\n|\n|t:|1783565928\n|move|p1a: Wugtrio|Liquidation|p2a: Tauros\n|-resisted|p2a: Tauros\n|-crit|p2a: Tauros\n|-damage|p2a: Tauros|59/252\n|-unboost|p2a: Tauros|def|1\n|-enditem|p2a: Tauros|Sitrus Berry|[eat]\n|-heal|p2a: Tauros|122/252|[from] item: Sitrus Berry\n|move|p2a: Tauros|Close Combat|p1a: Wugtrio\n|-damage|p1a: Wugtrio|0 fnt\n|-unboost|p2a: Tauros|def|1\n|-unboost|p2a: Tauros|spd|1\n|-ability|p1a: Wugtrio|Gooey\n|-unboost|p2a: Tauros|spe|1\n|faint|p1a: Wugtrio\n|\n|-weather|none\n|upkeep\n|\n|t:|1783565928\n|switch|p1a: Morpeko|Morpeko, L88, M, tera:Electric|50/100\n|turn|31\n|inactive|Time left: 300 sec this turn | 300 sec total\n|\n|t:|1783565930\n|switch|p2a: Donphan|Donphan, L84, F|80/288\n|move|p1a: Morpeko|Aura Wheel|p2a: Donphan\n|-immune|p2a: Donphan\n|\n|-heal|p1a: Morpeko|56/100|[from] item: Leftovers\n|upkeep\n|turn|32\n|inactive|Time left: 300 sec this turn | 300 sec total\n|\n|t:|1783565930\n|move|p1a: Morpeko|Protect|p1a: Morpeko\n|-singleturn|p1a: Morpeko|Protect\n|move|p2a: Donphan|Earthquake|p1a: Morpeko\n|-activate|p1a: Morpeko|move: Protect\n|\n|-heal|p1a: Morpeko|63/100|[from] item: Leftovers\n|upkeep\n|turn|33\n|inactive|Time left: 300 sec this turn | 300 sec total\n|\n|t:|1783565931\n|switch|p1a: Persian|Persian, L92, M|100/100\n|move|p2a: Donphan|Earthquake|p1a: Persian\n|-damage|p1a: Persian|42/100\n|\n|upkeep\n|turn|34\n|inactive|Time left: 300 sec this turn | 300 sec total\n|\n|t:|1783565932\n|move|p2a: Donphan|Ice Shard|p1a: Persian\n|-damage|p1a: Persian|26/100\n|move|p1a: Persian|Double-Edge|p2a: Donphan\n|-damage|p2a: Donphan|0 fnt\n|faint|p2a: Donphan\n|-damage|p1a: Persian|16/100|[from] Recoil\n|\n|upkeep\n|inactive|Time left: 300 sec this turn | 300 sec total | 5 sec grace\n|\n|t:|1783565933\n|switch|p2a: Delibird|Delibird, F|252/252\n|turn|35\n|inactive|Time left: 300 sec this turn | 300 sec total\n|\n|t:|1783565934\n|move|p1a: Persian|Double-Edge|p2a: Delibird\n|-damage|p2a: Delibird|63/252\n|-damage|p1a: Persian|0 fnt|[from] Recoil\n|faint|p1a: Persian\n|move|p2a: Delibird|Spikes|p1: Persian\n|-sidestart|p1: p0x2234ef6c|Spikes\n|\n|upkeep\n|\n|t:|1783565935\n|switch|p1a: Morpeko|Morpeko, L88, M, tera:Electric|63/100\n|-damage|p1a: Morpeko|50/100|[from] Spikes\n|turn|36\n|inactive|Time left: 300 sec this turn | 300 sec total\n|\n|t:|1783565936\n|move|p1a: Morpeko|Aura Wheel|p2a: Delibird\n|-supereffective|p2a: Delibird\n|-damage|p2a: Delibird|0 fnt\n|-boost|p1a: Morpeko|spe|1\n|faint|p2a: Delibird\n|\n|-heal|p1a: Morpeko|56/100|[from] item: Leftovers\n|upkeep\n|inactive|Time left: 300 sec this turn | 300 sec total | 5 sec grace\n|\n|t:|1783565936\n|switch|p2a: Porygon2|Porygon2, L81|163/270\n|-ability|p2a: Porygon2|Download|boost\n|-boost|p2a: Porygon2|spa|1\n|turn|37\n|inactive|Time left: 300 sec this turn | 300 sec total\n|\n|t:|1783565937\n|move|p1a: Morpeko|Aura Wheel|p2a: Porygon2\n|-damage|p2a: Porygon2|0 fnt\n|-boost|p1a: Morpeko|spe|1\n|faint|p2a: Porygon2\n|\n|-heal|p1a: Morpeko|63/100|[from] item: Leftovers\n|upkeep\n|inactive|Time left: 300 sec this turn | 300 sec total | 5 sec grace\n|\n|t:|1783565938\n|switch|p2a: Tauros|Tauros-Paldea-Aqua, L81, M|122/252\n|turn|38\n|inactive|Time left: 300 sec this turn | 300 sec total\n|\n|t:|1783565939\n|move|p1a: Morpeko|Aura Wheel|p2a: Tauros\n|-supereffective|p2a: Tauros\n|-damage|p2a: Tauros|0 fnt\n|-boost|p1a: Morpeko|spe|1\n|faint|p2a: Tauros\n|\n|win|p0x2234ef6c", "uploadtime": 1783565939, "views": 0, "rating": 0, "private": 0, "password": null, "_winner": "p0x2234ef6c", "_our_name": "p0y22344d59"}