{"id": "battle-gen9randombattle-2723", "formatid": "gen9randombattle", "format": "[Gen 9] Random Battle", "players": ["p0x2723f8c2", "p0y2723d9de"], "log": "|init|battle\n|title|p0x2723f8c2 vs. p0y2723d9de\n|j|\u2606p0x2723f8c2\n|j|\u2606p0y2723d9de\n|t:|1783571400\n|gametype|singles\n|player|p1|p0x2723f8c2|169|\n|player|p2|p0y2723d9de|170|\n|gen|9\n|tier|[Gen 9] Random Battle\n|rule|Species Clause: Limit one of each Pok\u00e9mon\n|rule|HP Percentage Mod: HP is shown in percentages\n|rule|Sleep Clause Mod: Limit one foe put to sleep\n|rule|Illusion Level Mod: Illusion disguises the Pok\u00e9mon's true level\n|\n|t:|1783571400\n|teamsize|p1|6\n|teamsize|p2|6\n|start\n|switch|p1a: Overqwil|Overqwil, L82, F|274/274\n|switch|p2a: Meowstic|Meowstic-F, L89, F|100/100\n|-ability|p1a: Overqwil|Intimidate|boost\n|-unboost|p2a: Meowstic|atk|1\n|-ability|p2a: Meowstic|Competitive|boost\n|-boost|p2a: Meowstic|spa|2\n|turn|1\n|inactive|Battle timer is ON: inactive players will automatically lose when time's up. (requested by p0x2723f8c2)\n|inactive|p0y2723d9de also wants the timer to be on.\n|\n|t:|1783571401\n|-terastallize|p2a: Meowstic|Fairy\n|move|p2a: Meowstic|Alluring Voice|p1a: Overqwil\n|-damage|p1a: Overqwil|0 fnt\n|faint|p1a: Overqwil\n|-damage|p2a: Meowstic|91/100|[from] item: Life Orb\n|\n|upkeep\n|inactive|Time left: 300 sec this turn | 300 sec total | 65 sec grace\n|\n|t:|1783571402\n|switch|p1a: Porygon2|Porygon2, L81|270/270\n|-ability|p1a: Porygon2|Download|boost\n|-boost|p1a: Porygon2|atk|1\n|turn|2\n|inactive|Time left: 300 sec this turn | 300 sec total\n|\n|t:|1783571403\n|move|p2a: Meowstic|Alluring Voice|p1a: Porygon2\n|-damage|p1a: Porygon2|117/270\n|-damage|p2a: Meowstic|81/100|[from] item: Life Orb\n|move|p1a: Porygon2|Tri Attack|p2a: Meowstic\n|-damage|p2a: Meowstic|50/100\n|\n|upkeep\n|turn|3\n|inactive|Time left: 300 sec this turn | 300 sec total\n|\n|t:|1783571404\n|move|p2a: Meowstic|Alluring Voice|p1a: Porygon2\n|-damage|p1a: Porygon2|0 fnt\n|faint|p1a: Porygon2\n|-damage|p2a: Meowstic|40/100|[from] item: Life Orb\n|\n|upkeep\n|inactive|Time left: 300 sec this turn | 300 sec total | 5 sec grace\n|\n|t:|1783571405\n|switch|p1a: Iron Leaves|Iron Leaves, L80|275/275\n|turn|4\n|inactive|Time left: 300 sec this turn | 300 sec total\n|\n|t:|1783571406\n|move|p2a: Meowstic|Alluring Voice|p1a: Iron Leaves\n|-damage|p1a: Iron Leaves|67/275\n|-damage|p2a: Meowstic|30/100|[from] item: Life Orb\n|move|p1a: Iron Leaves|Leaf Blade|p2a: Meowstic\n|-damage|p2a: Meowstic|0 fnt\n|faint|p2a: Meowstic\n|\n|upkeep\n|\n|t:|1783571407\n|switch|p2a: Abomasnow|Abomasnow, L84, F|100/100\n|-weather|Snowscape|[from] ability: Snow Warning|[of] p2a: Abomasnow\n|turn|5\n|inactive|Time left: 300 sec this turn | 300 sec total\n|\n|t:|1783571407\n|-end|p1a: Iron Leaves|Quark Drive|[silent]\n|switch|p1a: Groudon|Groudon, L72|263/263\n|-weather|SunnyDay|[from] ability: Drought|[of] p1a: Groudon\n|move|p2a: Abomasnow|Aurora Veil||[still]\n|-fail|p2a: Abomasnow\n|\n|-weather|SunnyDay|[upkeep]\n|upkeep\n|turn|6\n|inactive|Time left: 300 sec this turn | 300 sec total\n|\n|t:|1783571408\n|switch|p2a: Grafaiai|Grafaiai, L86, M|100/100\n|move|p1a: Groudon|Heat Crash|p2a: Grafaiai\n|-damage|p2a: Grafaiai|37/100\n|\n|-weather|SunnyDay|[upkeep]\n|upkeep\n|turn|7\n|inactive|Time left: 300 sec this turn | 300 sec total\n|\n|t:|1783571409\n|move|p2a: Grafaiai|Parting Shot|p1a: Groudon\n|-unboost|p1a: Groudon|atk|1\n|-unboost|p1a: Groudon|spa|1\n|\n|t:|1783571410\n|switch|p2a: Spectrier|Spectrier, L75|100/100|[from] Parting Shot\n|move|p1a: Groudon|Heat Crash|p2a: Spectrier\n|-crit|p2a: Spectrier\n|-damage|p2a: Spectrier|0 fnt\n|faint|p2a: Spectrier\n|\n|-weather|SunnyDay|[upkeep]\n|upkeep\n|\n|t:|1783571411\n|switch|p2a: Abomasnow|Abomasnow, L84, F|100/100\n|-weather|Snowscape|[from] ability: Snow Warning|[of] p2a: Abomasnow\n|turn|8\n|inactive|Time left: 300 sec this turn | 300 sec total\n|\n|t:|1783571412\n|-terastallize|p1a: Groudon|Fire\n|move|p1a: Groudon|Heat Crash|p2a: Abomasnow\n|-supereffective|p2a: Abomasnow\n|-damage|p2a: Abomasnow|11/100\n|move|p2a: Abomasnow|Aurora Veil|p2a: Abomasnow\n|-sidestart|p2: p0y2723d9de|move: Aurora Veil\n|\n|-weather|Snowscape|[upkeep]\n|upkeep\n|turn|9\n|inactive|Time left: 300 sec this turn | 300 sec total\n|\n|t:|1783571413\n|switch|p1a: Carbink|Carbink, L90|236/236\n|move|p2a: Abomasnow|Blizzard|p1a: Carbink\n|-damage|p1a: Carbink|164/236\n|\n|-weather|Snowscape|[upkeep]\n|upkeep\n|turn|10\n|inactive|Time left: 300 sec this turn | 300 sec total\n|\n|t:|1783571414\n|move|p2a: Abomasnow|Wood Hammer|p1a: Carbink\n|-supereffective|p1a: Carbink\n|-damage|p1a: Carbink|12/236\n|-damage|p2a: Abomasnow|0 fnt|[from] Recoil\n|faint|p2a: Abomasnow\n|move|p1a: Carbink|Rest|p1a: Carbink\n|-status|p1a: Carbink|slp|[from] move: Rest\n|-heal|p1a: Carbink|236/236 slp|[silent]\n|-enditem|p1a: Carbink|Chesto Berry|[eat]\n|-curestatus|p1a: Carbink|slp|[msg]\n|\n|-weather|Snowscape|[upkeep]\n|upkeep\n|\n|t:|1783571415\n|switch|p2a: Sawsbuck|Sawsbuck, L88, F|100/100\n|turn|11\n|inactive|Time left: 300 sec this turn | 300 sec total\n|\n|t:|1783571416\n|move|p2a: Sawsbuck|Swords Dance|p2a: Sawsbuck\n|-boost|p2a: Sawsbuck|atk|2\n|move|p1a: Carbink|Iron Defense|p1a: Carbink\n|-boost|p1a: Carbink|def|2\n|\n|-weather|Snowscape|[upkeep]\n|upkeep\n|turn|12\n|inactive|Time left: 300 sec this turn | 300 sec total\n|\n|t:|1783571417\n|move|p2a: Sawsbuck|Horn Leech|p1a: Carbink\n|-supereffective|p1a: Carbink\n|-damage|p1a: Carbink|88/236\n|-damage|p2a: Sawsbuck|91/100|[from] item: Life Orb\n|move|p1a: Carbink|Body Press|p2a: Sawsbuck\n|-supereffective|p2a: Sawsbuck\n|-crit|p2a: Sawsbuck\n|-damage|p2a: Sawsbuck|0 fnt\n|faint|p2a: Sawsbuck\n|\n|-weather|none\n|upkeep\n|\n|t:|1783571418\n|switch|p2a: Grafaiai|Grafaiai, L86, M|37/100\n|turn|13\n|inactive|Time left: 300 sec this turn | 300 sec total\n|\n|t:|1783571419\n|move|p2a: Grafaiai|Gunk Shot|p1a: Carbink\n|-damage|p1a: Carbink|49/236\n|move|p1a: Carbink|Rest|p1a: Carbink\n|-status|p1a: Carbink|slp|[from] move: Rest\n|-heal|p1a: Carbink|236/236 slp|[silent]\n|\n|upkeep\n|turn|14\n|inactive|Time left: 300 sec this turn | 300 sec total\n|\n|t:|1783571420\n|move|p2a: Grafaiai|Encore|p1a: Carbink\n|-start|p1a: Carbink|Encore\n|cant|p1a: Carbink|slp\n|\n|upkeep\n|turn|15\n|inactive|Time left: 300 sec this turn | 300 sec total\n|\n|t:|1783571421\n|switch|p1a: Groudon|Groudon, L72, tera:Fire|263/263\n|-weather|SunnyDay|[from] ability: Drought|[of] p1a: Groudon\n|move|p2a: Grafaiai|Gunk Shot|p1a: Groudon\n|-damage|p1a: Groudon|161/263\n|\n|-weather|SunnyDay|[upkeep]\n|-heal|p1a: Groudon|177/263|[from] item: Leftovers\n|-sideend|p2: p0y2723d9de|move: Aurora Veil\n|upkeep\n|turn|16\n|inactive|Time left: 300 sec this turn | 300 sec total\n|\n|t:|1783571422\n|move|p2a: Grafaiai|Gunk Shot|p1a: Groudon\n|-damage|p1a: Groudon|78/263\n|move|p1a: Groudon|Heat Crash|p2a: Grafaiai\n|-damage|p2a: Grafaiai|0 fnt\n|faint|p2a: Grafaiai\n|\n|-weather|SunnyDay|[upkeep]\n|-heal|p1a: Groudon|94/263|[from] item: Leftovers\n|upkeep\n|\n|t:|1783571423\n|switch|p2a: Honchkrow|Honchkrow, L86, F|100/100\n|turn|17\n|inactive|Time left: 300 sec this turn | 300 sec total\n|\n|t:|1783571424\n|move|p2a: Honchkrow|Sucker Punch|p1a: Groudon\n|-damage|p1a: Groudon|18/263\n|move|p1a: Groudon|Heat Crash|p2a: Honchkrow\n|-damage|p2a: Honchkrow|3/100\n|\n|-weather|SunnyDay|[upkeep]\n|-heal|p1a: Groudon|34/263|[from] item: Leftovers\n|upkeep\n|turn|18\n|inactive|Time left: 300 sec this turn | 300 sec total\n|\n|t:|1783571425\n|move|p2a: Honchkrow|Sucker Punch|p1a: Groudon\n|-damage|p1a: Groudon|0 fnt\n|faint|p1a: Groudon\n|-ability|p2a: Honchkrow|Moxie|boost\n|-boost|p2a: Honchkrow|atk|1\n|\n|-weather|SunnyDay|[upkeep]\n|upkeep\n|inactive|Time left: 300 sec this turn | 300 sec total | 5 sec grace\n|\n|t:|1783571426\n|switch|p1a: Iron Valiant|Iron Valiant, L78|244/244\n|turn|19\n|inactive|Time left: 300 sec this turn | 300 sec total\n|\n|t:|1783571426\n|move|p1a: Iron Valiant|Knock Off|p2a: Honchkrow\n|-resisted|p2a: Honchkrow\n|-damage|p2a: Honchkrow|0 fnt\n|-enditem|p2a: Honchkrow|Heavy-Duty Boots|[from] move: Knock Off|[of] p1a: Iron Valiant\n|faint|p2a: Honchkrow\n|-damage|p1a: Iron Valiant|220/244|[from] item: Life Orb\n|\n|win|p0x2723f8c2", "uploadtime": 1783571426, "views": 0, "rating": 0, "private": 0, "password": null, "_winner": "p0x2723f8c2", "_our_name": "p0x2723f8c2"}