{"id": "battle-gen9randombattle-1222", "formatid": "gen9randombattle", "format": "[Gen 9] Random Battle", "players": ["p0x12227d5e", "p0y122230ad"], "log": "|init|battle\n|title|p0x12227d5e vs. p0y122230ad\n|j|\u2606p0x12227d5e\n|j|\u2606p0y122230ad\n|t:|1783553274\n|gametype|singles\n|player|p1|p0x12227d5e|102|\n|player|p2|p0y122230ad|2|\n|gen|9\n|tier|[Gen 9] Random Battle\n|rule|Species Clause: Limit one of each Pok\u00e9mon\n|rule|HP Percentage Mod: HP is shown in percentages\n|rule|Sleep Clause Mod: Limit one foe put to sleep\n|rule|Illusion Level Mod: Illusion disguises the Pok\u00e9mon's true level\n|\n|t:|1783553274\n|teamsize|p1|6\n|teamsize|p2|6\n|start\n|switch|p1a: Eiscue|Eiscue, L88, F|274/274\n|switch|p2a: Seviper|Seviper, L93, F|100/100\n|turn|1\n|inactive|Battle timer is ON: inactive players will automatically lose when time's up. (requested by p0x12227d5e)\n|inactive|p0y122230ad also wants the timer to be on.\n|\n|t:|1783553275\n|move|p2a: Seviper|Flamethrower|p1a: Eiscue\n|-supereffective|p1a: Eiscue\n|-damage|p1a: Eiscue|79/274\n|-enditem|p1a: Eiscue|Sitrus Berry|[eat]\n|-heal|p1a: Eiscue|147/274|[from] item: Sitrus Berry\n|-damage|p2a: Seviper|91/100|[from] item: Life Orb\n|move|p1a: Eiscue|Belly Drum|p1a: Eiscue\n|-damage|p1a: Eiscue|10/274\n|-setboost|p1a: Eiscue|atk|6|[from] move: Belly Drum\n|\n|upkeep\n|turn|2\n|inactive|Time left: 300 sec this turn | 300 sec total\n|\n|t:|1783553277\n|move|p2a: Seviper|Flamethrower|p1a: Eiscue\n|-supereffective|p1a: Eiscue\n|-damage|p1a: Eiscue|0 fnt\n|faint|p1a: Eiscue\n|-damage|p2a: Seviper|81/100|[from] item: Life Orb\n|\n|upkeep\n|inactive|Time left: 300 sec this turn | 300 sec total | 5 sec grace\n|\n|t:|1783553278\n|switch|p1a: Dugtrio|Dugtrio, L84, M|196/196\n|turn|3\n|inactive|Time left: 300 sec this turn | 300 sec total\n|\n|t:|1783553279\n|-terastallize|p2a: Seviper|Grass\n|move|p1a: Dugtrio|Earthquake|p2a: Seviper\n|-resisted|p2a: Seviper\n|-damage|p2a: Seviper|50/100\n|move|p2a: Seviper|Giga Drain|p1a: Dugtrio\n|-supereffective|p1a: Dugtrio\n|-damage|p1a: Dugtrio|0 fnt\n|-heal|p2a: Seviper|84/100|[from] drain|[of] p1a: Dugtrio\n|faint|p1a: Dugtrio\n|-damage|p2a: Seviper|74/100|[from] item: Life Orb\n|\n|upkeep\n|inactive|Time left: 300 sec this turn | 300 sec total | 5 sec grace\n|\n|t:|1783553280\n|switch|p1a: Delphox|Delphox, L84, M|263/263\n|turn|4\n|inactive|Time left: 300 sec this turn | 300 sec total\n|\n|t:|1783553281\n|switch|p2a: Alcremie|Alcremie-Ruby-Cream, L90, F|100/100\n|move|p1a: Delphox|Fire Blast|p2a: Alcremie\n|-damage|p2a: Alcremie|41/100\n|\n|-heal|p2a: Alcremie|47/100|[from] item: Leftovers\n|upkeep\n|turn|5\n|inactive|Time left: 300 sec this turn | 300 sec total\n|\n|t:|1783553283\n|move|p1a: Delphox|Fire Blast|p2a: Alcremie\n|-damage|p2a: Alcremie|0 fnt\n|faint|p2a: Alcremie\n|\n|upkeep\n|\n|t:|1783553284\n|switch|p2a: Piloswine|Piloswine, L85, F|100/100\n|turn|6\n|inactive|Time left: 300 sec this turn | 300 sec total\n|\n|t:|1783553285\n|move|p1a: Delphox|Fire Blast|p2a: Piloswine\n|-supereffective|p2a: Piloswine\n|-damage|p2a: Piloswine|46/100\n|move|p2a: Piloswine|Earthquake|p1a: Delphox\n|-supereffective|p1a: Delphox\n|-damage|p1a: Delphox|15/263\n|\n|upkeep\n|turn|7\n|inactive|Time left: 300 sec this turn | 300 sec total\n|\n|t:|1783553286\n|move|p2a: Piloswine|Ice Shard|p1a: Delphox\n|-resisted|p1a: Delphox\n|-damage|p1a: Delphox|0 fnt\n|faint|p1a: Delphox\n|\n|upkeep\n|inactive|Time left: 300 sec this turn | 300 sec total | 5 sec grace\n|\n|t:|1783553287\n|switch|p1a: Iron Crown|Iron Crown, L78|268/268\n|turn|8\n|inactive|Time left: 300 sec this turn | 300 sec total\n|\n|t:|1783553288\n|switch|p2a: Tornadus|Tornadus-Therian, L79, M|100/100\n|move|p1a: Iron Crown|Tachyon Cutter|p2a: Tornadus\n|-damage|p2a: Tornadus|84/100\n|-damage|p2a: Tornadus|69/100\n|-hitcount|p2a: Tornadus|2\n|\n|upkeep\n|turn|9\n|inactive|Time left: 300 sec this turn | 300 sec total\n|\n|t:|1783553289\n|move|p2a: Tornadus|Knock Off|p1a: Iron Crown\n|-supereffective|p1a: Iron Crown\n|-damage|p1a: Iron Crown|148/268\n|-enditem|p1a: Iron Crown|Leftovers|[from] move: Knock Off|[of] p2a: Tornadus\n|move|p1a: Iron Crown|Calm Mind|p1a: Iron Crown\n|-boost|p1a: Iron Crown|spa|1\n|-boost|p1a: Iron Crown|spd|1\n|\n|upkeep\n|turn|10\n|inactive|Time left: 300 sec this turn | 300 sec total\n|\n|t:|1783553290\n|switch|p2a: Electivire|Electivire, L84, M|100/100\n|move|p1a: Iron Crown|Psyshock|p2a: Electivire\n|-damage|p2a: Electivire|37/100\n|\n|upkeep\n|turn|11\n|inactive|Time left: 300 sec this turn | 300 sec total\n|\n|t:|1783553291\n|-end|p1a: Iron Crown|Quark Drive|[silent]\n|switch|p1a: Sceptile|Sceptile, L87, F|264/264\n|move|p2a: Electivire|Supercell Slam|p1a: Sceptile\n|-resisted|p1a: Sceptile\n|-damage|p1a: Sceptile|159/264\n|-damage|p2a: Electivire|27/100|[from] item: Life Orb\n|\n|upkeep\n|turn|12\n|inactive|Time left: 300 sec this turn | 300 sec total\n|\n|t:|1783553292\n|switch|p2a: Tornadus|Tornadus-Therian, L79, M|100/100\n|move|p1a: Sceptile|Giga Drain|p2a: Tornadus\n|-resisted|p2a: Tornadus\n|-damage|p2a: Tornadus|85/100\n|-heal|p1a: Sceptile|179/264|[from] drain|[of] p2a: Tornadus\n|-damage|p1a: Sceptile|153/264|[from] item: Life Orb\n|\n|upkeep\n|turn|13\n|inactive|Time left: 300 sec this turn | 300 sec total\n|\n|t:|1783553293\n|move|p1a: Sceptile|Rock Slide|p2a: Tornadus|[miss]\n|-miss|p1a: Sceptile|p2a: Tornadus\n|move|p2a: Tornadus|Heat Wave|p1a: Sceptile\n|-supereffective|p1a: Sceptile\n|-damage|p1a: Sceptile|33/264\n|\n|upkeep\n|turn|14\n|inactive|Time left: 300 sec this turn | 300 sec total\n|\n|t:|1783553294\n|move|p1a: Sceptile|Rock Slide|p2a: Tornadus\n|-supereffective|p2a: Tornadus\n|-damage|p2a: Tornadus|22/100\n|-damage|p1a: Sceptile|7/264|[from] item: Life Orb\n|move|p2a: Tornadus|U-turn|p1a: Sceptile\n|-supereffective|p1a: Sceptile\n|-damage|p1a: Sceptile|0 fnt\n|faint|p1a: Sceptile\n|\n|t:|1783553295\n|switch|p2a: Electivire|Electivire, L84, M|27/100|[from] U-turn\n|\n|upkeep\n|inactive|Time left: 300 sec this turn | 300 sec total | 10 sec grace\n|\n|t:|1783553296\n|switch|p1a: Porygon-Z|Porygon-Z, L83|277/277\n|turn|15\n|inactive|Time left: 300 sec this turn | 300 sec total\n|\n|t:|1783553296\n|move|p1a: Porygon-Z|Tri Attack|p2a: Electivire\n|-damage|p2a: Electivire|0 fnt\n|faint|p2a: Electivire\n|\n|upkeep\n|\n|t:|1783553297\n|switch|p2a: Ursaring|Ursaring, L84, M|100/100\n|turn|16\n|inactive|Time left: 300 sec this turn | 300 sec total\n|\n|t:|1783553298\n|move|p1a: Porygon-Z|Tri Attack|p2a: Ursaring\n|-damage|p2a: Ursaring|60/100\n|move|p2a: Ursaring|Body Slam|p1a: Porygon-Z\n|-damage|p1a: Porygon-Z|135/277\n|\n|upkeep\n|turn|17\n|inactive|Time left: 300 sec this turn | 300 sec total\n|\n|t:|1783553299\n|move|p1a: Porygon-Z|Tri Attack|p2a: Ursaring\n|-damage|p2a: Ursaring|24/100\n|-status|p2a: Ursaring|frz\n|cant|p2a: Ursaring|frz\n|\n|upkeep\n|turn|18\n|inactive|Time left: 300 sec this turn | 300 sec total\n|\n|t:|1783553300\n|move|p1a: Porygon-Z|Tri Attack|p2a: Ursaring\n|-damage|p2a: Ursaring|0 fnt\n|faint|p2a: Ursaring\n|\n|upkeep\n|\n|t:|1783553302\n|switch|p2a: Tornadus|Tornadus-Therian, L79, M|55/100\n|turn|19\n|inactive|Time left: 300 sec this turn | 300 sec total\n|\n|t:|1783553303\n|move|p1a: Porygon-Z|Tri Attack|p2a: Tornadus\n|-damage|p2a: Tornadus|13/100\n|move|p2a: Tornadus|Knock Off|p1a: Porygon-Z\n|-damage|p1a: Porygon-Z|63/277\n|-enditem|p1a: Porygon-Z|Choice Scarf|[from] move: Knock Off|[of] p2a: Tornadus\n|\n|upkeep\n|turn|20\n|inactive|Time left: 300 sec this turn | 300 sec total\n|\n|t:|1783553304\n|move|p2a: Tornadus|Heat Wave|p1a: Porygon-Z\n|-damage|p1a: Porygon-Z|0 fnt\n|faint|p1a: Porygon-Z\n|\n|upkeep\n|inactive|Time left: 300 sec this turn | 300 sec total | 5 sec grace\n|\n|t:|1783553305\n|switch|p1a: Iron Crown|Iron Crown, L78|148/268\n|turn|21\n|inactive|Time left: 300 sec this turn | 300 sec total\n|\n|t:|1783553306\n|move|p2a: Tornadus|Heat Wave|p1a: Iron Crown\n|-supereffective|p1a: Iron Crown\n|-damage|p1a: Iron Crown|20/268\n|move|p1a: Iron Crown|Focus Blast|p2a: Tornadus\n|-resisted|p2a: Tornadus\n|-damage|p2a: Tornadus|1/100\n|\n|upkeep\n|turn|22\n|inactive|Time left: 300 sec this turn | 300 sec total\n|\n|t:|1783553307\n|move|p2a: Tornadus|Knock Off|p1a: Iron Crown\n|-supereffective|p1a: Iron Crown\n|-damage|p1a: Iron Crown|0 fnt\n|faint|p1a: Iron Crown\n|-end|p1a: Iron Crown|Quark Drive|[silent]\n|\n|win|p0y122230ad", "uploadtime": 1783553307, "views": 0, "rating": 0, "private": 0, "password": null, "_winner": "p0y122230ad", "_our_name": "p0x12227d5e"}