{"id": "battle-gen9randombattle-1936", "formatid": "gen9randombattle", "format": "[Gen 9] Random Battle", "players": ["p0x1936bcfe", "p0y1936f489"], "log": "|init|battle\n|title|p0x1936bcfe vs. p0y1936f489\n|j|\u2606p0x1936bcfe\n|j|\u2606p0y1936f489\n|t:|1783561671\n|gametype|singles\n|player|p1|p0x1936bcfe|169|\n|player|p2|p0y1936f489|102|\n|gen|9\n|tier|[Gen 9] Random Battle\n|rule|Species Clause: Limit one of each Pok\u00e9mon\n|rule|HP Percentage Mod: HP is shown in percentages\n|rule|Sleep Clause Mod: Limit one foe put to sleep\n|rule|Illusion Level Mod: Illusion disguises the Pok\u00e9mon's true level\n|\n|t:|1783561671\n|teamsize|p1|6\n|teamsize|p2|6\n|start\n|switch|p1a: Regieleki|Regieleki, L79|100/100\n|switch|p2a: Meowstic|Meowstic, L89, M|277/277\n|turn|1\n|inactive|Battle timer is ON: inactive players will automatically lose when time's up. (requested by p0x1936bcfe)\n|inactive|Time left: 300 sec this turn | 300 sec total | 60 sec grace\n|inactive|p0y1936f489 also wants the timer to be on.\n|\n|t:|1783561673\n|move|p1a: Regieleki|Thunderbolt|p2a: Meowstic\n|-damage|p2a: Meowstic|153/277\n|move|p2a: Meowstic|Psychic Noise|p1a: Regieleki\n|-damage|p1a: Regieleki|52/100\n|-start|p1a: Regieleki|move: Heal Block\n|\n|-heal|p2a: Meowstic|170/277|[from] item: Leftovers\n|upkeep\n|turn|2\n|inactive|Time left: 300 sec this turn | 300 sec total\n|\n|t:|1783561674\n|move|p1a: Regieleki|Volt Switch|p2a: Meowstic\n|-damage|p2a: Meowstic|70/277\n|\n|t:|1783561674\n|switch|p1a: Sudowoodo|Sudowoodo, L94, F|100/100|[from] Volt Switch\n|move|p2a: Meowstic|Psychic Noise|p1a: Sudowoodo\n|-damage|p1a: Sudowoodo|72/100\n|-start|p1a: Sudowoodo|move: Heal Block\n|\n|-heal|p2a: Meowstic|87/277|[from] item: Leftovers\n|upkeep\n|turn|3\n|inactive|Time left: 300 sec this turn | 300 sec total\n|\n|t:|1783561675\n|move|p2a: Meowstic|Thunder Wave|p1a: Sudowoodo\n|-status|p1a: Sudowoodo|par\n|move|p1a: Sudowoodo|Head Smash|p2a: Meowstic|[miss]\n|-miss|p1a: Sudowoodo|p2a: Meowstic\n|\n|-heal|p2a: Meowstic|104/277|[from] item: Leftovers\n|-end|p1a: Sudowoodo|move: Heal Block\n|upkeep\n|turn|4\n|inactive|Time left: 300 sec this turn | 300 sec total\n|\n|t:|1783561676\n|move|p2a: Meowstic|Psychic Noise|p1a: Sudowoodo\n|-damage|p1a: Sudowoodo|39/100 par\n|-start|p1a: Sudowoodo|move: Heal Block\n|move|p1a: Sudowoodo|Head Smash|p2a: Meowstic\n|-damage|p2a: Meowstic|0 fnt\n|faint|p2a: Meowstic\n|\n|upkeep\n|inactive|Time left: 300 sec this turn | 300 sec total | 5 sec grace\n|\n|t:|1783561677\n|switch|p2a: Blastoise|Blastoise, L80, F|258/258\n|turn|5\n|inactive|Time left: 300 sec this turn | 300 sec total\n|\n|t:|1783561678\n|-terastallize|p2a: Blastoise|Steel\n|move|p2a: Blastoise|Shell Smash|p2a: Blastoise\n|-unboost|p2a: Blastoise|def|1\n|-unboost|p2a: Blastoise|spd|1\n|-boost|p2a: Blastoise|atk|2\n|-boost|p2a: Blastoise|spa|2\n|-boost|p2a: Blastoise|spe|2\n|-enditem|p2a: Blastoise|White Herb\n|-clearnegativeboost|p2a: Blastoise|[silent]\n|move|p1a: Sudowoodo|Wood Hammer|p2a: Blastoise\n|-resisted|p2a: Blastoise\n|-damage|p2a: Blastoise|207/258\n|\n|-end|p1a: Sudowoodo|move: Heal Block\n|upkeep\n|turn|6\n|inactive|Time left: 300 sec this turn | 300 sec total\n|\n|t:|1783561679\n|move|p2a: Blastoise|Hydro Pump|p1a: Sudowoodo\n|-supereffective|p1a: Sudowoodo\n|-damage|p1a: Sudowoodo|0 fnt\n|faint|p1a: Sudowoodo\n|\n|upkeep\n|\n|t:|1783561680\n|switch|p1a: Calyrex|Calyrex, L93|100/100\n|-ability|p1a: Calyrex|Unnerve\n|turn|7\n|inactive|Time left: 300 sec this turn | 300 sec total\n|\n|t:|1783561681\n|-terastallize|p1a: Calyrex|Fighting\n|move|p2a: Blastoise|Ice Beam|p1a: Calyrex\n|-damage|p1a: Calyrex|68/100\n|move|p1a: Calyrex|Body Press|p2a: Blastoise\n|-supereffective|p2a: Blastoise\n|-crit|p2a: Blastoise\n|-damage|p2a: Blastoise|0 fnt\n|faint|p2a: Blastoise\n|\n|-heal|p1a: Calyrex|74/100|[from] item: Leftovers\n|upkeep\n|inactive|Time left: 300 sec this turn | 300 sec total | 5 sec grace\n|\n|t:|1783561682\n|switch|p2a: Gouging Fire|Gouging Fire, L74|277/277\n|turn|8\n|inactive|Time left: 300 sec this turn | 300 sec total\n|\n|t:|1783561683\n|move|p1a: Calyrex|Leech Seed|p2a: Gouging Fire\n|-start|p2a: Gouging Fire|move: Leech Seed\n|move|p2a: Gouging Fire|Dragon Dance|p2a: Gouging Fire\n|-boost|p2a: Gouging Fire|atk|1\n|-boost|p2a: Gouging Fire|spe|1\n|\n|-heal|p1a: Calyrex|81/100|[from] item: Leftovers\n|-damage|p2a: Gouging Fire|243/277|[from] Leech Seed|[of] p1a: Calyrex\n|-heal|p1a: Calyrex|91/100|[silent]\n|upkeep\n|turn|9\n|inactive|Time left: 300 sec this turn | 300 sec total\n|\n|t:|1783561684\n|move|p2a: Gouging Fire|Outrage|p1a: Calyrex\n|-damage|p1a: Calyrex|39/100\n|move|p1a: Calyrex|Psyshock|p2a: Gouging Fire\n|-damage|p2a: Gouging Fire|161/277\n|\n|-heal|p1a: Calyrex|45/100|[from] item: Leftovers\n|-damage|p2a: Gouging Fire|127/277|[from] Leech Seed|[of] p1a: Calyrex\n|-heal|p1a: Calyrex|55/100|[silent]\n|upkeep\n|turn|10\n|inactive|Time left: 300 sec this turn | 300 sec total\n|\n|t:|1783561685\n|move|p2a: Gouging Fire|Outrage|p1a: Calyrex|[from] lockedmove\n|-damage|p1a: Calyrex|4/100\n|-start|p2a: Gouging Fire|confusion|[fatigue]\n|move|p1a: Calyrex|Psyshock|p2a: Gouging Fire\n|-damage|p2a: Gouging Fire|40/277\n|\n|-heal|p1a: Calyrex|10/100|[from] item: Leftovers\n|-damage|p2a: Gouging Fire|6/277|[from] Leech Seed|[of] p1a: Calyrex\n|-heal|p1a: Calyrex|20/100|[silent]\n|upkeep\n|turn|11\n|inactive|Time left: 300 sec this turn | 300 sec total\n|\n|t:|1783561686\n|switch|p1a: Dragonite|Dragonite, L74, M|100/100\n|-activate|p2a: Gouging Fire|confusion\n|-damage|p2a: Gouging Fire|0 fnt|[from] confusion\n|faint|p2a: Gouging Fire\n|-end|p2a: Gouging Fire|Protosynthesis|[silent]\n|\n|upkeep\n|inactive|Time left: 300 sec this turn | 300 sec total | 5 sec grace\n|\n|t:|1783561686\n|switch|p2a: Persian|Persian-Alola, L86, F|252/252\n|turn|12\n|inactive|Time left: 300 sec this turn | 300 sec total\n|\n|t:|1783561687\n|move|p2a: Persian|Foul Play|p1a: Dragonite\n|-crit|p1a: Dragonite\n|-damage|p1a: Dragonite|67/100\n|move|p1a: Dragonite|Dragon Dance|p1a: Dragonite\n|-boost|p1a: Dragonite|atk|1\n|-boost|p1a: Dragonite|spe|1\n|\n|upkeep\n|turn|13\n|inactive|Time left: 300 sec this turn | 300 sec total\n|\n|t:|1783561688\n|switch|p1a: Calyrex|Calyrex, L93, tera:Fighting|20/100\n|-ability|p1a: Calyrex|Unnerve\n|move|p2a: Persian|Foul Play|p1a: Calyrex\n|-resisted|p1a: Calyrex\n|-damage|p1a: Calyrex|10/100\n|\n|-heal|p1a: Calyrex|17/100|[from] item: Leftovers\n|upkeep\n|turn|14\n|inactive|Time left: 300 sec this turn | 300 sec total\n|\n|t:|1783561689\n|move|p2a: Persian|Parting Shot|p1a: Calyrex\n|-unboost|p1a: Calyrex|atk|1\n|-unboost|p1a: Calyrex|spa|1\n|inactive|Time left: 300 sec this turn | 300 sec total | 5 sec grace\n|\n|t:|1783561690\n|switch|p2a: Ogerpon|Ogerpon-Hearthflame, L74, F|239/239|[from] Parting Shot\n|-ability|p2a: Ogerpon|Mold Breaker\n|move|p1a: Calyrex|Giga Drain|p2a: Ogerpon\n|-resisted|p2a: Ogerpon\n|-damage|p2a: Ogerpon|223/239\n|-heal|p1a: Calyrex|19/100|[from] drain|[of] p2a: Ogerpon\n|\n|-heal|p1a: Calyrex|25/100|[from] item: Leftovers\n|upkeep\n|turn|15\n|inactive|Time left: 300 sec this turn | 300 sec total\n|\n|t:|1783561691\n|switch|p1a: Dragonite|Dragonite, L74, M|67/100\n|move|p2a: Ogerpon|Swords Dance|p2a: Ogerpon\n|-boost|p2a: Ogerpon|atk|2\n|\n|upkeep\n|turn|16\n|inactive|Time left: 300 sec this turn | 300 sec total\n|\n|t:|1783561692\n|move|p2a: Ogerpon|Knock Off|p1a: Dragonite\n|-crit|p1a: Dragonite\n|-damage|p1a: Dragonite|0 fnt\n|-enditem|p1a: Dragonite|Heavy-Duty Boots|[from] move: Knock Off|[of] p2a: Ogerpon\n|faint|p1a: Dragonite\n|\n|upkeep\n|\n|t:|1783561693\n|switch|p1a: Calyrex|Calyrex, L93, tera:Fighting|25/100\n|-ability|p1a: Calyrex|Unnerve\n|turn|17\n|inactive|Time left: 300 sec this turn | 300 sec total\n|\n|t:|1783561694\n|switch|p1a: Phione|Phione, L91|100/100\n|move|p2a: Ogerpon|Ivy Cudgel|p1a: Phione|[anim] Ivy Cudgel Fire\n|-resisted|p1a: Phione\n|-damage|p1a: Phione|60/100\n|\n|-heal|p1a: Phione|66/100|[from] item: Leftovers\n|upkeep\n|turn|18\n|inactive|Time left: 300 sec this turn | 300 sec total\n|\n|t:|1783561695\n|switch|p1a: Calyrex|Calyrex, L93, tera:Fighting|25/100\n|-ability|p1a: Calyrex|Unnerve\n|move|p2a: Ogerpon|Horn Leech|p1a: Calyrex\n|-damage|p1a: Calyrex|0 fnt\n|-heal|p2a: Ogerpon|239/239|[from] drain|[of] p1a: Calyrex\n|faint|p1a: Calyrex\n|\n|upkeep\n|\n|t:|1783561696\n|switch|p1a: Regieleki|Regieleki, L79|52/100\n|turn|19\n|inactive|Time left: 300 sec this turn | 300 sec total\n|\n|t:|1783561697\n|move|p1a: Regieleki|Volt Switch|p2a: Ogerpon\n|-resisted|p2a: Ogerpon\n|-damage|p2a: Ogerpon|185/239\n|\n|t:|1783561698\n|switch|p1a: Phione|Phione, L91|66/100|[from] Volt Switch\n|move|p2a: Ogerpon|Horn Leech|p1a: Phione\n|-supereffective|p1a: Phione\n|-damage|p1a: Phione|0 fnt\n|-heal|p2a: Ogerpon|239/239|[from] drain|[of] p1a: Phione\n|faint|p1a: Phione\n|\n|upkeep\n|\n|t:|1783561699\n|switch|p1a: Regieleki|Regieleki, L79|52/100\n|turn|20\n|inactive|Time left: 300 sec this turn | 300 sec total\n|\n|t:|1783561700\n|move|p1a: Regieleki|Thunderbolt|p2a: Ogerpon\n|-resisted|p2a: Ogerpon\n|-damage|p2a: Ogerpon|170/239\n|move|p2a: Ogerpon|Horn Leech|p1a: Regieleki\n|-damage|p1a: Regieleki|0 fnt\n|-heal|p2a: Ogerpon|236/239|[from] drain|[of] p1a: Regieleki\n|faint|p1a: Regieleki\n|\n|upkeep\n|\n|t:|1783561700\n|switch|p1a: Plusle|Plusle, L95, M|100/100\n|turn|21\n|inactive|Time left: 300 sec this turn | 300 sec total\n|\n|t:|1783561701\n|move|p1a: Plusle|Nasty Plot|p1a: Plusle\n|-boost|p1a: Plusle|spa|2\n|move|p2a: Ogerpon|Ivy Cudgel|p1a: Plusle|[anim] Ivy Cudgel Fire\n|-damage|p1a: Plusle|0 fnt\n|faint|p1a: Plusle\n|\n|win|p0y1936f489", "uploadtime": 1783561701, "views": 0, "rating": 0, "private": 0, "password": null, "_winner": "p0y1936f489", "_our_name": "p0y1936f489"}