{"id": "battle-gen9randombattle-1825", "formatid": "gen9randombattle", "format": "[Gen 9] Random Battle", "players": ["p0x1825982e", "p0y1825d261"], "log": "|init|battle\n|title|p0x1825982e vs. p0y1825d261\n|j|\u2606p0x1825982e\n|j|\u2606p0y1825d261\n|t:|1783560376\n|gametype|singles\n|player|p1|p0x1825982e|102|\n|player|p2|p0y1825d261|266|\n|gen|9\n|tier|[Gen 9] Random Battle\n|rule|Species Clause: Limit one of each Pok\u00e9mon\n|rule|HP Percentage Mod: HP is shown in percentages\n|rule|Sleep Clause Mod: Limit one foe put to sleep\n|rule|Illusion Level Mod: Illusion disguises the Pok\u00e9mon's true level\n|\n|t:|1783560376\n|teamsize|p1|6\n|teamsize|p2|6\n|start\n|switch|p1a: Flareon|Flareon, L90, F|100/100\n|switch|p2a: Landorus|Landorus, L75, M|257/257\n|turn|1\n|inactive|Battle timer is ON: inactive players will automatically lose when time's up. (requested by p0y1825d261)\n|inactive|p0x1825982e also wants the timer to be on.\n|\n|t:|1783560378\n|move|p2a: Landorus|Earth Power|p1a: Flareon\n|-supereffective|p1a: Flareon\n|-damage|p1a: Flareon|12/100\n|move|p1a: Flareon|Trailblaze|p2a: Landorus\n|-damage|p2a: Landorus|205/257\n|-boost|p1a: Flareon|spe|1\n|\n|-status|p1a: Flareon|tox|[from] item: Toxic Orb\n|upkeep\n|turn|2\n|inactive|Time left: 300 sec this turn | 300 sec total\n|\n|t:|1783560379\n|switch|p2a: Forretress|Forretress, L84, F|263/263\n|move|p1a: Flareon|Facade|p2a: Forretress\n|-resisted|p2a: Forretress\n|-damage|p2a: Forretress|184/263\n|\n|-heal|p2a: Forretress|200/263|[from] item: Leftovers\n|-damage|p1a: Flareon|5/100 tox|[from] psn\n|upkeep\n|turn|3\n|inactive|Time left: 300 sec this turn | 300 sec total\n|\n|t:|1783560380\n|switch|p2a: Kingdra|Kingdra, L84, M|263/263\n|move|p1a: Flareon|Flare Blitz|p2a: Kingdra\n|-resisted|p2a: Kingdra\n|-damage|p2a: Kingdra|196/263\n|-damage|p1a: Flareon|0 fnt|[from] Recoil\n|faint|p1a: Flareon\n|\n|upkeep\n|\n|t:|1783560381\n|switch|p1a: Terrakion|Terrakion, L79|100/100\n|turn|4\n|inactive|Time left: 300 sec this turn | 300 sec total\n|\n|t:|1783560382\n|move|p1a: Terrakion|Close Combat|p2a: Kingdra\n|-damage|p2a: Kingdra|0 fnt\n|-unboost|p1a: Terrakion|def|1\n|-unboost|p1a: Terrakion|spd|1\n|faint|p2a: Kingdra\n|\n|upkeep\n|inactive|Time left: 300 sec this turn | 300 sec total | 5 sec grace\n|\n|t:|1783560383\n|switch|p2a: Forretress|Forretress, L84, F|200/263\n|turn|5\n|inactive|Time left: 300 sec this turn | 300 sec total\n|\n|t:|1783560384\n|move|p1a: Terrakion|Close Combat|p2a: Forretress\n|-damage|p2a: Forretress|50/263\n|-unboost|p1a: Terrakion|def|1\n|-unboost|p1a: Terrakion|spd|1\n|move|p2a: Forretress|Body Press|p1a: Terrakion\n|-supereffective|p1a: Terrakion\n|-damage|p1a: Terrakion|0 fnt\n|faint|p1a: Terrakion\n|\n|-heal|p2a: Forretress|66/263|[from] item: Leftovers\n|upkeep\n|\n|t:|1783560385\n|switch|p1a: Noivern|Noivern, L82, M|100/100\n|turn|6\n|inactive|Time left: 300 sec this turn | 300 sec total\n|\n|t:|1783560387\n|move|p1a: Noivern|Boomburst|p2a: Forretress\n|-resisted|p2a: Forretress\n|-damage|p2a: Forretress|0 fnt\n|faint|p2a: Forretress\n|\n|upkeep\n|inactive|Time left: 300 sec this turn | 300 sec total | 5 sec grace\n|\n|t:|1783560388\n|switch|p2a: Vigoroth|Vigoroth, L85, M|275/275\n|turn|7\n|inactive|Time left: 300 sec this turn | 300 sec total\n|\n|t:|1783560389\n|move|p1a: Noivern|Boomburst|p2a: Vigoroth\n|-crit|p2a: Vigoroth\n|-damage|p2a: Vigoroth|89/275\n|move|p2a: Vigoroth|Bulk Up|p2a: Vigoroth\n|-boost|p2a: Vigoroth|atk|1\n|-boost|p2a: Vigoroth|def|1\n|\n|upkeep\n|turn|8\n|inactive|Time left: 300 sec this turn | 300 sec total\n|\n|t:|1783560390\n|-terastallize|p2a: Vigoroth|Ghost\n|move|p1a: Noivern|Boomburst|p2a: Vigoroth\n|-immune|p2a: Vigoroth\n|move|p2a: Vigoroth|Slack Off|p2a: Vigoroth\n|-heal|p2a: Vigoroth|227/275\n|\n|upkeep\n|turn|9\n|inactive|Time left: 300 sec this turn | 300 sec total\n|\n|t:|1783560391\n|switch|p1a: Solgaleo|Solgaleo, L74|100/100\n|move|p2a: Vigoroth|Body Slam|p1a: Solgaleo\n|-resisted|p1a: Solgaleo\n|-damage|p1a: Solgaleo|82/100\n|-damage|p2a: Vigoroth|182/275|[from] item: Rocky Helmet|[of] p1a: Solgaleo\n|\n|upkeep\n|turn|10\n|inactive|Time left: 300 sec this turn | 300 sec total\n|\n|t:|1783560392\n|move|p2a: Vigoroth|Bulk Up|p2a: Vigoroth\n|-boost|p2a: Vigoroth|atk|1\n|-boost|p2a: Vigoroth|def|1\n|move|p1a: Solgaleo|Knock Off|p2a: Vigoroth\n|-supereffective|p2a: Vigoroth\n|-damage|p2a: Vigoroth|128/275\n|-enditem|p2a: Vigoroth|Eviolite|[from] move: Knock Off|[of] p1a: Solgaleo\n|\n|upkeep\n|turn|11\n|inactive|Time left: 300 sec this turn | 300 sec total\n|\n|t:|1783560393\n|switch|p1a: Noivern|Noivern, L82, M|100/100\n|move|p2a: Vigoroth|Knock Off|p1a: Noivern\n|-damage|p1a: Noivern|48/100\n|-enditem|p1a: Noivern|Choice Specs|[from] move: Knock Off|[of] p2a: Vigoroth\n|\n|upkeep\n|turn|12\n|inactive|Time left: 300 sec this turn | 300 sec total\n|\n|t:|1783560394\n|move|p1a: Noivern|Hurricane|p2a: Vigoroth\n|-damage|p2a: Vigoroth|0 fnt\n|faint|p2a: Vigoroth\n|\n|upkeep\n|inactive|Time left: 300 sec this turn | 300 sec total | 5 sec grace\n|\n|t:|1783560395\n|switch|p2a: Glaceon|Glaceon, L94, M|275/275\n|turn|13\n|inactive|Time left: 300 sec this turn | 300 sec total\n|\n|t:|1783560396\n|switch|p1a: Solgaleo|Solgaleo, L74|82/100\n|move|p2a: Glaceon|Freeze-Dry|p1a: Solgaleo\n|-resisted|p1a: Solgaleo\n|-damage|p1a: Solgaleo|60/100\n|\n|upkeep\n|turn|14\n|inactive|Time left: 300 sec this turn | 300 sec total\n|\n|t:|1783560398\n|move|p1a: Solgaleo|Sunsteel Strike|p2a: Glaceon\n|-supereffective|p2a: Glaceon\n|-damage|p2a: Glaceon|111/275\n|move|p2a: Glaceon|Calm Mind|p2a: Glaceon\n|-boost|p2a: Glaceon|spa|1\n|-boost|p2a: Glaceon|spd|1\n|\n|upkeep\n|turn|15\n|inactive|Time left: 300 sec this turn | 300 sec total\n|\n|t:|1783560399\n|move|p2a: Glaceon|Protect|p2a: Glaceon\n|-singleturn|p2a: Glaceon|Protect\n|move|p1a: Solgaleo|Sunsteel Strike|p2a: Glaceon\n|-activate|p2a: Glaceon|move: Protect\n|\n|upkeep\n|turn|16\n|inactive|Time left: 300 sec this turn | 300 sec total\n|\n|t:|1783560400\n|move|p1a: Solgaleo|Sunsteel Strike|p2a: Glaceon\n|-supereffective|p2a: Glaceon\n|-damage|p2a: Glaceon|0 fnt\n|faint|p2a: Glaceon\n|\n|upkeep\n|inactive|Time left: 300 sec this turn | 300 sec total | 5 sec grace\n|\n|t:|1783560401\n|switch|p2a: Landorus|Landorus, L75, M|205/257\n|turn|17\n|inactive|Time left: 300 sec this turn | 300 sec total\n|\n|t:|1783560402\n|switch|p1a: Noivern|Noivern, L82, M|48/100\n|move|p2a: Landorus|Nasty Plot|p2a: Landorus\n|-boost|p2a: Landorus|spa|2\n|\n|upkeep\n|turn|18\n|inactive|Time left: 300 sec this turn | 300 sec total\n|\n|t:|1783560403\n|move|p1a: Noivern|Draco Meteor|p2a: Landorus\n|-damage|p2a: Landorus|39/257\n|-unboost|p1a: Noivern|spa|2\n|move|p2a: Landorus|Sludge Wave|p1a: Noivern\n|-damage|p1a: Noivern|0 fnt\n|faint|p1a: Noivern\n|\n|upkeep\n|\n|t:|1783560404\n|switch|p1a: Urshifu|Urshifu-Rapid-Strike, L75, M|100/100\n|turn|19\n|inactive|Time left: 300 sec this turn | 300 sec total\n|\n|t:|1783560405\n|move|p1a: Urshifu|Aqua Jet|p2a: Landorus\n|-supereffective|p2a: Landorus\n|-damage|p2a: Landorus|0 fnt\n|faint|p2a: Landorus\n|-damage|p1a: Urshifu|91/100|[from] item: Life Orb\n|\n|upkeep\n|inactive|Time left: 300 sec this turn | 300 sec total | 5 sec grace\n|\n|t:|1783560406\n|switch|p2a: Salazzle|Salazzle, L83, F|249/249\n|turn|20\n|inactive|Time left: 300 sec this turn | 300 sec total\n|\n|t:|1783560407\n|-terastallize|p1a: Urshifu|Water\n|move|p2a: Salazzle|Tera Blast|p1a: Urshifu\n|-damage|p1a: Urshifu|58/100\n|move|p1a: Urshifu|Surging Strikes|p2a: Salazzle\n|-supereffective|p2a: Salazzle\n|-crit|p2a: Salazzle\n|-damage|p2a: Salazzle|51/249\n|-supereffective|p2a: Salazzle\n|-crit|p2a: Salazzle\n|-damage|p2a: Salazzle|0 fnt\n|faint|p2a: Salazzle\n|-hitcount|p2: Salazzle|2\n|-damage|p1a: Urshifu|48/100|[from] item: Life Orb\n|\n|win|p0x1825982e", "uploadtime": 1783560407, "views": 0, "rating": 0, "private": 0, "password": null, "_winner": "p0x1825982e", "_our_name": "p0y1825d261"}