{"id": "battle-gen9randombattle-1440", "formatid": "gen9randombattle", "format": "[Gen 9] Random Battle", "players": ["p0x1440c4fd", "p0y1440d1db"], "log": "|init|battle\n|title|p0x1440c4fd vs. p0y1440d1db\n|j|\u2606p0x1440c4fd\n|j|\u2606p0y1440d1db\n|t:|1783555839\n|gametype|singles\n|player|p1|p0x1440c4fd|169|\n|player|p2|p0y1440d1db|169|\n|gen|9\n|tier|[Gen 9] Random Battle\n|rule|Species Clause: Limit one of each Pok\u00e9mon\n|rule|HP Percentage Mod: HP is shown in percentages\n|rule|Sleep Clause Mod: Limit one foe put to sleep\n|rule|Illusion Level Mod: Illusion disguises the Pok\u00e9mon's true level\n|\n|t:|1783555839\n|teamsize|p1|6\n|teamsize|p2|6\n|start\n|switch|p1a: Zarude|Zarude, L77|100/100\n|switch|p2a: Palkia|Palkia, L75|259/259\n|-ability|p2a: Palkia|Pressure\n|turn|1\n|inactive|Battle timer is ON: inactive players will automatically lose when time's up. (requested by p0x1440c4fd)\n|inactive|Time left: 300 sec this turn | 300 sec total | 60 sec grace\n|inactive|p0y1440d1db also wants the timer to be on.\n|\n|t:|1783555841\n|move|p1a: Zarude|Knock Off|p2a: Palkia\n|-damage|p2a: Palkia|113/259\n|-enditem|p2a: Palkia|Choice Specs|[from] move: Knock Off|[of] p1a: Zarude\n|-damage|p1a: Zarude|91/100|[from] item: Life Orb\n|move|p2a: Palkia|Fire Blast|p1a: Zarude\n|-supereffective|p1a: Zarude\n|-damage|p1a: Zarude|27/100\n|\n|upkeep\n|turn|2\n|inactive|Time left: 300 sec this turn | 300 sec total\n|\n|t:|1783555842\n|move|p1a: Zarude|Power Whip|p2a: Palkia|[miss]\n|-miss|p1a: Zarude|p2a: Palkia\n|move|p2a: Palkia|Fire Blast|p1a: Zarude\n|-supereffective|p1a: Zarude\n|-damage|p1a: Zarude|0 fnt\n|faint|p1a: Zarude\n|\n|upkeep\n|\n|t:|1783555843\n|switch|p1a: Blastoise|Blastoise, L80, F|100/100\n|turn|3\n|inactive|Time left: 300 sec this turn | 300 sec total\n|\n|t:|1783555845\n|move|p2a: Palkia|Spacial Rend|p1a: Blastoise\n|-damage|p1a: Blastoise|54/100\n|move|p1a: Blastoise|Shell Smash|p1a: Blastoise\n|-unboost|p1a: Blastoise|def|1\n|-unboost|p1a: Blastoise|spd|1\n|-boost|p1a: Blastoise|atk|2\n|-boost|p1a: Blastoise|spa|2\n|-boost|p1a: Blastoise|spe|2\n|-enditem|p1a: Blastoise|White Herb\n|-clearnegativeboost|p1a: Blastoise|[silent]\n|\n|upkeep\n|turn|4\n|inactive|Time left: 300 sec this turn | 300 sec total\n|\n|t:|1783555846\n|move|p1a: Blastoise|Earthquake|p2a: Palkia\n|-damage|p2a: Palkia|0 fnt\n|faint|p2a: Palkia\n|\n|upkeep\n|inactive|Time left: 300 sec this turn | 300 sec total | 5 sec grace\n|\n|t:|1783555847\n|switch|p2a: Eelektross|Eelektross, L87, F|290/290\n|turn|5\n|inactive|Time left: 300 sec this turn | 300 sec total\n|\n|t:|1783555848\n|move|p1a: Blastoise|Hydro Pump|p2a: Eelektross\n|-damage|p2a: Eelektross|88/290\n|move|p2a: Eelektross|Supercell Slam|p1a: Blastoise\n|-supereffective|p1a: Blastoise\n|-damage|p1a: Blastoise|0 fnt\n|faint|p1a: Blastoise\n|\n|-heal|p2a: Eelektross|106/290|[from] item: Leftovers\n|upkeep\n|\n|t:|1783555849\n|switch|p1a: Latios|Latios, L78, M|100/100\n|turn|6\n|inactive|Time left: 300 sec this turn | 300 sec total\n|\n|t:|1783555851\n|switch|p2a: Kingambit|Kingambit, L74, F|270/270\n|-activate|p2a: Kingambit|ability: Supreme Overlord\n|-start|p2a: Kingambit|fallen1|[silent]\n|move|p1a: Latios|Luster Purge|p2a: Kingambit\n|-immune|p2a: Kingambit\n|\n|upkeep\n|turn|7\n|inactive|Time left: 300 sec this turn | 300 sec total\n|\n|t:|1783555852\n|switch|p1a: Okidogi|Okidogi, L77, M|100/100\n|-end|p2a: Kingambit|fallen1|[silent]\n|switch|p2a: Banette|Banette, L93, M|270/270\n|\n|upkeep\n|turn|8\n|inactive|Time left: 300 sec this turn | 300 sec total\n|\n|t:|1783555853\n|move|p2a: Banette|Swords Dance|p2a: Banette\n|-boost|p2a: Banette|atk|2\n|move|p1a: Okidogi|Knock Off|p2a: Banette\n|-supereffective|p2a: Banette\n|-damage|p2a: Banette|98/270\n|-start|p1a: Okidogi|Disable|Knock Off|[from] ability: Cursed Body|[of] p2a: Banette\n|-enditem|p2a: Banette|Life Orb|[from] move: Knock Off|[of] p1a: Okidogi\n|\n|upkeep\n|turn|9\n|inactive|Time left: 300 sec this turn | 300 sec total\n|\n|t:|1783555854\n|-terastallize|p1a: Okidogi|Dark\n|move|p2a: Banette|Poltergeist|p1a: Okidogi\n|-activate|p1a: Okidogi|move: Poltergeist|Assault Vest\n|-resisted|p1a: Okidogi\n|-damage|p1a: Okidogi|50/100\n|move|p1a: Okidogi|Gunk Shot|p2a: Banette|[miss]\n|-miss|p1a: Okidogi|p2a: Banette\n|\n|upkeep\n|turn|10\n|inactive|Time left: 300 sec this turn | 300 sec total\n|\n|t:|1783555855\n|move|p2a: Banette|Gunk Shot|p1a: Okidogi\n|-damage|p1a: Okidogi|0 fnt\n|faint|p1a: Okidogi\n|\n|upkeep\n|\n|t:|1783555856\n|switch|p1a: Dialga|Dialga-Origin, L73|100/100\n|-ability|p1a: Dialga|Pressure\n|turn|11\n|inactive|Time left: 300 sec this turn | 300 sec total\n|\n|t:|1783555857\n|move|p2a: Banette|Poltergeist|p1a: Dialga\n|-activate|p1a: Dialga|move: Poltergeist|Adamant Crystal\n|-damage|p1a: Dialga|0 fnt\n|faint|p1a: Dialga\n|\n|upkeep\n|\n|t:|1783555858\n|switch|p1a: Raichu|Raichu-Alola, L87, F|100/100\n|turn|12\n|inactive|Time left: 300 sec this turn | 300 sec total\n|\n|t:|1783555859\n|move|p2a: Banette|Shadow Sneak|p1a: Raichu\n|-supereffective|p1a: Raichu\n|-damage|p1a: Raichu|0 fnt\n|faint|p1a: Raichu\n|\n|upkeep\n|\n|t:|1783555860\n|switch|p1a: Latios|Latios, L78, M|100/100\n|turn|13\n|inactive|Time left: 300 sec this turn | 300 sec total\n|\n|t:|1783555861\n|-terastallize|p2a: Banette|Ghost\n|move|p2a: Banette|Shadow Sneak|p1a: Latios\n|-supereffective|p1a: Latios\n|-crit|p1a: Latios\n|-damage|p1a: Latios|0 fnt\n|faint|p1a: Latios\n|\n|win|p0y1440d1db", "uploadtime": 1783555861, "views": 0, "rating": 0, "private": 0, "password": null, "_winner": "p0y1440d1db", "_our_name": "p0y1440d1db"}