{"id": "battle-gen9randombattle-1618", "formatid": "gen9randombattle", "format": "[Gen 9] Random Battle", "players": ["p0x1618a4d8", "p0y161829f1"], "log": "|init|battle\n|title|p0x1618a4d8 vs. p0y161829f1\n|j|\u2606p0x1618a4d8\n|j|\u2606p0y161829f1\n|t:|1783557952\n|gametype|singles\n|player|p1|p0x1618a4d8|170|\n|player|p2|p0y161829f1|265|\n|gen|9\n|tier|[Gen 9] Random Battle\n|rule|Species Clause: Limit one of each Pok\u00e9mon\n|rule|HP Percentage Mod: HP is shown in percentages\n|rule|Sleep Clause Mod: Limit one foe put to sleep\n|rule|Illusion Level Mod: Illusion disguises the Pok\u00e9mon's true level\n|\n|t:|1783557952\n|teamsize|p1|6\n|teamsize|p2|6\n|start\n|switch|p1a: Kingdra|Kingdra, L84, M|100/100\n|switch|p2a: Sylveon|Sylveon, L85, F|300/300\n|turn|1\n|inactive|Battle timer is ON: inactive players will automatically lose when time's up. (requested by p0y161829f1)\n|\n|t:|1783557954\n|move|p1a: Kingdra|Dragon Dance|p1a: Kingdra\n|-boost|p1a: Kingdra|atk|1\n|-boost|p1a: Kingdra|spe|1\n|move|p2a: Sylveon|Hyper Voice|p1a: Kingdra\n|-supereffective|p1a: Kingdra\n|-damage|p1a: Kingdra|9/100\n|\n|upkeep\n|turn|2\n|inactive|Time left: 300 sec this turn | 300 sec total\n|inactive|p0x1618a4d8 also wants the timer to be on.\n|\n|t:|1783557955\n|move|p1a: Kingdra|Iron Head|p2a: Sylveon\n|-supereffective|p2a: Sylveon\n|-damage|p2a: Sylveon|112/300\n|move|p2a: Sylveon|Hyper Voice|p1a: Kingdra\n|-supereffective|p1a: Kingdra\n|-damage|p1a: Kingdra|0 fnt\n|faint|p1a: Kingdra\n|\n|-heal|p2a: Sylveon|130/300|[from] item: Leftovers\n|upkeep\n|\n|t:|1783557956\n|switch|p1a: Banette|Banette, L93, F|100/100\n|turn|3\n|inactive|Time left: 300 sec this turn | 300 sec total\n|\n|t:|1783557957\n|switch|p2a: Ting-Lu|Ting-Lu, L78|370/370\n|-ability|p2a: Ting-Lu|Vessel of Ruin\n|move|p1a: Banette|Poltergeist|p2a: Ting-Lu\n|-activate|p2a: Ting-Lu|move: Poltergeist|Leftovers\n|-resisted|p2a: Ting-Lu\n|-damage|p2a: Ting-Lu|286/370\n|-damage|p1a: Banette|90/100|[from] item: Life Orb\n|\n|-heal|p2a: Ting-Lu|309/370|[from] item: Leftovers\n|upkeep\n|turn|4\n|inactive|Time left: 300 sec this turn | 300 sec total\n|\n|t:|1783557959\n|move|p1a: Banette|Poltergeist|p2a: Ting-Lu\n|-activate|p2a: Ting-Lu|move: Poltergeist|Leftovers\n|-resisted|p2a: Ting-Lu\n|-crit|p2a: Ting-Lu\n|-damage|p2a: Ting-Lu|174/370\n|-damage|p1a: Banette|80/100|[from] item: Life Orb\n|move|p2a: Ting-Lu|Payback|p1a: Banette\n|-supereffective|p1a: Banette\n|-damage|p1a: Banette|0 fnt\n|faint|p1a: Banette\n|\n|-heal|p2a: Ting-Lu|197/370|[from] item: Leftovers\n|upkeep\n|\n|t:|1783557960\n|switch|p1a: Volcanion|Volcanion, L79|100/100\n|turn|5\n|inactive|Time left: 300 sec this turn | 300 sec total\n|\n|t:|1783557961\n|switch|p2a: Gogoat|Gogoat, L88, F|360/360\n|move|p1a: Volcanion|Steam Eruption|p2a: Gogoat\n|-resisted|p2a: Gogoat\n|-damage|p2a: Gogoat|300/360\n|\n|-heal|p2a: Gogoat|322/360|[from] item: Leftovers\n|upkeep\n|turn|6\n|inactive|Time left: 300 sec this turn | 300 sec total\n|\n|t:|1783557962\n|move|p1a: Volcanion|Steam Eruption|p2a: Gogoat\n|-resisted|p2a: Gogoat\n|-damage|p2a: Gogoat|259/360\n|move|p2a: Gogoat|Earthquake|p1a: Volcanion\n|-supereffective|p1a: Volcanion\n|-damage|p1a: Volcanion|43/100\n|\n|-heal|p2a: Gogoat|281/360|[from] item: Leftovers\n|upkeep\n|turn|7\n|inactive|Time left: 300 sec this turn | 300 sec total\n|\n|t:|1783557963\n|move|p1a: Volcanion|Steam Eruption|p2a: Gogoat\n|-resisted|p2a: Gogoat\n|-damage|p2a: Gogoat|210/360\n|-status|p2a: Gogoat|brn\n|move|p2a: Gogoat|Earthquake|p1a: Volcanion\n|-supereffective|p1a: Volcanion\n|-damage|p1a: Volcanion|17/100\n|\n|-heal|p2a: Gogoat|232/360 brn|[from] item: Leftovers\n|-damage|p2a: Gogoat|210/360 brn|[from] brn\n|upkeep\n|turn|8\n|inactive|Time left: 300 sec this turn | 300 sec total\n|\n|t:|1783557965\n|move|p1a: Volcanion|Steam Eruption|p2a: Gogoat\n|-resisted|p2a: Gogoat\n|-damage|p2a: Gogoat|144/360 brn\n|move|p2a: Gogoat|Milk Drink|p2a: Gogoat\n|-heal|p2a: Gogoat|324/360 brn\n|\n|-heal|p2a: Gogoat|346/360 brn|[from] item: Leftovers\n|-damage|p2a: Gogoat|324/360 brn|[from] brn\n|upkeep\n|turn|9\n|inactive|Time left: 300 sec this turn | 300 sec total\n|\n|t:|1783557966\n|switch|p1a: Torkoal|Torkoal, L88, M|100/100\n|-weather|SunnyDay|[from] ability: Drought|[of] p1a: Torkoal\n|move|p2a: Gogoat|Bulk Up|p2a: Gogoat\n|-boost|p2a: Gogoat|atk|1\n|-boost|p2a: Gogoat|def|1\n|\n|-weather|SunnyDay|[upkeep]\n|-heal|p2a: Gogoat|346/360 brn|[from] item: Leftovers\n|-damage|p2a: Gogoat|324/360 brn|[from] brn\n|upkeep\n|turn|10\n|inactive|Time left: 300 sec this turn | 300 sec total\n|\n|t:|1783557967\n|move|p2a: Gogoat|Bulk Up|p2a: Gogoat\n|-boost|p2a: Gogoat|atk|1\n|-boost|p2a: Gogoat|def|1\n|move|p1a: Torkoal|Lava Plume|p2a: Gogoat\n|-supereffective|p2a: Gogoat\n|-damage|p2a: Gogoat|76/360 brn\n|\n|-weather|SunnyDay|[upkeep]\n|-heal|p2a: Gogoat|98/360 brn|[from] item: Leftovers\n|-damage|p2a: Gogoat|76/360 brn|[from] brn\n|upkeep\n|turn|11\n|inactive|Time left: 300 sec this turn | 300 sec total\n|\n|t:|1783557968\n|-terastallize|p2a: Gogoat|Water\n|move|p2a: Gogoat|Milk Drink|p2a: Gogoat\n|-heal|p2a: Gogoat|256/360 brn\n|move|p1a: Torkoal|Lava Plume|p2a: Gogoat\n|-resisted|p2a: Gogoat\n|-damage|p2a: Gogoat|188/360 brn\n|\n|-weather|SunnyDay|[upkeep]\n|-heal|p2a: Gogoat|210/360 brn|[from] item: Leftovers\n|-damage|p2a: Gogoat|188/360 brn|[from] brn\n|upkeep\n|turn|12\n|inactive|Time left: 300 sec this turn | 300 sec total\n|\n|t:|1783557969\n|move|p2a: Gogoat|Earthquake|p1a: Torkoal\n|-supereffective|p1a: Torkoal\n|-damage|p1a: Torkoal|63/100\n|move|p1a: Torkoal|Rapid Spin|p2a: Gogoat\n|-damage|p2a: Gogoat|165/360 brn\n|-boost|p1a: Torkoal|spe|1\n|\n|-weather|SunnyDay|[upkeep]\n|-heal|p2a: Gogoat|187/360 brn|[from] item: Leftovers\n|-damage|p2a: Gogoat|165/360 brn|[from] brn\n|upkeep\n|turn|13\n|inactive|Time left: 300 sec this turn | 300 sec total\n|\n|t:|1783557970\n|move|p2a: Gogoat|Earthquake|p1a: Torkoal\n|-supereffective|p1a: Torkoal\n|-damage|p1a: Torkoal|25/100\n|move|p1a: Torkoal|Rapid Spin|p2a: Gogoat\n|-damage|p2a: Gogoat|141/360 brn\n|-boost|p1a: Torkoal|spe|1\n|\n|-weather|none\n|-heal|p2a: Gogoat|163/360 brn|[from] item: Leftovers\n|-damage|p2a: Gogoat|141/360 brn|[from] brn\n|upkeep\n|turn|14\n|inactive|Time left: 300 sec this turn | 300 sec total\n|\n|t:|1783557971\n|move|p1a: Torkoal|Earthquake|p2a: Gogoat\n|-damage|p2a: Gogoat|101/360 brn\n|move|p2a: Gogoat|Earthquake|p1a: Torkoal\n|-supereffective|p1a: Torkoal\n|-damage|p1a: Torkoal|0 fnt\n|faint|p1a: Torkoal\n|\n|-heal|p2a: Gogoat|123/360 brn|[from] item: Leftovers\n|-damage|p2a: Gogoat|101/360 brn|[from] brn\n|upkeep\n|\n|t:|1783557972\n|switch|p1a: Pawmot|Pawmot, L80, M|100/100\n|turn|15\n|inactive|Time left: 300 sec this turn | 300 sec total\n|\n|t:|1783557973\n|move|p1a: Pawmot|Double Shock|p2a: Gogoat\n|-supereffective|p2a: Gogoat\n|-damage|p2a: Gogoat|0 fnt\n|-start|p1a: Pawmot|typechange|???/Fighting|[from] move: Double Shock\n|faint|p2a: Gogoat\n|-damage|p1a: Pawmot|91/100|[from] item: Life Orb\n|\n|upkeep\n|inactive|Time left: 300 sec this turn | 300 sec total | 5 sec grace\n|\n|t:|1783557974\n|switch|p2a: Passimian|Passimian, L83, F|302/302\n|turn|16\n|inactive|Time left: 300 sec this turn | 300 sec total\n|\n|t:|1783557975\n|move|p1a: Pawmot|Close Combat|p2a: Passimian\n|-damage|p2a: Passimian|141/302\n|-unboost|p1a: Pawmot|def|1\n|-unboost|p1a: Pawmot|spd|1\n|-damage|p1a: Pawmot|81/100|[from] item: Life Orb\n|move|p2a: Passimian|Drain Punch|p1a: Pawmot\n|-crit|p1a: Pawmot\n|-damage|p1a: Pawmot|0 fnt\n|-heal|p2a: Passimian|239/302|[from] drain|[of] p1a: Pawmot\n|faint|p1a: Pawmot\n|\n|-heal|p2a: Passimian|257/302|[from] item: Leftovers\n|upkeep\n|\n|t:|1783557976\n|switch|p1a: Volcanion|Volcanion, L79|17/100\n|turn|17\n|inactive|Time left: 300 sec this turn | 300 sec total\n|\n|t:|1783557977\n|move|p1a: Volcanion|Steam Eruption|p2a: Passimian\n|-crit|p2a: Passimian\n|-damage|p2a: Passimian|8/302\n|move|p2a: Passimian|Knock Off|p1a: Volcanion\n|-damage|p1a: Volcanion|0 fnt\n|-enditem|p1a: Volcanion|Choice Scarf|[from] move: Knock Off|[of] p2a: Passimian\n|faint|p1a: Volcanion\n|\n|-heal|p2a: Passimian|26/302|[from] item: Leftovers\n|upkeep\n|\n|t:|1783557978\n|switch|p1a: Terapagos|Terapagos, L77, F|100/100\n|-activate|p1a: Terapagos|ability: Tera Shift\n|detailschange|p1a: Terapagos|Terapagos-Terastal, L77, F\n|-heal|p1a: Terapagos|100/100|[silent]\n|turn|18\n|inactive|Time left: 300 sec this turn | 300 sec total\n|\n|t:|1783557979\n|move|p2a: Passimian|Drain Punch|p1a: Terapagos\n|-activate|p1a: Terapagos|ability: Tera Shell\n|-resisted|p1a: Terapagos\n|-damage|p1a: Terapagos|85/100\n|-heal|p2a: Passimian|47/302|[from] drain|[of] p1a: Terapagos\n|move|p1a: Terapagos|Rest|p1a: Terapagos\n|-status|p1a: Terapagos|slp|[from] move: Rest\n|-heal|p1a: Terapagos|100/100 slp|[silent]\n|-enditem|p1a: Terapagos|Chesto Berry|[eat]\n|-curestatus|p1a: Terapagos|slp|[msg]\n|\n|-heal|p2a: Passimian|65/302|[from] item: Leftovers\n|upkeep\n|turn|19\n|inactive|Time left: 300 sec this turn | 300 sec total\n|\n|t:|1783557980\n|move|p2a: Passimian|Drain Punch|p1a: Terapagos\n|-activate|p1a: Terapagos|ability: Tera Shell\n|-resisted|p1a: Terapagos\n|-damage|p1a: Terapagos|84/100\n|-heal|p2a: Passimian|88/302|[from] drain|[of] p1a: Terapagos\n|move|p1a: Terapagos|Tera Starstorm|p2a: Passimian\n|-damage|p2a: Passimian|0 fnt\n|faint|p2a: Passimian\n|\n|upkeep\n|inactive|Time left: 300 sec this turn | 300 sec total | 5 sec grace\n|\n|t:|1783557981\n|switch|p2a: Regirock|Regirock, L83|268/268\n|turn|20\n|inactive|Time left: 300 sec this turn | 300 sec total\n|\n|t:|1783557981\n|move|p1a: Terapagos|Earth Power|p2a: Regirock\n|-supereffective|p2a: Regirock\n|-damage|p2a: Regirock|158/268\n|move|p2a: Regirock|Body Press|p1a: Terapagos\n|-supereffective|p1a: Terapagos\n|-damage|p1a: Terapagos|17/100\n|\n|-heal|p2a: Regirock|174/268|[from] item: Leftovers\n|upkeep\n|turn|21\n|inactive|Time left: 300 sec this turn | 300 sec total\n|\n|t:|1783557982\n|-terastallize|p1a: Terapagos|Stellar\n|detailschange|p1a: Terapagos|Terapagos-Stellar, L77, F, tera:Stellar\n|-heal|p1a: Terapagos|39/100|[silent]\n|move|p1a: Terapagos|Rest|p1a: Terapagos\n|-status|p1a: Terapagos|slp|[from] move: Rest\n|-heal|p1a: Terapagos|100/100 slp|[silent]\n|move|p2a: Regirock|Body Press|p1a: Terapagos\n|-supereffective|p1a: Terapagos\n|-damage|p1a: Terapagos|51/100 slp\n|\n|-heal|p2a: Regirock|190/268|[from] item: Leftovers\n|upkeep\n|turn|22\n|inactive|Time left: 300 sec this turn | 300 sec total\n|\n|t:|1783557983\n|cant|p1a: Terapagos|slp\n|move|p2a: Regirock|Body Press|p1a: Terapagos\n|-supereffective|p1a: Terapagos\n|-damage|p1a: Terapagos|0 fnt\n|faint|p1a: Terapagos\n|detailschange|p1: Terapagos|Terapagos, L77, F|[silent]\n|\n|win|p0y161829f1", "uploadtime": 1783557983, "views": 0, "rating": 0, "private": 0, "password": null, "_winner": "p0y161829f1", "_our_name": "p0y161829f1"}