{"id": "battle-gen9randombattle-2326", "formatid": "gen9randombattle", "format": "[Gen 9] Random Battle", "players": ["p0x232607aa", "p0y23264b8c"], "log": "|init|battle\n|title|p0x232607aa vs. p0y23264b8c\n|j|\u2606p0x232607aa\n|j|\u2606p0y23264b8c\n|t:|1783566996\n|gametype|singles\n|player|p1|p0x232607aa|2|\n|player|p2|p0y23264b8c|1|\n|gen|9\n|tier|[Gen 9] Random Battle\n|rule|Species Clause: Limit one of each Pok\u00e9mon\n|rule|HP Percentage Mod: HP is shown in percentages\n|rule|Sleep Clause Mod: Limit one foe put to sleep\n|rule|Illusion Level Mod: Illusion disguises the Pok\u00e9mon's true level\n|\n|t:|1783566996\n|teamsize|p1|6\n|teamsize|p2|6\n|start\n|switch|p1a: Zangoose|Zangoose, L85, M|100/100\n|switch|p2a: Espathra|Espathra, L80, F|283/283\n|turn|1\n|inactive|Battle timer is ON: inactive players will automatically lose when time's up. (requested by p0x232607aa)\n|inactive|Time left: 300 sec this turn | 300 sec total | 60 sec grace\n|inactive|p0y23264b8c also wants the timer to be on.\n|\n|t:|1783566998\n|move|p2a: Espathra|Lumina Crash|p1a: Zangoose\n|-damage|p1a: Zangoose|39/100\n|-unboost|p1a: Zangoose|spd|2\n|move|p1a: Zangoose|Knock Off|p2a: Espathra\n|-supereffective|p2a: Espathra\n|-damage|p2a: Espathra|59/283\n|-enditem|p2a: Espathra|Choice Specs|[from] move: Knock Off|[of] p1a: Zangoose\n|\n|-ability|p2a: Espathra|Speed Boost|boost\n|-boost|p2a: Espathra|spe|1\n|-status|p1a: Zangoose|tox|[from] item: Toxic Orb\n|upkeep\n|turn|2\n|inactive|Time left: 300 sec this turn | 300 sec total\n|\n|t:|1783566999\n|move|p1a: Zangoose|Quick Attack|p2a: Espathra\n|-damage|p2a: Espathra|0 fnt\n|faint|p2a: Espathra\n|\n|-damage|p1a: Zangoose|32/100 tox|[from] psn\n|upkeep\n|inactive|Time left: 300 sec this turn | 300 sec total | 5 sec grace\n|\n|t:|1783567000\n|switch|p2a: Stonjourner|Stonjourner, L91, M|330/330\n|turn|3\n|inactive|Time left: 300 sec this turn | 300 sec total\n|\n|t:|1783567001\n|move|p1a: Zangoose|Close Combat|p2a: Stonjourner\n|-supereffective|p2a: Stonjourner\n|-damage|p2a: Stonjourner|132/330\n|-unboost|p1a: Zangoose|def|1\n|-unboost|p1a: Zangoose|spd|1\n|move|p2a: Stonjourner|Earthquake|p1a: Zangoose\n|-damage|p1a: Zangoose|0 fnt\n|faint|p1a: Zangoose\n|-damage|p2a: Stonjourner|99/330|[from] item: Life Orb\n|\n|upkeep\n|\n|t:|1783567002\n|switch|p1a: Miraidon|Miraidon, L65|100/100\n|-fieldstart|move: Electric Terrain|[from] ability: Hadron Engine|[of] p1a: Miraidon\n|turn|4\n|inactive|Time left: 300 sec this turn | 300 sec total\n|\n|t:|1783567004\n|switch|p2a: Rillaboom|Rillaboom, L79, M|288/288\n|-fieldstart|move: Grassy Terrain|[from] ability: Grassy Surge|[of] p2a: Rillaboom\n|move|p1a: Miraidon|Electro Drift|p2a: Rillaboom\n|-resisted|p2a: Rillaboom\n|-damage|p2a: Rillaboom|219/288\n|-damage|p1a: Miraidon|91/100|[from] item: Life Orb\n|\n|-heal|p1a: Miraidon|97/100|[from] Grassy Terrain\n|-heal|p2a: Rillaboom|237/288|[from] Grassy Terrain\n|upkeep\n|turn|5\n|inactive|Time left: 300 sec this turn | 300 sec total\n|\n|t:|1783567005\n|move|p1a: Miraidon|Dragon Pulse|p2a: Rillaboom\n|-damage|p2a: Rillaboom|120/288\n|-damage|p1a: Miraidon|87/100|[from] item: Life Orb\n|move|p2a: Rillaboom|High Horsepower|p1a: Miraidon\n|-supereffective|p1a: Miraidon\n|-damage|p1a: Miraidon|0 fnt\n|faint|p1a: Miraidon\n|-damage|p2a: Rillaboom|92/288|[from] item: Life Orb\n|\n|-heal|p2a: Rillaboom|110/288|[from] Grassy Terrain\n|upkeep\n|\n|t:|1783567006\n|switch|p1a: Scyther|Scyther, L82, M|100/100\n|turn|6\n|inactive|Time left: 300 sec this turn | 300 sec total\n|\n|t:|1783567007\n|switch|p2a: Blastoise|Blastoise, L80, M|258/258\n|move|p1a: Scyther|Swords Dance|p1a: Scyther\n|-boost|p1a: Scyther|atk|2\n|\n|upkeep\n|turn|7\n|inactive|Time left: 300 sec this turn | 300 sec total\n|\n|t:|1783567008\n|move|p1a: Scyther|Swords Dance|p1a: Scyther\n|-boost|p1a: Scyther|atk|2\n|move|p2a: Blastoise|Shell Smash|p2a: Blastoise\n|-unboost|p2a: Blastoise|def|1\n|-unboost|p2a: Blastoise|spd|1\n|-boost|p2a: Blastoise|atk|2\n|-boost|p2a: Blastoise|spa|2\n|-boost|p2a: Blastoise|spe|2\n|-enditem|p2a: Blastoise|White Herb\n|-clearnegativeboost|p2a: Blastoise|[silent]\n|\n|upkeep\n|turn|8\n|inactive|Time left: 300 sec this turn | 300 sec total\n|\n|t:|1783567009\n|-terastallize|p1a: Scyther|Fighting\n|move|p2a: Blastoise|Ice Beam|p1a: Scyther\n|-damage|p1a: Scyther|54/100\n|move|p1a: Scyther|Bug Bite|p2a: Blastoise\n|-damage|p2a: Blastoise|0 fnt\n|faint|p2a: Blastoise\n|\n|-heal|p1a: Scyther|60/100|[from] Grassy Terrain\n|-fieldend|move: Grassy Terrain\n|upkeep\n|inactive|Time left: 300 sec this turn | 300 sec total | 5 sec grace\n|\n|t:|1783567010\n|switch|p2a: Mewtwo|Mewtwo, L72|272/272\n|-ability|p2a: Mewtwo|Unnerve\n|turn|9\n|inactive|Time left: 300 sec this turn | 300 sec total\n|\n|t:|1783567011\n|switch|p1a: Orthworm|Orthworm, L88, M|100/100\n|move|p2a: Mewtwo|Psystrike|p1a: Orthworm\n|-resisted|p1a: Orthworm\n|-damage|p1a: Orthworm|81/100\n|-damage|p2a: Mewtwo|245/272|[from] item: Life Orb\n|\n|-heal|p1a: Orthworm|87/100|[from] item: Leftovers\n|upkeep\n|turn|10\n|inactive|Time left: 300 sec this turn | 300 sec total\n|\n|t:|1783567013\n|switch|p1a: Scyther|Scyther, L82, M, tera:Fighting|60/100\n|move|p2a: Mewtwo|Nasty Plot|p2a: Mewtwo\n|-boost|p2a: Mewtwo|spa|2\n|\n|upkeep\n|turn|11\n|inactive|Time left: 300 sec this turn | 300 sec total\n|\n|t:|1783567013\n|move|p2a: Mewtwo|Psystrike|p1a: Scyther\n|-supereffective|p1a: Scyther\n|-damage|p1a: Scyther|0 fnt\n|faint|p1a: Scyther\n|-damage|p2a: Mewtwo|218/272|[from] item: Life Orb\n|\n|upkeep\n|\n|t:|1783567014\n|switch|p1a: Orthworm|Orthworm, L88, M|87/100\n|turn|12\n|inactive|Time left: 300 sec this turn | 300 sec total\n|\n|t:|1783567015\n|switch|p1a: Victreebel|Victreebel, L90, F|100/100\n|move|p2a: Mewtwo|Aura Sphere|p1a: Victreebel\n|-resisted|p1a: Victreebel\n|-damage|p1a: Victreebel|70/100\n|-damage|p2a: Mewtwo|191/272|[from] item: Life Orb\n|\n|upkeep\n|turn|13\n|inactive|Time left: 300 sec this turn | 300 sec total\n|\n|t:|1783567016\n|switch|p1a: Orthworm|Orthworm, L88, M|87/100\n|move|p2a: Mewtwo|Psystrike|p1a: Orthworm\n|-resisted|p1a: Orthworm\n|-damage|p1a: Orthworm|51/100\n|-damage|p2a: Mewtwo|164/272|[from] item: Life Orb\n|\n|-heal|p1a: Orthworm|57/100|[from] item: Leftovers\n|upkeep\n|turn|14\n|inactive|Time left: 300 sec this turn | 300 sec total\n|\n|t:|1783567017\n|switch|p1a: Victreebel|Victreebel, L90, F|70/100\n|move|p2a: Mewtwo|Aura Sphere|p1a: Victreebel\n|-resisted|p1a: Victreebel\n|-damage|p1a: Victreebel|42/100\n|-damage|p2a: Mewtwo|137/272|[from] item: Life Orb\n|\n|upkeep\n|turn|15\n|inactive|Time left: 300 sec this turn | 300 sec total\n|\n|t:|1783567018\n|switch|p1a: Orthworm|Orthworm, L88, M|57/100\n|move|p2a: Mewtwo|Psystrike|p1a: Orthworm\n|-resisted|p1a: Orthworm\n|-damage|p1a: Orthworm|21/100\n|-damage|p2a: Mewtwo|110/272|[from] item: Life Orb\n|\n|-heal|p1a: Orthworm|27/100|[from] item: Leftovers\n|upkeep\n|turn|16\n|inactive|Time left: 300 sec this turn | 300 sec total\n|\n|t:|1783567019\n|move|p2a: Mewtwo|Psystrike|p1a: Orthworm\n|-resisted|p1a: Orthworm\n|-damage|p1a: Orthworm|0 fnt\n|faint|p1a: Orthworm\n|-damage|p2a: Mewtwo|83/272|[from] item: Life Orb\n|\n|upkeep\n|\n|t:|1783567020\n|switch|p1a: Ditto|Ditto, L87|100/100\n|-transform|p1a: Ditto|p2a: Mewtwo|[from] ability: Imposter\n|-ability|p1a: Ditto|Unnerve\n|turn|17\n|inactive|Time left: 300 sec this turn | 300 sec total\n|\n|t:|1783567020\n|move|p1a: Ditto|Psystrike|p2a: Mewtwo\n|-resisted|p2a: Mewtwo\n|-damage|p2a: Mewtwo|0 fnt\n|faint|p2a: Mewtwo\n|\n|upkeep\n|inactive|Time left: 300 sec this turn | 300 sec total | 5 sec grace\n|\n|t:|1783567021\n|switch|p2a: Stonjourner|Stonjourner, L91, M|99/330\n|turn|18\n|inactive|Time left: 300 sec this turn | 300 sec total\n|\n|t:|1783567022\n|move|p1a: Ditto|Psystrike|p2a: Stonjourner\n|-damage|p2a: Stonjourner|0 fnt\n|faint|p2a: Stonjourner\n|\n|upkeep\n|inactive|Time left: 300 sec this turn | 300 sec total | 5 sec grace\n|\n|t:|1783567023\n|switch|p2a: Luvdisc|Luvdisc, M|247/247\n|turn|19\n|inactive|Time left: 300 sec this turn | 300 sec total\n|\n|t:|1783567024\n|switch|p2a: Rillaboom|Rillaboom, L79, M|110/288\n|-fieldstart|move: Grassy Terrain|[from] ability: Grassy Surge|[of] p2a: Rillaboom\n|move|p1a: Ditto|Psystrike|p2a: Rillaboom\n|-damage|p2a: Rillaboom|0 fnt\n|faint|p2a: Rillaboom\n|\n|upkeep\n|inactive|Time left: 300 sec this turn | 300 sec total | 5 sec grace\n|\n|t:|1783567025\n|switch|p2a: Luvdisc|Luvdisc, M|247/247\n|turn|20\n|inactive|Time left: 300 sec this turn | 300 sec total\n|\n|t:|1783567025\n|-terastallize|p2a: Luvdisc|Ghost\n|move|p1a: Ditto|Psystrike|p2a: Luvdisc\n|-damage|p2a: Luvdisc|0 fnt\n|faint|p2a: Luvdisc\n|\n|win|p0x232607aa", "uploadtime": 1783567025, "views": 0, "rating": 0, "private": 0, "password": null, "_winner": "p0x232607aa", "_our_name": "p0y23264b8c"}