{"id": "battle-gen9randombattle-171", "formatid": "gen9randombattle", "format": "[Gen 9] Random Battle", "players": ["p0x1718f50", "p0y17143d5"], "log": "|init|battle\n|title|p0x1718f50 vs. p0y17143d5\n|j|\u2606p0x1718f50\n|j|\u2606p0y17143d5\n|t:|1783535712\n|gametype|singles\n|player|p1|p0x1718f50|101|\n|player|p2|p0y17143d5|1|\n|gen|9\n|tier|[Gen 9] Random Battle\n|rule|Species Clause: Limit one of each Pok\u00e9mon\n|rule|HP Percentage Mod: HP is shown in percentages\n|rule|Sleep Clause Mod: Limit one foe put to sleep\n|rule|Illusion Level Mod: Illusion disguises the Pok\u00e9mon's true level\n|\n|t:|1783535712\n|teamsize|p1|6\n|teamsize|p2|6\n|start\n|switch|p1a: Revavroom|Revavroom, L79, M|100/100\n|switch|p2a: Vileplume|Vileplume, L85, M|266/266\n|turn|1\n|inactive|Battle timer is ON: inactive players will automatically lose when time's up. (requested by p0x1718f50)\n|inactive|Time left: 300 sec this turn | 300 sec total | 60 sec grace\n|inactive|p0y17143d5 also wants the timer to be on.\n|\n|t:|1783535714\n|move|p1a: Revavroom|Shift Gear|p1a: Revavroom\n|-boost|p1a: Revavroom|spe|2\n|-boost|p1a: Revavroom|atk|1\n|move|p2a: Vileplume|Strength Sap|p1a: Revavroom\n|-unboost|p1a: Revavroom|atk|1\n|\n|upkeep\n|turn|2\n|inactive|Time left: 300 sec this turn | 300 sec total\n|\n|t:|1783535716\n|move|p1a: Revavroom|Shift Gear|p1a: Revavroom\n|-boost|p1a: Revavroom|spe|2\n|-boost|p1a: Revavroom|atk|1\n|move|p2a: Vileplume|Strength Sap|p1a: Revavroom\n|-unboost|p1a: Revavroom|atk|1\n|\n|upkeep\n|turn|3\n|inactive|Time left: 300 sec this turn | 300 sec total\n|\n|t:|1783535717\n|move|p1a: Revavroom|Shift Gear|p1a: Revavroom\n|-boost|p1a: Revavroom|spe|2\n|-boost|p1a: Revavroom|atk|1\n|move|p2a: Vileplume|Strength Sap|p1a: Revavroom\n|-unboost|p1a: Revavroom|atk|1\n|\n|upkeep\n|turn|4\n|inactive|Time left: 300 sec this turn | 300 sec total\n|\n|t:|1783535718\n|move|p1a: Revavroom|Shift Gear|p1a: Revavroom\n|-boost|p1a: Revavroom|spe|0\n|-boost|p1a: Revavroom|atk|1\n|move|p2a: Vileplume|Strength Sap|p1a: Revavroom\n|-unboost|p1a: Revavroom|atk|1\n|\n|upkeep\n|turn|5\n|inactive|Time left: 300 sec this turn | 300 sec total\n|\n|t:|1783535719\n|move|p1a: Revavroom|Shift Gear|p1a: Revavroom\n|-boost|p1a: Revavroom|spe|0\n|-boost|p1a: Revavroom|atk|1\n|move|p2a: Vileplume|Strength Sap|p1a: Revavroom\n|-unboost|p1a: Revavroom|atk|1\n|\n|upkeep\n|turn|6\n|inactive|Time left: 300 sec this turn | 300 sec total\n|\n|t:|1783535720\n|move|p1a: Revavroom|Gunk Shot|p2a: Vileplume\n|-damage|p2a: Vileplume|87/266\n|-damage|p1a: Revavroom|91/100|[from] item: Life Orb\n|move|p2a: Vileplume|Strength Sap|p1a: Revavroom\n|-unboost|p1a: Revavroom|atk|1\n|-heal|p2a: Vileplume|266/266\n|\n|upkeep\n|turn|7\n|inactive|Time left: 300 sec this turn | 300 sec total\n|\n|t:|1783535721\n|move|p1a: Revavroom|Gunk Shot|p2a: Vileplume\n|-damage|p2a: Vileplume|140/266\n|-damage|p1a: Revavroom|81/100|[from] item: Life Orb\n|move|p2a: Vileplume|Giga Drain|p1a: Revavroom\n|-resisted|p1a: Revavroom\n|-damage|p1a: Revavroom|70/100\n|-heal|p2a: Vileplume|154/266|[from] drain|[of] p1a: Revavroom\n|\n|-heal|p2a: Vileplume|170/266|[from] item: Leftovers\n|upkeep\n|turn|8\n|inactive|Time left: 300 sec this turn | 300 sec total\n|\n|t:|1783535722\n|move|p1a: Revavroom|Gunk Shot|p2a: Vileplume\n|-damage|p2a: Vileplume|61/266\n|-damage|p1a: Revavroom|60/100|[from] item: Life Orb\n|move|p2a: Vileplume|Strength Sap|p1a: Revavroom\n|-unboost|p1a: Revavroom|atk|1\n|-heal|p2a: Vileplume|217/266\n|\n|-heal|p2a: Vileplume|233/266|[from] item: Leftovers\n|upkeep\n|turn|9\n|inactive|Time left: 300 sec this turn | 300 sec total\n|\n|t:|1783535723\n|move|p1a: Revavroom|Gunk Shot|p2a: Vileplume\n|-damage|p2a: Vileplume|146/266\n|-damage|p1a: Revavroom|50/100|[from] item: Life Orb\n|move|p2a: Vileplume|Strength Sap|p1a: Revavroom\n|-unboost|p1a: Revavroom|atk|1\n|-heal|p2a: Vileplume|263/266\n|\n|-heal|p2a: Vileplume|266/266|[from] item: Leftovers\n|upkeep\n|turn|10\n|inactive|Time left: 300 sec this turn | 300 sec total\n|\n|t:|1783535724\n|move|p1a: Revavroom|Gunk Shot|p2a: Vileplume\n|-damage|p2a: Vileplume|191/266\n|-damage|p1a: Revavroom|41/100|[from] item: Life Orb\n|move|p2a: Vileplume|Giga Drain|p1a: Revavroom\n|-resisted|p1a: Revavroom\n|-damage|p1a: Revavroom|30/100\n|-heal|p2a: Vileplume|205/266|[from] drain|[of] p1a: Revavroom\n|\n|-heal|p2a: Vileplume|221/266|[from] item: Leftovers\n|upkeep\n|turn|11\n|inactive|Time left: 300 sec this turn | 300 sec total\n|\n|t:|1783535725\n|move|p1a: Revavroom|Gunk Shot|p2a: Vileplume\n|-damage|p2a: Vileplume|153/266\n|-damage|p1a: Revavroom|20/100|[from] item: Life Orb\n|move|p2a: Vileplume|Giga Drain|p1a: Revavroom\n|-resisted|p1a: Revavroom\n|-damage|p1a: Revavroom|9/100\n|-heal|p2a: Vileplume|168/266|[from] drain|[of] p1a: Revavroom\n|\n|-heal|p2a: Vileplume|184/266|[from] item: Leftovers\n|upkeep\n|turn|12\n|inactive|Time left: 300 sec this turn | 300 sec total\n|\n|t:|1783535726\n|move|p1a: Revavroom|Gunk Shot|p2a: Vileplume\n|-damage|p2a: Vileplume|110/266\n|-damage|p1a: Revavroom|0 fnt|[from] item: Life Orb\n|faint|p1a: Revavroom\n|move|p2a: Vileplume|Strength Sap|p1: Revavroom|[notarget]\n|-fail|p2a: Vileplume\n|\n|-heal|p2a: Vileplume|126/266|[from] item: Leftovers\n|upkeep\n|\n|t:|1783535727\n|switch|p1a: Meowstic|Meowstic, L89, M|100/100\n|turn|13\n|inactive|Time left: 300 sec this turn | 300 sec total\n|\n|t:|1783535728\n|switch|p2a: Gothitelle|Gothitelle, L90, F|272/272\n|move|p1a: Meowstic|Psychic Noise|p2a: Gothitelle\n|-resisted|p2a: Gothitelle\n|-damage|p2a: Gothitelle|243/272\n|-start|p2a: Gothitelle|move: Heal Block\n|\n|upkeep\n|turn|14\n|inactive|Time left: 300 sec this turn | 300 sec total\n|\n|t:|1783535730\n|move|p1a: Meowstic|Light Screen|p1a: Meowstic\n|-sidestart|p1: p0x1718f50|move: Light Screen\n|move|p2a: Gothitelle|Calm Mind|p2a: Gothitelle\n|-boost|p2a: Gothitelle|spa|1\n|-boost|p2a: Gothitelle|spd|1\n|\n|-end|p2a: Gothitelle|move: Heal Block\n|upkeep\n|turn|15\n|inactive|Time left: 300 sec this turn | 300 sec total\n|\n|t:|1783535731\n|move|p1a: Meowstic|Alluring Voice|p2a: Gothitelle\n|-damage|p2a: Gothitelle|211/272\n|move|p2a: Gothitelle|Calm Mind|p2a: Gothitelle\n|-boost|p2a: Gothitelle|spa|1\n|-boost|p2a: Gothitelle|spd|1\n|\n|-heal|p2a: Gothitelle|228/272|[from] item: Leftovers\n|upkeep\n|turn|16\n|inactive|Time left: 300 sec this turn | 300 sec total\n|\n|t:|1783535732\n|move|p1a: Meowstic|Alluring Voice|p2a: Gothitelle\n|-damage|p2a: Gothitelle|205/272\n|move|p2a: Gothitelle|Thunderbolt|p1a: Meowstic\n|-damage|p1a: Meowstic|77/100\n|\n|-heal|p2a: Gothitelle|222/272|[from] item: Leftovers\n|upkeep\n|turn|17\n|inactive|Time left: 300 sec this turn | 300 sec total\n|\n|t:|1783535733\n|move|p1a: Meowstic|Psychic Noise|p2a: Gothitelle\n|-resisted|p2a: Gothitelle\n|-damage|p2a: Gothitelle|206/272\n|-start|p2a: Gothitelle|move: Heal Block\n|move|p2a: Gothitelle|Thunderbolt|p1a: Meowstic\n|-damage|p1a: Meowstic|52/100\n|\n|upkeep\n|turn|18\n|inactive|Time left: 300 sec this turn | 300 sec total\n|\n|t:|1783535734\n|move|p1a: Meowstic|Psychic Noise|p2a: Gothitelle\n|-resisted|p2a: Gothitelle\n|-damage|p2a: Gothitelle|190/272\n|move|p2a: Gothitelle|Calm Mind|p2a: Gothitelle\n|-boost|p2a: Gothitelle|spa|1\n|-boost|p2a: Gothitelle|spd|1\n|\n|-end|p2a: Gothitelle|move: Heal Block\n|upkeep\n|turn|19\n|inactive|Time left: 300 sec this turn | 300 sec total\n|\n|t:|1783535735\n|move|p1a: Meowstic|Reflect|p1a: Meowstic\n|-sidestart|p1: p0x1718f50|Reflect\n|move|p2a: Gothitelle|Thunderbolt|p1a: Meowstic\n|-damage|p1a: Meowstic|18/100\n|\n|-heal|p2a: Gothitelle|207/272|[from] item: Leftovers\n|upkeep\n|turn|20\n|inactive|Time left: 300 sec this turn | 300 sec total\n|\n|t:|1783535736\n|move|p1a: Meowstic|Alluring Voice|p2a: Gothitelle\n|-damage|p2a: Gothitelle|190/272\n|move|p2a: Gothitelle|Calm Mind|p2a: Gothitelle\n|-boost|p2a: Gothitelle|spa|1\n|-boost|p2a: Gothitelle|spd|1\n|\n|-heal|p2a: Gothitelle|207/272|[from] item: Leftovers\n|upkeep\n|turn|21\n|inactive|Time left: 300 sec this turn | 300 sec total\n|\n|t:|1783535737\n|move|p1a: Meowstic|Reflect||[still]\n|-fail|p1a: Meowstic\n|move|p2a: Gothitelle|Psychic Noise|p1a: Meowstic\n|-resisted|p1a: Meowstic\n|-damage|p1a: Meowstic|0 fnt\n|faint|p1a: Meowstic\n|\n|-heal|p2a: Gothitelle|224/272|[from] item: Leftovers\n|-sideend|p1: p0x1718f50|move: Light Screen\n|upkeep\n|\n|t:|1783535739\n|switch|p1a: Umbreon|Umbreon, L84, F|100/100\n|turn|22\n|inactive|Time left: 300 sec this turn | 300 sec total\n|\n|t:|1783535740\n|move|p2a: Gothitelle|Focus Blast|p1a: Umbreon\n|-supereffective|p1a: Umbreon\n|-damage|p1a: Umbreon|0 fnt\n|faint|p1a: Umbreon\n|\n|-heal|p2a: Gothitelle|241/272|[from] item: Leftovers\n|upkeep\n|\n|t:|1783535741\n|switch|p1a: Mienshao|Mienshao, L83, M|100/100\n|turn|23\n|inactive|Time left: 300 sec this turn | 300 sec total\n|\n|t:|1783535742\n|move|p1a: Mienshao|Knock Off|p2a: Gothitelle\n|-supereffective|p2a: Gothitelle\n|-damage|p2a: Gothitelle|51/272\n|-enditem|p2a: Gothitelle|Leftovers|[from] move: Knock Off|[of] p1a: Mienshao\n|-damage|p1a: Mienshao|91/100|[from] item: Life Orb\n|move|p2a: Gothitelle|Psychic Noise|p1a: Mienshao\n|-supereffective|p1a: Mienshao\n|-damage|p1a: Mienshao|0 fnt\n|faint|p1a: Mienshao\n|\n|upkeep\n|\n|t:|1783535743\n|switch|p1a: Sudowoodo|Sudowoodo, L94, M|100/100\n|turn|24\n|inactive|Time left: 300 sec this turn | 300 sec total\n|\n|t:|1783535744\n|move|p2a: Gothitelle|Psychic Noise|p1a: Sudowoodo\n|-damage|p1a: Sudowoodo|3/100\n|-start|p1a: Sudowoodo|move: Heal Block\n|move|p1a: Sudowoodo|Earthquake|p2a: Gothitelle\n|-damage|p2a: Gothitelle|0 fnt\n|faint|p2a: Gothitelle\n|\n|upkeep\n|inactive|Time left: 300 sec this turn | 300 sec total | 5 sec grace\n|\n|t:|1783535745\n|switch|p2a: Magnezone|Magnezone, L85|258/258\n|turn|25\n|inactive|Time left: 300 sec this turn | 300 sec total\n|\n|t:|1783535747\n|move|p2a: Magnezone|Volt Switch|p1a: Sudowoodo\n|-damage|p1a: Sudowoodo|0 fnt\n|faint|p1a: Sudowoodo\n|inactive|Time left: 300 sec this turn | 300 sec total | 5 sec grace\n|\n|t:|1783535748\n|switch|p2a: Vileplume|Vileplume, L85, M|126/266|[from] Volt Switch\n|\n|-heal|p2a: Vileplume|142/266|[from] item: Leftovers\n|upkeep\n|\n|t:|1783535748\n|switch|p1a: Drednaw|Drednaw, L81, M|100/100\n|turn|26\n|inactive|Time left: 300 sec this turn | 300 sec total\n|\n|t:|1783535749\n|-terastallize|p1a: Drednaw|Ground\n|move|p1a: Drednaw|Shell Smash|p1a: Drednaw\n|-unboost|p1a: Drednaw|def|1\n|-unboost|p1a: Drednaw|spd|1\n|-boost|p1a: Drednaw|atk|2\n|-boost|p1a: Drednaw|spa|2\n|-boost|p1a: Drednaw|spe|2\n|-enditem|p1a: Drednaw|White Herb\n|-clearnegativeboost|p1a: Drednaw|[silent]\n|move|p2a: Vileplume|Giga Drain|p1a: Drednaw\n|-supereffective|p1a: Drednaw\n|-damage|p1a: Drednaw|12/100\n|-heal|p2a: Vileplume|265/266|[from] drain|[of] p1a: Drednaw\n|\n|-heal|p2a: Vileplume|266/266|[from] item: Leftovers\n|-sideend|p1: p0x1718f50|Reflect\n|upkeep\n|turn|27\n|inactive|Time left: 300 sec this turn | 300 sec total\n|\n|t:|1783535750\n|move|p1a: Drednaw|Stone Edge|p2a: Vileplume\n|-damage|p2a: Vileplume|50/266\n|move|p2a: Vileplume|Giga Drain|p1a: Drednaw\n|-supereffective|p1a: Drednaw\n|-damage|p1a: Drednaw|0 fnt\n|-heal|p2a: Vileplume|66/266|[from] drain|[of] p1a: Drednaw\n|faint|p1a: Drednaw\n|\n|win|p0y17143d5", "uploadtime": 1783535750, "views": 0, "rating": 0, "private": 0, "password": null, "_winner": "p0y17143d5", "_our_name": "p0y17143d5"}