{"id": "battle-gen9randombattle-212", "formatid": "gen9randombattle", "format": "[Gen 9] Random Battle", "players": ["p0x21215ca", "p0y2127fd1"], "log": "|init|battle\n|title|p0x21215ca vs. p0y2127fd1\n|j|\u2606p0x21215ca\n|j|\u2606p0y2127fd1\n|t:|1783535715\n|gametype|singles\n|player|p1|p0x21215ca|2|\n|player|p2|p0y2127fd1|265|\n|gen|9\n|tier|[Gen 9] Random Battle\n|rule|Species Clause: Limit one of each Pok\u00e9mon\n|rule|HP Percentage Mod: HP is shown in percentages\n|rule|Sleep Clause Mod: Limit one foe put to sleep\n|rule|Illusion Level Mod: Illusion disguises the Pok\u00e9mon's true level\n|\n|t:|1783535715\n|teamsize|p1|6\n|teamsize|p2|6\n|start\n|switch|p1a: Regieleki|Regieleki, L79|256/256\n|switch|p2a: Tinkaton|Tinkaton, L82, F|100/100\n|-ability|p2a: Tinkaton|Mold Breaker\n|turn|1\n|inactive|Battle timer is ON: inactive players will automatically lose when time's up. (requested by p0y2127fd1)\n|inactive|Time left: 300 sec this turn | 300 sec total | 60 sec grace\n|inactive|p0x21215ca also wants the timer to be on.\n|\n|t:|1783535716\n|move|p1a: Regieleki|Thunderbolt|p2a: Tinkaton\n|-damage|p2a: Tinkaton|58/100\n|-status|p2a: Tinkaton|par\n|cant|p2a: Tinkaton|par\n|\n|-heal|p2a: Tinkaton|64/100 par|[from] item: Leftovers\n|upkeep\n|turn|2\n|inactive|Time left: 300 sec this turn | 300 sec total\n|\n|t:|1783535718\n|switch|p2a: Gliscor|Gliscor, L76, M|100/100\n|move|p1a: Regieleki|Volt Switch|p2a: Gliscor\n|-immune|p2a: Gliscor\n|\n|-status|p2a: Gliscor|tox|[from] item: Toxic Orb\n|upkeep\n|turn|3\n|inactive|Time left: 300 sec this turn | 300 sec total\n|\n|t:|1783535719\n|switch|p1a: Hydrapple|Hydrapple, L83, M|312/312\n|move|p2a: Gliscor|Earthquake|p1a: Hydrapple\n|-resisted|p1a: Hydrapple\n|-damage|p1a: Hydrapple|273/312\n|\n|upkeep\n|turn|4\n|inactive|Time left: 300 sec this turn | 300 sec total\n|\n|t:|1783535720\n|move|p2a: Gliscor|Protect|p2a: Gliscor\n|-singleturn|p2a: Gliscor|Protect\n|move|p1a: Hydrapple|Fickle Beam|p2a: Gliscor\n|-activate|p2a: Gliscor|move: Protect\n|\n|upkeep\n|turn|5\n|inactive|Time left: 300 sec this turn | 300 sec total\n|\n|t:|1783535721\n|switch|p2a: Tinkaton|Tinkaton, L82, F|64/100 par\n|-ability|p2a: Tinkaton|Mold Breaker\n|move|p1a: Hydrapple|Fickle Beam|p2a: Tinkaton\n|-immune|p2a: Tinkaton\n|\n|-heal|p2a: Tinkaton|70/100 par|[from] item: Leftovers\n|upkeep\n|turn|6\n|inactive|Time left: 300 sec this turn | 300 sec total\n|\n|t:|1783535722\n|move|p1a: Hydrapple|Fickle Beam|p2a: Tinkaton\n|-immune|p2a: Tinkaton\n|cant|p2a: Tinkaton|par\n|\n|-heal|p2a: Tinkaton|76/100 par|[from] item: Leftovers\n|upkeep\n|turn|7\n|inactive|Time left: 300 sec this turn | 300 sec total\n|\n|t:|1783535724\n|move|p1a: Hydrapple|Fickle Beam|p2a: Tinkaton\n|-immune|p2a: Tinkaton\n|move|p2a: Tinkaton|Swords Dance|p2a: Tinkaton\n|-boost|p2a: Tinkaton|atk|2\n|\n|-heal|p2a: Tinkaton|83/100 par|[from] item: Leftovers\n|upkeep\n|turn|8\n|inactive|Time left: 300 sec this turn | 300 sec total\n|\n|t:|1783535725\n|switch|p1a: Dugtrio|Dugtrio-Alola, L84, F|196/196\n|move|p2a: Tinkaton|Play Rough|p1a: Dugtrio\n|-resisted|p1a: Dugtrio\n|-crit|p1a: Dugtrio\n|-damage|p1a: Dugtrio|42/196\n|-ability|p1a: Dugtrio|Tangling Hair\n|-unboost|p2a: Tinkaton|spe|1\n|\n|-heal|p2a: Tinkaton|89/100 par|[from] item: Leftovers\n|upkeep\n|turn|9\n|inactive|Time left: 300 sec this turn | 300 sec total\n|\n|t:|1783535726\n|switch|p2a: Gliscor|Gliscor, L76, M|100/100 tox\n|move|p1a: Dugtrio|Earthquake|p2a: Gliscor\n|-immune|p2a: Gliscor\n|\n|upkeep\n|turn|10\n|inactive|Time left: 300 sec this turn | 300 sec total\n|\n|t:|1783535727\n|move|p1a: Dugtrio|Iron Head|p2a: Gliscor\n|-damage|p2a: Gliscor|61/100 tox\n|-damage|p1a: Dugtrio|23/196|[from] item: Life Orb\n|move|p2a: Gliscor|Earthquake|p1a: Dugtrio\n|-supereffective|p1a: Dugtrio\n|-damage|p1a: Dugtrio|0 fnt\n|faint|p1a: Dugtrio\n|\n|-heal|p2a: Gliscor|73/100 tox|[from] ability: Poison Heal\n|upkeep\n|inactive|Time left: 300 sec this turn | 300 sec total | 5 sec grace\n|\n|t:|1783535728\n|switch|p1a: Yanmega|Yanmega, L82, F|275/275\n|turn|11\n|inactive|Time left: 300 sec this turn | 300 sec total\n|\n|t:|1783535729\n|move|p2a: Gliscor|Protect|p2a: Gliscor\n|-singleturn|p2a: Gliscor|Protect\n|move|p1a: Yanmega|Bug Buzz|p2a: Gliscor\n|-activate|p2a: Gliscor|move: Protect\n|\n|-heal|p2a: Gliscor|85/100 tox|[from] ability: Poison Heal\n|upkeep\n|turn|12\n|inactive|Time left: 300 sec this turn | 300 sec total\n|\n|t:|1783535730\n|switch|p2a: Tinkaton|Tinkaton, L82, F|89/100 par\n|-ability|p2a: Tinkaton|Mold Breaker\n|move|p1a: Yanmega|Bug Buzz|p2a: Tinkaton\n|-resisted|p2a: Tinkaton\n|-damage|p2a: Tinkaton|65/100 par\n|\n|-heal|p2a: Tinkaton|72/100 par|[from] item: Leftovers\n|upkeep\n|turn|13\n|inactive|Time left: 300 sec this turn | 300 sec total\n|\n|t:|1783535731\n|move|p1a: Yanmega|Bug Buzz|p2a: Tinkaton\n|-resisted|p2a: Tinkaton\n|-damage|p2a: Tinkaton|45/100 par\n|move|p2a: Tinkaton|Swords Dance|p2a: Tinkaton\n|-boost|p2a: Tinkaton|atk|2\n|\n|-heal|p2a: Tinkaton|52/100 par|[from] item: Leftovers\n|upkeep\n|turn|14\n|inactive|Time left: 300 sec this turn | 300 sec total\n|\n|t:|1783535732\n|move|p1a: Yanmega|Bug Buzz|p2a: Tinkaton\n|-resisted|p2a: Tinkaton\n|-damage|p2a: Tinkaton|28/100 par\n|move|p2a: Tinkaton|Gigaton Hammer|p1a: Yanmega\n|-damage|p1a: Yanmega|0 fnt\n|faint|p1a: Yanmega\n|\n|-heal|p2a: Tinkaton|34/100 par|[from] item: Leftovers\n|upkeep\n|inactive|Time left: 300 sec this turn | 300 sec total | 5 sec grace\n|\n|t:|1783535733\n|switch|p1a: Arceus|Arceus-Electric, L70|284/284\n|turn|15\n|inactive|Time left: 300 sec this turn | 300 sec total\n|\n|t:|1783535734\n|move|p1a: Arceus|Judgment|p2a: Tinkaton\n|-crit|p2a: Tinkaton\n|-damage|p2a: Tinkaton|0 fnt\n|faint|p2a: Tinkaton\n|\n|upkeep\n|\n|t:|1783535735\n|switch|p2a: Gumshoos|Gumshoos, L95, F|100/100\n|turn|16\n|inactive|Time left: 300 sec this turn | 300 sec total\n|\n|t:|1783535736\n|switch|p1a: Hydrapple|Hydrapple, L83, M|312/312\n|move|p2a: Gumshoos|Earthquake|p1a: Hydrapple\n|-resisted|p1a: Hydrapple\n|-damage|p1a: Hydrapple|181/312\n|\n|upkeep\n|turn|17\n|inactive|Time left: 300 sec this turn | 300 sec total\n|\n|t:|1783535737\n|move|p2a: Gumshoos|Earthquake|p1a: Hydrapple\n|-resisted|p1a: Hydrapple\n|-crit|p1a: Hydrapple\n|-damage|p1a: Hydrapple|90/312\n|move|p1a: Hydrapple|Fickle Beam|p2a: Gumshoos\n|-damage|p2a: Gumshoos|51/100\n|\n|upkeep\n|turn|18\n|inactive|Time left: 300 sec this turn | 300 sec total\n|\n|t:|1783535739\n|move|p2a: Gumshoos|Earthquake|p1a: Hydrapple\n|-resisted|p1a: Hydrapple\n|-damage|p1a: Hydrapple|31/312\n|move|p1a: Hydrapple|Fickle Beam|p2a: Gumshoos\n|-damage|p2a: Gumshoos|0 fnt\n|faint|p2a: Gumshoos\n|\n|upkeep\n|\n|t:|1783535740\n|switch|p2a: Ceruledge|Ceruledge, L78, F|100/100\n|turn|19\n|inactive|Time left: 300 sec this turn | 300 sec total\n|\n|t:|1783535741\n|switch|p1a: Arceus|Arceus-Electric, L70|284/284\n|move|p2a: Ceruledge|Swords Dance|p2a: Ceruledge\n|-boost|p2a: Ceruledge|atk|2\n|\n|upkeep\n|turn|20\n|inactive|Time left: 300 sec this turn | 300 sec total\n|\n|t:|1783535742\n|move|p1a: Arceus|Judgment|p2a: Ceruledge\n|-damage|p2a: Ceruledge|61/100\n|move|p2a: Ceruledge|Bitter Blade|p1a: Arceus\n|-damage|p1a: Arceus|104/284\n|-heal|p2a: Ceruledge|98/100|[from] drain|[of] p1a: Arceus\n|\n|upkeep\n|turn|21\n|inactive|Time left: 300 sec this turn | 300 sec total\n|\n|t:|1783535743\n|move|p1a: Arceus|Judgment|p2a: Ceruledge\n|-damage|p2a: Ceruledge|57/100\n|move|p2a: Ceruledge|Bitter Blade|p1a: Arceus\n|-damage|p1a: Arceus|0 fnt\n|-heal|p2a: Ceruledge|78/100|[from] drain|[of] p1a: Arceus\n|faint|p1a: Arceus\n|\n|upkeep\n|inactive|Time left: 300 sec this turn | 300 sec total | 5 sec grace\n|\n|t:|1783535744\n|switch|p1a: Venomoth|Venomoth, L84, F|255/255\n|turn|22\n|inactive|Time left: 300 sec this turn | 300 sec total\n|\n|t:|1783535745\n|move|p1a: Venomoth|Sleep Powder|p2a: Ceruledge\n|-status|p2a: Ceruledge|slp|[from] move: Sleep Powder\n|cant|p2a: Ceruledge|slp\n|\n|upkeep\n|turn|23\n|inactive|Time left: 300 sec this turn | 300 sec total\n|\n|t:|1783535746\n|move|p1a: Venomoth|Quiver Dance|p1a: Venomoth\n|-boost|p1a: Venomoth|spa|1\n|-boost|p1a: Venomoth|spd|1\n|-boost|p1a: Venomoth|spe|1\n|cant|p2a: Ceruledge|slp\n|\n|upkeep\n|turn|24\n|inactive|Time left: 300 sec this turn | 300 sec total\n|\n|t:|1783535747\n|move|p1a: Venomoth|Sludge Wave|p2a: Ceruledge\n|-resisted|p2a: Ceruledge\n|-damage|p2a: Ceruledge|26/100 slp\n|-curestatus|p2a: Ceruledge|slp|[msg]\n|move|p2a: Ceruledge|Bitter Blade|p1a: Venomoth\n|-supereffective|p1a: Venomoth\n|-damage|p1a: Venomoth|0 fnt\n|-heal|p2a: Ceruledge|78/100|[from] drain|[of] p1a: Venomoth\n|faint|p1a: Venomoth\n|\n|upkeep\n|inactive|Time left: 300 sec this turn | 300 sec total | 5 sec grace\n|\n|t:|1783535748\n|switch|p1a: Hydrapple|Hydrapple, L83, M|135/312\n|turn|25\n|inactive|Time left: 300 sec this turn | 300 sec total\n|\n|t:|1783535749\n|switch|p1a: Regieleki|Regieleki, L79|256/256\n|move|p2a: Ceruledge|Bitter Blade|p1a: Regieleki\n|-crit|p1a: Regieleki\n|-damage|p1a: Regieleki|0 fnt\n|-heal|p2a: Ceruledge|100/100|[from] drain|[of] p1a: Regieleki\n|faint|p1a: Regieleki\n|\n|upkeep\n|inactive|Time left: 300 sec this turn | 300 sec total | 5 sec grace\n|\n|t:|1783535750\n|switch|p1a: Hydrapple|Hydrapple, L83, M|239/312\n|turn|26\n|inactive|Time left: 300 sec this turn | 300 sec total\n|\n|t:|1783535751\n|-terastallize|p2a: Ceruledge|Ghost\n|-terastallize|p1a: Hydrapple|Dragon\n|move|p2a: Ceruledge|Poltergeist|p1a: Hydrapple\n|-activate|p1a: Hydrapple|move: Poltergeist|Choice Specs\n|-damage|p1a: Hydrapple|0 fnt\n|faint|p1a: Hydrapple\n|\n|win|p0y2127fd1", "uploadtime": 1783535751, "views": 0, "rating": 0, "private": 0, "password": null, "_winner": "p0y2127fd1", "_our_name": "p0x21215ca"}