{"id": "battle-gen9randombattle-742", "formatid": "gen9randombattle", "format": "[Gen 9] Random Battle", "players": ["p0x7425a1e", "p0y74218a0"], "log": "|init|battle\n|title|p0x7425a1e vs. p0y74218a0\n|j|\u2606p0x7425a1e\n|j|\u2606p0y74218a0\n|t:|1783548427\n|gametype|singles\n|player|p1|p0x7425a1e|102|\n|player|p2|p0y74218a0|2|\n|gen|9\n|tier|[Gen 9] Random Battle\n|rule|Species Clause: Limit one of each Pok\u00e9mon\n|rule|HP Percentage Mod: HP is shown in percentages\n|rule|Sleep Clause Mod: Limit one foe put to sleep\n|rule|Illusion Level Mod: Illusion disguises the Pok\u00e9mon's true level\n|\n|t:|1783548427\n|teamsize|p1|6\n|teamsize|p2|6\n|start\n|switch|p1a: Charizard|Charizard, L85, M|100/100\n|switch|p2a: Mandibuzz|Mandibuzz, L85, F|326/326\n|turn|1\n|inactive|Battle timer is ON: inactive players will automatically lose when time's up. (requested by p0x7425a1e)\n|inactive|Time left: 300 sec this turn | 300 sec total | 60 sec grace\n|inactive|p0y74218a0 also wants the timer to be on.\n|\n|t:|1783548428\n|move|p1a: Charizard|Dragon Dance|p1a: Charizard\n|-boost|p1a: Charizard|atk|1\n|-boost|p1a: Charizard|spe|1\n|move|p2a: Mandibuzz|Knock Off|p1a: Charizard\n|-damage|p1a: Charizard|66/100\n|-enditem|p1a: Charizard|Heavy-Duty Boots|[from] move: Knock Off|[of] p2a: Mandibuzz\n|\n|upkeep\n|turn|2\n|inactive|Time left: 300 sec this turn | 300 sec total\n|\n|t:|1783548430\n|move|p1a: Charizard|Flare Blitz|p2a: Mandibuzz\n|-damage|p2a: Mandibuzz|182/326\n|-damage|p1a: Charizard|48/100|[from] Recoil\n|move|p2a: Mandibuzz|Brave Bird|p1a: Charizard\n|-damage|p1a: Charizard|8/100\n|-damage|p2a: Mandibuzz|146/326|[from] Recoil\n|\n|upkeep\n|turn|3\n|inactive|Time left: 300 sec this turn | 300 sec total\n|\n|t:|1783548431\n|move|p1a: Charizard|Flare Blitz|p2a: Mandibuzz\n|-damage|p2a: Mandibuzz|0 fnt\n|faint|p2a: Mandibuzz\n|-damage|p1a: Charizard|0 fnt|[from] Recoil\n|faint|p1a: Charizard\n|\n|upkeep\n|inactive|Time left: 300 sec this turn | 300 sec total | 5 sec grace\n|\n|t:|1783548432\n|switch|p1a: Ampharos|Ampharos, L88, F|100/100\n|switch|p2a: Okidogi|Okidogi, L77, M|262/262\n|turn|4\n|inactive|Time left: 300 sec this turn | 300 sec total\n|\n|t:|1783548433\n|move|p2a: Okidogi|Gunk Shot|p1a: Ampharos|[miss]\n|-miss|p2a: Okidogi|p1a: Ampharos\n|move|p1a: Ampharos|Volt Switch|p2a: Okidogi\n|-damage|p2a: Okidogi|102/262\n|\n|t:|1783548434\n|switch|p1a: Squawkabilly|Squawkabilly-Blue, L85, M|100/100|[from] Volt Switch\n|\n|-heal|p2a: Okidogi|118/262|[from] item: Leftovers\n|-status|p1a: Squawkabilly|brn|[from] item: Flame Orb\n|upkeep\n|turn|5\n|inactive|Time left: 300 sec this turn | 300 sec total\n|\n|t:|1783548435\n|move|p1a: Squawkabilly|Facade|p2a: Okidogi\n|-damage|p2a: Okidogi|0 fnt\n|faint|p2a: Okidogi\n|\n|-damage|p1a: Squawkabilly|94/100 brn|[from] brn\n|upkeep\n|inactive|Time left: 300 sec this turn | 300 sec total | 5 sec grace\n|\n|t:|1783548436\n|switch|p2a: Raichu|Raichu, L88, M|249/249\n|turn|6\n|inactive|Time left: 300 sec this turn | 300 sec total\n|\n|t:|1783548437\n|-terastallize|p1a: Squawkabilly|Normal\n|move|p2a: Raichu|Thunderbolt|p1a: Squawkabilly\n|-crit|p1a: Squawkabilly\n|-damage|p1a: Squawkabilly|0 fnt\n|faint|p1a: Squawkabilly\n|-damage|p2a: Raichu|225/249|[from] item: Life Orb\n|\n|upkeep\n|\n|t:|1783548438\n|switch|p1a: Mudsdale|Mudsdale, L83, F|100/100\n|turn|7\n|inactive|Time left: 300 sec this turn | 300 sec total\n|\n|t:|1783548439\n|switch|p2a: Torterra|Torterra, L78, F|276/276\n|move|p1a: Mudsdale|Earthquake|p2a: Torterra\n|-resisted|p2a: Torterra\n|-damage|p2a: Torterra|213/276\n|\n|upkeep\n|turn|8\n|inactive|Time left: 300 sec this turn | 300 sec total\n|\n|t:|1783548439\n|switch|p1a: Granbull|Granbull, L88, M|100/100\n|-ability|p1a: Granbull|Intimidate|boost\n|-unboost|p2a: Torterra|atk|1\n|move|p2a: Torterra|Shell Smash|p2a: Torterra\n|-unboost|p2a: Torterra|def|1\n|-unboost|p2a: Torterra|spd|1\n|-boost|p2a: Torterra|atk|2\n|-boost|p2a: Torterra|spa|2\n|-boost|p2a: Torterra|spe|2\n|\n|upkeep\n|turn|9\n|inactive|Time left: 300 sec this turn | 300 sec total\n|\n|t:|1783548440\n|move|p2a: Torterra|Bullet Seed|p1a: Granbull\n|-damage|p1a: Granbull|86/100\n|-damage|p1a: Granbull|73/100\n|-damage|p1a: Granbull|60/100\n|-damage|p1a: Granbull|47/100\n|-damage|p1a: Granbull|34/100\n|-hitcount|p1a: Granbull|5\n|move|p1a: Granbull|Roar|p2a: Torterra\n|drag|p2a: Yanmega|Yanmega, L82, M|275/275\n|\n|-heal|p1a: Granbull|40/100|[from] item: Leftovers\n|upkeep\n|turn|10\n|inactive|Time left: 300 sec this turn | 300 sec total\n|\n|t:|1783548441\n|switch|p1a: Ampharos|Ampharos, L88, F|100/100\n|move|p2a: Yanmega|Air Slash|p1a: Ampharos\n|-resisted|p1a: Ampharos\n|-damage|p1a: Ampharos|87/100\n|\n|-ability|p2a: Yanmega|Speed Boost|boost\n|-boost|p2a: Yanmega|spe|1\n|upkeep\n|turn|11\n|inactive|Time left: 300 sec this turn | 300 sec total\n|\n|t:|1783548442\n|-terastallize|p2a: Yanmega|Ground\n|move|p2a: Yanmega|Tera Blast|p1a: Ampharos|[anim] Tera Blast Ground\n|-supereffective|p1a: Ampharos\n|-damage|p1a: Ampharos|29/100\n|move|p1a: Ampharos|Dazzling Gleam|p2a: Yanmega\n|-damage|p2a: Yanmega|130/275\n|\n|-ability|p2a: Yanmega|Speed Boost|boost\n|-boost|p2a: Yanmega|spe|1\n|upkeep\n|turn|12\n|inactive|Time left: 300 sec this turn | 300 sec total\n|\n|t:|1783548443\n|switch|p1a: Mudsdale|Mudsdale, L83, F|100/100\n|move|p2a: Yanmega|Tera Blast|p1a: Mudsdale|[anim] Tera Blast Ground\n|-damage|p1a: Mudsdale|70/100\n|-ability|p1a: Mudsdale|Stamina|boost\n|-boost|p1a: Mudsdale|def|1\n|\n|-heal|p1a: Mudsdale|76/100|[from] item: Leftovers\n|-ability|p2a: Yanmega|Speed Boost|boost\n|-boost|p2a: Yanmega|spe|1\n|upkeep\n|turn|13\n|inactive|Time left: 300 sec this turn | 300 sec total\n|\n|t:|1783548444\n|move|p2a: Yanmega|Air Slash|p1a: Mudsdale\n|-damage|p1a: Mudsdale|44/100\n|-ability|p1a: Mudsdale|Stamina|boost\n|-boost|p1a: Mudsdale|def|1\n|move|p1a: Mudsdale|Earthquake|p2a: Yanmega\n|-damage|p2a: Yanmega|4/275\n|\n|-heal|p1a: Mudsdale|50/100|[from] item: Leftovers\n|-ability|p2a: Yanmega|Speed Boost|boost\n|-boost|p2a: Yanmega|spe|1\n|upkeep\n|turn|14\n|inactive|Time left: 300 sec this turn | 300 sec total\n|\n|t:|1783548445\n|move|p2a: Yanmega|Air Slash|p1a: Mudsdale\n|-damage|p1a: Mudsdale|20/100\n|-ability|p1a: Mudsdale|Stamina|boost\n|-boost|p1a: Mudsdale|def|1\n|cant|p1a: Mudsdale|flinch\n|\n|-heal|p1a: Mudsdale|26/100|[from] item: Leftovers\n|-ability|p2a: Yanmega|Speed Boost|boost\n|-boost|p2a: Yanmega|spe|1\n|upkeep\n|turn|15\n|inactive|Time left: 300 sec this turn | 300 sec total\n|\n|t:|1783548446\n|move|p2a: Yanmega|Tera Blast|p1a: Mudsdale|[anim] Tera Blast Ground\n|-damage|p1a: Mudsdale|0 fnt\n|faint|p1a: Mudsdale\n|\n|-ability|p2a: Yanmega|Speed Boost|boost\n|-boost|p2a: Yanmega|spe|1\n|upkeep\n|\n|t:|1783548447\n|switch|p1a: Diancie|Diancie, L82|100/100\n|turn|16\n|inactive|Time left: 300 sec this turn | 300 sec total\n|\n|t:|1783548448\n|move|p2a: Yanmega|Tera Blast|p1a: Diancie|[anim] Tera Blast Ground\n|-supereffective|p1a: Diancie\n|-damage|p1a: Diancie|38/100\n|move|p1a: Diancie|Diamond Storm|p2a: Yanmega\n|-resisted|p2a: Yanmega\n|-damage|p2a: Yanmega|0 fnt\n|-boost|p1a: Diancie|def|2\n|faint|p2a: Yanmega\n|\n|-heal|p1a: Diancie|44/100|[from] item: Leftovers\n|upkeep\n|inactive|Time left: 300 sec this turn | 300 sec total | 5 sec grace\n|\n|t:|1783548449\n|switch|p2a: Raichu|Raichu, L88, M|225/249\n|turn|17\n|inactive|Time left: 300 sec this turn | 300 sec total\n|\n|t:|1783548451\n|move|p2a: Raichu|Surf|p1a: Diancie\n|-supereffective|p1a: Diancie\n|-damage|p1a: Diancie|0 fnt\n|faint|p1a: Diancie\n|-damage|p2a: Raichu|201/249|[from] item: Life Orb\n|\n|upkeep\n|\n|t:|1783548452\n|switch|p1a: Granbull|Granbull, L88, M|40/100\n|-ability|p1a: Granbull|Intimidate|boost\n|-unboost|p2a: Raichu|atk|1\n|turn|18\n|inactive|Time left: 300 sec this turn | 300 sec total\n|\n|t:|1783548453\n|switch|p1a: Ampharos|Ampharos, L88, F|29/100\n|move|p2a: Raichu|Thunderbolt|p1a: Ampharos\n|-resisted|p1a: Ampharos\n|-damage|p1a: Ampharos|10/100\n|-damage|p2a: Raichu|177/249|[from] item: Life Orb\n|\n|upkeep\n|turn|19\n|inactive|Time left: 300 sec this turn | 300 sec total\n|\n|t:|1783548455\n|move|p2a: Raichu|Thunderbolt|p1a: Ampharos\n|-resisted|p1a: Ampharos\n|-damage|p1a: Ampharos|0 fnt\n|faint|p1a: Ampharos\n|-damage|p2a: Raichu|153/249|[from] item: Life Orb\n|\n|upkeep\n|\n|t:|1783548456\n|switch|p1a: Granbull|Granbull, L88, M|40/100\n|-ability|p1a: Granbull|Intimidate|boost\n|-unboost|p2a: Raichu|atk|1\n|turn|20\n|inactive|Time left: 300 sec this turn | 300 sec total\n|\n|t:|1783548457\n|move|p2a: Raichu|Thunderbolt|p1a: Granbull\n|-damage|p1a: Granbull|0 fnt\n|faint|p1a: Granbull\n|-damage|p2a: Raichu|129/249|[from] item: Life Orb\n|\n|win|p0y74218a0", "uploadtime": 1783548457, "views": 0, "rating": 0, "private": 0, "password": null, "_winner": "p0y74218a0", "_our_name": "p0y74218a0"}