{"id": "battle-gen9randombattle-2455", "formatid": "gen9randombattle", "format": "[Gen 9] Random Battle", "players": ["p0x2455f49b", "p0y24555905"], "log": "|init|battle\n|title|p0x2455f49b vs. p0y24555905\n|j|\u2606p0x2455f49b\n|j|\u2606p0y24555905\n|t:|1783568455\n|gametype|singles\n|player|p1|p0x2455f49b|102|\n|player|p2|p0y24555905|1|\n|gen|9\n|tier|[Gen 9] Random Battle\n|rule|Species Clause: Limit one of each Pok\u00e9mon\n|rule|HP Percentage Mod: HP is shown in percentages\n|rule|Sleep Clause Mod: Limit one foe put to sleep\n|rule|Illusion Level Mod: Illusion disguises the Pok\u00e9mon's true level\n|\n|t:|1783568455\n|teamsize|p1|6\n|teamsize|p2|6\n|start\n|switch|p1a: Oranguru|Oranguru, L92, M|100/100\n|switch|p2a: Luxray|Luxray, L88, M|283/283\n|turn|1\n|inactive|Battle timer is ON: inactive players will automatically lose when time's up. (requested by p0y24555905)\n|inactive|p0x2455f49b also wants the timer to be on.\n|\n|t:|1783568457\n|move|p2a: Luxray|Supercell Slam|p1a: Oranguru\n|-damage|p1a: Oranguru|56/100\n|move|p1a: Oranguru|Nasty Plot|p1a: Oranguru\n|-boost|p1a: Oranguru|spa|2\n|\n|-heal|p1a: Oranguru|62/100|[from] item: Leftovers\n|-status|p2a: Luxray|brn|[from] item: Flame Orb\n|upkeep\n|turn|2\n|inactive|Time left: 300 sec this turn | 300 sec total\n|\n|t:|1783568458\n|-terastallize|p1a: Oranguru|Electric\n|move|p2a: Luxray|Supercell Slam|p1a: Oranguru|[miss]\n|-miss|p2a: Luxray|p1a: Oranguru\n|-damage|p2a: Luxray|142/283 brn|[from] supercellslam\n|move|p1a: Oranguru|Psyshock|p2a: Luxray\n|-damage|p2a: Luxray|0 fnt\n|faint|p2a: Luxray\n|\n|-heal|p1a: Oranguru|68/100|[from] item: Leftovers\n|upkeep\n|inactive|Time left: 300 sec this turn | 300 sec total | 5 sec grace\n|\n|t:|1783568459\n|switch|p2a: Landorus|Landorus, L75, M|257/257\n|turn|3\n|inactive|Time left: 300 sec this turn | 300 sec total\n|\n|t:|1783568460\n|switch|p1a: Tropius|Tropius, L91, F|100/100\n|move|p2a: Landorus|Earth Power|p1a: Tropius\n|-immune|p1a: Tropius\n|\n|upkeep\n|turn|4\n|inactive|Time left: 300 sec this turn | 300 sec total\n|\n|t:|1783568461\n|move|p2a: Landorus|Sludge Wave|p1a: Tropius\n|-supereffective|p1a: Tropius\n|-damage|p1a: Tropius|40/100\n|-enditem|p1a: Tropius|Sitrus Berry|[eat]\n|-heal|p1a: Tropius|65/100|[from] item: Sitrus Berry\n|move|p1a: Tropius|Leech Seed|p2a: Landorus\n|-start|p2a: Landorus|move: Leech Seed\n|\n|-damage|p2a: Landorus|225/257|[from] Leech Seed|[of] p1a: Tropius\n|-heal|p1a: Tropius|74/100|[silent]\n|upkeep\n|turn|5\n|inactive|Time left: 300 sec this turn | 300 sec total\n|\n|t:|1783568462\n|switch|p2a: Mesprit|Mesprit, L85|275/275\n|move|p1a: Tropius|Air Slash|p2a: Mesprit\n|-damage|p2a: Mesprit|214/275\n|\n|-heal|p2a: Mesprit|231/275|[from] item: Leftovers\n|upkeep\n|turn|6\n|inactive|Time left: 300 sec this turn | 300 sec total\n|\n|t:|1783568464\n|move|p2a: Mesprit|Ice Beam|p1a: Tropius\n|-supereffective|p1a: Tropius\n|-damage|p1a: Tropius|0 fnt\n|faint|p1a: Tropius\n|\n|-heal|p2a: Mesprit|248/275|[from] item: Leftovers\n|upkeep\n|\n|t:|1783568465\n|switch|p1a: Lucario|Lucario, L84, F|100/100\n|turn|7\n|inactive|Time left: 300 sec this turn | 300 sec total\n|\n|t:|1783568465\n|move|p1a: Lucario|Swords Dance|p1a: Lucario\n|-boost|p1a: Lucario|atk|2\n|move|p2a: Mesprit|Psychic Noise|p1a: Lucario\n|-damage|p1a: Lucario|61/100\n|-start|p1a: Lucario|move: Heal Block\n|\n|-heal|p2a: Mesprit|265/275|[from] item: Leftovers\n|upkeep\n|turn|8\n|inactive|Time left: 300 sec this turn | 300 sec total\n|\n|t:|1783568466\n|move|p1a: Lucario|Meteor Mash|p2a: Mesprit\n|-damage|p2a: Mesprit|18/275\n|-damage|p1a: Lucario|51/100|[from] item: Life Orb\n|move|p2a: Mesprit|Psychic Noise|p1a: Lucario\n|-damage|p1a: Lucario|11/100\n|\n|-heal|p2a: Mesprit|35/275|[from] item: Leftovers\n|-end|p1a: Lucario|move: Heal Block\n|upkeep\n|turn|9\n|inactive|Time left: 300 sec this turn | 300 sec total\n|\n|t:|1783568468\n|move|p1a: Lucario|Meteor Mash|p2a: Mesprit\n|-crit|p2a: Mesprit\n|-damage|p2a: Mesprit|0 fnt\n|-boost|p1a: Lucario|atk|1\n|faint|p2a: Mesprit\n|-damage|p1a: Lucario|1/100|[from] item: Life Orb\n|\n|upkeep\n|inactive|Time left: 300 sec this turn | 300 sec total | 5 sec grace\n|\n|t:|1783568468\n|switch|p2a: Terrakion|Terrakion, L79|273/273\n|turn|10\n|inactive|Time left: 300 sec this turn | 300 sec total\n|\n|t:|1783568469\n|move|p1a: Lucario|Extreme Speed|p2a: Terrakion\n|-resisted|p2a: Terrakion\n|-damage|p2a: Terrakion|174/273\n|-damage|p1a: Lucario|0 fnt|[from] item: Life Orb\n|faint|p1a: Lucario\n|move|p2a: Terrakion|Earthquake|p1: Lucario|[notarget]\n|-fail|p2a: Terrakion\n|\n|upkeep\n|\n|t:|1783568470\n|switch|p1a: Dodrio|Dodrio, L85, F|100/100\n|turn|11\n|inactive|Time left: 300 sec this turn | 300 sec total\n|\n|t:|1783568471\n|move|p1a: Dodrio|Swords Dance|p1a: Dodrio\n|-boost|p1a: Dodrio|atk|2\n|move|p2a: Terrakion|Stone Edge|p1a: Dodrio\n|-supereffective|p1a: Dodrio\n|-damage|p1a: Dodrio|0 fnt\n|faint|p1a: Dodrio\n|-damage|p2a: Terrakion|147/273|[from] item: Life Orb\n|\n|upkeep\n|\n|t:|1783568472\n|switch|p1a: Annihilape|Annihilape, L76, M|100/100\n|turn|12\n|inactive|Time left: 300 sec this turn | 300 sec total\n|\n|t:|1783568473\n|-terastallize|p2a: Terrakion|Ground\n|move|p2a: Terrakion|Swords Dance|p2a: Terrakion\n|-boost|p2a: Terrakion|atk|2\n|move|p1a: Annihilape|Bulk Up|p1a: Annihilape\n|-boost|p1a: Annihilape|atk|1\n|-boost|p1a: Annihilape|def|1\n|\n|upkeep\n|turn|13\n|inactive|Time left: 300 sec this turn | 300 sec total\n|\n|t:|1783568474\n|move|p2a: Terrakion|Earthquake|p1a: Annihilape\n|-damage|p1a: Annihilape|13/100\n|-damage|p2a: Terrakion|120/273|[from] item: Life Orb\n|move|p1a: Annihilape|Drain Punch|p2a: Terrakion\n|-damage|p2a: Terrakion|11/273\n|-heal|p1a: Annihilape|32/100|[from] drain|[of] p2a: Terrakion\n|\n|-heal|p1a: Annihilape|38/100|[from] item: Leftovers\n|upkeep\n|turn|14\n|inactive|Time left: 300 sec this turn | 300 sec total\n|\n|t:|1783568474\n|move|p2a: Terrakion|Earthquake|p1a: Annihilape\n|-damage|p1a: Annihilape|0 fnt\n|faint|p1a: Annihilape\n|-damage|p2a: Terrakion|0 fnt|[from] item: Life Orb\n|faint|p2a: Terrakion\n|\n|upkeep\n|inactive|Time left: 300 sec this turn | 300 sec total | 5 sec grace\n|\n|t:|1783568475\n|switch|p2a: Landorus|Landorus, L75, M|225/257\n|switch|p1a: Revavroom|Revavroom, L79, M|100/100\n|turn|15\n|inactive|Time left: 300 sec this turn | 300 sec total\n|\n|t:|1783568476\n|move|p2a: Landorus|Earth Power|p1a: Revavroom\n|-supereffective|p1a: Revavroom\n|-damage|p1a: Revavroom|0 fnt\n|faint|p1a: Revavroom\n|\n|upkeep\n|\n|t:|1783568477\n|switch|p1a: Oranguru|Oranguru, L92, M, tera:Electric|68/100\n|turn|16\n|inactive|Time left: 300 sec this turn | 300 sec total\n|\n|t:|1783568478\n|move|p2a: Landorus|Earth Power|p1a: Oranguru\n|-supereffective|p1a: Oranguru\n|-damage|p1a: Oranguru|0 fnt\n|faint|p1a: Oranguru\n|\n|win|p0y24555905", "uploadtime": 1783568478, "views": 0, "rating": 0, "private": 0, "password": null, "_winner": "p0y24555905", "_our_name": "p0y24555905"}