{"id": "battle-gen9randombattle-2254", "formatid": "gen9randombattle", "format": "[Gen 9] Random Battle", "players": ["p0x22548b25", "p0y22546ed9"], "log": "|init|battle\n|title|p0x22548b25 vs. p0y22546ed9\n|j|\u2606p0x22548b25\n|j|\u2606p0y22546ed9\n|t:|1783565194\n|gametype|singles\n|player|p1|p0x22548b25|1|\n|player|p2|p0y22546ed9|102|\n|gen|9\n|tier|[Gen 9] Random Battle\n|rule|Species Clause: Limit one of each Pok\u00e9mon\n|rule|HP Percentage Mod: HP is shown in percentages\n|rule|Sleep Clause Mod: Limit one foe put to sleep\n|rule|Illusion Level Mod: Illusion disguises the Pok\u00e9mon's true level\n|\n|t:|1783565194\n|teamsize|p1|6\n|teamsize|p2|6\n|start\n|switch|p1a: Tropius|Tropius, L91, F|100/100\n|switch|p2a: Snorlax|Snorlax, L82, M|397/397\n|turn|1\n|inactive|Battle timer is ON: inactive players will automatically lose when time's up. (requested by p0x22548b25)\n|inactive|Time left: 300 sec this turn | 300 sec total | 60 sec grace\n|inactive|p0y22546ed9 also wants the timer to be on.\n|\n|t:|1783565195\n|move|p1a: Tropius|Dragon Dance|p1a: Tropius\n|-boost|p1a: Tropius|atk|1\n|-boost|p1a: Tropius|spe|1\n|move|p2a: Snorlax|Body Slam|p1a: Tropius\n|-damage|p1a: Tropius|73/100\n|\n|upkeep\n|turn|2\n|inactive|Time left: 300 sec this turn | 300 sec total\n|\n|t:|1783565196\n|move|p1a: Tropius|Dragon Dance|p1a: Tropius\n|-boost|p1a: Tropius|atk|1\n|-boost|p1a: Tropius|spe|1\n|move|p2a: Snorlax|Curse|p2a: Snorlax\n|-unboost|p2a: Snorlax|spe|1\n|-boost|p2a: Snorlax|atk|1\n|-boost|p2a: Snorlax|def|1\n|\n|upkeep\n|turn|3\n|inactive|Time left: 300 sec this turn | 300 sec total\n|\n|t:|1783565197\n|move|p1a: Tropius|Dragon Dance|p1a: Tropius\n|-boost|p1a: Tropius|atk|1\n|-boost|p1a: Tropius|spe|1\n|move|p2a: Snorlax|Body Slam|p1a: Tropius\n|-damage|p1a: Tropius|34/100\n|-enditem|p1a: Tropius|Sitrus Berry|[eat]\n|-heal|p1a: Tropius|59/100|[from] item: Sitrus Berry\n|\n|-item|p1a: Tropius|Sitrus Berry|[from] ability: Harvest\n|upkeep\n|turn|4\n|inactive|Time left: 300 sec this turn | 300 sec total\n|\n|t:|1783565198\n|move|p1a: Tropius|Synthesis|p1a: Tropius\n|-heal|p1a: Tropius|100/100\n|move|p2a: Snorlax|Body Slam|p1a: Tropius\n|-damage|p1a: Tropius|56/100\n|-status|p1a: Tropius|par\n|\n|upkeep\n|turn|5\n|inactive|Time left: 300 sec this turn | 300 sec total\n|\n|t:|1783565199\n|move|p1a: Tropius|Synthesis|p1a: Tropius\n|-heal|p1a: Tropius|100/100 par\n|move|p2a: Snorlax|Body Slam|p1a: Tropius\n|-crit|p1a: Tropius\n|-damage|p1a: Tropius|36/100 par\n|-enditem|p1a: Tropius|Sitrus Berry|[eat]\n|-heal|p1a: Tropius|61/100 par|[from] item: Sitrus Berry\n|\n|upkeep\n|turn|6\n|inactive|Time left: 300 sec this turn | 300 sec total\n|\n|t:|1783565200\n|move|p1a: Tropius|Synthesis|p1a: Tropius\n|-heal|p1a: Tropius|100/100 par\n|move|p2a: Snorlax|Body Slam|p1a: Tropius\n|-damage|p1a: Tropius|62/100 par\n|\n|upkeep\n|turn|7\n|inactive|Time left: 300 sec this turn | 300 sec total\n|\n|t:|1783565201\n|move|p1a: Tropius|Synthesis|p1a: Tropius\n|-heal|p1a: Tropius|100/100 par\n|move|p2a: Snorlax|Body Slam|p1a: Tropius\n|-damage|p1a: Tropius|59/100 par\n|\n|-item|p1a: Tropius|Sitrus Berry|[from] ability: Harvest\n|upkeep\n|turn|8\n|inactive|Time left: 300 sec this turn | 300 sec total\n|\n|t:|1783565202\n|cant|p1a: Tropius|par\n|move|p2a: Snorlax|Body Slam|p1a: Tropius\n|-damage|p1a: Tropius|14/100 par\n|-enditem|p1a: Tropius|Sitrus Berry|[eat]\n|-heal|p1a: Tropius|39/100 par|[from] item: Sitrus Berry\n|\n|-item|p1a: Tropius|Sitrus Berry|[from] ability: Harvest\n|upkeep\n|-enditem|p1a: Tropius|Sitrus Berry|[eat]\n|-heal|p1a: Tropius|64/100 par|[from] item: Sitrus Berry\n|turn|9\n|inactive|Time left: 300 sec this turn | 300 sec total\n|\n|t:|1783565203\n|move|p1a: Tropius|Synthesis|p1a: Tropius\n|-heal|p1a: Tropius|100/100 par\n|move|p2a: Snorlax|Body Slam|p1a: Tropius\n|-damage|p1a: Tropius|62/100 par\n|\n|-item|p1a: Tropius|Sitrus Berry|[from] ability: Harvest\n|upkeep\n|turn|10\n|inactive|Time left: 300 sec this turn | 300 sec total\n|\n|t:|1783565204\n|move|p1a: Tropius|Earthquake|p2a: Snorlax\n|-damage|p2a: Snorlax|266/397\n|move|p2a: Snorlax|Body Slam|p1a: Tropius\n|-damage|p1a: Tropius|22/100 par\n|-enditem|p1a: Tropius|Sitrus Berry|[eat]\n|-heal|p1a: Tropius|47/100 par|[from] item: Sitrus Berry\n|\n|-item|p1a: Tropius|Sitrus Berry|[from] ability: Harvest\n|upkeep\n|-enditem|p1a: Tropius|Sitrus Berry|[eat]\n|-heal|p1a: Tropius|72/100 par|[from] item: Sitrus Berry\n|turn|11\n|inactive|Time left: 300 sec this turn | 300 sec total\n|\n|t:|1783565205\n|move|p1a: Tropius|Dual Wingbeat|p2a: Snorlax\n|-damage|p2a: Snorlax|191/397\n|-damage|p2a: Snorlax|115/397\n|-hitcount|p2a: Snorlax|2\n|move|p2a: Snorlax|Body Slam|p1a: Tropius\n|-damage|p1a: Tropius|28/100 par\n|\n|-item|p1a: Tropius|Sitrus Berry|[from] ability: Harvest\n|upkeep\n|-enditem|p1a: Tropius|Sitrus Berry|[eat]\n|-heal|p1a: Tropius|53/100 par|[from] item: Sitrus Berry\n|turn|12\n|inactive|Time left: 300 sec this turn | 300 sec total\n|\n|t:|1783565206\n|move|p1a: Tropius|Dual Wingbeat|p2a: Snorlax\n|-damage|p2a: Snorlax|34/397\n|-damage|p2a: Snorlax|0 fnt\n|faint|p2a: Snorlax\n|-hitcount|p2: Snorlax|2\n|\n|-item|p1a: Tropius|Sitrus Berry|[from] ability: Harvest\n|upkeep\n|inactive|Time left: 300 sec this turn | 300 sec total | 5 sec grace\n|\n|t:|1783565207\n|switch|p2a: Ludicolo|Ludicolo, L90, M|290/290\n|turn|13\n|inactive|Time left: 300 sec this turn | 300 sec total\n|\n|t:|1783565208\n|-terastallize|p2a: Ludicolo|Water\n|move|p1a: Tropius|Dual Wingbeat|p2a: Ludicolo\n|-damage|p2a: Ludicolo|187/290\n|-damage|p2a: Ludicolo|72/290\n|-hitcount|p2a: Ludicolo|2\n|move|p2a: Ludicolo|Ice Beam|p1a: Tropius\n|-supereffective|p1a: Tropius\n|-damage|p1a: Tropius|0 fnt\n|faint|p1a: Tropius\n|-damage|p2a: Ludicolo|43/290|[from] item: Life Orb\n|\n|upkeep\n|\n|t:|1783565209\n|switch|p1a: Terrakion|Terrakion, L79|100/100\n|turn|14\n|inactive|Time left: 300 sec this turn | 300 sec total\n|\n|t:|1783565211\n|switch|p2a: Tropius|Tropius, L91, M|328/328\n|move|p1a: Terrakion|Stone Edge|p2a: Tropius\n|-supereffective|p2a: Tropius\n|-damage|p2a: Tropius|8/328\n|-enditem|p2a: Tropius|Sitrus Berry|[eat]\n|-heal|p2a: Tropius|90/328|[from] item: Sitrus Berry\n|\n|-item|p2a: Tropius|Sitrus Berry|[from] ability: Harvest\n|upkeep\n|-enditem|p2a: Tropius|Sitrus Berry|[eat]\n|-heal|p2a: Tropius|172/328|[from] item: Sitrus Berry\n|turn|15\n|inactive|Time left: 300 sec this turn | 300 sec total\n|\n|t:|1783565212\n|move|p1a: Terrakion|Stone Edge|p2a: Tropius\n|-supereffective|p2a: Tropius\n|-damage|p2a: Tropius|0 fnt\n|faint|p2a: Tropius\n|\n|upkeep\n|inactive|Time left: 300 sec this turn | 300 sec total | 5 sec grace\n|\n|t:|1783565213\n|switch|p2a: Pawmot|Pawmot, L80, F|243/243\n|turn|16\n|inactive|Time left: 300 sec this turn | 300 sec total\n|\n|t:|1783565214\n|switch|p1a: Emboar|Emboar, L84, F|100/100\n|move|p2a: Pawmot|Double Shock|p1a: Emboar\n|-damage|p1a: Emboar|51/100\n|-start|p2a: Pawmot|typechange|???/Fighting|[from] move: Double Shock\n|\n|-heal|p1a: Emboar|57/100|[from] item: Leftovers\n|upkeep\n|turn|17\n|inactive|Time left: 300 sec this turn | 300 sec total\n|\n|t:|1783565215\n|move|p2a: Pawmot|Nuzzle|p1a: Emboar\n|-damage|p1a: Emboar|52/100\n|-status|p1a: Emboar|par\n|cant|p1a: Emboar|par\n|\n|-heal|p1a: Emboar|58/100 par|[from] item: Leftovers\n|upkeep\n|turn|18\n|inactive|Time left: 300 sec this turn | 300 sec total\n|\n|t:|1783565216\n|move|p2a: Pawmot|Close Combat|p1a: Emboar\n|-damage|p1a: Emboar|2/100 par\n|-unboost|p2a: Pawmot|def|1\n|-unboost|p2a: Pawmot|spd|1\n|cant|p1a: Emboar|par\n|\n|-heal|p1a: Emboar|8/100 par|[from] item: Leftovers\n|upkeep\n|turn|19\n|inactive|Time left: 300 sec this turn | 300 sec total\n|\n|t:|1783565217\n|move|p2a: Pawmot|Close Combat|p1a: Emboar\n|-damage|p1a: Emboar|0 fnt\n|-unboost|p2a: Pawmot|def|1\n|-unboost|p2a: Pawmot|spd|1\n|faint|p1a: Emboar\n|\n|upkeep\n|\n|t:|1783565218\n|switch|p1a: Terrakion|Terrakion, L79|100/100\n|turn|20\n|inactive|Time left: 300 sec this turn | 300 sec total\n|\n|t:|1783565219\n|switch|p2a: Ludicolo|Ludicolo, L90, M, tera:Water|43/290\n|move|p1a: Terrakion|Stone Edge|p2a: Ludicolo\n|-damage|p2a: Ludicolo|0 fnt\n|faint|p2a: Ludicolo\n|\n|upkeep\n|inactive|Time left: 300 sec this turn | 300 sec total | 5 sec grace\n|\n|t:|1783565220\n|switch|p2a: Pawmot|Pawmot, L80, F|243/243\n|turn|21\n|inactive|Time left: 300 sec this turn | 300 sec total\n|\n|t:|1783565221\n|switch|p1a: Reshiram|Reshiram, L76|100/100\n|-ability|p1a: Reshiram|Turboblaze\n|move|p2a: Pawmot|Close Combat|p1a: Reshiram\n|-damage|p1a: Reshiram|53/100\n|-unboost|p2a: Pawmot|def|1\n|-unboost|p2a: Pawmot|spd|1\n|\n|upkeep\n|turn|22\n|inactive|Time left: 300 sec this turn | 300 sec total\n|\n|t:|1783565223\n|move|p2a: Pawmot|Nuzzle|p1a: Reshiram\n|-resisted|p1a: Reshiram\n|-damage|p1a: Reshiram|49/100\n|-status|p1a: Reshiram|par\n|cant|p1a: Reshiram|par\n|\n|upkeep\n|turn|23\n|inactive|Time left: 300 sec this turn | 300 sec total\n|\n|t:|1783565224\n|move|p2a: Pawmot|Close Combat|p1a: Reshiram\n|-damage|p1a: Reshiram|0 fnt\n|-unboost|p2a: Pawmot|def|1\n|-unboost|p2a: Pawmot|spd|1\n|faint|p1a: Reshiram\n|\n|upkeep\n|\n|t:|1783565225\n|switch|p1a: Terrakion|Terrakion, L79|100/100\n|turn|24\n|inactive|Time left: 300 sec this turn | 300 sec total\n|\n|t:|1783565226\n|switch|p2a: Chansey|Chansey, L85, F|564/564\n|move|p1a: Terrakion|Close Combat|p2a: Chansey\n|-supereffective|p2a: Chansey\n|-damage|p2a: Chansey|0 fnt\n|-unboost|p1a: Terrakion|def|1\n|-unboost|p1a: Terrakion|spd|1\n|faint|p2a: Chansey\n|\n|upkeep\n|inactive|Time left: 300 sec this turn | 300 sec total | 5 sec grace\n|\n|t:|1783565227\n|switch|p2a: Palafin|Palafin, L77, F|281/281\n|turn|25\n|inactive|Time left: 300 sec this turn | 300 sec total\n|\n|t:|1783565228\n|-terastallize|p1a: Terrakion|Fighting\n|move|p2a: Palafin|Jet Punch|p1a: Terrakion\n|-damage|p1a: Terrakion|76/100\n|move|p1a: Terrakion|Close Combat|p2a: Palafin\n|-damage|p2a: Palafin|0 fnt\n|-unboost|p1a: Terrakion|def|1\n|-unboost|p1a: Terrakion|spd|1\n|faint|p2a: Palafin\n|\n|upkeep\n|inactive|Time left: 300 sec this turn | 300 sec total | 5 sec grace\n|\n|t:|1783565228\n|switch|p2a: Pawmot|Pawmot, L80, F|243/243\n|turn|26\n|inactive|Time left: 300 sec this turn | 300 sec total\n|\n|t:|1783565229\n|move|p1a: Terrakion|Close Combat|p2a: Pawmot\n|-damage|p2a: Pawmot|0 fnt\n|-unboost|p1a: Terrakion|def|1\n|-unboost|p1a: Terrakion|spd|1\n|faint|p2a: Pawmot\n|\n|win|p0x22548b25", "uploadtime": 1783565229, "views": 0, "rating": 0, "private": 0, "password": null, "_winner": "p0x22548b25", "_our_name": "p0y22546ed9"}