{"id": "battle-gen9randombattle-133", "formatid": "gen9randombattle", "format": "[Gen 9] Random Battle", "players": ["p0x133c070", "p0y133c38e"], "log": "|init|battle\n|title|p0x133c070 vs. p0y133c38e\n|j|\u2606p0x133c070\n|j|\u2606p0y133c38e\n|t:|1783541025\n|gametype|singles\n|player|p1|p0x133c070|169|\n|player|p2|p0y133c38e|170|\n|gen|9\n|tier|[Gen 9] Random Battle\n|rule|Species Clause: Limit one of each Pok\u00e9mon\n|rule|HP Percentage Mod: HP is shown in percentages\n|rule|Sleep Clause Mod: Limit one foe put to sleep\n|rule|Illusion Level Mod: Illusion disguises the Pok\u00e9mon's true level\n|\n|t:|1783541025\n|teamsize|p1|6\n|teamsize|p2|6\n|start\n|switch|p1a: Reshiram|Reshiram, L76|277/277\n|switch|p2a: Raging Bolt|Raging Bolt, L78|100/100\n|-ability|p1a: Reshiram|Turboblaze\n|turn|1\n|inactive|Battle timer is ON: inactive players will automatically lose when time's up. (requested by p0x133c070)\n|inactive|p0y133c38e also wants the timer to be on.\n|\n|t:|1783541027\n|-terastallize|p1a: Reshiram|Dragon\n|move|p1a: Reshiram|Outrage|p2a: Raging Bolt\n|-supereffective|p2a: Raging Bolt\n|-damage|p2a: Raging Bolt|3/100\n|move|p2a: Raging Bolt|Draco Meteor|p1a: Reshiram\n|-supereffective|p1a: Reshiram\n|-damage|p1a: Reshiram|0 fnt\n|-unboost|p2a: Raging Bolt|spa|2\n|faint|p1a: Reshiram\n|\n|-heal|p2a: Raging Bolt|9/100|[from] item: Leftovers\n|upkeep\n|inactive|Time left: 300 sec this turn | 300 sec total | 65 sec grace\n|\n|t:|1783541028\n|switch|p1a: Revavroom|Revavroom, L79, F|256/256\n|turn|2\n|inactive|Time left: 300 sec this turn | 300 sec total\n|\n|t:|1783541030\n|-end|p2a: Raging Bolt|Protosynthesis|[silent]\n|switch|p2a: Snorlax|Snorlax, L82, M|100/100\n|move|p1a: Revavroom|Shift Gear|p1a: Revavroom\n|-boost|p1a: Revavroom|spe|2\n|-boost|p1a: Revavroom|atk|1\n|\n|upkeep\n|turn|3\n|inactive|Time left: 300 sec this turn | 300 sec total\n|\n|t:|1783541031\n|move|p1a: Revavroom|Iron Head|p2a: Snorlax\n|-damage|p2a: Snorlax|48/100\n|-damage|p1a: Revavroom|231/256|[from] item: Life Orb\n|cant|p2a: Snorlax|flinch\n|\n|-heal|p2a: Snorlax|54/100|[from] item: Leftovers\n|upkeep\n|turn|4\n|inactive|Time left: 300 sec this turn | 300 sec total\n|\n|t:|1783541032\n|move|p1a: Revavroom|Iron Head|p2a: Snorlax\n|-damage|p2a: Snorlax|2/100\n|-damage|p1a: Revavroom|206/256|[from] item: Life Orb\n|move|p2a: Snorlax|Earthquake|p1a: Revavroom\n|-supereffective|p1a: Revavroom\n|-damage|p1a: Revavroom|0 fnt\n|faint|p1a: Revavroom\n|\n|-heal|p2a: Snorlax|8/100|[from] item: Leftovers\n|upkeep\n|inactive|Time left: 300 sec this turn | 300 sec total | 5 sec grace\n|\n|t:|1783541033\n|switch|p1a: Passimian|Passimian, L83, M|302/302\n|turn|5\n|inactive|Time left: 300 sec this turn | 300 sec total\n|\n|t:|1783541035\n|switch|p2a: Yanmega|Yanmega, L82, F|100/100\n|move|p1a: Passimian|Knock Off|p2a: Yanmega\n|-damage|p2a: Yanmega|71/100\n|-enditem|p2a: Yanmega|Choice Specs|[from] move: Knock Off|[of] p1a: Passimian\n|\n|upkeep\n|turn|6\n|inactive|Time left: 300 sec this turn | 300 sec total\n|\n|t:|1783541036\n|switch|p1a: Granbull|Granbull, L88, F|302/302\n|-ability|p1a: Granbull|Intimidate|boost\n|-unboost|p2a: Yanmega|atk|1\n|move|p2a: Yanmega|Air Slash|p1a: Granbull\n|-damage|p1a: Granbull|190/302\n|\n|-heal|p1a: Granbull|208/302|[from] item: Leftovers\n|upkeep\n|turn|7\n|inactive|Time left: 300 sec this turn | 300 sec total\n|\n|t:|1783541037\n|move|p2a: Yanmega|Bug Buzz|p1a: Granbull\n|-resisted|p1a: Granbull\n|-damage|p1a: Granbull|70/302\n|move|p1a: Granbull|Play Rough|p2a: Yanmega\n|-damage|p2a: Yanmega|21/100\n|\n|-heal|p1a: Granbull|88/302|[from] item: Leftovers\n|upkeep\n|turn|8\n|inactive|Time left: 300 sec this turn | 300 sec total\n|\n|t:|1783541038\n|switch|p1a: Glaceon|Glaceon, L94, M|275/275\n|move|p2a: Yanmega|Bug Buzz|p1a: Glaceon\n|-damage|p1a: Glaceon|184/275\n|\n|upkeep\n|turn|9\n|inactive|Time left: 300 sec this turn | 300 sec total\n|\n|t:|1783541039\n|move|p2a: Yanmega|Air Slash|p1a: Glaceon\n|-damage|p1a: Glaceon|108/275\n|move|p1a: Glaceon|Freeze-Dry|p2a: Yanmega\n|-supereffective|p2a: Yanmega\n|-damage|p2a: Yanmega|0 fnt\n|faint|p2a: Yanmega\n|\n|upkeep\n|\n|t:|1783541040\n|switch|p2a: Gardevoir|Gardevoir, L83, M|100/100\n|-ability|p2a: Gardevoir|Ice Body|Trace|[from] ability: Trace|[of] p1a: Glaceon\n|turn|10\n|inactive|Time left: 300 sec this turn | 300 sec total\n|\n|t:|1783541041\n|move|p1a: Glaceon|Protect|p1a: Glaceon\n|-singleturn|p1a: Glaceon|Protect\n|move|p2a: Gardevoir|Psychic|p1a: Glaceon\n|-activate|p1a: Glaceon|move: Protect\n|\n|upkeep\n|turn|11\n|inactive|Time left: 300 sec this turn | 300 sec total\n|\n|t:|1783541042\n|switch|p1a: Dialga|Dialga, L73|266/266\n|-ability|p1a: Dialga|Pressure\n|move|p2a: Gardevoir|Moonblast|p1a: Dialga\n|-damage|p1a: Dialga|113/266\n|-damage|p2a: Gardevoir|91/100|[from] item: Life Orb\n|\n|-heal|p1a: Dialga|129/266|[from] item: Leftovers\n|upkeep\n|turn|12\n|inactive|Time left: 300 sec this turn | 300 sec total\n|\n|t:|1783541043\n|switch|p1a: Granbull|Granbull, L88, F|88/302\n|-ability|p1a: Granbull|Intimidate|boost\n|-unboost|p2a: Gardevoir|atk|1\n|move|p2a: Gardevoir|Moonblast|p1a: Granbull\n|-damage|p1a: Granbull|0 fnt\n|faint|p1a: Granbull\n|-damage|p2a: Gardevoir|81/100|[from] item: Life Orb\n|\n|upkeep\n|inactive|Time left: 300 sec this turn | 300 sec total | 5 sec grace\n|\n|t:|1783541044\n|switch|p1a: Glaceon|Glaceon, L94, M|108/275\n|turn|13\n|inactive|Time left: 300 sec this turn | 300 sec total\n|\n|t:|1783541045\n|move|p1a: Glaceon|Protect|p1a: Glaceon\n|-singleturn|p1a: Glaceon|Protect\n|move|p2a: Gardevoir|Moonblast|p1a: Glaceon\n|-activate|p1a: Glaceon|move: Protect\n|\n|upkeep\n|turn|14\n|inactive|Time left: 300 sec this turn | 300 sec total\n|\n|t:|1783541046\n|move|p1a: Glaceon|Protect||[still]\n|-fail|p1a: Glaceon\n|move|p2a: Gardevoir|Moonblast|p1a: Glaceon\n|-damage|p1a: Glaceon|0 fnt\n|faint|p1a: Glaceon\n|-damage|p2a: Gardevoir|72/100|[from] item: Life Orb\n|\n|upkeep\n|inactive|Time left: 300 sec this turn | 300 sec total | 5 sec grace\n|\n|t:|1783541047\n|switch|p1a: Passimian|Passimian, L83, M|302/302\n|turn|15\n|inactive|Time left: 300 sec this turn | 300 sec total\n|\n|t:|1783541048\n|move|p2a: Gardevoir|Moonblast|p1a: Passimian\n|-supereffective|p1a: Passimian\n|-damage|p1a: Passimian|0 fnt\n|faint|p1a: Passimian\n|-damage|p2a: Gardevoir|62/100|[from] item: Life Orb\n|\n|upkeep\n|inactive|Time left: 300 sec this turn | 300 sec total | 5 sec grace\n|\n|t:|1783541048\n|switch|p1a: Dialga|Dialga, L73|129/266\n|-ability|p1a: Dialga|Pressure\n|turn|16\n|inactive|Time left: 300 sec this turn | 300 sec total\n|\n|t:|1783541049\n|move|p2a: Gardevoir|Moonblast|p1a: Dialga\n|-damage|p1a: Dialga|0 fnt\n|faint|p1a: Dialga\n|-damage|p2a: Gardevoir|52/100|[from] item: Life Orb\n|\n|win|p0y133c38e", "uploadtime": 1783541049, "views": 0, "rating": 0, "private": 0, "password": null, "_winner": "p0y133c38e", "_our_name": "p0x133c070"}