{"id": "battle-gen9randombattle-1048", "formatid": "gen9randombattle", "format": "[Gen 9] Random Battle", "players": ["p0x1048be6d", "p0y10487c32"], "log": "|init|battle\n|title|p0x1048be6d vs. p0y10487c32\n|j|\u2606p0x1048be6d\n|j|\u2606p0y10487c32\n|t:|1783551336\n|gametype|singles\n|player|p1|p0x1048be6d|1|\n|player|p2|p0y10487c32|2|\n|gen|9\n|tier|[Gen 9] Random Battle\n|rule|Species Clause: Limit one of each Pok\u00e9mon\n|rule|HP Percentage Mod: HP is shown in percentages\n|rule|Sleep Clause Mod: Limit one foe put to sleep\n|rule|Illusion Level Mod: Illusion disguises the Pok\u00e9mon's true level\n|\n|t:|1783551336\n|teamsize|p1|6\n|teamsize|p2|6\n|start\n|switch|p1a: Glalie|Glalie, L96, F|100/100\n|switch|p2a: Zarude|Zarude-Dada, L77|288/288\n|turn|1\n|inactive|Battle timer is ON: inactive players will automatically lose when time's up. (requested by p0y10487c32)\n|inactive|p0x1048be6d also wants the timer to be on.\n|\n|t:|1783551337\n|switch|p1a: Yanmega|Yanmega, L82, M|100/100\n|move|p2a: Zarude|Power Whip|p1a: Yanmega|[miss]\n|-miss|p2a: Zarude|p1a: Yanmega\n|\n|upkeep\n|turn|2\n|inactive|Time left: 300 sec this turn | 300 sec total\n|\n|t:|1783551338\n|switch|p2a: Golurk|Golurk, L87|297/297\n|move|p1a: Yanmega|Bug Buzz|p2a: Golurk\n|-resisted|p2a: Golurk\n|-damage|p2a: Golurk|241/297\n|\n|-ability|p1a: Yanmega|Speed Boost|boost\n|-boost|p1a: Yanmega|spe|1\n|upkeep\n|turn|3\n|inactive|Time left: 300 sec this turn | 300 sec total\n|\n|t:|1783551339\n|move|p1a: Yanmega|Air Slash|p2a: Golurk\n|-damage|p2a: Golurk|148/297\n|cant|p2a: Golurk|flinch\n|\n|-ability|p1a: Yanmega|Speed Boost|boost\n|-boost|p1a: Yanmega|spe|1\n|upkeep\n|turn|4\n|inactive|Time left: 300 sec this turn | 300 sec total\n|\n|t:|1783551340\n|move|p1a: Yanmega|Air Slash|p2a: Golurk\n|-damage|p2a: Golurk|54/297\n|cant|p2a: Golurk|flinch\n|\n|-ability|p1a: Yanmega|Speed Boost|boost\n|-boost|p1a: Yanmega|spe|1\n|upkeep\n|turn|5\n|inactive|Time left: 300 sec this turn | 300 sec total\n|\n|t:|1783551342\n|switch|p2a: Empoleon|Empoleon, L84, M|278/278\n|move|p1a: Yanmega|Air Slash|p2a: Empoleon\n|-resisted|p2a: Empoleon\n|-damage|p2a: Empoleon|242/278\n|\n|-heal|p2a: Empoleon|259/278|[from] item: Leftovers\n|-ability|p1a: Yanmega|Speed Boost|boost\n|-boost|p1a: Yanmega|spe|1\n|upkeep\n|turn|6\n|inactive|Time left: 300 sec this turn | 300 sec total\n|\n|t:|1783551343\n|move|p1a: Yanmega|Air Slash|p2a: Empoleon\n|-resisted|p2a: Empoleon\n|-damage|p2a: Empoleon|223/278\n|move|p2a: Empoleon|Surf|p1a: Yanmega\n|-damage|p1a: Yanmega|48/100\n|\n|-heal|p2a: Empoleon|240/278|[from] item: Leftovers\n|-ability|p1a: Yanmega|Speed Boost|boost\n|-boost|p1a: Yanmega|spe|1\n|upkeep\n|turn|7\n|inactive|Time left: 300 sec this turn | 300 sec total\n|\n|t:|1783551345\n|move|p1a: Yanmega|Protect|p1a: Yanmega\n|-singleturn|p1a: Yanmega|Protect\n|move|p2a: Empoleon|Surf|p1a: Yanmega\n|-activate|p1a: Yanmega|move: Protect\n|\n|-heal|p2a: Empoleon|257/278|[from] item: Leftovers\n|-ability|p1a: Yanmega|Speed Boost|boost\n|-boost|p1a: Yanmega|spe|1\n|upkeep\n|turn|8\n|inactive|Time left: 300 sec this turn | 300 sec total\n|\n|t:|1783551346\n|move|p1a: Yanmega|Air Slash|p2a: Empoleon\n|-resisted|p2a: Empoleon\n|-damage|p2a: Empoleon|216/278\n|move|p2a: Empoleon|Surf|p1a: Yanmega\n|-damage|p1a: Yanmega|0 fnt\n|faint|p1a: Yanmega\n|\n|-heal|p2a: Empoleon|233/278|[from] item: Leftovers\n|upkeep\n|\n|t:|1783551347\n|switch|p1a: Falinks|Falinks, L84|100/100\n|turn|9\n|inactive|Time left: 300 sec this turn | 300 sec total\n|\n|t:|1783551348\n|move|p1a: Falinks|No Retreat|p1a: Falinks\n|-boost|p1a: Falinks|atk|1\n|-boost|p1a: Falinks|def|1\n|-boost|p1a: Falinks|spa|1\n|-boost|p1a: Falinks|spd|1\n|-boost|p1a: Falinks|spe|1\n|-start|p1a: Falinks|move: No Retreat\n|move|p2a: Empoleon|Surf|p1a: Falinks\n|-damage|p1a: Falinks|66/100\n|\n|-heal|p2a: Empoleon|250/278|[from] item: Leftovers\n|upkeep\n|turn|10\n|inactive|Time left: 300 sec this turn | 300 sec total\n|\n|t:|1783551349\n|-terastallize|p2a: Empoleon|Flying\n|move|p1a: Falinks|Knock Off|p2a: Empoleon\n|-damage|p2a: Empoleon|106/278\n|-enditem|p2a: Empoleon|Leftovers|[from] move: Knock Off|[of] p1a: Falinks\n|-damage|p1a: Falinks|56/100|[from] item: Life Orb\n|move|p2a: Empoleon|Surf|p1a: Falinks\n|-damage|p1a: Falinks|18/100\n|\n|upkeep\n|turn|11\n|inactive|Time left: 300 sec this turn | 300 sec total\n|\n|t:|1783551350\n|move|p1a: Falinks|Close Combat|p2a: Empoleon\n|-resisted|p2a: Empoleon\n|-damage|p2a: Empoleon|0 fnt\n|-unboost|p1a: Falinks|def|1\n|-unboost|p1a: Falinks|spd|1\n|faint|p2a: Empoleon\n|-damage|p1a: Falinks|9/100|[from] item: Life Orb\n|\n|upkeep\n|inactive|Time left: 300 sec this turn | 300 sec total | 5 sec grace\n|\n|t:|1783551351\n|switch|p2a: Rayquaza|Rayquaza, L72|270/270\n|-ability|p2a: Rayquaza|Air Lock\n|turn|12\n|inactive|Time left: 300 sec this turn | 300 sec total\n|\n|t:|1783551352\n|move|p2a: Rayquaza|Extreme Speed|p1a: Falinks\n|-damage|p1a: Falinks|0 fnt\n|faint|p1a: Falinks\n|\n|upkeep\n|\n|t:|1783551353\n|switch|p1a: Glalie|Glalie, L96, F|100/100\n|turn|13\n|inactive|Time left: 300 sec this turn | 300 sec total\n|\n|t:|1783551355\n|switch|p2a: Regirock|Regirock, L83|268/268\n|move|p1a: Glalie|Freeze-Dry|p2a: Regirock\n|-damage|p2a: Regirock|187/268\n|\n|-heal|p2a: Regirock|203/268|[from] item: Leftovers\n|upkeep\n|turn|14\n|inactive|Time left: 300 sec this turn | 300 sec total\n|\n|t:|1783551356\n|move|p1a: Glalie|Freeze-Dry|p2a: Regirock\n|-damage|p2a: Regirock|122/268\n|move|p2a: Regirock|Body Press|p1a: Glalie\n|-supereffective|p1a: Glalie\n|-damage|p1a: Glalie|34/100\n|\n|-heal|p2a: Regirock|138/268|[from] item: Leftovers\n|upkeep\n|turn|15\n|inactive|Time left: 300 sec this turn | 300 sec total\n|\n|t:|1783551357\n|move|p1a: Glalie|Freeze-Dry|p2a: Regirock\n|-damage|p2a: Regirock|63/268\n|move|p2a: Regirock|Body Press|p1a: Glalie\n|-supereffective|p1a: Glalie\n|-damage|p1a: Glalie|0 fnt\n|faint|p1a: Glalie\n|\n|-heal|p2a: Regirock|79/268|[from] item: Leftovers\n|upkeep\n|\n|t:|1783551358\n|switch|p1a: Meganium|Meganium, L90, F|100/100\n|turn|16\n|inactive|Time left: 300 sec this turn | 300 sec total\n|\n|t:|1783551359\n|switch|p2a: Rayquaza|Rayquaza, L72|270/270\n|-ability|p2a: Rayquaza|Air Lock\n|move|p1a: Meganium|Swords Dance|p1a: Meganium\n|-boost|p1a: Meganium|atk|2\n|\n|upkeep\n|turn|17\n|inactive|Time left: 300 sec this turn | 300 sec total\n|\n|t:|1783551360\n|move|p1a: Meganium|Knock Off|p2a: Rayquaza\n|-damage|p2a: Rayquaza|119/270\n|-enditem|p2a: Rayquaza|Heavy-Duty Boots|[from] move: Knock Off|[of] p1a: Meganium\n|move|p2a: Rayquaza|Swords Dance|p2a: Rayquaza\n|-boost|p2a: Rayquaza|atk|2\n|\n|upkeep\n|turn|18\n|inactive|Time left: 300 sec this turn | 300 sec total\n|\n|t:|1783551362\n|-terastallize|p1a: Meganium|Water\n|move|p1a: Meganium|Knock Off|p2a: Rayquaza\n|-damage|p2a: Rayquaza|20/270\n|move|p2a: Rayquaza|Dragon Ascent|p1a: Meganium\n|-damage|p1a: Meganium|29/100\n|-unboost|p2a: Rayquaza|def|1\n|-unboost|p2a: Rayquaza|spd|1\n|\n|-heal|p1a: Meganium|35/100|[from] item: Leftovers\n|upkeep\n|turn|19\n|inactive|Time left: 300 sec this turn | 300 sec total\n|\n|t:|1783551363\n|move|p2a: Rayquaza|Extreme Speed|p1a: Meganium\n|-damage|p1a: Meganium|1/100\n|move|p1a: Meganium|Petal Blizzard|p2a: Rayquaza\n|-resisted|p2a: Rayquaza\n|-damage|p2a: Rayquaza|0 fnt\n|faint|p2a: Rayquaza\n|\n|-heal|p1a: Meganium|7/100|[from] item: Leftovers\n|upkeep\n|inactive|Time left: 300 sec this turn | 300 sec total | 5 sec grace\n|\n|t:|1783551364\n|switch|p2a: Zarude|Zarude-Dada, L77|288/288\n|turn|20\n|inactive|Time left: 300 sec this turn | 300 sec total\n|\n|t:|1783551365\n|move|p2a: Zarude|U-turn|p1a: Meganium\n|-damage|p1a: Meganium|0 fnt\n|faint|p1a: Meganium\n|inactive|Time left: 300 sec this turn | 300 sec total | 5 sec grace\n|\n|t:|1783551366\n|switch|p2a: Regirock|Regirock, L83|79/268|[from] U-turn\n|\n|-heal|p2a: Regirock|95/268|[from] item: Leftovers\n|upkeep\n|\n|t:|1783551366\n|switch|p1a: Meloetta|Meloetta, L82|100/100\n|turn|21\n|inactive|Time left: 300 sec this turn | 300 sec total\n|\n|t:|1783551367\n|switch|p1a: Dusknoir|Dusknoir, L89, M|100/100\n|-item|p2a: Regirock|Leftovers|[from] ability: Frisk|[of] p1a: Dusknoir\n|switch|p2a: Zarude|Zarude-Dada, L77|288/288\n|\n|upkeep\n|turn|22\n|inactive|Time left: 300 sec this turn | 300 sec total\n|\n|t:|1783551368\n|move|p2a: Zarude|Knock Off|p1a: Dusknoir\n|-supereffective|p1a: Dusknoir\n|-damage|p1a: Dusknoir|4/100\n|-enditem|p1a: Dusknoir|Choice Band|[from] move: Knock Off|[of] p2a: Zarude\n|move|p1a: Dusknoir|Trick|p2a: Zarude\n|-activate|p1a: Dusknoir|move: Trick|[of] p2a: Zarude\n|-enditem|p2a: Zarude|Choice Band|[silent]|[from] move: Trick\n|-item|p1a: Dusknoir|Choice Band|[from] move: Trick\n|\n|upkeep\n|turn|23\n|inactive|Time left: 300 sec this turn | 300 sec total\n|\n|t:|1783551369\n|move|p2a: Zarude|Knock Off|p1a: Dusknoir\n|-supereffective|p1a: Dusknoir\n|-damage|p1a: Dusknoir|0 fnt\n|-enditem|p1a: Dusknoir|Choice Band|[from] move: Knock Off|[of] p2a: Zarude\n|faint|p1a: Dusknoir\n|\n|upkeep\n|\n|t:|1783551370\n|switch|p1a: Meloetta|Meloetta, L82|100/100\n|turn|24\n|inactive|Time left: 300 sec this turn | 300 sec total\n|\n|t:|1783551370\n|move|p2a: Zarude|Knock Off|p1a: Meloetta\n|-supereffective|p1a: Meloetta\n|-damage|p1a: Meloetta|24/100\n|-enditem|p1a: Meloetta|Life Orb|[from] move: Knock Off|[of] p2a: Zarude\n|move|p1a: Meloetta|Relic Song|p2a: Zarude\n|-damage|p2a: Zarude|191/288\n|-status|p2a: Zarude|slp|[from] move: Relic Song\n|-formechange|p1a: Meloetta|Meloetta-Pirouette|[msg]\n|\n|upkeep\n|turn|25\n|inactive|Time left: 300 sec this turn | 300 sec total\n|\n|t:|1783551371\n|switch|p2a: Regirock|Regirock, L83|95/268\n|move|p1a: Meloetta|Close Combat|p2a: Regirock\n|-supereffective|p2a: Regirock\n|-damage|p2a: Regirock|0 fnt\n|-unboost|p1a: Meloetta|def|1\n|-unboost|p1a: Meloetta|spd|1\n|faint|p2a: Regirock\n|\n|upkeep\n|inactive|Time left: 300 sec this turn | 300 sec total | 5 sec grace\n|\n|t:|1783551371\n|switch|p2a: Politoed|Politoed, L88, F|302/302\n|-weather|RainDance|[from] ability: Drizzle|[of] p2a: Politoed\n|turn|26\n|inactive|Time left: 300 sec this turn | 300 sec total\n|\n|t:|1783551372\n|move|p1a: Meloetta|Relic Song|p2a: Politoed\n|-damage|p2a: Politoed|242/302\n|-formechange|p1a: Meloetta|Meloetta|[msg]\n|move|p2a: Politoed|Ice Beam|p1a: Meloetta\n|-damage|p1a: Meloetta|0 fnt\n|faint|p1a: Meloetta\n|\n|win|p0y10487c32", "uploadtime": 1783551372, "views": 0, "rating": 0, "private": 0, "password": null, "_winner": "p0y10487c32", "_our_name": "p0y10487c32"}