{"id": "battle-gen9randombattle-488", "formatid": "gen9randombattle", "format": "[Gen 9] Random Battle", "players": ["p0x488c93c", "p0y4885d8f"], "log": "|init|battle\n|title|p0x488c93c vs. p0y4885d8f\n|j|\u2606p0x488c93c\n|j|\u2606p0y4885d8f\n|t:|1783544714\n|gametype|singles\n|player|p1|p0x488c93c|101|\n|player|p2|p0y4885d8f|265|\n|gen|9\n|tier|[Gen 9] Random Battle\n|rule|Species Clause: Limit one of each Pok\u00e9mon\n|rule|HP Percentage Mod: HP is shown in percentages\n|rule|Sleep Clause Mod: Limit one foe put to sleep\n|rule|Illusion Level Mod: Illusion disguises the Pok\u00e9mon's true level\n|\n|t:|1783544714\n|teamsize|p1|6\n|teamsize|p2|6\n|start\n|switch|p1a: Hypno|Hypno, L95, F|315/315\n|switch|p2a: Roaring Moon|Roaring Moon, L72|100/100\n|turn|1\n|inactive|Battle timer is ON: inactive players will automatically lose when time's up. (requested by p0y4885d8f)\n|inactive|Time left: 300 sec this turn | 300 sec total | 60 sec grace\n|inactive|p0x488c93c also wants the timer to be on.\n|\n|t:|1783544716\n|move|p1a: Hypno|Protect|p1a: Hypno\n|-singleturn|p1a: Hypno|Protect\n|move|p2a: Roaring Moon|Outrage|p1a: Hypno\n|-activate|p1a: Hypno|move: Protect\n|\n|upkeep\n|turn|2\n|inactive|Time left: 300 sec this turn | 300 sec total\n|\n|t:|1783544717\n|switch|p1a: Ribombee|Ribombee, L83, M|235/235\n|move|p2a: Roaring Moon|Outrage|p1a: Ribombee\n|-immune|p1a: Ribombee\n|\n|upkeep\n|turn|3\n|inactive|Time left: 300 sec this turn | 300 sec total\n|\n|t:|1783544718\n|move|p1a: Ribombee|Moonblast|p2a: Roaring Moon\n|-supereffective|p2a: Roaring Moon\n|-damage|p2a: Roaring Moon|0 fnt\n|faint|p2a: Roaring Moon\n|-end|p2a: Roaring Moon|Protosynthesis|[silent]\n|\n|upkeep\n|\n|t:|1783544719\n|switch|p2a: Victreebel|Victreebel, L90, F|100/100\n|turn|4\n|inactive|Time left: 300 sec this turn | 300 sec total\n|\n|t:|1783544720\n|move|p1a: Ribombee|Quiver Dance|p1a: Ribombee\n|-boost|p1a: Ribombee|spa|1\n|-boost|p1a: Ribombee|spd|1\n|-boost|p1a: Ribombee|spe|1\n|move|p2a: Victreebel|Poison Jab|p1a: Ribombee\n|-supereffective|p1a: Ribombee\n|-damage|p1a: Ribombee|0 fnt\n|faint|p1a: Ribombee\n|-damage|p2a: Victreebel|90/100|[from] item: Life Orb\n|\n|upkeep\n|inactive|Time left: 300 sec this turn | 300 sec total | 5 sec grace\n|\n|t:|1783544721\n|switch|p1a: Houndstone|Houndstone, L86, M|264/264\n|turn|5\n|inactive|Time left: 300 sec this turn | 300 sec total\n|\n|t:|1783544722\n|move|p2a: Victreebel|Swords Dance|p2a: Victreebel\n|-boost|p2a: Victreebel|atk|2\n|move|p1a: Houndstone|Poltergeist|p2a: Victreebel|[miss]\n|-miss|p1a: Houndstone|p2a: Victreebel\n|\n|upkeep\n|turn|6\n|inactive|Time left: 300 sec this turn | 300 sec total\n|\n|t:|1783544723\n|move|p2a: Victreebel|Power Whip|p1a: Houndstone|[miss]\n|-miss|p2a: Victreebel|p1a: Houndstone\n|move|p1a: Houndstone|Poltergeist|p2a: Victreebel\n|-activate|p2a: Victreebel|move: Poltergeist|Life Orb\n|-damage|p2a: Victreebel|37/100\n|\n|upkeep\n|turn|7\n|inactive|Time left: 300 sec this turn | 300 sec total\n|\n|t:|1783544724\n|move|p2a: Victreebel|Power Whip|p1a: Houndstone\n|-damage|p1a: Houndstone|89/264\n|-damage|p2a: Victreebel|27/100|[from] item: Life Orb\n|move|p1a: Houndstone|Poltergeist|p2a: Victreebel\n|-activate|p2a: Victreebel|move: Poltergeist|Life Orb\n|-damage|p2a: Victreebel|0 fnt\n|faint|p2a: Victreebel\n|\n|upkeep\n|\n|t:|1783544725\n|switch|p2a: Bombirdier|Bombirdier, L85, M|100/100\n|turn|8\n|inactive|Time left: 300 sec this turn | 300 sec total\n|\n|t:|1783544726\n|switch|p1a: Iron Treads|Iron Treads, L77|265/265\n|move|p2a: Bombirdier|Knock Off|p1a: Iron Treads\n|-damage|p1a: Iron Treads|163/265\n|-enditem|p1a: Iron Treads|Assault Vest|[from] move: Knock Off|[of] p2a: Bombirdier\n|\n|upkeep\n|turn|9\n|inactive|Time left: 300 sec this turn | 300 sec total\n|\n|t:|1783544728\n|move|p1a: Iron Treads|Iron Head|p2a: Bombirdier\n|-damage|p2a: Bombirdier|66/100\n|move|p2a: Bombirdier|Stealth Rock|p1a: Iron Treads\n|-sidestart|p1: p0x488c93c|move: Stealth Rock\n|\n|upkeep\n|turn|10\n|inactive|Time left: 300 sec this turn | 300 sec total\n|\n|t:|1783544729\n|move|p1a: Iron Treads|Rapid Spin|p2a: Bombirdier\n|-damage|p2a: Bombirdier|54/100\n|-boost|p1a: Iron Treads|spe|1\n|-sideend|p1: p0x488c93c|Stealth Rock|[from] move: Rapid Spin|[of] p1a: Iron Treads\n|move|p2a: Bombirdier|Roost|p2a: Bombirdier\n|-heal|p2a: Bombirdier|100/100\n|-singleturn|p2a: Bombirdier|move: Roost\n|\n|upkeep\n|turn|11\n|inactive|Time left: 300 sec this turn | 300 sec total\n|\n|t:|1783544730\n|move|p1a: Iron Treads|Iron Head|p2a: Bombirdier\n|-crit|p2a: Bombirdier\n|-damage|p2a: Bombirdier|51/100\n|move|p2a: Bombirdier|Knock Off|p1a: Iron Treads\n|-damage|p1a: Iron Treads|102/265\n|\n|upkeep\n|turn|12\n|inactive|Time left: 300 sec this turn | 300 sec total\n|\n|t:|1783544731\n|move|p1a: Iron Treads|Iron Head|p2a: Bombirdier\n|-damage|p2a: Bombirdier|19/100\n|move|p2a: Bombirdier|Roost|p2a: Bombirdier\n|-heal|p2a: Bombirdier|69/100\n|-singleturn|p2a: Bombirdier|move: Roost\n|\n|upkeep\n|turn|13\n|inactive|Time left: 300 sec this turn | 300 sec total\n|\n|t:|1783544732\n|move|p1a: Iron Treads|Iron Head|p2a: Bombirdier\n|-damage|p2a: Bombirdier|38/100\n|move|p2a: Bombirdier|Knock Off|p1a: Iron Treads\n|-damage|p1a: Iron Treads|41/265\n|\n|upkeep\n|turn|14\n|inactive|Time left: 300 sec this turn | 300 sec total\n|\n|t:|1783544733\n|move|p1a: Iron Treads|Iron Head|p2a: Bombirdier\n|-damage|p2a: Bombirdier|5/100\n|move|p2a: Bombirdier|Knock Off|p1a: Iron Treads\n|-damage|p1a: Iron Treads|0 fnt\n|faint|p1a: Iron Treads\n|-end|p1a: Iron Treads|Quark Drive|[silent]\n|\n|upkeep\n|inactive|Time left: 300 sec this turn | 300 sec total | 5 sec grace\n|\n|t:|1783544734\n|switch|p1a: Hydrapple|Hydrapple, L83, M|312/312\n|turn|15\n|inactive|Time left: 300 sec this turn | 300 sec total\n|\n|t:|1783544735\n|move|p2a: Bombirdier|Brave Bird|p1a: Hydrapple\n|-supereffective|p1a: Hydrapple\n|-damage|p1a: Hydrapple|78/312\n|-damage|p2a: Bombirdier|0 fnt|[from] Recoil\n|faint|p2a: Bombirdier\n|move|p1a: Hydrapple|Nasty Plot|p1a: Hydrapple\n|-boost|p1a: Hydrapple|spa|2\n|\n|-heal|p1a: Hydrapple|97/312|[from] item: Leftovers\n|upkeep\n|\n|t:|1783544735\n|switch|p2a: Metagross|Metagross, L79|100/100\n|turn|16\n|inactive|Time left: 300 sec this turn | 300 sec total\n|\n|t:|1783544736\n|-terastallize|p1a: Hydrapple|Steel\n|move|p2a: Metagross|Heavy Slam|p1a: Hydrapple\n|-resisted|p1a: Hydrapple\n|-damage|p1a: Hydrapple|36/312\n|move|p1a: Hydrapple|Recover|p1a: Hydrapple\n|-heal|p1a: Hydrapple|192/312\n|\n|-heal|p1a: Hydrapple|211/312|[from] item: Leftovers\n|upkeep\n|turn|17\n|inactive|Time left: 300 sec this turn | 300 sec total\n|\n|t:|1783544737\n|-terastallize|p2a: Metagross|Ground\n|move|p2a: Metagross|Earthquake|p1a: Hydrapple\n|-supereffective|p1a: Hydrapple\n|-damage|p1a: Hydrapple|0 fnt\n|faint|p1a: Hydrapple\n|\n|upkeep\n|inactive|Time left: 300 sec this turn | 300 sec total | 5 sec grace\n|\n|t:|1783544738\n|switch|p1a: Walking Wake|Walking Wake, L79|286/286\n|turn|18\n|inactive|Time left: 300 sec this turn | 300 sec total\n|\n|t:|1783544739\n|switch|p2a: Iron Hands|Iron Hands, L79|100/100\n|move|p1a: Walking Wake|Hydro Steam|p2a: Iron Hands\n|-damage|p2a: Iron Hands|59/100\n|-damage|p1a: Walking Wake|258/286|[from] item: Life Orb\n|\n|-heal|p2a: Iron Hands|66/100|[from] item: Leftovers\n|upkeep\n|turn|19\n|inactive|Time left: 300 sec this turn | 300 sec total\n|\n|t:|1783544740\n|move|p1a: Walking Wake|Hydro Steam|p2a: Iron Hands\n|-damage|p2a: Iron Hands|28/100\n|-damage|p1a: Walking Wake|230/286|[from] item: Life Orb\n|move|p2a: Iron Hands|Drain Punch|p1a: Walking Wake\n|-damage|p1a: Walking Wake|131/286\n|-heal|p2a: Iron Hands|41/100|[from] drain|[of] p1a: Walking Wake\n|\n|-heal|p2a: Iron Hands|47/100|[from] item: Leftovers\n|upkeep\n|turn|20\n|inactive|Time left: 300 sec this turn | 300 sec total\n|\n|t:|1783544741\n|move|p1a: Walking Wake|Draco Meteor|p2a: Iron Hands\n|-damage|p2a: Iron Hands|0 fnt\n|-unboost|p1a: Walking Wake|spa|2\n|faint|p2a: Iron Hands\n|-end|p2a: Iron Hands|Quark Drive|[silent]\n|-damage|p1a: Walking Wake|103/286|[from] item: Life Orb\n|\n|upkeep\n|\n|t:|1783544742\n|switch|p2a: Metagross|Metagross, L79, tera:Ground|100/100\n|turn|21\n|inactive|Time left: 300 sec this turn | 300 sec total\n|\n|t:|1783544743\n|move|p1a: Walking Wake|Hydro Steam|p2a: Metagross\n|-supereffective|p2a: Metagross\n|-damage|p2a: Metagross|51/100\n|-enditem|p2a: Metagross|Weakness Policy\n|-boost|p2a: Metagross|atk|2|[from] item: Weakness Policy\n|-boost|p2a: Metagross|spa|2|[from] item: Weakness Policy\n|-damage|p1a: Walking Wake|75/286|[from] item: Life Orb\n|move|p2a: Metagross|Agility|p2a: Metagross\n|-boost|p2a: Metagross|spe|2\n|\n|upkeep\n|turn|22\n|inactive|Time left: 300 sec this turn | 300 sec total\n|\n|t:|1783544744\n|move|p2a: Metagross|Knock Off|p1a: Walking Wake\n|-damage|p1a: Walking Wake|0 fnt\n|-enditem|p1a: Walking Wake|Life Orb|[from] move: Knock Off|[of] p2a: Metagross\n|faint|p1a: Walking Wake\n|-end|p1a: Walking Wake|Protosynthesis|[silent]\n|\n|upkeep\n|inactive|Time left: 300 sec this turn | 300 sec total | 5 sec grace\n|\n|t:|1783544745\n|switch|p1a: Hypno|Hypno, L95, F|315/315\n|turn|23\n|inactive|Time left: 300 sec this turn | 300 sec total\n|\n|t:|1783544746\n|move|p1a: Hypno|Protect|p1a: Hypno\n|-singleturn|p1a: Hypno|Protect\n|move|p2a: Metagross|Knock Off|p1a: Hypno\n|-activate|p1a: Hypno|move: Protect\n|\n|upkeep\n|turn|24\n|inactive|Time left: 300 sec this turn | 300 sec total\n|\n|t:|1783544747\n|move|p1a: Hypno|Protect||[still]\n|-fail|p1a: Hypno\n|move|p2a: Metagross|Knock Off|p1a: Hypno\n|-supereffective|p1a: Hypno\n|-damage|p1a: Hypno|11/315\n|-enditem|p1a: Hypno|Leftovers|[from] move: Knock Off|[of] p2a: Metagross\n|\n|upkeep\n|turn|25\n|inactive|Time left: 300 sec this turn | 300 sec total\n|\n|t:|1783544748\n|move|p1a: Hypno|Protect|p1a: Hypno\n|-singleturn|p1a: Hypno|Protect\n|move|p2a: Metagross|Knock Off|p1a: Hypno\n|-activate|p1a: Hypno|move: Protect\n|\n|upkeep\n|turn|26\n|inactive|Time left: 300 sec this turn | 300 sec total\n|\n|t:|1783544749\n|move|p1a: Hypno|Protect||[still]\n|-fail|p1a: Hypno\n|move|p2a: Metagross|Earthquake|p1a: Hypno\n|-damage|p1a: Hypno|0 fnt\n|faint|p1a: Hypno\n|\n|upkeep\n|inactive|Time left: 300 sec this turn | 300 sec total | 5 sec grace\n|\n|t:|1783544750\n|switch|p1a: Houndstone|Houndstone, L86, M|89/264\n|turn|27\n|inactive|Time left: 300 sec this turn | 300 sec total\n|\n|t:|1783544751\n|move|p1a: Houndstone|Shadow Sneak|p2a: Metagross\n|-damage|p2a: Metagross|36/100\n|move|p2a: Metagross|Earthquake|p1a: Houndstone\n|-damage|p1a: Houndstone|0 fnt\n|faint|p1a: Houndstone\n|\n|win|p0y4885d8f", "uploadtime": 1783544751, "views": 0, "rating": 0, "private": 0, "password": null, "_winner": "p0y4885d8f", "_our_name": "p0x488c93c"}