{"id": "battle-gen9randombattle-236", "formatid": "gen9randombattle", "format": "[Gen 9] Random Battle", "players": ["p0x2371667", "p0y237626c"], "log": "|init|battle\n|title|p0x2371667 vs. p0y237626c\n|j|\u2606p0x2371667\n|j|\u2606p0y237626c\n|t:|1783541847\n|gametype|singles\n|player|p1|p0x2371667|2|\n|player|p2|p0y237626c|266|\n|gen|9\n|tier|[Gen 9] Random Battle\n|rule|Species Clause: Limit one of each Pok\u00e9mon\n|rule|HP Percentage Mod: HP is shown in percentages\n|rule|Sleep Clause Mod: Limit one foe put to sleep\n|rule|Illusion Level Mod: Illusion disguises the Pok\u00e9mon's true level\n|\n|t:|1783541847\n|teamsize|p1|6\n|teamsize|p2|6\n|start\n|switch|p1a: Gurdurr|Gurdurr, L85, F|283/283\n|switch|p2a: Vileplume|Vileplume, L85, M|100/100\n|turn|1\n|inactive|Battle timer is ON: inactive players will automatically lose when time's up. (requested by p0y237626c)\n|inactive|Time left: 300 sec this turn | 300 sec total | 60 sec grace\n|inactive|p0x2371667 also wants the timer to be on.\n|\n|t:|1783541849\n|move|p2a: Vileplume|Sludge Bomb|p1a: Gurdurr\n|-damage|p1a: Gurdurr|180/283\n|move|p1a: Gurdurr|Drain Punch|p2a: Vileplume\n|-resisted|p2a: Vileplume\n|-damage|p2a: Vileplume|85/100\n|-heal|p1a: Gurdurr|201/283|[from] drain|[of] p2a: Vileplume\n|\n|-heal|p2a: Vileplume|91/100|[from] item: Leftovers\n|upkeep\n|turn|2\n|inactive|Time left: 300 sec this turn | 300 sec total\n|\n|t:|1783541850\n|move|p2a: Vileplume|Sludge Bomb|p1a: Gurdurr\n|-damage|p1a: Gurdurr|96/283\n|move|p1a: Gurdurr|Drain Punch|p2a: Vileplume\n|-resisted|p2a: Vileplume\n|-crit|p2a: Vileplume\n|-damage|p2a: Vileplume|67/100\n|-heal|p1a: Gurdurr|128/283|[from] drain|[of] p2a: Vileplume\n|-status|p1a: Gurdurr|par|[from] ability: Effect Spore|[of] p2a: Vileplume\n|\n|-heal|p2a: Vileplume|73/100|[from] item: Leftovers\n|upkeep\n|turn|3\n|inactive|Time left: 300 sec this turn | 300 sec total\n|\n|t:|1783541851\n|move|p2a: Vileplume|Giga Drain|p1a: Gurdurr\n|-damage|p1a: Gurdurr|35/283 par\n|-heal|p2a: Vileplume|91/100|[from] drain|[of] p1a: Gurdurr\n|move|p1a: Gurdurr|Knock Off|p2a: Vileplume\n|-damage|p2a: Vileplume|49/100\n|-enditem|p2a: Vileplume|Leftovers|[from] move: Knock Off|[of] p1a: Gurdurr\n|\n|upkeep\n|turn|4\n|inactive|Time left: 300 sec this turn | 300 sec total\n|\n|t:|1783541852\n|move|p2a: Vileplume|Strength Sap|p1a: Gurdurr\n|-unboost|p1a: Gurdurr|atk|1\n|-heal|p2a: Vileplume|100/100\n|move|p1a: Gurdurr|Knock Off|p2a: Vileplume\n|-damage|p2a: Vileplume|81/100\n|\n|upkeep\n|turn|5\n|inactive|Time left: 300 sec this turn | 300 sec total\n|\n|t:|1783541853\n|switch|p1a: Reshiram|Reshiram, L76|277/277\n|-ability|p1a: Reshiram|Turboblaze\n|move|p2a: Vileplume|Giga Drain|p1a: Reshiram\n|-resisted|p1a: Reshiram\n|-damage|p1a: Reshiram|256/277\n|-heal|p2a: Vileplume|85/100|[from] drain|[of] p1a: Reshiram\n|\n|upkeep\n|turn|6\n|inactive|Time left: 300 sec this turn | 300 sec total\n|\n|t:|1783541854\n|switch|p2a: Pelipper|Pelipper, L86, F|100/100\n|-weather|RainDance|[from] ability: Drizzle|[of] p2a: Pelipper\n|move|p1a: Reshiram|Blue Flare|p2a: Pelipper\n|-resisted|p2a: Pelipper\n|-damage|p2a: Pelipper|82/100\n|\n|-weather|RainDance|[upkeep]\n|upkeep\n|turn|7\n|inactive|Time left: 300 sec this turn | 300 sec total\n|\n|t:|1783541855\n|move|p1a: Reshiram|Draco Meteor|p2a: Pelipper|[miss]\n|-miss|p1a: Reshiram|p2a: Pelipper\n|move|p2a: Pelipper|Hydro Pump|p1a: Reshiram\n|-damage|p1a: Reshiram|85/277\n|\n|-weather|RainDance|[upkeep]\n|upkeep\n|turn|8\n|inactive|Time left: 300 sec this turn | 300 sec total\n|\n|t:|1783541856\n|move|p1a: Reshiram|Draco Meteor|p2a: Pelipper\n|-damage|p2a: Pelipper|11/100\n|-unboost|p1a: Reshiram|spa|2\n|move|p2a: Pelipper|Hurricane|p1a: Reshiram\n|-damage|p1a: Reshiram|0 fnt\n|faint|p1a: Reshiram\n|\n|-weather|RainDance|[upkeep]\n|upkeep\n|inactive|Time left: 300 sec this turn | 300 sec total | 5 sec grace\n|\n|t:|1783541857\n|switch|p1a: Salazzle|Salazzle, L83, F|249/249\n|turn|9\n|inactive|Time left: 300 sec this turn | 300 sec total\n|\n|t:|1783541859\n|move|p1a: Salazzle|Sludge Wave|p2a: Pelipper\n|-damage|p2a: Pelipper|0 fnt\n|faint|p2a: Pelipper\n|\n|-weather|RainDance|[upkeep]\n|upkeep\n|\n|t:|1783541859\n|switch|p2a: Krookodile|Krookodile, L79, F|100/100\n|-ability|p2a: Krookodile|Intimidate|boost\n|-unboost|p1a: Salazzle|atk|1\n|turn|10\n|inactive|Time left: 300 sec this turn | 300 sec total\n|\n|t:|1783541861\n|switch|p1a: Ursaluna|Ursaluna-Bloodmoon, L79, M|308/308\n|move|p2a: Krookodile|Earthquake|p1a: Ursaluna\n|-damage|p1a: Ursaluna|218/308\n|\n|-weather|none\n|-heal|p1a: Ursaluna|237/308|[from] item: Leftovers\n|upkeep\n|turn|11\n|inactive|Time left: 300 sec this turn | 300 sec total\n|\n|t:|1783541862\n|move|p2a: Krookodile|Knock Off|p1a: Ursaluna\n|-damage|p1a: Ursaluna|147/308\n|-enditem|p1a: Ursaluna|Leftovers|[from] move: Knock Off|[of] p2a: Krookodile\n|move|p1a: Ursaluna|Blood Moon|p2a: Krookodile\n|-damage|p2a: Krookodile|29/100\n|\n|-heal|p2a: Krookodile|35/100|[from] item: Leftovers\n|upkeep\n|turn|12\n|inactive|Time left: 300 sec this turn | 300 sec total\n|\n|t:|1783541863\n|move|p2a: Krookodile|Earthquake|p1a: Ursaluna\n|-damage|p1a: Ursaluna|51/308\n|move|p1a: Ursaluna|Moonlight|p1a: Ursaluna\n|-heal|p1a: Ursaluna|205/308\n|\n|-heal|p2a: Krookodile|42/100|[from] item: Leftovers\n|upkeep\n|turn|13\n|inactive|Time left: 300 sec this turn | 300 sec total\n|\n|t:|1783541864\n|move|p2a: Krookodile|Earthquake|p1a: Ursaluna\n|-damage|p1a: Ursaluna|120/308\n|move|p1a: Ursaluna|Blood Moon|p2a: Krookodile\n|-damage|p2a: Krookodile|0 fnt\n|faint|p2a: Krookodile\n|\n|upkeep\n|\n|t:|1783541865\n|switch|p2a: Vileplume|Vileplume, L85, M|85/100\n|turn|14\n|inactive|Time left: 300 sec this turn | 300 sec total\n|\n|t:|1783541866\n|-terastallize|p1a: Ursaluna|Poison\n|move|p2a: Vileplume|Giga Drain|p1a: Ursaluna\n|-resisted|p1a: Ursaluna\n|-damage|p1a: Ursaluna|62/308\n|-heal|p2a: Vileplume|96/100|[from] drain|[of] p1a: Ursaluna\n|move|p1a: Ursaluna|Moonlight|p1a: Ursaluna\n|-heal|p1a: Ursaluna|216/308\n|\n|upkeep\n|turn|15\n|inactive|Time left: 300 sec this turn | 300 sec total\n|\n|t:|1783541867\n|move|p2a: Vileplume|Leech Seed|p1a: Ursaluna\n|-start|p1a: Ursaluna|move: Leech Seed\n|move|p1a: Ursaluna|Calm Mind|p1a: Ursaluna\n|-boost|p1a: Ursaluna|spa|1\n|-boost|p1a: Ursaluna|spd|1\n|\n|-damage|p1a: Ursaluna|178/308|[from] Leech Seed|[of] p2a: Vileplume\n|-heal|p2a: Vileplume|100/100|[silent]\n|upkeep\n|turn|16\n|inactive|Time left: 300 sec this turn | 300 sec total\n|\n|t:|1783541868\n|switch|p2a: Glalie|Glalie, L96, F|100/100\n|move|p1a: Ursaluna|Earth Power|p2a: Glalie\n|-damage|p2a: Glalie|48/100\n|\n|-damage|p1a: Ursaluna|140/308|[from] Leech Seed|[of] p2a: Glalie\n|-heal|p2a: Glalie|60/100|[silent]\n|upkeep\n|turn|17\n|inactive|Time left: 300 sec this turn | 300 sec total\n|\n|t:|1783541869\n|-terastallize|p2a: Glalie|Ground\n|move|p2a: Glalie|Earthquake|p1a: Ursaluna\n|-supereffective|p1a: Ursaluna\n|-damage|p1a: Ursaluna|0 fnt\n|faint|p1a: Ursaluna\n|\n|upkeep\n|inactive|Time left: 300 sec this turn | 300 sec total | 5 sec grace\n|\n|t:|1783541870\n|switch|p1a: Rillaboom|Rillaboom, L79, M|288/288\n|-fieldstart|move: Grassy Terrain|[from] ability: Grassy Surge|[of] p1a: Rillaboom\n|turn|18\n|inactive|Time left: 300 sec this turn | 300 sec total\n|\n|t:|1783541871\n|switch|p2a: Vileplume|Vileplume, L85, M|100/100\n|move|p1a: Rillaboom|Grassy Glide|p2a: Vileplume\n|-resisted|p2a: Vileplume\n|-damage|p2a: Vileplume|90/100\n|-damage|p1a: Rillaboom|260/288|[from] item: Life Orb\n|\n|-heal|p1a: Rillaboom|278/288|[from] Grassy Terrain\n|-heal|p2a: Vileplume|96/100|[from] Grassy Terrain\n|upkeep\n|turn|19\n|inactive|Time left: 300 sec this turn | 300 sec total\n|\n|t:|1783541872\n|switch|p1a: Salazzle|Salazzle, L83, F|249/249\n|move|p2a: Vileplume|Sludge Bomb|p1a: Salazzle\n|-resisted|p1a: Salazzle\n|-crit|p1a: Salazzle\n|-damage|p1a: Salazzle|146/249\n|\n|-heal|p1a: Salazzle|161/249|[from] Grassy Terrain\n|-heal|p2a: Vileplume|100/100|[from] Grassy Terrain\n|upkeep\n|turn|20\n|inactive|Time left: 300 sec this turn | 300 sec total\n|\n|t:|1783541873\n|move|p1a: Salazzle|Nasty Plot|p1a: Salazzle\n|-boost|p1a: Salazzle|spa|2\n|move|p2a: Vileplume|Leech Seed|p1a: Salazzle\n|-start|p1a: Salazzle|move: Leech Seed\n|\n|-heal|p1a: Salazzle|176/249|[from] Grassy Terrain\n|-damage|p1a: Salazzle|145/249|[from] Leech Seed|[of] p2a: Vileplume\n|upkeep\n|turn|21\n|inactive|Time left: 300 sec this turn | 300 sec total\n|\n|t:|1783541874\n|switch|p2a: Palafin|Palafin, L77, F|100/100\n|move|p1a: Salazzle|Fire Blast|p2a: Palafin\n|-resisted|p2a: Palafin\n|-damage|p2a: Palafin|39/100\n|\n|-heal|p1a: Salazzle|160/249|[from] Grassy Terrain\n|-heal|p2a: Palafin|45/100|[from] Grassy Terrain\n|-damage|p1a: Salazzle|129/249|[from] Leech Seed|[of] p2a: Palafin\n|-heal|p2a: Palafin|56/100|[silent]\n|upkeep\n|turn|22\n|inactive|Time left: 300 sec this turn | 300 sec total\n|\n|t:|1783541875\n|switch|p1a: Carbink|Carbink, L90|236/236\n|move|p2a: Palafin|Jet Punch|p1a: Carbink\n|-supereffective|p1a: Carbink\n|-damage|p1a: Carbink|158/236\n|\n|-heal|p2a: Palafin|62/100|[from] Grassy Terrain\n|-heal|p1a: Carbink|172/236|[from] Grassy Terrain\n|-heal|p1a: Carbink|186/236|[from] item: Leftovers\n|-fieldend|move: Grassy Terrain\n|upkeep\n|turn|23\n|inactive|Time left: 300 sec this turn | 300 sec total\n|\n|t:|1783541876\n|detailschange|p2a: Palafin|Palafin-Hero, L77, F\n|switch|p2a: Vileplume|Vileplume, L85, M|100/100\n|move|p1a: Carbink|Moonblast|p2a: Vileplume\n|-resisted|p2a: Vileplume\n|-damage|p2a: Vileplume|87/100\n|-unboost|p2a: Vileplume|spa|1\n|\n|-heal|p1a: Carbink|200/236|[from] item: Leftovers\n|upkeep\n|turn|24\n|inactive|Time left: 300 sec this turn | 300 sec total\n|\n|t:|1783541877\n|move|p1a: Carbink|Iron Defense|p1a: Carbink\n|-boost|p1a: Carbink|def|2\n|move|p2a: Vileplume|Leech Seed|p1a: Carbink\n|-start|p1a: Carbink|move: Leech Seed\n|\n|-heal|p1a: Carbink|214/236|[from] item: Leftovers\n|-damage|p1a: Carbink|185/236|[from] Leech Seed|[of] p2a: Vileplume\n|-heal|p2a: Vileplume|97/100|[silent]\n|upkeep\n|turn|25\n|inactive|Time left: 300 sec this turn | 300 sec total\n|\n|t:|1783541878\n|move|p1a: Carbink|Rock Polish|p1a: Carbink\n|-boost|p1a: Carbink|spe|2\n|move|p2a: Vileplume|Giga Drain|p1a: Carbink\n|-supereffective|p1a: Carbink\n|-damage|p1a: Carbink|107/236\n|-heal|p2a: Vileplume|100/100|[from] drain|[of] p1a: Carbink\n|\n|-heal|p1a: Carbink|121/236|[from] item: Leftovers\n|-damage|p1a: Carbink|92/236|[from] Leech Seed|[of] p2a: Vileplume\n|upkeep\n|turn|26\n|inactive|Time left: 300 sec this turn | 300 sec total\n|\n|t:|1783541879\n|switch|p1a: Salazzle|Salazzle, L83, F|129/249\n|move|p2a: Vileplume|Giga Drain|p1a: Salazzle\n|-resisted|p1a: Salazzle\n|-damage|p1a: Salazzle|108/249\n|\n|upkeep\n|turn|27\n|inactive|Time left: 300 sec this turn | 300 sec total\n|\n|t:|1783541880\n|switch|p2a: Palafin|Palafin-Hero, L77, F|62/100\n|-activate|p2a: Palafin|ability: Zero to Hero\n|move|p1a: Salazzle|Fire Blast|p2a: Palafin\n|-resisted|p2a: Palafin\n|-damage|p2a: Palafin|36/100\n|\n|upkeep\n|turn|28\n|inactive|Time left: 300 sec this turn | 300 sec total\n|\n|t:|1783541881\n|switch|p1a: Rillaboom|Rillaboom, L79, M|278/288\n|-fieldstart|move: Grassy Terrain|[from] ability: Grassy Surge|[of] p1a: Rillaboom\n|move|p2a: Palafin|Jet Punch|p1a: Rillaboom\n|-resisted|p1a: Rillaboom\n|-damage|p1a: Rillaboom|215/288\n|\n|-heal|p2a: Palafin|42/100|[from] Grassy Terrain\n|-heal|p1a: Rillaboom|233/288|[from] Grassy Terrain\n|upkeep\n|turn|29\n|inactive|Time left: 300 sec this turn | 300 sec total\n|\n|t:|1783541882\n|switch|p2a: Vileplume|Vileplume, L85, M|100/100\n|move|p1a: Rillaboom|Swords Dance|p1a: Rillaboom\n|-boost|p1a: Rillaboom|atk|2\n|\n|-heal|p1a: Rillaboom|251/288|[from] Grassy Terrain\n|upkeep\n|turn|30\n|inactive|Time left: 300 sec this turn | 300 sec total\n|\n|t:|1783541883\n|switch|p1a: Gurdurr|Gurdurr, L85, F|35/283 par\n|move|p2a: Vileplume|Sludge Bomb|p1a: Gurdurr\n|-damage|p1a: Gurdurr|0 fnt\n|faint|p1a: Gurdurr\n|\n|upkeep\n|inactive|Time left: 300 sec this turn | 300 sec total | 5 sec grace\n|\n|t:|1783541883\n|switch|p1a: Salazzle|Salazzle, L83, F|108/249\n|turn|31\n|inactive|Time left: 300 sec this turn | 300 sec total\n|\n|t:|1783541884\n|switch|p2a: Palafin|Palafin-Hero, L77, F|42/100\n|move|p1a: Salazzle|Fire Blast|p2a: Palafin\n|-resisted|p2a: Palafin\n|-damage|p2a: Palafin|16/100\n|\n|-heal|p1a: Salazzle|123/249|[from] Grassy Terrain\n|-heal|p2a: Palafin|22/100|[from] Grassy Terrain\n|upkeep\n|turn|32\n|inactive|Time left: 300 sec this turn | 300 sec total\n|\n|t:|1783541885\n|switch|p1a: Rillaboom|Rillaboom, L79, M|251/288\n|move|p2a: Palafin|Jet Punch|p1a: Rillaboom\n|-resisted|p1a: Rillaboom\n|-damage|p1a: Rillaboom|185/288\n|\n|-heal|p2a: Palafin|28/100|[from] Grassy Terrain\n|-heal|p1a: Rillaboom|203/288|[from] Grassy Terrain\n|-fieldend|move: Grassy Terrain\n|upkeep\n|turn|33\n|inactive|Time left: 300 sec this turn | 300 sec total\n|\n|t:|1783541886\n|move|p2a: Palafin|Jet Punch|p1a: Rillaboom\n|-resisted|p1a: Rillaboom\n|-damage|p1a: Rillaboom|146/288\n|move|p1a: Rillaboom|Swords Dance|p1a: Rillaboom\n|-boost|p1a: Rillaboom|atk|2\n|\n|upkeep\n|turn|34\n|inactive|Time left: 300 sec this turn | 300 sec total\n|\n|t:|1783541887\n|move|p2a: Palafin|Jet Punch|p1a: Rillaboom\n|-resisted|p1a: Rillaboom\n|-damage|p1a: Rillaboom|82/288\n|move|p1a: Rillaboom|Grassy Glide|p2a: Palafin\n|-supereffective|p2a: Palafin\n|-damage|p2a: Palafin|0 fnt\n|faint|p2a: Palafin\n|-damage|p1a: Rillaboom|54/288|[from] item: Life Orb\n|\n|upkeep\n|\n|t:|1783541888\n|switch|p2a: Glalie|Glalie, L96, F, tera:Ground|60/100\n|turn|35\n|inactive|Time left: 300 sec this turn | 300 sec total\n|\n|t:|1783541889\n|switch|p1a: Salazzle|Salazzle, L83, F|123/249\n|move|p2a: Glalie|Earthquake|p1a: Salazzle\n|-supereffective|p1a: Salazzle\n|-damage|p1a: Salazzle|0 fnt\n|faint|p1a: Salazzle\n|\n|upkeep\n|inactive|Time left: 300 sec this turn | 300 sec total | 5 sec grace\n|\n|t:|1783541889\n|switch|p1a: Carbink|Carbink, L90|92/236\n|turn|36\n|inactive|Time left: 300 sec this turn | 300 sec total\n|\n|t:|1783541890\n|switch|p1a: Rillaboom|Rillaboom, L79, M|54/288\n|-fieldstart|move: Grassy Terrain|[from] ability: Grassy Surge|[of] p1a: Rillaboom\n|move|p2a: Glalie|Earthquake|p1a: Rillaboom\n|-resisted|p1a: Rillaboom\n|-damage|p1a: Rillaboom|15/288\n|\n|-heal|p2a: Glalie|66/100|[from] Grassy Terrain\n|-heal|p1a: Rillaboom|33/288|[from] Grassy Terrain\n|upkeep\n|turn|37\n|inactive|Time left: 300 sec this turn | 300 sec total\n|\n|t:|1783541891\n|switch|p2a: Ogerpon|Ogerpon-Hearthflame, L74, F|100/100\n|-ability|p2a: Ogerpon|Mold Breaker\n|move|p1a: Rillaboom|Grassy Glide|p2a: Ogerpon\n|-resisted|p2a: Ogerpon\n|-damage|p2a: Ogerpon|88/100\n|-damage|p1a: Rillaboom|5/288|[from] item: Life Orb\n|\n|-heal|p2a: Ogerpon|93/100|[from] Grassy Terrain\n|-heal|p1a: Rillaboom|23/288|[from] Grassy Terrain\n|upkeep\n|turn|38\n|inactive|Time left: 300 sec this turn | 300 sec total\n|\n|t:|1783541892\n|move|p2a: Ogerpon|Horn Leech|p1a: Rillaboom\n|-resisted|p1a: Rillaboom\n|-damage|p1a: Rillaboom|0 fnt\n|-heal|p2a: Ogerpon|98/100|[from] drain|[of] p1a: Rillaboom\n|faint|p1a: Rillaboom\n|\n|-heal|p2a: Ogerpon|100/100|[from] Grassy Terrain\n|upkeep\n|inactive|Time left: 300 sec this turn | 300 sec total | 5 sec grace\n|\n|t:|1783541893\n|switch|p1a: Carbink|Carbink, L90|92/236\n|turn|39\n|inactive|Time left: 300 sec this turn | 300 sec total\n|\n|t:|1783541894\n|move|p2a: Ogerpon|Horn Leech|p1a: Carbink\n|-supereffective|p1a: Carbink\n|-damage|p1a: Carbink|0 fnt\n|faint|p1a: Carbink\n|\n|win|p0y237626c", "uploadtime": 1783541894, "views": 0, "rating": 0, "private": 0, "password": null, "_winner": "p0y237626c", "_our_name": "p0x2371667"}