{"id": "battle-gen9randombattle-1040", "formatid": "gen9randombattle", "format": "[Gen 9] Random Battle", "players": ["p0x10407803", "p0y1040e83a"], "log": "|init|battle\n|title|p0x10407803 vs. p0y1040e83a\n|j|\u2606p0x10407803\n|j|\u2606p0y1040e83a\n|t:|1783551957\n|gametype|singles\n|player|p1|p0x10407803|169|\n|player|p2|p0y1040e83a|170|\n|gen|9\n|tier|[Gen 9] Random Battle\n|rule|Species Clause: Limit one of each Pok\u00e9mon\n|rule|HP Percentage Mod: HP is shown in percentages\n|rule|Sleep Clause Mod: Limit one foe put to sleep\n|rule|Illusion Level Mod: Illusion disguises the Pok\u00e9mon's true level\n|\n|t:|1783551957\n|teamsize|p1|6\n|teamsize|p2|6\n|start\n|switch|p1a: Dragalge|Dragalge, L88, F|258/258\n|switch|p2a: Electrode|Electrode, L92|100/100\n|turn|1\n|inactive|Battle timer is ON: inactive players will automatically lose when time's up. (requested by p0y1040e83a)\n|inactive|Time left: 300 sec this turn | 300 sec total | 60 sec grace\n|inactive|p0x10407803 also wants the timer to be on.\n|\n|t:|1783551959\n|switch|p2a: Vileplume|Vileplume, L85, M|100/100\n|move|p1a: Dragalge|Sludge Wave|p2a: Vileplume\n|-damage|p2a: Vileplume|48/100\n|\n|-heal|p2a: Vileplume|54/100|[from] item: Leftovers\n|upkeep\n|turn|2\n|inactive|Time left: 300 sec this turn | 300 sec total\n|\n|t:|1783551961\n|move|p2a: Vileplume|Strength Sap|p1a: Dragalge\n|-unboost|p1a: Dragalge|atk|1\n|-heal|p2a: Vileplume|100/100\n|move|p1a: Dragalge|Toxic Spikes|p2a: Vileplume\n|-sidestart|p2: p0y1040e83a|move: Toxic Spikes\n|\n|upkeep\n|turn|3\n|inactive|Time left: 300 sec this turn | 300 sec total\n|\n|t:|1783551962\n|move|p2a: Vileplume|Leech Seed|p1a: Dragalge\n|-start|p1a: Dragalge|move: Leech Seed\n|move|p1a: Dragalge|Sludge Wave|p2a: Vileplume\n|-damage|p2a: Vileplume|50/100\n|\n|-heal|p2a: Vileplume|56/100|[from] item: Leftovers\n|-damage|p1a: Dragalge|226/258|[from] Leech Seed|[of] p2a: Vileplume\n|-heal|p2a: Vileplume|68/100|[silent]\n|upkeep\n|turn|4\n|inactive|Time left: 300 sec this turn | 300 sec total\n|\n|t:|1783551963\n|switch|p1a: Solgaleo|Solgaleo, L74|325/325\n|move|p2a: Vileplume|Strength Sap|p1a: Solgaleo\n|-fail|p1a: Solgaleo|unboost|[from] ability: Full Metal Body|[of] p1a: Solgaleo\n|-heal|p2a: Vileplume|100/100\n|\n|upkeep\n|turn|5\n|inactive|Time left: 300 sec this turn | 300 sec total\n|\n|t:|1783551964\n|move|p1a: Solgaleo|Psychic Fangs|p2a: Vileplume\n|-supereffective|p2a: Vileplume\n|-damage|p2a: Vileplume|33/100\n|move|p2a: Vileplume|Leech Seed|p1a: Solgaleo\n|-start|p1a: Solgaleo|move: Leech Seed\n|\n|-heal|p2a: Vileplume|39/100|[from] item: Leftovers\n|-damage|p1a: Solgaleo|285/325|[from] Leech Seed|[of] p2a: Vileplume\n|-heal|p2a: Vileplume|54/100|[silent]\n|upkeep\n|turn|6\n|inactive|Time left: 300 sec this turn | 300 sec total\n|\n|t:|1783551965\n|move|p1a: Solgaleo|Psychic Fangs|p2a: Vileplume\n|-supereffective|p2a: Vileplume\n|-damage|p2a: Vileplume|0 fnt\n|faint|p2a: Vileplume\n|\n|upkeep\n|\n|t:|1783551966\n|switch|p2a: Glimmora|Glimmora, L75, F|100/100\n|-sideend|p2: p0y1040e83a|move: Toxic Spikes|[of] p2a: Glimmora\n|turn|7\n|inactive|Time left: 300 sec this turn | 300 sec total\n|\n|t:|1783551968\n|move|p1a: Solgaleo|Earthquake|p2a: Glimmora\n|-supereffective|p2a: Glimmora\n|-damage|p2a: Glimmora|0 fnt\n|-activate|p2a: Glimmora|ability: Toxic Debris\n|-sidestart|p1: p0x10407803|move: Toxic Spikes\n|faint|p2a: Glimmora\n|\n|upkeep\n|\n|t:|1783551969\n|switch|p2a: Rhyperior|Rhyperior, L82, M|100/100\n|turn|8\n|inactive|Time left: 300 sec this turn | 300 sec total\n|\n|t:|1783551970\n|switch|p1a: Dragalge|Dragalge, L88, F|226/258\n|-sideend|p1: p0x10407803|move: Toxic Spikes|[of] p1a: Dragalge\n|move|p2a: Rhyperior|Earthquake|p1a: Dragalge\n|-supereffective|p1a: Dragalge\n|-damage|p1a: Dragalge|0 fnt\n|faint|p1a: Dragalge\n|\n|upkeep\n|inactive|Time left: 300 sec this turn | 300 sec total | 5 sec grace\n|\n|t:|1783551971\n|switch|p1a: Persian|Persian-Alola, L86, M|252/252\n|turn|9\n|inactive|Time left: 300 sec this turn | 300 sec total\n|\n|t:|1783551972\n|move|p1a: Persian|Nasty Plot|p1a: Persian\n|-boost|p1a: Persian|spa|2\n|move|p2a: Rhyperior|Rock Polish|p2a: Rhyperior\n|-boost|p2a: Rhyperior|spe|2\n|\n|upkeep\n|turn|10\n|inactive|Time left: 300 sec this turn | 300 sec total\n|\n|t:|1783551973\n|move|p1a: Persian|Dark Pulse|p2a: Rhyperior\n|-damage|p2a: Rhyperior|34/100\n|move|p2a: Rhyperior|Megahorn|p1a: Persian\n|-supereffective|p1a: Persian\n|-damage|p1a: Persian|104/252\n|\n|-heal|p1a: Persian|119/252|[from] item: Leftovers\n|upkeep\n|turn|11\n|inactive|Time left: 300 sec this turn | 300 sec total\n|\n|t:|1783551975\n|move|p1a: Persian|Dark Pulse|p2a: Rhyperior\n|-damage|p2a: Rhyperior|0 fnt\n|faint|p2a: Rhyperior\n|\n|-heal|p1a: Persian|134/252|[from] item: Leftovers\n|upkeep\n|\n|t:|1783551976\n|switch|p2a: Electrode|Electrode, L92|100/100\n|turn|12\n|inactive|Time left: 300 sec this turn | 300 sec total\n|\n|t:|1783551977\n|switch|p1a: Minun|Minun, L95, F|268/268\n|move|p2a: Electrode|Thunderbolt|p1a: Minun\n|-immune|p1a: Minun|[from] ability: Volt Absorb\n|\n|upkeep\n|turn|13\n|inactive|Time left: 300 sec this turn | 300 sec total\n|\n|t:|1783551978\n|move|p2a: Electrode|Taunt|p1a: Minun\n|-start|p1a: Minun|move: Taunt\n|cant|p1a: Minun|move: Taunt|Nasty Plot\n|\n|upkeep\n|turn|14\n|inactive|Time left: 300 sec this turn | 300 sec total\n|\n|t:|1783551979\n|move|p2a: Electrode|Thunderbolt|p1a: Minun\n|-immune|p1a: Minun|[from] ability: Volt Absorb\n|move|p1a: Minun|Thunderbolt|p2a: Electrode\n|-resisted|p2a: Electrode\n|-damage|p2a: Electrode|75/100\n|-damage|p1a: Minun|242/268|[from] item: Life Orb\n|\n|upkeep\n|turn|15\n|inactive|Time left: 300 sec this turn | 300 sec total\n|\n|t:|1783551980\n|move|p2a: Electrode|Tera Blast|p1a: Minun\n|-damage|p1a: Minun|169/268\n|-damage|p2a: Electrode|65/100|[from] item: Life Orb\n|move|p1a: Minun|Thunderbolt|p2a: Electrode\n|-resisted|p2a: Electrode\n|-damage|p2a: Electrode|40/100\n|-damage|p1a: Minun|143/268|[from] item: Life Orb\n|\n|-end|p1a: Minun|move: Taunt\n|upkeep\n|turn|16\n|inactive|Time left: 300 sec this turn | 300 sec total\n|\n|t:|1783551981\n|move|p2a: Electrode|Tera Blast|p1a: Minun\n|-damage|p1a: Minun|75/268\n|-damage|p2a: Electrode|30/100|[from] item: Life Orb\n|move|p1a: Minun|Thunderbolt|p2a: Electrode\n|-resisted|p2a: Electrode\n|-damage|p2a: Electrode|7/100\n|-damage|p1a: Minun|49/268|[from] item: Life Orb\n|\n|upkeep\n|turn|17\n|inactive|Time left: 300 sec this turn | 300 sec total\n|\n|t:|1783551983\n|switch|p1a: Solgaleo|Solgaleo, L74|285/325\n|move|p2a: Electrode|Tera Blast|p1a: Solgaleo\n|-resisted|p1a: Solgaleo\n|-damage|p1a: Solgaleo|242/325\n|-damage|p2a: Electrode|0 fnt|[from] item: Life Orb\n|faint|p2a: Electrode\n|\n|upkeep\n|\n|t:|1783551984\n|switch|p2a: Cloyster|Cloyster, L80, F|100/100\n|turn|18\n|inactive|Time left: 300 sec this turn | 300 sec total\n|\n|t:|1783551985\n|move|p1a: Solgaleo|Sunsteel Strike|p2a: Cloyster\n|-damage|p2a: Cloyster|71/100\n|move|p2a: Cloyster|Shell Smash|p2a: Cloyster\n|-unboost|p2a: Cloyster|def|1\n|-unboost|p2a: Cloyster|spd|1\n|-boost|p2a: Cloyster|atk|2\n|-boost|p2a: Cloyster|spa|2\n|-boost|p2a: Cloyster|spe|2\n|-enditem|p2a: Cloyster|White Herb\n|-clearnegativeboost|p2a: Cloyster|[silent]\n|\n|upkeep\n|turn|19\n|inactive|Time left: 300 sec this turn | 300 sec total\n|\n|t:|1783551986\n|move|p2a: Cloyster|Icicle Spear|p1a: Solgaleo\n|-resisted|p1a: Solgaleo\n|-damage|p1a: Solgaleo|220/325\n|-resisted|p1a: Solgaleo\n|-damage|p1a: Solgaleo|194/325\n|-resisted|p1a: Solgaleo\n|-damage|p1a: Solgaleo|170/325\n|-resisted|p1a: Solgaleo\n|-damage|p1a: Solgaleo|147/325\n|-resisted|p1a: Solgaleo\n|-damage|p1a: Solgaleo|125/325\n|-hitcount|p1a: Solgaleo|5\n|move|p1a: Solgaleo|Morning Sun|p1a: Solgaleo\n|-heal|p1a: Solgaleo|287/325\n|\n|upkeep\n|turn|20\n|inactive|Time left: 300 sec this turn | 300 sec total\n|\n|t:|1783551987\n|move|p2a: Cloyster|Icicle Spear|p1a: Solgaleo\n|-resisted|p1a: Solgaleo\n|-damage|p1a: Solgaleo|265/325\n|-resisted|p1a: Solgaleo\n|-damage|p1a: Solgaleo|241/325\n|-resisted|p1a: Solgaleo\n|-damage|p1a: Solgaleo|218/325\n|-resisted|p1a: Solgaleo\n|-damage|p1a: Solgaleo|194/325\n|-resisted|p1a: Solgaleo\n|-damage|p1a: Solgaleo|170/325\n|-hitcount|p1a: Solgaleo|5\n|move|p1a: Solgaleo|Morning Sun|p1a: Solgaleo\n|-heal|p1a: Solgaleo|325/325\n|\n|upkeep\n|turn|21\n|inactive|Time left: 300 sec this turn | 300 sec total\n|\n|t:|1783551988\n|move|p2a: Cloyster|Icicle Spear|p1a: Solgaleo\n|-resisted|p1a: Solgaleo\n|-damage|p1a: Solgaleo|303/325\n|-resisted|p1a: Solgaleo\n|-damage|p1a: Solgaleo|279/325\n|-resisted|p1a: Solgaleo\n|-damage|p1a: Solgaleo|257/325\n|-resisted|p1a: Solgaleo\n|-damage|p1a: Solgaleo|232/325\n|-resisted|p1a: Solgaleo\n|-damage|p1a: Solgaleo|208/325\n|-hitcount|p1a: Solgaleo|5\n|move|p1a: Solgaleo|Sunsteel Strike|p2a: Cloyster\n|-damage|p2a: Cloyster|39/100\n|\n|upkeep\n|turn|22\n|inactive|Time left: 300 sec this turn | 300 sec total\n|\n|t:|1783551990\n|move|p2a: Cloyster|Icicle Spear|p1a: Solgaleo\n|-resisted|p1a: Solgaleo\n|-damage|p1a: Solgaleo|184/325\n|-resisted|p1a: Solgaleo\n|-damage|p1a: Solgaleo|160/325\n|-resisted|p1a: Solgaleo\n|-damage|p1a: Solgaleo|135/325\n|-resisted|p1a: Solgaleo\n|-damage|p1a: Solgaleo|113/325\n|-resisted|p1a: Solgaleo\n|-damage|p1a: Solgaleo|89/325\n|-hitcount|p1a: Solgaleo|5\n|move|p1a: Solgaleo|Morning Sun|p1a: Solgaleo\n|-heal|p1a: Solgaleo|251/325\n|\n|upkeep\n|turn|23\n|inactive|Time left: 300 sec this turn | 300 sec total\n|\n|t:|1783551990\n|-terastallize|p2a: Cloyster|Ground\n|move|p2a: Cloyster|Drill Run|p1a: Solgaleo\n|-supereffective|p1a: Solgaleo\n|-damage|p1a: Solgaleo|0 fnt\n|-damage|p2a: Cloyster|23/100|[from] item: Rocky Helmet|[of] p1a: Solgaleo\n|faint|p1a: Solgaleo\n|\n|upkeep\n|inactive|Time left: 300 sec this turn | 300 sec total | 5 sec grace\n|\n|t:|1783551991\n|switch|p1a: Comfey|Comfey, L85, M|225/225\n|turn|24\n|inactive|Time left: 300 sec this turn | 300 sec total\n|\n|t:|1783551992\n|move|p1a: Comfey|Draining Kiss|p2a: Cloyster\n|-damage|p2a: Cloyster|0 fnt\n|faint|p2a: Cloyster\n|\n|upkeep\n|\n|t:|1783551992\n|switch|p2a: Haxorus|Haxorus, L77, F|100/100\n|-ability|p2a: Haxorus|Mold Breaker\n|turn|25\n|inactive|Time left: 300 sec this turn | 300 sec total\n|\n|t:|1783551993\n|move|p1a: Comfey|Draining Kiss|p2a: Haxorus\n|-supereffective|p2a: Haxorus\n|-damage|p2a: Haxorus|53/100\n|move|p2a: Haxorus|Iron Head|p1a: Comfey\n|-supereffective|p1a: Comfey\n|-damage|p1a: Comfey|85/225\n|\n|-heal|p1a: Comfey|99/225|[from] item: Leftovers\n|upkeep\n|turn|26\n|inactive|Time left: 300 sec this turn | 300 sec total\n|\n|t:|1783551994\n|-terastallize|p1a: Comfey|Ground\n|move|p1a: Comfey|Draining Kiss|p2a: Haxorus\n|-supereffective|p2a: Haxorus\n|-damage|p2a: Haxorus|1/100\n|-heal|p1a: Comfey|194/225|[from] drain|[of] p2a: Haxorus\n|move|p2a: Haxorus|Swords Dance|p2a: Haxorus\n|-boost|p2a: Haxorus|atk|2\n|\n|-heal|p1a: Comfey|208/225|[from] item: Leftovers\n|upkeep\n|turn|27\n|inactive|Time left: 300 sec this turn | 300 sec total\n|\n|t:|1783551994\n|move|p1a: Comfey|Draining Kiss|p2a: Haxorus\n|-supereffective|p2a: Haxorus\n|-damage|p2a: Haxorus|0 fnt\n|-heal|p1a: Comfey|210/225|[from] drain|[of] p2a: Haxorus\n|faint|p2a: Haxorus\n|\n|win|p0x10407803", "uploadtime": 1783551994, "views": 0, "rating": 0, "private": 0, "password": null, "_winner": "p0x10407803", "_our_name": "p0x10407803"}