{"id": "battle-gen9randombattle-2925", "formatid": "gen9randombattle", "format": "[Gen 9] Random Battle", "players": ["p0x2925327f", "p0y292545ad"], "log": "|init|battle\n|title|p0x2925327f vs. p0y292545ad\n|j|\u2606p0x2925327f\n|j|\u2606p0y292545ad\n|t:|1783572698\n|gametype|singles\n|player|p1|p0x2925327f|101|\n|player|p2|p0y292545ad|265|\n|gen|9\n|tier|[Gen 9] Random Battle\n|rule|Species Clause: Limit one of each Pok\u00e9mon\n|rule|HP Percentage Mod: HP is shown in percentages\n|rule|Sleep Clause Mod: Limit one foe put to sleep\n|rule|Illusion Level Mod: Illusion disguises the Pok\u00e9mon's true level\n|\n|t:|1783572698\n|teamsize|p1|6\n|teamsize|p2|6\n|start\n|switch|p1a: Iron Jugulis|Iron Jugulis, L77|100/100\n|switch|p2a: Volbeat|Volbeat, L90, M|263/263\n|turn|1\n|inactive|Battle timer is ON: inactive players will automatically lose when time's up. (requested by p0y292545ad)\n|inactive|p0x2925327f also wants the timer to be on.\n|\n|t:|1783572699\n|switch|p2a: Mimikyu|Mimikyu, L79, M|216/216\n|move|p1a: Iron Jugulis|Meteor Beam||[still]\n|-prepare|p1a: Iron Jugulis|Meteor Beam\n|-boost|p1a: Iron Jugulis|spa|1\n|-enditem|p1a: Iron Jugulis|Power Herb\n|-anim|p1a: Iron Jugulis|Meteor Beam|p2a: Mimikyu\n|-activate|p2a: Mimikyu|ability: Disguise\n|-damage|p2a: Mimikyu|216/216\n|detailschange|p2a: Mimikyu|Mimikyu-Busted, L79, M\n|-damage|p2a: Mimikyu|189/216|[from] pokemon: Mimikyu-Busted\n|\n|upkeep\n|turn|2\n|inactive|Time left: 300 sec this turn | 300 sec total\n|\n|t:|1783572700\n|-terastallize|p2a: Mimikyu|Fairy\n|move|p1a: Iron Jugulis|Dark Pulse|p2a: Mimikyu\n|-resisted|p2a: Mimikyu\n|-damage|p2a: Mimikyu|128/216\n|move|p2a: Mimikyu|Play Rough|p1a: Iron Jugulis\n|-supereffective|p1a: Iron Jugulis\n|-damage|p1a: Iron Jugulis|0 fnt\n|faint|p1a: Iron Jugulis\n|-end|p1a: Iron Jugulis|Quark Drive|[silent]\n|-damage|p2a: Mimikyu|107/216|[from] item: Life Orb\n|\n|upkeep\n|\n|t:|1783572701\n|switch|p1a: Staraptor|Staraptor, L79, F|100/100\n|turn|3\n|inactive|Time left: 300 sec this turn | 300 sec total\n|\n|t:|1783572702\n|switch|p2a: Perrserker|Perrserker, L89, F|269/269\n|move|p1a: Staraptor|Brave Bird|p2a: Perrserker\n|-resisted|p2a: Perrserker\n|-damage|p2a: Perrserker|163/269\n|-damage|p1a: Staraptor|87/100|[from] Recoil\n|\n|upkeep\n|turn|4\n|inactive|Time left: 300 sec this turn | 300 sec total\n|\n|t:|1783572703\n|move|p1a: Staraptor|Brave Bird|p2a: Perrserker\n|-resisted|p2a: Perrserker\n|-damage|p2a: Perrserker|55/269\n|-damage|p1a: Staraptor|74/100|[from] Recoil\n|move|p2a: Perrserker|Iron Head|p1a: Staraptor\n|-damage|p1a: Staraptor|0 fnt\n|faint|p1a: Staraptor\n|\n|upkeep\n|\n|t:|1783572704\n|switch|p1a: Palkia|Palkia-Origin, L72|100/100\n|-ability|p1a: Palkia|Pressure\n|turn|5\n|inactive|Time left: 300 sec this turn | 300 sec total\n|\n|t:|1783572705\n|move|p1a: Palkia|Hydro Pump|p2a: Perrserker\n|-damage|p2a: Perrserker|0 fnt\n|faint|p2a: Perrserker\n|\n|upkeep\n|inactive|Time left: 300 sec this turn | 300 sec total | 5 sec grace\n|\n|t:|1783572706\n|switch|p2a: Gumshoos|Gumshoos, L95, M|321/321\n|turn|6\n|inactive|Time left: 300 sec this turn | 300 sec total\n|\n|t:|1783572707\n|move|p1a: Palkia|Hydro Pump|p2a: Gumshoos\n|-damage|p2a: Gumshoos|159/321\n|move|p2a: Gumshoos|Double-Edge|p1a: Palkia\n|-damage|p1a: Palkia|0 fnt\n|faint|p1a: Palkia\n|-damage|p2a: Gumshoos|77/321|[from] Recoil\n|\n|upkeep\n|\n|t:|1783572708\n|switch|p1a: Rillaboom|Rillaboom, L79, F|100/100\n|-fieldstart|move: Grassy Terrain|[from] ability: Grassy Surge|[of] p1a: Rillaboom\n|turn|7\n|inactive|Time left: 300 sec this turn | 300 sec total\n|\n|t:|1783572709\n|switch|p2a: Blaziken|Blaziken, L76, F|247/247\n|move|p1a: Rillaboom|Knock Off|p2a: Blaziken\n|-resisted|p2a: Blaziken\n|-damage|p2a: Blaziken|179/247\n|-enditem|p2a: Blaziken|Life Orb|[from] move: Knock Off|[of] p1a: Rillaboom\n|-damage|p1a: Rillaboom|91/100|[from] item: Life Orb\n|\n|-heal|p1a: Rillaboom|97/100|[from] Grassy Terrain\n|-heal|p2a: Blaziken|194/247|[from] Grassy Terrain\n|upkeep\n|turn|8\n|inactive|Time left: 300 sec this turn | 300 sec total\n|\n|t:|1783572710\n|-terastallize|p1a: Rillaboom|Grass\n|move|p1a: Rillaboom|Wood Hammer|p2a: Blaziken\n|-resisted|p2a: Blaziken\n|-damage|p2a: Blaziken|0 fnt\n|faint|p2a: Blaziken\n|-damage|p1a: Rillaboom|75/100|[from] Recoil\n|-damage|p1a: Rillaboom|65/100|[from] item: Life Orb\n|\n|-heal|p1a: Rillaboom|71/100|[from] Grassy Terrain\n|upkeep\n|inactive|Time left: 300 sec this turn | 300 sec total | 5 sec grace\n|\n|t:|1783572711\n|switch|p2a: Thundurus|Thundurus-Therian, L80, M|258/258\n|turn|9\n|inactive|Time left: 300 sec this turn | 300 sec total\n|\n|t:|1783572712\n|switch|p1a: Mightyena|Mightyena, L96, F|100/100\n|-ability|p1a: Mightyena|Intimidate|boost\n|-unboost|p2a: Thundurus|atk|1\n|move|p2a: Thundurus|Sludge Wave|p1a: Mightyena\n|-damage|p1a: Mightyena|78/100\n|\n|-heal|p1a: Mightyena|84/100|[from] Grassy Terrain\n|upkeep\n|turn|10\n|inactive|Time left: 300 sec this turn | 300 sec total\n|\n|t:|1783572713\n|move|p2a: Thundurus|Nasty Plot|p2a: Thundurus\n|-boost|p2a: Thundurus|spa|2\n|move|p1a: Mightyena|Poison Fang|p2a: Thundurus\n|-damage|p2a: Thundurus|208/258\n|\n|-heal|p1a: Mightyena|90/100|[from] Grassy Terrain\n|upkeep\n|turn|11\n|inactive|Time left: 300 sec this turn | 300 sec total\n|\n|t:|1783572714\n|move|p2a: Thundurus|Thunderbolt|p1a: Mightyena\n|-damage|p1a: Mightyena|24/100\n|move|p1a: Mightyena|Throat Chop|p2a: Thundurus\n|-damage|p2a: Thundurus|70/258\n|-start|p2a: Thundurus|Throat Chop|[silent]\n|\n|-heal|p1a: Mightyena|30/100|[from] Grassy Terrain\n|-fieldend|move: Grassy Terrain\n|upkeep\n|turn|12\n|inactive|Time left: 300 sec this turn | 300 sec total\n|\n|t:|1783572716\n|move|p1a: Mightyena|Sucker Punch|p2a: Thundurus\n|-damage|p2a: Thundurus|0 fnt\n|faint|p2a: Thundurus\n|\n|upkeep\n|inactive|Time left: 300 sec this turn | 300 sec total | 5 sec grace\n|\n|t:|1783572717\n|switch|p2a: Volbeat|Volbeat, L90, M|263/263\n|turn|13\n|inactive|Time left: 300 sec this turn | 300 sec total\n|\n|t:|1783572717\n|move|p1a: Mightyena|Sucker Punch|p2a: Volbeat\n|-damage|p2a: Volbeat|167/263\n|move|p2a: Volbeat|U-turn|p1a: Mightyena\n|-supereffective|p1a: Mightyena\n|-damage|p1a: Mightyena|0 fnt\n|faint|p1a: Mightyena\n|inactive|Time left: 300 sec this turn | 300 sec total | 5 sec grace\n|\n|t:|1783572719\n|switch|p2a: Gumshoos|Gumshoos, L95, M|77/321|[from] U-turn\n|\n|upkeep\n|\n|t:|1783572719\n|switch|p1a: Rillaboom|Rillaboom, L79, F, tera:Grass|71/100\n|-fieldstart|move: Grassy Terrain|[from] ability: Grassy Surge|[of] p1a: Rillaboom\n|turn|14\n|inactive|Time left: 300 sec this turn | 300 sec total\n|\n|t:|1783572720\n|switch|p2a: Volbeat|Volbeat, L90, M|167/263\n|move|p1a: Rillaboom|Grassy Glide|p2a: Volbeat\n|-resisted|p2a: Volbeat\n|-damage|p2a: Volbeat|92/263\n|-damage|p1a: Rillaboom|62/100|[from] item: Life Orb\n|\n|-heal|p2a: Volbeat|108/263|[from] Grassy Terrain\n|-heal|p1a: Rillaboom|68/100|[from] Grassy Terrain\n|upkeep\n|turn|15\n|inactive|Time left: 300 sec this turn | 300 sec total\n|\n|t:|1783572721\n|move|p2a: Volbeat|Roost|p2a: Volbeat\n|-heal|p2a: Volbeat|240/263\n|-singleturn|p2a: Volbeat|move: Roost\n|move|p1a: Rillaboom|Swords Dance|p1a: Rillaboom\n|-boost|p1a: Rillaboom|atk|2\n|\n|-heal|p2a: Volbeat|256/263|[from] Grassy Terrain\n|-heal|p1a: Rillaboom|74/100|[from] Grassy Terrain\n|upkeep\n|turn|16\n|inactive|Time left: 300 sec this turn | 300 sec total\n|\n|t:|1783572722\n|move|p2a: Volbeat|Encore|p1a: Rillaboom\n|-start|p1a: Rillaboom|Encore\n|move|p1a: Rillaboom|Swords Dance|p1a: Rillaboom\n|-boost|p1a: Rillaboom|atk|2\n|\n|-heal|p2a: Volbeat|263/263|[from] Grassy Terrain\n|-heal|p1a: Rillaboom|80/100|[from] Grassy Terrain\n|upkeep\n|turn|17\n|inactive|Time left: 300 sec this turn | 300 sec total\n|\n|t:|1783572723\n|switch|p1a: Dunsparce|Dunsparce, L86, F|100/100\n|move|p2a: Volbeat|Thunder Wave|p1a: Dunsparce\n|-status|p1a: Dunsparce|par\n|\n|upkeep\n|turn|18\n|inactive|Time left: 300 sec this turn | 300 sec total\n|\n|t:|1783572724\n|move|p2a: Volbeat|U-turn|p1a: Dunsparce\n|-damage|p1a: Dunsparce|84/100 par\n|inactive|Time left: 300 sec this turn | 300 sec total | 5 sec grace\n|\n|t:|1783572725\n|switch|p2a: Mimikyu|Mimikyu-Busted, L79, M, tera:Fairy|107/216|[from] U-turn\n|move|p1a: Dunsparce|Body Slam|p2a: Mimikyu\n|-damage|p2a: Mimikyu|19/216\n|-status|p2a: Mimikyu|par\n|\n|-heal|p2a: Mimikyu|32/216 par|[from] Grassy Terrain\n|-heal|p1a: Dunsparce|90/100 par|[from] Grassy Terrain\n|-fieldend|move: Grassy Terrain\n|upkeep\n|turn|19\n|inactive|Time left: 300 sec this turn | 300 sec total\n|\n|t:|1783572726\n|move|p2a: Mimikyu|Play Rough|p1a: Dunsparce\n|-damage|p1a: Dunsparce|53/100 par\n|-damage|p2a: Mimikyu|11/216 par|[from] item: Life Orb\n|move|p1a: Dunsparce|Coil|p1a: Dunsparce\n|-boost|p1a: Dunsparce|atk|1\n|-boost|p1a: Dunsparce|def|1\n|-boost|p1a: Dunsparce|accuracy|1\n|\n|upkeep\n|turn|20\n|inactive|Time left: 300 sec this turn | 300 sec total\n|\n|t:|1783572727\n|cant|p2a: Mimikyu|par\n|move|p1a: Dunsparce|Roost|p1a: Dunsparce\n|-heal|p1a: Dunsparce|100/100 par\n|-singleturn|p1a: Dunsparce|move: Roost\n|\n|upkeep\n|turn|21\n|inactive|Time left: 300 sec this turn | 300 sec total\n|\n|t:|1783572728\n|move|p2a: Mimikyu|Play Rough|p1a: Dunsparce\n|-damage|p1a: Dunsparce|78/100 par\n|-damage|p2a: Mimikyu|0 fnt|[from] item: Life Orb\n|faint|p2a: Mimikyu\n|move|p1a: Dunsparce|Coil|p1a: Dunsparce\n|-boost|p1a: Dunsparce|atk|1\n|-boost|p1a: Dunsparce|def|1\n|-boost|p1a: Dunsparce|accuracy|1\n|\n|upkeep\n|inactive|Time left: 300 sec this turn | 300 sec total | 5 sec grace\n|\n|t:|1783572729\n|switch|p2a: Volbeat|Volbeat, L90, M|263/263\n|turn|22\n|inactive|Time left: 300 sec this turn | 300 sec total\n|\n|t:|1783572730\n|move|p2a: Volbeat|Encore|p1a: Dunsparce\n|-start|p1a: Dunsparce|Encore\n|cant|p1a: Dunsparce|par\n|\n|upkeep\n|turn|23\n|inactive|Time left: 300 sec this turn | 300 sec total\n|\n|t:|1783572731\n|switch|p2a: Gumshoos|Gumshoos, L95, M|77/321\n|move|p1a: Dunsparce|Coil|p1a: Dunsparce\n|-boost|p1a: Dunsparce|atk|1\n|-boost|p1a: Dunsparce|def|1\n|-boost|p1a: Dunsparce|accuracy|1\n|\n|upkeep\n|turn|24\n|inactive|Time left: 300 sec this turn | 300 sec total\n|\n|t:|1783572732\n|move|p2a: Gumshoos|Knock Off|p1a: Dunsparce\n|-damage|p1a: Dunsparce|64/100 par\n|-enditem|p1a: Dunsparce|Eviolite|[from] move: Knock Off|[of] p2a: Gumshoos\n|cant|p1a: Dunsparce|par\n|\n|-end|p1a: Dunsparce|Encore\n|upkeep\n|turn|25\n|inactive|Time left: 300 sec this turn | 300 sec total\n|\n|t:|1783572733\n|move|p2a: Gumshoos|Knock Off|p1a: Dunsparce\n|-damage|p1a: Dunsparce|49/100 par\n|move|p1a: Dunsparce|Body Slam|p2a: Gumshoos\n|-damage|p2a: Gumshoos|0 fnt\n|faint|p2a: Gumshoos\n|\n|upkeep\n|inactive|Time left: 300 sec this turn | 300 sec total | 5 sec grace\n|\n|t:|1783572733\n|switch|p2a: Volbeat|Volbeat, L90, M|263/263\n|turn|26\n|inactive|Time left: 300 sec this turn | 300 sec total\n|\n|t:|1783572734\n|move|p2a: Volbeat|U-turn|p1a: Dunsparce\n|-crit|p1a: Dunsparce\n|-damage|p1a: Dunsparce|7/100 par\n|move|p1a: Dunsparce|Body Slam|p2a: Volbeat\n|-damage|p2a: Volbeat|59/263\n|-status|p2a: Volbeat|par\n|\n|upkeep\n|turn|27\n|inactive|Time left: 300 sec this turn | 300 sec total\n|\n|t:|1783572735\n|move|p2a: Volbeat|Roost|p2a: Volbeat\n|-heal|p2a: Volbeat|191/263 par\n|-singleturn|p2a: Volbeat|move: Roost\n|move|p1a: Dunsparce|Body Slam|p2a: Volbeat\n|-damage|p2a: Volbeat|0 fnt\n|faint|p2a: Volbeat\n|\n|win|p0x2925327f", "uploadtime": 1783572735, "views": 0, "rating": 0, "private": 0, "password": null, "_winner": "p0x2925327f", "_our_name": "p0y292545ad"}