{"id": "battle-gen9randombattle-2887", "formatid": "gen9randombattle", "format": "[Gen 9] Random Battle", "players": ["p0x2887d414", "p0y2887d122"], "log": "|init|battle\n|title|p0x2887d414 vs. p0y2887d122\n|j|\u2606p0x2887d414\n|j|\u2606p0y2887d122\n|t:|1783572292\n|gametype|singles\n|player|p1|p0x2887d414|265|\n|player|p2|p0y2887d122|1|\n|gen|9\n|tier|[Gen 9] Random Battle\n|rule|Species Clause: Limit one of each Pok\u00e9mon\n|rule|HP Percentage Mod: HP is shown in percentages\n|rule|Sleep Clause Mod: Limit one foe put to sleep\n|rule|Illusion Level Mod: Illusion disguises the Pok\u00e9mon's true level\n|\n|t:|1783572292\n|teamsize|p1|6\n|teamsize|p2|6\n|start\n|switch|p1a: Vespiquen|Vespiquen, L99, F|100/100\n|switch|p2a: Overqwil|Overqwil, L82, F|274/274\n|-ability|p2a: Overqwil|Intimidate|boost\n|-unboost|p1a: Vespiquen|atk|1\n|-ability|p1a: Vespiquen|Pressure\n|turn|1\n|inactive|Battle timer is ON: inactive players will automatically lose when time's up. (requested by p0y2887d122)\n|inactive|p0x2887d414 also wants the timer to be on.\n|\n|t:|1783572294\n|switch|p1a: Scrafty|Scrafty, L83, F|100/100\n|-ability|p1a: Scrafty|Intimidate|boost\n|-unboost|p2a: Overqwil|atk|1\n|move|p2a: Overqwil|Swords Dance|p2a: Overqwil\n|-boost|p2a: Overqwil|atk|2\n|\n|upkeep\n|turn|2\n|inactive|Time left: 300 sec this turn | 300 sec total\n|\n|t:|1783572295\n|move|p2a: Overqwil|Gunk Shot|p1a: Scrafty\n|-damage|p1a: Scrafty|9/100\n|-damage|p2a: Overqwil|247/274|[from] item: Life Orb\n|move|p1a: Scrafty|Drain Punch|p2a: Overqwil\n|-damage|p2a: Overqwil|175/274\n|-heal|p1a: Scrafty|23/100|[from] drain|[of] p2a: Overqwil\n|\n|-heal|p1a: Scrafty|30/100|[from] item: Leftovers\n|upkeep\n|turn|3\n|inactive|Time left: 300 sec this turn | 300 sec total\n|\n|t:|1783572296\n|move|p2a: Overqwil|Liquidation|p1a: Scrafty\n|-damage|p1a: Scrafty|0 fnt\n|faint|p1a: Scrafty\n|-damage|p2a: Overqwil|148/274|[from] item: Life Orb\n|\n|upkeep\n|\n|t:|1783572297\n|switch|p1a: Sceptile|Sceptile, L87, F|100/100\n|turn|4\n|inactive|Time left: 300 sec this turn | 300 sec total\n|\n|t:|1783572298\n|move|p1a: Sceptile|Earthquake|p2a: Overqwil\n|-supereffective|p2a: Overqwil\n|-damage|p2a: Overqwil|0 fnt\n|faint|p2a: Overqwil\n|-damage|p1a: Sceptile|91/100|[from] item: Life Orb\n|\n|upkeep\n|inactive|Time left: 300 sec this turn | 300 sec total | 5 sec grace\n|\n|t:|1783572299\n|switch|p2a: Komala|Komala, L87, M|255/255\n|-ability|p2a: Komala|Comatose\n|turn|5\n|inactive|Time left: 300 sec this turn | 300 sec total\n|\n|t:|1783572300\n|move|p1a: Sceptile|Swords Dance|p1a: Sceptile\n|-boost|p1a: Sceptile|atk|2\n|move|p2a: Komala|Body Slam|p1a: Sceptile\n|-damage|p1a: Sceptile|37/100\n|-status|p1a: Sceptile|par\n|\n|upkeep\n|turn|6\n|inactive|Time left: 300 sec this turn | 300 sec total\n|\n|t:|1783572301\n|switch|p1a: Pecharunt|Pecharunt, L77|100/100\n|move|p2a: Komala|Body Slam|p1a: Pecharunt\n|-immune|p1a: Pecharunt\n|\n|upkeep\n|turn|7\n|inactive|Time left: 300 sec this turn | 300 sec total\n|\n|t:|1783572301\n|move|p1a: Pecharunt|Nasty Plot|p1a: Pecharunt\n|-boost|p1a: Pecharunt|spa|2\n|move|p2a: Komala|Knock Off|p1a: Pecharunt\n|-supereffective|p1a: Pecharunt\n|-damage|p1a: Pecharunt|57/100\n|-enditem|p1a: Pecharunt|Leftovers|[from] move: Knock Off|[of] p2a: Komala\n|\n|upkeep\n|turn|8\n|inactive|Time left: 300 sec this turn | 300 sec total\n|\n|t:|1783572302\n|move|p1a: Pecharunt|Recover|p1a: Pecharunt\n|-heal|p1a: Pecharunt|100/100\n|move|p2a: Komala|Earthquake|p1a: Pecharunt\n|-supereffective|p1a: Pecharunt\n|-damage|p1a: Pecharunt|58/100\n|\n|upkeep\n|turn|9\n|inactive|Time left: 300 sec this turn | 300 sec total\n|\n|t:|1783572303\n|move|p1a: Pecharunt|Recover|p1a: Pecharunt\n|-heal|p1a: Pecharunt|100/100\n|move|p2a: Komala|Earthquake|p1a: Pecharunt\n|-supereffective|p1a: Pecharunt\n|-damage|p1a: Pecharunt|58/100\n|\n|upkeep\n|turn|10\n|inactive|Time left: 300 sec this turn | 300 sec total\n|\n|t:|1783572304\n|move|p1a: Pecharunt|Recover|p1a: Pecharunt\n|-heal|p1a: Pecharunt|100/100\n|move|p2a: Komala|Earthquake|p1a: Pecharunt\n|-supereffective|p1a: Pecharunt\n|-crit|p1a: Pecharunt\n|-damage|p1a: Pecharunt|33/100\n|\n|upkeep\n|turn|11\n|inactive|Time left: 300 sec this turn | 300 sec total\n|\n|t:|1783572305\n|move|p1a: Pecharunt|Recover|p1a: Pecharunt\n|-heal|p1a: Pecharunt|83/100\n|move|p2a: Komala|Earthquake|p1a: Pecharunt\n|-supereffective|p1a: Pecharunt\n|-damage|p1a: Pecharunt|41/100\n|\n|upkeep\n|turn|12\n|inactive|Time left: 300 sec this turn | 300 sec total\n|\n|t:|1783572306\n|move|p1a: Pecharunt|Recover|p1a: Pecharunt\n|-heal|p1a: Pecharunt|91/100\n|move|p2a: Komala|Earthquake|p1a: Pecharunt\n|-supereffective|p1a: Pecharunt\n|-damage|p1a: Pecharunt|48/100\n|\n|upkeep\n|turn|13\n|inactive|Time left: 300 sec this turn | 300 sec total\n|\n|t:|1783572307\n|move|p1a: Pecharunt|Recover|p1a: Pecharunt\n|-heal|p1a: Pecharunt|98/100\n|move|p2a: Komala|Earthquake|p1a: Pecharunt\n|-supereffective|p1a: Pecharunt\n|-damage|p1a: Pecharunt|50/100\n|\n|upkeep\n|turn|14\n|inactive|Time left: 300 sec this turn | 300 sec total\n|\n|t:|1783572308\n|move|p1a: Pecharunt|Recover|p1a: Pecharunt\n|-heal|p1a: Pecharunt|99/100\n|move|p2a: Komala|Earthquake|p1a: Pecharunt\n|-supereffective|p1a: Pecharunt\n|-damage|p1a: Pecharunt|56/100\n|\n|upkeep\n|turn|15\n|inactive|Time left: 300 sec this turn | 300 sec total\n|\n|t:|1783572309\n|move|p1a: Pecharunt|Malignant Chain|p2a: Komala\n|-damage|p2a: Komala|155/255\n|move|p2a: Komala|Earthquake|p1a: Pecharunt\n|-supereffective|p1a: Pecharunt\n|-damage|p1a: Pecharunt|14/100\n|\n|upkeep\n|turn|16\n|inactive|Time left: 300 sec this turn | 300 sec total\n|\n|t:|1783572310\n|move|p1a: Pecharunt|Recover|p1a: Pecharunt\n|-heal|p1a: Pecharunt|64/100\n|move|p2a: Komala|Earthquake|p1a: Pecharunt\n|-supereffective|p1a: Pecharunt\n|-damage|p1a: Pecharunt|21/100\n|\n|upkeep\n|turn|17\n|inactive|Time left: 300 sec this turn | 300 sec total\n|\n|t:|1783572311\n|move|p1a: Pecharunt|Malignant Chain|p2a: Komala\n|-damage|p2a: Komala|59/255\n|move|p2a: Komala|Earthquake|p1a: Pecharunt\n|-supereffective|p1a: Pecharunt\n|-damage|p1a: Pecharunt|0 fnt\n|faint|p1a: Pecharunt\n|\n|upkeep\n|\n|t:|1783572312\n|switch|p1a: Armarouge|Armarouge, L80, F|100/100\n|turn|18\n|inactive|Time left: 300 sec this turn | 300 sec total\n|\n|t:|1783572313\n|switch|p2a: Milotic|Milotic, L83, M|293/293\n|move|p1a: Armarouge|Meteor Beam||[still]\n|-prepare|p1a: Armarouge|Meteor Beam\n|-boost|p1a: Armarouge|spa|1\n|-enditem|p1a: Armarouge|Power Herb\n|-anim|p1a: Armarouge|Meteor Beam|p2a: Milotic\n|-damage|p2a: Milotic|181/293\n|\n|-heal|p2a: Milotic|199/293|[from] item: Leftovers\n|upkeep\n|turn|19\n|inactive|Time left: 300 sec this turn | 300 sec total\n|\n|t:|1783572314\n|move|p2a: Milotic|Scald|p1a: Armarouge\n|-supereffective|p1a: Armarouge\n|-damage|p1a: Armarouge|33/100\n|move|p1a: Armarouge|Armor Cannon|p2a: Milotic\n|-resisted|p2a: Milotic\n|-damage|p2a: Milotic|115/293\n|-unboost|p1a: Armarouge|def|1\n|-unboost|p1a: Armarouge|spd|1\n|\n|-heal|p2a: Milotic|133/293|[from] item: Leftovers\n|upkeep\n|turn|20\n|inactive|Time left: 300 sec this turn | 300 sec total\n|\n|t:|1783572315\n|move|p2a: Milotic|Scald|p1a: Armarouge\n|-supereffective|p1a: Armarouge\n|-damage|p1a: Armarouge|0 fnt\n|faint|p1a: Armarouge\n|\n|-heal|p2a: Milotic|151/293|[from] item: Leftovers\n|upkeep\n|\n|t:|1783572315\n|switch|p1a: Electrode|Electrode-Hisui, L87|100/100\n|turn|21\n|inactive|Time left: 300 sec this turn | 300 sec total\n|\n|t:|1783572317\n|move|p1a: Electrode|Thunderbolt|p2a: Milotic\n|-supereffective|p2a: Milotic\n|-damage|p2a: Milotic|17/293\n|move|p2a: Milotic|Recover|p2a: Milotic\n|-heal|p2a: Milotic|164/293\n|\n|-heal|p2a: Milotic|182/293|[from] item: Leftovers\n|upkeep\n|turn|22\n|inactive|Time left: 300 sec this turn | 300 sec total\n|\n|t:|1783572318\n|move|p1a: Electrode|Leech Seed|p2a: Milotic\n|-start|p2a: Milotic|move: Leech Seed\n|move|p2a: Milotic|Ice Beam|p1a: Electrode\n|-supereffective|p1a: Electrode\n|-damage|p1a: Electrode|44/100\n|-status|p1a: Electrode|frz\n|\n|-heal|p1a: Electrode|50/100 frz|[from] item: Leftovers\n|-heal|p2a: Milotic|200/293|[from] item: Leftovers\n|-damage|p2a: Milotic|164/293|[from] Leech Seed|[of] p1a: Electrode\n|-heal|p1a: Electrode|64/100 frz|[silent]\n|upkeep\n|turn|23\n|inactive|Time left: 300 sec this turn | 300 sec total\n|\n|t:|1783572319\n|switch|p2a: Komala|Komala, L87, M|59/255\n|-ability|p2a: Komala|Comatose\n|cant|p1a: Electrode|frz\n|\n|-heal|p1a: Electrode|70/100 frz|[from] item: Leftovers\n|upkeep\n|turn|24\n|inactive|Time left: 300 sec this turn | 300 sec total\n|\n|t:|1783572320\n|switch|p1a: Vespiquen|Vespiquen, L99, F|100/100\n|-ability|p1a: Vespiquen|Pressure\n|move|p2a: Komala|Body Slam|p1a: Vespiquen\n|-damage|p1a: Vespiquen|73/100\n|\n|upkeep\n|turn|25\n|inactive|Time left: 300 sec this turn | 300 sec total\n|\n|t:|1783572321\n|move|p2a: Komala|Body Slam|p1a: Vespiquen\n|-damage|p1a: Vespiquen|47/100\n|move|p1a: Vespiquen|Hurricane|p2a: Komala\n|-damage|p2a: Komala|0 fnt\n|faint|p2a: Komala\n|\n|upkeep\n|inactive|Time left: 300 sec this turn | 300 sec total | 5 sec grace\n|\n|t:|1783572322\n|switch|p2a: Volcarona|Volcarona, L77, F|257/257\n|turn|26\n|inactive|Time left: 300 sec this turn | 300 sec total\n|\n|t:|1783572324\n|move|p2a: Volcarona|Fire Blast|p1a: Vespiquen\n|-supereffective|p1a: Vespiquen\n|-damage|p1a: Vespiquen|0 fnt\n|faint|p1a: Vespiquen\n|\n|upkeep\n|\n|t:|1783572325\n|switch|p1a: Sceptile|Sceptile, L87, F|37/100 par\n|turn|27\n|inactive|Time left: 300 sec this turn | 300 sec total\n|\n|t:|1783572326\n|-terastallize|p1a: Sceptile|Rock\n|move|p2a: Volcarona|Fire Blast|p1a: Sceptile\n|-resisted|p1a: Sceptile\n|-damage|p1a: Sceptile|15/100 par\n|cant|p1a: Sceptile|par\n|\n|upkeep\n|turn|28\n|inactive|Time left: 300 sec this turn | 300 sec total\n|\n|t:|1783572327\n|move|p2a: Volcarona|Fire Blast|p1a: Sceptile\n|-resisted|p1a: Sceptile\n|-damage|p1a: Sceptile|0 fnt\n|faint|p1a: Sceptile\n|\n|upkeep\n|\n|t:|1783572328\n|switch|p1a: Electrode|Electrode-Hisui, L87|70/100 frz\n|turn|29\n|inactive|Time left: 300 sec this turn | 300 sec total\n|\n|t:|1783572329\n|cant|p1a: Electrode|frz\n|move|p2a: Volcarona|Fire Blast|p1a: Electrode\n|-supereffective|p1a: Electrode\n|-damage|p1a: Electrode|0 fnt\n|faint|p1a: Electrode\n|\n|win|p0y2887d122", "uploadtime": 1783572329, "views": 0, "rating": 0, "private": 0, "password": null, "_winner": "p0y2887d122", "_our_name": "p0y2887d122"}