{"id": "battle-gen9randombattle-686", "formatid": "gen9randombattle", "format": "[Gen 9] Random Battle", "players": ["p0x68693b1", "p0y6865124"], "log": "|init|battle\n|title|p0x68693b1 vs. p0y6865124\n|j|\u2606p0x68693b1\n|j|\u2606p0y6865124\n|t:|1783547778\n|gametype|singles\n|player|p1|p0x68693b1|2|\n|player|p2|p0y6865124|1|\n|gen|9\n|tier|[Gen 9] Random Battle\n|rule|Species Clause: Limit one of each Pok\u00e9mon\n|rule|HP Percentage Mod: HP is shown in percentages\n|rule|Sleep Clause Mod: Limit one foe put to sleep\n|rule|Illusion Level Mod: Illusion disguises the Pok\u00e9mon's true level\n|\n|t:|1783547778\n|teamsize|p1|6\n|teamsize|p2|6\n|start\n|switch|p1a: Swalot|Swalot, L90, F|100/100\n|switch|p2a: Entei|Entei, L78|307/307\n|turn|1\n|inactive|Battle timer is ON: inactive players will automatically lose when time's up. (requested by p0y6865124)\n|\n|t:|1783547780\n|move|p2a: Entei|Sacred Fire|p1a: Swalot\n|-damage|p1a: Swalot|51/100\n|move|p1a: Swalot|Toxic|p2a: Entei\n|-status|p2a: Entei|tox\n|\n|-heal|p1a: Swalot|57/100|[from] item: Leftovers\n|-damage|p2a: Entei|288/307 tox|[from] psn\n|upkeep\n|turn|2\n|inactive|Time left: 300 sec this turn | 300 sec total\n|inactive|p0x68693b1 also wants the timer to be on.\n|\n|t:|1783547781\n|move|p2a: Entei|Sacred Fire|p1a: Swalot\n|-damage|p1a: Swalot|7/100\n|move|p1a: Swalot|Sludge Bomb|p2a: Entei\n|-damage|p2a: Entei|170/307 tox\n|\n|-heal|p1a: Swalot|13/100|[from] item: Leftovers\n|-damage|p2a: Entei|132/307 tox|[from] psn\n|upkeep\n|turn|3\n|inactive|Time left: 300 sec this turn | 300 sec total\n|\n|t:|1783547782\n|move|p1a: Swalot|Protect|p1a: Swalot\n|-singleturn|p1a: Swalot|Protect\n|move|p2a: Entei|Sacred Fire|p1a: Swalot\n|-activate|p1a: Swalot|move: Protect\n|\n|-heal|p1a: Swalot|19/100|[from] item: Leftovers\n|-damage|p2a: Entei|75/307 tox|[from] psn\n|upkeep\n|turn|4\n|inactive|Time left: 300 sec this turn | 300 sec total\n|\n|t:|1783547783\n|move|p2a: Entei|Sacred Fire|p1a: Swalot\n|-damage|p1a: Swalot|0 fnt\n|faint|p1a: Swalot\n|\n|-damage|p2a: Entei|0 fnt|[from] psn\n|faint|p2a: Entei\n|upkeep\n|inactive|Time left: 300 sec this turn | 300 sec total | 5 sec grace\n|\n|t:|1783547784\n|switch|p2a: Politoed|Politoed, L88, M|302/302\n|switch|p1a: Reuniclus|Reuniclus, L88, M|100/100\n|-weather|RainDance|[from] ability: Drizzle|[of] p2a: Politoed\n|turn|5\n|inactive|Time left: 300 sec this turn | 300 sec total\n|\n|t:|1783547786\n|move|p2a: Politoed|Weather Ball|p1a: Reuniclus\n|-damage|p1a: Reuniclus|29/100\n|move|p1a: Reuniclus|Calm Mind|p1a: Reuniclus\n|-boost|p1a: Reuniclus|spa|1\n|-boost|p1a: Reuniclus|spd|1\n|\n|-weather|RainDance|[upkeep]\n|upkeep\n|turn|6\n|inactive|Time left: 300 sec this turn | 300 sec total\n|\n|t:|1783547787\n|switch|p1a: Tauros|Tauros-Paldea-Aqua, L81, M|100/100\n|-ability|p1a: Tauros|Intimidate|boost\n|-unboost|p2a: Politoed|atk|1\n|move|p2a: Politoed|Weather Ball|p1a: Tauros\n|-resisted|p1a: Tauros\n|-damage|p1a: Tauros|43/100\n|\n|-weather|RainDance|[upkeep]\n|upkeep\n|turn|7\n|inactive|Time left: 300 sec this turn | 300 sec total\n|\n|t:|1783547788\n|move|p1a: Tauros|Close Combat|p2a: Politoed\n|-damage|p2a: Politoed|85/302\n|-unboost|p1a: Tauros|def|1\n|-unboost|p1a: Tauros|spd|1\n|move|p2a: Politoed|Weather Ball|p1a: Tauros\n|-resisted|p1a: Tauros\n|-damage|p1a: Tauros|0 fnt\n|faint|p1a: Tauros\n|\n|-weather|RainDance|[upkeep]\n|upkeep\n|\n|t:|1783547789\n|switch|p1a: Swanna|Swanna, L89, F|100/100\n|turn|8\n|inactive|Time left: 300 sec this turn | 300 sec total\n|\n|t:|1783547790\n|switch|p2a: Magnezone|Magnezone, L85|258/258\n|move|p1a: Swanna|Brave Bird|p2a: Magnezone\n|-resisted|p2a: Magnezone\n|-damage|p2a: Magnezone|230/258\n|-damage|p1a: Swanna|97/100|[from] Recoil\n|\n|-weather|RainDance|[upkeep]\n|-heal|p2a: Magnezone|246/258|[from] item: Leftovers\n|upkeep\n|turn|9\n|inactive|Time left: 300 sec this turn | 300 sec total\n|\n|t:|1783547791\n|move|p1a: Swanna|Hydro Pump|p2a: Magnezone\n|-damage|p2a: Magnezone|75/258\n|move|p2a: Magnezone|Discharge|p1a: Swanna\n|-supereffective|p1a: Swanna\n|-damage|p1a: Swanna|0 fnt\n|faint|p1a: Swanna\n|\n|-weather|none\n|-heal|p2a: Magnezone|91/258|[from] item: Leftovers\n|upkeep\n|\n|t:|1783547792\n|switch|p1a: Volcarona|Volcarona, L77, F|100/100\n|turn|10\n|inactive|Time left: 300 sec this turn | 300 sec total\n|\n|t:|1783547793\n|switch|p2a: Primarina|Primarina, L83, F|268/268\n|move|p1a: Volcarona|Quiver Dance|p1a: Volcarona\n|-boost|p1a: Volcarona|spa|1\n|-boost|p1a: Volcarona|spd|1\n|-boost|p1a: Volcarona|spe|1\n|\n|upkeep\n|turn|11\n|inactive|Time left: 300 sec this turn | 300 sec total\n|\n|t:|1783547794\n|move|p1a: Volcarona|Quiver Dance|p1a: Volcarona\n|-boost|p1a: Volcarona|spa|1\n|-boost|p1a: Volcarona|spd|1\n|-boost|p1a: Volcarona|spe|1\n|move|p2a: Primarina|Calm Mind|p2a: Primarina\n|-boost|p2a: Primarina|spa|1\n|-boost|p2a: Primarina|spd|1\n|\n|upkeep\n|turn|12\n|inactive|Time left: 300 sec this turn | 300 sec total\n|\n|t:|1783547795\n|move|p1a: Volcarona|Quiver Dance|p1a: Volcarona\n|-boost|p1a: Volcarona|spa|1\n|-boost|p1a: Volcarona|spd|1\n|-boost|p1a: Volcarona|spe|1\n|move|p2a: Primarina|Sparkling Aria|p1a: Volcarona\n|-supereffective|p1a: Volcarona\n|-damage|p1a: Volcarona|53/100\n|\n|upkeep\n|turn|13\n|inactive|Time left: 300 sec this turn | 300 sec total\n|\n|t:|1783547796\n|-terastallize|p1a: Volcarona|Water\n|move|p1a: Volcarona|Quiver Dance|p1a: Volcarona\n|-boost|p1a: Volcarona|spa|1\n|-boost|p1a: Volcarona|spd|1\n|-boost|p1a: Volcarona|spe|1\n|move|p2a: Primarina|Sparkling Aria|p1a: Volcarona\n|-resisted|p1a: Volcarona\n|-damage|p1a: Volcarona|43/100\n|\n|upkeep\n|turn|14\n|inactive|Time left: 300 sec this turn | 300 sec total\n|\n|t:|1783547797\n|move|p1a: Volcarona|Tera Blast|p2a: Primarina|[anim] Tera Blast Water\n|-resisted|p2a: Primarina\n|-damage|p2a: Primarina|188/268\n|move|p2a: Primarina|Calm Mind|p2a: Primarina\n|-boost|p2a: Primarina|spa|1\n|-boost|p2a: Primarina|spd|1\n|\n|-heal|p2a: Primarina|204/268|[from] item: Leftovers\n|upkeep\n|turn|15\n|inactive|Time left: 300 sec this turn | 300 sec total\n|\n|t:|1783547798\n|move|p1a: Volcarona|Fire Blast|p2a: Primarina\n|-resisted|p2a: Primarina\n|-damage|p2a: Primarina|126/268\n|move|p2a: Primarina|Psychic|p1a: Volcarona\n|-damage|p1a: Volcarona|23/100\n|\n|-heal|p2a: Primarina|142/268|[from] item: Leftovers\n|upkeep\n|turn|16\n|inactive|Time left: 300 sec this turn | 300 sec total\n|\n|t:|1783547800\n|move|p1a: Volcarona|Fire Blast|p2a: Primarina\n|-resisted|p2a: Primarina\n|-damage|p2a: Primarina|71/268\n|move|p2a: Primarina|Draining Kiss|p1a: Volcarona\n|-damage|p1a: Volcarona|7/100\n|-heal|p2a: Primarina|103/268|[from] drain|[of] p1a: Volcarona\n|-status|p2a: Primarina|brn|[from] ability: Flame Body|[of] p1a: Volcarona\n|\n|-heal|p2a: Primarina|119/268 brn|[from] item: Leftovers\n|-damage|p2a: Primarina|103/268 brn|[from] brn\n|upkeep\n|turn|17\n|inactive|Time left: 300 sec this turn | 300 sec total\n|\n|t:|1783547801\n|move|p1a: Volcarona|Tera Blast|p2a: Primarina|[anim] Tera Blast Water\n|-resisted|p2a: Primarina\n|-damage|p2a: Primarina|43/268 brn\n|move|p2a: Primarina|Sparkling Aria|p1a: Volcarona\n|-resisted|p1a: Volcarona\n|-crit|p1a: Volcarona\n|-damage|p1a: Volcarona|0 fnt\n|faint|p1a: Volcarona\n|\n|-heal|p2a: Primarina|59/268 brn|[from] item: Leftovers\n|-damage|p2a: Primarina|43/268 brn|[from] brn\n|upkeep\n|\n|t:|1783547802\n|switch|p1a: Registeel|Registeel, L81|100/100\n|turn|18\n|inactive|Time left: 300 sec this turn | 300 sec total\n|\n|t:|1783547803\n|move|p2a: Primarina|Sparkling Aria|p1a: Registeel\n|-damage|p1a: Registeel|6/100\n|move|p1a: Registeel|Iron Head|p2a: Primarina\n|-damage|p2a: Primarina|0 fnt\n|faint|p2a: Primarina\n|\n|upkeep\n|inactive|Time left: 300 sec this turn | 300 sec total | 5 sec grace\n|\n|t:|1783547804\n|switch|p2a: Meowscarada|Meowscarada, L78, F|247/247\n|turn|19\n|inactive|Time left: 300 sec this turn | 300 sec total\n|\n|t:|1783547805\n|move|p2a: Meowscarada|Knock Off|p1a: Registeel\n|-start|p2a: Meowscarada|typechange|Dark|[from] ability: Protean\n|-damage|p1a: Registeel|0 fnt\n|-enditem|p1a: Registeel|Chesto Berry|[from] move: Knock Off|[of] p2a: Meowscarada\n|faint|p1a: Registeel\n|\n|upkeep\n|\n|t:|1783547806\n|switch|p1a: Reuniclus|Reuniclus, L88, M|29/100\n|turn|20\n|inactive|Time left: 300 sec this turn | 300 sec total\n|\n|t:|1783547807\n|move|p2a: Meowscarada|Knock Off|p1a: Reuniclus\n|-supereffective|p1a: Reuniclus\n|-damage|p1a: Reuniclus|0 fnt\n|-enditem|p1a: Reuniclus|Life Orb|[from] move: Knock Off|[of] p2a: Meowscarada\n|faint|p1a: Reuniclus\n|\n|win|p0y6865124", "uploadtime": 1783547807, "views": 0, "rating": 0, "private": 0, "password": null, "_winner": "p0y6865124", "_our_name": "p0y6865124"}