{"id": "battle-gen9randombattle-461", "formatid": "gen9randombattle", "format": "[Gen 9] Random Battle", "players": ["p0x46170eb", "p0y4617206"], "log": "|init|battle\n|title|p0x46170eb vs. p0y4617206\n|j|\u2606p0x46170eb\n|j|\u2606p0y4617206\n|t:|1783545120\n|gametype|singles\n|player|p1|p0x46170eb|102|\n|player|p2|p0y4617206|1|\n|gen|9\n|tier|[Gen 9] Random Battle\n|rule|Species Clause: Limit one of each Pok\u00e9mon\n|rule|HP Percentage Mod: HP is shown in percentages\n|rule|Sleep Clause Mod: Limit one foe put to sleep\n|rule|Illusion Level Mod: Illusion disguises the Pok\u00e9mon's true level\n|\n|t:|1783545120\n|teamsize|p1|6\n|teamsize|p2|6\n|start\n|switch|p1a: Raichu|Raichu, L88, M|249/249\n|switch|p2a: Rhyperior|Rhyperior, L82, M|100/100\n|turn|1\n|inactive|Battle timer is ON: inactive players will automatically lose when time's up. (requested by p0y4617206)\n|inactive|Time left: 300 sec this turn | 300 sec total | 60 sec grace\n|inactive|p0x46170eb also wants the timer to be on.\n|\n|t:|1783545122\n|move|p1a: Raichu|Surf|p2a: Rhyperior\n|-supereffective|p2a: Rhyperior\n|-damage|p2a: Rhyperior|0 fnt\n|faint|p2a: Rhyperior\n|-damage|p1a: Raichu|225/249|[from] item: Life Orb\n|\n|upkeep\n|\n|t:|1783545123\n|switch|p2a: Frosmoth|Frosmoth, L82, F|100/100\n|turn|2\n|inactive|Time left: 300 sec this turn | 300 sec total\n|\n|t:|1783545125\n|move|p1a: Raichu|Nasty Plot|p1a: Raichu\n|-boost|p1a: Raichu|spa|2\n|move|p2a: Frosmoth|Quiver Dance|p2a: Frosmoth\n|-boost|p2a: Frosmoth|spa|1\n|-boost|p2a: Frosmoth|spd|1\n|-boost|p2a: Frosmoth|spe|1\n|\n|upkeep\n|turn|3\n|inactive|Time left: 300 sec this turn | 300 sec total\n|\n|t:|1783545126\n|move|p1a: Raichu|Thunderbolt|p2a: Frosmoth\n|-damage|p2a: Frosmoth|67/100\n|-damage|p1a: Raichu|201/249|[from] item: Life Orb\n|move|p2a: Frosmoth|Quiver Dance|p2a: Frosmoth\n|-boost|p2a: Frosmoth|spa|1\n|-boost|p2a: Frosmoth|spd|1\n|-boost|p2a: Frosmoth|spe|1\n|\n|upkeep\n|turn|4\n|inactive|Time left: 300 sec this turn | 300 sec total\n|\n|t:|1783545127\n|move|p2a: Frosmoth|Ice Beam|p1a: Raichu\n|-damage|p1a: Raichu|0 fnt\n|faint|p1a: Raichu\n|\n|upkeep\n|inactive|Time left: 300 sec this turn | 300 sec total | 5 sec grace\n|\n|t:|1783545128\n|switch|p1a: Roaring Moon|Roaring Moon, L72|270/270\n|turn|5\n|inactive|Time left: 300 sec this turn | 300 sec total\n|\n|t:|1783545129\n|-terastallize|p1a: Roaring Moon|Dark\n|move|p2a: Frosmoth|Ice Beam|p1a: Roaring Moon\n|-damage|p1a: Roaring Moon|21/270\n|move|p1a: Roaring Moon|Outrage|p2a: Frosmoth\n|-damage|p2a: Frosmoth|0 fnt\n|faint|p2a: Frosmoth\n|\n|upkeep\n|\n|t:|1783545130\n|switch|p2a: Mienshao|Mienshao, L83, M|100/100\n|turn|6\n|inactive|Time left: 300 sec this turn | 300 sec total\n|\n|t:|1783545131\n|move|p2a: Mienshao|U-turn|p1a: Roaring Moon\n|-supereffective|p1a: Roaring Moon\n|-damage|p1a: Roaring Moon|0 fnt\n|faint|p1a: Roaring Moon\n|-end|p1a: Roaring Moon|Protosynthesis|[silent]\n|\n|t:|1783545132\n|switch|p2a: Pecharunt|Pecharunt, L77|100/100|[from] U-turn\n|\n|upkeep\n|inactive|Time left: 300 sec this turn | 300 sec total | 10 sec grace\n|\n|t:|1783545133\n|switch|p1a: Polteageist|Polteageist-Antique, L78|222/222\n|turn|7\n|inactive|Time left: 300 sec this turn | 300 sec total\n|\n|t:|1783545134\n|move|p2a: Pecharunt|Parting Shot|p1a: Polteageist\n|-unboost|p1a: Polteageist|atk|1\n|-unboost|p1a: Polteageist|spa|1\n|-enditem|p1a: Polteageist|White Herb\n|-clearnegativeboost|p1a: Polteageist|[silent]\n|\n|t:|1783545135\n|switch|p2a: Grafaiai|Grafaiai, L86, F|100/100|[from] Parting Shot\n|move|p1a: Polteageist|Shell Smash|p1a: Polteageist\n|-unboost|p1a: Polteageist|def|1\n|-unboost|p1a: Polteageist|spd|1\n|-boost|p1a: Polteageist|atk|2\n|-boost|p1a: Polteageist|spa|2\n|-boost|p1a: Polteageist|spe|2\n|\n|upkeep\n|turn|8\n|inactive|Time left: 300 sec this turn | 300 sec total\n|\n|t:|1783545136\n|-terastallize|p2a: Grafaiai|Dark\n|move|p1a: Polteageist|Stored Power|p2a: Grafaiai\n|-immune|p2a: Grafaiai\n|move|p2a: Grafaiai|Knock Off|p1a: Polteageist\n|-supereffective|p1a: Polteageist\n|-damage|p1a: Polteageist|0 fnt\n|faint|p1a: Polteageist\n|\n|upkeep\n|inactive|Time left: 300 sec this turn | 300 sec total | 5 sec grace\n|\n|t:|1783545137\n|switch|p1a: Barraskewda|Barraskewda, L81, M|231/231\n|turn|9\n|inactive|Time left: 300 sec this turn | 300 sec total\n|\n|t:|1783545138\n|switch|p2a: Pecharunt|Pecharunt, L77|100/100\n|move|p1a: Barraskewda|Waterfall|p2a: Pecharunt\n|-damage|p2a: Pecharunt|62/100\n|\n|-heal|p2a: Pecharunt|68/100|[from] item: Leftovers\n|upkeep\n|turn|10\n|inactive|Time left: 300 sec this turn | 300 sec total\n|\n|t:|1783545139\n|move|p1a: Barraskewda|Waterfall|p2a: Pecharunt\n|-damage|p2a: Pecharunt|34/100\n|move|p2a: Pecharunt|Recover|p2a: Pecharunt\n|-heal|p2a: Pecharunt|84/100\n|\n|-heal|p2a: Pecharunt|90/100|[from] item: Leftovers\n|upkeep\n|turn|11\n|inactive|Time left: 300 sec this turn | 300 sec total\n|\n|t:|1783545140\n|move|p1a: Barraskewda|Waterfall|p2a: Pecharunt\n|-damage|p2a: Pecharunt|51/100\n|move|p2a: Pecharunt|Malignant Chain|p1a: Barraskewda\n|-damage|p1a: Barraskewda|108/231\n|\n|-heal|p2a: Pecharunt|57/100|[from] item: Leftovers\n|upkeep\n|turn|12\n|inactive|Time left: 300 sec this turn | 300 sec total\n|\n|t:|1783545141\n|move|p1a: Barraskewda|Waterfall|p2a: Pecharunt\n|-damage|p2a: Pecharunt|22/100\n|move|p2a: Pecharunt|Malignant Chain|p1a: Barraskewda\n|-damage|p1a: Barraskewda|0 fnt\n|faint|p1a: Barraskewda\n|\n|-heal|p2a: Pecharunt|28/100|[from] item: Leftovers\n|upkeep\n|inactive|Time left: 300 sec this turn | 300 sec total | 5 sec grace\n|\n|t:|1783545142\n|switch|p1a: Duraludon|Duraludon, L82, M|249/249\n|turn|13\n|inactive|Time left: 300 sec this turn | 300 sec total\n|\n|t:|1783545143\n|move|p1a: Duraludon|Flash Cannon|p2a: Pecharunt\n|-damage|p2a: Pecharunt|0 fnt\n|faint|p2a: Pecharunt\n|\n|upkeep\n|\n|t:|1783545144\n|switch|p2a: Mienshao|Mienshao, L83, M|100/100\n|turn|14\n|inactive|Time left: 300 sec this turn | 300 sec total\n|\n|t:|1783545145\n|move|p2a: Mienshao|High Jump Kick|p1a: Duraludon\n|-supereffective|p1a: Duraludon\n|-damage|p1a: Duraludon|0 fnt\n|faint|p1a: Duraludon\n|\n|upkeep\n|inactive|Time left: 300 sec this turn | 300 sec total | 5 sec grace\n|\n|t:|1783545146\n|switch|p1a: Sawsbuck|Sawsbuck-Autumn, L88, F|284/284\n|turn|15\n|inactive|Time left: 300 sec this turn | 300 sec total\n|\n|t:|1783545147\n|move|p2a: Mienshao|High Jump Kick|p1a: Sawsbuck\n|-supereffective|p1a: Sawsbuck\n|-damage|p1a: Sawsbuck|0 fnt\n|faint|p1a: Sawsbuck\n|\n|win|p0y4617206", "uploadtime": 1783545147, "views": 0, "rating": 0, "private": 0, "password": null, "_winner": "p0y4617206", "_our_name": "p0x46170eb"}