{"id": "battle-gen9randombattle-1722", "formatid": "gen9randombattle", "format": "[Gen 9] Random Battle", "players": ["p0x17227087", "p0y1722e56d"], "log": "|init|battle\n|title|p0x17227087 vs. p0y1722e56d\n|j|\u2606p0x17227087\n|j|\u2606p0y1722e56d\n|t:|1783559916\n|gametype|singles\n|player|p1|p0x17227087|170|\n|player|p2|p0y1722e56d|169|\n|gen|9\n|tier|[Gen 9] Random Battle\n|rule|Species Clause: Limit one of each Pok\u00e9mon\n|rule|HP Percentage Mod: HP is shown in percentages\n|rule|Sleep Clause Mod: Limit one foe put to sleep\n|rule|Illusion Level Mod: Illusion disguises the Pok\u00e9mon's true level\n|\n|t:|1783559916\n|teamsize|p1|6\n|teamsize|p2|6\n|start\n|switch|p1a: Necrozma|Necrozma-Dawn-Wings, L76|272/272\n|switch|p2a: Forretress|Forretress, L84, F|100/100\n|turn|1\n|inactive|Battle timer is ON: inactive players will automatically lose when time's up. (requested by p0y1722e56d)\n|inactive|Time left: 300 sec this turn | 300 sec total | 60 sec grace\n|\n|t:|1783559917\n|move|p1a: Necrozma|Moongeist Beam|p2a: Forretress\n|-damage|p2a: Forretress|17/100\n|-damage|p1a: Necrozma|245/272|[from] item: Life Orb\n|move|p2a: Forretress|Stealth Rock|p1a: Necrozma\n|-sidestart|p1: p0x17227087|move: Stealth Rock\n|\n|-heal|p2a: Forretress|23/100|[from] item: Leftovers\n|upkeep\n|turn|2\n|inactive|Time left: 300 sec this turn | 300 sec total\n|inactive|p0x17227087 also wants the timer to be on.\n|\n|t:|1783559918\n|switch|p2a: Glastrier|Glastrier, L86|100/100\n|move|p1a: Necrozma|Moongeist Beam|p2a: Glastrier\n|-damage|p2a: Glastrier|58/100\n|-damage|p1a: Necrozma|218/272|[from] item: Life Orb\n|\n|upkeep\n|turn|3\n|inactive|Time left: 300 sec this turn | 300 sec total\n|\n|t:|1783559919\n|move|p1a: Necrozma|Photon Geyser|p2a: Glastrier\n|-damage|p2a: Glastrier|10/100\n|-damage|p1a: Necrozma|191/272|[from] item: Life Orb\n|move|p2a: Glastrier|Icicle Crash|p1a: Necrozma\n|-damage|p1a: Necrozma|76/272\n|\n|upkeep\n|turn|4\n|inactive|Time left: 300 sec this turn | 300 sec total\n|\n|t:|1783559920\n|move|p1a: Necrozma|Photon Geyser|p2a: Glastrier\n|-damage|p2a: Glastrier|0 fnt\n|faint|p2a: Glastrier\n|-damage|p1a: Necrozma|49/272|[from] item: Life Orb\n|\n|upkeep\n|\n|t:|1783559921\n|switch|p2a: Walking Wake|Walking Wake, L79|100/100\n|turn|5\n|inactive|Time left: 300 sec this turn | 300 sec total\n|\n|t:|1783559923\n|move|p2a: Walking Wake|Flamethrower|p1a: Necrozma\n|-damage|p1a: Necrozma|0 fnt\n|faint|p1a: Necrozma\n|\n|upkeep\n|inactive|Time left: 300 sec this turn | 300 sec total | 5 sec grace\n|\n|t:|1783559924\n|switch|p1a: Reshiram|Reshiram, L76|277/277\n|-ability|p1a: Reshiram|Turboblaze\n|turn|6\n|inactive|Time left: 300 sec this turn | 300 sec total\n|\n|t:|1783559925\n|move|p2a: Walking Wake|Flamethrower|p1a: Reshiram\n|-resisted|p1a: Reshiram\n|-crit|p1a: Reshiram\n|-damage|p1a: Reshiram|243/277\n|move|p1a: Reshiram|Dragon Dance|p1a: Reshiram\n|-boost|p1a: Reshiram|atk|1\n|-boost|p1a: Reshiram|spe|1\n|\n|upkeep\n|turn|7\n|inactive|Time left: 300 sec this turn | 300 sec total\n|\n|t:|1783559926\n|-end|p2a: Walking Wake|Protosynthesis|[silent]\n|switch|p2a: Iron Crown|Iron Crown, L78|100/100\n|move|p1a: Reshiram|Outrage|p2a: Iron Crown\n|-resisted|p2a: Iron Crown\n|-damage|p2a: Iron Crown|66/100\n|\n|-heal|p2a: Iron Crown|72/100|[from] item: Leftovers\n|upkeep\n|turn|8\n|inactive|Time left: 300 sec this turn | 300 sec total\n|\n|t:|1783559927\n|move|p1a: Reshiram|Outrage|p2a: Iron Crown|[from] lockedmove\n|-resisted|p2a: Iron Crown\n|-damage|p2a: Iron Crown|40/100\n|move|p2a: Iron Crown|Psyshock|p1a: Reshiram\n|-damage|p1a: Reshiram|158/277\n|\n|-heal|p2a: Iron Crown|46/100|[from] item: Leftovers\n|upkeep\n|turn|9\n|inactive|Time left: 300 sec this turn | 300 sec total\n|\n|t:|1783559928\n|move|p1a: Reshiram|Outrage|p2a: Iron Crown|[from] lockedmove\n|-resisted|p2a: Iron Crown\n|-damage|p2a: Iron Crown|14/100\n|-start|p1a: Reshiram|confusion|[fatigue]\n|move|p2a: Iron Crown|Psyshock|p1a: Reshiram\n|-damage|p1a: Reshiram|64/277\n|\n|-heal|p2a: Iron Crown|20/100|[from] item: Leftovers\n|upkeep\n|turn|10\n|inactive|Time left: 300 sec this turn | 300 sec total\n|\n|t:|1783559929\n|-activate|p1a: Reshiram|confusion\n|-damage|p1a: Reshiram|19/277|[from] confusion\n|move|p2a: Iron Crown|Tachyon Cutter|p1a: Reshiram\n|-resisted|p1a: Reshiram\n|-damage|p1a: Reshiram|0 fnt\n|faint|p1a: Reshiram\n|-hitcount|p1: Reshiram|1\n|\n|-heal|p2a: Iron Crown|25/100|[from] item: Leftovers\n|upkeep\n|inactive|Time left: 300 sec this turn | 300 sec total | 5 sec grace\n|\n|t:|1783559930\n|switch|p1a: Darkrai|Darkrai, L77|234/234\n|-damage|p1a: Darkrai|205/234|[from] Stealth Rock\n|turn|11\n|inactive|Time left: 300 sec this turn | 300 sec total\n|\n|t:|1783559931\n|move|p1a: Darkrai|Dark Pulse|p2a: Iron Crown\n|-supereffective|p2a: Iron Crown\n|-damage|p2a: Iron Crown|0 fnt\n|faint|p2a: Iron Crown\n|-end|p2a: Iron Crown|Quark Drive|[silent]\n|-damage|p1a: Darkrai|182/234|[from] item: Life Orb\n|\n|upkeep\n|\n|t:|1783559932\n|switch|p2a: Walking Wake|Walking Wake, L79|100/100\n|turn|12\n|inactive|Time left: 300 sec this turn | 300 sec total\n|\n|t:|1783559933\n|move|p1a: Darkrai|Dark Pulse|p2a: Walking Wake\n|-damage|p2a: Walking Wake|54/100\n|-damage|p1a: Darkrai|159/234|[from] item: Life Orb\n|move|p2a: Walking Wake|Hydro Pump|p1a: Darkrai\n|-damage|p1a: Darkrai|0 fnt\n|faint|p1a: Darkrai\n|\n|upkeep\n|inactive|Time left: 300 sec this turn | 300 sec total | 5 sec grace\n|\n|t:|1783559934\n|switch|p1a: Grafaiai|Grafaiai, L86, M|249/249\n|-damage|p1a: Grafaiai|218/249|[from] Stealth Rock\n|turn|13\n|inactive|Time left: 300 sec this turn | 300 sec total\n|\n|t:|1783559935\n|move|p1a: Grafaiai|Knock Off|p2a: Walking Wake\n|-damage|p2a: Walking Wake|30/100\n|-status|p2a: Walking Wake|psn|[from] ability: Poison Touch|[of] p1a: Grafaiai\n|-enditem|p2a: Walking Wake|Choice Specs|[from] move: Knock Off|[of] p1a: Grafaiai\n|move|p2a: Walking Wake|Hydro Pump|p1a: Grafaiai\n|-damage|p1a: Grafaiai|113/249\n|\n|-damage|p2a: Walking Wake|17/100 psn|[from] psn\n|upkeep\n|turn|14\n|inactive|Time left: 300 sec this turn | 300 sec total\n|\n|t:|1783559936\n|move|p1a: Grafaiai|Knock Off|p2a: Walking Wake\n|-damage|p2a: Walking Wake|1/100 psn\n|move|p2a: Walking Wake|Hydro Pump|p1a: Grafaiai\n|-damage|p1a: Grafaiai|14/249\n|\n|-damage|p2a: Walking Wake|0 fnt|[from] psn\n|faint|p2a: Walking Wake\n|-end|p2a: Walking Wake|Protosynthesis|[silent]\n|upkeep\n|\n|t:|1783559936\n|switch|p2a: Ursaring|Ursaring, L84, M|100/100\n|turn|15\n|inactive|Time left: 300 sec this turn | 300 sec total\n|\n|t:|1783559937\n|move|p1a: Grafaiai|Super Fang|p2a: Ursaring\n|-damage|p2a: Ursaring|50/100\n|-status|p2a: Ursaring|psn|[from] ability: Poison Touch|[of] p1a: Grafaiai\n|move|p2a: Ursaring|Swords Dance|p2a: Ursaring\n|-boost|p2a: Ursaring|atk|2\n|\n|-damage|p2a: Ursaring|38/100 psn|[from] psn\n|upkeep\n|turn|16\n|inactive|Time left: 300 sec this turn | 300 sec total\n|\n|t:|1783559938\n|switch|p2a: Forretress|Forretress, L84, F|23/100\n|move|p1a: Grafaiai|Knock Off|p2a: Forretress\n|-damage|p2a: Forretress|5/100\n|-enditem|p2a: Forretress|Leftovers|[from] move: Knock Off|[of] p1a: Grafaiai\n|\n|upkeep\n|turn|17\n|inactive|Time left: 300 sec this turn | 300 sec total\n|\n|t:|1783559939\n|move|p1a: Grafaiai|Knock Off|p2a: Forretress\n|-damage|p2a: Forretress|0 fnt\n|faint|p2a: Forretress\n|\n|upkeep\n|\n|t:|1783559940\n|switch|p2a: Mienshao|Mienshao, L83, F|100/100\n|turn|18\n|inactive|Time left: 300 sec this turn | 300 sec total\n|\n|t:|1783559941\n|move|p1a: Grafaiai|Super Fang|p2a: Mienshao\n|-damage|p2a: Mienshao|50/100\n|move|p2a: Mienshao|Poison Jab|p1a: Grafaiai\n|-resisted|p1a: Grafaiai\n|-damage|p1a: Grafaiai|0 fnt\n|faint|p1a: Grafaiai\n|-damage|p2a: Mienshao|41/100|[from] item: Life Orb\n|\n|upkeep\n|inactive|Time left: 300 sec this turn | 300 sec total | 5 sec grace\n|\n|t:|1783559942\n|switch|p1a: Lokix|Lokix, L82, F|251/251\n|-damage|p1a: Lokix|189/251|[from] Stealth Rock\n|turn|19\n|inactive|Time left: 300 sec this turn | 300 sec total\n|\n|t:|1783559943\n|switch|p2a: Ursaring|Ursaring, L84, M|38/100 psn\n|-terastallize|p1a: Lokix|Bug\n|move|p1a: Lokix|First Impression|p2a: Ursaring\n|-damage|p2a: Ursaring|0 fnt\n|faint|p2a: Ursaring\n|-damage|p1a: Lokix|164/251|[from] item: Life Orb\n|\n|upkeep\n|\n|t:|1783559944\n|switch|p2a: Mienshao|Mienshao, L83, F|74/100\n|turn|20\n|inactive|Time left: 300 sec this turn | 300 sec total\n|\n|t:|1783559945\n|-terastallize|p2a: Mienshao|Dark\n|move|p2a: Mienshao|Knock Off|p1a: Lokix\n|-damage|p1a: Lokix|0 fnt\n|-enditem|p1a: Lokix|Life Orb|[from] move: Knock Off|[of] p2a: Mienshao\n|faint|p1a: Lokix\n|-damage|p2a: Mienshao|64/100|[from] item: Life Orb\n|\n|upkeep\n|inactive|Time left: 300 sec this turn | 300 sec total | 5 sec grace\n|\n|t:|1783559946\n|switch|p1a: Perrserker|Perrserker, L89, M|269/269\n|-damage|p1a: Perrserker|253/269|[from] Stealth Rock\n|turn|21\n|inactive|Time left: 300 sec this turn | 300 sec total\n|\n|t:|1783559947\n|move|p2a: Mienshao|Close Combat|p1a: Perrserker\n|-supereffective|p1a: Perrserker\n|-damage|p1a: Perrserker|0 fnt\n|-unboost|p2a: Mienshao|def|1\n|-unboost|p2a: Mienshao|spd|1\n|faint|p1a: Perrserker\n|-damage|p2a: Mienshao|54/100|[from] item: Life Orb\n|\n|win|p0y1722e56d", "uploadtime": 1783559947, "views": 0, "rating": 0, "private": 0, "password": null, "_winner": "p0y1722e56d", "_our_name": "p0x17227087"}