{"id": "battle-gen9randombattle-1126", "formatid": "gen9randombattle", "format": "[Gen 9] Random Battle", "players": ["p0x11260816", "p0y11268ba8"], "log": "|init|battle\n|title|p0x11260816 vs. p0y11268ba8\n|j|\u2606p0x11260816\n|j|\u2606p0y11268ba8\n|t:|1783553017\n|gametype|singles\n|player|p1|p0x11260816|102|\n|player|p2|p0y11268ba8|102|\n|gen|9\n|tier|[Gen 9] Random Battle\n|rule|Species Clause: Limit one of each Pok\u00e9mon\n|rule|HP Percentage Mod: HP is shown in percentages\n|rule|Sleep Clause Mod: Limit one foe put to sleep\n|rule|Illusion Level Mod: Illusion disguises the Pok\u00e9mon's true level\n|\n|t:|1783553017\n|teamsize|p1|6\n|teamsize|p2|6\n|start\n|switch|p1a: Seviper|Seviper, L93, M|100/100\n|switch|p2a: Hitmontop|Hitmontop, L88, M|231/231\n|-ability|p2a: Hitmontop|Intimidate|boost\n|-unboost|p1a: Seviper|atk|1\n|turn|1\n|inactive|Battle timer is ON: inactive players will automatically lose when time's up. (requested by p0y11268ba8)\n|\n|t:|1783553019\n|switch|p1a: Great Tusk|Great Tusk, L77|100/100\n|-enditem|p1a: Great Tusk|Booster Energy\n|-activate|p1a: Great Tusk|ability: Protosynthesis|[fromitem]\n|-start|p1a: Great Tusk|protosynthesisatk\n|move|p2a: Hitmontop|Earthquake|p1a: Great Tusk\n|-damage|p1a: Great Tusk|81/100\n|\n|upkeep\n|turn|2\n|inactive|Time left: 300 sec this turn | 300 sec total\n|inactive|p0x11260816 also wants the timer to be on.\n|\n|t:|1783553020\n|switch|p2a: Qwilfish|Qwilfish-Hisui, L83, F|244/244\n|-ability|p2a: Qwilfish|Intimidate|boost\n|-unboost|p1a: Great Tusk|atk|1\n|move|p1a: Great Tusk|Earthquake|p2a: Qwilfish\n|-supereffective|p2a: Qwilfish\n|-damage|p2a: Qwilfish|104/244\n|\n|upkeep\n|turn|3\n|inactive|Time left: 300 sec this turn | 300 sec total\n|\n|t:|1783553021\n|switch|p2a: Golduck|Golduck, L90, F|290/290\n|-ability|p2a: Golduck|Cloud Nine\n|move|p1a: Great Tusk|Earthquake|p2a: Golduck\n|-damage|p2a: Golduck|187/290\n|\n|-heal|p2a: Golduck|205/290|[from] item: Leftovers\n|upkeep\n|turn|4\n|inactive|Time left: 300 sec this turn | 300 sec total\n|\n|t:|1783553022\n|-end|p1a: Great Tusk|Protosynthesis|[silent]\n|switch|p1a: Meganium|Meganium, L90, F|100/100\n|move|p2a: Golduck|Nasty Plot|p2a: Golduck\n|-boost|p2a: Golduck|spa|2\n|\n|-heal|p2a: Golduck|223/290|[from] item: Leftovers\n|upkeep\n|turn|5\n|inactive|Time left: 300 sec this turn | 300 sec total\n|\n|t:|1783553023\n|move|p2a: Golduck|Ice Beam|p1a: Meganium\n|-supereffective|p1a: Meganium\n|-damage|p1a: Meganium|17/100\n|move|p1a: Meganium|Energy Ball|p2a: Golduck\n|-supereffective|p2a: Golduck\n|-damage|p2a: Golduck|0 fnt\n|faint|p2a: Golduck\n|\n|-heal|p1a: Meganium|23/100|[from] item: Leftovers\n|upkeep\n|inactive|Time left: 300 sec this turn | 300 sec total | 5 sec grace\n|\n|t:|1783553024\n|switch|p2a: Gengar|Gengar, L81, F|230/230\n|turn|6\n|inactive|Time left: 300 sec this turn | 300 sec total\n|\n|t:|1783553025\n|switch|p1a: Ho-Oh|Ho-Oh, L71|100/100\n|move|p2a: Gengar|Shadow Ball|p1a: Ho-Oh\n|-damage|p1a: Ho-Oh|55/100\n|\n|upkeep\n|turn|7\n|inactive|Time left: 300 sec this turn | 300 sec total\n|\n|t:|1783553026\n|switch|p1a: Dodrio|Dodrio, L85, M|100/100\n|move|p2a: Gengar|Shadow Ball|p1a: Dodrio\n|-immune|p1a: Dodrio\n|\n|upkeep\n|turn|8\n|inactive|Time left: 300 sec this turn | 300 sec total\n|\n|t:|1783553027\n|switch|p2a: Qwilfish|Qwilfish-Hisui, L83, F|104/244\n|-ability|p2a: Qwilfish|Intimidate|boost\n|-unboost|p1a: Dodrio|atk|1\n|move|p1a: Dodrio|Swords Dance|p1a: Dodrio\n|-boost|p1a: Dodrio|atk|2\n|\n|upkeep\n|turn|9\n|inactive|Time left: 300 sec this turn | 300 sec total\n|\n|t:|1783553028\n|move|p1a: Dodrio|Brave Bird|p2a: Qwilfish\n|-damage|p2a: Qwilfish|0 fnt\n|faint|p2a: Qwilfish\n|-damage|p1a: Dodrio|86/100|[from] Recoil\n|\n|upkeep\n|inactive|Time left: 300 sec this turn | 300 sec total | 5 sec grace\n|\n|t:|1783553029\n|switch|p2a: Hydreigon|Hydreigon, L79, F|275/275\n|turn|10\n|inactive|Time left: 300 sec this turn | 300 sec total\n|\n|t:|1783553030\n|-terastallize|p1a: Dodrio|Flying\n|move|p1a: Dodrio|Brave Bird|p2a: Hydreigon\n|-damage|p2a: Hydreigon|0 fnt\n|faint|p2a: Hydreigon\n|-damage|p1a: Dodrio|49/100|[from] Recoil\n|\n|upkeep\n|inactive|Time left: 300 sec this turn | 300 sec total | 5 sec grace\n|\n|t:|1783553031\n|switch|p2a: Girafarig|Girafarig, L89, M|269/269\n|turn|11\n|inactive|Time left: 300 sec this turn | 300 sec total\n|\n|t:|1783553031\n|move|p1a: Dodrio|Knock Off|p2a: Girafarig\n|-supereffective|p2a: Girafarig\n|-damage|p2a: Girafarig|99/269\n|-enditem|p2a: Girafarig|Eviolite|[from] move: Knock Off|[of] p1a: Dodrio\n|move|p2a: Girafarig|Hyper Voice|p1a: Dodrio\n|-damage|p1a: Dodrio|0 fnt\n|faint|p1a: Dodrio\n|\n|upkeep\n|\n|t:|1783553032\n|switch|p1a: Emboar|Emboar, L84, M|100/100\n|turn|12\n|inactive|Time left: 300 sec this turn | 300 sec total\n|\n|t:|1783553033\n|move|p1a: Emboar|Flare Blitz|p2a: Girafarig\n|-damage|p2a: Girafarig|0 fnt\n|faint|p2a: Girafarig\n|-damage|p1a: Emboar|90/100|[from] Recoil\n|\n|upkeep\n|inactive|Time left: 300 sec this turn | 300 sec total | 5 sec grace\n|\n|t:|1783553034\n|switch|p2a: Hitmontop|Hitmontop, L88, M|231/231\n|-ability|p2a: Hitmontop|Intimidate|boost\n|-unboost|p1a: Emboar|atk|1\n|turn|13\n|inactive|Time left: 300 sec this turn | 300 sec total\n|\n|t:|1783553035\n|switch|p1a: Ho-Oh|Ho-Oh, L71|88/100\n|move|p2a: Hitmontop|Rapid Spin|p1a: Ho-Oh\n|-damage|p1a: Ho-Oh|72/100\n|-boost|p2a: Hitmontop|spe|1\n|\n|upkeep\n|turn|14\n|inactive|Time left: 300 sec this turn | 300 sec total\n|\n|t:|1783553036\n|move|p2a: Hitmontop|Stone Edge|p1a: Ho-Oh\n|-supereffective|p1a: Ho-Oh\n|-crit|p1a: Ho-Oh\n|-damage|p1a: Ho-Oh|0 fnt\n|faint|p1a: Ho-Oh\n|\n|upkeep\n|\n|t:|1783553037\n|switch|p1a: Great Tusk|Great Tusk, L77|81/100\n|turn|15\n|inactive|Time left: 300 sec this turn | 300 sec total\n|\n|t:|1783553038\n|move|p2a: Hitmontop|Earthquake|p1a: Great Tusk\n|-damage|p1a: Great Tusk|60/100\n|move|p1a: Great Tusk|Earthquake|p2a: Hitmontop\n|-damage|p2a: Hitmontop|129/231\n|\n|upkeep\n|turn|16\n|inactive|Time left: 300 sec this turn | 300 sec total\n|\n|t:|1783553039\n|move|p2a: Hitmontop|Close Combat|p1a: Great Tusk\n|-damage|p1a: Great Tusk|25/100\n|-unboost|p2a: Hitmontop|def|1\n|-unboost|p2a: Hitmontop|spd|1\n|move|p1a: Great Tusk|Earthquake|p2a: Hitmontop\n|-damage|p2a: Hitmontop|0 fnt\n|faint|p2a: Hitmontop\n|\n|upkeep\n|inactive|Time left: 300 sec this turn | 300 sec total | 5 sec grace\n|\n|t:|1783553041\n|switch|p2a: Gengar|Gengar, L81, F|230/230\n|turn|17\n|inactive|Time left: 300 sec this turn | 300 sec total\n|\n|t:|1783553042\n|-end|p1a: Great Tusk|Protosynthesis|[silent]\n|switch|p1a: Emboar|Emboar, L84, M|90/100\n|move|p2a: Gengar|Shadow Ball|p1a: Emboar\n|-damage|p1a: Emboar|29/100\n|\n|upkeep\n|turn|18\n|inactive|Time left: 300 sec this turn | 300 sec total\n|\n|t:|1783553043\n|-terastallize|p2a: Gengar|Ghost\n|move|p1a: Emboar|Flare Blitz|p2a: Gengar\n|-damage|p2a: Gengar|0 fnt\n|-start|p1a: Emboar|Disable|Flare Blitz|[from] ability: Cursed Body|[of] p2a: Gengar\n|faint|p2a: Gengar\n|-damage|p1a: Emboar|5/100|[from] Recoil\n|\n|win|p0x11260816", "uploadtime": 1783553043, "views": 0, "rating": 0, "private": 0, "password": null, "_winner": "p0x11260816", "_our_name": "p0y11268ba8"}