{"id": "battle-gen9randombattle-2231", "formatid": "gen9randombattle", "format": "[Gen 9] Random Battle", "players": ["p0x2231e126", "p0y22318f23"], "log": "|init|battle\n|title|p0x2231e126 vs. p0y22318f23\n|j|\u2606p0x2231e126\n|j|\u2606p0y22318f23\n|t:|1783564930\n|gametype|singles\n|player|p1|p0x2231e126|2|\n|player|p2|p0y22318f23|265|\n|gen|9\n|tier|[Gen 9] Random Battle\n|rule|Species Clause: Limit one of each Pok\u00e9mon\n|rule|HP Percentage Mod: HP is shown in percentages\n|rule|Sleep Clause Mod: Limit one foe put to sleep\n|rule|Illusion Level Mod: Illusion disguises the Pok\u00e9mon's true level\n|\n|t:|1783564930\n|teamsize|p1|6\n|teamsize|p2|6\n|start\n|switch|p1a: Thundurus|Thundurus-Therian, L80, M|100/100\n|switch|p2a: Suicune|Suicune, L82|298/298\n|-ability|p2a: Suicune|Pressure\n|turn|1\n|inactive|Battle timer is ON: inactive players will automatically lose when time's up. (requested by p0x2231e126)\n|inactive|Time left: 300 sec this turn | 300 sec total | 60 sec grace\n|inactive|p0y22318f23 also wants the timer to be on.\n|\n|t:|1783564931\n|switch|p2a: Wyrdeer|Wyrdeer, L87, M|321/321\n|-ability|p2a: Wyrdeer|Intimidate|boost\n|-unboost|p1a: Thundurus|atk|1\n|move|p1a: Thundurus|Nasty Plot|p1a: Thundurus\n|-boost|p1a: Thundurus|spa|2\n|\n|upkeep\n|turn|2\n|inactive|Time left: 300 sec this turn | 300 sec total\n|\n|t:|1783564933\n|move|p1a: Thundurus|Thunderbolt|p2a: Wyrdeer\n|-damage|p2a: Wyrdeer|159/321\n|move|p2a: Wyrdeer|Body Slam|p1a: Thundurus\n|-damage|p1a: Thundurus|52/100\n|\n|upkeep\n|turn|3\n|inactive|Time left: 300 sec this turn | 300 sec total\n|\n|t:|1783564934\n|switch|p2a: Gardevoir|Gardevoir, L83, F|249/249\n|-ability|p2a: Gardevoir|Volt Absorb|Trace|[from] ability: Trace|[of] p1a: Thundurus\n|move|p1a: Thundurus|Thunderbolt|p2a: Gardevoir\n|-immune|p2a: Gardevoir|[from] ability: Volt Absorb\n|\n|upkeep\n|turn|4\n|inactive|Time left: 300 sec this turn | 300 sec total\n|\n|t:|1783564935\n|move|p2a: Gardevoir|Moonblast|p1a: Thundurus\n|-damage|p1a: Thundurus|0 fnt\n|faint|p1a: Thundurus\n|\n|upkeep\n|\n|t:|1783564937\n|switch|p1a: Sudowoodo|Sudowoodo, L94, F|100/100\n|turn|5\n|inactive|Time left: 300 sec this turn | 300 sec total\n|\n|t:|1783564938\n|move|p2a: Gardevoir|Moonblast|p1a: Sudowoodo\n|-damage|p1a: Sudowoodo|55/100\n|-unboost|p1a: Sudowoodo|spa|1\n|move|p1a: Sudowoodo|Head Smash|p2a: Gardevoir\n|-damage|p2a: Gardevoir|0 fnt\n|faint|p2a: Gardevoir\n|\n|-heal|p1a: Sudowoodo|61/100|[from] item: Leftovers\n|upkeep\n|inactive|Time left: 300 sec this turn | 300 sec total | 5 sec grace\n|\n|t:|1783564939\n|switch|p2a: Wyrdeer|Wyrdeer, L87, M|159/321\n|-ability|p2a: Wyrdeer|Intimidate|boost\n|-unboost|p1a: Sudowoodo|atk|1\n|turn|6\n|inactive|Time left: 300 sec this turn | 300 sec total\n|\n|t:|1783564940\n|move|p2a: Wyrdeer|Earthquake|p1a: Sudowoodo\n|-supereffective|p1a: Sudowoodo\n|-damage|p1a: Sudowoodo|24/100\n|move|p1a: Sudowoodo|Stealth Rock|p2a: Wyrdeer\n|-sidestart|p2: p0y22318f23|move: Stealth Rock\n|\n|-heal|p1a: Sudowoodo|30/100|[from] item: Leftovers\n|upkeep\n|turn|7\n|inactive|Time left: 300 sec this turn | 300 sec total\n|\n|t:|1783564941\n|switch|p1a: Mabosstiff|Mabosstiff, L86, F|100/100\n|move|p2a: Wyrdeer|Earthquake|p1a: Mabosstiff\n|-damage|p1a: Mabosstiff|74/100\n|\n|upkeep\n|turn|8\n|inactive|Time left: 300 sec this turn | 300 sec total\n|\n|t:|1783564942\n|move|p1a: Mabosstiff|Crunch|p2a: Wyrdeer\n|-supereffective|p2a: Wyrdeer\n|-damage|p2a: Wyrdeer|0 fnt\n|faint|p2a: Wyrdeer\n|\n|upkeep\n|inactive|Time left: 300 sec this turn | 300 sec total | 5 sec grace\n|\n|t:|1783564943\n|switch|p2a: Grimmsnarl|Grimmsnarl, L83, M|293/293\n|-damage|p2a: Grimmsnarl|257/293|[from] Stealth Rock\n|turn|9\n|inactive|Time left: 300 sec this turn | 300 sec total\n|\n|t:|1783564944\n|move|p1a: Mabosstiff|Crunch|p2a: Grimmsnarl\n|-resisted|p2a: Grimmsnarl\n|-damage|p2a: Grimmsnarl|225/293\n|move|p2a: Grimmsnarl|Spirit Break|p1a: Mabosstiff\n|-supereffective|p1a: Mabosstiff\n|-damage|p1a: Mabosstiff|15/100\n|-unboost|p1a: Mabosstiff|spa|1\n|\n|-heal|p2a: Grimmsnarl|243/293|[from] item: Leftovers\n|upkeep\n|turn|10\n|inactive|Time left: 300 sec this turn | 300 sec total\n|\n|t:|1783564945\n|switch|p1a: Slowking|Slowking-Galar, L85, F|100/100\n|move|p2a: Grimmsnarl|Spirit Break|p1a: Slowking\n|-resisted|p1a: Slowking\n|-damage|p1a: Slowking|83/100\n|-unboost|p1a: Slowking|spa|1\n|\n|-heal|p2a: Grimmsnarl|261/293|[from] item: Leftovers\n|upkeep\n|turn|11\n|inactive|Time left: 300 sec this turn | 300 sec total\n|\n|t:|1783564946\n|switch|p1a: Sudowoodo|Sudowoodo, L94, F|30/100\n|move|p2a: Grimmsnarl|Spirit Break|p1a: Sudowoodo\n|-damage|p1a: Sudowoodo|4/100\n|-unboost|p1a: Sudowoodo|spa|1\n|\n|-heal|p2a: Grimmsnarl|279/293|[from] item: Leftovers\n|-heal|p1a: Sudowoodo|10/100|[from] item: Leftovers\n|upkeep\n|turn|12\n|inactive|Time left: 300 sec this turn | 300 sec total\n|\n|t:|1783564948\n|switch|p1a: Slowking|Slowking-Galar, L85, F|100/100\n|move|p2a: Grimmsnarl|Spirit Break|p1a: Slowking\n|-resisted|p1a: Slowking\n|-damage|p1a: Slowking|84/100\n|-unboost|p1a: Slowking|spa|1\n|\n|-heal|p2a: Grimmsnarl|293/293|[from] item: Leftovers\n|upkeep\n|turn|13\n|inactive|Time left: 300 sec this turn | 300 sec total\n|\n|t:|1783564949\n|move|p2a: Grimmsnarl|Spirit Break|p1a: Slowking\n|-resisted|p1a: Slowking\n|-damage|p1a: Slowking|68/100\n|-unboost|p1a: Slowking|spa|1\n|move|p1a: Slowking|Sludge Bomb|p2a: Grimmsnarl\n|-supereffective|p2a: Grimmsnarl\n|-damage|p2a: Grimmsnarl|171/293\n|\n|-heal|p2a: Grimmsnarl|189/293|[from] item: Leftovers\n|upkeep\n|turn|14\n|inactive|Time left: 300 sec this turn | 300 sec total\n|\n|t:|1783564950\n|switch|p1a: Sudowoodo|Sudowoodo, L94, F|10/100\n|move|p2a: Grimmsnarl|Spirit Break|p1a: Sudowoodo\n|-damage|p1a: Sudowoodo|0 fnt\n|faint|p1a: Sudowoodo\n|\n|-heal|p2a: Grimmsnarl|207/293|[from] item: Leftovers\n|upkeep\n|\n|t:|1783564951\n|switch|p1a: Slowking|Slowking-Galar, L85, F|100/100\n|turn|15\n|inactive|Time left: 300 sec this turn | 300 sec total\n|\n|t:|1783564952\n|move|p2a: Grimmsnarl|Spirit Break|p1a: Slowking\n|-resisted|p1a: Slowking\n|-damage|p1a: Slowking|83/100\n|-unboost|p1a: Slowking|spa|1\n|move|p1a: Slowking|Sludge Bomb|p2a: Grimmsnarl\n|-supereffective|p2a: Grimmsnarl\n|-damage|p2a: Grimmsnarl|39/293\n|\n|-heal|p2a: Grimmsnarl|57/293|[from] item: Leftovers\n|upkeep\n|turn|16\n|inactive|Time left: 300 sec this turn | 300 sec total\n|\n|t:|1783564953\n|move|p2a: Grimmsnarl|Spirit Break|p1a: Slowking\n|-resisted|p1a: Slowking\n|-damage|p1a: Slowking|68/100\n|-unboost|p1a: Slowking|spa|1\n|move|p1a: Slowking|Sludge Bomb|p2a: Grimmsnarl\n|-supereffective|p2a: Grimmsnarl\n|-damage|p2a: Grimmsnarl|0 fnt\n|faint|p2a: Grimmsnarl\n|\n|upkeep\n|inactive|Time left: 300 sec this turn | 300 sec total | 5 sec grace\n|\n|t:|1783564954\n|switch|p2a: Talonflame|Talonflame, L83, M|265/265\n|turn|17\n|inactive|Time left: 300 sec this turn | 300 sec total\n|\n|t:|1783564955\n|switch|p1a: Drifblim|Drifblim, L86, M|100/100\n|move|p2a: Talonflame|Swords Dance|p2a: Talonflame\n|-boost|p2a: Talonflame|atk|2\n|\n|upkeep\n|turn|18\n|inactive|Time left: 300 sec this turn | 300 sec total\n|\n|t:|1783564956\n|move|p2a: Talonflame|Swords Dance|p2a: Talonflame\n|-boost|p2a: Talonflame|atk|2\n|move|p1a: Drifblim|Shadow Ball|p2a: Talonflame\n|-damage|p2a: Talonflame|157/265\n|\n|upkeep\n|turn|19\n|inactive|Time left: 300 sec this turn | 300 sec total\n|\n|t:|1783564957\n|move|p2a: Talonflame|Flare Blitz|p1a: Drifblim\n|-damage|p1a: Drifblim|0 fnt\n|-damage|p2a: Talonflame|91/265|[from] ability: Aftermath|[of] p1a: Drifblim\n|faint|p1a: Drifblim\n|-damage|p2a: Talonflame|0 fnt|[from] Recoil\n|faint|p2a: Talonflame\n|\n|upkeep\n|inactive|Time left: 300 sec this turn | 300 sec total | 5 sec grace\n|\n|t:|1783564958\n|switch|p2a: Hippowdon|Hippowdon, L82, F|311/311\n|switch|p1a: Mabosstiff|Mabosstiff, L86, F|15/100\n|-damage|p2a: Hippowdon|292/311|[from] Stealth Rock\n|-weather|Sandstorm|[from] ability: Sand Stream|[of] p2a: Hippowdon\n|turn|20\n|inactive|Time left: 300 sec this turn | 300 sec total\n|\n|t:|1783564960\n|move|p1a: Mabosstiff|Crunch|p2a: Hippowdon\n|-damage|p2a: Hippowdon|210/311\n|move|p2a: Hippowdon|Earthquake|p1a: Mabosstiff\n|-damage|p1a: Mabosstiff|0 fnt\n|faint|p1a: Mabosstiff\n|\n|-weather|Sandstorm|[upkeep]\n|-heal|p2a: Hippowdon|229/311|[from] item: Leftovers\n|upkeep\n|\n|t:|1783564961\n|switch|p1a: Mesprit|Mesprit, L85|100/100\n|turn|21\n|inactive|Time left: 300 sec this turn | 300 sec total\n|\n|t:|1783564962\n|move|p1a: Mesprit|Psychic Noise|p2a: Hippowdon\n|-damage|p2a: Hippowdon|126/311\n|-start|p2a: Hippowdon|move: Heal Block\n|cant|p2a: Hippowdon|move: Heal Block|Slack Off\n|\n|-weather|Sandstorm|[upkeep]\n|-damage|p1a: Mesprit|94/100|[from] Sandstorm\n|upkeep\n|turn|22\n|inactive|Time left: 300 sec this turn | 300 sec total\n|\n|t:|1783564963\n|switch|p2a: Suicune|Suicune, L82|298/298\n|-damage|p2a: Suicune|261/298|[from] Stealth Rock\n|-ability|p2a: Suicune|Pressure\n|move|p1a: Mesprit|Knock Off|p2a: Suicune\n|-damage|p2a: Suicune|201/298\n|-enditem|p2a: Suicune|Leftovers|[from] move: Knock Off|[of] p1a: Mesprit\n|\n|-weather|Sandstorm|[upkeep]\n|-damage|p2a: Suicune|183/298|[from] Sandstorm\n|-damage|p1a: Mesprit|88/100|[from] Sandstorm\n|upkeep\n|turn|23\n|inactive|Time left: 300 sec this turn | 300 sec total\n|\n|t:|1783564964\n|move|p2a: Suicune|Calm Mind|p2a: Suicune\n|-boost|p2a: Suicune|spa|1\n|-boost|p2a: Suicune|spd|1\n|move|p1a: Mesprit|Drain Punch|p2a: Suicune\n|-damage|p2a: Suicune|135/298\n|-heal|p1a: Mesprit|97/100|[from] drain|[of] p2a: Suicune\n|\n|-weather|Sandstorm|[upkeep]\n|-damage|p2a: Suicune|117/298|[from] Sandstorm\n|-damage|p1a: Mesprit|91/100|[from] Sandstorm\n|upkeep\n|turn|24\n|inactive|Time left: 300 sec this turn | 300 sec total\n|\n|t:|1783564966\n|move|p2a: Suicune|Rest|p2a: Suicune\n|-status|p2a: Suicune|slp|[from] move: Rest\n|-heal|p2a: Suicune|298/298 slp|[silent]\n|move|p1a: Mesprit|Drain Punch|p2a: Suicune\n|-damage|p2a: Suicune|252/298 slp\n|-heal|p1a: Mesprit|99/100|[from] drain|[of] p2a: Suicune\n|\n|-weather|none\n|upkeep\n|turn|25\n|inactive|Time left: 300 sec this turn | 300 sec total\n|\n|t:|1783564967\n|cant|p2a: Suicune|slp\n|move|p2a: Suicune|Sleep Talk|p2a: Suicune\n|move|p2a: Suicune|Calm Mind|p2a: Suicune|[from] move: Sleep Talk\n|-boost|p2a: Suicune|spa|1\n|-boost|p2a: Suicune|spd|1\n|move|p1a: Mesprit|Psychic Noise|p2a: Suicune\n|-damage|p2a: Suicune|215/298 slp\n|-start|p2a: Suicune|move: Heal Block\n|\n|upkeep\n|turn|26\n|inactive|Time left: 300 sec this turn | 300 sec total\n|\n|t:|1783564968\n|cant|p2a: Suicune|slp\n|move|p2a: Suicune|Sleep Talk|p2a: Suicune\n|move|p2a: Suicune|Calm Mind|p2a: Suicune|[from] move: Sleep Talk\n|-boost|p2a: Suicune|spa|1\n|-boost|p2a: Suicune|spd|1\n|move|p1a: Mesprit|U-turn|p2a: Suicune\n|-damage|p2a: Suicune|166/298 slp\n|\n|t:|1783564969\n|switch|p1a: Slowking|Slowking-Galar, L85, F|100/100|[from] U-turn\n|\n|-end|p2a: Suicune|move: Heal Block\n|upkeep\n|turn|27\n|inactive|Time left: 300 sec this turn | 300 sec total\n|\n|t:|1783564970\n|-curestatus|p2a: Suicune|slp|[msg]\n|move|p2a: Suicune|Scald|p1a: Slowking\n|-damage|p1a: Slowking|63/100\n|-status|p1a: Slowking|brn\n|move|p1a: Slowking|Sludge Bomb|p2a: Suicune\n|-damage|p2a: Suicune|132/298\n|-status|p2a: Suicune|psn\n|\n|-damage|p2a: Suicune|95/298 psn|[from] psn\n|-damage|p1a: Slowking|57/100 brn|[from] brn\n|upkeep\n|turn|28\n|inactive|Time left: 300 sec this turn | 300 sec total\n|\n|t:|1783564971\n|switch|p1a: Mesprit|Mesprit, L85|99/100\n|move|p2a: Suicune|Rest|p2a: Suicune\n|-status|p2a: Suicune|slp|[from] move: Rest\n|-heal|p2a: Suicune|298/298 slp|[silent]\n|\n|upkeep\n|turn|29\n|inactive|Time left: 300 sec this turn | 300 sec total\n|\n|t:|1783564972\n|cant|p2a: Suicune|slp\n|move|p2a: Suicune|Sleep Talk|p2a: Suicune\n|move|p2a: Suicune|Calm Mind|p2a: Suicune|[from] move: Sleep Talk\n|-boost|p2a: Suicune|spa|1\n|-boost|p2a: Suicune|spd|1\n|move|p1a: Mesprit|Drain Punch|p2a: Suicune\n|-damage|p2a: Suicune|248/298 slp\n|-heal|p1a: Mesprit|100/100|[from] drain|[of] p2a: Suicune\n|\n|upkeep\n|turn|30\n|inactive|Time left: 300 sec this turn | 300 sec total\n|\n|t:|1783564972\n|cant|p2a: Suicune|slp\n|move|p2a: Suicune|Sleep Talk|p2a: Suicune\n|move|p2a: Suicune|Rest||[from] move: Sleep Talk|[still]\n|-fail|p2a: Suicune\n|move|p1a: Mesprit|Drain Punch|p2a: Suicune\n|-damage|p2a: Suicune|200/298 slp\n|\n|upkeep\n|turn|31\n|inactive|Time left: 300 sec this turn | 300 sec total\n|\n|t:|1783564973\n|-curestatus|p2a: Suicune|slp|[msg]\n|move|p2a: Suicune|Scald|p1a: Mesprit\n|-damage|p1a: Mesprit|51/100\n|-status|p1a: Mesprit|brn\n|move|p1a: Mesprit|Drain Punch|p2a: Suicune\n|-damage|p2a: Suicune|174/298\n|-heal|p1a: Mesprit|56/100 brn|[from] drain|[of] p2a: Suicune\n|\n|-damage|p1a: Mesprit|50/100 brn|[from] brn\n|upkeep\n|turn|32\n|inactive|Time left: 300 sec this turn | 300 sec total\n|\n|t:|1783564974\n|move|p2a: Suicune|Scald|p1a: Mesprit\n|-damage|p1a: Mesprit|4/100 brn\n|move|p1a: Mesprit|U-turn|p2a: Suicune\n|-damage|p2a: Suicune|151/298\n|\n|t:|1783564974\n|switch|p1a: Slowking|Slowking-Galar, L85, F|91/100 brn|[from] U-turn\n|\n|-damage|p1a: Slowking|85/100 brn|[from] brn\n|upkeep\n|turn|33\n|inactive|Time left: 300 sec this turn | 300 sec total\n|\n|t:|1783564975\n|-terastallize|p1a: Slowking|Water\n|move|p2a: Suicune|Scald|p1a: Slowking\n|-resisted|p1a: Slowking\n|-damage|p1a: Slowking|65/100 brn\n|move|p1a: Slowking|Psychic Noise|p2a: Suicune\n|-crit|p2a: Suicune\n|-damage|p2a: Suicune|33/298\n|-start|p2a: Suicune|move: Heal Block\n|\n|-damage|p1a: Slowking|59/100 brn|[from] brn\n|upkeep\n|turn|34\n|inactive|Time left: 300 sec this turn | 300 sec total\n|\n|t:|1783564976\n|move|p2a: Suicune|Scald|p1a: Slowking\n|-resisted|p1a: Slowking\n|-damage|p1a: Slowking|39/100 brn\n|move|p1a: Slowking|Sludge Bomb|p2a: Suicune\n|-damage|p2a: Suicune|0 fnt\n|faint|p2a: Suicune\n|\n|-damage|p1a: Slowking|33/100 brn|[from] brn\n|upkeep\n|inactive|Time left: 300 sec this turn | 300 sec total | 5 sec grace\n|\n|t:|1783564976\n|switch|p2a: Hippowdon|Hippowdon, L82, F|126/311\n|-damage|p2a: Hippowdon|107/311|[from] Stealth Rock\n|-weather|Sandstorm|[from] ability: Sand Stream|[of] p2a: Hippowdon\n|turn|35\n|inactive|Time left: 300 sec this turn | 300 sec total\n|\n|t:|1783564977\n|-terastallize|p2a: Hippowdon|Steel\n|move|p2a: Hippowdon|Earthquake|p1a: Slowking\n|-damage|p1a: Slowking|0 fnt\n|faint|p1a: Slowking\n|\n|-weather|Sandstorm|[upkeep]\n|-heal|p2a: Hippowdon|126/311|[from] item: Leftovers\n|upkeep\n|\n|t:|1783564978\n|switch|p1a: Mesprit|Mesprit, L85|4/100 brn\n|turn|36\n|inactive|Time left: 300 sec this turn | 300 sec total\n|\n|t:|1783564979\n|move|p1a: Mesprit|Knock Off|p2a: Hippowdon\n|-damage|p2a: Hippowdon|95/311\n|-enditem|p2a: Hippowdon|Leftovers|[from] move: Knock Off|[of] p1a: Mesprit\n|move|p2a: Hippowdon|Stone Edge|p1a: Mesprit|[miss]\n|-miss|p2a: Hippowdon|p1a: Mesprit\n|\n|-weather|Sandstorm|[upkeep]\n|-damage|p1a: Mesprit|0 fnt|[from] Sandstorm\n|faint|p1a: Mesprit\n|\n|win|p0y22318f23", "uploadtime": 1783564979, "views": 0, "rating": 0, "private": 0, "password": null, "_winner": "p0y22318f23", "_our_name": "p0y22318f23"}