{"id": "battle-gen9randombattle-1029", "formatid": "gen9randombattle", "format": "[Gen 9] Random Battle", "players": ["p0x10290241", "p0y1029f467"], "log": "|init|battle\n|title|p0x10290241 vs. p0y1029f467\n|j|\u2606p0x10290241\n|j|\u2606p0y1029f467\n|t:|1783551838\n|gametype|singles\n|player|p1|p0x10290241|170|\n|player|p2|p0y1029f467|1|\n|gen|9\n|tier|[Gen 9] Random Battle\n|rule|Species Clause: Limit one of each Pok\u00e9mon\n|rule|HP Percentage Mod: HP is shown in percentages\n|rule|Sleep Clause Mod: Limit one foe put to sleep\n|rule|Illusion Level Mod: Illusion disguises the Pok\u00e9mon's true level\n|\n|t:|1783551838\n|teamsize|p1|6\n|teamsize|p2|6\n|start\n|switch|p1a: Iron Hands|Iron Hands, L79|373/373\n|switch|p2a: Urshifu|Urshifu-Rapid-Strike, L75, F|100/100\n|turn|1\n|inactive|Battle timer is ON: inactive players will automatically lose when time's up. (requested by p0x10290241)\n|\n|t:|1783551840\n|switch|p2a: Armarouge|Armarouge, L80, M|100/100\n|move|p1a: Iron Hands|Thunder Punch|p2a: Armarouge\n|-damage|p2a: Armarouge|68/100\n|-ability|p2a: Armarouge|Weak Armor|boost\n|-unboost|p2a: Armarouge|def|1\n|-boost|p2a: Armarouge|spe|2\n|\n|upkeep\n|turn|2\n|inactive|Time left: 300 sec this turn | 300 sec total | 60 sec grace\n|inactive|p0y1029f467 also wants the timer to be on.\n|\n|t:|1783551841\n|move|p2a: Armarouge|Armor Cannon|p1a: Iron Hands\n|-damage|p1a: Iron Hands|94/373\n|-unboost|p2a: Armarouge|def|1\n|-unboost|p2a: Armarouge|spd|1\n|move|p1a: Iron Hands|Thunder Punch|p2a: Armarouge\n|-damage|p2a: Armarouge|1/100\n|-ability|p2a: Armarouge|Weak Armor|boost\n|-unboost|p2a: Armarouge|def|1\n|-boost|p2a: Armarouge|spe|2\n|\n|-heal|p1a: Iron Hands|117/373|[from] item: Leftovers\n|upkeep\n|turn|3\n|inactive|Time left: 300 sec this turn | 300 sec total\n|\n|t:|1783551842\n|-end|p1a: Iron Hands|Quark Drive|[silent]\n|switch|p1a: Slowbro|Slowbro, L85, F|300/300\n|move|p2a: Armarouge|Armor Cannon|p1a: Slowbro\n|-resisted|p1a: Slowbro\n|-damage|p1a: Slowbro|225/300\n|-unboost|p2a: Armarouge|def|1\n|-unboost|p2a: Armarouge|spd|1\n|\n|upkeep\n|turn|4\n|inactive|Time left: 300 sec this turn | 300 sec total\n|\n|t:|1783551844\n|move|p2a: Armarouge|Armor Cannon|p1a: Slowbro\n|-resisted|p1a: Slowbro\n|-damage|p1a: Slowbro|155/300\n|-unboost|p2a: Armarouge|def|1\n|-unboost|p2a: Armarouge|spd|1\n|move|p1a: Slowbro|Body Press|p2a: Armarouge\n|-resisted|p2a: Armarouge\n|-damage|p2a: Armarouge|0 fnt\n|faint|p2a: Armarouge\n|\n|upkeep\n|\n|t:|1783551846\n|switch|p2a: Galvantula|Galvantula, L82, F|100/100\n|turn|5\n|inactive|Time left: 300 sec this turn | 300 sec total\n|\n|t:|1783551847\n|switch|p1a: Iron Hands|Iron Hands, L79|117/373\n|move|p2a: Galvantula|Sticky Web|p1a: Iron Hands\n|-sidestart|p1: p0x10290241|move: Sticky Web\n|\n|-heal|p1a: Iron Hands|140/373|[from] item: Leftovers\n|upkeep\n|turn|6\n|inactive|Time left: 300 sec this turn | 300 sec total\n|\n|t:|1783551848\n|switch|p2a: Slither Wing|Slither Wing, L81|100/100\n|-enditem|p2a: Slither Wing|Booster Energy\n|-activate|p2a: Slither Wing|ability: Protosynthesis|[fromitem]\n|-start|p2a: Slither Wing|protosynthesisatk\n|move|p1a: Iron Hands|Swords Dance|p1a: Iron Hands\n|-boost|p1a: Iron Hands|atk|2\n|\n|-heal|p1a: Iron Hands|163/373|[from] item: Leftovers\n|upkeep\n|turn|7\n|inactive|Time left: 300 sec this turn | 300 sec total\n|\n|t:|1783551849\n|move|p2a: Slither Wing|Earthquake|p1a: Iron Hands\n|-supereffective|p1a: Iron Hands\n|-damage|p1a: Iron Hands|0 fnt\n|faint|p1a: Iron Hands\n|-end|p1a: Iron Hands|Quark Drive|[silent]\n|\n|upkeep\n|inactive|Time left: 300 sec this turn | 300 sec total | 5 sec grace\n|\n|t:|1783551850\n|switch|p1a: Dragonite|Dragonite, L74, M|257/257\n|turn|8\n|inactive|Time left: 300 sec this turn | 300 sec total\n|\n|t:|1783551852\n|move|p2a: Slither Wing|Bulk Up|p2a: Slither Wing\n|-boost|p2a: Slither Wing|atk|1\n|-boost|p2a: Slither Wing|def|1\n|move|p1a: Dragonite|Outrage|p2a: Slither Wing\n|-damage|p2a: Slither Wing|63/100\n|\n|upkeep\n|turn|9\n|inactive|Time left: 300 sec this turn | 300 sec total\n|\n|t:|1783551853\n|move|p2a: Slither Wing|Acrobatics|p1a: Dragonite\n|-crit|p1a: Dragonite\n|-damage|p1a: Dragonite|106/257\n|move|p1a: Dragonite|Outrage|p2a: Slither Wing|[from] lockedmove\n|-damage|p2a: Slither Wing|29/100\n|-start|p1a: Dragonite|confusion|[fatigue]\n|\n|upkeep\n|turn|10\n|inactive|Time left: 300 sec this turn | 300 sec total\n|\n|t:|1783551854\n|switch|p1a: Slowbro|Slowbro, L85, F|255/300\n|-activate|p1a: Slowbro|move: Sticky Web\n|-unboost|p1a: Slowbro|spe|1\n|move|p2a: Slither Wing|Acrobatics|p1a: Slowbro\n|-damage|p1a: Slowbro|107/300\n|\n|upkeep\n|turn|11\n|inactive|Time left: 300 sec this turn | 300 sec total\n|\n|t:|1783551856\n|switch|p1a: Dragonite|Dragonite, L74, M|106/257\n|move|p2a: Slither Wing|Acrobatics|p1a: Dragonite\n|-damage|p1a: Dragonite|0 fnt\n|faint|p1a: Dragonite\n|\n|upkeep\n|inactive|Time left: 300 sec this turn | 300 sec total | 5 sec grace\n|\n|t:|1783551857\n|switch|p1a: Slowbro|Slowbro, L85, F|207/300\n|-activate|p1a: Slowbro|move: Sticky Web\n|-unboost|p1a: Slowbro|spe|1\n|turn|12\n|inactive|Time left: 300 sec this turn | 300 sec total\n|\n|t:|1783551858\n|-terastallize|p2a: Slither Wing|Flying\n|move|p2a: Slither Wing|Acrobatics|p1a: Slowbro\n|-damage|p1a: Slowbro|0 fnt\n|faint|p1a: Slowbro\n|\n|upkeep\n|inactive|Time left: 300 sec this turn | 300 sec total | 5 sec grace\n|\n|t:|1783551859\n|switch|p1a: Stonjourner|Stonjourner, L91, F|330/330\n|-activate|p1a: Stonjourner|move: Sticky Web\n|-unboost|p1a: Stonjourner|spe|1\n|turn|13\n|inactive|Time left: 300 sec this turn | 300 sec total\n|\n|t:|1783551860\n|-terastallize|p1a: Stonjourner|Fire\n|move|p2a: Slither Wing|Close Combat|p1a: Stonjourner\n|-damage|p1a: Stonjourner|143/330\n|-unboost|p2a: Slither Wing|def|1\n|-unboost|p2a: Slither Wing|spd|1\n|move|p1a: Stonjourner|Rock Polish|p1a: Stonjourner\n|-boost|p1a: Stonjourner|spe|2\n|\n|upkeep\n|turn|14\n|inactive|Time left: 300 sec this turn | 300 sec total\n|\n|t:|1783551861\n|move|p1a: Stonjourner|Heat Crash|p2a: Slither Wing\n|-damage|p2a: Slither Wing|0 fnt\n|faint|p2a: Slither Wing\n|-end|p2a: Slither Wing|Protosynthesis|[silent]\n|-damage|p1a: Stonjourner|110/330|[from] item: Life Orb\n|\n|upkeep\n|\n|t:|1783551862\n|switch|p2a: Regieleki|Regieleki, L79|100/100\n|turn|15\n|inactive|Time left: 300 sec this turn | 300 sec total\n|\n|t:|1783551864\n|move|p2a: Regieleki|Volt Switch|p1a: Stonjourner\n|-damage|p1a: Stonjourner|0 fnt\n|faint|p1a: Stonjourner\n|\n|t:|1783551865\n|switch|p2a: Urshifu|Urshifu-Rapid-Strike, L75, F|100/100|[from] Volt Switch\n|\n|upkeep\n|inactive|Time left: 300 sec this turn | 300 sec total | 10 sec grace\n|\n|t:|1783551865\n|switch|p1a: Spectrier|Spectrier, L75|274/274\n|-activate|p1a: Spectrier|move: Sticky Web\n|-unboost|p1a: Spectrier|spe|1\n|turn|16\n|inactive|Time left: 300 sec this turn | 300 sec total\n|\n|t:|1783551866\n|move|p2a: Urshifu|Surging Strikes|p1a: Spectrier\n|-crit|p1a: Spectrier\n|-damage|p1a: Spectrier|184/274\n|-crit|p1a: Spectrier\n|-damage|p1a: Spectrier|91/274\n|-crit|p1a: Spectrier\n|-damage|p1a: Spectrier|1/274\n|-hitcount|p1a: Spectrier|3\n|move|p1a: Spectrier|Draining Kiss|p2a: Urshifu\n|-supereffective|p2a: Urshifu\n|-damage|p2a: Urshifu|41/100\n|-heal|p1a: Spectrier|124/274|[from] drain|[of] p2a: Urshifu\n|-damage|p1a: Spectrier|97/274|[from] item: Life Orb\n|\n|upkeep\n|turn|17\n|inactive|Time left: 300 sec this turn | 300 sec total\n|\n|t:|1783551867\n|move|p2a: Urshifu|Surging Strikes|p1a: Spectrier\n|-crit|p1a: Spectrier\n|-damage|p1a: Spectrier|13/274\n|-crit|p1a: Spectrier\n|-damage|p1a: Spectrier|0 fnt\n|faint|p1a: Spectrier\n|-hitcount|p1: Spectrier|2\n|\n|upkeep\n|inactive|Time left: 300 sec this turn | 300 sec total | 5 sec grace\n|\n|t:|1783551868\n|switch|p1a: Copperajah|Copperajah, L86, M|350/350\n|-activate|p1a: Copperajah|move: Sticky Web\n|-unboost|p1a: Copperajah|spe|1\n|turn|18\n|inactive|Time left: 300 sec this turn | 300 sec total\n|\n|t:|1783551869\n|move|p2a: Urshifu|Surging Strikes|p1a: Copperajah\n|-crit|p1a: Copperajah\n|-damage|p1a: Copperajah|272/350\n|-crit|p1a: Copperajah\n|-damage|p1a: Copperajah|202/350\n|-crit|p1a: Copperajah\n|-damage|p1a: Copperajah|124/350\n|-hitcount|p1a: Copperajah|3\n|move|p1a: Copperajah|Play Rough|p2a: Urshifu\n|-supereffective|p2a: Urshifu\n|-damage|p2a: Urshifu|0 fnt\n|faint|p2a: Urshifu\n|\n|upkeep\n|\n|t:|1783551870\n|switch|p2a: Regieleki|Regieleki, L79|100/100\n|turn|19\n|inactive|Time left: 300 sec this turn | 300 sec total\n|\n|t:|1783551871\n|move|p2a: Regieleki|Volt Switch|p1a: Copperajah\n|-damage|p1a: Copperajah|9/350\n|\n|t:|1783551872\n|switch|p2a: Galvantula|Galvantula, L82, F|100/100|[from] Volt Switch\n|move|p1a: Copperajah|Stealth Rock|p2a: Galvantula\n|-sidestart|p2: p0y1029f467|move: Stealth Rock\n|\n|upkeep\n|turn|20\n|inactive|Time left: 300 sec this turn | 300 sec total\n|\n|t:|1783551873\n|switch|p2a: Dragalge|Dragalge, L88, M|100/100\n|-damage|p2a: Dragalge|88/100|[from] Stealth Rock\n|move|p1a: Copperajah|Iron Head|p2a: Dragalge\n|-damage|p2a: Dragalge|21/100\n|\n|-heal|p2a: Dragalge|28/100|[from] item: Leftovers\n|upkeep\n|turn|21\n|inactive|Time left: 300 sec this turn | 300 sec total\n|\n|t:|1783551874\n|move|p2a: Dragalge|Toxic|p1a: Copperajah\n|-immune|p1a: Copperajah\n|move|p1a: Copperajah|Play Rough|p2a: Dragalge\n|-damage|p2a: Dragalge|0 fnt\n|faint|p2a: Dragalge\n|\n|upkeep\n|\n|t:|1783551875\n|switch|p2a: Regieleki|Regieleki, L79|100/100\n|-damage|p2a: Regieleki|88/100|[from] Stealth Rock\n|turn|22\n|inactive|Time left: 300 sec this turn | 300 sec total\n|\n|t:|1783551876\n|move|p2a: Regieleki|Volt Switch|p1a: Copperajah\n|-damage|p1a: Copperajah|0 fnt\n|faint|p1a: Copperajah\n|\n|win|p0y1029f467", "uploadtime": 1783551876, "views": 0, "rating": 0, "private": 0, "password": null, "_winner": "p0y1029f467", "_our_name": "p0x10290241"}