{"id": "battle-gen9randombattle-1577", "formatid": "gen9randombattle", "format": "[Gen 9] Random Battle", "players": ["p0x1577fe5d", "p0y1577deb2"], "log": "|init|battle\n|title|p0x1577fe5d vs. p0y1577deb2\n|j|\u2606p0x1577fe5d\n|j|\u2606p0y1577deb2\n|t:|1783557464\n|gametype|singles\n|player|p1|p0x1577fe5d|1|\n|player|p2|p0y1577deb2|169|\n|gen|9\n|tier|[Gen 9] Random Battle\n|rule|Species Clause: Limit one of each Pok\u00e9mon\n|rule|HP Percentage Mod: HP is shown in percentages\n|rule|Sleep Clause Mod: Limit one foe put to sleep\n|rule|Illusion Level Mod: Illusion disguises the Pok\u00e9mon's true level\n|\n|t:|1783557464\n|teamsize|p1|6\n|teamsize|p2|6\n|start\n|switch|p1a: Heracross|Heracross, L80, M|259/259\n|switch|p2a: Rillaboom|Rillaboom, L79, M|100/100\n|-fieldstart|move: Grassy Terrain|[from] ability: Grassy Surge|[of] p2a: Rillaboom\n|turn|1\n|inactive|Battle timer is ON: inactive players will automatically lose when time's up. (requested by p0y1577deb2)\n|inactive|Time left: 300 sec this turn | 300 sec total | 60 sec grace\n|inactive|p0x1577fe5d also wants the timer to be on.\n|\n|t:|1783557465\n|switch|p2a: Forretress|Forretress, L84, M|100/100\n|move|p1a: Heracross|Knock Off|p2a: Forretress\n|-damage|p2a: Forretress|79/100\n|-enditem|p2a: Forretress|Leftovers|[from] move: Knock Off|[of] p1a: Heracross\n|\n|-heal|p2a: Forretress|85/100|[from] Grassy Terrain\n|-status|p1a: Heracross|brn|[from] item: Flame Orb\n|upkeep\n|turn|2\n|inactive|Time left: 300 sec this turn | 300 sec total\n|\n|t:|1783557466\n|move|p1a: Heracross|Close Combat|p2a: Forretress\n|-damage|p2a: Forretress|29/100\n|-unboost|p1a: Heracross|def|1\n|-unboost|p1a: Heracross|spd|1\n|move|p2a: Forretress|Stealth Rock|p1a: Heracross\n|-sidestart|p1: p0x1577fe5d|move: Stealth Rock\n|\n|-heal|p2a: Forretress|35/100|[from] Grassy Terrain\n|-damage|p1a: Heracross|243/259 brn|[from] brn\n|upkeep\n|turn|3\n|inactive|Time left: 300 sec this turn | 300 sec total\n|\n|t:|1783557467\n|move|p1a: Heracross|Close Combat|p2a: Forretress\n|-damage|p2a: Forretress|0 fnt\n|-unboost|p1a: Heracross|def|1\n|-unboost|p1a: Heracross|spd|1\n|faint|p2a: Forretress\n|\n|-heal|p1a: Heracross|259/259 brn|[from] Grassy Terrain\n|-damage|p1a: Heracross|243/259 brn|[from] brn\n|upkeep\n|\n|t:|1783557468\n|switch|p2a: Vikavolt|Vikavolt, L83, F|100/100\n|turn|4\n|inactive|Time left: 300 sec this turn | 300 sec total\n|\n|t:|1783557469\n|move|p1a: Heracross|Facade|p2a: Vikavolt\n|-damage|p2a: Vikavolt|34/100\n|move|p2a: Vikavolt|Sticky Web|p1a: Heracross\n|-sidestart|p1: p0x1577fe5d|move: Sticky Web\n|\n|-heal|p1a: Heracross|259/259 brn|[from] Grassy Terrain\n|-damage|p1a: Heracross|243/259 brn|[from] brn\n|upkeep\n|turn|5\n|inactive|Time left: 300 sec this turn | 300 sec total\n|\n|t:|1783557470\n|move|p1a: Heracross|Knock Off|p2a: Vikavolt\n|-damage|p2a: Vikavolt|0 fnt\n|-enditem|p2a: Vikavolt|Heavy-Duty Boots|[from] move: Knock Off|[of] p1a: Heracross\n|faint|p2a: Vikavolt\n|\n|-heal|p1a: Heracross|259/259 brn|[from] Grassy Terrain\n|-damage|p1a: Heracross|243/259 brn|[from] brn\n|-fieldend|move: Grassy Terrain\n|upkeep\n|\n|t:|1783557471\n|switch|p2a: Azelf|Azelf, L82|100/100\n|turn|6\n|inactive|Time left: 300 sec this turn | 300 sec total\n|\n|t:|1783557472\n|switch|p1a: Glaceon|Glaceon, L94, M|275/275\n|move|p2a: Azelf|Psychic|p1a: Glaceon\n|-damage|p1a: Glaceon|178/275\n|\n|upkeep\n|turn|7\n|inactive|Time left: 300 sec this turn | 300 sec total\n|\n|t:|1783557473\n|move|p1a: Glaceon|Protect|p1a: Glaceon\n|-singleturn|p1a: Glaceon|Protect\n|move|p2a: Azelf|Psychic|p1a: Glaceon\n|-activate|p1a: Glaceon|move: Protect\n|\n|upkeep\n|turn|8\n|inactive|Time left: 300 sec this turn | 300 sec total\n|\n|t:|1783557474\n|move|p2a: Azelf|Fire Blast|p1a: Glaceon|[miss]\n|-miss|p2a: Azelf|p1a: Glaceon\n|move|p1a: Glaceon|Freeze-Dry|p2a: Azelf\n|-damage|p2a: Azelf|63/100\n|\n|upkeep\n|turn|9\n|inactive|Time left: 300 sec this turn | 300 sec total\n|\n|t:|1783557476\n|move|p1a: Glaceon|Protect|p1a: Glaceon\n|-singleturn|p1a: Glaceon|Protect\n|move|p2a: Azelf|Knock Off|p1a: Glaceon\n|-activate|p1a: Glaceon|move: Protect\n|\n|upkeep\n|turn|10\n|inactive|Time left: 300 sec this turn | 300 sec total\n|\n|t:|1783557477\n|move|p2a: Azelf|Fire Blast|p1a: Glaceon|[miss]\n|-miss|p2a: Azelf|p1a: Glaceon\n|move|p1a: Glaceon|Freeze-Dry|p2a: Azelf\n|-damage|p2a: Azelf|27/100\n|\n|upkeep\n|turn|11\n|inactive|Time left: 300 sec this turn | 300 sec total\n|\n|t:|1783557478\n|move|p2a: Azelf|Knock Off|p1a: Glaceon\n|-damage|p1a: Glaceon|117/275\n|-enditem|p1a: Glaceon|Heavy-Duty Boots|[from] move: Knock Off|[of] p2a: Azelf\n|move|p1a: Glaceon|Freeze-Dry|p2a: Azelf\n|-damage|p2a: Azelf|0 fnt\n|faint|p2a: Azelf\n|\n|upkeep\n|\n|t:|1783557479\n|switch|p2a: Mismagius|Mismagius, L86, F|100/100\n|turn|12\n|inactive|Time left: 300 sec this turn | 300 sec total\n|\n|t:|1783557480\n|move|p2a: Mismagius|Shadow Ball|p1a: Glaceon\n|-damage|p1a: Glaceon|0 fnt\n|faint|p1a: Glaceon\n|\n|upkeep\n|inactive|Time left: 300 sec this turn | 300 sec total | 5 sec grace\n|\n|t:|1783557481\n|switch|p1a: Hitmonlee|Hitmonlee, L85, M|224/224\n|-damage|p1a: Hitmonlee|210/224|[from] Stealth Rock\n|-activate|p1a: Hitmonlee|move: Sticky Web\n|-unboost|p1a: Hitmonlee|spe|1\n|-enditem|p1a: Hitmonlee|White Herb\n|-clearnegativeboost|p1a: Hitmonlee|[silent]\n|turn|13\n|inactive|Time left: 300 sec this turn | 300 sec total\n|\n|t:|1783557483\n|move|p1a: Hitmonlee|Knock Off|p2a: Mismagius\n|-supereffective|p2a: Mismagius\n|-damage|p2a: Mismagius|17/100\n|-enditem|p2a: Mismagius|Choice Specs|[from] move: Knock Off|[of] p1a: Hitmonlee\n|move|p2a: Mismagius|Shadow Ball|p1a: Hitmonlee\n|-crit|p1a: Hitmonlee\n|-damage|p1a: Hitmonlee|87/224\n|-unboost|p1a: Hitmonlee|spd|1\n|\n|upkeep\n|turn|14\n|inactive|Time left: 300 sec this turn | 300 sec total\n|\n|t:|1783557484\n|move|p1a: Hitmonlee|Poison Jab|p2a: Mismagius\n|-resisted|p2a: Mismagius\n|-damage|p2a: Mismagius|0 fnt\n|faint|p2a: Mismagius\n|\n|upkeep\n|\n|t:|1783557485\n|switch|p2a: Malamar|Malamar, L82, M|100/100\n|turn|15\n|inactive|Time left: 300 sec this turn | 300 sec total\n|\n|t:|1783557486\n|move|p1a: Hitmonlee|Close Combat|p2a: Malamar\n|-damage|p2a: Malamar|45/100\n|-unboost|p1a: Hitmonlee|def|1\n|-unboost|p1a: Hitmonlee|spd|1\n|move|p2a: Malamar|Superpower|p1a: Hitmonlee\n|-damage|p1a: Hitmonlee|0 fnt\n|-boost|p2a: Malamar|atk|1\n|-boost|p2a: Malamar|def|1\n|faint|p1a: Hitmonlee\n|\n|-heal|p2a: Malamar|51/100|[from] item: Leftovers\n|upkeep\n|inactive|Time left: 300 sec this turn | 300 sec total | 5 sec grace\n|\n|t:|1783557487\n|switch|p1a: Tsareena|Tsareena, L87, F|267/267\n|turn|16\n|inactive|Time left: 300 sec this turn | 300 sec total\n|\n|t:|1783557488\n|-terastallize|p2a: Malamar|Fighting\n|move|p1a: Tsareena|Power Whip|p2a: Malamar\n|-damage|p2a: Malamar|8/100\n|move|p2a: Malamar|Superpower|p1a: Tsareena\n|-damage|p1a: Tsareena|111/267\n|-boost|p2a: Malamar|atk|1\n|-boost|p2a: Malamar|def|1\n|\n|-heal|p2a: Malamar|15/100|[from] item: Leftovers\n|upkeep\n|turn|17\n|inactive|Time left: 300 sec this turn | 300 sec total\n|\n|t:|1783557489\n|move|p1a: Tsareena|Power Whip|p2a: Malamar|[miss]\n|-miss|p1a: Tsareena|p2a: Malamar\n|move|p2a: Malamar|Knock Off|p1a: Tsareena\n|-damage|p1a: Tsareena|0 fnt\n|-enditem|p1a: Tsareena|Heavy-Duty Boots|[from] move: Knock Off|[of] p2a: Malamar\n|faint|p1a: Tsareena\n|\n|-heal|p2a: Malamar|21/100|[from] item: Leftovers\n|upkeep\n|inactive|Time left: 300 sec this turn | 300 sec total | 5 sec grace\n|\n|t:|1783557490\n|switch|p1a: Walking Wake|Walking Wake, L79|286/286\n|-damage|p1a: Walking Wake|251/286|[from] Stealth Rock\n|-activate|p1a: Walking Wake|move: Sticky Web\n|-unboost|p1a: Walking Wake|spe|1\n|turn|18\n|inactive|Time left: 300 sec this turn | 300 sec total\n|\n|t:|1783557491\n|-terastallize|p1a: Walking Wake|Fire\n|move|p2a: Malamar|Rest|p2a: Malamar\n|-status|p2a: Malamar|slp|[from] move: Rest\n|-heal|p2a: Malamar|100/100 slp|[silent]\n|move|p1a: Walking Wake|Flamethrower|p2a: Malamar\n|-damage|p2a: Malamar|42/100 slp\n|-damage|p1a: Walking Wake|223/286|[from] item: Life Orb\n|\n|-heal|p2a: Malamar|48/100 slp|[from] item: Leftovers\n|upkeep\n|turn|19\n|inactive|Time left: 300 sec this turn | 300 sec total\n|\n|t:|1783557492\n|cant|p2a: Malamar|slp\n|move|p2a: Malamar|Sleep Talk|p2a: Malamar\n|move|p2a: Malamar|Knock Off|p1a: Walking Wake|[from] move: Sleep Talk\n|-damage|p1a: Walking Wake|45/286\n|-enditem|p1a: Walking Wake|Life Orb|[from] move: Knock Off|[of] p2a: Malamar\n|move|p1a: Walking Wake|Flamethrower|p2a: Malamar\n|-damage|p2a: Malamar|8/100 slp\n|\n|-heal|p2a: Malamar|14/100 slp|[from] item: Leftovers\n|upkeep\n|turn|20\n|inactive|Time left: 300 sec this turn | 300 sec total\n|\n|t:|1783557493\n|cant|p2a: Malamar|slp\n|move|p2a: Malamar|Sleep Talk|p2a: Malamar\n|move|p2a: Malamar|Rest||[from] move: Sleep Talk|[still]\n|-fail|p2a: Malamar\n|move|p1a: Walking Wake|Hydro Steam|p2a: Malamar\n|-damage|p2a: Malamar|0 fnt\n|faint|p2a: Malamar\n|\n|upkeep\n|\n|t:|1783557494\n|switch|p2a: Rillaboom|Rillaboom, L79, M|100/100\n|-fieldstart|move: Grassy Terrain|[from] ability: Grassy Surge|[of] p2a: Rillaboom\n|turn|21\n|inactive|Time left: 300 sec this turn | 300 sec total\n|\n|t:|1783557495\n|move|p2a: Rillaboom|Swords Dance|p2a: Rillaboom\n|-boost|p2a: Rillaboom|atk|2\n|move|p1a: Walking Wake|Flamethrower|p2a: Rillaboom\n|-supereffective|p2a: Rillaboom\n|-damage|p2a: Rillaboom|12/100\n|\n|-heal|p2a: Rillaboom|19/100|[from] Grassy Terrain\n|-heal|p1a: Walking Wake|62/286|[from] Grassy Terrain\n|upkeep\n|turn|22\n|inactive|Time left: 300 sec this turn | 300 sec total\n|\n|t:|1783557496\n|move|p2a: Rillaboom|High Horsepower|p1a: Walking Wake\n|-supereffective|p1a: Walking Wake\n|-damage|p1a: Walking Wake|0 fnt\n|faint|p1a: Walking Wake\n|-end|p1a: Walking Wake|Protosynthesis|[silent]\n|-damage|p2a: Rillaboom|9/100|[from] item: Life Orb\n|\n|-heal|p2a: Rillaboom|15/100|[from] Grassy Terrain\n|upkeep\n|inactive|Time left: 300 sec this turn | 300 sec total | 5 sec grace\n|\n|t:|1783557497\n|switch|p1a: Heracross|Heracross, L80, M|243/259 brn\n|-damage|p1a: Heracross|211/259 brn|[from] Stealth Rock\n|-activate|p1a: Heracross|move: Sticky Web\n|-unboost|p1a: Heracross|spe|1\n|turn|23\n|inactive|Time left: 300 sec this turn | 300 sec total\n|\n|t:|1783557498\n|move|p2a: Rillaboom|High Horsepower|p1a: Heracross\n|-resisted|p1a: Heracross\n|-damage|p1a: Heracross|107/259 brn\n|-damage|p2a: Rillaboom|5/100|[from] item: Life Orb\n|move|p1a: Heracross|Close Combat|p2a: Rillaboom\n|-damage|p2a: Rillaboom|0 fnt\n|-unboost|p1a: Heracross|def|1\n|-unboost|p1a: Heracross|spd|1\n|faint|p2a: Rillaboom\n|\n|win|p0x1577fe5d", "uploadtime": 1783557498, "views": 0, "rating": 0, "private": 0, "password": null, "_winner": "p0x1577fe5d", "_our_name": "p0x1577fe5d"}