{"id": "battle-gen9randombattle-2960", "formatid": "gen9randombattle", "format": "[Gen 9] Random Battle", "players": ["p0x29600d9f", "p0y29605654"], "log": "|init|battle\n|title|p0x29600d9f vs. p0y29605654\n|j|\u2606p0x29600d9f\n|j|\u2606p0y29605654\n|t:|1783573104\n|gametype|singles\n|player|p1|p0x29600d9f|170|\n|player|p2|p0y29605654|170|\n|gen|9\n|tier|[Gen 9] Random Battle\n|rule|Species Clause: Limit one of each Pok\u00e9mon\n|rule|HP Percentage Mod: HP is shown in percentages\n|rule|Sleep Clause Mod: Limit one foe put to sleep\n|rule|Illusion Level Mod: Illusion disguises the Pok\u00e9mon's true level\n|\n|t:|1783573104\n|teamsize|p1|6\n|teamsize|p2|6\n|start\n|switch|p1a: Reshiram|Reshiram, L76|100/100\n|switch|p2a: Palossand|Palossand, L89, M|296/296\n|-ability|p1a: Reshiram|Turboblaze\n|turn|1\n|inactive|Battle timer is ON: inactive players will automatically lose when time's up. (requested by p0x29600d9f)\n|inactive|Time left: 300 sec this turn | 300 sec total | 60 sec grace\n|inactive|p0y29605654 also wants the timer to be on.\n|\n|t:|1783573106\n|move|p1a: Reshiram|Blue Flare|p2a: Palossand\n|-damage|p2a: Palossand|137/296\n|move|p2a: Palossand|Earth Power|p1a: Reshiram\n|-supereffective|p1a: Reshiram\n|-damage|p1a: Reshiram|35/100\n|\n|-heal|p2a: Palossand|155/296|[from] item: Leftovers\n|upkeep\n|turn|2\n|inactive|Time left: 300 sec this turn | 300 sec total\n|\n|t:|1783573106\n|move|p1a: Reshiram|Blue Flare|p2a: Palossand\n|-damage|p2a: Palossand|0 fnt\n|faint|p2a: Palossand\n|\n|upkeep\n|inactive|Time left: 300 sec this turn | 300 sec total | 5 sec grace\n|\n|t:|1783573107\n|switch|p2a: Cinderace|Cinderace, L77, F|249/249\n|turn|3\n|inactive|Time left: 300 sec this turn | 300 sec total\n|\n|t:|1783573108\n|move|p2a: Cinderace|High Jump Kick|p1a: Reshiram\n|-start|p2a: Cinderace|typechange|Fighting|[from] ability: Libero\n|-damage|p1a: Reshiram|0 fnt\n|faint|p1a: Reshiram\n|\n|upkeep\n|\n|t:|1783573109\n|switch|p1a: Eternatus|Eternatus, L69|100/100\n|-ability|p1a: Eternatus|Pressure\n|turn|4\n|inactive|Time left: 300 sec this turn | 300 sec total\n|\n|t:|1783573110\n|move|p2a: Cinderace|High Jump Kick|p1a: Eternatus\n|-resisted|p1a: Eternatus\n|-damage|p1a: Eternatus|63/100\n|move|p1a: Eternatus|Dynamax Cannon|p2a: Cinderace\n|-damage|p2a: Cinderace|116/249\n|\n|-heal|p1a: Eternatus|69/100|[from] item: Leftovers\n|upkeep\n|turn|5\n|inactive|Time left: 300 sec this turn | 300 sec total\n|\n|t:|1783573111\n|move|p2a: Cinderace|High Jump Kick|p1a: Eternatus\n|-resisted|p1a: Eternatus\n|-damage|p1a: Eternatus|30/100\n|move|p1a: Eternatus|Dynamax Cannon|p2a: Cinderace\n|-damage|p2a: Cinderace|0 fnt\n|faint|p2a: Cinderace\n|\n|-heal|p1a: Eternatus|36/100|[from] item: Leftovers\n|upkeep\n|inactive|Time left: 300 sec this turn | 300 sec total | 5 sec grace\n|\n|t:|1783573112\n|switch|p2a: Wyrdeer|Wyrdeer, L87, F|321/321\n|-ability|p2a: Wyrdeer|Intimidate|boost\n|-unboost|p1a: Eternatus|atk|1\n|turn|6\n|inactive|Time left: 300 sec this turn | 300 sec total\n|\n|t:|1783573113\n|switch|p1a: Frosmoth|Frosmoth, L82, F|100/100\n|move|p2a: Wyrdeer|Psychic Noise|p1a: Frosmoth\n|-damage|p1a: Frosmoth|82/100\n|-start|p1a: Frosmoth|move: Heal Block\n|\n|upkeep\n|turn|7\n|inactive|Time left: 300 sec this turn | 300 sec total\n|\n|t:|1783573114\n|move|p2a: Wyrdeer|Body Slam|p1a: Frosmoth\n|-damage|p1a: Frosmoth|29/100\n|move|p1a: Frosmoth|Quiver Dance|p1a: Frosmoth\n|-boost|p1a: Frosmoth|spa|1\n|-boost|p1a: Frosmoth|spd|1\n|-boost|p1a: Frosmoth|spe|1\n|\n|-end|p1a: Frosmoth|move: Heal Block\n|upkeep\n|turn|8\n|inactive|Time left: 300 sec this turn | 300 sec total\n|\n|t:|1783573115\n|move|p1a: Frosmoth|Bug Buzz|p2a: Wyrdeer\n|-supereffective|p2a: Wyrdeer\n|-damage|p2a: Wyrdeer|97/321\n|move|p2a: Wyrdeer|Body Slam|p1a: Frosmoth\n|-damage|p1a: Frosmoth|0 fnt\n|faint|p1a: Frosmoth\n|\n|upkeep\n|\n|t:|1783573116\n|switch|p1a: Chi-Yu|Chi-Yu, L77|100/100\n|-ability|p1a: Chi-Yu|Beads of Ruin\n|turn|9\n|inactive|Time left: 300 sec this turn | 300 sec total\n|\n|t:|1783573117\n|move|p1a: Chi-Yu|Fire Blast|p2a: Wyrdeer\n|-damage|p2a: Wyrdeer|0 fnt\n|faint|p2a: Wyrdeer\n|\n|upkeep\n|inactive|Time left: 300 sec this turn | 300 sec total | 5 sec grace\n|\n|t:|1783573118\n|switch|p2a: Muk|Muk, L86, F|321/321\n|turn|10\n|inactive|Time left: 300 sec this turn | 300 sec total\n|\n|t:|1783573119\n|switch|p1a: Eternatus|Eternatus, L69|36/100\n|-ability|p1a: Eternatus|Pressure\n|move|p2a: Muk|Drain Punch|p1a: Eternatus\n|-resisted|p1a: Eternatus\n|-damage|p1a: Eternatus|24/100\n|\n|-heal|p1a: Eternatus|30/100|[from] item: Leftovers\n|upkeep\n|turn|11\n|inactive|Time left: 300 sec this turn | 300 sec total\n|\n|t:|1783573120\n|move|p1a: Eternatus|Recover|p1a: Eternatus\n|-heal|p1a: Eternatus|80/100\n|move|p2a: Muk|Knock Off|p1a: Eternatus\n|-damage|p1a: Eternatus|52/100\n|-enditem|p1a: Eternatus|Leftovers|[from] move: Knock Off|[of] p2a: Muk\n|\n|upkeep\n|turn|12\n|inactive|Time left: 300 sec this turn | 300 sec total\n|\n|t:|1783573121\n|move|p1a: Eternatus|Recover|p1a: Eternatus\n|-heal|p1a: Eternatus|100/100\n|move|p2a: Muk|Gunk Shot|p1a: Eternatus\n|-resisted|p1a: Eternatus\n|-damage|p1a: Eternatus|75/100\n|\n|upkeep\n|turn|13\n|inactive|Time left: 300 sec this turn | 300 sec total\n|\n|t:|1783573122\n|move|p1a: Eternatus|Flamethrower|p2a: Muk\n|-damage|p2a: Muk|269/321\n|move|p2a: Muk|Gunk Shot|p1a: Eternatus\n|-resisted|p1a: Eternatus\n|-damage|p1a: Eternatus|49/100\n|\n|-heal|p2a: Muk|289/321|[from] item: Leftovers\n|upkeep\n|turn|14\n|inactive|Time left: 300 sec this turn | 300 sec total\n|\n|t:|1783573123\n|move|p1a: Eternatus|Recover|p1a: Eternatus\n|-heal|p1a: Eternatus|99/100\n|move|p2a: Muk|Gunk Shot|p1a: Eternatus|[miss]\n|-miss|p2a: Muk|p1a: Eternatus\n|\n|-heal|p2a: Muk|309/321|[from] item: Leftovers\n|upkeep\n|turn|15\n|inactive|Time left: 300 sec this turn | 300 sec total\n|\n|t:|1783573124\n|move|p1a: Eternatus|Toxic Spikes|p2a: Muk\n|-sidestart|p2: p0y29605654|move: Toxic Spikes\n|move|p2a: Muk|Knock Off|p1a: Eternatus\n|-damage|p1a: Eternatus|80/100\n|\n|-heal|p2a: Muk|321/321|[from] item: Leftovers\n|upkeep\n|turn|16\n|inactive|Time left: 300 sec this turn | 300 sec total\n|\n|t:|1783573125\n|move|p1a: Eternatus|Flamethrower|p2a: Muk\n|-damage|p2a: Muk|269/321\n|move|p2a: Muk|Gunk Shot|p1a: Eternatus\n|-resisted|p1a: Eternatus\n|-damage|p1a: Eternatus|54/100\n|\n|-heal|p2a: Muk|289/321|[from] item: Leftovers\n|upkeep\n|turn|17\n|inactive|Time left: 300 sec this turn | 300 sec total\n|\n|t:|1783573126\n|move|p1a: Eternatus|Recover|p1a: Eternatus\n|-heal|p1a: Eternatus|100/100\n|move|p2a: Muk|Knock Off|p1a: Eternatus\n|-damage|p1a: Eternatus|81/100\n|\n|-heal|p2a: Muk|309/321|[from] item: Leftovers\n|upkeep\n|turn|18\n|inactive|Time left: 300 sec this turn | 300 sec total\n|\n|t:|1783573127\n|move|p1a: Eternatus|Flamethrower|p2a: Muk\n|-damage|p2a: Muk|257/321\n|move|p2a: Muk|Knock Off|p1a: Eternatus\n|-damage|p1a: Eternatus|63/100\n|\n|-heal|p2a: Muk|277/321|[from] item: Leftovers\n|upkeep\n|turn|19\n|inactive|Time left: 300 sec this turn | 300 sec total\n|\n|t:|1783573128\n|move|p1a: Eternatus|Recover|p1a: Eternatus\n|-heal|p1a: Eternatus|100/100\n|move|p2a: Muk|Knock Off|p1a: Eternatus\n|-damage|p1a: Eternatus|83/100\n|\n|-heal|p2a: Muk|297/321|[from] item: Leftovers\n|upkeep\n|turn|20\n|inactive|Time left: 300 sec this turn | 300 sec total\n|\n|t:|1783573129\n|move|p1a: Eternatus|Flamethrower|p2a: Muk\n|-damage|p2a: Muk|245/321\n|move|p2a: Muk|Knock Off|p1a: Eternatus\n|-crit|p1a: Eternatus\n|-damage|p1a: Eternatus|52/100\n|\n|-heal|p2a: Muk|265/321|[from] item: Leftovers\n|upkeep\n|turn|21\n|inactive|Time left: 300 sec this turn | 300 sec total\n|\n|t:|1783573130\n|move|p1a: Eternatus|Recover|p1a: Eternatus\n|-heal|p1a: Eternatus|100/100\n|move|p2a: Muk|Drain Punch|p1a: Eternatus\n|-resisted|p1a: Eternatus\n|-damage|p1a: Eternatus|90/100\n|-heal|p2a: Muk|282/321|[from] drain|[of] p1a: Eternatus\n|\n|-heal|p2a: Muk|302/321|[from] item: Leftovers\n|upkeep\n|turn|22\n|inactive|Time left: 300 sec this turn | 300 sec total\n|\n|t:|1783573131\n|move|p1a: Eternatus|Dynamax Cannon|p2a: Muk\n|-damage|p2a: Muk|209/321\n|move|p2a: Muk|Knock Off|p1a: Eternatus\n|-damage|p1a: Eternatus|70/100\n|\n|-heal|p2a: Muk|229/321|[from] item: Leftovers\n|upkeep\n|turn|23\n|inactive|Time left: 300 sec this turn | 300 sec total\n|\n|t:|1783573132\n|move|p1a: Eternatus|Dynamax Cannon|p2a: Muk\n|-damage|p2a: Muk|145/321\n|move|p2a: Muk|Knock Off|p1a: Eternatus\n|-damage|p1a: Eternatus|50/100\n|\n|-heal|p2a: Muk|165/321|[from] item: Leftovers\n|upkeep\n|turn|24\n|inactive|Time left: 300 sec this turn | 300 sec total\n|\n|t:|1783573134\n|move|p1a: Eternatus|Recover|p1a: Eternatus\n|-heal|p1a: Eternatus|99/100\n|move|p2a: Muk|Drain Punch|p1a: Eternatus\n|-resisted|p1a: Eternatus\n|-damage|p1a: Eternatus|88/100\n|-heal|p2a: Muk|184/321|[from] drain|[of] p1a: Eternatus\n|\n|-heal|p2a: Muk|204/321|[from] item: Leftovers\n|upkeep\n|turn|25\n|inactive|Time left: 300 sec this turn | 300 sec total\n|\n|t:|1783573135\n|move|p1a: Eternatus|Flamethrower|p2a: Muk\n|-damage|p2a: Muk|155/321\n|-status|p2a: Muk|brn\n|move|p2a: Muk|Drain Punch|p1a: Eternatus\n|-resisted|p1a: Eternatus\n|-damage|p1a: Eternatus|82/100\n|-heal|p2a: Muk|164/321 brn|[from] drain|[of] p1a: Eternatus\n|\n|-heal|p2a: Muk|184/321 brn|[from] item: Leftovers\n|-damage|p2a: Muk|164/321 brn|[from] brn\n|upkeep\n|turn|26\n|inactive|Time left: 300 sec this turn | 300 sec total\n|\n|t:|1783573136\n|move|p1a: Eternatus|Recover|p1a: Eternatus\n|-heal|p1a: Eternatus|100/100\n|move|p2a: Muk|Drain Punch|p1a: Eternatus\n|-resisted|p1a: Eternatus\n|-damage|p1a: Eternatus|95/100\n|-heal|p2a: Muk|173/321 brn|[from] drain|[of] p1a: Eternatus\n|\n|-heal|p2a: Muk|193/321 brn|[from] item: Leftovers\n|-damage|p2a: Muk|173/321 brn|[from] brn\n|upkeep\n|turn|27\n|inactive|Time left: 300 sec this turn | 300 sec total\n|\n|t:|1783573137\n|move|p1a: Eternatus|Toxic Spikes|p2a: Muk\n|-sidestart|p2: p0y29605654|move: Toxic Spikes\n|move|p2a: Muk|Knock Off|p1a: Eternatus\n|-damage|p1a: Eternatus|85/100\n|\n|-heal|p2a: Muk|193/321 brn|[from] item: Leftovers\n|-damage|p2a: Muk|173/321 brn|[from] brn\n|upkeep\n|turn|28\n|inactive|Time left: 300 sec this turn | 300 sec total\n|\n|t:|1783573138\n|move|p1a: Eternatus|Dynamax Cannon|p2a: Muk\n|-damage|p2a: Muk|79/321 brn\n|move|p2a: Muk|Knock Off|p1a: Eternatus\n|-damage|p1a: Eternatus|76/100\n|\n|-heal|p2a: Muk|99/321 brn|[from] item: Leftovers\n|-damage|p2a: Muk|79/321 brn|[from] brn\n|upkeep\n|turn|29\n|inactive|Time left: 300 sec this turn | 300 sec total\n|\n|t:|1783573139\n|move|p1a: Eternatus|Dynamax Cannon|p2a: Muk\n|-damage|p2a: Muk|0 fnt\n|faint|p2a: Muk\n|\n|upkeep\n|inactive|Time left: 300 sec this turn | 300 sec total | 5 sec grace\n|\n|t:|1783573140\n|switch|p2a: Regice|Regice, L88|284/284\n|turn|30\n|inactive|Time left: 300 sec this turn | 300 sec total\n|\n|t:|1783573141\n|switch|p1a: Chi-Yu|Chi-Yu, L77|100/100\n|-ability|p1a: Chi-Yu|Beads of Ruin\n|move|p2a: Regice|Ice Beam|p1a: Chi-Yu\n|-resisted|p1a: Chi-Yu\n|-damage|p1a: Chi-Yu|79/100\n|\n|upkeep\n|turn|31\n|inactive|Time left: 300 sec this turn | 300 sec total\n|\n|t:|1783573142\n|move|p1a: Chi-Yu|Fire Blast|p2a: Regice|[miss]\n|-miss|p1a: Chi-Yu|p2a: Regice\n|move|p2a: Regice|Body Press|p1a: Chi-Yu\n|-supereffective|p1a: Chi-Yu\n|-damage|p1a: Chi-Yu|7/100\n|\n|upkeep\n|turn|32\n|inactive|Time left: 300 sec this turn | 300 sec total\n|\n|t:|1783573143\n|move|p1a: Chi-Yu|Fire Blast|p2a: Regice\n|-supereffective|p2a: Regice\n|-damage|p2a: Regice|104/284\n|move|p2a: Regice|Ice Beam|p1a: Chi-Yu\n|-resisted|p1a: Chi-Yu\n|-damage|p1a: Chi-Yu|0 fnt\n|faint|p1a: Chi-Yu\n|\n|upkeep\n|\n|t:|1783573144\n|switch|p1a: Quaquaval|Quaquaval, L79, M|100/100\n|turn|33\n|inactive|Time left: 300 sec this turn | 300 sec total\n|\n|t:|1783573145\n|-terastallize|p2a: Regice|Electric\n|move|p1a: Quaquaval|Close Combat|p2a: Regice\n|-damage|p2a: Regice|0 fnt\n|-unboost|p1a: Quaquaval|def|1\n|-unboost|p1a: Quaquaval|spd|1\n|faint|p2a: Regice\n|-ability|p1a: Quaquaval|Moxie|boost\n|-boost|p1a: Quaquaval|atk|1\n|\n|upkeep\n|inactive|Time left: 300 sec this turn | 300 sec total | 5 sec grace\n|\n|t:|1783573146\n|switch|p2a: Plusle|Plusle, L95, M|268/268\n|-status|p2a: Plusle|tox\n|turn|34\n|inactive|Time left: 300 sec this turn | 300 sec total\n|\n|t:|1783573146\n|-terastallize|p1a: Quaquaval|Steel\n|move|p2a: Plusle|Thunderbolt|p1a: Quaquaval\n|-damage|p1a: Quaquaval|0 fnt\n|faint|p1a: Quaquaval\n|-damage|p2a: Plusle|242/268 tox|[from] item: Life Orb\n|\n|-damage|p2a: Plusle|226/268 tox|[from] psn\n|upkeep\n|\n|t:|1783573147\n|switch|p1a: Hitmontop|Hitmontop, L88, M|100/100\n|-ability|p1a: Hitmontop|Intimidate|boost\n|-unboost|p2a: Plusle|atk|1\n|turn|35\n|inactive|Time left: 300 sec this turn | 300 sec total\n|\n|t:|1783573148\n|move|p2a: Plusle|Thunderbolt|p1a: Hitmontop\n|-damage|p1a: Hitmontop|66/100\n|-status|p1a: Hitmontop|par\n|-damage|p2a: Plusle|200/268 tox|[from] item: Life Orb\n|move|p1a: Hitmontop|Rapid Spin|p2a: Plusle\n|-damage|p2a: Plusle|137/268 tox\n|-boost|p1a: Hitmontop|spe|1\n|\n|-damage|p2a: Plusle|105/268 tox|[from] psn\n|upkeep\n|turn|36\n|inactive|Time left: 300 sec this turn | 300 sec total\n|\n|t:|1783573149\n|move|p1a: Hitmontop|Sucker Punch|p2a: Plusle\n|-damage|p2a: Plusle|24/268 tox\n|move|p2a: Plusle|Thunderbolt|p1a: Hitmontop\n|-damage|p1a: Hitmontop|32/100 par\n|-damage|p2a: Plusle|0 fnt|[from] item: Life Orb\n|faint|p2a: Plusle\n|\n|win|p0x29600d9f", "uploadtime": 1783573149, "views": 0, "rating": 0, "private": 0, "password": null, "_winner": "p0x29600d9f", "_our_name": "p0y29605654"}