{"id": "battle-gen9randombattle-2461", "formatid": "gen9randombattle", "format": "[Gen 9] Random Battle", "players": ["p0x24618af1", "p0y24618459"], "log": "|init|battle\n|title|p0x24618af1 vs. p0y24618459\n|j|\u2606p0x24618af1\n|j|\u2606p0y24618459\n|t:|1783568535\n|gametype|singles\n|player|p1|p0x24618af1|170|\n|player|p2|p0y24618459|101|\n|gen|9\n|tier|[Gen 9] Random Battle\n|rule|Species Clause: Limit one of each Pok\u00e9mon\n|rule|HP Percentage Mod: HP is shown in percentages\n|rule|Sleep Clause Mod: Limit one foe put to sleep\n|rule|Illusion Level Mod: Illusion disguises the Pok\u00e9mon's true level\n|\n|t:|1783568535\n|teamsize|p1|6\n|teamsize|p2|6\n|start\n|switch|p1a: Arcanine|Arcanine-Hisui, L79, F|100/100\n|switch|p2a: Volcarona|Volcarona, L77, F|257/257\n|turn|1\n|inactive|Battle timer is ON: inactive players will automatically lose when time's up. (requested by p0x24618af1)\n|inactive|Time left: 300 sec this turn | 300 sec total | 60 sec grace\n|inactive|p0y24618459 also wants the timer to be on.\n|\n|t:|1783568537\n|switch|p2a: Gurdurr|Gurdurr, L85, M|283/283\n|move|p1a: Arcanine|Flare Blitz|p2a: Gurdurr\n|-damage|p2a: Gurdurr|153/283\n|\n|upkeep\n|turn|2\n|inactive|Time left: 300 sec this turn | 300 sec total\n|\n|t:|1783568538\n|-terastallize|p1a: Arcanine|Fire\n|move|p1a: Arcanine|Flare Blitz|p2a: Gurdurr\n|-damage|p2a: Gurdurr|0 fnt\n|faint|p2a: Gurdurr\n|\n|upkeep\n|inactive|Time left: 300 sec this turn | 300 sec total | 5 sec grace\n|\n|t:|1783568539\n|switch|p2a: Giratina|Giratina, L75|349/349\n|-ability|p2a: Giratina|Pressure\n|turn|3\n|inactive|Time left: 300 sec this turn | 300 sec total\n|\n|t:|1783568540\n|move|p1a: Arcanine|Flare Blitz|p2a: Giratina\n|-resisted|p2a: Giratina\n|-damage|p2a: Giratina|234/349\n|move|p2a: Giratina|Shadow Ball|p1a: Arcanine\n|-damage|p1a: Arcanine|70/100\n|\n|-heal|p2a: Giratina|255/349|[from] item: Leftovers\n|upkeep\n|turn|4\n|inactive|Time left: 300 sec this turn | 300 sec total\n|\n|t:|1783568541\n|move|p1a: Arcanine|Flare Blitz|p2a: Giratina\n|-resisted|p2a: Giratina\n|-damage|p2a: Giratina|147/349\n|move|p2a: Giratina|Dragon Tail|p1a: Arcanine\n|-damage|p1a: Arcanine|49/100\n|drag|p1a: Arceus|Arceus-Steel, L70|100/100\n|\n|-heal|p2a: Giratina|168/349|[from] item: Leftovers\n|upkeep\n|turn|5\n|inactive|Time left: 300 sec this turn | 300 sec total\n|\n|t:|1783568542\n|move|p1a: Arceus|Judgment|p2a: Giratina\n|-damage|p2a: Giratina|74/349\n|move|p2a: Giratina|Shadow Ball|p1a: Arceus\n|-damage|p1a: Arceus|77/100\n|\n|-heal|p2a: Giratina|95/349|[from] item: Leftovers\n|upkeep\n|turn|6\n|inactive|Time left: 300 sec this turn | 300 sec total\n|\n|t:|1783568543\n|move|p1a: Arceus|Judgment|p2a: Giratina\n|-damage|p2a: Giratina|5/349\n|move|p2a: Giratina|Rest|p2a: Giratina\n|-status|p2a: Giratina|slp|[from] move: Rest\n|-heal|p2a: Giratina|349/349 slp|[silent]\n|\n|upkeep\n|turn|7\n|inactive|Time left: 300 sec this turn | 300 sec total\n|\n|t:|1783568544\n|switch|p2a: Volcarona|Volcarona, L77, F|257/257\n|move|p1a: Arceus|Calm Mind|p1a: Arceus\n|-boost|p1a: Arceus|spa|1\n|-boost|p1a: Arceus|spd|1\n|\n|upkeep\n|turn|8\n|inactive|Time left: 300 sec this turn | 300 sec total\n|\n|t:|1783568544\n|move|p1a: Arceus|Calm Mind|p1a: Arceus\n|-boost|p1a: Arceus|spa|1\n|-boost|p1a: Arceus|spd|1\n|move|p2a: Volcarona|Quiver Dance|p2a: Volcarona\n|-boost|p2a: Volcarona|spa|1\n|-boost|p2a: Volcarona|spd|1\n|-boost|p2a: Volcarona|spe|1\n|\n|upkeep\n|turn|9\n|inactive|Time left: 300 sec this turn | 300 sec total\n|\n|t:|1783568545\n|move|p2a: Volcarona|Fiery Dance|p1a: Arceus\n|-supereffective|p1a: Arceus\n|-damage|p1a: Arceus|35/100\n|move|p1a: Arceus|Recover|p1a: Arceus\n|-heal|p1a: Arceus|85/100\n|\n|upkeep\n|turn|10\n|inactive|Time left: 300 sec this turn | 300 sec total\n|\n|t:|1783568546\n|move|p2a: Volcarona|Fiery Dance|p1a: Arceus\n|-supereffective|p1a: Arceus\n|-damage|p1a: Arceus|40/100\n|-boost|p2a: Volcarona|spa|1\n|move|p1a: Arceus|Recover|p1a: Arceus\n|-heal|p1a: Arceus|90/100\n|\n|upkeep\n|turn|11\n|inactive|Time left: 300 sec this turn | 300 sec total\n|\n|t:|1783568547\n|move|p2a: Volcarona|Fiery Dance|p1a: Arceus\n|-supereffective|p1a: Arceus\n|-damage|p1a: Arceus|30/100\n|move|p1a: Arceus|Recover|p1a: Arceus\n|-heal|p1a: Arceus|80/100\n|\n|upkeep\n|turn|12\n|inactive|Time left: 300 sec this turn | 300 sec total\n|\n|t:|1783568548\n|move|p2a: Volcarona|Fiery Dance|p1a: Arceus\n|-supereffective|p1a: Arceus\n|-damage|p1a: Arceus|18/100\n|move|p1a: Arceus|Recover|p1a: Arceus\n|-heal|p1a: Arceus|68/100\n|\n|upkeep\n|turn|13\n|inactive|Time left: 300 sec this turn | 300 sec total\n|\n|t:|1783568549\n|move|p2a: Volcarona|Fiery Dance|p1a: Arceus\n|-supereffective|p1a: Arceus\n|-damage|p1a: Arceus|4/100\n|-boost|p2a: Volcarona|spa|1\n|move|p1a: Arceus|Recover|p1a: Arceus\n|-heal|p1a: Arceus|54/100\n|\n|upkeep\n|turn|14\n|inactive|Time left: 300 sec this turn | 300 sec total\n|\n|t:|1783568550\n|move|p2a: Volcarona|Fiery Dance|p1a: Arceus\n|-supereffective|p1a: Arceus\n|-damage|p1a: Arceus|0 fnt\n|faint|p1a: Arceus\n|\n|upkeep\n|\n|t:|1783568551\n|switch|p1a: Tornadus|Tornadus-Therian, L79, M|100/100\n|turn|15\n|inactive|Time left: 300 sec this turn | 300 sec total\n|\n|t:|1783568552\n|move|p2a: Volcarona|Fiery Dance|p1a: Tornadus\n|-damage|p1a: Tornadus|10/100\n|-boost|p2a: Volcarona|spa|1\n|move|p1a: Tornadus|Bleakwind Storm|p2a: Volcarona\n|-supereffective|p2a: Volcarona\n|-damage|p2a: Volcarona|75/257\n|\n|upkeep\n|turn|16\n|inactive|Time left: 300 sec this turn | 300 sec total\n|\n|t:|1783568553\n|move|p2a: Volcarona|Giga Drain|p1a: Tornadus\n|-resisted|p1a: Tornadus\n|-damage|p1a: Tornadus|0 fnt\n|-heal|p2a: Volcarona|88/257|[from] drain|[of] p1a: Tornadus\n|faint|p1a: Tornadus\n|\n|upkeep\n|\n|t:|1783568554\n|switch|p1a: Arcanine|Arcanine-Hisui, L79, F, tera:Fire|49/100\n|turn|17\n|inactive|Time left: 300 sec this turn | 300 sec total\n|\n|t:|1783568555\n|move|p1a: Arcanine|Extreme Speed|p2a: Volcarona\n|-damage|p2a: Volcarona|0 fnt\n|faint|p2a: Volcarona\n|\n|upkeep\n|inactive|Time left: 300 sec this turn | 300 sec total | 5 sec grace\n|\n|t:|1783568556\n|switch|p2a: Bombirdier|Bombirdier, L85, F|258/258\n|turn|18\n|inactive|Time left: 300 sec this turn | 300 sec total\n|\n|t:|1783568557\n|switch|p1a: Great Tusk|Great Tusk, L77|100/100\n|-enditem|p1a: Great Tusk|Booster Energy\n|-activate|p1a: Great Tusk|ability: Protosynthesis|[fromitem]\n|-start|p1a: Great Tusk|protosynthesisatk\n|move|p2a: Bombirdier|Knock Off|p1a: Great Tusk\n|-resisted|p1a: Great Tusk\n|-damage|p1a: Great Tusk|92/100\n|\n|upkeep\n|turn|19\n|inactive|Time left: 300 sec this turn | 300 sec total\n|\n|t:|1783568559\n|move|p2a: Bombirdier|Brave Bird|p1a: Great Tusk\n|-supereffective|p1a: Great Tusk\n|-damage|p1a: Great Tusk|18/100\n|-damage|p2a: Bombirdier|184/258|[from] Recoil\n|move|p1a: Great Tusk|Bulk Up|p1a: Great Tusk\n|-boost|p1a: Great Tusk|atk|1\n|-boost|p1a: Great Tusk|def|1\n|\n|upkeep\n|turn|20\n|inactive|Time left: 300 sec this turn | 300 sec total\n|\n|t:|1783568560\n|move|p2a: Bombirdier|Brave Bird|p1a: Great Tusk\n|-supereffective|p1a: Great Tusk\n|-damage|p1a: Great Tusk|0 fnt\n|faint|p1a: Great Tusk\n|-end|p1a: Great Tusk|Protosynthesis|[silent]\n|-damage|p2a: Bombirdier|167/258|[from] Recoil\n|\n|upkeep\n|\n|t:|1783568561\n|switch|p1a: Arcanine|Arcanine-Hisui, L79, F, tera:Fire|49/100\n|turn|21\n|inactive|Time left: 300 sec this turn | 300 sec total\n|\n|t:|1783568562\n|move|p2a: Bombirdier|Brave Bird|p1a: Arcanine\n|-damage|p1a: Arcanine|0 fnt\n|faint|p1a: Arcanine\n|-damage|p2a: Bombirdier|122/258|[from] Recoil\n|\n|upkeep\n|\n|t:|1783568563\n|switch|p1a: Spectrier|Spectrier, L75|100/100\n|turn|22\n|inactive|Time left: 300 sec this turn | 300 sec total\n|\n|t:|1783568564\n|move|p1a: Spectrier|Will-O-Wisp|p2a: Bombirdier\n|-status|p2a: Bombirdier|brn\n|move|p2a: Bombirdier|Knock Off|p1a: Spectrier\n|-supereffective|p1a: Spectrier\n|-damage|p1a: Spectrier|39/100\n|-enditem|p1a: Spectrier|Life Orb|[from] move: Knock Off|[of] p2a: Bombirdier\n|\n|-damage|p2a: Bombirdier|106/258 brn|[from] brn\n|upkeep\n|turn|23\n|inactive|Time left: 300 sec this turn | 300 sec total\n|\n|t:|1783568565\n|move|p1a: Spectrier|Nasty Plot|p1a: Spectrier\n|-boost|p1a: Spectrier|spa|2\n|move|p2a: Bombirdier|Knock Off|p1a: Spectrier\n|-supereffective|p1a: Spectrier\n|-damage|p1a: Spectrier|0 fnt\n|faint|p1a: Spectrier\n|\n|-damage|p2a: Bombirdier|90/258 brn|[from] brn\n|upkeep\n|\n|t:|1783568566\n|switch|p1a: Bronzong|Bronzong, L88|100/100\n|turn|24\n|inactive|Time left: 300 sec this turn | 300 sec total\n|\n|t:|1783568567\n|move|p2a: Bombirdier|Knock Off|p1a: Bronzong\n|-supereffective|p1a: Bronzong\n|-damage|p1a: Bronzong|66/100\n|-enditem|p1a: Bronzong|Leftovers|[from] move: Knock Off|[of] p2a: Bombirdier\n|move|p1a: Bronzong|Hypnosis||[still]\n|-fail|p1a: Bronzong\n|\n|-damage|p2a: Bombirdier|74/258 brn|[from] brn\n|upkeep\n|turn|25\n|inactive|Time left: 300 sec this turn | 300 sec total\n|\n|t:|1783568568\n|move|p2a: Bombirdier|Knock Off|p1a: Bronzong\n|-supereffective|p1a: Bronzong\n|-damage|p1a: Bronzong|41/100\n|move|p1a: Bronzong|Hypnosis|p2a: Bombirdier|[miss]\n|-miss|p1a: Bronzong|p2a: Bombirdier\n|\n|-damage|p2a: Bombirdier|58/258 brn|[from] brn\n|upkeep\n|turn|26\n|inactive|Time left: 300 sec this turn | 300 sec total\n|\n|t:|1783568569\n|move|p2a: Bombirdier|Knock Off|p1a: Bronzong\n|-supereffective|p1a: Bronzong\n|-damage|p1a: Bronzong|17/100\n|move|p1a: Bronzong|Stealth Rock|p2a: Bombirdier\n|-sidestart|p2: p0y24618459|move: Stealth Rock\n|\n|-damage|p2a: Bombirdier|42/258 brn|[from] brn\n|upkeep\n|turn|27\n|inactive|Time left: 300 sec this turn | 300 sec total\n|\n|t:|1783568570\n|move|p2a: Bombirdier|Knock Off|p1a: Bronzong\n|-supereffective|p1a: Bronzong\n|-damage|p1a: Bronzong|0 fnt\n|faint|p1a: Bronzong\n|\n|win|p0y24618459", "uploadtime": 1783568570, "views": 0, "rating": 0, "private": 0, "password": null, "_winner": "p0y24618459", "_our_name": "p0y24618459"}