{"id": "battle-gen9randombattle-7", "formatid": "gen9randombattle", "format": "[Gen 9] Random Battle", "players": ["p0x00797fd", "p0y007ff65"], "log": "|init|battle\n|title|p0x00797fd vs. p0y007ff65\n|j|\u2606p0x00797fd\n|j|\u2606p0y007ff65\n|t:|1783539238\n|gametype|singles\n|player|p1|p0x00797fd|101|\n|player|p2|p0y007ff65|101|\n|gen|9\n|tier|[Gen 9] Random Battle\n|rule|Species Clause: Limit one of each Pok\u00e9mon\n|rule|HP Percentage Mod: HP is shown in percentages\n|rule|Sleep Clause Mod: Limit one foe put to sleep\n|rule|Illusion Level Mod: Illusion disguises the Pok\u00e9mon's true level\n|\n|t:|1783539238\n|teamsize|p1|6\n|teamsize|p2|6\n|start\n|switch|p1a: Corviknight|Corviknight, L80, M|100/100\n|switch|p2a: Lycanroc|Lycanroc-Midnight, L89, M|296/296\n|-ability|p1a: Corviknight|Pressure\n|turn|1\n|inactive|Battle timer is ON: inactive players will automatically lose when time's up. (requested by p0y007ff65)\n|inactive|p0x00797fd also wants the timer to be on.\n|\n|t:|1783539239\n|switch|p1a: Palossand|Palossand, L89, M|100/100\n|move|p2a: Lycanroc|Stone Edge|p1a: Palossand\n|-resisted|p1a: Palossand\n|-damage|p1a: Palossand|78/100\n|-damage|p2a: Lycanroc|267/296|[from] item: Life Orb\n|\n|-heal|p1a: Palossand|84/100|[from] item: Leftovers\n|upkeep\n|turn|2\n|inactive|Time left: 300 sec this turn | 300 sec total\n|\n|t:|1783539241\n|move|p2a: Lycanroc|Stealth Rock|p1a: Palossand\n|-sidestart|p1: p0x00797fd|move: Stealth Rock\n|move|p1a: Palossand|Earth Power|p2a: Lycanroc\n|-supereffective|p2a: Lycanroc\n|-damage|p2a: Lycanroc|51/296\n|\n|-heal|p1a: Palossand|90/100|[from] item: Leftovers\n|upkeep\n|turn|3\n|inactive|Time left: 300 sec this turn | 300 sec total\n|\n|t:|1783539242\n|switch|p2a: Necrozma|Necrozma-Dusk-Mane, L69|248/248\n|move|p1a: Palossand|Stealth Rock|p2a: Necrozma\n|-sidestart|p2: p0y007ff65|move: Stealth Rock\n|\n|-heal|p1a: Palossand|96/100|[from] item: Leftovers\n|upkeep\n|turn|4\n|inactive|Time left: 300 sec this turn | 300 sec total\n|\n|t:|1783539243\n|move|p2a: Necrozma|Sunsteel Strike|p1a: Palossand\n|-damage|p1a: Palossand|66/100\n|move|p1a: Palossand|Shadow Ball|p2a: Necrozma\n|-supereffective|p2a: Necrozma\n|-damage|p2a: Necrozma|112/248\n|-enditem|p2a: Necrozma|Weakness Policy\n|-boost|p2a: Necrozma|atk|2|[from] item: Weakness Policy\n|-boost|p2a: Necrozma|spa|2|[from] item: Weakness Policy\n|\n|-heal|p1a: Palossand|72/100|[from] item: Leftovers\n|upkeep\n|turn|5\n|inactive|Time left: 300 sec this turn | 300 sec total\n|\n|t:|1783539244\n|move|p2a: Necrozma|Morning Sun|p2a: Necrozma\n|-heal|p2a: Necrozma|236/248\n|move|p1a: Palossand|Earth Power|p2a: Necrozma\n|-supereffective|p2a: Necrozma\n|-damage|p2a: Necrozma|61/248\n|\n|-heal|p1a: Palossand|79/100|[from] item: Leftovers\n|upkeep\n|turn|6\n|inactive|Time left: 300 sec this turn | 300 sec total\n|\n|t:|1783539245\n|move|p2a: Necrozma|Morning Sun|p2a: Necrozma\n|-heal|p2a: Necrozma|185/248\n|move|p1a: Palossand|Earth Power|p2a: Necrozma\n|-supereffective|p2a: Necrozma\n|-crit|p2a: Necrozma\n|-damage|p2a: Necrozma|0 fnt\n|faint|p2a: Necrozma\n|\n|-heal|p1a: Palossand|85/100|[from] item: Leftovers\n|upkeep\n|inactive|Time left: 300 sec this turn | 300 sec total | 5 sec grace\n|\n|t:|1783539246\n|switch|p2a: Mabosstiff|Mabosstiff, L86, M|278/278\n|-damage|p2a: Mabosstiff|244/278|[from] Stealth Rock\n|turn|7\n|inactive|Time left: 300 sec this turn | 300 sec total\n|\n|t:|1783539247\n|move|p2a: Mabosstiff|Crunch|p1a: Palossand\n|-supereffective|p1a: Palossand\n|-crit|p1a: Palossand\n|-damage|p1a: Palossand|7/100\n|-unboost|p1a: Palossand|def|1\n|move|p1a: Palossand|Earth Power|p2a: Mabosstiff\n|-damage|p2a: Mabosstiff|112/278\n|\n|-heal|p1a: Palossand|13/100|[from] item: Leftovers\n|upkeep\n|turn|8\n|inactive|Time left: 300 sec this turn | 300 sec total\n|\n|t:|1783539249\n|move|p2a: Mabosstiff|Crunch|p1a: Palossand\n|-supereffective|p1a: Palossand\n|-damage|p1a: Palossand|0 fnt\n|faint|p1a: Palossand\n|\n|upkeep\n|\n|t:|1783539250\n|switch|p1a: Zangoose|Zangoose, L85, F|100/100\n|-damage|p1a: Zangoose|88/100|[from] Stealth Rock\n|turn|9\n|inactive|Time left: 300 sec this turn | 300 sec total\n|\n|t:|1783539251\n|move|p2a: Mabosstiff|Crunch|p1a: Zangoose\n|-damage|p1a: Zangoose|37/100\n|move|p1a: Zangoose|Close Combat|p2a: Mabosstiff\n|-supereffective|p2a: Mabosstiff\n|-damage|p2a: Mabosstiff|0 fnt\n|-unboost|p1a: Zangoose|def|1\n|-unboost|p1a: Zangoose|spd|1\n|faint|p2a: Mabosstiff\n|\n|-status|p1a: Zangoose|tox|[from] item: Toxic Orb\n|upkeep\n|inactive|Time left: 300 sec this turn | 300 sec total | 5 sec grace\n|\n|t:|1783539252\n|switch|p2a: Infernape|Infernape, L82, M|259/259\n|-damage|p2a: Infernape|227/259|[from] Stealth Rock\n|turn|10\n|inactive|Time left: 300 sec this turn | 300 sec total\n|\n|t:|1783539253\n|move|p1a: Zangoose|Quick Attack|p2a: Infernape\n|-damage|p2a: Infernape|133/259\n|move|p2a: Infernape|Flare Blitz|p1a: Zangoose\n|-damage|p1a: Zangoose|0 fnt\n|faint|p1a: Zangoose\n|-damage|p2a: Infernape|101/259|[from] Recoil\n|\n|upkeep\n|\n|t:|1783539254\n|switch|p1a: Noctowl|Noctowl, L95, M|100/100\n|turn|11\n|inactive|Time left: 300 sec this turn | 300 sec total\n|\n|t:|1783539255\n|move|p2a: Infernape|Flare Blitz|p1a: Noctowl\n|-damage|p1a: Noctowl|27/100\n|-damage|p2a: Infernape|18/259|[from] Recoil\n|move|p1a: Noctowl|Hyper Voice|p2a: Infernape\n|-damage|p2a: Infernape|0 fnt\n|faint|p2a: Infernape\n|\n|upkeep\n|inactive|Time left: 300 sec this turn | 300 sec total | 5 sec grace\n|\n|t:|1783539256\n|switch|p2a: Iron Bundle|Iron Bundle, L78|215/215\n|turn|12\n|inactive|Time left: 300 sec this turn | 300 sec total\n|\n|t:|1783539257\n|-terastallize|p1a: Noctowl|Steel\n|move|p2a: Iron Bundle|Hydro Pump|p1a: Noctowl\n|-damage|p1a: Noctowl|0 fnt\n|faint|p1a: Noctowl\n|\n|upkeep\n|\n|t:|1783539258\n|switch|p1a: Scizor|Scizor, L79, M|100/100\n|-damage|p1a: Scizor|88/100|[from] Stealth Rock\n|turn|13\n|inactive|Time left: 300 sec this turn | 300 sec total\n|\n|t:|1783539259\n|move|p2a: Iron Bundle|Flip Turn|p1a: Scizor\n|-damage|p1a: Scizor|68/100\n|inactive|Time left: 300 sec this turn | 300 sec total | 5 sec grace\n|\n|t:|1783539260\n|-end|p2a: Iron Bundle|Quark Drive|[silent]\n|switch|p2a: Sandaconda|Sandaconda, L84, F|258/258|[from] Flip Turn\n|-damage|p2a: Sandaconda|242/258|[from] Stealth Rock\n|move|p1a: Scizor|Swords Dance|p1a: Scizor\n|-boost|p1a: Scizor|atk|2\n|\n|-heal|p2a: Sandaconda|258/258|[from] item: Leftovers\n|upkeep\n|turn|14\n|inactive|Time left: 300 sec this turn | 300 sec total\n|\n|t:|1783539261\n|move|p2a: Sandaconda|Earthquake|p1a: Scizor\n|-damage|p1a: Scizor|24/100\n|move|p1a: Scizor|Bug Bite|p2a: Sandaconda\n|-damage|p2a: Sandaconda|62/258\n|-damage|p1a: Scizor|14/100|[from] item: Life Orb\n|\n|-heal|p2a: Sandaconda|78/258|[from] item: Leftovers\n|upkeep\n|turn|15\n|inactive|Time left: 300 sec this turn | 300 sec total\n|\n|t:|1783539262\n|move|p1a: Scizor|Bullet Punch|p2a: Sandaconda\n|-damage|p2a: Sandaconda|0 fnt\n|faint|p2a: Sandaconda\n|-damage|p1a: Scizor|4/100|[from] item: Life Orb\n|\n|upkeep\n|inactive|Time left: 300 sec this turn | 300 sec total | 5 sec grace\n|\n|t:|1783539263\n|switch|p2a: Lycanroc|Lycanroc-Midnight, L89, M|51/296\n|-damage|p2a: Lycanroc|14/296|[from] Stealth Rock\n|turn|16\n|inactive|Time left: 300 sec this turn | 300 sec total\n|\n|t:|1783539264\n|move|p2a: Lycanroc|Play Rough|p1a: Scizor\n|-resisted|p1a: Scizor\n|-damage|p1a: Scizor|0 fnt\n|faint|p1a: Scizor\n|-damage|p2a: Lycanroc|0 fnt|[from] item: Life Orb\n|faint|p2a: Lycanroc\n|\n|upkeep\n|inactive|Time left: 300 sec this turn | 300 sec total | 5 sec grace\n|\n|t:|1783539265\n|switch|p2a: Iron Bundle|Iron Bundle, L78|215/215\n|switch|p1a: Weezing|Weezing, L88, M|100/100\n|-damage|p1a: Weezing|88/100|[from] Stealth Rock\n|turn|17\n|inactive|Time left: 300 sec this turn | 300 sec total\n|\n|t:|1783539266\n|move|p2a: Iron Bundle|Hydro Pump|p1a: Weezing\n|-damage|p1a: Weezing|31/100\n|move|p1a: Weezing|Gunk Shot|p2a: Iron Bundle\n|-damage|p2a: Iron Bundle|88/215\n|-status|p2a: Iron Bundle|psn\n|\n|-heal|p1a: Weezing|37/100|[from] item: Leftovers\n|-damage|p2a: Iron Bundle|62/215 psn|[from] psn\n|upkeep\n|turn|18\n|inactive|Time left: 300 sec this turn | 300 sec total\n|\n|t:|1783539267\n|move|p2a: Iron Bundle|Freeze-Dry|p1a: Weezing\n|-damage|p1a: Weezing|1/100\n|move|p1a: Weezing|Fire Blast|p2a: Iron Bundle\n|-damage|p2a: Iron Bundle|0 fnt\n|faint|p2a: Iron Bundle\n|-end|p2a: Iron Bundle|Quark Drive|[silent]\n|\n|win|p0x00797fd", "uploadtime": 1783539267, "views": 0, "rating": 0, "private": 0, "password": null, "_winner": "p0x00797fd", "_our_name": "p0y007ff65"}