{"id": "battle-gen9randombattle-2011", "formatid": "gen9randombattle", "format": "[Gen 9] Random Battle", "players": ["p0x2011b90c", "p0y2011d19a"], "log": "|init|battle\n|title|p0x2011b90c vs. p0y2011d19a\n|j|\u2606p0x2011b90c\n|j|\u2606p0y2011d19a\n|t:|1783563285\n|gametype|singles\n|player|p1|p0x2011b90c|101|\n|player|p2|p0y2011d19a|102|\n|gen|9\n|tier|[Gen 9] Random Battle\n|rule|Species Clause: Limit one of each Pok\u00e9mon\n|rule|HP Percentage Mod: HP is shown in percentages\n|rule|Sleep Clause Mod: Limit one foe put to sleep\n|rule|Illusion Level Mod: Illusion disguises the Pok\u00e9mon's true level\n|\n|t:|1783563285\n|teamsize|p1|6\n|teamsize|p2|6\n|start\n|switch|p1a: Chandelure|Chandelure, L83, F|100/100\n|switch|p2a: Weezing|Weezing-Galar, L86, M|252/252\n|turn|1\n|inactive|Battle timer is ON: inactive players will automatically lose when time's up. (requested by p0y2011d19a)\n|inactive|p0x2011b90c also wants the timer to be on.\n|\n|t:|1783563287\n|switch|p2a: Ting-Lu|Ting-Lu, L78|370/370\n|-ability|p2a: Ting-Lu|Vessel of Ruin\n|move|p1a: Chandelure|Fire Blast|p2a: Ting-Lu\n|-damage|p2a: Ting-Lu|244/370\n|\n|-heal|p2a: Ting-Lu|267/370|[from] item: Leftovers\n|upkeep\n|turn|2\n|inactive|Time left: 300 sec this turn | 300 sec total\n|\n|t:|1783563288\n|move|p1a: Chandelure|Fire Blast|p2a: Ting-Lu|[miss]\n|-miss|p1a: Chandelure|p2a: Ting-Lu\n|move|p2a: Ting-Lu|Earthquake|p1a: Chandelure\n|-supereffective|p1a: Chandelure\n|-damage|p1a: Chandelure|18/100\n|\n|-heal|p2a: Ting-Lu|290/370|[from] item: Leftovers\n|upkeep\n|turn|3\n|inactive|Time left: 300 sec this turn | 300 sec total\n|\n|t:|1783563289\n|move|p1a: Chandelure|Fire Blast|p2a: Ting-Lu\n|-damage|p2a: Ting-Lu|157/370\n|move|p2a: Ting-Lu|Earthquake|p1a: Chandelure\n|-supereffective|p1a: Chandelure\n|-damage|p1a: Chandelure|0 fnt\n|faint|p1a: Chandelure\n|\n|-heal|p2a: Ting-Lu|180/370|[from] item: Leftovers\n|upkeep\n|\n|t:|1783563290\n|switch|p1a: Poliwrath|Poliwrath, L88, M|100/100\n|turn|4\n|inactive|Time left: 300 sec this turn | 300 sec total\n|\n|t:|1783563291\n|switch|p2a: Lurantis|Lurantis, L87, F|264/264\n|move|p1a: Poliwrath|Close Combat|p2a: Lurantis\n|-damage|p2a: Lurantis|129/264\n|-unboost|p1a: Poliwrath|def|1\n|-unboost|p1a: Poliwrath|spd|1\n|\n|-heal|p2a: Lurantis|145/264|[from] item: Leftovers\n|upkeep\n|turn|5\n|inactive|Time left: 300 sec this turn | 300 sec total\n|\n|t:|1783563293\n|switch|p1a: Vespiquen|Vespiquen, L99, F|100/100\n|-ability|p1a: Vespiquen|Pressure\n|move|p2a: Lurantis|Leaf Storm|p1a: Vespiquen\n|-resisted|p1a: Vespiquen\n|-damage|p1a: Vespiquen|93/100\n|-boost|p2a: Lurantis|spa|2\n|\n|-heal|p2a: Lurantis|161/264|[from] item: Leftovers\n|upkeep\n|turn|6\n|inactive|Time left: 300 sec this turn | 300 sec total\n|\n|t:|1783563294\n|move|p1a: Vespiquen|Hurricane|p2a: Lurantis\n|-supereffective|p2a: Lurantis\n|-damage|p2a: Lurantis|0 fnt\n|faint|p2a: Lurantis\n|\n|upkeep\n|inactive|Time left: 300 sec this turn | 300 sec total | 5 sec grace\n|\n|t:|1783563294\n|switch|p2a: Flutter Mane|Flutter Mane, L74|203/203\n|turn|7\n|inactive|Time left: 300 sec this turn | 300 sec total\n|\n|t:|1783563295\n|move|p2a: Flutter Mane|Mystical Fire|p1a: Vespiquen\n|-supereffective|p1a: Vespiquen\n|-damage|p1a: Vespiquen|54/100\n|-unboost|p1a: Vespiquen|spa|1\n|move|p1a: Vespiquen|Hurricane|p2a: Flutter Mane\n|-damage|p2a: Flutter Mane|130/203\n|\n|upkeep\n|turn|8\n|inactive|Time left: 300 sec this turn | 300 sec total\n|\n|t:|1783563296\n|move|p2a: Flutter Mane|Mystical Fire|p1a: Vespiquen\n|-supereffective|p1a: Vespiquen\n|-damage|p1a: Vespiquen|15/100\n|-unboost|p1a: Vespiquen|spa|1\n|move|p1a: Vespiquen|Roost|p1a: Vespiquen\n|-heal|p1a: Vespiquen|65/100\n|-singleturn|p1a: Vespiquen|move: Roost\n|\n|upkeep\n|turn|9\n|inactive|Time left: 300 sec this turn | 300 sec total\n|\n|t:|1783563297\n|switch|p1a: Poliwrath|Poliwrath, L88, M|100/100\n|move|p2a: Flutter Mane|Mystical Fire|p1a: Poliwrath\n|-resisted|p1a: Poliwrath\n|-damage|p1a: Poliwrath|92/100\n|-unboost|p1a: Poliwrath|spa|1\n|\n|upkeep\n|turn|10\n|inactive|Time left: 300 sec this turn | 300 sec total\n|\n|t:|1783563298\n|move|p2a: Flutter Mane|Mystical Fire|p1a: Poliwrath\n|-resisted|p1a: Poliwrath\n|-damage|p1a: Poliwrath|84/100\n|-unboost|p1a: Poliwrath|spa|1\n|move|p1a: Poliwrath|Liquidation|p2a: Flutter Mane\n|-damage|p2a: Flutter Mane|0 fnt\n|faint|p2a: Flutter Mane\n|-end|p2a: Flutter Mane|Protosynthesis|[silent]\n|\n|upkeep\n|inactive|Time left: 300 sec this turn | 300 sec total | 5 sec grace\n|\n|t:|1783563300\n|switch|p2a: Weezing|Weezing-Galar, L86, M|252/252\n|turn|11\n|inactive|Time left: 300 sec this turn | 300 sec total\n|\n|t:|1783563301\n|switch|p1a: Lunala|Lunala, L70|100/100\n|move|p2a: Weezing|Gunk Shot|p1a: Lunala|[miss]\n|-miss|p2a: Weezing|p1a: Lunala\n|\n|upkeep\n|turn|12\n|inactive|Time left: 300 sec this turn | 300 sec total\n|\n|t:|1783563302\n|switch|p2a: Porygon-Z|Porygon-Z, L83|277/277\n|-ability|p2a: Porygon-Z|Download|boost\n|-boost|p2a: Porygon-Z|atk|1\n|move|p1a: Lunala|Calm Mind|p1a: Lunala\n|-boost|p1a: Lunala|spa|1\n|-boost|p1a: Lunala|spd|1\n|\n|upkeep\n|turn|13\n|inactive|Time left: 300 sec this turn | 300 sec total\n|\n|t:|1783563303\n|move|p2a: Porygon-Z|Shadow Ball|p1a: Lunala\n|-supereffective|p1a: Lunala\n|-damage|p1a: Lunala|67/100\n|move|p1a: Lunala|Psyshock|p2a: Porygon-Z\n|-damage|p2a: Porygon-Z|126/277\n|\n|-heal|p1a: Lunala|74/100|[from] item: Leftovers\n|upkeep\n|turn|14\n|inactive|Time left: 300 sec this turn | 300 sec total\n|\n|t:|1783563304\n|-terastallize|p1a: Lunala|Dark\n|move|p2a: Porygon-Z|Shadow Ball|p1a: Lunala\n|-resisted|p1a: Lunala\n|-damage|p1a: Lunala|65/100\n|move|p1a: Lunala|Psyshock|p2a: Porygon-Z\n|-damage|p2a: Porygon-Z|0 fnt\n|faint|p2a: Porygon-Z\n|\n|-heal|p1a: Lunala|71/100|[from] item: Leftovers\n|upkeep\n|inactive|Time left: 300 sec this turn | 300 sec total | 5 sec grace\n|\n|t:|1783563305\n|switch|p2a: Cacturne|Cacturne, L92, F|278/278\n|turn|15\n|inactive|Time left: 300 sec this turn | 300 sec total\n|\n|t:|1783563306\n|move|p1a: Lunala|Moonlight|p1a: Lunala\n|-heal|p1a: Lunala|100/100\n|move|p2a: Cacturne|Swords Dance|p2a: Cacturne\n|-boost|p2a: Cacturne|atk|2\n|\n|upkeep\n|turn|16\n|inactive|Time left: 300 sec this turn | 300 sec total\n|\n|t:|1783563307\n|move|p1a: Lunala|Moongeist Beam|p2a: Cacturne\n|-resisted|p2a: Cacturne\n|-damage|p2a: Cacturne|192/278\n|move|p2a: Cacturne|Seed Bomb|p1a: Lunala\n|-crit|p1a: Lunala\n|-damage|p1a: Lunala|14/100\n|-damage|p2a: Cacturne|165/278|[from] item: Life Orb\n|\n|-heal|p1a: Lunala|20/100|[from] item: Leftovers\n|upkeep\n|turn|17\n|inactive|Time left: 300 sec this turn | 300 sec total\n|\n|t:|1783563308\n|move|p1a: Lunala|Moongeist Beam|p2a: Cacturne\n|-resisted|p2a: Cacturne\n|-damage|p2a: Cacturne|74/278\n|move|p2a: Cacturne|Seed Bomb|p1a: Lunala\n|-damage|p1a: Lunala|0 fnt\n|faint|p1a: Lunala\n|-damage|p2a: Cacturne|47/278|[from] item: Life Orb\n|\n|upkeep\n|\n|t:|1783563309\n|switch|p1a: Dedenne|Dedenne, L88, F|100/100\n|turn|18\n|inactive|Time left: 300 sec this turn | 300 sec total\n|\n|t:|1783563310\n|move|p2a: Cacturne|Sucker Punch|p1a: Dedenne\n|-resisted|p1a: Dedenne\n|-damage|p1a: Dedenne|32/100\n|-enditem|p1a: Dedenne|Sitrus Berry|[eat]\n|-heal|p1a: Dedenne|57/100|[from] item: Sitrus Berry\n|-heal|p1a: Dedenne|90/100|[from] ability: Cheek Pouch\n|-damage|p2a: Cacturne|20/278|[from] item: Life Orb\n|move|p1a: Dedenne|Dazzling Gleam|p2a: Cacturne\n|-supereffective|p2a: Cacturne\n|-damage|p2a: Cacturne|0 fnt\n|faint|p2a: Cacturne\n|\n|upkeep\n|inactive|Time left: 300 sec this turn | 300 sec total | 5 sec grace\n|\n|t:|1783563311\n|switch|p2a: Weezing|Weezing-Galar, L86, M|252/252\n|turn|19\n|inactive|Time left: 300 sec this turn | 300 sec total\n|\n|t:|1783563312\n|move|p1a: Dedenne|Super Fang|p2a: Weezing\n|-damage|p2a: Weezing|126/252\n|move|p2a: Weezing|Gunk Shot|p1a: Dedenne\n|-supereffective|p1a: Dedenne\n|-damage|p1a: Dedenne|0 fnt\n|faint|p1a: Dedenne\n|\n|-heal|p2a: Weezing|141/252|[from] item: Leftovers\n|upkeep\n|\n|t:|1783563312\n|switch|p1a: Vespiquen|Vespiquen, L99, F|65/100\n|-ability|p1a: Vespiquen|Pressure\n|turn|20\n|inactive|Time left: 300 sec this turn | 300 sec total\n|\n|t:|1783563313\n|move|p2a: Weezing|Strange Steam|p1a: Vespiquen\n|-damage|p1a: Vespiquen|42/100\n|-start|p1a: Vespiquen|confusion\n|-activate|p1a: Vespiquen|confusion\n|-damage|p1a: Vespiquen|35/100|[from] confusion\n|\n|-heal|p2a: Weezing|156/252|[from] item: Leftovers\n|upkeep\n|turn|21\n|inactive|Time left: 300 sec this turn | 300 sec total\n|\n|t:|1783563314\n|move|p2a: Weezing|Gunk Shot|p1a: Vespiquen\n|-damage|p1a: Vespiquen|4/100\n|-activate|p1a: Vespiquen|confusion\n|-damage|p1a: Vespiquen|0 fnt|[from] confusion\n|faint|p1a: Vespiquen\n|\n|-heal|p2a: Weezing|171/252|[from] item: Leftovers\n|upkeep\n|\n|t:|1783563315\n|switch|p1a: Poliwrath|Poliwrath, L88, M|84/100\n|turn|22\n|inactive|Time left: 300 sec this turn | 300 sec total\n|\n|t:|1783563316\n|move|p1a: Poliwrath|Liquidation|p2a: Weezing\n|-damage|p2a: Weezing|92/252\n|move|p2a: Weezing|Strange Steam|p1a: Poliwrath\n|-supereffective|p1a: Poliwrath\n|-damage|p1a: Poliwrath|42/100\n|-start|p1a: Poliwrath|confusion\n|\n|-heal|p2a: Weezing|107/252|[from] item: Leftovers\n|upkeep\n|turn|23\n|inactive|Time left: 300 sec this turn | 300 sec total\n|\n|t:|1783563317\n|-activate|p1a: Poliwrath|confusion\n|move|p1a: Poliwrath|Liquidation|p2a: Weezing\n|-damage|p2a: Weezing|34/252\n|move|p2a: Weezing|Strange Steam|p1a: Poliwrath\n|-supereffective|p1a: Poliwrath\n|-damage|p1a: Poliwrath|0 fnt\n|faint|p1a: Poliwrath\n|\n|-heal|p2a: Weezing|49/252|[from] item: Leftovers\n|upkeep\n|\n|t:|1783563318\n|switch|p1a: Brute Bonnet|Brute Bonnet, L80|100/100\n|turn|24\n|inactive|Time left: 300 sec this turn | 300 sec total\n|\n|t:|1783563320\n|move|p2a: Weezing|Gunk Shot|p1a: Brute Bonnet\n|-supereffective|p1a: Brute Bonnet\n|-damage|p1a: Brute Bonnet|18/100\n|-status|p1a: Brute Bonnet|psn\n|move|p1a: Brute Bonnet|Spore|p2a: Weezing\n|-status|p2a: Weezing|slp|[from] move: Spore\n|\n|-heal|p2a: Weezing|64/252 slp|[from] item: Leftovers\n|-heal|p1a: Brute Bonnet|24/100 psn|[from] item: Leftovers\n|-damage|p1a: Brute Bonnet|12/100 psn|[from] psn\n|upkeep\n|turn|25\n|inactive|Time left: 300 sec this turn | 300 sec total\n|\n|t:|1783563321\n|-terastallize|p2a: Weezing|Steel\n|cant|p2a: Weezing|slp\n|move|p1a: Brute Bonnet|Crunch|p2a: Weezing\n|-damage|p2a: Weezing|0 fnt\n|faint|p2a: Weezing\n|\n|-heal|p1a: Brute Bonnet|18/100 psn|[from] item: Leftovers\n|-damage|p1a: Brute Bonnet|6/100 psn|[from] psn\n|upkeep\n|inactive|Time left: 300 sec this turn | 300 sec total | 5 sec grace\n|\n|t:|1783563321\n|switch|p2a: Ting-Lu|Ting-Lu, L78|180/370\n|-ability|p2a: Ting-Lu|Vessel of Ruin\n|turn|26\n|inactive|Time left: 300 sec this turn | 300 sec total\n|\n|t:|1783563322\n|move|p1a: Brute Bonnet|Sucker Punch|p2a: Ting-Lu\n|-resisted|p2a: Ting-Lu\n|-damage|p2a: Ting-Lu|146/370\n|move|p2a: Ting-Lu|Payback|p1a: Brute Bonnet\n|-resisted|p1a: Brute Bonnet\n|-damage|p1a: Brute Bonnet|0 fnt\n|faint|p1a: Brute Bonnet\n|-end|p1a: Brute Bonnet|Protosynthesis|[silent]\n|\n|win|p0y2011d19a", "uploadtime": 1783563322, "views": 0, "rating": 0, "private": 0, "password": null, "_winner": "p0y2011d19a", "_our_name": "p0y2011d19a"}