{"id": "battle-gen9randombattle-2888", "formatid": "gen9randombattle", "format": "[Gen 9] Random Battle", "players": ["p0x28881d63", "p0y2888299d"], "log": "|init|battle\n|title|p0x28881d63 vs. p0y2888299d\n|j|\u2606p0x28881d63\n|j|\u2606p0y2888299d\n|t:|1783572300\n|gametype|singles\n|player|p1|p0x28881d63|102|\n|player|p2|p0y2888299d|169|\n|gen|9\n|tier|[Gen 9] Random Battle\n|rule|Species Clause: Limit one of each Pok\u00e9mon\n|rule|HP Percentage Mod: HP is shown in percentages\n|rule|Sleep Clause Mod: Limit one foe put to sleep\n|rule|Illusion Level Mod: Illusion disguises the Pok\u00e9mon's true level\n|\n|t:|1783572300\n|teamsize|p1|6\n|teamsize|p2|6\n|start\n|switch|p1a: Flutter Mane|Flutter Mane, L74|203/203\n|switch|p2a: Ariados|Ariados, L95, F|100/100\n|turn|1\n|inactive|Battle timer is ON: inactive players will automatically lose when time's up. (requested by p0x28881d63)\n|\n|t:|1783572302\n|move|p1a: Flutter Mane|Mystical Fire|p2a: Ariados\n|-supereffective|p2a: Ariados\n|-damage|p2a: Ariados|38/100\n|-unboost|p2a: Ariados|spa|1\n|move|p2a: Ariados|Sticky Web|p1a: Flutter Mane\n|-sidestart|p1: p0x28881d63|move: Sticky Web\n|\n|upkeep\n|turn|2\n|inactive|Time left: 300 sec this turn | 300 sec total\n|inactive|p0y2888299d also wants the timer to be on.\n|\n|t:|1783572303\n|switch|p2a: Muk|Muk, L86, M|100/100\n|move|p1a: Flutter Mane|Mystical Fire|p2a: Muk\n|-damage|p2a: Muk|79/100\n|-unboost|p2a: Muk|spa|1\n|\n|upkeep\n|turn|3\n|inactive|Time left: 300 sec this turn | 300 sec total\n|\n|t:|1783572304\n|move|p1a: Flutter Mane|Mystical Fire|p2a: Muk\n|-damage|p2a: Muk|56/100\n|-unboost|p2a: Muk|spa|1\n|move|p2a: Muk|Poison Jab|p1a: Flutter Mane\n|-damage|p1a: Flutter Mane|0 fnt\n|faint|p1a: Flutter Mane\n|-end|p1a: Flutter Mane|Protosynthesis|[silent]\n|\n|upkeep\n|inactive|Time left: 300 sec this turn | 300 sec total | 5 sec grace\n|\n|t:|1783572305\n|switch|p1a: Noivern|Noivern, L82, F|274/274\n|turn|4\n|inactive|Time left: 300 sec this turn | 300 sec total\n|\n|t:|1783572306\n|move|p1a: Noivern|Defog|p2a: Muk\n|-unboost|p2a: Muk|evasion|1\n|-sideend|p1: p0x28881d63|Sticky Web|[from] move: Defog|[of] p1a: Noivern\n|move|p2a: Muk|Poison Jab|p1a: Noivern\n|-crit|p1a: Noivern\n|-damage|p1a: Noivern|60/274\n|\n|upkeep\n|turn|5\n|inactive|Time left: 300 sec this turn | 300 sec total\n|\n|t:|1783572307\n|move|p1a: Noivern|Flamethrower|p2a: Muk\n|-damage|p2a: Muk|38/100\n|move|p2a: Muk|Poison Jab|p1a: Noivern\n|-damage|p1a: Noivern|0 fnt\n|faint|p1a: Noivern\n|\n|upkeep\n|inactive|Time left: 300 sec this turn | 300 sec total | 5 sec grace\n|\n|t:|1783572308\n|switch|p1a: Arcanine|Arcanine, L84, F|288/288\n|-ability|p1a: Arcanine|Intimidate|boost\n|-unboost|p2a: Muk|atk|1\n|turn|6\n|inactive|Time left: 300 sec this turn | 300 sec total\n|\n|t:|1783572309\n|switch|p2a: Eiscue|Eiscue, L88, M|100/100\n|move|p1a: Arcanine|Flare Blitz|p2a: Eiscue\n|-activate|p2a: Eiscue|ability: Ice Face\n|-damage|p2a: Eiscue|100/100\n|detailschange|p2a: Eiscue|Eiscue-Noice, L88, M\n|\n|upkeep\n|turn|7\n|inactive|Time left: 300 sec this turn | 300 sec total\n|\n|t:|1783572310\n|-terastallize|p2a: Eiscue|Water\n|move|p2a: Eiscue|Belly Drum|p2a: Eiscue\n|-damage|p2a: Eiscue|50/100\n|-setboost|p2a: Eiscue|atk|6|[from] move: Belly Drum\n|-enditem|p2a: Eiscue|Sitrus Berry|[eat]\n|-heal|p2a: Eiscue|75/100|[from] item: Sitrus Berry\n|move|p1a: Arcanine|Flare Blitz|p2a: Eiscue\n|-resisted|p2a: Eiscue\n|-damage|p2a: Eiscue|45/100\n|-damage|p1a: Arcanine|261/288|[from] Recoil\n|\n|upkeep\n|turn|8\n|inactive|Time left: 300 sec this turn | 300 sec total\n|\n|t:|1783572311\n|switch|p1a: Lumineon|Lumineon, L93, M|279/279\n|move|p2a: Eiscue|Liquidation|p1a: Lumineon\n|-ability|p1a: Lumineon|Storm Drain|boost\n|-boost|p1a: Lumineon|spa|1\n|\n|upkeep\n|turn|9\n|inactive|Time left: 300 sec this turn | 300 sec total\n|\n|t:|1783572312\n|move|p2a: Eiscue|Zen Headbutt|p1a: Lumineon\n|-damage|p1a: Lumineon|44/279\n|cant|p1a: Lumineon|flinch\n|\n|upkeep\n|turn|10\n|inactive|Time left: 300 sec this turn | 300 sec total\n|\n|t:|1783572313\n|move|p2a: Eiscue|Ice Spinner|p1a: Lumineon\n|-resisted|p1a: Lumineon\n|-damage|p1a: Lumineon|0 fnt\n|faint|p1a: Lumineon\n|\n|upkeep\n|inactive|Time left: 300 sec this turn | 300 sec total | 5 sec grace\n|\n|t:|1783572314\n|switch|p1a: Meowstic|Meowstic, L89, M|277/277\n|turn|11\n|inactive|Time left: 300 sec this turn | 300 sec total\n|\n|t:|1783572315\n|move|p1a: Meowstic|Thunder Wave|p2a: Eiscue\n|-status|p2a: Eiscue|par\n|move|p2a: Eiscue|Liquidation|p1a: Meowstic\n|-damage|p1a: Meowstic|0 fnt\n|faint|p1a: Meowstic\n|\n|upkeep\n|inactive|Time left: 300 sec this turn | 300 sec total | 5 sec grace\n|\n|t:|1783572316\n|switch|p1a: Sylveon|Sylveon, L85, F|300/300\n|turn|12\n|inactive|Time left: 300 sec this turn | 300 sec total\n|\n|t:|1783572317\n|move|p1a: Sylveon|Hyper Voice|p2a: Eiscue\n|-damage|p2a: Eiscue|0 fnt\n|faint|p2a: Eiscue\n|\n|upkeep\n|\n|t:|1783572318\n|switch|p2a: Muk|Muk, L86, M|38/100\n|turn|13\n|inactive|Time left: 300 sec this turn | 300 sec total\n|\n|t:|1783572319\n|move|p1a: Sylveon|Protect|p1a: Sylveon\n|-singleturn|p1a: Sylveon|Protect\n|move|p2a: Muk|Poison Jab|p1a: Sylveon\n|-activate|p1a: Sylveon|move: Protect\n|\n|upkeep\n|turn|14\n|inactive|Time left: 300 sec this turn | 300 sec total\n|\n|t:|1783572320\n|-terastallize|p1a: Sylveon|Steel\n|move|p1a: Sylveon|Calm Mind|p1a: Sylveon\n|-boost|p1a: Sylveon|spa|1\n|-boost|p1a: Sylveon|spd|1\n|move|p2a: Muk|Poison Jab|p1a: Sylveon\n|-immune|p1a: Sylveon\n|\n|upkeep\n|turn|15\n|inactive|Time left: 300 sec this turn | 300 sec total\n|\n|t:|1783572321\n|switch|p2a: Goodra|Goodra-Hisui, L82, F|100/100\n|move|p1a: Sylveon|Hyper Voice|p2a: Goodra\n|-damage|p2a: Goodra|67/100\n|\n|upkeep\n|turn|16\n|inactive|Time left: 300 sec this turn | 300 sec total\n|\n|t:|1783572322\n|move|p1a: Sylveon|Hyper Voice|p2a: Goodra\n|-damage|p2a: Goodra|36/100\n|move|p2a: Goodra|Earthquake|p1a: Sylveon\n|-supereffective|p1a: Sylveon\n|-damage|p1a: Sylveon|120/300\n|\n|-heal|p1a: Sylveon|138/300|[from] item: Leftovers\n|upkeep\n|turn|17\n|inactive|Time left: 300 sec this turn | 300 sec total\n|\n|t:|1783572323\n|move|p1a: Sylveon|Protect|p1a: Sylveon\n|-singleturn|p1a: Sylveon|Protect\n|move|p2a: Goodra|Earthquake|p1a: Sylveon\n|-activate|p1a: Sylveon|move: Protect\n|\n|-heal|p1a: Sylveon|156/300|[from] item: Leftovers\n|upkeep\n|turn|18\n|inactive|Time left: 300 sec this turn | 300 sec total\n|\n|t:|1783572324\n|move|p1a: Sylveon|Hyper Voice|p2a: Goodra\n|-damage|p2a: Goodra|2/100\n|move|p2a: Goodra|Earthquake|p1a: Sylveon\n|-supereffective|p1a: Sylveon\n|-damage|p1a: Sylveon|0 fnt\n|faint|p1a: Sylveon\n|\n|upkeep\n|inactive|Time left: 300 sec this turn | 300 sec total | 5 sec grace\n|\n|t:|1783572325\n|switch|p1a: Arcanine|Arcanine, L84, F|261/288\n|-ability|p1a: Arcanine|Intimidate|boost\n|-unboost|p2a: Goodra|atk|1\n|turn|19\n|inactive|Time left: 300 sec this turn | 300 sec total\n|\n|t:|1783572326\n|move|p1a: Arcanine|Flare Blitz|p2a: Goodra\n|-damage|p2a: Goodra|0 fnt\n|faint|p2a: Goodra\n|-damage|p1a: Arcanine|260/288|[from] Recoil\n|\n|upkeep\n|\n|t:|1783572327\n|switch|p2a: Breloom|Breloom, L83, F|100/100\n|turn|20\n|inactive|Time left: 300 sec this turn | 300 sec total\n|\n|t:|1783572328\n|move|p2a: Breloom|Mach Punch|p1a: Arcanine\n|-damage|p1a: Arcanine|157/288\n|-damage|p2a: Breloom|91/100|[from] item: Life Orb\n|move|p1a: Arcanine|Flare Blitz|p2a: Breloom\n|-supereffective|p2a: Breloom\n|-damage|p2a: Breloom|0 fnt\n|faint|p2a: Breloom\n|-damage|p1a: Arcanine|87/288|[from] Recoil\n|\n|upkeep\n|\n|t:|1783572329\n|switch|p2a: Flutter Mane|Flutter Mane, L74|100/100\n|turn|21\n|inactive|Time left: 300 sec this turn | 300 sec total\n|\n|t:|1783572330\n|move|p2a: Flutter Mane|Shadow Ball|p1a: Arcanine\n|-damage|p1a: Arcanine|0 fnt\n|faint|p1a: Arcanine\n|-damage|p2a: Flutter Mane|91/100|[from] item: Life Orb\n|\n|win|p0y2888299d", "uploadtime": 1783572330, "views": 0, "rating": 0, "private": 0, "password": null, "_winner": "p0y2888299d", "_our_name": "p0x28881d63"}