{"id": "battle-gen9randombattle-250", "formatid": "gen9randombattle", "format": "[Gen 9] Random Battle", "players": ["p0x25088db", "p0y25083ea"], "log": "|init|battle\n|title|p0x25088db vs. p0y25083ea\n|j|\u2606p0x25088db\n|j|\u2606p0y25083ea\n|t:|1783542471\n|gametype|singles\n|player|p1|p0x25088db|101|\n|player|p2|p0y25083ea|2|\n|gen|9\n|tier|[Gen 9] Random Battle\n|rule|Species Clause: Limit one of each Pok\u00e9mon\n|rule|HP Percentage Mod: HP is shown in percentages\n|rule|Sleep Clause Mod: Limit one foe put to sleep\n|rule|Illusion Level Mod: Illusion disguises the Pok\u00e9mon's true level\n|\n|t:|1783542471\n|teamsize|p1|6\n|teamsize|p2|6\n|start\n|switch|p1a: Articuno|Articuno, L86|100/100\n|switch|p2a: Mimikyu|Mimikyu, L79, F|216/216\n|-ability|p1a: Articuno|Pressure\n|turn|1\n|inactive|Battle timer is ON: inactive players will automatically lose when time's up. (requested by p0x25088db)\n|inactive|Time left: 300 sec this turn | 300 sec total | 60 sec grace\n|inactive|p0y25083ea also wants the timer to be on.\n|\n|t:|1783542472\n|move|p2a: Mimikyu|Swords Dance|p2a: Mimikyu\n|-boost|p2a: Mimikyu|atk|2\n|move|p1a: Articuno|U-turn|p2a: Mimikyu\n|-activate|p2a: Mimikyu|ability: Disguise\n|-damage|p2a: Mimikyu|216/216\n|detailschange|p2a: Mimikyu|Mimikyu-Busted, L79, F\n|-damage|p2a: Mimikyu|189/216|[from] pokemon: Mimikyu-Busted\n|\n|t:|1783542473\n|switch|p1a: Infernape|Infernape, L82, M|100/100|[from] U-turn\n|\n|upkeep\n|turn|2\n|inactive|Time left: 300 sec this turn | 300 sec total\n|\n|t:|1783542475\n|move|p1a: Infernape|Flare Blitz|p2a: Mimikyu\n|-damage|p2a: Mimikyu|0 fnt\n|faint|p2a: Mimikyu\n|-damage|p1a: Infernape|77/100|[from] Recoil\n|\n|upkeep\n|inactive|Time left: 300 sec this turn | 300 sec total | 5 sec grace\n|\n|t:|1783542476\n|switch|p2a: Vaporeon|Vaporeon, L86, F|364/364\n|turn|3\n|inactive|Time left: 300 sec this turn | 300 sec total\n|\n|t:|1783542477\n|switch|p1a: Decidueye|Decidueye, L88, F|100/100\n|move|p2a: Vaporeon|Scald|p1a: Decidueye\n|-resisted|p1a: Decidueye\n|-damage|p1a: Decidueye|87/100\n|-status|p1a: Decidueye|brn\n|\n|-damage|p1a: Decidueye|81/100 brn|[from] brn\n|upkeep\n|turn|4\n|inactive|Time left: 300 sec this turn | 300 sec total\n|\n|t:|1783542479\n|move|p1a: Decidueye|Swords Dance|p1a: Decidueye\n|-boost|p1a: Decidueye|atk|2\n|move|p2a: Vaporeon|Calm Mind|p2a: Vaporeon\n|-boost|p2a: Vaporeon|spa|1\n|-boost|p2a: Vaporeon|spd|1\n|\n|-damage|p1a: Decidueye|75/100 brn|[from] brn\n|upkeep\n|turn|5\n|inactive|Time left: 300 sec this turn | 300 sec total\n|\n|t:|1783542480\n|move|p2a: Vaporeon|Protect|p2a: Vaporeon\n|-singleturn|p2a: Vaporeon|Protect\n|move|p1a: Decidueye|Leaf Blade|p2a: Vaporeon\n|-activate|p2a: Vaporeon|move: Protect\n|\n|-damage|p1a: Decidueye|68/100 brn|[from] brn\n|upkeep\n|turn|6\n|inactive|Time left: 300 sec this turn | 300 sec total\n|\n|t:|1783542481\n|switch|p2a: Toucannon|Toucannon, L88, M|284/284\n|move|p1a: Decidueye|Leaf Blade|p2a: Toucannon\n|-resisted|p2a: Toucannon\n|-crit|p2a: Toucannon\n|-damage|p2a: Toucannon|174/284\n|-damage|p1a: Decidueye|59/100 brn|[from] item: Life Orb\n|\n|-damage|p1a: Decidueye|52/100 brn|[from] brn\n|upkeep\n|turn|7\n|inactive|Time left: 300 sec this turn | 300 sec total\n|\n|t:|1783542482\n|-singleturn|p2a: Toucannon|move: Beak Blast\n|move|p1a: Decidueye|Leaf Blade|p2a: Toucannon\n|-resisted|p2a: Toucannon\n|-damage|p2a: Toucannon|93/284\n|-damage|p1a: Decidueye|42/100 brn|[from] item: Life Orb\n|move|p2a: Toucannon|Beak Blast|p1a: Decidueye\n|-supereffective|p1a: Decidueye\n|-damage|p1a: Decidueye|0 fnt\n|faint|p1a: Decidueye\n|\n|upkeep\n|\n|t:|1783542483\n|switch|p1a: Infernape|Infernape, L82, M|77/100\n|turn|8\n|inactive|Time left: 300 sec this turn | 300 sec total\n|\n|t:|1783542484\n|switch|p2a: Vaporeon|Vaporeon, L86, F|364/364\n|move|p1a: Infernape|Flare Blitz|p2a: Vaporeon\n|-resisted|p2a: Vaporeon\n|-damage|p2a: Vaporeon|241/364\n|-damage|p1a: Infernape|61/100|[from] Recoil\n|\n|-heal|p2a: Vaporeon|263/364|[from] item: Leftovers\n|upkeep\n|turn|9\n|inactive|Time left: 300 sec this turn | 300 sec total\n|\n|t:|1783542485\n|switch|p1a: Dipplin|Dipplin, L88, M|100/100\n|move|p2a: Vaporeon|Scald|p1a: Dipplin\n|-resisted|p1a: Dipplin\n|-damage|p1a: Dipplin|94/100\n|\n|-heal|p2a: Vaporeon|285/364|[from] item: Leftovers\n|upkeep\n|turn|10\n|inactive|Time left: 300 sec this turn | 300 sec total\n|\n|t:|1783542486\n|move|p2a: Vaporeon|Calm Mind|p2a: Vaporeon\n|-boost|p2a: Vaporeon|spa|1\n|-boost|p2a: Vaporeon|spd|1\n|move|p1a: Dipplin|Giga Drain|p2a: Vaporeon\n|-supereffective|p2a: Vaporeon\n|-damage|p2a: Vaporeon|177/364\n|-heal|p1a: Dipplin|100/100|[from] drain|[of] p2a: Vaporeon\n|\n|-heal|p2a: Vaporeon|199/364|[from] item: Leftovers\n|upkeep\n|turn|11\n|inactive|Time left: 300 sec this turn | 300 sec total\n|\n|t:|1783542487\n|move|p2a: Vaporeon|Calm Mind|p2a: Vaporeon\n|-boost|p2a: Vaporeon|spa|1\n|-boost|p2a: Vaporeon|spd|1\n|move|p1a: Dipplin|Giga Drain|p2a: Vaporeon\n|-supereffective|p2a: Vaporeon\n|-damage|p2a: Vaporeon|119/364\n|\n|-heal|p2a: Vaporeon|141/364|[from] item: Leftovers\n|upkeep\n|turn|12\n|inactive|Time left: 300 sec this turn | 300 sec total\n|\n|t:|1783542488\n|move|p2a: Vaporeon|Wish|p2a: Vaporeon\n|move|p1a: Dipplin|Giga Drain|p2a: Vaporeon\n|-supereffective|p2a: Vaporeon\n|-crit|p2a: Vaporeon\n|-damage|p2a: Vaporeon|0 fnt\n|faint|p2a: Vaporeon\n|\n|upkeep\n|inactive|Time left: 300 sec this turn | 300 sec total | 5 sec grace\n|\n|t:|1783542489\n|switch|p2a: Toucannon|Toucannon, L88, M|93/284\n|turn|13\n|inactive|Time left: 300 sec this turn | 300 sec total\n|\n|t:|1783542490\n|move|p2a: Toucannon|Roost|p2a: Toucannon\n|-heal|p2a: Toucannon|235/284\n|-singleturn|p2a: Toucannon|move: Roost\n|move|p1a: Dipplin|Dragon Pulse|p2a: Toucannon\n|-damage|p2a: Toucannon|127/284\n|\n|-heal|p2a: Toucannon|284/284|[from] move: Wish|[wisher] Vaporeon\n|upkeep\n|turn|14\n|inactive|Time left: 300 sec this turn | 300 sec total\n|\n|t:|1783542491\n|-singleturn|p2a: Toucannon|move: Beak Blast\n|move|p1a: Dipplin|Dragon Pulse|p2a: Toucannon\n|-damage|p2a: Toucannon|178/284\n|move|p2a: Toucannon|Beak Blast|p1a: Dipplin\n|-supereffective|p1a: Dipplin\n|-damage|p1a: Dipplin|53/100\n|\n|upkeep\n|turn|15\n|inactive|Time left: 300 sec this turn | 300 sec total\n|\n|t:|1783542492\n|-singleturn|p2a: Toucannon|move: Beak Blast\n|move|p1a: Dipplin|Recover|p1a: Dipplin\n|-heal|p1a: Dipplin|100/100\n|move|p2a: Toucannon|Beak Blast|p1a: Dipplin\n|-supereffective|p1a: Dipplin\n|-damage|p1a: Dipplin|43/100\n|\n|upkeep\n|turn|16\n|inactive|Time left: 300 sec this turn | 300 sec total\n|\n|t:|1783542493\n|-singleturn|p2a: Toucannon|move: Beak Blast\n|move|p1a: Dipplin|Recover|p1a: Dipplin\n|-heal|p1a: Dipplin|93/100\n|move|p2a: Toucannon|Beak Blast|p1a: Dipplin\n|-supereffective|p1a: Dipplin\n|-damage|p1a: Dipplin|43/100\n|\n|upkeep\n|turn|17\n|inactive|Time left: 300 sec this turn | 300 sec total\n|\n|t:|1783542494\n|-singleturn|p2a: Toucannon|move: Beak Blast\n|move|p1a: Dipplin|Recover|p1a: Dipplin\n|-heal|p1a: Dipplin|93/100\n|move|p2a: Toucannon|Beak Blast|p1a: Dipplin\n|-supereffective|p1a: Dipplin\n|-damage|p1a: Dipplin|42/100\n|\n|upkeep\n|turn|18\n|inactive|Time left: 300 sec this turn | 300 sec total\n|\n|t:|1783542495\n|-singleturn|p2a: Toucannon|move: Beak Blast\n|move|p1a: Dipplin|Recover|p1a: Dipplin\n|-heal|p1a: Dipplin|92/100\n|move|p2a: Toucannon|Beak Blast|p1a: Dipplin\n|-supereffective|p1a: Dipplin\n|-damage|p1a: Dipplin|45/100\n|\n|upkeep\n|turn|19\n|inactive|Time left: 300 sec this turn | 300 sec total\n|\n|t:|1783542496\n|-singleturn|p2a: Toucannon|move: Beak Blast\n|move|p1a: Dipplin|Recover|p1a: Dipplin\n|-heal|p1a: Dipplin|95/100\n|move|p2a: Toucannon|Beak Blast|p1a: Dipplin\n|-supereffective|p1a: Dipplin\n|-damage|p1a: Dipplin|42/100\n|\n|upkeep\n|turn|20\n|inactive|Time left: 300 sec this turn | 300 sec total\n|\n|t:|1783542497\n|-singleturn|p2a: Toucannon|move: Beak Blast\n|move|p1a: Dipplin|Recover|p1a: Dipplin\n|-heal|p1a: Dipplin|92/100\n|move|p2a: Toucannon|Beak Blast|p1a: Dipplin\n|-supereffective|p1a: Dipplin\n|-damage|p1a: Dipplin|39/100\n|\n|upkeep\n|turn|21\n|inactive|Time left: 300 sec this turn | 300 sec total\n|\n|t:|1783542497\n|-singleturn|p2a: Toucannon|move: Beak Blast\n|move|p1a: Dipplin|Recover|p1a: Dipplin\n|-heal|p1a: Dipplin|89/100\n|move|p2a: Toucannon|Beak Blast|p1a: Dipplin\n|-supereffective|p1a: Dipplin\n|-damage|p1a: Dipplin|39/100\n|\n|upkeep\n|turn|22\n|inactive|Time left: 300 sec this turn | 300 sec total\n|\n|t:|1783542498\n|-singleturn|p2a: Toucannon|move: Beak Blast\n|move|p1a: Dipplin|Recover|p1a: Dipplin\n|-heal|p1a: Dipplin|89/100\n|move|p2a: Toucannon|Beak Blast|p1a: Dipplin\n|-supereffective|p1a: Dipplin\n|-damage|p1a: Dipplin|36/100\n|\n|upkeep\n|turn|23\n|inactive|Time left: 300 sec this turn | 300 sec total\n|\n|t:|1783542499\n|-singleturn|p2a: Toucannon|move: Beak Blast\n|move|p1a: Dipplin|Dragon Pulse|p2a: Toucannon\n|-damage|p2a: Toucannon|76/284\n|move|p2a: Toucannon|Beak Blast|p1a: Dipplin\n|-supereffective|p1a: Dipplin\n|-damage|p1a: Dipplin|0 fnt\n|faint|p1a: Dipplin\n|\n|upkeep\n|\n|t:|1783542500\n|switch|p1a: Infernape|Infernape, L82, M|61/100\n|turn|24\n|inactive|Time left: 300 sec this turn | 300 sec total\n|\n|t:|1783542501\n|switch|p2a: Annihilape|Annihilape, L76, M|292/292\n|move|p1a: Infernape|Close Combat|p2a: Annihilape\n|-immune|p2a: Annihilape\n|\n|upkeep\n|turn|25\n|inactive|Time left: 300 sec this turn | 300 sec total\n|\n|t:|1783542502\n|switch|p1a: Tentacruel|Tentacruel, L84, M|100/100\n|move|p2a: Annihilape|Bulk Up|p2a: Annihilape\n|-boost|p2a: Annihilape|atk|1\n|-boost|p2a: Annihilape|def|1\n|\n|upkeep\n|turn|26\n|inactive|Time left: 300 sec this turn | 300 sec total\n|\n|t:|1783542503\n|move|p1a: Tentacruel|Surf|p2a: Annihilape\n|-damage|p2a: Annihilape|199/292\n|move|p2a: Annihilape|Bulk Up|p2a: Annihilape\n|-boost|p2a: Annihilape|atk|1\n|-boost|p2a: Annihilape|def|1\n|\n|-heal|p2a: Annihilape|217/292|[from] item: Leftovers\n|upkeep\n|turn|27\n|inactive|Time left: 300 sec this turn | 300 sec total\n|\n|t:|1783542505\n|move|p1a: Tentacruel|Surf|p2a: Annihilape\n|-damage|p2a: Annihilape|135/292\n|move|p2a: Annihilape|Rage Fist|p1a: Tentacruel\n|-damage|p1a: Tentacruel|0 fnt\n|faint|p1a: Tentacruel\n|\n|-heal|p2a: Annihilape|153/292|[from] item: Leftovers\n|upkeep\n|\n|t:|1783542506\n|switch|p1a: Articuno|Articuno, L86|100/100\n|-ability|p1a: Articuno|Pressure\n|turn|28\n|inactive|Time left: 300 sec this turn | 300 sec total\n|\n|t:|1783542507\n|move|p1a: Articuno|Brave Bird|p2a: Annihilape\n|-supereffective|p2a: Annihilape\n|-damage|p2a: Annihilape|15/292\n|-damage|p1a: Articuno|85/100|[from] Recoil\n|move|p2a: Annihilape|Drain Punch|p1a: Articuno\n|-damage|p1a: Articuno|38/100\n|-heal|p2a: Annihilape|84/292|[from] drain|[of] p1a: Articuno\n|\n|-heal|p2a: Annihilape|102/292|[from] item: Leftovers\n|upkeep\n|turn|29\n|inactive|Time left: 300 sec this turn | 300 sec total\n|\n|t:|1783542508\n|move|p1a: Articuno|Brave Bird|p2a: Annihilape\n|-supereffective|p2a: Annihilape\n|-damage|p2a: Annihilape|0 fnt\n|faint|p2a: Annihilape\n|-damage|p1a: Articuno|27/100|[from] Recoil\n|\n|upkeep\n|inactive|Time left: 300 sec this turn | 300 sec total | 5 sec grace\n|\n|t:|1783542509\n|switch|p2a: Electivire|Electivire, L84, M|263/263\n|turn|30\n|inactive|Time left: 300 sec this turn | 300 sec total\n|\n|t:|1783542510\n|move|p2a: Electivire|Supercell Slam|p1a: Articuno\n|-supereffective|p1a: Articuno\n|-damage|p1a: Articuno|0 fnt\n|faint|p1a: Articuno\n|-damage|p2a: Electivire|237/263|[from] item: Life Orb\n|\n|upkeep\n|\n|t:|1783542511\n|switch|p1a: Infernape|Infernape, L82, M|61/100\n|turn|31\n|inactive|Time left: 300 sec this turn | 300 sec total\n|\n|t:|1783542512\n|move|p1a: Infernape|Flare Blitz|p2a: Electivire\n|-damage|p2a: Electivire|5/263\n|-damage|p1a: Infernape|31/100|[from] Recoil\n|move|p2a: Electivire|Earthquake|p1a: Infernape\n|-supereffective|p1a: Infernape\n|-damage|p1a: Infernape|0 fnt\n|faint|p1a: Infernape\n|-damage|p2a: Electivire|0 fnt|[from] item: Life Orb\n|faint|p2a: Electivire\n|\n|upkeep\n|inactive|Time left: 300 sec this turn | 300 sec total | 5 sec grace\n|\n|t:|1783542514\n|switch|p1a: Heatran|Heatran, L79, F|100/100\n|switch|p2a: Scovillain|Scovillain, L91, F|266/266\n|-item|p1a: Heatran|Air Balloon\n|turn|32\n|inactive|Time left: 300 sec this turn | 300 sec total\n|\n|t:|1783542515\n|move|p2a: Scovillain|Energy Ball|p1a: Heatran\n|-resisted|p1a: Heatran\n|-damage|p1a: Heatran|86/100\n|-enditem|p1a: Heatran|Air Balloon\n|move|p1a: Heatran|Lava Plume|p2a: Scovillain\n|-damage|p2a: Scovillain|166/266\n|\n|upkeep\n|turn|33\n|inactive|Time left: 300 sec this turn | 300 sec total\n|\n|t:|1783542516\n|-terastallize|p1a: Heatran|Grass\n|move|p2a: Scovillain|Energy Ball|p1a: Heatran\n|-resisted|p1a: Heatran\n|-damage|p1a: Heatran|57/100\n|move|p1a: Heatran|Lava Plume|p2a: Scovillain\n|-damage|p2a: Scovillain|64/266\n|\n|upkeep\n|turn|34\n|inactive|Time left: 300 sec this turn | 300 sec total\n|\n|t:|1783542517\n|switch|p2a: Toucannon|Toucannon, L88, M|76/284\n|move|p1a: Heatran|Earth Power|p2a: Toucannon\n|-immune|p2a: Toucannon\n|\n|upkeep\n|turn|35\n|inactive|Time left: 300 sec this turn | 300 sec total\n|\n|t:|1783542518\n|-singleturn|p2a: Toucannon|move: Beak Blast\n|move|p1a: Heatran|Lava Plume|p2a: Toucannon\n|-damage|p2a: Toucannon|0 fnt\n|faint|p2a: Toucannon\n|\n|upkeep\n|inactive|Time left: 300 sec this turn | 300 sec total | 5 sec grace\n|\n|t:|1783542519\n|switch|p2a: Scovillain|Scovillain, L91, F|64/266\n|turn|36\n|inactive|Time left: 300 sec this turn | 300 sec total\n|\n|t:|1783542520\n|-terastallize|p2a: Scovillain|Grass\n|move|p2a: Scovillain|Leaf Storm|p1a: Heatran\n|-resisted|p1a: Heatran\n|-damage|p1a: Heatran|0 fnt\n|-unboost|p2a: Scovillain|spa|2\n|faint|p1a: Heatran\n|\n|win|p0y25083ea", "uploadtime": 1783542520, "views": 0, "rating": 0, "private": 0, "password": null, "_winner": "p0y25083ea", "_our_name": "p0y25083ea"}