{"id": "battle-gen9randombattle-1764", "formatid": "gen9randombattle", "format": "[Gen 9] Random Battle", "players": ["p0x176447bf", "p0y1764bb8b"], "log": "|init|battle\n|title|p0x176447bf vs. p0y1764bb8b\n|j|\u2606p0x176447bf\n|j|\u2606p0y1764bb8b\n|t:|1783559694\n|gametype|singles\n|player|p1|p0x176447bf|101|\n|player|p2|p0y1764bb8b|1|\n|gen|9\n|tier|[Gen 9] Random Battle\n|rule|Species Clause: Limit one of each Pok\u00e9mon\n|rule|HP Percentage Mod: HP is shown in percentages\n|rule|Sleep Clause Mod: Limit one foe put to sleep\n|rule|Illusion Level Mod: Illusion disguises the Pok\u00e9mon's true level\n|\n|t:|1783559694\n|teamsize|p1|6\n|teamsize|p2|6\n|start\n|switch|p1a: Golduck|Golduck, L90, M|290/290\n|switch|p2a: Latios|Latios, L78, M|100/100\n|-ability|p1a: Golduck|Cloud Nine\n|turn|1\n|inactive|Battle timer is ON: inactive players will automatically lose when time's up. (requested by p0y1764bb8b)\n|inactive|Time left: 300 sec this turn | 300 sec total | 60 sec grace\n|inactive|p0x176447bf also wants the timer to be on.\n|\n|t:|1783559696\n|move|p2a: Latios|Calm Mind|p2a: Latios\n|-boost|p2a: Latios|spa|1\n|-boost|p2a: Latios|spd|1\n|move|p1a: Golduck|Ice Beam|p2a: Latios\n|-supereffective|p2a: Latios\n|-damage|p2a: Latios|66/100\n|\n|upkeep\n|turn|2\n|inactive|Time left: 300 sec this turn | 300 sec total\n|\n|t:|1783559697\n|move|p2a: Latios|Psyshock|p1a: Golduck\n|-damage|p1a: Golduck|125/290\n|move|p1a: Golduck|Nasty Plot|p1a: Golduck\n|-boost|p1a: Golduck|spa|2\n|\n|-heal|p1a: Golduck|143/290|[from] item: Leftovers\n|upkeep\n|turn|3\n|inactive|Time left: 300 sec this turn | 300 sec total\n|\n|t:|1783559698\n|switch|p1a: Abomasnow|Abomasnow, L84, F|287/287\n|-weather|Snowscape|[from] ability: Snow Warning|[of] p1a: Abomasnow\n|move|p2a: Latios|Psyshock|p1a: Abomasnow\n|-damage|p1a: Abomasnow|160/287\n|\n|-weather|Snowscape|[upkeep]\n|upkeep\n|turn|4\n|inactive|Time left: 300 sec this turn | 300 sec total\n|\n|t:|1783559700\n|move|p2a: Latios|Draco Meteor|p1a: Abomasnow\n|-damage|p1a: Abomasnow|0 fnt\n|-unboost|p2a: Latios|spa|2\n|faint|p1a: Abomasnow\n|\n|-weather|Snowscape|[upkeep]\n|upkeep\n|inactive|Time left: 300 sec this turn | 300 sec total | 5 sec grace\n|\n|t:|1783559700\n|switch|p1a: Rhyperior|Rhyperior, L82, M|323/323\n|turn|5\n|inactive|Time left: 300 sec this turn | 300 sec total\n|\n|t:|1783559702\n|move|p2a: Latios|Calm Mind|p2a: Latios\n|-boost|p2a: Latios|spa|1\n|-boost|p2a: Latios|spd|1\n|move|p1a: Rhyperior|Megahorn|p2a: Latios\n|-supereffective|p2a: Latios\n|-damage|p2a: Latios|0 fnt\n|faint|p2a: Latios\n|\n|-weather|Snowscape|[upkeep]\n|upkeep\n|\n|t:|1783559703\n|switch|p2a: Exeggutor|Exeggutor-Alola, L89, M|100/100\n|turn|6\n|inactive|Time left: 300 sec this turn | 300 sec total\n|\n|t:|1783559704\n|move|p2a: Exeggutor|Giga Drain|p1a: Rhyperior\n|-supereffective|p1a: Rhyperior\n|-damage|p1a: Rhyperior|0 fnt\n|faint|p1a: Rhyperior\n|\n|-weather|Snowscape|[upkeep]\n|upkeep\n|inactive|Time left: 300 sec this turn | 300 sec total | 5 sec grace\n|\n|t:|1783559705\n|switch|p1a: Iron Bundle|Iron Bundle, L78|215/215\n|turn|7\n|inactive|Time left: 300 sec this turn | 300 sec total\n|\n|t:|1783559706\n|-terastallize|p2a: Exeggutor|Steel\n|move|p1a: Iron Bundle|Freeze-Dry|p2a: Exeggutor\n|-resisted|p2a: Exeggutor\n|-damage|p2a: Exeggutor|88/100\n|move|p2a: Exeggutor|Giga Drain|p1a: Iron Bundle\n|-supereffective|p1a: Iron Bundle\n|-damage|p1a: Iron Bundle|0 fnt\n|-heal|p2a: Exeggutor|100/100|[from] drain|[of] p1a: Iron Bundle\n|faint|p1a: Iron Bundle\n|-end|p1a: Iron Bundle|Quark Drive|[silent]\n|\n|-weather|none\n|upkeep\n|inactive|Time left: 300 sec this turn | 300 sec total | 5 sec grace\n|\n|t:|1783559707\n|switch|p1a: Zamazenta|Zamazenta, L71|248/248\n|-ability|p1a: Zamazenta|Dauntless Shield|boost\n|-boost|p1a: Zamazenta|def|1\n|turn|8\n|inactive|Time left: 300 sec this turn | 300 sec total\n|\n|t:|1783559707\n|switch|p2a: Toxtricity|Toxtricity, L82, M|100/100\n|move|p1a: Zamazenta|Close Combat|p2a: Toxtricity\n|-resisted|p2a: Toxtricity\n|-damage|p2a: Toxtricity|64/100\n|-unboost|p1a: Zamazenta|def|1\n|-unboost|p1a: Zamazenta|spd|1\n|\n|upkeep\n|turn|9\n|inactive|Time left: 300 sec this turn | 300 sec total\n|\n|t:|1783559708\n|move|p1a: Zamazenta|Close Combat|p2a: Toxtricity\n|-resisted|p2a: Toxtricity\n|-damage|p2a: Toxtricity|26/100\n|-unboost|p1a: Zamazenta|def|1\n|-unboost|p1a: Zamazenta|spd|1\n|move|p2a: Toxtricity|Boomburst|p1a: Zamazenta\n|-damage|p1a: Zamazenta|0 fnt\n|faint|p1a: Zamazenta\n|-enditem|p2a: Toxtricity|Throat Spray\n|-boost|p2a: Toxtricity|spa|1|[from] item: Throat Spray\n|\n|upkeep\n|inactive|Time left: 300 sec this turn | 300 sec total | 5 sec grace\n|\n|t:|1783559709\n|switch|p1a: Golduck|Golduck, L90, M|143/290\n|-ability|p1a: Golduck|Cloud Nine\n|turn|10\n|inactive|Time left: 300 sec this turn | 300 sec total\n|\n|t:|1783559710\n|switch|p2a: Exeggutor|Exeggutor-Alola, L89, M, tera:Steel|100/100\n|move|p1a: Golduck|Hydro Pump|p2a: Exeggutor\n|-damage|p2a: Exeggutor|56/100\n|\n|-heal|p1a: Golduck|161/290|[from] item: Leftovers\n|upkeep\n|turn|11\n|inactive|Time left: 300 sec this turn | 300 sec total\n|\n|t:|1783559711\n|-terastallize|p1a: Golduck|Water\n|move|p1a: Golduck|Hydro Pump|p2a: Exeggutor\n|-damage|p2a: Exeggutor|0 fnt\n|faint|p2a: Exeggutor\n|\n|-heal|p1a: Golduck|179/290|[from] item: Leftovers\n|upkeep\n|\n|t:|1783559712\n|switch|p2a: Oinkologne|Oinkologne-F, L92, F|100/100\n|turn|12\n|inactive|Time left: 300 sec this turn | 300 sec total\n|\n|t:|1783559713\n|move|p1a: Golduck|Nasty Plot|p1a: Golduck\n|-boost|p1a: Golduck|spa|2\n|move|p2a: Oinkologne|Body Slam|p1a: Golduck\n|-damage|p1a: Golduck|80/290\n|\n|-heal|p1a: Golduck|98/290|[from] item: Leftovers\n|upkeep\n|turn|13\n|inactive|Time left: 300 sec this turn | 300 sec total\n|\n|t:|1783559714\n|move|p1a: Golduck|Hydro Pump|p2a: Oinkologne\n|-damage|p2a: Oinkologne|19/100\n|move|p2a: Oinkologne|Body Slam|p1a: Golduck\n|-damage|p1a: Golduck|1/290\n|\n|-heal|p1a: Golduck|19/290|[from] item: Leftovers\n|-heal|p2a: Oinkologne|25/100|[from] item: Leftovers\n|upkeep\n|turn|14\n|inactive|Time left: 300 sec this turn | 300 sec total\n|\n|t:|1783559715\n|move|p1a: Golduck|Grass Knot|p2a: Oinkologne\n|-damage|p2a: Oinkologne|0 fnt\n|faint|p2a: Oinkologne\n|\n|-heal|p1a: Golduck|37/290|[from] item: Leftovers\n|upkeep\n|\n|t:|1783559716\n|switch|p2a: Wo-Chien|Wo-Chien, L83|100/100\n|-ability|p2a: Wo-Chien|Tablets of Ruin\n|turn|15\n|inactive|Time left: 300 sec this turn | 300 sec total\n|\n|t:|1783559717\n|move|p1a: Golduck|Ice Beam|p2a: Wo-Chien\n|-supereffective|p2a: Wo-Chien\n|-damage|p2a: Wo-Chien|23/100\n|move|p2a: Wo-Chien|Knock Off|p1a: Golduck\n|-damage|p1a: Golduck|0 fnt\n|-enditem|p1a: Golduck|Leftovers|[from] move: Knock Off|[of] p2a: Wo-Chien\n|faint|p1a: Golduck\n|\n|-heal|p2a: Wo-Chien|29/100|[from] item: Leftovers\n|upkeep\n|inactive|Time left: 300 sec this turn | 300 sec total | 5 sec grace\n|\n|t:|1783559718\n|switch|p1a: Torkoal|Torkoal, L88, M|266/266\n|-weather|SunnyDay|[from] ability: Drought|[of] p1a: Torkoal\n|turn|16\n|inactive|Time left: 300 sec this turn | 300 sec total\n|\n|t:|1783559719\n|move|p2a: Wo-Chien|Leech Seed|p1a: Torkoal\n|-start|p1a: Torkoal|move: Leech Seed\n|move|p1a: Torkoal|Rapid Spin|p2a: Wo-Chien\n|-damage|p2a: Wo-Chien|20/100\n|-boost|p1a: Torkoal|spe|1\n|-end|p1a: Torkoal|Leech Seed|[from] move: Rapid Spin|[of] p1a: Torkoal\n|\n|-weather|SunnyDay|[upkeep]\n|-heal|p2a: Wo-Chien|26/100|[from] item: Leftovers\n|upkeep\n|turn|17\n|inactive|Time left: 300 sec this turn | 300 sec total\n|\n|t:|1783559720\n|move|p2a: Wo-Chien|Leech Seed|p1a: Torkoal\n|-start|p1a: Torkoal|move: Leech Seed\n|move|p1a: Torkoal|Rapid Spin|p2a: Wo-Chien\n|-damage|p2a: Wo-Chien|17/100\n|-boost|p1a: Torkoal|spe|1\n|-end|p1a: Torkoal|Leech Seed|[from] move: Rapid Spin|[of] p1a: Torkoal\n|\n|-weather|SunnyDay|[upkeep]\n|-heal|p2a: Wo-Chien|23/100|[from] item: Leftovers\n|upkeep\n|turn|18\n|inactive|Time left: 300 sec this turn | 300 sec total\n|\n|t:|1783559722\n|move|p1a: Torkoal|Lava Plume|p2a: Wo-Chien\n|-supereffective|p2a: Wo-Chien\n|-damage|p2a: Wo-Chien|0 fnt\n|faint|p2a: Wo-Chien\n|\n|-weather|SunnyDay|[upkeep]\n|upkeep\n|\n|t:|1783559722\n|switch|p2a: Necrozma|Necrozma-Dawn-Wings, L76|100/100\n|turn|19\n|inactive|Time left: 300 sec this turn | 300 sec total\n|\n|t:|1783559723\n|move|p1a: Torkoal|Lava Plume|p2a: Necrozma\n|-damage|p2a: Necrozma|64/100\n|-status|p2a: Necrozma|brn\n|move|p2a: Necrozma|Photon Geyser|p1a: Torkoal\n|-damage|p1a: Torkoal|67/266\n|-damage|p2a: Necrozma|54/100 brn|[from] item: Life Orb\n|\n|-weather|SunnyDay|[upkeep]\n|-damage|p2a: Necrozma|48/100 brn|[from] brn\n|upkeep\n|turn|20\n|inactive|Time left: 300 sec this turn | 300 sec total\n|\n|t:|1783559724\n|move|p1a: Torkoal|Lava Plume|p2a: Necrozma\n|-damage|p2a: Necrozma|8/100 brn\n|move|p2a: Necrozma|Moongeist Beam|p1a: Torkoal\n|-damage|p1a: Torkoal|0 fnt\n|faint|p1a: Torkoal\n|-damage|p2a: Necrozma|0 fnt|[from] item: Life Orb\n|faint|p2a: Necrozma\n|\n|win|p0y1764bb8b", "uploadtime": 1783559724, "views": 0, "rating": 0, "private": 0, "password": null, "_winner": "p0y1764bb8b", "_our_name": "p0x176447bf"}