{"id": "battle-gen9randombattle-1068", "formatid": "gen9randombattle", "format": "[Gen 9] Random Battle", "players": ["p0x10685952", "p0y10684ef2"], "log": "|init|battle\n|title|p0x10685952 vs. p0y10684ef2\n|j|\u2606p0x10685952\n|j|\u2606p0y10684ef2\n|t:|1783552284\n|gametype|singles\n|player|p1|p0x10685952|102|\n|player|p2|p0y10684ef2|102|\n|gen|9\n|tier|[Gen 9] Random Battle\n|rule|Species Clause: Limit one of each Pok\u00e9mon\n|rule|HP Percentage Mod: HP is shown in percentages\n|rule|Sleep Clause Mod: Limit one foe put to sleep\n|rule|Illusion Level Mod: Illusion disguises the Pok\u00e9mon's true level\n|\n|t:|1783552284\n|teamsize|p1|6\n|teamsize|p2|6\n|start\n|switch|p1a: Duraludon|Duraludon, L82, M|100/100\n|switch|p2a: Dewgong|Dewgong, L94, F|322/322\n|turn|1\n|inactive|Battle timer is ON: inactive players will automatically lose when time's up. (requested by p0x10685952)\n|inactive|Time left: 300 sec this turn | 300 sec total | 60 sec grace\n|inactive|p0y10684ef2 also wants the timer to be on.\n|\n|t:|1783552286\n|move|p1a: Duraludon|Body Press|p2a: Dewgong\n|-supereffective|p2a: Dewgong\n|-damage|p2a: Dewgong|200/322\n|move|p2a: Dewgong|Ice Beam|p1a: Duraludon\n|-damage|p1a: Duraludon|61/100\n|\n|upkeep\n|turn|2\n|inactive|Time left: 300 sec this turn | 300 sec total\n|\n|t:|1783552287\n|move|p1a: Duraludon|Body Press|p2a: Dewgong\n|-supereffective|p2a: Dewgong\n|-damage|p2a: Dewgong|80/322\n|move|p2a: Dewgong|Ice Beam|p1a: Duraludon\n|-damage|p1a: Duraludon|23/100\n|\n|upkeep\n|turn|3\n|inactive|Time left: 300 sec this turn | 300 sec total\n|\n|t:|1783552288\n|move|p1a: Duraludon|Flash Cannon|p2a: Dewgong\n|-damage|p2a: Dewgong|26/322\n|move|p2a: Dewgong|Ice Beam|p1a: Duraludon\n|-damage|p1a: Duraludon|0 fnt\n|faint|p1a: Duraludon\n|\n|upkeep\n|\n|t:|1783552289\n|switch|p1a: Vikavolt|Vikavolt, L83, F|100/100\n|turn|4\n|inactive|Time left: 300 sec this turn | 300 sec total\n|\n|t:|1783552290\n|move|p2a: Dewgong|Ice Beam|p1a: Vikavolt\n|-damage|p1a: Vikavolt|59/100\n|move|p1a: Vikavolt|Sticky Web|p2a: Dewgong\n|-sidestart|p2: p0y10684ef2|move: Sticky Web\n|\n|upkeep\n|turn|5\n|inactive|Time left: 300 sec this turn | 300 sec total\n|\n|t:|1783552291\n|move|p2a: Dewgong|Ice Beam|p1a: Vikavolt\n|-damage|p1a: Vikavolt|20/100\n|move|p1a: Vikavolt|Thunderbolt|p2a: Dewgong\n|-supereffective|p2a: Dewgong\n|-damage|p2a: Dewgong|0 fnt\n|faint|p2a: Dewgong\n|\n|upkeep\n|inactive|Time left: 300 sec this turn | 300 sec total | 5 sec grace\n|\n|t:|1783552292\n|switch|p2a: Raikou|Raikou, L81|278/278\n|-ability|p2a: Raikou|Pressure\n|turn|6\n|inactive|Time left: 300 sec this turn | 300 sec total\n|\n|t:|1783552292\n|switch|p1a: Spiritomb|Spiritomb, L89, M|100/100\n|move|p2a: Raikou|Thunderbolt|p1a: Spiritomb\n|-damage|p1a: Spiritomb|66/100\n|\n|upkeep\n|turn|7\n|inactive|Time left: 300 sec this turn | 300 sec total\n|\n|t:|1783552293\n|move|p2a: Raikou|Scald|p1a: Spiritomb\n|-damage|p1a: Spiritomb|47/100\n|-status|p1a: Spiritomb|brn\n|move|p1a: Spiritomb|Poltergeist|p2a: Raikou\n|-activate|p2a: Raikou|move: Poltergeist|Heavy-Duty Boots\n|-damage|p2a: Raikou|167/278\n|\n|-damage|p1a: Spiritomb|41/100 brn|[from] brn\n|upkeep\n|turn|8\n|inactive|Time left: 300 sec this turn | 300 sec total\n|\n|t:|1783552294\n|move|p2a: Raikou|Thunderbolt|p1a: Spiritomb\n|-damage|p1a: Spiritomb|6/100 brn\n|move|p1a: Spiritomb|Poltergeist|p2a: Raikou\n|-activate|p2a: Raikou|move: Poltergeist|Heavy-Duty Boots\n|-damage|p2a: Raikou|67/278\n|\n|-damage|p1a: Spiritomb|0 fnt|[from] brn\n|faint|p1a: Spiritomb\n|upkeep\n|\n|t:|1783552295\n|switch|p1a: Magearna|Magearna, L77|100/100\n|turn|9\n|inactive|Time left: 300 sec this turn | 300 sec total\n|\n|t:|1783552296\n|move|p2a: Raikou|Thunderbolt|p1a: Magearna\n|-damage|p1a: Magearna|64/100\n|move|p1a: Magearna|Shift Gear|p1a: Magearna\n|-boost|p1a: Magearna|spe|2\n|-boost|p1a: Magearna|atk|1\n|\n|-heal|p1a: Magearna|70/100|[from] item: Leftovers\n|upkeep\n|turn|10\n|inactive|Time left: 300 sec this turn | 300 sec total\n|\n|t:|1783552297\n|switch|p2a: Dugtrio|Dugtrio-Alola, L84, M|196/196\n|-activate|p2a: Dugtrio|move: Sticky Web\n|-unboost|p2a: Dugtrio|spe|1\n|move|p1a: Magearna|Calm Mind|p1a: Magearna\n|-boost|p1a: Magearna|spa|1\n|-boost|p1a: Magearna|spd|1\n|\n|-heal|p1a: Magearna|76/100|[from] item: Leftovers\n|upkeep\n|turn|11\n|inactive|Time left: 300 sec this turn | 300 sec total\n|\n|t:|1783552298\n|move|p1a: Magearna|Flash Cannon|p2a: Dugtrio\n|-resisted|p2a: Dugtrio\n|-damage|p2a: Dugtrio|115/196\n|move|p2a: Dugtrio|Earthquake|p1a: Magearna\n|-supereffective|p1a: Magearna\n|-damage|p1a: Magearna|0 fnt\n|faint|p1a: Magearna\n|-damage|p2a: Dugtrio|96/196|[from] item: Life Orb\n|\n|upkeep\n|\n|t:|1783552299\n|switch|p1a: Vivillon|Vivillon-River, L83, M|100/100\n|turn|12\n|inactive|Time left: 300 sec this turn | 300 sec total\n|\n|t:|1783552300\n|move|p1a: Vivillon|Sleep Powder|p2a: Dugtrio\n|-status|p2a: Dugtrio|slp|[from] move: Sleep Powder\n|cant|p2a: Dugtrio|slp\n|\n|upkeep\n|turn|13\n|inactive|Time left: 300 sec this turn | 300 sec total\n|\n|t:|1783552301\n|move|p1a: Vivillon|Quiver Dance|p1a: Vivillon\n|-boost|p1a: Vivillon|spa|1\n|-boost|p1a: Vivillon|spd|1\n|-boost|p1a: Vivillon|spe|1\n|cant|p2a: Dugtrio|slp\n|\n|upkeep\n|turn|14\n|inactive|Time left: 300 sec this turn | 300 sec total\n|\n|t:|1783552302\n|move|p1a: Vivillon|Quiver Dance|p1a: Vivillon\n|-boost|p1a: Vivillon|spa|1\n|-boost|p1a: Vivillon|spd|1\n|-boost|p1a: Vivillon|spe|1\n|-curestatus|p2a: Dugtrio|slp|[msg]\n|move|p2a: Dugtrio|Stone Edge|p1a: Vivillon\n|-supereffective|p1a: Vivillon\n|-damage|p1a: Vivillon|0 fnt\n|faint|p1a: Vivillon\n|-damage|p2a: Dugtrio|77/196|[from] item: Life Orb\n|\n|upkeep\n|\n|t:|1783552303\n|switch|p1a: Iron Thorns|Iron Thorns, L83|100/100\n|turn|15\n|inactive|Time left: 300 sec this turn | 300 sec total\n|\n|t:|1783552304\n|-end|p1a: Iron Thorns|Quark Drive|[silent]\n|switch|p1a: Vikavolt|Vikavolt, L83, F|20/100\n|move|p2a: Dugtrio|Earthquake|p1a: Vikavolt\n|-immune|p1a: Vikavolt|[from] ability: Levitate\n|\n|upkeep\n|turn|16\n|inactive|Time left: 300 sec this turn | 300 sec total\n|\n|t:|1783552305\n|move|p2a: Dugtrio|Stone Edge|p1a: Vikavolt\n|-supereffective|p1a: Vikavolt\n|-damage|p1a: Vikavolt|0 fnt\n|faint|p1a: Vikavolt\n|-damage|p2a: Dugtrio|58/196|[from] item: Life Orb\n|\n|upkeep\n|\n|t:|1783552306\n|switch|p1a: Iron Thorns|Iron Thorns, L83|100/100\n|turn|17\n|inactive|Time left: 300 sec this turn | 300 sec total\n|\n|t:|1783552307\n|-terastallize|p1a: Iron Thorns|Water\n|move|p1a: Iron Thorns|Spikes|p2a: Dugtrio\n|-sidestart|p2: p0y10684ef2|Spikes\n|move|p2a: Dugtrio|Earthquake|p1a: Iron Thorns\n|-damage|p1a: Iron Thorns|63/100\n|-damage|p2a: Dugtrio|39/196|[from] item: Life Orb\n|\n|upkeep\n|turn|18\n|inactive|Time left: 300 sec this turn | 300 sec total\n|\n|t:|1783552308\n|move|p1a: Iron Thorns|Stone Edge|p2a: Dugtrio\n|-resisted|p2a: Dugtrio\n|-damage|p2a: Dugtrio|0 fnt\n|faint|p2a: Dugtrio\n|\n|upkeep\n|inactive|Time left: 300 sec this turn | 300 sec total | 5 sec grace\n|\n|t:|1783552309\n|switch|p2a: Raikou|Raikou, L81|67/278\n|-ability|p2a: Raikou|Pressure\n|turn|19\n|inactive|Time left: 300 sec this turn | 300 sec total\n|\n|t:|1783552310\n|move|p2a: Raikou|Thunderbolt|p1a: Iron Thorns\n|-supereffective|p1a: Iron Thorns\n|-damage|p1a: Iron Thorns|0 fnt\n|faint|p1a: Iron Thorns\n|-end|p1a: Iron Thorns|Quark Drive|[silent]\n|\n|win|p0y10684ef2", "uploadtime": 1783552310, "views": 0, "rating": 0, "private": 0, "password": null, "_winner": "p0y10684ef2", "_our_name": "p0y10684ef2"}