{"id": "battle-gen9randombattle-3", "formatid": "gen9randombattle", "format": "[Gen 9] Random Battle", "players": ["p0x0038375", "p0y00303af"], "log": "|init|battle\n|title|p0x0038375 vs. p0y00303af\n|j|\u2606p0x0038375\n|j|\u2606p0y00303af\n|t:|1783539459\n|gametype|singles\n|player|p1|p0x0038375|102|\n|player|p2|p0y00303af|266|\n|gen|9\n|tier|[Gen 9] Random Battle\n|rule|Species Clause: Limit one of each Pok\u00e9mon\n|rule|HP Percentage Mod: HP is shown in percentages\n|rule|Sleep Clause Mod: Limit one foe put to sleep\n|rule|Illusion Level Mod: Illusion disguises the Pok\u00e9mon's true level\n|\n|t:|1783539459\n|teamsize|p1|6\n|teamsize|p2|6\n|start\n|switch|p1a: Haxorus|Haxorus, L77, M|100/100\n|switch|p2a: Hitmonchan|Hitmonchan, L87, M|229/229\n|-ability|p1a: Haxorus|Mold Breaker\n|turn|1\n|inactive|Battle timer is ON: inactive players will automatically lose when time's up. (requested by p0y00303af)\n|inactive|p0x0038375 also wants the timer to be on.\n|\n|t:|1783539461\n|move|p1a: Haxorus|Swords Dance|p1a: Haxorus\n|-boost|p1a: Haxorus|atk|2\n|move|p2a: Hitmonchan|Drain Punch|p1a: Haxorus\n|-damage|p1a: Haxorus|55/100\n|\n|upkeep\n|turn|2\n|inactive|Time left: 300 sec this turn | 300 sec total\n|\n|t:|1783539462\n|-terastallize|p2a: Hitmonchan|Steel\n|move|p1a: Haxorus|Scale Shot|p2a: Hitmonchan\n|-resisted|p2a: Hitmonchan\n|-damage|p2a: Hitmonchan|196/229\n|-resisted|p2a: Hitmonchan\n|-damage|p2a: Hitmonchan|163/229\n|-resisted|p2a: Hitmonchan\n|-damage|p2a: Hitmonchan|128/229\n|-resisted|p2a: Hitmonchan\n|-crit|p2a: Hitmonchan\n|-damage|p2a: Hitmonchan|76/229\n|-resisted|p2a: Hitmonchan\n|-damage|p2a: Hitmonchan|40/229\n|-hitcount|p2a: Hitmonchan|5\n|-unboost|p1a: Haxorus|def|1\n|-boost|p1a: Haxorus|spe|1\n|move|p2a: Hitmonchan|Drain Punch|p1a: Haxorus\n|-damage|p1a: Haxorus|0 fnt\n|-heal|p2a: Hitmonchan|106/229|[from] drain|[of] p1a: Haxorus\n|faint|p1a: Haxorus\n|\n|-heal|p2a: Hitmonchan|120/229|[from] item: Leftovers\n|upkeep\n|\n|t:|1783539463\n|switch|p1a: Enamorus|Enamorus-Therian, L83, F|100/100\n|turn|3\n|inactive|Time left: 300 sec this turn | 300 sec total\n|\n|t:|1783539464\n|switch|p2a: Gogoat|Gogoat, L88, M|360/360\n|move|p1a: Enamorus|Earth Power|p2a: Gogoat\n|-resisted|p2a: Gogoat\n|-damage|p2a: Gogoat|319/360\n|\n|-heal|p2a: Gogoat|341/360|[from] item: Leftovers\n|upkeep\n|turn|4\n|inactive|Time left: 300 sec this turn | 300 sec total\n|\n|t:|1783539465\n|move|p2a: Gogoat|Bulk Up|p2a: Gogoat\n|-boost|p2a: Gogoat|atk|1\n|-boost|p2a: Gogoat|def|1\n|move|p1a: Enamorus|Mystical Fire|p2a: Gogoat\n|-supereffective|p2a: Gogoat\n|-damage|p2a: Gogoat|191/360\n|-unboost|p2a: Gogoat|spa|1\n|\n|-heal|p2a: Gogoat|213/360|[from] item: Leftovers\n|upkeep\n|turn|5\n|inactive|Time left: 300 sec this turn | 300 sec total\n|\n|t:|1783539466\n|move|p2a: Gogoat|Milk Drink|p2a: Gogoat\n|-heal|p2a: Gogoat|360/360\n|move|p1a: Enamorus|Moonblast|p2a: Gogoat\n|-damage|p2a: Gogoat|218/360\n|\n|-heal|p2a: Gogoat|240/360|[from] item: Leftovers\n|upkeep\n|turn|6\n|inactive|Time left: 300 sec this turn | 300 sec total\n|\n|t:|1783539467\n|move|p2a: Gogoat|Horn Leech|p1a: Enamorus\n|-resisted|p1a: Enamorus\n|-damage|p1a: Enamorus|79/100\n|-heal|p2a: Gogoat|268/360|[from] drain|[of] p1a: Enamorus\n|move|p1a: Enamorus|Mystical Fire|p2a: Gogoat\n|-supereffective|p2a: Gogoat\n|-damage|p2a: Gogoat|128/360\n|-unboost|p2a: Gogoat|spa|1\n|\n|-heal|p2a: Gogoat|150/360|[from] item: Leftovers\n|upkeep\n|turn|7\n|inactive|Time left: 300 sec this turn | 300 sec total\n|\n|t:|1783539468\n|move|p2a: Gogoat|Milk Drink|p2a: Gogoat\n|-heal|p2a: Gogoat|330/360\n|move|p1a: Enamorus|Moonblast|p2a: Gogoat\n|-crit|p2a: Gogoat\n|-damage|p2a: Gogoat|144/360\n|\n|-heal|p2a: Gogoat|166/360|[from] item: Leftovers\n|upkeep\n|turn|8\n|inactive|Time left: 300 sec this turn | 300 sec total\n|\n|t:|1783539469\n|move|p2a: Gogoat|Milk Drink|p2a: Gogoat\n|-heal|p2a: Gogoat|346/360\n|move|p1a: Enamorus|Agility|p1a: Enamorus\n|-boost|p1a: Enamorus|spe|2\n|\n|-heal|p2a: Gogoat|360/360|[from] item: Leftovers\n|upkeep\n|turn|9\n|inactive|Time left: 300 sec this turn | 300 sec total\n|\n|t:|1783539470\n|move|p1a: Enamorus|Mystical Fire|p2a: Gogoat\n|-supereffective|p2a: Gogoat\n|-damage|p2a: Gogoat|212/360\n|-unboost|p2a: Gogoat|spa|1\n|move|p2a: Gogoat|Horn Leech|p1a: Enamorus\n|-resisted|p1a: Enamorus\n|-damage|p1a: Enamorus|57/100\n|-heal|p2a: Gogoat|241/360|[from] drain|[of] p1a: Enamorus\n|\n|-heal|p2a: Gogoat|263/360|[from] item: Leftovers\n|upkeep\n|turn|10\n|inactive|Time left: 300 sec this turn | 300 sec total\n|\n|t:|1783539471\n|move|p1a: Enamorus|Mystical Fire|p2a: Gogoat\n|-supereffective|p2a: Gogoat\n|-damage|p2a: Gogoat|113/360\n|-unboost|p2a: Gogoat|spa|1\n|move|p2a: Gogoat|Horn Leech|p1a: Enamorus\n|-resisted|p1a: Enamorus\n|-damage|p1a: Enamorus|36/100\n|-heal|p2a: Gogoat|140/360|[from] drain|[of] p1a: Enamorus\n|\n|-heal|p2a: Gogoat|162/360|[from] item: Leftovers\n|upkeep\n|turn|11\n|inactive|Time left: 300 sec this turn | 300 sec total\n|\n|t:|1783539472\n|move|p1a: Enamorus|Moonblast|p2a: Gogoat\n|-damage|p2a: Gogoat|26/360\n|-unboost|p2a: Gogoat|spa|1\n|move|p2a: Gogoat|Milk Drink|p2a: Gogoat\n|-heal|p2a: Gogoat|206/360\n|\n|-heal|p2a: Gogoat|228/360|[from] item: Leftovers\n|upkeep\n|turn|12\n|inactive|Time left: 300 sec this turn | 300 sec total\n|\n|t:|1783539473\n|move|p1a: Enamorus|Moonblast|p2a: Gogoat\n|-damage|p2a: Gogoat|102/360\n|-unboost|p2a: Gogoat|spa|1\n|move|p2a: Gogoat|Horn Leech|p1a: Enamorus\n|-resisted|p1a: Enamorus\n|-damage|p1a: Enamorus|14/100\n|-heal|p2a: Gogoat|131/360|[from] drain|[of] p1a: Enamorus\n|\n|-heal|p2a: Gogoat|153/360|[from] item: Leftovers\n|upkeep\n|turn|13\n|inactive|Time left: 300 sec this turn | 300 sec total\n|\n|t:|1783539474\n|move|p1a: Enamorus|Mystical Fire|p2a: Gogoat\n|-supereffective|p2a: Gogoat\n|-damage|p2a: Gogoat|19/360\n|move|p2a: Gogoat|Horn Leech|p1a: Enamorus\n|-resisted|p1a: Enamorus\n|-damage|p1a: Enamorus|0 fnt\n|-heal|p2a: Gogoat|37/360|[from] drain|[of] p1a: Enamorus\n|faint|p1a: Enamorus\n|\n|-heal|p2a: Gogoat|59/360|[from] item: Leftovers\n|upkeep\n|\n|t:|1783539475\n|switch|p1a: Revavroom|Revavroom, L79, F|100/100\n|turn|14\n|inactive|Time left: 300 sec this turn | 300 sec total\n|\n|t:|1783539477\n|move|p1a: Revavroom|Iron Head|p2a: Gogoat\n|-damage|p2a: Gogoat|0 fnt\n|faint|p2a: Gogoat\n|-damage|p1a: Revavroom|91/100|[from] item: Life Orb\n|\n|upkeep\n|inactive|Time left: 300 sec this turn | 300 sec total | 5 sec grace\n|\n|t:|1783539478\n|switch|p2a: Sceptile|Sceptile, L87, F|264/264\n|turn|15\n|inactive|Time left: 300 sec this turn | 300 sec total\n|\n|t:|1783539479\n|move|p2a: Sceptile|Earthquake|p1a: Revavroom\n|-supereffective|p1a: Revavroom\n|-damage|p1a: Revavroom|0 fnt\n|faint|p1a: Revavroom\n|-damage|p2a: Sceptile|238/264|[from] item: Life Orb\n|\n|upkeep\n|\n|t:|1783539480\n|switch|p1a: Mesprit|Mesprit, L85|100/100\n|turn|16\n|inactive|Time left: 300 sec this turn | 300 sec total\n|\n|t:|1783539481\n|move|p2a: Sceptile|Swords Dance|p2a: Sceptile\n|-boost|p2a: Sceptile|atk|2\n|move|p1a: Mesprit|U-turn|p2a: Sceptile\n|-supereffective|p2a: Sceptile\n|-damage|p2a: Sceptile|106/264\n|\n|t:|1783539482\n|switch|p1a: Blaziken|Blaziken, L76, M|100/100|[from] U-turn\n|\n|upkeep\n|turn|17\n|inactive|Time left: 300 sec this turn | 300 sec total\n|\n|t:|1783539484\n|switch|p1a: Mesprit|Mesprit, L85|100/100\n|move|p2a: Sceptile|Earthquake|p1a: Mesprit\n|-immune|p1a: Mesprit|[from] ability: Levitate\n|\n|upkeep\n|turn|18\n|inactive|Time left: 300 sec this turn | 300 sec total\n|\n|t:|1783539485\n|move|p2a: Sceptile|Leaf Blade|p1a: Mesprit\n|-crit|p1a: Mesprit\n|-damage|p1a: Mesprit|0 fnt\n|faint|p1a: Mesprit\n|-damage|p2a: Sceptile|80/264|[from] item: Life Orb\n|\n|upkeep\n|\n|t:|1783539486\n|switch|p1a: Dedenne|Dedenne, L88, M|100/100\n|turn|19\n|inactive|Time left: 300 sec this turn | 300 sec total\n|\n|t:|1783539487\n|-terastallize|p1a: Dedenne|Flying\n|move|p2a: Sceptile|Leaf Blade|p1a: Dedenne\n|-resisted|p1a: Dedenne\n|-damage|p1a: Dedenne|5/100\n|-enditem|p1a: Dedenne|Sitrus Berry|[eat]\n|-heal|p1a: Dedenne|30/100|[from] item: Sitrus Berry\n|-heal|p1a: Dedenne|63/100|[from] ability: Cheek Pouch\n|-damage|p2a: Sceptile|54/264|[from] item: Life Orb\n|move|p1a: Dedenne|Dazzling Gleam|p2a: Sceptile\n|-damage|p2a: Sceptile|0 fnt\n|faint|p2a: Sceptile\n|\n|upkeep\n|inactive|Time left: 300 sec this turn | 300 sec total | 5 sec grace\n|\n|t:|1783539489\n|switch|p2a: Flareon|Flareon, L90, M|263/263\n|turn|20\n|inactive|Time left: 300 sec this turn | 300 sec total\n|\n|t:|1783539490\n|move|p1a: Dedenne|Nuzzle|p2a: Flareon\n|-damage|p2a: Flareon|242/263\n|-status|p2a: Flareon|par\n|move|p2a: Flareon|Facade|p1a: Dedenne\n|-damage|p1a: Dedenne|0 fnt\n|faint|p1a: Dedenne\n|\n|upkeep\n|\n|t:|1783539491\n|switch|p1a: Blaziken|Blaziken, L76, M|100/100\n|turn|21\n|inactive|Time left: 300 sec this turn | 300 sec total\n|\n|t:|1783539492\n|move|p1a: Blaziken|Swords Dance|p1a: Blaziken\n|-boost|p1a: Blaziken|atk|2\n|move|p2a: Flareon|Facade|p1a: Blaziken\n|-damage|p1a: Blaziken|0 fnt\n|faint|p1a: Blaziken\n|\n|win|p0y00303af", "uploadtime": 1783539492, "views": 0, "rating": 0, "private": 0, "password": null, "_winner": "p0y00303af", "_our_name": "p0y00303af"}