{"id": "battle-gen9randombattle-704", "formatid": "gen9randombattle", "format": "[Gen 9] Random Battle", "players": ["p0x704a747", "p0y7043dea"], "log": "|init|battle\n|title|p0x704a747 vs. p0y7043dea\n|j|\u2606p0x704a747\n|j|\u2606p0y7043dea\n|t:|1783547294\n|gametype|singles\n|player|p1|p0x704a747|265|\n|player|p2|p0y7043dea|2|\n|gen|9\n|tier|[Gen 9] Random Battle\n|rule|Species Clause: Limit one of each Pok\u00e9mon\n|rule|HP Percentage Mod: HP is shown in percentages\n|rule|Sleep Clause Mod: Limit one foe put to sleep\n|rule|Illusion Level Mod: Illusion disguises the Pok\u00e9mon's true level\n|\n|t:|1783547294\n|teamsize|p1|6\n|teamsize|p2|6\n|start\n|switch|p1a: Basculin|Basculin, L86, M|100/100\n|switch|p2a: Beartic|Beartic, L91, F|321/321\n|turn|1\n|inactive|Battle timer is ON: inactive players will automatically lose when time's up. (requested by p0x704a747)\n|inactive|Time left: 300 sec this turn | 300 sec total | 60 sec grace\n|inactive|p0y7043dea also wants the timer to be on.\n|\n|t:|1783547296\n|move|p1a: Basculin|Wave Crash|p2a: Beartic\n|-crit|p2a: Beartic\n|-damage|p2a: Beartic|0 fnt\n|faint|p2a: Beartic\n|-damage|p1a: Basculin|60/100|[from] Recoil\n|\n|upkeep\n|inactive|Time left: 300 sec this turn | 300 sec total | 65 sec grace\n|\n|t:|1783547297\n|switch|p2a: Chien-Pao|Chien-Pao, L72|234/234\n|-ability|p2a: Chien-Pao|Sword of Ruin\n|turn|2\n|inactive|Time left: 300 sec this turn | 300 sec total\n|\n|t:|1783547298\n|move|p2a: Chien-Pao|Crunch|p1a: Basculin\n|-damage|p1a: Basculin|0 fnt\n|faint|p1a: Basculin\n|\n|upkeep\n|\n|t:|1783547299\n|switch|p1a: Masquerain|Masquerain, L87, F|100/100\n|-ability|p1a: Masquerain|Intimidate|boost\n|-unboost|p2a: Chien-Pao|atk|1\n|turn|3\n|inactive|Time left: 300 sec this turn | 300 sec total\n|\n|t:|1783547301\n|switch|p2a: Banette|Banette, L93, F|270/270\n|move|p1a: Masquerain|Quiver Dance|p1a: Masquerain\n|-boost|p1a: Masquerain|spa|1\n|-boost|p1a: Masquerain|spd|1\n|-boost|p1a: Masquerain|spe|1\n|\n|upkeep\n|turn|4\n|inactive|Time left: 300 sec this turn | 300 sec total\n|\n|t:|1783547302\n|move|p1a: Masquerain|Hurricane|p2a: Banette|[miss]\n|-miss|p1a: Masquerain|p2a: Banette\n|move|p2a: Banette|Poltergeist|p1a: Masquerain\n|-activate|p1a: Masquerain|move: Poltergeist|Heavy-Duty Boots\n|-damage|p1a: Masquerain|5/100\n|-damage|p2a: Banette|243/270|[from] item: Life Orb\n|\n|upkeep\n|turn|5\n|inactive|Time left: 300 sec this turn | 300 sec total\n|\n|t:|1783547303\n|move|p2a: Banette|Shadow Sneak|p1a: Masquerain\n|-damage|p1a: Masquerain|0 fnt\n|faint|p1a: Masquerain\n|-damage|p2a: Banette|216/270|[from] item: Life Orb\n|\n|upkeep\n|\n|t:|1783547304\n|switch|p1a: Zarude|Zarude-Dada, L77|100/100\n|turn|6\n|inactive|Time left: 300 sec this turn | 300 sec total\n|\n|t:|1783547305\n|switch|p2a: Seviper|Seviper, L93, M|287/287\n|move|p1a: Zarude|Knock Off|p2a: Seviper\n|-damage|p2a: Seviper|166/287\n|-enditem|p2a: Seviper|Leftovers|[from] move: Knock Off|[of] p1a: Zarude\n|\n|upkeep\n|turn|7\n|inactive|Time left: 300 sec this turn | 300 sec total\n|\n|t:|1783547306\n|move|p1a: Zarude|Knock Off|p2a: Seviper\n|-damage|p2a: Seviper|81/287\n|move|p2a: Seviper|Gunk Shot|p1a: Zarude\n|-supereffective|p1a: Zarude\n|-damage|p1a: Zarude|0 fnt\n|faint|p1a: Zarude\n|\n|upkeep\n|\n|t:|1783547307\n|switch|p1a: Altaria|Altaria, L89, F|100/100\n|turn|8\n|inactive|Time left: 300 sec this turn | 300 sec total\n|\n|t:|1783547308\n|switch|p2a: Chien-Pao|Chien-Pao, L72|234/234\n|-ability|p2a: Chien-Pao|Sword of Ruin\n|move|p1a: Altaria|Brave Bird|p2a: Chien-Pao\n|-crit|p2a: Chien-Pao\n|-damage|p2a: Chien-Pao|23/234\n|-damage|p1a: Altaria|75/100|[from] Recoil\n|\n|upkeep\n|turn|9\n|inactive|Time left: 300 sec this turn | 300 sec total\n|\n|t:|1783547309\n|switch|p1a: Comfey|Comfey, L85, M|100/100\n|move|p2a: Chien-Pao|Icicle Crash|p1a: Comfey\n|-crit|p1a: Comfey\n|-damage|p1a: Comfey|0 fnt\n|faint|p1a: Comfey\n|\n|upkeep\n|\n|t:|1783547310\n|switch|p1a: Altaria|Altaria, L89, F|75/100\n|turn|10\n|inactive|Time left: 300 sec this turn | 300 sec total\n|\n|t:|1783547311\n|-terastallize|p1a: Altaria|Steel\n|move|p2a: Chien-Pao|Icicle Crash|p1a: Altaria\n|-resisted|p1a: Altaria\n|-damage|p1a: Altaria|50/100\n|move|p1a: Altaria|Brave Bird|p2a: Chien-Pao\n|-damage|p2a: Chien-Pao|0 fnt\n|faint|p2a: Chien-Pao\n|-damage|p1a: Altaria|47/100|[from] Recoil\n|\n|upkeep\n|inactive|Time left: 300 sec this turn | 300 sec total | 5 sec grace\n|\n|t:|1783547311\n|switch|p2a: Banette|Banette, L93, F|216/270\n|turn|11\n|inactive|Time left: 300 sec this turn | 300 sec total\n|\n|t:|1783547312\n|move|p1a: Altaria|Will-O-Wisp|p2a: Banette|[miss]\n|-miss|p1a: Altaria|p2a: Banette\n|move|p2a: Banette|Swords Dance|p2a: Banette\n|-boost|p2a: Banette|atk|2\n|\n|upkeep\n|turn|12\n|inactive|Time left: 300 sec this turn | 300 sec total\n|\n|t:|1783547313\n|switch|p1a: Dedenne|Dedenne, L88, M|100/100\n|move|p2a: Banette|Shadow Sneak|p1a: Dedenne\n|-damage|p1a: Dedenne|24/100\n|-enditem|p1a: Dedenne|Sitrus Berry|[eat]\n|-heal|p1a: Dedenne|49/100|[from] item: Sitrus Berry\n|-heal|p1a: Dedenne|82/100|[from] ability: Cheek Pouch\n|-damage|p2a: Banette|189/270|[from] item: Life Orb\n|\n|upkeep\n|turn|13\n|inactive|Time left: 300 sec this turn | 300 sec total\n|\n|t:|1783547314\n|-terastallize|p2a: Banette|Ghost\n|move|p2a: Banette|Shadow Sneak|p1a: Dedenne\n|-damage|p1a: Dedenne|0 fnt\n|faint|p1a: Dedenne\n|-damage|p2a: Banette|162/270|[from] item: Life Orb\n|\n|upkeep\n|\n|t:|1783547314\n|switch|p1a: Altaria|Altaria, L89, F, tera:Steel|47/100\n|turn|14\n|inactive|Time left: 300 sec this turn | 300 sec total\n|\n|t:|1783547315\n|move|p2a: Banette|Shadow Sneak|p1a: Altaria\n|-damage|p1a: Altaria|0 fnt\n|faint|p1a: Altaria\n|-damage|p2a: Banette|135/270|[from] item: Life Orb\n|\n|win|p0y7043dea", "uploadtime": 1783547315, "views": 0, "rating": 0, "private": 0, "password": null, "_winner": "p0y7043dea", "_our_name": "p0y7043dea"}