{"id": "battle-gen9randombattle-1194", "formatid": "gen9randombattle", "format": "[Gen 9] Random Battle", "players": ["p0x11946ccb", "p0y1194caf8"], "log": "|init|battle\n|title|p0x11946ccb vs. p0y1194caf8\n|j|\u2606p0x11946ccb\n|j|\u2606p0y1194caf8\n|t:|1783552948\n|gametype|singles\n|player|p1|p0x11946ccb|266|\n|player|p2|p0y1194caf8|266|\n|gen|9\n|tier|[Gen 9] Random Battle\n|rule|Species Clause: Limit one of each Pok\u00e9mon\n|rule|HP Percentage Mod: HP is shown in percentages\n|rule|Sleep Clause Mod: Limit one foe put to sleep\n|rule|Illusion Level Mod: Illusion disguises the Pok\u00e9mon's true level\n|\n|t:|1783552948\n|teamsize|p1|6\n|teamsize|p2|6\n|start\n|switch|p1a: Solgaleo|Solgaleo, L74|100/100\n|switch|p2a: Stonjourner|Stonjourner, L91, F|330/330\n|turn|1\n|inactive|Battle timer is ON: inactive players will automatically lose when time's up. (requested by p0x11946ccb)\n|inactive|Time left: 300 sec this turn | 300 sec total | 60 sec grace\n|inactive|p0y1194caf8 also wants the timer to be on.\n|\n|t:|1783552950\n|move|p1a: Solgaleo|Sunsteel Strike|p2a: Stonjourner\n|-supereffective|p2a: Stonjourner\n|-damage|p2a: Stonjourner|172/330\n|move|p2a: Stonjourner|Earthquake|p1a: Solgaleo\n|-supereffective|p1a: Solgaleo\n|-damage|p1a: Solgaleo|21/100\n|-damage|p2a: Stonjourner|139/330|[from] item: Life Orb\n|\n|upkeep\n|turn|2\n|inactive|Time left: 300 sec this turn | 300 sec total\n|\n|t:|1783552951\n|switch|p2a: Inteleon|Inteleon, L81, F|246/246\n|move|p1a: Solgaleo|Sunsteel Strike|p2a: Inteleon\n|-resisted|p2a: Inteleon\n|-damage|p2a: Inteleon|175/246\n|\n|upkeep\n|turn|3\n|inactive|Time left: 300 sec this turn | 300 sec total\n|\n|t:|1783552952\n|move|p2a: Inteleon|Scald|p1a: Solgaleo\n|-damage|p1a: Solgaleo|0 fnt\n|faint|p1a: Solgaleo\n|\n|upkeep\n|\n|t:|1783552953\n|switch|p1a: Bellossom|Bellossom, L84, F|100/100\n|turn|4\n|inactive|Time left: 300 sec this turn | 300 sec total\n|\n|t:|1783552955\n|switch|p2a: Tsareena|Tsareena, L87, F|267/267\n|move|p1a: Bellossom|Quiver Dance|p1a: Bellossom\n|-boost|p1a: Bellossom|spa|1\n|-boost|p1a: Bellossom|spd|1\n|-boost|p1a: Bellossom|spe|1\n|\n|upkeep\n|turn|5\n|inactive|Time left: 300 sec this turn | 300 sec total\n|\n|t:|1783552956\n|move|p1a: Bellossom|Quiver Dance|p1a: Bellossom\n|-boost|p1a: Bellossom|spa|1\n|-boost|p1a: Bellossom|spd|1\n|-boost|p1a: Bellossom|spe|1\n|move|p2a: Tsareena|Triple Axel|p1a: Bellossom\n|-supereffective|p1a: Bellossom\n|-damage|p1a: Bellossom|81/100\n|-supereffective|p1a: Bellossom\n|-damage|p1a: Bellossom|45/100\n|-supereffective|p1a: Bellossom\n|-damage|p1a: Bellossom|0 fnt\n|faint|p1a: Bellossom\n|-hitcount|p1: Bellossom|3\n|\n|upkeep\n|\n|t:|1783552957\n|switch|p1a: Mightyena|Mightyena, L96, F|100/100\n|-ability|p1a: Mightyena|Intimidate|boost\n|-unboost|p2a: Tsareena|atk|1\n|turn|6\n|inactive|Time left: 300 sec this turn | 300 sec total\n|\n|t:|1783552958\n|switch|p2a: Granbull|Granbull, L88, F|302/302\n|-ability|p2a: Granbull|Intimidate|boost\n|-unboost|p1a: Mightyena|atk|1\n|move|p1a: Mightyena|Crunch|p2a: Granbull\n|-resisted|p2a: Granbull\n|-damage|p2a: Granbull|264/302\n|-unboost|p2a: Granbull|def|1\n|\n|-heal|p2a: Granbull|282/302|[from] item: Leftovers\n|upkeep\n|turn|7\n|inactive|Time left: 300 sec this turn | 300 sec total\n|\n|t:|1783552959\n|switch|p1a: Serperior|Serperior, L79, F|100/100\n|move|p2a: Granbull|Play Rough|p1a: Serperior\n|-damage|p1a: Serperior|50/100\n|\n|-heal|p2a: Granbull|300/302|[from] item: Leftovers\n|upkeep\n|turn|8\n|inactive|Time left: 300 sec this turn | 300 sec total\n|\n|t:|1783552960\n|move|p1a: Serperior|Synthesis|p1a: Serperior\n|-heal|p1a: Serperior|99/100\n|move|p2a: Granbull|Play Rough|p1a: Serperior\n|-damage|p1a: Serperior|48/100\n|\n|-heal|p2a: Granbull|302/302|[from] item: Leftovers\n|upkeep\n|turn|9\n|inactive|Time left: 300 sec this turn | 300 sec total\n|\n|t:|1783552961\n|move|p1a: Serperior|Synthesis|p1a: Serperior\n|-heal|p1a: Serperior|98/100\n|move|p2a: Granbull|Play Rough|p1a: Serperior|[miss]\n|-miss|p2a: Granbull|p1a: Serperior\n|\n|upkeep\n|turn|10\n|inactive|Time left: 300 sec this turn | 300 sec total\n|\n|t:|1783552962\n|switch|p2a: Tsareena|Tsareena, L87, F|267/267\n|move|p1a: Serperior|Leaf Storm|p2a: Tsareena\n|-resisted|p2a: Tsareena\n|-damage|p2a: Tsareena|205/267\n|-boost|p1a: Serperior|spa|2\n|-damage|p1a: Serperior|88/100|[from] item: Life Orb\n|\n|upkeep\n|turn|11\n|inactive|Time left: 300 sec this turn | 300 sec total\n|\n|t:|1783552963\n|move|p1a: Serperior|Glare|p2a: Tsareena\n|-status|p2a: Tsareena|par\n|move|p2a: Tsareena|Triple Axel|p1a: Serperior\n|-supereffective|p1a: Serperior\n|-damage|p1a: Serperior|67/100\n|-supereffective|p1a: Serperior\n|-damage|p1a: Serperior|20/100\n|-supereffective|p1a: Serperior\n|-damage|p1a: Serperior|0 fnt\n|faint|p1a: Serperior\n|-hitcount|p1: Serperior|3\n|\n|upkeep\n|\n|t:|1783552964\n|switch|p1a: Mightyena|Mightyena, L96, F|100/100\n|-ability|p1a: Mightyena|Intimidate|boost\n|-unboost|p2a: Tsareena|atk|1\n|turn|12\n|inactive|Time left: 300 sec this turn | 300 sec total\n|\n|t:|1783552965\n|switch|p2a: Granbull|Granbull, L88, F|302/302\n|-ability|p2a: Granbull|Intimidate|boost\n|-unboost|p1a: Mightyena|atk|1\n|move|p1a: Mightyena|Super Fang|p2a: Granbull\n|-damage|p2a: Granbull|151/302\n|\n|-heal|p2a: Granbull|169/302|[from] item: Leftovers\n|upkeep\n|turn|13\n|inactive|Time left: 300 sec this turn | 300 sec total\n|\n|t:|1783552966\n|switch|p1a: Azumarill|Azumarill, L82, F|100/100\n|move|p2a: Granbull|Play Rough|p1a: Azumarill\n|-damage|p1a: Azumarill|54/100\n|\n|-heal|p2a: Granbull|187/302|[from] item: Leftovers\n|upkeep\n|turn|14\n|inactive|Time left: 300 sec this turn | 300 sec total\n|\n|t:|1783552967\n|move|p1a: Azumarill|Liquidation|p2a: Granbull\n|-damage|p2a: Granbull|27/302\n|move|p2a: Granbull|Play Rough|p1a: Azumarill|[miss]\n|-miss|p2a: Granbull|p1a: Azumarill\n|\n|-heal|p2a: Granbull|45/302|[from] item: Leftovers\n|upkeep\n|turn|15\n|inactive|Time left: 300 sec this turn | 300 sec total\n|\n|t:|1783552968\n|move|p1a: Azumarill|Liquidation|p2a: Granbull\n|-damage|p2a: Granbull|0 fnt\n|faint|p2a: Granbull\n|\n|upkeep\n|inactive|Time left: 300 sec this turn | 300 sec total | 5 sec grace\n|\n|t:|1783552968\n|switch|p2a: Stonjourner|Stonjourner, L91, F|139/330\n|turn|16\n|inactive|Time left: 300 sec this turn | 300 sec total\n|\n|t:|1783552969\n|move|p2a: Stonjourner|Stone Edge|p1a: Azumarill\n|-damage|p1a: Azumarill|0 fnt\n|faint|p1a: Azumarill\n|-damage|p2a: Stonjourner|106/330|[from] item: Life Orb\n|\n|upkeep\n|\n|t:|1783552970\n|switch|p1a: Mightyena|Mightyena, L96, F|100/100\n|-ability|p1a: Mightyena|Intimidate|boost\n|-unboost|p2a: Stonjourner|atk|1\n|turn|17\n|inactive|Time left: 300 sec this turn | 300 sec total\n|\n|t:|1783552971\n|move|p1a: Mightyena|Crunch|p2a: Stonjourner\n|-damage|p2a: Stonjourner|34/330\n|move|p2a: Stonjourner|Stone Edge|p1a: Mightyena\n|-damage|p1a: Mightyena|49/100\n|-damage|p2a: Stonjourner|1/330|[from] item: Life Orb\n|\n|upkeep\n|turn|18\n|inactive|Time left: 300 sec this turn | 300 sec total\n|\n|t:|1783552972\n|move|p1a: Mightyena|Crunch|p2a: Stonjourner\n|-damage|p2a: Stonjourner|0 fnt\n|faint|p2a: Stonjourner\n|\n|upkeep\n|inactive|Time left: 300 sec this turn | 300 sec total | 5 sec grace\n|\n|t:|1783552973\n|switch|p2a: Inteleon|Inteleon, L81, F|175/246\n|turn|19\n|inactive|Time left: 300 sec this turn | 300 sec total\n|\n|t:|1783552974\n|move|p2a: Inteleon|Hydro Pump|p1a: Mightyena\n|-damage|p1a: Mightyena|0 fnt\n|faint|p1a: Mightyena\n|\n|upkeep\n|\n|t:|1783552975\n|switch|p1a: Hawlucha|Hawlucha, L80, M|100/100\n|turn|20\n|inactive|Time left: 300 sec this turn | 300 sec total\n|\n|t:|1783552976\n|-terastallize|p2a: Inteleon|Water\n|-terastallize|p1a: Hawlucha|Fighting\n|move|p2a: Inteleon|Hydro Pump|p1a: Hawlucha\n|-damage|p1a: Hawlucha|0 fnt\n|faint|p1a: Hawlucha\n|\n|win|p0y1194caf8", "uploadtime": 1783552976, "views": 0, "rating": 0, "private": 0, "password": null, "_winner": "p0y1194caf8", "_our_name": "p0y1194caf8"}