{"id": "battle-gen9randombattle-2947", "formatid": "gen9randombattle", "format": "[Gen 9] Random Battle", "players": ["p0x2947fb65", "p0y29478d50"], "log": "|init|battle\n|title|p0x2947fb65 vs. p0y29478d50\n|j|\u2606p0x2947fb65\n|j|\u2606p0y29478d50\n|t:|1783572966\n|gametype|singles\n|player|p1|p0x2947fb65|169|\n|player|p2|p0y29478d50|1|\n|gen|9\n|tier|[Gen 9] Random Battle\n|rule|Species Clause: Limit one of each Pok\u00e9mon\n|rule|HP Percentage Mod: HP is shown in percentages\n|rule|Sleep Clause Mod: Limit one foe put to sleep\n|rule|Illusion Level Mod: Illusion disguises the Pok\u00e9mon's true level\n|\n|t:|1783572966\n|teamsize|p1|6\n|teamsize|p2|6\n|start\n|switch|p1a: Garganacl|Garganacl, L80, M|100/100\n|switch|p2a: Minun|Minun, L95, F|268/268\n|turn|1\n|inactive|Battle timer is ON: inactive players will automatically lose when time's up. (requested by p0y29478d50)\n|\n|t:|1783572968\n|move|p2a: Minun|Nasty Plot|p2a: Minun\n|-boost|p2a: Minun|spa|2\n|move|p1a: Garganacl|Salt Cure|p2a: Minun\n|-damage|p2a: Minun|216/268\n|-start|p2a: Minun|Salt Cure\n|\n|-damage|p2a: Minun|183/268|[from] Salt Cure\n|upkeep\n|turn|2\n|inactive|Time left: 300 sec this turn | 300 sec total\n|inactive|p0x2947fb65 also wants the timer to be on.\n|\n|t:|1783572969\n|switch|p1a: Jirachi|Jirachi, L80|100/100\n|move|p2a: Minun|Thunderbolt|p1a: Jirachi\n|-damage|p1a: Jirachi|9/100\n|-damage|p2a: Minun|157/268|[from] item: Life Orb\n|\n|-heal|p1a: Jirachi|15/100|[from] item: Leftovers\n|-damage|p2a: Minun|124/268|[from] Salt Cure\n|upkeep\n|turn|3\n|inactive|Time left: 300 sec this turn | 300 sec total\n|\n|t:|1783572970\n|move|p2a: Minun|Alluring Voice|p1a: Jirachi\n|-resisted|p1a: Jirachi\n|-damage|p1a: Jirachi|0 fnt\n|faint|p1a: Jirachi\n|-damage|p2a: Minun|98/268|[from] item: Life Orb\n|\n|-damage|p2a: Minun|65/268|[from] Salt Cure\n|upkeep\n|\n|t:|1783572971\n|switch|p1a: Spectrier|Spectrier, L75|100/100\n|turn|4\n|inactive|Time left: 300 sec this turn | 300 sec total\n|\n|t:|1783572972\n|switch|p2a: Brute Bonnet|Brute Bonnet, L80|309/309\n|move|p1a: Spectrier|Shadow Ball|p2a: Brute Bonnet\n|-resisted|p2a: Brute Bonnet\n|-damage|p2a: Brute Bonnet|247/309\n|-damage|p1a: Spectrier|91/100|[from] item: Life Orb\n|\n|-heal|p2a: Brute Bonnet|266/309|[from] item: Leftovers\n|upkeep\n|turn|5\n|inactive|Time left: 300 sec this turn | 300 sec total\n|\n|t:|1783572973\n|move|p1a: Spectrier|Will-O-Wisp|p2a: Brute Bonnet\n|-status|p2a: Brute Bonnet|brn\n|move|p2a: Brute Bonnet|Crunch|p1a: Spectrier\n|-supereffective|p1a: Spectrier\n|-damage|p1a: Spectrier|38/100\n|\n|-heal|p2a: Brute Bonnet|285/309 brn|[from] item: Leftovers\n|-damage|p2a: Brute Bonnet|266/309 brn|[from] brn\n|upkeep\n|turn|6\n|inactive|Time left: 300 sec this turn | 300 sec total\n|\n|t:|1783572974\n|switch|p1a: Garganacl|Garganacl, L80, M|100/100\n|move|p2a: Brute Bonnet|Spore|p1a: Garganacl\n|-immune|p1a: Garganacl|[from] ability: Purifying Salt\n|\n|-heal|p2a: Brute Bonnet|285/309 brn|[from] item: Leftovers\n|-damage|p2a: Brute Bonnet|266/309 brn|[from] brn\n|upkeep\n|turn|7\n|inactive|Time left: 300 sec this turn | 300 sec total\n|\n|t:|1783572975\n|move|p2a: Brute Bonnet|Crunch|p1a: Garganacl\n|-damage|p1a: Garganacl|88/100\n|move|p1a: Garganacl|Salt Cure|p2a: Brute Bonnet\n|-crit|p2a: Brute Bonnet\n|-damage|p2a: Brute Bonnet|203/309 brn\n|-start|p2a: Brute Bonnet|Salt Cure\n|\n|-heal|p2a: Brute Bonnet|222/309 brn|[from] item: Leftovers\n|-heal|p1a: Garganacl|94/100|[from] item: Leftovers\n|-damage|p2a: Brute Bonnet|203/309 brn|[from] brn\n|-damage|p2a: Brute Bonnet|165/309 brn|[from] Salt Cure\n|upkeep\n|turn|8\n|inactive|Time left: 300 sec this turn | 300 sec total\n|\n|t:|1783572976\n|move|p2a: Brute Bonnet|Spore|p1a: Garganacl\n|-immune|p1a: Garganacl|[from] ability: Purifying Salt\n|move|p1a: Garganacl|Iron Defense|p1a: Garganacl\n|-boost|p1a: Garganacl|def|2\n|\n|-heal|p2a: Brute Bonnet|184/309 brn|[from] item: Leftovers\n|-heal|p1a: Garganacl|99/100|[from] item: Leftovers\n|-damage|p2a: Brute Bonnet|165/309 brn|[from] brn\n|-damage|p2a: Brute Bonnet|127/309 brn|[from] Salt Cure\n|upkeep\n|turn|9\n|inactive|Time left: 300 sec this turn | 300 sec total\n|\n|t:|1783572977\n|-end|p2a: Brute Bonnet|Protosynthesis|[silent]\n|switch|p2a: Amoonguss|Amoonguss, L82, M|321/321\n|move|p1a: Garganacl|Body Press|p2a: Amoonguss\n|-resisted|p2a: Amoonguss\n|-damage|p2a: Amoonguss|235/321\n|\n|-heal|p1a: Garganacl|100/100|[from] item: Leftovers\n|-heal|p2a: Amoonguss|255/321|[from] item: Leftovers\n|upkeep\n|turn|10\n|inactive|Time left: 300 sec this turn | 300 sec total\n|\n|t:|1783572978\n|move|p1a: Garganacl|Salt Cure|p2a: Amoonguss\n|-damage|p2a: Amoonguss|207/321\n|-start|p2a: Amoonguss|Salt Cure\n|move|p2a: Amoonguss|Giga Drain|p1a: Garganacl\n|-supereffective|p1a: Garganacl\n|-damage|p1a: Garganacl|53/100\n|-heal|p2a: Amoonguss|276/321|[from] drain|[of] p1a: Garganacl\n|\n|-heal|p1a: Garganacl|59/100|[from] item: Leftovers\n|-heal|p2a: Amoonguss|296/321|[from] item: Leftovers\n|-damage|p2a: Amoonguss|256/321|[from] Salt Cure\n|upkeep\n|turn|11\n|inactive|Time left: 300 sec this turn | 300 sec total\n|\n|t:|1783572979\n|move|p1a: Garganacl|Recover|p1a: Garganacl\n|-heal|p1a: Garganacl|100/100\n|move|p2a: Amoonguss|Giga Drain|p1a: Garganacl\n|-supereffective|p1a: Garganacl\n|-damage|p1a: Garganacl|52/100\n|-heal|p2a: Amoonguss|321/321|[from] drain|[of] p1a: Garganacl\n|\n|-heal|p1a: Garganacl|59/100|[from] item: Leftovers\n|-damage|p2a: Amoonguss|281/321|[from] Salt Cure\n|upkeep\n|turn|12\n|inactive|Time left: 300 sec this turn | 300 sec total\n|\n|t:|1783572980\n|move|p1a: Garganacl|Recover|p1a: Garganacl\n|-heal|p1a: Garganacl|100/100\n|move|p2a: Amoonguss|Giga Drain|p1a: Garganacl\n|-supereffective|p1a: Garganacl\n|-damage|p1a: Garganacl|55/100\n|-heal|p2a: Amoonguss|321/321|[from] drain|[of] p1a: Garganacl\n|\n|-heal|p1a: Garganacl|61/100|[from] item: Leftovers\n|-damage|p2a: Amoonguss|281/321|[from] Salt Cure\n|upkeep\n|turn|13\n|inactive|Time left: 300 sec this turn | 300 sec total\n|\n|t:|1783572981\n|move|p1a: Garganacl|Recover|p1a: Garganacl\n|-heal|p1a: Garganacl|100/100\n|move|p2a: Amoonguss|Giga Drain|p1a: Garganacl\n|-supereffective|p1a: Garganacl\n|-damage|p1a: Garganacl|54/100\n|-heal|p2a: Amoonguss|321/321|[from] drain|[of] p1a: Garganacl\n|\n|-heal|p1a: Garganacl|61/100|[from] item: Leftovers\n|-damage|p2a: Amoonguss|281/321|[from] Salt Cure\n|upkeep\n|turn|14\n|inactive|Time left: 300 sec this turn | 300 sec total\n|\n|t:|1783572982\n|move|p1a: Garganacl|Recover|p1a: Garganacl\n|-heal|p1a: Garganacl|100/100\n|move|p2a: Amoonguss|Giga Drain|p1a: Garganacl\n|-supereffective|p1a: Garganacl\n|-damage|p1a: Garganacl|52/100\n|-heal|p2a: Amoonguss|321/321|[from] drain|[of] p1a: Garganacl\n|\n|-heal|p1a: Garganacl|59/100|[from] item: Leftovers\n|-damage|p2a: Amoonguss|281/321|[from] Salt Cure\n|upkeep\n|turn|15\n|inactive|Time left: 300 sec this turn | 300 sec total\n|\n|t:|1783572983\n|move|p1a: Garganacl|Recover|p1a: Garganacl\n|-heal|p1a: Garganacl|100/100\n|move|p2a: Amoonguss|Giga Drain|p1a: Garganacl\n|-supereffective|p1a: Garganacl\n|-damage|p1a: Garganacl|50/100\n|-heal|p2a: Amoonguss|321/321|[from] drain|[of] p1a: Garganacl\n|\n|-heal|p1a: Garganacl|57/100|[from] item: Leftovers\n|-damage|p2a: Amoonguss|281/321|[from] Salt Cure\n|upkeep\n|turn|16\n|inactive|Time left: 300 sec this turn | 300 sec total\n|\n|t:|1783572984\n|move|p1a: Garganacl|Recover|p1a: Garganacl\n|-heal|p1a: Garganacl|100/100\n|move|p2a: Amoonguss|Giga Drain|p1a: Garganacl\n|-supereffective|p1a: Garganacl\n|-damage|p1a: Garganacl|54/100\n|-heal|p2a: Amoonguss|321/321|[from] drain|[of] p1a: Garganacl\n|\n|-heal|p1a: Garganacl|61/100|[from] item: Leftovers\n|-damage|p2a: Amoonguss|281/321|[from] Salt Cure\n|upkeep\n|turn|17\n|inactive|Time left: 300 sec this turn | 300 sec total\n|\n|t:|1783572985\n|move|p1a: Garganacl|Recover|p1a: Garganacl\n|-heal|p1a: Garganacl|100/100\n|move|p2a: Amoonguss|Giga Drain|p1a: Garganacl\n|-supereffective|p1a: Garganacl\n|-damage|p1a: Garganacl|53/100\n|-heal|p2a: Amoonguss|321/321|[from] drain|[of] p1a: Garganacl\n|\n|-heal|p1a: Garganacl|59/100|[from] item: Leftovers\n|-damage|p2a: Amoonguss|281/321|[from] Salt Cure\n|upkeep\n|turn|18\n|inactive|Time left: 300 sec this turn | 300 sec total\n|\n|t:|1783572986\n|move|p1a: Garganacl|Recover|p1a: Garganacl\n|-heal|p1a: Garganacl|100/100\n|move|p2a: Amoonguss|Giga Drain|p1a: Garganacl\n|-supereffective|p1a: Garganacl\n|-damage|p1a: Garganacl|53/100\n|-heal|p2a: Amoonguss|321/321|[from] drain|[of] p1a: Garganacl\n|\n|-heal|p1a: Garganacl|59/100|[from] item: Leftovers\n|-damage|p2a: Amoonguss|281/321|[from] Salt Cure\n|upkeep\n|turn|19\n|inactive|Time left: 300 sec this turn | 300 sec total\n|\n|t:|1783572987\n|move|p1a: Garganacl|Body Press|p2a: Amoonguss\n|-resisted|p2a: Amoonguss\n|-damage|p2a: Amoonguss|203/321\n|move|p2a: Amoonguss|Giga Drain|p1a: Garganacl\n|-supereffective|p1a: Garganacl\n|-damage|p1a: Garganacl|10/100\n|-heal|p2a: Amoonguss|275/321|[from] drain|[of] p1a: Garganacl\n|\n|-heal|p1a: Garganacl|16/100|[from] item: Leftovers\n|-heal|p2a: Amoonguss|295/321|[from] item: Leftovers\n|-damage|p2a: Amoonguss|255/321|[from] Salt Cure\n|upkeep\n|turn|20\n|inactive|Time left: 300 sec this turn | 300 sec total\n|\n|t:|1783572988\n|move|p1a: Garganacl|Body Press|p2a: Amoonguss\n|-resisted|p2a: Amoonguss\n|-damage|p2a: Amoonguss|169/321\n|move|p2a: Amoonguss|Giga Drain|p1a: Garganacl\n|-supereffective|p1a: Garganacl\n|-damage|p1a: Garganacl|0 fnt\n|-heal|p2a: Amoonguss|192/321|[from] drain|[of] p1a: Garganacl\n|faint|p1a: Garganacl\n|\n|-heal|p2a: Amoonguss|212/321|[from] item: Leftovers\n|-damage|p2a: Amoonguss|172/321|[from] Salt Cure\n|upkeep\n|\n|t:|1783572989\n|switch|p1a: Spectrier|Spectrier, L75|100/100\n|turn|21\n|inactive|Time left: 300 sec this turn | 300 sec total\n|\n|t:|1783572990\n|move|p1a: Spectrier|Hyper Voice|p2a: Amoonguss\n|-damage|p2a: Amoonguss|4/321\n|move|p2a: Amoonguss|Spore|p1a: Spectrier\n|-status|p1a: Spectrier|slp|[from] move: Spore\n|\n|-heal|p2a: Amoonguss|24/321|[from] item: Leftovers\n|-damage|p2a: Amoonguss|0 fnt|[from] Salt Cure\n|faint|p2a: Amoonguss\n|upkeep\n|inactive|Time left: 300 sec this turn | 300 sec total | 5 sec grace\n|\n|t:|1783572991\n|switch|p2a: Mew|Mew, L82|298/298\n|turn|22\n|inactive|Time left: 300 sec this turn | 300 sec total\n|\n|t:|1783572992\n|switch|p1a: Sawsbuck|Sawsbuck, L88, F|100/100\n|move|p2a: Mew|Swords Dance|p2a: Mew\n|-boost|p2a: Mew|atk|2\n|\n|upkeep\n|turn|23\n|inactive|Time left: 300 sec this turn | 300 sec total\n|\n|t:|1783572993\n|move|p1a: Sawsbuck|Headbutt|p2a: Mew\n|-damage|p2a: Mew|204/298\n|-damage|p1a: Sawsbuck|91/100|[from] item: Life Orb\n|move|p2a: Mew|Psychic Fangs|p1a: Sawsbuck\n|-damage|p1a: Sawsbuck|2/100\n|-damage|p2a: Mew|175/298|[from] item: Life Orb\n|\n|upkeep\n|turn|24\n|inactive|Time left: 300 sec this turn | 300 sec total\n|\n|t:|1783572994\n|move|p1a: Sawsbuck|Horn Leech|p2a: Mew\n|-damage|p2a: Mew|57/298\n|-heal|p1a: Sawsbuck|22/100|[from] drain|[of] p2a: Mew\n|-damage|p1a: Sawsbuck|12/100|[from] item: Life Orb\n|move|p2a: Mew|Psychic Fangs|p1a: Sawsbuck\n|-damage|p1a: Sawsbuck|0 fnt\n|faint|p1a: Sawsbuck\n|-damage|p2a: Mew|28/298|[from] item: Life Orb\n|\n|upkeep\n|\n|t:|1783572996\n|switch|p1a: Spectrier|Spectrier, L75|38/100\n|turn|25\n|inactive|Time left: 300 sec this turn | 300 sec total\n|\n|t:|1783572997\n|switch|p2a: Goodra|Goodra-Hisui, L82, F|265/265\n|move|p1a: Spectrier|Shadow Ball|p2a: Goodra\n|-damage|p2a: Goodra|209/265\n|-damage|p1a: Spectrier|28/100|[from] item: Life Orb\n|\n|upkeep\n|turn|26\n|inactive|Time left: 300 sec this turn | 300 sec total\n|\n|t:|1783572998\n|move|p1a: Spectrier|Will-O-Wisp|p2a: Goodra\n|-status|p2a: Goodra|brn\n|move|p2a: Goodra|Heavy Slam|p1a: Spectrier\n|-damage|p1a: Spectrier|0 fnt\n|faint|p1a: Spectrier\n|\n|-damage|p2a: Goodra|193/265 brn|[from] brn\n|upkeep\n|\n|t:|1783572999\n|switch|p1a: Lilligant|Lilligant-Hisui, L79, F|100/100\n|turn|27\n|inactive|Time left: 300 sec this turn | 300 sec total\n|\n|t:|1783573000\n|move|p1a: Lilligant|Victory Dance|p1a: Lilligant\n|-boost|p1a: Lilligant|atk|1\n|-boost|p1a: Lilligant|def|1\n|-boost|p1a: Lilligant|spe|1\n|move|p2a: Goodra|Draco Meteor|p1a: Lilligant|[miss]\n|-miss|p2a: Goodra|p1a: Lilligant\n|\n|-damage|p2a: Goodra|177/265 brn|[from] brn\n|upkeep\n|turn|28\n|inactive|Time left: 300 sec this turn | 300 sec total\n|\n|t:|1783573001\n|move|p1a: Lilligant|Close Combat|p2a: Goodra|[miss]\n|-miss|p1a: Lilligant|p2a: Goodra\n|move|p2a: Goodra|Draco Meteor|p1a: Lilligant\n|-damage|p1a: Lilligant|23/100\n|-unboost|p2a: Goodra|spa|2\n|\n|-damage|p2a: Goodra|161/265 brn|[from] brn\n|upkeep\n|turn|29\n|inactive|Time left: 300 sec this turn | 300 sec total\n|\n|t:|1783573002\n|move|p1a: Lilligant|Close Combat|p2a: Goodra\n|-supereffective|p2a: Goodra\n|-damage|p2a: Goodra|0 fnt\n|-unboost|p1a: Lilligant|def|1\n|-unboost|p1a: Lilligant|spd|1\n|faint|p2a: Goodra\n|\n|upkeep\n|inactive|Time left: 300 sec this turn | 300 sec total | 5 sec grace\n|\n|t:|1783573003\n|switch|p2a: Gurdurr|Gurdurr, L85, M|283/283\n|turn|30\n|inactive|Time left: 300 sec this turn | 300 sec total\n|\n|t:|1783573004\n|move|p1a: Lilligant|Sleep Powder|p2a: Gurdurr|[miss]\n|-miss|p1a: Lilligant|p2a: Gurdurr\n|move|p2a: Gurdurr|Drain Punch|p1a: Lilligant\n|-damage|p1a: Lilligant|0 fnt\n|faint|p1a: Lilligant\n|\n|upkeep\n|\n|t:|1783573005\n|switch|p1a: Zoroark|Zoroark-Hisui, L80, M|100/100 slp\n|turn|31\n|inactive|Time left: 300 sec this turn | 300 sec total\n|\n|t:|1783573005\n|cant|p1a: Zoroark|slp\n|move|p2a: Gurdurr|Knock Off|p1a: Zoroark\n|-supereffective|p1a: Zoroark\n|-damage|p1a: Zoroark|3/100 slp\n|-enditem|p1a: Zoroark|Choice Specs|[from] move: Knock Off|[of] p2a: Gurdurr\n|\n|upkeep\n|turn|32\n|inactive|Time left: 300 sec this turn | 300 sec total\n|\n|t:|1783573006\n|-terastallize|p2a: Gurdurr|Steel\n|-curestatus|p1a: Zoroark|slp|[msg]\n|move|p1a: Zoroark|Bitter Malice|p2a: Gurdurr\n|-damage|p2a: Gurdurr|192/283\n|-unboost|p2a: Gurdurr|atk|1\n|move|p2a: Gurdurr|Knock Off|p1a: Zoroark\n|-supereffective|p1a: Zoroark\n|-damage|p1a: Zoroark|0 fnt\n|faint|p1a: Zoroark\n|\n|win|p0y29478d50", "uploadtime": 1783573006, "views": 0, "rating": 0, "private": 0, "password": null, "_winner": "p0y29478d50", "_our_name": "p0y29478d50"}