{"id": "battle-gen9randombattle-1892", "formatid": "gen9randombattle", "format": "[Gen 9] Random Battle", "players": ["p0x1892634b", "p0y18923633"], "log": "|init|battle\n|title|p0x1892634b vs. p0y18923633\n|j|\u2606p0x1892634b\n|j|\u2606p0y18923633\n|t:|1783561126\n|gametype|singles\n|player|p1|p0x1892634b|101|\n|player|p2|p0y18923633|170|\n|gen|9\n|tier|[Gen 9] Random Battle\n|rule|Species Clause: Limit one of each Pok\u00e9mon\n|rule|HP Percentage Mod: HP is shown in percentages\n|rule|Sleep Clause Mod: Limit one foe put to sleep\n|rule|Illusion Level Mod: Illusion disguises the Pok\u00e9mon's true level\n|\n|t:|1783561126\n|teamsize|p1|6\n|teamsize|p2|6\n|start\n|switch|p1a: Regieleki|Regieleki, L79|256/256\n|switch|p2a: Okidogi|Okidogi, L77, M|100/100\n|turn|1\n|inactive|Battle timer is ON: inactive players will automatically lose when time's up. (requested by p0x1892634b)\n|inactive|p0y18923633 also wants the timer to be on.\n|\n|t:|1783561128\n|move|p1a: Regieleki|Volt Switch|p2a: Okidogi\n|-damage|p2a: Okidogi|58/100\n|inactive|Time left: 300 sec this turn | 300 sec total | 65 sec grace\n|\n|t:|1783561129\n|switch|p1a: Heracross|Heracross, L80, F|259/259|[from] Volt Switch\n|move|p2a: Okidogi|Drain Punch|p1a: Heracross\n|-resisted|p1a: Heracross\n|-damage|p1a: Heracross|210/259\n|-heal|p2a: Okidogi|67/100|[from] drain|[of] p1a: Heracross\n|\n|-heal|p2a: Okidogi|73/100|[from] item: Leftovers\n|-status|p1a: Heracross|brn|[from] item: Flame Orb\n|upkeep\n|turn|2\n|inactive|Time left: 300 sec this turn | 300 sec total\n|\n|t:|1783561130\n|-terastallize|p1a: Heracross|Normal\n|move|p1a: Heracross|Facade|p2a: Okidogi\n|-damage|p2a: Okidogi|0 fnt\n|faint|p2a: Okidogi\n|\n|-damage|p1a: Heracross|194/259 brn|[from] brn\n|upkeep\n|\n|t:|1783561131\n|switch|p2a: Azumarill|Azumarill, L82, F|100/100\n|turn|3\n|inactive|Time left: 300 sec this turn | 300 sec total\n|\n|t:|1783561132\n|move|p1a: Heracross|Facade|p2a: Azumarill\n|-damage|p2a: Azumarill|0 fnt\n|faint|p2a: Azumarill\n|\n|-damage|p1a: Heracross|178/259 brn|[from] brn\n|upkeep\n|\n|t:|1783561133\n|switch|p2a: Zangoose|Zangoose, L85, M|100/100\n|turn|4\n|inactive|Time left: 300 sec this turn | 300 sec total\n|\n|t:|1783561135\n|switch|p1a: Leafeon|Leafeon, L88, F|258/258\n|move|p2a: Zangoose|Close Combat|p1a: Leafeon\n|-damage|p1a: Leafeon|187/258\n|-unboost|p2a: Zangoose|def|1\n|-unboost|p2a: Zangoose|spd|1\n|\n|-status|p2a: Zangoose|tox|[from] item: Toxic Orb\n|upkeep\n|turn|5\n|inactive|Time left: 300 sec this turn | 300 sec total\n|\n|t:|1783561136\n|switch|p2a: Slither Wing|Slither Wing, L81|100/100\n|-enditem|p2a: Slither Wing|Booster Energy\n|-activate|p2a: Slither Wing|ability: Protosynthesis|[fromitem]\n|-start|p2a: Slither Wing|protosynthesisatk\n|move|p1a: Leafeon|Leaf Blade|p2a: Slither Wing\n|-resisted|p2a: Slither Wing\n|-damage|p2a: Slither Wing|69/100\n|-damage|p1a: Leafeon|162/258|[from] item: Life Orb\n|\n|upkeep\n|turn|6\n|inactive|Time left: 300 sec this turn | 300 sec total\n|\n|t:|1783561137\n|move|p1a: Leafeon|Double-Edge|p2a: Slither Wing\n|-damage|p2a: Slither Wing|15/100\n|-damage|p1a: Leafeon|114/258|[from] Recoil\n|-damage|p1a: Leafeon|89/258|[from] item: Life Orb\n|move|p2a: Slither Wing|Leech Life|p1a: Leafeon\n|-supereffective|p1a: Leafeon\n|-damage|p1a: Leafeon|0 fnt\n|-heal|p2a: Slither Wing|31/100|[from] drain|[of] p1a: Leafeon\n|faint|p1a: Leafeon\n|\n|upkeep\n|inactive|Time left: 300 sec this turn | 300 sec total | 5 sec grace\n|\n|t:|1783561138\n|switch|p1a: Heracross|Heracross, L80, F, tera:Normal|178/259 brn\n|turn|7\n|inactive|Time left: 300 sec this turn | 300 sec total\n|\n|t:|1783561139\n|move|p1a: Heracross|Facade|p2a: Slither Wing\n|-damage|p2a: Slither Wing|0 fnt\n|faint|p2a: Slither Wing\n|-end|p2a: Slither Wing|Protosynthesis|[silent]\n|\n|-damage|p1a: Heracross|162/259 brn|[from] brn\n|upkeep\n|\n|t:|1783561140\n|switch|p2a: Zangoose|Zangoose, L85, M|100/100 tox\n|turn|8\n|inactive|Time left: 300 sec this turn | 300 sec total\n|\n|t:|1783561141\n|switch|p1a: Tyranitar|Tyranitar, L78, F|284/284\n|-weather|Sandstorm|[from] ability: Sand Stream|[of] p1a: Tyranitar\n|move|p2a: Zangoose|Facade|p1a: Tyranitar\n|-resisted|p1a: Tyranitar\n|-damage|p1a: Tyranitar|161/284\n|\n|-weather|Sandstorm|[upkeep]\n|-damage|p2a: Zangoose|94/100 tox|[from] Sandstorm\n|-damage|p2a: Zangoose|88/100 tox|[from] psn\n|upkeep\n|turn|9\n|inactive|Time left: 300 sec this turn | 300 sec total\n|\n|t:|1783561142\n|move|p2a: Zangoose|Close Combat|p1a: Tyranitar\n|-supereffective|p1a: Tyranitar\n|-crit|p1a: Tyranitar\n|-damage|p1a: Tyranitar|0 fnt\n|-unboost|p2a: Zangoose|def|1\n|-unboost|p2a: Zangoose|spd|1\n|faint|p1a: Tyranitar\n|\n|-weather|Sandstorm|[upkeep]\n|-damage|p2a: Zangoose|82/100 tox|[from] Sandstorm\n|-damage|p2a: Zangoose|70/100 tox|[from] psn\n|upkeep\n|inactive|Time left: 300 sec this turn | 300 sec total | 5 sec grace\n|\n|t:|1783561142\n|switch|p1a: Regieleki|Regieleki, L79|256/256\n|turn|10\n|inactive|Time left: 300 sec this turn | 300 sec total\n|\n|t:|1783561143\n|switch|p2a: Tyranitar|Tyranitar, L78, F|100/100\n|move|p1a: Regieleki|Thunderbolt|p2a: Tyranitar\n|-damage|p2a: Tyranitar|71/100\n|\n|-weather|Sandstorm|[upkeep]\n|-damage|p1a: Regieleki|240/256|[from] Sandstorm\n|upkeep\n|turn|11\n|inactive|Time left: 300 sec this turn | 300 sec total\n|\n|t:|1783561144\n|move|p1a: Regieleki|Thunderbolt|p2a: Tyranitar\n|-damage|p2a: Tyranitar|39/100\n|move|p2a: Tyranitar|Dragon Dance|p2a: Tyranitar\n|-boost|p2a: Tyranitar|atk|1\n|-boost|p2a: Tyranitar|spe|1\n|\n|-weather|Sandstorm|[upkeep]\n|-damage|p1a: Regieleki|224/256|[from] Sandstorm\n|upkeep\n|turn|12\n|inactive|Time left: 300 sec this turn | 300 sec total\n|\n|t:|1783561145\n|move|p1a: Regieleki|Volt Switch|p2a: Tyranitar\n|-damage|p2a: Tyranitar|14/100\n|inactive|Time left: 300 sec this turn | 300 sec total | 5 sec grace\n|\n|t:|1783561146\n|switch|p1a: Veluza|Veluza, L85, M|292/292|[from] Volt Switch\n|move|p2a: Tyranitar|Knock Off|p1a: Veluza\n|-supereffective|p1a: Veluza\n|-damage|p1a: Veluza|0 fnt\n|-enditem|p1a: Veluza|Sitrus Berry|[from] move: Knock Off|[of] p2a: Tyranitar\n|faint|p1a: Veluza\n|\n|-weather|none\n|upkeep\n|inactive|Time left: 300 sec this turn | 300 sec total | 10 sec grace\n|\n|t:|1783561147\n|switch|p1a: Regieleki|Regieleki, L79|224/256\n|turn|13\n|inactive|Time left: 300 sec this turn | 300 sec total\n|\n|t:|1783561148\n|move|p1a: Regieleki|Thunderbolt|p2a: Tyranitar\n|-damage|p2a: Tyranitar|0 fnt\n|faint|p2a: Tyranitar\n|\n|upkeep\n|\n|t:|1783561149\n|switch|p2a: Regieleki|Regieleki, L79|100/100\n|turn|14\n|inactive|Time left: 300 sec this turn | 300 sec total\n|\n|t:|1783561150\n|move|p1a: Regieleki|Thunderbolt|p2a: Regieleki\n|-resisted|p2a: Regieleki\n|-damage|p2a: Regieleki|63/100\n|move|p2a: Regieleki|Thunderbolt|p1a: Regieleki\n|-resisted|p1a: Regieleki\n|-damage|p1a: Regieleki|115/256\n|\n|upkeep\n|turn|15\n|inactive|Time left: 300 sec this turn | 300 sec total\n|\n|t:|1783561151\n|-terastallize|p2a: Regieleki|Electric\n|move|p2a: Regieleki|Thunderbolt|p1a: Regieleki\n|-resisted|p1a: Regieleki\n|-damage|p1a: Regieleki|0 fnt\n|faint|p1a: Regieleki\n|\n|upkeep\n|inactive|Time left: 300 sec this turn | 300 sec total | 5 sec grace\n|\n|t:|1783561152\n|switch|p1a: Ditto|Ditto, L87|225/225\n|-transform|p1a: Ditto|p2a: Regieleki|[from] ability: Imposter\n|turn|16\n|inactive|Time left: 300 sec this turn | 300 sec total\n|\n|t:|1783561152\n|move|p1a: Ditto|Volt Switch|p2a: Regieleki\n|-resisted|p2a: Regieleki\n|-damage|p2a: Regieleki|34/100\n|inactive|Time left: 300 sec this turn | 300 sec total | 5 sec grace\n|\n|t:|1783561153\n|switch|p1a: Heracross|Heracross, L80, F, tera:Normal|162/259 brn|[from] Volt Switch\n|move|p2a: Regieleki|Thunderbolt|p1a: Heracross\n|-damage|p1a: Heracross|0 fnt\n|faint|p1a: Heracross\n|\n|upkeep\n|inactive|Time left: 300 sec this turn | 300 sec total | 10 sec grace\n|\n|t:|1783561154\n|switch|p1a: Ditto|Ditto, L87|225/225\n|-transform|p1a: Ditto|p2a: Regieleki|[from] ability: Imposter\n|turn|17\n|inactive|Time left: 300 sec this turn | 300 sec total\n|\n|t:|1783561155\n|move|p1a: Ditto|Volt Switch|p2a: Regieleki\n|-resisted|p2a: Regieleki\n|-damage|p2a: Regieleki|8/100\n|move|p2a: Regieleki|Explosion|p1a: Ditto\n|-damage|p1a: Ditto|0 fnt\n|faint|p2a: Regieleki\n|faint|p1a: Ditto\n|\n|win|p0y18923633", "uploadtime": 1783561155, "views": 0, "rating": 0, "private": 0, "password": null, "_winner": "p0y18923633", "_our_name": "p0x1892634b"}