{"id": "battle-gen9randombattle-2272", "formatid": "gen9randombattle", "format": "[Gen 9] Random Battle", "players": ["p0x22726a68", "p0y2272c6f3"], "log": "|init|battle\n|title|p0x22726a68 vs. p0y2272c6f3\n|j|\u2606p0x22726a68\n|j|\u2606p0y2272c6f3\n|t:|1783565386\n|gametype|singles\n|player|p1|p0x22726a68|266|\n|player|p2|p0y2272c6f3|102|\n|gen|9\n|tier|[Gen 9] Random Battle\n|rule|Species Clause: Limit one of each Pok\u00e9mon\n|rule|HP Percentage Mod: HP is shown in percentages\n|rule|Sleep Clause Mod: Limit one foe put to sleep\n|rule|Illusion Level Mod: Illusion disguises the Pok\u00e9mon's true level\n|\n|t:|1783565386\n|teamsize|p1|6\n|teamsize|p2|6\n|start\n|switch|p1a: Decidueye|Decidueye, L88, M|100/100\n|switch|p2a: Wo-Chien|Wo-Chien, L83|277/277\n|-ability|p2a: Wo-Chien|Tablets of Ruin\n|turn|1\n|inactive|Battle timer is ON: inactive players will automatically lose when time's up. (requested by p0y2272c6f3)\n|inactive|p0x22726a68 also wants the timer to be on.\n|\n|t:|1783565388\n|switch|p1a: Gogoat|Gogoat, L88, F|100/100\n|move|p2a: Wo-Chien|Knock Off|p1a: Gogoat\n|-damage|p1a: Gogoat|70/100\n|-enditem|p1a: Gogoat|Leftovers|[from] move: Knock Off|[of] p2a: Wo-Chien\n|\n|upkeep\n|turn|2\n|inactive|Time left: 300 sec this turn | 300 sec total\n|\n|t:|1783565389\n|switch|p2a: Enamorus|Enamorus-Therian, L83, F|259/259\n|move|p1a: Gogoat|Bulk Up|p1a: Gogoat\n|-boost|p1a: Gogoat|atk|1\n|-boost|p1a: Gogoat|def|1\n|\n|upkeep\n|turn|3\n|inactive|Time left: 300 sec this turn | 300 sec total\n|\n|t:|1783565390\n|move|p1a: Gogoat|Bulk Up|p1a: Gogoat\n|-boost|p1a: Gogoat|atk|1\n|-boost|p1a: Gogoat|def|1\n|move|p2a: Enamorus|Moonblast|p1a: Gogoat\n|-damage|p1a: Gogoat|32/100\n|\n|upkeep\n|turn|4\n|inactive|Time left: 300 sec this turn | 300 sec total\n|\n|t:|1783565391\n|move|p1a: Gogoat|Horn Leech|p2a: Enamorus\n|-resisted|p2a: Enamorus\n|-damage|p2a: Enamorus|188/259\n|-heal|p1a: Gogoat|42/100|[from] drain|[of] p2a: Enamorus\n|move|p2a: Enamorus|Moonblast|p1a: Gogoat\n|-damage|p1a: Gogoat|4/100\n|-unboost|p1a: Gogoat|spa|1\n|\n|upkeep\n|turn|5\n|inactive|Time left: 300 sec this turn | 300 sec total\n|\n|t:|1783565392\n|move|p1a: Gogoat|Rock Slide|p2a: Enamorus\n|-supereffective|p2a: Enamorus\n|-damage|p2a: Enamorus|0 fnt\n|faint|p2a: Enamorus\n|\n|upkeep\n|inactive|Time left: 300 sec this turn | 300 sec total | 5 sec grace\n|\n|t:|1783565393\n|switch|p2a: Hitmonlee|Hitmonlee, L85, M|224/224\n|turn|6\n|inactive|Time left: 300 sec this turn | 300 sec total\n|\n|t:|1783565394\n|move|p2a: Hitmonlee|Knock Off|p1a: Gogoat\n|-damage|p1a: Gogoat|0 fnt\n|faint|p1a: Gogoat\n|\n|upkeep\n|\n|t:|1783565395\n|switch|p1a: Pelipper|Pelipper, L86, M|100/100\n|-weather|RainDance|[from] ability: Drizzle|[of] p1a: Pelipper\n|turn|7\n|inactive|Time left: 300 sec this turn | 300 sec total\n|\n|t:|1783565396\n|move|p2a: Hitmonlee|Stone Edge|p1a: Pelipper\n|-supereffective|p1a: Pelipper\n|-crit|p1a: Pelipper\n|-damage|p1a: Pelipper|0 fnt\n|faint|p1a: Pelipper\n|\n|-weather|RainDance|[upkeep]\n|upkeep\n|\n|t:|1783565397\n|switch|p1a: Baxcalibur|Baxcalibur, L75, F|100/100\n|turn|8\n|inactive|Time left: 300 sec this turn | 300 sec total\n|\n|t:|1783565398\n|-terastallize|p1a: Baxcalibur|Dragon\n|move|p2a: Hitmonlee|Close Combat|p1a: Baxcalibur\n|-damage|p1a: Baxcalibur|48/100\n|-unboost|p2a: Hitmonlee|def|1\n|-unboost|p2a: Hitmonlee|spd|1\n|-enditem|p2a: Hitmonlee|White Herb\n|-clearnegativeboost|p2a: Hitmonlee|[silent]\n|move|p1a: Baxcalibur|Glaive Rush|p2a: Hitmonlee\n|-damage|p2a: Hitmonlee|0 fnt\n|-singlemove|p1a: Baxcalibur|Glaive Rush|[silent]\n|faint|p2a: Hitmonlee\n|\n|-weather|RainDance|[upkeep]\n|upkeep\n|inactive|Time left: 300 sec this turn | 300 sec total | 5 sec grace\n|\n|t:|1783565399\n|switch|p2a: Wo-Chien|Wo-Chien, L83|277/277\n|-ability|p2a: Wo-Chien|Tablets of Ruin\n|turn|9\n|inactive|Time left: 300 sec this turn | 300 sec total\n|\n|t:|1783565400\n|move|p1a: Baxcalibur|Glaive Rush|p2a: Wo-Chien\n|-damage|p2a: Wo-Chien|85/277\n|-singlemove|p1a: Baxcalibur|Glaive Rush|[silent]\n|move|p2a: Wo-Chien|Knock Off|p1a: Baxcalibur\n|-damage|p1a: Baxcalibur|0 fnt\n|-enditem|p1a: Baxcalibur|Choice Band|[from] move: Knock Off|[of] p2a: Wo-Chien\n|faint|p1a: Baxcalibur\n|\n|-weather|RainDance|[upkeep]\n|-heal|p2a: Wo-Chien|102/277|[from] item: Leftovers\n|upkeep\n|\n|t:|1783565401\n|switch|p1a: Scizor|Scizor, L79, F|100/100\n|turn|10\n|inactive|Time left: 300 sec this turn | 300 sec total\n|\n|t:|1783565402\n|move|p2a: Wo-Chien|Knock Off|p1a: Scizor\n|-damage|p1a: Scizor|61/100\n|-enditem|p1a: Scizor|Life Orb|[from] move: Knock Off|[of] p2a: Wo-Chien\n|move|p1a: Scizor|Swords Dance|p1a: Scizor\n|-boost|p1a: Scizor|atk|2\n|\n|-weather|RainDance|[upkeep]\n|-heal|p2a: Wo-Chien|119/277|[from] item: Leftovers\n|upkeep\n|turn|11\n|inactive|Time left: 300 sec this turn | 300 sec total\n|\n|t:|1783565403\n|move|p2a: Wo-Chien|Leech Seed|p1a: Scizor\n|-start|p1a: Scizor|move: Leech Seed\n|move|p1a: Scizor|Bug Bite|p2a: Wo-Chien\n|-supereffective|p2a: Wo-Chien\n|-damage|p2a: Wo-Chien|0 fnt\n|faint|p2a: Wo-Chien\n|\n|-weather|none\n|upkeep\n|inactive|Time left: 300 sec this turn | 300 sec total | 5 sec grace\n|\n|t:|1783565404\n|switch|p2a: Oranguru|Oranguru, L92, F|315/315\n|turn|12\n|inactive|Time left: 300 sec this turn | 300 sec total\n|\n|t:|1783565405\n|-terastallize|p2a: Oranguru|Fighting\n|move|p2a: Oranguru|Nasty Plot|p2a: Oranguru\n|-boost|p2a: Oranguru|spa|2\n|move|p1a: Scizor|Bug Bite|p2a: Oranguru\n|-resisted|p2a: Oranguru\n|-damage|p2a: Oranguru|214/315\n|\n|-heal|p2a: Oranguru|233/315|[from] item: Leftovers\n|-damage|p1a: Scizor|49/100|[from] Leech Seed|[of] p2a: Oranguru\n|-heal|p2a: Oranguru|263/315|[silent]\n|upkeep\n|turn|13\n|inactive|Time left: 300 sec this turn | 300 sec total\n|\n|t:|1783565407\n|move|p1a: Scizor|Bullet Punch|p2a: Oranguru\n|-damage|p2a: Oranguru|119/315\n|move|p2a: Oranguru|Focus Blast|p1a: Scizor|[miss]\n|-miss|p2a: Oranguru|p1a: Scizor\n|\n|-heal|p2a: Oranguru|138/315|[from] item: Leftovers\n|-damage|p1a: Scizor|36/100|[from] Leech Seed|[of] p2a: Oranguru\n|-heal|p2a: Oranguru|168/315|[silent]\n|upkeep\n|turn|14\n|inactive|Time left: 300 sec this turn | 300 sec total\n|\n|t:|1783565408\n|move|p1a: Scizor|Bullet Punch|p2a: Oranguru\n|-damage|p2a: Oranguru|41/315\n|move|p2a: Oranguru|Psyshock|p1a: Scizor\n|-resisted|p1a: Scizor\n|-damage|p1a: Scizor|0 fnt\n|faint|p1a: Scizor\n|\n|-heal|p2a: Oranguru|60/315|[from] item: Leftovers\n|upkeep\n|\n|t:|1783565409\n|switch|p1a: Decidueye|Decidueye, L88, M|100/100\n|turn|15\n|inactive|Time left: 300 sec this turn | 300 sec total\n|\n|t:|1783565410\n|move|p1a: Decidueye|Spirit Shackle|p2a: Oranguru\n|-damage|p2a: Oranguru|0 fnt\n|faint|p2a: Oranguru\n|\n|upkeep\n|inactive|Time left: 300 sec this turn | 300 sec total | 5 sec grace\n|\n|t:|1783565411\n|switch|p2a: Shaymin|Shaymin-Sky, L73|266/266\n|turn|16\n|inactive|Time left: 300 sec this turn | 300 sec total\n|\n|t:|1783565412\n|move|p2a: Shaymin|Air Slash|p1a: Decidueye\n|-supereffective|p1a: Decidueye\n|-damage|p1a: Decidueye|55/100\n|cant|p1a: Decidueye|flinch\n|\n|upkeep\n|turn|17\n|inactive|Time left: 300 sec this turn | 300 sec total\n|\n|t:|1783565413\n|move|p2a: Shaymin|Air Slash|p1a: Decidueye\n|-supereffective|p1a: Decidueye\n|-damage|p1a: Decidueye|9/100\n|cant|p1a: Decidueye|flinch\n|\n|upkeep\n|turn|18\n|inactive|Time left: 300 sec this turn | 300 sec total\n|\n|t:|1783565414\n|move|p2a: Shaymin|Air Slash|p1a: Decidueye\n|-supereffective|p1a: Decidueye\n|-damage|p1a: Decidueye|0 fnt\n|faint|p1a: Decidueye\n|\n|upkeep\n|\n|t:|1783565415\n|switch|p1a: Mienshao|Mienshao, L83, M|100/100\n|turn|19\n|inactive|Time left: 300 sec this turn | 300 sec total\n|\n|t:|1783565416\n|move|p1a: Mienshao|Fake Out|p2a: Shaymin\n|-damage|p2a: Shaymin|224/266\n|cant|p2a: Shaymin|flinch\n|\n|upkeep\n|turn|20\n|inactive|Time left: 300 sec this turn | 300 sec total\n|\n|t:|1783565417\n|move|p2a: Shaymin|Air Slash|p1a: Mienshao\n|-supereffective|p1a: Mienshao\n|-damage|p1a: Mienshao|48/100\n|move|p1a: Mienshao|Knock Off|p2a: Shaymin\n|-damage|p2a: Shaymin|118/266\n|-enditem|p2a: Shaymin|Heavy-Duty Boots|[from] move: Knock Off|[of] p1a: Mienshao\n|\n|upkeep\n|turn|21\n|inactive|Time left: 300 sec this turn | 300 sec total\n|\n|t:|1783565418\n|move|p2a: Shaymin|Air Slash|p1a: Mienshao\n|-supereffective|p1a: Mienshao\n|-damage|p1a: Mienshao|0 fnt\n|faint|p1a: Mienshao\n|\n|win|p0y2272c6f3", "uploadtime": 1783565418, "views": 0, "rating": 0, "private": 0, "password": null, "_winner": "p0y2272c6f3", "_our_name": "p0y2272c6f3"}