{"id": "battle-gen9randombattle-2952", "formatid": "gen9randombattle", "format": "[Gen 9] Random Battle", "players": ["p0x29525045", "p0y2952e651"], "log": "|init|battle\n|title|p0x29525045 vs. p0y2952e651\n|j|\u2606p0x29525045\n|j|\u2606p0y2952e651\n|t:|1783573981\n|gametype|singles\n|player|p1|p0x29525045|1|\n|player|p2|p0y2952e651|101|\n|gen|9\n|tier|[Gen 9] Random Battle\n|rule|Species Clause: Limit one of each Pok\u00e9mon\n|rule|HP Percentage Mod: HP is shown in percentages\n|rule|Sleep Clause Mod: Limit one foe put to sleep\n|rule|Illusion Level Mod: Illusion disguises the Pok\u00e9mon's true level\n|\n|t:|1783573981\n|teamsize|p1|6\n|teamsize|p2|6\n|start\n|switch|p1a: Chimecho|Chimecho, L93, F|100/100\n|switch|p2a: Zapdos|Zapdos, L78|268/268\n|turn|1\n|inactive|Battle timer is ON: inactive players will automatically lose when time's up. (requested by p0y2952e651)\n|\n|t:|1783573982\n|move|p2a: Zapdos|Discharge|p1a: Chimecho\n|-damage|p1a: Chimecho|72/100\n|-status|p1a: Chimecho|par\n|move|p1a: Chimecho|Psychic Noise|p2a: Zapdos\n|-damage|p2a: Zapdos|159/268\n|-start|p2a: Zapdos|move: Heal Block\n|\n|-heal|p1a: Chimecho|78/100 par|[from] item: Leftovers\n|upkeep\n|turn|2\n|inactive|Time left: 300 sec this turn | 300 sec total\n|inactive|p0x29525045 also wants the timer to be on.\n|\n|t:|1783573984\n|move|p2a: Zapdos|Hurricane|p1a: Chimecho|[miss]\n|-miss|p2a: Zapdos|p1a: Chimecho\n|cant|p1a: Chimecho|par\n|\n|-heal|p1a: Chimecho|84/100 par|[from] item: Leftovers\n|-end|p2a: Zapdos|move: Heal Block\n|upkeep\n|turn|3\n|inactive|Time left: 300 sec this turn | 300 sec total\n|\n|t:|1783573985\n|move|p2a: Zapdos|Roost|p2a: Zapdos\n|-heal|p2a: Zapdos|268/268\n|-singleturn|p2a: Zapdos|move: Roost\n|cant|p1a: Chimecho|par\n|\n|-heal|p1a: Chimecho|90/100 par|[from] item: Leftovers\n|upkeep\n|turn|4\n|inactive|Time left: 300 sec this turn | 300 sec total\n|\n|t:|1783573986\n|move|p2a: Zapdos|Hurricane|p1a: Chimecho\n|-damage|p1a: Chimecho|49/100 par\n|move|p1a: Chimecho|Psychic Noise|p2a: Zapdos\n|-damage|p2a: Zapdos|157/268\n|-start|p2a: Zapdos|move: Heal Block\n|\n|-heal|p1a: Chimecho|55/100 par|[from] item: Leftovers\n|upkeep\n|turn|5\n|inactive|Time left: 300 sec this turn | 300 sec total\n|\n|t:|1783573987\n|move|p2a: Zapdos|Hurricane|p1a: Chimecho|[miss]\n|-miss|p2a: Zapdos|p1a: Chimecho\n|cant|p1a: Chimecho|par\n|\n|-heal|p1a: Chimecho|61/100 par|[from] item: Leftovers\n|-end|p2a: Zapdos|move: Heal Block\n|upkeep\n|turn|6\n|inactive|Time left: 300 sec this turn | 300 sec total\n|\n|t:|1783573988\n|move|p2a: Zapdos|Roost|p2a: Zapdos\n|-heal|p2a: Zapdos|268/268\n|-singleturn|p2a: Zapdos|move: Roost\n|move|p1a: Chimecho|Recover|p1a: Chimecho\n|-heal|p1a: Chimecho|100/100 par\n|\n|upkeep\n|turn|7\n|inactive|Time left: 300 sec this turn | 300 sec total\n|\n|t:|1783573989\n|move|p2a: Zapdos|Discharge|p1a: Chimecho\n|-damage|p1a: Chimecho|74/100 par\n|move|p1a: Chimecho|Knock Off|p2a: Zapdos\n|-damage|p2a: Zapdos|210/268\n|-enditem|p2a: Zapdos|Heavy-Duty Boots|[from] move: Knock Off|[of] p1a: Chimecho\n|\n|-heal|p1a: Chimecho|80/100 par|[from] item: Leftovers\n|upkeep\n|turn|8\n|inactive|Time left: 300 sec this turn | 300 sec total\n|\n|t:|1783573990\n|move|p2a: Zapdos|Hurricane|p1a: Chimecho\n|-damage|p1a: Chimecho|45/100 par\n|move|p1a: Chimecho|Psychic Noise|p2a: Zapdos\n|-damage|p2a: Zapdos|99/268\n|-start|p2a: Zapdos|move: Heal Block\n|\n|-heal|p1a: Chimecho|52/100 par|[from] item: Leftovers\n|upkeep\n|turn|9\n|inactive|Time left: 300 sec this turn | 300 sec total\n|\n|t:|1783573992\n|move|p2a: Zapdos|Hurricane|p1a: Chimecho\n|-damage|p1a: Chimecho|14/100 par\n|-start|p1a: Chimecho|confusion\n|-activate|p1a: Chimecho|confusion\n|move|p1a: Chimecho|Psychic Noise|p2a: Zapdos\n|-damage|p2a: Zapdos|0 fnt\n|faint|p2a: Zapdos\n|\n|-heal|p1a: Chimecho|20/100 par|[from] item: Leftovers\n|upkeep\n|inactive|Time left: 300 sec this turn | 300 sec total | 5 sec grace\n|\n|t:|1783573993\n|switch|p2a: Glastrier|Glastrier, L86|312/312\n|turn|10\n|inactive|Time left: 300 sec this turn | 300 sec total\n|\n|t:|1783573994\n|switch|p1a: Spidops|Spidops, L96, F|100/100\n|move|p2a: Glastrier|Swords Dance|p2a: Glastrier\n|-boost|p2a: Glastrier|atk|2\n|\n|upkeep\n|turn|11\n|inactive|Time left: 300 sec this turn | 300 sec total\n|\n|t:|1783573995\n|move|p1a: Spidops|Sticky Web|p2a: Glastrier\n|-sidestart|p2: p0y2952e651|move: Sticky Web\n|move|p2a: Glastrier|Icicle Crash|p1a: Spidops\n|-crit|p1a: Spidops\n|-damage|p1a: Spidops|0 fnt\n|faint|p1a: Spidops\n|-ability|p2a: Glastrier|Chilling Neigh|boost\n|-boost|p2a: Glastrier|atk|1\n|\n|upkeep\n|\n|t:|1783573996\n|switch|p1a: Hitmonlee|Hitmonlee, L85, M|100/100\n|turn|12\n|inactive|Time left: 300 sec this turn | 300 sec total\n|\n|t:|1783573996\n|-terastallize|p2a: Glastrier|Fighting\n|move|p1a: Hitmonlee|High Jump Kick|p2a: Glastrier\n|-damage|p2a: Glastrier|108/312\n|move|p2a: Glastrier|Heavy Slam|p1a: Hitmonlee\n|-damage|p1a: Hitmonlee|0 fnt\n|faint|p1a: Hitmonlee\n|-ability|p2a: Glastrier|Chilling Neigh|boost\n|-boost|p2a: Glastrier|atk|1\n|\n|upkeep\n|\n|t:|1783573997\n|switch|p1a: Iron Moth|Iron Moth, L78|100/100\n|turn|13\n|inactive|Time left: 300 sec this turn | 300 sec total\n|\n|t:|1783573998\n|move|p1a: Iron Moth|Fire Blast|p2a: Glastrier\n|-damage|p2a: Glastrier|0 fnt\n|faint|p2a: Glastrier\n|\n|upkeep\n|inactive|Time left: 300 sec this turn | 300 sec total | 5 sec grace\n|\n|t:|1783573999\n|switch|p2a: Haxorus|Haxorus, L77, F|244/244\n|-activate|p2a: Haxorus|move: Sticky Web\n|-unboost|p2a: Haxorus|spe|1\n|-ability|p2a: Haxorus|Mold Breaker\n|turn|14\n|inactive|Time left: 300 sec this turn | 300 sec total\n|\n|t:|1783574000\n|move|p1a: Iron Moth|Sludge Wave|p2a: Haxorus\n|-damage|p2a: Haxorus|102/244\n|move|p2a: Haxorus|Earthquake|p1a: Iron Moth\n|-supereffective|p1a: Iron Moth\n|-damage|p1a: Iron Moth|0 fnt\n|faint|p1a: Iron Moth\n|-end|p1a: Iron Moth|Quark Drive|[silent]\n|\n|upkeep\n|\n|t:|1783574001\n|switch|p1a: Froslass|Froslass, L87, F|100/100\n|turn|15\n|inactive|Time left: 300 sec this turn | 300 sec total\n|\n|t:|1783574002\n|switch|p2a: Glalie|Glalie, L96, F|309/309\n|move|p1a: Froslass|Poltergeist|p2a: Glalie\n|-activate|p2a: Glalie|move: Poltergeist|Heavy-Duty Boots\n|-damage|p2a: Glalie|204/309\n|\n|upkeep\n|turn|16\n|inactive|Time left: 300 sec this turn | 300 sec total\n|\n|t:|1783574003\n|move|p1a: Froslass|Poltergeist|p2a: Glalie\n|-activate|p2a: Glalie|move: Poltergeist|Heavy-Duty Boots\n|-damage|p2a: Glalie|99/309\n|move|p2a: Glalie|Earthquake|p1a: Froslass\n|-damage|p1a: Froslass|67/100\n|\n|upkeep\n|turn|17\n|inactive|Time left: 300 sec this turn | 300 sec total\n|\n|t:|1783574004\n|move|p1a: Froslass|Poltergeist|p2a: Glalie\n|-activate|p2a: Glalie|move: Poltergeist|Heavy-Duty Boots\n|-damage|p2a: Glalie|6/309\n|move|p2a: Glalie|Freeze-Dry|p1a: Froslass\n|-resisted|p1a: Froslass\n|-damage|p1a: Froslass|50/100\n|\n|upkeep\n|turn|18\n|inactive|Time left: 300 sec this turn | 300 sec total\n|\n|t:|1783574006\n|switch|p2a: Raikou|Raikou, L81|278/278\n|-activate|p2a: Raikou|move: Sticky Web\n|-unboost|p2a: Raikou|spe|1\n|-ability|p2a: Raikou|Pressure\n|move|p1a: Froslass|Poltergeist|p2a: Raikou\n|-activate|p2a: Raikou|move: Poltergeist|Leftovers\n|-damage|p2a: Raikou|151/278\n|\n|-heal|p2a: Raikou|168/278|[from] item: Leftovers\n|upkeep\n|turn|19\n|inactive|Time left: 300 sec this turn | 300 sec total\n|\n|t:|1783574007\n|move|p1a: Froslass|Triple Axel|p2a: Raikou\n|-damage|p2a: Raikou|146/278\n|-damage|p2a: Raikou|104/278\n|-damage|p2a: Raikou|35/278\n|-hitcount|p2a: Raikou|3\n|move|p2a: Raikou|Thunderbolt|p1a: Froslass\n|-damage|p1a: Froslass|8/100\n|\n|-heal|p2a: Raikou|52/278|[from] item: Leftovers\n|upkeep\n|turn|20\n|inactive|Time left: 300 sec this turn | 300 sec total\n|\n|t:|1783574008\n|move|p1a: Froslass|Triple Axel|p2a: Raikou\n|-damage|p2a: Raikou|30/278\n|-damage|p2a: Raikou|0 fnt\n|faint|p2a: Raikou\n|-hitcount|p2: Raikou|2\n|\n|upkeep\n|inactive|Time left: 300 sec this turn | 300 sec total | 5 sec grace\n|\n|t:|1783574009\n|switch|p2a: Glalie|Glalie, L96, F|6/309\n|turn|21\n|inactive|Time left: 300 sec this turn | 300 sec total\n|\n|t:|1783574009\n|move|p1a: Froslass|Triple Axel|p2a: Glalie\n|-resisted|p2a: Glalie\n|-damage|p2a: Glalie|0 fnt\n|faint|p2a: Glalie\n|-hitcount|p2: Glalie|1\n|\n|upkeep\n|inactive|Time left: 300 sec this turn | 300 sec total | 5 sec grace\n|\n|t:|1783574010\n|switch|p2a: Haxorus|Haxorus, L77, F|102/244\n|-activate|p2a: Haxorus|move: Sticky Web\n|-unboost|p2a: Haxorus|spe|1\n|-ability|p2a: Haxorus|Mold Breaker\n|turn|22\n|inactive|Time left: 300 sec this turn | 300 sec total\n|\n|t:|1783574011\n|move|p1a: Froslass|Triple Axel|p2a: Haxorus\n|-supereffective|p2a: Haxorus\n|-damage|p2a: Haxorus|60/244\n|-supereffective|p2a: Haxorus\n|-damage|p2a: Haxorus|0 fnt\n|faint|p2a: Haxorus\n|-hitcount|p2: Haxorus|2\n|\n|upkeep\n|inactive|Time left: 300 sec this turn | 300 sec total | 5 sec grace\n|\n|t:|1783574012\n|switch|p2a: Meowscarada|Meowscarada, L78, M|247/247\n|turn|23\n|inactive|Time left: 300 sec this turn | 300 sec total\n|\n|t:|1783574013\n|move|p1a: Froslass|Triple Axel|p2a: Meowscarada\n|-supereffective|p2a: Meowscarada\n|-damage|p2a: Meowscarada|193/247\n|-supereffective|p2a: Meowscarada\n|-damage|p2a: Meowscarada|89/247\n|-supereffective|p2a: Meowscarada\n|-damage|p2a: Meowscarada|0 fnt\n|faint|p2a: Meowscarada\n|-hitcount|p2: Meowscarada|3\n|\n|win|p0x29525045", "uploadtime": 1783574013, "views": 0, "rating": 0, "private": 0, "password": null, "_winner": "p0x29525045", "_our_name": "p0y2952e651"}