{"id": "battle-gen9randombattle-115", "formatid": "gen9randombattle", "format": "[Gen 9] Random Battle", "players": ["p0x1159eef", "p0y115c89f"], "log": "|init|battle\n|title|p0x1159eef vs. p0y115c89f\n|j|\u2606p0x1159eef\n|j|\u2606p0y115c89f\n|t:|1783540510\n|gametype|singles\n|player|p1|p0x1159eef|265|\n|player|p2|p0y115c89f|265|\n|gen|9\n|tier|[Gen 9] Random Battle\n|rule|Species Clause: Limit one of each Pok\u00e9mon\n|rule|HP Percentage Mod: HP is shown in percentages\n|rule|Sleep Clause Mod: Limit one foe put to sleep\n|rule|Illusion Level Mod: Illusion disguises the Pok\u00e9mon's true level\n|\n|t:|1783540510\n|teamsize|p1|6\n|teamsize|p2|6\n|start\n|switch|p1a: Kyurem|Kyurem, L77|319/319\n|switch|p2a: Tornadus|Tornadus-Therian, L79, M|100/100\n|-ability|p1a: Kyurem|Pressure\n|turn|1\n|inactive|Battle timer is ON: inactive players will automatically lose when time's up. (requested by p0x1159eef)\n|inactive|p0y115c89f also wants the timer to be on.\n|\n|t:|1783540511\n|move|p2a: Tornadus|Focus Blast|p1a: Kyurem\n|-supereffective|p1a: Kyurem\n|-damage|p1a: Kyurem|75/319\n|move|p1a: Kyurem|Freeze-Dry|p2a: Tornadus\n|-supereffective|p2a: Tornadus\n|-damage|p2a: Tornadus|0 fnt\n|faint|p2a: Tornadus\n|\n|upkeep\n|\n|t:|1783540512\n|switch|p2a: Tinkaton|Tinkaton, L82, F|100/100\n|-ability|p2a: Tinkaton|Mold Breaker\n|turn|2\n|inactive|Time left: 300 sec this turn | 300 sec total\n|\n|t:|1783540513\n|switch|p1a: Groudon|Groudon, L72|263/263\n|-weather|SunnyDay|[from] ability: Drought|[of] p1a: Groudon\n|move|p2a: Tinkaton|Gigaton Hammer|p1a: Groudon\n|-damage|p1a: Groudon|154/263\n|\n|-weather|SunnyDay|[upkeep]\n|-heal|p1a: Groudon|170/263|[from] item: Leftovers\n|upkeep\n|turn|3\n|inactive|Time left: 300 sec this turn | 300 sec total\n|\n|t:|1783540514\n|switch|p2a: Camerupt|Camerupt, L91, F|100/100\n|move|p1a: Groudon|Heat Crash|p2a: Camerupt\n|-resisted|p2a: Camerupt\n|-damage|p2a: Camerupt|80/100\n|\n|-weather|SunnyDay|[upkeep]\n|-heal|p1a: Groudon|186/263|[from] item: Leftovers\n|-heal|p2a: Camerupt|86/100|[from] item: Leftovers\n|upkeep\n|turn|4\n|inactive|Time left: 300 sec this turn | 300 sec total\n|\n|t:|1783540516\n|move|p1a: Groudon|Precipice Blades|p2a: Camerupt\n|-supereffective|p2a: Camerupt\n|-damage|p2a: Camerupt|12/100\n|move|p2a: Camerupt|Overheat|p1a: Groudon\n|-damage|p1a: Groudon|0 fnt\n|-unboost|p2a: Camerupt|spa|2\n|faint|p1a: Groudon\n|\n|-weather|SunnyDay|[upkeep]\n|-heal|p2a: Camerupt|18/100|[from] item: Leftovers\n|upkeep\n|inactive|Time left: 300 sec this turn | 300 sec total | 5 sec grace\n|\n|t:|1783540517\n|switch|p1a: Ariados|Ariados, L95, F, shiny|287/287\n|turn|5\n|inactive|Time left: 300 sec this turn | 300 sec total\n|\n|t:|1783540518\n|switch|p2a: Reshiram|Reshiram, L76|100/100\n|-ability|p2a: Reshiram|Turboblaze\n|move|p1a: Ariados|Sticky Web|p2a: Reshiram\n|-sidestart|p2: p0y115c89f|move: Sticky Web\n|\n|-weather|SunnyDay|[upkeep]\n|upkeep\n|turn|6\n|inactive|Time left: 300 sec this turn | 300 sec total\n|\n|t:|1783540519\n|move|p2a: Reshiram|Flare Blitz|p1a: Ariados\n|-supereffective|p1a: Ariados\n|-crit|p1a: Ariados\n|-damage|p1a: Ariados|0 fnt\n|faint|p1a: Ariados\n|-damage|p2a: Reshiram|66/100|[from] Recoil\n|\n|-weather|none\n|upkeep\n|inactive|Time left: 300 sec this turn | 300 sec total | 5 sec grace\n|\n|t:|1783540520\n|switch|p1a: Bruxish|Bruxish, L85, F|254/254\n|turn|7\n|inactive|Time left: 300 sec this turn | 300 sec total\n|\n|t:|1783540521\n|switch|p2a: Camerupt|Camerupt, L91, F|18/100\n|-activate|p2a: Camerupt|move: Sticky Web\n|-unboost|p2a: Camerupt|spe|1\n|move|p1a: Bruxish|Psychic Fangs|p2a: Camerupt\n|-damage|p2a: Camerupt|0 fnt\n|faint|p2a: Camerupt\n|-damage|p1a: Bruxish|229/254|[from] item: Life Orb\n|\n|upkeep\n|\n|t:|1783540522\n|switch|p2a: Dewgong|Dewgong, L94, M|100/100\n|turn|8\n|inactive|Time left: 300 sec this turn | 300 sec total\n|\n|t:|1783540523\n|move|p1a: Bruxish|Psychic Fangs|p2a: Dewgong\n|-damage|p2a: Dewgong|44/100\n|-damage|p1a: Bruxish|204/254|[from] item: Life Orb\n|move|p2a: Dewgong|Knock Off|p1a: Bruxish\n|-supereffective|p1a: Bruxish\n|-damage|p1a: Bruxish|40/254\n|-enditem|p1a: Bruxish|Life Orb|[from] move: Knock Off|[of] p2a: Dewgong\n|\n|upkeep\n|turn|9\n|inactive|Time left: 300 sec this turn | 300 sec total\n|\n|t:|1783540524\n|switch|p2a: Tinkaton|Tinkaton, L82, F|100/100\n|-activate|p2a: Tinkaton|move: Sticky Web\n|-unboost|p2a: Tinkaton|spe|1\n|-ability|p2a: Tinkaton|Mold Breaker\n|move|p1a: Bruxish|Psychic Fangs|p2a: Tinkaton\n|-resisted|p2a: Tinkaton\n|-damage|p2a: Tinkaton|71/100\n|\n|-heal|p2a: Tinkaton|77/100|[from] item: Leftovers\n|upkeep\n|turn|10\n|inactive|Time left: 300 sec this turn | 300 sec total\n|\n|t:|1783540525\n|move|p1a: Bruxish|Wave Crash|p2a: Tinkaton\n|-damage|p2a: Tinkaton|20/100\n|-damage|p1a: Bruxish|0 fnt|[from] Recoil\n|faint|p1a: Bruxish\n|move|p2a: Tinkaton|Knock Off|p1: Bruxish|[notarget]\n|-fail|p2a: Tinkaton\n|\n|-heal|p2a: Tinkaton|26/100|[from] item: Leftovers\n|upkeep\n|inactive|Time left: 300 sec this turn | 300 sec total | 5 sec grace\n|\n|t:|1783540526\n|switch|p1a: Inteleon|Inteleon, L81, F|246/246\n|turn|11\n|inactive|Time left: 300 sec this turn | 300 sec total\n|\n|t:|1783540527\n|move|p1a: Inteleon|Scald|p2a: Tinkaton\n|-damage|p2a: Tinkaton|0 fnt\n|faint|p2a: Tinkaton\n|\n|upkeep\n|\n|t:|1783540528\n|switch|p2a: Arboliva|Arboliva, L91, F|100/100\n|-activate|p2a: Arboliva|move: Sticky Web\n|-unboost|p2a: Arboliva|spe|1\n|turn|12\n|inactive|Time left: 300 sec this turn | 300 sec total\n|\n|t:|1783540529\n|switch|p1a: Kyurem|Kyurem, L77|75/319\n|-ability|p1a: Kyurem|Pressure\n|move|p2a: Arboliva|Hyper Voice|p1a: Kyurem\n|-damage|p1a: Kyurem|0 fnt\n|faint|p1a: Kyurem\n|\n|upkeep\n|inactive|Time left: 300 sec this turn | 300 sec total | 5 sec grace\n|\n|t:|1783540530\n|switch|p1a: Lilligant|Lilligant-Hisui, L79, F|240/240\n|turn|13\n|inactive|Time left: 300 sec this turn | 300 sec total\n|\n|t:|1783540531\n|-terastallize|p2a: Arboliva|Poison\n|move|p1a: Lilligant|Victory Dance|p1a: Lilligant\n|-boost|p1a: Lilligant|atk|1\n|-boost|p1a: Lilligant|def|1\n|-boost|p1a: Lilligant|spe|1\n|move|p2a: Arboliva|Hyper Voice|p1a: Lilligant\n|-damage|p1a: Lilligant|81/240\n|\n|upkeep\n|turn|14\n|inactive|Time left: 300 sec this turn | 300 sec total\n|\n|t:|1783540532\n|move|p1a: Lilligant|Sleep Powder|p2a: Arboliva\n|-status|p2a: Arboliva|slp|[from] move: Sleep Powder\n|cant|p2a: Arboliva|slp\n|\n|upkeep\n|turn|15\n|inactive|Time left: 300 sec this turn | 300 sec total\n|\n|t:|1783540533\n|move|p1a: Lilligant|Victory Dance|p1a: Lilligant\n|-boost|p1a: Lilligant|atk|1\n|-boost|p1a: Lilligant|def|1\n|-boost|p1a: Lilligant|spe|1\n|-curestatus|p2a: Arboliva|slp|[msg]\n|move|p2a: Arboliva|Hyper Voice|p1a: Lilligant\n|-damage|p1a: Lilligant|0 fnt\n|faint|p1a: Lilligant\n|\n|upkeep\n|inactive|Time left: 300 sec this turn | 300 sec total | 5 sec grace\n|\n|t:|1783540533\n|switch|p1a: Inteleon|Inteleon, L81, F|246/246\n|turn|16\n|inactive|Time left: 300 sec this turn | 300 sec total\n|\n|t:|1783540534\n|-terastallize|p1a: Inteleon|Water\n|move|p1a: Inteleon|Hydro Pump|p2a: Arboliva\n|-damage|p2a: Arboliva|32/100\n|-enditem|p2a: Arboliva|Sitrus Berry|[eat]\n|-heal|p2a: Arboliva|57/100|[from] item: Sitrus Berry\n|move|p2a: Arboliva|Leech Seed|p1a: Inteleon\n|-start|p1a: Inteleon|move: Leech Seed\n|\n|-damage|p1a: Inteleon|216/246|[from] Leech Seed|[of] p2a: Arboliva\n|-heal|p2a: Arboliva|67/100|[silent]\n|upkeep\n|turn|17\n|inactive|Time left: 300 sec this turn | 300 sec total\n|\n|t:|1783540535\n|move|p2a: Arboliva|Protect|p2a: Arboliva\n|-singleturn|p2a: Arboliva|Protect\n|move|p1a: Inteleon|Hydro Pump|p2a: Arboliva\n|-activate|p2a: Arboliva|move: Protect\n|\n|-damage|p1a: Inteleon|186/246|[from] Leech Seed|[of] p2a: Arboliva\n|-heal|p2a: Arboliva|78/100|[silent]\n|upkeep\n|turn|18\n|inactive|Time left: 300 sec this turn | 300 sec total\n|\n|t:|1783540536\n|switch|p2a: Reshiram|Reshiram, L76|66/100\n|-ability|p2a: Reshiram|Turboblaze\n|move|p1a: Inteleon|Hydro Pump|p2a: Reshiram|[miss]\n|-miss|p1a: Inteleon|p2a: Reshiram\n|\n|-damage|p1a: Inteleon|156/246|[from] Leech Seed|[of] p2a: Reshiram\n|-heal|p2a: Reshiram|77/100|[silent]\n|upkeep\n|turn|19\n|inactive|Time left: 300 sec this turn | 300 sec total\n|\n|t:|1783540537\n|move|p1a: Inteleon|Hydro Pump|p2a: Reshiram|[miss]\n|-miss|p1a: Inteleon|p2a: Reshiram\n|move|p2a: Reshiram|Outrage|p1a: Inteleon\n|-damage|p1a: Inteleon|6/246\n|\n|-damage|p1a: Inteleon|0 fnt|[from] Leech Seed|[of] p2a: Reshiram\n|-heal|p2a: Reshiram|79/100|[silent]\n|faint|p1a: Inteleon\n|\n|win|p0y115c89f", "uploadtime": 1783540537, "views": 0, "rating": 0, "private": 0, "password": null, "_winner": "p0y115c89f", "_our_name": "p0x1159eef"}