{"id": "battle-gen9randombattle-2540", "formatid": "gen9randombattle", "format": "[Gen 9] Random Battle", "players": ["p0x25402076", "p0y25401a0a"], "log": "|init|battle\n|title|p0x25402076 vs. p0y25401a0a\n|j|\u2606p0x25402076\n|j|\u2606p0y25401a0a\n|t:|1783569389\n|gametype|singles\n|player|p1|p0x25402076|101|\n|player|p2|p0y25401a0a|169|\n|gen|9\n|tier|[Gen 9] Random Battle\n|rule|Species Clause: Limit one of each Pok\u00e9mon\n|rule|HP Percentage Mod: HP is shown in percentages\n|rule|Sleep Clause Mod: Limit one foe put to sleep\n|rule|Illusion Level Mod: Illusion disguises the Pok\u00e9mon's true level\n|\n|t:|1783569389\n|teamsize|p1|6\n|teamsize|p2|6\n|start\n|switch|p1a: Chimecho|Chimecho, L93, M|290/290\n|switch|p2a: Arceus|Arceus-Water, L71|100/100\n|turn|1\n|inactive|Battle timer is ON: inactive players will automatically lose when time's up. (requested by p0y25401a0a)\n|inactive|Time left: 300 sec this turn | 300 sec total | 60 sec grace\n|inactive|p0x25402076 also wants the timer to be on.\n|\n|t:|1783569390\n|switch|p1a: Miraidon|Miraidon, L65|238/238\n|-fieldstart|move: Electric Terrain|[from] ability: Hadron Engine|[of] p1a: Miraidon\n|move|p2a: Arceus|Judgment|p1a: Miraidon\n|-resisted|p1a: Miraidon\n|-damage|p1a: Miraidon|180/238\n|\n|upkeep\n|turn|2\n|inactive|Time left: 300 sec this turn | 300 sec total\n|\n|t:|1783569391\n|switch|p2a: Garchomp|Garchomp, L74, M|100/100\n|move|p1a: Miraidon|Electro Drift|p2a: Garchomp\n|-immune|p2a: Garchomp\n|\n|upkeep\n|turn|3\n|inactive|Time left: 300 sec this turn | 300 sec total\n|\n|t:|1783569392\n|switch|p1a: Chimecho|Chimecho, L93, M|290/290\n|move|p2a: Garchomp|Outrage|p1a: Chimecho\n|-damage|p1a: Chimecho|161/290\n|\n|-heal|p1a: Chimecho|179/290|[from] item: Leftovers\n|upkeep\n|turn|4\n|inactive|Time left: 300 sec this turn | 300 sec total\n|\n|t:|1783569393\n|-terastallize|p1a: Chimecho|Steel\n|move|p2a: Garchomp|Outrage|p1a: Chimecho|[from] lockedmove\n|-resisted|p1a: Chimecho\n|-damage|p1a: Chimecho|119/290\n|move|p1a: Chimecho|Dazzling Gleam|p2a: Garchomp\n|-supereffective|p2a: Garchomp\n|-damage|p2a: Garchomp|47/100\n|\n|-heal|p1a: Chimecho|137/290|[from] item: Leftovers\n|upkeep\n|turn|5\n|inactive|Time left: 300 sec this turn | 300 sec total\n|\n|t:|1783569394\n|move|p2a: Garchomp|Outrage|p1a: Chimecho|[from] lockedmove\n|-resisted|p1a: Chimecho\n|-damage|p1a: Chimecho|79/290\n|-start|p2a: Garchomp|confusion|[fatigue]\n|move|p1a: Chimecho|Dazzling Gleam|p2a: Garchomp\n|-supereffective|p2a: Garchomp\n|-crit|p2a: Garchomp\n|-damage|p2a: Garchomp|0 fnt\n|faint|p2a: Garchomp\n|\n|-heal|p1a: Chimecho|97/290|[from] item: Leftovers\n|-fieldend|move: Electric Terrain\n|upkeep\n|\n|t:|1783569395\n|switch|p2a: Armarouge|Armarouge, L80, F|100/100\n|turn|6\n|inactive|Time left: 300 sec this turn | 300 sec total\n|\n|t:|1783569396\n|move|p1a: Chimecho|Dazzling Gleam|p2a: Armarouge\n|-resisted|p2a: Armarouge\n|-damage|p2a: Armarouge|86/100\n|move|p2a: Armarouge|Armor Cannon|p1a: Chimecho\n|-supereffective|p1a: Chimecho\n|-damage|p1a: Chimecho|0 fnt\n|-unboost|p2a: Armarouge|def|1\n|-unboost|p2a: Armarouge|spd|1\n|faint|p1a: Chimecho\n|\n|upkeep\n|inactive|Time left: 300 sec this turn | 300 sec total | 5 sec grace\n|\n|t:|1783569397\n|switch|p1a: Miraidon|Miraidon, L65|180/238\n|-fieldstart|move: Electric Terrain|[from] ability: Hadron Engine|[of] p1a: Miraidon\n|turn|7\n|inactive|Time left: 300 sec this turn | 300 sec total\n|\n|t:|1783569397\n|switch|p2a: Umbreon|Umbreon, L84, F|100/100\n|move|p1a: Miraidon|Electro Drift|p2a: Umbreon\n|-crit|p2a: Umbreon\n|-damage|p2a: Umbreon|21/100\n|\n|-heal|p2a: Umbreon|27/100|[from] item: Leftovers\n|upkeep\n|turn|8\n|inactive|Time left: 300 sec this turn | 300 sec total\n|\n|t:|1783569398\n|move|p1a: Miraidon|Electro Drift|p2a: Umbreon\n|-damage|p2a: Umbreon|0 fnt\n|faint|p2a: Umbreon\n|\n|upkeep\n|\n|t:|1783569399\n|switch|p2a: Iron Valiant|Iron Valiant, L78|100/100\n|-activate|p2a: Iron Valiant|ability: Quark Drive\n|-start|p2a: Iron Valiant|quarkdriveatk\n|turn|9\n|inactive|Time left: 300 sec this turn | 300 sec total\n|\n|t:|1783569400\n|switch|p1a: Whiscash|Whiscash, L88, M|337/337\n|move|p2a: Iron Valiant|Moonblast|p1a: Whiscash\n|-damage|p1a: Whiscash|172/337\n|-damage|p2a: Iron Valiant|91/100|[from] item: Life Orb\n|\n|upkeep\n|turn|10\n|inactive|Time left: 300 sec this turn | 300 sec total\n|\n|t:|1783569401\n|move|p2a: Iron Valiant|Close Combat|p1a: Whiscash\n|-damage|p1a: Whiscash|0 fnt\n|-unboost|p2a: Iron Valiant|def|1\n|-unboost|p2a: Iron Valiant|spd|1\n|faint|p1a: Whiscash\n|-damage|p2a: Iron Valiant|81/100|[from] item: Life Orb\n|\n|upkeep\n|inactive|Time left: 300 sec this turn | 300 sec total | 5 sec grace\n|\n|t:|1783569402\n|switch|p1a: Toucannon|Toucannon, L88, M|284/284\n|turn|11\n|inactive|Time left: 300 sec this turn | 300 sec total\n|\n|t:|1783569403\n|move|p2a: Iron Valiant|Close Combat|p1a: Toucannon\n|-damage|p1a: Toucannon|31/284\n|-unboost|p2a: Iron Valiant|def|1\n|-unboost|p2a: Iron Valiant|spd|1\n|-damage|p2a: Iron Valiant|71/100|[from] item: Life Orb\n|move|p1a: Toucannon|Boomburst|p2a: Iron Valiant\n|-damage|p2a: Iron Valiant|0 fnt\n|faint|p2a: Iron Valiant\n|-end|p2a: Iron Valiant|Quark Drive|[silent]\n|\n|-fieldend|move: Electric Terrain\n|upkeep\n|\n|t:|1783569404\n|switch|p2a: Feraligatr|Feraligatr, L79, M|100/100\n|turn|12\n|inactive|Time left: 300 sec this turn | 300 sec total\n|\n|t:|1783569405\n|move|p2a: Feraligatr|Ice Punch|p1a: Toucannon\n|-supereffective|p1a: Toucannon\n|-damage|p1a: Toucannon|0 fnt\n|faint|p1a: Toucannon\n|\n|upkeep\n|inactive|Time left: 300 sec this turn | 300 sec total | 5 sec grace\n|\n|t:|1783569406\n|switch|p1a: Miraidon|Miraidon, L65|180/238\n|-fieldstart|move: Electric Terrain|[from] ability: Hadron Engine|[of] p1a: Miraidon\n|turn|13\n|inactive|Time left: 300 sec this turn | 300 sec total\n|\n|t:|1783569406\n|-terastallize|p2a: Feraligatr|Grass\n|move|p1a: Miraidon|Electro Drift|p2a: Feraligatr\n|-resisted|p2a: Feraligatr\n|-damage|p2a: Feraligatr|55/100\n|move|p2a: Feraligatr|Ice Punch|p1a: Miraidon\n|-supereffective|p1a: Miraidon\n|-damage|p1a: Miraidon|0 fnt\n|faint|p1a: Miraidon\n|\n|upkeep\n|inactive|Time left: 300 sec this turn | 300 sec total | 5 sec grace\n|\n|t:|1783569407\n|switch|p1a: Mamoswine|Mamoswine, L81, M|311/311\n|turn|14\n|inactive|Time left: 300 sec this turn | 300 sec total\n|\n|t:|1783569408\n|move|p1a: Mamoswine|Icicle Crash|p2a: Feraligatr\n|-supereffective|p2a: Feraligatr\n|-damage|p2a: Feraligatr|0 fnt\n|faint|p2a: Feraligatr\n|-damage|p1a: Mamoswine|280/311|[from] item: Life Orb\n|\n|upkeep\n|\n|t:|1783569409\n|switch|p2a: Arceus|Arceus-Water, L71|100/100\n|turn|15\n|inactive|Time left: 300 sec this turn | 300 sec total\n|\n|t:|1783569410\n|switch|p1a: Quaquaval|Quaquaval, L79, F|264/264\n|move|p2a: Arceus|Judgment|p1a: Quaquaval\n|-resisted|p1a: Quaquaval\n|-damage|p1a: Quaquaval|199/264\n|\n|-heal|p1a: Quaquaval|215/264|[from] item: Leftovers\n|upkeep\n|turn|16\n|inactive|Time left: 300 sec this turn | 300 sec total\n|\n|t:|1783569410\n|move|p2a: Arceus|Will-O-Wisp|p1a: Quaquaval\n|-status|p1a: Quaquaval|brn\n|move|p1a: Quaquaval|Aqua Step|p2a: Arceus\n|-resisted|p2a: Arceus\n|-damage|p2a: Arceus|94/100\n|-boost|p1a: Quaquaval|spe|1\n|\n|-heal|p1a: Quaquaval|231/264 brn|[from] item: Leftovers\n|-damage|p1a: Quaquaval|215/264 brn|[from] brn\n|upkeep\n|turn|17\n|inactive|Time left: 300 sec this turn | 300 sec total\n|\n|t:|1783569411\n|switch|p2a: Armarouge|Armarouge, L80, F|86/100\n|move|p1a: Quaquaval|Aqua Step|p2a: Armarouge\n|-supereffective|p2a: Armarouge\n|-damage|p2a: Armarouge|51/100\n|-boost|p1a: Quaquaval|spe|1\n|-ability|p2a: Armarouge|Weak Armor|boost\n|-unboost|p2a: Armarouge|def|1\n|-boost|p2a: Armarouge|spe|2\n|\n|-heal|p1a: Quaquaval|231/264 brn|[from] item: Leftovers\n|-damage|p1a: Quaquaval|215/264 brn|[from] brn\n|-fieldend|move: Electric Terrain\n|upkeep\n|turn|18\n|inactive|Time left: 300 sec this turn | 300 sec total\n|\n|t:|1783569412\n|move|p1a: Quaquaval|Aqua Step|p2a: Armarouge\n|-supereffective|p2a: Armarouge\n|-damage|p2a: Armarouge|6/100\n|-boost|p1a: Quaquaval|spe|1\n|-ability|p2a: Armarouge|Weak Armor|boost\n|-unboost|p2a: Armarouge|def|1\n|-boost|p2a: Armarouge|spe|2\n|move|p2a: Armarouge|Energy Ball|p1a: Quaquaval\n|-supereffective|p1a: Quaquaval\n|-damage|p1a: Quaquaval|0 fnt\n|faint|p1a: Quaquaval\n|\n|upkeep\n|inactive|Time left: 300 sec this turn | 300 sec total | 5 sec grace\n|\n|t:|1783569413\n|switch|p1a: Mamoswine|Mamoswine, L81, M|280/311\n|turn|19\n|inactive|Time left: 300 sec this turn | 300 sec total\n|\n|t:|1783569414\n|move|p2a: Armarouge|Energy Ball|p1a: Mamoswine\n|-supereffective|p1a: Mamoswine\n|-damage|p1a: Mamoswine|0 fnt\n|faint|p1a: Mamoswine\n|\n|win|p0y25401a0a", "uploadtime": 1783569414, "views": 0, "rating": 0, "private": 0, "password": null, "_winner": "p0y25401a0a", "_our_name": "p0x25402076"}