{"id": "battle-gen9randombattle-2852", "formatid": "gen9randombattle", "format": "[Gen 9] Random Battle", "players": ["p0x28527483", "p0y28522e05"], "log": "|init|battle\n|title|p0x28527483 vs. p0y28522e05\n|j|\u2606p0x28527483\n|j|\u2606p0y28522e05\n|t:|1783572842\n|gametype|singles\n|player|p1|p0x28527483|101|\n|player|p2|p0y28522e05|266|\n|gen|9\n|tier|[Gen 9] Random Battle\n|rule|Species Clause: Limit one of each Pok\u00e9mon\n|rule|HP Percentage Mod: HP is shown in percentages\n|rule|Sleep Clause Mod: Limit one foe put to sleep\n|rule|Illusion Level Mod: Illusion disguises the Pok\u00e9mon's true level\n|\n|t:|1783572842\n|teamsize|p1|6\n|teamsize|p2|6\n|start\n|switch|p1a: Koraidon|Koraidon, L64|235/235\n|switch|p2a: Ogerpon|Ogerpon-Cornerstone, L76, F|100/100\n|-weather|SunnyDay|[from] ability: Orichalcum Pulse|[of] p1a: Koraidon\n|-activate|p1a: Koraidon|Orichalcum Pulse|[source]\n|turn|1\n|inactive|Battle timer is ON: inactive players will automatically lose when time's up. (requested by p0x28527483)\n|inactive|p0y28522e05 also wants the timer to be on.\n|\n|t:|1783572844\n|switch|p2a: Magcargo|Magcargo, L95, F|100/100\n|move|p1a: Koraidon|Outrage|p2a: Magcargo\n|-damage|p2a: Magcargo|51/100\n|-ability|p2a: Magcargo|Weak Armor|boost\n|-unboost|p2a: Magcargo|def|1\n|-boost|p2a: Magcargo|spe|2\n|\n|-weather|SunnyDay|[upkeep]\n|upkeep\n|turn|2\n|inactive|Time left: 300 sec this turn | 300 sec total\n|\n|t:|1783572845\n|switch|p2a: Gothitelle|Gothitelle, L90, F|100/100\n|move|p1a: Koraidon|Outrage|p2a: Gothitelle|[from] lockedmove\n|-damage|p2a: Gothitelle|39/100\n|\n|-weather|SunnyDay|[upkeep]\n|upkeep\n|turn|3\n|inactive|Time left: 300 sec this turn | 300 sec total\n|\n|t:|1783572846\n|move|p2a: Gothitelle|Psychic|p1a: Koraidon\n|-supereffective|p1a: Koraidon\n|-damage|p1a: Koraidon|0 fnt\n|faint|p1a: Koraidon\n|\n|-weather|SunnyDay|[upkeep]\n|upkeep\n|inactive|Time left: 300 sec this turn | 300 sec total | 5 sec grace\n|\n|t:|1783572847\n|switch|p1a: Tinkaton|Tinkaton, L82, F|274/274\n|-ability|p1a: Tinkaton|Mold Breaker\n|turn|4\n|inactive|Time left: 300 sec this turn | 300 sec total\n|\n|t:|1783572848\n|switch|p2a: Magcargo|Magcargo, L95, F|51/100\n|move|p1a: Tinkaton|Swords Dance|p1a: Tinkaton\n|-boost|p1a: Tinkaton|atk|2\n|\n|-weather|SunnyDay|[upkeep]\n|upkeep\n|turn|5\n|inactive|Time left: 300 sec this turn | 300 sec total\n|\n|t:|1783572849\n|switch|p2a: Empoleon|Empoleon, L84, F|100/100\n|move|p1a: Tinkaton|Gigaton Hammer|p2a: Empoleon\n|-resisted|p2a: Empoleon\n|-damage|p2a: Empoleon|76/100\n|\n|-weather|none\n|-heal|p2a: Empoleon|82/100|[from] item: Leftovers\n|upkeep\n|turn|6\n|inactive|Time left: 300 sec this turn | 300 sec total\n|\n|t:|1783572850\n|move|p1a: Tinkaton|Knock Off|p2a: Empoleon\n|-damage|p2a: Empoleon|44/100\n|-enditem|p2a: Empoleon|Leftovers|[from] move: Knock Off|[of] p1a: Tinkaton\n|move|p2a: Empoleon|Yawn|p1a: Tinkaton\n|-start|p1a: Tinkaton|move: Yawn|[of] p2a: Empoleon\n|\n|upkeep\n|turn|7\n|inactive|Time left: 300 sec this turn | 300 sec total\n|\n|t:|1783572851\n|move|p1a: Tinkaton|Gigaton Hammer|p2a: Empoleon\n|-resisted|p2a: Empoleon\n|-damage|p2a: Empoleon|21/100\n|move|p2a: Empoleon|Roost|p2a: Empoleon\n|-heal|p2a: Empoleon|71/100\n|-singleturn|p2a: Empoleon|move: Roost\n|\n|-end|p1a: Tinkaton|move: Yawn|[silent]\n|-status|p1a: Tinkaton|slp\n|upkeep\n|turn|8\n|inactive|Time left: 300 sec this turn | 300 sec total\n|\n|t:|1783572852\n|switch|p2a: Magcargo|Magcargo, L95, F|51/100\n|cant|p1a: Tinkaton|slp\n|\n|upkeep\n|turn|9\n|inactive|Time left: 300 sec this turn | 300 sec total\n|\n|t:|1783572853\n|cant|p1a: Tinkaton|slp\n|move|p2a: Magcargo|Shell Smash|p2a: Magcargo\n|-unboost|p2a: Magcargo|def|1\n|-unboost|p2a: Magcargo|spd|1\n|-boost|p2a: Magcargo|atk|2\n|-boost|p2a: Magcargo|spa|2\n|-boost|p2a: Magcargo|spe|2\n|\n|upkeep\n|turn|10\n|inactive|Time left: 300 sec this turn | 300 sec total\n|\n|t:|1783572853\n|move|p2a: Magcargo|Fire Blast|p1a: Tinkaton\n|-supereffective|p1a: Tinkaton\n|-damage|p1a: Tinkaton|0 fnt\n|faint|p1a: Tinkaton\n|\n|upkeep\n|inactive|Time left: 300 sec this turn | 300 sec total | 5 sec grace\n|\n|t:|1783572855\n|switch|p1a: Mienshao|Mienshao, L83, F|243/243\n|turn|11\n|inactive|Time left: 300 sec this turn | 300 sec total\n|\n|t:|1783572856\n|move|p1a: Mienshao|High Jump Kick|p2a: Magcargo\n|-supereffective|p2a: Magcargo\n|-damage|p2a: Magcargo|0 fnt\n|faint|p2a: Magcargo\n|\n|upkeep\n|\n|t:|1783572857\n|switch|p2a: Gothitelle|Gothitelle, L90, F|39/100\n|turn|12\n|inactive|Time left: 300 sec this turn | 300 sec total\n|\n|t:|1783572858\n|move|p2a: Gothitelle|Psychic|p1a: Mienshao\n|-supereffective|p1a: Mienshao\n|-damage|p1a: Mienshao|0 fnt\n|faint|p1a: Mienshao\n|\n|upkeep\n|inactive|Time left: 300 sec this turn | 300 sec total | 5 sec grace\n|\n|t:|1783572859\n|switch|p1a: Ceruledge|Ceruledge, L78, F|245/245\n|turn|13\n|inactive|Time left: 300 sec this turn | 300 sec total\n|\n|t:|1783572860\n|move|p2a: Gothitelle|Psychic|p1a: Ceruledge\n|-damage|p1a: Ceruledge|146/245\n|move|p1a: Ceruledge|Swords Dance|p1a: Ceruledge\n|-boost|p1a: Ceruledge|atk|2\n|\n|upkeep\n|turn|14\n|inactive|Time left: 300 sec this turn | 300 sec total\n|\n|t:|1783572861\n|move|p1a: Ceruledge|Shadow Sneak|p2a: Gothitelle\n|-supereffective|p2a: Gothitelle\n|-damage|p2a: Gothitelle|0 fnt\n|faint|p2a: Gothitelle\n|\n|upkeep\n|\n|t:|1783572862\n|switch|p2a: Veluza|Veluza, L85, F|100/100\n|turn|15\n|inactive|Time left: 300 sec this turn | 300 sec total\n|\n|t:|1783572862\n|-terastallize|p1a: Ceruledge|Ghost\n|move|p2a: Veluza|Night Slash|p1a: Ceruledge\n|-supereffective|p1a: Ceruledge\n|-damage|p1a: Ceruledge|0 fnt\n|faint|p1a: Ceruledge\n|\n|upkeep\n|inactive|Time left: 300 sec this turn | 300 sec total | 5 sec grace\n|\n|t:|1783572863\n|switch|p1a: Klawf|Klawf, L90, F|272/272\n|turn|16\n|inactive|Time left: 300 sec this turn | 300 sec total\n|\n|t:|1783572864\n|switch|p2a: Empoleon|Empoleon, L84, F|71/100\n|move|p1a: Klawf|High Horsepower|p2a: Empoleon\n|-supereffective|p2a: Empoleon\n|-damage|p2a: Empoleon|0 fnt\n|faint|p2a: Empoleon\n|-damage|p1a: Klawf|245/272|[from] item: Life Orb\n|\n|upkeep\n|\n|t:|1783572865\n|switch|p2a: Veluza|Veluza, L85, F|100/100\n|turn|17\n|inactive|Time left: 300 sec this turn | 300 sec total\n|\n|t:|1783572866\n|switch|p1a: Ursaring|Ursaring, L84, M|288/288\n|-terastallize|p2a: Veluza|Water\n|move|p2a: Veluza|Aqua Cutter|p1a: Ursaring\n|-damage|p1a: Ursaring|168/288\n|\n|upkeep\n|turn|18\n|inactive|Time left: 300 sec this turn | 300 sec total\n|\n|t:|1783572867\n|move|p2a: Veluza|Aqua Cutter|p1a: Ursaring\n|-damage|p1a: Ursaring|40/288\n|move|p1a: Ursaring|Rest|p1a: Ursaring\n|-status|p1a: Ursaring|slp|[from] move: Rest\n|-heal|p1a: Ursaring|288/288 slp|[silent]\n|\n|upkeep\n|turn|19\n|inactive|Time left: 300 sec this turn | 300 sec total\n|\n|t:|1783572868\n|move|p2a: Veluza|Aqua Cutter|p1a: Ursaring\n|-damage|p1a: Ursaring|160/288 slp\n|cant|p1a: Ursaring|slp\n|move|p1a: Ursaring|Sleep Talk|p1a: Ursaring\n|move|p1a: Ursaring|Body Slam|p2a: Veluza|[from] move: Sleep Talk\n|-damage|p2a: Veluza|32/100\n|\n|upkeep\n|turn|20\n|inactive|Time left: 300 sec this turn | 300 sec total\n|\n|t:|1783572869\n|move|p2a: Veluza|Aqua Cutter|p1a: Ursaring\n|-damage|p1a: Ursaring|48/288 slp\n|cant|p1a: Ursaring|slp\n|move|p1a: Ursaring|Sleep Talk|p1a: Ursaring\n|move|p1a: Ursaring|Body Slam|p2a: Veluza|[from] move: Sleep Talk\n|-damage|p2a: Veluza|0 fnt\n|faint|p2a: Veluza\n|\n|upkeep\n|\n|t:|1783572870\n|switch|p2a: Plusle|Plusle, L95, F|100/100\n|turn|21\n|inactive|Time left: 300 sec this turn | 300 sec total\n|\n|t:|1783572871\n|move|p2a: Plusle|Grass Knot|p1a: Ursaring\n|-damage|p1a: Ursaring|0 fnt\n|faint|p1a: Ursaring\n|-damage|p2a: Plusle|91/100|[from] item: Life Orb\n|\n|upkeep\n|inactive|Time left: 300 sec this turn | 300 sec total | 5 sec grace\n|\n|t:|1783572872\n|switch|p1a: Klawf|Klawf, L90, F|272/272\n|turn|22\n|inactive|Time left: 300 sec this turn | 300 sec total\n|\n|t:|1783572873\n|move|p2a: Plusle|Grass Knot|p1a: Klawf\n|-supereffective|p1a: Klawf\n|-damage|p1a: Klawf|43/272\n|-damage|p2a: Plusle|81/100|[from] item: Life Orb\n|move|p1a: Klawf|Crabhammer|p2a: Plusle\n|-damage|p2a: Plusle|20/100\n|-damage|p1a: Klawf|16/272|[from] item: Life Orb\n|\n|upkeep\n|turn|23\n|inactive|Time left: 300 sec this turn | 300 sec total\n|\n|t:|1783572874\n|move|p2a: Plusle|Nasty Plot|p2a: Plusle\n|-boost|p2a: Plusle|spa|2\n|move|p1a: Klawf|Stone Edge|p2a: Plusle\n|-crit|p2a: Plusle\n|-damage|p2a: Plusle|0 fnt\n|faint|p2a: Plusle\n|-damage|p1a: Klawf|0 fnt|[from] item: Life Orb\n|faint|p1a: Klawf\n|\n|win|p0y28522e05", "uploadtime": 1783572874, "views": 0, "rating": 0, "private": 0, "password": null, "_winner": "p0y28522e05", "_our_name": "p0x28527483"}