{"id": "battle-gen9randombattle-2640", "formatid": "gen9randombattle", "format": "[Gen 9] Random Battle", "players": ["p0x2640f890", "p0y26407776"], "log": "|init|battle\n|title|p0x2640f890 vs. p0y26407776\n|j|\u2606p0x2640f890\n|j|\u2606p0y26407776\n|t:|1783570478\n|gametype|singles\n|player|p1|p0x2640f890|101|\n|player|p2|p0y26407776|266|\n|gen|9\n|tier|[Gen 9] Random Battle\n|rule|Species Clause: Limit one of each Pok\u00e9mon\n|rule|HP Percentage Mod: HP is shown in percentages\n|rule|Sleep Clause Mod: Limit one foe put to sleep\n|rule|Illusion Level Mod: Illusion disguises the Pok\u00e9mon's true level\n|\n|t:|1783570478\n|teamsize|p1|6\n|teamsize|p2|6\n|start\n|switch|p1a: Noctowl|Noctowl, L95, F|100/100\n|switch|p2a: Abomasnow|Abomasnow, L84, M|287/287\n|-weather|Snowscape|[from] ability: Snow Warning|[of] p2a: Abomasnow\n|turn|1\n|inactive|Battle timer is ON: inactive players will automatically lose when time's up. (requested by p0x2640f890)\n|inactive|Time left: 300 sec this turn | 300 sec total | 60 sec grace\n|inactive|p0y26407776 also wants the timer to be on.\n|\n|t:|1783570479\n|move|p1a: Noctowl|Hurricane|p2a: Abomasnow|[miss]\n|-miss|p1a: Noctowl|p2a: Abomasnow\n|move|p2a: Abomasnow|Aurora Veil|p2a: Abomasnow\n|-sidestart|p2: p0y26407776|move: Aurora Veil\n|\n|-weather|Snowscape|[upkeep]\n|upkeep\n|turn|2\n|inactive|Time left: 300 sec this turn | 300 sec total\n|\n|t:|1783570480\n|move|p1a: Noctowl|Nasty Plot|p1a: Noctowl\n|-boost|p1a: Noctowl|spa|2\n|move|p2a: Abomasnow|Blizzard|p1a: Noctowl\n|-supereffective|p1a: Noctowl\n|-damage|p1a: Noctowl|46/100\n|\n|-weather|Snowscape|[upkeep]\n|upkeep\n|turn|3\n|inactive|Time left: 300 sec this turn | 300 sec total\n|\n|t:|1783570481\n|move|p1a: Noctowl|Roost|p1a: Noctowl\n|-heal|p1a: Noctowl|96/100\n|-singleturn|p1a: Noctowl|move: Roost\n|move|p2a: Abomasnow|Blizzard|p1a: Noctowl\n|-damage|p1a: Noctowl|69/100\n|\n|-weather|Snowscape|[upkeep]\n|upkeep\n|turn|4\n|inactive|Time left: 300 sec this turn | 300 sec total\n|\n|t:|1783570482\n|switch|p2a: Beartic|Beartic, L91, M|321/321\n|move|p1a: Noctowl|Hurricane|p2a: Beartic|[miss]\n|-miss|p1a: Noctowl|p2a: Beartic\n|\n|-weather|Snowscape|[upkeep]\n|upkeep\n|turn|5\n|inactive|Time left: 300 sec this turn | 300 sec total\n|\n|t:|1783570483\n|move|p2a: Beartic|Icicle Crash|p1a: Noctowl\n|-supereffective|p1a: Noctowl\n|-damage|p1a: Noctowl|0 fnt\n|faint|p1a: Noctowl\n|\n|-weather|none\n|upkeep\n|\n|t:|1783570484\n|switch|p1a: Golurk|Golurk, L87|100/100\n|turn|6\n|inactive|Time left: 300 sec this turn | 300 sec total\n|\n|t:|1783570485\n|move|p1a: Golurk|Dynamic Punch|p2a: Beartic\n|-supereffective|p2a: Beartic\n|-damage|p2a: Beartic|194/321\n|-start|p2a: Beartic|confusion\n|-activate|p2a: Beartic|confusion\n|move|p2a: Beartic|Icicle Crash|p1a: Golurk\n|-supereffective|p1a: Golurk\n|-damage|p1a: Golurk|1/100\n|\n|upkeep\n|turn|7\n|inactive|Time left: 300 sec this turn | 300 sec total\n|\n|t:|1783570486\n|switch|p2a: Spectrier|Spectrier, L75|274/274\n|move|p1a: Golurk|Dynamic Punch|p2a: Spectrier\n|-immune|p2a: Spectrier\n|\n|upkeep\n|turn|8\n|inactive|Time left: 300 sec this turn | 300 sec total\n|\n|t:|1783570487\n|move|p2a: Spectrier|Nasty Plot|p2a: Spectrier\n|-boost|p2a: Spectrier|spa|2\n|move|p1a: Golurk|Dynamic Punch|p2a: Spectrier\n|-immune|p2a: Spectrier\n|\n|-sideend|p2: p0y26407776|move: Aurora Veil\n|upkeep\n|turn|9\n|inactive|Time left: 300 sec this turn | 300 sec total\n|\n|t:|1783570488\n|move|p2a: Spectrier|Shadow Ball|p1a: Golurk\n|-supereffective|p1a: Golurk\n|-damage|p1a: Golurk|0 fnt\n|faint|p1a: Golurk\n|-ability|p2a: Spectrier|Grim Neigh|boost\n|-boost|p2a: Spectrier|spa|1\n|\n|upkeep\n|\n|t:|1783570489\n|switch|p1a: Copperajah|Copperajah, L86, M|100/100\n|turn|10\n|inactive|Time left: 300 sec this turn | 300 sec total\n|\n|t:|1783570490\n|-terastallize|p1a: Copperajah|Flying\n|move|p2a: Spectrier|Shadow Ball|p1a: Copperajah\n|-damage|p1a: Copperajah|15/100\n|move|p1a: Copperajah|Heavy Slam|p2a: Spectrier\n|-damage|p2a: Spectrier|0 fnt\n|faint|p2a: Spectrier\n|\n|upkeep\n|inactive|Time left: 300 sec this turn | 300 sec total | 5 sec grace\n|\n|t:|1783570491\n|switch|p2a: Abomasnow|Abomasnow, L84, M|287/287\n|-weather|Snowscape|[from] ability: Snow Warning|[of] p2a: Abomasnow\n|turn|11\n|inactive|Time left: 300 sec this turn | 300 sec total\n|\n|t:|1783570492\n|move|p2a: Abomasnow|Aurora Veil|p2a: Abomasnow\n|-sidestart|p2: p0y26407776|move: Aurora Veil\n|move|p1a: Copperajah|Heavy Slam|p2a: Abomasnow\n|-supereffective|p2a: Abomasnow\n|-damage|p2a: Abomasnow|98/287\n|\n|-weather|Snowscape|[upkeep]\n|upkeep\n|turn|12\n|inactive|Time left: 300 sec this turn | 300 sec total\n|\n|t:|1783570493\n|move|p2a: Abomasnow|Blizzard|p1a: Copperajah\n|-supereffective|p1a: Copperajah\n|-damage|p1a: Copperajah|0 fnt\n|faint|p1a: Copperajah\n|\n|-weather|Snowscape|[upkeep]\n|upkeep\n|\n|t:|1783570494\n|switch|p1a: Vaporeon|Vaporeon, L86, M|100/100\n|turn|13\n|inactive|Time left: 300 sec this turn | 300 sec total\n|\n|t:|1783570495\n|move|p1a: Vaporeon|Scald|p2a: Abomasnow\n|-resisted|p2a: Abomasnow\n|-damage|p2a: Abomasnow|75/287\n|-status|p2a: Abomasnow|brn\n|move|p2a: Abomasnow|Wood Hammer|p1a: Vaporeon\n|-supereffective|p1a: Vaporeon\n|-damage|p1a: Vaporeon|60/100\n|-damage|p2a: Abomasnow|26/287 brn|[from] Recoil\n|\n|-weather|Snowscape|[upkeep]\n|-heal|p1a: Vaporeon|66/100|[from] item: Leftovers\n|-damage|p2a: Abomasnow|9/287 brn|[from] brn\n|upkeep\n|turn|14\n|inactive|Time left: 300 sec this turn | 300 sec total\n|\n|t:|1783570496\n|move|p1a: Vaporeon|Wish|p1a: Vaporeon\n|move|p2a: Abomasnow|Wood Hammer|p1a: Vaporeon\n|-supereffective|p1a: Vaporeon\n|-damage|p1a: Vaporeon|24/100\n|-damage|p2a: Abomasnow|0 fnt|[from] Recoil\n|faint|p2a: Abomasnow\n|\n|-weather|Snowscape|[upkeep]\n|-heal|p1a: Vaporeon|30/100|[from] item: Leftovers\n|upkeep\n|inactive|Time left: 300 sec this turn | 300 sec total | 5 sec grace\n|\n|t:|1783570497\n|switch|p2a: Garchomp|Garchomp, L74, F|235/235\n|turn|15\n|inactive|Time left: 300 sec this turn | 300 sec total\n|\n|t:|1783570498\n|move|p1a: Vaporeon|Protect|p1a: Vaporeon\n|-singleturn|p1a: Vaporeon|Protect\n|move|p2a: Garchomp|Dark Pulse|p1a: Vaporeon\n|-activate|p1a: Vaporeon|move: Protect\n|\n|-weather|none\n|-heal|p1a: Vaporeon|80/100|[from] move: Wish|[wisher] Vaporeon\n|-heal|p1a: Vaporeon|86/100|[from] item: Leftovers\n|upkeep\n|turn|16\n|inactive|Time left: 300 sec this turn | 300 sec total\n|\n|t:|1783570499\n|move|p2a: Garchomp|Dark Pulse|p1a: Vaporeon\n|-crit|p1a: Vaporeon\n|-damage|p1a: Vaporeon|29/100\n|move|p1a: Vaporeon|Scald|p2a: Garchomp\n|-damage|p2a: Garchomp|168/235\n|replace|p2a: Zoroark|Zoroark, L83, F\n|-end|p2a: Zoroark|Illusion\n|-hint|Illusion Level Mod is active, so this Pok\u00e9mon's true level was hidden.\n|\n|-heal|p1a: Vaporeon|35/100|[from] item: Leftovers\n|upkeep\n|turn|17\n|inactive|Time left: 300 sec this turn | 300 sec total\n|\n|t:|1783570500\n|move|p1a: Vaporeon|Protect|p1a: Vaporeon\n|-singleturn|p1a: Vaporeon|Protect\n|move|p2a: Zoroark|Dark Pulse|p1a: Vaporeon\n|-activate|p1a: Vaporeon|move: Protect\n|\n|-heal|p1a: Vaporeon|41/100|[from] item: Leftovers\n|upkeep\n|turn|18\n|inactive|Time left: 300 sec this turn | 300 sec total\n|\n|t:|1783570501\n|move|p2a: Zoroark|Dark Pulse|p1a: Vaporeon\n|-damage|p1a: Vaporeon|1/100\n|move|p1a: Vaporeon|Scald|p2a: Zoroark\n|-damage|p2a: Zoroark|100/235\n|\n|-heal|p1a: Vaporeon|7/100|[from] item: Leftovers\n|-sideend|p2: p0y26407776|move: Aurora Veil\n|upkeep\n|turn|19\n|inactive|Time left: 300 sec this turn | 300 sec total\n|\n|t:|1783570502\n|move|p2a: Zoroark|Dark Pulse|p1a: Vaporeon\n|-damage|p1a: Vaporeon|0 fnt\n|faint|p1a: Vaporeon\n|\n|upkeep\n|\n|t:|1783570503\n|switch|p1a: Ampharos|Ampharos, L88, M|100/100\n|turn|20\n|inactive|Time left: 300 sec this turn | 300 sec total\n|\n|t:|1783570504\n|move|p2a: Zoroark|Dark Pulse|p1a: Ampharos\n|-damage|p1a: Ampharos|71/100\n|move|p1a: Ampharos|Dazzling Gleam|p2a: Zoroark\n|-supereffective|p2a: Zoroark\n|-damage|p2a: Zoroark|0 fnt\n|faint|p2a: Zoroark\n|\n|upkeep\n|inactive|Time left: 300 sec this turn | 300 sec total | 5 sec grace\n|\n|t:|1783570505\n|switch|p2a: Garchomp|Garchomp, L74, F|282/282\n|turn|21\n|inactive|Time left: 300 sec this turn | 300 sec total\n|\n|t:|1783570506\n|-terastallize|p2a: Garchomp|Ground\n|move|p2a: Garchomp|Earthquake|p1a: Ampharos\n|-supereffective|p1a: Ampharos\n|-damage|p1a: Ampharos|0 fnt\n|faint|p1a: Ampharos\n|\n|upkeep\n|\n|t:|1783570507\n|switch|p1a: Rhydon|Rhydon, L85, M|100/100\n|turn|22\n|inactive|Time left: 300 sec this turn | 300 sec total\n|\n|t:|1783570508\n|move|p2a: Garchomp|Earthquake|p1a: Rhydon\n|-supereffective|p1a: Rhydon\n|-damage|p1a: Rhydon|51/100\n|move|p1a: Rhydon|Earthquake|p2a: Garchomp\n|-damage|p2a: Garchomp|143/282\n|\n|upkeep\n|turn|23\n|inactive|Time left: 300 sec this turn | 300 sec total\n|\n|t:|1783570509\n|move|p2a: Garchomp|Outrage|p1a: Rhydon\n|-damage|p1a: Rhydon|30/100\n|move|p1a: Rhydon|Stone Edge|p2a: Garchomp\n|-resisted|p2a: Garchomp\n|-damage|p2a: Garchomp|63/282\n|\n|upkeep\n|turn|24\n|inactive|Time left: 300 sec this turn | 300 sec total\n|\n|t:|1783570510\n|move|p2a: Garchomp|Outrage|p1a: Rhydon|[from] lockedmove\n|-damage|p1a: Rhydon|10/100\n|move|p1a: Rhydon|Earthquake|p2a: Garchomp\n|-damage|p2a: Garchomp|0 fnt\n|faint|p2a: Garchomp\n|\n|upkeep\n|inactive|Time left: 300 sec this turn | 300 sec total | 5 sec grace\n|\n|t:|1783570511\n|switch|p2a: Iron Valiant|Iron Valiant, L78|244/244\n|turn|25\n|inactive|Time left: 300 sec this turn | 300 sec total\n|\n|t:|1783570512\n|move|p2a: Iron Valiant|Close Combat|p1a: Rhydon\n|-supereffective|p1a: Rhydon\n|-damage|p1a: Rhydon|0 fnt\n|-unboost|p2a: Iron Valiant|def|1\n|-unboost|p2a: Iron Valiant|spd|1\n|faint|p1a: Rhydon\n|-damage|p2a: Iron Valiant|220/244|[from] item: Life Orb\n|\n|win|p0y26407776", "uploadtime": 1783570512, "views": 0, "rating": 0, "private": 0, "password": null, "_winner": "p0y26407776", "_our_name": "p0y26407776"}