{"id": "battle-gen9randombattle-863", "formatid": "gen9randombattle", "format": "[Gen 9] Random Battle", "players": ["p0x8638855", "p0y863bcba"], "log": "|init|battle\n|title|p0x8638855 vs. p0y863bcba\n|j|\u2606p0x8638855\n|j|\u2606p0y863bcba\n|t:|1783549155\n|gametype|singles\n|player|p1|p0x8638855|266|\n|player|p2|p0y863bcba|266|\n|gen|9\n|tier|[Gen 9] Random Battle\n|rule|Species Clause: Limit one of each Pok\u00e9mon\n|rule|HP Percentage Mod: HP is shown in percentages\n|rule|Sleep Clause Mod: Limit one foe put to sleep\n|rule|Illusion Level Mod: Illusion disguises the Pok\u00e9mon's true level\n|\n|t:|1783549155\n|teamsize|p1|6\n|teamsize|p2|6\n|start\n|switch|p1a: Zangoose|Zangoose, L85, F|100/100\n|switch|p2a: Reshiram|Reshiram, L76|277/277\n|-ability|p2a: Reshiram|Turboblaze\n|turn|1\n|inactive|Battle timer is ON: inactive players will automatically lose when time's up. (requested by p0x8638855)\n|inactive|Time left: 300 sec this turn | 300 sec total | 60 sec grace\n|inactive|p0y863bcba also wants the timer to be on.\n|\n|t:|1783549156\n|move|p1a: Zangoose|Knock Off|p2a: Reshiram\n|-damage|p2a: Reshiram|194/277\n|-enditem|p2a: Reshiram|Heavy-Duty Boots|[from] move: Knock Off|[of] p1a: Zangoose\n|move|p2a: Reshiram|Will-O-Wisp|p1a: Zangoose\n|-status|p1a: Zangoose|brn\n|\n|-damage|p1a: Zangoose|94/100 brn|[from] brn\n|upkeep\n|turn|2\n|inactive|Time left: 300 sec this turn | 300 sec total\n|\n|t:|1783549157\n|move|p1a: Zangoose|Facade|p2a: Reshiram\n|-damage|p2a: Reshiram|4/277\n|move|p2a: Reshiram|Blue Flare|p1a: Zangoose\n|-damage|p1a: Zangoose|18/100 brn\n|\n|-damage|p1a: Zangoose|12/100 brn|[from] brn\n|upkeep\n|turn|3\n|inactive|Time left: 300 sec this turn | 300 sec total\n|\n|t:|1783549158\n|switch|p2a: Torterra|Torterra, L78, F|276/276\n|move|p1a: Zangoose|Knock Off|p2a: Torterra\n|-damage|p2a: Torterra|236/276\n|-enditem|p2a: Torterra|Loaded Dice|[from] move: Knock Off|[of] p1a: Zangoose\n|\n|-damage|p1a: Zangoose|6/100 brn|[from] brn\n|upkeep\n|turn|4\n|inactive|Time left: 300 sec this turn | 300 sec total\n|\n|t:|1783549159\n|switch|p1a: Landorus|Landorus-Therian, L76, M|100/100\n|-ability|p1a: Landorus|Intimidate|boost\n|-unboost|p2a: Torterra|atk|1\n|move|p2a: Torterra|Shell Smash|p2a: Torterra\n|-unboost|p2a: Torterra|def|1\n|-unboost|p2a: Torterra|spd|1\n|-boost|p2a: Torterra|atk|2\n|-boost|p2a: Torterra|spa|2\n|-boost|p2a: Torterra|spe|2\n|\n|upkeep\n|turn|5\n|inactive|Time left: 300 sec this turn | 300 sec total\n|\n|t:|1783549160\n|move|p2a: Torterra|Shell Smash|p2a: Torterra\n|-unboost|p2a: Torterra|def|1\n|-unboost|p2a: Torterra|spd|1\n|-boost|p2a: Torterra|atk|2\n|-boost|p2a: Torterra|spa|2\n|-boost|p2a: Torterra|spe|2\n|move|p1a: Landorus|U-turn|p2a: Torterra\n|-supereffective|p2a: Torterra\n|-damage|p2a: Torterra|10/276\n|\n|t:|1783549161\n|switch|p1a: Coalossal|Coalossal, L89, F|100/100|[from] U-turn\n|\n|upkeep\n|turn|6\n|inactive|Time left: 300 sec this turn | 300 sec total\n|\n|t:|1783549162\n|-terastallize|p1a: Coalossal|Grass\n|move|p2a: Torterra|Headlong Rush|p1a: Coalossal\n|-resisted|p1a: Coalossal\n|-damage|p1a: Coalossal|66/100\n|-unboost|p2a: Torterra|def|1\n|-unboost|p2a: Torterra|spd|1\n|move|p1a: Coalossal|Rapid Spin|p2a: Torterra\n|-damage|p2a: Torterra|0 fnt\n|-boost|p1a: Coalossal|spe|1\n|faint|p2a: Torterra\n|\n|upkeep\n|inactive|Time left: 300 sec this turn | 300 sec total | 5 sec grace\n|\n|t:|1783549164\n|switch|p2a: Reshiram|Reshiram, L76|4/277\n|-ability|p2a: Reshiram|Turboblaze\n|turn|7\n|inactive|Time left: 300 sec this turn | 300 sec total\n|\n|t:|1783549165\n|switch|p1a: Alcremie|Alcremie-Mint-Cream, L90, F|100/100\n|move|p2a: Reshiram|Blue Flare|p1a: Alcremie\n|-damage|p1a: Alcremie|56/100\n|\n|-heal|p1a: Alcremie|62/100|[from] item: Leftovers\n|upkeep\n|turn|8\n|inactive|Time left: 300 sec this turn | 300 sec total\n|\n|t:|1783549166\n|move|p2a: Reshiram|Blue Flare|p1a: Alcremie\n|-damage|p1a: Alcremie|13/100\n|move|p1a: Alcremie|Recover|p1a: Alcremie\n|-heal|p1a: Alcremie|63/100\n|\n|-heal|p1a: Alcremie|69/100|[from] item: Leftovers\n|upkeep\n|turn|9\n|inactive|Time left: 300 sec this turn | 300 sec total\n|\n|t:|1783549167\n|move|p2a: Reshiram|Blue Flare|p1a: Alcremie\n|-damage|p1a: Alcremie|20/100\n|move|p1a: Alcremie|Recover|p1a: Alcremie\n|-heal|p1a: Alcremie|70/100\n|\n|-heal|p1a: Alcremie|76/100|[from] item: Leftovers\n|upkeep\n|turn|10\n|inactive|Time left: 300 sec this turn | 300 sec total\n|\n|t:|1783549168\n|move|p2a: Reshiram|Blue Flare|p1a: Alcremie\n|-damage|p1a: Alcremie|28/100\n|move|p1a: Alcremie|Recover|p1a: Alcremie\n|-heal|p1a: Alcremie|78/100\n|\n|-heal|p1a: Alcremie|84/100|[from] item: Leftovers\n|upkeep\n|turn|11\n|inactive|Time left: 300 sec this turn | 300 sec total\n|\n|t:|1783549169\n|move|p2a: Reshiram|Blue Flare|p1a: Alcremie|[miss]\n|-miss|p2a: Reshiram|p1a: Alcremie\n|move|p1a: Alcremie|Calm Mind|p1a: Alcremie\n|-boost|p1a: Alcremie|spa|1\n|-boost|p1a: Alcremie|spd|1\n|\n|-heal|p1a: Alcremie|90/100|[from] item: Leftovers\n|upkeep\n|turn|12\n|inactive|Time left: 300 sec this turn | 300 sec total\n|\n|t:|1783549170\n|move|p2a: Reshiram|Blue Flare|p1a: Alcremie\n|-damage|p1a: Alcremie|61/100\n|-status|p1a: Alcremie|brn\n|move|p1a: Alcremie|Alluring Voice|p2a: Reshiram\n|-damage|p2a: Reshiram|0 fnt\n|faint|p2a: Reshiram\n|\n|-heal|p1a: Alcremie|67/100 brn|[from] item: Leftovers\n|-damage|p1a: Alcremie|61/100 brn|[from] brn\n|upkeep\n|inactive|Time left: 300 sec this turn | 300 sec total | 5 sec grace\n|\n|t:|1783549171\n|switch|p2a: Urshifu|Urshifu-Rapid-Strike, L75, F|274/274\n|turn|13\n|inactive|Time left: 300 sec this turn | 300 sec total\n|\n|t:|1783549172\n|switch|p1a: Coalossal|Coalossal, L89, F, tera:Grass|66/100\n|move|p2a: Urshifu|Surging Strikes|p1a: Coalossal\n|-resisted|p1a: Coalossal\n|-crit|p1a: Coalossal\n|-damage|p1a: Coalossal|59/100\n|-resisted|p1a: Coalossal\n|-crit|p1a: Coalossal\n|-damage|p1a: Coalossal|53/100\n|-status|p2a: Urshifu|brn|[from] ability: Flame Body|[of] p1a: Coalossal\n|-resisted|p1a: Coalossal\n|-crit|p1a: Coalossal\n|-damage|p1a: Coalossal|50/100\n|-hitcount|p1a: Coalossal|3\n|\n|-damage|p2a: Urshifu|257/274 brn|[from] brn\n|upkeep\n|turn|14\n|inactive|Time left: 300 sec this turn | 300 sec total\n|\n|t:|1783549173\n|move|p2a: Urshifu|Surging Strikes|p1a: Coalossal\n|-resisted|p1a: Coalossal\n|-crit|p1a: Coalossal\n|-damage|p1a: Coalossal|46/100\n|-resisted|p1a: Coalossal\n|-crit|p1a: Coalossal\n|-damage|p1a: Coalossal|43/100\n|-resisted|p1a: Coalossal\n|-crit|p1a: Coalossal\n|-damage|p1a: Coalossal|40/100\n|-hitcount|p1a: Coalossal|3\n|move|p1a: Coalossal|Spikes|p2a: Urshifu\n|-sidestart|p2: p0y863bcba|Spikes\n|\n|-damage|p2a: Urshifu|240/274 brn|[from] brn\n|upkeep\n|turn|15\n|inactive|Time left: 300 sec this turn | 300 sec total\n|\n|t:|1783549174\n|move|p2a: Urshifu|Surging Strikes|p1a: Coalossal\n|-resisted|p1a: Coalossal\n|-crit|p1a: Coalossal\n|-damage|p1a: Coalossal|36/100\n|-resisted|p1a: Coalossal\n|-crit|p1a: Coalossal\n|-damage|p1a: Coalossal|33/100\n|-resisted|p1a: Coalossal\n|-crit|p1a: Coalossal\n|-damage|p1a: Coalossal|30/100\n|-hitcount|p1a: Coalossal|3\n|move|p1a: Coalossal|Spikes|p2a: Urshifu\n|-sidestart|p2: p0y863bcba|Spikes\n|\n|-damage|p2a: Urshifu|223/274 brn|[from] brn\n|upkeep\n|turn|16\n|inactive|Time left: 300 sec this turn | 300 sec total\n|\n|t:|1783549176\n|move|p2a: Urshifu|Surging Strikes|p1a: Coalossal\n|-resisted|p1a: Coalossal\n|-crit|p1a: Coalossal\n|-damage|p1a: Coalossal|26/100\n|-resisted|p1a: Coalossal\n|-crit|p1a: Coalossal\n|-damage|p1a: Coalossal|23/100\n|-resisted|p1a: Coalossal\n|-crit|p1a: Coalossal\n|-damage|p1a: Coalossal|20/100\n|-hitcount|p1a: Coalossal|3\n|move|p1a: Coalossal|Spikes|p2a: Urshifu\n|-sidestart|p2: p0y863bcba|Spikes\n|\n|-damage|p2a: Urshifu|206/274 brn|[from] brn\n|upkeep\n|turn|17\n|inactive|Time left: 300 sec this turn | 300 sec total\n|\n|t:|1783549177\n|switch|p1a: Bellibolt|Bellibolt, L84, F|100/100\n|move|p2a: Urshifu|Surging Strikes|p1a: Bellibolt\n|-crit|p1a: Bellibolt\n|-damage|p1a: Bellibolt|91/100\n|-start|p1a: Bellibolt|Charge|Surging Strikes|[from] ability: Electromorphosis\n|-crit|p1a: Bellibolt\n|-damage|p1a: Bellibolt|81/100\n|-start|p1a: Bellibolt|Charge|Surging Strikes|[from] ability: Electromorphosis\n|-crit|p1a: Bellibolt\n|-damage|p1a: Bellibolt|72/100\n|-start|p1a: Bellibolt|Charge|Surging Strikes|[from] ability: Electromorphosis\n|-hitcount|p1a: Bellibolt|3\n|\n|-heal|p1a: Bellibolt|79/100|[from] item: Leftovers\n|-damage|p2a: Urshifu|189/274 brn|[from] brn\n|upkeep\n|turn|18\n|inactive|Time left: 300 sec this turn | 300 sec total\n|\n|t:|1783549178\n|move|p2a: Urshifu|Surging Strikes|p1a: Bellibolt\n|-crit|p1a: Bellibolt\n|-damage|p1a: Bellibolt|68/100\n|-start|p1a: Bellibolt|Charge|Surging Strikes|[from] ability: Electromorphosis\n|-crit|p1a: Bellibolt\n|-damage|p1a: Bellibolt|59/100\n|-start|p1a: Bellibolt|Charge|Surging Strikes|[from] ability: Electromorphosis\n|-crit|p1a: Bellibolt\n|-damage|p1a: Bellibolt|50/100\n|-start|p1a: Bellibolt|Charge|Surging Strikes|[from] ability: Electromorphosis\n|-hitcount|p1a: Bellibolt|3\n|move|p1a: Bellibolt|Slack Off|p1a: Bellibolt\n|-heal|p1a: Bellibolt|99/100\n|\n|-heal|p1a: Bellibolt|100/100|[from] item: Leftovers\n|-damage|p2a: Urshifu|172/274 brn|[from] brn\n|upkeep\n|turn|19\n|inactive|Time left: 300 sec this turn | 300 sec total\n|\n|t:|1783549179\n|move|p2a: Urshifu|Surging Strikes|p1a: Bellibolt\n|-crit|p1a: Bellibolt\n|-damage|p1a: Bellibolt|91/100\n|-start|p1a: Bellibolt|Charge|Surging Strikes|[from] ability: Electromorphosis\n|-crit|p1a: Bellibolt\n|-damage|p1a: Bellibolt|81/100\n|-start|p1a: Bellibolt|Charge|Surging Strikes|[from] ability: Electromorphosis\n|-crit|p1a: Bellibolt\n|-damage|p1a: Bellibolt|72/100\n|-start|p1a: Bellibolt|Charge|Surging Strikes|[from] ability: Electromorphosis\n|-hitcount|p1a: Bellibolt|3\n|move|p1a: Bellibolt|Thunderbolt|p2a: Urshifu\n|-supereffective|p2a: Urshifu\n|-damage|p2a: Urshifu|0 fnt\n|faint|p2a: Urshifu\n|-end|p1a: Bellibolt|Charge|[silent]\n|\n|-heal|p1a: Bellibolt|78/100|[from] item: Leftovers\n|upkeep\n|inactive|Time left: 300 sec this turn | 300 sec total | 5 sec grace\n|\n|t:|1783549180\n|switch|p2a: Enamorus|Enamorus-Therian, L83, F|259/259\n|turn|20\n|inactive|Time left: 300 sec this turn | 300 sec total\n|\n|t:|1783549181\n|move|p2a: Enamorus|Moonblast|p1a: Bellibolt\n|-damage|p1a: Bellibolt|36/100\n|-start|p1a: Bellibolt|Charge|Moonblast|[from] ability: Electromorphosis\n|move|p1a: Bellibolt|Thunderbolt|p2a: Enamorus\n|-supereffective|p2a: Enamorus\n|-damage|p2a: Enamorus|0 fnt\n|faint|p2a: Enamorus\n|-end|p1a: Bellibolt|Charge|[silent]\n|\n|-heal|p1a: Bellibolt|43/100|[from] item: Leftovers\n|upkeep\n|inactive|Time left: 300 sec this turn | 300 sec total | 5 sec grace\n|\n|t:|1783549182\n|switch|p2a: Cacturne|Cacturne, L92, M|278/278\n|-damage|p2a: Cacturne|209/278|[from] Spikes\n|turn|21\n|inactive|Time left: 300 sec this turn | 300 sec total\n|\n|t:|1783549183\n|switch|p1a: Landorus|Landorus-Therian, L76, M|100/100\n|-ability|p1a: Landorus|Intimidate|boost\n|-unboost|p2a: Cacturne|atk|1\n|move|p2a: Cacturne|Knock Off|p1a: Landorus\n|-damage|p1a: Landorus|52/100\n|-enditem|p1a: Landorus|Leftovers|[from] move: Knock Off|[of] p2a: Cacturne\n|-damage|p2a: Cacturne|182/278|[from] item: Life Orb\n|\n|upkeep\n|turn|22\n|inactive|Time left: 300 sec this turn | 300 sec total\n|\n|t:|1783549185\n|move|p1a: Landorus|U-turn|p2a: Cacturne\n|-supereffective|p2a: Cacturne\n|-damage|p2a: Cacturne|0 fnt\n|faint|p2a: Cacturne\n|\n|t:|1783549186\n|switch|p1a: Klawf|Klawf, L90, M|100/100|[from] U-turn\n|\n|upkeep\n|inactive|Time left: 300 sec this turn | 300 sec total | 10 sec grace\n|\n|t:|1783549186\n|switch|p2a: Pachirisu|Pachirisu, L96, F|271/271\n|-damage|p2a: Pachirisu|204/271|[from] Spikes\n|turn|23\n|inactive|Time left: 300 sec this turn | 300 sec total\n|\n|t:|1783549187\n|move|p2a: Pachirisu|Nuzzle|p1a: Klawf\n|-damage|p1a: Klawf|96/100\n|-status|p1a: Klawf|par\n|move|p1a: Klawf|Stone Edge|p2a: Pachirisu|[miss]\n|-miss|p1a: Klawf|p2a: Pachirisu\n|\n|upkeep\n|turn|24\n|inactive|Time left: 300 sec this turn | 300 sec total\n|\n|t:|1783549188\n|move|p2a: Pachirisu|Super Fang|p1a: Klawf|[miss]\n|-miss|p2a: Pachirisu|p1a: Klawf\n|move|p1a: Klawf|Stone Edge|p2a: Pachirisu\n|-crit|p2a: Pachirisu\n|-damage|p2a: Pachirisu|11/271\n|\n|upkeep\n|turn|25\n|inactive|Time left: 300 sec this turn | 300 sec total\n|\n|t:|1783549189\n|move|p2a: Pachirisu|Thunderbolt|p1a: Klawf\n|-damage|p1a: Klawf|58/100 par\n|move|p1a: Klawf|Crabhammer|p2a: Pachirisu|[miss]\n|-miss|p1a: Klawf|p2a: Pachirisu\n|\n|upkeep\n|turn|26\n|inactive|Time left: 300 sec this turn | 300 sec total\n|\n|t:|1783549190\n|move|p2a: Pachirisu|Thunderbolt|p1a: Klawf\n|-damage|p1a: Klawf|23/100 par\n|-ability|p1a: Klawf|Anger Shell|boost\n|-boost|p1a: Klawf|atk|1\n|-boost|p1a: Klawf|spa|1\n|-boost|p1a: Klawf|spe|1\n|-unboost|p1a: Klawf|def|1\n|-unboost|p1a: Klawf|spd|1\n|move|p1a: Klawf|Crabhammer|p2a: Pachirisu\n|-damage|p2a: Pachirisu|0 fnt\n|faint|p2a: Pachirisu\n|\n|win|p0x8638855", "uploadtime": 1783549190, "views": 0, "rating": 0, "private": 0, "password": null, "_winner": "p0x8638855", "_our_name": "p0y863bcba"}