{"id": "battle-gen9randombattle-2235", "formatid": "gen9randombattle", "format": "[Gen 9] Random Battle", "players": ["p0x22354b34", "p0y22355515"], "log": "|init|battle\n|title|p0x22354b34 vs. p0y22355515\n|j|\u2606p0x22354b34\n|j|\u2606p0y22355515\n|t:|1783565909\n|gametype|singles\n|player|p1|p0x22354b34|265|\n|player|p2|p0y22355515|1|\n|gen|9\n|tier|[Gen 9] Random Battle\n|rule|Species Clause: Limit one of each Pok\u00e9mon\n|rule|HP Percentage Mod: HP is shown in percentages\n|rule|Sleep Clause Mod: Limit one foe put to sleep\n|rule|Illusion Level Mod: Illusion disguises the Pok\u00e9mon's true level\n|\n|t:|1783565909\n|teamsize|p1|6\n|teamsize|p2|6\n|start\n|switch|p1a: Yanmega|Yanmega, L82, F|275/275\n|switch|p2a: Oricorio|Oricorio, L84, M|100/100\n|turn|1\n|inactive|Battle timer is ON: inactive players will automatically lose when time's up. (requested by p0y22355515)\n|inactive|Time left: 300 sec this turn | 300 sec total | 60 sec grace\n|\n|t:|1783565910\n|switch|p1a: Polteageist|Polteageist-Antique, L78|222/222\n|move|p2a: Oricorio|Hurricane|p1a: Polteageist\n|-damage|p1a: Polteageist|119/222\n|-start|p2a: Oricorio|Disable|Hurricane|[from] ability: Cursed Body|[of] p1a: Polteageist\n|\n|upkeep\n|turn|2\n|inactive|Time left: 300 sec this turn | 300 sec total\n|inactive|p0x22354b34 also wants the timer to be on.\n|\n|t:|1783565912\n|move|p2a: Oricorio|Quiver Dance|p2a: Oricorio\n|-boost|p2a: Oricorio|spa|1\n|-boost|p2a: Oricorio|spd|1\n|-boost|p2a: Oricorio|spe|1\n|move|p1a: Polteageist|Shell Smash|p1a: Polteageist\n|-unboost|p1a: Polteageist|def|1\n|-unboost|p1a: Polteageist|spd|1\n|-boost|p1a: Polteageist|atk|2\n|-boost|p1a: Polteageist|spa|2\n|-boost|p1a: Polteageist|spe|2\n|-enditem|p1a: Polteageist|White Herb\n|-clearnegativeboost|p1a: Polteageist|[silent]\n|\n|upkeep\n|turn|3\n|inactive|Time left: 300 sec this turn | 300 sec total\n|\n|t:|1783565913\n|move|p1a: Polteageist|Strength Sap|p2a: Oricorio\n|-unboost|p2a: Oricorio|atk|1\n|-heal|p1a: Polteageist|222/222\n|move|p2a: Oricorio|Revelation Dance|p1a: Polteageist\n|-damage|p1a: Polteageist|92/222\n|\n|upkeep\n|turn|4\n|inactive|Time left: 300 sec this turn | 300 sec total\n|\n|t:|1783565914\n|move|p1a: Polteageist|Strength Sap|p2a: Oricorio\n|-unboost|p2a: Oricorio|atk|1\n|-heal|p1a: Polteageist|173/222\n|move|p2a: Oricorio|Revelation Dance|p1a: Polteageist\n|-damage|p1a: Polteageist|50/222\n|\n|-end|p2a: Oricorio|Disable\n|upkeep\n|turn|5\n|inactive|Time left: 300 sec this turn | 300 sec total\n|\n|t:|1783565915\n|move|p1a: Polteageist|Strength Sap|p2a: Oricorio\n|-unboost|p2a: Oricorio|atk|1\n|-heal|p1a: Polteageist|111/222\n|move|p2a: Oricorio|Revelation Dance|p1a: Polteageist\n|-damage|p1a: Polteageist|0 fnt\n|faint|p1a: Polteageist\n|\n|upkeep\n|inactive|Time left: 300 sec this turn | 300 sec total | 5 sec grace\n|\n|t:|1783565916\n|switch|p1a: Suicune|Suicune, L82|298/298\n|-ability|p1a: Suicune|Pressure\n|turn|6\n|inactive|Time left: 300 sec this turn | 300 sec total\n|\n|t:|1783565917\n|move|p2a: Oricorio|Quiver Dance|p2a: Oricorio\n|-boost|p2a: Oricorio|spa|1\n|-boost|p2a: Oricorio|spd|1\n|-boost|p2a: Oricorio|spe|1\n|move|p1a: Suicune|Calm Mind|p1a: Suicune\n|-boost|p1a: Suicune|spa|1\n|-boost|p1a: Suicune|spd|1\n|\n|upkeep\n|turn|7\n|inactive|Time left: 300 sec this turn | 300 sec total\n|\n|t:|1783565918\n|move|p2a: Oricorio|Hurricane|p1a: Suicune\n|-crit|p1a: Suicune\n|-damage|p1a: Suicune|9/298\n|move|p1a: Suicune|Scald|p2a: Oricorio\n|-supereffective|p2a: Oricorio\n|-damage|p2a: Oricorio|52/100\n|\n|-heal|p1a: Suicune|27/298|[from] item: Leftovers\n|upkeep\n|turn|8\n|inactive|Time left: 300 sec this turn | 300 sec total\n|\n|t:|1783565919\n|move|p2a: Oricorio|Revelation Dance|p1a: Suicune\n|-resisted|p1a: Suicune\n|-damage|p1a: Suicune|0 fnt\n|faint|p1a: Suicune\n|\n|upkeep\n|inactive|Time left: 300 sec this turn | 300 sec total | 5 sec grace\n|\n|t:|1783565920\n|switch|p1a: Ceruledge|Ceruledge, L78, M|245/245\n|turn|9\n|inactive|Time left: 300 sec this turn | 300 sec total\n|\n|t:|1783565921\n|-terastallize|p2a: Oricorio|Ground\n|move|p2a: Oricorio|Revelation Dance|p1a: Ceruledge\n|-supereffective|p1a: Ceruledge\n|-damage|p1a: Ceruledge|0 fnt\n|faint|p1a: Ceruledge\n|\n|upkeep\n|inactive|Time left: 300 sec this turn | 300 sec total | 5 sec grace\n|\n|t:|1783565922\n|switch|p1a: Lokix|Lokix, L82, F|251/251\n|turn|10\n|inactive|Time left: 300 sec this turn | 300 sec total\n|\n|t:|1783565923\n|move|p1a: Lokix|First Impression|p2a: Oricorio\n|-damage|p2a: Oricorio|0 fnt\n|faint|p2a: Oricorio\n|-damage|p1a: Lokix|226/251|[from] item: Life Orb\n|\n|upkeep\n|\n|t:|1783565924\n|switch|p2a: Arbok|Arbok, L87, F|100/100\n|-ability|p2a: Arbok|Intimidate|boost\n|-unboost|p1a: Lokix|atk|1\n|turn|11\n|inactive|Time left: 300 sec this turn | 300 sec total\n|\n|t:|1783565925\n|switch|p1a: Yanmega|Yanmega, L82, F|275/275\n|move|p2a: Arbok|Gunk Shot|p1a: Yanmega|[miss]\n|-miss|p2a: Arbok|p1a: Yanmega\n|\n|upkeep\n|turn|12\n|inactive|Time left: 300 sec this turn | 300 sec total\n|\n|t:|1783565926\n|move|p1a: Yanmega|Bug Buzz|p2a: Arbok\n|-resisted|p2a: Arbok\n|-damage|p2a: Arbok|31/100\n|move|p2a: Arbok|Knock Off|p1a: Yanmega\n|-damage|p1a: Yanmega|199/275\n|-enditem|p1a: Yanmega|Choice Specs|[from] move: Knock Off|[of] p2a: Arbok\n|\n|-heal|p2a: Arbok|37/100|[from] item: Leftovers\n|upkeep\n|turn|13\n|inactive|Time left: 300 sec this turn | 300 sec total\n|\n|t:|1783565927\n|switch|p2a: Arceus|Arceus-Fighting, L70|100/100\n|move|p1a: Yanmega|Bug Buzz|p2a: Arceus\n|-resisted|p2a: Arceus\n|-damage|p2a: Arceus|67/100\n|\n|upkeep\n|turn|14\n|inactive|Time left: 300 sec this turn | 300 sec total\n|\n|t:|1783565928\n|move|p2a: Arceus|Recover|p2a: Arceus\n|-heal|p2a: Arceus|100/100\n|move|p1a: Yanmega|Air Slash|p2a: Arceus\n|-supereffective|p2a: Arceus\n|-crit|p2a: Arceus\n|-damage|p2a: Arceus|15/100\n|\n|upkeep\n|turn|15\n|inactive|Time left: 300 sec this turn | 300 sec total\n|\n|t:|1783565929\n|move|p2a: Arceus|Recover|p2a: Arceus\n|-heal|p2a: Arceus|65/100\n|move|p1a: Yanmega|Air Slash|p2a: Arceus\n|-supereffective|p2a: Arceus\n|-damage|p2a: Arceus|12/100\n|\n|upkeep\n|turn|16\n|inactive|Time left: 300 sec this turn | 300 sec total\n|\n|t:|1783565930\n|move|p2a: Arceus|Recover|p2a: Arceus\n|-heal|p2a: Arceus|62/100\n|move|p1a: Yanmega|Air Slash|p2a: Arceus\n|-supereffective|p2a: Arceus\n|-damage|p2a: Arceus|3/100\n|\n|upkeep\n|turn|17\n|inactive|Time left: 300 sec this turn | 300 sec total\n|\n|t:|1783565931\n|move|p2a: Arceus|Recover|p2a: Arceus\n|-heal|p2a: Arceus|53/100\n|move|p1a: Yanmega|Air Slash|p2a: Arceus\n|-supereffective|p2a: Arceus\n|-damage|p2a: Arceus|0 fnt\n|faint|p2a: Arceus\n|\n|upkeep\n|\n|t:|1783565932\n|switch|p2a: Azumarill|Azumarill, L82, M|100/100\n|turn|18\n|inactive|Time left: 300 sec this turn | 300 sec total\n|\n|t:|1783565933\n|move|p1a: Yanmega|Giga Drain|p2a: Azumarill\n|-supereffective|p2a: Azumarill\n|-damage|p2a: Azumarill|62/100\n|-heal|p1a: Yanmega|257/275|[from] drain|[of] p2a: Azumarill\n|move|p2a: Azumarill|Ice Spinner|p1a: Yanmega\n|-supereffective|p1a: Yanmega\n|-damage|p1a: Yanmega|39/275\n|\n|upkeep\n|turn|19\n|inactive|Time left: 300 sec this turn | 300 sec total\n|\n|t:|1783565934\n|move|p1a: Yanmega|U-turn|p2a: Azumarill\n|-resisted|p2a: Azumarill\n|-damage|p2a: Azumarill|39/100\n|inactive|Time left: 300 sec this turn | 300 sec total | 5 sec grace\n|\n|t:|1783565935\n|switch|p1a: Okidogi|Okidogi, L77, M|262/262|[from] U-turn\n|move|p2a: Azumarill|Ice Spinner|p1a: Okidogi\n|-damage|p1a: Okidogi|166/262\n|\n|-heal|p1a: Okidogi|182/262|[from] item: Leftovers\n|upkeep\n|turn|20\n|inactive|Time left: 300 sec this turn | 300 sec total\n|\n|t:|1783565936\n|switch|p2a: Arbok|Arbok, L87, F|37/100\n|-ability|p2a: Arbok|Intimidate|boost\n|-unboost|p1a: Okidogi|atk|1\n|move|p1a: Okidogi|Bulk Up|p1a: Okidogi\n|-boost|p1a: Okidogi|atk|1\n|-boost|p1a: Okidogi|def|1\n|\n|-heal|p2a: Arbok|43/100|[from] item: Leftovers\n|-heal|p1a: Okidogi|198/262|[from] item: Leftovers\n|upkeep\n|turn|21\n|inactive|Time left: 300 sec this turn | 300 sec total\n|\n|t:|1783565937\n|move|p2a: Arbok|Glare|p1a: Okidogi\n|-status|p1a: Okidogi|par\n|cant|p1a: Okidogi|par\n|\n|-heal|p2a: Arbok|49/100|[from] item: Leftovers\n|-heal|p1a: Okidogi|214/262 par|[from] item: Leftovers\n|upkeep\n|turn|22\n|inactive|Time left: 300 sec this turn | 300 sec total\n|\n|t:|1783565938\n|move|p2a: Arbok|Knock Off|p1a: Okidogi\n|-resisted|p1a: Okidogi\n|-damage|p1a: Okidogi|194/262 par\n|-enditem|p1a: Okidogi|Leftovers|[from] move: Knock Off|[of] p2a: Arbok\n|move|p1a: Okidogi|Bulk Up|p1a: Okidogi\n|-boost|p1a: Okidogi|atk|1\n|-boost|p1a: Okidogi|def|1\n|\n|-heal|p2a: Arbok|55/100|[from] item: Leftovers\n|upkeep\n|turn|23\n|inactive|Time left: 300 sec this turn | 300 sec total\n|\n|t:|1783565939\n|switch|p2a: Azumarill|Azumarill, L82, M|39/100\n|move|p1a: Okidogi|Knock Off|p2a: Azumarill\n|-resisted|p2a: Azumarill\n|-damage|p2a: Azumarill|18/100\n|-enditem|p2a: Azumarill|Choice Band|[from] move: Knock Off|[of] p1a: Okidogi\n|\n|upkeep\n|turn|24\n|inactive|Time left: 300 sec this turn | 300 sec total\n|\n|t:|1783565940\n|move|p2a: Azumarill|Liquidation|p1a: Okidogi\n|-damage|p1a: Okidogi|146/262 par\n|move|p1a: Okidogi|Bulk Up|p1a: Okidogi\n|-boost|p1a: Okidogi|atk|1\n|-boost|p1a: Okidogi|def|1\n|\n|upkeep\n|turn|25\n|inactive|Time left: 300 sec this turn | 300 sec total\n|\n|t:|1783565941\n|move|p2a: Azumarill|Play Rough|p1a: Okidogi\n|-damage|p1a: Okidogi|104/262 par\n|move|p1a: Okidogi|Drain Punch|p2a: Azumarill\n|-resisted|p2a: Azumarill\n|-crit|p2a: Azumarill\n|-damage|p2a: Azumarill|0 fnt\n|-heal|p1a: Okidogi|131/262 par|[from] drain|[of] p2a: Azumarill\n|faint|p2a: Azumarill\n|\n|upkeep\n|\n|t:|1783565942\n|switch|p2a: Veluza|Veluza, L85, F|100/100\n|turn|26\n|inactive|Time left: 300 sec this turn | 300 sec total\n|\n|t:|1783565943\n|-terastallize|p1a: Okidogi|Dark\n|move|p2a: Veluza|Psycho Cut|p1a: Okidogi\n|-immune|p1a: Okidogi\n|move|p1a: Okidogi|Knock Off|p2a: Veluza\n|-supereffective|p2a: Veluza\n|-damage|p2a: Veluza|0 fnt\n|-enditem|p2a: Veluza|Choice Band|[from] move: Knock Off|[of] p1a: Okidogi\n|faint|p2a: Veluza\n|\n|upkeep\n|\n|t:|1783565944\n|switch|p2a: Arbok|Arbok, L87, F|55/100\n|-ability|p2a: Arbok|Intimidate|boost\n|-unboost|p1a: Okidogi|atk|1\n|turn|27\n|inactive|Time left: 300 sec this turn | 300 sec total\n|\n|t:|1783565945\n|move|p2a: Arbok|Gunk Shot|p1a: Okidogi\n|-damage|p1a: Okidogi|80/262 par\n|move|p1a: Okidogi|Knock Off|p2a: Arbok\n|-damage|p2a: Arbok|0 fnt\n|-enditem|p2a: Arbok|Leftovers|[from] move: Knock Off|[of] p1a: Okidogi\n|faint|p2a: Arbok\n|\n|upkeep\n|\n|t:|1783565946\n|switch|p2a: Meganium|Meganium, L90, F|100/100\n|turn|28\n|inactive|Time left: 300 sec this turn | 300 sec total\n|\n|t:|1783565946\n|move|p2a: Meganium|Energy Ball|p1a: Okidogi\n|-damage|p1a: Okidogi|0 fnt\n|faint|p1a: Okidogi\n|\n|upkeep\n|inactive|Time left: 300 sec this turn | 300 sec total | 5 sec grace\n|\n|t:|1783565947\n|switch|p1a: Yanmega|Yanmega, L82, F|39/275\n|turn|29\n|inactive|Time left: 300 sec this turn | 300 sec total\n|\n|t:|1783565948\n|move|p1a: Yanmega|Bug Buzz|p2a: Meganium\n|-supereffective|p2a: Meganium\n|-damage|p2a: Meganium|36/100\n|move|p2a: Meganium|Synthesis|p2a: Meganium\n|-heal|p2a: Meganium|86/100\n|\n|-heal|p2a: Meganium|93/100|[from] item: Leftovers\n|upkeep\n|turn|30\n|inactive|Time left: 300 sec this turn | 300 sec total\n|\n|t:|1783565949\n|move|p1a: Yanmega|Bug Buzz|p2a: Meganium\n|-supereffective|p2a: Meganium\n|-damage|p2a: Meganium|30/100\n|move|p2a: Meganium|Synthesis|p2a: Meganium\n|-heal|p2a: Meganium|80/100\n|\n|-heal|p2a: Meganium|87/100|[from] item: Leftovers\n|upkeep\n|turn|31\n|inactive|Time left: 300 sec this turn | 300 sec total\n|\n|t:|1783565950\n|move|p1a: Yanmega|Bug Buzz|p2a: Meganium\n|-supereffective|p2a: Meganium\n|-damage|p2a: Meganium|27/100\n|move|p2a: Meganium|Synthesis|p2a: Meganium\n|-heal|p2a: Meganium|77/100\n|\n|-heal|p2a: Meganium|83/100|[from] item: Leftovers\n|upkeep\n|turn|32\n|inactive|Time left: 300 sec this turn | 300 sec total\n|\n|t:|1783565951\n|move|p1a: Yanmega|Bug Buzz|p2a: Meganium\n|-supereffective|p2a: Meganium\n|-damage|p2a: Meganium|18/100\n|move|p2a: Meganium|Synthesis|p2a: Meganium\n|-heal|p2a: Meganium|68/100\n|\n|-heal|p2a: Meganium|74/100|[from] item: Leftovers\n|upkeep\n|turn|33\n|inactive|Time left: 300 sec this turn | 300 sec total\n|\n|t:|1783565952\n|move|p1a: Yanmega|Bug Buzz|p2a: Meganium\n|-supereffective|p2a: Meganium\n|-damage|p2a: Meganium|18/100\n|move|p2a: Meganium|Synthesis|p2a: Meganium\n|-heal|p2a: Meganium|68/100\n|\n|-heal|p2a: Meganium|75/100|[from] item: Leftovers\n|upkeep\n|turn|34\n|inactive|Time left: 300 sec this turn | 300 sec total\n|\n|t:|1783565954\n|move|p1a: Yanmega|Bug Buzz|p2a: Meganium\n|-supereffective|p2a: Meganium\n|-damage|p2a: Meganium|12/100\n|move|p2a: Meganium|Synthesis|p2a: Meganium\n|-heal|p2a: Meganium|62/100\n|\n|-heal|p2a: Meganium|68/100|[from] item: Leftovers\n|upkeep\n|turn|35\n|inactive|Time left: 300 sec this turn | 300 sec total\n|\n|t:|1783565955\n|move|p1a: Yanmega|Bug Buzz|p2a: Meganium\n|-supereffective|p2a: Meganium\n|-damage|p2a: Meganium|4/100\n|move|p2a: Meganium|Synthesis|p2a: Meganium\n|-heal|p2a: Meganium|54/100\n|\n|-heal|p2a: Meganium|60/100|[from] item: Leftovers\n|upkeep\n|turn|36\n|inactive|Time left: 300 sec this turn | 300 sec total\n|\n|t:|1783565956\n|move|p1a: Yanmega|Bug Buzz|p2a: Meganium\n|-supereffective|p2a: Meganium\n|-damage|p2a: Meganium|4/100\n|move|p2a: Meganium|Synthesis|p2a: Meganium\n|-heal|p2a: Meganium|54/100\n|\n|-heal|p2a: Meganium|60/100|[from] item: Leftovers\n|upkeep\n|turn|37\n|inactive|Time left: 300 sec this turn | 300 sec total\n|\n|t:|1783565957\n|move|p1a: Yanmega|Bug Buzz|p2a: Meganium\n|-supereffective|p2a: Meganium\n|-damage|p2a: Meganium|0 fnt\n|faint|p2a: Meganium\n|\n|win|p0x22354b34", "uploadtime": 1783565957, "views": 0, "rating": 0, "private": 0, "password": null, "_winner": "p0x22354b34", "_our_name": "p0x22354b34"}