{"id": "battle-gen9randombattle-2653", "formatid": "gen9randombattle", "format": "[Gen 9] Random Battle", "players": ["p0x26532446", "p0y26532df7"], "log": "|init|battle\n|title|p0x26532446 vs. p0y26532df7\n|j|\u2606p0x26532446\n|j|\u2606p0y26532df7\n|t:|1783570618\n|gametype|singles\n|player|p1|p0x26532446|266|\n|player|p2|p0y26532df7|1|\n|gen|9\n|tier|[Gen 9] Random Battle\n|rule|Species Clause: Limit one of each Pok\u00e9mon\n|rule|HP Percentage Mod: HP is shown in percentages\n|rule|Sleep Clause Mod: Limit one foe put to sleep\n|rule|Illusion Level Mod: Illusion disguises the Pok\u00e9mon's true level\n|\n|t:|1783570618\n|teamsize|p1|6\n|teamsize|p2|6\n|start\n|switch|p1a: Ursaring|Ursaring, L84, F|100/100\n|switch|p2a: Munkidori|Munkidori, L79, M|269/269\n|turn|1\n|inactive|Battle timer is ON: inactive players will automatically lose when time's up. (requested by p0x26532446)\n|inactive|Time left: 300 sec this turn | 300 sec total | 60 sec grace\n|inactive|p0y26532df7 also wants the timer to be on.\n|\n|t:|1783570620\n|move|p2a: Munkidori|Sludge Wave|p1a: Ursaring\n|-damage|p1a: Ursaring|59/100\n|move|p1a: Ursaring|Earthquake|p2a: Munkidori\n|-supereffective|p2a: Munkidori\n|-damage|p2a: Munkidori|55/269\n|\n|upkeep\n|turn|2\n|inactive|Time left: 300 sec this turn | 300 sec total\n|\n|t:|1783570621\n|move|p2a: Munkidori|Sludge Wave|p1a: Ursaring\n|-damage|p1a: Ursaring|11/100\n|move|p1a: Ursaring|Body Slam|p2a: Munkidori\n|-damage|p2a: Munkidori|0 fnt\n|faint|p2a: Munkidori\n|\n|upkeep\n|inactive|Time left: 300 sec this turn | 300 sec total | 5 sec grace\n|\n|t:|1783570622\n|switch|p2a: Ribombee|Ribombee, L83, F|235/235\n|turn|3\n|inactive|Time left: 300 sec this turn | 300 sec total\n|\n|t:|1783570623\n|switch|p1a: Flareon|Flareon, L90, M|100/100\n|move|p2a: Ribombee|Sticky Web|p1a: Flareon\n|-sidestart|p1: p0x26532446|move: Sticky Web\n|\n|-status|p1a: Flareon|tox|[from] item: Toxic Orb\n|upkeep\n|turn|4\n|inactive|Time left: 300 sec this turn | 300 sec total\n|\n|t:|1783570624\n|move|p2a: Ribombee|U-turn|p1a: Flareon\n|-resisted|p1a: Flareon\n|-damage|p1a: Flareon|89/100 tox\n|inactive|Time left: 300 sec this turn | 300 sec total | 5 sec grace\n|\n|t:|1783570625\n|switch|p2a: Gouging Fire|Gouging Fire, L74|277/277|[from] U-turn\n|move|p1a: Flareon|Flare Blitz|p2a: Gouging Fire\n|-resisted|p2a: Gouging Fire\n|-damage|p2a: Gouging Fire|213/277\n|-damage|p1a: Flareon|81/100 tox|[from] Recoil\n|\n|-damage|p1a: Flareon|75/100 tox|[from] psn\n|upkeep\n|turn|5\n|inactive|Time left: 300 sec this turn | 300 sec total\n|\n|t:|1783570626\n|-terastallize|p1a: Flareon|Normal\n|move|p2a: Gouging Fire|Outrage|p1a: Flareon\n|-damage|p1a: Flareon|21/100 tox\n|move|p1a: Flareon|Facade|p2a: Gouging Fire\n|-damage|p2a: Gouging Fire|0 fnt\n|faint|p2a: Gouging Fire\n|-end|p2a: Gouging Fire|Protosynthesis|[silent]\n|\n|-damage|p1a: Flareon|9/100 tox|[from] psn\n|upkeep\n|inactive|Time left: 300 sec this turn | 300 sec total | 5 sec grace\n|\n|t:|1783570627\n|switch|p2a: Lycanroc|Lycanroc, L86, M|269/269\n|turn|6\n|inactive|Time left: 300 sec this turn | 300 sec total\n|\n|t:|1783570628\n|move|p2a: Lycanroc|Swords Dance|p2a: Lycanroc\n|-boost|p2a: Lycanroc|atk|2\n|move|p1a: Flareon|Flare Blitz|p2a: Lycanroc\n|-resisted|p2a: Lycanroc\n|-damage|p2a: Lycanroc|102/269\n|-damage|p1a: Flareon|0 fnt|[from] Recoil\n|faint|p1a: Flareon\n|\n|upkeep\n|\n|t:|1783570629\n|switch|p1a: Cresselia|Cresselia, L80, F|100/100\n|turn|7\n|inactive|Time left: 300 sec this turn | 300 sec total\n|\n|t:|1783570630\n|move|p2a: Lycanroc|Crunch|p1a: Cresselia\n|-supereffective|p1a: Cresselia\n|-damage|p1a: Cresselia|0 fnt\n|faint|p1a: Cresselia\n|-damage|p2a: Lycanroc|76/269|[from] item: Life Orb\n|\n|upkeep\n|\n|t:|1783570631\n|switch|p1a: Ursaring|Ursaring, L84, F|11/100\n|-activate|p1a: Ursaring|move: Sticky Web\n|-unboost|p1a: Ursaring|spe|1\n|turn|8\n|inactive|Time left: 300 sec this turn | 300 sec total\n|\n|t:|1783570632\n|move|p2a: Lycanroc|Crunch|p1a: Ursaring\n|-damage|p1a: Ursaring|0 fnt\n|faint|p1a: Ursaring\n|-damage|p2a: Lycanroc|50/269|[from] item: Life Orb\n|\n|upkeep\n|\n|t:|1783570633\n|switch|p1a: Abomasnow|Abomasnow, L84, M|100/100\n|-activate|p1a: Abomasnow|move: Sticky Web\n|-unboost|p1a: Abomasnow|spe|1\n|-weather|Snowscape|[from] ability: Snow Warning|[of] p1a: Abomasnow\n|turn|9\n|inactive|Time left: 300 sec this turn | 300 sec total\n|\n|t:|1783570634\n|move|p1a: Abomasnow|Ice Shard|p2a: Lycanroc\n|-damage|p2a: Lycanroc|4/269\n|move|p2a: Lycanroc|Stone Edge|p1a: Abomasnow\n|-supereffective|p1a: Abomasnow\n|-crit|p1a: Abomasnow\n|-damage|p1a: Abomasnow|0 fnt\n|faint|p1a: Abomasnow\n|-damage|p2a: Lycanroc|0 fnt|[from] item: Life Orb\n|faint|p2a: Lycanroc\n|\n|-weather|Snowscape|[upkeep]\n|upkeep\n|inactive|Time left: 300 sec this turn | 300 sec total | 5 sec grace\n|\n|t:|1783570635\n|switch|p2a: Bellossom|Bellossom, L84, F|263/263\n|switch|p1a: Blastoise|Blastoise, L80, M|100/100\n|-activate|p1a: Blastoise|move: Sticky Web\n|-unboost|p1a: Blastoise|spe|1\n|-enditem|p1a: Blastoise|White Herb\n|-clearnegativeboost|p1a: Blastoise|[silent]\n|turn|10\n|inactive|Time left: 300 sec this turn | 300 sec total\n|\n|t:|1783570636\n|move|p1a: Blastoise|Ice Beam|p2a: Bellossom\n|-supereffective|p2a: Bellossom\n|-damage|p2a: Bellossom|161/263\n|move|p2a: Bellossom|Quiver Dance|p2a: Bellossom\n|-boost|p2a: Bellossom|spa|1\n|-boost|p2a: Bellossom|spd|1\n|-boost|p2a: Bellossom|spe|1\n|\n|-weather|Snowscape|[upkeep]\n|-heal|p2a: Bellossom|177/263|[from] item: Leftovers\n|upkeep\n|turn|11\n|inactive|Time left: 300 sec this turn | 300 sec total\n|\n|t:|1783570638\n|move|p2a: Bellossom|Quiver Dance|p2a: Bellossom\n|-boost|p2a: Bellossom|spa|1\n|-boost|p2a: Bellossom|spd|1\n|-boost|p2a: Bellossom|spe|1\n|move|p1a: Blastoise|Ice Beam|p2a: Bellossom\n|-supereffective|p2a: Bellossom\n|-damage|p2a: Bellossom|125/263\n|\n|-weather|Snowscape|[upkeep]\n|-heal|p2a: Bellossom|141/263|[from] item: Leftovers\n|upkeep\n|turn|12\n|inactive|Time left: 300 sec this turn | 300 sec total\n|\n|t:|1783570639\n|switch|p1a: Froslass|Froslass, L87, F|100/100\n|-activate|p1a: Froslass|move: Sticky Web\n|-unboost|p1a: Froslass|spe|1\n|move|p2a: Bellossom|Giga Drain|p1a: Froslass\n|-damage|p1a: Froslass|32/100\n|-heal|p2a: Bellossom|232/263|[from] drain|[of] p1a: Froslass\n|\n|-weather|Snowscape|[upkeep]\n|-heal|p2a: Bellossom|248/263|[from] item: Leftovers\n|upkeep\n|turn|13\n|inactive|Time left: 300 sec this turn | 300 sec total\n|\n|t:|1783570640\n|switch|p1a: Blastoise|Blastoise, L80, M|100/100\n|-activate|p1a: Blastoise|move: Sticky Web\n|-unboost|p1a: Blastoise|spe|1\n|-terastallize|p2a: Bellossom|Fairy\n|move|p2a: Bellossom|Giga Drain|p1a: Blastoise\n|-supereffective|p1a: Blastoise\n|-damage|p1a: Blastoise|0 fnt\n|-heal|p2a: Bellossom|263/263|[from] drain|[of] p1a: Blastoise\n|faint|p1a: Blastoise\n|\n|-weather|none\n|upkeep\n|\n|t:|1783570641\n|switch|p1a: Froslass|Froslass, L87, F|32/100\n|-activate|p1a: Froslass|move: Sticky Web\n|-unboost|p1a: Froslass|spe|1\n|turn|14\n|inactive|Time left: 300 sec this turn | 300 sec total\n|\n|t:|1783570641\n|move|p2a: Bellossom|Giga Drain|p1a: Froslass\n|-damage|p1a: Froslass|0 fnt\n|faint|p1a: Froslass\n|\n|win|p0y26532df7", "uploadtime": 1783570641, "views": 0, "rating": 0, "private": 0, "password": null, "_winner": "p0y26532df7", "_our_name": "p0y26532df7"}