{"id": "battle-gen9randombattle-1546", "formatid": "gen9randombattle", "format": "[Gen 9] Random Battle", "players": ["p0x15467692", "p0y1546a6a5"], "log": "|init|battle\n|title|p0x15467692 vs. p0y1546a6a5\n|j|\u2606p0x15467692\n|j|\u2606p0y1546a6a5\n|t:|1783557963\n|gametype|singles\n|player|p1|p0x15467692|170|\n|player|p2|p0y1546a6a5|169|\n|gen|9\n|tier|[Gen 9] Random Battle\n|rule|Species Clause: Limit one of each Pok\u00e9mon\n|rule|HP Percentage Mod: HP is shown in percentages\n|rule|Sleep Clause Mod: Limit one foe put to sleep\n|rule|Illusion Level Mod: Illusion disguises the Pok\u00e9mon's true level\n|\n|t:|1783557963\n|teamsize|p1|6\n|teamsize|p2|6\n|start\n|switch|p1a: Sandaconda|Sandaconda, L84, F|100/100\n|switch|p2a: Passimian|Passimian, L83, F|302/302\n|turn|1\n|inactive|Battle timer is ON: inactive players will automatically lose when time's up. (requested by p0x15467692)\n|inactive|Time left: 300 sec this turn | 300 sec total | 60 sec grace\n|inactive|p0y1546a6a5 also wants the timer to be on.\n|\n|t:|1783557964\n|move|p2a: Passimian|Knock Off|p1a: Sandaconda\n|-damage|p1a: Sandaconda|76/100\n|-enditem|p1a: Sandaconda|Leftovers|[from] move: Knock Off|[of] p2a: Passimian\n|move|p1a: Sandaconda|Coil|p1a: Sandaconda\n|-boost|p1a: Sandaconda|atk|1\n|-boost|p1a: Sandaconda|def|1\n|-boost|p1a: Sandaconda|accuracy|1\n|\n|upkeep\n|turn|2\n|inactive|Time left: 300 sec this turn | 300 sec total\n|\n|t:|1783557965\n|switch|p2a: Minior|Minior-Indigo, L79|224/224\n|-formechange|p2a: Minior|Minior-Meteor||[from] ability: Shields Down\n|move|p1a: Sandaconda|Earthquake|p2a: Minior\n|-immune|p2a: Minior\n|\n|upkeep\n|turn|3\n|inactive|Time left: 300 sec this turn | 300 sec total\n|\n|t:|1783557966\n|move|p1a: Sandaconda|Stone Edge|p2a: Minior\n|-supereffective|p2a: Minior\n|-damage|p2a: Minior|20/224\n|move|p2a: Minior|Shell Smash|p2a: Minior\n|-unboost|p2a: Minior|def|1\n|-unboost|p2a: Minior|spd|1\n|-boost|p2a: Minior|atk|2\n|-boost|p2a: Minior|spa|2\n|-boost|p2a: Minior|spe|2\n|-enditem|p2a: Minior|White Herb\n|-clearnegativeboost|p2a: Minior|[silent]\n|\n|-formechange|p2a: Minior|Minior-Indigo||[from] ability: Shields Down\n|upkeep\n|turn|4\n|inactive|Time left: 300 sec this turn | 300 sec total\n|\n|t:|1783557967\n|move|p2a: Minior|Acrobatics|p1a: Sandaconda\n|-crit|p1a: Sandaconda\n|-damage|p1a: Sandaconda|0 fnt\n|faint|p1a: Sandaconda\n|\n|upkeep\n|\n|t:|1783557968\n|switch|p1a: Breloom|Breloom, L83, M|100/100\n|turn|5\n|inactive|Time left: 300 sec this turn | 300 sec total\n|\n|t:|1783557969\n|move|p1a: Breloom|Mach Punch|p2a: Minior\n|-damage|p2a: Minior|0 fnt\n|faint|p2a: Minior\n|-damage|p1a: Breloom|91/100|[from] item: Life Orb\n|\n|upkeep\n|inactive|Time left: 300 sec this turn | 300 sec total | 5 sec grace\n|\n|t:|1783557970\n|switch|p2a: Salamence|Salamence, L77, M|273/273\n|turn|6\n|inactive|Time left: 300 sec this turn | 300 sec total\n|\n|t:|1783557972\n|move|p2a: Salamence|Dual Wingbeat|p1a: Breloom\n|-supereffective|p1a: Breloom\n|-damage|p1a: Breloom|9/100\n|-supereffective|p1a: Breloom\n|-damage|p1a: Breloom|0 fnt\n|faint|p1a: Breloom\n|-ability|p2a: Salamence|Moxie|boost\n|-boost|p2a: Salamence|atk|1\n|-hitcount|p1: Breloom|2\n|\n|upkeep\n|\n|t:|1783557973\n|switch|p1a: Rotom|Rotom-Mow, L87|100/100\n|turn|7\n|inactive|Time left: 300 sec this turn | 300 sec total\n|\n|t:|1783557974\n|move|p1a: Rotom|Will-O-Wisp|p2a: Salamence\n|-status|p2a: Salamence|brn\n|move|p2a: Salamence|Outrage|p1a: Rotom\n|-damage|p1a: Rotom|61/100\n|\n|-heal|p1a: Rotom|67/100|[from] item: Leftovers\n|-damage|p2a: Salamence|256/273 brn|[from] brn\n|upkeep\n|turn|8\n|inactive|Time left: 300 sec this turn | 300 sec total\n|\n|t:|1783557975\n|switch|p1a: Iron Thorns|Iron Thorns, L83|100/100\n|move|p2a: Salamence|Outrage|p1a: Iron Thorns|[from] lockedmove\n|-damage|p1a: Iron Thorns|72/100\n|-start|p2a: Salamence|confusion|[fatigue]\n|\n|-damage|p2a: Salamence|239/273 brn|[from] brn\n|upkeep\n|turn|9\n|inactive|Time left: 300 sec this turn | 300 sec total\n|\n|t:|1783557976\n|-activate|p2a: Salamence|confusion\n|move|p2a: Salamence|Outrage|p1a: Iron Thorns\n|-damage|p1a: Iron Thorns|43/100\n|move|p1a: Iron Thorns|Stone Edge|p2a: Salamence\n|-supereffective|p2a: Salamence\n|-crit|p2a: Salamence\n|-damage|p2a: Salamence|0 fnt\n|faint|p2a: Salamence\n|\n|upkeep\n|inactive|Time left: 300 sec this turn | 300 sec total | 5 sec grace\n|\n|t:|1783557977\n|switch|p2a: Hitmontop|Hitmontop, L88, M|231/231\n|turn|10\n|inactive|Time left: 300 sec this turn | 300 sec total\n|\n|t:|1783557978\n|move|p2a: Hitmontop|Bulk Up|p2a: Hitmontop\n|-boost|p2a: Hitmontop|atk|1\n|-boost|p2a: Hitmontop|def|1\n|move|p1a: Iron Thorns|Earthquake|p2a: Hitmontop\n|-damage|p2a: Hitmontop|175/231\n|\n|-heal|p2a: Hitmontop|189/231|[from] item: Leftovers\n|upkeep\n|turn|11\n|inactive|Time left: 300 sec this turn | 300 sec total\n|\n|t:|1783557979\n|move|p2a: Hitmontop|Triple Axel|p1a: Iron Thorns\n|-damage|p1a: Iron Thorns|33/100\n|-damage|p1a: Iron Thorns|14/100\n|-damage|p1a: Iron Thorns|0 fnt\n|faint|p1a: Iron Thorns\n|-end|p1a: Iron Thorns|Quark Drive|[silent]\n|-hitcount|p1: Iron Thorns|3\n|\n|-heal|p2a: Hitmontop|203/231|[from] item: Leftovers\n|upkeep\n|\n|t:|1783557980\n|switch|p1a: Rotom|Rotom-Mow, L87|67/100\n|turn|12\n|inactive|Time left: 300 sec this turn | 300 sec total\n|\n|t:|1783557981\n|move|p1a: Rotom|Will-O-Wisp|p2a: Hitmontop\n|-status|p2a: Hitmontop|brn\n|move|p2a: Hitmontop|Triple Axel|p1a: Rotom\n|-supereffective|p1a: Rotom\n|-damage|p1a: Rotom|56/100\n|-supereffective|p1a: Rotom\n|-damage|p1a: Rotom|31/100\n|-supereffective|p1a: Rotom\n|-damage|p1a: Rotom|0 fnt\n|faint|p1a: Rotom\n|-hitcount|p1: Rotom|3\n|\n|-heal|p2a: Hitmontop|217/231 brn|[from] item: Leftovers\n|-damage|p2a: Hitmontop|203/231 brn|[from] brn\n|upkeep\n|\n|t:|1783557981\n|switch|p1a: Dialga|Dialga-Origin, L73|100/100\n|-ability|p1a: Dialga|Pressure\n|turn|13\n|inactive|Time left: 300 sec this turn | 300 sec total\n|\n|t:|1783557982\n|move|p1a: Dialga|Flash Cannon|p2a: Hitmontop\n|-damage|p2a: Hitmontop|110/231 brn\n|move|p2a: Hitmontop|Close Combat|p1a: Dialga\n|-supereffective|p1a: Dialga\n|-damage|p1a: Dialga|35/100\n|-unboost|p2a: Hitmontop|def|1\n|-unboost|p2a: Hitmontop|spd|1\n|\n|-heal|p2a: Hitmontop|124/231 brn|[from] item: Leftovers\n|-damage|p2a: Hitmontop|110/231 brn|[from] brn\n|upkeep\n|turn|14\n|inactive|Time left: 300 sec this turn | 300 sec total\n|\n|t:|1783557983\n|move|p1a: Dialga|Flash Cannon|p2a: Hitmontop\n|-damage|p2a: Hitmontop|0 fnt\n|faint|p2a: Hitmontop\n|\n|upkeep\n|inactive|Time left: 300 sec this turn | 300 sec total | 5 sec grace\n|\n|t:|1783557984\n|switch|p2a: Passimian|Passimian, L83, F|302/302\n|turn|15\n|inactive|Time left: 300 sec this turn | 300 sec total\n|\n|t:|1783557985\n|-terastallize|p1a: Dialga|Dragon\n|move|p2a: Passimian|Close Combat|p1a: Dialga\n|-damage|p1a: Dialga|0 fnt\n|-unboost|p2a: Passimian|def|1\n|-unboost|p2a: Passimian|spd|1\n|faint|p1a: Dialga\n|\n|upkeep\n|\n|t:|1783557986\n|switch|p1a: Luvdisc|Luvdisc, M|100/100\n|turn|16\n|inactive|Time left: 300 sec this turn | 300 sec total\n|\n|t:|1783557987\n|-terastallize|p2a: Passimian|Fighting\n|move|p2a: Passimian|Close Combat|p1a: Luvdisc\n|-damage|p1a: Luvdisc|7/100\n|-unboost|p2a: Passimian|def|1\n|-unboost|p2a: Passimian|spd|1\n|move|p1a: Luvdisc|Substitute|p1a: Luvdisc\n|-fail|p1a: Luvdisc|move: Substitute|[weak]\n|\n|upkeep\n|turn|17\n|inactive|Time left: 300 sec this turn | 300 sec total\n|\n|t:|1783557988\n|move|p2a: Passimian|Close Combat|p1a: Luvdisc\n|-damage|p1a: Luvdisc|0 fnt\n|-unboost|p2a: Passimian|def|1\n|-unboost|p2a: Passimian|spd|1\n|faint|p1a: Luvdisc\n|\n|win|p0y1546a6a5", "uploadtime": 1783557988, "views": 0, "rating": 0, "private": 0, "password": null, "_winner": "p0y1546a6a5", "_our_name": "p0y1546a6a5"}