{"id": "battle-gen9randombattle-2709", "formatid": "gen9randombattle", "format": "[Gen 9] Random Battle", "players": ["p0x27093a5a", "p0y27092fc7"], "log": "|init|battle\n|title|p0x27093a5a vs. p0y27092fc7\n|j|\u2606p0x27093a5a\n|j|\u2606p0y27092fc7\n|t:|1783570231\n|gametype|singles\n|player|p1|p0x27093a5a|266|\n|player|p2|p0y27092fc7|265|\n|gen|9\n|tier|[Gen 9] Random Battle\n|rule|Species Clause: Limit one of each Pok\u00e9mon\n|rule|HP Percentage Mod: HP is shown in percentages\n|rule|Sleep Clause Mod: Limit one foe put to sleep\n|rule|Illusion Level Mod: Illusion disguises the Pok\u00e9mon's true level\n|\n|t:|1783570231\n|teamsize|p1|6\n|teamsize|p2|6\n|start\n|switch|p1a: Sceptile|Sceptile, L87, F|100/100\n|switch|p2a: Arbok|Arbok, L87, F|246/246\n|-ability|p2a: Arbok|Intimidate|boost\n|-unboost|p1a: Sceptile|atk|1\n|turn|1\n|inactive|Battle timer is ON: inactive players will automatically lose when time's up. (requested by p0x27093a5a)\n|inactive|Time left: 300 sec this turn | 300 sec total | 60 sec grace\n|inactive|p0y27092fc7 also wants the timer to be on.\n|\n|t:|1783570233\n|switch|p1a: Appletun|Appletun, L92, M|100/100\n|move|p2a: Arbok|Gunk Shot|p1a: Appletun\n|-supereffective|p1a: Appletun\n|-damage|p1a: Appletun|24/100\n|\n|-heal|p1a: Appletun|30/100|[from] item: Leftovers\n|upkeep\n|turn|2\n|inactive|Time left: 300 sec this turn | 300 sec total\n|\n|t:|1783570234\n|move|p2a: Arbok|Gunk Shot|p1a: Appletun\n|-supereffective|p1a: Appletun\n|-damage|p1a: Appletun|0 fnt\n|faint|p1a: Appletun\n|\n|upkeep\n|\n|t:|1783570235\n|switch|p1a: Empoleon|Empoleon, L84, F|100/100\n|turn|3\n|inactive|Time left: 300 sec this turn | 300 sec total\n|\n|t:|1783570237\n|switch|p2a: Conkeldurr|Conkeldurr, L80, F|299/299\n|move|p1a: Empoleon|Stealth Rock|p2a: Conkeldurr\n|-sidestart|p2: p0y27092fc7|move: Stealth Rock\n|\n|-status|p2a: Conkeldurr|brn|[from] item: Flame Orb\n|upkeep\n|turn|4\n|inactive|Time left: 300 sec this turn | 300 sec total\n|\n|t:|1783570238\n|move|p1a: Empoleon|Surf|p2a: Conkeldurr\n|-damage|p2a: Conkeldurr|172/299 brn\n|move|p2a: Conkeldurr|Close Combat|p1a: Empoleon\n|-supereffective|p1a: Empoleon\n|-damage|p1a: Empoleon|0 fnt\n|-unboost|p2a: Conkeldurr|def|1\n|-unboost|p2a: Conkeldurr|spd|1\n|faint|p1a: Empoleon\n|\n|-damage|p2a: Conkeldurr|154/299 brn|[from] brn\n|upkeep\n|\n|t:|1783570239\n|switch|p1a: Sceptile|Sceptile, L87, F|100/100\n|turn|5\n|inactive|Time left: 300 sec this turn | 300 sec total\n|\n|t:|1783570240\n|switch|p2a: Arbok|Arbok, L87, F|246/246\n|-damage|p2a: Arbok|216/246|[from] Stealth Rock\n|-ability|p2a: Arbok|Intimidate|boost\n|-unboost|p1a: Sceptile|atk|1\n|move|p1a: Sceptile|Leaf Blade|p2a: Arbok\n|-resisted|p2a: Arbok\n|-crit|p2a: Arbok\n|-damage|p2a: Arbok|107/246\n|-damage|p1a: Sceptile|91/100|[from] item: Life Orb\n|\n|-heal|p2a: Arbok|122/246|[from] item: Leftovers\n|upkeep\n|turn|6\n|inactive|Time left: 300 sec this turn | 300 sec total\n|\n|t:|1783570241\n|move|p1a: Sceptile|Earthquake|p2a: Arbok\n|-supereffective|p2a: Arbok\n|-damage|p2a: Arbok|0 fnt\n|faint|p2a: Arbok\n|-damage|p1a: Sceptile|81/100|[from] item: Life Orb\n|\n|upkeep\n|inactive|Time left: 300 sec this turn | 300 sec total | 5 sec grace\n|\n|t:|1783570242\n|switch|p2a: Conkeldurr|Conkeldurr, L80, F|154/299 brn\n|-damage|p2a: Conkeldurr|136/299 brn|[from] Stealth Rock\n|turn|7\n|inactive|Time left: 300 sec this turn | 300 sec total\n|\n|t:|1783570243\n|move|p1a: Sceptile|Leaf Blade|p2a: Conkeldurr\n|-damage|p2a: Conkeldurr|58/299 brn\n|-damage|p1a: Sceptile|71/100|[from] item: Life Orb\n|move|p2a: Conkeldurr|Close Combat|p1a: Sceptile\n|-damage|p1a: Sceptile|0 fnt\n|-unboost|p2a: Conkeldurr|def|1\n|-unboost|p2a: Conkeldurr|spd|1\n|faint|p1a: Sceptile\n|\n|-damage|p2a: Conkeldurr|40/299 brn|[from] brn\n|upkeep\n|\n|t:|1783570244\n|switch|p1a: Muk|Muk-Alola, L82, M|100/100\n|turn|8\n|inactive|Time left: 300 sec this turn | 300 sec total\n|\n|t:|1783570245\n|switch|p2a: Meganium|Meganium, L90, M|290/290\n|-damage|p2a: Meganium|254/290|[from] Stealth Rock\n|move|p1a: Muk|Knock Off|p2a: Meganium\n|-damage|p2a: Meganium|170/290\n|-enditem|p2a: Meganium|Leftovers|[from] move: Knock Off|[of] p1a: Muk\n|\n|upkeep\n|turn|9\n|inactive|Time left: 300 sec this turn | 300 sec total\n|\n|t:|1783570246\n|move|p2a: Meganium|Synthesis|p2a: Meganium\n|-heal|p2a: Meganium|290/290\n|move|p1a: Muk|Gunk Shot|p2a: Meganium|[miss]\n|-miss|p1a: Muk|p2a: Meganium\n|\n|upkeep\n|turn|10\n|inactive|Time left: 300 sec this turn | 300 sec total\n|\n|t:|1783570247\n|move|p2a: Meganium|Leech Seed|p1a: Muk\n|-start|p1a: Muk|move: Leech Seed\n|move|p1a: Muk|Gunk Shot|p2a: Meganium\n|-supereffective|p2a: Meganium\n|-damage|p2a: Meganium|78/290\n|-status|p2a: Meganium|psn\n|\n|-damage|p1a: Muk|88/100|[from] Leech Seed|[of] p2a: Meganium\n|-heal|p2a: Meganium|116/290 psn|[silent]\n|-damage|p2a: Meganium|80/290 psn|[from] psn\n|upkeep\n|turn|11\n|inactive|Time left: 300 sec this turn | 300 sec total\n|\n|t:|1783570248\n|move|p2a: Meganium|Synthesis|p2a: Meganium\n|-heal|p2a: Meganium|225/290 psn\n|move|p1a: Muk|Gunk Shot|p2a: Meganium|[miss]\n|-miss|p1a: Muk|p2a: Meganium\n|\n|-damage|p1a: Muk|76/100|[from] Leech Seed|[of] p2a: Meganium\n|-heal|p2a: Meganium|263/290 psn|[silent]\n|-damage|p2a: Meganium|227/290 psn|[from] psn\n|upkeep\n|turn|12\n|inactive|Time left: 300 sec this turn | 300 sec total\n|\n|t:|1783570249\n|move|p2a: Meganium|Energy Ball|p1a: Muk\n|-resisted|p1a: Muk\n|-damage|p1a: Muk|66/100\n|move|p1a: Muk|Gunk Shot|p2a: Meganium\n|-supereffective|p2a: Meganium\n|-damage|p2a: Meganium|0 fnt\n|faint|p2a: Meganium\n|\n|upkeep\n|inactive|Time left: 300 sec this turn | 300 sec total | 5 sec grace\n|\n|t:|1783570250\n|switch|p2a: Minior|Minior-Indigo, L79|224/224\n|-damage|p2a: Minior|168/224|[from] Stealth Rock\n|-formechange|p2a: Minior|Minior-Meteor||[from] ability: Shields Down\n|turn|13\n|inactive|Time left: 300 sec this turn | 300 sec total\n|\n|t:|1783570251\n|switch|p1a: Urshifu|Urshifu, L74, M|100/100\n|move|p2a: Minior|Shell Smash|p2a: Minior\n|-unboost|p2a: Minior|def|1\n|-unboost|p2a: Minior|spd|1\n|-boost|p2a: Minior|atk|2\n|-boost|p2a: Minior|spa|2\n|-boost|p2a: Minior|spe|2\n|-enditem|p2a: Minior|White Herb\n|-clearnegativeboost|p2a: Minior|[silent]\n|\n|upkeep\n|turn|14\n|inactive|Time left: 300 sec this turn | 300 sec total\n|\n|t:|1783570252\n|-terastallize|p1a: Urshifu|Dark\n|move|p2a: Minior|Acrobatics|p1a: Urshifu\n|-damage|p1a: Urshifu|40/100\n|move|p1a: Urshifu|Wicked Blow|p2a: Minior\n|-crit|p2a: Minior\n|-damage|p2a: Minior|0 fnt\n|faint|p2a: Minior\n|-damage|p1a: Urshifu|30/100|[from] item: Life Orb\n|\n|upkeep\n|inactive|Time left: 300 sec this turn | 300 sec total | 5 sec grace\n|\n|t:|1783570253\n|switch|p2a: Mienshao|Mienshao, L83, F|244/244\n|-damage|p2a: Mienshao|229/244|[from] Stealth Rock\n|turn|15\n|inactive|Time left: 300 sec this turn | 300 sec total\n|\n|t:|1783570254\n|move|p2a: Mienshao|U-turn|p1a: Urshifu\n|-supereffective|p1a: Urshifu\n|-damage|p1a: Urshifu|0 fnt\n|faint|p1a: Urshifu\n|inactive|Time left: 300 sec this turn | 300 sec total | 5 sec grace\n|\n|t:|1783570255\n|switch|p2a: Camerupt|Camerupt, L91, M|275/275|[from] U-turn\n|-damage|p2a: Camerupt|241/275|[from] Stealth Rock\n|\n|-heal|p2a: Camerupt|258/275|[from] item: Leftovers\n|upkeep\n|\n|t:|1783570255\n|switch|p1a: Klefki|Klefki, L84, F|100/100\n|turn|16\n|inactive|Time left: 300 sec this turn | 300 sec total\n|\n|t:|1783570256\n|move|p1a: Klefki|Spikes|p2a: Camerupt\n|-sidestart|p2: p0y27092fc7|Spikes\n|move|p2a: Camerupt|Earthquake|p1a: Klefki\n|-supereffective|p1a: Klefki\n|-damage|p1a: Klefki|0 fnt\n|faint|p1a: Klefki\n|\n|-heal|p2a: Camerupt|275/275|[from] item: Leftovers\n|upkeep\n|\n|t:|1783570257\n|switch|p1a: Muk|Muk-Alola, L82, M|66/100\n|turn|17\n|inactive|Time left: 300 sec this turn | 300 sec total\n|\n|t:|1783570257\n|move|p1a: Muk|Ice Punch|p2a: Camerupt\n|-damage|p2a: Camerupt|217/275\n|-status|p2a: Camerupt|frz\n|cant|p2a: Camerupt|frz\n|\n|-heal|p2a: Camerupt|234/275 frz|[from] item: Leftovers\n|upkeep\n|turn|18\n|inactive|Time left: 300 sec this turn | 300 sec total\n|\n|t:|1783570258\n|move|p1a: Muk|Knock Off|p2a: Camerupt\n|-damage|p2a: Camerupt|111/275 frz\n|-enditem|p2a: Camerupt|Leftovers|[from] move: Knock Off|[of] p1a: Muk\n|cant|p2a: Camerupt|frz\n|\n|upkeep\n|turn|19\n|inactive|Time left: 300 sec this turn | 300 sec total\n|\n|t:|1783570259\n|move|p1a: Muk|Gunk Shot|p2a: Camerupt\n|-resisted|p2a: Camerupt\n|-damage|p2a: Camerupt|47/275 frz\n|-curestatus|p2a: Camerupt|frz|[msg]\n|move|p2a: Camerupt|Earthquake|p1a: Muk\n|-supereffective|p1a: Muk\n|-damage|p1a: Muk|0 fnt\n|faint|p1a: Muk\n|\n|win|p0y27092fc7", "uploadtime": 1783570259, "views": 0, "rating": 0, "private": 0, "password": null, "_winner": "p0y27092fc7", "_our_name": "p0y27092fc7"}