{"id": "battle-gen9randombattle-1070", "formatid": "gen9randombattle", "format": "[Gen 9] Random Battle", "players": ["p0x1070e4ac", "p0y10702e3d"], "log": "|init|battle\n|title|p0x1070e4ac vs. p0y10702e3d\n|j|\u2606p0x1070e4ac\n|j|\u2606p0y10702e3d\n|t:|1783551612\n|gametype|singles\n|player|p1|p0x1070e4ac|101|\n|player|p2|p0y10702e3d|1|\n|gen|9\n|tier|[Gen 9] Random Battle\n|rule|Species Clause: Limit one of each Pok\u00e9mon\n|rule|HP Percentage Mod: HP is shown in percentages\n|rule|Sleep Clause Mod: Limit one foe put to sleep\n|rule|Illusion Level Mod: Illusion disguises the Pok\u00e9mon's true level\n|\n|t:|1783551612\n|teamsize|p1|6\n|teamsize|p2|6\n|start\n|switch|p1a: Torkoal|Torkoal, L88, M|100/100\n|switch|p2a: Donphan|Donphan, L84, F|288/288\n|-weather|SunnyDay|[from] ability: Drought|[of] p1a: Torkoal\n|turn|1\n|inactive|Battle timer is ON: inactive players will automatically lose when time's up. (requested by p0y10702e3d)\n|inactive|p0x1070e4ac also wants the timer to be on.\n|\n|t:|1783551613\n|move|p2a: Donphan|Earthquake|p1a: Torkoal\n|-supereffective|p1a: Torkoal\n|-damage|p1a: Torkoal|43/100\n|move|p1a: Torkoal|Lava Plume|p2a: Donphan\n|-damage|p2a: Donphan|120/288\n|\n|-weather|SunnyDay|[upkeep]\n|-heal|p2a: Donphan|138/288|[from] item: Leftovers\n|upkeep\n|turn|2\n|inactive|Time left: 300 sec this turn | 300 sec total\n|\n|t:|1783551614\n|switch|p1a: Pelipper|Pelipper, L86, F|100/100\n|-weather|RainDance|[from] ability: Drizzle|[of] p1a: Pelipper\n|move|p2a: Donphan|Earthquake|p1a: Pelipper\n|-immune|p1a: Pelipper\n|\n|-weather|RainDance|[upkeep]\n|-heal|p2a: Donphan|156/288|[from] item: Leftovers\n|upkeep\n|turn|3\n|inactive|Time left: 300 sec this turn | 300 sec total\n|\n|t:|1783551614\n|switch|p2a: Clodsire|Clodsire, L81, F|343/343\n|move|p1a: Pelipper|Weather Ball|p2a: Clodsire\n|-immune|p2a: Clodsire|[from] ability: Water Absorb\n|\n|-weather|RainDance|[upkeep]\n|upkeep\n|turn|4\n|inactive|Time left: 300 sec this turn | 300 sec total\n|\n|t:|1783551615\n|move|p1a: Pelipper|Weather Ball|p2a: Clodsire\n|-immune|p2a: Clodsire|[from] ability: Water Absorb\n|move|p2a: Clodsire|Toxic|p1a: Pelipper\n|-status|p1a: Pelipper|tox\n|\n|-weather|RainDance|[upkeep]\n|-damage|p1a: Pelipper|94/100 tox|[from] psn\n|upkeep\n|turn|5\n|inactive|Time left: 300 sec this turn | 300 sec total\n|\n|t:|1783551616\n|switch|p1a: Greedent|Greedent, L86, M|100/100\n|move|p2a: Clodsire|Toxic|p1a: Greedent\n|-status|p1a: Greedent|tox\n|\n|-weather|RainDance|[upkeep]\n|-damage|p1a: Greedent|94/100 tox|[from] psn\n|upkeep\n|turn|6\n|inactive|Time left: 300 sec this turn | 300 sec total\n|\n|t:|1783551617\n|move|p1a: Greedent|Swords Dance|p1a: Greedent\n|-boost|p1a: Greedent|atk|2\n|move|p2a: Clodsire|Earthquake|p1a: Greedent\n|-damage|p1a: Greedent|71/100 tox\n|\n|-weather|none\n|-damage|p1a: Greedent|59/100 tox|[from] psn\n|upkeep\n|turn|7\n|inactive|Time left: 300 sec this turn | 300 sec total\n|\n|t:|1783551618\n|switch|p2a: Honchkrow|Honchkrow, L86, F|312/312\n|move|p1a: Greedent|Body Slam|p2a: Honchkrow\n|-damage|p2a: Honchkrow|63/312\n|\n|-damage|p1a: Greedent|41/100 tox|[from] psn\n|upkeep\n|-enditem|p1a: Greedent|Sitrus Berry|[eat]\n|-heal|p1a: Greedent|65/100 tox|[from] item: Sitrus Berry\n|-heal|p1a: Greedent|98/100 tox|[from] ability: Cheek Pouch\n|turn|8\n|inactive|Time left: 300 sec this turn | 300 sec total\n|\n|t:|1783551619\n|move|p2a: Honchkrow|Brave Bird|p1a: Greedent\n|-damage|p1a: Greedent|58/100 tox\n|-damage|p2a: Honchkrow|16/312|[from] Recoil\n|move|p1a: Greedent|Body Slam|p2a: Honchkrow\n|-damage|p2a: Honchkrow|0 fnt\n|faint|p2a: Honchkrow\n|\n|-damage|p1a: Greedent|34/100 tox|[from] psn\n|upkeep\n|inactive|Time left: 300 sec this turn | 300 sec total | 5 sec grace\n|\n|t:|1783551620\n|switch|p2a: Donphan|Donphan, L84, F|156/288\n|turn|9\n|inactive|Time left: 300 sec this turn | 300 sec total\n|\n|t:|1783551622\n|move|p2a: Donphan|Stealth Rock|p1a: Greedent\n|-sidestart|p1: p0x1070e4ac|move: Stealth Rock\n|move|p1a: Greedent|Body Slam|p2a: Donphan\n|-damage|p2a: Donphan|20/288\n|\n|-heal|p2a: Donphan|38/288|[from] item: Leftovers\n|-damage|p1a: Greedent|3/100 tox|[from] psn\n|upkeep\n|turn|10\n|inactive|Time left: 300 sec this turn | 300 sec total\n|\n|t:|1783551623\n|move|p2a: Donphan|Earthquake|p1a: Greedent\n|-damage|p1a: Greedent|0 fnt\n|faint|p1a: Greedent\n|\n|-heal|p2a: Donphan|56/288|[from] item: Leftovers\n|upkeep\n|\n|t:|1783551624\n|switch|p1a: Politoed|Politoed, L88, M|100/100\n|-damage|p1a: Politoed|88/100|[from] Stealth Rock\n|-weather|RainDance|[from] ability: Drizzle|[of] p1a: Politoed\n|turn|11\n|inactive|Time left: 300 sec this turn | 300 sec total\n|\n|t:|1783551625\n|switch|p2a: Clodsire|Clodsire, L81, F|343/343\n|move|p1a: Politoed|Ice Beam|p2a: Clodsire\n|-supereffective|p2a: Clodsire\n|-damage|p2a: Clodsire|171/343\n|\n|-weather|RainDance|[upkeep]\n|-heal|p2a: Clodsire|192/343|[from] item: Leftovers\n|upkeep\n|turn|12\n|inactive|Time left: 300 sec this turn | 300 sec total\n|\n|t:|1783551626\n|switch|p2a: Iron Bundle|Iron Bundle, L78|215/215\n|move|p1a: Politoed|Ice Beam|p2a: Iron Bundle\n|-resisted|p2a: Iron Bundle\n|-crit|p2a: Iron Bundle\n|-damage|p2a: Iron Bundle|163/215\n|\n|-weather|RainDance|[upkeep]\n|upkeep\n|turn|13\n|inactive|Time left: 300 sec this turn | 300 sec total\n|\n|t:|1783551627\n|move|p2a: Iron Bundle|Hydro Pump|p1a: Politoed\n|-resisted|p1a: Politoed\n|-damage|p1a: Politoed|61/100\n|move|p1a: Politoed|Ice Beam|p2a: Iron Bundle\n|-resisted|p2a: Iron Bundle\n|-damage|p2a: Iron Bundle|127/215\n|\n|-weather|RainDance|[upkeep]\n|upkeep\n|turn|14\n|inactive|Time left: 300 sec this turn | 300 sec total\n|\n|t:|1783551629\n|move|p2a: Iron Bundle|Hydro Pump|p1a: Politoed|[miss]\n|-miss|p2a: Iron Bundle|p1a: Politoed\n|move|p1a: Politoed|Ice Beam|p2a: Iron Bundle\n|-resisted|p2a: Iron Bundle\n|-damage|p2a: Iron Bundle|91/215\n|\n|-weather|RainDance|[upkeep]\n|upkeep\n|turn|15\n|inactive|Time left: 300 sec this turn | 300 sec total\n|\n|t:|1783551630\n|move|p2a: Iron Bundle|Freeze-Dry|p1a: Politoed\n|-supereffective|p1a: Politoed\n|-damage|p1a: Politoed|11/100\n|move|p1a: Politoed|Ice Beam|p2a: Iron Bundle\n|-resisted|p2a: Iron Bundle\n|-damage|p2a: Iron Bundle|58/215\n|\n|-weather|none\n|upkeep\n|turn|16\n|inactive|Time left: 300 sec this turn | 300 sec total\n|\n|t:|1783551631\n|move|p2a: Iron Bundle|Ice Beam|p1a: Politoed\n|-resisted|p1a: Politoed\n|-damage|p1a: Politoed|0 fnt\n|faint|p1a: Politoed\n|\n|upkeep\n|\n|t:|1783551632\n|switch|p1a: Granbull|Granbull, L88, M|100/100\n|-damage|p1a: Granbull|88/100|[from] Stealth Rock\n|-ability|p1a: Granbull|Intimidate|boost\n|-unboost|p2a: Iron Bundle|atk|1\n|turn|17\n|inactive|Time left: 300 sec this turn | 300 sec total\n|\n|t:|1783551633\n|move|p2a: Iron Bundle|Hydro Pump|p1a: Granbull\n|-damage|p1a: Granbull|40/100\n|move|p1a: Granbull|Earthquake|p2a: Iron Bundle\n|-damage|p2a: Iron Bundle|0 fnt\n|faint|p2a: Iron Bundle\n|-end|p2a: Iron Bundle|Quark Drive|[silent]\n|\n|-heal|p1a: Granbull|46/100|[from] item: Leftovers\n|upkeep\n|inactive|Time left: 300 sec this turn | 300 sec total | 5 sec grace\n|\n|t:|1783551634\n|switch|p2a: Arbok|Arbok, L87, F|246/246\n|-ability|p2a: Arbok|Intimidate|boost\n|-unboost|p1a: Granbull|atk|1\n|turn|18\n|inactive|Time left: 300 sec this turn | 300 sec total\n|\n|t:|1783551635\n|move|p2a: Arbok|Coil|p2a: Arbok\n|-boost|p2a: Arbok|atk|1\n|-boost|p2a: Arbok|def|1\n|-boost|p2a: Arbok|accuracy|1\n|move|p1a: Granbull|Earthquake|p2a: Arbok\n|-supereffective|p2a: Arbok\n|-damage|p2a: Arbok|154/246\n|\n|-heal|p2a: Arbok|169/246|[from] item: Leftovers\n|-heal|p1a: Granbull|52/100|[from] item: Leftovers\n|upkeep\n|turn|19\n|inactive|Time left: 300 sec this turn | 300 sec total\n|\n|t:|1783551636\n|switch|p1a: Moltres|Moltres, L81|100/100\n|move|p2a: Arbok|Gunk Shot|p1a: Moltres\n|-damage|p1a: Moltres|29/100\n|-status|p1a: Moltres|psn\n|\n|-heal|p2a: Arbok|184/246|[from] item: Leftovers\n|-damage|p1a: Moltres|17/100 psn|[from] psn\n|upkeep\n|turn|20\n|inactive|Time left: 300 sec this turn | 300 sec total\n|\n|t:|1783551637\n|move|p1a: Moltres|Fire Blast|p2a: Arbok\n|-damage|p2a: Arbok|45/246\n|move|p2a: Arbok|Coil|p2a: Arbok\n|-boost|p2a: Arbok|atk|1\n|-boost|p2a: Arbok|def|1\n|-boost|p2a: Arbok|accuracy|1\n|\n|-heal|p2a: Arbok|60/246|[from] item: Leftovers\n|-damage|p1a: Moltres|5/100 psn|[from] psn\n|upkeep\n|turn|21\n|inactive|Time left: 300 sec this turn | 300 sec total\n|\n|t:|1783551638\n|move|p2a: Arbok|Sucker Punch|p1a: Moltres\n|-damage|p1a: Moltres|0 fnt\n|faint|p1a: Moltres\n|\n|-heal|p2a: Arbok|75/246|[from] item: Leftovers\n|upkeep\n|\n|t:|1783551639\n|switch|p1a: Granbull|Granbull, L88, M|52/100\n|-damage|p1a: Granbull|40/100|[from] Stealth Rock\n|-ability|p1a: Granbull|Intimidate|boost\n|-unboost|p2a: Arbok|atk|1\n|turn|22\n|inactive|Time left: 300 sec this turn | 300 sec total\n|\n|t:|1783551640\n|move|p2a: Arbok|Earthquake|p1a: Granbull\n|-damage|p1a: Granbull|1/100\n|move|p1a: Granbull|Earthquake|p2a: Arbok\n|-supereffective|p2a: Arbok\n|-damage|p2a: Arbok|0 fnt\n|faint|p2a: Arbok\n|\n|-heal|p1a: Granbull|7/100|[from] item: Leftovers\n|upkeep\n|inactive|Time left: 300 sec this turn | 300 sec total | 5 sec grace\n|\n|t:|1783551641\n|switch|p2a: Donphan|Donphan, L84, F|56/288\n|turn|23\n|inactive|Time left: 300 sec this turn | 300 sec total\n|\n|t:|1783551642\n|switch|p1a: Pelipper|Pelipper, L86, F|94/100 tox\n|-damage|p1a: Pelipper|70/100 tox|[from] Stealth Rock\n|-weather|RainDance|[from] ability: Drizzle|[of] p1a: Pelipper\n|move|p2a: Donphan|Rapid Spin|p1a: Pelipper\n|-damage|p1a: Pelipper|53/100 tox\n|-boost|p2a: Donphan|spe|1\n|\n|-weather|RainDance|[upkeep]\n|-heal|p2a: Donphan|74/288|[from] item: Leftovers\n|-damage|p1a: Pelipper|47/100 tox|[from] psn\n|upkeep\n|turn|24\n|inactive|Time left: 300 sec this turn | 300 sec total\n|\n|t:|1783551643\n|move|p2a: Donphan|Knock Off|p1a: Pelipper\n|-damage|p1a: Pelipper|17/100 tox\n|-enditem|p1a: Pelipper|Choice Specs|[from] move: Knock Off|[of] p2a: Donphan\n|move|p1a: Pelipper|Hurricane|p2a: Donphan\n|-damage|p2a: Donphan|0 fnt\n|faint|p2a: Donphan\n|\n|-weather|RainDance|[upkeep]\n|-damage|p1a: Pelipper|4/100 tox|[from] psn\n|upkeep\n|inactive|Time left: 300 sec this turn | 300 sec total | 5 sec grace\n|\n|t:|1783551644\n|switch|p2a: Clodsire|Clodsire, L81, F|192/343\n|turn|25\n|inactive|Time left: 300 sec this turn | 300 sec total\n|\n|t:|1783551645\n|move|p1a: Pelipper|Hurricane|p2a: Clodsire\n|-damage|p2a: Clodsire|83/343\n|move|p2a: Clodsire|Recover|p2a: Clodsire\n|-heal|p2a: Clodsire|255/343\n|\n|-weather|RainDance|[upkeep]\n|-heal|p2a: Clodsire|276/343|[from] item: Leftovers\n|-damage|p1a: Pelipper|0 fnt|[from] psn\n|faint|p1a: Pelipper\n|upkeep\n|\n|t:|1783551646\n|switch|p1a: Torkoal|Torkoal, L88, M|43/100\n|-weather|SunnyDay|[from] ability: Drought|[of] p1a: Torkoal\n|turn|26\n|inactive|Time left: 300 sec this turn | 300 sec total\n|\n|t:|1783551647\n|move|p1a: Torkoal|Lava Plume|p2a: Clodsire\n|-damage|p2a: Clodsire|153/343\n|move|p2a: Clodsire|Earthquake|p1a: Torkoal\n|-supereffective|p1a: Torkoal\n|-damage|p1a: Torkoal|2/100\n|\n|-weather|SunnyDay|[upkeep]\n|-heal|p2a: Clodsire|174/343|[from] item: Leftovers\n|upkeep\n|turn|27\n|inactive|Time left: 300 sec this turn | 300 sec total\n|\n|t:|1783551648\n|move|p1a: Torkoal|Rapid Spin|p2a: Clodsire\n|-damage|p2a: Clodsire|124/343\n|-boost|p1a: Torkoal|spe|1\n|-sideend|p1: p0x1070e4ac|Stealth Rock|[from] move: Rapid Spin|[of] p1a: Torkoal\n|move|p2a: Clodsire|Earthquake|p1a: Torkoal\n|-supereffective|p1a: Torkoal\n|-damage|p1a: Torkoal|0 fnt\n|faint|p1a: Torkoal\n|\n|-weather|SunnyDay|[upkeep]\n|-heal|p2a: Clodsire|145/343|[from] item: Leftovers\n|upkeep\n|\n|t:|1783551649\n|switch|p1a: Granbull|Granbull, L88, M|7/100\n|-ability|p1a: Granbull|Intimidate|boost\n|-unboost|p2a: Clodsire|atk|1\n|turn|28\n|inactive|Time left: 300 sec this turn | 300 sec total\n|\n|t:|1783551650\n|move|p1a: Granbull|Earthquake|p2a: Clodsire\n|-supereffective|p2a: Clodsire\n|-damage|p2a: Clodsire|0 fnt\n|faint|p2a: Clodsire\n|\n|-weather|SunnyDay|[upkeep]\n|-heal|p1a: Granbull|13/100|[from] item: Leftovers\n|upkeep\n|inactive|Time left: 300 sec this turn | 300 sec total | 5 sec grace\n|\n|t:|1783551651\n|switch|p2a: Galvantula|Galvantula, L82, M|249/249\n|turn|29\n|inactive|Time left: 300 sec this turn | 300 sec total\n|\n|t:|1783551652\n|-terastallize|p1a: Granbull|Ground\n|move|p2a: Galvantula|Bug Buzz|p1a: Granbull\n|-damage|p1a: Granbull|0 fnt\n|faint|p1a: Granbull\n|\n|win|p0y10702e3d", "uploadtime": 1783551652, "views": 0, "rating": 0, "private": 0, "password": null, "_winner": "p0y10702e3d", "_our_name": "p0y10702e3d"}