{"id": "battle-gen9randombattle-2596", "formatid": "gen9randombattle", "format": "[Gen 9] Random Battle", "players": ["p0x2596d603", "p0y25960631"], "log": "|init|battle\n|title|p0x2596d603 vs. p0y25960631\n|j|\u2606p0x2596d603\n|j|\u2606p0y25960631\n|t:|1783569973\n|gametype|singles\n|player|p1|p0x2596d603|169|\n|player|p2|p0y25960631|2|\n|gen|9\n|tier|[Gen 9] Random Battle\n|rule|Species Clause: Limit one of each Pok\u00e9mon\n|rule|HP Percentage Mod: HP is shown in percentages\n|rule|Sleep Clause Mod: Limit one foe put to sleep\n|rule|Illusion Level Mod: Illusion disguises the Pok\u00e9mon's true level\n|\n|t:|1783569973\n|teamsize|p1|6\n|teamsize|p2|6\n|start\n|switch|p1a: Iron Boulder|Iron Boulder, L77|100/100\n|switch|p2a: Typhlosion|Typhlosion, L84, M|267/267\n|turn|1\n|inactive|Battle timer is ON: inactive players will automatically lose when time's up. (requested by p0x2596d603)\n|inactive|Time left: 300 sec this turn | 300 sec total | 60 sec grace\n|inactive|p0y25960631 also wants the timer to be on.\n|\n|t:|1783569975\n|move|p2a: Typhlosion|Scorching Sands|p1a: Iron Boulder\n|-supereffective|p1a: Iron Boulder\n|-damage|p1a: Iron Boulder|63/100\n|-status|p1a: Iron Boulder|brn\n|move|p1a: Iron Boulder|Mighty Cleave|p2a: Typhlosion\n|-supereffective|p2a: Typhlosion\n|-damage|p2a: Typhlosion|137/267\n|-damage|p1a: Iron Boulder|53/100 brn|[from] item: Life Orb\n|\n|-damage|p1a: Iron Boulder|47/100 brn|[from] brn\n|upkeep\n|turn|2\n|inactive|Time left: 300 sec this turn | 300 sec total\n|\n|t:|1783569976\n|move|p2a: Typhlosion|Scorching Sands|p1a: Iron Boulder\n|-supereffective|p1a: Iron Boulder\n|-damage|p1a: Iron Boulder|7/100 brn\n|move|p1a: Iron Boulder|Mighty Cleave|p2a: Typhlosion\n|-supereffective|p2a: Typhlosion\n|-damage|p2a: Typhlosion|0 fnt\n|faint|p2a: Typhlosion\n|-damage|p1a: Iron Boulder|0 fnt|[from] item: Life Orb\n|faint|p1a: Iron Boulder\n|-end|p1a: Iron Boulder|Quark Drive|[silent]\n|\n|upkeep\n|inactive|Time left: 300 sec this turn | 300 sec total | 5 sec grace\n|\n|t:|1783569977\n|switch|p1a: Ninetales|Ninetales, L85, M|100/100\n|switch|p2a: Crabominable|Crabominable, L90, F|321/321\n|-weather|SunnyDay|[from] ability: Drought|[of] p1a: Ninetales\n|turn|3\n|inactive|Time left: 300 sec this turn | 300 sec total\n|\n|t:|1783569978\n|move|p1a: Ninetales|Fire Blast|p2a: Crabominable|[miss]\n|-miss|p1a: Ninetales|p2a: Crabominable\n|move|p2a: Crabominable|Drain Punch|p1a: Ninetales\n|-damage|p1a: Ninetales|45/100\n|\n|-weather|SunnyDay|[upkeep]\n|upkeep\n|turn|4\n|inactive|Time left: 300 sec this turn | 300 sec total\n|\n|t:|1783569979\n|move|p1a: Ninetales|Fire Blast|p2a: Crabominable|[miss]\n|-miss|p1a: Ninetales|p2a: Crabominable\n|move|p2a: Crabominable|Drain Punch|p1a: Ninetales\n|-damage|p1a: Ninetales|0 fnt\n|faint|p1a: Ninetales\n|\n|-weather|SunnyDay|[upkeep]\n|upkeep\n|\n|t:|1783569980\n|switch|p1a: Alcremie|Alcremie-Ruby-Swirl, L90, F|100/100\n|turn|5\n|inactive|Time left: 300 sec this turn | 300 sec total\n|\n|t:|1783569981\n|move|p1a: Alcremie|Alluring Voice|p2a: Crabominable\n|-supereffective|p2a: Crabominable\n|-damage|p2a: Crabominable|151/321\n|move|p2a: Crabominable|Ice Hammer|p1a: Alcremie|[miss]\n|-miss|p2a: Crabominable|p1a: Alcremie\n|\n|-weather|SunnyDay|[upkeep]\n|upkeep\n|turn|6\n|inactive|Time left: 300 sec this turn | 300 sec total\n|\n|t:|1783569981\n|switch|p2a: Stantler|Stantler, L92, M|284/284\n|-ability|p2a: Stantler|Intimidate|boost\n|-unboost|p1a: Alcremie|atk|1\n|move|p1a: Alcremie|Alluring Voice|p2a: Stantler\n|-damage|p2a: Stantler|208/284\n|\n|-weather|SunnyDay|[upkeep]\n|upkeep\n|turn|7\n|inactive|Time left: 300 sec this turn | 300 sec total\n|\n|t:|1783569982\n|move|p2a: Stantler|Body Slam|p1a: Alcremie\n|-crit|p1a: Alcremie\n|-damage|p1a: Alcremie|37/100\n|move|p1a: Alcremie|Alluring Voice|p2a: Stantler\n|-damage|p2a: Stantler|130/284\n|\n|-weather|none\n|-heal|p1a: Alcremie|43/100|[from] item: Leftovers\n|upkeep\n|turn|8\n|inactive|Time left: 300 sec this turn | 300 sec total\n|\n|t:|1783569983\n|switch|p1a: Raikou|Raikou, L81|100/100\n|-ability|p1a: Raikou|Pressure\n|move|p2a: Stantler|Body Slam|p1a: Raikou\n|-damage|p1a: Raikou|59/100\n|\n|-heal|p1a: Raikou|66/100|[from] item: Leftovers\n|upkeep\n|turn|9\n|inactive|Time left: 300 sec this turn | 300 sec total\n|\n|t:|1783569984\n|move|p1a: Raikou|Calm Mind|p1a: Raikou\n|-boost|p1a: Raikou|spa|1\n|-boost|p1a: Raikou|spd|1\n|move|p2a: Stantler|Earthquake|p1a: Raikou\n|-supereffective|p1a: Raikou\n|-damage|p1a: Raikou|0 fnt\n|faint|p1a: Raikou\n|\n|upkeep\n|\n|t:|1783569984\n|switch|p1a: Frosmoth|Frosmoth, L82, F|100/100\n|turn|10\n|inactive|Time left: 300 sec this turn | 300 sec total\n|\n|t:|1783569985\n|move|p2a: Stantler|Body Slam|p1a: Frosmoth\n|-damage|p1a: Frosmoth|42/100\n|move|p1a: Frosmoth|Quiver Dance|p1a: Frosmoth\n|-boost|p1a: Frosmoth|spa|1\n|-boost|p1a: Frosmoth|spd|1\n|-boost|p1a: Frosmoth|spe|1\n|\n|upkeep\n|turn|11\n|inactive|Time left: 300 sec this turn | 300 sec total\n|\n|t:|1783569986\n|move|p1a: Frosmoth|Bug Buzz|p2a: Stantler\n|-damage|p2a: Stantler|0 fnt\n|faint|p2a: Stantler\n|\n|upkeep\n|inactive|Time left: 300 sec this turn | 300 sec total | 5 sec grace\n|\n|t:|1783569987\n|switch|p2a: Crabominable|Crabominable, L90, F|151/321\n|turn|12\n|inactive|Time left: 300 sec this turn | 300 sec total\n|\n|t:|1783569988\n|move|p1a: Frosmoth|Bug Buzz|p2a: Crabominable\n|-resisted|p2a: Crabominable\n|-damage|p2a: Crabominable|88/321\n|move|p2a: Crabominable|Drain Punch|p1a: Frosmoth\n|-damage|p1a: Frosmoth|0 fnt\n|-heal|p2a: Crabominable|140/321|[from] drain|[of] p1a: Frosmoth\n|faint|p1a: Frosmoth\n|\n|upkeep\n|\n|t:|1783569989\n|switch|p1a: Alcremie|Alcremie-Ruby-Swirl, L90, F|43/100\n|turn|13\n|inactive|Time left: 300 sec this turn | 300 sec total\n|\n|t:|1783569990\n|switch|p2a: Ogerpon|Ogerpon-Wellspring, L76, F|247/247\n|move|p1a: Alcremie|Recover|p1a: Alcremie\n|-heal|p1a: Alcremie|94/100\n|\n|-heal|p1a: Alcremie|99/100|[from] item: Leftovers\n|upkeep\n|turn|14\n|inactive|Time left: 300 sec this turn | 300 sec total\n|\n|t:|1783569991\n|move|p2a: Ogerpon|Ivy Cudgel|p1a: Alcremie|[anim] Ivy Cudgel Water\n|-crit|p1a: Alcremie\n|-damage|p1a: Alcremie|27/100\n|move|p1a: Alcremie|Recover|p1a: Alcremie\n|-heal|p1a: Alcremie|78/100\n|\n|-heal|p1a: Alcremie|84/100|[from] item: Leftovers\n|upkeep\n|turn|15\n|inactive|Time left: 300 sec this turn | 300 sec total\n|\n|t:|1783569992\n|move|p2a: Ogerpon|Ivy Cudgel|p1a: Alcremie|[anim] Ivy Cudgel Water\n|-damage|p1a: Alcremie|38/100\n|move|p1a: Alcremie|Recover|p1a: Alcremie\n|-heal|p1a: Alcremie|88/100\n|\n|-heal|p1a: Alcremie|94/100|[from] item: Leftovers\n|upkeep\n|turn|16\n|inactive|Time left: 300 sec this turn | 300 sec total\n|\n|t:|1783569993\n|move|p2a: Ogerpon|Ivy Cudgel|p1a: Alcremie|[anim] Ivy Cudgel Water\n|-damage|p1a: Alcremie|45/100\n|move|p1a: Alcremie|Recover|p1a: Alcremie\n|-heal|p1a: Alcremie|95/100\n|\n|-heal|p1a: Alcremie|100/100|[from] item: Leftovers\n|upkeep\n|turn|17\n|inactive|Time left: 300 sec this turn | 300 sec total\n|\n|t:|1783569994\n|move|p2a: Ogerpon|Ivy Cudgel|p1a: Alcremie|[anim] Ivy Cudgel Water\n|-damage|p1a: Alcremie|50/100\n|move|p1a: Alcremie|Recover|p1a: Alcremie\n|-heal|p1a: Alcremie|99/100\n|\n|-heal|p1a: Alcremie|100/100|[from] item: Leftovers\n|upkeep\n|turn|18\n|inactive|Time left: 300 sec this turn | 300 sec total\n|\n|t:|1783569995\n|-terastallize|p2a: Ogerpon|Water\n|detailschange|p2a: Ogerpon|Ogerpon-Wellspring-Tera, L76, F, tera:Water\n|-ability|p2a: Ogerpon|Embody Aspect (Wellspring)|boost\n|-boost|p2a: Ogerpon|spd|1\n|move|p2a: Ogerpon|Ivy Cudgel|p1a: Alcremie|[anim] Ivy Cudgel Water\n|-damage|p1a: Alcremie|31/100\n|move|p1a: Alcremie|Recover|p1a: Alcremie\n|-heal|p1a: Alcremie|81/100\n|\n|-heal|p1a: Alcremie|88/100|[from] item: Leftovers\n|upkeep\n|turn|19\n|inactive|Time left: 300 sec this turn | 300 sec total\n|\n|t:|1783569996\n|move|p2a: Ogerpon|Ivy Cudgel|p1a: Alcremie|[anim] Ivy Cudgel Water\n|-damage|p1a: Alcremie|16/100\n|move|p1a: Alcremie|Recover|p1a: Alcremie\n|-heal|p1a: Alcremie|66/100\n|\n|-heal|p1a: Alcremie|72/100|[from] item: Leftovers\n|upkeep\n|turn|20\n|inactive|Time left: 300 sec this turn | 300 sec total\n|\n|t:|1783569998\n|move|p2a: Ogerpon|Ivy Cudgel|p1a: Alcremie|[anim] Ivy Cudgel Water\n|-damage|p1a: Alcremie|5/100\n|move|p1a: Alcremie|Recover|p1a: Alcremie\n|-heal|p1a: Alcremie|56/100\n|\n|-heal|p1a: Alcremie|62/100|[from] item: Leftovers\n|upkeep\n|turn|21\n|inactive|Time left: 300 sec this turn | 300 sec total\n|\n|t:|1783569999\n|switch|p1a: Ditto|Ditto, L87|100/100\n|move|p2a: Ogerpon|Ivy Cudgel|p1a: Ditto|[anim] Ivy Cudgel Water\n|-damage|p1a: Ditto|0 fnt\n|faint|p1a: Ditto\n|\n|upkeep\n|\n|t:|1783569999\n|switch|p1a: Alcremie|Alcremie-Ruby-Swirl, L90, F|62/100\n|turn|22\n|inactive|Time left: 300 sec this turn | 300 sec total\n|\n|t:|1783570000\n|-terastallize|p1a: Alcremie|Poison\n|move|p2a: Ogerpon|Ivy Cudgel|p1a: Alcremie|[anim] Ivy Cudgel Water\n|-crit|p1a: Alcremie\n|-damage|p1a: Alcremie|0 fnt\n|faint|p1a: Alcremie\n|\n|win|p0y25960631", "uploadtime": 1783570000, "views": 0, "rating": 0, "private": 0, "password": null, "_winner": "p0y25960631", "_our_name": "p0y25960631"}