{"id": "battle-gen9randombattle-2372", "formatid": "gen9randombattle", "format": "[Gen 9] Random Battle", "players": ["p0x2372564f", "p0y23729572"], "log": "|init|battle\n|title|p0x2372564f vs. p0y23729572\n|j|\u2606p0x2372564f\n|j|\u2606p0y23729572\n|t:|1783566512\n|gametype|singles\n|player|p1|p0x2372564f|169|\n|player|p2|p0y23729572|101|\n|gen|9\n|tier|[Gen 9] Random Battle\n|rule|Species Clause: Limit one of each Pok\u00e9mon\n|rule|HP Percentage Mod: HP is shown in percentages\n|rule|Sleep Clause Mod: Limit one foe put to sleep\n|rule|Illusion Level Mod: Illusion disguises the Pok\u00e9mon's true level\n|\n|t:|1783566512\n|teamsize|p1|6\n|teamsize|p2|6\n|start\n|switch|p1a: Emboar|Emboar, L84, M|322/322\n|switch|p2a: Inteleon|Inteleon, L81, M|100/100\n|turn|1\n|inactive|Battle timer is ON: inactive players will automatically lose when time's up. (requested by p0y23729572)\n|inactive|Time left: 300 sec this turn | 300 sec total | 60 sec grace\n|\n|t:|1783566514\n|switch|p1a: Blissey|Blissey, L85, F|572/572\n|move|p2a: Inteleon|Hydro Pump|p1a: Blissey\n|-damage|p1a: Blissey|437/572\n|\n|-heal|p1a: Blissey|472/572|[from] item: Leftovers\n|upkeep\n|turn|2\n|inactive|Time left: 300 sec this turn | 300 sec total\n|inactive|p0x2372564f also wants the timer to be on.\n|\n|t:|1783566515\n|switch|p2a: Kricketune|Kricketune, L99, M|100/100\n|move|p1a: Blissey|Stealth Rock|p2a: Kricketune\n|-sidestart|p2: p0y23729572|move: Stealth Rock\n|\n|-heal|p1a: Blissey|507/572|[from] item: Leftovers\n|upkeep\n|turn|3\n|inactive|Time left: 300 sec this turn | 300 sec total\n|\n|t:|1783566517\n|switch|p1a: Granbull|Granbull, L88, M|302/302\n|-ability|p1a: Granbull|Intimidate|boost\n|-unboost|p2a: Kricketune|atk|1\n|move|p2a: Kricketune|Sticky Web|p1a: Granbull\n|-sidestart|p1: p0x2372564f|move: Sticky Web\n|\n|upkeep\n|turn|4\n|inactive|Time left: 300 sec this turn | 300 sec total\n|\n|t:|1783566518\n|move|p2a: Kricketune|Pounce|p1a: Granbull\n|-resisted|p1a: Granbull\n|-damage|p1a: Granbull|269/302\n|-unboost|p1a: Granbull|spe|1\n|move|p1a: Granbull|Play Rough|p2a: Kricketune\n|-damage|p2a: Kricketune|50/100\n|\n|-heal|p1a: Granbull|287/302|[from] item: Leftovers\n|upkeep\n|turn|5\n|inactive|Time left: 300 sec this turn | 300 sec total\n|\n|t:|1783566519\n|move|p2a: Kricketune|Pounce|p1a: Granbull\n|-resisted|p1a: Granbull\n|-damage|p1a: Granbull|251/302\n|-unboost|p1a: Granbull|spe|1\n|move|p1a: Granbull|Play Rough|p2a: Kricketune\n|-damage|p2a: Kricketune|2/100\n|\n|-heal|p1a: Granbull|269/302|[from] item: Leftovers\n|upkeep\n|turn|6\n|inactive|Time left: 300 sec this turn | 300 sec total\n|\n|t:|1783566520\n|move|p2a: Kricketune|Knock Off|p1a: Granbull\n|-resisted|p1a: Granbull\n|-damage|p1a: Granbull|237/302\n|-enditem|p1a: Granbull|Leftovers|[from] move: Knock Off|[of] p2a: Kricketune\n|move|p1a: Granbull|Play Rough|p2a: Kricketune\n|-damage|p2a: Kricketune|0 fnt\n|faint|p2a: Kricketune\n|\n|upkeep\n|\n|t:|1783566521\n|switch|p2a: Pincurchin|Pincurchin, F|100/100\n|-damage|p2a: Pincurchin|88/100|[from] Stealth Rock\n|-fieldstart|move: Electric Terrain|[from] ability: Electric Surge|[of] p2a: Pincurchin\n|turn|7\n|inactive|Time left: 300 sec this turn | 300 sec total\n|\n|t:|1783566522\n|switch|p1a: Great Tusk|Great Tusk, L77|304/304\n|-activate|p1a: Great Tusk|move: Sticky Web\n|-unboost|p1a: Great Tusk|spe|1\n|-enditem|p1a: Great Tusk|Booster Energy\n|-activate|p1a: Great Tusk|ability: Protosynthesis|[fromitem]\n|-start|p1a: Great Tusk|protosynthesisatk\n|move|p2a: Pincurchin|Spikes|p1a: Great Tusk\n|-sidestart|p1: p0x2372564f|Spikes\n|\n|-heal|p2a: Pincurchin|94/100|[from] item: Leftovers\n|upkeep\n|turn|8\n|inactive|Time left: 300 sec this turn | 300 sec total\n|\n|t:|1783566523\n|-terastallize|p2a: Pincurchin|Water\n|move|p1a: Great Tusk|Rapid Spin|p2a: Pincurchin\n|-damage|p2a: Pincurchin|80/100\n|-boost|p1a: Great Tusk|spe|1\n|-sideend|p1: p0x2372564f|Spikes|[from] move: Rapid Spin|[of] p1a: Great Tusk\n|-sideend|p1: p0x2372564f|Sticky Web|[from] move: Rapid Spin|[of] p1a: Great Tusk\n|move|p2a: Pincurchin|Scald|p1a: Great Tusk\n|-supereffective|p1a: Great Tusk\n|-damage|p1a: Great Tusk|0 fnt\n|faint|p1a: Great Tusk\n|-end|p1a: Great Tusk|Protosynthesis|[silent]\n|\n|-heal|p2a: Pincurchin|87/100|[from] item: Leftovers\n|upkeep\n|inactive|Time left: 300 sec this turn | 300 sec total | 5 sec grace\n|\n|t:|1783566524\n|switch|p1a: Emboar|Emboar, L84, M|322/322\n|turn|9\n|inactive|Time left: 300 sec this turn | 300 sec total\n|\n|t:|1783566525\n|move|p1a: Emboar|Wild Charge|p2a: Pincurchin\n|-supereffective|p2a: Pincurchin\n|-damage|p2a: Pincurchin|0 fnt\n|faint|p2a: Pincurchin\n|-damage|p1a: Emboar|266/322|[from] Recoil\n|\n|upkeep\n|\n|t:|1783566526\n|switch|p2a: Inteleon|Inteleon, L81, M|100/100\n|-damage|p2a: Inteleon|88/100|[from] Stealth Rock\n|turn|10\n|inactive|Time left: 300 sec this turn | 300 sec total\n|\n|t:|1783566527\n|switch|p1a: Blissey|Blissey, L85, F|507/572\n|move|p2a: Inteleon|Scald|p1a: Blissey\n|-damage|p1a: Blissey|405/572\n|-status|p1a: Blissey|brn\n|\n|-heal|p1a: Blissey|440/572 brn|[from] item: Leftovers\n|-damage|p1a: Blissey|405/572 brn|[from] brn\n|upkeep\n|turn|11\n|inactive|Time left: 300 sec this turn | 300 sec total\n|\n|t:|1783566528\n|move|p2a: Inteleon|Scald|p1a: Blissey\n|-damage|p1a: Blissey|308/572 brn\n|move|p1a: Blissey|Soft-Boiled|p1a: Blissey\n|-heal|p1a: Blissey|572/572 brn\n|\n|-damage|p1a: Blissey|537/572 brn|[from] brn\n|-fieldend|move: Electric Terrain\n|upkeep\n|turn|12\n|inactive|Time left: 300 sec this turn | 300 sec total\n|\n|t:|1783566529\n|move|p2a: Inteleon|Scald|p1a: Blissey\n|-damage|p1a: Blissey|431/572 brn\n|move|p1a: Blissey|Seismic Toss|p2a: Inteleon\n|-damage|p2a: Inteleon|54/100\n|\n|-heal|p1a: Blissey|466/572 brn|[from] item: Leftovers\n|-damage|p1a: Blissey|431/572 brn|[from] brn\n|upkeep\n|turn|13\n|inactive|Time left: 300 sec this turn | 300 sec total\n|\n|t:|1783566530\n|move|p2a: Inteleon|Scald|p1a: Blissey\n|-damage|p1a: Blissey|337/572 brn\n|move|p1a: Blissey|Thunder Wave|p2a: Inteleon\n|-status|p2a: Inteleon|par\n|\n|-heal|p1a: Blissey|372/572 brn|[from] item: Leftovers\n|-damage|p1a: Blissey|337/572 brn|[from] brn\n|upkeep\n|turn|14\n|inactive|Time left: 300 sec this turn | 300 sec total\n|\n|t:|1783566531\n|move|p1a: Blissey|Soft-Boiled|p1a: Blissey\n|-heal|p1a: Blissey|572/572 brn\n|move|p2a: Inteleon|Scald|p1a: Blissey\n|-damage|p1a: Blissey|461/572 brn\n|\n|-heal|p1a: Blissey|496/572 brn|[from] item: Leftovers\n|-damage|p1a: Blissey|461/572 brn|[from] brn\n|upkeep\n|turn|15\n|inactive|Time left: 300 sec this turn | 300 sec total\n|\n|t:|1783566532\n|move|p1a: Blissey|Seismic Toss|p2a: Inteleon\n|-damage|p2a: Inteleon|19/100 par\n|cant|p2a: Inteleon|par\n|\n|-heal|p1a: Blissey|496/572 brn|[from] item: Leftovers\n|-damage|p1a: Blissey|461/572 brn|[from] brn\n|upkeep\n|turn|16\n|inactive|Time left: 300 sec this turn | 300 sec total\n|\n|t:|1783566533\n|move|p1a: Blissey|Seismic Toss|p2a: Inteleon\n|-damage|p2a: Inteleon|0 fnt\n|faint|p2a: Inteleon\n|\n|-heal|p1a: Blissey|496/572 brn|[from] item: Leftovers\n|-damage|p1a: Blissey|461/572 brn|[from] brn\n|upkeep\n|\n|t:|1783566534\n|switch|p2a: Goodra|Goodra-Hisui, L82, M|100/100\n|-damage|p2a: Goodra|94/100|[from] Stealth Rock\n|turn|17\n|inactive|Time left: 300 sec this turn | 300 sec total\n|\n|t:|1783566535\n|-curestatus|p1a: Blissey|brn|[from] ability: Natural Cure|[silent]\n|switch|p1a: Emboar|Emboar, L84, M|266/322\n|move|p2a: Goodra|Heavy Slam|p1a: Emboar\n|-resisted|p1a: Emboar\n|-damage|p1a: Emboar|226/322\n|\n|upkeep\n|turn|18\n|inactive|Time left: 300 sec this turn | 300 sec total\n|\n|t:|1783566536\n|switch|p2a: Noivern|Noivern, L82, M|100/100\n|-damage|p2a: Noivern|76/100|[from] Stealth Rock\n|move|p1a: Emboar|Flare Blitz|p2a: Noivern\n|-resisted|p2a: Noivern\n|-damage|p2a: Noivern|25/100\n|-damage|p1a: Emboar|180/322|[from] Recoil\n|\n|upkeep\n|turn|19\n|inactive|Time left: 300 sec this turn | 300 sec total\n|\n|t:|1783566537\n|switch|p1a: Blissey|Blissey, L85, F|461/572\n|move|p2a: Noivern|Hurricane|p1a: Blissey|[miss]\n|-miss|p2a: Noivern|p1a: Blissey\n|\n|-heal|p1a: Blissey|496/572|[from] item: Leftovers\n|upkeep\n|turn|20\n|inactive|Time left: 300 sec this turn | 300 sec total\n|\n|t:|1783566538\n|move|p2a: Noivern|Hurricane|p1a: Blissey\n|-damage|p1a: Blissey|376/572\n|move|p1a: Blissey|Seismic Toss|p2a: Noivern\n|-damage|p2a: Noivern|0 fnt\n|faint|p2a: Noivern\n|\n|-heal|p1a: Blissey|411/572|[from] item: Leftovers\n|upkeep\n|\n|t:|1783566539\n|switch|p2a: Goodra|Goodra-Hisui, L82, M|94/100\n|-damage|p2a: Goodra|88/100|[from] Stealth Rock\n|turn|21\n|inactive|Time left: 300 sec this turn | 300 sec total\n|\n|t:|1783566540\n|switch|p1a: Emboar|Emboar, L84, M|180/322\n|move|p2a: Goodra|Heavy Slam|p1a: Emboar\n|-resisted|p1a: Emboar\n|-damage|p1a: Emboar|144/322\n|\n|upkeep\n|turn|22\n|inactive|Time left: 300 sec this turn | 300 sec total\n|\n|t:|1783566541\n|switch|p2a: Lumineon|Lumineon, L93, M|100/100\n|-damage|p2a: Lumineon|88/100|[from] Stealth Rock\n|move|p1a: Emboar|Flare Blitz|p2a: Lumineon\n|-resisted|p2a: Lumineon\n|-damage|p2a: Lumineon|41/100\n|-damage|p1a: Emboar|100/322|[from] Recoil\n|\n|upkeep\n|turn|23\n|inactive|Time left: 300 sec this turn | 300 sec total\n|\n|t:|1783566542\n|move|p2a: Lumineon|Hydro Pump|p1a: Emboar\n|-supereffective|p1a: Emboar\n|-damage|p1a: Emboar|0 fnt\n|faint|p1a: Emboar\n|-damage|p2a: Lumineon|31/100|[from] item: Life Orb\n|\n|upkeep\n|inactive|Time left: 300 sec this turn | 300 sec total | 5 sec grace\n|\n|t:|1783566542\n|switch|p1a: Arcanine|Arcanine, L84, F|288/288\n|-ability|p1a: Arcanine|Intimidate|boost\n|-unboost|p2a: Lumineon|atk|1\n|turn|24\n|inactive|Time left: 300 sec this turn | 300 sec total\n|\n|t:|1783566543\n|-terastallize|p1a: Arcanine|Fighting\n|move|p2a: Lumineon|Ice Beam|p1a: Arcanine\n|-damage|p1a: Arcanine|209/288\n|-status|p1a: Arcanine|frz\n|-damage|p2a: Lumineon|21/100|[from] item: Life Orb\n|cant|p1a: Arcanine|frz\n|\n|upkeep\n|turn|25\n|inactive|Time left: 300 sec this turn | 300 sec total\n|\n|t:|1783566544\n|switch|p2a: Goodra|Goodra-Hisui, L82, M|88/100\n|-damage|p2a: Goodra|82/100|[from] Stealth Rock\n|-curestatus|p1a: Arcanine|frz|[from] move: Flare Blitz\n|move|p1a: Arcanine|Flare Blitz|p2a: Goodra\n|-damage|p2a: Goodra|34/100\n|-damage|p1a: Arcanine|167/288|[from] Recoil\n|\n|upkeep\n|turn|26\n|inactive|Time left: 300 sec this turn | 300 sec total\n|\n|t:|1783566545\n|switch|p2a: Lumineon|Lumineon, L93, M|21/100\n|-damage|p2a: Lumineon|9/100|[from] Stealth Rock\n|move|p1a: Arcanine|Flare Blitz|p2a: Lumineon\n|-resisted|p2a: Lumineon\n|-damage|p2a: Lumineon|0 fnt\n|faint|p2a: Lumineon\n|-damage|p1a: Arcanine|159/288|[from] Recoil\n|\n|upkeep\n|\n|t:|1783566546\n|switch|p2a: Goodra|Goodra-Hisui, L82, M|34/100\n|-damage|p2a: Goodra|28/100|[from] Stealth Rock\n|turn|27\n|inactive|Time left: 300 sec this turn | 300 sec total\n|\n|t:|1783566547\n|move|p1a: Arcanine|Flare Blitz|p2a: Goodra\n|-damage|p2a: Goodra|0 fnt\n|faint|p2a: Goodra\n|-damage|p1a: Arcanine|135/288|[from] Recoil\n|\n|win|p0x2372564f", "uploadtime": 1783566547, "views": 0, "rating": 0, "private": 0, "password": null, "_winner": "p0x2372564f", "_our_name": "p0x2372564f"}