{"id": "battle-gen9randombattle-998", "formatid": "gen9randombattle", "format": "[Gen 9] Random Battle", "players": ["p0x9980534", "p0y99844fd"], "log": "|init|battle\n|title|p0x9980534 vs. p0y99844fd\n|j|\u2606p0x9980534\n|j|\u2606p0y99844fd\n|t:|1783551490\n|gametype|singles\n|player|p1|p0x9980534|102|\n|player|p2|p0y99844fd|266|\n|gen|9\n|tier|[Gen 9] Random Battle\n|rule|Species Clause: Limit one of each Pok\u00e9mon\n|rule|HP Percentage Mod: HP is shown in percentages\n|rule|Sleep Clause Mod: Limit one foe put to sleep\n|rule|Illusion Level Mod: Illusion disguises the Pok\u00e9mon's true level\n|\n|t:|1783551490\n|teamsize|p1|6\n|teamsize|p2|6\n|start\n|switch|p1a: Tyranitar|Tyranitar, L78, M|100/100\n|switch|p2a: Victreebel|Victreebel, L90, M|290/290\n|-weather|Sandstorm|[from] ability: Sand Stream|[of] p1a: Tyranitar\n|turn|1\n|inactive|Battle timer is ON: inactive players will automatically lose when time's up. (requested by p0x9980534)\n|inactive|Time left: 300 sec this turn | 300 sec total | 60 sec grace\n|\n|t:|1783551491\n|switch|p1a: Kricketune|Kricketune, L99, F|100/100\n|move|p2a: Victreebel|Power Whip|p1a: Kricketune\n|-resisted|p1a: Kricketune\n|-damage|p1a: Kricketune|60/100\n|-damage|p2a: Victreebel|261/290|[from] item: Life Orb\n|\n|-weather|Sandstorm|[upkeep]\n|-damage|p1a: Kricketune|54/100|[from] Sandstorm\n|-damage|p2a: Victreebel|243/290|[from] Sandstorm\n|upkeep\n|turn|2\n|inactive|Time left: 300 sec this turn | 300 sec total\n|inactive|p0y99844fd also wants the timer to be on.\n|\n|t:|1783551493\n|move|p1a: Kricketune|Sticky Web|p2a: Victreebel\n|-sidestart|p2: p0y99844fd|move: Sticky Web\n|move|p2a: Victreebel|Poison Jab|p1a: Kricketune\n|-damage|p1a: Kricketune|3/100\n|-status|p1a: Kricketune|psn\n|-damage|p2a: Victreebel|214/290|[from] item: Life Orb\n|\n|-weather|Sandstorm|[upkeep]\n|-damage|p1a: Kricketune|0 fnt|[from] Sandstorm\n|-damage|p2a: Victreebel|196/290|[from] Sandstorm\n|faint|p1a: Kricketune\n|upkeep\n|\n|t:|1783551494\n|switch|p1a: Toucannon|Toucannon, L88, M|100/100\n|turn|3\n|inactive|Time left: 300 sec this turn | 300 sec total\n|\n|t:|1783551495\n|-singleturn|p1a: Toucannon|move: Beak Blast\n|move|p2a: Victreebel|Poison Jab|p1a: Toucannon\n|-damage|p1a: Toucannon|50/100\n|-status|p2a: Victreebel|brn\n|-damage|p2a: Victreebel|167/290 brn|[from] item: Life Orb\n|move|p1a: Toucannon|Beak Blast|p2a: Victreebel\n|-supereffective|p2a: Victreebel\n|-damage|p2a: Victreebel|0 fnt\n|faint|p2a: Victreebel\n|\n|-weather|Sandstorm|[upkeep]\n|-damage|p1a: Toucannon|44/100|[from] Sandstorm\n|upkeep\n|inactive|Time left: 300 sec this turn | 300 sec total | 5 sec grace\n|\n|t:|1783551496\n|switch|p2a: Tatsugiri|Tatsugiri, L87, F|260/260\n|turn|4\n|inactive|Time left: 300 sec this turn | 300 sec total\n|\n|t:|1783551497\n|switch|p1a: Tyranitar|Tyranitar, L78, M|100/100\n|move|p2a: Tatsugiri|Rapid Spin|p1a: Tyranitar\n|-resisted|p1a: Tyranitar\n|-damage|p1a: Tyranitar|97/100\n|-boost|p2a: Tatsugiri|spe|1\n|-sideend|p2: p0y99844fd|Sticky Web|[from] move: Rapid Spin|[of] p2a: Tatsugiri\n|\n|-weather|Sandstorm|[upkeep]\n|-damage|p2a: Tatsugiri|244/260|[from] Sandstorm\n|upkeep\n|turn|5\n|inactive|Time left: 300 sec this turn | 300 sec total\n|\n|t:|1783551498\n|move|p2a: Tatsugiri|Nasty Plot|p2a: Tatsugiri\n|-boost|p2a: Tatsugiri|spa|2\n|move|p1a: Tyranitar|Knock Off|p2a: Tatsugiri\n|-damage|p2a: Tatsugiri|102/260\n|-enditem|p2a: Tatsugiri|Heavy-Duty Boots|[from] move: Knock Off|[of] p1a: Tyranitar\n|\n|-weather|none\n|upkeep\n|turn|6\n|inactive|Time left: 300 sec this turn | 300 sec total\n|\n|t:|1783551499\n|switch|p1a: Mightyena|Mightyena, L96, F|100/100\n|-ability|p1a: Mightyena|Intimidate|boost\n|-unboost|p2a: Tatsugiri|atk|1\n|move|p2a: Tatsugiri|Surf|p1a: Mightyena\n|-damage|p1a: Mightyena|37/100\n|\n|upkeep\n|turn|7\n|inactive|Time left: 300 sec this turn | 300 sec total\n|\n|t:|1783551500\n|move|p2a: Tatsugiri|Surf|p1a: Mightyena\n|-damage|p1a: Mightyena|0 fnt\n|faint|p1a: Mightyena\n|\n|upkeep\n|\n|t:|1783551501\n|switch|p1a: Wugtrio|Wugtrio, L91, F|100/100\n|turn|8\n|inactive|Time left: 300 sec this turn | 300 sec total\n|\n|t:|1783551502\n|move|p2a: Tatsugiri|Draco Meteor|p1a: Wugtrio\n|-damage|p1a: Wugtrio|0 fnt\n|-unboost|p2a: Tatsugiri|spa|2\n|faint|p1a: Wugtrio\n|\n|upkeep\n|\n|t:|1783551503\n|switch|p1a: Tyranitar|Tyranitar, L78, M|97/100\n|-weather|Sandstorm|[from] ability: Sand Stream|[of] p1a: Tyranitar\n|turn|9\n|inactive|Time left: 300 sec this turn | 300 sec total\n|\n|t:|1783551504\n|switch|p2a: Falinks|Falinks, L84|246/246\n|move|p1a: Tyranitar|Knock Off|p2a: Falinks\n|-resisted|p2a: Falinks\n|-damage|p2a: Falinks|197/246\n|-enditem|p2a: Falinks|Life Orb|[from] move: Knock Off|[of] p1a: Tyranitar\n|\n|-weather|Sandstorm|[upkeep]\n|-damage|p2a: Falinks|182/246|[from] Sandstorm\n|upkeep\n|turn|10\n|inactive|Time left: 300 sec this turn | 300 sec total\n|\n|t:|1783551505\n|switch|p1a: Camerupt|Camerupt, L91, F|100/100\n|move|p2a: Falinks|No Retreat|p2a: Falinks\n|-boost|p2a: Falinks|atk|1\n|-boost|p2a: Falinks|def|1\n|-boost|p2a: Falinks|spa|1\n|-boost|p2a: Falinks|spd|1\n|-boost|p2a: Falinks|spe|1\n|-start|p2a: Falinks|move: No Retreat\n|\n|-weather|Sandstorm|[upkeep]\n|-damage|p2a: Falinks|167/246|[from] Sandstorm\n|upkeep\n|turn|11\n|inactive|Time left: 300 sec this turn | 300 sec total\n|\n|t:|1783551506\n|move|p2a: Falinks|Close Combat|p1a: Camerupt\n|-damage|p1a: Camerupt|19/100\n|-unboost|p2a: Falinks|def|1\n|-unboost|p2a: Falinks|spd|1\n|move|p1a: Camerupt|Overheat|p2a: Falinks\n|-crit|p2a: Falinks\n|-damage|p2a: Falinks|0 fnt\n|-unboost|p1a: Camerupt|spa|2\n|faint|p2a: Falinks\n|\n|-weather|Sandstorm|[upkeep]\n|-heal|p1a: Camerupt|26/100|[from] item: Leftovers\n|upkeep\n|inactive|Time left: 300 sec this turn | 300 sec total | 5 sec grace\n|\n|t:|1783551507\n|switch|p2a: Polteageist|Polteageist, L78|222/222\n|turn|12\n|inactive|Time left: 300 sec this turn | 300 sec total\n|\n|t:|1783551508\n|move|p2a: Polteageist|Shell Smash|p2a: Polteageist\n|-unboost|p2a: Polteageist|def|1\n|-unboost|p2a: Polteageist|spd|1\n|-boost|p2a: Polteageist|atk|2\n|-boost|p2a: Polteageist|spa|2\n|-boost|p2a: Polteageist|spe|2\n|-enditem|p2a: Polteageist|White Herb\n|-clearnegativeboost|p2a: Polteageist|[silent]\n|move|p1a: Camerupt|Earthquake|p2a: Polteageist\n|-damage|p2a: Polteageist|50/222\n|\n|-weather|Sandstorm|[upkeep]\n|-damage|p2a: Polteageist|37/222|[from] Sandstorm\n|-heal|p1a: Camerupt|32/100|[from] item: Leftovers\n|upkeep\n|turn|13\n|inactive|Time left: 300 sec this turn | 300 sec total\n|\n|t:|1783551509\n|move|p2a: Polteageist|Strength Sap|p1a: Camerupt\n|-unboost|p1a: Camerupt|atk|1\n|-heal|p2a: Polteageist|222/222\n|move|p1a: Camerupt|Earthquake|p2a: Polteageist\n|-damage|p2a: Polteageist|111/222\n|\n|-weather|none\n|-heal|p1a: Camerupt|38/100|[from] item: Leftovers\n|upkeep\n|turn|14\n|inactive|Time left: 300 sec this turn | 300 sec total\n|\n|t:|1783551510\n|switch|p1a: Tyranitar|Tyranitar, L78, M|97/100\n|-weather|Sandstorm|[from] ability: Sand Stream|[of] p1a: Tyranitar\n|move|p2a: Polteageist|Strength Sap|p1a: Tyranitar\n|-unboost|p1a: Tyranitar|atk|1\n|-heal|p2a: Polteageist|222/222\n|\n|-weather|Sandstorm|[upkeep]\n|-damage|p2a: Polteageist|209/222|[from] Sandstorm\n|upkeep\n|turn|15\n|inactive|Time left: 300 sec this turn | 300 sec total\n|\n|t:|1783551511\n|move|p2a: Polteageist|Strength Sap|p1a: Tyranitar\n|-unboost|p1a: Tyranitar|atk|1\n|-heal|p2a: Polteageist|222/222\n|move|p1a: Tyranitar|Dragon Dance|p1a: Tyranitar\n|-boost|p1a: Tyranitar|atk|1\n|-boost|p1a: Tyranitar|spe|1\n|\n|-weather|Sandstorm|[upkeep]\n|-damage|p2a: Polteageist|209/222|[from] Sandstorm\n|upkeep\n|turn|16\n|inactive|Time left: 300 sec this turn | 300 sec total\n|\n|t:|1783551513\n|move|p2a: Polteageist|Strength Sap|p1a: Tyranitar\n|-unboost|p1a: Tyranitar|atk|1\n|-heal|p2a: Polteageist|222/222\n|move|p1a: Tyranitar|Knock Off|p2a: Polteageist\n|-supereffective|p2a: Polteageist\n|-damage|p2a: Polteageist|108/222\n|\n|-weather|Sandstorm|[upkeep]\n|-damage|p2a: Polteageist|95/222|[from] Sandstorm\n|upkeep\n|turn|17\n|inactive|Time left: 300 sec this turn | 300 sec total\n|\n|t:|1783551514\n|move|p2a: Polteageist|Strength Sap|p1a: Tyranitar\n|-unboost|p1a: Tyranitar|atk|1\n|-heal|p2a: Polteageist|222/222\n|move|p1a: Tyranitar|Knock Off|p2a: Polteageist\n|-supereffective|p2a: Polteageist\n|-damage|p2a: Polteageist|142/222\n|\n|-weather|Sandstorm|[upkeep]\n|-damage|p2a: Polteageist|129/222|[from] Sandstorm\n|upkeep\n|turn|18\n|inactive|Time left: 300 sec this turn | 300 sec total\n|\n|t:|1783551515\n|move|p2a: Polteageist|Strength Sap|p1a: Tyranitar\n|-unboost|p1a: Tyranitar|atk|1\n|-heal|p2a: Polteageist|222/222\n|move|p1a: Tyranitar|Knock Off|p2a: Polteageist\n|-supereffective|p2a: Polteageist\n|-damage|p2a: Polteageist|148/222\n|\n|-weather|none\n|upkeep\n|turn|19\n|inactive|Time left: 300 sec this turn | 300 sec total\n|\n|t:|1783551516\n|switch|p1a: Toucannon|Toucannon, L88, M|44/100\n|move|p2a: Polteageist|Strength Sap|p1a: Toucannon\n|-unboost|p1a: Toucannon|atk|1\n|-heal|p2a: Polteageist|222/222\n|\n|upkeep\n|turn|20\n|inactive|Time left: 300 sec this turn | 300 sec total\n|\n|t:|1783551517\n|switch|p1a: Tyranitar|Tyranitar, L78, M|97/100\n|-weather|Sandstorm|[from] ability: Sand Stream|[of] p1a: Tyranitar\n|move|p2a: Polteageist|Stored Power|p1a: Tyranitar\n|-immune|p1a: Tyranitar\n|\n|-weather|Sandstorm|[upkeep]\n|-damage|p2a: Polteageist|209/222|[from] Sandstorm\n|upkeep\n|turn|21\n|inactive|Time left: 300 sec this turn | 300 sec total\n|\n|t:|1783551518\n|move|p2a: Polteageist|Strength Sap|p1a: Tyranitar\n|-unboost|p1a: Tyranitar|atk|1\n|-heal|p2a: Polteageist|222/222\n|move|p1a: Tyranitar|Knock Off|p2a: Polteageist\n|-supereffective|p2a: Polteageist\n|-damage|p2a: Polteageist|84/222\n|-start|p1a: Tyranitar|Disable|Knock Off|[from] ability: Cursed Body|[of] p2a: Polteageist\n|\n|-weather|Sandstorm|[upkeep]\n|-damage|p2a: Polteageist|71/222|[from] Sandstorm\n|upkeep\n|turn|22\n|inactive|Time left: 300 sec this turn | 300 sec total\n|\n|t:|1783551519\n|move|p2a: Polteageist|Strength Sap|p1a: Tyranitar\n|-unboost|p1a: Tyranitar|atk|1\n|-heal|p2a: Polteageist|222/222\n|move|p1a: Tyranitar|Stone Edge|p2a: Polteageist\n|-damage|p2a: Polteageist|134/222\n|\n|-weather|Sandstorm|[upkeep]\n|-damage|p2a: Polteageist|121/222|[from] Sandstorm\n|upkeep\n|turn|23\n|inactive|Time left: 300 sec this turn | 300 sec total\n|\n|t:|1783551521\n|move|p2a: Polteageist|Strength Sap|p1a: Tyranitar\n|-unboost|p1a: Tyranitar|atk|1\n|-heal|p2a: Polteageist|222/222\n|move|p1a: Tyranitar|Stone Edge|p2a: Polteageist\n|-damage|p2a: Polteageist|158/222\n|\n|-weather|Sandstorm|[upkeep]\n|-damage|p2a: Polteageist|145/222|[from] Sandstorm\n|upkeep\n|turn|24\n|inactive|Time left: 300 sec this turn | 300 sec total\n|\n|t:|1783551522\n|switch|p1a: Toucannon|Toucannon, L88, M|44/100\n|move|p2a: Polteageist|Strength Sap|p1a: Toucannon\n|-unboost|p1a: Toucannon|atk|1\n|-heal|p2a: Polteageist|222/222\n|\n|-weather|none\n|upkeep\n|turn|25\n|inactive|Time left: 300 sec this turn | 300 sec total\n|\n|t:|1783551523\n|switch|p1a: Tyranitar|Tyranitar, L78, M|97/100\n|-weather|Sandstorm|[from] ability: Sand Stream|[of] p1a: Tyranitar\n|move|p2a: Polteageist|Stored Power|p1a: Tyranitar\n|-immune|p1a: Tyranitar\n|\n|-weather|Sandstorm|[upkeep]\n|-damage|p2a: Polteageist|209/222|[from] Sandstorm\n|upkeep\n|turn|26\n|inactive|Time left: 300 sec this turn | 300 sec total\n|\n|t:|1783551523\n|move|p2a: Polteageist|Strength Sap|p1a: Tyranitar\n|-unboost|p1a: Tyranitar|atk|1\n|-heal|p2a: Polteageist|222/222\n|move|p1a: Tyranitar|Knock Off|p2a: Polteageist\n|-supereffective|p2a: Polteageist\n|-damage|p2a: Polteageist|78/222\n|-start|p1a: Tyranitar|Disable|Knock Off|[from] ability: Cursed Body|[of] p2a: Polteageist\n|\n|-weather|Sandstorm|[upkeep]\n|-damage|p2a: Polteageist|65/222|[from] Sandstorm\n|upkeep\n|turn|27\n|inactive|Time left: 300 sec this turn | 300 sec total\n|\n|t:|1783551524\n|move|p2a: Polteageist|Strength Sap|p1a: Tyranitar\n|-unboost|p1a: Tyranitar|atk|1\n|-heal|p2a: Polteageist|222/222\n|move|p1a: Tyranitar|Dragon Dance|p1a: Tyranitar\n|-boost|p1a: Tyranitar|atk|1\n|-boost|p1a: Tyranitar|spe|1\n|\n|-weather|Sandstorm|[upkeep]\n|-damage|p2a: Polteageist|209/222|[from] Sandstorm\n|upkeep\n|turn|28\n|inactive|Time left: 300 sec this turn | 300 sec total\n|\n|t:|1783551525\n|move|p2a: Polteageist|Strength Sap|p1a: Tyranitar\n|-unboost|p1a: Tyranitar|atk|1\n|-heal|p2a: Polteageist|222/222\n|move|p1a: Tyranitar|Dragon Dance|p1a: Tyranitar\n|-boost|p1a: Tyranitar|atk|1\n|-boost|p1a: Tyranitar|spe|1\n|\n|-weather|Sandstorm|[upkeep]\n|-damage|p2a: Polteageist|209/222|[from] Sandstorm\n|upkeep\n|turn|29\n|inactive|Time left: 300 sec this turn | 300 sec total\n|\n|t:|1783551526\n|move|p2a: Polteageist|Strength Sap|p1a: Tyranitar\n|-unboost|p1a: Tyranitar|atk|1\n|-heal|p2a: Polteageist|222/222\n|move|p1a: Tyranitar|Stone Edge|p2a: Polteageist\n|-damage|p2a: Polteageist|138/222\n|\n|-weather|none\n|-end|p1a: Tyranitar|Disable\n|upkeep\n|turn|30\n|inactive|Time left: 300 sec this turn | 300 sec total\n|\n|t:|1783551527\n|move|p2a: Polteageist|Strength Sap|p1a: Tyranitar\n|-unboost|p1a: Tyranitar|atk|1\n|-heal|p2a: Polteageist|222/222\n|move|p1a: Tyranitar|Knock Off|p2a: Polteageist\n|-supereffective|p2a: Polteageist\n|-damage|p2a: Polteageist|144/222\n|\n|upkeep\n|turn|31\n|inactive|Time left: 300 sec this turn | 300 sec total\n|\n|t:|1783551528\n|move|p2a: Polteageist|Shadow Ball|p1a: Tyranitar\n|-resisted|p1a: Tyranitar\n|-damage|p1a: Tyranitar|64/100\n|move|p1a: Tyranitar|Knock Off|p2a: Polteageist\n|-supereffective|p2a: Polteageist\n|-crit|p2a: Polteageist\n|-damage|p2a: Polteageist|0 fnt\n|faint|p2a: Polteageist\n|\n|upkeep\n|inactive|Time left: 300 sec this turn | 300 sec total | 5 sec grace\n|\n|t:|1783551529\n|switch|p2a: Tatsugiri|Tatsugiri, L87, F|102/260\n|turn|32\n|inactive|Time left: 300 sec this turn | 300 sec total\n|\n|t:|1783551530\n|switch|p1a: Camerupt|Camerupt, L91, F|38/100\n|move|p2a: Tatsugiri|Surf|p1a: Camerupt\n|-supereffective|p1a: Camerupt\n|-damage|p1a: Camerupt|0 fnt\n|faint|p1a: Camerupt\n|\n|upkeep\n|\n|t:|1783551531\n|switch|p1a: Tyranitar|Tyranitar, L78, M|64/100\n|-weather|Sandstorm|[from] ability: Sand Stream|[of] p1a: Tyranitar\n|turn|33\n|inactive|Time left: 300 sec this turn | 300 sec total\n|\n|t:|1783551532\n|-terastallize|p2a: Tatsugiri|Water\n|move|p2a: Tatsugiri|Surf|p1a: Tyranitar\n|-supereffective|p1a: Tyranitar\n|-damage|p1a: Tyranitar|0 fnt\n|faint|p1a: Tyranitar\n|\n|-weather|Sandstorm|[upkeep]\n|-damage|p2a: Tatsugiri|86/260|[from] Sandstorm\n|upkeep\n|\n|t:|1783551533\n|switch|p1a: Toucannon|Toucannon, L88, M|44/100\n|turn|34\n|inactive|Time left: 300 sec this turn | 300 sec total\n|\n|t:|1783551534\n|move|p2a: Tatsugiri|Surf|p1a: Toucannon\n|-damage|p1a: Toucannon|0 fnt\n|faint|p1a: Toucannon\n|\n|win|p0y99844fd", "uploadtime": 1783551534, "views": 0, "rating": 0, "private": 0, "password": null, "_winner": "p0y99844fd", "_our_name": "p0y99844fd"}