{"id": "battle-gen9randombattle-2046", "formatid": "gen9randombattle", "format": "[Gen 9] Random Battle", "players": ["p0x20462145", "p0y2046f0e2"], "log": "|init|battle\n|title|p0x20462145 vs. p0y2046f0e2\n|j|\u2606p0x20462145\n|j|\u2606p0y2046f0e2\n|t:|1783563696\n|gametype|singles\n|player|p1|p0x20462145|101|\n|player|p2|p0y2046f0e2|1|\n|gen|9\n|tier|[Gen 9] Random Battle\n|rule|Species Clause: Limit one of each Pok\u00e9mon\n|rule|HP Percentage Mod: HP is shown in percentages\n|rule|Sleep Clause Mod: Limit one foe put to sleep\n|rule|Illusion Level Mod: Illusion disguises the Pok\u00e9mon's true level\n|\n|t:|1783563696\n|teamsize|p1|6\n|teamsize|p2|6\n|start\n|switch|p1a: Persian|Persian-Alola, L86, M|100/100\n|switch|p2a: Altaria|Altaria, L89, M|278/278\n|turn|1\n|inactive|Battle timer is ON: inactive players will automatically lose when time's up. (requested by p0x20462145)\n|inactive|Time left: 300 sec this turn | 300 sec total | 60 sec grace\n|inactive|p0y2046f0e2 also wants the timer to be on.\n|\n|t:|1783563697\n|move|p1a: Persian|Parting Shot|p2a: Altaria\n|-unboost|p2a: Altaria|atk|1\n|-unboost|p2a: Altaria|spa|1\n|\n|t:|1783563699\n|switch|p1a: Blastoise|Blastoise, L80, M|100/100|[from] Parting Shot\n|move|p2a: Altaria|Dragon Dance|p2a: Altaria\n|-boost|p2a: Altaria|atk|1\n|-boost|p2a: Altaria|spe|1\n|\n|upkeep\n|turn|2\n|inactive|Time left: 300 sec this turn | 300 sec total\n|\n|t:|1783563700\n|switch|p2a: Hitmontop|Hitmontop, L88, M|231/231\n|-ability|p2a: Hitmontop|Intimidate|boost\n|-unboost|p1a: Blastoise|atk|1\n|-enditem|p1a: Blastoise|White Herb\n|-clearnegativeboost|p1a: Blastoise|[silent]\n|move|p1a: Blastoise|Shell Smash|p1a: Blastoise\n|-unboost|p1a: Blastoise|def|1\n|-unboost|p1a: Blastoise|spd|1\n|-boost|p1a: Blastoise|atk|2\n|-boost|p1a: Blastoise|spa|2\n|-boost|p1a: Blastoise|spe|2\n|\n|upkeep\n|turn|3\n|inactive|Time left: 300 sec this turn | 300 sec total\n|\n|t:|1783563701\n|move|p1a: Blastoise|Earthquake|p2a: Hitmontop\n|-damage|p2a: Hitmontop|133/231\n|move|p2a: Hitmontop|Close Combat|p1a: Blastoise\n|-damage|p1a: Blastoise|27/100\n|-unboost|p2a: Hitmontop|def|1\n|-unboost|p2a: Hitmontop|spd|1\n|\n|upkeep\n|turn|4\n|inactive|Time left: 300 sec this turn | 300 sec total\n|\n|t:|1783563702\n|move|p2a: Hitmontop|Sucker Punch|p1a: Blastoise\n|-damage|p1a: Blastoise|0 fnt\n|faint|p1a: Blastoise\n|\n|upkeep\n|\n|t:|1783563703\n|switch|p1a: Roaring Moon|Roaring Moon, L72|100/100\n|turn|5\n|inactive|Time left: 300 sec this turn | 300 sec total\n|\n|t:|1783563704\n|switch|p2a: Forretress|Forretress, L84, F|263/263\n|-terastallize|p1a: Roaring Moon|Dragon\n|move|p1a: Roaring Moon|Outrage|p2a: Forretress\n|-resisted|p2a: Forretress\n|-damage|p2a: Forretress|206/263\n|\n|-heal|p2a: Forretress|222/263|[from] item: Leftovers\n|upkeep\n|turn|6\n|inactive|Time left: 300 sec this turn | 300 sec total\n|\n|t:|1783563706\n|move|p1a: Roaring Moon|Outrage|p2a: Forretress|[from] lockedmove\n|-resisted|p2a: Forretress\n|-damage|p2a: Forretress|160/263\n|-start|p1a: Roaring Moon|confusion|[fatigue]\n|-enditem|p1a: Roaring Moon|Lum Berry|[eat]\n|-end|p1a: Roaring Moon|confusion\n|move|p2a: Forretress|Iron Head|p1a: Roaring Moon\n|-damage|p1a: Roaring Moon|61/100\n|\n|-heal|p2a: Forretress|176/263|[from] item: Leftovers\n|upkeep\n|turn|7\n|inactive|Time left: 300 sec this turn | 300 sec total\n|\n|t:|1783563707\n|move|p1a: Roaring Moon|Outrage|p2a: Forretress\n|-resisted|p2a: Forretress\n|-damage|p2a: Forretress|122/263\n|move|p2a: Forretress|Body Press|p1a: Roaring Moon\n|-damage|p1a: Roaring Moon|26/100\n|\n|-heal|p2a: Forretress|138/263|[from] item: Leftovers\n|upkeep\n|turn|8\n|inactive|Time left: 300 sec this turn | 300 sec total\n|\n|t:|1783563708\n|move|p1a: Roaring Moon|Outrage|p2a: Forretress|[from] lockedmove\n|-resisted|p2a: Forretress\n|-damage|p2a: Forretress|79/263\n|move|p2a: Forretress|Iron Head|p1a: Roaring Moon\n|-damage|p1a: Roaring Moon|0 fnt\n|faint|p1a: Roaring Moon\n|-end|p1a: Roaring Moon|Protosynthesis|[silent]\n|\n|-heal|p2a: Forretress|95/263|[from] item: Leftovers\n|upkeep\n|\n|t:|1783563709\n|switch|p1a: Plusle|Plusle, L95, M|100/100\n|turn|9\n|inactive|Time left: 300 sec this turn | 300 sec total\n|\n|t:|1783563710\n|switch|p2a: Ogerpon|Ogerpon-Hearthflame, L74, F|239/239\n|-ability|p2a: Ogerpon|Mold Breaker\n|move|p1a: Plusle|Thunderbolt|p2a: Ogerpon\n|-resisted|p2a: Ogerpon\n|-damage|p2a: Ogerpon|157/239\n|-damage|p1a: Plusle|91/100|[from] item: Life Orb\n|\n|upkeep\n|turn|10\n|inactive|Time left: 300 sec this turn | 300 sec total\n|\n|t:|1783563711\n|move|p1a: Plusle|Nasty Plot|p1a: Plusle\n|-boost|p1a: Plusle|spa|2\n|move|p2a: Ogerpon|Horn Leech|p1a: Plusle\n|-damage|p1a: Plusle|43/100\n|-heal|p2a: Ogerpon|221/239|[from] drain|[of] p1a: Plusle\n|\n|upkeep\n|turn|11\n|inactive|Time left: 300 sec this turn | 300 sec total\n|\n|t:|1783563712\n|move|p1a: Plusle|Thunderbolt|p2a: Ogerpon\n|-resisted|p2a: Ogerpon\n|-damage|p2a: Ogerpon|73/239\n|-damage|p1a: Plusle|34/100|[from] item: Life Orb\n|move|p2a: Ogerpon|Horn Leech|p1a: Plusle\n|-damage|p1a: Plusle|0 fnt\n|-heal|p2a: Ogerpon|118/239|[from] drain|[of] p1a: Plusle\n|faint|p1a: Plusle\n|\n|upkeep\n|\n|t:|1783563714\n|switch|p1a: Persian|Persian-Alola, L86, M|100/100\n|turn|12\n|inactive|Time left: 300 sec this turn | 300 sec total\n|\n|t:|1783563715\n|move|p1a: Persian|Foul Play|p2a: Ogerpon\n|-damage|p2a: Ogerpon|0 fnt\n|faint|p2a: Ogerpon\n|\n|upkeep\n|inactive|Time left: 300 sec this turn | 300 sec total | 5 sec grace\n|\n|t:|1783563716\n|switch|p2a: Hitmontop|Hitmontop, L88, M|133/231\n|-ability|p2a: Hitmontop|Intimidate|boost\n|-unboost|p1a: Persian|atk|1\n|turn|13\n|inactive|Time left: 300 sec this turn | 300 sec total\n|\n|t:|1783563717\n|move|p1a: Persian|Parting Shot|p2a: Hitmontop\n|-unboost|p2a: Hitmontop|atk|1\n|-unboost|p2a: Hitmontop|spa|1\n|\n|t:|1783563718\n|switch|p1a: Pachirisu|Pachirisu, L96, M|100/100|[from] Parting Shot\n|move|p2a: Hitmontop|Stone Edge|p1a: Pachirisu\n|-damage|p1a: Pachirisu|80/100\n|\n|upkeep\n|turn|14\n|inactive|Time left: 300 sec this turn | 300 sec total\n|\n|t:|1783563719\n|switch|p2a: Altaria|Altaria, L89, M|278/278\n|move|p1a: Pachirisu|Nuzzle|p2a: Altaria\n|-damage|p2a: Altaria|260/278\n|-status|p2a: Altaria|par\n|\n|upkeep\n|turn|15\n|inactive|Time left: 300 sec this turn | 300 sec total\n|\n|t:|1783563720\n|move|p1a: Pachirisu|Super Fang|p2a: Altaria\n|-damage|p2a: Altaria|130/278 par\n|cant|p2a: Altaria|par\n|\n|upkeep\n|turn|16\n|inactive|Time left: 300 sec this turn | 300 sec total\n|\n|t:|1783563721\n|move|p1a: Pachirisu|Super Fang|p2a: Altaria\n|-damage|p2a: Altaria|65/278 par\n|move|p2a: Altaria|Roost|p2a: Altaria\n|-heal|p2a: Altaria|204/278 par\n|-singleturn|p2a: Altaria|move: Roost\n|\n|upkeep\n|turn|17\n|inactive|Time left: 300 sec this turn | 300 sec total\n|\n|t:|1783563722\n|move|p1a: Pachirisu|Super Fang|p2a: Altaria\n|-damage|p2a: Altaria|102/278 par\n|cant|p2a: Altaria|par\n|\n|upkeep\n|turn|18\n|inactive|Time left: 300 sec this turn | 300 sec total\n|\n|t:|1783563722\n|move|p1a: Pachirisu|Thunderbolt|p2a: Altaria\n|-damage|p2a: Altaria|39/278 par\n|move|p2a: Altaria|Roost|p2a: Altaria\n|-heal|p2a: Altaria|178/278 par\n|-singleturn|p2a: Altaria|move: Roost\n|\n|upkeep\n|turn|19\n|inactive|Time left: 300 sec this turn | 300 sec total\n|\n|t:|1783563724\n|move|p1a: Pachirisu|Super Fang|p2a: Altaria\n|-damage|p2a: Altaria|89/278 par\n|move|p2a: Altaria|Roost|p2a: Altaria\n|-heal|p2a: Altaria|228/278 par\n|-singleturn|p2a: Altaria|move: Roost\n|\n|upkeep\n|turn|20\n|inactive|Time left: 300 sec this turn | 300 sec total\n|\n|t:|1783563725\n|move|p1a: Pachirisu|Super Fang|p2a: Altaria|[miss]\n|-miss|p1a: Pachirisu|p2a: Altaria\n|move|p2a: Altaria|Dragon Dance|p2a: Altaria\n|-boost|p2a: Altaria|atk|1\n|-boost|p2a: Altaria|spe|1\n|\n|upkeep\n|turn|21\n|inactive|Time left: 300 sec this turn | 300 sec total\n|\n|t:|1783563726\n|move|p1a: Pachirisu|Super Fang|p2a: Altaria\n|-damage|p2a: Altaria|114/278 par\n|move|p2a: Altaria|Dragon Dance|p2a: Altaria\n|-boost|p2a: Altaria|atk|1\n|-boost|p2a: Altaria|spe|1\n|\n|upkeep\n|turn|22\n|inactive|Time left: 300 sec this turn | 300 sec total\n|\n|t:|1783563726\n|switch|p1a: Persian|Persian-Alola, L86, M|100/100\n|move|p2a: Altaria|Roost|p2a: Altaria\n|-heal|p2a: Altaria|253/278 par\n|-singleturn|p2a: Altaria|move: Roost\n|\n|upkeep\n|turn|23\n|inactive|Time left: 300 sec this turn | 300 sec total\n|\n|t:|1783563727\n|move|p1a: Persian|Foul Play|p2a: Altaria\n|-damage|p2a: Altaria|84/278 par\n|move|p2a: Altaria|Roost|p2a: Altaria\n|-heal|p2a: Altaria|223/278 par\n|-singleturn|p2a: Altaria|move: Roost\n|\n|upkeep\n|turn|24\n|inactive|Time left: 300 sec this turn | 300 sec total\n|\n|t:|1783563728\n|move|p1a: Persian|Foul Play|p2a: Altaria\n|-damage|p2a: Altaria|73/278 par\n|move|p2a: Altaria|Roost|p2a: Altaria\n|-heal|p2a: Altaria|212/278 par\n|-singleturn|p2a: Altaria|move: Roost\n|\n|upkeep\n|turn|25\n|inactive|Time left: 300 sec this turn | 300 sec total\n|\n|t:|1783563729\n|move|p1a: Persian|Foul Play|p2a: Altaria\n|-damage|p2a: Altaria|44/278 par\n|cant|p2a: Altaria|par\n|\n|upkeep\n|turn|26\n|inactive|Time left: 300 sec this turn | 300 sec total\n|\n|t:|1783563730\n|move|p1a: Persian|Foul Play|p2a: Altaria\n|-damage|p2a: Altaria|0 fnt\n|faint|p2a: Altaria\n|\n|upkeep\n|inactive|Time left: 300 sec this turn | 300 sec total | 5 sec grace\n|\n|t:|1783563730\n|switch|p2a: Forretress|Forretress, L84, F|95/263\n|turn|27\n|inactive|Time left: 300 sec this turn | 300 sec total\n|\n|t:|1783563731\n|move|p1a: Persian|Parting Shot|p2a: Forretress\n|-unboost|p2a: Forretress|atk|1\n|-unboost|p2a: Forretress|spa|1\n|\n|t:|1783563732\n|switch|p1a: Pachirisu|Pachirisu, L96, M|80/100|[from] Parting Shot\n|move|p2a: Forretress|Body Press|p1a: Pachirisu\n|-damage|p1a: Pachirisu|50/100\n|\n|-heal|p2a: Forretress|111/263|[from] item: Leftovers\n|upkeep\n|turn|28\n|inactive|Time left: 300 sec this turn | 300 sec total\n|\n|t:|1783563733\n|switch|p2a: Hitmontop|Hitmontop, L88, M|133/231\n|-ability|p2a: Hitmontop|Intimidate|boost\n|-unboost|p1a: Pachirisu|atk|1\n|move|p1a: Pachirisu|Super Fang|p2a: Hitmontop\n|-damage|p2a: Hitmontop|67/231\n|\n|upkeep\n|turn|29\n|inactive|Time left: 300 sec this turn | 300 sec total\n|\n|t:|1783563734\n|move|p1a: Pachirisu|Nuzzle|p2a: Hitmontop\n|-damage|p2a: Hitmontop|57/231\n|-status|p2a: Hitmontop|par\n|cant|p2a: Hitmontop|par\n|\n|upkeep\n|turn|30\n|inactive|Time left: 300 sec this turn | 300 sec total\n|\n|t:|1783563735\n|switch|p1a: Persian|Persian-Alola, L86, M|100/100\n|move|p2a: Hitmontop|Close Combat|p1a: Persian\n|-supereffective|p1a: Persian\n|-damage|p1a: Persian|35/100\n|-unboost|p2a: Hitmontop|def|1\n|-unboost|p2a: Hitmontop|spd|1\n|\n|upkeep\n|turn|31\n|inactive|Time left: 300 sec this turn | 300 sec total\n|\n|t:|1783563736\n|switch|p2a: Forretress|Forretress, L84, F|111/263\n|move|p1a: Persian|Foul Play|p2a: Forretress\n|-damage|p2a: Forretress|44/263\n|\n|-heal|p2a: Forretress|60/263|[from] item: Leftovers\n|upkeep\n|turn|32\n|inactive|Time left: 300 sec this turn | 300 sec total\n|\n|t:|1783563737\n|-terastallize|p2a: Forretress|Fighting\n|move|p1a: Persian|Foul Play|p2a: Forretress\n|-resisted|p2a: Forretress\n|-crit|p2a: Forretress\n|-damage|p2a: Forretress|12/263\n|move|p2a: Forretress|Body Press|p1a: Persian\n|-supereffective|p1a: Persian\n|-damage|p1a: Persian|0 fnt\n|faint|p1a: Persian\n|\n|-heal|p2a: Forretress|28/263|[from] item: Leftovers\n|upkeep\n|\n|t:|1783563738\n|switch|p1a: Pachirisu|Pachirisu, L96, M|50/100\n|turn|33\n|inactive|Time left: 300 sec this turn | 300 sec total\n|\n|t:|1783563739\n|switch|p2a: Hitmontop|Hitmontop, L88, M|57/231 par\n|-ability|p2a: Hitmontop|Intimidate|boost\n|-unboost|p1a: Pachirisu|atk|1\n|move|p1a: Pachirisu|Thunderbolt|p2a: Hitmontop\n|-crit|p2a: Hitmontop\n|-damage|p2a: Hitmontop|0 fnt\n|faint|p2a: Hitmontop\n|\n|upkeep\n|inactive|Time left: 300 sec this turn | 300 sec total | 5 sec grace\n|\n|t:|1783563740\n|switch|p2a: Drifblim|Drifblim, L86, M|396/396\n|turn|34\n|inactive|Time left: 300 sec this turn | 300 sec total\n|\n|t:|1783563741\n|move|p1a: Pachirisu|Nuzzle|p2a: Drifblim\n|-supereffective|p2a: Drifblim\n|-damage|p2a: Drifblim|360/396\n|-status|p2a: Drifblim|par\n|move|p2a: Drifblim|Calm Mind|p2a: Drifblim\n|-boost|p2a: Drifblim|spa|1\n|-boost|p2a: Drifblim|spd|1\n|\n|upkeep\n|turn|35\n|inactive|Time left: 300 sec this turn | 300 sec total\n|\n|t:|1783563742\n|move|p1a: Pachirisu|U-turn|p2a: Drifblim\n|-resisted|p2a: Drifblim\n|-damage|p2a: Drifblim|350/396 par\n|\n|t:|1783563743\n|switch|p1a: Copperajah|Copperajah, L86, M|100/100|[from] U-turn\n|cant|p2a: Drifblim|par\n|\n|upkeep\n|turn|36\n|inactive|Time left: 300 sec this turn | 300 sec total\n|\n|t:|1783563744\n|move|p1a: Copperajah|Rock Slide|p2a: Drifblim\n|-supereffective|p2a: Drifblim\n|-damage|p2a: Drifblim|7/396 par\n|-enditem|p2a: Drifblim|Sitrus Berry|[eat]\n|-heal|p2a: Drifblim|106/396 par|[from] item: Sitrus Berry\n|move|p2a: Drifblim|Strength Sap|p1a: Copperajah\n|-unboost|p1a: Copperajah|atk|1\n|-heal|p2a: Drifblim|379/396 par\n|\n|upkeep\n|turn|37\n|inactive|Time left: 300 sec this turn | 300 sec total\n|\n|t:|1783563745\n|move|p2a: Drifblim|Strength Sap|p1a: Copperajah\n|-unboost|p1a: Copperajah|atk|1\n|-heal|p2a: Drifblim|396/396 par\n|move|p1a: Copperajah|Rock Slide|p2a: Drifblim|[miss]\n|-miss|p1a: Copperajah|p2a: Drifblim\n|\n|upkeep\n|turn|38\n|inactive|Time left: 300 sec this turn | 300 sec total\n|\n|t:|1783563746\n|switch|p1a: Pachirisu|Pachirisu, L96, M|50/100\n|move|p2a: Drifblim|Calm Mind|p2a: Drifblim\n|-boost|p2a: Drifblim|spa|1\n|-boost|p2a: Drifblim|spd|1\n|\n|upkeep\n|turn|39\n|inactive|Time left: 300 sec this turn | 300 sec total\n|\n|t:|1783563747\n|move|p1a: Pachirisu|Thunderbolt|p2a: Drifblim\n|-supereffective|p2a: Drifblim\n|-damage|p2a: Drifblim|294/396 par\n|move|p2a: Drifblim|Shadow Ball|p1a: Pachirisu\n|-damage|p1a: Pachirisu|16/100\n|-unboost|p1a: Pachirisu|spd|1\n|\n|upkeep\n|turn|40\n|inactive|Time left: 300 sec this turn | 300 sec total\n|\n|t:|1783563749\n|move|p1a: Pachirisu|Thunderbolt|p2a: Drifblim\n|-supereffective|p2a: Drifblim\n|-damage|p2a: Drifblim|192/396 par\n|move|p2a: Drifblim|Strength Sap|p1a: Pachirisu\n|-unboost|p1a: Pachirisu|atk|1\n|-heal|p2a: Drifblim|333/396 par\n|\n|upkeep\n|turn|41\n|inactive|Time left: 300 sec this turn | 300 sec total\n|\n|t:|1783563750\n|move|p1a: Pachirisu|Thunderbolt|p2a: Drifblim\n|-supereffective|p2a: Drifblim\n|-damage|p2a: Drifblim|241/396 par\n|move|p2a: Drifblim|Shadow Ball|p1a: Pachirisu\n|-damage|p1a: Pachirisu|0 fnt\n|faint|p1a: Pachirisu\n|\n|upkeep\n|\n|t:|1783563751\n|switch|p1a: Copperajah|Copperajah, L86, M|100/100\n|turn|42\n|inactive|Time left: 300 sec this turn | 300 sec total\n|\n|t:|1783563752\n|move|p2a: Drifblim|Shadow Ball|p1a: Copperajah\n|-damage|p1a: Copperajah|46/100\n|move|p1a: Copperajah|Play Rough|p2a: Drifblim\n|-damage|p2a: Drifblim|17/396 par\n|\n|upkeep\n|turn|43\n|inactive|Time left: 300 sec this turn | 300 sec total\n|\n|t:|1783563753\n|move|p2a: Drifblim|Shadow Ball|p1a: Copperajah\n|-damage|p1a: Copperajah|0 fnt\n|faint|p1a: Copperajah\n|\n|win|p0y2046f0e2", "uploadtime": 1783563753, "views": 0, "rating": 0, "private": 0, "password": null, "_winner": "p0y2046f0e2", "_our_name": "p0y2046f0e2"}