{"id": "battle-gen9randombattle-615", "formatid": "gen9randombattle", "format": "[Gen 9] Random Battle", "players": ["p0x615f0c4", "p0y615d530"], "log": "|init|battle\n|title|p0x615f0c4 vs. p0y615d530\n|j|\u2606p0x615f0c4\n|j|\u2606p0y615d530\n|t:|1783546250\n|gametype|singles\n|player|p1|p0x615f0c4|266|\n|player|p2|p0y615d530|1|\n|gen|9\n|tier|[Gen 9] Random Battle\n|rule|Species Clause: Limit one of each Pok\u00e9mon\n|rule|HP Percentage Mod: HP is shown in percentages\n|rule|Sleep Clause Mod: Limit one foe put to sleep\n|rule|Illusion Level Mod: Illusion disguises the Pok\u00e9mon's true level\n|\n|t:|1783546250\n|teamsize|p1|6\n|teamsize|p2|6\n|start\n|switch|p1a: Hitmontop|Hitmontop, L88, M|231/231\n|switch|p2a: Chimecho|Chimecho, L93, F|100/100\n|-ability|p1a: Hitmontop|Intimidate|boost\n|-unboost|p2a: Chimecho|atk|1\n|turn|1\n|inactive|Battle timer is ON: inactive players will automatically lose when time's up. (requested by p0y615d530)\n|inactive|Time left: 300 sec this turn | 300 sec total | 60 sec grace\n|\n|t:|1783546251\n|switch|p1a: Luxray|Luxray, L88, M|283/283\n|move|p2a: Chimecho|Psychic Noise|p1a: Luxray\n|-damage|p1a: Luxray|178/283\n|-start|p1a: Luxray|move: Heal Block\n|\n|-status|p1a: Luxray|brn|[from] item: Flame Orb\n|upkeep\n|turn|2\n|inactive|Time left: 300 sec this turn | 300 sec total\n|inactive|p0x615f0c4 also wants the timer to be on.\n|\n|t:|1783546252\n|move|p2a: Chimecho|Psychic Noise|p1a: Luxray\n|-damage|p1a: Luxray|75/283 brn\n|move|p1a: Luxray|Facade|p2a: Chimecho\n|-damage|p2a: Chimecho|31/100\n|\n|-heal|p2a: Chimecho|37/100|[from] item: Leftovers\n|-damage|p1a: Luxray|58/283 brn|[from] brn\n|-end|p1a: Luxray|move: Heal Block\n|upkeep\n|turn|3\n|inactive|Time left: 300 sec this turn | 300 sec total\n|\n|t:|1783546253\n|switch|p1a: Mimikyu|Mimikyu, L79, F|216/216\n|move|p2a: Chimecho|Psychic Noise|p1a: Mimikyu\n|-activate|p1a: Mimikyu|ability: Disguise\n|-damage|p1a: Mimikyu|216/216\n|-start|p1a: Mimikyu|move: Heal Block\n|detailschange|p1a: Mimikyu|Mimikyu-Busted, L79, F\n|-damage|p1a: Mimikyu|189/216|[from] pokemon: Mimikyu-Busted\n|\n|-heal|p2a: Chimecho|43/100|[from] item: Leftovers\n|upkeep\n|turn|4\n|inactive|Time left: 300 sec this turn | 300 sec total\n|\n|t:|1783546254\n|move|p1a: Mimikyu|Swords Dance|p1a: Mimikyu\n|-boost|p1a: Mimikyu|atk|2\n|move|p2a: Chimecho|Psychic Noise|p1a: Mimikyu\n|-damage|p1a: Mimikyu|107/216\n|\n|-heal|p2a: Chimecho|49/100|[from] item: Leftovers\n|-end|p1a: Mimikyu|move: Heal Block\n|upkeep\n|turn|5\n|inactive|Time left: 300 sec this turn | 300 sec total\n|\n|t:|1783546255\n|-terastallize|p2a: Chimecho|Poison\n|move|p1a: Mimikyu|Play Rough|p2a: Chimecho\n|-resisted|p2a: Chimecho\n|-damage|p2a: Chimecho|13/100\n|-damage|p1a: Mimikyu|86/216|[from] item: Life Orb\n|move|p2a: Chimecho|Psychic Noise|p1a: Mimikyu\n|-damage|p1a: Mimikyu|4/216\n|-start|p1a: Mimikyu|move: Heal Block\n|\n|-heal|p2a: Chimecho|19/100|[from] item: Leftovers\n|upkeep\n|turn|6\n|inactive|Time left: 300 sec this turn | 300 sec total\n|\n|t:|1783546256\n|move|p1a: Mimikyu|Play Rough|p2a: Chimecho\n|-resisted|p2a: Chimecho\n|-damage|p2a: Chimecho|0 fnt\n|faint|p2a: Chimecho\n|-damage|p1a: Mimikyu|0 fnt|[from] item: Life Orb\n|faint|p1a: Mimikyu\n|\n|upkeep\n|inactive|Time left: 300 sec this turn | 300 sec total | 5 sec grace\n|\n|t:|1783546257\n|switch|p1a: Slowking|Slowking-Galar, L85, M|300/300\n|switch|p2a: Wigglytuff|Wigglytuff, L96, F|100/100\n|turn|7\n|inactive|Time left: 300 sec this turn | 300 sec total\n|\n|t:|1783546258\n|move|p2a: Wigglytuff|Knock Off|p1a: Slowking\n|-supereffective|p1a: Slowking\n|-damage|p1a: Slowking|138/300\n|-enditem|p1a: Slowking|Assault Vest|[from] move: Knock Off|[of] p2a: Wigglytuff\n|move|p1a: Slowking|Sludge Bomb|p2a: Wigglytuff\n|-supereffective|p2a: Wigglytuff\n|-damage|p2a: Wigglytuff|31/100\n|\n|-heal|p2a: Wigglytuff|37/100|[from] item: Leftovers\n|upkeep\n|turn|8\n|inactive|Time left: 300 sec this turn | 300 sec total\n|\n|t:|1783546259\n|move|p2a: Wigglytuff|Knock Off|p1a: Slowking\n|-supereffective|p1a: Slowking\n|-damage|p1a: Slowking|38/300\n|move|p1a: Slowking|Sludge Bomb|p2a: Wigglytuff\n|-supereffective|p2a: Wigglytuff\n|-damage|p2a: Wigglytuff|0 fnt\n|faint|p2a: Wigglytuff\n|\n|upkeep\n|\n|t:|1783546260\n|switch|p2a: Torkoal|Torkoal, L88, F|100/100\n|-weather|SunnyDay|[from] ability: Drought|[of] p2a: Torkoal\n|turn|9\n|inactive|Time left: 300 sec this turn | 300 sec total\n|\n|t:|1783546261\n|move|p1a: Slowking|Sludge Bomb|p2a: Torkoal\n|-damage|p2a: Torkoal|55/100\n|move|p2a: Torkoal|Rapid Spin|p1a: Slowking\n|-damage|p1a: Slowking|0 fnt\n|-boost|p2a: Torkoal|spe|1\n|faint|p1a: Slowking\n|\n|-weather|SunnyDay|[upkeep]\n|upkeep\n|inactive|Time left: 300 sec this turn | 300 sec total | 5 sec grace\n|\n|t:|1783546262\n|switch|p1a: Indeedee|Indeedee, L84, M|238/238\n|-fieldstart|move: Psychic Terrain|[from] ability: Psychic Surge|[of] p1a: Indeedee\n|turn|10\n|inactive|Time left: 300 sec this turn | 300 sec total\n|\n|t:|1783546263\n|switch|p2a: Zarude|Zarude, L77|100/100\n|move|p1a: Indeedee|Expanding Force|p2a: Zarude\n|-immune|p2a: Zarude\n|\n|-weather|SunnyDay|[upkeep]\n|upkeep\n|turn|11\n|inactive|Time left: 300 sec this turn | 300 sec total\n|\n|t:|1783546264\n|switch|p1a: Cobalion|Cobalion, L80|277/277\n|move|p2a: Zarude|Knock Off|p1a: Cobalion\n|-resisted|p1a: Cobalion\n|-damage|p1a: Cobalion|229/277\n|-ability|p1a: Cobalion|Justified|boost\n|-boost|p1a: Cobalion|atk|1\n|-enditem|p1a: Cobalion|Leftovers|[from] move: Knock Off|[of] p2a: Zarude\n|-damage|p2a: Zarude|91/100|[from] item: Life Orb\n|\n|-weather|SunnyDay|[upkeep]\n|upkeep\n|turn|12\n|inactive|Time left: 300 sec this turn | 300 sec total\n|\n|t:|1783546265\n|switch|p2a: Torkoal|Torkoal, L88, F|55/100\n|move|p1a: Cobalion|Body Press|p2a: Torkoal\n|-damage|p2a: Torkoal|28/100\n|\n|-weather|SunnyDay|[upkeep]\n|upkeep\n|turn|13\n|inactive|Time left: 300 sec this turn | 300 sec total\n|\n|t:|1783546266\n|move|p1a: Cobalion|Iron Head|p2a: Torkoal\n|-resisted|p2a: Torkoal\n|-damage|p2a: Torkoal|13/100\n|move|p2a: Torkoal|Lava Plume|p1a: Cobalion\n|-supereffective|p1a: Cobalion\n|-damage|p1a: Cobalion|0 fnt\n|faint|p1a: Cobalion\n|\n|-weather|none\n|upkeep\n|inactive|Time left: 300 sec this turn | 300 sec total | 5 sec grace\n|\n|t:|1783546267\n|switch|p1a: Hitmontop|Hitmontop, L88, M|231/231\n|-ability|p1a: Hitmontop|Intimidate|boost\n|-unboost|p2a: Torkoal|atk|1\n|turn|14\n|inactive|Time left: 300 sec this turn | 300 sec total\n|\n|t:|1783546268\n|move|p1a: Hitmontop|Rapid Spin|p2a: Torkoal\n|-damage|p2a: Torkoal|4/100\n|-boost|p1a: Hitmontop|spe|1\n|move|p2a: Torkoal|Lava Plume|p1a: Hitmontop\n|-damage|p1a: Hitmontop|188/231\n|-status|p1a: Hitmontop|brn\n|\n|-damage|p1a: Hitmontop|174/231 brn|[from] brn\n|-fieldend|move: Psychic Terrain\n|upkeep\n|turn|15\n|inactive|Time left: 300 sec this turn | 300 sec total\n|\n|t:|1783546269\n|switch|p2a: Zarude|Zarude, L77|91/100\n|move|p1a: Hitmontop|Rapid Spin|p2a: Zarude\n|-damage|p2a: Zarude|85/100\n|-boost|p1a: Hitmontop|spe|1\n|\n|-damage|p1a: Hitmontop|160/231 brn|[from] brn\n|upkeep\n|turn|16\n|inactive|Time left: 300 sec this turn | 300 sec total\n|\n|t:|1783546270\n|move|p1a: Hitmontop|Close Combat|p2a: Zarude\n|-supereffective|p2a: Zarude\n|-damage|p2a: Zarude|42/100\n|-unboost|p1a: Hitmontop|def|1\n|-unboost|p1a: Hitmontop|spd|1\n|move|p2a: Zarude|Power Whip|p1a: Hitmontop\n|-damage|p1a: Hitmontop|0 fnt\n|faint|p1a: Hitmontop\n|-damage|p2a: Zarude|32/100|[from] item: Life Orb\n|\n|upkeep\n|inactive|Time left: 300 sec this turn | 300 sec total | 5 sec grace\n|\n|t:|1783546271\n|switch|p1a: Indeedee|Indeedee, L84, M|238/238\n|-fieldstart|move: Psychic Terrain|[from] ability: Psychic Surge|[of] p1a: Indeedee\n|turn|17\n|inactive|Time left: 300 sec this turn | 300 sec total\n|\n|t:|1783546272\n|switch|p2a: Lucario|Lucario, L84, F|100/100\n|move|p1a: Indeedee|Hyper Voice|p2a: Lucario\n|-resisted|p2a: Lucario\n|-damage|p2a: Lucario|71/100\n|-damage|p1a: Indeedee|215/238|[from] item: Life Orb\n|\n|upkeep\n|turn|18\n|inactive|Time left: 300 sec this turn | 300 sec total\n|\n|t:|1783546274\n|switch|p2a: Zarude|Zarude, L77|32/100\n|move|p1a: Indeedee|Expanding Force|p2a: Zarude\n|-immune|p2a: Zarude\n|\n|upkeep\n|turn|19\n|inactive|Time left: 300 sec this turn | 300 sec total\n|\n|t:|1783546275\n|switch|p2a: Torkoal|Torkoal, L88, F|4/100\n|-weather|SunnyDay|[from] ability: Drought|[of] p2a: Torkoal\n|move|p1a: Indeedee|Hyper Voice|p2a: Torkoal\n|-damage|p2a: Torkoal|0 fnt\n|faint|p2a: Torkoal\n|-damage|p1a: Indeedee|192/238|[from] item: Life Orb\n|\n|-weather|SunnyDay|[upkeep]\n|upkeep\n|\n|t:|1783546276\n|switch|p2a: Lucario|Lucario, L84, F|71/100\n|turn|20\n|inactive|Time left: 300 sec this turn | 300 sec total\n|\n|t:|1783546277\n|switch|p2a: Zarude|Zarude, L77|32/100\n|move|p1a: Indeedee|Expanding Force|p2a: Zarude\n|-immune|p2a: Zarude\n|\n|-weather|SunnyDay|[upkeep]\n|upkeep\n|turn|21\n|inactive|Time left: 300 sec this turn | 300 sec total\n|\n|t:|1783546278\n|switch|p2a: Lucario|Lucario, L84, F|71/100\n|move|p1a: Indeedee|Hyper Voice|p2a: Lucario\n|-resisted|p2a: Lucario\n|-damage|p2a: Lucario|41/100\n|-damage|p1a: Indeedee|169/238|[from] item: Life Orb\n|\n|-weather|SunnyDay|[upkeep]\n|-fieldend|move: Psychic Terrain\n|upkeep\n|turn|22\n|inactive|Time left: 300 sec this turn | 300 sec total\n|\n|t:|1783546279\n|switch|p2a: Zarude|Zarude, L77|32/100\n|move|p1a: Indeedee|Calm Mind|p1a: Indeedee\n|-boost|p1a: Indeedee|spa|1\n|-boost|p1a: Indeedee|spd|1\n|\n|-weather|SunnyDay|[upkeep]\n|upkeep\n|turn|23\n|inactive|Time left: 300 sec this turn | 300 sec total\n|\n|t:|1783546280\n|switch|p2a: Lucario|Lucario, L84, F|41/100\n|move|p1a: Indeedee|Hyper Voice|p2a: Lucario\n|-resisted|p2a: Lucario\n|-damage|p2a: Lucario|0 fnt\n|faint|p2a: Lucario\n|-damage|p1a: Indeedee|146/238|[from] item: Life Orb\n|\n|-weather|none\n|upkeep\n|\n|t:|1783546281\n|switch|p2a: Zarude|Zarude, L77|32/100\n|turn|24\n|inactive|Time left: 300 sec this turn | 300 sec total\n|\n|t:|1783546281\n|switch|p2a: Ditto|Ditto, L87|100/100\n|-transform|p2a: Ditto|p1a: Indeedee|[from] ability: Imposter\n|-fieldstart|move: Psychic Terrain|[from] ability: Psychic Surge|[of] p2a: Ditto\n|-terastallize|p1a: Indeedee|Psychic\n|move|p1a: Indeedee|Hyper Voice|p2a: Ditto\n|-damage|p2a: Ditto|43/100\n|-damage|p1a: Indeedee|123/238|[from] item: Life Orb\n|\n|upkeep\n|turn|25\n|inactive|Time left: 300 sec this turn | 300 sec total\n|\n|t:|1783546283\n|move|p2a: Ditto|Expanding Force|p1a: Indeedee\n|-resisted|p1a: Indeedee\n|-damage|p1a: Indeedee|45/238\n|move|p1a: Indeedee|Hyper Voice|p2a: Ditto\n|-damage|p2a: Ditto|0 fnt\n|faint|p2a: Ditto\n|-damage|p1a: Indeedee|22/238|[from] item: Life Orb\n|\n|upkeep\n|\n|t:|1783546283\n|switch|p2a: Zarude|Zarude, L77|32/100\n|turn|26\n|inactive|Time left: 300 sec this turn | 300 sec total\n|\n|t:|1783546284\n|move|p1a: Indeedee|Hyper Voice|p2a: Zarude\n|-damage|p2a: Zarude|0 fnt\n|faint|p2a: Zarude\n|-damage|p1a: Indeedee|0 fnt|[from] item: Life Orb\n|faint|p1a: Indeedee\n|\n|win|p0x615f0c4", "uploadtime": 1783546284, "views": 0, "rating": 0, "private": 0, "password": null, "_winner": "p0x615f0c4", "_our_name": "p0x615f0c4"}