{"id": "battle-gen9randombattle-1307", "formatid": "gen9randombattle", "format": "[Gen 9] Random Battle", "players": ["p0x130722b4", "p0y13076f5f"], "log": "|init|battle\n|title|p0x130722b4 vs. p0y13076f5f\n|j|\u2606p0x130722b4\n|j|\u2606p0y13076f5f\n|t:|1783554285\n|gametype|singles\n|player|p1|p0x130722b4|265|\n|player|p2|p0y13076f5f|266|\n|gen|9\n|tier|[Gen 9] Random Battle\n|rule|Species Clause: Limit one of each Pok\u00e9mon\n|rule|HP Percentage Mod: HP is shown in percentages\n|rule|Sleep Clause Mod: Limit one foe put to sleep\n|rule|Illusion Level Mod: Illusion disguises the Pok\u00e9mon's true level\n|\n|t:|1783554285\n|teamsize|p1|6\n|teamsize|p2|6\n|start\n|switch|p1a: Meowstic|Meowstic, L89, M|277/277\n|switch|p2a: Klefki|Klefki, L84, F|100/100\n|turn|1\n|inactive|Battle timer is ON: inactive players will automatically lose when time's up. (requested by p0y13076f5f)\n|inactive|Time left: 300 sec this turn | 300 sec total | 60 sec grace\n|inactive|p0x130722b4 also wants the timer to be on.\n|\n|t:|1783554287\n|switch|p2a: Espathra|Espathra, L80, M|100/100\n|move|p1a: Meowstic|Reflect|p1a: Meowstic\n|-sidestart|p1: p0x130722b4|Reflect\n|\n|upkeep\n|turn|2\n|inactive|Time left: 300 sec this turn | 300 sec total\n|\n|t:|1783554289\n|move|p1a: Meowstic|Light Screen|p1a: Meowstic\n|-sidestart|p1: p0x130722b4|move: Light Screen\n|move|p2a: Espathra|Calm Mind|p2a: Espathra\n|-boost|p2a: Espathra|spa|1\n|-boost|p2a: Espathra|spd|1\n|\n|-ability|p2a: Espathra|Speed Boost|boost\n|-boost|p2a: Espathra|spe|1\n|upkeep\n|turn|3\n|inactive|Time left: 300 sec this turn | 300 sec total\n|\n|t:|1783554290\n|switch|p1a: Wyrdeer|Wyrdeer, L87, M|321/321\n|-ability|p1a: Wyrdeer|Intimidate|boost\n|-unboost|p2a: Espathra|atk|1\n|move|p2a: Espathra|Calm Mind|p2a: Espathra\n|-boost|p2a: Espathra|spa|1\n|-boost|p2a: Espathra|spd|1\n|\n|-ability|p2a: Espathra|Speed Boost|boost\n|-boost|p2a: Espathra|spe|1\n|upkeep\n|turn|4\n|inactive|Time left: 300 sec this turn | 300 sec total\n|\n|t:|1783554291\n|move|p2a: Espathra|Stored Power|p1a: Wyrdeer\n|-resisted|p1a: Wyrdeer\n|-damage|p1a: Wyrdeer|244/321\n|move|p1a: Wyrdeer|Body Slam|p2a: Espathra\n|-damage|p2a: Espathra|54/100\n|-status|p2a: Espathra|par\n|\n|-heal|p2a: Espathra|60/100 par|[from] item: Leftovers\n|-heal|p1a: Wyrdeer|264/321|[from] item: Leftovers\n|-ability|p2a: Espathra|Speed Boost|boost\n|-boost|p2a: Espathra|spe|1\n|upkeep\n|turn|5\n|inactive|Time left: 300 sec this turn | 300 sec total\n|\n|t:|1783554292\n|move|p2a: Espathra|Roost|p2a: Espathra\n|-heal|p2a: Espathra|100/100 par\n|-singleturn|p2a: Espathra|move: Roost\n|move|p1a: Wyrdeer|Body Slam|p2a: Espathra\n|-damage|p2a: Espathra|51/100 par\n|\n|-heal|p2a: Espathra|57/100 par|[from] item: Leftovers\n|-heal|p1a: Wyrdeer|284/321|[from] item: Leftovers\n|-ability|p2a: Espathra|Speed Boost|boost\n|-boost|p2a: Espathra|spe|1\n|upkeep\n|turn|6\n|inactive|Time left: 300 sec this turn | 300 sec total\n|\n|t:|1783554293\n|-terastallize|p1a: Wyrdeer|Ground\n|move|p2a: Espathra|Roost|p2a: Espathra\n|-heal|p2a: Espathra|100/100 par\n|-singleturn|p2a: Espathra|move: Roost\n|move|p1a: Wyrdeer|Earthquake|p2a: Espathra\n|-damage|p2a: Espathra|46/100 par\n|\n|-heal|p2a: Espathra|52/100 par|[from] item: Leftovers\n|-heal|p1a: Wyrdeer|304/321|[from] item: Leftovers\n|-ability|p2a: Espathra|Speed Boost|boost\n|-boost|p2a: Espathra|spe|1\n|upkeep\n|turn|7\n|inactive|Time left: 300 sec this turn | 300 sec total\n|\n|t:|1783554294\n|cant|p2a: Espathra|par\n|move|p1a: Wyrdeer|Earthquake|p2a: Espathra\n|-damage|p2a: Espathra|0 fnt\n|faint|p2a: Espathra\n|\n|-heal|p1a: Wyrdeer|321/321|[from] item: Leftovers\n|upkeep\n|\n|t:|1783554295\n|switch|p2a: Araquanid|Araquanid, L82, M|100/100\n|turn|8\n|inactive|Time left: 300 sec this turn | 300 sec total\n|\n|t:|1783554296\n|move|p1a: Wyrdeer|Body Slam|p2a: Araquanid\n|-damage|p2a: Araquanid|57/100\n|move|p2a: Araquanid|Sticky Web|p1a: Wyrdeer\n|-sidestart|p1: p0x130722b4|move: Sticky Web\n|\n|-sideend|p1: p0x130722b4|Reflect\n|upkeep\n|turn|9\n|inactive|Time left: 300 sec this turn | 300 sec total\n|\n|t:|1783554297\n|switch|p1a: Forretress|Forretress, L84, M|263/263\n|-activate|p1a: Forretress|move: Sticky Web\n|-unboost|p1a: Forretress|spe|1\n|move|p2a: Araquanid|Liquidation|p1a: Forretress\n|-damage|p1a: Forretress|163/263\n|\n|-heal|p1a: Forretress|179/263|[from] item: Leftovers\n|-sideend|p1: p0x130722b4|move: Light Screen\n|upkeep\n|turn|10\n|inactive|Time left: 300 sec this turn | 300 sec total\n|\n|t:|1783554299\n|move|p2a: Araquanid|Hydro Pump|p1a: Forretress\n|-damage|p1a: Forretress|0 fnt\n|faint|p1a: Forretress\n|\n|upkeep\n|inactive|Time left: 300 sec this turn | 300 sec total | 5 sec grace\n|\n|t:|1783554300\n|switch|p1a: Keldeo|Keldeo-Resolute, L79|273/273\n|-activate|p1a: Keldeo|move: Sticky Web\n|-unboost|p1a: Keldeo|spe|1\n|turn|11\n|inactive|Time left: 300 sec this turn | 300 sec total\n|\n|t:|1783554300\n|move|p1a: Keldeo|Calm Mind|p1a: Keldeo\n|-boost|p1a: Keldeo|spa|1\n|-boost|p1a: Keldeo|spd|1\n|move|p2a: Araquanid|Hydro Pump|p1a: Keldeo\n|-resisted|p1a: Keldeo\n|-damage|p1a: Keldeo|229/273\n|\n|-heal|p1a: Keldeo|246/273|[from] item: Leftovers\n|upkeep\n|turn|12\n|inactive|Time left: 300 sec this turn | 300 sec total\n|\n|t:|1783554301\n|move|p1a: Keldeo|Secret Sword|p2a: Araquanid\n|-resisted|p2a: Araquanid\n|-damage|p2a: Araquanid|29/100\n|move|p2a: Araquanid|Liquidation|p1a: Keldeo\n|-resisted|p1a: Keldeo\n|-damage|p1a: Keldeo|180/273\n|\n|-heal|p1a: Keldeo|197/273|[from] item: Leftovers\n|upkeep\n|turn|13\n|inactive|Time left: 300 sec this turn | 300 sec total\n|\n|t:|1783554302\n|move|p1a: Keldeo|Secret Sword|p2a: Araquanid\n|-resisted|p2a: Araquanid\n|-crit|p2a: Araquanid\n|-damage|p2a: Araquanid|0 fnt\n|faint|p2a: Araquanid\n|\n|-heal|p1a: Keldeo|214/273|[from] item: Leftovers\n|upkeep\n|\n|t:|1783554303\n|switch|p2a: Iron Thorns|Iron Thorns, L83|100/100\n|-enditem|p2a: Iron Thorns|Booster Energy\n|-activate|p2a: Iron Thorns|ability: Quark Drive|[fromitem]\n|-start|p2a: Iron Thorns|quarkdriveatk\n|turn|14\n|inactive|Time left: 300 sec this turn | 300 sec total\n|\n|t:|1783554304\n|switch|p1a: Wyrdeer|Wyrdeer, L87, M, tera:Ground|321/321\n|-activate|p1a: Wyrdeer|move: Sticky Web\n|-unboost|p1a: Wyrdeer|spe|1\n|-ability|p1a: Wyrdeer|Intimidate|boost\n|-unboost|p2a: Iron Thorns|atk|1\n|move|p2a: Iron Thorns|Wild Charge|p1a: Wyrdeer\n|-immune|p1a: Wyrdeer\n|\n|upkeep\n|turn|15\n|inactive|Time left: 300 sec this turn | 300 sec total\n|\n|t:|1783554305\n|-terastallize|p2a: Iron Thorns|Grass\n|move|p2a: Iron Thorns|Dragon Dance|p2a: Iron Thorns\n|-boost|p2a: Iron Thorns|atk|1\n|-boost|p2a: Iron Thorns|spe|1\n|move|p1a: Wyrdeer|Earthquake|p2a: Iron Thorns\n|-resisted|p2a: Iron Thorns\n|-damage|p2a: Iron Thorns|83/100\n|\n|upkeep\n|turn|16\n|inactive|Time left: 300 sec this turn | 300 sec total\n|\n|t:|1783554306\n|move|p2a: Iron Thorns|Dragon Dance|p2a: Iron Thorns\n|-boost|p2a: Iron Thorns|atk|1\n|-boost|p2a: Iron Thorns|spe|1\n|move|p1a: Wyrdeer|Body Slam|p2a: Iron Thorns\n|-damage|p2a: Iron Thorns|56/100\n|\n|upkeep\n|turn|17\n|inactive|Time left: 300 sec this turn | 300 sec total\n|\n|t:|1783554307\n|move|p2a: Iron Thorns|Earthquake|p1a: Wyrdeer\n|-damage|p1a: Wyrdeer|116/321\n|move|p1a: Wyrdeer|Body Slam|p2a: Iron Thorns\n|-damage|p2a: Iron Thorns|27/100\n|-status|p2a: Iron Thorns|par\n|\n|-heal|p1a: Wyrdeer|136/321|[from] item: Leftovers\n|upkeep\n|turn|18\n|inactive|Time left: 300 sec this turn | 300 sec total\n|\n|t:|1783554308\n|move|p2a: Iron Thorns|Earthquake|p1a: Wyrdeer\n|-crit|p1a: Wyrdeer\n|-damage|p1a: Wyrdeer|0 fnt\n|faint|p1a: Wyrdeer\n|\n|upkeep\n|inactive|Time left: 300 sec this turn | 300 sec total | 5 sec grace\n|\n|t:|1783554309\n|switch|p1a: Meowstic|Meowstic, L89, M|277/277\n|-activate|p1a: Meowstic|move: Sticky Web\n|-unboost|p1a: Meowstic|spe|1\n|turn|19\n|inactive|Time left: 300 sec this turn | 300 sec total\n|\n|t:|1783554310\n|move|p1a: Meowstic|Reflect|p1a: Meowstic\n|-sidestart|p1: p0x130722b4|Reflect\n|cant|p2a: Iron Thorns|par\n|\n|upkeep\n|turn|20\n|inactive|Time left: 300 sec this turn | 300 sec total\n|\n|t:|1783554311\n|move|p2a: Iron Thorns|Stone Edge|p1a: Meowstic\n|-damage|p1a: Meowstic|142/277\n|move|p1a: Meowstic|Psychic Noise|p2a: Iron Thorns\n|-damage|p2a: Iron Thorns|1/100 par\n|-start|p2a: Iron Thorns|move: Heal Block\n|\n|upkeep\n|turn|21\n|inactive|Time left: 300 sec this turn | 300 sec total\n|\n|t:|1783554312\n|move|p2a: Iron Thorns|Stone Edge|p1a: Meowstic\n|-damage|p1a: Meowstic|7/277\n|move|p1a: Meowstic|Psychic Noise|p2a: Iron Thorns\n|-damage|p2a: Iron Thorns|0 fnt\n|faint|p2a: Iron Thorns\n|-end|p2a: Iron Thorns|Quark Drive|[silent]\n|\n|upkeep\n|\n|t:|1783554312\n|switch|p2a: Klefki|Klefki, L84, F|100/100\n|turn|22\n|inactive|Time left: 300 sec this turn | 300 sec total\n|\n|t:|1783554313\n|move|p2a: Klefki|Spikes|p1a: Meowstic\n|-sidestart|p1: p0x130722b4|Spikes\n|move|p1a: Meowstic|Light Screen|p1a: Meowstic\n|-sidestart|p1: p0x130722b4|move: Light Screen\n|\n|upkeep\n|turn|23\n|inactive|Time left: 300 sec this turn | 300 sec total\n|\n|t:|1783554314\n|switch|p1a: Keldeo|Keldeo-Resolute, L79|214/273\n|-activate|p1a: Keldeo|move: Sticky Web\n|-unboost|p1a: Keldeo|spe|1\n|-damage|p1a: Keldeo|180/273|[from] Spikes\n|move|p2a: Klefki|Spikes|p1a: Keldeo\n|-sidestart|p1: p0x130722b4|Spikes\n|\n|-heal|p1a: Keldeo|197/273|[from] item: Leftovers\n|upkeep\n|turn|24\n|inactive|Time left: 300 sec this turn | 300 sec total\n|\n|t:|1783554315\n|move|p2a: Klefki|Thunder Wave|p1a: Keldeo\n|-status|p1a: Keldeo|par\n|cant|p1a: Keldeo|par\n|\n|-heal|p1a: Keldeo|214/273 par|[from] item: Leftovers\n|upkeep\n|turn|25\n|inactive|Time left: 300 sec this turn | 300 sec total\n|\n|t:|1783554316\n|move|p2a: Klefki|Dazzling Gleam|p1a: Keldeo\n|-supereffective|p1a: Keldeo\n|-damage|p1a: Keldeo|133/273 par\n|cant|p1a: Keldeo|par\n|\n|-heal|p1a: Keldeo|150/273 par|[from] item: Leftovers\n|upkeep\n|turn|26\n|inactive|Time left: 300 sec this turn | 300 sec total\n|\n|t:|1783554317\n|move|p2a: Klefki|Dazzling Gleam|p1a: Keldeo\n|-supereffective|p1a: Keldeo\n|-damage|p1a: Keldeo|72/273 par\n|cant|p1a: Keldeo|par\n|\n|-heal|p1a: Keldeo|89/273 par|[from] item: Leftovers\n|-sideend|p1: p0x130722b4|Reflect\n|upkeep\n|turn|27\n|inactive|Time left: 300 sec this turn | 300 sec total\n|\n|t:|1783554318\n|move|p2a: Klefki|Dazzling Gleam|p1a: Keldeo\n|-supereffective|p1a: Keldeo\n|-damage|p1a: Keldeo|5/273 par\n|cant|p1a: Keldeo|par\n|\n|-heal|p1a: Keldeo|22/273 par|[from] item: Leftovers\n|upkeep\n|turn|28\n|inactive|Time left: 300 sec this turn | 300 sec total\n|\n|t:|1783554319\n|move|p2a: Klefki|Dazzling Gleam|p1a: Keldeo\n|-supereffective|p1a: Keldeo\n|-damage|p1a: Keldeo|0 fnt\n|faint|p1a: Keldeo\n|\n|upkeep\n|inactive|Time left: 300 sec this turn | 300 sec total | 5 sec grace\n|\n|t:|1783554320\n|switch|p1a: Bastiodon|Bastiodon, L89, F|252/252\n|-activate|p1a: Bastiodon|move: Sticky Web\n|-unboost|p1a: Bastiodon|spe|1\n|-damage|p1a: Bastiodon|210/252|[from] Spikes\n|turn|29\n|inactive|Time left: 300 sec this turn | 300 sec total\n|\n|t:|1783554321\n|move|p2a: Klefki|Thunder Wave|p1a: Bastiodon\n|-status|p1a: Bastiodon|par\n|move|p1a: Bastiodon|Iron Defense|p1a: Bastiodon\n|-boost|p1a: Bastiodon|def|2\n|\n|-sideend|p1: p0x130722b4|move: Light Screen\n|upkeep\n|turn|30\n|inactive|Time left: 300 sec this turn | 300 sec total\n|\n|t:|1783554322\n|move|p2a: Klefki|Spikes|p1a: Bastiodon\n|-sidestart|p1: p0x130722b4|Spikes\n|move|p1a: Bastiodon|Body Press|p2a: Klefki\n|-damage|p2a: Klefki|19/100\n|\n|-heal|p2a: Klefki|25/100|[from] item: Leftovers\n|upkeep\n|turn|31\n|inactive|Time left: 300 sec this turn | 300 sec total\n|\n|t:|1783554323\n|move|p2a: Klefki|Foul Play|p1a: Bastiodon\n|-damage|p1a: Bastiodon|201/252 par\n|move|p1a: Bastiodon|Body Press|p2a: Klefki\n|-damage|p2a: Klefki|0 fnt\n|faint|p2a: Klefki\n|\n|upkeep\n|\n|t:|1783554324\n|switch|p2a: Lanturn|Lanturn, L89, M|100/100\n|turn|32\n|inactive|Time left: 300 sec this turn | 300 sec total\n|\n|t:|1783554325\n|move|p2a: Lanturn|Scald|p1a: Bastiodon\n|-supereffective|p1a: Bastiodon\n|-damage|p1a: Bastiodon|103/252 par\n|cant|p1a: Bastiodon|par\n|\n|upkeep\n|turn|33\n|inactive|Time left: 300 sec this turn | 300 sec total\n|\n|t:|1783554326\n|move|p2a: Lanturn|Scald|p1a: Bastiodon\n|-supereffective|p1a: Bastiodon\n|-damage|p1a: Bastiodon|0 fnt\n|faint|p1a: Bastiodon\n|\n|upkeep\n|inactive|Time left: 300 sec this turn | 300 sec total | 5 sec grace\n|\n|t:|1783554328\n|switch|p1a: Meowstic|Meowstic, L89, M|7/277\n|-activate|p1a: Meowstic|move: Sticky Web\n|-unboost|p1a: Meowstic|spe|1\n|-damage|p1a: Meowstic|0 fnt|[from] Spikes\n|faint|p1a: Meowstic\n|inactive|Time left: 300 sec this turn | 300 sec total | 10 sec grace\n|\n|t:|1783554329\n|switch|p1a: Regigigas|Regigigas, L84|322/322\n|-activate|p1a: Regigigas|move: Sticky Web\n|-unboost|p1a: Regigigas|spe|1\n|-damage|p1a: Regigigas|242/322|[from] Spikes\n|-start|p1a: Regigigas|ability: Slow Start\n|turn|34\n|inactive|Time left: 300 sec this turn | 300 sec total\n|\n|t:|1783554329\n|move|p1a: Regigigas|Protect|p1a: Regigigas\n|-singleturn|p1a: Regigigas|Protect\n|move|p2a: Lanturn|Volt Switch|p1a: Regigigas\n|-activate|p1a: Regigigas|move: Protect\n|\n|-heal|p1a: Regigigas|262/322|[from] item: Leftovers\n|upkeep\n|turn|35\n|inactive|Time left: 300 sec this turn | 300 sec total\n|\n|t:|1783554330\n|move|p2a: Lanturn|Volt Switch|p1a: Regigigas\n|-damage|p1a: Regigigas|202/322\n|\n|t:|1783554331\n|switch|p2a: Scizor|Scizor, L79, M|100/100|[from] Volt Switch\n|move|p1a: Regigigas|Knock Off|p2a: Scizor\n|-damage|p2a: Scizor|81/100\n|-enditem|p2a: Scizor|Life Orb|[from] move: Knock Off|[of] p1a: Regigigas\n|\n|-heal|p1a: Regigigas|222/322|[from] item: Leftovers\n|upkeep\n|turn|36\n|inactive|Time left: 300 sec this turn | 300 sec total\n|\n|t:|1783554332\n|move|p2a: Scizor|Swords Dance|p2a: Scizor\n|-boost|p2a: Scizor|atk|2\n|move|p1a: Regigigas|Substitute|p1a: Regigigas\n|-start|p1a: Regigigas|Substitute\n|-damage|p1a: Regigigas|142/322\n|\n|-heal|p1a: Regigigas|162/322|[from] item: Leftovers\n|upkeep\n|turn|37\n|inactive|Time left: 300 sec this turn | 300 sec total\n|\n|t:|1783554333\n|move|p1a: Regigigas|Protect|p1a: Regigigas\n|-singleturn|p1a: Regigigas|Protect\n|move|p2a: Scizor|Knock Off|p1a: Regigigas\n|-activate|p1a: Regigigas|move: Protect\n|\n|-heal|p1a: Regigigas|182/322|[from] item: Leftovers\n|upkeep\n|turn|38\n|inactive|Time left: 300 sec this turn | 300 sec total\n|\n|t:|1783554334\n|move|p2a: Scizor|Bullet Punch|p1a: Regigigas\n|-end|p1a: Regigigas|Substitute\n|move|p1a: Regigigas|Substitute|p1a: Regigigas\n|-start|p1a: Regigigas|Substitute\n|-damage|p1a: Regigigas|102/322\n|\n|-heal|p1a: Regigigas|122/322|[from] item: Leftovers\n|-end|p1a: Regigigas|Slow Start\n|upkeep\n|turn|39\n|inactive|Time left: 300 sec this turn | 300 sec total\n|\n|t:|1783554335\n|move|p1a: Regigigas|Protect|p1a: Regigigas\n|-singleturn|p1a: Regigigas|Protect\n|move|p2a: Scizor|Bullet Punch|p1a: Regigigas\n|-activate|p1a: Regigigas|move: Protect\n|\n|-heal|p1a: Regigigas|142/322|[from] item: Leftovers\n|upkeep\n|turn|40\n|inactive|Time left: 300 sec this turn | 300 sec total\n|\n|t:|1783554336\n|move|p2a: Scizor|Bullet Punch|p1a: Regigigas\n|-end|p1a: Regigigas|Substitute\n|move|p1a: Regigigas|Substitute|p1a: Regigigas\n|-start|p1a: Regigigas|Substitute\n|-damage|p1a: Regigigas|62/322\n|\n|-heal|p1a: Regigigas|82/322|[from] item: Leftovers\n|upkeep\n|turn|41\n|inactive|Time left: 300 sec this turn | 300 sec total\n|\n|t:|1783554337\n|move|p1a: Regigigas|Protect|p1a: Regigigas\n|-singleturn|p1a: Regigigas|Protect\n|move|p2a: Scizor|Knock Off|p1a: Regigigas\n|-activate|p1a: Regigigas|move: Protect\n|\n|-heal|p1a: Regigigas|102/322|[from] item: Leftovers\n|upkeep\n|turn|42\n|inactive|Time left: 300 sec this turn | 300 sec total\n|\n|t:|1783554338\n|move|p2a: Scizor|Bullet Punch|p1a: Regigigas\n|-end|p1a: Regigigas|Substitute\n|move|p1a: Regigigas|Substitute|p1a: Regigigas\n|-start|p1a: Regigigas|Substitute\n|-damage|p1a: Regigigas|22/322\n|\n|-heal|p1a: Regigigas|42/322|[from] item: Leftovers\n|upkeep\n|turn|43\n|inactive|Time left: 300 sec this turn | 300 sec total\n|\n|t:|1783554339\n|move|p1a: Regigigas|Protect|p1a: Regigigas\n|-singleturn|p1a: Regigigas|Protect\n|move|p2a: Scizor|Knock Off|p1a: Regigigas\n|-activate|p1a: Regigigas|move: Protect\n|\n|-heal|p1a: Regigigas|62/322|[from] item: Leftovers\n|upkeep\n|turn|44\n|inactive|Time left: 300 sec this turn | 300 sec total\n|\n|t:|1783554340\n|move|p2a: Scizor|Knock Off|p1a: Regigigas\n|-end|p1a: Regigigas|Substitute\n|move|p1a: Regigigas|Body Slam|p2a: Scizor\n|-resisted|p2a: Scizor\n|-damage|p2a: Scizor|55/100\n|\n|-heal|p1a: Regigigas|82/322|[from] item: Leftovers\n|upkeep\n|turn|45\n|inactive|Time left: 300 sec this turn | 300 sec total\n|\n|t:|1783554341\n|move|p1a: Regigigas|Protect|p1a: Regigigas\n|-singleturn|p1a: Regigigas|Protect\n|move|p2a: Scizor|Knock Off|p1a: Regigigas\n|-activate|p1a: Regigigas|move: Protect\n|\n|-heal|p1a: Regigigas|102/322|[from] item: Leftovers\n|upkeep\n|turn|46\n|inactive|Time left: 300 sec this turn | 300 sec total\n|\n|t:|1783554342\n|move|p1a: Regigigas|Protect||[still]\n|-fail|p1a: Regigigas\n|move|p2a: Scizor|Close Combat|p1a: Regigigas\n|-supereffective|p1a: Regigigas\n|-damage|p1a: Regigigas|0 fnt\n|-unboost|p2a: Scizor|def|1\n|-unboost|p2a: Scizor|spd|1\n|faint|p1a: Regigigas\n|-end|p1a: Regigigas|Slow Start|[silent]\n|\n|win|p0y13076f5f", "uploadtime": 1783554342, "views": 0, "rating": 0, "private": 0, "password": null, "_winner": "p0y13076f5f", "_our_name": "p0x130722b4"}