{"id": "battle-gen9randombattle-1938", "formatid": "gen9randombattle", "format": "[Gen 9] Random Battle", "players": ["p0x1938a1a0", "p0y1938b3bc"], "log": "|init|battle\n|title|p0x1938a1a0 vs. p0y1938b3bc\n|j|\u2606p0x1938a1a0\n|j|\u2606p0y1938b3bc\n|t:|1783562400\n|gametype|singles\n|player|p1|p0x1938a1a0|2|\n|player|p2|p0y1938b3bc|102|\n|gen|9\n|tier|[Gen 9] Random Battle\n|rule|Species Clause: Limit one of each Pok\u00e9mon\n|rule|HP Percentage Mod: HP is shown in percentages\n|rule|Sleep Clause Mod: Limit one foe put to sleep\n|rule|Illusion Level Mod: Illusion disguises the Pok\u00e9mon's true level\n|\n|t:|1783562400\n|teamsize|p1|6\n|teamsize|p2|6\n|start\n|switch|p1a: Infernape|Infernape, L82, F|100/100\n|switch|p2a: Sceptile|Sceptile, L87, F|264/264\n|turn|1\n|inactive|Battle timer is ON: inactive players will automatically lose when time's up. (requested by p0x1938a1a0)\n|inactive|Time left: 300 sec this turn | 300 sec total | 60 sec grace\n|inactive|p0y1938b3bc also wants the timer to be on.\n|\n|t:|1783562402\n|move|p2a: Sceptile|Substitute|p2a: Sceptile\n|-start|p2a: Sceptile|Substitute\n|-damage|p2a: Sceptile|198/264\n|move|p1a: Infernape|Flare Blitz|p2a: Sceptile\n|-supereffective|p2a: Sceptile\n|-end|p2a: Sceptile|Substitute\n|-damage|p1a: Infernape|92/100|[from] Recoil|[of] p2a: Sceptile\n|-damage|p1a: Infernape|82/100|[from] item: Life Orb\n|\n|-heal|p2a: Sceptile|214/264|[from] item: Leftovers\n|upkeep\n|turn|2\n|inactive|Time left: 300 sec this turn | 300 sec total\n|\n|t:|1783562403\n|move|p2a: Sceptile|Giga Drain|p1a: Infernape\n|-resisted|p1a: Infernape\n|-damage|p1a: Infernape|61/100\n|-heal|p2a: Sceptile|242/264|[from] drain|[of] p1a: Infernape\n|move|p1a: Infernape|Flare Blitz|p2a: Sceptile\n|-supereffective|p2a: Sceptile\n|-damage|p2a: Sceptile|0 fnt\n|faint|p2a: Sceptile\n|-damage|p1a: Infernape|30/100|[from] Recoil\n|-damage|p1a: Infernape|21/100|[from] item: Life Orb\n|\n|upkeep\n|inactive|Time left: 300 sec this turn | 300 sec total | 5 sec grace\n|\n|t:|1783562404\n|switch|p2a: Appletun|Appletun, L92, M|352/352\n|turn|3\n|inactive|Time left: 300 sec this turn | 300 sec total\n|\n|t:|1783562405\n|move|p1a: Infernape|Close Combat|p2a: Appletun\n|-damage|p2a: Appletun|192/352\n|-unboost|p1a: Infernape|def|1\n|-unboost|p1a: Infernape|spd|1\n|-damage|p1a: Infernape|11/100|[from] item: Life Orb\n|move|p2a: Appletun|Dragon Pulse|p1a: Infernape\n|-damage|p1a: Infernape|0 fnt\n|faint|p1a: Infernape\n|\n|-heal|p2a: Appletun|214/352|[from] item: Leftovers\n|upkeep\n|\n|t:|1783562406\n|switch|p1a: Dragonite|Dragonite, L74, M|100/100\n|turn|4\n|inactive|Time left: 300 sec this turn | 300 sec total\n|\n|t:|1783562407\n|move|p1a: Dragonite|Outrage|p2a: Appletun\n|-supereffective|p2a: Appletun\n|-damage|p2a: Appletun|0 fnt\n|faint|p2a: Appletun\n|\n|upkeep\n|inactive|Time left: 300 sec this turn | 300 sec total | 5 sec grace\n|\n|t:|1783562408\n|switch|p2a: Sudowoodo|Sudowoodo, L94, M|284/284\n|turn|5\n|inactive|Time left: 300 sec this turn | 300 sec total\n|\n|t:|1783562410\n|move|p1a: Dragonite|Outrage|p2a: Sudowoodo|[from] lockedmove\n|-damage|p2a: Sudowoodo|199/284\n|move|p2a: Sudowoodo|Head Smash|p1a: Dragonite\n|-supereffective|p1a: Dragonite\n|-damage|p1a: Dragonite|23/100\n|\n|-heal|p2a: Sudowoodo|216/284|[from] item: Leftovers\n|upkeep\n|turn|6\n|inactive|Time left: 300 sec this turn | 300 sec total\n|\n|t:|1783562411\n|move|p1a: Dragonite|Outrage|p2a: Sudowoodo|[from] lockedmove\n|-damage|p2a: Sudowoodo|120/284\n|-start|p1a: Dragonite|confusion|[fatigue]\n|move|p2a: Sudowoodo|Head Smash|p1a: Dragonite|[miss]\n|-miss|p2a: Sudowoodo|p1a: Dragonite\n|\n|-heal|p2a: Sudowoodo|137/284|[from] item: Leftovers\n|upkeep\n|turn|7\n|inactive|Time left: 300 sec this turn | 300 sec total\n|\n|t:|1783562411\n|switch|p1a: Krookodile|Krookodile, L79, M|100/100\n|-ability|p1a: Krookodile|Intimidate|boost\n|-unboost|p2a: Sudowoodo|atk|1\n|move|p2a: Sudowoodo|Head Smash|p1a: Krookodile\n|-resisted|p1a: Krookodile\n|-damage|p1a: Krookodile|72/100\n|\n|-heal|p1a: Krookodile|78/100|[from] item: Leftovers\n|-heal|p2a: Sudowoodo|154/284|[from] item: Leftovers\n|upkeep\n|turn|8\n|inactive|Time left: 300 sec this turn | 300 sec total\n|\n|t:|1783562413\n|switch|p2a: Dewgong|Dewgong, L94, M|322/322\n|move|p1a: Krookodile|Earthquake|p2a: Dewgong\n|-damage|p2a: Dewgong|223/322\n|\n|-heal|p1a: Krookodile|84/100|[from] item: Leftovers\n|upkeep\n|turn|9\n|inactive|Time left: 300 sec this turn | 300 sec total\n|\n|t:|1783562414\n|switch|p1a: Leafeon|Leafeon, L88, F|100/100\n|move|p2a: Dewgong|Ice Beam|p1a: Leafeon\n|-supereffective|p1a: Leafeon\n|-damage|p1a: Leafeon|21/100\n|\n|upkeep\n|turn|10\n|inactive|Time left: 300 sec this turn | 300 sec total\n|\n|t:|1783562415\n|switch|p2a: Girafarig|Girafarig, L89, F|269/269\n|move|p1a: Leafeon|Leaf Blade|p2a: Girafarig\n|-ability|p2a: Girafarig|Sap Sipper|boost\n|-boost|p2a: Girafarig|atk|1\n|\n|upkeep\n|turn|11\n|inactive|Time left: 300 sec this turn | 300 sec total\n|\n|t:|1783562416\n|move|p1a: Leafeon|Knock Off|p2a: Girafarig\n|-supereffective|p2a: Girafarig\n|-damage|p2a: Girafarig|95/269\n|-enditem|p2a: Girafarig|Eviolite|[from] move: Knock Off|[of] p1a: Leafeon\n|-damage|p1a: Leafeon|12/100|[from] item: Life Orb\n|move|p2a: Girafarig|Nasty Plot|p2a: Girafarig\n|-boost|p2a: Girafarig|spa|2\n|\n|upkeep\n|turn|12\n|inactive|Time left: 300 sec this turn | 300 sec total\n|\n|t:|1783562417\n|move|p1a: Leafeon|Knock Off|p2a: Girafarig\n|-supereffective|p2a: Girafarig\n|-damage|p2a: Girafarig|0 fnt\n|faint|p2a: Girafarig\n|-damage|p1a: Leafeon|2/100|[from] item: Life Orb\n|\n|upkeep\n|inactive|Time left: 300 sec this turn | 300 sec total | 5 sec grace\n|\n|t:|1783562418\n|switch|p2a: Dewgong|Dewgong, L94, M|223/322\n|turn|13\n|inactive|Time left: 300 sec this turn | 300 sec total\n|\n|t:|1783562419\n|move|p1a: Leafeon|Leaf Blade|p2a: Dewgong\n|-supereffective|p2a: Dewgong\n|-crit|p2a: Dewgong\n|-damage|p2a: Dewgong|0 fnt\n|faint|p2a: Dewgong\n|-damage|p1a: Leafeon|0 fnt|[from] item: Life Orb\n|faint|p1a: Leafeon\n|\n|upkeep\n|inactive|Time left: 300 sec this turn | 300 sec total | 5 sec grace\n|\n|t:|1783562420\n|switch|p1a: Krookodile|Krookodile, L79, M|84/100\n|switch|p2a: Lanturn|Lanturn, L89, M|367/367\n|-ability|p1a: Krookodile|Intimidate|boost\n|-unboost|p2a: Lanturn|atk|1\n|turn|14\n|inactive|Time left: 300 sec this turn | 300 sec total\n|\n|t:|1783562421\n|move|p1a: Krookodile|Earthquake|p2a: Lanturn\n|-supereffective|p2a: Lanturn\n|-damage|p2a: Lanturn|67/367\n|move|p2a: Lanturn|Scald|p1a: Krookodile\n|-supereffective|p1a: Krookodile\n|-damage|p1a: Krookodile|15/100\n|\n|-heal|p1a: Krookodile|21/100|[from] item: Leftovers\n|-heal|p2a: Lanturn|89/367|[from] item: Leftovers\n|upkeep\n|turn|15\n|inactive|Time left: 300 sec this turn | 300 sec total\n|\n|t:|1783562422\n|switch|p2a: Sudowoodo|Sudowoodo, L94, M|154/284\n|move|p1a: Krookodile|Knock Off|p2a: Sudowoodo\n|-damage|p2a: Sudowoodo|84/284\n|-enditem|p2a: Sudowoodo|Leftovers|[from] move: Knock Off|[of] p1a: Krookodile\n|\n|-heal|p1a: Krookodile|27/100|[from] item: Leftovers\n|upkeep\n|turn|16\n|inactive|Time left: 300 sec this turn | 300 sec total\n|\n|t:|1783562423\n|move|p1a: Krookodile|Earthquake|p2a: Sudowoodo\n|-supereffective|p2a: Sudowoodo\n|-damage|p2a: Sudowoodo|0 fnt\n|faint|p2a: Sudowoodo\n|\n|-heal|p1a: Krookodile|33/100|[from] item: Leftovers\n|upkeep\n|inactive|Time left: 300 sec this turn | 300 sec total | 5 sec grace\n|\n|t:|1783562424\n|switch|p2a: Lanturn|Lanturn, L89, M|89/367\n|turn|17\n|inactive|Time left: 300 sec this turn | 300 sec total\n|\n|t:|1783562425\n|-terastallize|p1a: Krookodile|Poison\n|-terastallize|p2a: Lanturn|Flying\n|move|p1a: Krookodile|Knock Off|p2a: Lanturn\n|-damage|p2a: Lanturn|0 fnt\n|-enditem|p2a: Lanturn|Leftovers|[from] move: Knock Off|[of] p1a: Krookodile\n|faint|p2a: Lanturn\n|\n|win|p0x1938a1a0", "uploadtime": 1783562425, "views": 0, "rating": 0, "private": 0, "password": null, "_winner": "p0x1938a1a0", "_our_name": "p0y1938b3bc"}