{"id": "battle-gen9randombattle-2265", "formatid": "gen9randombattle", "format": "[Gen 9] Random Battle", "players": ["p0x2265738d", "p0y22659408"], "log": "|init|battle\n|title|p0x2265738d vs. p0y22659408\n|j|\u2606p0x2265738d\n|j|\u2606p0y22659408\n|t:|1783565317\n|gametype|singles\n|player|p1|p0x2265738d|101|\n|player|p2|p0y22659408|266|\n|gen|9\n|tier|[Gen 9] Random Battle\n|rule|Species Clause: Limit one of each Pok\u00e9mon\n|rule|HP Percentage Mod: HP is shown in percentages\n|rule|Sleep Clause Mod: Limit one foe put to sleep\n|rule|Illusion Level Mod: Illusion disguises the Pok\u00e9mon's true level\n|\n|t:|1783565317\n|teamsize|p1|6\n|teamsize|p2|6\n|start\n|switch|p1a: Polteageist|Polteageist, L78|222/222\n|switch|p2a: Komala|Komala, L87, M|100/100\n|-ability|p2a: Komala|Comatose\n|turn|1\n|inactive|Battle timer is ON: inactive players will automatically lose when time's up. (requested by p0x2265738d)\n|inactive|p0y22659408 also wants the timer to be on.\n|\n|t:|1783565318\n|switch|p1a: Necrozma|Necrozma, L80|286/286\n|move|p2a: Komala|Knock Off|p1a: Necrozma\n|-supereffective|p1a: Necrozma\n|-damage|p1a: Necrozma|162/286\n|-enditem|p1a: Necrozma|Weakness Policy\n|-boost|p1a: Necrozma|atk|2|[from] item: Weakness Policy\n|-boost|p1a: Necrozma|spa|2|[from] item: Weakness Policy\n|\n|upkeep\n|turn|2\n|inactive|Time left: 300 sec this turn | 300 sec total\n|\n|t:|1783565319\n|move|p1a: Necrozma|Knock Off|p2a: Komala\n|-damage|p2a: Komala|39/100\n|-enditem|p2a: Komala|Assault Vest|[from] move: Knock Off|[of] p1a: Necrozma\n|move|p2a: Komala|U-turn|p1a: Necrozma\n|-supereffective|p1a: Necrozma\n|-damage|p1a: Necrozma|77/286\n|\n|t:|1783565320\n|switch|p2a: Scizor|Scizor, L79, M|100/100|[from] U-turn\n|\n|upkeep\n|turn|3\n|inactive|Time left: 300 sec this turn | 300 sec total\n|\n|t:|1783565321\n|move|p2a: Scizor|Bullet Punch|p1a: Necrozma\n|-damage|p1a: Necrozma|0 fnt\n|faint|p1a: Necrozma\n|\n|upkeep\n|inactive|Time left: 300 sec this turn | 300 sec total | 5 sec grace\n|\n|t:|1783565322\n|switch|p1a: Polteageist|Polteageist, L78|222/222\n|turn|4\n|inactive|Time left: 300 sec this turn | 300 sec total\n|\n|t:|1783565323\n|move|p2a: Scizor|Bullet Punch|p1a: Polteageist\n|-damage|p1a: Polteageist|86/222\n|-start|p2a: Scizor|Disable|Bullet Punch|[from] ability: Cursed Body|[of] p1a: Polteageist\n|move|p1a: Polteageist|Strength Sap|p2a: Scizor\n|-unboost|p2a: Scizor|atk|1\n|-heal|p1a: Polteageist|222/222\n|\n|upkeep\n|turn|5\n|inactive|Time left: 300 sec this turn | 300 sec total\n|\n|t:|1783565325\n|switch|p2a: Piloswine|Piloswine, L85, M|100/100\n|move|p1a: Polteageist|Shell Smash|p1a: Polteageist\n|-unboost|p1a: Polteageist|def|1\n|-unboost|p1a: Polteageist|spd|1\n|-boost|p1a: Polteageist|atk|2\n|-boost|p1a: Polteageist|spa|2\n|-boost|p1a: Polteageist|spe|2\n|-enditem|p1a: Polteageist|White Herb\n|-clearnegativeboost|p1a: Polteageist|[silent]\n|\n|upkeep\n|turn|6\n|inactive|Time left: 300 sec this turn | 300 sec total\n|\n|t:|1783565326\n|move|p1a: Polteageist|Stored Power|p2a: Piloswine\n|-damage|p2a: Piloswine|39/100\n|move|p2a: Piloswine|Roar|p1a: Polteageist\n|drag|p1a: Iron Crown|Iron Crown, L78|268/268\n|\n|upkeep\n|turn|7\n|inactive|Time left: 300 sec this turn | 300 sec total\n|\n|t:|1783565327\n|move|p1a: Iron Crown|Tachyon Cutter|p2a: Piloswine\n|-supereffective|p2a: Piloswine\n|-damage|p2a: Piloswine|0 fnt\n|faint|p2a: Piloswine\n|-hitcount|p2: Piloswine|1\n|\n|upkeep\n|\n|t:|1783565328\n|switch|p2a: Magcargo|Magcargo, L95, F|100/100\n|turn|8\n|inactive|Time left: 300 sec this turn | 300 sec total\n|\n|t:|1783565329\n|move|p1a: Iron Crown|Tachyon Cutter|p2a: Magcargo\n|-damage|p2a: Magcargo|70/100\n|-damage|p2a: Magcargo|43/100\n|-hitcount|p2a: Magcargo|2\n|move|p2a: Magcargo|Shell Smash|p2a: Magcargo\n|-unboost|p2a: Magcargo|def|1\n|-unboost|p2a: Magcargo|spd|1\n|-boost|p2a: Magcargo|atk|2\n|-boost|p2a: Magcargo|spa|2\n|-boost|p2a: Magcargo|spe|2\n|\n|upkeep\n|turn|9\n|inactive|Time left: 300 sec this turn | 300 sec total\n|\n|t:|1783565330\n|move|p2a: Magcargo|Fire Blast|p1a: Iron Crown\n|-supereffective|p1a: Iron Crown\n|-damage|p1a: Iron Crown|0 fnt\n|faint|p1a: Iron Crown\n|-end|p1a: Iron Crown|Quark Drive|[silent]\n|\n|upkeep\n|inactive|Time left: 300 sec this turn | 300 sec total | 5 sec grace\n|\n|t:|1783565331\n|switch|p1a: Lilligant|Lilligant-Hisui, L79, F|240/240\n|turn|10\n|inactive|Time left: 300 sec this turn | 300 sec total\n|\n|t:|1783565332\n|move|p2a: Magcargo|Fire Blast|p1a: Lilligant\n|-supereffective|p1a: Lilligant\n|-damage|p1a: Lilligant|0 fnt\n|faint|p1a: Lilligant\n|\n|upkeep\n|inactive|Time left: 300 sec this turn | 300 sec total | 5 sec grace\n|\n|t:|1783565333\n|switch|p1a: Polteageist|Polteageist, L78|222/222\n|turn|11\n|inactive|Time left: 300 sec this turn | 300 sec total\n|\n|t:|1783565334\n|move|p2a: Magcargo|Fire Blast|p1a: Polteageist\n|-damage|p1a: Polteageist|0 fnt\n|-start|p2a: Magcargo|Disable|Fire Blast|[from] ability: Cursed Body|[of] p1a: Polteageist\n|faint|p1a: Polteageist\n|\n|upkeep\n|inactive|Time left: 300 sec this turn | 300 sec total | 5 sec grace\n|\n|t:|1783565334\n|switch|p1a: Bombirdier|Bombirdier, L85, M|258/258\n|turn|12\n|inactive|Time left: 300 sec this turn | 300 sec total\n|\n|t:|1783565336\n|switch|p1a: Cetitan|Cetitan, L82, F|412/412\n|move|p2a: Magcargo|Power Gem|p1a: Cetitan\n|-supereffective|p1a: Cetitan\n|-damage|p1a: Cetitan|0 fnt\n|faint|p1a: Cetitan\n|\n|upkeep\n|inactive|Time left: 300 sec this turn | 300 sec total | 5 sec grace\n|\n|t:|1783565336\n|switch|p1a: Bombirdier|Bombirdier, L85, M|258/258\n|turn|13\n|inactive|Time left: 300 sec this turn | 300 sec total\n|\n|t:|1783565338\n|move|p2a: Magcargo|Power Gem|p1a: Bombirdier\n|-supereffective|p1a: Bombirdier\n|-damage|p1a: Bombirdier|0 fnt\n|faint|p1a: Bombirdier\n|\n|win|p0y22659408", "uploadtime": 1783565338, "views": 0, "rating": 0, "private": 0, "password": null, "_winner": "p0y22659408", "_our_name": "p0x2265738d"}