{"id": "battle-gen9randombattle-204", "formatid": "gen9randombattle", "format": "[Gen 9] Random Battle", "players": ["p0x2044a4d", "p0y2045917"], "log": "|init|battle\n|title|p0x2044a4d vs. p0y2045917\n|j|\u2606p0x2044a4d\n|j|\u2606p0y2045917\n|t:|1783541467\n|gametype|singles\n|player|p1|p0x2044a4d|169|\n|player|p2|p0y2045917|2|\n|gen|9\n|tier|[Gen 9] Random Battle\n|rule|Species Clause: Limit one of each Pok\u00e9mon\n|rule|HP Percentage Mod: HP is shown in percentages\n|rule|Sleep Clause Mod: Limit one foe put to sleep\n|rule|Illusion Level Mod: Illusion disguises the Pok\u00e9mon's true level\n|\n|t:|1783541467\n|teamsize|p1|6\n|teamsize|p2|6\n|start\n|switch|p1a: Floatzel|Floatzel, L86, M|100/100\n|switch|p2a: Zarude|Zarude, L77|288/288\n|turn|1\n|inactive|Battle timer is ON: inactive players will automatically lose when time's up. (requested by p0y2045917)\n|inactive|p0x2044a4d also wants the timer to be on.\n|\n|t:|1783541469\n|switch|p1a: Zacian|Zacian, L69|100/100\n|-ability|p1a: Zacian|Intrepid Sword|boost\n|-boost|p1a: Zacian|atk|1\n|move|p2a: Zarude|Knock Off|p1a: Zacian\n|-resisted|p1a: Zacian\n|-damage|p1a: Zacian|71/100\n|-enditem|p1a: Zacian|Choice Band|[from] move: Knock Off|[of] p2a: Zarude\n|\n|upkeep\n|turn|2\n|inactive|Time left: 300 sec this turn | 300 sec total\n|\n|t:|1783541470\n|switch|p2a: Stantler|Stantler, L92, M|284/284\n|-ability|p2a: Stantler|Intimidate|boost\n|-unboost|p1a: Zacian|atk|1\n|move|p1a: Zacian|Play Rough|p2a: Stantler\n|-damage|p2a: Stantler|224/284\n|\n|upkeep\n|turn|3\n|inactive|Time left: 300 sec this turn | 300 sec total\n|\n|t:|1783541471\n|switch|p1a: Spiritomb|Spiritomb, L89, M|100/100\n|move|p2a: Stantler|Body Slam|p1a: Spiritomb\n|-immune|p1a: Spiritomb\n|\n|upkeep\n|turn|4\n|inactive|Time left: 300 sec this turn | 300 sec total\n|\n|t:|1783541473\n|move|p2a: Stantler|Throat Chop|p1a: Spiritomb\n|-damage|p1a: Spiritomb|76/100\n|-start|p1a: Spiritomb|Throat Chop|[silent]\n|move|p1a: Spiritomb|Will-O-Wisp|p2a: Stantler\n|-status|p2a: Stantler|brn\n|\n|-heal|p1a: Spiritomb|82/100|[from] item: Leftovers\n|-damage|p2a: Stantler|207/284 brn|[from] brn\n|upkeep\n|turn|5\n|inactive|Time left: 300 sec this turn | 300 sec total\n|\n|t:|1783541474\n|move|p2a: Stantler|Thunder Wave|p1a: Spiritomb\n|-status|p1a: Spiritomb|par\n|move|p1a: Spiritomb|Poltergeist|p2a: Stantler\n|-immune|p2a: Stantler\n|\n|-heal|p1a: Spiritomb|88/100 par|[from] item: Leftovers\n|-damage|p2a: Stantler|190/284 brn|[from] brn\n|-end|p1a: Spiritomb|Throat Chop|[silent]\n|upkeep\n|turn|6\n|inactive|Time left: 300 sec this turn | 300 sec total\n|\n|t:|1783541475\n|move|p2a: Stantler|Throat Chop|p1a: Spiritomb\n|-damage|p1a: Spiritomb|76/100 par\n|-start|p1a: Spiritomb|Throat Chop|[silent]\n|cant|p1a: Spiritomb|par\n|\n|-heal|p1a: Spiritomb|82/100 par|[from] item: Leftovers\n|-damage|p2a: Stantler|173/284 brn|[from] brn\n|upkeep\n|turn|7\n|inactive|Time left: 300 sec this turn | 300 sec total\n|\n|t:|1783541476\n|move|p2a: Stantler|Body Slam|p1a: Spiritomb\n|-immune|p1a: Spiritomb\n|cant|p1a: Spiritomb|par\n|\n|-heal|p1a: Spiritomb|88/100 par|[from] item: Leftovers\n|-damage|p2a: Stantler|156/284 brn|[from] brn\n|-end|p1a: Spiritomb|Throat Chop|[silent]\n|upkeep\n|turn|8\n|inactive|Time left: 300 sec this turn | 300 sec total\n|\n|t:|1783541477\n|move|p2a: Stantler|Throat Chop|p1a: Spiritomb\n|-damage|p1a: Spiritomb|77/100 par\n|-start|p1a: Spiritomb|Throat Chop|[silent]\n|move|p1a: Spiritomb|Poltergeist|p2a: Stantler\n|-immune|p2a: Stantler\n|\n|-heal|p1a: Spiritomb|83/100 par|[from] item: Leftovers\n|-damage|p2a: Stantler|139/284 brn|[from] brn\n|upkeep\n|turn|9\n|inactive|Time left: 300 sec this turn | 300 sec total\n|\n|t:|1783541478\n|move|p2a: Stantler|Earthquake|p1a: Spiritomb\n|-damage|p1a: Spiritomb|69/100 par\n|move|p1a: Spiritomb|Foul Play|p2a: Stantler\n|-damage|p2a: Stantler|52/284 brn\n|\n|-heal|p1a: Spiritomb|75/100 par|[from] item: Leftovers\n|-damage|p2a: Stantler|35/284 brn|[from] brn\n|-end|p1a: Spiritomb|Throat Chop|[silent]\n|upkeep\n|turn|10\n|inactive|Time left: 300 sec this turn | 300 sec total\n|\n|t:|1783541479\n|move|p2a: Stantler|Earthquake|p1a: Spiritomb\n|-damage|p1a: Spiritomb|60/100 par\n|move|p1a: Spiritomb|Foul Play|p2a: Stantler\n|-damage|p2a: Stantler|0 fnt\n|faint|p2a: Stantler\n|\n|-heal|p1a: Spiritomb|66/100 par|[from] item: Leftovers\n|upkeep\n|inactive|Time left: 300 sec this turn | 300 sec total | 5 sec grace\n|\n|t:|1783541480\n|switch|p2a: Zarude|Zarude, L77|288/288\n|turn|11\n|inactive|Time left: 300 sec this turn | 300 sec total\n|\n|t:|1783541481\n|move|p2a: Zarude|Power Whip|p1a: Spiritomb\n|-damage|p1a: Spiritomb|0 fnt\n|faint|p1a: Spiritomb\n|\n|upkeep\n|\n|t:|1783541482\n|switch|p1a: Typhlosion|Typhlosion, L84, M|100/100\n|turn|12\n|inactive|Time left: 300 sec this turn | 300 sec total\n|\n|t:|1783541483\n|switch|p2a: Raichu|Raichu-Alola, L87, M|246/246\n|move|p1a: Typhlosion|Eruption|p2a: Raichu\n|-damage|p2a: Raichu|68/246\n|\n|upkeep\n|turn|13\n|inactive|Time left: 300 sec this turn | 300 sec total\n|\n|t:|1783541484\n|move|p1a: Typhlosion|Eruption|p2a: Raichu\n|-damage|p2a: Raichu|0 fnt\n|faint|p2a: Raichu\n|\n|upkeep\n|inactive|Time left: 300 sec this turn | 300 sec total | 5 sec grace\n|\n|t:|1783541484\n|switch|p2a: Mewtwo|Mewtwo, L72|272/272\n|-ability|p2a: Mewtwo|Pressure\n|turn|14\n|inactive|Time left: 300 sec this turn | 300 sec total\n|\n|t:|1783541485\n|-terastallize|p2a: Mewtwo|Fire\n|move|p1a: Typhlosion|Eruption|p2a: Mewtwo\n|-resisted|p2a: Mewtwo\n|-damage|p2a: Mewtwo|177/272\n|move|p2a: Mewtwo|Psystrike|p1a: Typhlosion\n|-damage|p1a: Typhlosion|36/100\n|-damage|p2a: Mewtwo|150/272|[from] item: Life Orb\n|\n|upkeep\n|turn|15\n|inactive|Time left: 300 sec this turn | 300 sec total\n|\n|t:|1783541486\n|switch|p1a: Zacian|Zacian, L69|71/100\n|move|p2a: Mewtwo|Psystrike|p1a: Zacian\n|-damage|p1a: Zacian|13/100\n|-damage|p2a: Mewtwo|123/272|[from] item: Life Orb\n|\n|upkeep\n|turn|16\n|inactive|Time left: 300 sec this turn | 300 sec total\n|\n|t:|1783541487\n|move|p1a: Zacian|Play Rough|p2a: Mewtwo\n|-resisted|p2a: Mewtwo\n|-damage|p2a: Mewtwo|78/272\n|move|p2a: Mewtwo|Psystrike|p1a: Zacian\n|-damage|p1a: Zacian|0 fnt\n|faint|p1a: Zacian\n|-damage|p2a: Mewtwo|51/272|[from] item: Life Orb\n|\n|upkeep\n|\n|t:|1783541488\n|switch|p1a: Oricorio|Oricorio-Pa'u, L87, M|100/100\n|turn|17\n|inactive|Time left: 300 sec this turn | 300 sec total\n|\n|t:|1783541489\n|move|p2a: Mewtwo|Dark Pulse|p1a: Oricorio\n|-supereffective|p1a: Oricorio\n|-damage|p1a: Oricorio|40/100\n|-damage|p2a: Mewtwo|24/272|[from] item: Life Orb\n|move|p1a: Oricorio|Quiver Dance|p1a: Oricorio\n|-boost|p1a: Oricorio|spa|1\n|-boost|p1a: Oricorio|spd|1\n|-boost|p1a: Oricorio|spe|1\n|\n|upkeep\n|turn|18\n|inactive|Time left: 300 sec this turn | 300 sec total\n|\n|t:|1783541490\n|move|p1a: Oricorio|Roost|p1a: Oricorio\n|-heal|p1a: Oricorio|90/100\n|-singleturn|p1a: Oricorio|move: Roost\n|move|p2a: Mewtwo|Dark Pulse|p1a: Oricorio\n|-supereffective|p1a: Oricorio\n|-damage|p1a: Oricorio|46/100\n|-damage|p2a: Mewtwo|0 fnt|[from] item: Life Orb\n|faint|p2a: Mewtwo\n|\n|upkeep\n|inactive|Time left: 300 sec this turn | 300 sec total | 5 sec grace\n|\n|t:|1783541491\n|switch|p2a: Dugtrio|Dugtrio, L84, M|196/196\n|turn|19\n|inactive|Time left: 300 sec this turn | 300 sec total\n|\n|t:|1783541492\n|-terastallize|p1a: Oricorio|Fighting\n|move|p1a: Oricorio|Roost|p1a: Oricorio\n|-heal|p1a: Oricorio|96/100\n|move|p2a: Dugtrio|Earthquake|p1a: Oricorio\n|-damage|p1a: Oricorio|37/100\n|-damage|p2a: Dugtrio|177/196|[from] item: Life Orb\n|\n|upkeep\n|turn|20\n|inactive|Time left: 300 sec this turn | 300 sec total\n|\n|t:|1783541493\n|move|p1a: Oricorio|Roost|p1a: Oricorio\n|-heal|p1a: Oricorio|87/100\n|move|p2a: Dugtrio|Earthquake|p1a: Oricorio\n|-damage|p1a: Oricorio|25/100\n|-damage|p2a: Dugtrio|158/196|[from] item: Life Orb\n|\n|upkeep\n|turn|21\n|inactive|Time left: 300 sec this turn | 300 sec total\n|\n|t:|1783541494\n|move|p1a: Oricorio|Revelation Dance|p2a: Dugtrio\n|-damage|p2a: Dugtrio|0 fnt\n|faint|p2a: Dugtrio\n|\n|upkeep\n|inactive|Time left: 300 sec this turn | 300 sec total | 5 sec grace\n|\n|t:|1783541495\n|switch|p2a: Terapagos|Terapagos, L77, M|265/265\n|-activate|p2a: Terapagos|ability: Tera Shift\n|detailschange|p2a: Terapagos|Terapagos-Terastal, L77, M\n|-heal|p2a: Terapagos|273/273|[silent]\n|turn|22\n|inactive|Time left: 300 sec this turn | 300 sec total\n|\n|t:|1783541496\n|move|p1a: Oricorio|Revelation Dance|p2a: Terapagos\n|-activate|p2a: Terapagos|ability: Tera Shell\n|-resisted|p2a: Terapagos\n|-damage|p2a: Terapagos|207/273\n|move|p2a: Terapagos|Tera Starstorm|p1a: Oricorio\n|-damage|p1a: Oricorio|0 fnt\n|faint|p1a: Oricorio\n|\n|upkeep\n|\n|t:|1783541496\n|switch|p1a: Typhlosion|Typhlosion, L84, M|36/100\n|turn|23\n|inactive|Time left: 300 sec this turn | 300 sec total\n|\n|t:|1783541498\n|move|p1a: Typhlosion|Focus Blast|p2a: Terapagos\n|-supereffective|p2a: Terapagos\n|-damage|p2a: Terapagos|27/273\n|move|p2a: Terapagos|Earth Power|p1a: Typhlosion\n|-supereffective|p1a: Typhlosion\n|-damage|p1a: Typhlosion|0 fnt\n|faint|p1a: Typhlosion\n|\n|upkeep\n|\n|t:|1783541499\n|switch|p1a: Walking Wake|Walking Wake, L79|100/100\n|turn|24\n|inactive|Time left: 300 sec this turn | 300 sec total\n|\n|t:|1783541500\n|switch|p2a: Zarude|Zarude, L77|288/288\n|move|p1a: Walking Wake|Flamethrower|p2a: Zarude\n|-supereffective|p2a: Zarude\n|-damage|p2a: Zarude|116/288\n|-damage|p1a: Walking Wake|91/100|[from] item: Life Orb\n|\n|upkeep\n|turn|25\n|inactive|Time left: 300 sec this turn | 300 sec total\n|\n|t:|1783541501\n|switch|p2a: Terapagos|Terapagos-Terastal, L77, M|27/273\n|move|p1a: Walking Wake|Flamethrower|p2a: Terapagos\n|-damage|p2a: Terapagos|0 fnt\n|faint|p2a: Terapagos\n|-damage|p1a: Walking Wake|81/100|[from] item: Life Orb\n|\n|upkeep\n|inactive|Time left: 300 sec this turn | 300 sec total | 5 sec grace\n|\n|t:|1783541502\n|switch|p2a: Zarude|Zarude, L77|116/288\n|turn|26\n|inactive|Time left: 300 sec this turn | 300 sec total\n|\n|t:|1783541502\n|move|p1a: Walking Wake|Flamethrower|p2a: Zarude\n|-supereffective|p2a: Zarude\n|-damage|p2a: Zarude|0 fnt\n|faint|p2a: Zarude\n|-damage|p1a: Walking Wake|71/100|[from] item: Life Orb\n|\n|win|p0x2044a4d", "uploadtime": 1783541502, "views": 0, "rating": 0, "private": 0, "password": null, "_winner": "p0x2044a4d", "_our_name": "p0y2045917"}