{"id": "battle-gen9randombattle-11", "formatid": "gen9randombattle", "format": "[Gen 9] Random Battle", "players": ["p0x011328c", "p0y0114108"], "log": "|init|battle\n|title|p0x011328c vs. p0y0114108\n|j|\u2606p0x011328c\n|j|\u2606p0y0114108\n|t:|1783539291\n|gametype|singles\n|player|p1|p0x011328c|102|\n|player|p2|p0y0114108|1|\n|gen|9\n|tier|[Gen 9] Random Battle\n|rule|Species Clause: Limit one of each Pok\u00e9mon\n|rule|HP Percentage Mod: HP is shown in percentages\n|rule|Sleep Clause Mod: Limit one foe put to sleep\n|rule|Illusion Level Mod: Illusion disguises the Pok\u00e9mon's true level\n|\n|t:|1783539291\n|teamsize|p1|6\n|teamsize|p2|6\n|start\n|switch|p1a: Pyroar|Pyroar, L88, M|295/295\n|switch|p2a: Dunsparce|Dunsparce, L86, M|100/100\n|-ability|p1a: Pyroar|Unnerve\n|turn|1\n|inactive|Battle timer is ON: inactive players will automatically lose when time's up. (requested by p0y0114108)\n|inactive|Time left: 300 sec this turn | 300 sec total | 60 sec grace\n|inactive|p0x011328c also wants the timer to be on.\n|\n|t:|1783539293\n|move|p1a: Pyroar|Fire Blast|p2a: Dunsparce\n|-damage|p2a: Dunsparce|61/100\n|move|p2a: Dunsparce|Coil|p2a: Dunsparce\n|-boost|p2a: Dunsparce|atk|1\n|-boost|p2a: Dunsparce|def|1\n|-boost|p2a: Dunsparce|accuracy|1\n|\n|upkeep\n|turn|2\n|inactive|Time left: 300 sec this turn | 300 sec total\n|\n|t:|1783539294\n|move|p1a: Pyroar|Fire Blast|p2a: Dunsparce\n|-damage|p2a: Dunsparce|21/100\n|move|p2a: Dunsparce|Body Slam|p1a: Pyroar\n|-damage|p1a: Pyroar|160/295\n|-status|p1a: Pyroar|par\n|\n|upkeep\n|turn|3\n|inactive|Time left: 300 sec this turn | 300 sec total\n|\n|t:|1783539295\n|switch|p1a: Palossand|Palossand, L89, M|296/296\n|move|p2a: Dunsparce|Roost|p2a: Dunsparce\n|-heal|p2a: Dunsparce|71/100\n|-singleturn|p2a: Dunsparce|move: Roost\n|\n|upkeep\n|turn|4\n|inactive|Time left: 300 sec this turn | 300 sec total\n|\n|t:|1783539297\n|move|p2a: Dunsparce|Roost|p2a: Dunsparce\n|-heal|p2a: Dunsparce|100/100\n|-singleturn|p2a: Dunsparce|move: Roost\n|move|p1a: Palossand|Sludge Bomb|p2a: Dunsparce\n|-damage|p2a: Dunsparce|81/100\n|\n|upkeep\n|turn|5\n|inactive|Time left: 300 sec this turn | 300 sec total\n|\n|t:|1783539298\n|move|p2a: Dunsparce|Coil|p2a: Dunsparce\n|-boost|p2a: Dunsparce|atk|1\n|-boost|p2a: Dunsparce|def|1\n|-boost|p2a: Dunsparce|accuracy|1\n|move|p1a: Palossand|Earth Power|p2a: Dunsparce\n|-damage|p2a: Dunsparce|51/100\n|\n|upkeep\n|turn|6\n|inactive|Time left: 300 sec this turn | 300 sec total\n|\n|t:|1783539299\n|move|p2a: Dunsparce|Roost|p2a: Dunsparce\n|-heal|p2a: Dunsparce|100/100\n|-singleturn|p2a: Dunsparce|move: Roost\n|move|p1a: Palossand|Sludge Bomb|p2a: Dunsparce\n|-damage|p2a: Dunsparce|82/100\n|\n|upkeep\n|turn|7\n|inactive|Time left: 300 sec this turn | 300 sec total\n|\n|t:|1783539300\n|move|p2a: Dunsparce|Body Slam|p1a: Palossand\n|-immune|p1a: Palossand\n|move|p1a: Palossand|Sludge Bomb|p2a: Dunsparce\n|-damage|p2a: Dunsparce|63/100\n|-status|p2a: Dunsparce|psn\n|\n|-damage|p2a: Dunsparce|51/100 psn|[from] psn\n|upkeep\n|turn|8\n|inactive|Time left: 300 sec this turn | 300 sec total\n|\n|t:|1783539301\n|move|p2a: Dunsparce|Roost|p2a: Dunsparce\n|-heal|p2a: Dunsparce|100/100 psn\n|-singleturn|p2a: Dunsparce|move: Roost\n|move|p1a: Palossand|Earth Power|p2a: Dunsparce\n|-damage|p2a: Dunsparce|74/100 psn\n|\n|-damage|p2a: Dunsparce|61/100 psn|[from] psn\n|upkeep\n|turn|9\n|inactive|Time left: 300 sec this turn | 300 sec total\n|\n|t:|1783539302\n|move|p2a: Dunsparce|Roost|p2a: Dunsparce\n|-heal|p2a: Dunsparce|100/100 psn\n|-singleturn|p2a: Dunsparce|move: Roost\n|move|p1a: Palossand|Earth Power|p2a: Dunsparce\n|-damage|p2a: Dunsparce|71/100 psn\n|\n|-damage|p2a: Dunsparce|59/100 psn|[from] psn\n|upkeep\n|turn|10\n|inactive|Time left: 300 sec this turn | 300 sec total\n|\n|t:|1783539303\n|move|p2a: Dunsparce|Roost|p2a: Dunsparce\n|-heal|p2a: Dunsparce|100/100 psn\n|-singleturn|p2a: Dunsparce|move: Roost\n|move|p1a: Palossand|Earth Power|p2a: Dunsparce\n|-damage|p2a: Dunsparce|73/100 psn\n|\n|-damage|p2a: Dunsparce|61/100 psn|[from] psn\n|upkeep\n|turn|11\n|inactive|Time left: 300 sec this turn | 300 sec total\n|\n|t:|1783539304\n|move|p2a: Dunsparce|Roost|p2a: Dunsparce\n|-heal|p2a: Dunsparce|100/100 psn\n|-singleturn|p2a: Dunsparce|move: Roost\n|move|p1a: Palossand|Earth Power|p2a: Dunsparce\n|-damage|p2a: Dunsparce|72/100 psn\n|\n|-damage|p2a: Dunsparce|60/100 psn|[from] psn\n|upkeep\n|turn|12\n|inactive|Time left: 300 sec this turn | 300 sec total\n|\n|t:|1783539305\n|move|p2a: Dunsparce|Roost|p2a: Dunsparce\n|-heal|p2a: Dunsparce|100/100 psn\n|-singleturn|p2a: Dunsparce|move: Roost\n|move|p1a: Palossand|Earth Power|p2a: Dunsparce\n|-damage|p2a: Dunsparce|74/100 psn\n|\n|-damage|p2a: Dunsparce|61/100 psn|[from] psn\n|upkeep\n|turn|13\n|inactive|Time left: 300 sec this turn | 300 sec total\n|\n|t:|1783539307\n|move|p2a: Dunsparce|Earthquake|p1a: Palossand\n|-damage|p1a: Palossand|206/296\n|move|p1a: Palossand|Earth Power|p2a: Dunsparce\n|-damage|p2a: Dunsparce|32/100 psn\n|\n|-heal|p1a: Palossand|224/296|[from] item: Leftovers\n|-damage|p2a: Dunsparce|19/100 psn|[from] psn\n|upkeep\n|turn|14\n|inactive|Time left: 300 sec this turn | 300 sec total\n|\n|t:|1783539308\n|move|p2a: Dunsparce|Body Slam|p1a: Palossand\n|-immune|p1a: Palossand\n|move|p1a: Palossand|Sludge Bomb|p2a: Dunsparce\n|-damage|p2a: Dunsparce|0 fnt\n|faint|p2a: Dunsparce\n|\n|-heal|p1a: Palossand|242/296|[from] item: Leftovers\n|upkeep\n|\n|t:|1783539309\n|switch|p2a: Donphan|Donphan, L84, M|100/100\n|turn|15\n|inactive|Time left: 300 sec this turn | 300 sec total\n|\n|t:|1783539310\n|move|p2a: Donphan|Earthquake|p1a: Palossand\n|-damage|p1a: Palossand|85/296\n|move|p1a: Palossand|Earth Power|p2a: Donphan\n|-damage|p2a: Donphan|54/100\n|-unboost|p2a: Donphan|spd|1\n|\n|-heal|p1a: Palossand|103/296|[from] item: Leftovers\n|upkeep\n|turn|16\n|inactive|Time left: 300 sec this turn | 300 sec total\n|\n|t:|1783539311\n|switch|p1a: Misdreavus|Misdreavus, L90, F|254/254\n|move|p2a: Donphan|Earthquake|p1a: Misdreavus\n|-immune|p1a: Misdreavus|[from] ability: Levitate\n|\n|upkeep\n|turn|17\n|inactive|Time left: 300 sec this turn | 300 sec total\n|\n|t:|1783539312\n|switch|p2a: Coalossal|Coalossal, L89, M|100/100\n|move|p1a: Misdreavus|Calm Mind|p1a: Misdreavus\n|-boost|p1a: Misdreavus|spa|1\n|-boost|p1a: Misdreavus|spd|1\n|\n|upkeep\n|turn|18\n|inactive|Time left: 300 sec this turn | 300 sec total\n|\n|t:|1783539314\n|move|p1a: Misdreavus|Shadow Ball|p2a: Coalossal\n|-damage|p2a: Coalossal|65/100\n|-unboost|p2a: Coalossal|spd|1\n|move|p2a: Coalossal|Stone Edge|p1a: Misdreavus\n|-damage|p1a: Misdreavus|166/254\n|\n|upkeep\n|turn|19\n|inactive|Time left: 300 sec this turn | 300 sec total\n|\n|t:|1783539315\n|move|p1a: Misdreavus|Shadow Ball|p2a: Coalossal\n|-damage|p2a: Coalossal|9/100\n|move|p2a: Coalossal|Stone Edge|p1a: Misdreavus|[miss]\n|-miss|p2a: Coalossal|p1a: Misdreavus\n|\n|upkeep\n|turn|20\n|inactive|Time left: 300 sec this turn | 300 sec total\n|\n|t:|1783539316\n|switch|p2a: Ninetales|Ninetales, L85, M|100/100\n|-weather|SunnyDay|[from] ability: Drought|[of] p2a: Ninetales\n|move|p1a: Misdreavus|Draining Kiss|p2a: Ninetales\n|-resisted|p2a: Ninetales\n|-damage|p2a: Ninetales|91/100\n|-heal|p1a: Misdreavus|184/254|[from] drain|[of] p2a: Ninetales\n|\n|-weather|SunnyDay|[upkeep]\n|upkeep\n|turn|21\n|inactive|Time left: 300 sec this turn | 300 sec total\n|\n|t:|1783539317\n|move|p2a: Ninetales|Nasty Plot|p2a: Ninetales\n|-boost|p2a: Ninetales|spa|2\n|move|p1a: Misdreavus|Shadow Ball|p2a: Ninetales\n|-damage|p2a: Ninetales|45/100\n|\n|-weather|SunnyDay|[upkeep]\n|upkeep\n|turn|22\n|inactive|Time left: 300 sec this turn | 300 sec total\n|\n|t:|1783539318\n|move|p2a: Ninetales|Fire Blast|p1a: Misdreavus\n|-damage|p1a: Misdreavus|45/254\n|move|p1a: Misdreavus|Shadow Ball|p2a: Ninetales\n|-damage|p2a: Ninetales|0 fnt\n|faint|p2a: Ninetales\n|\n|-weather|SunnyDay|[upkeep]\n|upkeep\n|\n|t:|1783539319\n|switch|p2a: Kilowattrel|Kilowattrel, L83, F|100/100\n|turn|23\n|inactive|Time left: 300 sec this turn | 300 sec total\n|\n|t:|1783539320\n|move|p2a: Kilowattrel|Hurricane|p1a: Misdreavus|[miss]\n|-miss|p2a: Kilowattrel|p1a: Misdreavus\n|move|p1a: Misdreavus|Draining Kiss|p2a: Kilowattrel\n|-damage|p2a: Kilowattrel|73/100\n|-heal|p1a: Misdreavus|98/254|[from] drain|[of] p2a: Kilowattrel\n|\n|-weather|SunnyDay|[upkeep]\n|upkeep\n|turn|24\n|inactive|Time left: 300 sec this turn | 300 sec total\n|\n|t:|1783539321\n|move|p2a: Kilowattrel|Discharge|p1a: Misdreavus\n|-damage|p1a: Misdreavus|58/254\n|move|p1a: Misdreavus|Shadow Ball|p2a: Kilowattrel\n|-damage|p2a: Kilowattrel|0 fnt\n|faint|p2a: Kilowattrel\n|\n|-weather|none\n|upkeep\n|\n|t:|1783539322\n|switch|p2a: Tauros|Tauros-Paldea-Aqua, L81, M|100/100\n|turn|25\n|inactive|Time left: 300 sec this turn | 300 sec total\n|\n|t:|1783539324\n|switch|p1a: Raging Bolt|Raging Bolt, L78|323/323\n|-enditem|p1a: Raging Bolt|Booster Energy\n|-activate|p1a: Raging Bolt|ability: Protosynthesis|[fromitem]\n|-start|p1a: Raging Bolt|protosynthesisspa\n|move|p2a: Tauros|Liquidation|p1a: Raging Bolt\n|-resisted|p1a: Raging Bolt\n|-crit|p1a: Raging Bolt\n|-damage|p1a: Raging Bolt|244/323\n|\n|upkeep\n|turn|26\n|inactive|Time left: 300 sec this turn | 300 sec total\n|\n|t:|1783539325\n|move|p2a: Tauros|Substitute|p2a: Tauros\n|-start|p2a: Tauros|Substitute\n|-damage|p2a: Tauros|75/100\n|move|p1a: Raging Bolt|Dragon Pulse|p2a: Tauros\n|-end|p2a: Tauros|Substitute\n|\n|upkeep\n|turn|27\n|inactive|Time left: 300 sec this turn | 300 sec total\n|\n|t:|1783539326\n|move|p2a: Tauros|Substitute|p2a: Tauros\n|-start|p2a: Tauros|Substitute\n|-damage|p2a: Tauros|50/100\n|-enditem|p2a: Tauros|Sitrus Berry|[eat]\n|-heal|p2a: Tauros|75/100|[from] item: Sitrus Berry\n|move|p1a: Raging Bolt|Dragon Pulse|p2a: Tauros\n|-end|p2a: Tauros|Substitute\n|\n|upkeep\n|turn|28\n|inactive|Time left: 300 sec this turn | 300 sec total\n|\n|t:|1783539327\n|move|p2a: Tauros|Substitute|p2a: Tauros\n|-start|p2a: Tauros|Substitute\n|-damage|p2a: Tauros|50/100\n|move|p1a: Raging Bolt|Dragon Pulse|p2a: Tauros\n|-end|p2a: Tauros|Substitute\n|\n|-activate|p2a: Tauros|ability: Cud Chew\n|-enditem|p2a: Tauros|Sitrus Berry|[eat]\n|-heal|p2a: Tauros|75/100|[from] item: Sitrus Berry\n|upkeep\n|turn|29\n|inactive|Time left: 300 sec this turn | 300 sec total\n|\n|t:|1783539328\n|move|p2a: Tauros|Substitute|p2a: Tauros\n|-start|p2a: Tauros|Substitute\n|-damage|p2a: Tauros|50/100\n|move|p1a: Raging Bolt|Dragon Pulse|p2a: Tauros\n|-end|p2a: Tauros|Substitute\n|\n|upkeep\n|turn|30\n|inactive|Time left: 300 sec this turn | 300 sec total\n|\n|t:|1783539329\n|move|p2a: Tauros|Substitute|p2a: Tauros\n|-start|p2a: Tauros|Substitute\n|-damage|p2a: Tauros|25/100\n|move|p1a: Raging Bolt|Dragon Pulse|p2a: Tauros\n|-end|p2a: Tauros|Substitute\n|\n|upkeep\n|turn|31\n|inactive|Time left: 300 sec this turn | 300 sec total\n|\n|t:|1783539330\n|move|p2a: Tauros|Close Combat|p1a: Raging Bolt\n|-damage|p1a: Raging Bolt|94/323\n|-unboost|p2a: Tauros|def|1\n|-unboost|p2a: Tauros|spd|1\n|move|p1a: Raging Bolt|Dragon Pulse|p2a: Tauros\n|-damage|p2a: Tauros|0 fnt\n|faint|p2a: Tauros\n|\n|upkeep\n|\n|t:|1783539331\n|switch|p2a: Coalossal|Coalossal, L89, M|9/100\n|turn|32\n|inactive|Time left: 300 sec this turn | 300 sec total\n|\n|t:|1783539332\n|move|p1a: Raging Bolt|Dragon Pulse|p2a: Coalossal\n|-damage|p2a: Coalossal|0 fnt\n|faint|p2a: Coalossal\n|\n|upkeep\n|\n|t:|1783539333\n|switch|p2a: Donphan|Donphan, L84, M|54/100\n|turn|33\n|inactive|Time left: 300 sec this turn | 300 sec total\n|\n|t:|1783539334\n|-terastallize|p2a: Donphan|Water\n|move|p2a: Donphan|Ice Shard|p1a: Raging Bolt\n|-supereffective|p1a: Raging Bolt\n|-damage|p1a: Raging Bolt|0 fnt\n|faint|p1a: Raging Bolt\n|-end|p1a: Raging Bolt|Protosynthesis|[silent]\n|\n|upkeep\n|inactive|Time left: 300 sec this turn | 300 sec total | 5 sec grace\n|\n|t:|1783539334\n|switch|p1a: Hoopa|Hoopa-Unbound, L80|259/259\n|turn|34\n|inactive|Time left: 300 sec this turn | 300 sec total\n|\n|t:|1783539335\n|move|p2a: Donphan|Ice Shard|p1a: Hoopa\n|-damage|p1a: Hoopa|190/259\n|move|p1a: Hoopa|Psychic|p2a: Donphan\n|-damage|p2a: Donphan|0 fnt\n|faint|p2a: Donphan\n|\n|win|p0x011328c", "uploadtime": 1783539335, "views": 0, "rating": 0, "private": 0, "password": null, "_winner": "p0x011328c", "_our_name": "p0x011328c"}