{"id": "battle-gen9randombattle-797", "formatid": "gen9randombattle", "format": "[Gen 9] Random Battle", "players": ["p0x7972685", "p0y7976b53"], "log": "|init|battle\n|title|p0x7972685 vs. p0y7976b53\n|j|\u2606p0x7972685\n|j|\u2606p0y7976b53\n|t:|1783549108\n|gametype|singles\n|player|p1|p0x7972685|266|\n|player|p2|p0y7976b53|170|\n|gen|9\n|tier|[Gen 9] Random Battle\n|rule|Species Clause: Limit one of each Pok\u00e9mon\n|rule|HP Percentage Mod: HP is shown in percentages\n|rule|Sleep Clause Mod: Limit one foe put to sleep\n|rule|Illusion Level Mod: Illusion disguises the Pok\u00e9mon's true level\n|\n|t:|1783549108\n|teamsize|p1|6\n|teamsize|p2|6\n|start\n|switch|p1a: Entei|Entei, L78|307/307\n|switch|p2a: Pachirisu|Pachirisu, L96, M|100/100\n|turn|1\n|inactive|Battle timer is ON: inactive players will automatically lose when time's up. (requested by p0y7976b53)\n|inactive|Time left: 300 sec this turn | 300 sec total | 60 sec grace\n|\n|t:|1783549109\n|move|p2a: Pachirisu|Nuzzle|p1a: Entei\n|-damage|p1a: Entei|289/307\n|-status|p1a: Entei|par\n|move|p1a: Entei|Sacred Fire|p2a: Pachirisu\n|-damage|p2a: Pachirisu|44/100\n|\n|upkeep\n|turn|2\n|inactive|Time left: 300 sec this turn | 300 sec total\n|inactive|p0x7972685 also wants the timer to be on.\n|\n|t:|1783549110\n|move|p2a: Pachirisu|Super Fang|p1a: Entei\n|-damage|p1a: Entei|145/307 par\n|move|p1a: Entei|Sacred Fire|p2a: Pachirisu\n|-damage|p2a: Pachirisu|0 fnt\n|faint|p2a: Pachirisu\n|\n|upkeep\n|\n|t:|1783549111\n|switch|p2a: Toucannon|Toucannon, L88, M|100/100\n|turn|3\n|inactive|Time left: 300 sec this turn | 300 sec total\n|\n|t:|1783549112\n|switch|p1a: Iron Thorns|Iron Thorns, L83|302/302\n|-enditem|p1a: Iron Thorns|Booster Energy\n|-activate|p1a: Iron Thorns|ability: Quark Drive|[fromitem]\n|-start|p1a: Iron Thorns|quarkdriveatk\n|move|p2a: Toucannon|Boomburst|p1a: Iron Thorns\n|-resisted|p1a: Iron Thorns\n|-damage|p1a: Iron Thorns|235/302\n|\n|upkeep\n|turn|4\n|inactive|Time left: 300 sec this turn | 300 sec total\n|\n|t:|1783549114\n|switch|p2a: Bisharp|Bisharp, L79, F|100/100\n|move|p1a: Iron Thorns|Stone Edge|p2a: Bisharp\n|-resisted|p2a: Bisharp\n|-damage|p2a: Bisharp|75/100\n|\n|upkeep\n|turn|5\n|inactive|Time left: 300 sec this turn | 300 sec total\n|\n|t:|1783549115\n|move|p1a: Iron Thorns|Dragon Dance|p1a: Iron Thorns\n|-boost|p1a: Iron Thorns|atk|1\n|-boost|p1a: Iron Thorns|spe|1\n|move|p2a: Bisharp|Swords Dance|p2a: Bisharp\n|-boost|p2a: Bisharp|atk|2\n|\n|upkeep\n|turn|6\n|inactive|Time left: 300 sec this turn | 300 sec total\n|\n|t:|1783549115\n|move|p1a: Iron Thorns|Earthquake|p2a: Bisharp\n|-supereffective|p2a: Bisharp\n|-damage|p2a: Bisharp|0 fnt\n|faint|p2a: Bisharp\n|\n|upkeep\n|\n|t:|1783549116\n|switch|p2a: Exeggutor|Exeggutor, L89, F|100/100\n|turn|7\n|inactive|Time left: 300 sec this turn | 300 sec total\n|\n|t:|1783549117\n|move|p1a: Iron Thorns|Stone Edge|p2a: Exeggutor\n|-damage|p2a: Exeggutor|18/100\n|-enditem|p2a: Exeggutor|Sitrus Berry|[eat]\n|-heal|p2a: Exeggutor|43/100|[from] item: Sitrus Berry\n|move|p2a: Exeggutor|Psychic|p1a: Iron Thorns\n|-crit|p1a: Iron Thorns\n|-damage|p1a: Iron Thorns|16/302\n|\n|upkeep\n|turn|8\n|inactive|Time left: 300 sec this turn | 300 sec total\n|\n|t:|1783549118\n|move|p1a: Iron Thorns|Stone Edge|p2a: Exeggutor\n|-damage|p2a: Exeggutor|0 fnt\n|faint|p2a: Exeggutor\n|\n|upkeep\n|\n|t:|1783549119\n|switch|p2a: Kilowattrel|Kilowattrel, L83, M|100/100\n|turn|9\n|inactive|Time left: 300 sec this turn | 300 sec total\n|\n|t:|1783549120\n|move|p2a: Kilowattrel|U-turn|p1a: Iron Thorns\n|-damage|p1a: Iron Thorns|0 fnt\n|faint|p1a: Iron Thorns\n|-end|p1a: Iron Thorns|Quark Drive|[silent]\n|\n|t:|1783549122\n|switch|p2a: Toucannon|Toucannon, L88, M|100/100|[from] U-turn\n|\n|upkeep\n|inactive|Time left: 300 sec this turn | 300 sec total | 10 sec grace\n|\n|t:|1783549123\n|switch|p1a: Stantler|Stantler, L92, F|284/284\n|-ability|p1a: Stantler|Intimidate|boost\n|-unboost|p2a: Toucannon|atk|1\n|turn|10\n|inactive|Time left: 300 sec this turn | 300 sec total\n|\n|t:|1783549124\n|move|p1a: Stantler|Calm Mind|p1a: Stantler\n|-boost|p1a: Stantler|spa|1\n|-boost|p1a: Stantler|spd|1\n|move|p2a: Toucannon|Boomburst|p1a: Stantler\n|-damage|p1a: Stantler|214/284\n|\n|upkeep\n|turn|11\n|inactive|Time left: 300 sec this turn | 300 sec total\n|\n|t:|1783549125\n|-singleturn|p2a: Toucannon|move: Beak Blast\n|move|p1a: Stantler|Calm Mind|p1a: Stantler\n|-boost|p1a: Stantler|spa|1\n|-boost|p1a: Stantler|spd|1\n|move|p2a: Toucannon|Beak Blast|p1a: Stantler\n|-damage|p1a: Stantler|144/284\n|\n|upkeep\n|turn|12\n|inactive|Time left: 300 sec this turn | 300 sec total\n|\n|t:|1783549126\n|-singleturn|p2a: Toucannon|move: Beak Blast\n|move|p1a: Stantler|Tera Blast|p2a: Toucannon\n|-damage|p2a: Toucannon|35/100\n|move|p2a: Toucannon|Beak Blast|p1a: Stantler\n|-damage|p1a: Stantler|68/284\n|\n|upkeep\n|turn|13\n|inactive|Time left: 300 sec this turn | 300 sec total\n|\n|t:|1783549127\n|switch|p2a: Sylveon|Sylveon, L85, F|100/100\n|move|p1a: Stantler|Tera Blast|p2a: Sylveon\n|-damage|p2a: Sylveon|54/100\n|\n|-heal|p2a: Sylveon|60/100|[from] item: Leftovers\n|upkeep\n|turn|14\n|inactive|Time left: 300 sec this turn | 300 sec total\n|\n|t:|1783549128\n|move|p1a: Stantler|Tera Blast|p2a: Sylveon\n|-damage|p2a: Sylveon|14/100\n|move|p2a: Sylveon|Hyper Voice|p1a: Stantler\n|-damage|p1a: Stantler|14/284\n|\n|-heal|p2a: Sylveon|20/100|[from] item: Leftovers\n|upkeep\n|turn|15\n|inactive|Time left: 300 sec this turn | 300 sec total\n|\n|t:|1783549129\n|move|p1a: Stantler|Tera Blast|p2a: Sylveon\n|-damage|p2a: Sylveon|0 fnt\n|faint|p2a: Sylveon\n|\n|upkeep\n|\n|t:|1783549130\n|switch|p2a: Kilowattrel|Kilowattrel, L83, M|100/100\n|turn|16\n|inactive|Time left: 300 sec this turn | 300 sec total\n|\n|t:|1783549131\n|move|p2a: Kilowattrel|Thunderbolt|p1a: Stantler\n|-damage|p1a: Stantler|0 fnt\n|faint|p1a: Stantler\n|\n|upkeep\n|inactive|Time left: 300 sec this turn | 300 sec total | 5 sec grace\n|\n|t:|1783549132\n|switch|p1a: Entei|Entei, L78|145/307 par\n|turn|17\n|inactive|Time left: 300 sec this turn | 300 sec total\n|\n|t:|1783549133\n|move|p2a: Kilowattrel|Hurricane|p1a: Entei\n|-damage|p1a: Entei|0 fnt\n|faint|p1a: Entei\n|\n|upkeep\n|inactive|Time left: 300 sec this turn | 300 sec total | 5 sec grace\n|\n|t:|1783549134\n|switch|p1a: Noivern|Noivern, L82, F|274/274\n|turn|18\n|inactive|Time left: 300 sec this turn | 300 sec total\n|\n|t:|1783549136\n|move|p2a: Kilowattrel|Hurricane|p1a: Noivern\n|-damage|p1a: Noivern|133/274\n|move|p1a: Noivern|Hurricane|p2a: Kilowattrel\n|-resisted|p2a: Kilowattrel\n|-damage|p2a: Kilowattrel|71/100\n|\n|upkeep\n|turn|19\n|inactive|Time left: 300 sec this turn | 300 sec total\n|\n|t:|1783549137\n|move|p2a: Kilowattrel|Hurricane|p1a: Noivern\n|-damage|p1a: Noivern|3/274\n|move|p1a: Noivern|Roost|p1a: Noivern\n|-heal|p1a: Noivern|140/274\n|-singleturn|p1a: Noivern|move: Roost\n|\n|upkeep\n|turn|20\n|inactive|Time left: 300 sec this turn | 300 sec total\n|\n|t:|1783549138\n|move|p2a: Kilowattrel|Hurricane|p1a: Noivern\n|-damage|p1a: Noivern|0 fnt\n|faint|p1a: Noivern\n|\n|upkeep\n|inactive|Time left: 300 sec this turn | 300 sec total | 5 sec grace\n|\n|t:|1783549139\n|switch|p1a: Gurdurr|Gurdurr, L85, F|283/283\n|turn|21\n|inactive|Time left: 300 sec this turn | 300 sec total\n|\n|t:|1783549140\n|move|p2a: Kilowattrel|Hurricane|p1a: Gurdurr\n|-supereffective|p1a: Gurdurr\n|-damage|p1a: Gurdurr|29/283\n|move|p1a: Gurdurr|Knock Off|p2a: Kilowattrel\n|-damage|p2a: Kilowattrel|31/100\n|-enditem|p2a: Kilowattrel|Heavy-Duty Boots|[from] move: Knock Off|[of] p1a: Gurdurr\n|\n|upkeep\n|turn|22\n|inactive|Time left: 300 sec this turn | 300 sec total\n|\n|t:|1783549142\n|move|p2a: Kilowattrel|Thunderbolt|p1a: Gurdurr\n|-damage|p1a: Gurdurr|0 fnt\n|faint|p1a: Gurdurr\n|\n|upkeep\n|inactive|Time left: 300 sec this turn | 300 sec total | 5 sec grace\n|\n|t:|1783549143\n|switch|p1a: Klefki|Klefki, L84, F|233/233\n|turn|23\n|inactive|Time left: 300 sec this turn | 300 sec total\n|\n|t:|1783549144\n|-terastallize|p2a: Kilowattrel|Steel\n|move|p2a: Kilowattrel|Thunderbolt|p1a: Klefki\n|-damage|p1a: Klefki|136/233\n|move|p1a: Klefki|Play Rough|p2a: Kilowattrel\n|-resisted|p2a: Kilowattrel\n|-damage|p2a: Kilowattrel|8/100\n|\n|-heal|p1a: Klefki|150/233|[from] item: Leftovers\n|upkeep\n|turn|24\n|inactive|Time left: 300 sec this turn | 300 sec total\n|\n|t:|1783549145\n|move|p2a: Kilowattrel|Thunderbolt|p1a: Klefki\n|-damage|p1a: Klefki|51/233\n|move|p1a: Klefki|Play Rough|p2a: Kilowattrel\n|-resisted|p2a: Kilowattrel\n|-damage|p2a: Kilowattrel|0 fnt\n|faint|p2a: Kilowattrel\n|\n|-heal|p1a: Klefki|65/233|[from] item: Leftovers\n|upkeep\n|\n|t:|1783549146\n|switch|p2a: Toucannon|Toucannon, L88, M|35/100\n|turn|25\n|inactive|Time left: 300 sec this turn | 300 sec total\n|\n|t:|1783549147\n|move|p1a: Klefki|Play Rough|p2a: Toucannon\n|-damage|p2a: Toucannon|6/100\n|move|p2a: Toucannon|Boomburst|p1a: Klefki\n|-resisted|p1a: Klefki\n|-damage|p1a: Klefki|2/233\n|\n|-heal|p1a: Klefki|16/233|[from] item: Leftovers\n|upkeep\n|turn|26\n|inactive|Time left: 300 sec this turn | 300 sec total\n|\n|t:|1783549148\n|-terastallize|p1a: Klefki|Water\n|move|p1a: Klefki|Play Rough|p2a: Toucannon\n|-damage|p2a: Toucannon|0 fnt\n|faint|p2a: Toucannon\n|\n|win|p0x7972685", "uploadtime": 1783549148, "views": 0, "rating": 0, "private": 0, "password": null, "_winner": "p0x7972685", "_our_name": "p0x7972685"}