{"id": "battle-gen9randombattle-243", "formatid": "gen9randombattle", "format": "[Gen 9] Random Battle", "players": ["p0x243f176", "p0y243b964"], "log": "|init|battle\n|title|p0x243f176 vs. p0y243b964\n|j|\u2606p0x243f176\n|j|\u2606p0y243b964\n|t:|1783541925\n|gametype|singles\n|player|p1|p0x243f176|101|\n|player|p2|p0y243b964|266|\n|gen|9\n|tier|[Gen 9] Random Battle\n|rule|Species Clause: Limit one of each Pok\u00e9mon\n|rule|HP Percentage Mod: HP is shown in percentages\n|rule|Sleep Clause Mod: Limit one foe put to sleep\n|rule|Illusion Level Mod: Illusion disguises the Pok\u00e9mon's true level\n|\n|t:|1783541925\n|teamsize|p1|6\n|teamsize|p2|6\n|start\n|switch|p1a: Spidops|Spidops, L96, F|271/271\n|switch|p2a: Spiritomb|Spiritomb, L89, F|100/100\n|turn|1\n|inactive|Battle timer is ON: inactive players will automatically lose when time's up. (requested by p0y243b964)\n|inactive|Time left: 300 sec this turn | 300 sec total | 60 sec grace\n|inactive|p0x243f176 also wants the timer to be on.\n|\n|t:|1783541927\n|move|p1a: Spidops|Sticky Web|p2a: Spiritomb\n|-sidestart|p2: p0y243b964|move: Sticky Web\n|move|p2a: Spiritomb|Foul Play|p1a: Spidops\n|-damage|p1a: Spidops|132/271\n|\n|upkeep\n|turn|2\n|inactive|Time left: 300 sec this turn | 300 sec total\n|\n|t:|1783541928\n|move|p1a: Spidops|Knock Off|p2a: Spiritomb\n|-damage|p2a: Spiritomb|74/100\n|-enditem|p2a: Spiritomb|Choice Band|[from] move: Knock Off|[of] p1a: Spidops\n|move|p2a: Spiritomb|Foul Play|p1a: Spidops\n|-damage|p1a: Spidops|38/271\n|\n|upkeep\n|turn|3\n|inactive|Time left: 300 sec this turn | 300 sec total\n|\n|t:|1783541929\n|move|p1a: Spidops|Toxic Spikes|p2a: Spiritomb\n|-sidestart|p2: p0y243b964|move: Toxic Spikes\n|move|p2a: Spiritomb|Foul Play|p1a: Spidops\n|-damage|p1a: Spidops|0 fnt\n|faint|p1a: Spidops\n|\n|upkeep\n|inactive|Time left: 300 sec this turn | 300 sec total | 5 sec grace\n|\n|t:|1783541930\n|switch|p1a: Tauros|Tauros-Paldea-Aqua, L81, M|254/254\n|-ability|p1a: Tauros|Intimidate|boost\n|-unboost|p2a: Spiritomb|atk|1\n|turn|4\n|inactive|Time left: 300 sec this turn | 300 sec total\n|\n|t:|1783541931\n|switch|p2a: Brambleghast|Brambleghast, L88, M|100/100\n|move|p1a: Tauros|Bulk Up|p1a: Tauros\n|-boost|p1a: Tauros|atk|1\n|-boost|p1a: Tauros|def|1\n|\n|upkeep\n|turn|5\n|inactive|Time left: 300 sec this turn | 300 sec total\n|\n|t:|1783541932\n|switch|p1a: Giratina|Giratina-Origin, L72|335/335\n|move|p2a: Brambleghast|Rapid Spin|p1a: Giratina\n|-immune|p1a: Giratina\n|\n|upkeep\n|turn|6\n|inactive|Time left: 300 sec this turn | 300 sec total\n|\n|t:|1783541933\n|move|p2a: Brambleghast|Poltergeist|p1a: Giratina\n|-activate|p1a: Giratina|move: Poltergeist|Griseous Core\n|-supereffective|p1a: Giratina\n|-damage|p1a: Giratina|41/335\n|move|p1a: Giratina|Poltergeist|p2a: Brambleghast\n|-activate|p2a: Brambleghast|move: Poltergeist|Heavy-Duty Boots\n|-supereffective|p2a: Brambleghast\n|-damage|p2a: Brambleghast|0 fnt\n|faint|p2a: Brambleghast\n|\n|upkeep\n|\n|t:|1783541934\n|switch|p2a: Ariados|Ariados, L95, F|100/100\n|-sideend|p2: p0y243b964|move: Toxic Spikes|[of] p2a: Ariados\n|turn|7\n|inactive|Time left: 300 sec this turn | 300 sec total\n|\n|t:|1783541935\n|move|p1a: Giratina|Will-O-Wisp|p2a: Ariados\n|-status|p2a: Ariados|brn\n|move|p2a: Ariados|Sticky Web|p1a: Giratina\n|-sidestart|p1: p0x243f176|move: Sticky Web\n|\n|-damage|p2a: Ariados|95/100 brn|[from] brn\n|upkeep\n|turn|8\n|inactive|Time left: 300 sec this turn | 300 sec total\n|\n|t:|1783541936\n|switch|p1a: Reshiram|Reshiram, L76|277/277\n|-ability|p1a: Reshiram|Turboblaze\n|move|p2a: Ariados|Poison Jab|p1a: Reshiram\n|-damage|p1a: Reshiram|222/277\n|\n|-damage|p2a: Ariados|89/100 brn|[from] brn\n|upkeep\n|turn|9\n|inactive|Time left: 300 sec this turn | 300 sec total\n|\n|t:|1783541937\n|move|p1a: Reshiram|Outrage|p2a: Ariados\n|-damage|p2a: Ariados|42/100 brn\n|move|p2a: Ariados|Poison Jab|p1a: Reshiram\n|-damage|p1a: Reshiram|166/277\n|\n|-damage|p2a: Ariados|36/100 brn|[from] brn\n|upkeep\n|turn|10\n|inactive|Time left: 300 sec this turn | 300 sec total\n|\n|t:|1783541938\n|move|p2a: Ariados|Sucker Punch|p1a: Reshiram\n|-crit|p1a: Reshiram\n|-damage|p1a: Reshiram|123/277\n|move|p1a: Reshiram|Outrage|p2a: Ariados|[from] lockedmove\n|-damage|p2a: Ariados|0 fnt\n|faint|p2a: Ariados\n|\n|upkeep\n|\n|t:|1783541939\n|switch|p2a: Spiritomb|Spiritomb, L89, F|74/100\n|-activate|p2a: Spiritomb|move: Sticky Web\n|-unboost|p2a: Spiritomb|spe|1\n|turn|11\n|inactive|Time left: 300 sec this turn | 300 sec total\n|\n|t:|1783541939\n|move|p1a: Reshiram|Outrage|p2a: Spiritomb|[from] lockedmove\n|-damage|p2a: Spiritomb|29/100\n|-start|p1a: Reshiram|confusion|[fatigue]\n|move|p2a: Spiritomb|Poltergeist|p1a: Reshiram\n|-activate|p1a: Reshiram|move: Poltergeist|Heavy-Duty Boots\n|-damage|p1a: Reshiram|0 fnt\n|faint|p1a: Reshiram\n|\n|upkeep\n|inactive|Time left: 300 sec this turn | 300 sec total | 5 sec grace\n|\n|t:|1783541940\n|switch|p1a: Tauros|Tauros-Paldea-Aqua, L81, M|254/254\n|-activate|p1a: Tauros|move: Sticky Web\n|-unboost|p1a: Tauros|spe|1\n|-ability|p1a: Tauros|Intimidate|boost\n|-unboost|p2a: Spiritomb|atk|1\n|turn|12\n|inactive|Time left: 300 sec this turn | 300 sec total\n|\n|t:|1783541941\n|move|p1a: Tauros|Bulk Up|p1a: Tauros\n|-boost|p1a: Tauros|atk|1\n|-boost|p1a: Tauros|def|1\n|move|p2a: Spiritomb|Foul Play|p1a: Tauros\n|-resisted|p1a: Tauros\n|-damage|p1a: Tauros|203/254\n|\n|upkeep\n|turn|13\n|inactive|Time left: 300 sec this turn | 300 sec total\n|\n|t:|1783541942\n|move|p2a: Spiritomb|Shadow Sneak|p1a: Tauros\n|-damage|p1a: Tauros|182/254\n|move|p1a: Tauros|Bulk Up|p1a: Tauros\n|-boost|p1a: Tauros|atk|1\n|-boost|p1a: Tauros|def|1\n|\n|upkeep\n|turn|14\n|inactive|Time left: 300 sec this turn | 300 sec total\n|\n|t:|1783541943\n|move|p1a: Tauros|Liquidation|p2a: Spiritomb\n|-damage|p2a: Spiritomb|0 fnt\n|faint|p2a: Spiritomb\n|-damage|p1a: Tauros|157/254|[from] item: Life Orb\n|\n|upkeep\n|\n|t:|1783541944\n|switch|p2a: Pyroar|Pyroar, L88, F|100/100\n|-ability|p2a: Pyroar|Unnerve\n|turn|15\n|inactive|Time left: 300 sec this turn | 300 sec total\n|\n|t:|1783541945\n|-terastallize|p1a: Tauros|Water\n|move|p1a: Tauros|Aqua Jet|p2a: Pyroar\n|-supereffective|p2a: Pyroar\n|-damage|p2a: Pyroar|0 fnt\n|faint|p2a: Pyroar\n|-damage|p1a: Tauros|132/254|[from] item: Life Orb\n|\n|upkeep\n|\n|t:|1783541946\n|switch|p2a: Brute Bonnet|Brute Bonnet, L80|100/100\n|-activate|p2a: Brute Bonnet|move: Sticky Web\n|-unboost|p2a: Brute Bonnet|spe|1\n|turn|16\n|inactive|Time left: 300 sec this turn | 300 sec total\n|\n|t:|1783541946\n|-terastallize|p2a: Brute Bonnet|Poison\n|move|p1a: Tauros|Close Combat|p2a: Brute Bonnet\n|-resisted|p2a: Brute Bonnet\n|-damage|p2a: Brute Bonnet|50/100\n|-unboost|p1a: Tauros|def|1\n|-unboost|p1a: Tauros|spd|1\n|-damage|p1a: Tauros|107/254|[from] item: Life Orb\n|move|p2a: Brute Bonnet|Spore|p1a: Tauros\n|-status|p1a: Tauros|slp|[from] move: Spore\n|\n|-heal|p2a: Brute Bonnet|56/100|[from] item: Leftovers\n|upkeep\n|turn|17\n|inactive|Time left: 300 sec this turn | 300 sec total\n|\n|t:|1783541947\n|cant|p1a: Tauros|slp\n|move|p2a: Brute Bonnet|Crunch|p1a: Tauros\n|-damage|p1a: Tauros|52/254 slp\n|\n|-heal|p2a: Brute Bonnet|62/100|[from] item: Leftovers\n|upkeep\n|turn|18\n|inactive|Time left: 300 sec this turn | 300 sec total\n|\n|t:|1783541948\n|-curestatus|p1a: Tauros|slp|[msg]\n|move|p1a: Tauros|Liquidation|p2a: Brute Bonnet\n|-damage|p2a: Brute Bonnet|0 fnt\n|faint|p2a: Brute Bonnet\n|-end|p2a: Brute Bonnet|Protosynthesis|[silent]\n|-damage|p1a: Tauros|27/254|[from] item: Life Orb\n|\n|upkeep\n|\n|t:|1783541949\n|switch|p2a: Haxorus|Haxorus, L77, F|100/100\n|-activate|p2a: Haxorus|move: Sticky Web\n|-unboost|p2a: Haxorus|spe|1\n|-ability|p2a: Haxorus|Mold Breaker\n|turn|19\n|inactive|Time left: 300 sec this turn | 300 sec total\n|\n|t:|1783541950\n|move|p1a: Tauros|Close Combat|p2a: Haxorus\n|-damage|p2a: Haxorus|0 fnt\n|-unboost|p1a: Tauros|def|1\n|-unboost|p1a: Tauros|spd|1\n|faint|p2a: Haxorus\n|-damage|p1a: Tauros|2/254|[from] item: Life Orb\n|\n|win|p0x243f176", "uploadtime": 1783541950, "views": 0, "rating": 0, "private": 0, "password": null, "_winner": "p0x243f176", "_our_name": "p0x243f176"}