{"id": "battle-gen9randombattle-1060", "formatid": "gen9randombattle", "format": "[Gen 9] Random Battle", "players": ["p0x10605be9", "p0y1060d8a5"], "log": "|init|battle\n|title|p0x10605be9 vs. p0y1060d8a5\n|j|\u2606p0x10605be9\n|j|\u2606p0y1060d8a5\n|t:|1783552184\n|gametype|singles\n|player|p1|p0x10605be9|169|\n|player|p2|p0y1060d8a5|102|\n|gen|9\n|tier|[Gen 9] Random Battle\n|rule|Species Clause: Limit one of each Pok\u00e9mon\n|rule|HP Percentage Mod: HP is shown in percentages\n|rule|Sleep Clause Mod: Limit one foe put to sleep\n|rule|Illusion Level Mod: Illusion disguises the Pok\u00e9mon's true level\n|\n|t:|1783552184\n|teamsize|p1|6\n|teamsize|p2|6\n|start\n|switch|p1a: Toxapex|Toxapex, L82, M|100/100\n|switch|p2a: Wigglytuff|Wigglytuff, L96, F|424/424\n|turn|1\n|inactive|Battle timer is ON: inactive players will automatically lose when time's up. (requested by p0y1060d8a5)\n|inactive|p0x10605be9 also wants the timer to be on.\n|\n|t:|1783552186\n|move|p2a: Wigglytuff|Dazzling Gleam|p1a: Toxapex\n|-resisted|p1a: Toxapex\n|-damage|p1a: Toxapex|85/100\n|move|p1a: Toxapex|Toxic Spikes|p2a: Wigglytuff\n|-sidestart|p2: p0y1060d8a5|move: Toxic Spikes\n|\n|-heal|p1a: Toxapex|91/100|[from] item: Leftovers\n|upkeep\n|turn|2\n|inactive|Time left: 300 sec this turn | 300 sec total\n|\n|t:|1783552187\n|move|p2a: Wigglytuff|Knock Off|p1a: Toxapex\n|-damage|p1a: Toxapex|71/100\n|-enditem|p1a: Toxapex|Leftovers|[from] move: Knock Off|[of] p2a: Wigglytuff\n|move|p1a: Toxapex|Toxic Spikes|p2a: Wigglytuff\n|-sidestart|p2: p0y1060d8a5|move: Toxic Spikes\n|\n|upkeep\n|turn|3\n|inactive|Time left: 300 sec this turn | 300 sec total\n|\n|t:|1783552188\n|switch|p1a: Chandelure|Chandelure, L83, M|100/100\n|move|p2a: Wigglytuff|Knock Off|p1a: Chandelure\n|-supereffective|p1a: Chandelure\n|-damage|p1a: Chandelure|42/100\n|-enditem|p1a: Chandelure|Leftovers|[from] move: Knock Off|[of] p2a: Wigglytuff\n|\n|upkeep\n|turn|4\n|inactive|Time left: 300 sec this turn | 300 sec total\n|\n|t:|1783552189\n|move|p1a: Chandelure|Fire Blast|p2a: Wigglytuff\n|-damage|p2a: Wigglytuff|235/424\n|move|p2a: Wigglytuff|Knock Off|p1a: Chandelure\n|-supereffective|p1a: Chandelure\n|-damage|p1a: Chandelure|3/100\n|\n|-heal|p2a: Wigglytuff|261/424|[from] item: Leftovers\n|upkeep\n|turn|5\n|inactive|Time left: 300 sec this turn | 300 sec total\n|\n|t:|1783552191\n|move|p1a: Chandelure|Fire Blast|p2a: Wigglytuff\n|-damage|p2a: Wigglytuff|56/424\n|move|p2a: Wigglytuff|Dazzling Gleam|p1a: Chandelure\n|-resisted|p1a: Chandelure\n|-damage|p1a: Chandelure|0 fnt\n|faint|p1a: Chandelure\n|\n|-heal|p2a: Wigglytuff|82/424|[from] item: Leftovers\n|upkeep\n|\n|t:|1783552192\n|switch|p1a: Walking Wake|Walking Wake, L79|100/100\n|turn|6\n|inactive|Time left: 300 sec this turn | 300 sec total\n|\n|t:|1783552193\n|move|p2a: Wigglytuff|Protect|p2a: Wigglytuff\n|-singleturn|p2a: Wigglytuff|Protect\n|move|p1a: Walking Wake|Hydro Pump|p2a: Wigglytuff\n|-activate|p2a: Wigglytuff|move: Protect\n|\n|-heal|p2a: Wigglytuff|108/424|[from] item: Leftovers\n|upkeep\n|turn|7\n|inactive|Time left: 300 sec this turn | 300 sec total\n|\n|t:|1783552194\n|move|p1a: Walking Wake|Hydro Pump|p2a: Wigglytuff\n|-damage|p2a: Wigglytuff|0 fnt\n|faint|p2a: Wigglytuff\n|\n|upkeep\n|inactive|Time left: 300 sec this turn | 300 sec total | 5 sec grace\n|\n|t:|1783552195\n|switch|p2a: Dialga|Dialga-Origin, L73|266/266\n|-ability|p2a: Dialga|Pressure\n|turn|8\n|inactive|Time left: 300 sec this turn | 300 sec total\n|\n|t:|1783552196\n|move|p1a: Walking Wake|Hydro Pump|p2a: Dialga\n|-resisted|p2a: Dialga\n|-damage|p2a: Dialga|186/266\n|move|p2a: Dialga|Draco Meteor|p1a: Walking Wake\n|-supereffective|p1a: Walking Wake\n|-damage|p1a: Walking Wake|0 fnt\n|-unboost|p2a: Dialga|spa|2\n|faint|p1a: Walking Wake\n|-end|p1a: Walking Wake|Protosynthesis|[silent]\n|\n|upkeep\n|\n|t:|1783552197\n|switch|p1a: Granbull|Granbull, L88, F|100/100\n|-ability|p1a: Granbull|Intimidate|boost\n|-unboost|p2a: Dialga|atk|1\n|turn|9\n|inactive|Time left: 300 sec this turn | 300 sec total\n|\n|t:|1783552197\n|move|p2a: Dialga|Stealth Rock|p1a: Granbull\n|-sidestart|p1: p0x10605be9|move: Stealth Rock\n|move|p1a: Granbull|Earthquake|p2a: Dialga\n|-supereffective|p2a: Dialga\n|-damage|p2a: Dialga|34/266\n|\n|upkeep\n|turn|10\n|inactive|Time left: 300 sec this turn | 300 sec total\n|\n|t:|1783552198\n|move|p2a: Dialga|Flash Cannon|p1a: Granbull\n|-supereffective|p1a: Granbull\n|-damage|p1a: Granbull|55/100\n|move|p1a: Granbull|Thunder Wave|p2a: Dialga\n|-status|p2a: Dialga|par\n|\n|-heal|p1a: Granbull|61/100|[from] item: Leftovers\n|upkeep\n|turn|11\n|inactive|Time left: 300 sec this turn | 300 sec total\n|\n|t:|1783552199\n|move|p1a: Granbull|Play Rough|p2a: Dialga\n|-damage|p2a: Dialga|0 fnt\n|faint|p2a: Dialga\n|\n|-heal|p1a: Granbull|67/100|[from] item: Leftovers\n|upkeep\n|inactive|Time left: 300 sec this turn | 300 sec total | 5 sec grace\n|\n|t:|1783552200\n|switch|p2a: Lucario|Lucario, L84, F|255/255\n|turn|12\n|inactive|Time left: 300 sec this turn | 300 sec total\n|\n|t:|1783552201\n|-terastallize|p1a: Granbull|Ground\n|move|p2a: Lucario|Flash Cannon|p1a: Granbull\n|-damage|p1a: Granbull|12/100\n|-damage|p2a: Lucario|230/255|[from] item: Life Orb\n|move|p1a: Granbull|Earthquake|p2a: Lucario\n|-supereffective|p2a: Lucario\n|-damage|p2a: Lucario|0 fnt\n|faint|p2a: Lucario\n|\n|-heal|p1a: Granbull|18/100|[from] item: Leftovers\n|upkeep\n|inactive|Time left: 300 sec this turn | 300 sec total | 5 sec grace\n|\n|t:|1783552202\n|switch|p2a: Cyclizar|Cyclizar, L84, F|255/255\n|turn|13\n|inactive|Time left: 300 sec this turn | 300 sec total\n|\n|t:|1783552203\n|switch|p1a: Moltres|Moltres, L81|100/100\n|move|p2a: Cyclizar|Rapid Spin|p1a: Moltres\n|-damage|p1a: Moltres|80/100\n|-boost|p2a: Cyclizar|spe|1\n|-sideend|p2: p0y1060d8a5|Toxic Spikes|[from] move: Rapid Spin|[of] p2a: Cyclizar\n|\n|upkeep\n|turn|14\n|inactive|Time left: 300 sec this turn | 300 sec total\n|\n|t:|1783552203\n|move|p2a: Cyclizar|Shed Tail|p2a: Cyclizar\n|-start|p2a: Cyclizar|Substitute|[from] move: Shed Tail\n|-damage|p2a: Cyclizar|127/255\n|inactive|Time left: 300 sec this turn | 300 sec total | 5 sec grace\n|\n|t:|1783552204\n|switch|p2a: Electrode|Electrode, L92|260/260|[from] Shed Tail\n|move|p1a: Moltres|Roost|p1a: Moltres\n|-heal|p1a: Moltres|100/100\n|-singleturn|p1a: Moltres|move: Roost\n|\n|upkeep\n|turn|15\n|inactive|Time left: 300 sec this turn | 300 sec total\n|\n|t:|1783552205\n|switch|p1a: Granbull|Granbull, L88, F, tera:Ground|18/100\n|-damage|p1a: Granbull|12/100|[from] Stealth Rock\n|-ability|p1a: Granbull|Intimidate|boost\n|-immune|p2a: Electrode\n|move|p2a: Electrode|Thunderbolt|p1a: Granbull\n|-immune|p1a: Granbull\n|\n|-heal|p1a: Granbull|18/100|[from] item: Leftovers\n|upkeep\n|turn|16\n|inactive|Time left: 300 sec this turn | 300 sec total\n|\n|t:|1783552206\n|move|p2a: Electrode|Volt Switch|p1a: Granbull\n|-immune|p1a: Granbull\n|move|p1a: Granbull|Play Rough|p2a: Electrode\n|-end|p2a: Electrode|Substitute\n|\n|-heal|p1a: Granbull|24/100|[from] item: Leftovers\n|upkeep\n|turn|17\n|inactive|Time left: 300 sec this turn | 300 sec total\n|\n|t:|1783552207\n|switch|p2a: Lokix|Lokix, L82, M|251/251\n|move|p1a: Granbull|Earthquake|p2a: Lokix\n|-resisted|p2a: Lokix\n|-damage|p2a: Lokix|176/251\n|\n|-heal|p1a: Granbull|30/100|[from] item: Leftovers\n|upkeep\n|turn|18\n|inactive|Time left: 300 sec this turn | 300 sec total\n|\n|t:|1783552208\n|switch|p1a: Moltres|Moltres, L81|100/100\n|move|p2a: Lokix|Knock Off|p1a: Moltres\n|-damage|p1a: Moltres|52/100\n|-enditem|p1a: Moltres|Heavy-Duty Boots|[from] move: Knock Off|[of] p2a: Lokix\n|-damage|p2a: Lokix|151/251|[from] item: Life Orb\n|\n|upkeep\n|turn|19\n|inactive|Time left: 300 sec this turn | 300 sec total\n|\n|t:|1783552209\n|switch|p2a: Electrode|Electrode, L92|260/260\n|move|p1a: Moltres|Roost|p1a: Moltres\n|-heal|p1a: Moltres|100/100\n|-singleturn|p1a: Moltres|move: Roost\n|\n|upkeep\n|turn|20\n|inactive|Time left: 300 sec this turn | 300 sec total\n|\n|t:|1783552210\n|switch|p1a: Granbull|Granbull, L88, F, tera:Ground|30/100\n|-damage|p1a: Granbull|24/100|[from] Stealth Rock\n|-ability|p1a: Granbull|Intimidate|boost\n|-unboost|p2a: Electrode|atk|1\n|move|p2a: Electrode|Thunderbolt|p1a: Granbull\n|-immune|p1a: Granbull\n|\n|-heal|p1a: Granbull|30/100|[from] item: Leftovers\n|upkeep\n|turn|21\n|inactive|Time left: 300 sec this turn | 300 sec total\n|\n|t:|1783552211\n|switch|p2a: Lokix|Lokix, L82, M|151/251\n|move|p1a: Granbull|Play Rough|p2a: Lokix\n|-supereffective|p2a: Lokix\n|-damage|p2a: Lokix|0 fnt\n|faint|p2a: Lokix\n|\n|-heal|p1a: Granbull|36/100|[from] item: Leftovers\n|upkeep\n|inactive|Time left: 300 sec this turn | 300 sec total | 5 sec grace\n|\n|t:|1783552212\n|switch|p2a: Cyclizar|Cyclizar, L84, F|212/255\n|turn|22\n|inactive|Time left: 300 sec this turn | 300 sec total\n|\n|t:|1783552214\n|move|p2a: Cyclizar|Draco Meteor|p1a: Granbull\n|-damage|p1a: Granbull|0 fnt\n|-unboost|p2a: Cyclizar|spa|2\n|faint|p1a: Granbull\n|\n|upkeep\n|\n|t:|1783552215\n|switch|p1a: Sceptile|Sceptile, L87, F|100/100\n|-damage|p1a: Sceptile|88/100|[from] Stealth Rock\n|turn|23\n|inactive|Time left: 300 sec this turn | 300 sec total\n|\n|t:|1783552216\n|switch|p2a: Electrode|Electrode, L92|260/260\n|move|p1a: Sceptile|Earthquake|p2a: Electrode\n|-supereffective|p2a: Electrode\n|-damage|p2a: Electrode|83/260\n|-damage|p1a: Sceptile|78/100|[from] item: Life Orb\n|\n|upkeep\n|turn|24\n|inactive|Time left: 300 sec this turn | 300 sec total\n|\n|t:|1783552217\n|move|p2a: Electrode|Volt Switch|p1a: Sceptile\n|-resisted|p1a: Sceptile\n|-damage|p1a: Sceptile|64/100\n|inactive|Time left: 300 sec this turn | 300 sec total | 5 sec grace\n|\n|t:|1783552218\n|switch|p2a: Cyclizar|Cyclizar, L84, F|255/255|[from] Volt Switch\n|move|p1a: Sceptile|Earthquake|p2a: Cyclizar\n|-damage|p2a: Cyclizar|135/255\n|-damage|p1a: Sceptile|54/100|[from] item: Life Orb\n|\n|upkeep\n|turn|25\n|inactive|Time left: 300 sec this turn | 300 sec total\n|\n|t:|1783552219\n|move|p1a: Sceptile|Earthquake|p2a: Cyclizar\n|-damage|p2a: Cyclizar|34/255\n|-damage|p1a: Sceptile|44/100|[from] item: Life Orb\n|move|p2a: Cyclizar|Rapid Spin|p1a: Sceptile\n|-damage|p1a: Sceptile|22/100\n|-boost|p2a: Cyclizar|spe|1\n|\n|upkeep\n|turn|26\n|inactive|Time left: 300 sec this turn | 300 sec total\n|\n|t:|1783552221\n|switch|p1a: Toxapex|Toxapex, L82, M|100/100\n|-damage|p1a: Toxapex|88/100|[from] Stealth Rock\n|move|p2a: Cyclizar|Rapid Spin|p1a: Toxapex\n|-damage|p1a: Toxapex|73/100\n|-boost|p2a: Cyclizar|spe|1\n|\n|upkeep\n|turn|27\n|inactive|Time left: 300 sec this turn | 300 sec total\n|\n|t:|1783552222\n|switch|p2a: Electrode|Electrode, L92|83/260\n|move|p1a: Toxapex|Liquidation|p2a: Electrode\n|-damage|p2a: Electrode|19/260\n|\n|upkeep\n|turn|28\n|inactive|Time left: 300 sec this turn | 300 sec total\n|\n|t:|1783552223\n|-terastallize|p2a: Electrode|Electric\n|move|p2a: Electrode|Thunderbolt|p1a: Toxapex\n|-supereffective|p1a: Toxapex\n|-damage|p1a: Toxapex|0 fnt\n|faint|p1a: Toxapex\n|\n|upkeep\n|\n|t:|1783552224\n|switch|p1a: Sceptile|Sceptile, L87, F|22/100\n|-damage|p1a: Sceptile|10/100|[from] Stealth Rock\n|turn|29\n|inactive|Time left: 300 sec this turn | 300 sec total\n|\n|t:|1783552225\n|move|p2a: Electrode|Thunderbolt|p1a: Sceptile\n|-resisted|p1a: Sceptile\n|-damage|p1a: Sceptile|0 fnt\n|faint|p1a: Sceptile\n|\n|upkeep\n|\n|t:|1783552226\n|switch|p1a: Moltres|Moltres, L81|100/100\n|-damage|p1a: Moltres|50/100|[from] Stealth Rock\n|turn|30\n|inactive|Time left: 300 sec this turn | 300 sec total\n|\n|t:|1783552227\n|move|p2a: Electrode|Thunderbolt|p1a: Moltres\n|-supereffective|p1a: Moltres\n|-damage|p1a: Moltres|0 fnt\n|faint|p1a: Moltres\n|\n|win|p0y1060d8a5", "uploadtime": 1783552227, "views": 0, "rating": 0, "private": 0, "password": null, "_winner": "p0y1060d8a5", "_our_name": "p0y1060d8a5"}