{"id": "battle-gen9randombattle-1817", "formatid": "gen9randombattle", "format": "[Gen 9] Random Battle", "players": ["p0x18177761", "p0y1817fe07"], "log": "|init|battle\n|title|p0x18177761 vs. p0y1817fe07\n|j|\u2606p0x18177761\n|j|\u2606p0y1817fe07\n|t:|1783561052\n|gametype|singles\n|player|p1|p0x18177761|266|\n|player|p2|p0y1817fe07|170|\n|gen|9\n|tier|[Gen 9] Random Battle\n|rule|Species Clause: Limit one of each Pok\u00e9mon\n|rule|HP Percentage Mod: HP is shown in percentages\n|rule|Sleep Clause Mod: Limit one foe put to sleep\n|rule|Illusion Level Mod: Illusion disguises the Pok\u00e9mon's true level\n|\n|t:|1783561052\n|teamsize|p1|6\n|teamsize|p2|6\n|start\n|switch|p1a: Wigglytuff|Wigglytuff, L96, F|100/100\n|switch|p2a: Hydrapple|Hydrapple, L83, M|312/312\n|turn|1\n|inactive|Battle timer is ON: inactive players will automatically lose when time's up. (requested by p0y1817fe07)\n|inactive|p0x18177761 also wants the timer to be on.\n|\n|t:|1783561053\n|move|p1a: Wigglytuff|Knock Off|p2a: Hydrapple\n|-damage|p2a: Hydrapple|255/312\n|-enditem|p2a: Hydrapple|Choice Specs|[from] move: Knock Off|[of] p1a: Wigglytuff\n|move|p2a: Hydrapple|Earth Power|p1a: Wigglytuff\n|-damage|p1a: Wigglytuff|77/100\n|-unboost|p1a: Wigglytuff|spd|1\n|-ability|p1a: Wigglytuff|Competitive|boost\n|-boost|p1a: Wigglytuff|spa|2\n|\n|-heal|p1a: Wigglytuff|84/100|[from] item: Leftovers\n|upkeep\n|turn|2\n|inactive|Time left: 300 sec this turn | 300 sec total\n|\n|t:|1783561054\n|switch|p2a: Empoleon|Empoleon, L84, F|278/278\n|move|p1a: Wigglytuff|Alluring Voice|p2a: Empoleon\n|-resisted|p2a: Empoleon\n|-damage|p2a: Empoleon|188/278\n|\n|-heal|p2a: Empoleon|205/278|[from] item: Leftovers\n|-heal|p1a: Wigglytuff|90/100|[from] item: Leftovers\n|upkeep\n|turn|3\n|inactive|Time left: 300 sec this turn | 300 sec total\n|\n|t:|1783561055\n|move|p2a: Empoleon|Surf|p1a: Wigglytuff\n|-damage|p1a: Wigglytuff|45/100\n|move|p1a: Wigglytuff|Fire Blast|p2a: Empoleon\n|-damage|p2a: Empoleon|45/278\n|\n|-heal|p2a: Empoleon|62/278|[from] item: Leftovers\n|-heal|p1a: Wigglytuff|51/100|[from] item: Leftovers\n|upkeep\n|turn|4\n|inactive|Time left: 300 sec this turn | 300 sec total\n|\n|t:|1783561057\n|move|p2a: Empoleon|Surf|p1a: Wigglytuff\n|-damage|p1a: Wigglytuff|1/100\n|move|p1a: Wigglytuff|Knock Off|p2a: Empoleon\n|-damage|p2a: Empoleon|0 fnt\n|-enditem|p2a: Empoleon|Leftovers|[from] move: Knock Off|[of] p1a: Wigglytuff\n|faint|p2a: Empoleon\n|\n|-heal|p1a: Wigglytuff|7/100|[from] item: Leftovers\n|upkeep\n|inactive|Time left: 300 sec this turn | 300 sec total | 5 sec grace\n|\n|t:|1783561058\n|switch|p2a: Glaceon|Glaceon, L94, M|275/275\n|turn|5\n|inactive|Time left: 300 sec this turn | 300 sec total\n|\n|t:|1783561059\n|move|p2a: Glaceon|Freeze-Dry|p1a: Wigglytuff\n|-crit|p1a: Wigglytuff\n|-damage|p1a: Wigglytuff|0 fnt\n|faint|p1a: Wigglytuff\n|\n|upkeep\n|\n|t:|1783561060\n|switch|p1a: Magmortar|Magmortar, L88, F|100/100\n|turn|6\n|inactive|Time left: 300 sec this turn | 300 sec total\n|\n|t:|1783561061\n|move|p2a: Glaceon|Protect|p2a: Glaceon\n|-singleturn|p2a: Glaceon|Protect\n|move|p1a: Magmortar|Fire Blast|p2a: Glaceon\n|-activate|p2a: Glaceon|move: Protect\n|\n|upkeep\n|turn|7\n|inactive|Time left: 300 sec this turn | 300 sec total\n|\n|t:|1783561062\n|-terastallize|p2a: Glaceon|Ground\n|move|p1a: Magmortar|Fire Blast|p2a: Glaceon\n|-damage|p2a: Glaceon|59/275\n|move|p2a: Glaceon|Mud Shot|p1a: Magmortar\n|-supereffective|p1a: Magmortar\n|-damage|p1a: Magmortar|32/100\n|-unboost|p1a: Magmortar|spe|1\n|\n|upkeep\n|turn|8\n|inactive|Time left: 300 sec this turn | 300 sec total\n|\n|t:|1783561064\n|move|p2a: Glaceon|Mud Shot|p1a: Magmortar\n|-supereffective|p1a: Magmortar\n|-damage|p1a: Magmortar|0 fnt\n|faint|p1a: Magmortar\n|\n|upkeep\n|\n|t:|1783561065\n|switch|p1a: Lumineon|Lumineon, L93, M|100/100\n|turn|9\n|inactive|Time left: 300 sec this turn | 300 sec total\n|\n|t:|1783561066\n|move|p1a: Lumineon|Ice Beam|p2a: Glaceon\n|-supereffective|p2a: Glaceon\n|-damage|p2a: Glaceon|0 fnt\n|faint|p2a: Glaceon\n|\n|upkeep\n|inactive|Time left: 300 sec this turn | 300 sec total | 5 sec grace\n|\n|t:|1783561067\n|switch|p2a: Chesnaught|Chesnaught, L84, F|285/285\n|turn|10\n|inactive|Time left: 300 sec this turn | 300 sec total\n|\n|t:|1783561068\n|move|p1a: Lumineon|Ice Beam|p2a: Chesnaught\n|-supereffective|p2a: Chesnaught\n|-damage|p2a: Chesnaught|135/285\n|move|p2a: Chesnaught|Body Press|p1a: Lumineon\n|-damage|p1a: Lumineon|66/100\n|\n|-heal|p2a: Chesnaught|152/285|[from] item: Leftovers\n|upkeep\n|turn|11\n|inactive|Time left: 300 sec this turn | 300 sec total\n|\n|t:|1783561069\n|move|p1a: Lumineon|Ice Beam|p2a: Chesnaught\n|-supereffective|p2a: Chesnaught\n|-damage|p2a: Chesnaught|26/285\n|move|p2a: Chesnaught|Synthesis|p2a: Chesnaught\n|-heal|p2a: Chesnaught|168/285\n|\n|-heal|p2a: Chesnaught|185/285|[from] item: Leftovers\n|upkeep\n|turn|12\n|inactive|Time left: 300 sec this turn | 300 sec total\n|\n|t:|1783561070\n|move|p1a: Lumineon|Ice Beam|p2a: Chesnaught\n|-supereffective|p2a: Chesnaught\n|-damage|p2a: Chesnaught|39/285\n|-status|p2a: Chesnaught|frz\n|-curestatus|p2a: Chesnaught|frz|[msg]\n|move|p2a: Chesnaught|Synthesis|p2a: Chesnaught\n|-heal|p2a: Chesnaught|181/285\n|\n|-heal|p2a: Chesnaught|198/285|[from] item: Leftovers\n|upkeep\n|turn|13\n|inactive|Time left: 300 sec this turn | 300 sec total\n|\n|t:|1783561071\n|move|p1a: Lumineon|Ice Beam|p2a: Chesnaught\n|-supereffective|p2a: Chesnaught\n|-damage|p2a: Chesnaught|58/285\n|move|p2a: Chesnaught|Synthesis|p2a: Chesnaught\n|-heal|p2a: Chesnaught|200/285\n|\n|-heal|p2a: Chesnaught|217/285|[from] item: Leftovers\n|upkeep\n|turn|14\n|inactive|Time left: 300 sec this turn | 300 sec total\n|\n|t:|1783561072\n|move|p1a: Lumineon|Ice Beam|p2a: Chesnaught\n|-supereffective|p2a: Chesnaught\n|-damage|p2a: Chesnaught|73/285\n|move|p2a: Chesnaught|Synthesis|p2a: Chesnaught\n|-heal|p2a: Chesnaught|215/285\n|\n|-heal|p2a: Chesnaught|232/285|[from] item: Leftovers\n|upkeep\n|turn|15\n|inactive|Time left: 300 sec this turn | 300 sec total\n|\n|t:|1783561073\n|move|p1a: Lumineon|Ice Beam|p2a: Chesnaught\n|-supereffective|p2a: Chesnaught\n|-damage|p2a: Chesnaught|94/285\n|move|p2a: Chesnaught|Wood Hammer|p1a: Lumineon\n|-supereffective|p1a: Lumineon\n|-damage|p1a: Lumineon|0 fnt\n|faint|p1a: Lumineon\n|-damage|p2a: Chesnaught|34/285|[from] Recoil\n|\n|-heal|p2a: Chesnaught|51/285|[from] item: Leftovers\n|upkeep\n|\n|t:|1783561074\n|switch|p1a: Great Tusk|Great Tusk, L77|100/100\n|turn|16\n|inactive|Time left: 300 sec this turn | 300 sec total\n|\n|t:|1783561075\n|move|p1a: Great Tusk|Close Combat|p2a: Chesnaught\n|-damage|p2a: Chesnaught|0 fnt\n|-unboost|p1a: Great Tusk|def|1\n|-unboost|p1a: Great Tusk|spd|1\n|faint|p2a: Chesnaught\n|\n|upkeep\n|inactive|Time left: 300 sec this turn | 300 sec total | 5 sec grace\n|\n|t:|1783561076\n|switch|p2a: Great Tusk|Great Tusk, L77|304/304\n|turn|17\n|inactive|Time left: 300 sec this turn | 300 sec total\n|\n|t:|1783561077\n|-end|p1a: Great Tusk|Protosynthesis|[silent]\n|switch|p1a: Gurdurr|Gurdurr, L85, F|100/100\n|move|p2a: Great Tusk|Bulk Up|p2a: Great Tusk\n|-boost|p2a: Great Tusk|atk|1\n|-boost|p2a: Great Tusk|def|1\n|\n|upkeep\n|turn|18\n|inactive|Time left: 300 sec this turn | 300 sec total\n|\n|t:|1783561078\n|move|p2a: Great Tusk|Earthquake|p1a: Gurdurr\n|-damage|p1a: Gurdurr|59/100\n|move|p1a: Gurdurr|Bulk Up|p1a: Gurdurr\n|-boost|p1a: Gurdurr|atk|1\n|-boost|p1a: Gurdurr|def|1\n|\n|upkeep\n|turn|19\n|inactive|Time left: 300 sec this turn | 300 sec total\n|\n|t:|1783561078\n|move|p2a: Great Tusk|Bulk Up|p2a: Great Tusk\n|-boost|p2a: Great Tusk|atk|1\n|-boost|p2a: Great Tusk|def|1\n|move|p1a: Gurdurr|Bulk Up|p1a: Gurdurr\n|-boost|p1a: Gurdurr|atk|1\n|-boost|p1a: Gurdurr|def|1\n|\n|upkeep\n|turn|20\n|inactive|Time left: 300 sec this turn | 300 sec total\n|\n|t:|1783561079\n|move|p2a: Great Tusk|Earthquake|p1a: Gurdurr\n|-damage|p1a: Gurdurr|30/100\n|move|p1a: Gurdurr|Drain Punch|p2a: Great Tusk\n|-damage|p2a: Great Tusk|237/304\n|-heal|p1a: Gurdurr|42/100|[from] drain|[of] p2a: Great Tusk\n|\n|-heal|p2a: Great Tusk|256/304|[from] item: Leftovers\n|upkeep\n|turn|21\n|inactive|Time left: 300 sec this turn | 300 sec total\n|\n|t:|1783561080\n|move|p2a: Great Tusk|Earthquake|p1a: Gurdurr\n|-damage|p1a: Gurdurr|16/100\n|move|p1a: Gurdurr|Drain Punch|p2a: Great Tusk\n|-damage|p2a: Great Tusk|186/304\n|-heal|p1a: Gurdurr|28/100|[from] drain|[of] p2a: Great Tusk\n|\n|-heal|p2a: Great Tusk|205/304|[from] item: Leftovers\n|upkeep\n|turn|22\n|inactive|Time left: 300 sec this turn | 300 sec total\n|\n|t:|1783561081\n|move|p2a: Great Tusk|Close Combat|p1a: Gurdurr\n|-damage|p1a: Gurdurr|0 fnt\n|-unboost|p2a: Great Tusk|def|1\n|-unboost|p2a: Great Tusk|spd|1\n|faint|p1a: Gurdurr\n|\n|-heal|p2a: Great Tusk|224/304|[from] item: Leftovers\n|upkeep\n|\n|t:|1783561082\n|switch|p1a: Venusaur|Venusaur, L84, F|100/100\n|turn|23\n|inactive|Time left: 300 sec this turn | 300 sec total\n|\n|t:|1783561083\n|move|p1a: Venusaur|Earth Power|p2a: Great Tusk\n|-damage|p2a: Great Tusk|62/304\n|move|p2a: Great Tusk|Rapid Spin|p1a: Venusaur\n|-damage|p1a: Venusaur|70/100\n|-boost|p2a: Great Tusk|spe|1\n|\n|-heal|p2a: Great Tusk|81/304|[from] item: Leftovers\n|-heal|p1a: Venusaur|77/100|[from] item: Leftovers\n|upkeep\n|turn|24\n|inactive|Time left: 300 sec this turn | 300 sec total\n|\n|t:|1783561084\n|switch|p1a: Great Tusk|Great Tusk, L77|100/100\n|move|p2a: Great Tusk|Earthquake|p1a: Great Tusk\n|-damage|p1a: Great Tusk|42/100\n|\n|-heal|p2a: Great Tusk|100/304|[from] item: Leftovers\n|-heal|p1a: Great Tusk|48/100|[from] item: Leftovers\n|upkeep\n|turn|25\n|inactive|Time left: 300 sec this turn | 300 sec total\n|\n|t:|1783561085\n|-terastallize|p1a: Great Tusk|Steel\n|move|p2a: Great Tusk|Earthquake|p1a: Great Tusk\n|-supereffective|p1a: Great Tusk\n|-damage|p1a: Great Tusk|0 fnt\n|faint|p1a: Great Tusk\n|-end|p1a: Great Tusk|Protosynthesis|[silent]\n|\n|-heal|p2a: Great Tusk|119/304|[from] item: Leftovers\n|upkeep\n|\n|t:|1783561085\n|switch|p1a: Venusaur|Venusaur, L84, F|77/100\n|turn|26\n|inactive|Time left: 300 sec this turn | 300 sec total\n|\n|t:|1783561086\n|move|p2a: Great Tusk|Earthquake|p1a: Venusaur\n|-damage|p1a: Venusaur|0 fnt\n|faint|p1a: Venusaur\n|\n|win|p0y1817fe07", "uploadtime": 1783561086, "views": 0, "rating": 0, "private": 0, "password": null, "_winner": "p0y1817fe07", "_our_name": "p0y1817fe07"}