{"id": "battle-gen9randombattle-94", "formatid": "gen9randombattle", "format": "[Gen 9] Random Battle", "players": ["p0x0933e41", "p0y093f9ec"], "log": "|init|battle\n|title|p0x0933e41 vs. p0y093f9ec\n|j|\u2606p0x0933e41\n|j|\u2606p0y093f9ec\n|t:|1783540272\n|gametype|singles\n|player|p1|p0x0933e41|169|\n|player|p2|p0y093f9ec|101|\n|gen|9\n|tier|[Gen 9] Random Battle\n|rule|Species Clause: Limit one of each Pok\u00e9mon\n|rule|HP Percentage Mod: HP is shown in percentages\n|rule|Sleep Clause Mod: Limit one foe put to sleep\n|rule|Illusion Level Mod: Illusion disguises the Pok\u00e9mon's true level\n|\n|t:|1783540272\n|teamsize|p1|6\n|teamsize|p2|6\n|start\n|switch|p1a: Reshiram|Reshiram, L76|100/100\n|switch|p2a: Dusknoir|Dusknoir, L89, M|225/225\n|-ability|p1a: Reshiram|Turboblaze\n|-item|p1a: Reshiram|Heavy-Duty Boots|[from] ability: Frisk|[of] p2a: Dusknoir\n|turn|1\n|inactive|Battle timer is ON: inactive players will automatically lose when time's up. (requested by p0y093f9ec)\n|inactive|p0x0933e41 also wants the timer to be on.\n|\n|t:|1783540274\n|-terastallize|p1a: Reshiram|Dragon\n|move|p1a: Reshiram|Outrage|p2a: Dusknoir\n|-damage|p2a: Dusknoir|111/225\n|move|p2a: Dusknoir|Poltergeist|p1a: Reshiram\n|-activate|p1a: Reshiram|move: Poltergeist|Heavy-Duty Boots\n|-damage|p1a: Reshiram|38/100\n|-damage|p2a: Dusknoir|89/225|[from] item: Life Orb\n|\n|upkeep\n|turn|2\n|inactive|Time left: 300 sec this turn | 300 sec total\n|\n|t:|1783540275\n|switch|p2a: Zamazenta|Zamazenta-Crowned, L68|238/238\n|-ability|p2a: Zamazenta|Dauntless Shield|boost\n|-boost|p2a: Zamazenta|def|1\n|move|p1a: Reshiram|Outrage|p2a: Zamazenta|[from] lockedmove\n|-resisted|p2a: Zamazenta\n|-damage|p2a: Zamazenta|191/238\n|\n|upkeep\n|turn|3\n|inactive|Time left: 300 sec this turn | 300 sec total\n|\n|t:|1783540277\n|move|p2a: Zamazenta|Body Press|p1a: Reshiram\n|-damage|p1a: Reshiram|0 fnt\n|faint|p1a: Reshiram\n|\n|upkeep\n|\n|t:|1783540278\n|switch|p1a: Iron Leaves|Iron Leaves, L80|100/100\n|turn|4\n|inactive|Time left: 300 sec this turn | 300 sec total\n|\n|t:|1783540279\n|move|p2a: Zamazenta|Iron Defense|p2a: Zamazenta\n|-boost|p2a: Zamazenta|def|2\n|move|p1a: Iron Leaves|Swords Dance|p1a: Iron Leaves\n|-boost|p1a: Iron Leaves|atk|2\n|\n|upkeep\n|turn|5\n|inactive|Time left: 300 sec this turn | 300 sec total\n|\n|t:|1783540280\n|move|p2a: Zamazenta|Heavy Slam|p1a: Iron Leaves\n|-damage|p1a: Iron Leaves|65/100\n|move|p1a: Iron Leaves|Swords Dance|p1a: Iron Leaves\n|-boost|p1a: Iron Leaves|atk|2\n|\n|upkeep\n|turn|6\n|inactive|Time left: 300 sec this turn | 300 sec total\n|\n|t:|1783540281\n|move|p2a: Zamazenta|Body Press|p1a: Iron Leaves\n|-resisted|p1a: Iron Leaves\n|-damage|p1a: Iron Leaves|31/100\n|move|p1a: Iron Leaves|Close Combat|p2a: Zamazenta\n|-supereffective|p2a: Zamazenta\n|-damage|p2a: Zamazenta|0 fnt\n|-unboost|p1a: Iron Leaves|def|1\n|-unboost|p1a: Iron Leaves|spd|1\n|faint|p2a: Zamazenta\n|-damage|p1a: Iron Leaves|21/100|[from] item: Life Orb\n|\n|upkeep\n|inactive|Time left: 300 sec this turn | 300 sec total | 5 sec grace\n|\n|t:|1783540282\n|switch|p2a: Noctowl|Noctowl, L95, M|235/235\n|turn|7\n|inactive|Time left: 300 sec this turn | 300 sec total\n|\n|t:|1783540283\n|move|p2a: Noctowl|Sludge Bomb|p1a: Iron Leaves\n|-supereffective|p1a: Iron Leaves\n|-damage|p1a: Iron Leaves|0 fnt\n|faint|p1a: Iron Leaves\n|-end|p1a: Iron Leaves|Quark Drive|[silent]\n|\n|upkeep\n|\n|t:|1783540284\n|switch|p1a: Registeel|Registeel, L81|100/100\n|turn|8\n|inactive|Time left: 300 sec this turn | 300 sec total\n|\n|t:|1783540285\n|switch|p2a: Dusknoir|Dusknoir, L89, M|89/225\n|-item|p1a: Registeel|Leftovers|[from] ability: Frisk|[of] p2a: Dusknoir\n|move|p1a: Registeel|Stealth Rock|p2a: Dusknoir\n|-sidestart|p2: p0y093f9ec|move: Stealth Rock\n|\n|upkeep\n|turn|9\n|inactive|Time left: 300 sec this turn | 300 sec total\n|\n|t:|1783540286\n|switch|p1a: Iron Jugulis|Iron Jugulis, L77|100/100\n|move|p2a: Dusknoir|Pain Split|p1a: Iron Jugulis\n|-sethp|p1a: Iron Jugulis|67/100|[from] move: Pain Split|[silent]\n|-sethp|p2a: Dusknoir|180/225|[from] move: Pain Split\n|\n|upkeep\n|turn|10\n|inactive|Time left: 300 sec this turn | 300 sec total\n|\n|t:|1783540287\n|switch|p2a: Terrakion|Terrakion, L79|273/273\n|-damage|p2a: Terrakion|256/273|[from] Stealth Rock\n|move|p1a: Iron Jugulis|Meteor Beam||[still]\n|-prepare|p1a: Iron Jugulis|Meteor Beam\n|-boost|p1a: Iron Jugulis|spa|1\n|-enditem|p1a: Iron Jugulis|Power Herb\n|-anim|p1a: Iron Jugulis|Meteor Beam|p2a: Terrakion|[miss]\n|-miss|p1a: Iron Jugulis|p2a: Terrakion\n|\n|upkeep\n|turn|11\n|inactive|Time left: 300 sec this turn | 300 sec total\n|\n|t:|1783540288\n|-end|p1a: Iron Jugulis|Quark Drive|[silent]\n|switch|p1a: Weezing|Weezing, L88, M|100/100\n|move|p2a: Terrakion|Stone Edge|p1a: Weezing\n|-damage|p1a: Weezing|60/100\n|-damage|p2a: Terrakion|229/273|[from] item: Life Orb\n|\n|-heal|p1a: Weezing|66/100|[from] item: Leftovers\n|upkeep\n|turn|12\n|inactive|Time left: 300 sec this turn | 300 sec total\n|\n|t:|1783540289\n|move|p2a: Terrakion|Swords Dance|p2a: Terrakion\n|-boost|p2a: Terrakion|atk|2\n|move|p1a: Weezing|Gunk Shot|p2a: Terrakion\n|-resisted|p2a: Terrakion\n|-damage|p2a: Terrakion|161/273\n|\n|-heal|p1a: Weezing|72/100|[from] item: Leftovers\n|upkeep\n|turn|13\n|inactive|Time left: 300 sec this turn | 300 sec total\n|\n|t:|1783540290\n|switch|p1a: Registeel|Registeel, L81|100/100\n|move|p2a: Terrakion|Stone Edge|p1a: Registeel\n|-resisted|p1a: Registeel\n|-damage|p1a: Registeel|65/100\n|-damage|p2a: Terrakion|134/273|[from] item: Life Orb\n|\n|-heal|p1a: Registeel|71/100|[from] item: Leftovers\n|upkeep\n|turn|14\n|inactive|Time left: 300 sec this turn | 300 sec total\n|\n|t:|1783540291\n|switch|p1a: Weezing|Weezing, L88, M|72/100\n|move|p2a: Terrakion|Close Combat|p1a: Weezing\n|-resisted|p1a: Weezing\n|-damage|p1a: Weezing|23/100\n|-unboost|p2a: Terrakion|def|1\n|-unboost|p2a: Terrakion|spd|1\n|-damage|p2a: Terrakion|107/273|[from] item: Life Orb\n|\n|-heal|p1a: Weezing|29/100|[from] item: Leftovers\n|upkeep\n|turn|15\n|inactive|Time left: 300 sec this turn | 300 sec total\n|\n|t:|1783540292\n|move|p2a: Terrakion|Close Combat|p1a: Weezing\n|-resisted|p1a: Weezing\n|-damage|p1a: Weezing|0 fnt\n|-unboost|p2a: Terrakion|def|1\n|-unboost|p2a: Terrakion|spd|1\n|faint|p1a: Weezing\n|-damage|p2a: Terrakion|80/273|[from] item: Life Orb\n|\n|upkeep\n|\n|t:|1783540293\n|switch|p1a: Spiritomb|Spiritomb, L89, M|100/100\n|turn|16\n|inactive|Time left: 300 sec this turn | 300 sec total\n|\n|t:|1783540294\n|move|p1a: Spiritomb|Shadow Sneak|p2a: Terrakion\n|-damage|p2a: Terrakion|0 fnt\n|faint|p2a: Terrakion\n|\n|upkeep\n|inactive|Time left: 300 sec this turn | 300 sec total | 5 sec grace\n|\n|t:|1783540295\n|switch|p2a: Noctowl|Noctowl, L95, M|344/344\n|turn|17\n|inactive|Time left: 300 sec this turn | 300 sec total\n|\n|t:|1783540296\n|switch|p1a: Registeel|Registeel, L81|71/100\n|move|p2a: Noctowl|Calm Mind|p2a: Noctowl\n|-boost|p2a: Noctowl|spa|1\n|-boost|p2a: Noctowl|spd|1\n|\n|-heal|p1a: Registeel|77/100|[from] item: Leftovers\n|upkeep\n|turn|18\n|inactive|Time left: 300 sec this turn | 300 sec total\n|\n|t:|1783540297\n|move|p2a: Noctowl|Hurricane|p1a: Registeel\n|-resisted|p1a: Registeel\n|-damage|p1a: Registeel|29/100\n|move|p1a: Registeel|Thunder Wave|p2a: Noctowl\n|-status|p2a: Noctowl|par\n|\n|-heal|p1a: Registeel|35/100|[from] item: Leftovers\n|upkeep\n|turn|19\n|inactive|Time left: 300 sec this turn | 300 sec total\n|\n|t:|1783540298\n|move|p1a: Registeel|Body Press|p2a: Noctowl\n|-damage|p2a: Noctowl|240/344 par\n|cant|p2a: Noctowl|par\n|\n|-heal|p1a: Registeel|41/100|[from] item: Leftovers\n|upkeep\n|turn|20\n|inactive|Time left: 300 sec this turn | 300 sec total\n|\n|t:|1783540299\n|move|p1a: Registeel|Body Press|p2a: Noctowl\n|-damage|p2a: Noctowl|148/344 par\n|move|p2a: Noctowl|Hyper Voice|p1a: Registeel\n|-resisted|p1a: Registeel\n|-damage|p1a: Registeel|0 fnt\n|faint|p1a: Registeel\n|\n|upkeep\n|\n|t:|1783540300\n|switch|p1a: Spiritomb|Spiritomb, L89, M|100/100\n|turn|21\n|inactive|Time left: 300 sec this turn | 300 sec total\n|\n|t:|1783540301\n|move|p1a: Spiritomb|Foul Play|p2a: Noctowl\n|-damage|p2a: Noctowl|52/344 par\n|cant|p2a: Noctowl|par\n|\n|upkeep\n|turn|22\n|inactive|Time left: 300 sec this turn | 300 sec total\n|\n|t:|1783540302\n|move|p1a: Spiritomb|Foul Play|p2a: Noctowl\n|-damage|p2a: Noctowl|0 fnt\n|faint|p2a: Noctowl\n|\n|upkeep\n|inactive|Time left: 300 sec this turn | 300 sec total | 5 sec grace\n|\n|t:|1783540303\n|switch|p2a: Dusknoir|Dusknoir, L89, M|235/235\n|-damage|p2a: Dusknoir|206/235|[from] Stealth Rock\n|turn|23\n|inactive|Time left: 300 sec this turn | 300 sec total\n|\n|t:|1783540304\n|move|p2a: Dusknoir|Dark Pulse|p1a: Spiritomb\n|-damage|p1a: Spiritomb|49/100\n|move|p1a: Spiritomb|Foul Play|p2a: Dusknoir\n|-resisted|p2a: Dusknoir\n|-damage|p2a: Dusknoir|124/235\n|replace|p2a: Zoroark|Zoroark, L83, M\n|-end|p2a: Zoroark|Illusion\n|-hint|Illusion Level Mod is active, so this Pok\u00e9mon's true level was hidden.\n|\n|upkeep\n|turn|24\n|inactive|Time left: 300 sec this turn | 300 sec total\n|\n|t:|1783540305\n|switch|p1a: Iron Jugulis|Iron Jugulis, L77|67/100\n|move|p2a: Zoroark|Dark Pulse|p1a: Iron Jugulis\n|-resisted|p1a: Iron Jugulis\n|-damage|p1a: Iron Jugulis|37/100\n|\n|upkeep\n|turn|25\n|inactive|Time left: 300 sec this turn | 300 sec total\n|\n|t:|1783540306\n|move|p2a: Zoroark|Dark Pulse|p1a: Iron Jugulis\n|-resisted|p1a: Iron Jugulis\n|-damage|p1a: Iron Jugulis|5/100\n|move|p1a: Iron Jugulis|Hurricane|p2a: Zoroark\n|-damage|p2a: Zoroark|0 fnt\n|faint|p2a: Zoroark\n|\n|upkeep\n|inactive|Time left: 300 sec this turn | 300 sec total | 5 sec grace\n|\n|t:|1783540307\n|switch|p2a: Scizor|Scizor, L79, M|240/240\n|-damage|p2a: Scizor|210/240|[from] Stealth Rock\n|turn|26\n|inactive|Time left: 300 sec this turn | 300 sec total\n|\n|t:|1783540308\n|-end|p1a: Iron Jugulis|Quark Drive|[silent]\n|switch|p1a: Spiritomb|Spiritomb, L89, M|49/100\n|move|p2a: Scizor|Bullet Punch|p1a: Spiritomb\n|-damage|p1a: Spiritomb|27/100\n|\n|-heal|p2a: Scizor|225/240|[from] item: Leftovers\n|upkeep\n|turn|27\n|inactive|Time left: 300 sec this turn | 300 sec total\n|\n|t:|1783540309\n|-terastallize|p2a: Scizor|Steel\n|move|p2a: Scizor|Bullet Punch|p1a: Spiritomb\n|-damage|p1a: Spiritomb|0 fnt\n|faint|p1a: Spiritomb\n|\n|-heal|p2a: Scizor|240/240|[from] item: Leftovers\n|upkeep\n|\n|t:|1783540310\n|switch|p1a: Iron Jugulis|Iron Jugulis, L77|5/100\n|turn|28\n|inactive|Time left: 300 sec this turn | 300 sec total\n|\n|t:|1783540311\n|move|p2a: Scizor|Bullet Punch|p1a: Iron Jugulis\n|-damage|p1a: Iron Jugulis|0 fnt\n|faint|p1a: Iron Jugulis\n|-end|p1a: Iron Jugulis|Quark Drive|[silent]\n|\n|win|p0y093f9ec", "uploadtime": 1783540311, "views": 0, "rating": 0, "private": 0, "password": null, "_winner": "p0y093f9ec", "_our_name": "p0y093f9ec"}