{"id": "battle-gen9randombattle-1463", "formatid": "gen9randombattle", "format": "[Gen 9] Random Battle", "players": ["p0x1463b655", "p0y1463b55b"], "log": "|init|battle\n|title|p0x1463b655 vs. p0y1463b55b\n|j|\u2606p0x1463b655\n|j|\u2606p0y1463b55b\n|t:|1783557030\n|gametype|singles\n|player|p1|p0x1463b655|2|\n|player|p2|p0y1463b55b|2|\n|gen|9\n|tier|[Gen 9] Random Battle\n|rule|Species Clause: Limit one of each Pok\u00e9mon\n|rule|HP Percentage Mod: HP is shown in percentages\n|rule|Sleep Clause Mod: Limit one foe put to sleep\n|rule|Illusion Level Mod: Illusion disguises the Pok\u00e9mon's true level\n|\n|t:|1783557030\n|teamsize|p1|6\n|teamsize|p2|6\n|start\n|switch|p1a: Passimian|Passimian, L83, M|302/302\n|switch|p2a: Gouging Fire|Gouging Fire, L74|100/100\n|turn|1\n|inactive|Battle timer is ON: inactive players will automatically lose when time's up. (requested by p0x1463b655)\n|inactive|p0y1463b55b also wants the timer to be on.\n|\n|t:|1783557032\n|move|p1a: Passimian|Earthquake|p2a: Gouging Fire\n|-supereffective|p2a: Gouging Fire\n|-damage|p2a: Gouging Fire|49/100\n|move|p2a: Gouging Fire|Dragon Dance|p2a: Gouging Fire\n|-boost|p2a: Gouging Fire|atk|1\n|-boost|p2a: Gouging Fire|spe|1\n|\n|upkeep\n|turn|2\n|inactive|Time left: 300 sec this turn | 300 sec total\n|\n|t:|1783557033\n|-terastallize|p2a: Gouging Fire|Ground\n|move|p1a: Passimian|Earthquake|p2a: Gouging Fire\n|-damage|p2a: Gouging Fire|24/100\n|move|p2a: Gouging Fire|Heat Crash|p1a: Passimian\n|-damage|p1a: Passimian|143/302\n|\n|upkeep\n|turn|3\n|inactive|Time left: 300 sec this turn | 300 sec total\n|\n|t:|1783557034\n|-end|p2a: Gouging Fire|Protosynthesis|[silent]\n|switch|p2a: Kilowattrel|Kilowattrel, L83, M|100/100\n|move|p1a: Passimian|Earthquake|p2a: Kilowattrel\n|-immune|p2a: Kilowattrel\n|\n|upkeep\n|turn|4\n|inactive|Time left: 300 sec this turn | 300 sec total\n|\n|t:|1783557036\n|switch|p1a: Cresselia|Cresselia, L80, F|323/323\n|move|p2a: Kilowattrel|Thunderbolt|p1a: Cresselia\n|-damage|p1a: Cresselia|242/323\n|\n|-heal|p1a: Cresselia|262/323|[from] item: Leftovers\n|upkeep\n|turn|5\n|inactive|Time left: 300 sec this turn | 300 sec total\n|\n|t:|1783557037\n|move|p2a: Kilowattrel|Hurricane|p1a: Cresselia\n|-damage|p1a: Cresselia|156/323\n|move|p1a: Cresselia|Calm Mind|p1a: Cresselia\n|-boost|p1a: Cresselia|spa|1\n|-boost|p1a: Cresselia|spd|1\n|\n|-heal|p1a: Cresselia|176/323|[from] item: Leftovers\n|upkeep\n|turn|6\n|inactive|Time left: 300 sec this turn | 300 sec total\n|\n|t:|1783557038\n|move|p2a: Kilowattrel|U-turn|p1a: Cresselia\n|-supereffective|p1a: Cresselia\n|-damage|p1a: Cresselia|102/323\n|\n|t:|1783557039\n|switch|p2a: Coalossal|Coalossal, L89, F|100/100|[from] U-turn\n|move|p1a: Cresselia|Psyshock|p2a: Coalossal\n|-damage|p2a: Coalossal|80/100\n|\n|-heal|p1a: Cresselia|122/323|[from] item: Leftovers\n|upkeep\n|turn|7\n|inactive|Time left: 300 sec this turn | 300 sec total\n|\n|t:|1783557040\n|move|p1a: Cresselia|Moonlight|p1a: Cresselia\n|-heal|p1a: Cresselia|283/323\n|move|p2a: Coalossal|Stealth Rock|p1a: Cresselia\n|-sidestart|p1: p0x1463b655|move: Stealth Rock\n|\n|-heal|p1a: Cresselia|303/323|[from] item: Leftovers\n|upkeep\n|turn|8\n|inactive|Time left: 300 sec this turn | 300 sec total\n|\n|t:|1783557041\n|move|p1a: Cresselia|Calm Mind|p1a: Cresselia\n|-boost|p1a: Cresselia|spa|1\n|-boost|p1a: Cresselia|spd|1\n|move|p2a: Coalossal|Spikes|p1a: Cresselia\n|-sidestart|p1: p0x1463b655|Spikes\n|\n|-heal|p1a: Cresselia|323/323|[from] item: Leftovers\n|upkeep\n|turn|9\n|inactive|Time left: 300 sec this turn | 300 sec total\n|\n|t:|1783557042\n|move|p1a: Cresselia|Psyshock|p2a: Coalossal\n|-damage|p2a: Coalossal|52/100\n|move|p2a: Coalossal|Spikes|p1a: Cresselia\n|-sidestart|p1: p0x1463b655|Spikes\n|\n|upkeep\n|turn|10\n|inactive|Time left: 300 sec this turn | 300 sec total\n|\n|t:|1783557043\n|move|p1a: Cresselia|Psyshock|p2a: Coalossal\n|-damage|p2a: Coalossal|24/100\n|move|p2a: Coalossal|Spikes|p1a: Cresselia\n|-sidestart|p1: p0x1463b655|Spikes\n|\n|upkeep\n|turn|11\n|inactive|Time left: 300 sec this turn | 300 sec total\n|\n|t:|1783557043\n|switch|p2a: Dachsbun|Dachsbun, L92, M|100/100\n|move|p1a: Cresselia|Psyshock|p2a: Dachsbun\n|-damage|p2a: Dachsbun|61/100\n|\n|-heal|p2a: Dachsbun|67/100|[from] item: Leftovers\n|upkeep\n|turn|12\n|inactive|Time left: 300 sec this turn | 300 sec total\n|\n|t:|1783557044\n|move|p2a: Dachsbun|Yawn|p1a: Cresselia\n|-start|p1a: Cresselia|move: Yawn|[of] p2a: Dachsbun\n|move|p1a: Cresselia|Psyshock|p2a: Dachsbun\n|-damage|p2a: Dachsbun|26/100\n|\n|-heal|p2a: Dachsbun|32/100|[from] item: Leftovers\n|upkeep\n|turn|13\n|inactive|Time left: 300 sec this turn | 300 sec total\n|\n|t:|1783557045\n|move|p2a: Dachsbun|Protect|p2a: Dachsbun\n|-singleturn|p2a: Dachsbun|Protect\n|move|p1a: Cresselia|Psyshock|p2a: Dachsbun\n|-activate|p2a: Dachsbun|move: Protect\n|\n|-heal|p2a: Dachsbun|38/100|[from] item: Leftovers\n|-end|p1a: Cresselia|move: Yawn|[silent]\n|-status|p1a: Cresselia|slp\n|upkeep\n|turn|14\n|inactive|Time left: 300 sec this turn | 300 sec total\n|\n|t:|1783557046\n|move|p2a: Dachsbun|Wish|p2a: Dachsbun\n|cant|p1a: Cresselia|slp\n|\n|-heal|p2a: Dachsbun|44/100|[from] item: Leftovers\n|upkeep\n|turn|15\n|inactive|Time left: 300 sec this turn | 300 sec total\n|\n|t:|1783557047\n|move|p2a: Dachsbun|Protect|p2a: Dachsbun\n|-singleturn|p2a: Dachsbun|Protect\n|cant|p1a: Cresselia|slp\n|\n|-heal|p2a: Dachsbun|94/100|[from] move: Wish|[wisher] Dachsbun\n|-heal|p2a: Dachsbun|99/100|[from] item: Leftovers\n|upkeep\n|turn|16\n|inactive|Time left: 300 sec this turn | 300 sec total\n|\n|t:|1783557048\n|move|p2a: Dachsbun|Wish|p2a: Dachsbun\n|-curestatus|p1a: Cresselia|slp|[msg]\n|move|p1a: Cresselia|Psyshock|p2a: Dachsbun\n|-damage|p2a: Dachsbun|60/100\n|\n|-heal|p2a: Dachsbun|65/100|[from] item: Leftovers\n|upkeep\n|turn|17\n|inactive|Time left: 300 sec this turn | 300 sec total\n|\n|t:|1783557050\n|move|p2a: Dachsbun|Yawn|p1a: Cresselia\n|-start|p1a: Cresselia|move: Yawn|[of] p2a: Dachsbun\n|move|p1a: Cresselia|Psyshock|p2a: Dachsbun\n|-damage|p2a: Dachsbun|27/100\n|\n|-heal|p2a: Dachsbun|77/100|[from] move: Wish|[wisher] Dachsbun\n|-heal|p2a: Dachsbun|83/100|[from] item: Leftovers\n|upkeep\n|turn|18\n|inactive|Time left: 300 sec this turn | 300 sec total\n|\n|t:|1783557051\n|move|p2a: Dachsbun|Wish|p2a: Dachsbun\n|move|p1a: Cresselia|Psyshock|p2a: Dachsbun\n|-damage|p2a: Dachsbun|44/100\n|\n|-heal|p2a: Dachsbun|50/100|[from] item: Leftovers\n|-end|p1a: Cresselia|move: Yawn|[silent]\n|-status|p1a: Cresselia|slp\n|upkeep\n|turn|19\n|inactive|Time left: 300 sec this turn | 300 sec total\n|\n|t:|1783557052\n|switch|p2a: Gouging Fire|Gouging Fire, L74, tera:Ground|24/100\n|cant|p1a: Cresselia|slp\n|\n|-heal|p2a: Gouging Fire|70/100|[from] move: Wish|[wisher] Dachsbun\n|upkeep\n|turn|20\n|inactive|Time left: 300 sec this turn | 300 sec total\n|\n|t:|1783557053\n|cant|p1a: Cresselia|slp\n|move|p2a: Gouging Fire|Outrage|p1a: Cresselia\n|-crit|p1a: Cresselia\n|-damage|p1a: Cresselia|172/323 slp\n|\n|-heal|p1a: Cresselia|192/323 slp|[from] item: Leftovers\n|upkeep\n|turn|21\n|inactive|Time left: 300 sec this turn | 300 sec total\n|\n|t:|1783557054\n|-curestatus|p1a: Cresselia|slp|[msg]\n|move|p1a: Cresselia|Psyshock|p2a: Gouging Fire\n|-damage|p2a: Gouging Fire|30/100\n|move|p2a: Gouging Fire|Outrage|p1a: Cresselia|[from] lockedmove\n|-damage|p1a: Cresselia|87/323\n|\n|-heal|p1a: Cresselia|107/323|[from] item: Leftovers\n|upkeep\n|turn|22\n|inactive|Time left: 300 sec this turn | 300 sec total\n|\n|t:|1783557055\n|move|p1a: Cresselia|Psyshock|p2a: Gouging Fire\n|-damage|p2a: Gouging Fire|0 fnt\n|faint|p2a: Gouging Fire\n|-end|p2a: Gouging Fire|Protosynthesis|[silent]\n|\n|-heal|p1a: Cresselia|127/323|[from] item: Leftovers\n|upkeep\n|\n|t:|1783557056\n|switch|p2a: Sceptile|Sceptile, L87, M|100/100\n|turn|23\n|inactive|Time left: 300 sec this turn | 300 sec total\n|\n|t:|1783557057\n|move|p2a: Sceptile|Leech Seed|p1a: Cresselia\n|-start|p1a: Cresselia|move: Leech Seed\n|move|p1a: Cresselia|Moonlight|p1a: Cresselia\n|-heal|p1a: Cresselia|288/323\n|\n|-heal|p1a: Cresselia|308/323|[from] item: Leftovers\n|-damage|p1a: Cresselia|268/323|[from] Leech Seed|[of] p2a: Sceptile\n|upkeep\n|turn|24\n|inactive|Time left: 300 sec this turn | 300 sec total\n|\n|t:|1783557058\n|move|p2a: Sceptile|Substitute|p2a: Sceptile\n|-start|p2a: Sceptile|Substitute\n|-damage|p2a: Sceptile|75/100\n|move|p1a: Cresselia|Psyshock|p2a: Sceptile\n|-end|p2a: Sceptile|Substitute\n|\n|-heal|p2a: Sceptile|82/100|[from] item: Leftovers\n|-heal|p1a: Cresselia|288/323|[from] item: Leftovers\n|-damage|p1a: Cresselia|248/323|[from] Leech Seed|[of] p2a: Sceptile\n|-heal|p2a: Sceptile|97/100|[silent]\n|upkeep\n|turn|25\n|inactive|Time left: 300 sec this turn | 300 sec total\n|\n|t:|1783557059\n|move|p2a: Sceptile|Substitute|p2a: Sceptile\n|-start|p2a: Sceptile|Substitute\n|-damage|p2a: Sceptile|72/100\n|move|p1a: Cresselia|Psyshock|p2a: Sceptile\n|-end|p2a: Sceptile|Substitute\n|\n|-heal|p2a: Sceptile|78/100|[from] item: Leftovers\n|-heal|p1a: Cresselia|268/323|[from] item: Leftovers\n|-damage|p1a: Cresselia|228/323|[from] Leech Seed|[of] p2a: Sceptile\n|-heal|p2a: Sceptile|93/100|[silent]\n|upkeep\n|turn|26\n|inactive|Time left: 300 sec this turn | 300 sec total\n|\n|t:|1783557060\n|move|p2a: Sceptile|Substitute|p2a: Sceptile\n|-start|p2a: Sceptile|Substitute\n|-damage|p2a: Sceptile|68/100\n|move|p1a: Cresselia|Psyshock|p2a: Sceptile\n|-end|p2a: Sceptile|Substitute\n|\n|-heal|p2a: Sceptile|74/100|[from] item: Leftovers\n|-heal|p1a: Cresselia|248/323|[from] item: Leftovers\n|-damage|p1a: Cresselia|208/323|[from] Leech Seed|[of] p2a: Sceptile\n|-heal|p2a: Sceptile|89/100|[silent]\n|upkeep\n|turn|27\n|inactive|Time left: 300 sec this turn | 300 sec total\n|\n|t:|1783557061\n|move|p2a: Sceptile|Substitute|p2a: Sceptile\n|-start|p2a: Sceptile|Substitute\n|-damage|p2a: Sceptile|64/100\n|move|p1a: Cresselia|Psyshock|p2a: Sceptile\n|-end|p2a: Sceptile|Substitute\n|\n|-heal|p2a: Sceptile|70/100|[from] item: Leftovers\n|-heal|p1a: Cresselia|228/323|[from] item: Leftovers\n|-damage|p1a: Cresselia|188/323|[from] Leech Seed|[of] p2a: Sceptile\n|-heal|p2a: Sceptile|85/100|[silent]\n|upkeep\n|turn|28\n|inactive|Time left: 300 sec this turn | 300 sec total\n|\n|t:|1783557062\n|move|p2a: Sceptile|Substitute|p2a: Sceptile\n|-start|p2a: Sceptile|Substitute\n|-damage|p2a: Sceptile|60/100\n|move|p1a: Cresselia|Psyshock|p2a: Sceptile\n|-end|p2a: Sceptile|Substitute\n|\n|-heal|p2a: Sceptile|66/100|[from] item: Leftovers\n|-heal|p1a: Cresselia|208/323|[from] item: Leftovers\n|-damage|p1a: Cresselia|168/323|[from] Leech Seed|[of] p2a: Sceptile\n|-heal|p2a: Sceptile|82/100|[silent]\n|upkeep\n|turn|29\n|inactive|Time left: 300 sec this turn | 300 sec total\n|\n|t:|1783557063\n|move|p2a: Sceptile|Substitute|p2a: Sceptile\n|-start|p2a: Sceptile|Substitute\n|-damage|p2a: Sceptile|57/100\n|move|p1a: Cresselia|Moonlight|p1a: Cresselia\n|-heal|p1a: Cresselia|323/323\n|\n|-heal|p2a: Sceptile|63/100|[from] item: Leftovers\n|-damage|p1a: Cresselia|283/323|[from] Leech Seed|[of] p2a: Sceptile\n|-heal|p2a: Sceptile|78/100|[silent]\n|upkeep\n|turn|30\n|inactive|Time left: 300 sec this turn | 300 sec total\n|\n|t:|1783557064\n|move|p2a: Sceptile|Giga Drain|p1a: Cresselia\n|-damage|p1a: Cresselia|246/323\n|-heal|p2a: Sceptile|85/100|[from] drain|[of] p1a: Cresselia\n|move|p1a: Cresselia|Calm Mind|p1a: Cresselia\n|-boost|p1a: Cresselia|spa|1\n|-boost|p1a: Cresselia|spd|1\n|\n|-heal|p2a: Sceptile|91/100|[from] item: Leftovers\n|-heal|p1a: Cresselia|266/323|[from] item: Leftovers\n|-damage|p1a: Cresselia|226/323|[from] Leech Seed|[of] p2a: Sceptile\n|-heal|p2a: Sceptile|100/100|[silent]\n|upkeep\n|turn|31\n|inactive|Time left: 300 sec this turn | 300 sec total\n|\n|t:|1783557066\n|move|p2a: Sceptile|Giga Drain|p1a: Cresselia\n|-damage|p1a: Cresselia|198/323\n|move|p1a: Cresselia|Thunderbolt|p2a: Sceptile\n|-resisted|p2a: Sceptile\n|-activate|p2a: Sceptile|move: Substitute|[damage]\n|\n|-heal|p1a: Cresselia|218/323|[from] item: Leftovers\n|-damage|p1a: Cresselia|178/323|[from] Leech Seed|[of] p2a: Sceptile\n|upkeep\n|turn|32\n|inactive|Time left: 300 sec this turn | 300 sec total\n|\n|t:|1783557067\n|switch|p2a: Great Tusk|Great Tusk, L77|100/100\n|-enditem|p2a: Great Tusk|Booster Energy\n|-activate|p2a: Great Tusk|ability: Protosynthesis|[fromitem]\n|-start|p2a: Great Tusk|protosynthesisatk\n|move|p1a: Cresselia|Moonlight|p1a: Cresselia\n|-heal|p1a: Cresselia|323/323\n|\n|-damage|p1a: Cresselia|283/323|[from] Leech Seed|[of] p2a: Great Tusk\n|upkeep\n|turn|33\n|inactive|Time left: 300 sec this turn | 300 sec total\n|\n|t:|1783557068\n|move|p1a: Cresselia|Thunderbolt|p2a: Great Tusk\n|-immune|p2a: Great Tusk\n|move|p2a: Great Tusk|Bulk Up|p2a: Great Tusk\n|-boost|p2a: Great Tusk|atk|1\n|-boost|p2a: Great Tusk|def|1\n|\n|-heal|p1a: Cresselia|303/323|[from] item: Leftovers\n|-damage|p1a: Cresselia|263/323|[from] Leech Seed|[of] p2a: Great Tusk\n|upkeep\n|turn|34\n|inactive|Time left: 300 sec this turn | 300 sec total\n|\n|t:|1783557069\n|move|p1a: Cresselia|Calm Mind|p1a: Cresselia\n|-boost|p1a: Cresselia|spa|1\n|-boost|p1a: Cresselia|spd|1\n|move|p2a: Great Tusk|Bulk Up|p2a: Great Tusk\n|-boost|p2a: Great Tusk|atk|1\n|-boost|p2a: Great Tusk|def|1\n|\n|-heal|p1a: Cresselia|283/323|[from] item: Leftovers\n|-damage|p1a: Cresselia|243/323|[from] Leech Seed|[of] p2a: Great Tusk\n|upkeep\n|turn|35\n|inactive|Time left: 300 sec this turn | 300 sec total\n|\n|t:|1783557070\n|move|p1a: Cresselia|Moonlight|p1a: Cresselia\n|-heal|p1a: Cresselia|323/323\n|move|p2a: Great Tusk|Close Combat|p1a: Cresselia\n|-resisted|p1a: Cresselia\n|-damage|p1a: Cresselia|167/323\n|-unboost|p2a: Great Tusk|def|1\n|-unboost|p2a: Great Tusk|spd|1\n|\n|-heal|p1a: Cresselia|187/323|[from] item: Leftovers\n|-damage|p1a: Cresselia|147/323|[from] Leech Seed|[of] p2a: Great Tusk\n|upkeep\n|turn|36\n|inactive|Time left: 300 sec this turn | 300 sec total\n|\n|t:|1783557071\n|move|p1a: Cresselia|Moonlight|p1a: Cresselia\n|-heal|p1a: Cresselia|308/323\n|move|p2a: Great Tusk|Close Combat|p1a: Cresselia\n|-resisted|p1a: Cresselia\n|-damage|p1a: Cresselia|146/323\n|-unboost|p2a: Great Tusk|def|1\n|-unboost|p2a: Great Tusk|spd|1\n|\n|-heal|p1a: Cresselia|166/323|[from] item: Leftovers\n|-damage|p1a: Cresselia|126/323|[from] Leech Seed|[of] p2a: Great Tusk\n|upkeep\n|turn|37\n|inactive|Time left: 300 sec this turn | 300 sec total\n|\n|t:|1783557072\n|move|p1a: Cresselia|Moonlight|p1a: Cresselia\n|-heal|p1a: Cresselia|287/323\n|move|p2a: Great Tusk|Close Combat|p1a: Cresselia\n|-resisted|p1a: Cresselia\n|-damage|p1a: Cresselia|132/323\n|-unboost|p2a: Great Tusk|def|1\n|-unboost|p2a: Great Tusk|spd|1\n|\n|-heal|p1a: Cresselia|152/323|[from] item: Leftovers\n|-damage|p1a: Cresselia|112/323|[from] Leech Seed|[of] p2a: Great Tusk\n|upkeep\n|turn|38\n|inactive|Time left: 300 sec this turn | 300 sec total\n|\n|t:|1783557073\n|move|p1a: Cresselia|Moonlight|p1a: Cresselia\n|-heal|p1a: Cresselia|273/323\n|move|p2a: Great Tusk|Close Combat|p1a: Cresselia\n|-resisted|p1a: Cresselia\n|-damage|p1a: Cresselia|125/323\n|-unboost|p2a: Great Tusk|def|1\n|-unboost|p2a: Great Tusk|spd|1\n|\n|-heal|p1a: Cresselia|145/323|[from] item: Leftovers\n|-damage|p1a: Cresselia|105/323|[from] Leech Seed|[of] p2a: Great Tusk\n|upkeep\n|turn|39\n|inactive|Time left: 300 sec this turn | 300 sec total\n|\n|t:|1783557074\n|move|p1a: Cresselia|Thunderbolt|p2a: Great Tusk\n|-immune|p2a: Great Tusk\n|move|p2a: Great Tusk|Close Combat|p1a: Cresselia\n|-resisted|p1a: Cresselia\n|-damage|p1a: Cresselia|0 fnt\n|-unboost|p2a: Great Tusk|def|1\n|-unboost|p2a: Great Tusk|spd|1\n|faint|p1a: Cresselia\n|\n|upkeep\n|inactive|Time left: 300 sec this turn | 300 sec total | 5 sec grace\n|\n|t:|1783557075\n|switch|p1a: Lilligant|Lilligant-Hisui, L79, F|240/240\n|-damage|p1a: Lilligant|225/240|[from] Stealth Rock\n|-damage|p1a: Lilligant|165/240|[from] Spikes\n|turn|40\n|inactive|Time left: 300 sec this turn | 300 sec total\n|\n|t:|1783557077\n|-end|p2a: Great Tusk|Protosynthesis|[silent]\n|switch|p2a: Dachsbun|Dachsbun, L92, M|50/100\n|move|p1a: Lilligant|Leaf Blade|p2a: Dachsbun\n|-damage|p2a: Dachsbun|12/100\n|\n|-heal|p2a: Dachsbun|18/100|[from] item: Leftovers\n|upkeep\n|turn|41\n|inactive|Time left: 300 sec this turn | 300 sec total\n|\n|t:|1783557078\n|switch|p1a: Heatran|Heatran, L79, F|273/273\n|-damage|p1a: Heatran|239/273|[from] Stealth Rock\n|-item|p1a: Heatran|Air Balloon\n|move|p2a: Dachsbun|Play Rough|p1a: Heatran\n|-resisted|p1a: Heatran\n|-damage|p1a: Heatran|217/273\n|-enditem|p1a: Heatran|Air Balloon\n|\n|-heal|p2a: Dachsbun|24/100|[from] item: Leftovers\n|upkeep\n|turn|42\n|inactive|Time left: 300 sec this turn | 300 sec total\n|\n|t:|1783557079\n|move|p2a: Dachsbun|Protect|p2a: Dachsbun\n|-singleturn|p2a: Dachsbun|Protect\n|move|p1a: Heatran|Heavy Slam|p2a: Dachsbun\n|-activate|p2a: Dachsbun|move: Protect\n|\n|-heal|p2a: Dachsbun|30/100|[from] item: Leftovers\n|upkeep\n|turn|43\n|inactive|Time left: 300 sec this turn | 300 sec total\n|\n|t:|1783557080\n|move|p2a: Dachsbun|Yawn|p1a: Heatran\n|-start|p1a: Heatran|move: Yawn|[of] p2a: Dachsbun\n|move|p1a: Heatran|Heavy Slam|p2a: Dachsbun\n|-supereffective|p2a: Dachsbun\n|-damage|p2a: Dachsbun|0 fnt\n|faint|p2a: Dachsbun\n|\n|upkeep\n|\n|t:|1783557081\n|switch|p2a: Great Tusk|Great Tusk, L77|100/100\n|turn|44\n|inactive|Time left: 300 sec this turn | 300 sec total\n|\n|t:|1783557082\n|-terastallize|p1a: Heatran|Grass\n|move|p2a: Great Tusk|Earthquake|p1a: Heatran\n|-resisted|p1a: Heatran\n|-damage|p1a: Heatran|163/273\n|move|p1a: Heatran|Magma Storm|p2a: Great Tusk\n|-damage|p2a: Great Tusk|44/100\n|-activate|p2a: Great Tusk|move: Magma Storm|[of] p1a: Heatran\n|\n|-damage|p2a: Great Tusk|32/100|[from] move: Magma Storm|[partiallytrapped]\n|-end|p1a: Heatran|move: Yawn|[silent]\n|-status|p1a: Heatran|slp\n|upkeep\n|turn|45\n|inactive|Time left: 300 sec this turn | 300 sec total\n|\n|t:|1783557083\n|move|p2a: Great Tusk|Bulk Up|p2a: Great Tusk\n|-boost|p2a: Great Tusk|atk|1\n|-boost|p2a: Great Tusk|def|1\n|cant|p1a: Heatran|slp\n|\n|-damage|p2a: Great Tusk|19/100|[from] move: Magma Storm|[partiallytrapped]\n|upkeep\n|turn|46\n|inactive|Time left: 300 sec this turn | 300 sec total\n|\n|t:|1783557084\n|move|p2a: Great Tusk|Close Combat|p1a: Heatran\n|-damage|p1a: Heatran|0 fnt\n|-unboost|p2a: Great Tusk|def|1\n|-unboost|p2a: Great Tusk|spd|1\n|faint|p1a: Heatran\n|\n|-end|p2a: Great Tusk|Magma Storm|[partiallytrapped]|[silent]\n|upkeep\n|inactive|Time left: 300 sec this turn | 300 sec total | 5 sec grace\n|\n|t:|1783557085\n|switch|p1a: Lilligant|Lilligant-Hisui, L79, F|165/240\n|-damage|p1a: Lilligant|150/240|[from] Stealth Rock\n|-damage|p1a: Lilligant|90/240|[from] Spikes\n|turn|47\n|inactive|Time left: 300 sec this turn | 300 sec total\n|\n|t:|1783557086\n|move|p1a: Lilligant|Ice Spinner|p2a: Great Tusk\n|-supereffective|p2a: Great Tusk\n|-damage|p2a: Great Tusk|0 fnt\n|faint|p2a: Great Tusk\n|-end|p2a: Great Tusk|Protosynthesis|[silent]\n|\n|upkeep\n|\n|t:|1783557086\n|switch|p2a: Kilowattrel|Kilowattrel, L83, M|100/100\n|turn|48\n|inactive|Time left: 300 sec this turn | 300 sec total\n|\n|t:|1783557087\n|move|p2a: Kilowattrel|Hurricane|p1a: Lilligant\n|-supereffective|p1a: Lilligant\n|-damage|p1a: Lilligant|0 fnt\n|faint|p1a: Lilligant\n|\n|upkeep\n|inactive|Time left: 300 sec this turn | 300 sec total | 5 sec grace\n|\n|t:|1783557088\n|switch|p1a: Passimian|Passimian, L83, M|143/302\n|-damage|p1a: Passimian|125/302|[from] Stealth Rock\n|-damage|p1a: Passimian|50/302|[from] Spikes\n|turn|49\n|inactive|Time left: 300 sec this turn | 300 sec total\n|\n|t:|1783557089\n|move|p1a: Passimian|Rock Slide|p2a: Kilowattrel\n|-supereffective|p2a: Kilowattrel\n|-damage|p2a: Kilowattrel|32/100\n|cant|p2a: Kilowattrel|flinch\n|\n|upkeep\n|turn|50\n|inactive|Time left: 300 sec this turn | 300 sec total\n|\n|t:|1783557089\n|switch|p2a: Sceptile|Sceptile, L87, M|100/100\n|move|p1a: Passimian|Rock Slide|p2a: Sceptile\n|-damage|p2a: Sceptile|71/100\n|\n|-heal|p2a: Sceptile|77/100|[from] item: Leftovers\n|upkeep\n|turn|51\n|inactive|Time left: 300 sec this turn | 300 sec total\n|\n|t:|1783557090\n|move|p1a: Passimian|Rock Slide|p2a: Sceptile\n|-damage|p2a: Sceptile|47/100\n|move|p2a: Sceptile|Leech Seed|p1a: Passimian|[miss]\n|-miss|p2a: Sceptile|p1a: Passimian\n|\n|-heal|p2a: Sceptile|54/100|[from] item: Leftovers\n|upkeep\n|turn|52\n|inactive|Time left: 300 sec this turn | 300 sec total\n|\n|t:|1783557091\n|move|p1a: Passimian|Rock Slide|p2a: Sceptile|[miss]\n|-miss|p1a: Passimian|p2a: Sceptile\n|move|p2a: Sceptile|Leech Seed|p1a: Passimian\n|-start|p1a: Passimian|move: Leech Seed\n|\n|-heal|p2a: Sceptile|60/100|[from] item: Leftovers\n|-damage|p1a: Passimian|13/302|[from] Leech Seed|[of] p2a: Sceptile\n|-heal|p2a: Sceptile|74/100|[silent]\n|upkeep\n|turn|53\n|inactive|Time left: 300 sec this turn | 300 sec total\n|\n|t:|1783557092\n|move|p1a: Passimian|Rock Slide|p2a: Sceptile\n|-damage|p2a: Sceptile|44/100\n|move|p2a: Sceptile|Substitute|p2a: Sceptile\n|-start|p2a: Sceptile|Substitute\n|-damage|p2a: Sceptile|19/100\n|\n|-heal|p2a: Sceptile|25/100|[from] item: Leftovers\n|-damage|p1a: Passimian|0 fnt|[from] Leech Seed|[of] p2a: Sceptile\n|-heal|p2a: Sceptile|30/100|[silent]\n|faint|p1a: Passimian\n|upkeep\n|inactive|Time left: 300 sec this turn | 300 sec total | 5 sec grace\n|\n|t:|1783557093\n|switch|p1a: Darkrai|Darkrai, L77|234/234\n|-damage|p1a: Darkrai|205/234|[from] Stealth Rock\n|-damage|p1a: Darkrai|147/234|[from] Spikes\n|turn|54\n|inactive|Time left: 300 sec this turn | 300 sec total\n|\n|t:|1783557094\n|move|p2a: Sceptile|Giga Drain|p1a: Darkrai\n|-damage|p1a: Darkrai|5/234\n|-heal|p2a: Sceptile|57/100|[from] drain|[of] p1a: Darkrai\n|move|p1a: Darkrai|Hypnosis||[still]\n|-fail|p1a: Darkrai\n|\n|-heal|p2a: Sceptile|63/100|[from] item: Leftovers\n|upkeep\n|turn|55\n|inactive|Time left: 300 sec this turn | 300 sec total\n|\n|t:|1783557095\n|move|p2a: Sceptile|Giga Drain|p1a: Darkrai\n|-crit|p1a: Darkrai\n|-damage|p1a: Darkrai|0 fnt\n|-heal|p2a: Sceptile|64/100|[from] drain|[of] p1a: Darkrai\n|faint|p1a: Darkrai\n|\n|-heal|p2a: Sceptile|70/100|[from] item: Leftovers\n|upkeep\n|inactive|Time left: 300 sec this turn | 300 sec total | 5 sec grace\n|\n|t:|1783557096\n|switch|p1a: Floatzel|Floatzel, L86, M|286/286\n|-damage|p1a: Floatzel|251/286|[from] Stealth Rock\n|-damage|p1a: Floatzel|180/286|[from] Spikes\n|turn|56\n|inactive|Time left: 300 sec this turn | 300 sec total\n|\n|t:|1783557097\n|move|p2a: Sceptile|Giga Drain|p1a: Floatzel\n|-supereffective|p1a: Floatzel\n|-damage|p1a: Floatzel|0 fnt\n|-heal|p2a: Sceptile|100/100|[from] drain|[of] p1a: Floatzel\n|faint|p1a: Floatzel\n|\n|win|p0y1463b55b", "uploadtime": 1783557097, "views": 0, "rating": 0, "private": 0, "password": null, "_winner": "p0y1463b55b", "_our_name": "p0x1463b655"}