{"id": "battle-gen9randombattle-321", "formatid": "gen9randombattle", "format": "[Gen 9] Random Battle", "players": ["p0x321e6e7", "p0y32138c0"], "log": "|init|battle\n|title|p0x321e6e7 vs. p0y32138c0\n|j|\u2606p0x321e6e7\n|j|\u2606p0y32138c0\n|t:|1783543323\n|gametype|singles\n|player|p1|p0x321e6e7|102|\n|player|p2|p0y32138c0|265|\n|gen|9\n|tier|[Gen 9] Random Battle\n|rule|Species Clause: Limit one of each Pok\u00e9mon\n|rule|HP Percentage Mod: HP is shown in percentages\n|rule|Sleep Clause Mod: Limit one foe put to sleep\n|rule|Illusion Level Mod: Illusion disguises the Pok\u00e9mon's true level\n|\n|t:|1783543323\n|teamsize|p1|6\n|teamsize|p2|6\n|start\n|switch|p1a: Iron Bundle|Iron Bundle, L78|100/100\n|switch|p2a: Komala|Komala, L87, F|255/255\n|-ability|p2a: Komala|Comatose\n|turn|1\n|inactive|Battle timer is ON: inactive players will automatically lose when time's up. (requested by p0x321e6e7)\n|inactive|Time left: 300 sec this turn | 300 sec total | 60 sec grace\n|\n|t:|1783543325\n|-end|p1a: Iron Bundle|Quark Drive|[silent]\n|switch|p1a: Tyranitar|Tyranitar, L78, M|100/100\n|-weather|Sandstorm|[from] ability: Sand Stream|[of] p1a: Tyranitar\n|move|p2a: Komala|Body Slam|p1a: Tyranitar\n|-resisted|p1a: Tyranitar\n|-damage|p1a: Tyranitar|82/100\n|-status|p1a: Tyranitar|par\n|\n|-weather|Sandstorm|[upkeep]\n|-damage|p2a: Komala|240/255|[from] Sandstorm\n|-heal|p1a: Tyranitar|88/100 par|[from] item: Leftovers\n|upkeep\n|turn|2\n|inactive|Time left: 300 sec this turn | 300 sec total\n|inactive|p0y32138c0 also wants the timer to be on.\n|\n|t:|1783543326\n|move|p2a: Komala|Earthquake|p1a: Tyranitar\n|-supereffective|p1a: Tyranitar\n|-crit|p1a: Tyranitar\n|-damage|p1a: Tyranitar|1/100 par\n|move|p1a: Tyranitar|Knock Off|p2a: Komala\n|-damage|p2a: Komala|110/255\n|-enditem|p2a: Komala|Assault Vest|[from] move: Knock Off|[of] p1a: Tyranitar\n|\n|-weather|Sandstorm|[upkeep]\n|-damage|p2a: Komala|95/255|[from] Sandstorm\n|-heal|p1a: Tyranitar|7/100 par|[from] item: Leftovers\n|upkeep\n|turn|3\n|inactive|Time left: 300 sec this turn | 300 sec total\n|\n|t:|1783543328\n|move|p2a: Komala|Rapid Spin|p1a: Tyranitar\n|-resisted|p1a: Tyranitar\n|-damage|p1a: Tyranitar|0 fnt\n|-boost|p2a: Komala|spe|1\n|faint|p1a: Tyranitar\n|\n|-weather|Sandstorm|[upkeep]\n|-damage|p2a: Komala|80/255|[from] Sandstorm\n|upkeep\n|\n|t:|1783543329\n|switch|p1a: Blastoise|Blastoise, L80, M|100/100\n|turn|4\n|inactive|Time left: 300 sec this turn | 300 sec total\n|\n|t:|1783543330\n|move|p2a: Komala|Body Slam|p1a: Blastoise\n|-damage|p1a: Blastoise|56/100\n|move|p1a: Blastoise|Shell Smash|p1a: Blastoise\n|-unboost|p1a: Blastoise|def|1\n|-unboost|p1a: Blastoise|spd|1\n|-boost|p1a: Blastoise|atk|2\n|-boost|p1a: Blastoise|spa|2\n|-boost|p1a: Blastoise|spe|2\n|-enditem|p1a: Blastoise|White Herb\n|-clearnegativeboost|p1a: Blastoise|[silent]\n|\n|-weather|Sandstorm|[upkeep]\n|-damage|p1a: Blastoise|50/100|[from] Sandstorm\n|-damage|p2a: Komala|65/255|[from] Sandstorm\n|upkeep\n|turn|5\n|inactive|Time left: 300 sec this turn | 300 sec total\n|\n|t:|1783543331\n|move|p1a: Blastoise|Hydro Pump|p2a: Komala|[miss]\n|-miss|p1a: Blastoise|p2a: Komala\n|move|p2a: Komala|Body Slam|p1a: Blastoise\n|-damage|p1a: Blastoise|12/100\n|\n|-weather|none\n|upkeep\n|turn|6\n|inactive|Time left: 300 sec this turn | 300 sec total\n|\n|t:|1783543332\n|move|p1a: Blastoise|Ice Beam|p2a: Komala\n|-damage|p2a: Komala|0 fnt\n|faint|p2a: Komala\n|\n|upkeep\n|inactive|Time left: 300 sec this turn | 300 sec total | 5 sec grace\n|\n|t:|1783543334\n|switch|p2a: Moltres|Moltres-Galar, L79|271/271\n|turn|7\n|inactive|Time left: 300 sec this turn | 300 sec total\n|\n|t:|1783543335\n|move|p1a: Blastoise|Hydro Pump|p2a: Moltres\n|-damage|p2a: Moltres|25/271\n|-ability|p2a: Moltres|Berserk|boost\n|-boost|p2a: Moltres|spa|1\n|move|p2a: Moltres|Fiery Wrath|p1a: Blastoise\n|-damage|p1a: Blastoise|0 fnt\n|faint|p1a: Blastoise\n|\n|upkeep\n|\n|t:|1783543336\n|switch|p1a: Iron Bundle|Iron Bundle, L78|100/100\n|turn|8\n|inactive|Time left: 300 sec this turn | 300 sec total\n|\n|t:|1783543337\n|move|p1a: Iron Bundle|Ice Beam|p2a: Moltres\n|-supereffective|p2a: Moltres\n|-damage|p2a: Moltres|0 fnt\n|faint|p2a: Moltres\n|\n|upkeep\n|inactive|Time left: 300 sec this turn | 300 sec total | 5 sec grace\n|\n|t:|1783543338\n|switch|p2a: Perrserker|Perrserker, L89, F|269/269\n|turn|9\n|inactive|Time left: 300 sec this turn | 300 sec total\n|\n|t:|1783543339\n|-terastallize|p1a: Iron Bundle|Water\n|move|p1a: Iron Bundle|Hydro Pump|p2a: Perrserker\n|-damage|p2a: Perrserker|61/269\n|move|p2a: Perrserker|Iron Head|p1a: Iron Bundle\n|-resisted|p1a: Iron Bundle\n|-damage|p1a: Iron Bundle|59/100\n|\n|upkeep\n|turn|10\n|inactive|Time left: 300 sec this turn | 300 sec total\n|\n|t:|1783543341\n|move|p1a: Iron Bundle|Ice Beam|p2a: Perrserker\n|-resisted|p2a: Perrserker\n|-damage|p2a: Perrserker|0 fnt\n|faint|p2a: Perrserker\n|\n|upkeep\n|inactive|Time left: 300 sec this turn | 300 sec total | 5 sec grace\n|\n|t:|1783543342\n|switch|p2a: Pincurchin|Pincurchin, M|258/258\n|-fieldstart|move: Electric Terrain|[from] ability: Electric Surge|[of] p2a: Pincurchin\n|-activate|p1a: Iron Bundle|ability: Quark Drive\n|-start|p1a: Iron Bundle|quarkdrivespe\n|turn|11\n|inactive|Time left: 300 sec this turn | 300 sec total\n|\n|t:|1783543343\n|move|p1a: Iron Bundle|Ice Beam|p2a: Pincurchin\n|-damage|p2a: Pincurchin|164/258\n|-status|p2a: Pincurchin|frz\n|cant|p2a: Pincurchin|frz\n|\n|-heal|p2a: Pincurchin|180/258 frz|[from] item: Leftovers\n|upkeep\n|turn|12\n|inactive|Time left: 300 sec this turn | 300 sec total\n|\n|t:|1783543344\n|move|p1a: Iron Bundle|Hydro Pump|p2a: Pincurchin\n|-damage|p2a: Pincurchin|24/258 frz\n|-curestatus|p2a: Pincurchin|frz|[from] move: Scald\n|move|p2a: Pincurchin|Scald|p1a: Iron Bundle\n|-resisted|p1a: Iron Bundle\n|-damage|p1a: Iron Bundle|33/100\n|\n|-heal|p2a: Pincurchin|40/258|[from] item: Leftovers\n|upkeep\n|turn|13\n|inactive|Time left: 300 sec this turn | 300 sec total\n|\n|t:|1783543345\n|move|p1a: Iron Bundle|Ice Beam|p2a: Pincurchin\n|-damage|p2a: Pincurchin|0 fnt\n|faint|p2a: Pincurchin\n|\n|upkeep\n|inactive|Time left: 300 sec this turn | 300 sec total | 5 sec grace\n|\n|t:|1783543346\n|switch|p2a: Porygon-Z|Porygon-Z, L83|277/277\n|turn|14\n|inactive|Time left: 300 sec this turn | 300 sec total\n|\n|t:|1783543347\n|move|p1a: Iron Bundle|Hydro Pump|p2a: Porygon-Z\n|-damage|p2a: Porygon-Z|77/277\n|move|p2a: Porygon-Z|Thunderbolt|p1a: Iron Bundle\n|-supereffective|p1a: Iron Bundle\n|-damage|p1a: Iron Bundle|0 fnt\n|faint|p1a: Iron Bundle\n|-end|p1a: Iron Bundle|Quark Drive|[silent]\n|-damage|p2a: Porygon-Z|50/277|[from] item: Life Orb\n|\n|upkeep\n|\n|t:|1783543348\n|switch|p1a: Indeedee|Indeedee, L84, M|100/100\n|-fieldstart|move: Psychic Terrain|[from] ability: Psychic Surge|[of] p1a: Indeedee\n|turn|15\n|inactive|Time left: 300 sec this turn | 300 sec total\n|\n|t:|1783543348\n|switch|p2a: Qwilfish|Qwilfish-Hisui, L83, M|244/244\n|-ability|p2a: Qwilfish|Intimidate|boost\n|-unboost|p1a: Indeedee|atk|1\n|move|p1a: Indeedee|Expanding Force|p2a: Qwilfish\n|-immune|p2a: Qwilfish\n|\n|upkeep\n|turn|16\n|inactive|Time left: 300 sec this turn | 300 sec total\n|\n|t:|1783543349\n|switch|p1a: Oinkologne|Oinkologne-F, L92, F|100/100\n|move|p2a: Qwilfish|Crunch|p1a: Oinkologne\n|-damage|p1a: Oinkologne|74/100\n|\n|-heal|p1a: Oinkologne|81/100|[from] item: Leftovers\n|upkeep\n|turn|17\n|inactive|Time left: 300 sec this turn | 300 sec total\n|\n|t:|1783543350\n|move|p2a: Qwilfish|Gunk Shot|p1a: Oinkologne\n|-damage|p1a: Oinkologne|43/100\n|move|p1a: Oinkologne|Body Slam|p2a: Qwilfish\n|-damage|p2a: Qwilfish|169/244\n|-status|p2a: Qwilfish|par\n|\n|-heal|p1a: Oinkologne|49/100|[from] item: Leftovers\n|upkeep\n|turn|18\n|inactive|Time left: 300 sec this turn | 300 sec total\n|\n|t:|1783543352\n|move|p1a: Oinkologne|Body Slam|p2a: Qwilfish\n|-damage|p2a: Qwilfish|96/244 par\n|move|p2a: Qwilfish|Gunk Shot|p1a: Oinkologne\n|-damage|p1a: Oinkologne|12/100\n|-status|p1a: Oinkologne|psn\n|\n|-heal|p1a: Oinkologne|18/100 psn|[from] item: Leftovers\n|-damage|p1a: Oinkologne|5/100 psn|[from] psn\n|upkeep\n|turn|19\n|inactive|Time left: 300 sec this turn | 300 sec total\n|\n|t:|1783543353\n|move|p1a: Oinkologne|Rest|p1a: Oinkologne\n|-status|p1a: Oinkologne|slp|[from] move: Rest\n|-heal|p1a: Oinkologne|100/100 slp|[silent]\n|move|p2a: Qwilfish|Spikes|p1a: Oinkologne\n|-sidestart|p1: p0x321e6e7|Spikes\n|\n|-fieldend|move: Psychic Terrain\n|upkeep\n|turn|20\n|inactive|Time left: 300 sec this turn | 300 sec total\n|\n|t:|1783543354\n|cant|p1a: Oinkologne|slp\n|move|p1a: Oinkologne|Sleep Talk|p1a: Oinkologne\n|move|p1a: Oinkologne|Curse|p1a: Oinkologne|[from] move: Sleep Talk\n|-unboost|p1a: Oinkologne|spe|1\n|-boost|p1a: Oinkologne|atk|1\n|-boost|p1a: Oinkologne|def|1\n|move|p2a: Qwilfish|Gunk Shot|p1a: Oinkologne\n|-damage|p1a: Oinkologne|75/100 slp\n|\n|-heal|p1a: Oinkologne|81/100 slp|[from] item: Leftovers\n|upkeep\n|turn|21\n|inactive|Time left: 300 sec this turn | 300 sec total\n|\n|t:|1783543355\n|switch|p2a: Porygon-Z|Porygon-Z, L83|50/277\n|cant|p1a: Oinkologne|slp\n|move|p1a: Oinkologne|Sleep Talk|p1a: Oinkologne\n|move|p1a: Oinkologne|Rest||[from] move: Sleep Talk|[still]\n|-fail|p1a: Oinkologne\n|\n|-heal|p1a: Oinkologne|87/100 slp|[from] item: Leftovers\n|upkeep\n|turn|22\n|inactive|Time left: 300 sec this turn | 300 sec total\n|\n|t:|1783543356\n|-terastallize|p2a: Porygon-Z|Ghost\n|move|p2a: Porygon-Z|Nasty Plot|p2a: Porygon-Z\n|-boost|p2a: Porygon-Z|spa|2\n|-curestatus|p1a: Oinkologne|slp|[msg]\n|move|p1a: Oinkologne|Body Slam|p2a: Porygon-Z\n|-immune|p2a: Porygon-Z\n|\n|-heal|p1a: Oinkologne|93/100|[from] item: Leftovers\n|upkeep\n|turn|23\n|inactive|Time left: 300 sec this turn | 300 sec total\n|\n|t:|1783543357\n|move|p2a: Porygon-Z|Nasty Plot|p2a: Porygon-Z\n|-boost|p2a: Porygon-Z|spa|2\n|move|p1a: Oinkologne|Curse|p1a: Oinkologne\n|-unboost|p1a: Oinkologne|spe|1\n|-boost|p1a: Oinkologne|atk|1\n|-boost|p1a: Oinkologne|def|1\n|\n|-heal|p1a: Oinkologne|99/100|[from] item: Leftovers\n|upkeep\n|turn|24\n|inactive|Time left: 300 sec this turn | 300 sec total\n|\n|t:|1783543358\n|switch|p1a: Dusknoir|Dusknoir, L89, F|100/100\n|-damage|p1a: Dusknoir|88/100|[from] Spikes\n|-item|p2a: Porygon-Z|Life Orb|[from] ability: Frisk|[of] p1a: Dusknoir\n|move|p2a: Porygon-Z|Tri Attack|p1a: Dusknoir\n|-immune|p1a: Dusknoir\n|\n|upkeep\n|turn|25\n|inactive|Time left: 300 sec this turn | 300 sec total\n|\n|t:|1783543359\n|switch|p2a: Qwilfish|Qwilfish-Hisui, L83, M|96/244 par\n|-ability|p2a: Qwilfish|Intimidate|boost\n|-unboost|p1a: Dusknoir|atk|1\n|move|p1a: Dusknoir|Shadow Sneak|p2a: Qwilfish\n|-resisted|p2a: Qwilfish\n|-damage|p2a: Qwilfish|82/244 par\n|-damage|p1a: Dusknoir|78/100|[from] item: Life Orb\n|\n|upkeep\n|turn|26\n|inactive|Time left: 300 sec this turn | 300 sec total\n|\n|t:|1783543360\n|switch|p1a: Oinkologne|Oinkologne-F, L92, F|99/100\n|-damage|p1a: Oinkologne|87/100|[from] Spikes\n|cant|p2a: Qwilfish|par\n|\n|-heal|p1a: Oinkologne|93/100|[from] item: Leftovers\n|upkeep\n|turn|27\n|inactive|Time left: 300 sec this turn | 300 sec total\n|\n|t:|1783543361\n|switch|p2a: Porygon-Z|Porygon-Z, L83, tera:Ghost|50/277\n|move|p1a: Oinkologne|Body Slam|p2a: Porygon-Z\n|-immune|p2a: Porygon-Z\n|\n|-heal|p1a: Oinkologne|99/100|[from] item: Leftovers\n|upkeep\n|turn|28\n|inactive|Time left: 300 sec this turn | 300 sec total\n|\n|t:|1783543362\n|switch|p1a: Indeedee|Indeedee, L84, M|100/100\n|-damage|p1a: Indeedee|88/100|[from] Spikes\n|-fieldstart|move: Psychic Terrain|[from] ability: Psychic Surge|[of] p1a: Indeedee\n|move|p2a: Porygon-Z|Nasty Plot|p2a: Porygon-Z\n|-boost|p2a: Porygon-Z|spa|2\n|\n|upkeep\n|turn|29\n|inactive|Time left: 300 sec this turn | 300 sec total\n|\n|t:|1783543363\n|switch|p2a: Qwilfish|Qwilfish-Hisui, L83, M|82/244 par\n|-ability|p2a: Qwilfish|Intimidate|boost\n|-unboost|p1a: Indeedee|atk|1\n|move|p1a: Indeedee|Expanding Force|p2a: Qwilfish\n|-immune|p2a: Qwilfish\n|\n|upkeep\n|turn|30\n|inactive|Time left: 300 sec this turn | 300 sec total\n|\n|t:|1783543364\n|move|p1a: Indeedee|Hyper Voice|p2a: Qwilfish\n|-damage|p2a: Qwilfish|0 fnt\n|faint|p2a: Qwilfish\n|-damage|p1a: Indeedee|79/100|[from] item: Life Orb\n|\n|upkeep\n|inactive|Time left: 300 sec this turn | 300 sec total | 5 sec grace\n|\n|t:|1783543365\n|switch|p2a: Porygon-Z|Porygon-Z, L83, tera:Ghost|50/277\n|turn|31\n|inactive|Time left: 300 sec this turn | 300 sec total\n|\n|t:|1783543365\n|move|p1a: Indeedee|Expanding Force|p2a: Porygon-Z\n|-damage|p2a: Porygon-Z|0 fnt\n|faint|p2a: Porygon-Z\n|-damage|p1a: Indeedee|69/100|[from] item: Life Orb\n|\n|win|p0x321e6e7", "uploadtime": 1783543365, "views": 0, "rating": 0, "private": 0, "password": null, "_winner": "p0x321e6e7", "_our_name": "p0y32138c0"}