{"id": "battle-gen9randombattle-2343", "formatid": "gen9randombattle", "format": "[Gen 9] Random Battle", "players": ["p0x23435c75", "p0y234330eb"], "log": "|init|battle\n|title|p0x23435c75 vs. p0y234330eb\n|j|\u2606p0x23435c75\n|j|\u2606p0y234330eb\n|t:|1783567194\n|gametype|singles\n|player|p1|p0x23435c75|101|\n|player|p2|p0y234330eb|2|\n|gen|9\n|tier|[Gen 9] Random Battle\n|rule|Species Clause: Limit one of each Pok\u00e9mon\n|rule|HP Percentage Mod: HP is shown in percentages\n|rule|Sleep Clause Mod: Limit one foe put to sleep\n|rule|Illusion Level Mod: Illusion disguises the Pok\u00e9mon's true level\n|\n|t:|1783567194\n|teamsize|p1|6\n|teamsize|p2|6\n|start\n|switch|p1a: Hypno|Hypno, L95, F|315/315\n|switch|p2a: Scrafty|Scrafty, L83, F|100/100\n|-ability|p2a: Scrafty|Intimidate|boost\n|-unboost|p1a: Hypno|atk|1\n|turn|1\n|inactive|Battle timer is ON: inactive players will automatically lose when time's up. (requested by p0x23435c75)\n|\n|t:|1783567195\n|switch|p1a: Blaziken|Blaziken, L76, F|247/247\n|move|p2a: Scrafty|Knock Off|p1a: Blaziken\n|-resisted|p1a: Blaziken\n|-damage|p1a: Blaziken|182/247\n|-enditem|p1a: Blaziken|Life Orb|[from] move: Knock Off|[of] p2a: Scrafty\n|\n|upkeep\n|turn|2\n|inactive|Time left: 300 sec this turn | 300 sec total\n|inactive|p0y234330eb also wants the timer to be on.\n|\n|t:|1783567196\n|move|p1a: Blaziken|Swords Dance|p1a: Blaziken\n|-boost|p1a: Blaziken|atk|2\n|move|p2a: Scrafty|Drain Punch|p1a: Blaziken\n|-damage|p1a: Blaziken|94/247\n|\n|-ability|p1a: Blaziken|Speed Boost|boost\n|-boost|p1a: Blaziken|spe|1\n|upkeep\n|turn|3\n|inactive|Time left: 300 sec this turn | 300 sec total\n|\n|t:|1783567197\n|-terastallize|p2a: Scrafty|Poison\n|move|p1a: Blaziken|Close Combat|p2a: Scrafty\n|-resisted|p2a: Scrafty\n|-damage|p2a: Scrafty|60/100\n|-unboost|p1a: Blaziken|def|1\n|-unboost|p1a: Blaziken|spd|1\n|move|p2a: Scrafty|Drain Punch|p1a: Blaziken\n|-crit|p1a: Blaziken\n|-damage|p1a: Blaziken|0 fnt\n|-heal|p2a: Scrafty|79/100|[from] drain|[of] p1a: Blaziken\n|faint|p1a: Blaziken\n|\n|-heal|p2a: Scrafty|85/100|[from] item: Leftovers\n|upkeep\n|inactive|Time left: 300 sec this turn | 300 sec total | 5 sec grace\n|\n|t:|1783567199\n|switch|p1a: Flygon|Flygon, L82, M|265/265\n|turn|4\n|inactive|Time left: 300 sec this turn | 300 sec total\n|\n|t:|1783567200\n|move|p1a: Flygon|Outrage|p2a: Scrafty\n|-damage|p2a: Scrafty|21/100\n|move|p2a: Scrafty|Knock Off|p1a: Flygon\n|-damage|p1a: Flygon|165/265\n|-enditem|p1a: Flygon|Choice Band|[from] move: Knock Off|[of] p2a: Scrafty\n|\n|-heal|p2a: Scrafty|28/100|[from] item: Leftovers\n|upkeep\n|turn|5\n|inactive|Time left: 300 sec this turn | 300 sec total\n|\n|t:|1783567201\n|switch|p2a: Masquerain|Masquerain, L87, M|100/100\n|-ability|p2a: Masquerain|Intimidate|boost\n|-unboost|p1a: Flygon|atk|1\n|move|p1a: Flygon|Outrage|p2a: Masquerain|[from] lockedmove\n|-damage|p2a: Masquerain|58/100\n|-start|p1a: Flygon|confusion|[fatigue]\n|\n|upkeep\n|turn|6\n|inactive|Time left: 300 sec this turn | 300 sec total\n|\n|t:|1783567202\n|switch|p1a: Ho-Oh|Ho-Oh, L71|268/268\n|move|p2a: Masquerain|Sticky Web|p1a: Ho-Oh\n|-sidestart|p1: p0x23435c75|move: Sticky Web\n|\n|upkeep\n|turn|7\n|inactive|Time left: 300 sec this turn | 300 sec total\n|\n|t:|1783567203\n|switch|p2a: Scrafty|Scrafty, L83, F, tera:Poison|28/100\n|-ability|p2a: Scrafty|Intimidate|boost\n|-unboost|p1a: Ho-Oh|atk|1\n|move|p1a: Ho-Oh|Sacred Fire|p2a: Scrafty\n|-damage|p2a: Scrafty|6/100\n|-status|p2a: Scrafty|brn\n|\n|-heal|p2a: Scrafty|12/100 brn|[from] item: Leftovers\n|-damage|p2a: Scrafty|6/100 brn|[from] brn\n|upkeep\n|turn|8\n|inactive|Time left: 300 sec this turn | 300 sec total\n|\n|t:|1783567204\n|switch|p2a: Espathra|Espathra, L80, F|100/100\n|move|p1a: Ho-Oh|Brave Bird|p2a: Espathra\n|-damage|p2a: Espathra|64/100\n|-damage|p1a: Ho-Oh|234/268|[from] Recoil\n|\n|upkeep\n|turn|9\n|inactive|Time left: 300 sec this turn | 300 sec total\n|\n|t:|1783567205\n|move|p2a: Espathra|Lumina Crash|p1a: Ho-Oh\n|-damage|p1a: Ho-Oh|135/268\n|-unboost|p1a: Ho-Oh|spd|2\n|move|p1a: Ho-Oh|Sacred Fire|p2a: Espathra\n|-damage|p2a: Espathra|34/100\n|\n|-ability|p2a: Espathra|Speed Boost|boost\n|-boost|p2a: Espathra|spe|1\n|upkeep\n|turn|10\n|inactive|Time left: 300 sec this turn | 300 sec total\n|\n|t:|1783567207\n|switch|p1a: Hypno|Hypno, L95, F|315/315\n|-activate|p1a: Hypno|move: Sticky Web\n|-unboost|p1a: Hypno|spe|1\n|move|p2a: Espathra|Lumina Crash|p1a: Hypno\n|-resisted|p1a: Hypno\n|-damage|p1a: Hypno|274/315\n|-unboost|p1a: Hypno|spd|2\n|\n|-heal|p1a: Hypno|293/315|[from] item: Leftovers\n|-ability|p2a: Espathra|Speed Boost|boost\n|-boost|p2a: Espathra|spe|1\n|upkeep\n|turn|11\n|inactive|Time left: 300 sec this turn | 300 sec total\n|\n|t:|1783567208\n|move|p2a: Espathra|Lumina Crash|p1a: Hypno\n|-resisted|p1a: Hypno\n|-damage|p1a: Hypno|199/315\n|-unboost|p1a: Hypno|spd|2\n|move|p1a: Hypno|Knock Off|p2a: Espathra\n|-supereffective|p2a: Espathra\n|-damage|p2a: Espathra|0 fnt\n|-enditem|p2a: Espathra|Choice Specs|[from] move: Knock Off|[of] p1a: Hypno\n|faint|p2a: Espathra\n|\n|-heal|p1a: Hypno|218/315|[from] item: Leftovers\n|upkeep\n|\n|t:|1783567208\n|switch|p2a: Staraptor|Staraptor, L79, F|100/100\n|turn|12\n|inactive|Time left: 300 sec this turn | 300 sec total\n|\n|t:|1783567210\n|move|p2a: Staraptor|Brave Bird|p1a: Hypno\n|-damage|p1a: Hypno|0 fnt\n|faint|p1a: Hypno\n|-damage|p2a: Staraptor|73/100|[from] Recoil\n|\n|upkeep\n|inactive|Time left: 300 sec this turn | 300 sec total | 5 sec grace\n|\n|t:|1783567211\n|switch|p1a: Flygon|Flygon, L82, M|165/265\n|turn|13\n|inactive|Time left: 300 sec this turn | 300 sec total\n|\n|t:|1783567212\n|move|p1a: Flygon|Stone Edge|p2a: Staraptor\n|-supereffective|p2a: Staraptor\n|-damage|p2a: Staraptor|11/100\n|move|p2a: Staraptor|Brave Bird|p1a: Flygon\n|-damage|p1a: Flygon|0 fnt\n|faint|p1a: Flygon\n|-damage|p2a: Staraptor|0 fnt|[from] Recoil\n|faint|p2a: Staraptor\n|\n|upkeep\n|inactive|Time left: 300 sec this turn | 300 sec total | 5 sec grace\n|\n|t:|1783567213\n|switch|p1a: Ho-Oh|Ho-Oh, L71|224/268\n|switch|p2a: Spiritomb|Spiritomb, L89, F|100/100\n|turn|14\n|inactive|Time left: 300 sec this turn | 300 sec total\n|\n|t:|1783567213\n|move|p1a: Ho-Oh|Sacred Fire|p2a: Spiritomb\n|-damage|p2a: Spiritomb|64/100\n|-status|p2a: Spiritomb|brn\n|move|p2a: Spiritomb|Toxic|p1a: Ho-Oh\n|-status|p1a: Ho-Oh|tox\n|\n|-heal|p2a: Spiritomb|70/100 brn|[from] item: Leftovers\n|-damage|p1a: Ho-Oh|208/268 tox|[from] psn\n|-damage|p2a: Spiritomb|64/100 brn|[from] brn\n|upkeep\n|turn|15\n|inactive|Time left: 300 sec this turn | 300 sec total\n|\n|t:|1783567215\n|move|p1a: Ho-Oh|Sacred Fire|p2a: Spiritomb\n|-damage|p2a: Spiritomb|32/100 brn\n|move|p2a: Spiritomb|Pain Split|p1a: Ho-Oh\n|-sethp|p1a: Ho-Oh|141/268 tox|[from] move: Pain Split|[silent]\n|-sethp|p2a: Spiritomb|61/100 brn|[from] move: Pain Split\n|\n|-heal|p2a: Spiritomb|67/100 brn|[from] item: Leftovers\n|-damage|p1a: Ho-Oh|109/268 tox|[from] psn\n|-damage|p2a: Spiritomb|61/100 brn|[from] brn\n|upkeep\n|turn|16\n|inactive|Time left: 300 sec this turn | 300 sec total\n|\n|t:|1783567216\n|move|p1a: Ho-Oh|Recover|p1a: Ho-Oh\n|-heal|p1a: Ho-Oh|243/268 tox\n|move|p2a: Spiritomb|Pain Split|p1a: Ho-Oh\n|-sethp|p1a: Ho-Oh|192/268 tox|[from] move: Pain Split|[silent]\n|-sethp|p2a: Spiritomb|83/100 brn|[from] move: Pain Split\n|\n|-heal|p2a: Spiritomb|89/100 brn|[from] item: Leftovers\n|-damage|p1a: Ho-Oh|144/268 tox|[from] psn\n|-damage|p2a: Spiritomb|83/100 brn|[from] brn\n|upkeep\n|turn|17\n|inactive|Time left: 300 sec this turn | 300 sec total\n|\n|t:|1783567217\n|move|p1a: Ho-Oh|Recover|p1a: Ho-Oh\n|-heal|p1a: Ho-Oh|268/268 tox\n|move|p2a: Spiritomb|Pain Split|p1a: Ho-Oh\n|-sethp|p1a: Ho-Oh|230/268 tox|[from] move: Pain Split|[silent]\n|-sethp|p2a: Spiritomb|99/100 brn|[from] move: Pain Split\n|\n|-heal|p2a: Spiritomb|100/100 brn|[from] item: Leftovers\n|-damage|p1a: Ho-Oh|166/268 tox|[from] psn\n|-damage|p2a: Spiritomb|95/100 brn|[from] brn\n|upkeep\n|turn|18\n|inactive|Time left: 300 sec this turn | 300 sec total\n|\n|t:|1783567218\n|move|p1a: Ho-Oh|Sacred Fire|p2a: Spiritomb\n|-damage|p2a: Spiritomb|64/100 brn\n|move|p2a: Spiritomb|Foul Play|p1a: Ho-Oh\n|-damage|p1a: Ho-Oh|105/268 tox\n|\n|-heal|p2a: Spiritomb|70/100 brn|[from] item: Leftovers\n|-damage|p1a: Ho-Oh|25/268 tox|[from] psn\n|-damage|p2a: Spiritomb|64/100 brn|[from] brn\n|upkeep\n|turn|19\n|inactive|Time left: 300 sec this turn | 300 sec total\n|\n|t:|1783567219\n|move|p1a: Ho-Oh|Brave Bird|p2a: Spiritomb\n|-crit|p2a: Spiritomb\n|-damage|p2a: Spiritomb|8/100 brn\n|-damage|p1a: Ho-Oh|0 fnt|[from] Recoil\n|faint|p1a: Ho-Oh\n|move|p2a: Spiritomb|Toxic|p1: Ho-Oh|[notarget]\n|-fail|p2a: Spiritomb\n|\n|-heal|p2a: Spiritomb|14/100 brn|[from] item: Leftovers\n|-damage|p2a: Spiritomb|8/100 brn|[from] brn\n|upkeep\n|inactive|Time left: 300 sec this turn | 300 sec total | 5 sec grace\n|\n|t:|1783567220\n|switch|p1a: Illumise|Illumise, L91, F|266/266\n|turn|20\n|inactive|Time left: 300 sec this turn | 300 sec total\n|\n|t:|1783567221\n|move|p1a: Illumise|Bug Buzz|p2a: Spiritomb\n|-damage|p2a: Spiritomb|0 fnt\n|faint|p2a: Spiritomb\n|\n|upkeep\n|\n|t:|1783567222\n|switch|p2a: Iron Thorns|Iron Thorns, L83|100/100\n|-enditem|p2a: Iron Thorns|Booster Energy\n|-activate|p2a: Iron Thorns|ability: Quark Drive|[fromitem]\n|-start|p2a: Iron Thorns|quarkdriveatk\n|turn|21\n|inactive|Time left: 300 sec this turn | 300 sec total\n|\n|t:|1783567223\n|switch|p1a: Slither Wing|Slither Wing, L81|270/270\n|move|p2a: Iron Thorns|Stone Edge|p1a: Slither Wing|[miss]\n|-miss|p2a: Iron Thorns|p1a: Slither Wing\n|\n|upkeep\n|turn|22\n|inactive|Time left: 300 sec this turn | 300 sec total\n|\n|t:|1783567224\n|-end|p2a: Iron Thorns|Quark Drive|[silent]\n|switch|p2a: Scrafty|Scrafty, L83, F, tera:Poison|6/100 brn\n|-ability|p2a: Scrafty|Intimidate|boost\n|-unboost|p1a: Slither Wing|atk|1\n|move|p1a: Slither Wing|Will-O-Wisp|p2a: Scrafty\n|-fail|p2a: Scrafty|brn\n|\n|-heal|p2a: Scrafty|12/100 brn|[from] item: Leftovers\n|-damage|p2a: Scrafty|6/100 brn|[from] brn\n|upkeep\n|turn|23\n|inactive|Time left: 300 sec this turn | 300 sec total\n|\n|t:|1783567225\n|move|p1a: Slither Wing|U-turn|p2a: Scrafty\n|-resisted|p2a: Scrafty\n|-damage|p2a: Scrafty|0 fnt\n|faint|p2a: Scrafty\n|inactive|Time left: 300 sec this turn | 300 sec total | 5 sec grace\n|\n|t:|1783567226\n|-end|p1a: Slither Wing|Protosynthesis|[silent]\n|switch|p1a: Illumise|Illumise, L91, F|266/266|[from] U-turn\n|\n|upkeep\n|\n|t:|1783567227\n|switch|p2a: Iron Thorns|Iron Thorns, L83|100/100\n|turn|24\n|inactive|Time left: 300 sec this turn | 300 sec total\n|\n|t:|1783567229\n|switch|p1a: Slither Wing|Slither Wing, L81|270/270\n|move|p2a: Iron Thorns|Dragon Dance|p2a: Iron Thorns\n|-boost|p2a: Iron Thorns|atk|1\n|-boost|p2a: Iron Thorns|spe|1\n|\n|upkeep\n|turn|25\n|inactive|Time left: 300 sec this turn | 300 sec total\n|\n|t:|1783567230\n|move|p2a: Iron Thorns|Stone Edge|p1a: Slither Wing\n|-damage|p1a: Slither Wing|39/270\n|move|p1a: Slither Wing|Will-O-Wisp|p2a: Iron Thorns\n|-status|p2a: Iron Thorns|brn\n|\n|-damage|p2a: Iron Thorns|95/100 brn|[from] brn\n|upkeep\n|turn|26\n|inactive|Time left: 300 sec this turn | 300 sec total\n|\n|t:|1783567231\n|-end|p1a: Slither Wing|Protosynthesis|[silent]\n|switch|p1a: Illumise|Illumise, L91, F|266/266\n|move|p2a: Iron Thorns|Wild Charge|p1a: Illumise\n|-damage|p1a: Illumise|179/266\n|-damage|p2a: Iron Thorns|87/100 brn|[from] Recoil\n|\n|-damage|p2a: Iron Thorns|81/100 brn|[from] brn\n|upkeep\n|turn|27\n|inactive|Time left: 300 sec this turn | 300 sec total\n|\n|t:|1783567232\n|-terastallize|p1a: Illumise|Steel\n|move|p1a: Illumise|Roost|p1a: Illumise\n|-heal|p1a: Illumise|266/266\n|move|p2a: Iron Thorns|Stone Edge|p1a: Illumise|[miss]\n|-miss|p2a: Iron Thorns|p1a: Illumise\n|\n|-damage|p2a: Iron Thorns|75/100 brn|[from] brn\n|upkeep\n|turn|28\n|inactive|Time left: 300 sec this turn | 300 sec total\n|\n|t:|1783567233\n|move|p1a: Illumise|Encore|p2a: Iron Thorns\n|-start|p2a: Iron Thorns|Encore\n|move|p2a: Iron Thorns|Stone Edge|p1a: Illumise\n|-resisted|p1a: Illumise\n|-damage|p1a: Illumise|218/266\n|\n|-damage|p2a: Iron Thorns|69/100 brn|[from] brn\n|upkeep\n|turn|29\n|inactive|Time left: 300 sec this turn | 300 sec total\n|\n|t:|1783567235\n|move|p2a: Iron Thorns|Stone Edge|p1a: Illumise|[miss]\n|-miss|p2a: Iron Thorns|p1a: Illumise\n|move|p1a: Illumise|Bug Buzz|p2a: Iron Thorns\n|-damage|p2a: Iron Thorns|40/100 brn\n|\n|-damage|p2a: Iron Thorns|34/100 brn|[from] brn\n|upkeep\n|turn|30\n|inactive|Time left: 300 sec this turn | 300 sec total\n|\n|t:|1783567236\n|move|p2a: Iron Thorns|Stone Edge|p1a: Illumise|[miss]\n|-miss|p2a: Iron Thorns|p1a: Illumise\n|move|p1a: Illumise|Bug Buzz|p2a: Iron Thorns\n|-damage|p2a: Iron Thorns|0 fnt\n|faint|p2a: Iron Thorns\n|-end|p2a: Iron Thorns|Quark Drive|[silent]\n|\n|upkeep\n|\n|t:|1783567237\n|switch|p2a: Masquerain|Masquerain, L87, M|58/100\n|-ability|p2a: Masquerain|Intimidate|boost\n|-unboost|p1a: Illumise|atk|1\n|turn|31\n|inactive|Time left: 300 sec this turn | 300 sec total\n|\n|t:|1783567238\n|move|p1a: Illumise|Thunder Wave|p2a: Masquerain\n|-status|p2a: Masquerain|par\n|cant|p2a: Masquerain|par\n|\n|upkeep\n|turn|32\n|inactive|Time left: 300 sec this turn | 300 sec total\n|\n|t:|1783567239\n|move|p1a: Illumise|Bug Buzz|p2a: Masquerain\n|-resisted|p2a: Masquerain\n|-damage|p2a: Masquerain|43/100 par\n|move|p2a: Masquerain|Bug Buzz|p1a: Illumise\n|-resisted|p1a: Illumise\n|-damage|p1a: Illumise|164/266\n|\n|upkeep\n|turn|33\n|inactive|Time left: 300 sec this turn | 300 sec total\n|\n|t:|1783567240\n|move|p1a: Illumise|Bug Buzz|p2a: Masquerain\n|-resisted|p2a: Masquerain\n|-damage|p2a: Masquerain|25/100 par\n|move|p2a: Masquerain|Hurricane|p1a: Illumise\n|-resisted|p1a: Illumise\n|-damage|p1a: Illumise|104/266\n|\n|upkeep\n|turn|34\n|inactive|Time left: 300 sec this turn | 300 sec total\n|\n|t:|1783567241\n|move|p1a: Illumise|Bug Buzz|p2a: Masquerain\n|-resisted|p2a: Masquerain\n|-damage|p2a: Masquerain|7/100 par\n|move|p2a: Masquerain|Hurricane|p1a: Illumise|[miss]\n|-miss|p2a: Masquerain|p1a: Illumise\n|\n|upkeep\n|turn|35\n|inactive|Time left: 300 sec this turn | 300 sec total\n|\n|t:|1783567242\n|move|p1a: Illumise|Bug Buzz|p2a: Masquerain\n|-resisted|p2a: Masquerain\n|-damage|p2a: Masquerain|0 fnt\n|faint|p2a: Masquerain\n|\n|win|p0x23435c75", "uploadtime": 1783567242, "views": 0, "rating": 0, "private": 0, "password": null, "_winner": "p0x23435c75", "_our_name": "p0x23435c75"}