{"id": "battle-gen9randombattle-2171", "formatid": "gen9randombattle", "format": "[Gen 9] Random Battle", "players": ["p0x2171906b", "p0y2171f2c5"], "log": "|init|battle\n|title|p0x2171906b vs. p0y2171f2c5\n|j|\u2606p0x2171906b\n|j|\u2606p0y2171f2c5\n|t:|1783565137\n|gametype|singles\n|player|p1|p0x2171906b|169|\n|player|p2|p0y2171f2c5|265|\n|gen|9\n|tier|[Gen 9] Random Battle\n|rule|Species Clause: Limit one of each Pok\u00e9mon\n|rule|HP Percentage Mod: HP is shown in percentages\n|rule|Sleep Clause Mod: Limit one foe put to sleep\n|rule|Illusion Level Mod: Illusion disguises the Pok\u00e9mon's true level\n|\n|t:|1783565137\n|teamsize|p1|6\n|teamsize|p2|6\n|start\n|switch|p1a: Keldeo|Keldeo-Resolute, L79|273/273\n|switch|p2a: Houndstone|Houndstone, L86, F|100/100\n|turn|1\n|inactive|Battle timer is ON: inactive players will automatically lose when time's up. (requested by p0y2171f2c5)\n|inactive|Time left: 300 sec this turn | 300 sec total | 60 sec grace\n|inactive|p0x2171906b also wants the timer to be on.\n|\n|t:|1783565139\n|move|p1a: Keldeo|Hydro Pump|p2a: Houndstone|[miss]\n|-miss|p1a: Keldeo|p2a: Houndstone\n|move|p2a: Houndstone|Poltergeist|p1a: Keldeo\n|-activate|p1a: Keldeo|move: Poltergeist|Choice Specs\n|-damage|p1a: Keldeo|147/273\n|\n|upkeep\n|turn|2\n|inactive|Time left: 300 sec this turn | 300 sec total\n|\n|t:|1783565140\n|switch|p2a: Tatsugiri|Tatsugiri, L87, M|100/100\n|move|p1a: Keldeo|Hydro Pump|p2a: Tatsugiri\n|-ability|p2a: Tatsugiri|Storm Drain|boost\n|-boost|p2a: Tatsugiri|spa|1\n|\n|upkeep\n|turn|3\n|inactive|Time left: 300 sec this turn | 300 sec total\n|\n|t:|1783565142\n|switch|p1a: Vaporeon|Vaporeon, L86, M|364/364\n|move|p2a: Tatsugiri|Draco Meteor|p1a: Vaporeon\n|-damage|p1a: Vaporeon|133/364\n|-unboost|p2a: Tatsugiri|spa|2\n|\n|-heal|p1a: Vaporeon|155/364|[from] item: Leftovers\n|upkeep\n|turn|4\n|inactive|Time left: 300 sec this turn | 300 sec total\n|\n|t:|1783565143\n|move|p2a: Tatsugiri|Nasty Plot|p2a: Tatsugiri\n|-boost|p2a: Tatsugiri|spa|2\n|move|p1a: Vaporeon|Wish|p1a: Vaporeon\n|\n|-heal|p1a: Vaporeon|177/364|[from] item: Leftovers\n|upkeep\n|turn|5\n|inactive|Time left: 300 sec this turn | 300 sec total\n|\n|t:|1783565144\n|move|p2a: Tatsugiri|Draco Meteor|p1a: Vaporeon\n|-crit|p1a: Vaporeon\n|-damage|p1a: Vaporeon|0 fnt\n|-unboost|p2a: Tatsugiri|spa|2\n|faint|p1a: Vaporeon\n|\n|upkeep\n|inactive|Time left: 300 sec this turn | 300 sec total | 5 sec grace\n|\n|t:|1783565145\n|switch|p1a: Golurk|Golurk, L87|297/297\n|turn|6\n|inactive|Time left: 300 sec this turn | 300 sec total\n|\n|t:|1783565146\n|switch|p2a: Suicune|Suicune, L82|100/100\n|-ability|p2a: Suicune|Pressure\n|move|p1a: Golurk|Poltergeist|p2a: Suicune\n|-activate|p2a: Suicune|move: Poltergeist|Leftovers\n|-damage|p2a: Suicune|45/100\n|-damage|p1a: Golurk|268/297|[from] item: Life Orb\n|\n|-heal|p2a: Suicune|51/100|[from] item: Leftovers\n|upkeep\n|turn|7\n|inactive|Time left: 300 sec this turn | 300 sec total\n|\n|t:|1783565147\n|move|p2a: Suicune|Scald|p1a: Golurk\n|-supereffective|p1a: Golurk\n|-damage|p1a: Golurk|94/297\n|move|p1a: Golurk|Poltergeist|p2a: Suicune\n|-activate|p2a: Suicune|move: Poltergeist|Leftovers\n|-damage|p2a: Suicune|0 fnt\n|faint|p2a: Suicune\n|-damage|p1a: Golurk|65/297|[from] item: Life Orb\n|\n|upkeep\n|\n|t:|1783565148\n|switch|p2a: Tatsugiri|Tatsugiri, L87, M|100/100\n|turn|8\n|inactive|Time left: 300 sec this turn | 300 sec total\n|\n|t:|1783565150\n|switch|p1a: Keldeo|Keldeo-Resolute, L79|147/273\n|move|p2a: Tatsugiri|Surf|p1a: Keldeo\n|-resisted|p1a: Keldeo\n|-damage|p1a: Keldeo|87/273\n|\n|upkeep\n|turn|9\n|inactive|Time left: 300 sec this turn | 300 sec total\n|\n|t:|1783565151\n|switch|p2a: Golurk|Golurk, L87|100/100\n|move|p1a: Keldeo|Secret Sword|p2a: Golurk\n|-immune|p2a: Golurk\n|\n|upkeep\n|turn|10\n|inactive|Time left: 300 sec this turn | 300 sec total\n|\n|t:|1783565152\n|switch|p1a: Golurk|Golurk, L87|65/297\n|move|p2a: Golurk|Earthquake|p1a: Golurk\n|-damage|p1a: Golurk|0 fnt\n|faint|p1a: Golurk\n|\n|upkeep\n|inactive|Time left: 300 sec this turn | 300 sec total | 5 sec grace\n|\n|t:|1783565153\n|switch|p1a: Giratina|Giratina-Origin, L72|335/335\n|turn|11\n|inactive|Time left: 300 sec this turn | 300 sec total\n|\n|t:|1783565154\n|switch|p2a: Houndoom|Houndoom, L87, F|100/100\n|move|p1a: Giratina|Poltergeist|p2a: Houndoom\n|-activate|p2a: Houndoom|move: Poltergeist|Heavy-Duty Boots\n|-resisted|p2a: Houndoom\n|-damage|p2a: Houndoom|71/100\n|\n|upkeep\n|turn|12\n|inactive|Time left: 300 sec this turn | 300 sec total\n|\n|t:|1783565155\n|switch|p1a: Keldeo|Keldeo-Resolute, L79|87/273\n|move|p2a: Houndoom|Dark Pulse|p1a: Keldeo\n|-resisted|p1a: Keldeo\n|-damage|p1a: Keldeo|33/273\n|-ability|p1a: Keldeo|Justified|boost\n|-boost|p1a: Keldeo|atk|1\n|\n|upkeep\n|turn|13\n|inactive|Time left: 300 sec this turn | 300 sec total\n|\n|t:|1783565156\n|move|p2a: Houndoom|Sucker Punch|p1a: Keldeo\n|-resisted|p1a: Keldeo\n|-damage|p1a: Keldeo|0 fnt\n|faint|p1a: Keldeo\n|\n|upkeep\n|inactive|Time left: 300 sec this turn | 300 sec total | 5 sec grace\n|\n|t:|1783565156\n|switch|p1a: Raichu|Raichu, L88, F|249/249\n|turn|14\n|inactive|Time left: 300 sec this turn | 300 sec total\n|\n|t:|1783565157\n|switch|p2a: Golurk|Golurk, L87|100/100\n|move|p1a: Raichu|Nasty Plot|p1a: Raichu\n|-boost|p1a: Raichu|spa|2\n|\n|upkeep\n|turn|15\n|inactive|Time left: 300 sec this turn | 300 sec total\n|\n|t:|1783565158\n|switch|p2a: Tatsugiri|Tatsugiri, L87, M|100/100\n|move|p1a: Raichu|Surf|p2a: Tatsugiri\n|-ability|p2a: Tatsugiri|Storm Drain|boost\n|-boost|p2a: Tatsugiri|spa|1\n|\n|upkeep\n|turn|16\n|inactive|Time left: 300 sec this turn | 300 sec total\n|\n|t:|1783565159\n|move|p1a: Raichu|Thunderbolt|p2a: Tatsugiri\n|-damage|p2a: Tatsugiri|10/100\n|-damage|p1a: Raichu|225/249|[from] item: Life Orb\n|move|p2a: Tatsugiri|Draco Meteor|p1a: Raichu\n|-damage|p1a: Raichu|0 fnt\n|-unboost|p2a: Tatsugiri|spa|2\n|faint|p1a: Raichu\n|\n|upkeep\n|inactive|Time left: 300 sec this turn | 300 sec total | 5 sec grace\n|\n|t:|1783565160\n|switch|p1a: Giratina|Giratina-Origin, L72|335/335\n|turn|17\n|inactive|Time left: 300 sec this turn | 300 sec total\n|\n|t:|1783565161\n|move|p2a: Tatsugiri|Draco Meteor|p1a: Giratina\n|-supereffective|p1a: Giratina\n|-damage|p1a: Giratina|107/335\n|-unboost|p2a: Tatsugiri|spa|2\n|move|p1a: Giratina|Poltergeist|p2a: Tatsugiri\n|-activate|p2a: Tatsugiri|move: Poltergeist|Heavy-Duty Boots\n|-damage|p2a: Tatsugiri|0 fnt\n|faint|p2a: Tatsugiri\n|\n|upkeep\n|\n|t:|1783565162\n|switch|p2a: Houndoom|Houndoom, L87, F|71/100\n|turn|18\n|inactive|Time left: 300 sec this turn | 300 sec total\n|\n|t:|1783565163\n|move|p2a: Houndoom|Dark Pulse|p1a: Giratina\n|-supereffective|p1a: Giratina\n|-damage|p1a: Giratina|0 fnt\n|faint|p1a: Giratina\n|\n|upkeep\n|inactive|Time left: 300 sec this turn | 300 sec total | 5 sec grace\n|\n|t:|1783565164\n|switch|p1a: Mew|Mew, L82|298/298\n|turn|19\n|inactive|Time left: 300 sec this turn | 300 sec total\n|\n|t:|1783565165\n|move|p2a: Houndoom|Nasty Plot|p2a: Houndoom\n|-boost|p2a: Houndoom|spa|2\n|move|p1a: Mew|Encore|p2a: Houndoom\n|-start|p2a: Houndoom|Encore\n|\n|upkeep\n|turn|20\n|inactive|Time left: 300 sec this turn | 300 sec total\n|\n|t:|1783565166\n|switch|p2a: Golurk|Golurk, L87|100/100\n|move|p1a: Mew|Will-O-Wisp|p2a: Golurk\n|-status|p2a: Golurk|brn\n|\n|-damage|p2a: Golurk|94/100 brn|[from] brn\n|upkeep\n|turn|21\n|inactive|Time left: 300 sec this turn | 300 sec total\n|\n|t:|1783565167\n|move|p1a: Mew|Will-O-Wisp|p2a: Golurk\n|-fail|p2a: Golurk|brn\n|move|p2a: Golurk|Poltergeist|p1a: Mew\n|-activate|p1a: Mew|move: Poltergeist|Leftovers\n|-supereffective|p1a: Mew\n|-damage|p1a: Mew|105/298\n|\n|-heal|p1a: Mew|123/298|[from] item: Leftovers\n|-damage|p2a: Golurk|88/100 brn|[from] brn\n|upkeep\n|turn|22\n|inactive|Time left: 300 sec this turn | 300 sec total\n|\n|t:|1783565168\n|switch|p2a: Houndoom|Houndoom, L87, F|71/100\n|-terastallize|p1a: Mew|Steel\n|move|p1a: Mew|U-turn|p2a: Houndoom\n|-damage|p2a: Houndoom|46/100\n|\n|-heal|p1a: Mew|141/298|[from] item: Leftovers\n|upkeep\n|turn|23\n|inactive|Time left: 300 sec this turn | 300 sec total\n|\n|t:|1783565170\n|-terastallize|p2a: Houndoom|Fire\n|move|p2a: Houndoom|Fire Blast|p1a: Mew\n|-supereffective|p1a: Mew\n|-damage|p1a: Mew|0 fnt\n|faint|p1a: Mew\n|\n|win|p0y2171f2c5", "uploadtime": 1783565170, "views": 0, "rating": 0, "private": 0, "password": null, "_winner": "p0y2171f2c5", "_our_name": "p0x2171906b"}