{"id": "battle-gen9randombattle-1165", "formatid": "gen9randombattle", "format": "[Gen 9] Random Battle", "players": ["p0x11651ff6", "p0y11656c79"], "log": "|init|battle\n|title|p0x11651ff6 vs. p0y11656c79\n|j|\u2606p0x11651ff6\n|j|\u2606p0y11656c79\n|t:|1783552625\n|gametype|singles\n|player|p1|p0x11651ff6|1|\n|player|p2|p0y11656c79|265|\n|gen|9\n|tier|[Gen 9] Random Battle\n|rule|Species Clause: Limit one of each Pok\u00e9mon\n|rule|HP Percentage Mod: HP is shown in percentages\n|rule|Sleep Clause Mod: Limit one foe put to sleep\n|rule|Illusion Level Mod: Illusion disguises the Pok\u00e9mon's true level\n|\n|t:|1783552625\n|teamsize|p1|6\n|teamsize|p2|6\n|start\n|switch|p1a: Enamorus|Enamorus-Therian, L83, F|259/259\n|switch|p2a: Flamigo|Flamigo, L82, F|100/100\n|turn|1\n|inactive|Battle timer is ON: inactive players will automatically lose when time's up. (requested by p0x11651ff6)\n|\n|t:|1783552626\n|switch|p2a: Lurantis|Lurantis, L87, F|100/100\n|move|p1a: Enamorus|Moonblast|p2a: Lurantis\n|-damage|p2a: Lurantis|67/100\n|\n|upkeep\n|turn|2\n|inactive|Time left: 300 sec this turn | 300 sec total\n|inactive|p0y11656c79 also wants the timer to be on.\n|\n|t:|1783552627\n|move|p2a: Lurantis|Leaf Storm|p1a: Enamorus\n|-resisted|p1a: Enamorus\n|-damage|p1a: Enamorus|220/259\n|-boost|p2a: Lurantis|spa|2\n|move|p1a: Enamorus|Mystical Fire|p2a: Lurantis\n|-supereffective|p2a: Lurantis\n|-crit|p2a: Lurantis\n|-damage|p2a: Lurantis|16/100\n|-boost|p2a: Lurantis|spa|1\n|\n|upkeep\n|turn|3\n|inactive|Time left: 300 sec this turn | 300 sec total\n|\n|t:|1783552628\n|move|p2a: Lurantis|Leaf Storm|p1a: Enamorus\n|-resisted|p1a: Enamorus\n|-damage|p1a: Enamorus|131/259\n|-boost|p2a: Lurantis|spa|2\n|move|p1a: Enamorus|Moonblast|p2a: Lurantis\n|-crit|p2a: Lurantis\n|-damage|p2a: Lurantis|0 fnt\n|faint|p2a: Lurantis\n|\n|upkeep\n|\n|t:|1783552629\n|switch|p2a: Gumshoos|Gumshoos, L95, F|100/100\n|turn|4\n|inactive|Time left: 300 sec this turn | 300 sec total\n|\n|t:|1783552629\n|move|p2a: Gumshoos|Double-Edge|p1a: Enamorus\n|-damage|p1a: Enamorus|0 fnt\n|faint|p1a: Enamorus\n|-damage|p2a: Gumshoos|87/100|[from] Recoil\n|\n|upkeep\n|inactive|Time left: 300 sec this turn | 300 sec total | 5 sec grace\n|\n|t:|1783552630\n|switch|p1a: Spectrier|Spectrier, L75|274/274\n|turn|5\n|inactive|Time left: 300 sec this turn | 300 sec total\n|\n|t:|1783552631\n|move|p1a: Spectrier|Nasty Plot|p1a: Spectrier\n|-boost|p1a: Spectrier|spa|2\n|move|p2a: Gumshoos|Double-Edge|p1a: Spectrier\n|-immune|p1a: Spectrier\n|\n|upkeep\n|turn|6\n|inactive|Time left: 300 sec this turn | 300 sec total\n|\n|t:|1783552632\n|move|p1a: Spectrier|Shadow Ball|p2a: Gumshoos\n|-immune|p2a: Gumshoos\n|move|p2a: Gumshoos|Double-Edge|p1a: Spectrier\n|-immune|p1a: Spectrier\n|\n|upkeep\n|turn|7\n|inactive|Time left: 300 sec this turn | 300 sec total\n|\n|t:|1783552633\n|move|p1a: Spectrier|Shadow Ball|p2a: Gumshoos\n|-immune|p2a: Gumshoos\n|move|p2a: Gumshoos|Double-Edge|p1a: Spectrier\n|-immune|p1a: Spectrier\n|\n|upkeep\n|turn|8\n|inactive|Time left: 300 sec this turn | 300 sec total\n|\n|t:|1783552635\n|move|p1a: Spectrier|Shadow Ball|p2a: Gumshoos\n|-immune|p2a: Gumshoos\n|move|p2a: Gumshoos|Double-Edge|p1a: Spectrier\n|-immune|p1a: Spectrier\n|\n|upkeep\n|turn|9\n|inactive|Time left: 300 sec this turn | 300 sec total\n|\n|t:|1783552636\n|move|p1a: Spectrier|Tera Blast|p2a: Gumshoos\n|-damage|p2a: Gumshoos|29/100\n|-damage|p1a: Spectrier|247/274|[from] item: Life Orb\n|move|p2a: Gumshoos|Double-Edge|p1a: Spectrier\n|-immune|p1a: Spectrier\n|\n|upkeep\n|turn|10\n|inactive|Time left: 300 sec this turn | 300 sec total\n|\n|t:|1783552637\n|move|p1a: Spectrier|Tera Blast|p2a: Gumshoos\n|-damage|p2a: Gumshoos|0 fnt\n|faint|p2a: Gumshoos\n|-ability|p1a: Spectrier|Grim Neigh|boost\n|-boost|p1a: Spectrier|spa|1\n|-damage|p1a: Spectrier|220/274|[from] item: Life Orb\n|\n|upkeep\n|\n|t:|1783552638\n|switch|p2a: Flamigo|Flamigo, L82, F|100/100\n|turn|11\n|inactive|Time left: 300 sec this turn | 300 sec total\n|\n|t:|1783552639\n|-terastallize|p2a: Flamigo|Fighting\n|move|p2a: Flamigo|Close Combat|p1a: Spectrier\n|-damage|p1a: Spectrier|0 fnt\n|-unboost|p2a: Flamigo|def|1\n|-unboost|p2a: Flamigo|spd|1\n|faint|p1a: Spectrier\n|\n|upkeep\n|inactive|Time left: 300 sec this turn | 300 sec total | 5 sec grace\n|\n|t:|1783552640\n|switch|p1a: Ampharos|Ampharos, L88, F|302/302\n|turn|12\n|inactive|Time left: 300 sec this turn | 300 sec total\n|\n|t:|1783552641\n|switch|p2a: Volbeat|Volbeat, L90, M|100/100\n|move|p1a: Ampharos|Thunderbolt|p2a: Volbeat\n|-damage|p2a: Volbeat|58/100\n|-status|p2a: Volbeat|par\n|\n|upkeep\n|turn|13\n|inactive|Time left: 300 sec this turn | 300 sec total\n|\n|t:|1783552642\n|move|p2a: Volbeat|Roost|p2a: Volbeat\n|-heal|p2a: Volbeat|100/100 par\n|-singleturn|p2a: Volbeat|move: Roost\n|move|p1a: Ampharos|Thunderbolt|p2a: Volbeat\n|-damage|p2a: Volbeat|59/100 par\n|\n|upkeep\n|turn|14\n|inactive|Time left: 300 sec this turn | 300 sec total\n|\n|t:|1783552644\n|move|p2a: Volbeat|Roost|p2a: Volbeat\n|-heal|p2a: Volbeat|100/100 par\n|-singleturn|p2a: Volbeat|move: Roost\n|move|p1a: Ampharos|Thunderbolt|p2a: Volbeat\n|-damage|p2a: Volbeat|54/100 par\n|\n|upkeep\n|turn|15\n|inactive|Time left: 300 sec this turn | 300 sec total\n|\n|t:|1783552645\n|move|p2a: Volbeat|Roost|p2a: Volbeat\n|-heal|p2a: Volbeat|100/100 par\n|-singleturn|p2a: Volbeat|move: Roost\n|move|p1a: Ampharos|Thunderbolt|p2a: Volbeat\n|-damage|p2a: Volbeat|56/100 par\n|\n|upkeep\n|turn|16\n|inactive|Time left: 300 sec this turn | 300 sec total\n|\n|t:|1783552646\n|move|p2a: Volbeat|Roost|p2a: Volbeat\n|-heal|p2a: Volbeat|100/100 par\n|-singleturn|p2a: Volbeat|move: Roost\n|move|p1a: Ampharos|Thunderbolt|p2a: Volbeat\n|-damage|p2a: Volbeat|59/100 par\n|\n|upkeep\n|turn|17\n|inactive|Time left: 300 sec this turn | 300 sec total\n|\n|t:|1783552647\n|move|p2a: Volbeat|Roost|p2a: Volbeat\n|-heal|p2a: Volbeat|100/100 par\n|-singleturn|p2a: Volbeat|move: Roost\n|move|p1a: Ampharos|Thunderbolt|p2a: Volbeat\n|-crit|p2a: Volbeat\n|-damage|p2a: Volbeat|31/100 par\n|\n|upkeep\n|turn|18\n|inactive|Time left: 300 sec this turn | 300 sec total\n|\n|t:|1783552648\n|cant|p2a: Volbeat|par\n|move|p1a: Ampharos|Volt Switch|p2a: Volbeat\n|-damage|p2a: Volbeat|0 fnt\n|faint|p2a: Volbeat\n|inactive|Time left: 300 sec this turn | 300 sec total | 5 sec grace\n|\n|t:|1783552649\n|switch|p1a: Moltres|Moltres-Galar, L79|271/271|[from] Volt Switch\n|\n|upkeep\n|\n|t:|1783552650\n|switch|p2a: Flamigo|Flamigo, L82, F, tera:Fighting|100/100\n|turn|19\n|inactive|Time left: 300 sec this turn | 300 sec total\n|\n|t:|1783552651\n|move|p2a: Flamigo|Close Combat|p1a: Moltres\n|-damage|p1a: Moltres|87/271\n|-unboost|p2a: Flamigo|def|1\n|-unboost|p2a: Flamigo|spd|1\n|-ability|p1a: Moltres|Berserk|boost\n|-boost|p1a: Moltres|spa|1\n|move|p1a: Moltres|Hurricane|p2a: Flamigo\n|-supereffective|p2a: Flamigo\n|-damage|p2a: Flamigo|0 fnt\n|faint|p2a: Flamigo\n|\n|upkeep\n|\n|t:|1783552652\n|switch|p2a: Cramorant|Cramorant, L86, M|100/100\n|turn|20\n|inactive|Time left: 300 sec this turn | 300 sec total\n|\n|t:|1783552653\n|switch|p1a: Ampharos|Ampharos, L88, F|302/302\n|move|p2a: Cramorant|Brave Bird|p1a: Ampharos\n|-resisted|p1a: Ampharos\n|-damage|p1a: Ampharos|242/302\n|-damage|p2a: Cramorant|93/100|[from] Recoil\n|\n|upkeep\n|turn|21\n|inactive|Time left: 300 sec this turn | 300 sec total\n|\n|t:|1783552654\n|switch|p2a: Meowstic|Meowstic, L89, M|100/100\n|move|p1a: Ampharos|Volt Switch|p2a: Meowstic\n|-damage|p2a: Meowstic|69/100\n|inactive|Time left: 300 sec this turn | 300 sec total | 5 sec grace\n|\n|t:|1783552655\n|switch|p1a: Frosmoth|Frosmoth, L82, M|249/249|[from] Volt Switch\n|\n|-heal|p2a: Meowstic|75/100|[from] item: Leftovers\n|upkeep\n|turn|22\n|inactive|Time left: 300 sec this turn | 300 sec total\n|\n|t:|1783552656\n|switch|p2a: Cramorant|Cramorant, L86, M|93/100\n|move|p1a: Frosmoth|Quiver Dance|p1a: Frosmoth\n|-boost|p1a: Frosmoth|spa|1\n|-boost|p1a: Frosmoth|spd|1\n|-boost|p1a: Frosmoth|spe|1\n|\n|upkeep\n|turn|23\n|inactive|Time left: 300 sec this turn | 300 sec total\n|\n|t:|1783552656\n|-terastallize|p1a: Frosmoth|Water\n|move|p1a: Frosmoth|Ice Beam|p2a: Cramorant\n|-damage|p2a: Cramorant|32/100\n|move|p2a: Cramorant|Roost|p2a: Cramorant\n|-heal|p2a: Cramorant|82/100\n|-singleturn|p2a: Cramorant|move: Roost\n|\n|upkeep\n|turn|24\n|inactive|Time left: 300 sec this turn | 300 sec total\n|\n|t:|1783552657\n|move|p1a: Frosmoth|Ice Beam|p2a: Cramorant\n|-damage|p2a: Cramorant|27/100\n|-status|p2a: Cramorant|frz\n|cant|p2a: Cramorant|frz\n|\n|upkeep\n|turn|25\n|inactive|Time left: 300 sec this turn | 300 sec total\n|\n|t:|1783552658\n|move|p1a: Frosmoth|Bug Buzz|p2a: Cramorant\n|-resisted|p2a: Cramorant\n|-damage|p2a: Cramorant|0 fnt\n|faint|p2a: Cramorant\n|\n|upkeep\n|\n|t:|1783552659\n|switch|p2a: Meowstic|Meowstic, L89, M|75/100\n|turn|26\n|inactive|Time left: 300 sec this turn | 300 sec total\n|\n|t:|1783552660\n|move|p2a: Meowstic|Thunder Wave|p1a: Frosmoth\n|-status|p1a: Frosmoth|par\n|move|p1a: Frosmoth|Bug Buzz|p2a: Meowstic\n|-supereffective|p2a: Meowstic\n|-damage|p2a: Meowstic|0 fnt\n|faint|p2a: Meowstic\n|\n|win|p0x11651ff6", "uploadtime": 1783552660, "views": 0, "rating": 0, "private": 0, "password": null, "_winner": "p0x11651ff6", "_our_name": "p0x11651ff6"}