{"id": "battle-gen9randombattle-1103", "formatid": "gen9randombattle", "format": "[Gen 9] Random Battle", "players": ["p0x110310b3", "p0y11030e42"], "log": "|init|battle\n|title|p0x110310b3 vs. p0y11030e42\n|j|\u2606p0x110310b3\n|j|\u2606p0y11030e42\n|t:|1783552747\n|gametype|singles\n|player|p1|p0x110310b3|265|\n|player|p2|p0y11030e42|102|\n|gen|9\n|tier|[Gen 9] Random Battle\n|rule|Species Clause: Limit one of each Pok\u00e9mon\n|rule|HP Percentage Mod: HP is shown in percentages\n|rule|Sleep Clause Mod: Limit one foe put to sleep\n|rule|Illusion Level Mod: Illusion disguises the Pok\u00e9mon's true level\n|\n|t:|1783552747\n|teamsize|p1|6\n|teamsize|p2|6\n|start\n|switch|p1a: Espeon|Espeon, L84, M|246/246\n|switch|p2a: Dudunsparce|Dudunsparce-Three-Segment, L83, M|100/100\n|turn|1\n|inactive|Battle timer is ON: inactive players will automatically lose when time's up. (requested by p0x110310b3)\n|inactive|p0y11030e42 also wants the timer to be on.\n|\n|t:|1783552749\n|move|p1a: Espeon|Calm Mind|p1a: Espeon\n|-boost|p1a: Espeon|spa|1\n|-boost|p1a: Espeon|spd|1\n|move|p2a: Dudunsparce|Boomburst|p1a: Espeon\n|-damage|p1a: Espeon|165/246\n|\n|upkeep\n|turn|2\n|inactive|Time left: 300 sec this turn | 300 sec total\n|\n|t:|1783552750\n|move|p1a: Espeon|Psyshock|p2a: Dudunsparce\n|-damage|p2a: Dudunsparce|31/100\n|-damage|p1a: Espeon|141/246|[from] item: Life Orb\n|move|p2a: Dudunsparce|Earthquake|p1a: Espeon\n|-damage|p1a: Espeon|43/246\n|\n|-heal|p2a: Dudunsparce|37/100|[from] item: Leftovers\n|upkeep\n|turn|3\n|inactive|Time left: 300 sec this turn | 300 sec total\n|\n|t:|1783552751\n|move|p1a: Espeon|Alluring Voice|p2a: Dudunsparce\n|-crit|p2a: Dudunsparce\n|-damage|p2a: Dudunsparce|0 fnt\n|faint|p2a: Dudunsparce\n|-damage|p1a: Espeon|19/246|[from] item: Life Orb\n|\n|upkeep\n|\n|t:|1783552752\n|switch|p2a: Froslass|Froslass, L87, F|100/100\n|turn|4\n|inactive|Time left: 300 sec this turn | 300 sec total\n|\n|t:|1783552753\n|move|p2a: Froslass|Triple Axel|p1a: Espeon\n|-damage|p1a: Espeon|0 fnt\n|faint|p1a: Espeon\n|-hitcount|p1: Espeon|1\n|\n|upkeep\n|inactive|Time left: 300 sec this turn | 300 sec total | 5 sec grace\n|\n|t:|1783552754\n|switch|p1a: Luxray|Luxray, L88, F|284/284\n|-ability|p1a: Luxray|Intimidate|boost\n|-unboost|p2a: Froslass|atk|1\n|turn|5\n|inactive|Time left: 300 sec this turn | 300 sec total\n|\n|t:|1783552755\n|switch|p2a: Tauros|Tauros, L82, M|100/100\n|move|p1a: Luxray|Throat Chop|p2a: Tauros\n|-damage|p2a: Tauros|71/100\n|-start|p2a: Tauros|Throat Chop|[silent]\n|\n|upkeep\n|turn|6\n|inactive|Time left: 300 sec this turn | 300 sec total\n|\n|t:|1783552756\n|move|p2a: Tauros|Earthquake|p1a: Luxray\n|-supereffective|p1a: Luxray\n|-damage|p1a: Luxray|112/284\n|-damage|p2a: Tauros|61/100|[from] item: Life Orb\n|move|p1a: Luxray|Volt Switch|p2a: Tauros\n|-damage|p2a: Tauros|23/100\n|inactive|Time left: 300 sec this turn | 300 sec total | 5 sec grace\n|\n|t:|1783552757\n|switch|p1a: Tornadus|Tornadus, L82, M|264/264|[from] Volt Switch\n|\n|-end|p2a: Tauros|Throat Chop|[silent]\n|upkeep\n|turn|7\n|inactive|Time left: 300 sec this turn | 300 sec total\n|\n|t:|1783552759\n|move|p1a: Tornadus|Bleakwind Storm|p2a: Tauros|[miss]\n|-miss|p1a: Tornadus|p2a: Tauros\n|move|p2a: Tauros|Earthquake|p1a: Tornadus\n|-immune|p1a: Tornadus\n|\n|upkeep\n|turn|8\n|inactive|Time left: 300 sec this turn | 300 sec total\n|\n|t:|1783552760\n|move|p1a: Tornadus|Heat Wave|p2a: Tauros|[miss]\n|-miss|p1a: Tornadus|p2a: Tauros\n|move|p2a: Tauros|Body Slam|p1a: Tornadus\n|-damage|p1a: Tornadus|99/264\n|\n|upkeep\n|turn|9\n|inactive|Time left: 300 sec this turn | 300 sec total\n|\n|t:|1783552761\n|move|p1a: Tornadus|Bleakwind Storm|p2a: Tauros\n|-damage|p2a: Tauros|0 fnt\n|faint|p2a: Tauros\n|\n|upkeep\n|\n|t:|1783552762\n|switch|p2a: Froslass|Froslass, L87, F|100/100\n|turn|10\n|inactive|Time left: 300 sec this turn | 300 sec total\n|\n|t:|1783552763\n|switch|p1a: Luxray|Luxray, L88, F|112/284\n|-ability|p1a: Luxray|Intimidate|boost\n|-unboost|p2a: Froslass|atk|1\n|move|p2a: Froslass|Poltergeist|p1a: Luxray\n|-activate|p1a: Luxray|move: Poltergeist|Assault Vest\n|-damage|p1a: Luxray|39/284\n|\n|upkeep\n|turn|11\n|inactive|Time left: 300 sec this turn | 300 sec total\n|\n|t:|1783552764\n|move|p2a: Froslass|Triple Axel|p1a: Luxray\n|-damage|p1a: Luxray|24/284\n|-damage|p1a: Luxray|0 fnt\n|faint|p1a: Luxray\n|-hitcount|p1: Luxray|2\n|\n|upkeep\n|inactive|Time left: 300 sec this turn | 300 sec total | 5 sec grace\n|\n|t:|1783552765\n|switch|p1a: Dusknoir|Dusknoir, L89, F|225/225\n|-item|p2a: Froslass|Wide Lens|[from] ability: Frisk|[of] p1a: Dusknoir\n|turn|12\n|inactive|Time left: 300 sec this turn | 300 sec total\n|\n|t:|1783552766\n|move|p2a: Froslass|Destiny Bond|p2a: Froslass\n|-singlemove|p2a: Froslass|Destiny Bond\n|move|p1a: Dusknoir|Poltergeist|p2a: Froslass\n|-activate|p2a: Froslass|move: Poltergeist|Wide Lens\n|-supereffective|p2a: Froslass\n|-damage|p2a: Froslass|0 fnt\n|faint|p2a: Froslass\n|-activate|p2a: Froslass|move: Destiny Bond\n|faint|p1a: Dusknoir\n|\n|upkeep\n|inactive|Time left: 300 sec this turn | 300 sec total | 5 sec grace\n|\n|t:|1783552767\n|switch|p2a: Lumineon|Lumineon, L93, M|100/100\n|switch|p1a: Articuno|Articuno, L86|295/295\n|-ability|p1a: Articuno|Pressure\n|turn|13\n|inactive|Time left: 300 sec this turn | 300 sec total\n|\n|t:|1783552768\n|move|p2a: Lumineon|Hydro Pump|p1a: Articuno\n|-damage|p1a: Articuno|196/295\n|-damage|p2a: Lumineon|91/100|[from] item: Life Orb\n|move|p1a: Articuno|Freeze-Dry|p2a: Lumineon\n|-supereffective|p2a: Lumineon\n|-damage|p2a: Lumineon|39/100\n|\n|upkeep\n|turn|14\n|inactive|Time left: 300 sec this turn | 300 sec total\n|\n|t:|1783552769\n|move|p2a: Lumineon|Hydro Pump|p1a: Articuno\n|-damage|p1a: Articuno|89/295\n|-damage|p2a: Lumineon|30/100|[from] item: Life Orb\n|move|p1a: Articuno|Roost|p1a: Articuno\n|-heal|p1a: Articuno|237/295\n|-singleturn|p1a: Articuno|move: Roost\n|\n|upkeep\n|turn|15\n|inactive|Time left: 300 sec this turn | 300 sec total\n|\n|t:|1783552770\n|move|p2a: Lumineon|Encore|p1a: Articuno\n|-start|p1a: Articuno|Encore\n|move|p1a: Articuno|Roost|p1a: Articuno\n|-heal|p1a: Articuno|295/295\n|-singleturn|p1a: Articuno|move: Roost\n|\n|upkeep\n|turn|16\n|inactive|Time left: 300 sec this turn | 300 sec total\n|\n|t:|1783552771\n|switch|p2a: Gurdurr|Gurdurr, L85, F|100/100\n|move|p1a: Articuno|Roost||[still]\n|-fail|p1a: Articuno|heal\n|\n|upkeep\n|turn|17\n|inactive|Time left: 300 sec this turn | 300 sec total\n|\n|t:|1783552772\n|switch|p1a: Tornadus|Tornadus, L82, M|99/264\n|move|p2a: Gurdurr|Knock Off|p1a: Tornadus\n|-damage|p1a: Tornadus|10/264\n|-enditem|p1a: Tornadus|Heavy-Duty Boots|[from] move: Knock Off|[of] p2a: Gurdurr\n|\n|upkeep\n|turn|18\n|inactive|Time left: 300 sec this turn | 300 sec total\n|\n|t:|1783552773\n|move|p2a: Gurdurr|Mach Punch|p1a: Tornadus\n|-resisted|p1a: Tornadus\n|-damage|p1a: Tornadus|0 fnt\n|faint|p1a: Tornadus\n|\n|upkeep\n|inactive|Time left: 300 sec this turn | 300 sec total | 5 sec grace\n|\n|t:|1783552774\n|switch|p1a: Articuno|Articuno, L86|295/295\n|-ability|p1a: Articuno|Pressure\n|turn|19\n|inactive|Time left: 300 sec this turn | 300 sec total\n|\n|t:|1783552775\n|move|p1a: Articuno|Brave Bird|p2a: Gurdurr\n|-supereffective|p2a: Gurdurr\n|-damage|p2a: Gurdurr|38/100\n|-damage|p1a: Articuno|237/295|[from] Recoil\n|move|p2a: Gurdurr|Drain Punch|p1a: Articuno\n|-damage|p1a: Articuno|156/295\n|-heal|p2a: Gurdurr|53/100|[from] drain|[of] p1a: Articuno\n|\n|upkeep\n|turn|20\n|inactive|Time left: 300 sec this turn | 300 sec total\n|\n|t:|1783552776\n|-terastallize|p2a: Gurdurr|Steel\n|move|p1a: Articuno|Brave Bird|p2a: Gurdurr\n|-resisted|p2a: Gurdurr\n|-damage|p2a: Gurdurr|39/100\n|-damage|p1a: Articuno|143/295|[from] Recoil\n|move|p2a: Gurdurr|Drain Punch|p1a: Articuno\n|-damage|p1a: Articuno|68/295\n|-heal|p2a: Gurdurr|52/100|[from] drain|[of] p1a: Articuno\n|\n|upkeep\n|turn|21\n|inactive|Time left: 300 sec this turn | 300 sec total\n|\n|t:|1783552777\n|move|p1a: Articuno|Roost|p1a: Articuno\n|-heal|p1a: Articuno|216/295\n|-singleturn|p1a: Articuno|move: Roost\n|move|p2a: Gurdurr|Drain Punch|p1a: Articuno\n|-supereffective|p1a: Articuno\n|-damage|p1a: Articuno|54/295\n|-heal|p2a: Gurdurr|81/100|[from] drain|[of] p1a: Articuno\n|\n|upkeep\n|turn|22\n|inactive|Time left: 300 sec this turn | 300 sec total\n|\n|t:|1783552778\n|move|p1a: Articuno|Roost|p1a: Articuno\n|-heal|p1a: Articuno|202/295\n|-singleturn|p1a: Articuno|move: Roost\n|move|p2a: Gurdurr|Drain Punch|p1a: Articuno\n|-supereffective|p1a: Articuno\n|-damage|p1a: Articuno|46/295\n|-heal|p2a: Gurdurr|100/100|[from] drain|[of] p1a: Articuno\n|\n|upkeep\n|turn|23\n|inactive|Time left: 300 sec this turn | 300 sec total\n|\n|t:|1783552780\n|move|p1a: Articuno|Roost|p1a: Articuno\n|-heal|p1a: Articuno|194/295\n|-singleturn|p1a: Articuno|move: Roost\n|move|p2a: Gurdurr|Drain Punch|p1a: Articuno\n|-supereffective|p1a: Articuno\n|-damage|p1a: Articuno|48/295\n|\n|upkeep\n|turn|24\n|inactive|Time left: 300 sec this turn | 300 sec total\n|\n|t:|1783552781\n|move|p1a: Articuno|Roost|p1a: Articuno\n|-heal|p1a: Articuno|196/295\n|-singleturn|p1a: Articuno|move: Roost\n|move|p2a: Gurdurr|Drain Punch|p1a: Articuno\n|-supereffective|p1a: Articuno\n|-damage|p1a: Articuno|32/295\n|\n|upkeep\n|turn|25\n|inactive|Time left: 300 sec this turn | 300 sec total\n|\n|t:|1783552782\n|move|p2a: Gurdurr|Mach Punch|p1a: Articuno\n|-damage|p1a: Articuno|0 fnt\n|faint|p1a: Articuno\n|\n|upkeep\n|inactive|Time left: 300 sec this turn | 300 sec total | 5 sec grace\n|\n|t:|1783552783\n|switch|p1a: Lumineon|Lumineon, L93, M|279/279\n|turn|26\n|inactive|Time left: 300 sec this turn | 300 sec total\n|\n|t:|1783552783\n|move|p1a: Lumineon|Encore|p2a: Gurdurr\n|-start|p2a: Gurdurr|Encore\n|move|p2a: Gurdurr|Mach Punch|p1a: Lumineon\n|-damage|p1a: Lumineon|236/279\n|\n|upkeep\n|turn|27\n|inactive|Time left: 300 sec this turn | 300 sec total\n|\n|t:|1783552784\n|move|p2a: Gurdurr|Mach Punch|p1a: Lumineon\n|-damage|p1a: Lumineon|185/279\n|move|p1a: Lumineon|Hydro Pump|p2a: Gurdurr\n|-damage|p2a: Gurdurr|48/100\n|-damage|p1a: Lumineon|158/279|[from] item: Life Orb\n|\n|upkeep\n|turn|28\n|inactive|Time left: 300 sec this turn | 300 sec total\n|\n|t:|1783552785\n|move|p2a: Gurdurr|Mach Punch|p1a: Lumineon\n|-damage|p1a: Lumineon|113/279\n|move|p1a: Lumineon|Ice Beam|p2a: Gurdurr\n|-resisted|p2a: Gurdurr\n|-damage|p2a: Gurdurr|33/100\n|-damage|p1a: Lumineon|86/279|[from] item: Life Orb\n|\n|-end|p2a: Gurdurr|Encore\n|upkeep\n|turn|29\n|inactive|Time left: 300 sec this turn | 300 sec total\n|\n|t:|1783552786\n|-terastallize|p1a: Lumineon|Fairy\n|move|p2a: Gurdurr|Mach Punch|p1a: Lumineon\n|-resisted|p1a: Lumineon\n|-damage|p1a: Lumineon|64/279\n|move|p1a: Lumineon|Hydro Pump|p2a: Gurdurr\n|-damage|p2a: Gurdurr|0 fnt\n|faint|p2a: Gurdurr\n|-damage|p1a: Lumineon|37/279|[from] item: Life Orb\n|\n|upkeep\n|\n|t:|1783552787\n|switch|p2a: Lumineon|Lumineon, L93, M|30/100\n|turn|30\n|inactive|Time left: 300 sec this turn | 300 sec total\n|\n|t:|1783552788\n|move|p2a: Lumineon|Ice Beam|p1a: Lumineon\n|-damage|p1a: Lumineon|0 fnt\n|faint|p1a: Lumineon\n|-damage|p2a: Lumineon|20/100|[from] item: Life Orb\n|\n|win|p0y11030e42", "uploadtime": 1783552788, "views": 0, "rating": 0, "private": 0, "password": null, "_winner": "p0y11030e42", "_our_name": "p0x110310b3"}