{"id": "battle-gen9randombattle-35", "formatid": "gen9randombattle", "format": "[Gen 9] Random Battle", "players": ["p0x035c67c", "p0y03565c2"], "log": "|init|battle\n|title|p0x035c67c vs. p0y03565c2\n|j|\u2606p0x035c67c\n|j|\u2606p0y03565c2\n|t:|1783539560\n|gametype|singles\n|player|p1|p0x035c67c|265|\n|player|p2|p0y03565c2|265|\n|gen|9\n|tier|[Gen 9] Random Battle\n|rule|Species Clause: Limit one of each Pok\u00e9mon\n|rule|HP Percentage Mod: HP is shown in percentages\n|rule|Sleep Clause Mod: Limit one foe put to sleep\n|rule|Illusion Level Mod: Illusion disguises the Pok\u00e9mon's true level\n|\n|t:|1783539560\n|teamsize|p1|6\n|teamsize|p2|6\n|start\n|switch|p1a: Glalie|Glalie, L96, F|309/309\n|switch|p2a: Vivillon|Vivillon-Marine, L83, F|100/100\n|turn|1\n|inactive|Battle timer is ON: inactive players will automatically lose when time's up. (requested by p0y03565c2)\n|inactive|Time left: 300 sec this turn | 300 sec total | 60 sec grace\n|inactive|p0x035c67c also wants the timer to be on.\n|\n|t:|1783539562\n|move|p1a: Glalie|Freeze-Dry|p2a: Vivillon\n|-supereffective|p2a: Vivillon\n|-damage|p2a: Vivillon|15/100\n|move|p2a: Vivillon|Quiver Dance|p2a: Vivillon\n|-boost|p2a: Vivillon|spa|1\n|-boost|p2a: Vivillon|spd|1\n|-boost|p2a: Vivillon|spe|1\n|\n|upkeep\n|turn|2\n|inactive|Time left: 300 sec this turn | 300 sec total\n|\n|t:|1783539563\n|move|p2a: Vivillon|Sleep Powder|p1a: Glalie\n|-status|p1a: Glalie|slp|[from] move: Sleep Powder\n|cant|p1a: Glalie|slp\n|\n|upkeep\n|turn|3\n|inactive|Time left: 300 sec this turn | 300 sec total\n|\n|t:|1783539564\n|switch|p1a: Mimikyu|Mimikyu, L79, F|216/216\n|move|p2a: Vivillon|Hurricane|p1a: Mimikyu\n|-activate|p1a: Mimikyu|ability: Disguise\n|-damage|p1a: Mimikyu|216/216\n|detailschange|p1a: Mimikyu|Mimikyu-Busted, L79, F\n|-damage|p1a: Mimikyu|189/216|[from] pokemon: Mimikyu-Busted\n|\n|upkeep\n|turn|4\n|inactive|Time left: 300 sec this turn | 300 sec total\n|\n|t:|1783539565\n|move|p1a: Mimikyu|Shadow Sneak|p2a: Vivillon\n|-damage|p2a: Vivillon|0 fnt\n|faint|p2a: Vivillon\n|-damage|p1a: Mimikyu|168/216|[from] item: Life Orb\n|\n|upkeep\n|\n|t:|1783539567\n|switch|p2a: Entei|Entei, L78|100/100\n|turn|5\n|inactive|Time left: 300 sec this turn | 300 sec total\n|\n|t:|1783539568\n|switch|p1a: Cresselia|Cresselia, L80, F|323/323\n|move|p2a: Entei|Sacred Fire|p1a: Cresselia\n|-damage|p1a: Cresselia|185/323\n|\n|-heal|p1a: Cresselia|205/323|[from] item: Leftovers\n|upkeep\n|turn|6\n|inactive|Time left: 300 sec this turn | 300 sec total\n|\n|t:|1783539569\n|move|p2a: Entei|Sacred Fire|p1a: Cresselia\n|-damage|p1a: Cresselia|78/323\n|move|p1a: Cresselia|Moonlight|p1a: Cresselia\n|-heal|p1a: Cresselia|239/323\n|\n|-heal|p1a: Cresselia|259/323|[from] item: Leftovers\n|upkeep\n|turn|7\n|inactive|Time left: 300 sec this turn | 300 sec total\n|\n|t:|1783539570\n|move|p2a: Entei|Sacred Fire|p1a: Cresselia\n|-damage|p1a: Cresselia|130/323\n|-status|p1a: Cresselia|brn\n|move|p1a: Cresselia|Moonlight|p1a: Cresselia\n|-heal|p1a: Cresselia|291/323 brn\n|\n|-heal|p1a: Cresselia|311/323 brn|[from] item: Leftovers\n|-damage|p1a: Cresselia|291/323 brn|[from] brn\n|upkeep\n|turn|8\n|inactive|Time left: 300 sec this turn | 300 sec total\n|\n|t:|1783539571\n|move|p2a: Entei|Sacred Fire|p1a: Cresselia\n|-damage|p1a: Cresselia|140/323 brn\n|move|p1a: Cresselia|Moonlight|p1a: Cresselia\n|-heal|p1a: Cresselia|301/323 brn\n|\n|-heal|p1a: Cresselia|321/323 brn|[from] item: Leftovers\n|-damage|p1a: Cresselia|301/323 brn|[from] brn\n|upkeep\n|turn|9\n|inactive|Time left: 300 sec this turn | 300 sec total\n|\n|t:|1783539572\n|move|p2a: Entei|Sacred Fire|p1a: Cresselia\n|-damage|p1a: Cresselia|163/323 brn\n|move|p1a: Cresselia|Moonlight|p1a: Cresselia\n|-heal|p1a: Cresselia|323/323 brn\n|\n|-damage|p1a: Cresselia|303/323 brn|[from] brn\n|upkeep\n|turn|10\n|inactive|Time left: 300 sec this turn | 300 sec total\n|\n|t:|1783539573\n|move|p2a: Entei|Sacred Fire|p1a: Cresselia\n|-damage|p1a: Cresselia|176/323 brn\n|move|p1a: Cresselia|Moonlight|p1a: Cresselia\n|-heal|p1a: Cresselia|323/323 brn\n|\n|-damage|p1a: Cresselia|303/323 brn|[from] brn\n|upkeep\n|turn|11\n|inactive|Time left: 300 sec this turn | 300 sec total\n|\n|t:|1783539574\n|move|p2a: Entei|Sacred Fire|p1a: Cresselia\n|-damage|p1a: Cresselia|164/323 brn\n|move|p1a: Cresselia|Moonlight|p1a: Cresselia\n|-heal|p1a: Cresselia|323/323 brn\n|\n|-damage|p1a: Cresselia|303/323 brn|[from] brn\n|upkeep\n|turn|12\n|inactive|Time left: 300 sec this turn | 300 sec total\n|\n|t:|1783539575\n|move|p2a: Entei|Sacred Fire|p1a: Cresselia\n|-damage|p1a: Cresselia|174/323 brn\n|move|p1a: Cresselia|Calm Mind|p1a: Cresselia\n|-boost|p1a: Cresselia|spa|1\n|-boost|p1a: Cresselia|spd|1\n|\n|-heal|p1a: Cresselia|194/323 brn|[from] item: Leftovers\n|-damage|p1a: Cresselia|174/323 brn|[from] brn\n|upkeep\n|turn|13\n|inactive|Time left: 300 sec this turn | 300 sec total\n|\n|t:|1783539576\n|switch|p2a: Vaporeon|Vaporeon, L86, M|100/100\n|move|p1a: Cresselia|Psyshock|p2a: Vaporeon\n|-damage|p2a: Vaporeon|65/100\n|\n|-heal|p1a: Cresselia|194/323 brn|[from] item: Leftovers\n|-heal|p2a: Vaporeon|71/100|[from] item: Leftovers\n|-damage|p1a: Cresselia|174/323 brn|[from] brn\n|upkeep\n|turn|14\n|inactive|Time left: 300 sec this turn | 300 sec total\n|\n|t:|1783539577\n|move|p1a: Cresselia|Calm Mind|p1a: Cresselia\n|-boost|p1a: Cresselia|spa|1\n|-boost|p1a: Cresselia|spd|1\n|move|p2a: Vaporeon|Wish|p2a: Vaporeon\n|\n|-heal|p1a: Cresselia|194/323 brn|[from] item: Leftovers\n|-heal|p2a: Vaporeon|77/100|[from] item: Leftovers\n|-damage|p1a: Cresselia|174/323 brn|[from] brn\n|upkeep\n|turn|15\n|inactive|Time left: 300 sec this turn | 300 sec total\n|\n|t:|1783539578\n|move|p1a: Cresselia|Moonlight|p1a: Cresselia\n|-heal|p1a: Cresselia|323/323 brn\n|move|p2a: Vaporeon|Haze|p2a: Vaporeon\n|-clearallboost\n|\n|-heal|p2a: Vaporeon|100/100|[from] move: Wish|[wisher] Vaporeon\n|-damage|p1a: Cresselia|303/323 brn|[from] brn\n|upkeep\n|turn|16\n|inactive|Time left: 300 sec this turn | 300 sec total\n|\n|t:|1783539579\n|move|p1a: Cresselia|Calm Mind|p1a: Cresselia\n|-boost|p1a: Cresselia|spa|1\n|-boost|p1a: Cresselia|spd|1\n|move|p2a: Vaporeon|Scald|p1a: Cresselia\n|-damage|p1a: Cresselia|245/323 brn\n|\n|-heal|p1a: Cresselia|265/323 brn|[from] item: Leftovers\n|-damage|p1a: Cresselia|245/323 brn|[from] brn\n|upkeep\n|turn|17\n|inactive|Time left: 300 sec this turn | 300 sec total\n|\n|t:|1783539580\n|move|p1a: Cresselia|Psyshock|p2a: Vaporeon\n|-damage|p2a: Vaporeon|63/100\n|move|p2a: Vaporeon|Haze|p2a: Vaporeon\n|-clearallboost\n|\n|-heal|p1a: Cresselia|265/323 brn|[from] item: Leftovers\n|-heal|p2a: Vaporeon|69/100|[from] item: Leftovers\n|-damage|p1a: Cresselia|245/323 brn|[from] brn\n|upkeep\n|turn|18\n|inactive|Time left: 300 sec this turn | 300 sec total\n|\n|t:|1783539581\n|move|p1a: Cresselia|Calm Mind|p1a: Cresselia\n|-boost|p1a: Cresselia|spa|1\n|-boost|p1a: Cresselia|spd|1\n|move|p2a: Vaporeon|Scald|p1a: Cresselia\n|-damage|p1a: Cresselia|187/323 brn\n|\n|-heal|p1a: Cresselia|207/323 brn|[from] item: Leftovers\n|-heal|p2a: Vaporeon|75/100|[from] item: Leftovers\n|-damage|p1a: Cresselia|187/323 brn|[from] brn\n|upkeep\n|turn|19\n|inactive|Time left: 300 sec this turn | 300 sec total\n|\n|t:|1783539582\n|move|p1a: Cresselia|Moonlight|p1a: Cresselia\n|-heal|p1a: Cresselia|323/323 brn\n|move|p2a: Vaporeon|Haze|p2a: Vaporeon\n|-clearallboost\n|\n|-heal|p2a: Vaporeon|82/100|[from] item: Leftovers\n|-damage|p1a: Cresselia|303/323 brn|[from] brn\n|upkeep\n|turn|20\n|inactive|Time left: 300 sec this turn | 300 sec total\n|\n|t:|1783539583\n|move|p1a: Cresselia|Calm Mind|p1a: Cresselia\n|-boost|p1a: Cresselia|spa|1\n|-boost|p1a: Cresselia|spd|1\n|move|p2a: Vaporeon|Scald|p1a: Cresselia\n|-damage|p1a: Cresselia|248/323 brn\n|\n|-heal|p1a: Cresselia|268/323 brn|[from] item: Leftovers\n|-heal|p2a: Vaporeon|88/100|[from] item: Leftovers\n|-damage|p1a: Cresselia|248/323 brn|[from] brn\n|upkeep\n|turn|21\n|inactive|Time left: 300 sec this turn | 300 sec total\n|\n|t:|1783539584\n|move|p2a: Vaporeon|Protect|p2a: Vaporeon\n|-singleturn|p2a: Vaporeon|Protect\n|move|p1a: Cresselia|Calm Mind|p1a: Cresselia\n|-boost|p1a: Cresselia|spa|1\n|-boost|p1a: Cresselia|spd|1\n|\n|-heal|p1a: Cresselia|268/323 brn|[from] item: Leftovers\n|-heal|p2a: Vaporeon|94/100|[from] item: Leftovers\n|-damage|p1a: Cresselia|248/323 brn|[from] brn\n|upkeep\n|turn|22\n|inactive|Time left: 300 sec this turn | 300 sec total\n|\n|t:|1783539585\n|move|p1a: Cresselia|Thunderbolt|p2a: Vaporeon\n|-supereffective|p2a: Vaporeon\n|-damage|p2a: Vaporeon|43/100\n|move|p2a: Vaporeon|Haze|p2a: Vaporeon\n|-clearallboost\n|\n|-heal|p1a: Cresselia|268/323 brn|[from] item: Leftovers\n|-heal|p2a: Vaporeon|49/100|[from] item: Leftovers\n|-damage|p1a: Cresselia|248/323 brn|[from] brn\n|upkeep\n|turn|23\n|inactive|Time left: 300 sec this turn | 300 sec total\n|\n|t:|1783539586\n|move|p1a: Cresselia|Calm Mind|p1a: Cresselia\n|-boost|p1a: Cresselia|spa|1\n|-boost|p1a: Cresselia|spd|1\n|move|p2a: Vaporeon|Wish|p2a: Vaporeon\n|\n|-heal|p1a: Cresselia|268/323 brn|[from] item: Leftovers\n|-heal|p2a: Vaporeon|55/100|[from] item: Leftovers\n|-damage|p1a: Cresselia|248/323 brn|[from] brn\n|upkeep\n|turn|24\n|inactive|Time left: 300 sec this turn | 300 sec total\n|\n|t:|1783539587\n|move|p1a: Cresselia|Thunderbolt|p2a: Vaporeon\n|-supereffective|p2a: Vaporeon\n|-damage|p2a: Vaporeon|20/100\n|move|p2a: Vaporeon|Scald|p1a: Cresselia\n|-damage|p1a: Cresselia|191/323 brn\n|\n|-heal|p2a: Vaporeon|70/100|[from] move: Wish|[wisher] Vaporeon\n|-heal|p1a: Cresselia|211/323 brn|[from] item: Leftovers\n|-heal|p2a: Vaporeon|76/100|[from] item: Leftovers\n|-damage|p1a: Cresselia|191/323 brn|[from] brn\n|upkeep\n|turn|25\n|inactive|Time left: 300 sec this turn | 300 sec total\n|\n|t:|1783539589\n|move|p2a: Vaporeon|Protect|p2a: Vaporeon\n|-singleturn|p2a: Vaporeon|Protect\n|move|p1a: Cresselia|Thunderbolt|p2a: Vaporeon\n|-activate|p2a: Vaporeon|move: Protect\n|\n|-heal|p1a: Cresselia|211/323 brn|[from] item: Leftovers\n|-heal|p2a: Vaporeon|82/100|[from] item: Leftovers\n|-damage|p1a: Cresselia|191/323 brn|[from] brn\n|upkeep\n|turn|26\n|inactive|Time left: 300 sec this turn | 300 sec total\n|\n|t:|1783539590\n|move|p1a: Cresselia|Thunderbolt|p2a: Vaporeon\n|-supereffective|p2a: Vaporeon\n|-damage|p2a: Vaporeon|46/100\n|move|p2a: Vaporeon|Wish|p2a: Vaporeon\n|\n|-heal|p1a: Cresselia|211/323 brn|[from] item: Leftovers\n|-heal|p2a: Vaporeon|52/100|[from] item: Leftovers\n|-damage|p1a: Cresselia|191/323 brn|[from] brn\n|upkeep\n|turn|27\n|inactive|Time left: 300 sec this turn | 300 sec total\n|\n|t:|1783539591\n|move|p2a: Vaporeon|Protect|p2a: Vaporeon\n|-singleturn|p2a: Vaporeon|Protect\n|move|p1a: Cresselia|Calm Mind|p1a: Cresselia\n|-boost|p1a: Cresselia|spa|1\n|-boost|p1a: Cresselia|spd|1\n|\n|-heal|p2a: Vaporeon|100/100|[from] move: Wish|[wisher] Vaporeon\n|-heal|p1a: Cresselia|211/323 brn|[from] item: Leftovers\n|-damage|p1a: Cresselia|191/323 brn|[from] brn\n|upkeep\n|turn|28\n|inactive|Time left: 300 sec this turn | 300 sec total\n|\n|t:|1783539592\n|move|p1a: Cresselia|Psyshock|p2a: Vaporeon\n|-damage|p2a: Vaporeon|53/100\n|move|p2a: Vaporeon|Haze|p2a: Vaporeon\n|-clearallboost\n|\n|-heal|p1a: Cresselia|211/323 brn|[from] item: Leftovers\n|-heal|p2a: Vaporeon|59/100|[from] item: Leftovers\n|-damage|p1a: Cresselia|191/323 brn|[from] brn\n|upkeep\n|turn|29\n|inactive|Time left: 300 sec this turn | 300 sec total\n|\n|t:|1783539593\n|move|p1a: Cresselia|Calm Mind|p1a: Cresselia\n|-boost|p1a: Cresselia|spa|1\n|-boost|p1a: Cresselia|spd|1\n|move|p2a: Vaporeon|Scald|p1a: Cresselia\n|-damage|p1a: Cresselia|134/323 brn\n|\n|-heal|p1a: Cresselia|154/323 brn|[from] item: Leftovers\n|-heal|p2a: Vaporeon|65/100|[from] item: Leftovers\n|-damage|p1a: Cresselia|134/323 brn|[from] brn\n|upkeep\n|turn|30\n|inactive|Time left: 300 sec this turn | 300 sec total\n|\n|t:|1783539594\n|move|p2a: Vaporeon|Protect|p2a: Vaporeon\n|-singleturn|p2a: Vaporeon|Protect\n|move|p1a: Cresselia|Psyshock|p2a: Vaporeon\n|-activate|p2a: Vaporeon|move: Protect\n|\n|-heal|p1a: Cresselia|154/323 brn|[from] item: Leftovers\n|-heal|p2a: Vaporeon|71/100|[from] item: Leftovers\n|-damage|p1a: Cresselia|134/323 brn|[from] brn\n|upkeep\n|turn|31\n|inactive|Time left: 300 sec this turn | 300 sec total\n|\n|t:|1783539595\n|move|p1a: Cresselia|Thunderbolt|p2a: Vaporeon\n|-supereffective|p2a: Vaporeon\n|-damage|p2a: Vaporeon|33/100\n|move|p2a: Vaporeon|Haze|p2a: Vaporeon\n|-clearallboost\n|\n|-heal|p1a: Cresselia|154/323 brn|[from] item: Leftovers\n|-heal|p2a: Vaporeon|39/100|[from] item: Leftovers\n|-damage|p1a: Cresselia|134/323 brn|[from] brn\n|upkeep\n|turn|32\n|inactive|Time left: 300 sec this turn | 300 sec total\n|\n|t:|1783539596\n|move|p1a: Cresselia|Calm Mind|p1a: Cresselia\n|-boost|p1a: Cresselia|spa|1\n|-boost|p1a: Cresselia|spd|1\n|move|p2a: Vaporeon|Wish|p2a: Vaporeon\n|\n|-heal|p1a: Cresselia|154/323 brn|[from] item: Leftovers\n|-heal|p2a: Vaporeon|45/100|[from] item: Leftovers\n|-damage|p1a: Cresselia|134/323 brn|[from] brn\n|upkeep\n|turn|33\n|inactive|Time left: 300 sec this turn | 300 sec total\n|\n|t:|1783539597\n|move|p1a: Cresselia|Thunderbolt|p2a: Vaporeon\n|-supereffective|p2a: Vaporeon\n|-damage|p2a: Vaporeon|9/100\n|-status|p2a: Vaporeon|par\n|move|p2a: Vaporeon|Scald|p1a: Cresselia\n|-damage|p1a: Cresselia|76/323 brn\n|\n|-heal|p2a: Vaporeon|59/100 par|[from] move: Wish|[wisher] Vaporeon\n|-heal|p1a: Cresselia|96/323 brn|[from] item: Leftovers\n|-heal|p2a: Vaporeon|65/100 par|[from] item: Leftovers\n|-damage|p1a: Cresselia|76/323 brn|[from] brn\n|upkeep\n|turn|34\n|inactive|Time left: 300 sec this turn | 300 sec total\n|\n|t:|1783539598\n|switch|p2a: Entei|Entei, L78|100/100\n|move|p1a: Cresselia|Psyshock|p2a: Entei\n|-damage|p2a: Entei|66/100\n|\n|-heal|p1a: Cresselia|96/323 brn|[from] item: Leftovers\n|-damage|p1a: Cresselia|76/323 brn|[from] brn\n|upkeep\n|turn|35\n|inactive|Time left: 300 sec this turn | 300 sec total\n|\n|t:|1783539599\n|move|p2a: Entei|Flare Blitz|p1a: Cresselia\n|-damage|p1a: Cresselia|0 fnt\n|faint|p1a: Cresselia\n|-damage|p2a: Entei|58/100|[from] Recoil\n|\n|upkeep\n|inactive|Time left: 300 sec this turn | 300 sec total | 5 sec grace\n|\n|t:|1783539600\n|switch|p1a: Krookodile|Krookodile, L79, F|280/280\n|-ability|p1a: Krookodile|Intimidate|boost\n|-fail|p2a: Entei|unboost|Attack|[from] ability: Inner Focus|[of] p2a: Entei\n|turn|36\n|inactive|Time left: 300 sec this turn | 300 sec total\n|\n|t:|1783539601\n|move|p2a: Entei|Flare Blitz|p1a: Krookodile\n|-damage|p1a: Krookodile|70/280\n|-damage|p2a: Entei|36/100|[from] Recoil\n|move|p1a: Krookodile|Earthquake|p2a: Entei\n|-supereffective|p2a: Entei\n|-damage|p2a: Entei|0 fnt\n|faint|p2a: Entei\n|-damage|p1a: Krookodile|42/280|[from] item: Life Orb\n|\n|upkeep\n|\n|t:|1783539602\n|switch|p2a: Spectrier|Spectrier, L75|100/100\n|turn|37\n|inactive|Time left: 300 sec this turn | 300 sec total\n|\n|t:|1783539602\n|switch|p1a: Qwilfish|Qwilfish-Hisui, L83, M|244/244\n|-ability|p1a: Qwilfish|Intimidate|boost\n|-unboost|p2a: Spectrier|atk|1\n|move|p2a: Spectrier|Shadow Ball|p1a: Qwilfish\n|-resisted|p1a: Qwilfish\n|-damage|p1a: Qwilfish|186/244\n|-unboost|p1a: Qwilfish|spd|1\n|-damage|p2a: Spectrier|91/100|[from] item: Life Orb\n|\n|upkeep\n|turn|38\n|inactive|Time left: 300 sec this turn | 300 sec total\n|\n|t:|1783539603\n|move|p2a: Spectrier|Will-O-Wisp|p1a: Qwilfish\n|-status|p1a: Qwilfish|brn\n|move|p1a: Qwilfish|Crunch|p2a: Spectrier\n|-supereffective|p2a: Spectrier\n|-damage|p2a: Spectrier|50/100\n|\n|-damage|p1a: Qwilfish|171/244 brn|[from] brn\n|upkeep\n|turn|39\n|inactive|Time left: 300 sec this turn | 300 sec total\n|\n|t:|1783539604\n|move|p2a: Spectrier|Nasty Plot|p2a: Spectrier\n|-boost|p2a: Spectrier|spa|2\n|move|p1a: Qwilfish|Crunch|p2a: Spectrier\n|-supereffective|p2a: Spectrier\n|-damage|p2a: Spectrier|3/100\n|\n|-damage|p1a: Qwilfish|156/244 brn|[from] brn\n|upkeep\n|turn|40\n|inactive|Time left: 300 sec this turn | 300 sec total\n|\n|t:|1783539605\n|-terastallize|p2a: Spectrier|Fairy\n|move|p2a: Spectrier|Draining Kiss|p1a: Qwilfish\n|-damage|p1a: Qwilfish|0 fnt\n|-heal|p2a: Spectrier|46/100|[from] drain|[of] p1a: Qwilfish\n|faint|p1a: Qwilfish\n|-ability|p2a: Spectrier|Grim Neigh|boost\n|-boost|p2a: Spectrier|spa|1\n|-damage|p2a: Spectrier|36/100|[from] item: Life Orb\n|\n|upkeep\n|inactive|Time left: 300 sec this turn | 300 sec total | 5 sec grace\n|\n|t:|1783539606\n|switch|p1a: Krookodile|Krookodile, L79, F|42/280\n|-ability|p1a: Krookodile|Intimidate|boost\n|-unboost|p2a: Spectrier|atk|1\n|turn|41\n|inactive|Time left: 300 sec this turn | 300 sec total\n|\n|t:|1783539607\n|move|p2a: Spectrier|Draining Kiss|p1a: Krookodile\n|-supereffective|p1a: Krookodile\n|-damage|p1a: Krookodile|0 fnt\n|-heal|p2a: Spectrier|48/100|[from] drain|[of] p1a: Krookodile\n|faint|p1a: Krookodile\n|-ability|p2a: Spectrier|Grim Neigh|boost\n|-boost|p2a: Spectrier|spa|1\n|-damage|p2a: Spectrier|38/100|[from] item: Life Orb\n|\n|upkeep\n|inactive|Time left: 300 sec this turn | 300 sec total | 5 sec grace\n|\n|t:|1783539608\n|switch|p1a: Glalie|Glalie, L96, F|309/309 slp\n|turn|42\n|inactive|Time left: 300 sec this turn | 300 sec total\n|\n|t:|1783539609\n|move|p2a: Spectrier|Draining Kiss|p1a: Glalie\n|-damage|p1a: Glalie|24/309 slp\n|-heal|p2a: Spectrier|100/100|[from] drain|[of] p1a: Glalie\n|-damage|p2a: Spectrier|91/100|[from] item: Life Orb\n|cant|p1a: Glalie|slp\n|\n|upkeep\n|turn|43\n|inactive|Time left: 300 sec this turn | 300 sec total\n|\n|t:|1783539610\n|move|p2a: Spectrier|Draining Kiss|p1a: Glalie\n|-damage|p1a: Glalie|0 fnt\n|-heal|p2a: Spectrier|97/100|[from] drain|[of] p1a: Glalie\n|faint|p1a: Glalie\n|-ability|p2a: Spectrier|Grim Neigh|boost\n|-boost|p2a: Spectrier|spa|1\n|-damage|p2a: Spectrier|87/100|[from] item: Life Orb\n|\n|upkeep\n|inactive|Time left: 300 sec this turn | 300 sec total | 5 sec grace\n|\n|t:|1783539611\n|switch|p1a: Mimikyu|Mimikyu-Busted, L79, F|168/216\n|turn|44\n|inactive|Time left: 300 sec this turn | 300 sec total\n|\n|t:|1783539612\n|move|p1a: Mimikyu|Shadow Sneak|p2a: Spectrier\n|-crit|p2a: Spectrier\n|-damage|p2a: Spectrier|48/100\n|-damage|p1a: Mimikyu|147/216|[from] item: Life Orb\n|move|p2a: Spectrier|Draining Kiss|p1a: Mimikyu\n|-damage|p1a: Mimikyu|0 fnt\n|-heal|p2a: Spectrier|88/100|[from] drain|[of] p1a: Mimikyu\n|faint|p1a: Mimikyu\n|-ability|p2a: Spectrier|Grim Neigh|boost\n|-boost|p2a: Spectrier|spa|1\n|-damage|p2a: Spectrier|79/100|[from] item: Life Orb\n|\n|upkeep\n|inactive|Time left: 300 sec this turn | 300 sec total | 5 sec grace\n|\n|t:|1783539612\n|switch|p1a: Clefable|Clefable, L83, F|293/293\n|turn|45\n|inactive|Time left: 300 sec this turn | 300 sec total\n|\n|t:|1783539613\n|-terastallize|p1a: Clefable|Steel\n|move|p2a: Spectrier|Shadow Ball|p1a: Clefable\n|-damage|p1a: Clefable|0 fnt\n|faint|p1a: Clefable\n|-damage|p2a: Spectrier|69/100|[from] item: Life Orb\n|\n|win|p0y03565c2", "uploadtime": 1783539613, "views": 0, "rating": 0, "private": 0, "password": null, "_winner": "p0y03565c2", "_our_name": "p0x035c67c"}