{"id": "battle-gen9randombattle-2744", "formatid": "gen9randombattle", "format": "[Gen 9] Random Battle", "players": ["p0x27444f55", "p0y2744473d"], "log": "|init|battle\n|title|p0x27444f55 vs. p0y2744473d\n|j|\u2606p0x27444f55\n|j|\u2606p0y2744473d\n|t:|1783570612\n|gametype|singles\n|player|p1|p0x27444f55|265|\n|player|p2|p0y2744473d|101|\n|gen|9\n|tier|[Gen 9] Random Battle\n|rule|Species Clause: Limit one of each Pok\u00e9mon\n|rule|HP Percentage Mod: HP is shown in percentages\n|rule|Sleep Clause Mod: Limit one foe put to sleep\n|rule|Illusion Level Mod: Illusion disguises the Pok\u00e9mon's true level\n|\n|t:|1783570612\n|teamsize|p1|6\n|teamsize|p2|6\n|start\n|switch|p1a: Lumineon|Lumineon, L93, M|279/279\n|switch|p2a: Sunflora|Sunflora, F|100/100\n|turn|1\n|inactive|Battle timer is ON: inactive players will automatically lose when time's up. (requested by p0x27444f55)\n|inactive|p0y2744473d also wants the timer to be on.\n|\n|t:|1783570613\n|move|p1a: Lumineon|U-turn|p2a: Sunflora\n|-supereffective|p2a: Sunflora\n|-damage|p2a: Sunflora|63/100\n|inactive|Time left: 300 sec this turn | 300 sec total | 65 sec grace\n|\n|t:|1783570614\n|switch|p1a: Kricketune|Kricketune, L99, M|312/312|[from] U-turn\n|move|p2a: Sunflora|Solar Beam||[still]\n|-prepare|p2a: Sunflora|Solar Beam\n|\n|upkeep\n|turn|2\n|inactive|Time left: 300 sec this turn | 300 sec total\n|\n|t:|1783570616\n|move|p1a: Kricketune|Sticky Web|p2a: Sunflora\n|-sidestart|p2: p0y2744473d|move: Sticky Web\n|move|p2a: Sunflora|Solar Beam|p1a: Kricketune|[from] lockedmove\n|-resisted|p1a: Kricketune\n|-damage|p1a: Kricketune|157/312\n|-damage|p2a: Sunflora|53/100|[from] item: Life Orb\n|\n|upkeep\n|turn|3\n|inactive|Time left: 300 sec this turn | 300 sec total\n|\n|t:|1783570617\n|switch|p2a: Granbull|Granbull, L88, M|100/100\n|-activate|p2a: Granbull|move: Sticky Web\n|-unboost|p2a: Granbull|spe|1\n|-ability|p2a: Granbull|Intimidate|boost\n|-unboost|p1a: Kricketune|atk|1\n|move|p1a: Kricketune|Pounce|p2a: Granbull\n|-resisted|p2a: Granbull\n|-damage|p2a: Granbull|89/100\n|-unboost|p2a: Granbull|spe|1\n|\n|-heal|p2a: Granbull|95/100|[from] item: Leftovers\n|upkeep\n|turn|4\n|inactive|Time left: 300 sec this turn | 300 sec total\n|\n|t:|1783570618\n|switch|p1a: Abomasnow|Abomasnow, L84, F|287/287\n|-weather|Snowscape|[from] ability: Snow Warning|[of] p1a: Abomasnow\n|move|p2a: Granbull|Play Rough|p1a: Abomasnow\n|-damage|p1a: Abomasnow|187/287\n|\n|-weather|Snowscape|[upkeep]\n|-heal|p2a: Granbull|100/100|[from] item: Leftovers\n|upkeep\n|turn|5\n|inactive|Time left: 300 sec this turn | 300 sec total\n|\n|t:|1783570619\n|switch|p2a: Espathra|Espathra, L80, F|100/100\n|-activate|p2a: Espathra|move: Sticky Web\n|-unboost|p2a: Espathra|spe|1\n|move|p1a: Abomasnow|Aurora Veil|p1a: Abomasnow\n|-sidestart|p1: p0x27444f55|move: Aurora Veil\n|\n|-weather|Snowscape|[upkeep]\n|upkeep\n|turn|6\n|inactive|Time left: 300 sec this turn | 300 sec total\n|\n|t:|1783570620\n|move|p1a: Abomasnow|Blizzard|p2a: Espathra\n|-damage|p2a: Espathra|45/100\n|move|p2a: Espathra|Lumina Crash|p1a: Abomasnow\n|-damage|p1a: Abomasnow|130/287\n|-unboost|p1a: Abomasnow|spd|2\n|\n|-weather|Snowscape|[upkeep]\n|-ability|p2a: Espathra|Speed Boost|boost\n|-boost|p2a: Espathra|spe|1\n|upkeep\n|turn|7\n|inactive|Time left: 300 sec this turn | 300 sec total\n|\n|t:|1783570621\n|move|p2a: Espathra|Lumina Crash|p1a: Abomasnow\n|-damage|p1a: Abomasnow|0 fnt\n|faint|p1a: Abomasnow\n|\n|-weather|Snowscape|[upkeep]\n|-ability|p2a: Espathra|Speed Boost|boost\n|-boost|p2a: Espathra|spe|1\n|upkeep\n|inactive|Time left: 300 sec this turn | 300 sec total | 5 sec grace\n|\n|t:|1783570622\n|switch|p1a: Slowbro|Slowbro-Galar, L87, M|307/307\n|turn|8\n|inactive|Time left: 300 sec this turn | 300 sec total\n|\n|t:|1783570623\n|move|p2a: Espathra|Lumina Crash|p1a: Slowbro\n|-crit|p1a: Slowbro\n|-damage|p1a: Slowbro|171/307\n|-unboost|p1a: Slowbro|spd|2\n|move|p1a: Slowbro|Shell Side Arm|p2a: Espathra|[anim] Shell Side Arm Special\n|-damage|p2a: Espathra|0 fnt\n|-hint|Special Shell Side Arm\n|faint|p2a: Espathra\n|\n|-weather|none\n|upkeep\n|\n|t:|1783570624\n|switch|p2a: Grafaiai|Grafaiai, L86, F|100/100\n|turn|9\n|inactive|Time left: 300 sec this turn | 300 sec total\n|\n|t:|1783570625\n|move|p2a: Grafaiai|Parting Shot|p1a: Slowbro\n|-unboost|p1a: Slowbro|atk|1\n|-unboost|p1a: Slowbro|spa|1\n|\n|t:|1783570626\n|switch|p2a: Gogoat|Gogoat, L88, F|100/100|[from] Parting Shot\n|-activate|p2a: Gogoat|move: Sticky Web\n|-unboost|p2a: Gogoat|spe|1\n|move|p1a: Slowbro|Psychic|p2a: Gogoat\n|-damage|p2a: Gogoat|82/100\n|\n|-heal|p2a: Gogoat|88/100|[from] item: Leftovers\n|upkeep\n|turn|10\n|inactive|Time left: 300 sec this turn | 300 sec total\n|\n|t:|1783570628\n|switch|p1a: Reuniclus|Reuniclus, L88, F|337/337\n|move|p2a: Gogoat|Bulk Up|p2a: Gogoat\n|-boost|p2a: Gogoat|atk|1\n|-boost|p2a: Gogoat|def|1\n|\n|-heal|p2a: Gogoat|94/100|[from] item: Leftovers\n|upkeep\n|turn|11\n|inactive|Time left: 300 sec this turn | 300 sec total\n|\n|t:|1783570629\n|move|p2a: Gogoat|Bulk Up|p2a: Gogoat\n|-boost|p2a: Gogoat|atk|1\n|-boost|p2a: Gogoat|def|1\n|move|p1a: Reuniclus|Calm Mind|p1a: Reuniclus\n|-boost|p1a: Reuniclus|spa|1\n|-boost|p1a: Reuniclus|spd|1\n|\n|-heal|p2a: Gogoat|99/100|[from] item: Leftovers\n|upkeep\n|turn|12\n|inactive|Time left: 300 sec this turn | 300 sec total\n|\n|t:|1783570629\n|move|p2a: Gogoat|Earthquake|p1a: Reuniclus\n|-damage|p1a: Reuniclus|257/337\n|move|p1a: Reuniclus|Psychic|p2a: Gogoat\n|-damage|p2a: Gogoat|29/100\n|\n|-heal|p2a: Gogoat|35/100|[from] item: Leftovers\n|-sideend|p1: p0x27444f55|move: Aurora Veil\n|upkeep\n|turn|13\n|inactive|Time left: 300 sec this turn | 300 sec total\n|\n|t:|1783570630\n|move|p2a: Gogoat|Horn Leech|p1a: Reuniclus\n|-damage|p1a: Reuniclus|56/337\n|-heal|p2a: Gogoat|64/100|[from] drain|[of] p1a: Reuniclus\n|move|p1a: Reuniclus|Psychic|p2a: Gogoat\n|-damage|p2a: Gogoat|0 fnt\n|faint|p2a: Gogoat\n|\n|upkeep\n|\n|t:|1783570632\n|switch|p2a: Grafaiai|Grafaiai, L86, F|100/100\n|turn|14\n|inactive|Time left: 300 sec this turn | 300 sec total\n|\n|t:|1783570632\n|move|p2a: Grafaiai|Gunk Shot|p1a: Reuniclus\n|-damage|p1a: Reuniclus|0 fnt\n|faint|p1a: Reuniclus\n|\n|upkeep\n|inactive|Time left: 300 sec this turn | 300 sec total | 5 sec grace\n|\n|t:|1783570633\n|switch|p1a: Slowbro|Slowbro-Galar, L87, M|273/307\n|turn|15\n|inactive|Time left: 300 sec this turn | 300 sec total\n|\n|t:|1783570634\n|move|p2a: Grafaiai|Parting Shot|p1a: Slowbro\n|-unboost|p1a: Slowbro|atk|1\n|-unboost|p1a: Slowbro|spa|1\n|\n|t:|1783570635\n|switch|p2a: Terapagos|Terapagos, L77, F|100/100|[from] Parting Shot\n|-activate|p2a: Terapagos|ability: Tera Shift\n|detailschange|p2a: Terapagos|Terapagos-Terastal, L77, F\n|-heal|p2a: Terapagos|100/100|[silent]\n|-activate|p2a: Terapagos|move: Sticky Web\n|-unboost|p2a: Terapagos|spe|1\n|move|p1a: Slowbro|Psychic|p2a: Terapagos\n|-activate|p2a: Terapagos|ability: Tera Shell\n|-resisted|p2a: Terapagos\n|-damage|p2a: Terapagos|90/100\n|\n|upkeep\n|turn|16\n|inactive|Time left: 300 sec this turn | 300 sec total\n|\n|t:|1783570636\n|switch|p1a: Mismagius|Mismagius, L86, F|243/243\n|move|p2a: Terapagos|Calm Mind|p2a: Terapagos\n|-boost|p2a: Terapagos|spa|1\n|-boost|p2a: Terapagos|spd|1\n|\n|upkeep\n|turn|17\n|inactive|Time left: 300 sec this turn | 300 sec total\n|\n|t:|1783570637\n|move|p1a: Mismagius|Nasty Plot|p1a: Mismagius\n|-boost|p1a: Mismagius|spa|2\n|move|p2a: Terapagos|Calm Mind|p2a: Terapagos\n|-boost|p2a: Terapagos|spa|1\n|-boost|p2a: Terapagos|spd|1\n|\n|upkeep\n|turn|18\n|inactive|Time left: 300 sec this turn | 300 sec total\n|\n|t:|1783570638\n|move|p1a: Mismagius|Nasty Plot|p1a: Mismagius\n|-boost|p1a: Mismagius|spa|2\n|move|p2a: Terapagos|Calm Mind|p2a: Terapagos\n|-boost|p2a: Terapagos|spa|1\n|-boost|p2a: Terapagos|spd|1\n|\n|upkeep\n|turn|19\n|inactive|Time left: 300 sec this turn | 300 sec total\n|\n|t:|1783570639\n|move|p1a: Mismagius|Tera Blast|p2a: Terapagos\n|-damage|p2a: Terapagos|64/100\n|move|p2a: Terapagos|Calm Mind|p2a: Terapagos\n|-boost|p2a: Terapagos|spa|1\n|-boost|p2a: Terapagos|spd|1\n|\n|upkeep\n|turn|20\n|inactive|Time left: 300 sec this turn | 300 sec total\n|\n|t:|1783570639\n|-terastallize|p1a: Mismagius|Fighting\n|move|p1a: Mismagius|Tera Blast|p2a: Terapagos|[anim] Tera Blast Fighting\n|-supereffective|p2a: Terapagos\n|-damage|p2a: Terapagos|5/100\n|move|p2a: Terapagos|Rest|p2a: Terapagos\n|-status|p2a: Terapagos|slp|[from] move: Rest\n|-heal|p2a: Terapagos|100/100 slp|[silent]\n|-enditem|p2a: Terapagos|Chesto Berry|[eat]\n|-curestatus|p2a: Terapagos|slp|[msg]\n|\n|upkeep\n|turn|21\n|inactive|Time left: 300 sec this turn | 300 sec total\n|\n|t:|1783570640\n|move|p1a: Mismagius|Substitute|p1a: Mismagius\n|-start|p1a: Mismagius|Substitute\n|-damage|p1a: Mismagius|183/243\n|move|p2a: Terapagos|Tera Starstorm|p1a: Mismagius\n|-end|p1a: Mismagius|Substitute\n|\n|-heal|p1a: Mismagius|198/243|[from] item: Leftovers\n|upkeep\n|turn|22\n|inactive|Time left: 300 sec this turn | 300 sec total\n|\n|t:|1783570641\n|move|p1a: Mismagius|Substitute|p1a: Mismagius\n|-start|p1a: Mismagius|Substitute\n|-damage|p1a: Mismagius|138/243\n|move|p2a: Terapagos|Tera Starstorm|p1a: Mismagius\n|-end|p1a: Mismagius|Substitute\n|\n|-heal|p1a: Mismagius|153/243|[from] item: Leftovers\n|upkeep\n|turn|23\n|inactive|Time left: 300 sec this turn | 300 sec total\n|\n|t:|1783570642\n|move|p1a: Mismagius|Substitute|p1a: Mismagius\n|-start|p1a: Mismagius|Substitute\n|-damage|p1a: Mismagius|93/243\n|move|p2a: Terapagos|Tera Starstorm|p1a: Mismagius\n|-end|p1a: Mismagius|Substitute\n|\n|-heal|p1a: Mismagius|108/243|[from] item: Leftovers\n|upkeep\n|turn|24\n|inactive|Time left: 300 sec this turn | 300 sec total\n|\n|t:|1783570643\n|move|p1a: Mismagius|Tera Blast|p2a: Terapagos|[anim] Tera Blast Fighting\n|-activate|p2a: Terapagos|ability: Tera Shell\n|-resisted|p2a: Terapagos\n|-damage|p2a: Terapagos|84/100\n|move|p2a: Terapagos|Tera Starstorm|p1a: Mismagius\n|-damage|p1a: Mismagius|0 fnt\n|faint|p1a: Mismagius\n|\n|upkeep\n|inactive|Time left: 300 sec this turn | 300 sec total | 5 sec grace\n|\n|t:|1783570644\n|switch|p1a: Kricketune|Kricketune, L99, M|157/312\n|turn|25\n|inactive|Time left: 300 sec this turn | 300 sec total\n|\n|t:|1783570645\n|move|p1a: Kricketune|Pounce|p2a: Terapagos\n|-damage|p2a: Terapagos|51/100\n|-unboost|p2a: Terapagos|spe|1\n|move|p2a: Terapagos|Tera Starstorm|p1a: Kricketune\n|-damage|p1a: Kricketune|0 fnt\n|faint|p1a: Kricketune\n|\n|upkeep\n|inactive|Time left: 300 sec this turn | 300 sec total | 5 sec grace\n|\n|t:|1783570646\n|switch|p1a: Slowbro|Slowbro-Galar, L87, M|307/307\n|turn|26\n|inactive|Time left: 300 sec this turn | 300 sec total\n|\n|t:|1783570647\n|move|p1a: Slowbro|Foul Play|p2a: Terapagos\n|-damage|p2a: Terapagos|34/100\n|move|p2a: Terapagos|Tera Starstorm|p1a: Slowbro\n|-damage|p1a: Slowbro|48/307\n|\n|upkeep\n|turn|27\n|inactive|Time left: 300 sec this turn | 300 sec total\n|\n|t:|1783570648\n|move|p1a: Slowbro|Foul Play|p2a: Terapagos\n|-damage|p2a: Terapagos|18/100\n|move|p2a: Terapagos|Tera Starstorm|p1a: Slowbro\n|-damage|p1a: Slowbro|0 fnt\n|faint|p1a: Slowbro\n|\n|upkeep\n|inactive|Time left: 300 sec this turn | 300 sec total | 5 sec grace\n|\n|t:|1783570649\n|switch|p1a: Lumineon|Lumineon, L93, M|279/279\n|turn|28\n|inactive|Time left: 300 sec this turn | 300 sec total\n|\n|t:|1783570649\n|move|p1a: Lumineon|Ice Beam|p2a: Terapagos\n|-damage|p2a: Terapagos|11/100\n|-status|p2a: Terapagos|frz\n|cant|p2a: Terapagos|frz\n|\n|upkeep\n|turn|29\n|inactive|Time left: 300 sec this turn | 300 sec total\n|\n|t:|1783570650\n|move|p1a: Lumineon|Ice Beam|p2a: Terapagos\n|-damage|p2a: Terapagos|5/100 frz\n|cant|p2a: Terapagos|frz\n|\n|upkeep\n|turn|30\n|inactive|Time left: 300 sec this turn | 300 sec total\n|\n|t:|1783570651\n|move|p1a: Lumineon|U-turn|p2a: Terapagos\n|-damage|p2a: Terapagos|0 fnt\n|faint|p2a: Terapagos\n|\n|upkeep\n|\n|t:|1783570652\n|switch|p2a: Grafaiai|Grafaiai, L86, F|100/100\n|turn|31\n|inactive|Time left: 300 sec this turn | 300 sec total\n|\n|t:|1783570652\n|move|p2a: Grafaiai|Gunk Shot|p1a: Lumineon|[miss]\n|-miss|p2a: Grafaiai|p1a: Lumineon\n|move|p1a: Lumineon|Ice Beam|p2a: Grafaiai\n|-damage|p2a: Grafaiai|73/100\n|\n|upkeep\n|turn|32\n|inactive|Time left: 300 sec this turn | 300 sec total\n|\n|t:|1783570653\n|move|p2a: Grafaiai|Gunk Shot|p1a: Lumineon|[miss]\n|-miss|p2a: Grafaiai|p1a: Lumineon\n|move|p1a: Lumineon|Hydro Pump|p2a: Grafaiai\n|-damage|p2a: Grafaiai|24/100\n|\n|upkeep\n|turn|33\n|inactive|Time left: 300 sec this turn | 300 sec total\n|\n|t:|1783570654\n|move|p2a: Grafaiai|Parting Shot|p1a: Lumineon\n|-unboost|p1a: Lumineon|atk|1\n|-unboost|p1a: Lumineon|spa|1\n|\n|t:|1783570655\n|switch|p2a: Granbull|Granbull, L88, M|100/100|[from] Parting Shot\n|-activate|p2a: Granbull|move: Sticky Web\n|-unboost|p2a: Granbull|spe|1\n|-ability|p2a: Granbull|Intimidate|boost\n|-unboost|p1a: Lumineon|atk|1\n|move|p1a: Lumineon|Hydro Pump|p2a: Granbull\n|-damage|p2a: Granbull|70/100\n|\n|-heal|p2a: Granbull|76/100|[from] item: Leftovers\n|upkeep\n|turn|34\n|inactive|Time left: 300 sec this turn | 300 sec total\n|\n|t:|1783570656\n|move|p1a: Lumineon|Hydro Pump|p2a: Granbull\n|-damage|p2a: Granbull|47/100\n|move|p2a: Granbull|Play Rough|p1a: Lumineon\n|-damage|p1a: Lumineon|149/279\n|\n|-heal|p2a: Granbull|53/100|[from] item: Leftovers\n|upkeep\n|turn|35\n|inactive|Time left: 300 sec this turn | 300 sec total\n|\n|t:|1783570657\n|move|p1a: Lumineon|Hydro Pump|p2a: Granbull|[miss]\n|-miss|p1a: Lumineon|p2a: Granbull\n|move|p2a: Granbull|Earthquake|p1a: Lumineon\n|-damage|p1a: Lumineon|63/279\n|\n|-heal|p2a: Granbull|59/100|[from] item: Leftovers\n|upkeep\n|turn|36\n|inactive|Time left: 300 sec this turn | 300 sec total\n|\n|t:|1783570658\n|move|p1a: Lumineon|Ice Beam|p2a: Granbull\n|-damage|p2a: Granbull|42/100\n|move|p2a: Granbull|Earthquake|p1a: Lumineon\n|-damage|p1a: Lumineon|0 fnt\n|faint|p1a: Lumineon\n|\n|win|p0y2744473d", "uploadtime": 1783570658, "views": 0, "rating": 0, "private": 0, "password": null, "_winner": "p0y2744473d", "_our_name": "p0x27444f55"}