{"id": "battle-gen9randombattle-2109", "formatid": "gen9randombattle", "format": "[Gen 9] Random Battle", "players": ["p0x210963af", "p0y21094785"], "log": "|init|battle\n|title|p0x210963af vs. p0y21094785\n|j|\u2606p0x210963af\n|j|\u2606p0y21094785\n|t:|1783563617\n|gametype|singles\n|player|p1|p0x210963af|170|\n|player|p2|p0y21094785|101|\n|gen|9\n|tier|[Gen 9] Random Battle\n|rule|Species Clause: Limit one of each Pok\u00e9mon\n|rule|HP Percentage Mod: HP is shown in percentages\n|rule|Sleep Clause Mod: Limit one foe put to sleep\n|rule|Illusion Level Mod: Illusion disguises the Pok\u00e9mon's true level\n|\n|t:|1783563617\n|teamsize|p1|6\n|teamsize|p2|6\n|start\n|switch|p1a: Flygon|Flygon, L82, M|100/100\n|switch|p2a: Typhlosion|Typhlosion, L84, F|267/267\n|turn|1\n|inactive|Battle timer is ON: inactive players will automatically lose when time's up. (requested by p0y21094785)\n|inactive|p0x210963af also wants the timer to be on.\n|\n|t:|1783563619\n|switch|p2a: Veluza|Veluza, L85, M|292/292\n|move|p1a: Flygon|Earthquake|p2a: Veluza\n|-damage|p2a: Veluza|178/292\n|\n|upkeep\n|turn|2\n|inactive|Time left: 300 sec this turn | 300 sec total\n|\n|t:|1783563620\n|move|p1a: Flygon|Outrage|p2a: Veluza\n|-damage|p2a: Veluza|37/292\n|move|p2a: Veluza|Psycho Cut|p1a: Flygon\n|-damage|p1a: Flygon|30/100\n|\n|upkeep\n|turn|3\n|inactive|Time left: 300 sec this turn | 300 sec total\n|\n|t:|1783563621\n|switch|p2a: Brute Bonnet|Brute Bonnet, L80|309/309\n|move|p1a: Flygon|Outrage|p2a: Brute Bonnet|[from] lockedmove\n|-damage|p2a: Brute Bonnet|197/309\n|-start|p1a: Flygon|confusion|[fatigue]\n|-enditem|p1a: Flygon|Lum Berry|[eat]\n|-end|p1a: Flygon|confusion\n|\n|-heal|p2a: Brute Bonnet|216/309|[from] item: Leftovers\n|upkeep\n|turn|4\n|inactive|Time left: 300 sec this turn | 300 sec total\n|\n|t:|1783563622\n|move|p1a: Flygon|Outrage|p2a: Brute Bonnet\n|-damage|p2a: Brute Bonnet|99/309\n|move|p2a: Brute Bonnet|Crunch|p1a: Flygon\n|-damage|p1a: Flygon|0 fnt\n|faint|p1a: Flygon\n|\n|-heal|p2a: Brute Bonnet|118/309|[from] item: Leftovers\n|upkeep\n|\n|t:|1783563623\n|switch|p1a: Kyogre|Kyogre, L71|100/100\n|-weather|RainDance|[from] ability: Drizzle|[of] p1a: Kyogre\n|turn|5\n|inactive|Time left: 300 sec this turn | 300 sec total\n|\n|t:|1783563624\n|move|p1a: Kyogre|Ice Beam|p2a: Brute Bonnet\n|-supereffective|p2a: Brute Bonnet\n|-damage|p2a: Brute Bonnet|0 fnt\n|faint|p2a: Brute Bonnet\n|-end|p2a: Brute Bonnet|Protosynthesis|[silent]\n|\n|-weather|RainDance|[upkeep]\n|upkeep\n|inactive|Time left: 300 sec this turn | 300 sec total | 5 sec grace\n|\n|t:|1783563625\n|switch|p2a: Smeargle|Smeargle, L95, F|258/258\n|turn|6\n|inactive|Time left: 300 sec this turn | 300 sec total\n|\n|t:|1783563626\n|move|p2a: Smeargle|Spore|p1a: Kyogre\n|-status|p1a: Kyogre|slp|[from] move: Spore\n|cant|p1a: Kyogre|slp\n|\n|-weather|RainDance|[upkeep]\n|upkeep\n|turn|7\n|inactive|Time left: 300 sec this turn | 300 sec total\n|\n|t:|1783563627\n|move|p2a: Smeargle|Shell Smash|p2a: Smeargle\n|-unboost|p2a: Smeargle|def|1\n|-unboost|p2a: Smeargle|spd|1\n|-boost|p2a: Smeargle|atk|2\n|-boost|p2a: Smeargle|spa|2\n|-boost|p2a: Smeargle|spe|2\n|-curestatus|p1a: Kyogre|slp|[msg]\n|move|p1a: Kyogre|Origin Pulse|p2a: Smeargle\n|-damage|p2a: Smeargle|0 fnt\n|faint|p2a: Smeargle\n|\n|-weather|RainDance|[upkeep]\n|upkeep\n|inactive|Time left: 300 sec this turn | 300 sec total | 5 sec grace\n|\n|t:|1783563628\n|switch|p2a: Toucannon|Toucannon, L88, F|284/284\n|turn|8\n|inactive|Time left: 300 sec this turn | 300 sec total\n|\n|t:|1783563629\n|-singleturn|p2a: Toucannon|move: Beak Blast\n|move|p1a: Kyogre|Origin Pulse|p2a: Toucannon\n|-damage|p2a: Toucannon|82/284\n|move|p2a: Toucannon|Beak Blast|p1a: Kyogre\n|-damage|p1a: Kyogre|33/100\n|\n|-weather|RainDance|[upkeep]\n|-heal|p1a: Kyogre|39/100|[from] item: Leftovers\n|upkeep\n|turn|9\n|inactive|Time left: 300 sec this turn | 300 sec total\n|\n|t:|1783563630\n|-singleturn|p2a: Toucannon|move: Beak Blast\n|move|p1a: Kyogre|Thunder|p2a: Toucannon\n|-supereffective|p2a: Toucannon\n|-crit|p2a: Toucannon\n|-damage|p2a: Toucannon|0 fnt\n|faint|p2a: Toucannon\n|\n|-weather|none\n|-heal|p1a: Kyogre|46/100|[from] item: Leftovers\n|upkeep\n|inactive|Time left: 300 sec this turn | 300 sec total | 5 sec grace\n|\n|t:|1783563631\n|switch|p2a: Ho-Oh|Ho-Oh, L71|268/268\n|turn|10\n|inactive|Time left: 300 sec this turn | 300 sec total\n|\n|t:|1783563632\n|move|p1a: Kyogre|Origin Pulse|p2a: Ho-Oh\n|-supereffective|p2a: Ho-Oh\n|-damage|p2a: Ho-Oh|88/268\n|move|p2a: Ho-Oh|Brave Bird|p1a: Kyogre\n|-damage|p1a: Kyogre|0 fnt\n|faint|p1a: Kyogre\n|-damage|p2a: Ho-Oh|49/268|[from] Recoil\n|\n|upkeep\n|\n|t:|1783563633\n|switch|p1a: Walking Wake|Walking Wake, L79|100/100\n|turn|11\n|inactive|Time left: 300 sec this turn | 300 sec total\n|\n|t:|1783563634\n|switch|p2a: Veluza|Veluza, L85, M|37/292\n|move|p1a: Walking Wake|Hydro Steam|p2a: Veluza\n|-resisted|p2a: Veluza\n|-damage|p2a: Veluza|0 fnt\n|faint|p2a: Veluza\n|-damage|p1a: Walking Wake|91/100|[from] item: Life Orb\n|\n|upkeep\n|inactive|Time left: 300 sec this turn | 300 sec total | 5 sec grace\n|\n|t:|1783563635\n|switch|p2a: Ho-Oh|Ho-Oh, L71|138/268\n|turn|12\n|inactive|Time left: 300 sec this turn | 300 sec total\n|\n|t:|1783563636\n|-terastallize|p2a: Ho-Oh|Steel\n|move|p1a: Walking Wake|Hydro Steam|p2a: Ho-Oh\n|-damage|p2a: Ho-Oh|48/268\n|-damage|p1a: Walking Wake|81/100|[from] item: Life Orb\n|move|p2a: Ho-Oh|Recover|p2a: Ho-Oh\n|-heal|p2a: Ho-Oh|182/268\n|\n|upkeep\n|turn|13\n|inactive|Time left: 300 sec this turn | 300 sec total\n|\n|t:|1783563637\n|switch|p2a: Typhlosion|Typhlosion, L84, F|267/267\n|move|p1a: Walking Wake|Hydro Steam|p2a: Typhlosion\n|-supereffective|p2a: Typhlosion\n|-damage|p2a: Typhlosion|10/267\n|-damage|p1a: Walking Wake|71/100|[from] item: Life Orb\n|\n|upkeep\n|turn|14\n|inactive|Time left: 300 sec this turn | 300 sec total\n|\n|t:|1783563637\n|-terastallize|p1a: Walking Wake|Fire\n|move|p2a: Typhlosion|Fire Blast|p1a: Walking Wake\n|-resisted|p1a: Walking Wake\n|-damage|p1a: Walking Wake|45/100\n|move|p1a: Walking Wake|Flamethrower|p2a: Typhlosion\n|-start|p2a: Typhlosion|ability: Flash Fire\n|\n|upkeep\n|turn|15\n|inactive|Time left: 300 sec this turn | 300 sec total\n|\n|t:|1783563638\n|-end|p2a: Typhlosion|ability: Flash Fire|[silent]\n|switch|p2a: Ho-Oh|Ho-Oh, L71, tera:Steel|268/268\n|move|p1a: Walking Wake|Hydro Steam|p2a: Ho-Oh\n|-damage|p2a: Ho-Oh|181/268\n|-damage|p1a: Walking Wake|35/100|[from] item: Life Orb\n|\n|upkeep\n|turn|16\n|inactive|Time left: 300 sec this turn | 300 sec total\n|\n|t:|1783563639\n|switch|p2a: Typhlosion|Typhlosion, L84, F|10/267\n|move|p1a: Walking Wake|Flamethrower|p2a: Typhlosion\n|-start|p2a: Typhlosion|ability: Flash Fire\n|\n|upkeep\n|turn|17\n|inactive|Time left: 300 sec this turn | 300 sec total\n|\n|t:|1783563640\n|-end|p1a: Walking Wake|Protosynthesis|[silent]\n|switch|p1a: Delphox|Delphox, L84, M|100/100\n|move|p2a: Typhlosion|Fire Blast|p1a: Delphox|[miss]\n|-miss|p2a: Typhlosion|p1a: Delphox\n|\n|upkeep\n|turn|18\n|inactive|Time left: 300 sec this turn | 300 sec total\n|\n|t:|1783563641\n|move|p1a: Delphox|Focus Blast|p2a: Typhlosion\n|-damage|p2a: Typhlosion|0 fnt\n|faint|p2a: Typhlosion\n|\n|upkeep\n|inactive|Time left: 300 sec this turn | 300 sec total | 5 sec grace\n|\n|t:|1783563642\n|switch|p2a: Ho-Oh|Ho-Oh, L71, tera:Steel|268/268\n|turn|19\n|inactive|Time left: 300 sec this turn | 300 sec total\n|\n|t:|1783563643\n|move|p1a: Delphox|Focus Blast|p2a: Ho-Oh\n|-supereffective|p2a: Ho-Oh\n|-damage|p2a: Ho-Oh|118/268\n|move|p2a: Ho-Oh|Sacred Fire|p1a: Delphox\n|-resisted|p1a: Delphox\n|-damage|p1a: Delphox|81/100\n|\n|upkeep\n|turn|20\n|inactive|Time left: 300 sec this turn | 300 sec total\n|\n|t:|1783563644\n|move|p1a: Delphox|Focus Blast|p2a: Ho-Oh|[miss]\n|-miss|p1a: Delphox|p2a: Ho-Oh\n|move|p2a: Ho-Oh|Recover|p2a: Ho-Oh\n|-heal|p2a: Ho-Oh|252/268\n|\n|upkeep\n|turn|21\n|inactive|Time left: 300 sec this turn | 300 sec total\n|\n|t:|1783563645\n|move|p1a: Delphox|Focus Blast|p2a: Ho-Oh\n|-supereffective|p2a: Ho-Oh\n|-damage|p2a: Ho-Oh|118/268\n|move|p2a: Ho-Oh|Recover|p2a: Ho-Oh\n|-heal|p2a: Ho-Oh|252/268\n|\n|upkeep\n|turn|22\n|inactive|Time left: 300 sec this turn | 300 sec total\n|\n|t:|1783563646\n|switch|p1a: Walking Wake|Walking Wake, L79, tera:Fire|35/100\n|move|p2a: Ho-Oh|Sacred Fire|p1a: Walking Wake|[miss]\n|-miss|p2a: Ho-Oh|p1a: Walking Wake\n|\n|upkeep\n|turn|23\n|inactive|Time left: 300 sec this turn | 300 sec total\n|\n|t:|1783563647\n|move|p1a: Walking Wake|Flamethrower|p2a: Ho-Oh\n|-supereffective|p2a: Ho-Oh\n|-damage|p2a: Ho-Oh|49/268\n|-damage|p1a: Walking Wake|25/100|[from] item: Life Orb\n|move|p2a: Ho-Oh|Sacred Fire|p1a: Walking Wake\n|-resisted|p1a: Walking Wake\n|-damage|p1a: Walking Wake|7/100\n|\n|upkeep\n|turn|24\n|inactive|Time left: 300 sec this turn | 300 sec total\n|\n|t:|1783563648\n|move|p1a: Walking Wake|Flamethrower|p2a: Ho-Oh\n|-supereffective|p2a: Ho-Oh\n|-damage|p2a: Ho-Oh|0 fnt\n|faint|p2a: Ho-Oh\n|-damage|p1a: Walking Wake|0 fnt|[from] item: Life Orb\n|faint|p1a: Walking Wake\n|-end|p1a: Walking Wake|Protosynthesis|[silent]\n|\n|win|p0x210963af", "uploadtime": 1783563648, "views": 0, "rating": 0, "private": 0, "password": null, "_winner": "p0x210963af", "_our_name": "p0y21094785"}