{"id": "battle-gen9randombattle-1453", "formatid": "gen9randombattle", "format": "[Gen 9] Random Battle", "players": ["p0x1453d1a1", "p0y14536f46"], "log": "|init|battle\n|title|p0x1453d1a1 vs. p0y14536f46\n|j|\u2606p0x1453d1a1\n|j|\u2606p0y14536f46\n|t:|1783556907\n|gametype|singles\n|player|p1|p0x1453d1a1|1|\n|player|p2|p0y14536f46|102|\n|gen|9\n|tier|[Gen 9] Random Battle\n|rule|Species Clause: Limit one of each Pok\u00e9mon\n|rule|HP Percentage Mod: HP is shown in percentages\n|rule|Sleep Clause Mod: Limit one foe put to sleep\n|rule|Illusion Level Mod: Illusion disguises the Pok\u00e9mon's true level\n|\n|t:|1783556907\n|teamsize|p1|6\n|teamsize|p2|6\n|start\n|switch|p1a: Clefable|Clefable, L83, F|100/100\n|switch|p2a: Mabosstiff|Mabosstiff, L86, M|278/278\n|turn|1\n|inactive|Battle timer is ON: inactive players will automatically lose when time's up. (requested by p0x1453d1a1)\n|inactive|Time left: 300 sec this turn | 300 sec total | 60 sec grace\n|inactive|p0y14536f46 also wants the timer to be on.\n|\n|t:|1783556909\n|move|p2a: Mabosstiff|Crunch|p1a: Clefable\n|-resisted|p1a: Clefable\n|-damage|p1a: Clefable|81/100\n|move|p1a: Clefable|Moonblast|p2a: Mabosstiff\n|-supereffective|p2a: Mabosstiff\n|-damage|p2a: Mabosstiff|0 fnt\n|faint|p2a: Mabosstiff\n|\n|upkeep\n|inactive|Time left: 300 sec this turn | 300 sec total | 65 sec grace\n|\n|t:|1783556910\n|switch|p2a: Rampardos|Rampardos, L90, M|321/321\n|turn|2\n|inactive|Time left: 300 sec this turn | 300 sec total\n|\n|t:|1783556912\n|switch|p1a: Zamazenta|Zamazenta, L71|100/100\n|-ability|p1a: Zamazenta|Dauntless Shield|boost\n|-boost|p1a: Zamazenta|def|1\n|move|p2a: Rampardos|Rock Slide|p1a: Zamazenta\n|-resisted|p1a: Zamazenta\n|-damage|p1a: Zamazenta|70/100\n|\n|-heal|p1a: Zamazenta|76/100|[from] item: Leftovers\n|upkeep\n|turn|3\n|inactive|Time left: 300 sec this turn | 300 sec total\n|\n|t:|1783556913\n|move|p1a: Zamazenta|Body Press|p2a: Rampardos\n|-supereffective|p2a: Rampardos\n|-damage|p2a: Rampardos|61/321\n|move|p2a: Rampardos|Zen Headbutt|p1a: Zamazenta\n|-supereffective|p1a: Zamazenta\n|-damage|p1a: Zamazenta|0 fnt\n|faint|p1a: Zamazenta\n|\n|upkeep\n|\n|t:|1783556914\n|switch|p1a: Meowscarada|Meowscarada, L78, F|100/100\n|turn|4\n|inactive|Time left: 300 sec this turn | 300 sec total\n|\n|t:|1783556915\n|switch|p2a: Weezing|Weezing, L88, F|258/258\n|move|p1a: Meowscarada|Knock Off|p2a: Weezing\n|-start|p1a: Meowscarada|typechange|Dark|[from] ability: Protean\n|-damage|p2a: Weezing|186/258\n|-enditem|p2a: Weezing|Leftovers|[from] move: Knock Off|[of] p1a: Meowscarada\n|\n|upkeep\n|turn|5\n|inactive|Time left: 300 sec this turn | 300 sec total\n|\n|t:|1783556916\n|move|p1a: Meowscarada|U-turn|p2a: Weezing\n|-resisted|p2a: Weezing\n|-damage|p2a: Weezing|168/258\n|\n|t:|1783556918\n|switch|p1a: Rampardos|Rampardos, L90, M|100/100|[from] U-turn\n|move|p2a: Weezing|Gunk Shot|p1a: Rampardos\n|-resisted|p1a: Rampardos\n|-damage|p1a: Rampardos|73/100\n|\n|upkeep\n|turn|6\n|inactive|Time left: 300 sec this turn | 300 sec total\n|\n|t:|1783556919\n|move|p2a: Weezing|Will-O-Wisp|p1a: Rampardos\n|-status|p1a: Rampardos|brn\n|move|p1a: Rampardos|Fire Punch|p2a: Weezing\n|-damage|p2a: Weezing|107/258\n|\n|-damage|p1a: Rampardos|67/100 brn|[from] brn\n|upkeep\n|turn|7\n|inactive|Time left: 300 sec this turn | 300 sec total\n|\n|t:|1783556920\n|switch|p2a: Dachsbun|Dachsbun, L92, F|254/254\n|move|p1a: Rampardos|Rock Slide|p2a: Dachsbun\n|-damage|p2a: Dachsbun|163/254\n|\n|-heal|p2a: Dachsbun|178/254|[from] item: Leftovers\n|-damage|p1a: Rampardos|61/100 brn|[from] brn\n|upkeep\n|turn|8\n|inactive|Time left: 300 sec this turn | 300 sec total\n|\n|t:|1783556921\n|move|p2a: Dachsbun|Body Press|p1a: Rampardos\n|-supereffective|p1a: Rampardos\n|-damage|p1a: Rampardos|0 fnt\n|faint|p1a: Rampardos\n|\n|-heal|p2a: Dachsbun|193/254|[from] item: Leftovers\n|upkeep\n|\n|t:|1783556922\n|switch|p1a: Clefable|Clefable, L83, F|81/100\n|turn|9\n|inactive|Time left: 300 sec this turn | 300 sec total\n|\n|t:|1783556923\n|move|p2a: Dachsbun|Play Rough|p1a: Clefable\n|-damage|p1a: Clefable|40/100\n|move|p1a: Clefable|Stealth Rock|p2a: Dachsbun\n|-sidestart|p2: p0y14536f46|move: Stealth Rock\n|\n|-heal|p2a: Dachsbun|208/254|[from] item: Leftovers\n|upkeep\n|turn|10\n|inactive|Time left: 300 sec this turn | 300 sec total\n|\n|t:|1783556924\n|move|p2a: Dachsbun|Play Rough|p1a: Clefable\n|-damage|p1a: Clefable|4/100\n|move|p1a: Clefable|Moonlight|p1a: Clefable\n|-heal|p1a: Clefable|54/100\n|\n|-heal|p2a: Dachsbun|223/254|[from] item: Leftovers\n|upkeep\n|turn|11\n|inactive|Time left: 300 sec this turn | 300 sec total\n|\n|t:|1783556925\n|move|p2a: Dachsbun|Play Rough|p1a: Clefable|[miss]\n|-miss|p2a: Dachsbun|p1a: Clefable\n|move|p1a: Clefable|Moonlight|p1a: Clefable\n|-heal|p1a: Clefable|100/100\n|\n|-heal|p2a: Dachsbun|238/254|[from] item: Leftovers\n|upkeep\n|turn|12\n|inactive|Time left: 300 sec this turn | 300 sec total\n|\n|t:|1783556926\n|move|p2a: Dachsbun|Play Rough|p1a: Clefable\n|-damage|p1a: Clefable|61/100\n|-unboost|p1a: Clefable|atk|1\n|move|p1a: Clefable|Moonblast|p2a: Dachsbun\n|-damage|p2a: Dachsbun|109/254\n|-unboost|p2a: Dachsbun|spa|1\n|\n|-heal|p2a: Dachsbun|124/254|[from] item: Leftovers\n|upkeep\n|turn|13\n|inactive|Time left: 300 sec this turn | 300 sec total\n|\n|t:|1783556927\n|move|p2a: Dachsbun|Play Rough|p1a: Clefable\n|-damage|p1a: Clefable|22/100\n|move|p1a: Clefable|Moonblast|p2a: Dachsbun\n|-damage|p2a: Dachsbun|7/254\n|\n|-heal|p2a: Dachsbun|22/254|[from] item: Leftovers\n|upkeep\n|turn|14\n|inactive|Time left: 300 sec this turn | 300 sec total\n|\n|t:|1783556928\n|move|p2a: Dachsbun|Play Rough|p1a: Clefable\n|-damage|p1a: Clefable|0 fnt\n|faint|p1a: Clefable\n|\n|-heal|p2a: Dachsbun|37/254|[from] item: Leftovers\n|upkeep\n|\n|t:|1783556929\n|switch|p1a: Flutter Mane|Flutter Mane, L74|100/100\n|turn|15\n|inactive|Time left: 300 sec this turn | 300 sec total\n|\n|t:|1783556930\n|move|p2a: Dachsbun|Protect|p2a: Dachsbun\n|-singleturn|p2a: Dachsbun|Protect\n|move|p1a: Flutter Mane|Moonblast|p2a: Dachsbun\n|-activate|p2a: Dachsbun|move: Protect\n|\n|-heal|p2a: Dachsbun|52/254|[from] item: Leftovers\n|upkeep\n|turn|16\n|inactive|Time left: 300 sec this turn | 300 sec total\n|\n|t:|1783556931\n|move|p2a: Dachsbun|Protect||[still]\n|-fail|p2a: Dachsbun\n|move|p1a: Flutter Mane|Moonblast|p2a: Dachsbun\n|-damage|p2a: Dachsbun|0 fnt\n|faint|p2a: Dachsbun\n|-damage|p1a: Flutter Mane|91/100|[from] item: Life Orb\n|\n|upkeep\n|inactive|Time left: 300 sec this turn | 300 sec total | 5 sec grace\n|\n|t:|1783556932\n|switch|p2a: Glaceon|Glaceon, L94, M|275/275\n|turn|17\n|inactive|Time left: 300 sec this turn | 300 sec total\n|\n|t:|1783556933\n|move|p1a: Flutter Mane|Calm Mind|p1a: Flutter Mane\n|-boost|p1a: Flutter Mane|spa|1\n|-boost|p1a: Flutter Mane|spd|1\n|move|p2a: Glaceon|Calm Mind|p2a: Glaceon\n|-boost|p2a: Glaceon|spa|1\n|-boost|p2a: Glaceon|spd|1\n|\n|upkeep\n|turn|18\n|inactive|Time left: 300 sec this turn | 300 sec total\n|\n|t:|1783556934\n|move|p1a: Flutter Mane|Calm Mind|p1a: Flutter Mane\n|-boost|p1a: Flutter Mane|spa|1\n|-boost|p1a: Flutter Mane|spd|1\n|move|p2a: Glaceon|Freeze-Dry|p1a: Flutter Mane\n|-damage|p1a: Flutter Mane|58/100\n|\n|upkeep\n|turn|19\n|inactive|Time left: 300 sec this turn | 300 sec total\n|\n|t:|1783556935\n|move|p1a: Flutter Mane|Moonblast|p2a: Glaceon\n|-damage|p2a: Glaceon|126/275\n|-unboost|p2a: Glaceon|spa|1\n|-damage|p1a: Flutter Mane|48/100|[from] item: Life Orb\n|move|p2a: Glaceon|Calm Mind|p2a: Glaceon\n|-boost|p2a: Glaceon|spa|1\n|-boost|p2a: Glaceon|spd|1\n|\n|upkeep\n|turn|20\n|inactive|Time left: 300 sec this turn | 300 sec total\n|\n|t:|1783556936\n|move|p1a: Flutter Mane|Mystical Fire|p2a: Glaceon\n|-supereffective|p2a: Glaceon\n|-damage|p2a: Glaceon|9/275\n|-unboost|p2a: Glaceon|spa|1\n|-damage|p1a: Flutter Mane|38/100|[from] item: Life Orb\n|move|p2a: Glaceon|Freeze-Dry|p1a: Flutter Mane\n|-damage|p1a: Flutter Mane|17/100\n|-status|p1a: Flutter Mane|frz\n|\n|upkeep\n|turn|21\n|inactive|Time left: 300 sec this turn | 300 sec total\n|\n|t:|1783556937\n|cant|p1a: Flutter Mane|frz\n|move|p2a: Glaceon|Freeze-Dry|p1a: Flutter Mane\n|-damage|p1a: Flutter Mane|0 fnt\n|faint|p1a: Flutter Mane\n|-end|p1a: Flutter Mane|Protosynthesis|[silent]\n|\n|upkeep\n|\n|t:|1783556938\n|switch|p1a: Hydreigon|Hydreigon, L79, M|100/100\n|turn|22\n|inactive|Time left: 300 sec this turn | 300 sec total\n|\n|t:|1783556939\n|move|p1a: Hydreigon|Dark Pulse|p2a: Glaceon\n|-damage|p2a: Glaceon|0 fnt\n|faint|p2a: Glaceon\n|\n|upkeep\n|inactive|Time left: 300 sec this turn | 300 sec total | 5 sec grace\n|\n|t:|1783556940\n|switch|p2a: Dodrio|Dodrio, L85, M|241/241\n|-damage|p2a: Dodrio|181/241|[from] Stealth Rock\n|turn|23\n|inactive|Time left: 300 sec this turn | 300 sec total\n|\n|t:|1783556941\n|-terastallize|p2a: Dodrio|Normal\n|move|p1a: Hydreigon|Dark Pulse|p2a: Dodrio\n|-damage|p2a: Dodrio|54/241\n|move|p2a: Dodrio|Double-Edge|p1a: Hydreigon\n|-damage|p1a: Hydreigon|0 fnt\n|faint|p1a: Hydreigon\n|-damage|p2a: Dodrio|0 fnt|[from] Recoil\n|faint|p2a: Dodrio\n|\n|upkeep\n|inactive|Time left: 300 sec this turn | 300 sec total | 5 sec grace\n|\n|t:|1783556942\n|switch|p2a: Weezing|Weezing, L88, F|107/258\n|switch|p1a: Meowscarada|Meowscarada, L78, F|100/100\n|-damage|p2a: Weezing|75/258|[from] Stealth Rock\n|turn|24\n|inactive|Time left: 300 sec this turn | 300 sec total\n|\n|t:|1783556943\n|move|p1a: Meowscarada|Toxic Spikes|p2a: Weezing\n|-start|p1a: Meowscarada|typechange|Poison|[from] ability: Protean\n|-sidestart|p2: p0y14536f46|move: Toxic Spikes\n|move|p2a: Weezing|Pain Split|p1a: Meowscarada\n|-sethp|p1a: Meowscarada|66/100|[from] move: Pain Split|[silent]\n|-sethp|p2a: Weezing|161/258|[from] move: Pain Split\n|\n|upkeep\n|turn|25\n|inactive|Time left: 300 sec this turn | 300 sec total\n|\n|t:|1783556944\n|move|p1a: Meowscarada|Knock Off|p2a: Weezing\n|-damage|p2a: Weezing|125/258\n|move|p2a: Weezing|Fire Blast|p1a: Meowscarada\n|-damage|p1a: Meowscarada|28/100\n|\n|upkeep\n|turn|26\n|inactive|Time left: 300 sec this turn | 300 sec total\n|\n|t:|1783556944\n|move|p1a: Meowscarada|Toxic Spikes|p2a: Weezing\n|-sidestart|p2: p0y14536f46|move: Toxic Spikes\n|move|p2a: Weezing|Fire Blast|p1a: Meowscarada|[miss]\n|-miss|p2a: Weezing|p1a: Meowscarada\n|\n|upkeep\n|turn|27\n|inactive|Time left: 300 sec this turn | 300 sec total\n|\n|t:|1783556945\n|-terastallize|p1a: Meowscarada|Grass\n|move|p1a: Meowscarada|U-turn|p2a: Weezing\n|-resisted|p2a: Weezing\n|-damage|p2a: Weezing|108/258\n|move|p2a: Weezing|Fire Blast|p1a: Meowscarada\n|-supereffective|p1a: Meowscarada\n|-damage|p1a: Meowscarada|0 fnt\n|faint|p1a: Meowscarada\n|\n|win|p0y14536f46", "uploadtime": 1783556945, "views": 0, "rating": 0, "private": 0, "password": null, "_winner": "p0y14536f46", "_our_name": "p0y14536f46"}