{"id": "battle-gen9randombattle-1255", "formatid": "gen9randombattle", "format": "[Gen 9] Random Battle", "players": ["p0x125501bf", "p0y1255e49a"], "log": "|init|battle\n|title|p0x125501bf vs. p0y1255e49a\n|j|\u2606p0x125501bf\n|j|\u2606p0y1255e49a\n|t:|1783554530\n|gametype|singles\n|player|p1|p0x125501bf|265|\n|player|p2|p0y1255e49a|102|\n|gen|9\n|tier|[Gen 9] Random Battle\n|rule|Species Clause: Limit one of each Pok\u00e9mon\n|rule|HP Percentage Mod: HP is shown in percentages\n|rule|Sleep Clause Mod: Limit one foe put to sleep\n|rule|Illusion Level Mod: Illusion disguises the Pok\u00e9mon's true level\n|\n|t:|1783554531\n|teamsize|p1|6\n|teamsize|p2|6\n|start\n|switch|p1a: Snorlax|Snorlax, L82, F|100/100\n|switch|p2a: Tsareena|Tsareena, L87, F|267/267\n|turn|1\n|inactive|Battle timer is ON: inactive players will automatically lose when time's up. (requested by p0x125501bf)\n|inactive|Time left: 300 sec this turn | 300 sec total | 60 sec grace\n|inactive|p0y1255e49a also wants the timer to be on.\n|\n|t:|1783554532\n|switch|p1a: Galvantula|Galvantula, L82, F|100/100\n|move|p2a: Tsareena|High Jump Kick|p1a: Galvantula\n|-resisted|p1a: Galvantula\n|-damage|p1a: Galvantula|56/100\n|\n|upkeep\n|turn|2\n|inactive|Time left: 300 sec this turn | 300 sec total\n|\n|t:|1783554533\n|move|p1a: Galvantula|Sticky Web|p2a: Tsareena\n|-sidestart|p2: p0y1255e49a|move: Sticky Web\n|move|p2a: Tsareena|High Jump Kick|p1a: Galvantula\n|-resisted|p1a: Galvantula\n|-damage|p1a: Galvantula|5/100\n|\n|upkeep\n|turn|3\n|inactive|Time left: 300 sec this turn | 300 sec total\n|\n|t:|1783554535\n|move|p1a: Galvantula|Bug Buzz|p2a: Tsareena\n|-supereffective|p2a: Tsareena\n|-damage|p2a: Tsareena|99/267\n|move|p2a: Tsareena|High Jump Kick|p1a: Galvantula\n|-resisted|p1a: Galvantula\n|-damage|p1a: Galvantula|0 fnt\n|faint|p1a: Galvantula\n|\n|upkeep\n|\n|t:|1783554536\n|switch|p1a: Enamorus|Enamorus, L79, F|100/100\n|turn|4\n|inactive|Time left: 300 sec this turn | 300 sec total\n|\n|t:|1783554537\n|move|p1a: Enamorus|Moonblast|p2a: Tsareena\n|-damage|p2a: Tsareena|0 fnt\n|faint|p2a: Tsareena\n|\n|upkeep\n|inactive|Time left: 300 sec this turn | 300 sec total | 5 sec grace\n|\n|t:|1783554538\n|switch|p2a: Eiscue|Eiscue, L88, F|274/274\n|-activate|p2a: Eiscue|move: Sticky Web\n|-unboost|p2a: Eiscue|spe|1\n|turn|5\n|inactive|Time left: 300 sec this turn | 300 sec total\n|\n|t:|1783554539\n|move|p1a: Enamorus|Moonblast|p2a: Eiscue\n|-damage|p2a: Eiscue|171/274\n|move|p2a: Eiscue|Ice Spinner|p1a: Enamorus\n|-supereffective|p1a: Enamorus\n|-damage|p1a: Enamorus|15/100\n|\n|-heal|p1a: Enamorus|22/100|[from] item: Leftovers\n|upkeep\n|turn|6\n|inactive|Time left: 300 sec this turn | 300 sec total\n|\n|t:|1783554540\n|switch|p1a: Abomasnow|Abomasnow, L84, F|100/100\n|-weather|Snowscape|[from] ability: Snow Warning|[of] p1a: Abomasnow\n|move|p2a: Eiscue|Ice Spinner|p1a: Abomasnow\n|-damage|p1a: Abomasnow|80/100\n|\n|-weather|Snowscape|[upkeep]\n|upkeep\n|turn|7\n|inactive|Time left: 300 sec this turn | 300 sec total\n|\n|t:|1783554541\n|move|p1a: Abomasnow|Aurora Veil|p1a: Abomasnow\n|-sidestart|p1: p0x125501bf|move: Aurora Veil\n|move|p2a: Eiscue|Belly Drum|p2a: Eiscue\n|-damage|p2a: Eiscue|34/274\n|-setboost|p2a: Eiscue|atk|6|[from] move: Belly Drum\n|-enditem|p2a: Eiscue|Sitrus Berry|[eat]\n|-heal|p2a: Eiscue|102/274|[from] item: Sitrus Berry\n|\n|-weather|Snowscape|[upkeep]\n|upkeep\n|turn|8\n|inactive|Time left: 300 sec this turn | 300 sec total\n|\n|t:|1783554542\n|move|p1a: Abomasnow|Blizzard|p2a: Eiscue\n|-resisted|p2a: Eiscue\n|-damage|p2a: Eiscue|54/274\n|move|p2a: Eiscue|Ice Spinner|p1a: Abomasnow\n|-crit|p1a: Abomasnow\n|-damage|p1a: Abomasnow|0 fnt\n|faint|p1a: Abomasnow\n|\n|-weather|Snowscape|[upkeep]\n|upkeep\n|\n|t:|1783554543\n|switch|p1a: Enamorus|Enamorus, L79, F|22/100\n|turn|9\n|inactive|Time left: 300 sec this turn | 300 sec total\n|\n|t:|1783554544\n|move|p1a: Enamorus|Moonblast|p2a: Eiscue\n|-damage|p2a: Eiscue|0 fnt\n|faint|p2a: Eiscue\n|\n|-weather|Snowscape|[upkeep]\n|-heal|p1a: Enamorus|28/100|[from] item: Leftovers\n|upkeep\n|inactive|Time left: 300 sec this turn | 300 sec total | 5 sec grace\n|\n|t:|1783554545\n|switch|p2a: Arceus|Arceus-Rock, L74|300/300\n|-activate|p2a: Arceus|move: Sticky Web\n|-unboost|p2a: Arceus|spe|1\n|turn|10\n|inactive|Time left: 300 sec this turn | 300 sec total\n|\n|t:|1783554547\n|move|p1a: Enamorus|Moonblast|p2a: Arceus\n|-damage|p2a: Arceus|201/300\n|-unboost|p2a: Arceus|spa|1\n|move|p2a: Arceus|Stone Edge|p1a: Enamorus|[miss]\n|-miss|p2a: Arceus|p1a: Enamorus\n|\n|-weather|none\n|-heal|p1a: Enamorus|34/100|[from] item: Leftovers\n|upkeep\n|turn|11\n|inactive|Time left: 300 sec this turn | 300 sec total\n|\n|t:|1783554548\n|move|p1a: Enamorus|Moonblast|p2a: Arceus\n|-damage|p2a: Arceus|102/300\n|move|p2a: Arceus|Stone Edge|p1a: Enamorus|[miss]\n|-miss|p2a: Arceus|p1a: Enamorus\n|\n|-heal|p1a: Enamorus|40/100|[from] item: Leftovers\n|upkeep\n|turn|12\n|inactive|Time left: 300 sec this turn | 300 sec total\n|\n|t:|1783554549\n|move|p1a: Enamorus|Moonblast|p2a: Arceus\n|-damage|p2a: Arceus|0 fnt\n|faint|p2a: Arceus\n|\n|-heal|p1a: Enamorus|46/100|[from] item: Leftovers\n|upkeep\n|inactive|Time left: 300 sec this turn | 300 sec total | 5 sec grace\n|\n|t:|1783554550\n|switch|p2a: Quaquaval|Quaquaval, L79, M|264/264\n|-activate|p2a: Quaquaval|move: Sticky Web\n|-unboost|p2a: Quaquaval|spe|1\n|turn|13\n|inactive|Time left: 300 sec this turn | 300 sec total\n|\n|t:|1783554551\n|-terastallize|p2a: Quaquaval|Steel\n|move|p1a: Enamorus|Moonblast|p2a: Quaquaval\n|-resisted|p2a: Quaquaval\n|-damage|p2a: Quaquaval|195/264\n|move|p2a: Quaquaval|Aqua Step|p1a: Enamorus\n|-damage|p1a: Enamorus|22/100\n|-boost|p2a: Quaquaval|spe|1\n|-start|p2a: Quaquaval|Attract|[from] ability: Cute Charm|[of] p1a: Enamorus\n|\n|-heal|p1a: Enamorus|28/100|[from] item: Leftovers\n|-heal|p2a: Quaquaval|211/264|[from] item: Leftovers\n|upkeep\n|turn|14\n|inactive|Time left: 300 sec this turn | 300 sec total\n|\n|t:|1783554552\n|-terastallize|p1a: Enamorus|Ground\n|move|p1a: Enamorus|Earth Power|p2a: Quaquaval\n|-supereffective|p2a: Quaquaval\n|-damage|p2a: Quaquaval|0 fnt\n|faint|p2a: Quaquaval\n|\n|-heal|p1a: Enamorus|35/100|[from] item: Leftovers\n|-sideend|p1: p0x125501bf|move: Aurora Veil\n|upkeep\n|inactive|Time left: 300 sec this turn | 300 sec total | 5 sec grace\n|\n|t:|1783554553\n|switch|p2a: Palkia|Palkia-Origin, L72|249/249\n|-activate|p2a: Palkia|move: Sticky Web\n|-unboost|p2a: Palkia|spe|1\n|-ability|p2a: Palkia|Pressure\n|turn|15\n|inactive|Time left: 300 sec this turn | 300 sec total\n|\n|t:|1783554555\n|move|p1a: Enamorus|Moonblast|p2a: Palkia\n|-supereffective|p2a: Palkia\n|-damage|p2a: Palkia|39/249\n|-unboost|p2a: Palkia|spa|1\n|move|p2a: Palkia|Spacial Rend|p1a: Enamorus\n|-damage|p1a: Enamorus|0 fnt\n|faint|p1a: Enamorus\n|\n|upkeep\n|\n|t:|1783554556\n|switch|p1a: Dunsparce|Dunsparce, L86, F|100/100\n|turn|16\n|inactive|Time left: 300 sec this turn | 300 sec total\n|\n|t:|1783554557\n|move|p2a: Palkia|Thunder Wave|p1a: Dunsparce\n|-status|p1a: Dunsparce|par\n|move|p1a: Dunsparce|Coil|p1a: Dunsparce\n|-boost|p1a: Dunsparce|atk|1\n|-boost|p1a: Dunsparce|def|1\n|-boost|p1a: Dunsparce|accuracy|1\n|\n|upkeep\n|turn|17\n|inactive|Time left: 300 sec this turn | 300 sec total\n|\n|t:|1783554558\n|move|p2a: Palkia|Spacial Rend|p1a: Dunsparce\n|-crit|p1a: Dunsparce\n|-damage|p1a: Dunsparce|49/100 par\n|move|p1a: Dunsparce|Coil|p1a: Dunsparce\n|-boost|p1a: Dunsparce|atk|1\n|-boost|p1a: Dunsparce|def|1\n|-boost|p1a: Dunsparce|accuracy|1\n|\n|upkeep\n|turn|18\n|inactive|Time left: 300 sec this turn | 300 sec total\n|\n|t:|1783554558\n|move|p2a: Palkia|Spacial Rend|p1a: Dunsparce\n|-crit|p1a: Dunsparce\n|-damage|p1a: Dunsparce|0 fnt\n|faint|p1a: Dunsparce\n|\n|upkeep\n|\n|t:|1783554559\n|switch|p1a: Jirachi|Jirachi, L80|100/100\n|turn|19\n|inactive|Time left: 300 sec this turn | 300 sec total\n|\n|t:|1783554560\n|move|p1a: Jirachi|U-turn|p2a: Palkia\n|-damage|p2a: Palkia|0 fnt\n|faint|p2a: Palkia\n|\n|t:|1783554561\n|switch|p1a: Snorlax|Snorlax, L82, F|100/100|[from] U-turn\n|\n|upkeep\n|inactive|Time left: 300 sec this turn | 300 sec total | 10 sec grace\n|\n|t:|1783554562\n|switch|p2a: Miraidon|Miraidon, L65|238/238\n|-activate|p2a: Miraidon|move: Sticky Web\n|-unboost|p2a: Miraidon|spe|1\n|-fieldstart|move: Electric Terrain|[from] ability: Hadron Engine|[of] p2a: Miraidon\n|turn|20\n|inactive|Time left: 300 sec this turn | 300 sec total\n|\n|t:|1783554563\n|move|p2a: Miraidon|Electro Drift|p1a: Snorlax\n|-damage|p1a: Snorlax|55/100\n|move|p1a: Snorlax|Earthquake|p2a: Miraidon\n|-supereffective|p2a: Miraidon\n|-damage|p2a: Miraidon|68/238\n|\n|-heal|p1a: Snorlax|61/100|[from] item: Leftovers\n|upkeep\n|turn|21\n|inactive|Time left: 300 sec this turn | 300 sec total\n|\n|t:|1783554564\n|move|p2a: Miraidon|Electro Drift|p1a: Snorlax\n|-damage|p1a: Snorlax|17/100\n|move|p1a: Snorlax|Body Slam|p2a: Miraidon\n|-damage|p2a: Miraidon|0 fnt\n|faint|p2a: Miraidon\n|\n|win|p0x125501bf", "uploadtime": 1783554564, "views": 0, "rating": 0, "private": 0, "password": null, "_winner": "p0x125501bf", "_our_name": "p0y1255e49a"}