{"id": "battle-gen9randombattle-2524", "formatid": "gen9randombattle", "format": "[Gen 9] Random Battle", "players": ["p0x252475fb", "p0y2524e5e7"], "log": "|init|battle\n|title|p0x252475fb vs. p0y2524e5e7\n|j|\u2606p0x252475fb\n|j|\u2606p0y2524e5e7\n|t:|1783568252\n|gametype|singles\n|player|p1|p0x252475fb|102|\n|player|p2|p0y2524e5e7|101|\n|gen|9\n|tier|[Gen 9] Random Battle\n|rule|Species Clause: Limit one of each Pok\u00e9mon\n|rule|HP Percentage Mod: HP is shown in percentages\n|rule|Sleep Clause Mod: Limit one foe put to sleep\n|rule|Illusion Level Mod: Illusion disguises the Pok\u00e9mon's true level\n|\n|t:|1783568252\n|teamsize|p1|6\n|teamsize|p2|6\n|start\n|switch|p1a: Barraskewda|Barraskewda, L81, M|100/100\n|switch|p2a: Eiscue|Eiscue, L88, M|274/274\n|turn|1\n|inactive|Battle timer is ON: inactive players will automatically lose when time's up. (requested by p0y2524e5e7)\n|inactive|p0x252475fb also wants the timer to be on.\n|\n|t:|1783568254\n|move|p1a: Barraskewda|Waterfall|p2a: Eiscue\n|-activate|p2a: Eiscue|ability: Ice Face\n|-damage|p2a: Eiscue|274/274\n|detailschange|p2a: Eiscue|Eiscue-Noice, L88, M\n|move|p2a: Eiscue|Belly Drum|p2a: Eiscue\n|-damage|p2a: Eiscue|137/274\n|-setboost|p2a: Eiscue|atk|6|[from] move: Belly Drum\n|-enditem|p2a: Eiscue|Sitrus Berry|[eat]\n|-heal|p2a: Eiscue|205/274|[from] item: Sitrus Berry\n|\n|upkeep\n|turn|2\n|inactive|Time left: 300 sec this turn | 300 sec total\n|\n|t:|1783568255\n|move|p2a: Eiscue|Ice Spinner|p1a: Barraskewda\n|-resisted|p1a: Barraskewda\n|-damage|p1a: Barraskewda|13/100\n|move|p1a: Barraskewda|Waterfall|p2a: Eiscue\n|-damage|p2a: Eiscue|45/274\n|\n|upkeep\n|turn|3\n|inactive|Time left: 300 sec this turn | 300 sec total\n|\n|t:|1783568256\n|move|p2a: Eiscue|Ice Spinner|p1a: Barraskewda\n|-resisted|p1a: Barraskewda\n|-damage|p1a: Barraskewda|0 fnt\n|faint|p1a: Barraskewda\n|\n|upkeep\n|\n|t:|1783568257\n|switch|p1a: Bisharp|Bisharp, L79, M|100/100\n|turn|4\n|inactive|Time left: 300 sec this turn | 300 sec total\n|\n|t:|1783568258\n|-terastallize|p2a: Eiscue|Water\n|move|p1a: Bisharp|Sucker Punch|p2a: Eiscue\n|-damage|p2a: Eiscue|0 fnt\n|faint|p2a: Eiscue\n|\n|upkeep\n|inactive|Time left: 300 sec this turn | 300 sec total | 5 sec grace\n|\n|t:|1783568259\n|switch|p2a: Reshiram|Reshiram, L76|277/277\n|-ability|p2a: Reshiram|Turboblaze\n|turn|5\n|inactive|Time left: 300 sec this turn | 300 sec total\n|\n|t:|1783568260\n|move|p2a: Reshiram|Dragon Dance|p2a: Reshiram\n|-boost|p2a: Reshiram|atk|1\n|-boost|p2a: Reshiram|spe|1\n|move|p1a: Bisharp|Throat Chop|p2a: Reshiram\n|-damage|p2a: Reshiram|177/277\n|-start|p2a: Reshiram|Throat Chop|[silent]\n|\n|upkeep\n|turn|6\n|inactive|Time left: 300 sec this turn | 300 sec total\n|\n|t:|1783568261\n|move|p2a: Reshiram|Flare Blitz|p1a: Bisharp\n|-supereffective|p1a: Bisharp\n|-damage|p1a: Bisharp|0 fnt\n|faint|p1a: Bisharp\n|-damage|p2a: Reshiram|100/277|[from] Recoil\n|\n|-end|p2a: Reshiram|Throat Chop|[silent]\n|upkeep\n|\n|t:|1783568262\n|switch|p1a: Ogerpon|Ogerpon-Cornerstone, L76, F|100/100\n|turn|7\n|inactive|Time left: 300 sec this turn | 300 sec total\n|\n|t:|1783568263\n|move|p2a: Reshiram|Outrage|p1a: Ogerpon\n|-damage|p1a: Ogerpon|20/100\n|move|p1a: Ogerpon|Ivy Cudgel|p2a: Reshiram|[anim] Ivy Cudgel Rock\n|-supereffective|p2a: Reshiram\n|-damage|p2a: Reshiram|0 fnt\n|faint|p2a: Reshiram\n|\n|upkeep\n|inactive|Time left: 300 sec this turn | 300 sec total | 5 sec grace\n|\n|t:|1783568264\n|switch|p2a: Wugtrio|Wugtrio, L91, F|212/212\n|turn|8\n|inactive|Time left: 300 sec this turn | 300 sec total\n|\n|t:|1783568265\n|switch|p1a: Tsareena|Tsareena, L87, F|100/100\n|move|p2a: Wugtrio|Liquidation|p1a: Tsareena\n|-resisted|p1a: Tsareena\n|-damage|p1a: Tsareena|73/100\n|\n|upkeep\n|turn|9\n|inactive|Time left: 300 sec this turn | 300 sec total\n|\n|t:|1783568266\n|switch|p2a: Arbok|Arbok, L87, M|246/246\n|-ability|p2a: Arbok|Intimidate|boost\n|-unboost|p1a: Tsareena|atk|1\n|move|p1a: Tsareena|Power Whip|p2a: Arbok\n|-resisted|p2a: Arbok\n|-damage|p2a: Arbok|172/246\n|-damage|p1a: Tsareena|63/100|[from] item: Life Orb\n|\n|-heal|p2a: Arbok|187/246|[from] item: Leftovers\n|upkeep\n|turn|10\n|inactive|Time left: 300 sec this turn | 300 sec total\n|\n|t:|1783568267\n|switch|p1a: Giratina|Giratina-Origin, L72|100/100\n|move|p2a: Arbok|Coil|p2a: Arbok\n|-boost|p2a: Arbok|atk|1\n|-boost|p2a: Arbok|def|1\n|-boost|p2a: Arbok|accuracy|1\n|\n|-heal|p2a: Arbok|202/246|[from] item: Leftovers\n|upkeep\n|turn|11\n|inactive|Time left: 300 sec this turn | 300 sec total\n|\n|t:|1783568268\n|move|p2a: Arbok|Coil|p2a: Arbok\n|-boost|p2a: Arbok|atk|1\n|-boost|p2a: Arbok|def|1\n|-boost|p2a: Arbok|accuracy|1\n|move|p1a: Giratina|Will-O-Wisp|p2a: Arbok\n|-status|p2a: Arbok|brn\n|\n|-heal|p2a: Arbok|217/246 brn|[from] item: Leftovers\n|-damage|p2a: Arbok|202/246 brn|[from] brn\n|upkeep\n|turn|12\n|inactive|Time left: 300 sec this turn | 300 sec total\n|\n|t:|1783568269\n|move|p2a: Arbok|Gunk Shot|p1a: Giratina\n|-resisted|p1a: Giratina\n|-damage|p1a: Giratina|79/100\n|-status|p1a: Giratina|psn\n|move|p1a: Giratina|Poltergeist|p2a: Arbok\n|-activate|p2a: Arbok|move: Poltergeist|Leftovers\n|-damage|p2a: Arbok|129/246 brn\n|\n|-heal|p2a: Arbok|144/246 brn|[from] item: Leftovers\n|-damage|p1a: Giratina|67/100 psn|[from] psn\n|-damage|p2a: Arbok|129/246 brn|[from] brn\n|upkeep\n|turn|13\n|inactive|Time left: 300 sec this turn | 300 sec total\n|\n|t:|1783568270\n|move|p2a: Arbok|Sucker Punch|p1a: Giratina\n|-supereffective|p1a: Giratina\n|-damage|p1a: Giratina|35/100 psn\n|move|p1a: Giratina|Draco Meteor|p2a: Arbok\n|-damage|p2a: Arbok|0 fnt\n|-unboost|p1a: Giratina|spa|2\n|faint|p2a: Arbok\n|\n|-damage|p1a: Giratina|23/100 psn|[from] psn\n|upkeep\n|inactive|Time left: 300 sec this turn | 300 sec total | 5 sec grace\n|\n|t:|1783568271\n|switch|p2a: Wugtrio|Wugtrio, L91, F|212/212\n|turn|14\n|inactive|Time left: 300 sec this turn | 300 sec total\n|\n|t:|1783568272\n|move|p2a: Wugtrio|Liquidation|p1a: Giratina\n|-resisted|p1a: Giratina\n|-damage|p1a: Giratina|0 fnt\n|faint|p1a: Giratina\n|\n|upkeep\n|\n|t:|1783568273\n|switch|p1a: Tsareena|Tsareena, L87, F|63/100\n|turn|15\n|inactive|Time left: 300 sec this turn | 300 sec total\n|\n|t:|1783568274\n|move|p2a: Wugtrio|Liquidation|p1a: Tsareena\n|-resisted|p1a: Tsareena\n|-damage|p1a: Tsareena|36/100\n|move|p1a: Tsareena|Power Whip|p2a: Wugtrio\n|-supereffective|p2a: Wugtrio\n|-damage|p2a: Wugtrio|0 fnt\n|-ability|p2a: Wugtrio|Gooey\n|-unboost|p1a: Tsareena|spe|1\n|faint|p2a: Wugtrio\n|-damage|p1a: Tsareena|26/100|[from] item: Life Orb\n|\n|upkeep\n|inactive|Time left: 300 sec this turn | 300 sec total | 5 sec grace\n|\n|t:|1783568275\n|switch|p2a: Eelektross|Eelektross, L87, F|290/290\n|turn|16\n|inactive|Time left: 300 sec this turn | 300 sec total\n|\n|t:|1783568276\n|move|p2a: Eelektross|Knock Off|p1a: Tsareena\n|-damage|p1a: Tsareena|0 fnt\n|-enditem|p1a: Tsareena|Life Orb|[from] move: Knock Off|[of] p2a: Eelektross\n|faint|p1a: Tsareena\n|\n|upkeep\n|\n|t:|1783568277\n|switch|p1a: Frosmoth|Frosmoth, L82, F|100/100\n|turn|17\n|inactive|Time left: 300 sec this turn | 300 sec total\n|\n|t:|1783568278\n|move|p1a: Frosmoth|Ice Beam|p2a: Eelektross\n|-damage|p2a: Eelektross|208/290\n|move|p2a: Eelektross|Knock Off|p1a: Frosmoth\n|-damage|p1a: Frosmoth|57/100\n|-enditem|p1a: Frosmoth|Heavy-Duty Boots|[from] move: Knock Off|[of] p2a: Eelektross\n|\n|upkeep\n|turn|18\n|inactive|Time left: 300 sec this turn | 300 sec total\n|\n|t:|1783568279\n|move|p1a: Frosmoth|Ice Beam|p2a: Eelektross\n|-damage|p2a: Eelektross|127/290\n|move|p2a: Eelektross|Knock Off|p1a: Frosmoth\n|-damage|p1a: Frosmoth|26/100\n|\n|upkeep\n|turn|19\n|inactive|Time left: 300 sec this turn | 300 sec total\n|\n|t:|1783568280\n|-terastallize|p1a: Frosmoth|Ground\n|move|p1a: Frosmoth|Ice Beam|p2a: Eelektross\n|-damage|p2a: Eelektross|48/290\n|move|p2a: Eelektross|Knock Off|p1a: Frosmoth\n|-damage|p1a: Frosmoth|0 fnt\n|faint|p1a: Frosmoth\n|\n|upkeep\n|\n|t:|1783568281\n|switch|p1a: Ogerpon|Ogerpon-Cornerstone, L76, F|20/100\n|turn|20\n|inactive|Time left: 300 sec this turn | 300 sec total\n|\n|t:|1783568282\n|switch|p2a: Swampert|Swampert, L83, M|302/302\n|move|p1a: Ogerpon|Horn Leech|p2a: Swampert\n|-supereffective|p2a: Swampert\n|-damage|p2a: Swampert|0 fnt\n|-heal|p1a: Ogerpon|81/100|[from] drain|[of] p2a: Swampert\n|faint|p2a: Swampert\n|\n|upkeep\n|inactive|Time left: 300 sec this turn | 300 sec total | 5 sec grace\n|\n|t:|1783568283\n|switch|p2a: Eelektross|Eelektross, L87, F|48/290\n|turn|21\n|inactive|Time left: 300 sec this turn | 300 sec total\n|\n|t:|1783568284\n|move|p1a: Ogerpon|Superpower|p2a: Eelektross\n|-damage|p2a: Eelektross|0 fnt\n|-unboost|p1a: Ogerpon|atk|1\n|-unboost|p1a: Ogerpon|def|1\n|faint|p2a: Eelektross\n|\n|win|p0x252475fb", "uploadtime": 1783568284, "views": 0, "rating": 0, "private": 0, "password": null, "_winner": "p0x252475fb", "_our_name": "p0y2524e5e7"}