{"id": "battle-gen9randombattle-106", "formatid": "gen9randombattle", "format": "[Gen 9] Random Battle", "players": ["p0x106bde7", "p0y1069241"], "log": "|init|battle\n|title|p0x106bde7 vs. p0y1069241\n|j|\u2606p0x106bde7\n|j|\u2606p0y1069241\n|t:|1783534989\n|gametype|singles\n|player|p1|p0x106bde7|265|\n|player|p2|p0y1069241|2|\n|gen|9\n|tier|[Gen 9] Random Battle\n|rule|Species Clause: Limit one of each Pok\u00e9mon\n|rule|HP Percentage Mod: HP is shown in percentages\n|rule|Sleep Clause Mod: Limit one foe put to sleep\n|rule|Illusion Level Mod: Illusion disguises the Pok\u00e9mon's true level\n|\n|t:|1783534989\n|teamsize|p1|6\n|teamsize|p2|6\n|start\n|switch|p1a: Oranguru|Oranguru, L92, M|315/315\n|switch|p2a: Hitmonlee|Hitmonlee, L85, M|100/100\n|turn|1\n|inactive|Battle timer is ON: inactive players will automatically lose when time's up. (requested by p0x106bde7)\n|inactive|p0y1069241 also wants the timer to be on.\n|\n|t:|1783534990\n|-terastallize|p2a: Hitmonlee|Fighting\n|move|p2a: Hitmonlee|High Jump Kick|p1a: Oranguru\n|-damage|p1a: Oranguru|0 fnt\n|faint|p1a: Oranguru\n|\n|upkeep\n|inactive|Time left: 300 sec this turn | 300 sec total | 65 sec grace\n|\n|t:|1783534992\n|switch|p1a: Golem|Golem, L87, M|281/281\n|turn|2\n|inactive|Time left: 300 sec this turn | 300 sec total\n|\n|t:|1783534993\n|move|p2a: Hitmonlee|High Jump Kick|p1a: Golem\n|-supereffective|p1a: Golem\n|-ability|p1a: Golem|Sturdy\n|-damage|p1a: Golem|1/281\n|-enditem|p1a: Golem|Weakness Policy\n|-boost|p1a: Golem|atk|2|[from] item: Weakness Policy\n|-boost|p1a: Golem|spa|2|[from] item: Weakness Policy\n|move|p1a: Golem|Earthquake|p2a: Hitmonlee\n|-damage|p2a: Hitmonlee|0 fnt\n|faint|p2a: Hitmonlee\n|\n|upkeep\n|\n|t:|1783534994\n|switch|p2a: Meowscarada|Meowscarada, L78, M|100/100\n|turn|3\n|inactive|Time left: 300 sec this turn | 300 sec total\n|\n|t:|1783534995\n|move|p2a: Meowscarada|Knock Off|p1a: Golem\n|-start|p2a: Meowscarada|typechange|Dark|[from] ability: Protean\n|-damage|p1a: Golem|0 fnt\n|faint|p1a: Golem\n|\n|upkeep\n|inactive|Time left: 300 sec this turn | 300 sec total | 5 sec grace\n|\n|t:|1783534995\n|switch|p1a: Lilligant|Lilligant-Hisui, L79, F|240/240\n|turn|4\n|inactive|Time left: 300 sec this turn | 300 sec total\n|\n|t:|1783534996\n|switch|p2a: Lugia|Lugia, L73|100/100\n|move|p1a: Lilligant|Victory Dance|p1a: Lilligant\n|-boost|p1a: Lilligant|atk|1\n|-boost|p1a: Lilligant|def|1\n|-boost|p1a: Lilligant|spe|1\n|\n|upkeep\n|turn|5\n|inactive|Time left: 300 sec this turn | 300 sec total\n|\n|t:|1783534997\n|-terastallize|p1a: Lilligant|Steel\n|move|p1a: Lilligant|Victory Dance|p1a: Lilligant\n|-boost|p1a: Lilligant|atk|1\n|-boost|p1a: Lilligant|def|1\n|-boost|p1a: Lilligant|spe|1\n|move|p2a: Lugia|Aeroblast|p1a: Lilligant\n|-resisted|p1a: Lilligant\n|-damage|p1a: Lilligant|192/240\n|\n|upkeep\n|turn|6\n|inactive|Time left: 300 sec this turn | 300 sec total\n|\n|t:|1783534998\n|move|p1a: Lilligant|Ice Spinner|p2a: Lugia\n|-supereffective|p2a: Lugia\n|-damage|p2a: Lugia|49/100\n|move|p2a: Lugia|Earth Power|p1a: Lilligant\n|-supereffective|p1a: Lilligant\n|-damage|p1a: Lilligant|78/240\n|\n|upkeep\n|turn|7\n|inactive|Time left: 300 sec this turn | 300 sec total\n|\n|t:|1783534999\n|move|p1a: Lilligant|Ice Spinner|p2a: Lugia|[miss]\n|-miss|p1a: Lilligant|p2a: Lugia\n|move|p2a: Lugia|Earth Power|p1a: Lilligant\n|-supereffective|p1a: Lilligant\n|-damage|p1a: Lilligant|0 fnt\n|faint|p1a: Lilligant\n|\n|upkeep\n|inactive|Time left: 300 sec this turn | 300 sec total | 5 sec grace\n|\n|t:|1783535000\n|switch|p1a: Baxcalibur|Baxcalibur, L75, F|295/295\n|turn|8\n|inactive|Time left: 300 sec this turn | 300 sec total\n|\n|t:|1783535001\n|move|p2a: Lugia|Recover|p2a: Lugia\n|-heal|p2a: Lugia|99/100\n|move|p1a: Baxcalibur|Swords Dance|p1a: Baxcalibur\n|-boost|p1a: Baxcalibur|atk|2\n|\n|upkeep\n|turn|9\n|inactive|Time left: 300 sec this turn | 300 sec total\n|\n|t:|1783535002\n|move|p2a: Lugia|Recover|p2a: Lugia\n|-heal|p2a: Lugia|100/100\n|move|p1a: Baxcalibur|Icicle Spear|p2a: Lugia\n|-supereffective|p2a: Lugia\n|-damage|p2a: Lugia|80/100\n|-supereffective|p2a: Lugia\n|-damage|p2a: Lugia|41/100\n|-supereffective|p2a: Lugia\n|-damage|p2a: Lugia|3/100\n|-supereffective|p2a: Lugia\n|-damage|p2a: Lugia|0 fnt\n|faint|p2a: Lugia\n|-hitcount|p2: Lugia|4\n|\n|upkeep\n|\n|t:|1783535003\n|switch|p2a: Meowscarada|Meowscarada, L78, M|100/100\n|turn|10\n|inactive|Time left: 300 sec this turn | 300 sec total\n|\n|t:|1783535004\n|move|p2a: Meowscarada|Triple Axel|p1a: Baxcalibur\n|-start|p2a: Meowscarada|typechange|Ice|[from] ability: Protean\n|-damage|p1a: Baxcalibur|258/295\n|-hitcount|p1a: Baxcalibur|1\n|move|p1a: Baxcalibur|Scale Shot|p2a: Meowscarada\n|-damage|p2a: Meowscarada|69/100\n|-damage|p2a: Meowscarada|39/100\n|-damage|p2a: Meowscarada|8/100\n|-damage|p2a: Meowscarada|0 fnt\n|faint|p2a: Meowscarada\n|-hitcount|p2: Meowscarada|4\n|-unboost|p1a: Baxcalibur|def|1\n|-boost|p1a: Baxcalibur|spe|1\n|\n|upkeep\n|\n|t:|1783535005\n|switch|p2a: Jolteon|Jolteon, L84, M|100/100\n|turn|11\n|inactive|Time left: 300 sec this turn | 300 sec total\n|\n|t:|1783535006\n|move|p2a: Jolteon|Alluring Voice|p1a: Baxcalibur\n|-supereffective|p1a: Baxcalibur\n|-damage|p1a: Baxcalibur|84/295\n|-damage|p2a: Jolteon|91/100|[from] item: Life Orb\n|move|p1a: Baxcalibur|Earthquake|p2a: Jolteon\n|-supereffective|p2a: Jolteon\n|-damage|p2a: Jolteon|0 fnt\n|faint|p2a: Jolteon\n|\n|upkeep\n|\n|t:|1783535007\n|switch|p2a: Houndoom|Houndoom, L87, M|100/100\n|turn|12\n|inactive|Time left: 300 sec this turn | 300 sec total\n|\n|t:|1783535008\n|move|p2a: Houndoom|Sucker Punch|p1a: Baxcalibur\n|-damage|p1a: Baxcalibur|0 fnt\n|faint|p1a: Baxcalibur\n|\n|upkeep\n|inactive|Time left: 300 sec this turn | 300 sec total | 5 sec grace\n|\n|t:|1783535009\n|switch|p1a: Dugtrio|Dugtrio-Alola, L84, M|196/196\n|turn|13\n|inactive|Time left: 300 sec this turn | 300 sec total\n|\n|t:|1783535010\n|move|p1a: Dugtrio|Earthquake|p2a: Houndoom\n|-supereffective|p2a: Houndoom\n|-damage|p2a: Houndoom|0 fnt\n|faint|p2a: Houndoom\n|-damage|p1a: Dugtrio|177/196|[from] item: Life Orb\n|\n|upkeep\n|\n|t:|1783535011\n|switch|p2a: Torkoal|Torkoal, L88, F|100/100\n|-weather|SunnyDay|[from] ability: Drought|[of] p2a: Torkoal\n|turn|14\n|inactive|Time left: 300 sec this turn | 300 sec total\n|\n|t:|1783535012\n|move|p1a: Dugtrio|Earthquake|p2a: Torkoal\n|-supereffective|p2a: Torkoal\n|-damage|p2a: Torkoal|32/100\n|-damage|p1a: Dugtrio|158/196|[from] item: Life Orb\n|move|p2a: Torkoal|Rapid Spin|p1a: Dugtrio\n|-resisted|p1a: Dugtrio\n|-damage|p1a: Dugtrio|134/196\n|-boost|p2a: Torkoal|spe|1\n|-ability|p1a: Dugtrio|Tangling Hair\n|-unboost|p2a: Torkoal|spe|1\n|\n|-weather|SunnyDay|[upkeep]\n|upkeep\n|turn|15\n|inactive|Time left: 300 sec this turn | 300 sec total\n|\n|t:|1783535013\n|move|p1a: Dugtrio|Earthquake|p2a: Torkoal\n|-supereffective|p2a: Torkoal\n|-damage|p2a: Torkoal|0 fnt\n|faint|p2a: Torkoal\n|-damage|p1a: Dugtrio|115/196|[from] item: Life Orb\n|\n|win|p0x106bde7", "uploadtime": 1783535013, "views": 0, "rating": 0, "private": 0, "password": null, "_winner": "p0x106bde7", "_our_name": "p0x106bde7"}