{"id": "battle-gen9randombattle-77", "formatid": "gen9randombattle", "format": "[Gen 9] Random Battle", "players": ["p0x07746e7", "p0y0772a85"], "log": "|init|battle\n|title|p0x07746e7 vs. p0y0772a85\n|j|\u2606p0x07746e7\n|j|\u2606p0y0772a85\n|t:|1783540088\n|gametype|singles\n|player|p1|p0x07746e7|265|\n|player|p2|p0y0772a85|170|\n|gen|9\n|tier|[Gen 9] Random Battle\n|rule|Species Clause: Limit one of each Pok\u00e9mon\n|rule|HP Percentage Mod: HP is shown in percentages\n|rule|Sleep Clause Mod: Limit one foe put to sleep\n|rule|Illusion Level Mod: Illusion disguises the Pok\u00e9mon's true level\n|\n|t:|1783540088\n|teamsize|p1|6\n|teamsize|p2|6\n|start\n|switch|p1a: Qwilfish|Qwilfish, L86, M|252/252\n|switch|p2a: Slowbro|Slowbro-Galar, L87, M|100/100\n|-ability|p1a: Qwilfish|Intimidate|boost\n|-unboost|p2a: Slowbro|atk|1\n|turn|1\n|inactive|Battle timer is ON: inactive players will automatically lose when time's up. (requested by p0x07746e7)\n|inactive|p0y0772a85 also wants the timer to be on.\n|\n|t:|1783540090\n|move|p1a: Qwilfish|Flip Turn|p2a: Slowbro\n|-damage|p2a: Slowbro|83/100\n|inactive|Time left: 300 sec this turn | 300 sec total | 65 sec grace\n|\n|t:|1783540091\n|switch|p1a: Chi-Yu|Chi-Yu, L77|211/211|[from] Flip Turn\n|-ability|p1a: Chi-Yu|Beads of Ruin\n|move|p2a: Slowbro|Psychic|p1a: Chi-Yu\n|-immune|p1a: Chi-Yu\n|\n|upkeep\n|turn|2\n|inactive|Time left: 300 sec this turn | 300 sec total\n|\n|t:|1783540092\n|switch|p2a: Noctowl|Noctowl, L95, F|100/100\n|move|p1a: Chi-Yu|Dark Pulse|p2a: Noctowl\n|-damage|p2a: Noctowl|72/100\n|\n|upkeep\n|turn|3\n|inactive|Time left: 300 sec this turn | 300 sec total\n|\n|t:|1783540093\n|move|p1a: Chi-Yu|Nasty Plot|p1a: Chi-Yu\n|-boost|p1a: Chi-Yu|spa|2\n|move|p2a: Noctowl|Hyper Voice|p1a: Chi-Yu\n|-damage|p1a: Chi-Yu|121/211\n|\n|upkeep\n|turn|4\n|inactive|Time left: 300 sec this turn | 300 sec total\n|\n|t:|1783540094\n|move|p1a: Chi-Yu|Fire Blast|p2a: Noctowl\n|-damage|p2a: Noctowl|0 fnt\n|faint|p2a: Noctowl\n|\n|upkeep\n|\n|t:|1783540095\n|switch|p2a: Dialga|Dialga, L73|100/100\n|-ability|p2a: Dialga|Pressure\n|turn|5\n|inactive|Time left: 300 sec this turn | 300 sec total\n|\n|t:|1783540096\n|move|p1a: Chi-Yu|Fire Blast|p2a: Dialga\n|-damage|p2a: Dialga|10/100\n|move|p2a: Dialga|Draco Meteor|p1a: Chi-Yu\n|-damage|p1a: Chi-Yu|0 fnt\n|-unboost|p2a: Dialga|spa|2\n|faint|p1a: Chi-Yu\n|\n|upkeep\n|inactive|Time left: 300 sec this turn | 300 sec total | 5 sec grace\n|\n|t:|1783540097\n|switch|p1a: Meowstic|Meowstic, L89, M|277/277\n|turn|6\n|inactive|Time left: 300 sec this turn | 300 sec total\n|\n|t:|1783540098\n|switch|p2a: Masquerain|Masquerain, L87, F|100/100\n|-ability|p2a: Masquerain|Intimidate|boost\n|-unboost|p1a: Meowstic|atk|1\n|move|p1a: Meowstic|Reflect|p1a: Meowstic\n|-sidestart|p1: p0x07746e7|Reflect\n|\n|upkeep\n|turn|7\n|inactive|Time left: 300 sec this turn | 300 sec total\n|\n|t:|1783540099\n|move|p1a: Meowstic|Light Screen|p1a: Meowstic\n|-sidestart|p1: p0x07746e7|move: Light Screen\n|move|p2a: Masquerain|Sticky Web|p1a: Meowstic\n|-sidestart|p1: p0x07746e7|move: Sticky Web\n|\n|upkeep\n|turn|8\n|inactive|Time left: 300 sec this turn | 300 sec total\n|\n|t:|1783540100\n|switch|p1a: Qwilfish|Qwilfish, L86, M|252/252\n|-ability|p1a: Qwilfish|Intimidate|boost\n|-unboost|p2a: Masquerain|atk|1\n|switch|p2a: Granbull|Granbull, L88, M|100/100\n|-ability|p2a: Granbull|Intimidate|boost\n|-unboost|p1a: Qwilfish|atk|1\n|\n|upkeep\n|turn|9\n|inactive|Time left: 300 sec this turn | 300 sec total\n|\n|t:|1783540100\n|move|p1a: Qwilfish|Flip Turn|p2a: Granbull\n|-damage|p2a: Granbull|86/100\n|inactive|Time left: 300 sec this turn | 300 sec total | 5 sec grace\n|\n|t:|1783540101\n|switch|p1a: Luvdisc|Luvdisc, F|247/247|[from] Flip Turn\n|move|p2a: Granbull|Thunder Wave|p1a: Luvdisc\n|-status|p1a: Luvdisc|par\n|\n|-heal|p2a: Granbull|92/100|[from] item: Leftovers\n|upkeep\n|turn|10\n|inactive|Time left: 300 sec this turn | 300 sec total\n|\n|t:|1783540102\n|move|p2a: Granbull|Earthquake|p1a: Luvdisc\n|-damage|p1a: Luvdisc|193/247 par\n|move|p1a: Luvdisc|Flip Turn|p2a: Granbull\n|-damage|p2a: Granbull|77/100\n|inactive|Time left: 300 sec this turn | 300 sec total | 5 sec grace\n|\n|t:|1783540103\n|switch|p1a: Sneasler|Sneasler, L74, F|240/240|[from] Flip Turn\n|-activate|p1a: Sneasler|move: Sticky Web\n|-unboost|p1a: Sneasler|spe|1\n|-enditem|p1a: Sneasler|White Herb\n|-clearnegativeboost|p1a: Sneasler|[silent]\n|\n|-heal|p2a: Granbull|83/100|[from] item: Leftovers\n|upkeep\n|turn|11\n|inactive|Time left: 300 sec this turn | 300 sec total\n|\n|t:|1783540104\n|switch|p2a: Slowbro|Slowbro-Galar, L87, M|100/100\n|move|p1a: Sneasler|Dire Claw|p2a: Slowbro\n|-resisted|p2a: Slowbro\n|-damage|p2a: Slowbro|88/100\n|\n|upkeep\n|turn|12\n|inactive|Time left: 300 sec this turn | 300 sec total\n|\n|t:|1783540105\n|-terastallize|p1a: Sneasler|Flying\n|move|p1a: Sneasler|Swords Dance|p1a: Sneasler\n|-boost|p1a: Sneasler|atk|2\n|move|p2a: Slowbro|Psychic|p1a: Sneasler\n|-damage|p1a: Sneasler|181/240\n|\n|upkeep\n|turn|13\n|inactive|Time left: 300 sec this turn | 300 sec total\n|\n|t:|1783540106\n|switch|p2a: Dialga|Dialga, L73|10/100\n|-ability|p2a: Dialga|Pressure\n|move|p1a: Sneasler|Acrobatics|p2a: Dialga\n|-resisted|p2a: Dialga\n|-damage|p2a: Dialga|0 fnt\n|faint|p2a: Dialga\n|\n|-sideend|p1: p0x07746e7|Reflect\n|upkeep\n|\n|t:|1783540107\n|switch|p2a: Granbull|Granbull, L88, M|83/100\n|-ability|p2a: Granbull|Intimidate|boost\n|-unboost|p1a: Sneasler|atk|1\n|turn|14\n|inactive|Time left: 300 sec this turn | 300 sec total\n|\n|t:|1783540108\n|-terastallize|p2a: Granbull|Ground\n|move|p1a: Sneasler|Dire Claw|p2a: Granbull\n|-resisted|p2a: Granbull\n|-damage|p2a: Granbull|61/100\n|move|p2a: Granbull|Play Rough|p1a: Sneasler\n|-damage|p1a: Sneasler|0 fnt\n|faint|p1a: Sneasler\n|\n|-heal|p2a: Granbull|67/100|[from] item: Leftovers\n|-sideend|p1: p0x07746e7|move: Light Screen\n|upkeep\n|inactive|Time left: 300 sec this turn | 300 sec total | 5 sec grace\n|\n|t:|1783540109\n|switch|p1a: Qwilfish|Qwilfish, L86, M|252/252\n|-ability|p1a: Qwilfish|Intimidate|boost\n|-unboost|p2a: Granbull|atk|1\n|turn|15\n|inactive|Time left: 300 sec this turn | 300 sec total\n|\n|t:|1783540110\n|switch|p2a: Slowbro|Slowbro-Galar, L87, M|100/100\n|move|p1a: Qwilfish|Flip Turn|p2a: Slowbro\n|-damage|p2a: Slowbro|81/100\n|inactive|Time left: 300 sec this turn | 300 sec total | 5 sec grace\n|\n|t:|1783540111\n|switch|p1a: Meowstic|Meowstic, L89, M|277/277|[from] Flip Turn\n|-activate|p1a: Meowstic|move: Sticky Web\n|-unboost|p1a: Meowstic|spe|1\n|\n|upkeep\n|turn|16\n|inactive|Time left: 300 sec this turn | 300 sec total\n|\n|t:|1783540112\n|move|p1a: Meowstic|Light Screen|p1a: Meowstic\n|-sidestart|p1: p0x07746e7|move: Light Screen\n|move|p2a: Slowbro|Shell Side Arm|p1a: Meowstic|[anim] Shell Side Arm Physical\n|-damage|p1a: Meowstic|171/277\n|-hint|Physical Shell Side Arm\n|\n|upkeep\n|turn|17\n|inactive|Time left: 300 sec this turn | 300 sec total\n|\n|t:|1783540113\n|switch|p2a: Granbull|Granbull, L88, M, tera:Ground|67/100\n|-ability|p2a: Granbull|Intimidate|boost\n|-unboost|p1a: Meowstic|atk|1\n|move|p1a: Meowstic|Reflect|p1a: Meowstic\n|-sidestart|p1: p0x07746e7|Reflect\n|\n|-heal|p2a: Granbull|73/100|[from] item: Leftovers\n|upkeep\n|turn|18\n|inactive|Time left: 300 sec this turn | 300 sec total\n|\n|t:|1783540114\n|switch|p1a: Luvdisc|Luvdisc, F|193/247 par\n|move|p2a: Granbull|Earthquake|p1a: Luvdisc\n|-damage|p1a: Luvdisc|114/247 par\n|\n|-heal|p2a: Granbull|79/100|[from] item: Leftovers\n|upkeep\n|turn|19\n|inactive|Time left: 300 sec this turn | 300 sec total\n|\n|t:|1783540115\n|move|p2a: Granbull|Earthquake|p1a: Luvdisc\n|-crit|p1a: Luvdisc\n|-damage|p1a: Luvdisc|0 fnt\n|faint|p1a: Luvdisc\n|\n|-heal|p2a: Granbull|85/100|[from] item: Leftovers\n|upkeep\n|inactive|Time left: 300 sec this turn | 300 sec total | 5 sec grace\n|\n|t:|1783540116\n|switch|p1a: Qwilfish|Qwilfish, L86, M|252/252\n|-ability|p1a: Qwilfish|Intimidate|boost\n|-unboost|p2a: Granbull|atk|1\n|turn|20\n|inactive|Time left: 300 sec this turn | 300 sec total\n|\n|t:|1783540117\n|switch|p2a: Slowbro|Slowbro-Galar, L87, M|100/100\n|move|p1a: Qwilfish|Gunk Shot|p2a: Slowbro\n|-resisted|p2a: Slowbro\n|-damage|p2a: Slowbro|83/100\n|\n|upkeep\n|turn|21\n|inactive|Time left: 300 sec this turn | 300 sec total\n|\n|t:|1783540118\n|move|p1a: Qwilfish|Toxic Spikes|p2a: Slowbro\n|-sidestart|p2: p0y0772a85|move: Toxic Spikes\n|move|p2a: Slowbro|Shell Side Arm|p1a: Qwilfish|[anim] Shell Side Arm Special\n|-resisted|p1a: Qwilfish\n|-damage|p1a: Qwilfish|216/252\n|-hint|Special Shell Side Arm\n|\n|upkeep\n|turn|22\n|inactive|Time left: 300 sec this turn | 300 sec total\n|\n|t:|1783540119\n|move|p1a: Qwilfish|Gunk Shot|p2a: Slowbro\n|-resisted|p2a: Slowbro\n|-damage|p2a: Slowbro|63/100\n|move|p2a: Slowbro|Psychic|p1a: Qwilfish\n|-supereffective|p1a: Qwilfish\n|-damage|p1a: Qwilfish|74/252\n|\n|upkeep\n|turn|23\n|inactive|Time left: 300 sec this turn | 300 sec total\n|\n|t:|1783540121\n|move|p1a: Qwilfish|Pain Split|p2a: Slowbro\n|-sethp|p2a: Slowbro|44/100|[from] move: Pain Split|[silent]\n|-sethp|p1a: Qwilfish|133/252|[from] move: Pain Split\n|move|p2a: Slowbro|Psychic|p1a: Qwilfish\n|-supereffective|p1a: Qwilfish\n|-damage|p1a: Qwilfish|4/252\n|\n|-sideend|p1: p0x07746e7|move: Light Screen\n|upkeep\n|turn|24\n|inactive|Time left: 300 sec this turn | 300 sec total\n|\n|t:|1783540122\n|move|p1a: Qwilfish|Flip Turn|p2a: Slowbro\n|-damage|p2a: Slowbro|23/100\n|inactive|Time left: 300 sec this turn | 300 sec total | 5 sec grace\n|\n|t:|1783540123\n|switch|p1a: Meowstic|Meowstic, L89, M|171/277|[from] Flip Turn\n|-activate|p1a: Meowstic|move: Sticky Web\n|-unboost|p1a: Meowstic|spe|1\n|move|p2a: Slowbro|Psychic|p1a: Meowstic\n|-resisted|p1a: Meowstic\n|-damage|p1a: Meowstic|115/277\n|\n|-sideend|p1: p0x07746e7|Reflect\n|upkeep\n|turn|25\n|inactive|Time left: 300 sec this turn | 300 sec total\n|\n|t:|1783540124\n|switch|p2a: Masquerain|Masquerain, L87, F|100/100\n|-ability|p2a: Masquerain|Intimidate|boost\n|-unboost|p1a: Meowstic|atk|1\n|move|p1a: Meowstic|Light Screen|p1a: Meowstic\n|-sidestart|p1: p0x07746e7|move: Light Screen\n|\n|upkeep\n|turn|26\n|inactive|Time left: 300 sec this turn | 300 sec total\n|\n|t:|1783540125\n|switch|p2a: Slowbro|Slowbro-Galar, L87, M|57/100\n|-sideend|p2: p0y0772a85|move: Toxic Spikes|[of] p2a: Slowbro\n|move|p1a: Meowstic|Reflect|p1a: Meowstic\n|-sidestart|p1: p0x07746e7|Reflect\n|\n|upkeep\n|turn|27\n|inactive|Time left: 300 sec this turn | 300 sec total\n|\n|t:|1783540126\n|switch|p2a: Granbull|Granbull, L88, M, tera:Ground|85/100\n|-ability|p2a: Granbull|Intimidate|boost\n|-unboost|p1a: Meowstic|atk|1\n|move|p1a: Meowstic|Psychic Noise|p2a: Granbull\n|-damage|p2a: Granbull|55/100\n|-start|p2a: Granbull|move: Heal Block\n|\n|upkeep\n|turn|28\n|inactive|Time left: 300 sec this turn | 300 sec total\n|\n|t:|1783540127\n|move|p1a: Meowstic|Psychic Noise|p2a: Granbull\n|-damage|p2a: Granbull|24/100\n|move|p2a: Granbull|Play Rough|p1a: Meowstic\n|-damage|p1a: Meowstic|53/277\n|\n|-end|p2a: Granbull|move: Heal Block\n|upkeep\n|turn|29\n|inactive|Time left: 300 sec this turn | 300 sec total\n|\n|t:|1783540128\n|switch|p2a: Slowbro|Slowbro-Galar, L87, M|90/100\n|move|p1a: Meowstic|Psychic Noise|p2a: Slowbro\n|-damage|p2a: Slowbro|69/100\n|-start|p2a: Slowbro|move: Heal Block\n|\n|upkeep\n|turn|30\n|inactive|Time left: 300 sec this turn | 300 sec total\n|\n|t:|1783540129\n|move|p1a: Meowstic|Psychic Noise|p2a: Slowbro\n|-damage|p2a: Slowbro|50/100\n|move|p2a: Slowbro|Psychic|p1a: Meowstic\n|-resisted|p1a: Meowstic\n|-damage|p1a: Meowstic|28/277\n|\n|-end|p2a: Slowbro|move: Heal Block\n|upkeep\n|turn|31\n|inactive|Time left: 300 sec this turn | 300 sec total\n|\n|t:|1783540130\n|switch|p2a: Masquerain|Masquerain, L87, F|100/100\n|-ability|p2a: Masquerain|Intimidate|boost\n|-unboost|p1a: Meowstic|atk|1\n|move|p1a: Meowstic|Psychic Noise|p2a: Masquerain\n|-damage|p2a: Masquerain|68/100\n|-start|p2a: Masquerain|move: Heal Block\n|\n|upkeep\n|turn|32\n|inactive|Time left: 300 sec this turn | 300 sec total\n|\n|t:|1783540131\n|move|p2a: Masquerain|Bug Buzz|p1a: Meowstic\n|-supereffective|p1a: Meowstic\n|-damage|p1a: Meowstic|0 fnt\n|faint|p1a: Meowstic\n|\n|-end|p2a: Masquerain|move: Heal Block\n|-sideend|p1: p0x07746e7|move: Light Screen\n|upkeep\n|inactive|Time left: 300 sec this turn | 300 sec total | 5 sec grace\n|\n|t:|1783540132\n|switch|p1a: Qwilfish|Qwilfish, L86, M|4/252\n|-ability|p1a: Qwilfish|Intimidate|boost\n|-unboost|p2a: Masquerain|atk|1\n|turn|33\n|inactive|Time left: 300 sec this turn | 300 sec total\n|\n|t:|1783540133\n|switch|p2a: Granbull|Granbull, L88, M, tera:Ground|24/100\n|-ability|p2a: Granbull|Intimidate|boost\n|-unboost|p1a: Qwilfish|atk|1\n|move|p1a: Qwilfish|Pain Split|p2a: Granbull\n|-sethp|p2a: Granbull|13/100|[from] move: Pain Split|[silent]\n|-sethp|p1a: Qwilfish|37/252|[from] move: Pain Split\n|\n|-heal|p2a: Granbull|19/100|[from] item: Leftovers\n|-sideend|p1: p0x07746e7|Reflect\n|upkeep\n|turn|34\n|inactive|Time left: 300 sec this turn | 300 sec total\n|\n|t:|1783540134\n|switch|p2a: Slowbro|Slowbro-Galar, L87, M|83/100\n|move|p1a: Qwilfish|Flip Turn|p2a: Slowbro\n|-damage|p2a: Slowbro|70/100\n|inactive|Time left: 300 sec this turn | 300 sec total | 5 sec grace\n|\n|t:|1783540135\n|switch|p1a: Snorlax|Snorlax, L82, F|397/397|[from] Flip Turn\n|-activate|p1a: Snorlax|move: Sticky Web\n|-unboost|p1a: Snorlax|spe|1\n|\n|upkeep\n|turn|35\n|inactive|Time left: 300 sec this turn | 300 sec total\n|\n|t:|1783540136\n|switch|p2a: Granbull|Granbull, L88, M, tera:Ground|19/100\n|-ability|p2a: Granbull|Intimidate|boost\n|-unboost|p1a: Snorlax|atk|1\n|move|p1a: Snorlax|Body Slam|p2a: Granbull\n|-damage|p2a: Granbull|0 fnt\n|faint|p2a: Granbull\n|\n|upkeep\n|\n|t:|1783540137\n|switch|p2a: Gallade|Gallade, L80, M|100/100\n|turn|36\n|inactive|Time left: 300 sec this turn | 300 sec total\n|\n|t:|1783540138\n|switch|p1a: Qwilfish|Qwilfish, L86, M|37/252\n|-ability|p1a: Qwilfish|Intimidate|boost\n|-unboost|p2a: Gallade|atk|1\n|move|p2a: Gallade|Sacred Sword|p1a: Qwilfish\n|-resisted|p1a: Qwilfish\n|-crit|p1a: Qwilfish\n|-damage|p1a: Qwilfish|0 fnt\n|faint|p1a: Qwilfish\n|\n|upkeep\n|inactive|Time left: 300 sec this turn | 300 sec total | 5 sec grace\n|\n|t:|1783540139\n|switch|p1a: Snorlax|Snorlax, L82, F|397/397\n|-activate|p1a: Snorlax|move: Sticky Web\n|-unboost|p1a: Snorlax|spe|1\n|turn|37\n|inactive|Time left: 300 sec this turn | 300 sec total\n|\n|t:|1783540140\n|move|p2a: Gallade|Sacred Sword|p1a: Snorlax\n|-supereffective|p1a: Snorlax\n|-damage|p1a: Snorlax|5/397\n|move|p1a: Snorlax|Rest|p1a: Snorlax\n|-status|p1a: Snorlax|slp|[from] move: Rest\n|-heal|p1a: Snorlax|397/397 slp|[silent]\n|\n|upkeep\n|turn|38\n|inactive|Time left: 300 sec this turn | 300 sec total\n|\n|t:|1783540141\n|move|p2a: Gallade|Sacred Sword|p1a: Snorlax\n|-supereffective|p1a: Snorlax\n|-damage|p1a: Snorlax|0 fnt\n|faint|p1a: Snorlax\n|\n|win|p0y0772a85", "uploadtime": 1783540141, "views": 0, "rating": 0, "private": 0, "password": null, "_winner": "p0y0772a85", "_our_name": "p0x07746e7"}