{"id": "battle-gen9randombattle-1948", "formatid": "gen9randombattle", "format": "[Gen 9] Random Battle", "players": ["p0x19484f88", "p0y1948ed36"], "log": "|init|battle\n|title|p0x19484f88 vs. p0y1948ed36\n|j|\u2606p0x19484f88\n|j|\u2606p0y1948ed36\n|t:|1783561799\n|gametype|singles\n|player|p1|p0x19484f88|170|\n|player|p2|p0y1948ed36|170|\n|gen|9\n|tier|[Gen 9] Random Battle\n|rule|Species Clause: Limit one of each Pok\u00e9mon\n|rule|HP Percentage Mod: HP is shown in percentages\n|rule|Sleep Clause Mod: Limit one foe put to sleep\n|rule|Illusion Level Mod: Illusion disguises the Pok\u00e9mon's true level\n|\n|t:|1783561799\n|teamsize|p1|6\n|teamsize|p2|6\n|start\n|switch|p1a: Zebstrika|Zebstrika, L87, F|272/272\n|switch|p2a: Espathra|Espathra, L80, M|100/100\n|turn|1\n|inactive|Battle timer is ON: inactive players will automatically lose when time's up. (requested by p0x19484f88)\n|inactive|p0y1948ed36 also wants the timer to be on.\n|\n|t:|1783561801\n|move|p2a: Espathra|Protect|p2a: Espathra\n|-singleturn|p2a: Espathra|Protect\n|move|p1a: Zebstrika|Supercell Slam|p2a: Espathra\n|-activate|p2a: Espathra|move: Protect\n|-damage|p1a: Zebstrika|136/272|[from] supercellslam\n|\n|-ability|p2a: Espathra|Speed Boost|boost\n|-boost|p2a: Espathra|spe|1\n|upkeep\n|turn|2\n|inactive|Time left: 300 sec this turn | 300 sec total\n|\n|t:|1783561802\n|move|p2a: Espathra|Calm Mind|p2a: Espathra\n|-boost|p2a: Espathra|spa|1\n|-boost|p2a: Espathra|spd|1\n|move|p1a: Zebstrika|Supercell Slam|p2a: Espathra\n|-damage|p2a: Espathra|34/100\n|-damage|p1a: Zebstrika|109/272|[from] item: Life Orb\n|\n|-heal|p2a: Espathra|40/100|[from] item: Leftovers\n|-ability|p2a: Espathra|Speed Boost|boost\n|-boost|p2a: Espathra|spe|1\n|upkeep\n|turn|3\n|inactive|Time left: 300 sec this turn | 300 sec total\n|\n|t:|1783561803\n|switch|p1a: Ludicolo|Ludicolo, L90, F|290/290\n|move|p2a: Espathra|Stored Power|p1a: Ludicolo\n|-damage|p1a: Ludicolo|163/290\n|\n|-heal|p2a: Espathra|46/100|[from] item: Leftovers\n|-ability|p2a: Espathra|Speed Boost|boost\n|-boost|p2a: Espathra|spe|1\n|upkeep\n|turn|4\n|inactive|Time left: 300 sec this turn | 300 sec total\n|\n|t:|1783561804\n|move|p2a: Espathra|Protect|p2a: Espathra\n|-singleturn|p2a: Espathra|Protect\n|move|p1a: Ludicolo|Hydro Pump|p2a: Espathra\n|-activate|p2a: Espathra|move: Protect\n|\n|-heal|p2a: Espathra|52/100|[from] item: Leftovers\n|-ability|p2a: Espathra|Speed Boost|boost\n|-boost|p2a: Espathra|spe|1\n|upkeep\n|turn|5\n|inactive|Time left: 300 sec this turn | 300 sec total\n|\n|t:|1783561805\n|move|p2a: Espathra|Stored Power|p1a: Ludicolo\n|-damage|p1a: Ludicolo|0 fnt\n|faint|p1a: Ludicolo\n|\n|-heal|p2a: Espathra|58/100|[from] item: Leftovers\n|-ability|p2a: Espathra|Speed Boost|boost\n|-boost|p2a: Espathra|spe|1\n|upkeep\n|inactive|Time left: 300 sec this turn | 300 sec total | 5 sec grace\n|\n|t:|1783561806\n|switch|p1a: Great Tusk|Great Tusk, L77|304/304\n|turn|6\n|inactive|Time left: 300 sec this turn | 300 sec total\n|\n|t:|1783561807\n|-terastallize|p1a: Great Tusk|Ground\n|move|p2a: Espathra|Stored Power|p1a: Great Tusk\n|-damage|p1a: Great Tusk|42/304\n|move|p1a: Great Tusk|Headlong Rush|p2a: Espathra\n|-damage|p2a: Espathra|0 fnt\n|-unboost|p1a: Great Tusk|def|1\n|-unboost|p1a: Great Tusk|spd|1\n|faint|p2a: Espathra\n|\n|upkeep\n|\n|t:|1783561808\n|switch|p2a: Tinkaton|Tinkaton, L82, F|100/100\n|-ability|p2a: Tinkaton|Mold Breaker\n|turn|7\n|inactive|Time left: 300 sec this turn | 300 sec total\n|\n|t:|1783561809\n|move|p2a: Tinkaton|Gigaton Hammer|p1a: Great Tusk\n|-damage|p1a: Great Tusk|0 fnt\n|faint|p1a: Great Tusk\n|-end|p1a: Great Tusk|Protosynthesis|[silent]\n|\n|upkeep\n|inactive|Time left: 300 sec this turn | 300 sec total | 5 sec grace\n|\n|t:|1783561810\n|switch|p1a: Smeargle|Smeargle, L95, M|258/258\n|turn|8\n|inactive|Time left: 300 sec this turn | 300 sec total\n|\n|t:|1783561811\n|move|p2a: Tinkaton|Knock Off|p1a: Smeargle\n|-crit|p1a: Smeargle\n|-damage|p1a: Smeargle|122/258\n|-enditem|p1a: Smeargle|Focus Sash|[from] move: Knock Off|[of] p2a: Tinkaton\n|move|p1a: Smeargle|Sticky Web|p2a: Tinkaton\n|-sidestart|p2: p0y1948ed36|move: Sticky Web\n|\n|upkeep\n|turn|9\n|inactive|Time left: 300 sec this turn | 300 sec total\n|\n|t:|1783561812\n|switch|p1a: Volcarona|Volcarona, L77, F|257/257\n|move|p2a: Tinkaton|Gigaton Hammer|p1a: Volcarona\n|-resisted|p1a: Volcarona\n|-damage|p1a: Volcarona|173/257\n|\n|upkeep\n|turn|10\n|inactive|Time left: 300 sec this turn | 300 sec total\n|\n|t:|1783561813\n|move|p2a: Tinkaton|Swords Dance|p2a: Tinkaton\n|-boost|p2a: Tinkaton|atk|2\n|move|p1a: Volcarona|Fire Blast|p2a: Tinkaton\n|-supereffective|p2a: Tinkaton\n|-damage|p2a: Tinkaton|21/100\n|\n|-heal|p2a: Tinkaton|27/100|[from] item: Leftovers\n|upkeep\n|turn|11\n|inactive|Time left: 300 sec this turn | 300 sec total\n|\n|t:|1783561814\n|move|p2a: Tinkaton|Gigaton Hammer|p1a: Volcarona\n|-resisted|p1a: Volcarona\n|-damage|p1a: Volcarona|0 fnt\n|faint|p1a: Volcarona\n|\n|-heal|p2a: Tinkaton|33/100|[from] item: Leftovers\n|upkeep\n|inactive|Time left: 300 sec this turn | 300 sec total | 5 sec grace\n|\n|t:|1783561815\n|switch|p1a: Zebstrika|Zebstrika, L87, F|109/272\n|turn|12\n|inactive|Time left: 300 sec this turn | 300 sec total\n|\n|t:|1783561816\n|switch|p2a: Mudsdale|Mudsdale, L83, M|100/100\n|-activate|p2a: Mudsdale|move: Sticky Web\n|-unboost|p2a: Mudsdale|spe|1\n|move|p1a: Zebstrika|High Horsepower|p2a: Mudsdale\n|-damage|p2a: Mudsdale|73/100\n|-ability|p2a: Mudsdale|Stamina|boost\n|-boost|p2a: Mudsdale|def|1\n|-damage|p1a: Zebstrika|82/272|[from] item: Life Orb\n|\n|-heal|p2a: Mudsdale|79/100|[from] item: Leftovers\n|upkeep\n|turn|13\n|inactive|Time left: 300 sec this turn | 300 sec total\n|\n|t:|1783561816\n|switch|p1a: Garchomp|Garchomp, L74, F|282/282\n|move|p2a: Mudsdale|Earthquake|p1a: Garchomp\n|-damage|p1a: Garchomp|155/282\n|\n|-heal|p2a: Mudsdale|85/100|[from] item: Leftovers\n|upkeep\n|turn|14\n|inactive|Time left: 300 sec this turn | 300 sec total\n|\n|t:|1783561817\n|move|p1a: Garchomp|Stealth Rock|p2a: Mudsdale\n|-sidestart|p2: p0y1948ed36|move: Stealth Rock\n|move|p2a: Mudsdale|Earthquake|p1a: Garchomp\n|-damage|p1a: Garchomp|29/282\n|\n|-heal|p2a: Mudsdale|91/100|[from] item: Leftovers\n|upkeep\n|turn|15\n|inactive|Time left: 300 sec this turn | 300 sec total\n|\n|t:|1783561818\n|move|p1a: Garchomp|Earthquake|p2a: Mudsdale\n|-damage|p2a: Mudsdale|70/100\n|-ability|p2a: Mudsdale|Stamina|boost\n|-boost|p2a: Mudsdale|def|1\n|move|p2a: Mudsdale|Earthquake|p1a: Garchomp\n|-damage|p1a: Garchomp|0 fnt\n|faint|p1a: Garchomp\n|\n|-heal|p2a: Mudsdale|76/100|[from] item: Leftovers\n|upkeep\n|inactive|Time left: 300 sec this turn | 300 sec total | 5 sec grace\n|\n|t:|1783561819\n|switch|p1a: Smeargle|Smeargle, L95, M|122/258\n|turn|16\n|inactive|Time left: 300 sec this turn | 300 sec total\n|\n|t:|1783561820\n|move|p1a: Smeargle|Spore|p2a: Mudsdale\n|-status|p2a: Mudsdale|slp|[from] move: Spore\n|cant|p2a: Mudsdale|slp\n|\n|-heal|p2a: Mudsdale|82/100 slp|[from] item: Leftovers\n|upkeep\n|turn|17\n|inactive|Time left: 300 sec this turn | 300 sec total\n|\n|t:|1783561821\n|move|p1a: Smeargle|Ceaseless Edge|p2a: Mudsdale\n|-damage|p2a: Mudsdale|78/100 slp\n|-ability|p2a: Mudsdale|Stamina|boost\n|-boost|p2a: Mudsdale|def|1\n|-sidestart|p2: p0y1948ed36|Spikes\n|cant|p2a: Mudsdale|slp\n|\n|-heal|p2a: Mudsdale|84/100 slp|[from] item: Leftovers\n|upkeep\n|turn|18\n|inactive|Time left: 300 sec this turn | 300 sec total\n|\n|t:|1783561822\n|cant|p2a: Mudsdale|slp\n|move|p1a: Smeargle|Whirlwind|p2a: Mudsdale\n|drag|p2a: Tinkaton|Tinkaton, L82, F|33/100\n|-activate|p2a: Tinkaton|move: Sticky Web\n|-unboost|p2a: Tinkaton|spe|1\n|-damage|p2a: Tinkaton|27/100|[from] Stealth Rock\n|-damage|p2a: Tinkaton|15/100|[from] Spikes\n|-ability|p2a: Tinkaton|Mold Breaker\n|\n|-heal|p2a: Tinkaton|21/100|[from] item: Leftovers\n|upkeep\n|turn|19\n|inactive|Time left: 300 sec this turn | 300 sec total\n|\n|t:|1783561823\n|move|p1a: Smeargle|Ceaseless Edge|p2a: Tinkaton\n|-resisted|p2a: Tinkaton\n|-damage|p2a: Tinkaton|16/100\n|-sidestart|p2: p0y1948ed36|Spikes\n|move|p2a: Tinkaton|Gigaton Hammer|p1a: Smeargle\n|-damage|p1a: Smeargle|0 fnt\n|faint|p1a: Smeargle\n|\n|-heal|p2a: Tinkaton|22/100|[from] item: Leftovers\n|upkeep\n|inactive|Time left: 300 sec this turn | 300 sec total | 5 sec grace\n|\n|t:|1783561824\n|switch|p1a: Zebstrika|Zebstrika, L87, F|82/272\n|turn|20\n|inactive|Time left: 300 sec this turn | 300 sec total\n|\n|t:|1783561825\n|switch|p2a: Eternatus|Eternatus, L69|100/100\n|-activate|p2a: Eternatus|move: Sticky Web\n|-unboost|p2a: Eternatus|spe|1\n|-damage|p2a: Eternatus|88/100|[from] Stealth Rock\n|-damage|p2a: Eternatus|72/100|[from] Spikes\n|-ability|p2a: Eternatus|Pressure\n|move|p1a: Zebstrika|High Horsepower|p2a: Eternatus\n|-supereffective|p2a: Eternatus\n|-damage|p2a: Eternatus|1/100\n|-damage|p1a: Zebstrika|37/272|[from] item: Rocky Helmet|[of] p2a: Eternatus\n|-damage|p1a: Zebstrika|10/272|[from] item: Life Orb\n|\n|upkeep\n|turn|21\n|inactive|Time left: 300 sec this turn | 300 sec total\n|\n|t:|1783561826\n|move|p1a: Zebstrika|Volt Switch|p2a: Eternatus\n|-resisted|p2a: Eternatus\n|-damage|p2a: Eternatus|0 fnt\n|faint|p2a: Eternatus\n|-damage|p1a: Zebstrika|0 fnt|[from] item: Life Orb\n|faint|p1a: Zebstrika\n|\n|win|p0y1948ed36", "uploadtime": 1783561826, "views": 0, "rating": 0, "private": 0, "password": null, "_winner": "p0y1948ed36", "_our_name": "p0x19484f88"}