{"id": "battle-gen9randombattle-531", "formatid": "gen9randombattle", "format": "[Gen 9] Random Battle", "players": ["p0x531ee51", "p0y531d0d7"], "log": "|init|battle\n|title|p0x531ee51 vs. p0y531d0d7\n|j|\u2606p0x531ee51\n|j|\u2606p0y531d0d7\n|t:|1783545953\n|gametype|singles\n|player|p1|p0x531ee51|169|\n|player|p2|p0y531d0d7|169|\n|gen|9\n|tier|[Gen 9] Random Battle\n|rule|Species Clause: Limit one of each Pok\u00e9mon\n|rule|HP Percentage Mod: HP is shown in percentages\n|rule|Sleep Clause Mod: Limit one foe put to sleep\n|rule|Illusion Level Mod: Illusion disguises the Pok\u00e9mon's true level\n|\n|t:|1783545953\n|teamsize|p1|6\n|teamsize|p2|6\n|start\n|switch|p1a: Altaria|Altaria, L89, F|100/100\n|switch|p2a: Copperajah|Copperajah, L86, F|350/350\n|turn|1\n|inactive|Battle timer is ON: inactive players will automatically lose when time's up. (requested by p0y531d0d7)\n|inactive|p0x531ee51 also wants the timer to be on.\n|\n|t:|1783545955\n|switch|p1a: Arceus|Arceus-Flying, L69|100/100\n|move|p2a: Copperajah|Iron Head|p1a: Arceus\n|-damage|p1a: Arceus|32/100\n|\n|upkeep\n|turn|2\n|inactive|Time left: 300 sec this turn | 300 sec total\n|\n|t:|1783545956\n|move|p1a: Arceus|Recover|p1a: Arceus\n|-heal|p1a: Arceus|82/100\n|move|p2a: Copperajah|Iron Head|p1a: Arceus\n|-damage|p1a: Arceus|15/100\n|\n|upkeep\n|turn|3\n|inactive|Time left: 300 sec this turn | 300 sec total\n|\n|t:|1783545957\n|move|p1a: Arceus|Earth Power|p2a: Copperajah\n|-supereffective|p2a: Copperajah\n|-damage|p2a: Copperajah|222/350\n|move|p2a: Copperajah|Iron Head|p1a: Arceus\n|-damage|p1a: Arceus|0 fnt\n|faint|p1a: Arceus\n|\n|upkeep\n|\n|t:|1783545958\n|switch|p1a: Spidops|Spidops, L96, F|100/100\n|turn|4\n|inactive|Time left: 300 sec this turn | 300 sec total\n|\n|t:|1783545959\n|move|p1a: Spidops|Sticky Web|p2a: Copperajah\n|-sidestart|p2: p0y531d0d7|move: Sticky Web\n|move|p2a: Copperajah|Iron Head|p1a: Spidops\n|-damage|p1a: Spidops|40/100\n|\n|upkeep\n|turn|5\n|inactive|Time left: 300 sec this turn | 300 sec total\n|\n|t:|1783545960\n|move|p1a: Spidops|Toxic Spikes|p2a: Copperajah\n|-sidestart|p2: p0y531d0d7|move: Toxic Spikes\n|move|p2a: Copperajah|Iron Head|p1a: Spidops\n|-damage|p1a: Spidops|0 fnt\n|faint|p1a: Spidops\n|\n|upkeep\n|\n|t:|1783545961\n|switch|p1a: Sunflora|Sunflora, F|100/100\n|turn|6\n|inactive|Time left: 300 sec this turn | 300 sec total\n|\n|t:|1783545962\n|move|p1a: Sunflora|Earth Power|p2a: Copperajah\n|-supereffective|p2a: Copperajah\n|-damage|p2a: Copperajah|0 fnt\n|faint|p2a: Copperajah\n|\n|upkeep\n|inactive|Time left: 300 sec this turn | 300 sec total | 5 sec grace\n|\n|t:|1783545963\n|switch|p2a: Sneasler|Sneasler, L74, F|240/240\n|-activate|p2a: Sneasler|move: Sticky Web\n|-unboost|p2a: Sneasler|spe|1\n|-sideend|p2: p0y531d0d7|move: Toxic Spikes|[of] p2a: Sneasler\n|-enditem|p2a: Sneasler|White Herb\n|-clearnegativeboost|p2a: Sneasler|[silent]\n|turn|7\n|inactive|Time left: 300 sec this turn | 300 sec total\n|\n|t:|1783545964\n|switch|p1a: Jirachi|Jirachi, L80|100/100\n|-terastallize|p2a: Sneasler|Flying\n|move|p2a: Sneasler|Swords Dance|p2a: Sneasler\n|-boost|p2a: Sneasler|atk|2\n|\n|upkeep\n|turn|8\n|inactive|Time left: 300 sec this turn | 300 sec total\n|\n|t:|1783545965\n|move|p2a: Sneasler|Swords Dance|p2a: Sneasler\n|-boost|p2a: Sneasler|atk|2\n|move|p1a: Jirachi|Body Slam|p2a: Sneasler\n|-damage|p2a: Sneasler|150/240\n|\n|upkeep\n|turn|9\n|inactive|Time left: 300 sec this turn | 300 sec total\n|\n|t:|1783545966\n|switch|p1a: Altaria|Altaria, L89, F|100/100\n|move|p2a: Sneasler|Close Combat|p1a: Altaria\n|-resisted|p1a: Altaria\n|-damage|p1a: Altaria|33/100\n|-unboost|p2a: Sneasler|def|1\n|-unboost|p2a: Sneasler|spd|1\n|\n|upkeep\n|turn|10\n|inactive|Time left: 300 sec this turn | 300 sec total\n|\n|t:|1783545967\n|move|p2a: Sneasler|Acrobatics|p1a: Altaria\n|-damage|p1a: Altaria|0 fnt\n|faint|p1a: Altaria\n|\n|upkeep\n|\n|t:|1783545968\n|switch|p1a: Zangoose|Zangoose, L85, M|100/100\n|turn|11\n|inactive|Time left: 300 sec this turn | 300 sec total\n|\n|t:|1783545969\n|-terastallize|p1a: Zangoose|Normal\n|move|p1a: Zangoose|Quick Attack|p2a: Sneasler\n|-damage|p2a: Sneasler|4/240\n|move|p2a: Sneasler|Acrobatics|p1a: Zangoose\n|-damage|p1a: Zangoose|0 fnt\n|faint|p1a: Zangoose\n|\n|upkeep\n|\n|t:|1783545970\n|switch|p1a: Sunflora|Sunflora, F|100/100\n|turn|12\n|inactive|Time left: 300 sec this turn | 300 sec total\n|\n|t:|1783545971\n|switch|p1a: Jirachi|Jirachi, L80|100/100\n|move|p2a: Sneasler|Close Combat|p1a: Jirachi\n|-damage|p1a: Jirachi|0 fnt\n|-unboost|p2a: Sneasler|def|1\n|-unboost|p2a: Sneasler|spd|1\n|faint|p1a: Jirachi\n|\n|upkeep\n|\n|t:|1783545971\n|switch|p1a: Sunflora|Sunflora, F|100/100\n|turn|13\n|inactive|Time left: 300 sec this turn | 300 sec total\n|\n|t:|1783545972\n|move|p2a: Sneasler|Acrobatics|p1a: Sunflora\n|-supereffective|p1a: Sunflora\n|-damage|p1a: Sunflora|0 fnt\n|faint|p1a: Sunflora\n|\n|win|p0y531d0d7", "uploadtime": 1783545972, "views": 0, "rating": 0, "private": 0, "password": null, "_winner": "p0y531d0d7", "_our_name": "p0y531d0d7"}