{"id": "battle-gen9randombattle-1349", "formatid": "gen9randombattle", "format": "[Gen 9] Random Battle", "players": ["p0x1349b10a", "p0y13490ffd"], "log": "|init|battle\n|title|p0x1349b10a vs. p0y13490ffd\n|j|\u2606p0x1349b10a\n|j|\u2606p0y13490ffd\n|t:|1783554799\n|gametype|singles\n|player|p1|p0x1349b10a|2|\n|player|p2|p0y13490ffd|1|\n|gen|9\n|tier|[Gen 9] Random Battle\n|rule|Species Clause: Limit one of each Pok\u00e9mon\n|rule|HP Percentage Mod: HP is shown in percentages\n|rule|Sleep Clause Mod: Limit one foe put to sleep\n|rule|Illusion Level Mod: Illusion disguises the Pok\u00e9mon's true level\n|\n|t:|1783554799\n|teamsize|p1|6\n|teamsize|p2|6\n|start\n|switch|p1a: Pikachu|Pikachu-Unova, L93, M|216/216\n|switch|p2a: Grafaiai|Grafaiai, L86, F|100/100\n|turn|1\n|inactive|Battle timer is ON: inactive players will automatically lose when time's up. (requested by p0y13490ffd)\n|inactive|Time left: 300 sec this turn | 300 sec total | 60 sec grace\n|inactive|p0x1349b10a also wants the timer to be on.\n|\n|t:|1783554800\n|move|p1a: Pikachu|Fake Out|p2a: Grafaiai\n|-damage|p2a: Grafaiai|78/100\n|cant|p2a: Grafaiai|flinch\n|\n|upkeep\n|turn|2\n|inactive|Time left: 300 sec this turn | 300 sec total\n|\n|t:|1783554802\n|switch|p1a: Wyrdeer|Wyrdeer, L87, F|321/321\n|-ability|p1a: Wyrdeer|Intimidate|boost\n|-unboost|p2a: Grafaiai|atk|1\n|move|p2a: Grafaiai|Knock Off|p1a: Wyrdeer\n|-supereffective|p1a: Wyrdeer\n|-damage|p1a: Wyrdeer|209/321\n|-enditem|p1a: Wyrdeer|Leftovers|[from] move: Knock Off|[of] p2a: Grafaiai\n|\n|upkeep\n|turn|3\n|inactive|Time left: 300 sec this turn | 300 sec total\n|\n|t:|1783554803\n|move|p2a: Grafaiai|U-turn|p1a: Wyrdeer\n|-supereffective|p1a: Wyrdeer\n|-damage|p1a: Wyrdeer|131/321\n|\n|t:|1783554804\n|switch|p2a: Porygon2|Porygon2, L81|100/100|[from] U-turn\n|-ability|p2a: Porygon2|Download|boost\n|-boost|p2a: Porygon2|atk|1\n|move|p1a: Wyrdeer|Body Slam|p2a: Porygon2\n|-damage|p2a: Porygon2|76/100\n|-status|p2a: Porygon2|par\n|\n|upkeep\n|turn|4\n|inactive|Time left: 300 sec this turn | 300 sec total\n|\n|t:|1783554805\n|move|p1a: Wyrdeer|Psychic Noise|p2a: Porygon2\n|-damage|p2a: Porygon2|55/100 par\n|-start|p2a: Porygon2|move: Heal Block\n|cant|p2a: Porygon2|move: Heal Block|Recover\n|\n|upkeep\n|turn|5\n|inactive|Time left: 300 sec this turn | 300 sec total\n|\n|t:|1783554807\n|move|p1a: Wyrdeer|Body Slam|p2a: Porygon2\n|-damage|p2a: Porygon2|32/100 par\n|move|p2a: Porygon2|Tera Blast|p1a: Wyrdeer\n|-damage|p1a: Wyrdeer|31/321\n|\n|-end|p2a: Porygon2|move: Heal Block\n|upkeep\n|turn|6\n|inactive|Time left: 300 sec this turn | 300 sec total\n|\n|t:|1783554808\n|move|p1a: Wyrdeer|Psychic Noise|p2a: Porygon2\n|-damage|p2a: Porygon2|9/100 par\n|-start|p2a: Porygon2|move: Heal Block\n|cant|p2a: Porygon2|move: Heal Block|Recover\n|\n|upkeep\n|turn|7\n|inactive|Time left: 300 sec this turn | 300 sec total\n|\n|t:|1783554808\n|move|p1a: Wyrdeer|Psychic Noise|p2a: Porygon2\n|-damage|p2a: Porygon2|0 fnt\n|faint|p2a: Porygon2\n|\n|upkeep\n|\n|t:|1783554809\n|switch|p2a: Latios|Latios, L78, M|100/100\n|turn|8\n|inactive|Time left: 300 sec this turn | 300 sec total\n|\n|t:|1783554811\n|switch|p1a: Metagross|Metagross, L79|256/256\n|move|p2a: Latios|Luster Purge|p1a: Metagross\n|-resisted|p1a: Metagross\n|-crit|p1a: Metagross\n|-damage|p1a: Metagross|186/256\n|\n|upkeep\n|turn|9\n|inactive|Time left: 300 sec this turn | 300 sec total\n|\n|t:|1783554812\n|switch|p2a: Swanna|Swanna, L89, M|100/100\n|move|p1a: Metagross|Heavy Slam|p2a: Swanna\n|-resisted|p2a: Swanna\n|-damage|p2a: Swanna|66/100\n|\n|upkeep\n|turn|10\n|inactive|Time left: 300 sec this turn | 300 sec total\n|\n|t:|1783554813\n|move|p2a: Swanna|Hydro Pump|p1a: Metagross\n|-damage|p1a: Metagross|57/256\n|move|p1a: Metagross|Psychic Fangs|p2a: Swanna\n|-damage|p2a: Swanna|21/100\n|\n|upkeep\n|turn|11\n|inactive|Time left: 300 sec this turn | 300 sec total\n|\n|t:|1783554814\n|move|p2a: Swanna|Hydro Pump|p1a: Metagross\n|-damage|p1a: Metagross|0 fnt\n|faint|p1a: Metagross\n|\n|upkeep\n|inactive|Time left: 300 sec this turn | 300 sec total | 5 sec grace\n|\n|t:|1783554814\n|switch|p1a: Pikachu|Pikachu-Unova, L93, M|216/216\n|turn|12\n|inactive|Time left: 300 sec this turn | 300 sec total\n|\n|t:|1783554815\n|move|p1a: Pikachu|Fake Out|p2a: Swanna\n|-damage|p2a: Swanna|3/100\n|cant|p2a: Swanna|flinch\n|\n|upkeep\n|turn|13\n|inactive|Time left: 300 sec this turn | 300 sec total\n|\n|t:|1783554816\n|move|p2a: Swanna|Hydro Pump|p1a: Pikachu\n|-damage|p1a: Pikachu|57/216\n|move|p1a: Pikachu|Volt Tackle|p2a: Swanna\n|-supereffective|p2a: Swanna\n|-damage|p2a: Swanna|0 fnt\n|faint|p2a: Swanna\n|-damage|p1a: Pikachu|55/216|[from] Recoil\n|\n|upkeep\n|\n|t:|1783554817\n|switch|p2a: Grafaiai|Grafaiai, L86, F|78/100\n|turn|14\n|inactive|Time left: 300 sec this turn | 300 sec total\n|\n|t:|1783554818\n|switch|p1a: Mudsdale|Mudsdale, L83, M|302/302\n|move|p2a: Grafaiai|Knock Off|p1a: Mudsdale\n|-damage|p1a: Mudsdale|239/302\n|-ability|p1a: Mudsdale|Stamina|boost\n|-boost|p1a: Mudsdale|def|1\n|-status|p1a: Mudsdale|psn|[from] ability: Poison Touch|[of] p2a: Grafaiai\n|-enditem|p1a: Mudsdale|Leftovers|[from] move: Knock Off|[of] p2a: Grafaiai\n|\n|-damage|p1a: Mudsdale|202/302 psn|[from] psn\n|upkeep\n|turn|15\n|inactive|Time left: 300 sec this turn | 300 sec total\n|\n|t:|1783554819\n|move|p2a: Grafaiai|Super Fang|p1a: Mudsdale\n|-damage|p1a: Mudsdale|101/302 psn\n|-ability|p1a: Mudsdale|Stamina|boost\n|-boost|p1a: Mudsdale|def|1\n|move|p1a: Mudsdale|Heavy Slam|p2a: Grafaiai\n|-damage|p2a: Grafaiai|31/100\n|\n|-damage|p1a: Mudsdale|64/302 psn|[from] psn\n|upkeep\n|turn|16\n|inactive|Time left: 300 sec this turn | 300 sec total\n|\n|t:|1783554820\n|move|p2a: Grafaiai|U-turn|p1a: Mudsdale\n|-damage|p1a: Mudsdale|39/302 psn\n|-ability|p1a: Mudsdale|Stamina|boost\n|-boost|p1a: Mudsdale|def|1\n|\n|t:|1783554821\n|switch|p2a: Brambleghast|Brambleghast, L88, M|100/100|[from] U-turn\n|move|p1a: Mudsdale|Heavy Slam|p2a: Brambleghast\n|-damage|p2a: Brambleghast|54/100\n|\n|-heal|p2a: Brambleghast|60/100|[from] item: Leftovers\n|-damage|p1a: Mudsdale|2/302 psn|[from] psn\n|upkeep\n|turn|17\n|inactive|Time left: 300 sec this turn | 300 sec total\n|\n|t:|1783554822\n|move|p2a: Brambleghast|Strength Sap|p1a: Mudsdale\n|-unboost|p1a: Mudsdale|atk|1\n|-heal|p2a: Brambleghast|100/100\n|move|p1a: Mudsdale|Earthquake|p2a: Brambleghast\n|-resisted|p2a: Brambleghast\n|-damage|p2a: Brambleghast|80/100\n|\n|-heal|p2a: Brambleghast|86/100|[from] item: Leftovers\n|-damage|p1a: Mudsdale|0 fnt|[from] psn\n|faint|p1a: Mudsdale\n|upkeep\n|inactive|Time left: 300 sec this turn | 300 sec total | 5 sec grace\n|\n|t:|1783554823\n|switch|p1a: Wyrdeer|Wyrdeer, L87, F|31/321\n|-ability|p1a: Wyrdeer|Intimidate|boost\n|-unboost|p2a: Brambleghast|atk|1\n|turn|18\n|inactive|Time left: 300 sec this turn | 300 sec total\n|\n|t:|1783554824\n|move|p2a: Brambleghast|Power Whip|p1a: Wyrdeer\n|-crit|p1a: Wyrdeer\n|-damage|p1a: Wyrdeer|0 fnt\n|faint|p1a: Wyrdeer\n|\n|-heal|p2a: Brambleghast|92/100|[from] item: Leftovers\n|upkeep\n|inactive|Time left: 300 sec this turn | 300 sec total | 5 sec grace\n|\n|t:|1783554825\n|switch|p1a: Kleavor|Kleavor, L78, M|237/237\n|turn|19\n|inactive|Time left: 300 sec this turn | 300 sec total\n|\n|t:|1783554826\n|switch|p2a: Dragalge|Dragalge, L88, M|100/100\n|move|p1a: Kleavor|Swords Dance|p1a: Kleavor\n|-boost|p1a: Kleavor|atk|2\n|\n|upkeep\n|turn|20\n|inactive|Time left: 300 sec this turn | 300 sec total\n|\n|t:|1783554827\n|move|p1a: Kleavor|Stone Axe|p2a: Dragalge\n|-damage|p2a: Dragalge|19/100\n|-sidestart|p2: p0y13490ffd|move: Stealth Rock\n|move|p2a: Dragalge|Draco Meteor|p1a: Kleavor\n|-damage|p1a: Kleavor|0 fnt\n|-unboost|p2a: Dragalge|spa|2\n|faint|p1a: Kleavor\n|\n|-heal|p2a: Dragalge|25/100|[from] item: Leftovers\n|upkeep\n|inactive|Time left: 300 sec this turn | 300 sec total | 5 sec grace\n|\n|t:|1783554828\n|switch|p1a: Pikachu|Pikachu-Unova, L93, M|55/216\n|turn|21\n|inactive|Time left: 300 sec this turn | 300 sec total\n|\n|t:|1783554829\n|move|p1a: Pikachu|Play Rough|p2a: Dragalge\n|-damage|p2a: Dragalge|0 fnt\n|faint|p2a: Dragalge\n|\n|upkeep\n|\n|t:|1783554830\n|switch|p2a: Grafaiai|Grafaiai, L86, F|31/100\n|-damage|p2a: Grafaiai|19/100|[from] Stealth Rock\n|turn|22\n|inactive|Time left: 300 sec this turn | 300 sec total\n|\n|t:|1783554831\n|switch|p1a: Duraludon|Duraludon, L82, M|249/249\n|move|p2a: Grafaiai|U-turn|p1a: Duraludon\n|-resisted|p1a: Duraludon\n|-damage|p1a: Duraludon|235/249\n|\n|t:|1783554831\n|switch|p2a: Latios|Latios, L78, M|100/100|[from] U-turn\n|-damage|p2a: Latios|88/100|[from] Stealth Rock\n|\n|upkeep\n|turn|23\n|inactive|Time left: 300 sec this turn | 300 sec total\n|\n|t:|1783554832\n|move|p2a: Latios|Draco Meteor|p1a: Duraludon\n|-damage|p1a: Duraludon|16/249\n|-unboost|p2a: Latios|spa|2\n|move|p1a: Duraludon|Dragon Tail|p2a: Latios\n|-supereffective|p2a: Latios\n|-crit|p2a: Latios\n|-damage|p2a: Latios|12/100\n|drag|p2a: Grafaiai|Grafaiai, L86, F|19/100\n|-damage|p2a: Grafaiai|6/100|[from] Stealth Rock\n|\n|upkeep\n|turn|24\n|inactive|Time left: 300 sec this turn | 300 sec total\n|\n|t:|1783554833\n|move|p2a: Grafaiai|Knock Off|p1a: Duraludon\n|-damage|p1a: Duraludon|0 fnt\n|-enditem|p1a: Duraludon|Eviolite|[from] move: Knock Off|[of] p2a: Grafaiai\n|faint|p1a: Duraludon\n|\n|upkeep\n|inactive|Time left: 300 sec this turn | 300 sec total | 5 sec grace\n|\n|t:|1783554834\n|switch|p1a: Pikachu|Pikachu-Unova, L93, M|55/216\n|turn|25\n|inactive|Time left: 300 sec this turn | 300 sec total\n|\n|t:|1783554835\n|-terastallize|p2a: Grafaiai|Dark\n|move|p1a: Pikachu|Fake Out|p2a: Grafaiai\n|-damage|p2a: Grafaiai|0 fnt\n|faint|p2a: Grafaiai\n|\n|upkeep\n|\n|t:|1783554836\n|switch|p2a: Latios|Latios, L78, M|12/100\n|-damage|p2a: Latios|0 fnt|[from] Stealth Rock\n|faint|p2a: Latios\n|\n|t:|1783554837\n|switch|p2a: Brambleghast|Brambleghast, L88, M|92/100\n|-damage|p2a: Brambleghast|80/100|[from] Stealth Rock\n|turn|26\n|inactive|Time left: 300 sec this turn | 300 sec total\n|\n|t:|1783554838\n|move|p1a: Pikachu|Play Rough|p2a: Brambleghast\n|-damage|p2a: Brambleghast|28/100\n|move|p2a: Brambleghast|Strength Sap|p1a: Pikachu\n|-unboost|p1a: Pikachu|atk|1\n|-heal|p2a: Brambleghast|93/100\n|\n|-heal|p2a: Brambleghast|99/100|[from] item: Leftovers\n|upkeep\n|turn|27\n|inactive|Time left: 300 sec this turn | 300 sec total\n|\n|t:|1783554839\n|-terastallize|p1a: Pikachu|Water\n|move|p1a: Pikachu|Surf|p2a: Brambleghast\n|-resisted|p2a: Brambleghast\n|-damage|p2a: Brambleghast|61/100\n|move|p2a: Brambleghast|Poltergeist|p1a: Pikachu|[miss]\n|-miss|p2a: Brambleghast|p1a: Pikachu\n|\n|-heal|p2a: Brambleghast|68/100|[from] item: Leftovers\n|upkeep\n|turn|28\n|inactive|Time left: 300 sec this turn | 300 sec total\n|\n|t:|1783554840\n|move|p1a: Pikachu|Volt Tackle|p2a: Brambleghast\n|-resisted|p2a: Brambleghast\n|-damage|p2a: Brambleghast|33/100\n|-damage|p1a: Pikachu|28/216|[from] Recoil\n|move|p2a: Brambleghast|Poltergeist|p1a: Pikachu\n|-activate|p1a: Pikachu|move: Poltergeist|Light Ball\n|-damage|p1a: Pikachu|0 fnt\n|faint|p1a: Pikachu\n|\n|win|p0y13490ffd", "uploadtime": 1783554840, "views": 0, "rating": 0, "private": 0, "password": null, "_winner": "p0y13490ffd", "_our_name": "p0x1349b10a"}