{"id": "battle-gen9randombattle-966", "formatid": "gen9randombattle", "format": "[Gen 9] Random Battle", "players": ["p0x966fa29", "p0y9660118"], "log": "|init|battle\n|title|p0x966fa29 vs. p0y9660118\n|j|\u2606p0x966fa29\n|j|\u2606p0y9660118\n|t:|1783550346\n|gametype|singles\n|player|p1|p0x966fa29|102|\n|player|p2|p0y9660118|2|\n|gen|9\n|tier|[Gen 9] Random Battle\n|rule|Species Clause: Limit one of each Pok\u00e9mon\n|rule|HP Percentage Mod: HP is shown in percentages\n|rule|Sleep Clause Mod: Limit one foe put to sleep\n|rule|Illusion Level Mod: Illusion disguises the Pok\u00e9mon's true level\n|\n|t:|1783550346\n|teamsize|p1|6\n|teamsize|p2|6\n|start\n|switch|p1a: Kingdra|Kingdra, L84, M|100/100\n|switch|p2a: Gholdengo|Gholdengo, L77|261/261\n|turn|1\n|inactive|Battle timer is ON: inactive players will automatically lose when time's up. (requested by p0y9660118)\n|inactive|p0x966fa29 also wants the timer to be on.\n|\n|t:|1783550348\n|switch|p1a: Lugia|Lugia, L73|100/100\n|move|p2a: Gholdengo|Shadow Ball|p1a: Lugia\n|-supereffective|p1a: Lugia\n|-damage|p1a: Lugia|76/100\n|\n|upkeep\n|turn|2\n|inactive|Time left: 300 sec this turn | 300 sec total\n|\n|t:|1783550349\n|move|p1a: Lugia|Calm Mind|p1a: Lugia\n|-boost|p1a: Lugia|spa|1\n|-boost|p1a: Lugia|spd|1\n|move|p2a: Gholdengo|Shadow Ball|p1a: Lugia\n|-supereffective|p1a: Lugia\n|-damage|p1a: Lugia|43/100\n|\n|upkeep\n|turn|3\n|inactive|Time left: 300 sec this turn | 300 sec total\n|\n|t:|1783550350\n|move|p1a: Lugia|Recover|p1a: Lugia\n|-heal|p1a: Lugia|93/100\n|move|p2a: Gholdengo|Shadow Ball|p1a: Lugia\n|-supereffective|p1a: Lugia\n|-damage|p1a: Lugia|58/100\n|\n|upkeep\n|turn|4\n|inactive|Time left: 300 sec this turn | 300 sec total\n|\n|t:|1783550351\n|move|p1a: Lugia|Recover|p1a: Lugia\n|-heal|p1a: Lugia|100/100\n|move|p2a: Gholdengo|Thunder Wave|p1a: Lugia|[miss]\n|-miss|p2a: Gholdengo|p1a: Lugia\n|\n|upkeep\n|turn|5\n|inactive|Time left: 300 sec this turn | 300 sec total\n|\n|t:|1783550352\n|move|p1a: Lugia|Calm Mind|p1a: Lugia\n|-boost|p1a: Lugia|spa|1\n|-boost|p1a: Lugia|spd|1\n|move|p2a: Gholdengo|Thunder Wave|p1a: Lugia\n|-status|p1a: Lugia|par\n|\n|upkeep\n|turn|6\n|inactive|Time left: 300 sec this turn | 300 sec total\n|\n|t:|1783550354\n|move|p2a: Gholdengo|Shadow Ball|p1a: Lugia\n|-supereffective|p1a: Lugia\n|-damage|p1a: Lugia|87/100 par\n|move|p1a: Lugia|Aeroblast|p2a: Gholdengo\n|-resisted|p2a: Gholdengo\n|-damage|p2a: Gholdengo|173/261\n|\n|-heal|p2a: Gholdengo|189/261|[from] item: Leftovers\n|upkeep\n|turn|7\n|inactive|Time left: 300 sec this turn | 300 sec total\n|\n|t:|1783550355\n|switch|p2a: Drifblim|Drifblim, L86, M|396/396\n|cant|p1a: Lugia|par\n|\n|upkeep\n|turn|8\n|inactive|Time left: 300 sec this turn | 300 sec total\n|\n|t:|1783550356\n|move|p2a: Drifblim|Calm Mind|p2a: Drifblim\n|-boost|p2a: Drifblim|spa|1\n|-boost|p2a: Drifblim|spd|1\n|move|p1a: Lugia|Aeroblast|p2a: Drifblim\n|-damage|p2a: Drifblim|252/396\n|\n|upkeep\n|turn|9\n|inactive|Time left: 300 sec this turn | 300 sec total\n|\n|t:|1783550357\n|move|p2a: Drifblim|Strength Sap|p1a: Lugia\n|-unboost|p1a: Lugia|atk|1\n|-heal|p2a: Drifblim|388/396\n|move|p1a: Lugia|Calm Mind|p1a: Lugia\n|-boost|p1a: Lugia|spa|1\n|-boost|p1a: Lugia|spd|1\n|\n|upkeep\n|turn|10\n|inactive|Time left: 300 sec this turn | 300 sec total\n|\n|t:|1783550358\n|move|p2a: Drifblim|Calm Mind|p2a: Drifblim\n|-boost|p2a: Drifblim|spa|1\n|-boost|p2a: Drifblim|spd|1\n|move|p1a: Lugia|Aeroblast|p2a: Drifblim\n|-damage|p2a: Drifblim|256/396\n|\n|upkeep\n|turn|11\n|inactive|Time left: 300 sec this turn | 300 sec total\n|\n|t:|1783550359\n|move|p2a: Drifblim|Strength Sap|p1a: Lugia\n|-unboost|p1a: Lugia|atk|1\n|-heal|p2a: Drifblim|346/396\n|move|p1a: Lugia|Aeroblast|p2a: Drifblim\n|-damage|p2a: Drifblim|220/396\n|\n|upkeep\n|turn|12\n|inactive|Time left: 300 sec this turn | 300 sec total\n|\n|t:|1783550359\n|move|p2a: Drifblim|Strength Sap|p1a: Lugia\n|-unboost|p1a: Lugia|atk|1\n|-heal|p2a: Drifblim|288/396\n|cant|p1a: Lugia|par\n|\n|upkeep\n|turn|13\n|inactive|Time left: 300 sec this turn | 300 sec total\n|\n|t:|1783550360\n|move|p2a: Drifblim|Shadow Ball|p1a: Lugia\n|-supereffective|p1a: Lugia\n|-damage|p1a: Lugia|52/100 par\n|-unboost|p1a: Lugia|spd|1\n|move|p1a: Lugia|Aeroblast|p2a: Drifblim\n|-damage|p2a: Drifblim|167/396\n|-enditem|p2a: Drifblim|Sitrus Berry|[eat]\n|-heal|p2a: Drifblim|266/396|[from] item: Sitrus Berry\n|\n|upkeep\n|turn|14\n|inactive|Time left: 300 sec this turn | 300 sec total\n|\n|t:|1783550361\n|move|p2a: Drifblim|Shadow Ball|p1a: Lugia\n|-supereffective|p1a: Lugia\n|-damage|p1a: Lugia|7/100 par\n|move|p1a: Lugia|Aeroblast|p2a: Drifblim|[miss]\n|-miss|p1a: Lugia|p2a: Drifblim\n|\n|upkeep\n|turn|15\n|inactive|Time left: 300 sec this turn | 300 sec total\n|\n|t:|1783550362\n|move|p2a: Drifblim|Air Slash|p1a: Lugia\n|-damage|p1a: Lugia|0 fnt\n|faint|p1a: Lugia\n|\n|upkeep\n|\n|t:|1783550362\n|switch|p1a: Toucannon|Toucannon, L88, F|100/100\n|turn|16\n|inactive|Time left: 300 sec this turn | 300 sec total\n|\n|t:|1783550363\n|-singleturn|p1a: Toucannon|move: Beak Blast\n|move|p2a: Drifblim|Strength Sap|p1a: Toucannon\n|-unboost|p1a: Toucannon|atk|1\n|-heal|p2a: Drifblim|396/396\n|move|p1a: Toucannon|Beak Blast|p2a: Drifblim\n|-damage|p2a: Drifblim|239/396\n|\n|upkeep\n|turn|17\n|inactive|Time left: 300 sec this turn | 300 sec total\n|\n|t:|1783550364\n|-singleturn|p1a: Toucannon|move: Beak Blast\n|move|p2a: Drifblim|Strength Sap|p1a: Toucannon\n|-unboost|p1a: Toucannon|atk|1\n|-heal|p2a: Drifblim|396/396\n|move|p1a: Toucannon|Beak Blast|p2a: Drifblim\n|-damage|p2a: Drifblim|290/396\n|\n|upkeep\n|turn|18\n|inactive|Time left: 300 sec this turn | 300 sec total\n|\n|t:|1783550365\n|-singleturn|p1a: Toucannon|move: Beak Blast\n|move|p2a: Drifblim|Air Slash|p1a: Toucannon\n|-damage|p1a: Toucannon|40/100\n|cant|p1a: Toucannon|flinch\n|\n|upkeep\n|turn|19\n|inactive|Time left: 300 sec this turn | 300 sec total\n|\n|t:|1783550365\n|move|p2a: Drifblim|Air Slash|p1a: Toucannon\n|-damage|p1a: Toucannon|0 fnt\n|faint|p1a: Toucannon\n|\n|upkeep\n|\n|t:|1783550366\n|switch|p1a: Kingdra|Kingdra, L84, M|100/100\n|turn|20\n|inactive|Time left: 300 sec this turn | 300 sec total\n|\n|t:|1783550367\n|-terastallize|p1a: Kingdra|Water\n|move|p2a: Drifblim|Strength Sap|p1a: Kingdra\n|-unboost|p1a: Kingdra|atk|1\n|-heal|p2a: Drifblim|396/396\n|move|p1a: Kingdra|Wave Crash|p2a: Drifblim\n|-damage|p2a: Drifblim|191/396\n|-damage|p1a: Kingdra|75/100|[from] Recoil\n|-damage|p1a: Kingdra|65/100|[from] item: Life Orb\n|\n|upkeep\n|turn|21\n|inactive|Time left: 300 sec this turn | 300 sec total\n|\n|t:|1783550369\n|move|p2a: Drifblim|Strength Sap|p1a: Kingdra\n|-unboost|p1a: Kingdra|atk|1\n|-heal|p2a: Drifblim|329/396\n|move|p1a: Kingdra|Wave Crash|p2a: Drifblim\n|-damage|p2a: Drifblim|173/396\n|-damage|p1a: Kingdra|45/100|[from] Recoil\n|-damage|p1a: Kingdra|35/100|[from] item: Life Orb\n|\n|upkeep\n|turn|22\n|inactive|Time left: 300 sec this turn | 300 sec total\n|\n|t:|1783550370\n|move|p2a: Drifblim|Shadow Ball|p1a: Kingdra\n|-damage|p1a: Kingdra|0 fnt\n|faint|p1a: Kingdra\n|\n|upkeep\n|\n|t:|1783550371\n|switch|p1a: Weezing|Weezing-Galar, L86, M|100/100\n|turn|23\n|inactive|Time left: 300 sec this turn | 300 sec total\n|\n|t:|1783550372\n|move|p2a: Drifblim|Strength Sap|p1a: Weezing\n|-unboost|p1a: Weezing|atk|1\n|-heal|p2a: Drifblim|377/396\n|move|p1a: Weezing|Gunk Shot|p2a: Drifblim|[miss]\n|-miss|p1a: Weezing|p2a: Drifblim\n|\n|upkeep\n|turn|24\n|inactive|Time left: 300 sec this turn | 300 sec total\n|\n|t:|1783550373\n|move|p2a: Drifblim|Air Slash|p1a: Weezing\n|-damage|p1a: Weezing|31/100\n|move|p1a: Weezing|Gunk Shot|p2a: Drifblim\n|-resisted|p2a: Drifblim\n|-damage|p2a: Drifblim|315/396\n|\n|-heal|p1a: Weezing|37/100|[from] item: Leftovers\n|upkeep\n|turn|25\n|inactive|Time left: 300 sec this turn | 300 sec total\n|\n|t:|1783550374\n|move|p2a: Drifblim|Shadow Ball|p1a: Weezing\n|-damage|p1a: Weezing|0 fnt\n|faint|p1a: Weezing\n|\n|upkeep\n|\n|t:|1783550375\n|switch|p1a: Garchomp|Garchomp, L74, F|100/100\n|turn|26\n|inactive|Time left: 300 sec this turn | 300 sec total\n|\n|t:|1783550376\n|move|p2a: Drifblim|Air Slash|p1a: Garchomp\n|-damage|p1a: Garchomp|30/100\n|cant|p1a: Garchomp|flinch\n|\n|upkeep\n|turn|27\n|inactive|Time left: 300 sec this turn | 300 sec total\n|\n|t:|1783550377\n|move|p2a: Drifblim|Shadow Ball|p1a: Garchomp\n|-damage|p1a: Garchomp|0 fnt\n|faint|p1a: Garchomp\n|\n|upkeep\n|\n|t:|1783550378\n|switch|p1a: Munkidori|Munkidori, L79, M|100/100\n|turn|28\n|inactive|Time left: 300 sec this turn | 300 sec total\n|\n|t:|1783550379\n|move|p2a: Drifblim|Shadow Ball|p1a: Munkidori\n|-supereffective|p1a: Munkidori\n|-damage|p1a: Munkidori|0 fnt\n|faint|p1a: Munkidori\n|\n|win|p0y9660118", "uploadtime": 1783550379, "views": 0, "rating": 0, "private": 0, "password": null, "_winner": "p0y9660118", "_our_name": "p0y9660118"}