{"id": "battle-gen9randombattle-2685", "formatid": "gen9randombattle", "format": "[Gen 9] Random Battle", "players": ["p0x26855ffd", "p0y26851afe"], "log": "|init|battle\n|title|p0x26855ffd vs. p0y26851afe\n|j|\u2606p0x26855ffd\n|j|\u2606p0y26851afe\n|t:|1783569983\n|gametype|singles\n|player|p1|p0x26855ffd|102|\n|player|p2|p0y26851afe|1|\n|gen|9\n|tier|[Gen 9] Random Battle\n|rule|Species Clause: Limit one of each Pok\u00e9mon\n|rule|HP Percentage Mod: HP is shown in percentages\n|rule|Sleep Clause Mod: Limit one foe put to sleep\n|rule|Illusion Level Mod: Illusion disguises the Pok\u00e9mon's true level\n|\n|t:|1783569983\n|teamsize|p1|6\n|teamsize|p2|6\n|start\n|switch|p1a: Glalie|Glalie, L96, M|100/100\n|switch|p2a: Gardevoir|Gardevoir, L83, M|249/249\n|-ability|p2a: Gardevoir|Inner Focus|Trace|[from] ability: Trace|[of] p1a: Glalie\n|turn|1\n|inactive|Battle timer is ON: inactive players will automatically lose when time's up. (requested by p0y26851afe)\n|inactive|p0x26855ffd also wants the timer to be on.\n|\n|t:|1783569985\n|move|p2a: Gardevoir|Moonblast|p1a: Glalie\n|-damage|p1a: Glalie|62/100\n|-unboost|p1a: Glalie|spa|1\n|move|p1a: Glalie|Spikes|p2a: Gardevoir\n|-sidestart|p2: p0y26851afe|Spikes\n|\n|upkeep\n|turn|2\n|inactive|Time left: 300 sec this turn | 300 sec total\n|\n|t:|1783569986\n|move|p2a: Gardevoir|Moonblast|p1a: Glalie\n|-damage|p1a: Glalie|26/100\n|move|p1a: Glalie|Spikes|p2a: Gardevoir\n|-sidestart|p2: p0y26851afe|Spikes\n|\n|upkeep\n|turn|3\n|inactive|Time left: 300 sec this turn | 300 sec total\n|\n|t:|1783569987\n|switch|p1a: Oinkologne|Oinkologne-F, L92, F|100/100\n|move|p2a: Gardevoir|Moonblast|p1a: Oinkologne\n|-damage|p1a: Oinkologne|71/100\n|\n|-heal|p1a: Oinkologne|78/100|[from] item: Leftovers\n|upkeep\n|turn|4\n|inactive|Time left: 300 sec this turn | 300 sec total\n|\n|t:|1783569988\n|move|p2a: Gardevoir|Moonblast|p1a: Oinkologne\n|-damage|p1a: Oinkologne|47/100\n|move|p1a: Oinkologne|Body Slam|p2a: Gardevoir\n|-damage|p2a: Gardevoir|120/249\n|\n|-heal|p1a: Oinkologne|53/100|[from] item: Leftovers\n|upkeep\n|turn|5\n|inactive|Time left: 300 sec this turn | 300 sec total\n|\n|t:|1783569990\n|move|p2a: Gardevoir|Moonblast|p1a: Oinkologne\n|-damage|p1a: Oinkologne|26/100\n|move|p1a: Oinkologne|Body Slam|p2a: Gardevoir\n|-crit|p2a: Gardevoir\n|-damage|p2a: Gardevoir|0 fnt\n|faint|p2a: Gardevoir\n|\n|-heal|p1a: Oinkologne|32/100|[from] item: Leftovers\n|upkeep\n|inactive|Time left: 300 sec this turn | 300 sec total | 5 sec grace\n|\n|t:|1783569991\n|switch|p2a: Spidops|Spidops, L96, M|271/271\n|turn|6\n|inactive|Time left: 300 sec this turn | 300 sec total\n|\n|t:|1783569992\n|move|p1a: Oinkologne|Body Slam|p2a: Spidops\n|-damage|p2a: Spidops|186/271\n|-status|p2a: Spidops|par\n|move|p2a: Spidops|Sticky Web|p1a: Oinkologne\n|-sidestart|p1: p0x26855ffd|move: Sticky Web\n|\n|-heal|p1a: Oinkologne|38/100|[from] item: Leftovers\n|upkeep\n|turn|7\n|inactive|Time left: 300 sec this turn | 300 sec total\n|\n|t:|1783569993\n|move|p1a: Oinkologne|Body Slam|p2a: Spidops\n|-damage|p2a: Spidops|105/271 par\n|cant|p2a: Spidops|par\n|\n|-heal|p1a: Oinkologne|44/100|[from] item: Leftovers\n|upkeep\n|turn|8\n|inactive|Time left: 300 sec this turn | 300 sec total\n|\n|t:|1783569994\n|move|p1a: Oinkologne|Body Slam|p2a: Spidops\n|-damage|p2a: Spidops|14/271 par\n|move|p2a: Spidops|Knock Off|p1a: Oinkologne\n|-damage|p1a: Oinkologne|22/100\n|-enditem|p1a: Oinkologne|Leftovers|[from] move: Knock Off|[of] p2a: Spidops\n|\n|upkeep\n|turn|9\n|inactive|Time left: 300 sec this turn | 300 sec total\n|\n|t:|1783569995\n|move|p1a: Oinkologne|Rest|p1a: Oinkologne\n|-status|p1a: Oinkologne|slp|[from] move: Rest\n|-heal|p1a: Oinkologne|100/100 slp|[silent]\n|move|p2a: Spidops|Knock Off|p1a: Oinkologne\n|-damage|p1a: Oinkologne|85/100 slp\n|\n|upkeep\n|turn|10\n|inactive|Time left: 300 sec this turn | 300 sec total\n|\n|t:|1783569996\n|cant|p1a: Oinkologne|slp\n|move|p1a: Oinkologne|Sleep Talk|p1a: Oinkologne\n|move|p1a: Oinkologne|Rest||[from] move: Sleep Talk|[still]\n|-fail|p1a: Oinkologne\n|cant|p2a: Spidops|par\n|\n|upkeep\n|turn|11\n|inactive|Time left: 300 sec this turn | 300 sec total\n|\n|t:|1783569997\n|cant|p1a: Oinkologne|slp\n|move|p1a: Oinkologne|Sleep Talk|p1a: Oinkologne\n|move|p1a: Oinkologne|Body Slam|p2a: Spidops|[from] move: Sleep Talk\n|-damage|p2a: Spidops|0 fnt\n|faint|p2a: Spidops\n|\n|upkeep\n|inactive|Time left: 300 sec this turn | 300 sec total | 5 sec grace\n|\n|t:|1783569998\n|switch|p2a: Hippowdon|Hippowdon, L82, F|311/311\n|-damage|p2a: Hippowdon|260/311|[from] Spikes\n|-weather|Sandstorm|[from] ability: Sand Stream|[of] p2a: Hippowdon\n|turn|12\n|inactive|Time left: 300 sec this turn | 300 sec total\n|\n|t:|1783569999\n|-curestatus|p1a: Oinkologne|slp|[msg]\n|move|p1a: Oinkologne|Body Slam|p2a: Hippowdon\n|-damage|p2a: Hippowdon|178/311\n|move|p2a: Hippowdon|Curse|p2a: Hippowdon\n|-unboost|p2a: Hippowdon|spe|1\n|-boost|p2a: Hippowdon|atk|1\n|-boost|p2a: Hippowdon|def|1\n|\n|-weather|Sandstorm|[upkeep]\n|-damage|p1a: Oinkologne|79/100|[from] Sandstorm\n|-heal|p2a: Hippowdon|197/311|[from] item: Leftovers\n|upkeep\n|turn|13\n|inactive|Time left: 300 sec this turn | 300 sec total\n|\n|t:|1783569999\n|switch|p1a: Chesnaught|Chesnaught, L84, M|100/100\n|-activate|p1a: Chesnaught|move: Sticky Web\n|-unboost|p1a: Chesnaught|spe|1\n|move|p2a: Hippowdon|Earthquake|p1a: Chesnaught\n|-resisted|p1a: Chesnaught\n|-damage|p1a: Chesnaught|80/100\n|\n|-weather|Sandstorm|[upkeep]\n|-damage|p1a: Chesnaught|74/100|[from] Sandstorm\n|-heal|p1a: Chesnaught|80/100|[from] item: Leftovers\n|-heal|p2a: Hippowdon|216/311|[from] item: Leftovers\n|upkeep\n|turn|14\n|inactive|Time left: 300 sec this turn | 300 sec total\n|\n|t:|1783570000\n|move|p1a: Chesnaught|Wood Hammer|p2a: Hippowdon\n|-supereffective|p2a: Hippowdon\n|-damage|p2a: Hippowdon|64/311\n|-damage|p1a: Chesnaught|62/100|[from] Recoil\n|move|p2a: Hippowdon|Slack Off|p2a: Hippowdon\n|-heal|p2a: Hippowdon|220/311\n|\n|-weather|Sandstorm|[upkeep]\n|-damage|p1a: Chesnaught|56/100|[from] Sandstorm\n|-heal|p1a: Chesnaught|62/100|[from] item: Leftovers\n|-heal|p2a: Hippowdon|239/311|[from] item: Leftovers\n|upkeep\n|turn|15\n|inactive|Time left: 300 sec this turn | 300 sec total\n|\n|t:|1783570001\n|move|p1a: Chesnaught|Wood Hammer|p2a: Hippowdon\n|-supereffective|p2a: Hippowdon\n|-damage|p2a: Hippowdon|81/311\n|-damage|p1a: Chesnaught|44/100|[from] Recoil\n|move|p2a: Hippowdon|Earthquake|p1a: Chesnaught\n|-resisted|p1a: Chesnaught\n|-damage|p1a: Chesnaught|20/100\n|\n|-weather|Sandstorm|[upkeep]\n|-damage|p1a: Chesnaught|14/100|[from] Sandstorm\n|-heal|p1a: Chesnaught|20/100|[from] item: Leftovers\n|-heal|p2a: Hippowdon|100/311|[from] item: Leftovers\n|upkeep\n|turn|16\n|inactive|Time left: 300 sec this turn | 300 sec total\n|\n|t:|1783570002\n|move|p1a: Chesnaught|Wood Hammer|p2a: Hippowdon\n|-supereffective|p2a: Hippowdon\n|-damage|p2a: Hippowdon|0 fnt\n|faint|p2a: Hippowdon\n|-damage|p1a: Chesnaught|8/100|[from] Recoil\n|\n|-weather|none\n|-heal|p1a: Chesnaught|14/100|[from] item: Leftovers\n|upkeep\n|inactive|Time left: 300 sec this turn | 300 sec total | 5 sec grace\n|\n|t:|1783570002\n|switch|p2a: Gumshoos|Gumshoos, L95, F|321/321\n|-damage|p2a: Gumshoos|268/321|[from] Spikes\n|turn|17\n|inactive|Time left: 300 sec this turn | 300 sec total\n|\n|t:|1783570003\n|move|p2a: Gumshoos|Double-Edge|p1a: Chesnaught\n|-crit|p1a: Chesnaught\n|-damage|p1a: Chesnaught|0 fnt\n|faint|p1a: Chesnaught\n|-damage|p2a: Gumshoos|255/321|[from] Recoil\n|\n|upkeep\n|\n|t:|1783570004\n|switch|p1a: Iron Thorns|Iron Thorns, L83|100/100\n|-activate|p1a: Iron Thorns|move: Sticky Web\n|-unboost|p1a: Iron Thorns|spe|1\n|-enditem|p1a: Iron Thorns|Booster Energy\n|-activate|p1a: Iron Thorns|ability: Quark Drive|[fromitem]\n|-start|p1a: Iron Thorns|quarkdriveatk\n|turn|18\n|inactive|Time left: 300 sec this turn | 300 sec total\n|\n|t:|1783570005\n|move|p2a: Gumshoos|Double-Edge|p1a: Iron Thorns\n|-resisted|p1a: Iron Thorns\n|-damage|p1a: Iron Thorns|47/100\n|-damage|p2a: Gumshoos|202/321|[from] Recoil\n|move|p1a: Iron Thorns|Dragon Dance|p1a: Iron Thorns\n|-boost|p1a: Iron Thorns|atk|1\n|-boost|p1a: Iron Thorns|spe|1\n|\n|upkeep\n|turn|19\n|inactive|Time left: 300 sec this turn | 300 sec total\n|\n|t:|1783570006\n|move|p1a: Iron Thorns|Earthquake|p2a: Gumshoos\n|-damage|p2a: Gumshoos|0 fnt\n|faint|p2a: Gumshoos\n|\n|upkeep\n|inactive|Time left: 300 sec this turn | 300 sec total | 5 sec grace\n|\n|t:|1783570007\n|switch|p2a: Suicune|Suicune, L82, shiny|298/298\n|-damage|p2a: Suicune|249/298|[from] Spikes\n|-ability|p2a: Suicune|Pressure\n|turn|20\n|inactive|Time left: 300 sec this turn | 300 sec total\n|\n|t:|1783570008\n|-terastallize|p1a: Iron Thorns|Flying\n|move|p2a: Suicune|Scald|p1a: Iron Thorns\n|-damage|p1a: Iron Thorns|20/100\n|move|p1a: Iron Thorns|Wild Charge|p2a: Suicune\n|-supereffective|p2a: Suicune\n|-damage|p2a: Suicune|0 fnt\n|faint|p2a: Suicune\n|-damage|p1a: Iron Thorns|0 fnt|[from] Recoil\n|faint|p1a: Iron Thorns\n|-end|p1a: Iron Thorns|Quark Drive|[silent]\n|\n|upkeep\n|inactive|Time left: 300 sec this turn | 300 sec total | 5 sec grace\n|\n|t:|1783570009\n|switch|p2a: Zamazenta|Zamazenta, L71|248/248\n|switch|p1a: Sandaconda|Sandaconda, L84, F|100/100\n|-damage|p2a: Zamazenta|207/248|[from] Spikes\n|-ability|p2a: Zamazenta|Dauntless Shield|boost\n|-boost|p2a: Zamazenta|def|1\n|-activate|p1a: Sandaconda|move: Sticky Web\n|-unboost|p1a: Sandaconda|spe|1\n|turn|21\n|inactive|Time left: 300 sec this turn | 300 sec total\n|\n|t:|1783570010\n|move|p2a: Zamazenta|Iron Head|p1a: Sandaconda\n|-damage|p1a: Sandaconda|77/100\n|move|p1a: Sandaconda|Coil|p1a: Sandaconda\n|-boost|p1a: Sandaconda|atk|1\n|-boost|p1a: Sandaconda|def|1\n|-boost|p1a: Sandaconda|accuracy|1\n|\n|-heal|p1a: Sandaconda|83/100|[from] item: Leftovers\n|upkeep\n|turn|22\n|inactive|Time left: 300 sec this turn | 300 sec total\n|\n|t:|1783570010\n|move|p2a: Zamazenta|Iron Head|p1a: Sandaconda\n|-damage|p1a: Sandaconda|70/100\n|move|p1a: Sandaconda|Earthquake|p2a: Zamazenta\n|-damage|p2a: Zamazenta|107/248\n|\n|-heal|p1a: Sandaconda|76/100|[from] item: Leftovers\n|upkeep\n|turn|23\n|inactive|Time left: 300 sec this turn | 300 sec total\n|\n|t:|1783570012\n|move|p2a: Zamazenta|Iron Head|p1a: Sandaconda\n|-damage|p1a: Sandaconda|62/100\n|move|p1a: Sandaconda|Earthquake|p2a: Zamazenta\n|-crit|p2a: Zamazenta\n|-damage|p2a: Zamazenta|0 fnt\n|faint|p2a: Zamazenta\n|\n|win|p0x26855ffd", "uploadtime": 1783570012, "views": 0, "rating": 0, "private": 0, "password": null, "_winner": "p0x26855ffd", "_our_name": "p0y26851afe"}