{"id": "battle-gen9randombattle-2086", "formatid": "gen9randombattle", "format": "[Gen 9] Random Battle", "players": ["p0x2086e6cc", "p0y2086d7f6"], "log": "|init|battle\n|title|p0x2086e6cc vs. p0y2086d7f6\n|j|\u2606p0x2086e6cc\n|j|\u2606p0y2086d7f6\n|t:|1783563350\n|gametype|singles\n|player|p1|p0x2086e6cc|169|\n|player|p2|p0y2086d7f6|1|\n|gen|9\n|tier|[Gen 9] Random Battle\n|rule|Species Clause: Limit one of each Pok\u00e9mon\n|rule|HP Percentage Mod: HP is shown in percentages\n|rule|Sleep Clause Mod: Limit one foe put to sleep\n|rule|Illusion Level Mod: Illusion disguises the Pok\u00e9mon's true level\n|\n|t:|1783563350\n|teamsize|p1|6\n|teamsize|p2|6\n|start\n|switch|p1a: Chimecho|Chimecho, L93, M|100/100\n|switch|p2a: Solgaleo|Solgaleo, L74|325/325\n|turn|1\n|inactive|Battle timer is ON: inactive players will automatically lose when time's up. (requested by p0y2086d7f6)\n|inactive|p0x2086e6cc also wants the timer to be on.\n|\n|t:|1783563352\n|move|p2a: Solgaleo|Knock Off|p1a: Chimecho\n|-supereffective|p1a: Chimecho\n|-damage|p1a: Chimecho|54/100\n|-enditem|p1a: Chimecho|Leftovers|[from] move: Knock Off|[of] p2a: Solgaleo\n|move|p1a: Chimecho|Knock Off|p2a: Solgaleo\n|-supereffective|p2a: Solgaleo\n|-damage|p2a: Solgaleo|229/325\n|-enditem|p2a: Solgaleo|Leftovers|[from] move: Knock Off|[of] p1a: Chimecho\n|\n|upkeep\n|turn|2\n|inactive|Time left: 300 sec this turn | 300 sec total\n|\n|t:|1783563354\n|move|p2a: Solgaleo|Sunsteel Strike|p1a: Chimecho\n|-damage|p1a: Chimecho|17/100\n|move|p1a: Chimecho|Recover|p1a: Chimecho\n|-heal|p1a: Chimecho|67/100\n|\n|upkeep\n|turn|3\n|inactive|Time left: 300 sec this turn | 300 sec total\n|\n|t:|1783563355\n|move|p2a: Solgaleo|Knock Off|p1a: Chimecho\n|-supereffective|p1a: Chimecho\n|-damage|p1a: Chimecho|35/100\n|move|p1a: Chimecho|Recover|p1a: Chimecho\n|-heal|p1a: Chimecho|85/100\n|\n|upkeep\n|turn|4\n|inactive|Time left: 300 sec this turn | 300 sec total\n|\n|t:|1783563356\n|move|p2a: Solgaleo|Sunsteel Strike|p1a: Chimecho\n|-damage|p1a: Chimecho|47/100\n|move|p1a: Chimecho|Knock Off|p2a: Solgaleo\n|-supereffective|p2a: Solgaleo\n|-damage|p2a: Solgaleo|155/325\n|\n|upkeep\n|turn|5\n|inactive|Time left: 300 sec this turn | 300 sec total\n|\n|t:|1783563357\n|move|p2a: Solgaleo|Morning Sun|p2a: Solgaleo\n|-heal|p2a: Solgaleo|317/325\n|move|p1a: Chimecho|Recover|p1a: Chimecho\n|-heal|p1a: Chimecho|97/100\n|\n|upkeep\n|turn|6\n|inactive|Time left: 300 sec this turn | 300 sec total\n|\n|t:|1783563358\n|move|p2a: Solgaleo|Knock Off|p1a: Chimecho\n|-supereffective|p1a: Chimecho\n|-damage|p1a: Chimecho|65/100\n|move|p1a: Chimecho|Recover|p1a: Chimecho\n|-heal|p1a: Chimecho|100/100\n|\n|upkeep\n|turn|7\n|inactive|Time left: 300 sec this turn | 300 sec total\n|\n|t:|1783563359\n|move|p2a: Solgaleo|Sunsteel Strike|p1a: Chimecho\n|-damage|p1a: Chimecho|65/100\n|move|p1a: Chimecho|Knock Off|p2a: Solgaleo\n|-supereffective|p2a: Solgaleo\n|-damage|p2a: Solgaleo|249/325\n|\n|upkeep\n|turn|8\n|inactive|Time left: 300 sec this turn | 300 sec total\n|\n|t:|1783563360\n|move|p2a: Solgaleo|Knock Off|p1a: Chimecho\n|-supereffective|p1a: Chimecho\n|-damage|p1a: Chimecho|33/100\n|move|p1a: Chimecho|Recover|p1a: Chimecho\n|-heal|p1a: Chimecho|83/100\n|\n|upkeep\n|turn|9\n|inactive|Time left: 300 sec this turn | 300 sec total\n|\n|t:|1783563361\n|move|p2a: Solgaleo|Knock Off|p1a: Chimecho\n|-supereffective|p1a: Chimecho\n|-damage|p1a: Chimecho|51/100\n|move|p1a: Chimecho|Recover|p1a: Chimecho\n|-heal|p1a: Chimecho|100/100\n|\n|upkeep\n|turn|10\n|inactive|Time left: 300 sec this turn | 300 sec total\n|\n|t:|1783563362\n|move|p2a: Solgaleo|Sunsteel Strike|p1a: Chimecho\n|-damage|p1a: Chimecho|62/100\n|move|p1a: Chimecho|Knock Off|p2a: Solgaleo\n|-supereffective|p2a: Solgaleo\n|-damage|p2a: Solgaleo|181/325\n|\n|upkeep\n|turn|11\n|inactive|Time left: 300 sec this turn | 300 sec total\n|\n|t:|1783563363\n|move|p2a: Solgaleo|Morning Sun|p2a: Solgaleo\n|-heal|p2a: Solgaleo|325/325\n|move|p1a: Chimecho|Recover|p1a: Chimecho\n|-heal|p1a: Chimecho|100/100\n|\n|upkeep\n|turn|12\n|inactive|Time left: 300 sec this turn | 300 sec total\n|\n|t:|1783563364\n|move|p2a: Solgaleo|Sunsteel Strike|p1a: Chimecho\n|-damage|p1a: Chimecho|66/100\n|move|p1a: Chimecho|Psychic Noise|p2a: Solgaleo\n|-resisted|p2a: Solgaleo\n|-damage|p2a: Solgaleo|300/325\n|-start|p2a: Solgaleo|move: Heal Block\n|\n|upkeep\n|turn|13\n|inactive|Time left: 300 sec this turn | 300 sec total\n|\n|t:|1783563365\n|move|p2a: Solgaleo|Sunsteel Strike|p1a: Chimecho\n|-damage|p1a: Chimecho|29/100\n|move|p1a: Chimecho|Recover|p1a: Chimecho\n|-heal|p1a: Chimecho|79/100\n|\n|-end|p2a: Solgaleo|move: Heal Block\n|upkeep\n|turn|14\n|inactive|Time left: 300 sec this turn | 300 sec total\n|\n|t:|1783563366\n|switch|p1a: Leavanny|Leavanny, L86, M|100/100\n|move|p2a: Solgaleo|Knock Off|p1a: Leavanny\n|-damage|p1a: Leavanny|75/100\n|-enditem|p1a: Leavanny|Heavy-Duty Boots|[from] move: Knock Off|[of] p2a: Solgaleo\n|\n|upkeep\n|turn|15\n|inactive|Time left: 300 sec this turn | 300 sec total\n|\n|t:|1783563367\n|move|p1a: Leavanny|Sticky Web|p2a: Solgaleo\n|-sidestart|p2: p0y2086d7f6|move: Sticky Web\n|move|p2a: Solgaleo|Sunsteel Strike|p1a: Leavanny\n|-damage|p1a: Leavanny|34/100\n|\n|upkeep\n|turn|16\n|inactive|Time left: 300 sec this turn | 300 sec total\n|\n|t:|1783563368\n|move|p1a: Leavanny|Lunge|p2a: Solgaleo\n|-damage|p2a: Solgaleo|209/325\n|move|p2a: Solgaleo|Sunsteel Strike|p1a: Leavanny\n|-damage|p1a: Leavanny|0 fnt\n|faint|p1a: Leavanny\n|\n|upkeep\n|\n|t:|1783563369\n|switch|p1a: Golduck|Golduck, L90, F|100/100\n|-ability|p1a: Golduck|Cloud Nine\n|turn|17\n|inactive|Time left: 300 sec this turn | 300 sec total\n|\n|t:|1783563371\n|move|p1a: Golduck|Nasty Plot|p1a: Golduck\n|-boost|p1a: Golduck|spa|2\n|move|p2a: Solgaleo|Morning Sun|p2a: Solgaleo\n|-heal|p2a: Solgaleo|325/325\n|\n|upkeep\n|turn|18\n|inactive|Time left: 300 sec this turn | 300 sec total\n|\n|t:|1783563372\n|switch|p2a: Clefable|Clefable, L83, F|293/293\n|-activate|p2a: Clefable|move: Sticky Web\n|-unboost|p2a: Clefable|spe|1\n|move|p1a: Golduck|Hydro Pump|p2a: Clefable|[miss]\n|-miss|p1a: Golduck|p2a: Clefable\n|\n|upkeep\n|turn|19\n|inactive|Time left: 300 sec this turn | 300 sec total\n|\n|t:|1783563373\n|move|p1a: Golduck|Hydro Pump|p2a: Clefable\n|-damage|p2a: Clefable|170/293\n|move|p2a: Clefable|Calm Mind|p2a: Clefable\n|-boost|p2a: Clefable|spa|1\n|-boost|p2a: Clefable|spd|1\n|\n|-heal|p2a: Clefable|188/293|[from] item: Leftovers\n|upkeep\n|turn|20\n|inactive|Time left: 300 sec this turn | 300 sec total\n|\n|t:|1783563374\n|move|p1a: Golduck|Ice Beam|p2a: Clefable\n|-damage|p2a: Clefable|142/293\n|move|p2a: Clefable|Calm Mind|p2a: Clefable\n|-boost|p2a: Clefable|spa|1\n|-boost|p2a: Clefable|spd|1\n|\n|-heal|p2a: Clefable|160/293|[from] item: Leftovers\n|upkeep\n|turn|21\n|inactive|Time left: 300 sec this turn | 300 sec total\n|\n|t:|1783563375\n|move|p1a: Golduck|Hydro Pump|p2a: Clefable|[miss]\n|-miss|p1a: Golduck|p2a: Clefable\n|move|p2a: Clefable|Moonblast|p1a: Golduck\n|-damage|p1a: Golduck|29/100\n|-unboost|p1a: Golduck|spa|1\n|\n|-heal|p1a: Golduck|35/100|[from] item: Leftovers\n|-heal|p2a: Clefable|178/293|[from] item: Leftovers\n|upkeep\n|turn|22\n|inactive|Time left: 300 sec this turn | 300 sec total\n|\n|t:|1783563376\n|move|p1a: Golduck|Hydro Pump|p2a: Clefable\n|-damage|p2a: Clefable|105/293\n|move|p2a: Clefable|Moonblast|p1a: Golduck\n|-damage|p1a: Golduck|0 fnt\n|faint|p1a: Golduck\n|\n|-heal|p2a: Clefable|123/293|[from] item: Leftovers\n|upkeep\n|\n|t:|1783563377\n|switch|p1a: Cresselia|Cresselia, L80, F|100/100\n|turn|23\n|inactive|Time left: 300 sec this turn | 300 sec total\n|\n|t:|1783563378\n|move|p1a: Cresselia|Psyshock|p2a: Clefable\n|-damage|p2a: Clefable|45/293\n|move|p2a: Clefable|Moonlight|p2a: Clefable\n|-heal|p2a: Clefable|191/293\n|\n|-heal|p2a: Clefable|209/293|[from] item: Leftovers\n|upkeep\n|turn|24\n|inactive|Time left: 300 sec this turn | 300 sec total\n|\n|t:|1783563379\n|move|p1a: Cresselia|Calm Mind|p1a: Cresselia\n|-boost|p1a: Cresselia|spa|1\n|-boost|p1a: Cresselia|spd|1\n|move|p2a: Clefable|Moonblast|p1a: Cresselia\n|-damage|p1a: Cresselia|52/100\n|\n|-heal|p1a: Cresselia|58/100|[from] item: Leftovers\n|-heal|p2a: Clefable|227/293|[from] item: Leftovers\n|upkeep\n|turn|25\n|inactive|Time left: 300 sec this turn | 300 sec total\n|\n|t:|1783563380\n|move|p1a: Cresselia|Moonlight|p1a: Cresselia\n|-heal|p1a: Cresselia|100/100\n|move|p2a: Clefable|Moonblast|p1a: Cresselia\n|-damage|p1a: Cresselia|47/100\n|-unboost|p1a: Cresselia|spa|1\n|\n|-heal|p1a: Cresselia|53/100|[from] item: Leftovers\n|-heal|p2a: Clefable|245/293|[from] item: Leftovers\n|upkeep\n|turn|26\n|inactive|Time left: 300 sec this turn | 300 sec total\n|\n|t:|1783563382\n|move|p1a: Cresselia|Moonlight|p1a: Cresselia\n|-heal|p1a: Cresselia|100/100\n|move|p2a: Clefable|Moonblast|p1a: Cresselia\n|-damage|p1a: Cresselia|48/100\n|-unboost|p1a: Cresselia|spa|1\n|\n|-heal|p1a: Cresselia|54/100|[from] item: Leftovers\n|-heal|p2a: Clefable|263/293|[from] item: Leftovers\n|upkeep\n|turn|27\n|inactive|Time left: 300 sec this turn | 300 sec total\n|\n|t:|1783563383\n|move|p1a: Cresselia|Moonlight|p1a: Cresselia\n|-heal|p1a: Cresselia|100/100\n|move|p2a: Clefable|Moonblast|p1a: Cresselia\n|-damage|p1a: Cresselia|48/100\n|\n|-heal|p1a: Cresselia|55/100|[from] item: Leftovers\n|-heal|p2a: Clefable|281/293|[from] item: Leftovers\n|upkeep\n|turn|28\n|inactive|Time left: 300 sec this turn | 300 sec total\n|\n|t:|1783563384\n|move|p1a: Cresselia|Moonlight|p1a: Cresselia\n|-heal|p1a: Cresselia|100/100\n|move|p2a: Clefable|Moonblast|p1a: Cresselia\n|-damage|p1a: Cresselia|47/100\n|\n|-heal|p1a: Cresselia|53/100|[from] item: Leftovers\n|-heal|p2a: Clefable|293/293|[from] item: Leftovers\n|upkeep\n|turn|29\n|inactive|Time left: 300 sec this turn | 300 sec total\n|\n|t:|1783563385\n|move|p1a: Cresselia|Moonlight|p1a: Cresselia\n|-heal|p1a: Cresselia|100/100\n|move|p2a: Clefable|Moonblast|p1a: Cresselia\n|-damage|p1a: Cresselia|50/100\n|-unboost|p1a: Cresselia|spa|1\n|\n|-heal|p1a: Cresselia|56/100|[from] item: Leftovers\n|upkeep\n|turn|30\n|inactive|Time left: 300 sec this turn | 300 sec total\n|\n|t:|1783563386\n|move|p1a: Cresselia|Moonlight|p1a: Cresselia\n|-heal|p1a: Cresselia|100/100\n|move|p2a: Clefable|Moonblast|p1a: Cresselia\n|-damage|p1a: Cresselia|47/100\n|-unboost|p1a: Cresselia|spa|1\n|\n|-heal|p1a: Cresselia|53/100|[from] item: Leftovers\n|upkeep\n|turn|31\n|inactive|Time left: 300 sec this turn | 300 sec total\n|\n|t:|1783563388\n|move|p1a: Cresselia|Moonlight|p1a: Cresselia\n|-heal|p1a: Cresselia|100/100\n|move|p2a: Clefable|Moonblast|p1a: Cresselia\n|-damage|p1a: Cresselia|55/100\n|\n|-heal|p1a: Cresselia|61/100|[from] item: Leftovers\n|upkeep\n|turn|32\n|inactive|Time left: 300 sec this turn | 300 sec total\n|\n|t:|1783563389\n|move|p1a: Cresselia|Moonlight|p1a: Cresselia\n|-heal|p1a: Cresselia|100/100\n|move|p2a: Clefable|Moonblast|p1a: Cresselia\n|-damage|p1a: Cresselia|54/100\n|-unboost|p1a: Cresselia|spa|1\n|\n|-heal|p1a: Cresselia|60/100|[from] item: Leftovers\n|upkeep\n|turn|33\n|inactive|Time left: 300 sec this turn | 300 sec total\n|\n|t:|1783563390\n|move|p1a: Cresselia|Psyshock|p2a: Clefable\n|-damage|p2a: Clefable|211/293\n|move|p2a: Clefable|Moonblast|p1a: Cresselia\n|-damage|p1a: Cresselia|12/100\n|-unboost|p1a: Cresselia|spa|1\n|\n|-heal|p1a: Cresselia|18/100|[from] item: Leftovers\n|-heal|p2a: Clefable|229/293|[from] item: Leftovers\n|upkeep\n|turn|34\n|inactive|Time left: 300 sec this turn | 300 sec total\n|\n|t:|1783563391\n|move|p1a: Cresselia|Psyshock|p2a: Clefable\n|-damage|p2a: Clefable|154/293\n|move|p2a: Clefable|Moonblast|p1a: Cresselia\n|-damage|p1a: Cresselia|0 fnt\n|faint|p1a: Cresselia\n|\n|-heal|p2a: Clefable|172/293|[from] item: Leftovers\n|upkeep\n|\n|t:|1783563392\n|switch|p1a: Chimecho|Chimecho, L93, M|79/100\n|turn|35\n|inactive|Time left: 300 sec this turn | 300 sec total\n|\n|t:|1783563393\n|move|p1a: Chimecho|Psychic Noise|p2a: Clefable\n|-damage|p2a: Clefable|124/293\n|-start|p2a: Clefable|move: Heal Block\n|move|p2a: Clefable|Moonblast|p1a: Chimecho\n|-damage|p1a: Chimecho|21/100\n|\n|upkeep\n|turn|36\n|inactive|Time left: 300 sec this turn | 300 sec total\n|\n|t:|1783563394\n|move|p1a: Chimecho|Knock Off|p2a: Clefable\n|-resisted|p2a: Clefable\n|-damage|p2a: Clefable|95/293\n|-enditem|p2a: Clefable|Leftovers|[from] move: Knock Off|[of] p1a: Chimecho\n|move|p2a: Clefable|Fire Blast|p1a: Chimecho\n|-damage|p1a: Chimecho|0 fnt\n|faint|p1a: Chimecho\n|\n|-end|p2a: Clefable|move: Heal Block\n|upkeep\n|\n|t:|1783563395\n|switch|p1a: Mandibuzz|Mandibuzz, L85, F|100/100\n|turn|37\n|inactive|Time left: 300 sec this turn | 300 sec total\n|\n|t:|1783563396\n|-terastallize|p2a: Clefable|Steel\n|move|p1a: Mandibuzz|Brave Bird|p2a: Clefable\n|-resisted|p2a: Clefable\n|-damage|p2a: Clefable|34/293\n|-damage|p1a: Mandibuzz|94/100|[from] Recoil\n|move|p2a: Clefable|Moonlight|p2a: Clefable\n|-heal|p2a: Clefable|180/293\n|\n|upkeep\n|turn|38\n|inactive|Time left: 300 sec this turn | 300 sec total\n|\n|t:|1783563397\n|-terastallize|p1a: Mandibuzz|Steel\n|move|p1a: Mandibuzz|Knock Off|p2a: Clefable\n|-damage|p2a: Clefable|111/293\n|move|p2a: Clefable|Moonblast|p1a: Mandibuzz\n|-resisted|p1a: Mandibuzz\n|-damage|p1a: Mandibuzz|65/100\n|\n|upkeep\n|turn|39\n|inactive|Time left: 300 sec this turn | 300 sec total\n|\n|t:|1783563399\n|move|p1a: Mandibuzz|Knock Off|p2a: Clefable\n|-damage|p2a: Clefable|44/293\n|move|p2a: Clefable|Moonlight|p2a: Clefable\n|-heal|p2a: Clefable|190/293\n|\n|upkeep\n|turn|40\n|inactive|Time left: 300 sec this turn | 300 sec total\n|\n|t:|1783563400\n|move|p1a: Mandibuzz|Roost|p1a: Mandibuzz\n|-heal|p1a: Mandibuzz|100/100\n|move|p2a: Clefable|Fire Blast|p1a: Mandibuzz\n|-supereffective|p1a: Mandibuzz\n|-damage|p1a: Mandibuzz|12/100\n|\n|upkeep\n|turn|41\n|inactive|Time left: 300 sec this turn | 300 sec total\n|\n|t:|1783563401\n|switch|p1a: Kilowattrel|Kilowattrel, L83, M|100/100\n|move|p2a: Clefable|Fire Blast|p1a: Kilowattrel\n|-damage|p1a: Kilowattrel|24/100\n|\n|upkeep\n|turn|42\n|inactive|Time left: 300 sec this turn | 300 sec total\n|\n|t:|1783563402\n|move|p1a: Kilowattrel|Hurricane|p2a: Clefable\n|-resisted|p2a: Clefable\n|-damage|p2a: Clefable|157/293\n|move|p2a: Clefable|Moonblast|p1a: Kilowattrel\n|-damage|p1a: Kilowattrel|0 fnt\n|faint|p1a: Kilowattrel\n|\n|upkeep\n|\n|t:|1783563403\n|switch|p1a: Mandibuzz|Mandibuzz, L85, F, tera:Steel|12/100\n|turn|43\n|inactive|Time left: 300 sec this turn | 300 sec total\n|\n|t:|1783563403\n|move|p1a: Mandibuzz|Roost|p1a: Mandibuzz\n|-heal|p1a: Mandibuzz|62/100\n|move|p2a: Clefable|Fire Blast|p1a: Mandibuzz\n|-supereffective|p1a: Mandibuzz\n|-damage|p1a: Mandibuzz|0 fnt\n|faint|p1a: Mandibuzz\n|\n|win|p0y2086d7f6", "uploadtime": 1783563403, "views": 0, "rating": 0, "private": 0, "password": null, "_winner": "p0y2086d7f6", "_our_name": "p0y2086d7f6"}