{"id": "battle-gen9randombattle-373", "formatid": "gen9randombattle", "format": "[Gen 9] Random Battle", "players": ["p0x37347fb", "p0y37375aa"], "log": "|init|battle\n|title|p0x37347fb vs. p0y37375aa\n|j|\u2606p0x37347fb\n|j|\u2606p0y37375aa\n|t:|1783543994\n|gametype|singles\n|player|p1|p0x37347fb|102|\n|player|p2|p0y37375aa|1|\n|gen|9\n|tier|[Gen 9] Random Battle\n|rule|Species Clause: Limit one of each Pok\u00e9mon\n|rule|HP Percentage Mod: HP is shown in percentages\n|rule|Sleep Clause Mod: Limit one foe put to sleep\n|rule|Illusion Level Mod: Illusion disguises the Pok\u00e9mon's true level\n|\n|t:|1783543994\n|teamsize|p1|6\n|teamsize|p2|6\n|start\n|switch|p1a: Kyogre|Kyogre, L71|100/100\n|switch|p2a: Zapdos|Zapdos-Galar, L77|265/265\n|-weather|RainDance|[from] ability: Drizzle|[of] p1a: Kyogre\n|turn|1\n|inactive|Battle timer is ON: inactive players will automatically lose when time's up. (requested by p0y37375aa)\n|inactive|p0x37347fb also wants the timer to be on.\n|\n|t:|1783543996\n|move|p1a: Kyogre|Water Spout|p2a: Zapdos\n|-damage|p2a: Zapdos|0 fnt\n|faint|p2a: Zapdos\n|\n|-weather|RainDance|[upkeep]\n|upkeep\n|inactive|Time left: 300 sec this turn | 300 sec total | 65 sec grace\n|\n|t:|1783543997\n|switch|p2a: Ogerpon|Ogerpon, L80, F|259/259\n|turn|2\n|inactive|Time left: 300 sec this turn | 300 sec total\n|\n|t:|1783543998\n|move|p1a: Kyogre|Water Spout|p2a: Ogerpon\n|-resisted|p2a: Ogerpon\n|-damage|p2a: Ogerpon|130/259\n|move|p2a: Ogerpon|Ivy Cudgel|p1a: Kyogre\n|-supereffective|p1a: Kyogre\n|-damage|p1a: Kyogre|0 fnt\n|faint|p1a: Kyogre\n|\n|-weather|RainDance|[upkeep]\n|-heal|p2a: Ogerpon|146/259|[from] item: Leftovers\n|upkeep\n|\n|t:|1783544000\n|switch|p1a: Blastoise|Blastoise, L80, M|100/100\n|turn|3\n|inactive|Time left: 300 sec this turn | 300 sec total\n|\n|t:|1783544001\n|-terastallize|p2a: Ogerpon|Grass\n|detailschange|p2a: Ogerpon|Ogerpon-Teal-Tera, L80, F, tera:Grass\n|-ability|p2a: Ogerpon|Embody Aspect (Teal)|boost\n|-boost|p2a: Ogerpon|spe|1\n|-terastallize|p1a: Blastoise|Grass\n|move|p2a: Ogerpon|Ivy Cudgel|p1a: Blastoise\n|-resisted|p1a: Blastoise\n|-damage|p1a: Blastoise|73/100\n|move|p1a: Blastoise|Shell Smash|p1a: Blastoise\n|-unboost|p1a: Blastoise|def|1\n|-unboost|p1a: Blastoise|spd|1\n|-boost|p1a: Blastoise|atk|2\n|-boost|p1a: Blastoise|spa|2\n|-boost|p1a: Blastoise|spe|2\n|-enditem|p1a: Blastoise|White Herb\n|-clearnegativeboost|p1a: Blastoise|[silent]\n|\n|-weather|RainDance|[upkeep]\n|-heal|p2a: Ogerpon|162/259|[from] item: Leftovers\n|upkeep\n|turn|4\n|inactive|Time left: 300 sec this turn | 300 sec total\n|\n|t:|1783544002\n|switch|p2a: Hypno|Hypno, L95, F|315/315\n|move|p1a: Blastoise|Ice Beam|p2a: Hypno\n|-damage|p2a: Hypno|242/315\n|\n|-weather|RainDance|[upkeep]\n|-heal|p2a: Hypno|261/315|[from] item: Leftovers\n|upkeep\n|turn|5\n|inactive|Time left: 300 sec this turn | 300 sec total\n|\n|t:|1783544003\n|move|p1a: Blastoise|Hydro Pump|p2a: Hypno\n|-damage|p2a: Hypno|44/315\n|move|p2a: Hypno|Toxic|p1a: Blastoise\n|-status|p1a: Blastoise|tox\n|\n|-weather|none\n|-heal|p2a: Hypno|63/315|[from] item: Leftovers\n|-damage|p1a: Blastoise|67/100 tox|[from] psn\n|upkeep\n|turn|6\n|inactive|Time left: 300 sec this turn | 300 sec total\n|\n|t:|1783544004\n|move|p1a: Blastoise|Hydro Pump|p2a: Hypno\n|-damage|p2a: Hypno|0 fnt\n|faint|p2a: Hypno\n|\n|-damage|p1a: Blastoise|54/100 tox|[from] psn\n|upkeep\n|inactive|Time left: 300 sec this turn | 300 sec total | 5 sec grace\n|\n|t:|1783544005\n|switch|p2a: Zamazenta|Zamazenta-Crowned, L68|238/238\n|-ability|p2a: Zamazenta|Dauntless Shield|boost\n|-boost|p2a: Zamazenta|def|1\n|turn|7\n|inactive|Time left: 300 sec this turn | 300 sec total\n|\n|t:|1783544006\n|move|p1a: Blastoise|Hydro Pump|p2a: Zamazenta|[miss]\n|-miss|p1a: Blastoise|p2a: Zamazenta\n|move|p2a: Zamazenta|Heavy Slam|p1a: Blastoise\n|-damage|p1a: Blastoise|17/100 tox\n|\n|-damage|p1a: Blastoise|0 fnt|[from] psn\n|faint|p1a: Blastoise\n|upkeep\n|\n|t:|1783544007\n|switch|p1a: Brambleghast|Brambleghast, L88, F|100/100\n|turn|8\n|inactive|Time left: 300 sec this turn | 300 sec total\n|\n|t:|1783544008\n|move|p2a: Zamazenta|Heavy Slam|p1a: Brambleghast\n|-damage|p1a: Brambleghast|55/100\n|move|p1a: Brambleghast|Poltergeist|p2a: Zamazenta\n|-activate|p2a: Zamazenta|move: Poltergeist|Rusted Shield\n|-damage|p2a: Zamazenta|157/238\n|\n|-heal|p1a: Brambleghast|62/100|[from] item: Leftovers\n|upkeep\n|turn|9\n|inactive|Time left: 300 sec this turn | 300 sec total\n|\n|t:|1783544009\n|move|p2a: Zamazenta|Heavy Slam|p1a: Brambleghast\n|-damage|p1a: Brambleghast|16/100\n|move|p1a: Brambleghast|Strength Sap|p2a: Zamazenta\n|-unboost|p2a: Zamazenta|atk|1\n|-heal|p1a: Brambleghast|100/100\n|\n|upkeep\n|turn|10\n|inactive|Time left: 300 sec this turn | 300 sec total\n|\n|t:|1783544010\n|switch|p2a: Ambipom|Ambipom, L84, M|263/263\n|move|p1a: Brambleghast|Poltergeist|p2a: Ambipom\n|-immune|p2a: Ambipom\n|\n|upkeep\n|turn|11\n|inactive|Time left: 300 sec this turn | 300 sec total\n|\n|t:|1783544011\n|move|p2a: Ambipom|Triple Axel|p1a: Brambleghast\n|-supereffective|p1a: Brambleghast\n|-damage|p1a: Brambleghast|70/100\n|-supereffective|p1a: Brambleghast\n|-damage|p1a: Brambleghast|11/100\n|-supereffective|p1a: Brambleghast\n|-damage|p1a: Brambleghast|0 fnt\n|faint|p1a: Brambleghast\n|-hitcount|p1: Brambleghast|3\n|\n|upkeep\n|\n|t:|1783544012\n|switch|p1a: Gholdengo|Gholdengo, L77|100/100\n|turn|12\n|inactive|Time left: 300 sec this turn | 300 sec total\n|\n|t:|1783544013\n|move|p1a: Gholdengo|Focus Blast|p2a: Ambipom|[miss]\n|-miss|p1a: Gholdengo|p2a: Ambipom\n|move|p2a: Ambipom|Triple Axel|p1a: Gholdengo\n|-resisted|p1a: Gholdengo\n|-damage|p1a: Gholdengo|94/100\n|-resisted|p1a: Gholdengo\n|-damage|p1a: Gholdengo|81/100\n|-resisted|p1a: Gholdengo\n|-damage|p1a: Gholdengo|61/100\n|-hitcount|p1a: Gholdengo|3\n|\n|upkeep\n|turn|13\n|inactive|Time left: 300 sec this turn | 300 sec total\n|\n|t:|1783544014\n|move|p1a: Gholdengo|Focus Blast|p2a: Ambipom|[miss]\n|-miss|p1a: Gholdengo|p2a: Ambipom\n|move|p2a: Ambipom|Triple Axel|p1a: Gholdengo\n|-resisted|p1a: Gholdengo\n|-damage|p1a: Gholdengo|55/100\n|-resisted|p1a: Gholdengo\n|-damage|p1a: Gholdengo|41/100\n|-resisted|p1a: Gholdengo\n|-damage|p1a: Gholdengo|20/100\n|-hitcount|p1a: Gholdengo|3\n|\n|upkeep\n|turn|14\n|inactive|Time left: 300 sec this turn | 300 sec total\n|\n|t:|1783544015\n|move|p1a: Gholdengo|Focus Blast|p2a: Ambipom\n|-supereffective|p2a: Ambipom\n|-damage|p2a: Ambipom|37/263\n|move|p2a: Ambipom|Triple Axel|p1a: Gholdengo|[miss]\n|-miss|p2a: Ambipom|p1a: Gholdengo\n|\n|upkeep\n|turn|15\n|inactive|Time left: 300 sec this turn | 300 sec total\n|\n|t:|1783544016\n|move|p1a: Gholdengo|Focus Blast|p2a: Ambipom\n|-supereffective|p2a: Ambipom\n|-damage|p2a: Ambipom|0 fnt\n|faint|p2a: Ambipom\n|\n|upkeep\n|inactive|Time left: 300 sec this turn | 300 sec total | 5 sec grace\n|\n|t:|1783544017\n|switch|p2a: Ogerpon|Ogerpon-Teal-Tera, L80, F, tera:Grass|162/259\n|-ability|p2a: Ogerpon|Embody Aspect (Teal)|boost\n|-boost|p2a: Ogerpon|spe|1\n|turn|16\n|inactive|Time left: 300 sec this turn | 300 sec total\n|\n|t:|1783544018\n|move|p2a: Ogerpon|Ivy Cudgel|p1a: Gholdengo\n|-resisted|p1a: Gholdengo\n|-damage|p1a: Gholdengo|0 fnt\n|faint|p1a: Gholdengo\n|\n|-heal|p2a: Ogerpon|178/259|[from] item: Leftovers\n|upkeep\n|\n|t:|1783544019\n|switch|p1a: Regieleki|Regieleki, L79|100/100\n|turn|17\n|inactive|Time left: 300 sec this turn | 300 sec total\n|\n|t:|1783544020\n|move|p1a: Regieleki|Thunderbolt|p2a: Ogerpon\n|-resisted|p2a: Ogerpon\n|-damage|p2a: Ogerpon|106/259\n|move|p2a: Ogerpon|Ivy Cudgel|p1a: Regieleki\n|-damage|p1a: Regieleki|8/100\n|\n|-heal|p2a: Ogerpon|122/259|[from] item: Leftovers\n|upkeep\n|turn|18\n|inactive|Time left: 300 sec this turn | 300 sec total\n|\n|t:|1783544021\n|move|p1a: Regieleki|Thunderbolt|p2a: Ogerpon\n|-resisted|p2a: Ogerpon\n|-damage|p2a: Ogerpon|54/259\n|move|p2a: Ogerpon|Ivy Cudgel|p1a: Regieleki\n|-damage|p1a: Regieleki|0 fnt\n|faint|p1a: Regieleki\n|\n|-heal|p2a: Ogerpon|70/259|[from] item: Leftovers\n|upkeep\n|\n|t:|1783544022\n|switch|p1a: Lycanroc|Lycanroc-Midnight, L89, M|100/100\n|turn|19\n|inactive|Time left: 300 sec this turn | 300 sec total\n|\n|t:|1783544023\n|move|p2a: Ogerpon|Ivy Cudgel|p1a: Lycanroc\n|-supereffective|p1a: Lycanroc\n|-damage|p1a: Lycanroc|0 fnt\n|faint|p1a: Lycanroc\n|\n|win|p0y37375aa", "uploadtime": 1783544023, "views": 0, "rating": 0, "private": 0, "password": null, "_winner": "p0y37375aa", "_our_name": "p0y37375aa"}