{"id": "battle-gen9randombattle-1412", "formatid": "gen9randombattle", "format": "[Gen 9] Random Battle", "players": ["p0x14126417", "p0y14122e9c"], "log": "|init|battle\n|title|p0x14126417 vs. p0y14122e9c\n|j|\u2606p0x14126417\n|j|\u2606p0y14122e9c\n|t:|1783555471\n|gametype|singles\n|player|p1|p0x14126417|169|\n|player|p2|p0y14122e9c|102|\n|gen|9\n|tier|[Gen 9] Random Battle\n|rule|Species Clause: Limit one of each Pok\u00e9mon\n|rule|HP Percentage Mod: HP is shown in percentages\n|rule|Sleep Clause Mod: Limit one foe put to sleep\n|rule|Illusion Level Mod: Illusion disguises the Pok\u00e9mon's true level\n|\n|t:|1783555471\n|teamsize|p1|6\n|teamsize|p2|6\n|start\n|switch|p1a: Persian|Persian, L92, F|269/269\n|switch|p2a: Delphox|Delphox, L84, M|100/100\n|turn|1\n|inactive|Battle timer is ON: inactive players will automatically lose when time's up. (requested by p0x14126417)\n|inactive|p0y14122e9c also wants the timer to be on.\n|\n|t:|1783555473\n|switch|p2a: Overqwil|Overqwil, L82, M|100/100\n|-ability|p2a: Overqwil|Intimidate|boost\n|-unboost|p1a: Persian|atk|1\n|move|p1a: Persian|Knock Off|p2a: Overqwil\n|-resisted|p2a: Overqwil\n|-crit|p2a: Overqwil\n|-damage|p2a: Overqwil|76/100\n|-enditem|p2a: Overqwil|Choice Band|[from] move: Knock Off|[of] p1a: Persian\n|\n|upkeep\n|turn|2\n|inactive|Time left: 300 sec this turn | 300 sec total\n|\n|t:|1783555474\n|switch|p1a: Vespiquen|Vespiquen, L99, F|299/299\n|-ability|p1a: Vespiquen|Pressure\n|move|p2a: Overqwil|Crunch|p1a: Vespiquen\n|-damage|p1a: Vespiquen|230/299\n|\n|upkeep\n|turn|3\n|inactive|Time left: 300 sec this turn | 300 sec total\n|\n|t:|1783555476\n|move|p2a: Overqwil|Gunk Shot|p1a: Vespiquen\n|-damage|p1a: Vespiquen|127/299\n|move|p1a: Vespiquen|Air Slash|p2a: Overqwil\n|-damage|p2a: Overqwil|32/100\n|\n|upkeep\n|turn|4\n|inactive|Time left: 300 sec this turn | 300 sec total\n|\n|t:|1783555477\n|move|p2a: Overqwil|Gunk Shot|p1a: Vespiquen\n|-damage|p1a: Vespiquen|28/299\n|-status|p1a: Vespiquen|psn\n|move|p1a: Vespiquen|Roost|p1a: Vespiquen\n|-heal|p1a: Vespiquen|178/299 psn\n|-singleturn|p1a: Vespiquen|move: Roost\n|\n|-damage|p1a: Vespiquen|141/299 psn|[from] psn\n|upkeep\n|turn|5\n|inactive|Time left: 300 sec this turn | 300 sec total\n|\n|t:|1783555478\n|move|p2a: Overqwil|Crunch|p1a: Vespiquen\n|-damage|p1a: Vespiquen|77/299 psn\n|move|p1a: Vespiquen|Roost|p1a: Vespiquen\n|-heal|p1a: Vespiquen|227/299 psn\n|-singleturn|p1a: Vespiquen|move: Roost\n|\n|-damage|p1a: Vespiquen|190/299 psn|[from] psn\n|upkeep\n|turn|6\n|inactive|Time left: 300 sec this turn | 300 sec total\n|\n|t:|1783555479\n|move|p2a: Overqwil|Gunk Shot|p1a: Vespiquen\n|-damage|p1a: Vespiquen|82/299 psn\n|move|p1a: Vespiquen|U-turn|p2a: Overqwil\n|-damage|p2a: Overqwil|4/100\n|inactive|Time left: 300 sec this turn | 300 sec total | 5 sec grace\n|\n|t:|1783555480\n|switch|p1a: Shiftry|Shiftry, L89, M|305/305|[from] U-turn\n|\n|upkeep\n|turn|7\n|inactive|Time left: 300 sec this turn | 300 sec total\n|\n|t:|1783555481\n|move|p1a: Shiftry|Knock Off|p2a: Overqwil\n|-resisted|p2a: Overqwil\n|-damage|p2a: Overqwil|0 fnt\n|faint|p2a: Overqwil\n|-damage|p1a: Shiftry|275/305|[from] item: Life Orb\n|\n|upkeep\n|\n|t:|1783555482\n|switch|p2a: Falinks|Falinks, L84|100/100\n|turn|8\n|inactive|Time left: 300 sec this turn | 300 sec total\n|\n|t:|1783555483\n|move|p1a: Shiftry|Leaf Blade|p2a: Falinks\n|-damage|p2a: Falinks|48/100\n|-damage|p1a: Shiftry|245/305|[from] item: Life Orb\n|move|p2a: Falinks|No Retreat|p2a: Falinks\n|-boost|p2a: Falinks|atk|1\n|-boost|p2a: Falinks|def|1\n|-boost|p2a: Falinks|spa|1\n|-boost|p2a: Falinks|spd|1\n|-boost|p2a: Falinks|spe|1\n|-start|p2a: Falinks|move: No Retreat\n|\n|upkeep\n|turn|9\n|inactive|Time left: 300 sec this turn | 300 sec total\n|\n|t:|1783555484\n|move|p2a: Falinks|Close Combat|p1a: Shiftry\n|-supereffective|p1a: Shiftry\n|-damage|p1a: Shiftry|0 fnt\n|-unboost|p2a: Falinks|def|1\n|-unboost|p2a: Falinks|spd|1\n|faint|p1a: Shiftry\n|-damage|p2a: Falinks|38/100|[from] item: Life Orb\n|\n|upkeep\n|inactive|Time left: 300 sec this turn | 300 sec total | 5 sec grace\n|\n|t:|1783555485\n|switch|p1a: Persian|Persian, L92, F|269/269\n|turn|10\n|inactive|Time left: 300 sec this turn | 300 sec total\n|\n|t:|1783555486\n|move|p1a: Persian|Double-Edge|p2a: Falinks\n|-damage|p2a: Falinks|0 fnt\n|faint|p2a: Falinks\n|-damage|p1a: Persian|238/269|[from] Recoil\n|\n|upkeep\n|\n|t:|1783555487\n|switch|p2a: Ceruledge|Ceruledge, L78, F|100/100\n|turn|11\n|inactive|Time left: 300 sec this turn | 300 sec total\n|\n|t:|1783555488\n|switch|p1a: Milotic|Milotic, L83, F|293/293\n|move|p2a: Ceruledge|Swords Dance|p2a: Ceruledge\n|-boost|p2a: Ceruledge|atk|2\n|\n|upkeep\n|turn|12\n|inactive|Time left: 300 sec this turn | 300 sec total\n|\n|t:|1783555489\n|move|p1a: Milotic|Scald|p2a: Ceruledge\n|-supereffective|p2a: Ceruledge\n|-damage|p2a: Ceruledge|32/100\n|move|p2a: Ceruledge|Poltergeist|p1a: Milotic\n|-activate|p1a: Milotic|move: Poltergeist|Leftovers\n|-damage|p1a: Milotic|35/293\n|\n|-heal|p1a: Milotic|53/293|[from] item: Leftovers\n|upkeep\n|turn|13\n|inactive|Time left: 300 sec this turn | 300 sec total\n|\n|t:|1783555490\n|switch|p2a: Manaphy|Manaphy, L78|100/100\n|move|p1a: Milotic|Scald|p2a: Manaphy\n|-resisted|p2a: Manaphy\n|-damage|p2a: Manaphy|87/100\n|\n|-heal|p2a: Manaphy|93/100|[from] item: Leftovers\n|-heal|p1a: Milotic|71/293|[from] item: Leftovers\n|upkeep\n|turn|14\n|inactive|Time left: 300 sec this turn | 300 sec total\n|\n|t:|1783555491\n|move|p2a: Manaphy|Energy Ball|p1a: Milotic\n|-supereffective|p1a: Milotic\n|-damage|p1a: Milotic|0 fnt\n|faint|p1a: Milotic\n|\n|-heal|p2a: Manaphy|99/100|[from] item: Leftovers\n|upkeep\n|inactive|Time left: 300 sec this turn | 300 sec total | 5 sec grace\n|\n|t:|1783555491\n|switch|p1a: Exeggutor|Exeggutor-Alola, L89, M|314/314\n|turn|15\n|inactive|Time left: 300 sec this turn | 300 sec total\n|\n|t:|1783555492\n|-terastallize|p2a: Manaphy|Grass\n|move|p2a: Manaphy|Tail Glow|p2a: Manaphy\n|-boost|p2a: Manaphy|spa|3\n|move|p1a: Exeggutor|Wood Hammer|p2a: Manaphy\n|-resisted|p2a: Manaphy\n|-damage|p2a: Manaphy|75/100\n|-damage|p1a: Exeggutor|292/314|[from] Recoil\n|\n|-heal|p2a: Manaphy|81/100|[from] item: Leftovers\n|upkeep\n|turn|16\n|inactive|Time left: 300 sec this turn | 300 sec total\n|\n|t:|1783555493\n|-terastallize|p1a: Exeggutor|Fire\n|move|p2a: Manaphy|Surf|p1a: Exeggutor\n|-supereffective|p1a: Exeggutor\n|-damage|p1a: Exeggutor|0 fnt\n|faint|p1a: Exeggutor\n|\n|-heal|p2a: Manaphy|87/100|[from] item: Leftovers\n|upkeep\n|inactive|Time left: 300 sec this turn | 300 sec total | 5 sec grace\n|\n|t:|1783555493\n|switch|p1a: Persian|Persian, L92, F|238/269\n|turn|17\n|inactive|Time left: 300 sec this turn | 300 sec total\n|\n|t:|1783555494\n|move|p1a: Persian|U-turn|p2a: Manaphy\n|-supereffective|p2a: Manaphy\n|-damage|p2a: Manaphy|42/100\n|inactive|Time left: 300 sec this turn | 300 sec total | 5 sec grace\n|\n|t:|1783555495\n|switch|p1a: Vespiquen|Vespiquen, L99, F|82/299 psn|[from] U-turn\n|-ability|p1a: Vespiquen|Pressure\n|move|p2a: Manaphy|Energy Ball|p1a: Vespiquen\n|-resisted|p1a: Vespiquen\n|-damage|p1a: Vespiquen|43/299 psn\n|\n|-heal|p2a: Manaphy|48/100|[from] item: Leftovers\n|-damage|p1a: Vespiquen|6/299 psn|[from] psn\n|upkeep\n|turn|18\n|inactive|Time left: 300 sec this turn | 300 sec total\n|\n|t:|1783555496\n|move|p2a: Manaphy|Energy Ball|p1a: Vespiquen\n|-resisted|p1a: Vespiquen\n|-damage|p1a: Vespiquen|0 fnt\n|faint|p1a: Vespiquen\n|\n|-heal|p2a: Manaphy|54/100|[from] item: Leftovers\n|upkeep\n|inactive|Time left: 300 sec this turn | 300 sec total | 5 sec grace\n|\n|t:|1783555497\n|switch|p1a: Persian|Persian, L92, F|238/269\n|turn|19\n|inactive|Time left: 300 sec this turn | 300 sec total\n|\n|t:|1783555498\n|switch|p2a: Mudsdale|Mudsdale, L83, F|100/100\n|move|p1a: Persian|U-turn|p2a: Mudsdale\n|-damage|p2a: Mudsdale|79/100\n|-ability|p2a: Mudsdale|Stamina|boost\n|-boost|p2a: Mudsdale|def|1\n|inactive|Time left: 300 sec this turn | 300 sec total | 5 sec grace\n|\n|t:|1783555499\n|switch|p1a: Bronzong|Bronzong, L88|261/261|[from] U-turn\n|\n|-heal|p2a: Mudsdale|85/100|[from] item: Leftovers\n|upkeep\n|turn|20\n|inactive|Time left: 300 sec this turn | 300 sec total\n|\n|t:|1783555500\n|move|p1a: Bronzong|Psychic Noise|p2a: Mudsdale\n|-damage|p2a: Mudsdale|58/100\n|-start|p2a: Mudsdale|move: Heal Block\n|-ability|p2a: Mudsdale|Stamina|boost\n|-boost|p2a: Mudsdale|def|1\n|move|p2a: Mudsdale|Roar|p1a: Bronzong\n|drag|p1a: Persian|Persian, L92, F|238/269\n|\n|upkeep\n|turn|21\n|inactive|Time left: 300 sec this turn | 300 sec total\n|\n|t:|1783555501\n|move|p1a: Persian|U-turn|p2a: Mudsdale\n|-damage|p2a: Mudsdale|48/100\n|-ability|p2a: Mudsdale|Stamina|boost\n|-boost|p2a: Mudsdale|def|1\n|inactive|Time left: 300 sec this turn | 300 sec total | 5 sec grace\n|\n|t:|1783555502\n|switch|p1a: Bronzong|Bronzong, L88|261/261|[from] U-turn\n|move|p2a: Mudsdale|Stone Edge|p1a: Bronzong\n|-resisted|p1a: Bronzong\n|-damage|p1a: Bronzong|226/261\n|\n|-heal|p1a: Bronzong|242/261|[from] item: Leftovers\n|-end|p2a: Mudsdale|move: Heal Block\n|upkeep\n|turn|22\n|inactive|Time left: 300 sec this turn | 300 sec total\n|\n|t:|1783555503\n|move|p1a: Bronzong|Psychic Noise|p2a: Mudsdale\n|-damage|p2a: Mudsdale|23/100\n|-start|p2a: Mudsdale|move: Heal Block\n|-ability|p2a: Mudsdale|Stamina|boost\n|-boost|p2a: Mudsdale|def|1\n|move|p2a: Mudsdale|Roar|p1a: Bronzong\n|drag|p1a: Persian|Persian, L92, F|238/269\n|\n|upkeep\n|turn|23\n|inactive|Time left: 300 sec this turn | 300 sec total\n|\n|t:|1783555504\n|move|p1a: Persian|U-turn|p2a: Mudsdale\n|-damage|p2a: Mudsdale|15/100\n|-ability|p2a: Mudsdale|Stamina|boost\n|-boost|p2a: Mudsdale|def|1\n|inactive|Time left: 300 sec this turn | 300 sec total | 5 sec grace\n|\n|t:|1783555505\n|switch|p1a: Bronzong|Bronzong, L88|242/261|[from] U-turn\n|move|p2a: Mudsdale|Heavy Slam|p1a: Bronzong\n|-resisted|p1a: Bronzong\n|-damage|p1a: Bronzong|210/261\n|\n|-heal|p1a: Bronzong|226/261|[from] item: Leftovers\n|-end|p2a: Mudsdale|move: Heal Block\n|upkeep\n|turn|24\n|inactive|Time left: 300 sec this turn | 300 sec total\n|\n|t:|1783555507\n|move|p1a: Bronzong|Psychic Noise|p2a: Mudsdale\n|-damage|p2a: Mudsdale|0 fnt\n|faint|p2a: Mudsdale\n|\n|-heal|p1a: Bronzong|242/261|[from] item: Leftovers\n|upkeep\n|\n|t:|1783555508\n|switch|p2a: Delphox|Delphox, L84, M|100/100\n|turn|25\n|inactive|Time left: 300 sec this turn | 300 sec total\n|\n|t:|1783555509\n|switch|p1a: Persian|Persian, L92, F|238/269\n|move|p2a: Delphox|Fire Blast|p1a: Persian\n|-damage|p1a: Persian|100/269\n|\n|upkeep\n|turn|26\n|inactive|Time left: 300 sec this turn | 300 sec total\n|\n|t:|1783555510\n|move|p1a: Persian|U-turn|p2a: Delphox\n|-damage|p2a: Delphox|69/100\n|inactive|Time left: 300 sec this turn | 300 sec total | 5 sec grace\n|\n|t:|1783555511\n|switch|p1a: Bronzong|Bronzong, L88|242/261|[from] U-turn\n|move|p2a: Delphox|Fire Blast|p1a: Bronzong\n|-supereffective|p1a: Bronzong\n|-damage|p1a: Bronzong|36/261\n|\n|-heal|p1a: Bronzong|52/261|[from] item: Leftovers\n|upkeep\n|turn|27\n|inactive|Time left: 300 sec this turn | 300 sec total\n|\n|t:|1783555512\n|move|p2a: Delphox|Fire Blast|p1a: Bronzong\n|-supereffective|p1a: Bronzong\n|-damage|p1a: Bronzong|0 fnt\n|faint|p1a: Bronzong\n|\n|upkeep\n|inactive|Time left: 300 sec this turn | 300 sec total | 5 sec grace\n|\n|t:|1783555513\n|switch|p1a: Persian|Persian, L92, F|100/269\n|turn|28\n|inactive|Time left: 300 sec this turn | 300 sec total\n|\n|t:|1783555514\n|switch|p2a: Ceruledge|Ceruledge, L78, F|32/100\n|move|p1a: Persian|Knock Off|p2a: Ceruledge\n|-supereffective|p2a: Ceruledge\n|-damage|p2a: Ceruledge|0 fnt\n|-enditem|p2a: Ceruledge|Heavy-Duty Boots|[from] move: Knock Off|[of] p1a: Persian\n|faint|p2a: Ceruledge\n|\n|upkeep\n|\n|t:|1783555515\n|switch|p2a: Manaphy|Manaphy, L78, tera:Grass|54/100\n|turn|29\n|inactive|Time left: 300 sec this turn | 300 sec total\n|\n|t:|1783555516\n|move|p1a: Persian|Knock Off|p2a: Manaphy\n|-damage|p2a: Manaphy|20/100\n|-enditem|p2a: Manaphy|Leftovers|[from] move: Knock Off|[of] p1a: Persian\n|move|p2a: Manaphy|Surf|p1a: Persian\n|-damage|p1a: Persian|0 fnt\n|faint|p1a: Persian\n|\n|win|p0y14122e9c", "uploadtime": 1783555516, "views": 0, "rating": 0, "private": 0, "password": null, "_winner": "p0y14122e9c", "_our_name": "p0x14126417"}