{"id": "battle-gen9randombattle-1542", "formatid": "gen9randombattle", "format": "[Gen 9] Random Battle", "players": ["p0x1542f2cb", "p0y1542b60d"], "log": "|init|battle\n|title|p0x1542f2cb vs. p0y1542b60d\n|j|\u2606p0x1542f2cb\n|j|\u2606p0y1542b60d\n|t:|1783557922\n|gametype|singles\n|player|p1|p0x1542f2cb|101|\n|player|p2|p0y1542b60d|169|\n|gen|9\n|tier|[Gen 9] Random Battle\n|rule|Species Clause: Limit one of each Pok\u00e9mon\n|rule|HP Percentage Mod: HP is shown in percentages\n|rule|Sleep Clause Mod: Limit one foe put to sleep\n|rule|Illusion Level Mod: Illusion disguises the Pok\u00e9mon's true level\n|\n|t:|1783557922\n|teamsize|p1|6\n|teamsize|p2|6\n|start\n|switch|p1a: Perrserker|Perrserker, L89, F|269/269\n|switch|p2a: Bastiodon|Bastiodon, L89, M|100/100\n|turn|1\n|inactive|Battle timer is ON: inactive players will automatically lose when time's up. (requested by p0y1542b60d)\n|inactive|Time left: 300 sec this turn | 300 sec total | 60 sec grace\n|inactive|p0x1542f2cb also wants the timer to be on.\n|\n|t:|1783557923\n|-terastallize|p2a: Bastiodon|Fighting\n|move|p1a: Perrserker|Close Combat|p2a: Bastiodon\n|-crit|p2a: Bastiodon\n|-damage|p2a: Bastiodon|31/100\n|-unboost|p1a: Perrserker|def|1\n|-unboost|p1a: Perrserker|spd|1\n|move|p2a: Bastiodon|Body Press|p1a: Perrserker\n|-supereffective|p1a: Perrserker\n|-damage|p1a: Perrserker|0 fnt\n|faint|p1a: Perrserker\n|\n|upkeep\n|inactive|Time left: 300 sec this turn | 300 sec total | 65 sec grace\n|\n|t:|1783557924\n|switch|p1a: Scovillain|Scovillain, L91, F|266/266\n|turn|2\n|inactive|Time left: 300 sec this turn | 300 sec total\n|\n|t:|1783557925\n|switch|p2a: Blaziken|Blaziken, L76, F|100/100\n|move|p1a: Scovillain|Energy Ball|p2a: Blaziken\n|-resisted|p2a: Blaziken\n|-damage|p2a: Blaziken|71/100\n|\n|upkeep\n|turn|3\n|inactive|Time left: 300 sec this turn | 300 sec total\n|\n|t:|1783557926\n|move|p1a: Scovillain|Energy Ball|p2a: Blaziken\n|-resisted|p2a: Blaziken\n|-damage|p2a: Blaziken|39/100\n|move|p2a: Blaziken|Close Combat|p1a: Scovillain\n|-damage|p1a: Scovillain|94/266\n|-unboost|p2a: Blaziken|def|1\n|-unboost|p2a: Blaziken|spd|1\n|-damage|p2a: Blaziken|29/100|[from] item: Life Orb\n|\n|-ability|p2a: Blaziken|Speed Boost|boost\n|-boost|p2a: Blaziken|spe|1\n|upkeep\n|turn|4\n|inactive|Time left: 300 sec this turn | 300 sec total\n|\n|t:|1783557927\n|move|p1a: Scovillain|Energy Ball|p2a: Blaziken\n|-resisted|p2a: Blaziken\n|-damage|p2a: Blaziken|0 fnt\n|faint|p2a: Blaziken\n|\n|upkeep\n|\n|t:|1783557928\n|switch|p2a: Polteageist|Polteageist, L78|100/100\n|turn|5\n|inactive|Time left: 300 sec this turn | 300 sec total\n|\n|t:|1783557929\n|move|p1a: Scovillain|Energy Ball|p2a: Polteageist\n|-damage|p2a: Polteageist|51/100\n|-start|p1a: Scovillain|Disable|Energy Ball|[from] ability: Cursed Body|[of] p2a: Polteageist\n|move|p2a: Polteageist|Shell Smash|p2a: Polteageist\n|-unboost|p2a: Polteageist|def|1\n|-unboost|p2a: Polteageist|spd|1\n|-boost|p2a: Polteageist|atk|2\n|-boost|p2a: Polteageist|spa|2\n|-boost|p2a: Polteageist|spe|2\n|-enditem|p2a: Polteageist|White Herb\n|-clearnegativeboost|p2a: Polteageist|[silent]\n|\n|upkeep\n|turn|6\n|inactive|Time left: 300 sec this turn | 300 sec total\n|\n|t:|1783557929\n|switch|p1a: Umbreon|Umbreon, L84, M|297/297\n|move|p2a: Polteageist|Strength Sap|p1a: Umbreon\n|-unboost|p1a: Umbreon|atk|1\n|-heal|p2a: Polteageist|100/100\n|\n|upkeep\n|turn|7\n|inactive|Time left: 300 sec this turn | 300 sec total\n|\n|t:|1783557931\n|move|p2a: Polteageist|Stored Power|p1a: Umbreon\n|-immune|p1a: Umbreon\n|move|p1a: Umbreon|Foul Play|p2a: Polteageist\n|-supereffective|p2a: Polteageist\n|-damage|p2a: Polteageist|0 fnt\n|faint|p2a: Polteageist\n|\n|upkeep\n|\n|t:|1783557932\n|switch|p2a: Bastiodon|Bastiodon, L89, M, tera:Fighting|31/100\n|turn|8\n|inactive|Time left: 300 sec this turn | 300 sec total\n|\n|t:|1783557933\n|switch|p1a: Zekrom|Zekrom, L71|259/259\n|-ability|p1a: Zekrom|Teravolt\n|move|p2a: Bastiodon|Rest|p2a: Bastiodon\n|-status|p2a: Bastiodon|slp|[from] move: Rest\n|-heal|p2a: Bastiodon|100/100 slp|[silent]\n|-enditem|p2a: Bastiodon|Chesto Berry|[eat]\n|-curestatus|p2a: Bastiodon|slp|[msg]\n|\n|upkeep\n|turn|9\n|inactive|Time left: 300 sec this turn | 300 sec total\n|\n|t:|1783557934\n|move|p1a: Zekrom|Dragon Dance|p1a: Zekrom\n|-boost|p1a: Zekrom|atk|1\n|-boost|p1a: Zekrom|spe|1\n|move|p2a: Bastiodon|Body Press|p1a: Zekrom\n|-damage|p1a: Zekrom|126/259\n|\n|-heal|p1a: Zekrom|142/259|[from] item: Leftovers\n|upkeep\n|turn|10\n|inactive|Time left: 300 sec this turn | 300 sec total\n|\n|t:|1783557935\n|-terastallize|p1a: Zekrom|Fairy\n|move|p1a: Zekrom|Outrage|p2a: Bastiodon\n|-damage|p2a: Bastiodon|55/100\n|move|p2a: Bastiodon|Body Press|p1a: Zekrom\n|-resisted|p1a: Zekrom\n|-damage|p1a: Zekrom|73/259\n|\n|-heal|p1a: Zekrom|89/259|[from] item: Leftovers\n|upkeep\n|turn|11\n|inactive|Time left: 300 sec this turn | 300 sec total\n|\n|t:|1783557936\n|move|p1a: Zekrom|Outrage|p2a: Bastiodon|[from] lockedmove\n|-damage|p2a: Bastiodon|13/100\n|move|p2a: Bastiodon|Rest|p2a: Bastiodon\n|-status|p2a: Bastiodon|slp|[from] move: Rest\n|-heal|p2a: Bastiodon|100/100 slp|[silent]\n|\n|-heal|p1a: Zekrom|105/259|[from] item: Leftovers\n|upkeep\n|turn|12\n|inactive|Time left: 300 sec this turn | 300 sec total\n|\n|t:|1783557937\n|move|p1a: Zekrom|Outrage|p2a: Bastiodon|[from] lockedmove\n|-damage|p2a: Bastiodon|60/100 slp\n|-start|p1a: Zekrom|confusion|[fatigue]\n|cant|p2a: Bastiodon|slp\n|\n|-heal|p1a: Zekrom|121/259|[from] item: Leftovers\n|upkeep\n|turn|13\n|inactive|Time left: 300 sec this turn | 300 sec total\n|\n|t:|1783557938\n|-activate|p1a: Zekrom|confusion\n|move|p1a: Zekrom|Outrage|p2a: Bastiodon\n|-damage|p2a: Bastiodon|19/100 slp\n|cant|p2a: Bastiodon|slp\n|\n|-heal|p1a: Zekrom|137/259|[from] item: Leftovers\n|upkeep\n|turn|14\n|inactive|Time left: 300 sec this turn | 300 sec total\n|\n|t:|1783557939\n|-activate|p1a: Zekrom|confusion\n|move|p1a: Zekrom|Outrage|p2a: Bastiodon|[from] lockedmove\n|-damage|p2a: Bastiodon|0 fnt\n|faint|p2a: Bastiodon\n|\n|-heal|p1a: Zekrom|153/259|[from] item: Leftovers\n|upkeep\n|\n|t:|1783557940\n|switch|p2a: Spiritomb|Spiritomb, L89, F|100/100\n|turn|15\n|inactive|Time left: 300 sec this turn | 300 sec total\n|\n|t:|1783557941\n|-activate|p1a: Zekrom|confusion\n|-damage|p1a: Zekrom|112/259|[from] confusion\n|move|p2a: Spiritomb|Will-O-Wisp|p1a: Zekrom\n|-status|p1a: Zekrom|brn\n|\n|-heal|p1a: Zekrom|128/259 brn|[from] item: Leftovers\n|-damage|p1a: Zekrom|112/259 brn|[from] brn\n|upkeep\n|turn|16\n|inactive|Time left: 300 sec this turn | 300 sec total\n|\n|t:|1783557942\n|-end|p1a: Zekrom|confusion\n|move|p1a: Zekrom|Outrage|p2a: Spiritomb\n|-damage|p2a: Spiritomb|67/100\n|move|p2a: Spiritomb|Poltergeist|p1a: Zekrom|[miss]\n|-miss|p2a: Spiritomb|p1a: Zekrom\n|\n|-heal|p1a: Zekrom|128/259 brn|[from] item: Leftovers\n|-heal|p2a: Spiritomb|73/100|[from] item: Leftovers\n|-damage|p1a: Zekrom|112/259 brn|[from] brn\n|upkeep\n|turn|17\n|inactive|Time left: 300 sec this turn | 300 sec total\n|\n|t:|1783557943\n|move|p1a: Zekrom|Outrage|p2a: Spiritomb|[from] lockedmove\n|-damage|p2a: Spiritomb|42/100\n|move|p2a: Spiritomb|Poltergeist|p1a: Zekrom\n|-activate|p1a: Zekrom|move: Poltergeist|Leftovers\n|-damage|p1a: Zekrom|4/259 brn\n|\n|-heal|p1a: Zekrom|20/259 brn|[from] item: Leftovers\n|-heal|p2a: Spiritomb|48/100|[from] item: Leftovers\n|-damage|p1a: Zekrom|4/259 brn|[from] brn\n|upkeep\n|turn|18\n|inactive|Time left: 300 sec this turn | 300 sec total\n|\n|t:|1783557944\n|move|p1a: Zekrom|Outrage|p2a: Spiritomb|[from] lockedmove\n|-damage|p2a: Spiritomb|15/100\n|-start|p1a: Zekrom|confusion|[fatigue]\n|move|p2a: Spiritomb|Will-O-Wisp|p1a: Zekrom\n|-fail|p1a: Zekrom|brn\n|\n|-heal|p1a: Zekrom|20/259 brn|[from] item: Leftovers\n|-heal|p2a: Spiritomb|21/100|[from] item: Leftovers\n|-damage|p1a: Zekrom|4/259 brn|[from] brn\n|upkeep\n|turn|19\n|inactive|Time left: 300 sec this turn | 300 sec total\n|\n|t:|1783557945\n|switch|p1a: Darkrai|Darkrai, L77|234/234\n|switch|p2a: Blissey|Blissey, L85, F|100/100\n|\n|upkeep\n|turn|20\n|inactive|Time left: 300 sec this turn | 300 sec total\n|\n|t:|1783557946\n|move|p1a: Darkrai|Nasty Plot|p1a: Darkrai\n|-boost|p1a: Darkrai|spa|2\n|move|p2a: Blissey|Seismic Toss|p1a: Darkrai\n|-damage|p1a: Darkrai|149/234\n|\n|-heal|p1a: Darkrai|163/234|[from] item: Leftovers\n|upkeep\n|turn|21\n|inactive|Time left: 300 sec this turn | 300 sec total\n|\n|t:|1783557947\n|move|p1a: Darkrai|Nasty Plot|p1a: Darkrai\n|-boost|p1a: Darkrai|spa|2\n|move|p2a: Blissey|Seismic Toss|p1a: Darkrai\n|-damage|p1a: Darkrai|78/234\n|\n|-heal|p1a: Darkrai|92/234|[from] item: Leftovers\n|upkeep\n|turn|22\n|inactive|Time left: 300 sec this turn | 300 sec total\n|\n|t:|1783557948\n|move|p1a: Darkrai|Dark Pulse|p2a: Blissey\n|-damage|p2a: Blissey|68/100\n|cant|p2a: Blissey|flinch\n|\n|-heal|p1a: Darkrai|106/234|[from] item: Leftovers\n|-heal|p2a: Blissey|74/100|[from] item: Leftovers\n|upkeep\n|turn|23\n|inactive|Time left: 300 sec this turn | 300 sec total\n|\n|t:|1783557949\n|move|p1a: Darkrai|Dark Pulse|p2a: Blissey\n|-damage|p2a: Blissey|41/100\n|move|p2a: Blissey|Seismic Toss|p1a: Darkrai\n|-damage|p1a: Darkrai|21/234\n|\n|-heal|p1a: Darkrai|35/234|[from] item: Leftovers\n|-heal|p2a: Blissey|47/100|[from] item: Leftovers\n|upkeep\n|turn|24\n|inactive|Time left: 300 sec this turn | 300 sec total\n|\n|t:|1783557950\n|move|p1a: Darkrai|Dark Pulse|p2a: Blissey\n|-damage|p2a: Blissey|12/100\n|move|p2a: Blissey|Seismic Toss|p1a: Darkrai\n|-damage|p1a: Darkrai|0 fnt\n|faint|p1a: Darkrai\n|\n|-heal|p2a: Blissey|18/100|[from] item: Leftovers\n|upkeep\n|inactive|Time left: 300 sec this turn | 300 sec total | 5 sec grace\n|\n|t:|1783557950\n|switch|p1a: Scyther|Scyther, L82, F|249/249\n|turn|25\n|inactive|Time left: 300 sec this turn | 300 sec total\n|\n|t:|1783557951\n|switch|p2a: Cinderace|Cinderace, L77, F|100/100\n|move|p1a: Scyther|U-turn|p2a: Cinderace\n|-resisted|p2a: Cinderace\n|-damage|p2a: Cinderace|81/100\n|inactive|Time left: 300 sec this turn | 300 sec total | 5 sec grace\n|\n|t:|1783557952\n|switch|p1a: Umbreon|Umbreon, L84, M|297/297|[from] U-turn\n|\n|upkeep\n|turn|26\n|inactive|Time left: 300 sec this turn | 300 sec total\n|\n|t:|1783557953\n|move|p2a: Cinderace|U-turn|p1a: Umbreon\n|-start|p2a: Cinderace|typechange|Bug|[from] ability: Libero\n|-supereffective|p1a: Umbreon\n|-damage|p1a: Umbreon|175/297\n|\n|t:|1783557954\n|switch|p2a: Blissey|Blissey, L85, F|18/100|[from] U-turn\n|move|p1a: Umbreon|Foul Play|p2a: Blissey\n|-damage|p2a: Blissey|12/100\n|\n|-heal|p1a: Umbreon|193/297|[from] item: Leftovers\n|-heal|p2a: Blissey|18/100|[from] item: Leftovers\n|upkeep\n|turn|27\n|inactive|Time left: 300 sec this turn | 300 sec total\n|\n|t:|1783557955\n|move|p1a: Umbreon|Foul Play|p2a: Blissey\n|-damage|p2a: Blissey|13/100\n|move|p2a: Blissey|Soft-Boiled|p2a: Blissey\n|-heal|p2a: Blissey|63/100\n|\n|-heal|p1a: Umbreon|211/297|[from] item: Leftovers\n|-heal|p2a: Blissey|69/100|[from] item: Leftovers\n|upkeep\n|turn|28\n|inactive|Time left: 300 sec this turn | 300 sec total\n|\n|t:|1783557956\n|move|p1a: Umbreon|Toxic|p2a: Blissey\n|-status|p2a: Blissey|tox\n|move|p2a: Blissey|Soft-Boiled|p2a: Blissey\n|-heal|p2a: Blissey|100/100 tox\n|\n|-heal|p1a: Umbreon|229/297|[from] item: Leftovers\n|-damage|p2a: Blissey|94/100 tox|[from] psn\n|upkeep\n|turn|29\n|inactive|Time left: 300 sec this turn | 300 sec total\n|\n|t:|1783557957\n|move|p1a: Umbreon|Foul Play|p2a: Blissey\n|-damage|p2a: Blissey|89/100 tox\n|move|p2a: Blissey|Heal Bell|p2a: Blissey\n|-activate|p2a: Blissey|move: Heal Bell\n|-curestatus|p2a: Blissey|tox|[msg]\n|\n|-heal|p1a: Umbreon|247/297|[from] item: Leftovers\n|-heal|p2a: Blissey|95/100|[from] item: Leftovers\n|upkeep\n|turn|30\n|inactive|Time left: 300 sec this turn | 300 sec total\n|\n|t:|1783557958\n|move|p1a: Umbreon|Wish|p1a: Umbreon\n|move|p2a: Blissey|Seismic Toss|p1a: Umbreon\n|-damage|p1a: Umbreon|162/297\n|\n|-heal|p1a: Umbreon|180/297|[from] item: Leftovers\n|-heal|p2a: Blissey|100/100|[from] item: Leftovers\n|upkeep\n|turn|31\n|inactive|Time left: 300 sec this turn | 300 sec total\n|\n|t:|1783557958\n|move|p1a: Umbreon|Foul Play|p2a: Blissey\n|-damage|p2a: Blissey|95/100\n|move|p2a: Blissey|Seismic Toss|p1a: Umbreon\n|-damage|p1a: Umbreon|95/297\n|\n|-heal|p1a: Umbreon|243/297|[from] move: Wish|[wisher] Umbreon\n|-heal|p1a: Umbreon|261/297|[from] item: Leftovers\n|-heal|p2a: Blissey|100/100|[from] item: Leftovers\n|upkeep\n|turn|32\n|inactive|Time left: 300 sec this turn | 300 sec total\n|\n|t:|1783557959\n|move|p1a: Umbreon|Wish|p1a: Umbreon\n|move|p2a: Blissey|Thunder Wave|p1a: Umbreon|[miss]\n|-miss|p2a: Blissey|p1a: Umbreon\n|\n|-heal|p1a: Umbreon|279/297|[from] item: Leftovers\n|upkeep\n|turn|33\n|inactive|Time left: 300 sec this turn | 300 sec total\n|\n|t:|1783557960\n|move|p1a: Umbreon|Foul Play|p2a: Blissey\n|-damage|p2a: Blissey|95/100\n|move|p2a: Blissey|Seismic Toss|p1a: Umbreon\n|-damage|p1a: Umbreon|194/297\n|\n|-heal|p1a: Umbreon|297/297|[from] move: Wish|[wisher] Umbreon\n|-heal|p2a: Blissey|100/100|[from] item: Leftovers\n|upkeep\n|turn|34\n|inactive|Time left: 300 sec this turn | 300 sec total\n|\n|t:|1783557961\n|move|p1a: Umbreon|Foul Play|p2a: Blissey\n|-damage|p2a: Blissey|95/100\n|move|p2a: Blissey|Seismic Toss|p1a: Umbreon\n|-damage|p1a: Umbreon|212/297\n|\n|-heal|p1a: Umbreon|230/297|[from] item: Leftovers\n|-heal|p2a: Blissey|100/100|[from] item: Leftovers\n|upkeep\n|turn|35\n|inactive|Time left: 300 sec this turn | 300 sec total\n|\n|t:|1783557962\n|move|p1a: Umbreon|Wish|p1a: Umbreon\n|move|p2a: Blissey|Thunder Wave|p1a: Umbreon|[miss]\n|-miss|p2a: Blissey|p1a: Umbreon\n|\n|-heal|p1a: Umbreon|248/297|[from] item: Leftovers\n|upkeep\n|turn|36\n|inactive|Time left: 300 sec this turn | 300 sec total\n|\n|t:|1783557963\n|move|p1a: Umbreon|Toxic|p2a: Blissey|[miss]\n|-miss|p1a: Umbreon|p2a: Blissey\n|move|p2a: Blissey|Seismic Toss|p1a: Umbreon\n|-damage|p1a: Umbreon|163/297\n|\n|-heal|p1a: Umbreon|297/297|[from] move: Wish|[wisher] Umbreon\n|upkeep\n|turn|37\n|inactive|Time left: 300 sec this turn | 300 sec total\n|\n|t:|1783557964\n|move|p1a: Umbreon|Wish|p1a: Umbreon\n|move|p2a: Blissey|Thunder Wave|p1a: Umbreon\n|-status|p1a: Umbreon|par\n|-activate|p1a: Umbreon|ability: Synchronize\n|-status|p2a: Blissey|par\n|\n|upkeep\n|turn|38\n|inactive|Time left: 300 sec this turn | 300 sec total\n|\n|t:|1783557965\n|switch|p1a: Scovillain|Scovillain, L91, F|94/266\n|move|p2a: Blissey|Seismic Toss|p1a: Scovillain\n|-damage|p1a: Scovillain|9/266\n|\n|-heal|p1a: Scovillain|157/266|[from] move: Wish|[wisher] Umbreon\n|upkeep\n|turn|39\n|inactive|Time left: 300 sec this turn | 300 sec total\n|\n|t:|1783557966\n|switch|p1a: Umbreon|Umbreon, L84, M|297/297 par\n|move|p2a: Blissey|Seismic Toss|p1a: Umbreon\n|-damage|p1a: Umbreon|212/297 par\n|\n|-heal|p1a: Umbreon|230/297 par|[from] item: Leftovers\n|upkeep\n|turn|40\n|inactive|Time left: 300 sec this turn | 300 sec total\n|\n|t:|1783557966\n|move|p1a: Umbreon|Foul Play|p2a: Blissey\n|-damage|p2a: Blissey|95/100 par\n|move|p2a: Blissey|Seismic Toss|p1a: Umbreon\n|-damage|p1a: Umbreon|145/297 par\n|\n|-heal|p1a: Umbreon|163/297 par|[from] item: Leftovers\n|-heal|p2a: Blissey|100/100 par|[from] item: Leftovers\n|upkeep\n|turn|41\n|inactive|Time left: 300 sec this turn | 300 sec total\n|\n|t:|1783557967\n|move|p1a: Umbreon|Foul Play|p2a: Blissey\n|-damage|p2a: Blissey|95/100 par\n|cant|p2a: Blissey|par\n|\n|-heal|p1a: Umbreon|181/297 par|[from] item: Leftovers\n|-heal|p2a: Blissey|100/100 par|[from] item: Leftovers\n|upkeep\n|turn|42\n|inactive|Time left: 300 sec this turn | 300 sec total\n|\n|t:|1783557968\n|move|p1a: Umbreon|Foul Play|p2a: Blissey\n|-damage|p2a: Blissey|95/100 par\n|cant|p2a: Blissey|par\n|\n|-heal|p1a: Umbreon|199/297 par|[from] item: Leftovers\n|-heal|p2a: Blissey|100/100 par|[from] item: Leftovers\n|upkeep\n|turn|43\n|inactive|Time left: 300 sec this turn | 300 sec total\n|\n|t:|1783557969\n|move|p1a: Umbreon|Wish|p1a: Umbreon\n|move|p2a: Blissey|Seismic Toss|p1a: Umbreon\n|-damage|p1a: Umbreon|114/297 par\n|\n|-heal|p1a: Umbreon|132/297 par|[from] item: Leftovers\n|upkeep\n|turn|44\n|inactive|Time left: 300 sec this turn | 300 sec total\n|\n|t:|1783557970\n|move|p1a: Umbreon|Foul Play|p2a: Blissey\n|-damage|p2a: Blissey|95/100 par\n|move|p2a: Blissey|Seismic Toss|p1a: Umbreon\n|-damage|p1a: Umbreon|47/297 par\n|\n|-heal|p1a: Umbreon|195/297 par|[from] move: Wish|[wisher] Umbreon\n|-heal|p1a: Umbreon|213/297 par|[from] item: Leftovers\n|-heal|p2a: Blissey|100/100 par|[from] item: Leftovers\n|upkeep\n|turn|45\n|inactive|Time left: 300 sec this turn | 300 sec total\n|\n|t:|1783557971\n|move|p1a: Umbreon|Wish|p1a: Umbreon\n|cant|p2a: Blissey|par\n|\n|-heal|p1a: Umbreon|231/297 par|[from] item: Leftovers\n|upkeep\n|turn|46\n|inactive|Time left: 300 sec this turn | 300 sec total\n|\n|t:|1783557972\n|move|p1a: Umbreon|Foul Play|p2a: Blissey\n|-damage|p2a: Blissey|95/100 par\n|move|p2a: Blissey|Seismic Toss|p1a: Umbreon\n|-damage|p1a: Umbreon|146/297 par\n|\n|-heal|p1a: Umbreon|294/297 par|[from] move: Wish|[wisher] Umbreon\n|-heal|p1a: Umbreon|297/297 par|[from] item: Leftovers\n|-heal|p2a: Blissey|100/100 par|[from] item: Leftovers\n|upkeep\n|turn|47\n|inactive|Time left: 300 sec this turn | 300 sec total\n|\n|t:|1783557973\n|cant|p1a: Umbreon|par\n|move|p2a: Blissey|Seismic Toss|p1a: Umbreon\n|-damage|p1a: Umbreon|212/297 par\n|\n|-heal|p1a: Umbreon|230/297 par|[from] item: Leftovers\n|upkeep\n|turn|48\n|inactive|Time left: 300 sec this turn | 300 sec total\n|\n|t:|1783557974\n|cant|p1a: Umbreon|par\n|move|p2a: Blissey|Seismic Toss|p1a: Umbreon\n|-damage|p1a: Umbreon|145/297 par\n|\n|-heal|p1a: Umbreon|163/297 par|[from] item: Leftovers\n|upkeep\n|turn|49\n|inactive|Time left: 300 sec this turn | 300 sec total\n|\n|t:|1783557975\n|cant|p1a: Umbreon|par\n|move|p2a: Blissey|Seismic Toss|p1a: Umbreon\n|-damage|p1a: Umbreon|78/297 par\n|\n|-heal|p1a: Umbreon|96/297 par|[from] item: Leftovers\n|upkeep\n|turn|50\n|inactive|Time left: 300 sec this turn | 300 sec total\n|\n|t:|1783557976\n|move|p1a: Umbreon|Wish|p1a: Umbreon\n|move|p2a: Blissey|Seismic Toss|p1a: Umbreon\n|-damage|p1a: Umbreon|11/297 par\n|\n|-heal|p1a: Umbreon|29/297 par|[from] item: Leftovers\n|upkeep\n|turn|51\n|inactive|Time left: 300 sec this turn | 300 sec total\n|\n|t:|1783557977\n|move|p1a: Umbreon|Foul Play|p2a: Blissey\n|-damage|p2a: Blissey|94/100 par\n|move|p2a: Blissey|Seismic Toss|p1a: Umbreon\n|-damage|p1a: Umbreon|0 fnt\n|faint|p1a: Umbreon\n|\n|-heal|p2a: Blissey|99/100 par|[from] item: Leftovers\n|upkeep\n|inactive|Time left: 300 sec this turn | 300 sec total | 5 sec grace\n|\n|t:|1783557978\n|switch|p1a: Scyther|Scyther, L82, F|249/249\n|turn|52\n|inactive|Time left: 300 sec this turn | 300 sec total\n|\n|t:|1783557979\n|-curestatus|p2a: Blissey|par|[from] ability: Natural Cure|[silent]\n|switch|p2a: Cinderace|Cinderace, L77, F|81/100\n|move|p1a: Scyther|Dual Wingbeat|p2a: Cinderace\n|-damage|p2a: Cinderace|45/100\n|-damage|p2a: Cinderace|15/100\n|-hitcount|p2a: Cinderace|2\n|\n|upkeep\n|turn|53\n|inactive|Time left: 300 sec this turn | 300 sec total\n|\n|t:|1783557980\n|switch|p1a: Zekrom|Zekrom, L71, tera:Fairy|4/259 brn\n|-ability|p1a: Zekrom|Teravolt\n|move|p2a: Cinderace|Pyro Ball|p1a: Zekrom\n|-damage|p1a: Zekrom|0 fnt\n|faint|p1a: Zekrom\n|\n|upkeep\n|inactive|Time left: 300 sec this turn | 300 sec total | 5 sec grace\n|\n|t:|1783557981\n|switch|p1a: Scovillain|Scovillain, L91, F|157/266\n|turn|54\n|inactive|Time left: 300 sec this turn | 300 sec total\n|\n|t:|1783557982\n|switch|p2a: Blissey|Blissey, L85, F|99/100\n|move|p1a: Scovillain|Flamethrower|p2a: Blissey\n|-damage|p2a: Blissey|85/100\n|\n|-heal|p2a: Blissey|92/100|[from] item: Leftovers\n|upkeep\n|turn|55\n|inactive|Time left: 300 sec this turn | 300 sec total\n|\n|t:|1783557983\n|move|p1a: Scovillain|Flamethrower|p2a: Blissey\n|-damage|p2a: Blissey|76/100\n|move|p2a: Blissey|Seismic Toss|p1a: Scovillain\n|-damage|p1a: Scovillain|72/266\n|\n|-heal|p2a: Blissey|82/100|[from] item: Leftovers\n|upkeep\n|turn|56\n|inactive|Time left: 300 sec this turn | 300 sec total\n|\n|t:|1783557984\n|move|p1a: Scovillain|Flamethrower|p2a: Blissey\n|-damage|p2a: Blissey|66/100\n|move|p2a: Blissey|Thunder Wave|p1a: Scovillain\n|-status|p1a: Scovillain|par\n|\n|-heal|p2a: Blissey|72/100|[from] item: Leftovers\n|upkeep\n|turn|57\n|inactive|Time left: 300 sec this turn | 300 sec total\n|\n|t:|1783557985\n|move|p2a: Blissey|Soft-Boiled|p2a: Blissey\n|-heal|p2a: Blissey|100/100\n|cant|p1a: Scovillain|par\n|\n|upkeep\n|turn|58\n|inactive|Time left: 300 sec this turn | 300 sec total\n|\n|t:|1783557986\n|switch|p2a: Spiritomb|Spiritomb, L89, F|21/100\n|move|p1a: Scovillain|Flamethrower|p2a: Spiritomb\n|-damage|p2a: Spiritomb|0 fnt\n|faint|p2a: Spiritomb\n|\n|upkeep\n|\n|t:|1783557987\n|switch|p2a: Cinderace|Cinderace, L77, F|15/100\n|turn|59\n|inactive|Time left: 300 sec this turn | 300 sec total\n|\n|t:|1783557988\n|move|p2a: Cinderace|Pyro Ball|p1a: Scovillain\n|-damage|p1a: Scovillain|0 fnt\n|faint|p1a: Scovillain\n|\n|upkeep\n|inactive|Time left: 300 sec this turn | 300 sec total | 5 sec grace\n|\n|t:|1783557989\n|switch|p1a: Scyther|Scyther, L82, F|249/249\n|turn|60\n|inactive|Time left: 300 sec this turn | 300 sec total\n|\n|t:|1783557989\n|move|p2a: Cinderace|Pyro Ball|p1a: Scyther\n|-supereffective|p1a: Scyther\n|-damage|p1a: Scyther|1/249\n|move|p1a: Scyther|Close Combat|p2a: Cinderace\n|-damage|p2a: Cinderace|0 fnt\n|-unboost|p1a: Scyther|def|1\n|-unboost|p1a: Scyther|spd|1\n|faint|p2a: Cinderace\n|\n|upkeep\n|\n|t:|1783557990\n|switch|p2a: Blissey|Blissey, L85, F|100/100\n|turn|61\n|inactive|Time left: 300 sec this turn | 300 sec total\n|\n|t:|1783557991\n|move|p1a: Scyther|Close Combat|p2a: Blissey\n|-supereffective|p2a: Blissey\n|-damage|p2a: Blissey|4/100\n|-unboost|p1a: Scyther|def|1\n|-unboost|p1a: Scyther|spd|1\n|move|p2a: Blissey|Seismic Toss|p1a: Scyther\n|-damage|p1a: Scyther|0 fnt\n|faint|p1a: Scyther\n|\n|win|p0y1542b60d", "uploadtime": 1783557991, "views": 0, "rating": 0, "private": 0, "password": null, "_winner": "p0y1542b60d", "_our_name": "p0x1542f2cb"}