{"id": "battle-gen9randombattle-34", "formatid": "gen9randombattle", "format": "[Gen 9] Random Battle", "players": ["p0x0347cf2", "p0y03425b3"], "log": "|init|battle\n|title|p0x0347cf2 vs. p0y03425b3\n|j|\u2606p0x0347cf2\n|j|\u2606p0y03425b3\n|t:|1783539814\n|gametype|singles\n|player|p1|p0x0347cf2|2|\n|player|p2|p0y03425b3|2|\n|gen|9\n|tier|[Gen 9] Random Battle\n|rule|Species Clause: Limit one of each Pok\u00e9mon\n|rule|HP Percentage Mod: HP is shown in percentages\n|rule|Sleep Clause Mod: Limit one foe put to sleep\n|rule|Illusion Level Mod: Illusion disguises the Pok\u00e9mon's true level\n|\n|t:|1783539814\n|teamsize|p1|6\n|teamsize|p2|6\n|start\n|switch|p1a: Terrakion|Terrakion, L79|273/273\n|switch|p2a: Deoxys|Deoxys, L74|100/100\n|-ability|p2a: Deoxys|Pressure\n|turn|1\n|inactive|Battle timer is ON: inactive players will automatically lose when time's up. (requested by p0y03425b3)\n|inactive|Time left: 300 sec this turn | 300 sec total | 60 sec grace\n|inactive|p0x0347cf2 also wants the timer to be on.\n|\n|t:|1783539815\n|move|p2a: Deoxys|Psycho Boost|p1a: Terrakion\n|-supereffective|p1a: Terrakion\n|-damage|p1a: Terrakion|0 fnt\n|-unboost|p2a: Deoxys|spa|2\n|faint|p1a: Terrakion\n|-damage|p2a: Deoxys|91/100|[from] item: Life Orb\n|\n|upkeep\n|inactive|Time left: 300 sec this turn | 300 sec total | 65 sec grace\n|\n|t:|1783539816\n|switch|p1a: Cinderace|Cinderace, L77, M|249/249\n|turn|2\n|inactive|Time left: 300 sec this turn | 300 sec total\n|\n|t:|1783539818\n|switch|p2a: Banette|Banette, L93, M|100/100\n|move|p1a: Cinderace|Pyro Ball|p2a: Banette\n|-damage|p2a: Banette|29/100\n|\n|upkeep\n|turn|3\n|inactive|Time left: 300 sec this turn | 300 sec total\n|\n|t:|1783539819\n|move|p2a: Banette|Shadow Sneak|p1a: Cinderace\n|-damage|p1a: Cinderace|154/249\n|-damage|p2a: Banette|19/100|[from] item: Life Orb\n|move|p1a: Cinderace|Pyro Ball|p2a: Banette|[miss]\n|-miss|p1a: Cinderace|p2a: Banette\n|\n|upkeep\n|turn|4\n|inactive|Time left: 300 sec this turn | 300 sec total\n|\n|t:|1783539820\n|move|p1a: Cinderace|Pyro Ball|p2a: Banette\n|-damage|p2a: Banette|0 fnt\n|faint|p2a: Banette\n|\n|upkeep\n|\n|t:|1783539821\n|switch|p2a: Grimmsnarl|Grimmsnarl, L83, M|100/100\n|turn|5\n|inactive|Time left: 300 sec this turn | 300 sec total\n|\n|t:|1783539822\n|move|p2a: Grimmsnarl|Reflect|p2a: Grimmsnarl\n|-sidestart|p2: p0y03425b3|Reflect\n|move|p1a: Cinderace|Pyro Ball|p2a: Grimmsnarl|[miss]\n|-miss|p1a: Cinderace|p2a: Grimmsnarl\n|\n|upkeep\n|turn|6\n|inactive|Time left: 300 sec this turn | 300 sec total\n|\n|t:|1783539823\n|move|p2a: Grimmsnarl|Thunder Wave|p1a: Cinderace\n|-status|p1a: Cinderace|par\n|move|p1a: Cinderace|Pyro Ball|p2a: Grimmsnarl\n|-damage|p2a: Grimmsnarl|58/100\n|\n|upkeep\n|turn|7\n|inactive|Time left: 300 sec this turn | 300 sec total\n|\n|t:|1783539824\n|move|p2a: Grimmsnarl|Spirit Break|p1a: Cinderace\n|-resisted|p1a: Cinderace\n|-damage|p1a: Cinderace|96/249 par\n|-unboost|p1a: Cinderace|spa|1\n|cant|p1a: Cinderace|par\n|\n|upkeep\n|turn|8\n|inactive|Time left: 300 sec this turn | 300 sec total\n|\n|t:|1783539825\n|move|p2a: Grimmsnarl|Light Screen|p2a: Grimmsnarl\n|-sidestart|p2: p0y03425b3|move: Light Screen\n|move|p1a: Cinderace|Pyro Ball|p2a: Grimmsnarl\n|-damage|p2a: Grimmsnarl|16/100\n|-status|p2a: Grimmsnarl|brn\n|\n|-damage|p2a: Grimmsnarl|10/100 brn|[from] brn\n|upkeep\n|turn|9\n|inactive|Time left: 300 sec this turn | 300 sec total\n|\n|t:|1783539826\n|switch|p2a: Morpeko|Morpeko, L88, M|100/100\n|move|p1a: Cinderace|Pyro Ball|p2a: Morpeko\n|-damage|p2a: Morpeko|49/100\n|\n|-heal|p2a: Morpeko|55/100|[from] item: Leftovers\n|-formechange|p2a: Morpeko|Morpeko-Hangry||[from] ability: Hunger Switch\n|upkeep\n|turn|10\n|inactive|Time left: 300 sec this turn | 300 sec total\n|\n|t:|1783539827\n|switch|p1a: Mandibuzz|Mandibuzz, L85, F|326/326\n|move|p2a: Morpeko|Aura Wheel|p1a: Mandibuzz\n|-resisted|p1a: Mandibuzz\n|-damage|p1a: Mandibuzz|270/326\n|-boost|p2a: Morpeko|spe|1\n|\n|-heal|p2a: Morpeko|61/100|[from] item: Leftovers\n|-formechange|p2a: Morpeko|Morpeko||[from] ability: Hunger Switch\n|upkeep\n|turn|11\n|inactive|Time left: 300 sec this turn | 300 sec total\n|\n|t:|1783539829\n|-terastallize|p1a: Mandibuzz|Steel\n|move|p2a: Morpeko|Aura Wheel|p1a: Mandibuzz\n|-damage|p1a: Mandibuzz|170/326\n|-boost|p2a: Morpeko|spe|1\n|move|p1a: Mandibuzz|Roost|p1a: Mandibuzz\n|-heal|p1a: Mandibuzz|326/326\n|\n|-heal|p2a: Morpeko|67/100|[from] item: Leftovers\n|-formechange|p2a: Morpeko|Morpeko-Hangry||[from] ability: Hunger Switch\n|upkeep\n|turn|12\n|inactive|Time left: 300 sec this turn | 300 sec total\n|\n|t:|1783539830\n|move|p2a: Morpeko|Aura Wheel|p1a: Mandibuzz\n|-damage|p1a: Mandibuzz|220/326\n|-boost|p2a: Morpeko|spe|1\n|move|p1a: Mandibuzz|Toxic|p2a: Morpeko\n|-status|p2a: Morpeko|tox\n|\n|-heal|p2a: Morpeko|74/100 tox|[from] item: Leftovers\n|-damage|p2a: Morpeko|67/100 tox|[from] psn\n|-sideend|p2: p0y03425b3|Reflect\n|-formechange|p2a: Morpeko|Morpeko||[from] ability: Hunger Switch\n|upkeep\n|turn|13\n|inactive|Time left: 300 sec this turn | 300 sec total\n|\n|t:|1783539831\n|move|p2a: Morpeko|Knock Off|p1a: Mandibuzz\n|-crit|p1a: Mandibuzz\n|-damage|p1a: Mandibuzz|87/326\n|-enditem|p1a: Mandibuzz|Heavy-Duty Boots|[from] move: Knock Off|[of] p2a: Morpeko\n|move|p1a: Mandibuzz|Foul Play|p2a: Morpeko\n|-resisted|p2a: Morpeko\n|-damage|p2a: Morpeko|39/100 tox\n|\n|-heal|p2a: Morpeko|45/100 tox|[from] item: Leftovers\n|-damage|p2a: Morpeko|33/100 tox|[from] psn\n|-formechange|p2a: Morpeko|Morpeko-Hangry||[from] ability: Hunger Switch\n|upkeep\n|turn|14\n|inactive|Time left: 300 sec this turn | 300 sec total\n|\n|t:|1783539832\n|move|p2a: Morpeko|Aura Wheel|p1a: Mandibuzz\n|-damage|p1a: Mandibuzz|0 fnt\n|-boost|p2a: Morpeko|spe|1\n|faint|p1a: Mandibuzz\n|\n|-heal|p2a: Morpeko|39/100 tox|[from] item: Leftovers\n|-damage|p2a: Morpeko|20/100 tox|[from] psn\n|-formechange|p2a: Morpeko|Morpeko||[from] ability: Hunger Switch\n|upkeep\n|inactive|Time left: 300 sec this turn | 300 sec total | 5 sec grace\n|\n|t:|1783539833\n|switch|p1a: Chansey|Chansey, L85, F|564/564\n|turn|15\n|inactive|Time left: 300 sec this turn | 300 sec total\n|\n|t:|1783539834\n|move|p2a: Morpeko|Knock Off|p1a: Chansey\n|-damage|p1a: Chansey|296/564\n|-enditem|p1a: Chansey|Eviolite|[from] move: Knock Off|[of] p2a: Morpeko\n|move|p1a: Chansey|Stealth Rock|p2a: Morpeko\n|-sidestart|p2: p0y03425b3|move: Stealth Rock\n|\n|-heal|p2a: Morpeko|27/100 tox|[from] item: Leftovers\n|-damage|p2a: Morpeko|2/100 tox|[from] psn\n|-sideend|p2: p0y03425b3|move: Light Screen\n|-formechange|p2a: Morpeko|Morpeko-Hangry||[from] ability: Hunger Switch\n|upkeep\n|turn|16\n|inactive|Time left: 300 sec this turn | 300 sec total\n|\n|t:|1783539835\n|switch|p1a: Empoleon|Empoleon, L84, F|278/278\n|move|p2a: Morpeko|Rapid Spin|p1a: Empoleon\n|-resisted|p1a: Empoleon\n|-damage|p1a: Empoleon|259/278\n|-boost|p2a: Morpeko|spe|1\n|-sideend|p2: p0y03425b3|Stealth Rock|[from] move: Rapid Spin|[of] p2a: Morpeko\n|\n|-heal|p2a: Morpeko|8/100 tox|[from] item: Leftovers\n|-heal|p1a: Empoleon|276/278|[from] item: Leftovers\n|-damage|p2a: Morpeko|0 fnt|[from] psn\n|faint|p2a: Morpeko\n|upkeep\n|\n|t:|1783539836\n|switch|p2a: Grimmsnarl|Grimmsnarl, L83, M|10/100 brn\n|turn|17\n|inactive|Time left: 300 sec this turn | 300 sec total\n|\n|t:|1783539837\n|move|p2a: Grimmsnarl|Reflect|p2a: Grimmsnarl\n|-sidestart|p2: p0y03425b3|Reflect\n|move|p1a: Empoleon|Surf|p2a: Grimmsnarl\n|-damage|p2a: Grimmsnarl|0 fnt\n|faint|p2a: Grimmsnarl\n|\n|-heal|p1a: Empoleon|278/278|[from] item: Leftovers\n|upkeep\n|\n|t:|1783539838\n|switch|p2a: Sandslash|Sandslash-Alola, L88, M|100/100\n|turn|18\n|inactive|Time left: 300 sec this turn | 300 sec total\n|\n|t:|1783539839\n|move|p2a: Sandslash|Earthquake|p1a: Empoleon\n|-supereffective|p1a: Empoleon\n|-damage|p1a: Empoleon|118/278\n|move|p1a: Empoleon|Yawn|p2a: Sandslash\n|-start|p2a: Sandslash|move: Yawn|[of] p1a: Empoleon\n|\n|-heal|p1a: Empoleon|135/278|[from] item: Leftovers\n|upkeep\n|turn|19\n|inactive|Time left: 300 sec this turn | 300 sec total\n|\n|t:|1783539840\n|move|p2a: Sandslash|Earthquake|p1a: Empoleon\n|-supereffective|p1a: Empoleon\n|-damage|p1a: Empoleon|0 fnt\n|faint|p1a: Empoleon\n|\n|-end|p2a: Sandslash|move: Yawn|[silent]\n|-status|p2a: Sandslash|slp\n|upkeep\n|inactive|Time left: 300 sec this turn | 300 sec total | 5 sec grace\n|\n|t:|1783539842\n|switch|p1a: Enamorus|Enamorus, L79, F|247/247\n|turn|20\n|inactive|Time left: 300 sec this turn | 300 sec total\n|\n|t:|1783539843\n|move|p1a: Enamorus|Superpower|p2a: Sandslash\n|-supereffective|p2a: Sandslash\n|-damage|p2a: Sandslash|51/100 slp\n|-boost|p1a: Enamorus|atk|1\n|-boost|p1a: Enamorus|def|1\n|cant|p2a: Sandslash|slp\n|\n|upkeep\n|turn|21\n|inactive|Time left: 300 sec this turn | 300 sec total\n|\n|t:|1783539844\n|-terastallize|p2a: Sandslash|Water\n|move|p1a: Enamorus|Superpower|p2a: Sandslash\n|-damage|p2a: Sandslash|32/100 slp\n|-boost|p1a: Enamorus|atk|1\n|-boost|p1a: Enamorus|def|1\n|cant|p2a: Sandslash|slp\n|\n|upkeep\n|turn|22\n|inactive|Time left: 300 sec this turn | 300 sec total\n|\n|t:|1783539845\n|move|p1a: Enamorus|Superpower|p2a: Sandslash\n|-damage|p2a: Sandslash|8/100 slp\n|-boost|p1a: Enamorus|atk|1\n|-boost|p1a: Enamorus|def|1\n|-curestatus|p2a: Sandslash|slp|[msg]\n|move|p2a: Sandslash|Triple Axel|p1a: Enamorus\n|-supereffective|p1a: Enamorus\n|-damage|p1a: Enamorus|221/247\n|-supereffective|p1a: Enamorus\n|-damage|p1a: Enamorus|171/247\n|-supereffective|p1a: Enamorus\n|-damage|p1a: Enamorus|97/247\n|-hitcount|p1a: Enamorus|3\n|\n|-heal|p1a: Enamorus|112/247|[from] item: Leftovers\n|upkeep\n|turn|23\n|inactive|Time left: 300 sec this turn | 300 sec total\n|\n|t:|1783539846\n|move|p1a: Enamorus|Superpower|p2a: Sandslash\n|-damage|p2a: Sandslash|0 fnt\n|-boost|p1a: Enamorus|atk|1\n|-boost|p1a: Enamorus|def|1\n|faint|p2a: Sandslash\n|\n|-heal|p1a: Enamorus|127/247|[from] item: Leftovers\n|upkeep\n|\n|t:|1783539847\n|switch|p2a: Deoxys|Deoxys, L74|91/100\n|-ability|p2a: Deoxys|Pressure\n|turn|24\n|inactive|Time left: 300 sec this turn | 300 sec total\n|\n|t:|1783539848\n|switch|p1a: Cinderace|Cinderace, L77, M|96/249 par\n|move|p2a: Deoxys|Ice Beam|p1a: Cinderace\n|-resisted|p1a: Cinderace\n|-damage|p1a: Cinderace|36/249 par\n|-damage|p2a: Deoxys|81/100|[from] item: Life Orb\n|\n|-sideend|p2: p0y03425b3|Reflect\n|upkeep\n|turn|25\n|inactive|Time left: 300 sec this turn | 300 sec total\n|\n|t:|1783539849\n|switch|p1a: Chansey|Chansey, L85, F|296/564\n|move|p2a: Deoxys|Knock Off|p1a: Chansey\n|-damage|p1a: Chansey|74/564\n|-damage|p2a: Deoxys|71/100|[from] item: Life Orb\n|\n|upkeep\n|turn|26\n|inactive|Time left: 300 sec this turn | 300 sec total\n|\n|t:|1783539850\n|move|p2a: Deoxys|Knock Off|p1a: Chansey\n|-damage|p1a: Chansey|0 fnt\n|faint|p1a: Chansey\n|-damage|p2a: Deoxys|62/100|[from] item: Life Orb\n|\n|upkeep\n|inactive|Time left: 300 sec this turn | 300 sec total | 5 sec grace\n|\n|t:|1783539850\n|switch|p1a: Cinderace|Cinderace, L77, M|36/249 par\n|turn|27\n|inactive|Time left: 300 sec this turn | 300 sec total\n|\n|t:|1783539851\n|move|p2a: Deoxys|Ice Beam|p1a: Cinderace\n|-resisted|p1a: Cinderace\n|-damage|p1a: Cinderace|0 fnt\n|faint|p1a: Cinderace\n|-damage|p2a: Deoxys|52/100|[from] item: Life Orb\n|\n|upkeep\n|inactive|Time left: 300 sec this turn | 300 sec total | 5 sec grace\n|\n|t:|1783539852\n|switch|p1a: Enamorus|Enamorus, L79, F|127/247\n|turn|28\n|inactive|Time left: 300 sec this turn | 300 sec total\n|\n|t:|1783539853\n|move|p2a: Deoxys|Ice Beam|p1a: Enamorus\n|-supereffective|p1a: Enamorus\n|-damage|p1a: Enamorus|0 fnt\n|faint|p1a: Enamorus\n|-damage|p2a: Deoxys|42/100|[from] item: Life Orb\n|\n|win|p0y03425b3", "uploadtime": 1783539853, "views": 0, "rating": 0, "private": 0, "password": null, "_winner": "p0y03425b3", "_our_name": "p0x0347cf2"}