{"id": "battle-gen9randombattle-2678", "formatid": "gen9randombattle", "format": "[Gen 9] Random Battle", "players": ["p0x26781682", "p0y2678550d"], "log": "|init|battle\n|title|p0x26781682 vs. p0y2678550d\n|j|\u2606p0x26781682\n|j|\u2606p0y2678550d\n|t:|1783569896\n|gametype|singles\n|player|p1|p0x26781682|102|\n|player|p2|p0y2678550d|265|\n|gen|9\n|tier|[Gen 9] Random Battle\n|rule|Species Clause: Limit one of each Pok\u00e9mon\n|rule|HP Percentage Mod: HP is shown in percentages\n|rule|Sleep Clause Mod: Limit one foe put to sleep\n|rule|Illusion Level Mod: Illusion disguises the Pok\u00e9mon's true level\n|\n|t:|1783569896\n|teamsize|p1|6\n|teamsize|p2|6\n|start\n|switch|p1a: Cobalion|Cobalion, L80|277/277\n|switch|p2a: Qwilfish|Qwilfish-Hisui, L83, M|100/100\n|-ability|p2a: Qwilfish|Intimidate|boost\n|-unboost|p1a: Cobalion|atk|1\n|turn|1\n|inactive|Battle timer is ON: inactive players will automatically lose when time's up. (requested by p0y2678550d)\n|inactive|Time left: 300 sec this turn | 300 sec total | 60 sec grace\n|inactive|p0x26781682 also wants the timer to be on.\n|\n|t:|1783569897\n|move|p1a: Cobalion|Calm Mind|p1a: Cobalion\n|-boost|p1a: Cobalion|spa|1\n|-boost|p1a: Cobalion|spd|1\n|move|p2a: Qwilfish|Toxic Spikes|p1a: Cobalion\n|-sidestart|p1: p0x26781682|move: Toxic Spikes\n|\n|upkeep\n|turn|2\n|inactive|Time left: 300 sec this turn | 300 sec total\n|\n|t:|1783569898\n|switch|p2a: Zapdos|Zapdos-Galar, L77|100/100\n|move|p1a: Cobalion|Calm Mind|p1a: Cobalion\n|-boost|p1a: Cobalion|spa|1\n|-boost|p1a: Cobalion|spd|1\n|\n|upkeep\n|turn|3\n|inactive|Time left: 300 sec this turn | 300 sec total\n|\n|t:|1783569899\n|move|p1a: Cobalion|Flash Cannon|p2a: Zapdos\n|-damage|p2a: Zapdos|45/100\n|move|p2a: Zapdos|Close Combat|p1a: Cobalion\n|-supereffective|p1a: Cobalion\n|-damage|p1a: Cobalion|0 fnt\n|-unboost|p2a: Zapdos|def|1\n|-unboost|p2a: Zapdos|spd|1\n|faint|p1a: Cobalion\n|\n|upkeep\n|inactive|Time left: 300 sec this turn | 300 sec total | 5 sec grace\n|\n|t:|1783569900\n|switch|p1a: Dodrio|Dodrio, L85, F|241/241\n|turn|4\n|inactive|Time left: 300 sec this turn | 300 sec total\n|\n|t:|1783569901\n|move|p1a: Dodrio|Brave Bird|p2a: Zapdos\n|-supereffective|p2a: Zapdos\n|-damage|p2a: Zapdos|0 fnt\n|faint|p2a: Zapdos\n|-damage|p1a: Dodrio|202/241|[from] Recoil\n|\n|upkeep\n|\n|t:|1783569901\n|switch|p2a: Electrode|Electrode, L92|100/100\n|turn|5\n|inactive|Time left: 300 sec this turn | 300 sec total\n|\n|t:|1783569902\n|switch|p1a: Whiscash|Whiscash, L88, F|337/337\n|-status|p1a: Whiscash|psn\n|-terastallize|p2a: Electrode|Ice\n|move|p2a: Electrode|Tera Blast|p1a: Whiscash|[anim] Tera Blast Ice\n|-damage|p1a: Whiscash|203/337 psn\n|-damage|p2a: Electrode|90/100|[from] item: Life Orb\n|\n|-heal|p1a: Whiscash|224/337 psn|[from] item: Leftovers\n|-damage|p1a: Whiscash|182/337 psn|[from] psn\n|upkeep\n|turn|6\n|inactive|Time left: 300 sec this turn | 300 sec total\n|\n|t:|1783569903\n|move|p2a: Electrode|Tera Blast|p1a: Whiscash|[anim] Tera Blast Ice\n|-damage|p1a: Whiscash|64/337 psn\n|-damage|p2a: Electrode|80/100|[from] item: Life Orb\n|move|p1a: Whiscash|Hydro Pump|p2a: Electrode\n|-damage|p2a: Electrode|39/100\n|\n|-heal|p1a: Whiscash|85/337 psn|[from] item: Leftovers\n|-damage|p1a: Whiscash|43/337 psn|[from] psn\n|upkeep\n|turn|7\n|inactive|Time left: 300 sec this turn | 300 sec total\n|\n|t:|1783569904\n|switch|p1a: Weavile|Weavile, L79, F|240/240\n|move|p2a: Electrode|Tera Blast|p1a: Weavile|[anim] Tera Blast Ice\n|-resisted|p1a: Weavile\n|-damage|p1a: Weavile|180/240\n|-damage|p2a: Electrode|29/100|[from] item: Life Orb\n|\n|upkeep\n|turn|8\n|inactive|Time left: 300 sec this turn | 300 sec total\n|\n|t:|1783569905\n|move|p2a: Electrode|Thunderbolt|p1a: Weavile\n|-damage|p1a: Weavile|42/240\n|-damage|p2a: Electrode|19/100|[from] item: Life Orb\n|move|p1a: Weavile|Swords Dance|p1a: Weavile\n|-boost|p1a: Weavile|atk|2\n|\n|upkeep\n|turn|9\n|inactive|Time left: 300 sec this turn | 300 sec total\n|\n|t:|1783569907\n|move|p1a: Weavile|Ice Shard|p2a: Electrode\n|-resisted|p2a: Electrode\n|-crit|p2a: Electrode\n|-damage|p2a: Electrode|0 fnt\n|faint|p2a: Electrode\n|\n|upkeep\n|\n|t:|1783569908\n|switch|p2a: Qwilfish|Qwilfish-Hisui, L83, M|100/100\n|-ability|p2a: Qwilfish|Intimidate|boost\n|-unboost|p1a: Weavile|atk|1\n|turn|10\n|inactive|Time left: 300 sec this turn | 300 sec total\n|\n|t:|1783569909\n|move|p1a: Weavile|Triple Axel|p2a: Qwilfish\n|-damage|p2a: Qwilfish|90/100\n|-damage|p2a: Qwilfish|72/100\n|-hitcount|p2a: Qwilfish|2\n|move|p2a: Qwilfish|Crunch|p1a: Weavile\n|-resisted|p1a: Weavile\n|-crit|p1a: Weavile\n|-damage|p1a: Weavile|0 fnt\n|faint|p1a: Weavile\n|\n|upkeep\n|inactive|Time left: 300 sec this turn | 300 sec total | 5 sec grace\n|\n|t:|1783569910\n|switch|p1a: Hitmonlee|Hitmonlee, L85, M|223/223\n|-status|p1a: Hitmonlee|psn\n|turn|11\n|inactive|Time left: 300 sec this turn | 300 sec total\n|\n|t:|1783569910\n|move|p1a: Hitmonlee|High Jump Kick|p2a: Qwilfish|[miss]\n|-miss|p1a: Hitmonlee|p2a: Qwilfish\n|-damage|p1a: Hitmonlee|112/223 psn|[from] highjumpkick\n|move|p2a: Qwilfish|Gunk Shot|p1a: Hitmonlee\n|-damage|p1a: Hitmonlee|0 fnt\n|faint|p1a: Hitmonlee\n|\n|upkeep\n|inactive|Time left: 300 sec this turn | 300 sec total | 5 sec grace\n|\n|t:|1783569911\n|switch|p1a: Dodrio|Dodrio, L85, F|202/241\n|turn|12\n|inactive|Time left: 300 sec this turn | 300 sec total\n|\n|t:|1783569912\n|move|p1a: Dodrio|Swords Dance|p1a: Dodrio\n|-boost|p1a: Dodrio|atk|2\n|move|p2a: Qwilfish|Gunk Shot|p1a: Dodrio\n|-damage|p1a: Dodrio|60/241\n|\n|upkeep\n|turn|13\n|inactive|Time left: 300 sec this turn | 300 sec total\n|\n|t:|1783569913\n|switch|p2a: Ting-Lu|Ting-Lu, L78|100/100\n|-ability|p2a: Ting-Lu|Vessel of Ruin\n|move|p1a: Dodrio|Knock Off|p2a: Ting-Lu\n|-resisted|p2a: Ting-Lu\n|-damage|p2a: Ting-Lu|83/100\n|-enditem|p2a: Ting-Lu|Assault Vest|[from] move: Knock Off|[of] p1a: Dodrio\n|\n|upkeep\n|turn|14\n|inactive|Time left: 300 sec this turn | 300 sec total\n|\n|t:|1783569914\n|move|p1a: Dodrio|Brave Bird|p2a: Ting-Lu\n|-damage|p2a: Ting-Lu|23/100\n|-damage|p1a: Dodrio|0 fnt|[from] Recoil\n|faint|p1a: Dodrio\n|move|p2a: Ting-Lu|Heavy Slam|p1: Dodrio|[notarget]\n|-fail|p2a: Ting-Lu\n|\n|upkeep\n|inactive|Time left: 300 sec this turn | 300 sec total | 5 sec grace\n|\n|t:|1783569916\n|switch|p1a: Whiscash|Whiscash, L88, F|43/337 psn\n|turn|15\n|inactive|Time left: 300 sec this turn | 300 sec total\n|\n|t:|1783569917\n|switch|p2a: Hypno|Hypno, L95, M|100/100\n|move|p1a: Whiscash|Hydro Pump|p2a: Hypno\n|-damage|p2a: Hypno|77/100\n|\n|-heal|p2a: Hypno|83/100|[from] item: Leftovers\n|-heal|p1a: Whiscash|64/337 psn|[from] item: Leftovers\n|-damage|p1a: Whiscash|22/337 psn|[from] psn\n|upkeep\n|turn|16\n|inactive|Time left: 300 sec this turn | 300 sec total\n|\n|t:|1783569918\n|move|p2a: Hypno|Psychic Noise|p1a: Whiscash\n|-damage|p1a: Whiscash|0 fnt\n|faint|p1a: Whiscash\n|\n|-heal|p2a: Hypno|89/100|[from] item: Leftovers\n|upkeep\n|inactive|Time left: 300 sec this turn | 300 sec total | 5 sec grace\n|\n|t:|1783569919\n|switch|p1a: Cyclizar|Cyclizar, L84, F|255/255\n|turn|17\n|inactive|Time left: 300 sec this turn | 300 sec total\n|\n|t:|1783569920\n|move|p1a: Cyclizar|Rapid Spin|p2a: Hypno\n|-damage|p2a: Hypno|73/100\n|-boost|p1a: Cyclizar|spe|1\n|-sideend|p1: p0x26781682|Toxic Spikes|[from] move: Rapid Spin|[of] p1a: Cyclizar\n|move|p2a: Hypno|Psychic Noise|p1a: Cyclizar\n|-damage|p1a: Cyclizar|153/255\n|-start|p1a: Cyclizar|move: Heal Block\n|\n|-heal|p2a: Hypno|79/100|[from] item: Leftovers\n|upkeep\n|turn|18\n|inactive|Time left: 300 sec this turn | 300 sec total\n|\n|t:|1783569921\n|move|p1a: Cyclizar|Rapid Spin|p2a: Hypno\n|-damage|p2a: Hypno|60/100\n|-boost|p1a: Cyclizar|spe|1\n|move|p2a: Hypno|Psychic Noise|p1a: Cyclizar\n|-damage|p1a: Cyclizar|51/255\n|\n|-heal|p2a: Hypno|66/100|[from] item: Leftovers\n|-end|p1a: Cyclizar|move: Heal Block\n|upkeep\n|turn|19\n|inactive|Time left: 300 sec this turn | 300 sec total\n|\n|t:|1783569922\n|-terastallize|p1a: Cyclizar|Steel\n|move|p1a: Cyclizar|Rapid Spin|p2a: Hypno\n|-damage|p2a: Hypno|47/100\n|-boost|p1a: Cyclizar|spe|1\n|move|p2a: Hypno|Psychic Noise|p1a: Cyclizar\n|-resisted|p1a: Cyclizar\n|-damage|p1a: Cyclizar|0 fnt\n|faint|p1a: Cyclizar\n|\n|win|p0y2678550d", "uploadtime": 1783569922, "views": 0, "rating": 0, "private": 0, "password": null, "_winner": "p0y2678550d", "_our_name": "p0x26781682"}