{"id": "battle-gen9randombattle-2914", "formatid": "gen9randombattle", "format": "[Gen 9] Random Battle", "players": ["p0x2914377c", "p0y29144693"], "log": "|init|battle\n|title|p0x2914377c vs. p0y29144693\n|j|\u2606p0x2914377c\n|j|\u2606p0y29144693\n|t:|1783573542\n|gametype|singles\n|player|p1|p0x2914377c|170|\n|player|p2|p0y29144693|265|\n|gen|9\n|tier|[Gen 9] Random Battle\n|rule|Species Clause: Limit one of each Pok\u00e9mon\n|rule|HP Percentage Mod: HP is shown in percentages\n|rule|Sleep Clause Mod: Limit one foe put to sleep\n|rule|Illusion Level Mod: Illusion disguises the Pok\u00e9mon's true level\n|\n|t:|1783573542\n|teamsize|p1|6\n|teamsize|p2|6\n|start\n|switch|p1a: Umbreon|Umbreon, L84, F|100/100\n|switch|p2a: Illumise|Illumise, L91, F|266/266\n|turn|1\n|inactive|Battle timer is ON: inactive players will automatically lose when time's up. (requested by p0y29144693)\n|inactive|p0x2914377c also wants the timer to be on.\n|\n|t:|1783573544\n|move|p2a: Illumise|Bug Buzz|p1a: Umbreon\n|-supereffective|p1a: Umbreon\n|-damage|p1a: Umbreon|51/100\n|move|p1a: Umbreon|Foul Play|p2a: Illumise\n|-damage|p2a: Illumise|221/266\n|\n|-heal|p1a: Umbreon|57/100|[from] item: Leftovers\n|upkeep\n|turn|2\n|inactive|Time left: 300 sec this turn | 300 sec total\n|\n|t:|1783573545\n|move|p2a: Illumise|Bug Buzz|p1a: Umbreon\n|-supereffective|p1a: Umbreon\n|-damage|p1a: Umbreon|9/100\n|move|p1a: Umbreon|Toxic|p2a: Illumise\n|-status|p2a: Illumise|tox\n|\n|-heal|p1a: Umbreon|15/100|[from] item: Leftovers\n|-damage|p2a: Illumise|205/266 tox|[from] psn\n|upkeep\n|turn|3\n|inactive|Time left: 300 sec this turn | 300 sec total\n|\n|t:|1783573546\n|switch|p2a: Zekrom|Zekrom, L71|259/259\n|-ability|p2a: Zekrom|Teravolt\n|move|p1a: Umbreon|Foul Play|p2a: Zekrom\n|-damage|p2a: Zekrom|145/259\n|\n|-heal|p2a: Zekrom|161/259|[from] item: Leftovers\n|-heal|p1a: Umbreon|21/100|[from] item: Leftovers\n|upkeep\n|turn|4\n|inactive|Time left: 300 sec this turn | 300 sec total\n|\n|t:|1783573547\n|move|p2a: Zekrom|Outrage|p1a: Umbreon\n|-damage|p1a: Umbreon|0 fnt\n|faint|p1a: Umbreon\n|\n|-heal|p2a: Zekrom|177/259|[from] item: Leftovers\n|upkeep\n|\n|t:|1783573548\n|switch|p1a: Sandy Shocks|Sandy Shocks, L80|100/100\n|turn|5\n|inactive|Time left: 300 sec this turn | 300 sec total\n|\n|t:|1783573549\n|move|p1a: Sandy Shocks|Earth Power|p2a: Zekrom\n|-supereffective|p2a: Zekrom\n|-damage|p2a: Zekrom|0 fnt\n|faint|p2a: Zekrom\n|\n|upkeep\n|inactive|Time left: 300 sec this turn | 300 sec total | 5 sec grace\n|\n|t:|1783573550\n|switch|p2a: Seviper|Seviper, L93, M|287/287\n|turn|6\n|inactive|Time left: 300 sec this turn | 300 sec total\n|\n|t:|1783573551\n|-terastallize|p2a: Seviper|Grass\n|move|p1a: Sandy Shocks|Earth Power|p2a: Seviper\n|-resisted|p2a: Seviper\n|-damage|p2a: Seviper|222/287\n|move|p2a: Seviper|Trailblaze|p1a: Sandy Shocks\n|-supereffective|p1a: Sandy Shocks\n|-damage|p1a: Sandy Shocks|42/100\n|-boost|p2a: Seviper|spe|1\n|\n|-heal|p2a: Seviper|239/287|[from] item: Leftovers\n|-heal|p1a: Sandy Shocks|48/100|[from] item: Leftovers\n|upkeep\n|turn|7\n|inactive|Time left: 300 sec this turn | 300 sec total\n|\n|t:|1783573552\n|-end|p1a: Sandy Shocks|Protosynthesis|[silent]\n|switch|p1a: Orthworm|Orthworm, L88, F|100/100\n|move|p2a: Seviper|Gunk Shot|p1a: Orthworm\n|-immune|p1a: Orthworm\n|\n|-heal|p2a: Seviper|256/287|[from] item: Leftovers\n|upkeep\n|turn|8\n|inactive|Time left: 300 sec this turn | 300 sec total\n|\n|t:|1783573554\n|move|p2a: Seviper|Swords Dance|p2a: Seviper\n|-boost|p2a: Seviper|atk|2\n|move|p1a: Orthworm|Coil|p1a: Orthworm\n|-boost|p1a: Orthworm|atk|1\n|-boost|p1a: Orthworm|def|1\n|-boost|p1a: Orthworm|accuracy|1\n|\n|-heal|p2a: Seviper|273/287|[from] item: Leftovers\n|upkeep\n|turn|9\n|inactive|Time left: 300 sec this turn | 300 sec total\n|\n|t:|1783573554\n|switch|p2a: Toxtricity|Toxtricity, L82, M|257/257\n|move|p1a: Orthworm|Body Press|p2a: Toxtricity\n|-resisted|p2a: Toxtricity\n|-damage|p2a: Toxtricity|174/257\n|\n|upkeep\n|turn|10\n|inactive|Time left: 300 sec this turn | 300 sec total\n|\n|t:|1783573555\n|move|p2a: Toxtricity|Overdrive|p1a: Orthworm\n|-damage|p1a: Orthworm|43/100\n|-enditem|p2a: Toxtricity|Throat Spray\n|-boost|p2a: Toxtricity|spa|1|[from] item: Throat Spray\n|move|p1a: Orthworm|Rest|p1a: Orthworm\n|-status|p1a: Orthworm|slp|[from] move: Rest\n|-heal|p1a: Orthworm|100/100 slp|[silent]\n|-enditem|p1a: Orthworm|Chesto Berry|[eat]\n|-curestatus|p1a: Orthworm|slp|[msg]\n|\n|upkeep\n|turn|11\n|inactive|Time left: 300 sec this turn | 300 sec total\n|\n|t:|1783573556\n|move|p2a: Toxtricity|Boomburst|p1a: Orthworm\n|-resisted|p1a: Orthworm\n|-damage|p1a: Orthworm|53/100\n|move|p1a: Orthworm|Iron Tail|p2a: Toxtricity\n|-resisted|p2a: Toxtricity\n|-damage|p2a: Toxtricity|74/257\n|-unboost|p2a: Toxtricity|def|1\n|\n|upkeep\n|turn|12\n|inactive|Time left: 300 sec this turn | 300 sec total\n|\n|t:|1783573557\n|switch|p1a: Sandy Shocks|Sandy Shocks, L80|48/100\n|move|p2a: Toxtricity|Overdrive|p1a: Sandy Shocks\n|-immune|p1a: Sandy Shocks\n|\n|-heal|p1a: Sandy Shocks|54/100|[from] item: Leftovers\n|upkeep\n|turn|13\n|inactive|Time left: 300 sec this turn | 300 sec total\n|\n|t:|1783573558\n|move|p1a: Sandy Shocks|Earth Power|p2a: Toxtricity\n|-supereffective|p2a: Toxtricity\n|-damage|p2a: Toxtricity|0 fnt\n|faint|p2a: Toxtricity\n|\n|-heal|p1a: Sandy Shocks|60/100|[from] item: Leftovers\n|upkeep\n|inactive|Time left: 300 sec this turn | 300 sec total | 5 sec grace\n|\n|t:|1783573559\n|switch|p2a: Seviper|Seviper, L93, M, tera:Grass|273/287\n|turn|14\n|inactive|Time left: 300 sec this turn | 300 sec total\n|\n|t:|1783573560\n|-end|p1a: Sandy Shocks|Protosynthesis|[silent]\n|switch|p1a: Orthworm|Orthworm, L88, F|53/100\n|move|p2a: Seviper|Swords Dance|p2a: Seviper\n|-boost|p2a: Seviper|atk|2\n|\n|-heal|p2a: Seviper|287/287|[from] item: Leftovers\n|upkeep\n|turn|15\n|inactive|Time left: 300 sec this turn | 300 sec total\n|\n|t:|1783573561\n|move|p2a: Seviper|Trailblaze|p1a: Orthworm\n|-resisted|p1a: Orthworm\n|-damage|p1a: Orthworm|32/100\n|-boost|p2a: Seviper|spe|1\n|move|p1a: Orthworm|Coil|p1a: Orthworm\n|-boost|p1a: Orthworm|atk|1\n|-boost|p1a: Orthworm|def|1\n|-boost|p1a: Orthworm|accuracy|1\n|\n|upkeep\n|turn|16\n|inactive|Time left: 300 sec this turn | 300 sec total\n|\n|t:|1783573562\n|move|p2a: Seviper|Swords Dance|p2a: Seviper\n|-boost|p2a: Seviper|atk|2\n|move|p1a: Orthworm|Body Press|p2a: Seviper\n|-damage|p2a: Seviper|133/287\n|\n|-heal|p2a: Seviper|150/287|[from] item: Leftovers\n|upkeep\n|turn|17\n|inactive|Time left: 300 sec this turn | 300 sec total\n|\n|t:|1783573564\n|move|p2a: Seviper|Trailblaze|p1a: Orthworm\n|-resisted|p1a: Orthworm\n|-damage|p1a: Orthworm|12/100\n|-boost|p2a: Seviper|spe|1\n|move|p1a: Orthworm|Body Press|p2a: Seviper\n|-damage|p2a: Seviper|0 fnt\n|faint|p2a: Seviper\n|\n|upkeep\n|inactive|Time left: 300 sec this turn | 300 sec total | 5 sec grace\n|\n|t:|1783573564\n|switch|p2a: Noctowl|Noctowl, L95, F|344/344\n|turn|18\n|inactive|Time left: 300 sec this turn | 300 sec total\n|\n|t:|1783573565\n|switch|p1a: Registeel|Registeel, L81|100/100\n|move|p2a: Noctowl|Hyper Voice|p1a: Registeel\n|-resisted|p1a: Registeel\n|-damage|p1a: Registeel|72/100\n|\n|-heal|p1a: Registeel|78/100|[from] item: Leftovers\n|upkeep\n|turn|19\n|inactive|Time left: 300 sec this turn | 300 sec total\n|\n|t:|1783573566\n|move|p2a: Noctowl|Hyper Voice|p1a: Registeel\n|-resisted|p1a: Registeel\n|-damage|p1a: Registeel|49/100\n|move|p1a: Registeel|Iron Defense|p1a: Registeel\n|-boost|p1a: Registeel|def|2\n|\n|-heal|p1a: Registeel|55/100|[from] item: Leftovers\n|upkeep\n|turn|20\n|inactive|Time left: 300 sec this turn | 300 sec total\n|\n|t:|1783573567\n|move|p2a: Noctowl|Hurricane|p1a: Registeel\n|-resisted|p1a: Registeel\n|-damage|p1a: Registeel|22/100\n|-start|p1a: Registeel|confusion\n|-activate|p1a: Registeel|confusion\n|move|p1a: Registeel|Body Press|p2a: Noctowl\n|-damage|p2a: Noctowl|131/344\n|\n|-heal|p1a: Registeel|28/100|[from] item: Leftovers\n|upkeep\n|turn|21\n|inactive|Time left: 300 sec this turn | 300 sec total\n|\n|t:|1783573568\n|move|p2a: Noctowl|Hyper Voice|p1a: Registeel\n|-resisted|p1a: Registeel\n|-damage|p1a: Registeel|0 fnt\n|faint|p1a: Registeel\n|\n|upkeep\n|\n|t:|1783573569\n|switch|p1a: Sandy Shocks|Sandy Shocks, L80|60/100\n|turn|22\n|inactive|Time left: 300 sec this turn | 300 sec total\n|\n|t:|1783573570\n|switch|p2a: Illumise|Illumise, L91, F|205/266 tox\n|move|p1a: Sandy Shocks|Thunderbolt|p2a: Illumise\n|-damage|p2a: Illumise|109/266 tox\n|\n|-heal|p1a: Sandy Shocks|66/100|[from] item: Leftovers\n|-damage|p2a: Illumise|93/266 tox|[from] psn\n|upkeep\n|turn|23\n|inactive|Time left: 300 sec this turn | 300 sec total\n|\n|t:|1783573571\n|move|p2a: Illumise|Roost|p2a: Illumise\n|-heal|p2a: Illumise|226/266 tox\n|-singleturn|p2a: Illumise|move: Roost\n|move|p1a: Sandy Shocks|Thunderbolt|p2a: Illumise\n|-damage|p2a: Illumise|132/266 tox\n|\n|-heal|p1a: Sandy Shocks|72/100|[from] item: Leftovers\n|-damage|p2a: Illumise|100/266 tox|[from] psn\n|upkeep\n|turn|24\n|inactive|Time left: 300 sec this turn | 300 sec total\n|\n|t:|1783573573\n|move|p1a: Sandy Shocks|Thunderbolt|p2a: Illumise\n|-damage|p2a: Illumise|4/266 tox\n|move|p2a: Illumise|Bug Buzz|p1a: Sandy Shocks\n|-damage|p1a: Sandy Shocks|38/100\n|\n|-heal|p1a: Sandy Shocks|44/100|[from] item: Leftovers\n|-damage|p2a: Illumise|0 fnt|[from] psn\n|faint|p2a: Illumise\n|upkeep\n|inactive|Time left: 300 sec this turn | 300 sec total | 5 sec grace\n|\n|t:|1783573574\n|switch|p2a: Dodrio|Dodrio, L85, M|241/241\n|turn|25\n|inactive|Time left: 300 sec this turn | 300 sec total\n|\n|t:|1783573575\n|move|p2a: Dodrio|Drill Run|p1a: Sandy Shocks\n|-supereffective|p1a: Sandy Shocks\n|-damage|p1a: Sandy Shocks|0 fnt\n|faint|p1a: Sandy Shocks\n|-end|p1a: Sandy Shocks|Protosynthesis|[silent]\n|\n|upkeep\n|\n|t:|1783573576\n|switch|p1a: Leafeon|Leafeon, L88, F|100/100\n|turn|26\n|inactive|Time left: 300 sec this turn | 300 sec total\n|\n|t:|1783573577\n|move|p2a: Dodrio|Brave Bird|p1a: Leafeon\n|-supereffective|p1a: Leafeon\n|-damage|p1a: Leafeon|17/100\n|-damage|p2a: Dodrio|170/241|[from] Recoil\n|move|p1a: Leafeon|Swords Dance|p1a: Leafeon\n|-boost|p1a: Leafeon|atk|2\n|\n|upkeep\n|turn|27\n|inactive|Time left: 300 sec this turn | 300 sec total\n|\n|t:|1783573578\n|switch|p1a: Orthworm|Orthworm, L88, F|12/100\n|move|p2a: Dodrio|Brave Bird|p1a: Orthworm\n|-resisted|p1a: Orthworm\n|-damage|p1a: Orthworm|0 fnt\n|faint|p1a: Orthworm\n|-damage|p2a: Dodrio|160/241|[from] Recoil\n|\n|upkeep\n|\n|t:|1783573579\n|switch|p1a: Gurdurr|Gurdurr, L85, M|100/100\n|turn|28\n|inactive|Time left: 300 sec this turn | 300 sec total\n|\n|t:|1783573579\n|-terastallize|p1a: Gurdurr|Steel\n|move|p2a: Dodrio|Knock Off|p1a: Gurdurr\n|-damage|p1a: Gurdurr|81/100\n|-enditem|p1a: Gurdurr|Eviolite|[from] move: Knock Off|[of] p2a: Dodrio\n|move|p1a: Gurdurr|Bulk Up|p1a: Gurdurr\n|-boost|p1a: Gurdurr|atk|1\n|-boost|p1a: Gurdurr|def|1\n|\n|upkeep\n|turn|29\n|inactive|Time left: 300 sec this turn | 300 sec total\n|\n|t:|1783573580\n|move|p2a: Dodrio|Drill Run|p1a: Gurdurr\n|-supereffective|p1a: Gurdurr\n|-damage|p1a: Gurdurr|51/100\n|move|p1a: Gurdurr|Drain Punch|p2a: Dodrio\n|-crit|p2a: Dodrio\n|-damage|p2a: Dodrio|0 fnt\n|-heal|p1a: Gurdurr|79/100|[from] drain|[of] p2a: Dodrio\n|faint|p2a: Dodrio\n|\n|upkeep\n|inactive|Time left: 300 sec this turn | 300 sec total | 5 sec grace\n|\n|t:|1783573581\n|switch|p2a: Noctowl|Noctowl, L95, F|131/344\n|turn|30\n|inactive|Time left: 300 sec this turn | 300 sec total\n|\n|t:|1783573582\n|move|p2a: Noctowl|Roost|p2a: Noctowl\n|-heal|p2a: Noctowl|303/344\n|-singleturn|p2a: Noctowl|move: Roost\n|move|p1a: Gurdurr|Drain Punch|p2a: Noctowl\n|-supereffective|p2a: Noctowl\n|-damage|p2a: Noctowl|0 fnt\n|-heal|p1a: Gurdurr|100/100|[from] drain|[of] p2a: Noctowl\n|faint|p2a: Noctowl\n|\n|win|p0x2914377c", "uploadtime": 1783573582, "views": 0, "rating": 0, "private": 0, "password": null, "_winner": "p0x2914377c", "_our_name": "p0y29144693"}