{"id": "battle-gen9randombattle-1540", "formatid": "gen9randombattle", "format": "[Gen 9] Random Battle", "players": ["p0x15407310", "p0y154017aa"], "log": "|init|battle\n|title|p0x15407310 vs. p0y154017aa\n|j|\u2606p0x15407310\n|j|\u2606p0y154017aa\n|t:|1783557887\n|gametype|singles\n|player|p1|p0x15407310|102|\n|player|p2|p0y154017aa|169|\n|gen|9\n|tier|[Gen 9] Random Battle\n|rule|Species Clause: Limit one of each Pok\u00e9mon\n|rule|HP Percentage Mod: HP is shown in percentages\n|rule|Sleep Clause Mod: Limit one foe put to sleep\n|rule|Illusion Level Mod: Illusion disguises the Pok\u00e9mon's true level\n|\n|t:|1783557887\n|teamsize|p1|6\n|teamsize|p2|6\n|start\n|switch|p1a: Luvdisc|Luvdisc, F|100/100\n|switch|p2a: Dusknoir|Dusknoir, L89, M|225/225\n|-item|p1a: Luvdisc|Heavy-Duty Boots|[from] ability: Frisk|[of] p2a: Dusknoir\n|turn|1\n|inactive|Battle timer is ON: inactive players will automatically lose when time's up. (requested by p0y154017aa)\n|inactive|p0x15407310 also wants the timer to be on.\n|\n|t:|1783557889\n|switch|p1a: Iron Valiant|Iron Valiant, L78|100/100\n|move|p2a: Dusknoir|Poltergeist|p1a: Iron Valiant\n|-activate|p1a: Iron Valiant|move: Poltergeist|Life Orb\n|-damage|p1a: Iron Valiant|46/100\n|\n|upkeep\n|turn|2\n|inactive|Time left: 300 sec this turn | 300 sec total\n|\n|t:|1783557890\n|move|p1a: Iron Valiant|Knock Off|p2a: Dusknoir\n|-supereffective|p2a: Dusknoir\n|-damage|p2a: Dusknoir|87/225\n|-enditem|p2a: Dusknoir|Leftovers|[from] move: Knock Off|[of] p1a: Iron Valiant\n|-damage|p1a: Iron Valiant|36/100|[from] item: Life Orb\n|move|p2a: Dusknoir|Poltergeist|p1a: Iron Valiant\n|-activate|p1a: Iron Valiant|move: Poltergeist|Life Orb\n|-damage|p1a: Iron Valiant|0 fnt\n|faint|p1a: Iron Valiant\n|-end|p1a: Iron Valiant|Quark Drive|[silent]\n|\n|upkeep\n|\n|t:|1783557891\n|switch|p1a: Reshiram|Reshiram, L76|100/100\n|-ability|p1a: Reshiram|Turboblaze\n|turn|3\n|inactive|Time left: 300 sec this turn | 300 sec total\n|\n|t:|1783557892\n|move|p1a: Reshiram|Blue Flare|p2a: Dusknoir\n|-damage|p2a: Dusknoir|0 fnt\n|faint|p2a: Dusknoir\n|\n|upkeep\n|inactive|Time left: 300 sec this turn | 300 sec total | 5 sec grace\n|\n|t:|1783557893\n|switch|p2a: Tyranitar|Tyranitar, L78, F|284/284\n|-weather|Sandstorm|[from] ability: Sand Stream|[of] p2a: Tyranitar\n|turn|4\n|inactive|Time left: 300 sec this turn | 300 sec total\n|\n|t:|1783557895\n|move|p1a: Reshiram|Blue Flare|p2a: Tyranitar\n|-resisted|p2a: Tyranitar\n|-damage|p2a: Tyranitar|227/284\n|move|p2a: Tyranitar|Dragon Dance|p2a: Tyranitar\n|-boost|p2a: Tyranitar|atk|1\n|-boost|p2a: Tyranitar|spe|1\n|\n|-weather|Sandstorm|[upkeep]\n|-damage|p1a: Reshiram|94/100|[from] Sandstorm\n|upkeep\n|turn|5\n|inactive|Time left: 300 sec this turn | 300 sec total\n|\n|t:|1783557896\n|-terastallize|p1a: Reshiram|Ground\n|move|p2a: Tyranitar|Stone Edge|p1a: Reshiram|[miss]\n|-miss|p2a: Tyranitar|p1a: Reshiram\n|move|p1a: Reshiram|Dragon Tail|p2a: Tyranitar\n|-damage|p2a: Tyranitar|173/284\n|drag|p2a: Shaymin|Shaymin-Sky, L73|266/266\n|\n|-weather|Sandstorm|[upkeep]\n|-damage|p2a: Shaymin|250/266|[from] Sandstorm\n|-heal|p2a: Shaymin|266/266|[from] item: Leftovers\n|upkeep\n|turn|6\n|inactive|Time left: 300 sec this turn | 300 sec total\n|\n|t:|1783557897\n|move|p2a: Shaymin|Seed Flare|p1a: Reshiram\n|-supereffective|p1a: Reshiram\n|-damage|p1a: Reshiram|21/100\n|-unboost|p1a: Reshiram|spd|2\n|move|p1a: Reshiram|Blue Flare|p2a: Shaymin|[miss]\n|-miss|p1a: Reshiram|p2a: Shaymin\n|\n|-weather|Sandstorm|[upkeep]\n|-damage|p2a: Shaymin|250/266|[from] Sandstorm\n|-heal|p2a: Shaymin|266/266|[from] item: Leftovers\n|upkeep\n|turn|7\n|inactive|Time left: 300 sec this turn | 300 sec total\n|\n|t:|1783557898\n|move|p2a: Shaymin|Air Slash|p1a: Reshiram\n|-crit|p1a: Reshiram\n|-damage|p1a: Reshiram|0 fnt\n|faint|p1a: Reshiram\n|\n|-weather|Sandstorm|[upkeep]\n|-damage|p2a: Shaymin|250/266|[from] Sandstorm\n|-heal|p2a: Shaymin|266/266|[from] item: Leftovers\n|upkeep\n|\n|t:|1783557899\n|switch|p1a: Pikachu|Pikachu-Partner, L93, F|100/100\n|turn|8\n|inactive|Time left: 300 sec this turn | 300 sec total\n|\n|t:|1783557900\n|move|p2a: Shaymin|Seed Flare|p1a: Pikachu\n|-damage|p1a: Pikachu|24/100\n|move|p1a: Pikachu|Volt Tackle|p2a: Shaymin\n|-damage|p2a: Shaymin|0 fnt\n|faint|p2a: Shaymin\n|-damage|p1a: Pikachu|0 fnt|[from] Recoil\n|faint|p1a: Pikachu\n|\n|-weather|none\n|upkeep\n|inactive|Time left: 300 sec this turn | 300 sec total | 5 sec grace\n|\n|t:|1783557901\n|switch|p2a: Tyranitar|Tyranitar, L78, F|173/284\n|switch|p1a: Camerupt|Camerupt, L91, M|100/100\n|-weather|Sandstorm|[from] ability: Sand Stream|[of] p2a: Tyranitar\n|turn|9\n|inactive|Time left: 300 sec this turn | 300 sec total\n|\n|t:|1783557901\n|move|p2a: Tyranitar|Knock Off|p1a: Camerupt\n|-damage|p1a: Camerupt|53/100\n|-enditem|p1a: Camerupt|Leftovers|[from] move: Knock Off|[of] p2a: Tyranitar\n|move|p1a: Camerupt|Earthquake|p2a: Tyranitar\n|-supereffective|p2a: Tyranitar\n|-damage|p2a: Tyranitar|0 fnt\n|faint|p2a: Tyranitar\n|\n|-weather|Sandstorm|[upkeep]\n|upkeep\n|inactive|Time left: 300 sec this turn | 300 sec total | 5 sec grace\n|\n|t:|1783557903\n|switch|p2a: Swampert|Swampert, L83, M|302/302\n|turn|10\n|inactive|Time left: 300 sec this turn | 300 sec total\n|\n|t:|1783557903\n|switch|p1a: Swanna|Swanna, L89, M|100/100\n|move|p2a: Swampert|Flip Turn|p1a: Swanna\n|-resisted|p1a: Swanna\n|-damage|p1a: Swanna|85/100\n|inactive|Time left: 300 sec this turn | 300 sec total | 5 sec grace\n|\n|t:|1783557904\n|switch|p2a: Lanturn|Lanturn, L89, M|367/367|[from] Flip Turn\n|\n|-weather|Sandstorm|[upkeep]\n|-damage|p1a: Swanna|79/100|[from] Sandstorm\n|-damage|p2a: Lanturn|345/367|[from] Sandstorm\n|upkeep\n|turn|11\n|inactive|Time left: 300 sec this turn | 300 sec total\n|\n|t:|1783557905\n|switch|p1a: Camerupt|Camerupt, L91, M|53/100\n|move|p2a: Lanturn|Thunderbolt|p1a: Camerupt\n|-immune|p1a: Camerupt\n|\n|-weather|Sandstorm|[upkeep]\n|-damage|p2a: Lanturn|323/367|[from] Sandstorm\n|upkeep\n|turn|12\n|inactive|Time left: 300 sec this turn | 300 sec total\n|\n|t:|1783557906\n|switch|p1a: Luvdisc|Luvdisc, F|100/100\n|move|p2a: Lanturn|Scald|p1a: Luvdisc\n|-resisted|p1a: Luvdisc\n|-damage|p1a: Luvdisc|83/100\n|-status|p1a: Luvdisc|brn\n|\n|-weather|Sandstorm|[upkeep]\n|-damage|p1a: Luvdisc|77/100 brn|[from] Sandstorm\n|-damage|p2a: Lanturn|301/367|[from] Sandstorm\n|-damage|p1a: Luvdisc|71/100 brn|[from] brn\n|upkeep\n|turn|13\n|inactive|Time left: 300 sec this turn | 300 sec total\n|\n|t:|1783557907\n|move|p1a: Luvdisc|Substitute|p1a: Luvdisc\n|-start|p1a: Luvdisc|Substitute\n|-damage|p1a: Luvdisc|46/100 brn\n|move|p2a: Lanturn|Thunderbolt|p1a: Luvdisc\n|-supereffective|p1a: Luvdisc\n|-end|p1a: Luvdisc|Substitute\n|\n|-weather|none\n|-damage|p1a: Luvdisc|40/100 brn|[from] brn\n|upkeep\n|turn|14\n|inactive|Time left: 300 sec this turn | 300 sec total\n|\n|t:|1783557908\n|move|p1a: Luvdisc|Endeavor|p2a: Lanturn\n|-damage|p2a: Lanturn|97/367\n|move|p2a: Lanturn|Thunderbolt|p1a: Luvdisc\n|-supereffective|p1a: Luvdisc\n|-damage|p1a: Luvdisc|0 fnt\n|faint|p1a: Luvdisc\n|\n|upkeep\n|\n|t:|1783557909\n|switch|p1a: Swanna|Swanna, L89, M|79/100\n|turn|15\n|inactive|Time left: 300 sec this turn | 300 sec total\n|\n|t:|1783557910\n|switch|p1a: Camerupt|Camerupt, L91, M|53/100\n|move|p2a: Lanturn|Thunderbolt|p1a: Camerupt\n|-immune|p1a: Camerupt\n|\n|upkeep\n|turn|16\n|inactive|Time left: 300 sec this turn | 300 sec total\n|\n|t:|1783557911\n|switch|p1a: Swanna|Swanna, L89, M|79/100\n|move|p2a: Lanturn|Scald|p1a: Swanna\n|-resisted|p1a: Swanna\n|-damage|p1a: Swanna|64/100\n|-status|p1a: Swanna|brn\n|\n|-damage|p1a: Swanna|58/100 brn|[from] brn\n|upkeep\n|turn|17\n|inactive|Time left: 300 sec this turn | 300 sec total\n|\n|t:|1783557912\n|switch|p1a: Camerupt|Camerupt, L91, M|53/100\n|move|p2a: Lanturn|Thunderbolt|p1a: Camerupt\n|-immune|p1a: Camerupt\n|\n|upkeep\n|turn|18\n|inactive|Time left: 300 sec this turn | 300 sec total\n|\n|t:|1783557912\n|switch|p1a: Swanna|Swanna, L89, M|58/100 brn\n|move|p2a: Lanturn|Scald|p1a: Swanna\n|-resisted|p1a: Swanna\n|-damage|p1a: Swanna|42/100 brn\n|\n|-damage|p1a: Swanna|36/100 brn|[from] brn\n|upkeep\n|turn|19\n|inactive|Time left: 300 sec this turn | 300 sec total\n|\n|t:|1783557913\n|move|p1a: Swanna|Roost|p1a: Swanna\n|-heal|p1a: Swanna|86/100 brn\n|-singleturn|p1a: Swanna|move: Roost\n|move|p2a: Lanturn|Thunderbolt|p1a: Swanna\n|-supereffective|p1a: Swanna\n|-damage|p1a: Swanna|13/100 brn\n|\n|-damage|p1a: Swanna|7/100 brn|[from] brn\n|upkeep\n|turn|20\n|inactive|Time left: 300 sec this turn | 300 sec total\n|\n|t:|1783557914\n|switch|p1a: Camerupt|Camerupt, L91, M|53/100\n|move|p2a: Lanturn|Thunderbolt|p1a: Camerupt\n|-immune|p1a: Camerupt\n|\n|upkeep\n|turn|21\n|inactive|Time left: 300 sec this turn | 300 sec total\n|\n|t:|1783557915\n|switch|p1a: Swanna|Swanna, L89, M|7/100 brn\n|move|p2a: Lanturn|Scald|p1a: Swanna\n|-resisted|p1a: Swanna\n|-damage|p1a: Swanna|0 fnt\n|faint|p1a: Swanna\n|\n|upkeep\n|\n|t:|1783557915\n|switch|p1a: Camerupt|Camerupt, L91, M|53/100\n|turn|22\n|inactive|Time left: 300 sec this turn | 300 sec total\n|\n|t:|1783557916\n|move|p2a: Lanturn|Scald|p1a: Camerupt\n|-supereffective|p1a: Camerupt\n|-damage|p1a: Camerupt|0 fnt\n|faint|p1a: Camerupt\n|\n|win|p0y154017aa", "uploadtime": 1783557916, "views": 0, "rating": 0, "private": 0, "password": null, "_winner": "p0y154017aa", "_our_name": "p0y154017aa"}