{"id": "battle-gen9randombattle-2127", "formatid": "gen9randombattle", "format": "[Gen 9] Random Battle", "players": ["p0x2127004c", "p0y21277909"], "log": "|init|battle\n|title|p0x2127004c vs. p0y21277909\n|j|\u2606p0x2127004c\n|j|\u2606p0y21277909\n|t:|1783564622\n|gametype|singles\n|player|p1|p0x2127004c|170|\n|player|p2|p0y21277909|170|\n|gen|9\n|tier|[Gen 9] Random Battle\n|rule|Species Clause: Limit one of each Pok\u00e9mon\n|rule|HP Percentage Mod: HP is shown in percentages\n|rule|Sleep Clause Mod: Limit one foe put to sleep\n|rule|Illusion Level Mod: Illusion disguises the Pok\u00e9mon's true level\n|\n|t:|1783564623\n|teamsize|p1|6\n|teamsize|p2|6\n|start\n|switch|p1a: Dialga|Dialga, L73|266/266\n|switch|p2a: Arceus|Arceus-Dragon, L71|100/100\n|-ability|p1a: Dialga|Pressure\n|turn|1\n|inactive|Battle timer is ON: inactive players will automatically lose when time's up. (requested by p0y21277909)\n|inactive|Time left: 300 sec this turn | 300 sec total | 60 sec grace\n|\n|t:|1783564624\n|move|p2a: Arceus|Judgment|p1a: Dialga\n|-damage|p1a: Dialga|151/266\n|move|p1a: Dialga|Draco Meteor|p2a: Arceus\n|-supereffective|p2a: Arceus\n|-damage|p2a: Arceus|4/100\n|-unboost|p1a: Dialga|spa|2\n|\n|-heal|p1a: Dialga|167/266|[from] item: Leftovers\n|upkeep\n|turn|2\n|inactive|Time left: 300 sec this turn | 300 sec total\n|inactive|p0x2127004c also wants the timer to be on.\n|\n|t:|1783564625\n|switch|p1a: Lugia|Lugia, L73|275/275\n|move|p2a: Arceus|Judgment|p1a: Lugia\n|-damage|p1a: Lugia|235/275\n|\n|upkeep\n|turn|3\n|inactive|Time left: 300 sec this turn | 300 sec total\n|\n|t:|1783564626\n|move|p2a: Arceus|Judgment|p1a: Lugia\n|-damage|p1a: Lugia|151/275\n|move|p1a: Lugia|Calm Mind|p1a: Lugia\n|-boost|p1a: Lugia|spa|1\n|-boost|p1a: Lugia|spd|1\n|\n|upkeep\n|turn|4\n|inactive|Time left: 300 sec this turn | 300 sec total\n|\n|t:|1783564627\n|switch|p2a: Morpeko|Morpeko, L88, M|100/100\n|move|p1a: Lugia|Recover|p1a: Lugia\n|-heal|p1a: Lugia|275/275\n|\n|-formechange|p2a: Morpeko|Morpeko-Hangry||[from] ability: Hunger Switch\n|upkeep\n|turn|5\n|inactive|Time left: 300 sec this turn | 300 sec total\n|\n|t:|1783564628\n|move|p2a: Morpeko|Aura Wheel|p1a: Lugia\n|-supereffective|p1a: Lugia\n|-damage|p1a: Lugia|175/275\n|-boost|p2a: Morpeko|spe|1\n|move|p1a: Lugia|Aeroblast|p2a: Morpeko\n|-resisted|p2a: Morpeko\n|-damage|p2a: Morpeko|71/100\n|\n|-formechange|p2a: Morpeko|Morpeko||[from] ability: Hunger Switch\n|upkeep\n|turn|6\n|inactive|Time left: 300 sec this turn | 300 sec total\n|\n|t:|1783564629\n|switch|p1a: Appletun|Appletun, L92, F|352/352\n|move|p2a: Morpeko|Aura Wheel|p1a: Appletun\n|-resisted|p1a: Appletun\n|-damage|p1a: Appletun|323/352\n|-boost|p2a: Morpeko|spe|1\n|\n|-heal|p1a: Appletun|345/352|[from] item: Leftovers\n|-formechange|p2a: Morpeko|Morpeko-Hangry||[from] ability: Hunger Switch\n|upkeep\n|turn|7\n|inactive|Time left: 300 sec this turn | 300 sec total\n|\n|t:|1783564630\n|move|p2a: Morpeko|Protect|p2a: Morpeko\n|-singleturn|p2a: Morpeko|Protect\n|move|p1a: Appletun|Apple Acid|p2a: Morpeko\n|-activate|p2a: Morpeko|move: Protect\n|\n|-heal|p1a: Appletun|352/352|[from] item: Leftovers\n|-formechange|p2a: Morpeko|Morpeko||[from] ability: Hunger Switch\n|upkeep\n|turn|8\n|inactive|Time left: 300 sec this turn | 300 sec total\n|\n|t:|1783564631\n|move|p2a: Morpeko|Parting Shot|p1a: Appletun\n|-unboost|p1a: Appletun|atk|1\n|-unboost|p1a: Appletun|spa|1\n|\n|t:|1783564632\n|switch|p2a: Hitmonlee|Hitmonlee, L85, M|100/100|[from] Parting Shot\n|move|p1a: Appletun|Apple Acid|p2a: Hitmonlee\n|-damage|p2a: Hitmonlee|73/100\n|-unboost|p2a: Hitmonlee|spd|1\n|\n|upkeep\n|turn|9\n|inactive|Time left: 300 sec this turn | 300 sec total\n|\n|t:|1783564634\n|switch|p1a: Lugia|Lugia, L73|175/275\n|move|p2a: Hitmonlee|High Jump Kick|p1a: Lugia\n|-resisted|p1a: Lugia\n|-damage|p1a: Lugia|130/275\n|\n|upkeep\n|turn|10\n|inactive|Time left: 300 sec this turn | 300 sec total\n|\n|t:|1783564635\n|switch|p2a: Morpeko|Morpeko, L88, M|71/100\n|move|p1a: Lugia|Recover|p1a: Lugia\n|-heal|p1a: Lugia|268/275\n|\n|-formechange|p2a: Morpeko|Morpeko-Hangry||[from] ability: Hunger Switch\n|upkeep\n|turn|11\n|inactive|Time left: 300 sec this turn | 300 sec total\n|\n|t:|1783564636\n|switch|p1a: Slither Wing|Slither Wing, L81|270/270\n|move|p2a: Morpeko|Aura Wheel|p1a: Slither Wing\n|-resisted|p1a: Slither Wing\n|-damage|p1a: Slither Wing|197/270\n|-boost|p2a: Morpeko|spe|1\n|\n|-formechange|p2a: Morpeko|Morpeko||[from] ability: Hunger Switch\n|upkeep\n|turn|12\n|inactive|Time left: 300 sec this turn | 300 sec total\n|\n|t:|1783564637\n|move|p2a: Morpeko|Protect|p2a: Morpeko\n|-singleturn|p2a: Morpeko|Protect\n|move|p1a: Slither Wing|First Impression|p2a: Morpeko\n|-activate|p2a: Morpeko|move: Protect\n|\n|-formechange|p2a: Morpeko|Morpeko-Hangry||[from] ability: Hunger Switch\n|upkeep\n|turn|13\n|inactive|Time left: 300 sec this turn | 300 sec total\n|\n|t:|1783564638\n|move|p2a: Morpeko|Parting Shot|p1a: Slither Wing\n|-unboost|p1a: Slither Wing|atk|1\n|-unboost|p1a: Slither Wing|spa|1\n|\n|t:|1783564639\n|switch|p2a: Carbink|Carbink, L90|100/100|[from] Parting Shot\n|move|p1a: Slither Wing|Close Combat|p2a: Carbink\n|-damage|p2a: Carbink|69/100\n|-unboost|p1a: Slither Wing|def|1\n|-unboost|p1a: Slither Wing|spd|1\n|-damage|p1a: Slither Wing|170/270|[from] item: Life Orb\n|\n|upkeep\n|turn|14\n|inactive|Time left: 300 sec this turn | 300 sec total\n|\n|t:|1783564640\n|-end|p1a: Slither Wing|Protosynthesis|[silent]\n|switch|p1a: Lugia|Lugia, L73|268/275\n|move|p2a: Carbink|Moonblast|p1a: Lugia\n|-damage|p1a: Lugia|213/275\n|\n|upkeep\n|turn|15\n|inactive|Time left: 300 sec this turn | 300 sec total\n|\n|t:|1783564641\n|switch|p2a: Morpeko|Morpeko, L88, M|71/100\n|move|p1a: Lugia|Calm Mind|p1a: Lugia\n|-boost|p1a: Lugia|spa|1\n|-boost|p1a: Lugia|spd|1\n|\n|-formechange|p2a: Morpeko|Morpeko-Hangry||[from] ability: Hunger Switch\n|upkeep\n|turn|16\n|inactive|Time left: 300 sec this turn | 300 sec total\n|\n|t:|1783564642\n|move|p2a: Morpeko|Aura Wheel|p1a: Lugia\n|-supereffective|p1a: Lugia\n|-damage|p1a: Lugia|0 fnt\n|-boost|p2a: Morpeko|spe|1\n|faint|p1a: Lugia\n|\n|-formechange|p2a: Morpeko|Morpeko||[from] ability: Hunger Switch\n|upkeep\n|inactive|Time left: 300 sec this turn | 300 sec total | 5 sec grace\n|\n|t:|1783564643\n|switch|p1a: Slither Wing|Slither Wing, L81|170/270\n|turn|17\n|inactive|Time left: 300 sec this turn | 300 sec total\n|\n|t:|1783564644\n|move|p2a: Morpeko|Protect|p2a: Morpeko\n|-singleturn|p2a: Morpeko|Protect\n|move|p1a: Slither Wing|First Impression|p2a: Morpeko\n|-activate|p2a: Morpeko|move: Protect\n|\n|-formechange|p2a: Morpeko|Morpeko-Hangry||[from] ability: Hunger Switch\n|upkeep\n|turn|18\n|inactive|Time left: 300 sec this turn | 300 sec total\n|\n|t:|1783564645\n|move|p2a: Morpeko|Parting Shot|p1a: Slither Wing\n|-unboost|p1a: Slither Wing|atk|1\n|-unboost|p1a: Slither Wing|spa|1\n|\n|t:|1783564645\n|switch|p2a: Carbink|Carbink, L90|69/100|[from] Parting Shot\n|move|p1a: Slither Wing|Close Combat|p2a: Carbink\n|-damage|p2a: Carbink|36/100\n|-unboost|p1a: Slither Wing|def|1\n|-unboost|p1a: Slither Wing|spd|1\n|-damage|p1a: Slither Wing|143/270|[from] item: Life Orb\n|\n|upkeep\n|turn|19\n|inactive|Time left: 300 sec this turn | 300 sec total\n|\n|t:|1783564646\n|move|p1a: Slither Wing|Earthquake|p2a: Carbink\n|-supereffective|p2a: Carbink\n|-damage|p2a: Carbink|0 fnt\n|faint|p2a: Carbink\n|-damage|p1a: Slither Wing|116/270|[from] item: Life Orb\n|\n|upkeep\n|\n|t:|1783564647\n|switch|p2a: Hitmonlee|Hitmonlee, L85, M|73/100\n|turn|20\n|inactive|Time left: 300 sec this turn | 300 sec total\n|\n|t:|1783564648\n|move|p2a: Hitmonlee|High Jump Kick|p1a: Slither Wing\n|-resisted|p1a: Slither Wing\n|-damage|p1a: Slither Wing|0 fnt\n|faint|p1a: Slither Wing\n|-end|p1a: Slither Wing|Protosynthesis|[silent]\n|\n|upkeep\n|inactive|Time left: 300 sec this turn | 300 sec total | 5 sec grace\n|\n|t:|1783564649\n|switch|p1a: Appletun|Appletun, L92, F|352/352\n|turn|21\n|inactive|Time left: 300 sec this turn | 300 sec total\n|\n|t:|1783564650\n|move|p2a: Hitmonlee|High Jump Kick|p1a: Appletun\n|-damage|p1a: Appletun|165/352\n|move|p1a: Appletun|Apple Acid|p2a: Hitmonlee\n|-damage|p2a: Hitmonlee|34/100\n|-unboost|p2a: Hitmonlee|spd|1\n|\n|-heal|p1a: Appletun|187/352|[from] item: Leftovers\n|upkeep\n|turn|22\n|inactive|Time left: 300 sec this turn | 300 sec total\n|\n|t:|1783564651\n|move|p2a: Hitmonlee|High Jump Kick|p1a: Appletun\n|-damage|p1a: Appletun|0 fnt\n|faint|p1a: Appletun\n|\n|upkeep\n|inactive|Time left: 300 sec this turn | 300 sec total | 5 sec grace\n|\n|t:|1783564652\n|switch|p1a: Sandy Shocks|Sandy Shocks, L80|267/267\n|turn|23\n|inactive|Time left: 300 sec this turn | 300 sec total\n|\n|t:|1783564653\n|move|p2a: Hitmonlee|High Jump Kick|p1a: Sandy Shocks\n|-damage|p1a: Sandy Shocks|56/267\n|move|p1a: Sandy Shocks|Thunderbolt|p2a: Hitmonlee\n|-damage|p2a: Hitmonlee|0 fnt\n|faint|p2a: Hitmonlee\n|\n|upkeep\n|\n|t:|1783564654\n|switch|p2a: Morpeko|Morpeko, L88, M|71/100\n|turn|24\n|inactive|Time left: 300 sec this turn | 300 sec total\n|\n|t:|1783564655\n|move|p2a: Morpeko|Protect|p2a: Morpeko\n|-singleturn|p2a: Morpeko|Protect\n|move|p1a: Sandy Shocks|Earth Power|p2a: Morpeko\n|-activate|p2a: Morpeko|move: Protect\n|\n|-formechange|p2a: Morpeko|Morpeko-Hangry||[from] ability: Hunger Switch\n|upkeep\n|turn|25\n|inactive|Time left: 300 sec this turn | 300 sec total\n|\n|t:|1783564655\n|-end|p1a: Sandy Shocks|Protosynthesis|[silent]\n|switch|p1a: Persian|Persian-Alola, L86, F|252/252\n|move|p2a: Morpeko|Aura Wheel|p1a: Persian\n|-resisted|p1a: Persian\n|-damage|p1a: Persian|211/252\n|-boost|p2a: Morpeko|spe|1\n|\n|-heal|p1a: Persian|226/252|[from] item: Leftovers\n|-formechange|p2a: Morpeko|Morpeko||[from] ability: Hunger Switch\n|upkeep\n|turn|26\n|inactive|Time left: 300 sec this turn | 300 sec total\n|\n|t:|1783564656\n|move|p2a: Morpeko|Aura Wheel|p1a: Persian\n|-damage|p1a: Persian|144/252\n|-boost|p2a: Morpeko|spe|1\n|move|p1a: Persian|Nasty Plot|p1a: Persian\n|-boost|p1a: Persian|spa|2\n|\n|-heal|p1a: Persian|159/252|[from] item: Leftovers\n|-formechange|p2a: Morpeko|Morpeko-Hangry||[from] ability: Hunger Switch\n|upkeep\n|turn|27\n|inactive|Time left: 300 sec this turn | 300 sec total\n|\n|t:|1783564657\n|move|p2a: Morpeko|Aura Wheel|p1a: Persian\n|-resisted|p1a: Persian\n|-damage|p1a: Persian|117/252\n|-boost|p2a: Morpeko|spe|1\n|move|p1a: Persian|Dark Pulse|p2a: Morpeko\n|-resisted|p2a: Morpeko\n|-damage|p2a: Morpeko|32/100\n|\n|-heal|p1a: Persian|132/252|[from] item: Leftovers\n|-formechange|p2a: Morpeko|Morpeko||[from] ability: Hunger Switch\n|upkeep\n|turn|28\n|inactive|Time left: 300 sec this turn | 300 sec total\n|\n|t:|1783564658\n|move|p2a: Morpeko|Protect|p2a: Morpeko\n|-singleturn|p2a: Morpeko|Protect\n|move|p1a: Persian|Dark Pulse|p2a: Morpeko\n|-activate|p2a: Morpeko|move: Protect\n|\n|-heal|p1a: Persian|147/252|[from] item: Leftovers\n|-formechange|p2a: Morpeko|Morpeko-Hangry||[from] ability: Hunger Switch\n|upkeep\n|turn|29\n|inactive|Time left: 300 sec this turn | 300 sec total\n|\n|t:|1783564659\n|move|p2a: Morpeko|Parting Shot|p1a: Persian\n|-unboost|p1a: Persian|atk|1\n|-unboost|p1a: Persian|spa|1\n|\n|t:|1783564660\n|switch|p2a: Ogerpon|Ogerpon-Cornerstone, L76, F|100/100|[from] Parting Shot\n|move|p1a: Persian|Dark Pulse|p2a: Ogerpon\n|-damage|p2a: Ogerpon|52/100\n|\n|-heal|p1a: Persian|162/252|[from] item: Leftovers\n|upkeep\n|turn|30\n|inactive|Time left: 300 sec this turn | 300 sec total\n|\n|t:|1783564661\n|move|p1a: Persian|Dark Pulse|p2a: Ogerpon\n|-damage|p2a: Ogerpon|7/100\n|cant|p2a: Ogerpon|flinch\n|\n|-heal|p1a: Persian|177/252|[from] item: Leftovers\n|upkeep\n|turn|31\n|inactive|Time left: 300 sec this turn | 300 sec total\n|\n|t:|1783564662\n|move|p1a: Persian|Dark Pulse|p2a: Ogerpon\n|-damage|p2a: Ogerpon|0 fnt\n|faint|p2a: Ogerpon\n|\n|-heal|p1a: Persian|192/252|[from] item: Leftovers\n|upkeep\n|\n|t:|1783564663\n|switch|p2a: Morpeko|Morpeko, L88, M|32/100\n|turn|32\n|inactive|Time left: 300 sec this turn | 300 sec total\n|\n|t:|1783564664\n|move|p1a: Persian|Nasty Plot|p1a: Persian\n|-boost|p1a: Persian|spa|2\n|move|p2a: Morpeko|Aura Wheel|p1a: Persian\n|-damage|p1a: Persian|111/252\n|-boost|p2a: Morpeko|spe|1\n|\n|-heal|p1a: Persian|126/252|[from] item: Leftovers\n|-formechange|p2a: Morpeko|Morpeko-Hangry||[from] ability: Hunger Switch\n|upkeep\n|turn|33\n|inactive|Time left: 300 sec this turn | 300 sec total\n|\n|t:|1783564665\n|move|p2a: Morpeko|Protect|p2a: Morpeko\n|-singleturn|p2a: Morpeko|Protect\n|move|p1a: Persian|Dark Pulse|p2a: Morpeko\n|-activate|p2a: Morpeko|move: Protect\n|\n|-heal|p1a: Persian|141/252|[from] item: Leftovers\n|-formechange|p2a: Morpeko|Morpeko||[from] ability: Hunger Switch\n|upkeep\n|turn|34\n|inactive|Time left: 300 sec this turn | 300 sec total\n|\n|t:|1783564667\n|move|p2a: Morpeko|Parting Shot|p1a: Persian\n|-unboost|p1a: Persian|atk|1\n|-unboost|p1a: Persian|spa|1\n|\n|t:|1783564668\n|switch|p2a: Arceus|Arceus-Dragon, L71|4/100|[from] Parting Shot\n|move|p1a: Persian|Dark Pulse|p2a: Arceus\n|-damage|p2a: Arceus|0 fnt\n|faint|p2a: Arceus\n|\n|-heal|p1a: Persian|156/252|[from] item: Leftovers\n|upkeep\n|\n|t:|1783564669\n|switch|p2a: Morpeko|Morpeko, L88, M|32/100\n|turn|35\n|inactive|Time left: 300 sec this turn | 300 sec total\n|\n|t:|1783564670\n|move|p2a: Morpeko|Protect|p2a: Morpeko\n|-singleturn|p2a: Morpeko|Protect\n|move|p1a: Persian|Dark Pulse|p2a: Morpeko\n|-activate|p2a: Morpeko|move: Protect\n|\n|-heal|p1a: Persian|171/252|[from] item: Leftovers\n|-formechange|p2a: Morpeko|Morpeko-Hangry||[from] ability: Hunger Switch\n|upkeep\n|turn|36\n|inactive|Time left: 300 sec this turn | 300 sec total\n|\n|t:|1783564671\n|move|p2a: Morpeko|Protect|p2a: Morpeko\n|-singleturn|p2a: Morpeko|Protect\n|move|p1a: Persian|Dark Pulse|p2a: Morpeko\n|-activate|p2a: Morpeko|move: Protect\n|\n|-heal|p1a: Persian|186/252|[from] item: Leftovers\n|-formechange|p2a: Morpeko|Morpeko||[from] ability: Hunger Switch\n|upkeep\n|turn|37\n|inactive|Time left: 300 sec this turn | 300 sec total\n|\n|t:|1783564672\n|move|p1a: Persian|Dark Pulse|p2a: Morpeko\n|-resisted|p2a: Morpeko\n|-damage|p2a: Morpeko|0 fnt\n|faint|p2a: Morpeko\n|\n|-heal|p1a: Persian|201/252|[from] item: Leftovers\n|upkeep\n|\n|t:|1783564672\n|switch|p2a: Phione|Phione, L91|100/100\n|turn|38\n|inactive|Time left: 300 sec this turn | 300 sec total\n|\n|t:|1783564673\n|-terastallize|p1a: Persian|Electric\n|-terastallize|p2a: Phione|Steel\n|move|p1a: Persian|Thunderbolt|p2a: Phione\n|-damage|p2a: Phione|45/100\n|-status|p2a: Phione|par\n|cant|p2a: Phione|par\n|\n|-heal|p1a: Persian|216/252|[from] item: Leftovers\n|-heal|p2a: Phione|51/100 par|[from] item: Leftovers\n|upkeep\n|turn|39\n|inactive|Time left: 300 sec this turn | 300 sec total\n|\n|t:|1783564675\n|move|p1a: Persian|Thunderbolt|p2a: Phione\n|-crit|p2a: Phione\n|-damage|p2a: Phione|0 fnt\n|faint|p2a: Phione\n|\n|win|p0x2127004c", "uploadtime": 1783564675, "views": 0, "rating": 0, "private": 0, "password": null, "_winner": "p0x2127004c", "_our_name": "p0x2127004c"}