{"id": "battle-gen9randombattle-2757", "formatid": "gen9randombattle", "format": "[Gen 9] Random Battle", "players": ["p0x27570c39", "p0y2757fdad"], "log": "|init|battle\n|title|p0x27570c39 vs. p0y2757fdad\n|j|\u2606p0x27570c39\n|j|\u2606p0y2757fdad\n|t:|1783571779\n|gametype|singles\n|player|p1|p0x27570c39|102|\n|player|p2|p0y2757fdad|101|\n|gen|9\n|tier|[Gen 9] Random Battle\n|rule|Species Clause: Limit one of each Pok\u00e9mon\n|rule|HP Percentage Mod: HP is shown in percentages\n|rule|Sleep Clause Mod: Limit one foe put to sleep\n|rule|Illusion Level Mod: Illusion disguises the Pok\u00e9mon's true level\n|\n|t:|1783571779\n|teamsize|p1|6\n|teamsize|p2|6\n|start\n|switch|p1a: Iron Crown|Iron Crown, L78|268/268\n|switch|p2a: Greninja|Greninja, L80, M|100/100\n|turn|1\n|inactive|Battle timer is ON: inactive players will automatically lose when time's up. (requested by p0x27570c39)\n|inactive|p0y2757fdad also wants the timer to be on.\n|\n|t:|1783571781\n|move|p2a: Greninja|Dark Pulse|p1a: Iron Crown\n|-supereffective|p1a: Iron Crown\n|-damage|p1a: Iron Crown|63/268\n|-damage|p2a: Greninja|91/100|[from] item: Life Orb\n|cant|p1a: Iron Crown|flinch\n|\n|upkeep\n|turn|2\n|inactive|Time left: 300 sec this turn | 300 sec total\n|\n|t:|1783571782\n|-end|p1a: Iron Crown|Quark Drive|[silent]\n|switch|p1a: Florges|Florges, L85, F|271/271\n|move|p2a: Greninja|Hydro Pump|p1a: Florges\n|-damage|p1a: Florges|176/271\n|-damage|p2a: Greninja|81/100|[from] item: Life Orb\n|\n|-heal|p1a: Florges|192/271|[from] item: Leftovers\n|upkeep\n|turn|3\n|inactive|Time left: 300 sec this turn | 300 sec total\n|\n|t:|1783571783\n|move|p2a: Greninja|Gunk Shot|p1a: Florges\n|-supereffective|p1a: Florges\n|-damage|p1a: Florges|0 fnt\n|faint|p1a: Florges\n|-ability|p2a: Greninja|Battle Bond|boost\n|-boost|p2a: Greninja|atk|1\n|-boost|p2a: Greninja|spa|1\n|-boost|p2a: Greninja|spe|1\n|-activate|p2a: Greninja|ability: Battle Bond\n|-damage|p2a: Greninja|71/100|[from] item: Life Orb\n|\n|upkeep\n|inactive|Time left: 300 sec this turn | 300 sec total | 5 sec grace\n|\n|t:|1783571784\n|switch|p1a: Porygon-Z|Porygon-Z, L83|277/277\n|turn|4\n|inactive|Time left: 300 sec this turn | 300 sec total\n|\n|t:|1783571785\n|move|p2a: Greninja|Dark Pulse|p1a: Porygon-Z\n|-damage|p1a: Porygon-Z|98/277\n|-damage|p2a: Greninja|61/100|[from] item: Life Orb\n|move|p1a: Porygon-Z|Tera Blast|p2a: Greninja\n|-damage|p2a: Greninja|0 fnt\n|faint|p2a: Greninja\n|-damage|p1a: Porygon-Z|71/277|[from] item: Life Orb\n|\n|upkeep\n|\n|t:|1783571786\n|switch|p2a: Toucannon|Toucannon, L88, M|100/100\n|turn|5\n|inactive|Time left: 300 sec this turn | 300 sec total\n|\n|t:|1783571787\n|move|p1a: Porygon-Z|Tera Blast|p2a: Toucannon\n|-damage|p2a: Toucannon|35/100\n|-damage|p1a: Porygon-Z|44/277|[from] item: Life Orb\n|move|p2a: Toucannon|Boomburst|p1a: Porygon-Z\n|-damage|p1a: Porygon-Z|0 fnt\n|faint|p1a: Porygon-Z\n|\n|upkeep\n|inactive|Time left: 300 sec this turn | 300 sec total | 5 sec grace\n|\n|t:|1783571788\n|switch|p1a: Iron Crown|Iron Crown, L78|63/268\n|turn|6\n|inactive|Time left: 300 sec this turn | 300 sec total\n|\n|t:|1783571789\n|switch|p2a: Bronzong|Bronzong, L88|100/100\n|move|p1a: Iron Crown|Tachyon Cutter|p2a: Bronzong\n|-resisted|p2a: Bronzong\n|-damage|p2a: Bronzong|89/100\n|-resisted|p2a: Bronzong\n|-damage|p2a: Bronzong|76/100\n|-hitcount|p2a: Bronzong|2\n|\n|-heal|p2a: Bronzong|82/100|[from] item: Leftovers\n|upkeep\n|turn|7\n|inactive|Time left: 300 sec this turn | 300 sec total\n|\n|t:|1783571791\n|move|p1a: Iron Crown|Tachyon Cutter|p2a: Bronzong\n|-resisted|p2a: Bronzong\n|-damage|p2a: Bronzong|70/100\n|-resisted|p2a: Bronzong\n|-damage|p2a: Bronzong|58/100\n|-hitcount|p2a: Bronzong|2\n|move|p2a: Bronzong|Hypnosis|p1a: Iron Crown|[miss]\n|-miss|p2a: Bronzong|p1a: Iron Crown\n|\n|-heal|p2a: Bronzong|64/100|[from] item: Leftovers\n|upkeep\n|turn|8\n|inactive|Time left: 300 sec this turn | 300 sec total\n|\n|t:|1783571792\n|move|p1a: Iron Crown|Tachyon Cutter|p2a: Bronzong\n|-resisted|p2a: Bronzong\n|-damage|p2a: Bronzong|51/100\n|-resisted|p2a: Bronzong\n|-damage|p2a: Bronzong|39/100\n|-hitcount|p2a: Bronzong|2\n|move|p2a: Bronzong|Stealth Rock|p1a: Iron Crown\n|-sidestart|p1: p0x27570c39|move: Stealth Rock\n|\n|-heal|p2a: Bronzong|45/100|[from] item: Leftovers\n|upkeep\n|turn|9\n|inactive|Time left: 300 sec this turn | 300 sec total\n|\n|t:|1783571793\n|move|p1a: Iron Crown|Tachyon Cutter|p2a: Bronzong\n|-resisted|p2a: Bronzong\n|-damage|p2a: Bronzong|33/100\n|-resisted|p2a: Bronzong\n|-crit|p2a: Bronzong\n|-damage|p2a: Bronzong|16/100\n|-hitcount|p2a: Bronzong|2\n|move|p2a: Bronzong|Hypnosis|p1a: Iron Crown\n|-status|p1a: Iron Crown|slp|[from] move: Hypnosis\n|\n|-heal|p2a: Bronzong|22/100|[from] item: Leftovers\n|upkeep\n|turn|10\n|inactive|Time left: 300 sec this turn | 300 sec total\n|\n|t:|1783571794\n|-end|p1a: Iron Crown|Quark Drive|[silent]\n|switch|p1a: Skeledirge|Skeledirge, L79, M|294/294\n|move|p2a: Bronzong|Psychic|p1a: Skeledirge\n|-damage|p1a: Skeledirge|183/294\n|\n|-heal|p2a: Bronzong|28/100|[from] item: Leftovers\n|upkeep\n|turn|11\n|inactive|Time left: 300 sec this turn | 300 sec total\n|\n|t:|1783571795\n|switch|p2a: Sudowoodo|Sudowoodo, L94, M|100/100\n|move|p1a: Skeledirge|Torch Song|p2a: Sudowoodo\n|-resisted|p2a: Sudowoodo\n|-damage|p2a: Sudowoodo|86/100\n|-boost|p1a: Skeledirge|spa|1\n|\n|upkeep\n|turn|12\n|inactive|Time left: 300 sec this turn | 300 sec total\n|\n|t:|1783571796\n|-terastallize|p1a: Skeledirge|Fairy\n|move|p1a: Skeledirge|Will-O-Wisp|p2a: Sudowoodo\n|-status|p2a: Sudowoodo|brn\n|move|p2a: Sudowoodo|Head Smash|p1a: Skeledirge|[miss]\n|-miss|p2a: Sudowoodo|p1a: Skeledirge\n|\n|-damage|p2a: Sudowoodo|80/100 brn|[from] brn\n|upkeep\n|turn|13\n|inactive|Time left: 300 sec this turn | 300 sec total\n|\n|t:|1783571797\n|move|p1a: Skeledirge|Slack Off|p1a: Skeledirge\n|-heal|p1a: Skeledirge|294/294\n|move|p2a: Sudowoodo|Head Smash|p1a: Skeledirge\n|-damage|p1a: Skeledirge|153/294\n|\n|-damage|p2a: Sudowoodo|74/100 brn|[from] brn\n|upkeep\n|turn|14\n|inactive|Time left: 300 sec this turn | 300 sec total\n|\n|t:|1783571798\n|move|p1a: Skeledirge|Slack Off|p1a: Skeledirge\n|-heal|p1a: Skeledirge|294/294\n|move|p2a: Sudowoodo|Head Smash|p1a: Skeledirge|[miss]\n|-miss|p2a: Sudowoodo|p1a: Skeledirge\n|\n|-damage|p2a: Sudowoodo|68/100 brn|[from] brn\n|upkeep\n|turn|15\n|inactive|Time left: 300 sec this turn | 300 sec total\n|\n|t:|1783571799\n|move|p1a: Skeledirge|Hex|p2a: Sudowoodo\n|-damage|p2a: Sudowoodo|0 fnt\n|faint|p2a: Sudowoodo\n|\n|upkeep\n|\n|t:|1783571800\n|switch|p2a: Toucannon|Toucannon, L88, M|35/100\n|turn|16\n|inactive|Time left: 300 sec this turn | 300 sec total\n|\n|t:|1783571801\n|move|p2a: Toucannon|Boomburst|p1a: Skeledirge\n|-damage|p1a: Skeledirge|146/294\n|move|p1a: Skeledirge|Torch Song|p2a: Toucannon\n|-damage|p2a: Toucannon|0 fnt\n|-boost|p1a: Skeledirge|spa|1\n|faint|p2a: Toucannon\n|\n|upkeep\n|\n|t:|1783571802\n|switch|p2a: Cetitan|Cetitan, L82, M|100/100\n|turn|17\n|inactive|Time left: 300 sec this turn | 300 sec total\n|\n|t:|1783571802\n|move|p2a: Cetitan|Icicle Crash|p1a: Skeledirge\n|-damage|p1a: Skeledirge|0 fnt\n|faint|p1a: Skeledirge\n|\n|upkeep\n|inactive|Time left: 300 sec this turn | 300 sec total | 5 sec grace\n|\n|t:|1783571803\n|switch|p1a: Gengar|Gengar, L81, M|230/230\n|-damage|p1a: Gengar|202/230|[from] Stealth Rock\n|turn|18\n|inactive|Time left: 300 sec this turn | 300 sec total\n|\n|t:|1783571804\n|move|p1a: Gengar|Sludge Wave|p2a: Cetitan\n|-damage|p2a: Cetitan|38/100\n|-status|p2a: Cetitan|psn\n|move|p2a: Cetitan|Icicle Crash|p1a: Gengar|[miss]\n|-miss|p2a: Cetitan|p1a: Gengar\n|\n|-damage|p2a: Cetitan|26/100 psn|[from] psn\n|upkeep\n|turn|19\n|inactive|Time left: 300 sec this turn | 300 sec total\n|\n|t:|1783571805\n|switch|p2a: Bronzong|Bronzong, L88|28/100\n|move|p1a: Gengar|Sludge Wave|p2a: Bronzong\n|-immune|p2a: Bronzong\n|\n|-heal|p2a: Bronzong|35/100|[from] item: Leftovers\n|upkeep\n|turn|20\n|inactive|Time left: 300 sec this turn | 300 sec total\n|\n|t:|1783571806\n|switch|p1a: Lokix|Lokix, L82, F|251/251\n|-damage|p1a: Lokix|189/251|[from] Stealth Rock\n|move|p2a: Bronzong|Psychic|p1a: Lokix\n|-immune|p1a: Lokix\n|\n|-heal|p2a: Bronzong|41/100|[from] item: Leftovers\n|upkeep\n|turn|21\n|inactive|Time left: 300 sec this turn | 300 sec total\n|\n|t:|1783571807\n|switch|p2a: Gliscor|Gliscor, L76, F|100/100\n|move|p1a: Lokix|Swords Dance|p1a: Lokix\n|-boost|p1a: Lokix|atk|2\n|\n|-status|p2a: Gliscor|tox|[from] item: Toxic Orb\n|upkeep\n|turn|22\n|inactive|Time left: 300 sec this turn | 300 sec total\n|\n|t:|1783571808\n|move|p2a: Gliscor|Protect|p2a: Gliscor\n|-singleturn|p2a: Gliscor|Protect\n|move|p1a: Lokix|Leech Life|p2a: Gliscor\n|-activate|p2a: Gliscor|move: Protect\n|\n|upkeep\n|turn|23\n|inactive|Time left: 300 sec this turn | 300 sec total\n|\n|t:|1783571809\n|move|p1a: Lokix|Leech Life|p2a: Gliscor\n|-resisted|p2a: Gliscor\n|-damage|p2a: Gliscor|22/100 tox\n|-heal|p1a: Lokix|251/251|[from] drain|[of] p2a: Gliscor\n|-damage|p1a: Lokix|226/251|[from] item: Life Orb\n|move|p2a: Gliscor|Toxic|p1a: Lokix\n|-status|p1a: Lokix|tox\n|\n|-damage|p1a: Lokix|211/251 tox|[from] psn\n|-heal|p2a: Gliscor|34/100 tox|[from] ability: Poison Heal\n|upkeep\n|turn|24\n|inactive|Time left: 300 sec this turn | 300 sec total\n|\n|t:|1783571809\n|move|p2a: Gliscor|Protect|p2a: Gliscor\n|-singleturn|p2a: Gliscor|Protect\n|move|p1a: Lokix|Leech Life|p2a: Gliscor\n|-activate|p2a: Gliscor|move: Protect\n|\n|-damage|p1a: Lokix|181/251 tox|[from] psn\n|-heal|p2a: Gliscor|47/100 tox|[from] ability: Poison Heal\n|upkeep\n|turn|25\n|inactive|Time left: 300 sec this turn | 300 sec total\n|\n|t:|1783571810\n|move|p2a: Gliscor|Protect|p2a: Gliscor\n|-singleturn|p2a: Gliscor|Protect\n|move|p1a: Lokix|Leech Life|p2a: Gliscor\n|-activate|p2a: Gliscor|move: Protect\n|\n|-damage|p1a: Lokix|136/251 tox|[from] psn\n|-heal|p2a: Gliscor|59/100 tox|[from] ability: Poison Heal\n|upkeep\n|turn|26\n|inactive|Time left: 300 sec this turn | 300 sec total\n|\n|t:|1783571811\n|switch|p2a: Cetitan|Cetitan, L82, M|26/100 psn\n|move|p1a: Lokix|Leech Life|p2a: Cetitan\n|-damage|p2a: Cetitan|0 fnt\n|-heal|p1a: Lokix|188/251 tox|[from] drain|[of] p2a: Cetitan\n|faint|p2a: Cetitan\n|-damage|p1a: Lokix|163/251 tox|[from] item: Life Orb\n|\n|-damage|p1a: Lokix|103/251 tox|[from] psn\n|upkeep\n|\n|t:|1783571812\n|switch|p2a: Bronzong|Bronzong, L88|41/100\n|turn|27\n|inactive|Time left: 300 sec this turn | 300 sec total\n|\n|t:|1783571813\n|move|p1a: Lokix|Leech Life|p2a: Bronzong\n|-damage|p2a: Bronzong|0 fnt\n|-heal|p1a: Lokix|156/251 tox|[from] drain|[of] p2a: Bronzong\n|faint|p2a: Bronzong\n|-damage|p1a: Lokix|131/251 tox|[from] item: Life Orb\n|\n|-damage|p1a: Lokix|56/251 tox|[from] psn\n|upkeep\n|\n|t:|1783571814\n|switch|p2a: Gliscor|Gliscor, L76, F|59/100 tox\n|turn|28\n|inactive|Time left: 300 sec this turn | 300 sec total\n|\n|t:|1783571815\n|move|p2a: Gliscor|Protect|p2a: Gliscor\n|-singleturn|p2a: Gliscor|Protect\n|move|p1a: Lokix|Knock Off|p2a: Gliscor\n|-activate|p2a: Gliscor|move: Protect\n|\n|-damage|p1a: Lokix|0 fnt|[from] psn\n|faint|p1a: Lokix\n|-heal|p2a: Gliscor|71/100 tox|[from] ability: Poison Heal\n|upkeep\n|inactive|Time left: 300 sec this turn | 300 sec total | 5 sec grace\n|\n|t:|1783571816\n|switch|p1a: Gengar|Gengar, L81, M|202/230\n|-damage|p1a: Gengar|174/230|[from] Stealth Rock\n|turn|29\n|inactive|Time left: 300 sec this turn | 300 sec total\n|\n|t:|1783571816\n|move|p2a: Gliscor|Protect|p2a: Gliscor\n|-singleturn|p2a: Gliscor|Protect\n|move|p1a: Gengar|Shadow Ball|p2a: Gliscor\n|-activate|p2a: Gliscor|move: Protect\n|\n|-heal|p2a: Gliscor|83/100 tox|[from] ability: Poison Heal\n|upkeep\n|turn|30\n|inactive|Time left: 300 sec this turn | 300 sec total\n|\n|t:|1783571817\n|-terastallize|p2a: Gliscor|Water\n|move|p1a: Gengar|Shadow Ball|p2a: Gliscor\n|-damage|p2a: Gliscor|1/100 tox\n|move|p2a: Gliscor|Earthquake|p1a: Gengar\n|-supereffective|p1a: Gengar\n|-damage|p1a: Gengar|0 fnt\n|-start|p2a: Gliscor|Disable|Earthquake|[from] ability: Cursed Body|[of] p1a: Gengar\n|faint|p1a: Gengar\n|\n|-heal|p2a: Gliscor|13/100 tox|[from] ability: Poison Heal\n|upkeep\n|inactive|Time left: 300 sec this turn | 300 sec total | 5 sec grace\n|\n|t:|1783571818\n|switch|p1a: Iron Crown|Iron Crown, L78|63/268 slp\n|-damage|p1a: Iron Crown|47/268 slp|[from] Stealth Rock\n|turn|31\n|inactive|Time left: 300 sec this turn | 300 sec total\n|\n|t:|1783571819\n|cant|p1a: Iron Crown|slp\n|move|p2a: Gliscor|Substitute|p2a: Gliscor\n|-fail|p2a: Gliscor|move: Substitute|[weak]\n|\n|-heal|p2a: Gliscor|25/100 tox|[from] ability: Poison Heal\n|upkeep\n|turn|32\n|inactive|Time left: 300 sec this turn | 300 sec total\n|\n|t:|1783571820\n|cant|p1a: Iron Crown|slp\n|move|p2a: Gliscor|Substitute|p2a: Gliscor\n|-fail|p2a: Gliscor|move: Substitute|[weak]\n|\n|-heal|p2a: Gliscor|37/100 tox|[from] ability: Poison Heal\n|upkeep\n|turn|33\n|inactive|Time left: 300 sec this turn | 300 sec total\n|\n|t:|1783571821\n|-curestatus|p1a: Iron Crown|slp|[msg]\n|move|p1a: Iron Crown|Volt Switch|p2a: Gliscor\n|-supereffective|p2a: Gliscor\n|-damage|p2a: Gliscor|0 fnt\n|faint|p2a: Gliscor\n|\n|win|p0x27570c39", "uploadtime": 1783571821, "views": 0, "rating": 0, "private": 0, "password": null, "_winner": "p0x27570c39", "_our_name": "p0x27570c39"}