{"id": "battle-gen9randombattle-1969", "formatid": "gen9randombattle", "format": "[Gen 9] Random Battle", "players": ["p0x19697224", "p0y1969978c"], "log": "|init|battle\n|title|p0x19697224 vs. p0y1969978c\n|j|\u2606p0x19697224\n|j|\u2606p0y1969978c\n|t:|1783562756\n|gametype|singles\n|player|p1|p0x19697224|265|\n|player|p2|p0y1969978c|169|\n|gen|9\n|tier|[Gen 9] Random Battle\n|rule|Species Clause: Limit one of each Pok\u00e9mon\n|rule|HP Percentage Mod: HP is shown in percentages\n|rule|Sleep Clause Mod: Limit one foe put to sleep\n|rule|Illusion Level Mod: Illusion disguises the Pok\u00e9mon's true level\n|\n|t:|1783562756\n|teamsize|p1|6\n|teamsize|p2|6\n|start\n|switch|p1a: Plusle|Plusle, L95, F|268/268\n|switch|p2a: Lanturn|Lanturn, L89, F|100/100\n|turn|1\n|inactive|Battle timer is ON: inactive players will automatically lose when time's up. (requested by p0x19697224)\n|inactive|p0y1969978c also wants the timer to be on.\n|\n|t:|1783562758\n|move|p1a: Plusle|Nasty Plot|p1a: Plusle\n|-boost|p1a: Plusle|spa|2\n|move|p2a: Lanturn|Scald|p1a: Plusle\n|-damage|p1a: Plusle|187/268\n|\n|upkeep\n|turn|2\n|inactive|Time left: 300 sec this turn | 300 sec total\n|\n|t:|1783562759\n|move|p1a: Plusle|Grass Knot|p2a: Lanturn\n|-supereffective|p2a: Lanturn\n|-damage|p2a: Lanturn|48/100\n|-damage|p1a: Plusle|161/268|[from] item: Life Orb\n|move|p2a: Lanturn|Scald|p1a: Plusle\n|-damage|p1a: Plusle|80/268\n|\n|-heal|p2a: Lanturn|54/100|[from] item: Leftovers\n|upkeep\n|turn|3\n|inactive|Time left: 300 sec this turn | 300 sec total\n|\n|t:|1783562760\n|-terastallize|p1a: Plusle|Grass\n|move|p1a: Plusle|Grass Knot|p2a: Lanturn\n|-supereffective|p2a: Lanturn\n|-damage|p2a: Lanturn|0 fnt\n|faint|p2a: Lanturn\n|-damage|p1a: Plusle|54/268|[from] item: Life Orb\n|\n|upkeep\n|\n|t:|1783562761\n|switch|p2a: Regidrago|Regidrago, L77|100/100\n|turn|4\n|inactive|Time left: 300 sec this turn | 300 sec total\n|\n|t:|1783562763\n|move|p2a: Regidrago|Dragon Energy|p1a: Plusle\n|-damage|p1a: Plusle|0 fnt\n|faint|p1a: Plusle\n|\n|upkeep\n|inactive|Time left: 300 sec this turn | 300 sec total | 5 sec grace\n|\n|t:|1783562764\n|switch|p1a: Ambipom|Ambipom, L84, F|263/263\n|turn|5\n|inactive|Time left: 300 sec this turn | 300 sec total\n|\n|t:|1783562765\n|move|p1a: Ambipom|Fake Out|p2a: Regidrago\n|-damage|p2a: Regidrago|71/100\n|cant|p2a: Regidrago|flinch\n|\n|upkeep\n|turn|6\n|inactive|Time left: 300 sec this turn | 300 sec total\n|\n|t:|1783562766\n|move|p2a: Regidrago|Dragon Energy|p1a: Ambipom\n|-crit|p1a: Ambipom\n|-damage|p1a: Ambipom|0 fnt\n|faint|p1a: Ambipom\n|\n|upkeep\n|inactive|Time left: 300 sec this turn | 300 sec total | 5 sec grace\n|\n|t:|1783562767\n|switch|p1a: Iron Moth|Iron Moth, L78|253/253\n|turn|7\n|inactive|Time left: 300 sec this turn | 300 sec total\n|\n|t:|1783562768\n|move|p2a: Regidrago|Dragon Energy|p1a: Iron Moth\n|-damage|p1a: Iron Moth|132/253\n|move|p1a: Iron Moth|Sludge Wave|p2a: Regidrago\n|-damage|p2a: Regidrago|12/100\n|\n|upkeep\n|turn|8\n|inactive|Time left: 300 sec this turn | 300 sec total\n|\n|t:|1783562769\n|switch|p2a: Polteageist|Polteageist-Antique, L78|100/100\n|move|p1a: Iron Moth|Sludge Wave|p2a: Polteageist\n|-resisted|p2a: Polteageist\n|-damage|p2a: Polteageist|65/100\n|-start|p1a: Iron Moth|Disable|Sludge Wave|[from] ability: Cursed Body|[of] p2a: Polteageist\n|\n|upkeep\n|turn|9\n|inactive|Time left: 300 sec this turn | 300 sec total\n|\n|t:|1783562770\n|-end|p1a: Iron Moth|Quark Drive|[silent]\n|switch|p1a: Vigoroth|Vigoroth, L85, M|275/275\n|move|p2a: Polteageist|Shell Smash|p2a: Polteageist\n|-unboost|p2a: Polteageist|def|1\n|-unboost|p2a: Polteageist|spd|1\n|-boost|p2a: Polteageist|atk|2\n|-boost|p2a: Polteageist|spa|2\n|-boost|p2a: Polteageist|spe|2\n|-enditem|p2a: Polteageist|White Herb\n|-clearnegativeboost|p2a: Polteageist|[silent]\n|\n|upkeep\n|turn|10\n|inactive|Time left: 300 sec this turn | 300 sec total\n|\n|t:|1783562771\n|move|p2a: Polteageist|Stored Power|p1a: Vigoroth\n|-damage|p1a: Vigoroth|65/275\n|move|p1a: Vigoroth|Knock Off|p2a: Polteageist\n|-supereffective|p2a: Polteageist\n|-damage|p2a: Polteageist|12/100\n|\n|upkeep\n|turn|11\n|inactive|Time left: 300 sec this turn | 300 sec total\n|\n|t:|1783562772\n|move|p2a: Polteageist|Tera Blast|p1a: Vigoroth\n|-damage|p1a: Vigoroth|0 fnt\n|faint|p1a: Vigoroth\n|\n|upkeep\n|inactive|Time left: 300 sec this turn | 300 sec total | 5 sec grace\n|\n|t:|1783562773\n|switch|p1a: Iron Moth|Iron Moth, L78|132/253\n|turn|12\n|inactive|Time left: 300 sec this turn | 300 sec total\n|\n|t:|1783562774\n|move|p2a: Polteageist|Stored Power|p1a: Iron Moth\n|-supereffective|p1a: Iron Moth\n|-damage|p1a: Iron Moth|0 fnt\n|faint|p1a: Iron Moth\n|-end|p1a: Iron Moth|Quark Drive|[silent]\n|\n|upkeep\n|inactive|Time left: 300 sec this turn | 300 sec total | 5 sec grace\n|\n|t:|1783562775\n|switch|p1a: Drifblim|Drifblim, L86, F|398/398\n|turn|13\n|inactive|Time left: 300 sec this turn | 300 sec total\n|\n|t:|1783562776\n|move|p2a: Polteageist|Shadow Ball|p1a: Drifblim\n|-supereffective|p1a: Drifblim\n|-damage|p1a: Drifblim|0 fnt\n|faint|p1a: Drifblim\n|\n|upkeep\n|inactive|Time left: 300 sec this turn | 300 sec total | 5 sec grace\n|\n|t:|1783562777\n|switch|p1a: Delphox|Delphox, L84, M|263/263\n|turn|14\n|inactive|Time left: 300 sec this turn | 300 sec total\n|\n|t:|1783562778\n|move|p2a: Polteageist|Shadow Ball|p1a: Delphox\n|-supereffective|p1a: Delphox\n|-damage|p1a: Delphox|0 fnt\n|faint|p1a: Delphox\n|\n|win|p0y1969978c", "uploadtime": 1783562778, "views": 0, "rating": 0, "private": 0, "password": null, "_winner": "p0y1969978c", "_our_name": "p0x19697224"}