{"id": "battle-gen9randombattle-1100", "formatid": "gen9randombattle", "format": "[Gen 9] Random Battle", "players": ["p0x1100a47d", "p0y1100d212"], "log": "|init|battle\n|title|p0x1100a47d vs. p0y1100d212\n|j|\u2606p0x1100a47d\n|j|\u2606p0y1100d212\n|t:|1783551926\n|gametype|singles\n|player|p1|p0x1100a47d|170|\n|player|p2|p0y1100d212|170|\n|gen|9\n|tier|[Gen 9] Random Battle\n|rule|Species Clause: Limit one of each Pok\u00e9mon\n|rule|HP Percentage Mod: HP is shown in percentages\n|rule|Sleep Clause Mod: Limit one foe put to sleep\n|rule|Illusion Level Mod: Illusion disguises the Pok\u00e9mon's true level\n|\n|t:|1783551926\n|teamsize|p1|6\n|teamsize|p2|6\n|start\n|switch|p1a: Meloetta|Meloetta, L82|100/100\n|switch|p2a: Scrafty|Scrafty, L83, F|244/244\n|-ability|p2a: Scrafty|Intimidate|boost\n|-unboost|p1a: Meloetta|atk|1\n|turn|1\n|inactive|Battle timer is ON: inactive players will automatically lose when time's up. (requested by p0y1100d212)\n|\n|t:|1783551928\n|move|p1a: Meloetta|Focus Blast|p2a: Scrafty|[miss]\n|-miss|p1a: Meloetta|p2a: Scrafty\n|move|p2a: Scrafty|Dragon Dance|p2a: Scrafty\n|-boost|p2a: Scrafty|atk|1\n|-boost|p2a: Scrafty|spe|1\n|\n|upkeep\n|turn|2\n|inactive|Time left: 300 sec this turn | 300 sec total\n|inactive|p0x1100a47d also wants the timer to be on.\n|\n|t:|1783551929\n|switch|p1a: Dachsbun|Dachsbun, L92, M|100/100\n|move|p2a: Scrafty|Knock Off|p1a: Dachsbun\n|-resisted|p1a: Dachsbun\n|-crit|p1a: Dachsbun\n|-damage|p1a: Dachsbun|69/100\n|-enditem|p1a: Dachsbun|Leftovers|[from] move: Knock Off|[of] p2a: Scrafty\n|\n|upkeep\n|turn|3\n|inactive|Time left: 300 sec this turn | 300 sec total\n|\n|t:|1783551930\n|-terastallize|p2a: Scrafty|Poison\n|move|p1a: Dachsbun|Play Rough|p2a: Scrafty\n|-resisted|p2a: Scrafty\n|-damage|p2a: Scrafty|206/244\n|-unboost|p2a: Scrafty|atk|1\n|move|p2a: Scrafty|Poison Jab|p1a: Dachsbun\n|-supereffective|p1a: Dachsbun\n|-damage|p1a: Dachsbun|25/100\n|-status|p1a: Dachsbun|psn\n|\n|-heal|p2a: Scrafty|221/244|[from] item: Leftovers\n|-damage|p1a: Dachsbun|12/100 psn|[from] psn\n|upkeep\n|turn|4\n|inactive|Time left: 300 sec this turn | 300 sec total\n|\n|t:|1783551931\n|move|p1a: Dachsbun|Body Press|p2a: Scrafty\n|-resisted|p2a: Scrafty\n|-damage|p2a: Scrafty|190/244\n|move|p2a: Scrafty|Dragon Dance|p2a: Scrafty\n|-boost|p2a: Scrafty|atk|1\n|-boost|p2a: Scrafty|spe|1\n|\n|-heal|p2a: Scrafty|205/244|[from] item: Leftovers\n|-damage|p1a: Dachsbun|0 fnt|[from] psn\n|faint|p1a: Dachsbun\n|upkeep\n|\n|t:|1783551932\n|switch|p1a: Illumise|Illumise, L91, F|100/100\n|turn|5\n|inactive|Time left: 300 sec this turn | 300 sec total\n|\n|t:|1783551934\n|move|p1a: Illumise|Encore|p2a: Scrafty\n|-start|p2a: Scrafty|Encore\n|move|p2a: Scrafty|Dragon Dance|p2a: Scrafty\n|-boost|p2a: Scrafty|atk|1\n|-boost|p2a: Scrafty|spe|1\n|\n|-heal|p2a: Scrafty|220/244|[from] item: Leftovers\n|upkeep\n|turn|6\n|inactive|Time left: 300 sec this turn | 300 sec total\n|\n|t:|1783551935\n|move|p1a: Illumise|Thunder Wave|p2a: Scrafty\n|-status|p2a: Scrafty|par\n|move|p2a: Scrafty|Dragon Dance|p2a: Scrafty\n|-boost|p2a: Scrafty|atk|1\n|-boost|p2a: Scrafty|spe|1\n|\n|-heal|p2a: Scrafty|235/244 par|[from] item: Leftovers\n|upkeep\n|turn|7\n|inactive|Time left: 300 sec this turn | 300 sec total\n|\n|t:|1783551936\n|move|p1a: Illumise|Thunder Wave|p2a: Scrafty\n|-fail|p2a: Scrafty|par\n|cant|p2a: Scrafty|par\n|\n|-heal|p2a: Scrafty|244/244 par|[from] item: Leftovers\n|-end|p2a: Scrafty|Encore\n|upkeep\n|turn|8\n|inactive|Time left: 300 sec this turn | 300 sec total\n|\n|t:|1783551937\n|move|p1a: Illumise|Encore|p2a: Scrafty\n|-start|p2a: Scrafty|Encore\n|cant|p2a: Scrafty|par\n|\n|upkeep\n|turn|9\n|inactive|Time left: 300 sec this turn | 300 sec total\n|\n|t:|1783551938\n|move|p2a: Scrafty|Dragon Dance|p2a: Scrafty\n|-boost|p2a: Scrafty|atk|1\n|-boost|p2a: Scrafty|spe|1\n|move|p1a: Illumise|Bug Buzz|p2a: Scrafty\n|-resisted|p2a: Scrafty\n|-damage|p2a: Scrafty|208/244 par\n|\n|-heal|p2a: Scrafty|223/244 par|[from] item: Leftovers\n|upkeep\n|turn|10\n|inactive|Time left: 300 sec this turn | 300 sec total\n|\n|t:|1783551939\n|switch|p1a: Giratina|Giratina, L75|100/100\n|-ability|p1a: Giratina|Pressure\n|move|p2a: Scrafty|Dragon Dance|p2a: Scrafty\n|-boost|p2a: Scrafty|atk|1\n|-boost|p2a: Scrafty|spe|1\n|\n|-heal|p2a: Scrafty|238/244 par|[from] item: Leftovers\n|-end|p2a: Scrafty|Encore\n|upkeep\n|turn|11\n|inactive|Time left: 300 sec this turn | 300 sec total\n|\n|t:|1783551940\n|move|p2a: Scrafty|Knock Off|p1a: Giratina\n|-supereffective|p1a: Giratina\n|-damage|p1a: Giratina|0 fnt\n|-enditem|p1a: Giratina|Leftovers|[from] move: Knock Off|[of] p2a: Scrafty\n|faint|p1a: Giratina\n|\n|-heal|p2a: Scrafty|244/244 par|[from] item: Leftovers\n|upkeep\n|\n|t:|1783551941\n|switch|p1a: Duraludon|Duraludon, L82, M|100/100\n|turn|12\n|inactive|Time left: 300 sec this turn | 300 sec total\n|\n|t:|1783551942\n|move|p2a: Scrafty|Drain Punch|p1a: Duraludon\n|-supereffective|p1a: Duraludon\n|-crit|p1a: Duraludon\n|-damage|p1a: Duraludon|0 fnt\n|faint|p1a: Duraludon\n|\n|upkeep\n|\n|t:|1783551943\n|switch|p1a: Illumise|Illumise, L91, F|100/100\n|turn|13\n|inactive|Time left: 300 sec this turn | 300 sec total\n|\n|t:|1783551944\n|move|p1a: Illumise|Encore|p2a: Scrafty\n|-start|p2a: Scrafty|Encore\n|move|p2a: Scrafty|Drain Punch|p1a: Illumise\n|-resisted|p1a: Illumise\n|-damage|p1a: Illumise|46/100\n|\n|upkeep\n|turn|14\n|inactive|Time left: 300 sec this turn | 300 sec total\n|\n|t:|1783551945\n|move|p1a: Illumise|Roost|p1a: Illumise\n|-heal|p1a: Illumise|96/100\n|-singleturn|p1a: Illumise|move: Roost\n|move|p2a: Scrafty|Drain Punch|p1a: Illumise\n|-resisted|p1a: Illumise\n|-damage|p1a: Illumise|47/100\n|\n|upkeep\n|turn|15\n|inactive|Time left: 300 sec this turn | 300 sec total\n|\n|t:|1783551946\n|move|p1a: Illumise|Roost|p1a: Illumise\n|-heal|p1a: Illumise|97/100\n|-singleturn|p1a: Illumise|move: Roost\n|move|p2a: Scrafty|Drain Punch|p1a: Illumise\n|-resisted|p1a: Illumise\n|-damage|p1a: Illumise|45/100\n|\n|-end|p2a: Scrafty|Encore\n|upkeep\n|turn|16\n|inactive|Time left: 300 sec this turn | 300 sec total\n|\n|t:|1783551947\n|move|p1a: Illumise|Encore|p2a: Scrafty\n|-start|p2a: Scrafty|Encore\n|move|p2a: Scrafty|Drain Punch|p1a: Illumise\n|-resisted|p1a: Illumise\n|-damage|p1a: Illumise|0 fnt\n|faint|p1a: Illumise\n|\n|upkeep\n|\n|t:|1783551948\n|switch|p1a: Meloetta|Meloetta, L82|100/100\n|turn|17\n|inactive|Time left: 300 sec this turn | 300 sec total\n|\n|t:|1783551949\n|-terastallize|p1a: Meloetta|Psychic\n|move|p2a: Scrafty|Drain Punch|p1a: Meloetta\n|-resisted|p1a: Meloetta\n|-damage|p1a: Meloetta|50/100\n|move|p1a: Meloetta|Calm Mind|p1a: Meloetta\n|-boost|p1a: Meloetta|spa|1\n|-boost|p1a: Meloetta|spd|1\n|\n|-heal|p1a: Meloetta|56/100|[from] item: Leftovers\n|upkeep\n|turn|18\n|inactive|Time left: 300 sec this turn | 300 sec total\n|\n|t:|1783551950\n|cant|p2a: Scrafty|par\n|move|p1a: Meloetta|Psyshock|p2a: Scrafty\n|-supereffective|p2a: Scrafty\n|-damage|p2a: Scrafty|0 fnt\n|faint|p2a: Scrafty\n|\n|-heal|p1a: Meloetta|62/100|[from] item: Leftovers\n|upkeep\n|inactive|Time left: 300 sec this turn | 300 sec total | 5 sec grace\n|\n|t:|1783551951\n|switch|p2a: Smeargle|Smeargle, L95, F|258/258\n|turn|19\n|inactive|Time left: 300 sec this turn | 300 sec total\n|\n|t:|1783551952\n|move|p2a: Smeargle|Spore|p1a: Meloetta\n|-status|p1a: Meloetta|slp|[from] move: Spore\n|cant|p1a: Meloetta|slp\n|\n|-heal|p1a: Meloetta|68/100 slp|[from] item: Leftovers\n|upkeep\n|turn|20\n|inactive|Time left: 300 sec this turn | 300 sec total\n|\n|t:|1783551953\n|move|p2a: Smeargle|Population Bomb|p1a: Meloetta\n|-damage|p1a: Meloetta|62/100 slp\n|-damage|p1a: Meloetta|56/100 slp\n|-damage|p1a: Meloetta|50/100 slp\n|-damage|p1a: Meloetta|43/100 slp\n|-damage|p1a: Meloetta|37/100 slp\n|-damage|p1a: Meloetta|31/100 slp\n|-damage|p1a: Meloetta|25/100 slp\n|-damage|p1a: Meloetta|19/100 slp\n|-damage|p1a: Meloetta|12/100 slp\n|-damage|p1a: Meloetta|6/100 slp\n|-hitcount|p1a: Meloetta|10\n|cant|p1a: Meloetta|slp\n|\n|-heal|p1a: Meloetta|12/100 slp|[from] item: Leftovers\n|upkeep\n|turn|21\n|inactive|Time left: 300 sec this turn | 300 sec total\n|\n|t:|1783551954\n|move|p2a: Smeargle|Population Bomb|p1a: Meloetta\n|-damage|p1a: Meloetta|7/100 slp\n|-damage|p1a: Meloetta|1/100 slp\n|-damage|p1a: Meloetta|0 fnt\n|faint|p1a: Meloetta\n|-hitcount|p1: Meloetta|3\n|\n|upkeep\n|\n|t:|1783551955\n|switch|p1a: Regice|Regice, L88|100/100\n|turn|22\n|inactive|Time left: 300 sec this turn | 300 sec total\n|\n|t:|1783551956\n|move|p2a: Smeargle|Spore|p1a: Regice\n|-status|p1a: Regice|slp|[from] move: Spore\n|cant|p1a: Regice|slp\n|\n|upkeep\n|turn|23\n|inactive|Time left: 300 sec this turn | 300 sec total\n|\n|t:|1783551956\n|move|p2a: Smeargle|Population Bomb|p1a: Regice\n|-damage|p1a: Regice|95/100 slp\n|-damage|p1a: Regice|90/100 slp\n|-damage|p1a: Regice|85/100 slp\n|-damage|p1a: Regice|80/100 slp\n|-damage|p1a: Regice|75/100 slp\n|-damage|p1a: Regice|70/100 slp\n|-damage|p1a: Regice|64/100 slp\n|-damage|p1a: Regice|60/100 slp\n|-damage|p1a: Regice|54/100 slp\n|-crit|p1a: Regice\n|-damage|p1a: Regice|48/100 slp\n|-hitcount|p1a: Regice|10\n|-curestatus|p1a: Regice|slp|[msg]\n|move|p1a: Regice|Sleep Talk||[still]\n|-fail|p1a: Regice\n|\n|upkeep\n|turn|24\n|inactive|Time left: 300 sec this turn | 300 sec total\n|\n|t:|1783551957\n|move|p2a: Smeargle|Shell Smash|p2a: Smeargle\n|-unboost|p2a: Smeargle|def|1\n|-unboost|p2a: Smeargle|spd|1\n|-boost|p2a: Smeargle|atk|2\n|-boost|p2a: Smeargle|spa|2\n|-boost|p2a: Smeargle|spe|2\n|move|p1a: Regice|Rest|p1a: Regice\n|-status|p1a: Regice|slp|[from] move: Rest\n|-heal|p1a: Regice|100/100 slp|[silent]\n|\n|upkeep\n|turn|25\n|inactive|Time left: 300 sec this turn | 300 sec total\n|\n|t:|1783551958\n|move|p2a: Smeargle|Population Bomb|p1a: Regice\n|-damage|p1a: Regice|91/100 slp\n|-damage|p1a: Regice|81/100 slp\n|-damage|p1a: Regice|71/100 slp\n|-damage|p1a: Regice|61/100 slp\n|-damage|p1a: Regice|52/100 slp\n|-damage|p1a: Regice|42/100 slp\n|-damage|p1a: Regice|32/100 slp\n|-damage|p1a: Regice|23/100 slp\n|-damage|p1a: Regice|13/100 slp\n|-damage|p1a: Regice|4/100 slp\n|-hitcount|p1a: Regice|10\n|cant|p1a: Regice|slp\n|move|p1a: Regice|Sleep Talk|p1a: Regice\n|move|p1a: Regice|Thunderbolt|p2a: Smeargle|[from] move: Sleep Talk\n|-damage|p2a: Smeargle|97/258\n|\n|upkeep\n|turn|26\n|inactive|Time left: 300 sec this turn | 300 sec total\n|\n|t:|1783551958\n|move|p2a: Smeargle|Power Trip|p1a: Regice\n|-damage|p1a: Regice|0 fnt\n|faint|p1a: Regice\n|\n|win|p0y1100d212", "uploadtime": 1783551958, "views": 0, "rating": 0, "private": 0, "password": null, "_winner": "p0y1100d212", "_our_name": "p0y1100d212"}