{"id": "battle-gen9randombattle-2094", "formatid": "gen9randombattle", "format": "[Gen 9] Random Battle", "players": ["p0x209494be", "p0y2094074f"], "log": "|init|battle\n|title|p0x209494be vs. p0y2094074f\n|j|\u2606p0x209494be\n|j|\u2606p0y2094074f\n|t:|1783564240\n|gametype|singles\n|player|p1|p0x209494be|2|\n|player|p2|p0y2094074f|265|\n|gen|9\n|tier|[Gen 9] Random Battle\n|rule|Species Clause: Limit one of each Pok\u00e9mon\n|rule|HP Percentage Mod: HP is shown in percentages\n|rule|Sleep Clause Mod: Limit one foe put to sleep\n|rule|Illusion Level Mod: Illusion disguises the Pok\u00e9mon's true level\n|\n|t:|1783564240\n|teamsize|p1|6\n|teamsize|p2|6\n|start\n|switch|p1a: Rampardos|Rampardos, L90, M|100/100\n|switch|p2a: Oranguru|Oranguru, L92, F|315/315\n|turn|1\n|inactive|Battle timer is ON: inactive players will automatically lose when time's up. (requested by p0x209494be)\n|inactive|Time left: 300 sec this turn | 300 sec total | 60 sec grace\n|inactive|p0y2094074f also wants the timer to be on.\n|\n|t:|1783564242\n|move|p1a: Rampardos|Rock Slide|p2a: Oranguru\n|-damage|p2a: Oranguru|146/315\n|move|p2a: Oranguru|Nasty Plot|p2a: Oranguru\n|-boost|p2a: Oranguru|spa|2\n|\n|-heal|p2a: Oranguru|165/315|[from] item: Leftovers\n|upkeep\n|turn|2\n|inactive|Time left: 300 sec this turn | 300 sec total\n|\n|t:|1783564243\n|-terastallize|p2a: Oranguru|Fighting\n|move|p1a: Rampardos|Rock Slide|p2a: Oranguru\n|-resisted|p2a: Oranguru\n|-damage|p2a: Oranguru|81/315\n|move|p2a: Oranguru|Focus Blast|p1a: Rampardos|[miss]\n|-miss|p2a: Oranguru|p1a: Rampardos\n|\n|-heal|p2a: Oranguru|100/315|[from] item: Leftovers\n|upkeep\n|turn|3\n|inactive|Time left: 300 sec this turn | 300 sec total\n|\n|t:|1783564244\n|-terastallize|p1a: Rampardos|Rock\n|move|p1a: Rampardos|Rock Slide|p2a: Oranguru\n|-resisted|p2a: Oranguru\n|-damage|p2a: Oranguru|0 fnt\n|faint|p2a: Oranguru\n|\n|upkeep\n|inactive|Time left: 300 sec this turn | 300 sec total | 5 sec grace\n|\n|t:|1783564245\n|switch|p2a: Tinkaton|Tinkaton, L82, F|274/274\n|-ability|p2a: Tinkaton|Mold Breaker\n|turn|4\n|inactive|Time left: 300 sec this turn | 300 sec total\n|\n|t:|1783564247\n|switch|p1a: Camerupt|Camerupt, L91, M|100/100\n|move|p2a: Tinkaton|Gigaton Hammer|p1a: Camerupt\n|-resisted|p1a: Camerupt\n|-damage|p1a: Camerupt|74/100\n|\n|-heal|p1a: Camerupt|80/100|[from] item: Leftovers\n|upkeep\n|turn|5\n|inactive|Time left: 300 sec this turn | 300 sec total\n|\n|t:|1783564248\n|switch|p2a: Iron Thorns|Iron Thorns, L83|302/302\n|-item|p2a: Iron Thorns|Air Balloon\n|move|p1a: Camerupt|Earthquake|p2a: Iron Thorns\n|-immune|p2a: Iron Thorns\n|\n|-heal|p1a: Camerupt|86/100|[from] item: Leftovers\n|upkeep\n|turn|6\n|inactive|Time left: 300 sec this turn | 300 sec total\n|\n|t:|1783564249\n|move|p2a: Iron Thorns|Earthquake|p1a: Camerupt\n|-supereffective|p1a: Camerupt\n|-crit|p1a: Camerupt\n|-damage|p1a: Camerupt|2/100\n|move|p1a: Camerupt|Will-O-Wisp|p2a: Iron Thorns\n|-status|p2a: Iron Thorns|brn\n|\n|-heal|p1a: Camerupt|8/100|[from] item: Leftovers\n|-damage|p2a: Iron Thorns|284/302 brn|[from] brn\n|upkeep\n|turn|7\n|inactive|Time left: 300 sec this turn | 300 sec total\n|\n|t:|1783564250\n|move|p2a: Iron Thorns|Spikes|p1a: Camerupt\n|-sidestart|p1: p0x209494be|Spikes\n|move|p1a: Camerupt|Stealth Rock|p2a: Iron Thorns\n|-sidestart|p2: p0y2094074f|move: Stealth Rock\n|\n|-heal|p1a: Camerupt|14/100|[from] item: Leftovers\n|-damage|p2a: Iron Thorns|266/302 brn|[from] brn\n|upkeep\n|turn|8\n|inactive|Time left: 300 sec this turn | 300 sec total\n|\n|t:|1783564251\n|move|p2a: Iron Thorns|Spikes|p1a: Camerupt\n|-sidestart|p1: p0x209494be|Spikes\n|move|p1a: Camerupt|Will-O-Wisp|p2a: Iron Thorns|[miss]\n|-miss|p1a: Camerupt|p2a: Iron Thorns\n|\n|-heal|p1a: Camerupt|20/100|[from] item: Leftovers\n|-damage|p2a: Iron Thorns|248/302 brn|[from] brn\n|upkeep\n|turn|9\n|inactive|Time left: 300 sec this turn | 300 sec total\n|\n|t:|1783564252\n|move|p2a: Iron Thorns|Earthquake|p1a: Camerupt\n|-supereffective|p1a: Camerupt\n|-damage|p1a: Camerupt|0 fnt\n|faint|p1a: Camerupt\n|\n|-damage|p2a: Iron Thorns|230/302 brn|[from] brn\n|upkeep\n|\n|t:|1783564253\n|switch|p1a: Wugtrio|Wugtrio, L91, M|100/100\n|-damage|p1a: Wugtrio|84/100|[from] Spikes\n|turn|10\n|inactive|Time left: 300 sec this turn | 300 sec total\n|\n|t:|1783564254\n|move|p1a: Wugtrio|Liquidation|p2a: Iron Thorns\n|-supereffective|p2a: Iron Thorns\n|-damage|p2a: Iron Thorns|0 fnt\n|-enditem|p2a: Iron Thorns|Air Balloon\n|faint|p2a: Iron Thorns\n|-end|p2a: Iron Thorns|Quark Drive|[silent]\n|\n|upkeep\n|inactive|Time left: 300 sec this turn | 300 sec total | 5 sec grace\n|\n|t:|1783564255\n|switch|p2a: Arceus|Arceus-Dragon, L71|288/288\n|-damage|p2a: Arceus|252/288|[from] Stealth Rock\n|turn|11\n|inactive|Time left: 300 sec this turn | 300 sec total\n|\n|t:|1783564256\n|switch|p1a: Rampardos|Rampardos, L90, M, tera:Rock|100/100\n|-damage|p1a: Rampardos|84/100|[from] Spikes\n|move|p2a: Arceus|Outrage|p1a: Rampardos\n|-damage|p1a: Rampardos|31/100\n|\n|upkeep\n|turn|12\n|inactive|Time left: 300 sec this turn | 300 sec total\n|\n|t:|1783564257\n|move|p1a: Rampardos|Rock Slide|p2a: Arceus\n|-damage|p2a: Arceus|8/288\n|move|p2a: Arceus|Outrage|p1a: Rampardos|[from] lockedmove\n|-damage|p1a: Rampardos|0 fnt\n|faint|p1a: Rampardos\n|\n|upkeep\n|\n|t:|1783564258\n|switch|p1a: Minior|Minior-Green, L79|100/100\n|-formechange|p1a: Minior|Minior-Meteor||[from] ability: Shields Down\n|turn|13\n|inactive|Time left: 300 sec this turn | 300 sec total\n|\n|t:|1783564259\n|move|p2a: Arceus|Outrage|p1a: Minior|[from] lockedmove\n|-damage|p1a: Minior|44/100\n|-start|p2a: Arceus|confusion|[fatigue]\n|move|p1a: Minior|Shell Smash|p1a: Minior\n|-unboost|p1a: Minior|def|1\n|-unboost|p1a: Minior|spd|1\n|-boost|p1a: Minior|atk|2\n|-boost|p1a: Minior|spa|2\n|-boost|p1a: Minior|spe|2\n|-enditem|p1a: Minior|White Herb\n|-clearnegativeboost|p1a: Minior|[silent]\n|\n|-formechange|p1a: Minior|Minior-Green||[from] ability: Shields Down\n|upkeep\n|turn|14\n|inactive|Time left: 300 sec this turn | 300 sec total\n|\n|t:|1783564260\n|move|p1a: Minior|Earthquake|p2a: Arceus\n|-damage|p2a: Arceus|0 fnt\n|faint|p2a: Arceus\n|\n|upkeep\n|inactive|Time left: 300 sec this turn | 300 sec total | 5 sec grace\n|\n|t:|1783564260\n|switch|p2a: Delphox|Delphox, L84, M|263/263\n|turn|15\n|inactive|Time left: 300 sec this turn | 300 sec total\n|\n|t:|1783564261\n|switch|p2a: Froslass|Froslass, L87, F|263/263\n|-damage|p2a: Froslass|198/263|[from] Stealth Rock\n|move|p1a: Minior|Earthquake|p2a: Froslass\n|-damage|p2a: Froslass|53/263\n|\n|upkeep\n|turn|16\n|inactive|Time left: 300 sec this turn | 300 sec total\n|\n|t:|1783564262\n|move|p1a: Minior|Earthquake|p2a: Froslass\n|-damage|p2a: Froslass|0 fnt\n|-start|p1a: Minior|Disable|Earthquake|[from] ability: Cursed Body|[of] p2a: Froslass\n|faint|p2a: Froslass\n|\n|upkeep\n|inactive|Time left: 300 sec this turn | 300 sec total | 5 sec grace\n|\n|t:|1783564263\n|switch|p2a: Delphox|Delphox, L84, M|263/263\n|turn|17\n|inactive|Time left: 300 sec this turn | 300 sec total\n|\n|t:|1783564264\n|move|p1a: Minior|Power Gem|p2a: Delphox\n|-supereffective|p2a: Delphox\n|-damage|p2a: Delphox|0 fnt\n|faint|p2a: Delphox\n|\n|upkeep\n|inactive|Time left: 300 sec this turn | 300 sec total | 5 sec grace\n|\n|t:|1783564265\n|switch|p2a: Tinkaton|Tinkaton, L82, F|274/274\n|-damage|p2a: Tinkaton|257/274|[from] Stealth Rock\n|-ability|p2a: Tinkaton|Mold Breaker\n|turn|18\n|inactive|Time left: 300 sec this turn | 300 sec total\n|\n|t:|1783564265\n|move|p1a: Minior|Acrobatics|p2a: Tinkaton\n|-resisted|p2a: Tinkaton\n|-damage|p2a: Tinkaton|137/274\n|move|p2a: Tinkaton|Play Rough|p1a: Minior\n|-damage|p1a: Minior|0 fnt\n|faint|p1a: Minior\n|\n|-heal|p2a: Tinkaton|154/274|[from] item: Leftovers\n|upkeep\n|\n|t:|1783564266\n|switch|p1a: Wugtrio|Wugtrio, L91, M|84/100\n|-damage|p1a: Wugtrio|67/100|[from] Spikes\n|turn|19\n|inactive|Time left: 300 sec this turn | 300 sec total\n|\n|t:|1783564267\n|move|p1a: Wugtrio|Liquidation|p2a: Tinkaton\n|-damage|p2a: Tinkaton|0 fnt\n|faint|p2a: Tinkaton\n|\n|win|p0x209494be", "uploadtime": 1783564267, "views": 0, "rating": 0, "private": 0, "password": null, "_winner": "p0x209494be", "_our_name": "p0y2094074f"}