{"id": "battle-gen9randombattle-2237", "formatid": "gen9randombattle", "format": "[Gen 9] Random Battle", "players": ["p0x2237e351", "p0y22370aba"], "log": "|init|battle\n|title|p0x2237e351 vs. p0y22370aba\n|j|\u2606p0x2237e351\n|j|\u2606p0y22370aba\n|t:|1783565028\n|gametype|singles\n|player|p1|p0x2237e351|170|\n|player|p2|p0y22370aba|169|\n|gen|9\n|tier|[Gen 9] Random Battle\n|rule|Species Clause: Limit one of each Pok\u00e9mon\n|rule|HP Percentage Mod: HP is shown in percentages\n|rule|Sleep Clause Mod: Limit one foe put to sleep\n|rule|Illusion Level Mod: Illusion disguises the Pok\u00e9mon's true level\n|\n|t:|1783565028\n|teamsize|p1|6\n|teamsize|p2|6\n|start\n|switch|p1a: Pachirisu|Pachirisu, L96, M|271/271\n|switch|p2a: Girafarig|Girafarig, L89, M|100/100\n|turn|1\n|inactive|Battle timer is ON: inactive players will automatically lose when time's up. (requested by p0x2237e351)\n|inactive|p0y22370aba also wants the timer to be on.\n|\n|t:|1783565029\n|move|p1a: Pachirisu|Super Fang|p2a: Girafarig\n|-damage|p2a: Girafarig|51/100\n|move|p2a: Girafarig|Nasty Plot|p2a: Girafarig\n|-boost|p2a: Girafarig|spa|2\n|\n|upkeep\n|turn|2\n|inactive|Time left: 300 sec this turn | 300 sec total\n|\n|t:|1783565030\n|move|p1a: Pachirisu|Encore|p2a: Girafarig\n|-start|p2a: Girafarig|Encore\n|move|p2a: Girafarig|Nasty Plot|p2a: Girafarig\n|-boost|p2a: Girafarig|spa|2\n|\n|upkeep\n|turn|3\n|inactive|Time left: 300 sec this turn | 300 sec total\n|\n|t:|1783565031\n|switch|p2a: Hippowdon|Hippowdon, L82, F|100/100\n|-weather|Sandstorm|[from] ability: Sand Stream|[of] p2a: Hippowdon\n|move|p1a: Pachirisu|Super Fang|p2a: Hippowdon\n|-damage|p2a: Hippowdon|51/100\n|\n|-weather|Sandstorm|[upkeep]\n|-damage|p1a: Pachirisu|255/271|[from] Sandstorm\n|-heal|p2a: Hippowdon|57/100|[from] item: Leftovers\n|upkeep\n|turn|4\n|inactive|Time left: 300 sec this turn | 300 sec total\n|\n|t:|1783565031\n|switch|p1a: Scrafty|Scrafty, L83, M|244/244\n|-ability|p1a: Scrafty|Intimidate|boost\n|-unboost|p2a: Hippowdon|atk|1\n|move|p2a: Hippowdon|Slack Off|p2a: Hippowdon\n|-heal|p2a: Hippowdon|100/100\n|\n|-weather|Sandstorm|[upkeep]\n|-damage|p1a: Scrafty|229/244|[from] Sandstorm\n|-heal|p1a: Scrafty|244/244|[from] item: Leftovers\n|upkeep\n|turn|5\n|inactive|Time left: 300 sec this turn | 300 sec total\n|\n|t:|1783565032\n|move|p1a: Scrafty|Dragon Dance|p1a: Scrafty\n|-boost|p1a: Scrafty|atk|1\n|-boost|p1a: Scrafty|spe|1\n|move|p2a: Hippowdon|Earthquake|p1a: Scrafty\n|-damage|p1a: Scrafty|180/244\n|\n|-weather|Sandstorm|[upkeep]\n|-damage|p1a: Scrafty|165/244|[from] Sandstorm\n|-heal|p1a: Scrafty|180/244|[from] item: Leftovers\n|upkeep\n|turn|6\n|inactive|Time left: 300 sec this turn | 300 sec total\n|\n|t:|1783565033\n|move|p1a: Scrafty|Drain Punch|p2a: Hippowdon\n|-damage|p2a: Hippowdon|73/100\n|-heal|p1a: Scrafty|224/244|[from] drain|[of] p2a: Hippowdon\n|move|p2a: Hippowdon|Curse|p2a: Hippowdon\n|-unboost|p2a: Hippowdon|spe|1\n|-boost|p2a: Hippowdon|atk|1\n|-boost|p2a: Hippowdon|def|1\n|\n|-weather|Sandstorm|[upkeep]\n|-damage|p1a: Scrafty|209/244|[from] Sandstorm\n|-heal|p1a: Scrafty|224/244|[from] item: Leftovers\n|-heal|p2a: Hippowdon|79/100|[from] item: Leftovers\n|upkeep\n|turn|7\n|inactive|Time left: 300 sec this turn | 300 sec total\n|\n|t:|1783565034\n|move|p1a: Scrafty|Dragon Dance|p1a: Scrafty\n|-boost|p1a: Scrafty|atk|1\n|-boost|p1a: Scrafty|spe|1\n|move|p2a: Hippowdon|Curse|p2a: Hippowdon\n|-unboost|p2a: Hippowdon|spe|1\n|-boost|p2a: Hippowdon|atk|1\n|-boost|p2a: Hippowdon|def|1\n|\n|-weather|none\n|-heal|p1a: Scrafty|239/244|[from] item: Leftovers\n|-heal|p2a: Hippowdon|85/100|[from] item: Leftovers\n|upkeep\n|turn|8\n|inactive|Time left: 300 sec this turn | 300 sec total\n|\n|t:|1783565035\n|move|p1a: Scrafty|Dragon Dance|p1a: Scrafty\n|-boost|p1a: Scrafty|atk|1\n|-boost|p1a: Scrafty|spe|1\n|move|p2a: Hippowdon|Earthquake|p1a: Scrafty\n|-damage|p1a: Scrafty|106/244\n|\n|-heal|p1a: Scrafty|121/244|[from] item: Leftovers\n|-heal|p2a: Hippowdon|91/100|[from] item: Leftovers\n|upkeep\n|turn|9\n|inactive|Time left: 300 sec this turn | 300 sec total\n|\n|t:|1783565036\n|move|p1a: Scrafty|Drain Punch|p2a: Hippowdon\n|-damage|p2a: Hippowdon|65/100\n|-heal|p1a: Scrafty|161/244|[from] drain|[of] p2a: Hippowdon\n|move|p2a: Hippowdon|Earthquake|p1a: Scrafty\n|-crit|p1a: Scrafty\n|-damage|p1a: Scrafty|0 fnt\n|faint|p1a: Scrafty\n|\n|-heal|p2a: Hippowdon|72/100|[from] item: Leftovers\n|upkeep\n|inactive|Time left: 300 sec this turn | 300 sec total | 5 sec grace\n|\n|t:|1783565037\n|switch|p1a: Whimsicott|Whimsicott, L84, F|238/238\n|turn|10\n|inactive|Time left: 300 sec this turn | 300 sec total\n|\n|t:|1783565038\n|move|p1a: Whimsicott|Moonblast|p2a: Hippowdon\n|-damage|p2a: Hippowdon|38/100\n|-unboost|p2a: Hippowdon|spa|1\n|move|p2a: Hippowdon|Earthquake|p1a: Whimsicott\n|-resisted|p1a: Whimsicott\n|-damage|p1a: Whimsicott|152/238\n|\n|-heal|p1a: Whimsicott|166/238|[from] item: Leftovers\n|-heal|p2a: Hippowdon|44/100|[from] item: Leftovers\n|upkeep\n|turn|11\n|inactive|Time left: 300 sec this turn | 300 sec total\n|\n|t:|1783565039\n|move|p1a: Whimsicott|Moonblast|p2a: Hippowdon\n|-crit|p2a: Hippowdon\n|-damage|p2a: Hippowdon|0 fnt\n|faint|p2a: Hippowdon\n|\n|-heal|p1a: Whimsicott|180/238|[from] item: Leftovers\n|upkeep\n|\n|t:|1783565040\n|switch|p2a: Girafarig|Girafarig, L89, M|51/100\n|turn|12\n|inactive|Time left: 300 sec this turn | 300 sec total\n|\n|t:|1783565040\n|switch|p1a: Zacian|Zacian-Crowned, L64|225/225\n|-ability|p1a: Zacian|Intrepid Sword|boost\n|-boost|p1a: Zacian|atk|1\n|move|p2a: Girafarig|Nasty Plot|p2a: Girafarig\n|-boost|p2a: Girafarig|spa|2\n|\n|upkeep\n|turn|13\n|inactive|Time left: 300 sec this turn | 300 sec total\n|\n|t:|1783565041\n|-terastallize|p2a: Girafarig|Electric\n|move|p1a: Zacian|Swords Dance|p1a: Zacian\n|-boost|p1a: Zacian|atk|2\n|move|p2a: Girafarig|Thunderbolt|p1a: Zacian\n|-damage|p1a: Zacian|2/225\n|\n|upkeep\n|turn|14\n|inactive|Time left: 300 sec this turn | 300 sec total\n|\n|t:|1783565042\n|switch|p2a: Lugia|Lugia, L73|100/100\n|move|p1a: Zacian|Play Rough|p2a: Lugia\n|-damage|p2a: Lugia|70/100\n|-unboost|p2a: Lugia|atk|1\n|\n|upkeep\n|turn|15\n|inactive|Time left: 300 sec this turn | 300 sec total\n|\n|t:|1783565044\n|move|p1a: Zacian|Behemoth Blade|p2a: Lugia\n|-damage|p2a: Lugia|6/100\n|move|p2a: Lugia|Psychic Noise|p1a: Zacian\n|-resisted|p1a: Zacian\n|-damage|p1a: Zacian|0 fnt\n|faint|p1a: Zacian\n|\n|upkeep\n|inactive|Time left: 300 sec this turn | 300 sec total | 5 sec grace\n|\n|t:|1783565044\n|switch|p1a: Pachirisu|Pachirisu, L96, M|255/271\n|turn|16\n|inactive|Time left: 300 sec this turn | 300 sec total\n|\n|t:|1783565045\n|switch|p2a: Girafarig|Girafarig, L89, M, tera:Electric|51/100\n|move|p1a: Pachirisu|U-turn|p2a: Girafarig\n|-damage|p2a: Girafarig|39/100\n|inactive|Time left: 300 sec this turn | 300 sec total | 5 sec grace\n|\n|t:|1783565046\n|switch|p1a: Snorlax|Snorlax, L82, F|397/397|[from] U-turn\n|\n|upkeep\n|turn|17\n|inactive|Time left: 300 sec this turn | 300 sec total\n|\n|t:|1783565047\n|move|p2a: Girafarig|Psyshock|p1a: Snorlax\n|-damage|p1a: Snorlax|291/397\n|move|p1a: Snorlax|Earthquake|p2a: Girafarig\n|-supereffective|p2a: Girafarig\n|-damage|p2a: Girafarig|0 fnt\n|faint|p2a: Girafarig\n|\n|-heal|p1a: Snorlax|315/397|[from] item: Leftovers\n|upkeep\n|\n|t:|1783565048\n|switch|p2a: Hitmonchan|Hitmonchan, L87, M|100/100\n|turn|18\n|inactive|Time left: 300 sec this turn | 300 sec total\n|\n|t:|1783565049\n|move|p2a: Hitmonchan|Drain Punch|p1a: Snorlax\n|-supereffective|p1a: Snorlax\n|-damage|p1a: Snorlax|61/397\n|move|p1a: Snorlax|Body Slam|p2a: Hitmonchan\n|-damage|p2a: Hitmonchan|60/100\n|\n|-heal|p1a: Snorlax|85/397|[from] item: Leftovers\n|upkeep\n|turn|19\n|inactive|Time left: 300 sec this turn | 300 sec total\n|\n|t:|1783565050\n|switch|p1a: Whimsicott|Whimsicott, L84, F|180/238\n|move|p2a: Hitmonchan|Drain Punch|p1a: Whimsicott\n|-resisted|p1a: Whimsicott\n|-damage|p1a: Whimsicott|128/238\n|-heal|p2a: Hitmonchan|71/100|[from] drain|[of] p1a: Whimsicott\n|\n|-heal|p1a: Whimsicott|142/238|[from] item: Leftovers\n|upkeep\n|turn|20\n|inactive|Time left: 300 sec this turn | 300 sec total\n|\n|t:|1783565052\n|move|p1a: Whimsicott|Moonblast|p2a: Hitmonchan\n|-supereffective|p2a: Hitmonchan\n|-damage|p2a: Hitmonchan|28/100\n|move|p2a: Hitmonchan|Poison Jab|p1a: Whimsicott\n|-supereffective|p1a: Whimsicott\n|-crit|p1a: Whimsicott\n|-damage|p1a: Whimsicott|0 fnt\n|faint|p1a: Whimsicott\n|\n|upkeep\n|inactive|Time left: 300 sec this turn | 300 sec total | 5 sec grace\n|\n|t:|1783565053\n|switch|p1a: Perrserker|Perrserker, L89, F|269/269\n|turn|21\n|inactive|Time left: 300 sec this turn | 300 sec total\n|\n|t:|1783565054\n|move|p2a: Hitmonchan|Drain Punch|p1a: Perrserker\n|-supereffective|p1a: Perrserker\n|-damage|p1a: Perrserker|69/269\n|-heal|p2a: Hitmonchan|72/100|[from] drain|[of] p1a: Perrserker\n|move|p1a: Perrserker|Iron Head|p2a: Hitmonchan\n|-damage|p2a: Hitmonchan|0 fnt\n|faint|p2a: Hitmonchan\n|-damage|p1a: Perrserker|43/269|[from] item: Life Orb\n|\n|upkeep\n|\n|t:|1783565054\n|switch|p2a: Umbreon|Umbreon, L84, M|100/100\n|turn|22\n|inactive|Time left: 300 sec this turn | 300 sec total\n|\n|t:|1783565055\n|switch|p1a: Pachirisu|Pachirisu, L96, M|255/271\n|move|p2a: Umbreon|Foul Play|p1a: Pachirisu\n|-damage|p1a: Pachirisu|188/271\n|\n|upkeep\n|turn|23\n|inactive|Time left: 300 sec this turn | 300 sec total\n|\n|t:|1783565056\n|move|p1a: Pachirisu|Super Fang|p2a: Umbreon\n|-damage|p2a: Umbreon|51/100\n|move|p2a: Umbreon|Foul Play|p1a: Pachirisu\n|-damage|p1a: Pachirisu|116/271\n|\n|-heal|p2a: Umbreon|57/100|[from] item: Leftovers\n|upkeep\n|turn|24\n|inactive|Time left: 300 sec this turn | 300 sec total\n|\n|t:|1783565057\n|move|p1a: Pachirisu|Super Fang|p2a: Umbreon\n|-damage|p2a: Umbreon|29/100\n|move|p2a: Umbreon|Foul Play|p1a: Pachirisu\n|-damage|p1a: Pachirisu|49/271\n|\n|-heal|p2a: Umbreon|35/100|[from] item: Leftovers\n|upkeep\n|turn|25\n|inactive|Time left: 300 sec this turn | 300 sec total\n|\n|t:|1783565059\n|move|p1a: Pachirisu|U-turn|p2a: Umbreon\n|-supereffective|p2a: Umbreon\n|-damage|p2a: Umbreon|13/100\n|inactive|Time left: 300 sec this turn | 300 sec total | 5 sec grace\n|\n|t:|1783565060\n|switch|p1a: Perrserker|Perrserker, L89, F|43/269|[from] U-turn\n|move|p2a: Umbreon|Foul Play|p1a: Perrserker\n|-damage|p1a: Perrserker|0 fnt\n|faint|p1a: Perrserker\n|\n|-heal|p2a: Umbreon|19/100|[from] item: Leftovers\n|upkeep\n|inactive|Time left: 300 sec this turn | 300 sec total | 10 sec grace\n|\n|t:|1783565061\n|switch|p1a: Pachirisu|Pachirisu, L96, M|49/271\n|turn|26\n|inactive|Time left: 300 sec this turn | 300 sec total\n|\n|t:|1783565062\n|move|p2a: Umbreon|Protect|p2a: Umbreon\n|-singleturn|p2a: Umbreon|Protect\n|move|p1a: Pachirisu|U-turn|p2a: Umbreon\n|-activate|p2a: Umbreon|move: Protect\n|\n|-heal|p2a: Umbreon|25/100|[from] item: Leftovers\n|upkeep\n|turn|27\n|inactive|Time left: 300 sec this turn | 300 sec total\n|\n|t:|1783565062\n|move|p1a: Pachirisu|Encore|p2a: Umbreon\n|-start|p2a: Umbreon|Encore\n|move|p2a: Umbreon|Protect||[still]\n|-fail|p2a: Umbreon\n|\n|-heal|p2a: Umbreon|31/100|[from] item: Leftovers\n|upkeep\n|turn|28\n|inactive|Time left: 300 sec this turn | 300 sec total\n|\n|t:|1783565063\n|switch|p2a: Lugia|Lugia, L73|6/100\n|move|p1a: Pachirisu|Discharge|p2a: Lugia\n|-supereffective|p2a: Lugia\n|-damage|p2a: Lugia|0 fnt\n|faint|p2a: Lugia\n|\n|upkeep\n|\n|t:|1783565064\n|switch|p2a: Umbreon|Umbreon, L84, M|31/100\n|turn|29\n|inactive|Time left: 300 sec this turn | 300 sec total\n|\n|t:|1783565065\n|move|p1a: Pachirisu|Discharge|p2a: Umbreon\n|-damage|p2a: Umbreon|15/100\n|move|p2a: Umbreon|Foul Play|p1a: Pachirisu\n|-damage|p1a: Pachirisu|0 fnt\n|faint|p1a: Pachirisu\n|\n|-heal|p2a: Umbreon|21/100|[from] item: Leftovers\n|upkeep\n|inactive|Time left: 300 sec this turn | 300 sec total | 5 sec grace\n|\n|t:|1783565066\n|switch|p1a: Snorlax|Snorlax, L82, F|85/397\n|turn|30\n|inactive|Time left: 300 sec this turn | 300 sec total\n|\n|t:|1783565067\n|-terastallize|p1a: Snorlax|Poison\n|move|p2a: Umbreon|Foul Play|p1a: Snorlax\n|-crit|p1a: Snorlax\n|-damage|p1a: Snorlax|0 fnt\n|faint|p1a: Snorlax\n|\n|win|p0y22370aba", "uploadtime": 1783565067, "views": 0, "rating": 0, "private": 0, "password": null, "_winner": "p0y22370aba", "_our_name": "p0x2237e351"}