{"id": "battle-gen9randombattle-1272", "formatid": "gen9randombattle", "format": "[Gen 9] Random Battle", "players": ["p0x12728a2c", "p0y12720f02"], "log": "|init|battle\n|title|p0x12728a2c vs. p0y12720f02\n|j|\u2606p0x12728a2c\n|j|\u2606p0y12720f02\n|t:|1783553881\n|gametype|singles\n|player|p1|p0x12728a2c|169|\n|player|p2|p0y12720f02|169|\n|gen|9\n|tier|[Gen 9] Random Battle\n|rule|Species Clause: Limit one of each Pok\u00e9mon\n|rule|HP Percentage Mod: HP is shown in percentages\n|rule|Sleep Clause Mod: Limit one foe put to sleep\n|rule|Illusion Level Mod: Illusion disguises the Pok\u00e9mon's true level\n|\n|t:|1783553881\n|teamsize|p1|6\n|teamsize|p2|6\n|start\n|switch|p1a: Lokix|Lokix, L82, M|100/100\n|switch|p2a: Spectrier|Spectrier, L75|274/274\n|turn|1\n|inactive|Battle timer is ON: inactive players will automatically lose when time's up. (requested by p0x12728a2c)\n|inactive|Time left: 300 sec this turn | 300 sec total | 60 sec grace\n|inactive|p0y12720f02 also wants the timer to be on.\n|\n|t:|1783553883\n|move|p2a: Spectrier|Will-O-Wisp|p1a: Lokix\n|-status|p1a: Lokix|brn\n|move|p1a: Lokix|Knock Off|p2a: Spectrier\n|-supereffective|p2a: Spectrier\n|-damage|p2a: Spectrier|91/274\n|-enditem|p2a: Spectrier|Life Orb|[from] move: Knock Off|[of] p1a: Lokix\n|-damage|p1a: Lokix|91/100 brn|[from] item: Life Orb\n|\n|-damage|p1a: Lokix|85/100 brn|[from] brn\n|upkeep\n|turn|2\n|inactive|Time left: 300 sec this turn | 300 sec total\n|\n|t:|1783553884\n|switch|p2a: Spidops|Spidops, L96, M|271/271\n|move|p1a: Lokix|Knock Off|p2a: Spidops\n|-damage|p2a: Spidops|213/271\n|-enditem|p2a: Spidops|Heavy-Duty Boots|[from] move: Knock Off|[of] p1a: Lokix\n|-damage|p1a: Lokix|75/100 brn|[from] item: Life Orb\n|\n|-damage|p1a: Lokix|69/100 brn|[from] brn\n|upkeep\n|turn|3\n|inactive|Time left: 300 sec this turn | 300 sec total\n|\n|t:|1783553885\n|switch|p1a: Reshiram|Reshiram, L76|100/100\n|-ability|p1a: Reshiram|Turboblaze\n|move|p2a: Spidops|Sticky Web|p1a: Reshiram\n|-sidestart|p1: p0x12728a2c|move: Sticky Web\n|\n|upkeep\n|turn|4\n|inactive|Time left: 300 sec this turn | 300 sec total\n|\n|t:|1783553886\n|switch|p2a: Grimmsnarl|Grimmsnarl, L83, M|293/293\n|move|p1a: Reshiram|Dragon Dance|p1a: Reshiram\n|-boost|p1a: Reshiram|atk|1\n|-boost|p1a: Reshiram|spe|1\n|\n|upkeep\n|turn|5\n|inactive|Time left: 300 sec this turn | 300 sec total\n|\n|t:|1783553887\n|move|p2a: Grimmsnarl|Reflect|p2a: Grimmsnarl\n|-sidestart|p2: p0y12720f02|Reflect\n|move|p1a: Reshiram|Dragon Dance|p1a: Reshiram\n|-boost|p1a: Reshiram|atk|1\n|-boost|p1a: Reshiram|spe|1\n|\n|upkeep\n|turn|6\n|inactive|Time left: 300 sec this turn | 300 sec total\n|\n|t:|1783553888\n|move|p1a: Reshiram|Flare Blitz|p2a: Grimmsnarl\n|-damage|p2a: Grimmsnarl|141/293\n|-damage|p1a: Reshiram|82/100|[from] Recoil\n|move|p2a: Grimmsnarl|Spirit Break|p1a: Reshiram\n|-damage|p1a: Reshiram|51/100\n|-unboost|p1a: Reshiram|spa|1\n|\n|upkeep\n|turn|7\n|inactive|Time left: 300 sec this turn | 300 sec total\n|\n|t:|1783553890\n|move|p2a: Grimmsnarl|Light Screen|p2a: Grimmsnarl\n|-sidestart|p2: p0y12720f02|move: Light Screen\n|move|p1a: Reshiram|Flare Blitz|p2a: Grimmsnarl\n|-damage|p2a: Grimmsnarl|0 fnt\n|faint|p2a: Grimmsnarl\n|-damage|p1a: Reshiram|34/100|[from] Recoil\n|\n|upkeep\n|inactive|Time left: 300 sec this turn | 300 sec total | 5 sec grace\n|\n|t:|1783553890\n|switch|p2a: Sandaconda|Sandaconda, L84, M|258/258\n|turn|8\n|inactive|Time left: 300 sec this turn | 300 sec total\n|\n|t:|1783553891\n|switch|p1a: Lokix|Lokix, L82, M|69/100 brn\n|-activate|p1a: Lokix|move: Sticky Web\n|-unboost|p1a: Lokix|spe|1\n|move|p2a: Sandaconda|Earthquake|p1a: Lokix\n|-resisted|p1a: Lokix\n|-damage|p1a: Lokix|42/100 brn\n|\n|-damage|p1a: Lokix|36/100 brn|[from] brn\n|upkeep\n|turn|9\n|inactive|Time left: 300 sec this turn | 300 sec total\n|\n|t:|1783553892\n|move|p2a: Sandaconda|Stone Edge|p1a: Lokix\n|-supereffective|p1a: Lokix\n|-damage|p1a: Lokix|0 fnt\n|faint|p1a: Lokix\n|\n|upkeep\n|\n|t:|1783553893\n|switch|p1a: Porygon-Z|Porygon-Z, L83|100/100\n|-activate|p1a: Porygon-Z|move: Sticky Web\n|-unboost|p1a: Porygon-Z|spe|1\n|turn|10\n|inactive|Time left: 300 sec this turn | 300 sec total\n|\n|t:|1783553895\n|move|p2a: Sandaconda|Earthquake|p1a: Porygon-Z\n|-damage|p1a: Porygon-Z|55/100\n|move|p1a: Porygon-Z|Agility|p1a: Porygon-Z\n|-boost|p1a: Porygon-Z|spe|2\n|\n|upkeep\n|turn|11\n|inactive|Time left: 300 sec this turn | 300 sec total\n|\n|t:|1783553896\n|move|p1a: Porygon-Z|Nasty Plot|p1a: Porygon-Z\n|-boost|p1a: Porygon-Z|spa|2\n|move|p2a: Sandaconda|Earthquake|p1a: Porygon-Z\n|-damage|p1a: Porygon-Z|7/100\n|\n|upkeep\n|turn|12\n|inactive|Time left: 300 sec this turn | 300 sec total\n|\n|t:|1783553897\n|move|p1a: Porygon-Z|Tera Blast|p2a: Sandaconda\n|-damage|p2a: Sandaconda|42/258\n|-damage|p1a: Porygon-Z|0 fnt|[from] item: Life Orb\n|faint|p1a: Porygon-Z\n|move|p2a: Sandaconda|Rest|p2a: Sandaconda\n|-status|p2a: Sandaconda|slp|[from] move: Rest\n|-heal|p2a: Sandaconda|258/258 slp|[silent]\n|\n|-activate|p2a: Sandaconda|ability: Shed Skin\n|-curestatus|p2a: Sandaconda|slp|[msg]\n|-sideend|p2: p0y12720f02|Reflect\n|upkeep\n|\n|t:|1783553898\n|switch|p1a: Skeledirge|Skeledirge, L79, M|100/100\n|turn|13\n|inactive|Time left: 300 sec this turn | 300 sec total\n|\n|t:|1783553899\n|-terastallize|p1a: Skeledirge|Fairy\n|move|p2a: Sandaconda|Earthquake|p1a: Skeledirge\n|-damage|p1a: Skeledirge|65/100\n|move|p1a: Skeledirge|Torch Song|p2a: Sandaconda\n|-damage|p2a: Sandaconda|207/258\n|-boost|p1a: Skeledirge|spa|1\n|\n|-heal|p2a: Sandaconda|223/258|[from] item: Leftovers\n|upkeep\n|turn|14\n|inactive|Time left: 300 sec this turn | 300 sec total\n|\n|t:|1783553900\n|move|p2a: Sandaconda|Earthquake|p1a: Skeledirge\n|-crit|p1a: Skeledirge\n|-damage|p1a: Skeledirge|7/100\n|move|p1a: Skeledirge|Slack Off|p1a: Skeledirge\n|-heal|p1a: Skeledirge|57/100\n|\n|-heal|p2a: Sandaconda|239/258|[from] item: Leftovers\n|-sideend|p2: p0y12720f02|move: Light Screen\n|upkeep\n|turn|15\n|inactive|Time left: 300 sec this turn | 300 sec total\n|\n|t:|1783553901\n|move|p2a: Sandaconda|Earthquake|p1a: Skeledirge\n|-damage|p1a: Skeledirge|20/100\n|move|p1a: Skeledirge|Slack Off|p1a: Skeledirge\n|-heal|p1a: Skeledirge|70/100\n|\n|-heal|p2a: Sandaconda|255/258|[from] item: Leftovers\n|upkeep\n|turn|16\n|inactive|Time left: 300 sec this turn | 300 sec total\n|\n|t:|1783553902\n|move|p2a: Sandaconda|Earthquake|p1a: Skeledirge\n|-damage|p1a: Skeledirge|30/100\n|move|p1a: Skeledirge|Slack Off|p1a: Skeledirge\n|-heal|p1a: Skeledirge|80/100\n|\n|-heal|p2a: Sandaconda|258/258|[from] item: Leftovers\n|upkeep\n|turn|17\n|inactive|Time left: 300 sec this turn | 300 sec total\n|\n|t:|1783553903\n|move|p2a: Sandaconda|Glare|p1a: Skeledirge\n|-status|p1a: Skeledirge|par\n|move|p1a: Skeledirge|Torch Song|p2a: Sandaconda\n|-damage|p2a: Sandaconda|113/258\n|-boost|p1a: Skeledirge|spa|1\n|\n|-heal|p2a: Sandaconda|129/258|[from] item: Leftovers\n|upkeep\n|turn|18\n|inactive|Time left: 300 sec this turn | 300 sec total\n|\n|t:|1783553904\n|move|p2a: Sandaconda|Rest|p2a: Sandaconda\n|-status|p2a: Sandaconda|slp|[from] move: Rest\n|-heal|p2a: Sandaconda|258/258 slp|[silent]\n|cant|p1a: Skeledirge|par\n|\n|upkeep\n|turn|19\n|inactive|Time left: 300 sec this turn | 300 sec total\n|\n|t:|1783553905\n|switch|p2a: Furret|Furret, L94, M|312/312\n|-item|p1a: Skeledirge|Heavy-Duty Boots|[from] ability: Frisk|[of] p2a: Furret\n|cant|p1a: Skeledirge|par\n|\n|upkeep\n|turn|20\n|inactive|Time left: 300 sec this turn | 300 sec total\n|\n|t:|1783553906\n|-terastallize|p2a: Furret|Normal\n|move|p2a: Furret|Double-Edge|p1a: Skeledirge\n|-damage|p1a: Skeledirge|0 fnt\n|faint|p1a: Skeledirge\n|-damage|p2a: Furret|234/312|[from] Recoil\n|\n|upkeep\n|\n|t:|1783553907\n|switch|p1a: Terrakion|Terrakion, L79|100/100\n|-activate|p1a: Terrakion|move: Sticky Web\n|-unboost|p1a: Terrakion|spe|1\n|turn|21\n|inactive|Time left: 300 sec this turn | 300 sec total\n|\n|t:|1783553908\n|switch|p2a: Sandaconda|Sandaconda, L84, M|258/258 slp\n|move|p1a: Terrakion|Swords Dance|p1a: Terrakion\n|-boost|p1a: Terrakion|atk|2\n|\n|upkeep\n|turn|22\n|inactive|Time left: 300 sec this turn | 300 sec total\n|\n|t:|1783553909\n|switch|p2a: Spectrier|Spectrier, L75|91/274\n|move|p1a: Terrakion|Close Combat|p2a: Spectrier\n|-immune|p2a: Spectrier\n|\n|upkeep\n|turn|23\n|inactive|Time left: 300 sec this turn | 300 sec total\n|\n|t:|1783553910\n|move|p2a: Spectrier|Will-O-Wisp|p1a: Terrakion|[miss]\n|-miss|p2a: Spectrier|p1a: Terrakion\n|move|p1a: Terrakion|Earthquake|p2a: Spectrier\n|-damage|p2a: Spectrier|0 fnt\n|faint|p2a: Spectrier\n|-damage|p1a: Terrakion|91/100|[from] item: Life Orb\n|\n|upkeep\n|inactive|Time left: 300 sec this turn | 300 sec total | 5 sec grace\n|\n|t:|1783553911\n|switch|p2a: Spidops|Spidops, L96, M|213/271\n|turn|24\n|inactive|Time left: 300 sec this turn | 300 sec total\n|\n|t:|1783553912\n|switch|p2a: Sandaconda|Sandaconda, L84, M|258/258 slp\n|move|p1a: Terrakion|Close Combat|p2a: Sandaconda\n|-damage|p2a: Sandaconda|5/258 slp\n|-unboost|p1a: Terrakion|def|1\n|-unboost|p1a: Terrakion|spd|1\n|-damage|p1a: Terrakion|81/100|[from] item: Life Orb\n|\n|-activate|p2a: Sandaconda|ability: Shed Skin\n|-curestatus|p2a: Sandaconda|slp|[msg]\n|-heal|p2a: Sandaconda|21/258|[from] item: Leftovers\n|upkeep\n|turn|25\n|inactive|Time left: 300 sec this turn | 300 sec total\n|\n|t:|1783553914\n|move|p2a: Sandaconda|Earthquake|p1a: Terrakion\n|-supereffective|p1a: Terrakion\n|-damage|p1a: Terrakion|0 fnt\n|faint|p1a: Terrakion\n|\n|-heal|p2a: Sandaconda|37/258|[from] item: Leftovers\n|upkeep\n|\n|t:|1783553915\n|switch|p1a: Keldeo|Keldeo-Resolute, L79|100/100\n|-activate|p1a: Keldeo|move: Sticky Web\n|-unboost|p1a: Keldeo|spe|1\n|turn|26\n|inactive|Time left: 300 sec this turn | 300 sec total\n|\n|t:|1783553916\n|move|p2a: Sandaconda|Rest|p2a: Sandaconda\n|-status|p2a: Sandaconda|slp|[from] move: Rest\n|-heal|p2a: Sandaconda|258/258 slp|[silent]\n|move|p1a: Keldeo|Calm Mind|p1a: Keldeo\n|-boost|p1a: Keldeo|spa|1\n|-boost|p1a: Keldeo|spd|1\n|\n|-activate|p2a: Sandaconda|ability: Shed Skin\n|-curestatus|p2a: Sandaconda|slp|[msg]\n|upkeep\n|turn|27\n|inactive|Time left: 300 sec this turn | 300 sec total\n|\n|t:|1783553917\n|move|p2a: Sandaconda|Earthquake|p1a: Keldeo\n|-damage|p1a: Keldeo|55/100\n|move|p1a: Keldeo|Calm Mind|p1a: Keldeo\n|-boost|p1a: Keldeo|spa|1\n|-boost|p1a: Keldeo|spd|1\n|\n|upkeep\n|turn|28\n|inactive|Time left: 300 sec this turn | 300 sec total\n|\n|t:|1783553918\n|move|p2a: Sandaconda|Earthquake|p1a: Keldeo\n|-damage|p1a: Keldeo|8/100\n|move|p1a: Keldeo|Secret Sword|p2a: Sandaconda\n|-crit|p2a: Sandaconda\n|-damage|p2a: Sandaconda|0 fnt\n|faint|p2a: Sandaconda\n|-damage|p1a: Keldeo|0 fnt|[from] item: Life Orb\n|faint|p1a: Keldeo\n|\n|upkeep\n|inactive|Time left: 300 sec this turn | 300 sec total | 5 sec grace\n|\n|t:|1783553919\n|switch|p1a: Reshiram|Reshiram, L76|34/100\n|switch|p2a: Furret|Furret, L94, M, tera:Normal|234/312\n|-item|p1a: Reshiram|Heavy-Duty Boots|[from] ability: Frisk|[of] p2a: Furret\n|-ability|p1a: Reshiram|Turboblaze\n|turn|29\n|inactive|Time left: 300 sec this turn | 300 sec total\n|\n|t:|1783553920\n|move|p2a: Furret|Knock Off|p1a: Reshiram\n|-damage|p1a: Reshiram|0 fnt\n|-enditem|p1a: Reshiram|Heavy-Duty Boots|[from] move: Knock Off|[of] p2a: Furret\n|faint|p1a: Reshiram\n|\n|win|p0y12720f02", "uploadtime": 1783553920, "views": 0, "rating": 0, "private": 0, "password": null, "_winner": "p0y12720f02", "_our_name": "p0y12720f02"}