{"id": "battle-gen9randombattle-2371", "formatid": "gen9randombattle", "format": "[Gen 9] Random Battle", "players": ["p0x23711b99", "p0y237124e5"], "log": "|init|battle\n|title|p0x23711b99 vs. p0y237124e5\n|j|\u2606p0x23711b99\n|j|\u2606p0y237124e5\n|t:|1783567547\n|gametype|singles\n|player|p1|p0x23711b99|2|\n|player|p2|p0y237124e5|2|\n|gen|9\n|tier|[Gen 9] Random Battle\n|rule|Species Clause: Limit one of each Pok\u00e9mon\n|rule|HP Percentage Mod: HP is shown in percentages\n|rule|Sleep Clause Mod: Limit one foe put to sleep\n|rule|Illusion Level Mod: Illusion disguises the Pok\u00e9mon's true level\n|\n|t:|1783567547\n|teamsize|p1|6\n|teamsize|p2|6\n|start\n|switch|p1a: Alcremie|Alcremie, L90, F|100/100\n|switch|p2a: Suicune|Suicune, L82|298/298\n|-ability|p2a: Suicune|Pressure\n|turn|1\n|inactive|Battle timer is ON: inactive players will automatically lose when time's up. (requested by p0y237124e5)\n|inactive|p0x23711b99 also wants the timer to be on.\n|\n|t:|1783567549\n|move|p2a: Suicune|Calm Mind|p2a: Suicune\n|-boost|p2a: Suicune|spa|1\n|-boost|p2a: Suicune|spd|1\n|move|p1a: Alcremie|Calm Mind|p1a: Alcremie\n|-boost|p1a: Alcremie|spa|1\n|-boost|p1a: Alcremie|spd|1\n|\n|upkeep\n|turn|2\n|inactive|Time left: 300 sec this turn | 300 sec total\n|\n|t:|1783567550\n|move|p2a: Suicune|Calm Mind|p2a: Suicune\n|-boost|p2a: Suicune|spa|1\n|-boost|p2a: Suicune|spd|1\n|move|p1a: Alcremie|Calm Mind|p1a: Alcremie\n|-boost|p1a: Alcremie|spa|1\n|-boost|p1a: Alcremie|spd|1\n|\n|upkeep\n|turn|3\n|inactive|Time left: 300 sec this turn | 300 sec total\n|\n|t:|1783567551\n|move|p2a: Suicune|Calm Mind|p2a: Suicune\n|-boost|p2a: Suicune|spa|1\n|-boost|p2a: Suicune|spd|1\n|move|p1a: Alcremie|Calm Mind|p1a: Alcremie\n|-boost|p1a: Alcremie|spa|1\n|-boost|p1a: Alcremie|spd|1\n|\n|upkeep\n|turn|4\n|inactive|Time left: 300 sec this turn | 300 sec total\n|\n|t:|1783567552\n|move|p2a: Suicune|Calm Mind|p2a: Suicune\n|-boost|p2a: Suicune|spa|1\n|-boost|p2a: Suicune|spd|1\n|move|p1a: Alcremie|Alluring Voice|p2a: Suicune\n|-damage|p2a: Suicune|223/298\n|-start|p2a: Suicune|confusion\n|\n|-heal|p2a: Suicune|241/298|[from] item: Leftovers\n|upkeep\n|turn|5\n|inactive|Time left: 300 sec this turn | 300 sec total\n|\n|t:|1783567553\n|-activate|p2a: Suicune|confusion\n|move|p2a: Suicune|Calm Mind|p2a: Suicune\n|-boost|p2a: Suicune|spa|1\n|-boost|p2a: Suicune|spd|1\n|move|p1a: Alcremie|Calm Mind|p1a: Alcremie\n|-boost|p1a: Alcremie|spa|1\n|-boost|p1a: Alcremie|spd|1\n|\n|-heal|p2a: Suicune|259/298|[from] item: Leftovers\n|upkeep\n|turn|6\n|inactive|Time left: 300 sec this turn | 300 sec total\n|\n|t:|1783567554\n|-end|p2a: Suicune|confusion\n|move|p2a: Suicune|Calm Mind|p2a: Suicune\n|-boost|p2a: Suicune|spa|1\n|-boost|p2a: Suicune|spd|1\n|move|p1a: Alcremie|Alluring Voice|p2a: Suicune\n|-damage|p2a: Suicune|193/298\n|-start|p2a: Suicune|confusion\n|\n|-heal|p2a: Suicune|211/298|[from] item: Leftovers\n|upkeep\n|turn|7\n|inactive|Time left: 300 sec this turn | 300 sec total\n|\n|t:|1783567555\n|-activate|p2a: Suicune|confusion\n|-damage|p2a: Suicune|195/298|[from] confusion\n|move|p1a: Alcremie|Alluring Voice|p2a: Suicune\n|-damage|p2a: Suicune|129/298\n|\n|-heal|p2a: Suicune|147/298|[from] item: Leftovers\n|upkeep\n|turn|8\n|inactive|Time left: 300 sec this turn | 300 sec total\n|\n|t:|1783567556\n|-activate|p2a: Suicune|confusion\n|move|p2a: Suicune|Rest|p2a: Suicune\n|-status|p2a: Suicune|slp|[from] move: Rest\n|-heal|p2a: Suicune|298/298 slp|[silent]\n|move|p1a: Alcremie|Alluring Voice|p2a: Suicune\n|-damage|p2a: Suicune|229/298 slp\n|\n|-heal|p2a: Suicune|247/298 slp|[from] item: Leftovers\n|upkeep\n|turn|9\n|inactive|Time left: 300 sec this turn | 300 sec total\n|\n|t:|1783567557\n|cant|p2a: Suicune|slp\n|-end|p2a: Suicune|confusion\n|move|p2a: Suicune|Sleep Talk|p2a: Suicune\n|move|p2a: Suicune|Scald|p1a: Alcremie|[from] move: Sleep Talk\n|-damage|p1a: Alcremie|71/100\n|move|p1a: Alcremie|Alluring Voice|p2a: Suicune\n|-damage|p2a: Suicune|177/298 slp\n|\n|-heal|p2a: Suicune|195/298 slp|[from] item: Leftovers\n|-heal|p1a: Alcremie|77/100|[from] item: Leftovers\n|upkeep\n|turn|10\n|inactive|Time left: 300 sec this turn | 300 sec total\n|\n|t:|1783567558\n|cant|p2a: Suicune|slp\n|move|p2a: Suicune|Sleep Talk|p2a: Suicune\n|move|p2a: Suicune|Calm Mind|p2a: Suicune|[from] move: Sleep Talk\n|-boost|p2a: Suicune|spa|0\n|-boost|p2a: Suicune|spd|0\n|move|p1a: Alcremie|Alluring Voice|p2a: Suicune\n|-damage|p2a: Suicune|122/298 slp\n|\n|-heal|p2a: Suicune|140/298 slp|[from] item: Leftovers\n|-heal|p1a: Alcremie|83/100|[from] item: Leftovers\n|upkeep\n|turn|11\n|inactive|Time left: 300 sec this turn | 300 sec total\n|\n|t:|1783567559\n|-curestatus|p2a: Suicune|slp|[msg]\n|move|p2a: Suicune|Scald|p1a: Alcremie\n|-damage|p1a: Alcremie|55/100\n|move|p1a: Alcremie|Calm Mind|p1a: Alcremie\n|-boost|p1a: Alcremie|spa|1\n|-boost|p1a: Alcremie|spd|1\n|\n|-heal|p2a: Suicune|158/298|[from] item: Leftovers\n|-heal|p1a: Alcremie|61/100|[from] item: Leftovers\n|upkeep\n|turn|12\n|inactive|Time left: 300 sec this turn | 300 sec total\n|\n|t:|1783567560\n|move|p2a: Suicune|Scald|p1a: Alcremie\n|-damage|p1a: Alcremie|39/100\n|move|p1a: Alcremie|Alluring Voice|p2a: Suicune\n|-damage|p2a: Suicune|77/298\n|\n|-heal|p2a: Suicune|95/298|[from] item: Leftovers\n|-heal|p1a: Alcremie|45/100|[from] item: Leftovers\n|upkeep\n|turn|13\n|inactive|Time left: 300 sec this turn | 300 sec total\n|\n|t:|1783567561\n|move|p2a: Suicune|Scald|p1a: Alcremie\n|-damage|p1a: Alcremie|22/100\n|-status|p1a: Alcremie|brn\n|move|p1a: Alcremie|Recover|p1a: Alcremie\n|-heal|p1a: Alcremie|72/100 brn\n|\n|-heal|p2a: Suicune|113/298|[from] item: Leftovers\n|-heal|p1a: Alcremie|78/100 brn|[from] item: Leftovers\n|-damage|p1a: Alcremie|72/100 brn|[from] brn\n|upkeep\n|turn|14\n|inactive|Time left: 300 sec this turn | 300 sec total\n|\n|t:|1783567562\n|-terastallize|p2a: Suicune|Steel\n|move|p2a: Suicune|Scald|p1a: Alcremie\n|-damage|p1a: Alcremie|47/100 brn\n|move|p1a: Alcremie|Recover|p1a: Alcremie\n|-heal|p1a: Alcremie|97/100 brn\n|\n|-heal|p2a: Suicune|131/298|[from] item: Leftovers\n|-heal|p1a: Alcremie|100/100 brn|[from] item: Leftovers\n|-damage|p1a: Alcremie|94/100 brn|[from] brn\n|upkeep\n|turn|15\n|inactive|Time left: 300 sec this turn | 300 sec total\n|\n|t:|1783567562\n|-terastallize|p1a: Alcremie|Ground\n|move|p2a: Suicune|Scald|p1a: Alcremie\n|-supereffective|p1a: Alcremie\n|-damage|p1a: Alcremie|48/100 brn\n|move|p1a: Alcremie|Tera Blast|p2a: Suicune|[anim] Tera Blast Ground\n|-supereffective|p2a: Suicune\n|-damage|p2a: Suicune|0 fnt\n|faint|p2a: Suicune\n|\n|-heal|p1a: Alcremie|54/100 brn|[from] item: Leftovers\n|-damage|p1a: Alcremie|48/100 brn|[from] brn\n|upkeep\n|inactive|Time left: 300 sec this turn | 300 sec total | 5 sec grace\n|\n|t:|1783567563\n|switch|p2a: Rillaboom|Rillaboom, L79, M|288/288\n|-fieldstart|move: Grassy Terrain|[from] ability: Grassy Surge|[of] p2a: Rillaboom\n|turn|16\n|inactive|Time left: 300 sec this turn | 300 sec total\n|\n|t:|1783567564\n|switch|p1a: Flareon|Flareon, L90, F|100/100\n|move|p2a: Rillaboom|Wood Hammer|p1a: Flareon\n|-resisted|p1a: Flareon\n|-damage|p1a: Flareon|43/100\n|-damage|p2a: Rillaboom|238/288|[from] Recoil\n|-damage|p2a: Rillaboom|210/288|[from] item: Life Orb\n|\n|-heal|p2a: Rillaboom|228/288|[from] Grassy Terrain\n|-heal|p1a: Flareon|49/100|[from] Grassy Terrain\n|-status|p1a: Flareon|tox|[from] item: Toxic Orb\n|upkeep\n|turn|17\n|inactive|Time left: 300 sec this turn | 300 sec total\n|\n|t:|1783567565\n|switch|p1a: Cinderace|Cinderace, L77, M|100/100\n|move|p2a: Rillaboom|Wood Hammer|p1a: Cinderace\n|-resisted|p1a: Cinderace\n|-damage|p1a: Cinderace|45/100\n|-damage|p2a: Rillaboom|182/288|[from] Recoil\n|-damage|p2a: Rillaboom|154/288|[from] item: Life Orb\n|\n|-heal|p1a: Cinderace|51/100|[from] Grassy Terrain\n|-heal|p2a: Rillaboom|172/288|[from] Grassy Terrain\n|upkeep\n|turn|18\n|inactive|Time left: 300 sec this turn | 300 sec total\n|\n|t:|1783567566\n|switch|p2a: Iron Moth|Iron Moth, L78|253/253\n|move|p1a: Cinderace|Pyro Ball|p2a: Iron Moth\n|-resisted|p2a: Iron Moth\n|-damage|p2a: Iron Moth|167/253\n|\n|-heal|p1a: Cinderace|57/100|[from] Grassy Terrain\n|-heal|p2a: Iron Moth|182/253|[from] Grassy Terrain\n|upkeep\n|turn|19\n|inactive|Time left: 300 sec this turn | 300 sec total\n|\n|t:|1783567567\n|move|p1a: Cinderace|Pyro Ball|p2a: Iron Moth\n|-resisted|p2a: Iron Moth\n|-damage|p2a: Iron Moth|90/253\n|move|p2a: Iron Moth|Sludge Wave|p1a: Cinderace\n|-damage|p1a: Cinderace|0 fnt\n|faint|p1a: Cinderace\n|\n|-heal|p2a: Iron Moth|105/253|[from] Grassy Terrain\n|upkeep\n|\n|t:|1783567568\n|switch|p1a: Kyogre|Kyogre, L71|100/100\n|-weather|RainDance|[from] ability: Drizzle|[of] p1a: Kyogre\n|turn|20\n|inactive|Time left: 300 sec this turn | 300 sec total\n|\n|t:|1783567569\n|move|p1a: Kyogre|Water Spout|p2a: Iron Moth\n|-supereffective|p2a: Iron Moth\n|-damage|p2a: Iron Moth|0 fnt\n|faint|p2a: Iron Moth\n|-end|p2a: Iron Moth|Quark Drive|[silent]\n|\n|-weather|RainDance|[upkeep]\n|-fieldend|move: Grassy Terrain\n|upkeep\n|inactive|Time left: 300 sec this turn | 300 sec total | 5 sec grace\n|\n|t:|1783567569\n|switch|p2a: Rillaboom|Rillaboom, L79, M|172/288\n|-fieldstart|move: Grassy Terrain|[from] ability: Grassy Surge|[of] p2a: Rillaboom\n|turn|21\n|inactive|Time left: 300 sec this turn | 300 sec total\n|\n|t:|1783567570\n|switch|p1a: Braviary|Braviary-Hisui, L85, M|100/100\n|move|p2a: Rillaboom|Grassy Glide|p1a: Braviary\n|-resisted|p1a: Braviary\n|-damage|p1a: Braviary|82/100\n|-damage|p2a: Rillaboom|144/288|[from] item: Life Orb\n|\n|-weather|RainDance|[upkeep]\n|-heal|p2a: Rillaboom|162/288|[from] Grassy Terrain\n|upkeep\n|turn|22\n|inactive|Time left: 300 sec this turn | 300 sec total\n|\n|t:|1783567571\n|switch|p2a: Spiritomb|Spiritomb, L89, F|234/234\n|move|p1a: Braviary|Esper Wing|p2a: Spiritomb\n|-immune|p2a: Spiritomb\n|\n|-weather|RainDance|[upkeep]\n|upkeep\n|turn|23\n|inactive|Time left: 300 sec this turn | 300 sec total\n|\n|t:|1783567572\n|switch|p1a: Kyogre|Kyogre, L71|100/100\n|move|p2a: Spiritomb|Foul Play|p1a: Kyogre\n|-damage|p1a: Kyogre|53/100\n|\n|-weather|RainDance|[upkeep]\n|-heal|p1a: Kyogre|59/100|[from] Grassy Terrain\n|upkeep\n|turn|24\n|inactive|Time left: 300 sec this turn | 300 sec total\n|\n|t:|1783567573\n|move|p1a: Kyogre|Origin Pulse|p2a: Spiritomb\n|-damage|p2a: Spiritomb|77/234\n|move|p2a: Spiritomb|Foul Play|p1a: Kyogre\n|-damage|p1a: Kyogre|11/100\n|\n|-weather|none\n|-heal|p1a: Kyogre|17/100|[from] Grassy Terrain\n|-heal|p2a: Spiritomb|91/234|[from] Grassy Terrain\n|upkeep\n|turn|25\n|inactive|Time left: 300 sec this turn | 300 sec total\n|\n|t:|1783567574\n|move|p1a: Kyogre|Origin Pulse|p2a: Spiritomb\n|-damage|p2a: Spiritomb|0 fnt\n|faint|p2a: Spiritomb\n|\n|-heal|p1a: Kyogre|24/100|[from] Grassy Terrain\n|-fieldend|move: Grassy Terrain\n|upkeep\n|inactive|Time left: 300 sec this turn | 300 sec total | 5 sec grace\n|\n|t:|1783567575\n|switch|p2a: Necrozma|Necrozma-Dusk-Mane, L69|248/248\n|turn|26\n|inactive|Time left: 300 sec this turn | 300 sec total\n|\n|t:|1783567575\n|move|p1a: Kyogre|Origin Pulse|p2a: Necrozma\n|-crit|p2a: Necrozma\n|-damage|p2a: Necrozma|73/248\n|move|p2a: Necrozma|Dragon Dance|p2a: Necrozma\n|-boost|p2a: Necrozma|atk|1\n|-boost|p2a: Necrozma|spe|1\n|\n|upkeep\n|turn|27\n|inactive|Time left: 300 sec this turn | 300 sec total\n|\n|t:|1783567577\n|move|p1a: Kyogre|Origin Pulse|p2a: Necrozma\n|-damage|p2a: Necrozma|0 fnt\n|faint|p2a: Necrozma\n|\n|upkeep\n|inactive|Time left: 300 sec this turn | 300 sec total | 5 sec grace\n|\n|t:|1783567578\n|switch|p2a: Rillaboom|Rillaboom, L79, M|162/288\n|-fieldstart|move: Grassy Terrain|[from] ability: Grassy Surge|[of] p2a: Rillaboom\n|turn|28\n|inactive|Time left: 300 sec this turn | 300 sec total\n|\n|t:|1783567579\n|move|p1a: Kyogre|Origin Pulse|p2a: Rillaboom\n|-resisted|p2a: Rillaboom\n|-damage|p2a: Rillaboom|84/288\n|move|p2a: Rillaboom|Swords Dance|p2a: Rillaboom\n|-boost|p2a: Rillaboom|atk|2\n|\n|-heal|p1a: Kyogre|30/100|[from] Grassy Terrain\n|-heal|p2a: Rillaboom|102/288|[from] Grassy Terrain\n|upkeep\n|turn|29\n|inactive|Time left: 300 sec this turn | 300 sec total\n|\n|t:|1783567580\n|move|p2a: Rillaboom|Grassy Glide|p1a: Kyogre\n|-supereffective|p1a: Kyogre\n|-damage|p1a: Kyogre|0 fnt\n|faint|p1a: Kyogre\n|-damage|p2a: Rillaboom|74/288|[from] item: Life Orb\n|\n|-heal|p2a: Rillaboom|92/288|[from] Grassy Terrain\n|upkeep\n|\n|t:|1783567580\n|switch|p1a: Flareon|Flareon, L90, F|49/100 tox\n|turn|30\n|inactive|Time left: 300 sec this turn | 300 sec total\n|\n|t:|1783567581\n|move|p2a: Rillaboom|Grassy Glide|p1a: Flareon\n|-resisted|p1a: Flareon\n|-damage|p1a: Flareon|0 fnt\n|faint|p1a: Flareon\n|-damage|p2a: Rillaboom|64/288|[from] item: Life Orb\n|\n|-heal|p2a: Rillaboom|82/288|[from] Grassy Terrain\n|upkeep\n|\n|t:|1783567582\n|switch|p1a: Braviary|Braviary-Hisui, L85, M|82/100\n|turn|31\n|inactive|Time left: 300 sec this turn | 300 sec total\n|\n|t:|1783567583\n|move|p1a: Braviary|Vacuum Wave|p2a: Rillaboom\n|-damage|p2a: Rillaboom|19/288\n|move|p2a: Rillaboom|Wood Hammer|p1a: Braviary\n|-resisted|p1a: Braviary\n|-damage|p1a: Braviary|6/100\n|-damage|p2a: Rillaboom|0 fnt|[from] Recoil\n|faint|p2a: Rillaboom\n|\n|upkeep\n|inactive|Time left: 300 sec this turn | 300 sec total | 5 sec grace\n|\n|t:|1783567584\n|switch|p2a: Registeel|Registeel, L81|262/262\n|turn|32\n|inactive|Time left: 300 sec this turn | 300 sec total\n|\n|t:|1783567585\n|switch|p1a: Alcremie|Alcremie, L90, F, tera:Ground|48/100 brn\n|move|p2a: Registeel|Iron Defense|p2a: Registeel\n|-boost|p2a: Registeel|def|2\n|\n|-heal|p1a: Alcremie|54/100 brn|[from] Grassy Terrain\n|-heal|p1a: Alcremie|60/100 brn|[from] item: Leftovers\n|-damage|p1a: Alcremie|54/100 brn|[from] brn\n|-fieldend|move: Grassy Terrain\n|upkeep\n|turn|33\n|inactive|Time left: 300 sec this turn | 300 sec total\n|\n|t:|1783567586\n|move|p1a: Alcremie|Tera Blast|p2a: Registeel|[anim] Tera Blast Ground\n|-supereffective|p2a: Registeel\n|-damage|p2a: Registeel|106/262\n|move|p2a: Registeel|Body Press|p1a: Alcremie\n|-damage|p1a: Alcremie|0 fnt\n|faint|p1a: Alcremie\n|\n|upkeep\n|\n|t:|1783567587\n|switch|p1a: Braviary|Braviary-Hisui, L85, M|6/100\n|turn|34\n|inactive|Time left: 300 sec this turn | 300 sec total\n|\n|t:|1783567588\n|move|p1a: Braviary|Hurricane|p2a: Registeel\n|-resisted|p2a: Registeel\n|-damage|p2a: Registeel|0 fnt\n|faint|p2a: Registeel\n|\n|win|p0x23711b99", "uploadtime": 1783567588, "views": 0, "rating": 0, "private": 0, "password": null, "_winner": "p0x23711b99", "_our_name": "p0y237124e5"}