{"id": "battle-gen9randombattle-770", "formatid": "gen9randombattle", "format": "[Gen 9] Random Battle", "players": ["p0x770363f", "p0y77022bd"], "log": "|init|battle\n|title|p0x770363f vs. p0y77022bd\n|j|\u2606p0x770363f\n|j|\u2606p0y77022bd\n|t:|1783548794\n|gametype|singles\n|player|p1|p0x770363f|101|\n|player|p2|p0y77022bd|266|\n|gen|9\n|tier|[Gen 9] Random Battle\n|rule|Species Clause: Limit one of each Pok\u00e9mon\n|rule|HP Percentage Mod: HP is shown in percentages\n|rule|Sleep Clause Mod: Limit one foe put to sleep\n|rule|Illusion Level Mod: Illusion disguises the Pok\u00e9mon's true level\n|\n|t:|1783548794\n|teamsize|p1|6\n|teamsize|p2|6\n|start\n|switch|p1a: Lurantis|Lurantis, L87, M|100/100\n|switch|p2a: Comfey|Comfey, L85, M|225/225\n|turn|1\n|inactive|Battle timer is ON: inactive players will automatically lose when time's up. (requested by p0y77022bd)\n|inactive|p0x770363f also wants the timer to be on.\n|\n|t:|1783548796\n|move|p2a: Comfey|Calm Mind|p2a: Comfey\n|-boost|p2a: Comfey|spa|1\n|-boost|p2a: Comfey|spd|1\n|move|p1a: Lurantis|Leaf Storm|p2a: Comfey\n|-damage|p2a: Comfey|152/225\n|-boost|p1a: Lurantis|spa|2\n|\n|-heal|p2a: Comfey|166/225|[from] item: Leftovers\n|upkeep\n|turn|2\n|inactive|Time left: 300 sec this turn | 300 sec total\n|\n|t:|1783548797\n|move|p2a: Comfey|Calm Mind|p2a: Comfey\n|-boost|p2a: Comfey|spa|1\n|-boost|p2a: Comfey|spd|1\n|move|p1a: Lurantis|Leaf Storm|p2a: Comfey\n|-damage|p2a: Comfey|54/225\n|-boost|p1a: Lurantis|spa|2\n|\n|-heal|p2a: Comfey|68/225|[from] item: Leftovers\n|upkeep\n|turn|3\n|inactive|Time left: 300 sec this turn | 300 sec total\n|\n|t:|1783548798\n|move|p2a: Comfey|Draining Kiss|p1a: Lurantis\n|-crit|p1a: Lurantis\n|-damage|p1a: Lurantis|64/100\n|-heal|p2a: Comfey|140/225|[from] drain|[of] p1a: Lurantis\n|move|p1a: Lurantis|Superpower|p2a: Comfey\n|-resisted|p2a: Comfey\n|-damage|p2a: Comfey|95/225\n|-boost|p1a: Lurantis|atk|1\n|-boost|p1a: Lurantis|def|1\n|\n|-heal|p2a: Comfey|109/225|[from] item: Leftovers\n|upkeep\n|turn|4\n|inactive|Time left: 300 sec this turn | 300 sec total\n|\n|t:|1783548800\n|move|p2a: Comfey|Draining Kiss|p1a: Lurantis\n|-damage|p1a: Lurantis|42/100\n|-heal|p2a: Comfey|153/225|[from] drain|[of] p1a: Lurantis\n|move|p1a: Lurantis|Leaf Storm|p2a: Comfey\n|-damage|p2a: Comfey|0 fnt\n|-boost|p1a: Lurantis|spa|2\n|faint|p2a: Comfey\n|\n|upkeep\n|inactive|Time left: 300 sec this turn | 300 sec total | 5 sec grace\n|\n|t:|1783548801\n|switch|p2a: Cinderace|Cinderace, L77, F|249/249\n|turn|5\n|inactive|Time left: 300 sec this turn | 300 sec total\n|\n|t:|1783548802\n|-terastallize|p1a: Lurantis|Water\n|move|p2a: Cinderace|High Jump Kick|p1a: Lurantis\n|-start|p2a: Cinderace|typechange|Fighting|[from] ability: Libero\n|-damage|p1a: Lurantis|0 fnt\n|faint|p1a: Lurantis\n|\n|upkeep\n|\n|t:|1783548803\n|switch|p1a: Fezandipiti|Fezandipiti, L82, M|100/100\n|turn|6\n|inactive|Time left: 300 sec this turn | 300 sec total\n|\n|t:|1783548804\n|switch|p2a: Rhydon|Rhydon, L85, M|317/317\n|move|p1a: Fezandipiti|Play Rough|p2a: Rhydon\n|-damage|p2a: Rhydon|272/317\n|-status|p2a: Rhydon|tox|[from] ability: Toxic Chain|[of] p1a: Fezandipiti\n|\n|-damage|p2a: Rhydon|253/317 tox|[from] psn\n|upkeep\n|turn|7\n|inactive|Time left: 300 sec this turn | 300 sec total\n|\n|t:|1783548805\n|switch|p1a: Virizion|Virizion, L82|100/100\n|move|p2a: Rhydon|Earthquake|p1a: Virizion\n|-resisted|p1a: Virizion\n|-damage|p1a: Virizion|70/100\n|\n|-damage|p2a: Rhydon|215/317 tox|[from] psn\n|upkeep\n|turn|8\n|inactive|Time left: 300 sec this turn | 300 sec total\n|\n|t:|1783548807\n|move|p1a: Virizion|Leaf Blade|p2a: Rhydon\n|-supereffective|p2a: Rhydon\n|-crit|p2a: Rhydon\n|-damage|p2a: Rhydon|0 fnt\n|faint|p2a: Rhydon\n|-damage|p1a: Virizion|60/100|[from] item: Life Orb\n|\n|upkeep\n|inactive|Time left: 300 sec this turn | 300 sec total | 5 sec grace\n|\n|t:|1783548808\n|switch|p2a: Cinderace|Cinderace, L77, F|249/249\n|turn|9\n|inactive|Time left: 300 sec this turn | 300 sec total\n|\n|t:|1783548809\n|switch|p1a: Fezandipiti|Fezandipiti, L82, M|100/100\n|move|p2a: Cinderace|Pyro Ball|p1a: Fezandipiti\n|-damage|p1a: Fezandipiti|34/100\n|\n|-heal|p1a: Fezandipiti|40/100|[from] item: Leftovers\n|upkeep\n|turn|10\n|inactive|Time left: 300 sec this turn | 300 sec total\n|\n|t:|1783548810\n|switch|p1a: Tyranitar|Tyranitar, L78, F|100/100\n|-weather|Sandstorm|[from] ability: Sand Stream|[of] p1a: Tyranitar\n|move|p2a: Cinderace|Pyro Ball|p1a: Tyranitar\n|-resisted|p1a: Tyranitar\n|-damage|p1a: Tyranitar|70/100\n|\n|-weather|Sandstorm|[upkeep]\n|-damage|p2a: Cinderace|234/249|[from] Sandstorm\n|upkeep\n|turn|11\n|inactive|Time left: 300 sec this turn | 300 sec total\n|\n|t:|1783548811\n|switch|p2a: Okidogi|Okidogi, L77, M|262/262\n|move|p1a: Tyranitar|Knock Off|p2a: Okidogi\n|-resisted|p2a: Okidogi\n|-damage|p2a: Okidogi|213/262\n|-enditem|p2a: Okidogi|Assault Vest|[from] move: Knock Off|[of] p1a: Tyranitar\n|\n|-weather|Sandstorm|[upkeep]\n|-damage|p2a: Okidogi|197/262|[from] Sandstorm\n|upkeep\n|turn|12\n|inactive|Time left: 300 sec this turn | 300 sec total\n|\n|t:|1783548812\n|switch|p1a: Fezandipiti|Fezandipiti, L82, M|40/100\n|move|p2a: Okidogi|Drain Punch|p1a: Fezandipiti\n|-resisted|p1a: Fezandipiti\n|-damage|p1a: Fezandipiti|32/100\n|-heal|p2a: Okidogi|209/262|[from] drain|[of] p1a: Fezandipiti\n|\n|-weather|Sandstorm|[upkeep]\n|-damage|p1a: Fezandipiti|26/100|[from] Sandstorm\n|-damage|p2a: Okidogi|193/262|[from] Sandstorm\n|-heal|p1a: Fezandipiti|32/100|[from] item: Leftovers\n|upkeep\n|turn|13\n|inactive|Time left: 300 sec this turn | 300 sec total\n|\n|t:|1783548813\n|move|p1a: Fezandipiti|Play Rough|p2a: Okidogi\n|-damage|p2a: Okidogi|123/262\n|move|p2a: Okidogi|Gunk Shot|p1a: Fezandipiti\n|-damage|p1a: Fezandipiti|0 fnt\n|faint|p1a: Fezandipiti\n|\n|-weather|Sandstorm|[upkeep]\n|-damage|p2a: Okidogi|107/262|[from] Sandstorm\n|upkeep\n|\n|t:|1783548814\n|switch|p1a: Kyurem|Kyurem-White, L73|100/100\n|-ability|p1a: Kyurem|Turboblaze\n|turn|14\n|inactive|Time left: 300 sec this turn | 300 sec total\n|\n|t:|1783548815\n|switch|p2a: Cinderace|Cinderace, L77, F|234/249\n|move|p1a: Kyurem|Ice Beam|p2a: Cinderace\n|-resisted|p2a: Cinderace\n|-damage|p2a: Cinderace|169/249\n|\n|-weather|none\n|upkeep\n|turn|15\n|inactive|Time left: 300 sec this turn | 300 sec total\n|\n|t:|1783548816\n|move|p1a: Kyurem|Ice Beam|p2a: Cinderace\n|-resisted|p2a: Cinderace\n|-damage|p2a: Cinderace|97/249\n|move|p2a: Cinderace|High Jump Kick|p1a: Kyurem\n|-start|p2a: Cinderace|typechange|Fighting|[from] ability: Libero\n|-supereffective|p1a: Kyurem\n|-crit|p1a: Kyurem\n|-damage|p1a: Kyurem|0 fnt\n|faint|p1a: Kyurem\n|\n|upkeep\n|\n|t:|1783548817\n|switch|p1a: Virizion|Virizion, L82|60/100\n|turn|16\n|inactive|Time left: 300 sec this turn | 300 sec total\n|\n|t:|1783548818\n|move|p2a: Cinderace|High Jump Kick|p1a: Virizion\n|-damage|p1a: Virizion|0 fnt\n|faint|p1a: Virizion\n|\n|upkeep\n|\n|t:|1783548819\n|switch|p1a: Houndoom|Houndoom, L87, F|100/100\n|turn|17\n|inactive|Time left: 300 sec this turn | 300 sec total\n|\n|t:|1783548819\n|switch|p1a: Tyranitar|Tyranitar, L78, F|70/100\n|-weather|Sandstorm|[from] ability: Sand Stream|[of] p1a: Tyranitar\n|move|p2a: Cinderace|High Jump Kick|p1a: Tyranitar\n|-supereffective|p1a: Tyranitar\n|-damage|p1a: Tyranitar|0 fnt\n|faint|p1a: Tyranitar\n|\n|-weather|Sandstorm|[upkeep]\n|-damage|p2a: Cinderace|82/249|[from] Sandstorm\n|upkeep\n|\n|t:|1783548820\n|switch|p1a: Houndoom|Houndoom, L87, F|100/100\n|turn|18\n|inactive|Time left: 300 sec this turn | 300 sec total\n|\n|t:|1783548821\n|-terastallize|p2a: Cinderace|Fire\n|move|p2a: Cinderace|High Jump Kick|p1a: Houndoom\n|-supereffective|p1a: Houndoom\n|-damage|p1a: Houndoom|0 fnt\n|faint|p1a: Houndoom\n|\n|win|p0y77022bd", "uploadtime": 1783548821, "views": 0, "rating": 0, "private": 0, "password": null, "_winner": "p0y77022bd", "_our_name": "p0y77022bd"}