{"id": "battle-gen9randombattle-379", "formatid": "gen9randombattle", "format": "[Gen 9] Random Battle", "players": ["p0x379d278", "p0y379020f"], "log": "|init|battle\n|title|p0x379d278 vs. p0y379020f\n|j|\u2606p0x379d278\n|j|\u2606p0y379020f\n|t:|1783543496\n|gametype|singles\n|player|p1|p0x379d278|101|\n|player|p2|p0y379020f|266|\n|gen|9\n|tier|[Gen 9] Random Battle\n|rule|Species Clause: Limit one of each Pok\u00e9mon\n|rule|HP Percentage Mod: HP is shown in percentages\n|rule|Sleep Clause Mod: Limit one foe put to sleep\n|rule|Illusion Level Mod: Illusion disguises the Pok\u00e9mon's true level\n|\n|t:|1783543496\n|teamsize|p1|6\n|teamsize|p2|6\n|start\n|switch|p1a: Sinistcha|Sinistcha-Masterpiece, L83|100/100\n|switch|p2a: Poliwrath|Poliwrath, L88, M|302/302\n|turn|1\n|inactive|Battle timer is ON: inactive players will automatically lose when time's up. (requested by p0y379020f)\n|inactive|p0x379d278 also wants the timer to be on.\n|\n|t:|1783543497\n|move|p2a: Poliwrath|Knock Off|p1a: Sinistcha\n|-supereffective|p1a: Sinistcha\n|-damage|p1a: Sinistcha|49/100\n|-enditem|p1a: Sinistcha|Leftovers|[from] move: Knock Off|[of] p2a: Poliwrath\n|move|p1a: Sinistcha|Matcha Gotcha|p2a: Poliwrath\n|-supereffective|p2a: Poliwrath\n|-damage|p2a: Poliwrath|180/302\n|-heal|p1a: Sinistcha|73/100|[from] drain|[of] p2a: Poliwrath\n|\n|upkeep\n|turn|2\n|inactive|Time left: 300 sec this turn | 300 sec total\n|\n|t:|1783543499\n|move|p2a: Poliwrath|Liquidation|p1a: Sinistcha\n|-resisted|p1a: Sinistcha\n|-damage|p1a: Sinistcha|56/100\n|move|p1a: Sinistcha|Strength Sap|p2a: Poliwrath\n|-unboost|p2a: Poliwrath|atk|1\n|-heal|p1a: Sinistcha|100/100\n|\n|upkeep\n|turn|3\n|inactive|Time left: 300 sec this turn | 300 sec total\n|\n|t:|1783543500\n|switch|p2a: Grafaiai|Grafaiai, L86, F|249/249\n|move|p1a: Sinistcha|Calm Mind|p1a: Sinistcha\n|-boost|p1a: Sinistcha|spa|1\n|-boost|p1a: Sinistcha|spd|1\n|\n|upkeep\n|turn|4\n|inactive|Time left: 300 sec this turn | 300 sec total\n|\n|t:|1783543501\n|move|p2a: Grafaiai|Swords Dance|p2a: Grafaiai\n|-boost|p2a: Grafaiai|atk|2\n|move|p1a: Sinistcha|Matcha Gotcha|p2a: Grafaiai\n|-resisted|p2a: Grafaiai\n|-damage|p2a: Grafaiai|169/249\n|\n|upkeep\n|turn|5\n|inactive|Time left: 300 sec this turn | 300 sec total\n|\n|t:|1783543502\n|-terastallize|p1a: Sinistcha|Steel\n|move|p2a: Grafaiai|Knock Off|p1a: Sinistcha\n|-damage|p1a: Sinistcha|58/100\n|-damage|p2a: Grafaiai|145/249|[from] item: Life Orb\n|move|p1a: Sinistcha|Matcha Gotcha|p2a: Grafaiai\n|-resisted|p2a: Grafaiai\n|-damage|p2a: Grafaiai|58/249\n|-heal|p1a: Sinistcha|76/100|[from] drain|[of] p2a: Grafaiai\n|-status|p2a: Grafaiai|brn\n|\n|-damage|p2a: Grafaiai|43/249 brn|[from] brn\n|upkeep\n|turn|6\n|inactive|Time left: 300 sec this turn | 300 sec total\n|\n|t:|1783543503\n|move|p2a: Grafaiai|Gunk Shot|p1a: Sinistcha\n|-immune|p1a: Sinistcha\n|move|p1a: Sinistcha|Matcha Gotcha|p2a: Grafaiai\n|-resisted|p2a: Grafaiai\n|-damage|p2a: Grafaiai|0 fnt\n|-heal|p1a: Sinistcha|84/100|[from] drain|[of] p2a: Grafaiai\n|faint|p2a: Grafaiai\n|\n|upkeep\n|inactive|Time left: 300 sec this turn | 300 sec total | 5 sec grace\n|\n|t:|1783543504\n|switch|p2a: Poliwrath|Poliwrath, L88, M|180/302\n|turn|7\n|inactive|Time left: 300 sec this turn | 300 sec total\n|\n|t:|1783543505\n|switch|p1a: Glimmora|Glimmora, L75, F|100/100\n|-item|p1a: Glimmora|Air Balloon\n|move|p2a: Poliwrath|Close Combat|p1a: Glimmora\n|-damage|p1a: Glimmora|42/100\n|-unboost|p2a: Poliwrath|def|1\n|-unboost|p2a: Poliwrath|spd|1\n|-activate|p1a: Glimmora|ability: Toxic Debris\n|-sidestart|p2: p0y379020f|move: Toxic Spikes\n|-enditem|p1a: Glimmora|Air Balloon\n|\n|upkeep\n|turn|8\n|inactive|Time left: 300 sec this turn | 300 sec total\n|\n|t:|1783543506\n|move|p1a: Glimmora|Power Gem|p2a: Poliwrath\n|-resisted|p2a: Poliwrath\n|-damage|p2a: Poliwrath|137/302\n|move|p2a: Poliwrath|Liquidation|p1a: Glimmora\n|-supereffective|p1a: Glimmora\n|-damage|p1a: Glimmora|0 fnt\n|-activate|p1a: Glimmora|ability: Toxic Debris\n|-sidestart|p2: p0y379020f|move: Toxic Spikes\n|faint|p1a: Glimmora\n|\n|upkeep\n|\n|t:|1783543507\n|switch|p1a: Hitmonchan|Hitmonchan, L87, M|100/100\n|turn|9\n|inactive|Time left: 300 sec this turn | 300 sec total\n|\n|t:|1783543509\n|switch|p2a: Victreebel|Victreebel, L90, M|290/290\n|-sideend|p2: p0y379020f|move: Toxic Spikes|[of] p2a: Victreebel\n|move|p1a: Hitmonchan|Drain Punch|p2a: Victreebel\n|-resisted|p2a: Victreebel\n|-damage|p2a: Victreebel|230/290\n|\n|upkeep\n|turn|10\n|inactive|Time left: 300 sec this turn | 300 sec total\n|\n|t:|1783543510\n|move|p1a: Hitmonchan|Bulk Up|p1a: Hitmonchan\n|-boost|p1a: Hitmonchan|atk|1\n|-boost|p1a: Hitmonchan|def|1\n|move|p2a: Victreebel|Power Whip|p1a: Hitmonchan\n|-damage|p1a: Hitmonchan|34/100\n|-damage|p2a: Victreebel|201/290|[from] item: Life Orb\n|\n|-heal|p1a: Hitmonchan|40/100|[from] item: Leftovers\n|upkeep\n|turn|11\n|inactive|Time left: 300 sec this turn | 300 sec total\n|\n|t:|1783543511\n|move|p1a: Hitmonchan|Drain Punch|p2a: Victreebel\n|-resisted|p2a: Victreebel\n|-damage|p2a: Victreebel|103/290\n|-heal|p1a: Hitmonchan|61/100|[from] drain|[of] p2a: Victreebel\n|move|p2a: Victreebel|Power Whip|p1a: Hitmonchan|[miss]\n|-miss|p2a: Victreebel|p1a: Hitmonchan\n|\n|-heal|p1a: Hitmonchan|67/100|[from] item: Leftovers\n|upkeep\n|turn|12\n|inactive|Time left: 300 sec this turn | 300 sec total\n|\n|t:|1783543512\n|move|p1a: Hitmonchan|Knock Off|p2a: Victreebel\n|-damage|p2a: Victreebel|0 fnt\n|-enditem|p2a: Victreebel|Life Orb|[from] move: Knock Off|[of] p1a: Hitmonchan\n|faint|p2a: Victreebel\n|\n|-heal|p1a: Hitmonchan|73/100|[from] item: Leftovers\n|upkeep\n|inactive|Time left: 300 sec this turn | 300 sec total | 5 sec grace\n|\n|t:|1783543513\n|switch|p2a: Gothitelle|Gothitelle, L90, F|272/272\n|turn|13\n|inactive|Time left: 300 sec this turn | 300 sec total\n|\n|t:|1783543514\n|move|p2a: Gothitelle|Psychic|p1a: Hitmonchan\n|-supereffective|p1a: Hitmonchan\n|-damage|p1a: Hitmonchan|0 fnt\n|faint|p1a: Hitmonchan\n|\n|upkeep\n|\n|t:|1783543515\n|switch|p1a: Sinistcha|Sinistcha-Masterpiece, L83, tera:Steel|84/100\n|turn|14\n|inactive|Time left: 300 sec this turn | 300 sec total\n|\n|t:|1783543516\n|switch|p2a: Poliwrath|Poliwrath, L88, M|137/302\n|move|p1a: Sinistcha|Matcha Gotcha|p2a: Poliwrath\n|-supereffective|p2a: Poliwrath\n|-damage|p2a: Poliwrath|11/302\n|-heal|p1a: Sinistcha|100/100|[from] drain|[of] p2a: Poliwrath\n|\n|upkeep\n|turn|15\n|inactive|Time left: 300 sec this turn | 300 sec total\n|\n|t:|1783543517\n|move|p2a: Poliwrath|Close Combat|p1a: Sinistcha\n|-supereffective|p1a: Sinistcha\n|-damage|p1a: Sinistcha|4/100\n|-unboost|p2a: Poliwrath|def|1\n|-unboost|p2a: Poliwrath|spd|1\n|move|p1a: Sinistcha|Strength Sap|p2a: Poliwrath\n|-unboost|p2a: Poliwrath|atk|1\n|-heal|p1a: Sinistcha|89/100\n|\n|upkeep\n|turn|16\n|inactive|Time left: 300 sec this turn | 300 sec total\n|\n|t:|1783543518\n|-terastallize|p2a: Poliwrath|Fighting\n|move|p2a: Poliwrath|Close Combat|p1a: Sinistcha\n|-supereffective|p1a: Sinistcha\n|-damage|p1a: Sinistcha|0 fnt\n|-unboost|p2a: Poliwrath|def|1\n|-unboost|p2a: Poliwrath|spd|1\n|faint|p1a: Sinistcha\n|\n|upkeep\n|\n|t:|1783543519\n|switch|p1a: Talonflame|Talonflame, L83, F|100/100\n|turn|17\n|inactive|Time left: 300 sec this turn | 300 sec total\n|\n|t:|1783543520\n|switch|p2a: Garchomp|Garchomp, L74, M|282/282\n|move|p1a: Talonflame|Flare Blitz|p2a: Garchomp\n|-resisted|p2a: Garchomp\n|-damage|p2a: Garchomp|228/282\n|-damage|p1a: Talonflame|88/100|[from] ability: Rough Skin|[of] p2a: Garchomp\n|-damage|p1a: Talonflame|81/100|[from] Recoil\n|\n|upkeep\n|turn|18\n|inactive|Time left: 300 sec this turn | 300 sec total\n|\n|t:|1783543521\n|switch|p1a: Umbreon|Umbreon, L84, F|100/100\n|move|p2a: Garchomp|Scale Shot|p1a: Umbreon\n|-damage|p1a: Umbreon|93/100\n|-damage|p1a: Umbreon|86/100\n|-damage|p1a: Umbreon|79/100\n|-crit|p1a: Umbreon\n|-damage|p1a: Umbreon|68/100\n|-hitcount|p1a: Umbreon|4\n|-unboost|p2a: Garchomp|def|1\n|-boost|p2a: Garchomp|spe|1\n|\n|-heal|p1a: Umbreon|74/100|[from] item: Leftovers\n|upkeep\n|turn|19\n|inactive|Time left: 300 sec this turn | 300 sec total\n|\n|t:|1783543522\n|move|p2a: Garchomp|Earthquake|p1a: Umbreon\n|-damage|p1a: Umbreon|42/100\n|move|p1a: Umbreon|Foul Play|p2a: Garchomp\n|-damage|p2a: Garchomp|44/282\n|-damage|p1a: Umbreon|29/100|[from] ability: Rough Skin|[of] p2a: Garchomp\n|\n|-heal|p1a: Umbreon|36/100|[from] item: Leftovers\n|upkeep\n|turn|20\n|inactive|Time left: 300 sec this turn | 300 sec total\n|\n|t:|1783543523\n|move|p2a: Garchomp|Scale Shot|p1a: Umbreon\n|-damage|p1a: Umbreon|27/100\n|-damage|p1a: Umbreon|20/100\n|-damage|p1a: Umbreon|12/100\n|-crit|p1a: Umbreon\n|-damage|p1a: Umbreon|0 fnt\n|faint|p1a: Umbreon\n|-hitcount|p1: Umbreon|4\n|-unboost|p2a: Garchomp|def|1\n|-boost|p2a: Garchomp|spe|1\n|\n|upkeep\n|\n|t:|1783543524\n|switch|p1a: Talonflame|Talonflame, L83, F|81/100\n|turn|21\n|inactive|Time left: 300 sec this turn | 300 sec total\n|\n|t:|1783543525\n|move|p2a: Garchomp|Scale Shot|p1a: Talonflame\n|-damage|p1a: Talonflame|70/100\n|-damage|p1a: Talonflame|57/100\n|-damage|p1a: Talonflame|45/100\n|-damage|p1a: Talonflame|34/100\n|-hitcount|p1a: Talonflame|4\n|-unboost|p2a: Garchomp|def|1\n|-boost|p2a: Garchomp|spe|1\n|move|p1a: Talonflame|Tera Blast|p2a: Garchomp\n|-damage|p2a: Garchomp|0 fnt\n|faint|p2a: Garchomp\n|\n|upkeep\n|inactive|Time left: 300 sec this turn | 300 sec total | 5 sec grace\n|\n|t:|1783543526\n|switch|p2a: Deoxys|Deoxys-Attack, L72|191/191\n|-ability|p2a: Deoxys|Pressure\n|turn|22\n|inactive|Time left: 300 sec this turn | 300 sec total\n|\n|t:|1783543527\n|move|p2a: Deoxys|Knock Off|p1a: Talonflame\n|-damage|p1a: Talonflame|0 fnt\n|-enditem|p1a: Talonflame|Heavy-Duty Boots|[from] move: Knock Off|[of] p2a: Deoxys\n|faint|p1a: Talonflame\n|-damage|p2a: Deoxys|172/191|[from] item: Life Orb\n|\n|upkeep\n|\n|t:|1783543528\n|switch|p1a: Pachirisu|Pachirisu, L96, F|100/100\n|turn|23\n|inactive|Time left: 300 sec this turn | 300 sec total\n|\n|t:|1783543528\n|move|p2a: Deoxys|Knock Off|p1a: Pachirisu\n|-damage|p1a: Pachirisu|56/100\n|-enditem|p1a: Pachirisu|Heavy-Duty Boots|[from] move: Knock Off|[of] p2a: Deoxys\n|-damage|p2a: Deoxys|153/191|[from] item: Life Orb\n|move|p1a: Pachirisu|U-turn|p2a: Deoxys\n|-supereffective|p2a: Deoxys\n|-damage|p2a: Deoxys|0 fnt\n|faint|p2a: Deoxys\n|\n|upkeep\n|inactive|Time left: 300 sec this turn | 300 sec total | 5 sec grace\n|\n|t:|1783543529\n|switch|p2a: Gothitelle|Gothitelle, L90, F|272/272\n|turn|24\n|inactive|Time left: 300 sec this turn | 300 sec total\n|\n|t:|1783543530\n|move|p2a: Gothitelle|Psychic|p1a: Pachirisu\n|-damage|p1a: Pachirisu|20/100\n|move|p1a: Pachirisu|Discharge|p2a: Gothitelle\n|-damage|p2a: Gothitelle|221/272\n|\n|upkeep\n|turn|25\n|inactive|Time left: 300 sec this turn | 300 sec total\n|\n|t:|1783543531\n|move|p2a: Gothitelle|Psychic|p1a: Pachirisu\n|-damage|p1a: Pachirisu|0 fnt\n|faint|p1a: Pachirisu\n|\n|win|p0y379020f", "uploadtime": 1783543531, "views": 0, "rating": 0, "private": 0, "password": null, "_winner": "p0y379020f", "_our_name": "p0y379020f"}