{"id": "battle-gen9randombattle-1446", "formatid": "gen9randombattle", "format": "[Gen 9] Random Battle", "players": ["p0x14460586", "p0y14464347"], "log": "|init|battle\n|title|p0x14460586 vs. p0y14464347\n|j|\u2606p0x14460586\n|j|\u2606p0y14464347\n|t:|1783555902\n|gametype|singles\n|player|p1|p0x14460586|2|\n|player|p2|p0y14464347|169|\n|gen|9\n|tier|[Gen 9] Random Battle\n|rule|Species Clause: Limit one of each Pok\u00e9mon\n|rule|HP Percentage Mod: HP is shown in percentages\n|rule|Sleep Clause Mod: Limit one foe put to sleep\n|rule|Illusion Level Mod: Illusion disguises the Pok\u00e9mon's true level\n|\n|t:|1783555902\n|teamsize|p1|6\n|teamsize|p2|6\n|start\n|switch|p1a: Ursaring|Ursaring, L84, M|288/288\n|switch|p2a: Porygon-Z|Porygon-Z, L83|100/100\n|turn|1\n|inactive|Battle timer is ON: inactive players will automatically lose when time's up. (requested by p0y14464347)\n|inactive|Time left: 300 sec this turn | 300 sec total | 60 sec grace\n|\n|t:|1783555903\n|-terastallize|p2a: Porygon-Z|Fighting\n|move|p2a: Porygon-Z|Tera Blast|p1a: Ursaring|[anim] Tera Blast Fighting\n|-supereffective|p1a: Ursaring\n|-damage|p1a: Ursaring|0 fnt\n|faint|p1a: Ursaring\n|-damage|p2a: Porygon-Z|91/100|[from] item: Life Orb\n|\n|upkeep\n|inactive|Time left: 300 sec this turn | 300 sec total | 65 sec grace\n|inactive|p0x14460586 also wants the timer to be on.\n|\n|t:|1783555904\n|switch|p1a: Armarouge|Armarouge, L80, M|267/267\n|turn|2\n|inactive|Time left: 300 sec this turn | 300 sec total\n|\n|t:|1783555906\n|move|p2a: Porygon-Z|Shadow Ball|p1a: Armarouge\n|-supereffective|p1a: Armarouge\n|-damage|p1a: Armarouge|59/267\n|-unboost|p1a: Armarouge|spd|1\n|-damage|p2a: Porygon-Z|81/100|[from] item: Life Orb\n|move|p1a: Armarouge|Psyshock|p2a: Porygon-Z\n|-supereffective|p2a: Porygon-Z\n|-damage|p2a: Porygon-Z|0 fnt\n|faint|p2a: Porygon-Z\n|\n|upkeep\n|\n|t:|1783555906\n|switch|p2a: Shiftry|Shiftry, L89, F|100/100\n|turn|3\n|inactive|Time left: 300 sec this turn | 300 sec total\n|\n|t:|1783555908\n|switch|p1a: Archaludon|Archaludon, L78, M|268/268\n|move|p2a: Shiftry|Knock Off|p1a: Archaludon\n|-damage|p1a: Archaludon|139/268\n|-ability|p1a: Archaludon|Stamina|boost\n|-boost|p1a: Archaludon|def|1\n|-enditem|p1a: Archaludon|Lum Berry|[from] move: Knock Off|[of] p2a: Shiftry\n|-damage|p2a: Shiftry|91/100|[from] item: Life Orb\n|\n|upkeep\n|turn|4\n|inactive|Time left: 300 sec this turn | 300 sec total\n|\n|t:|1783555909\n|switch|p2a: Dondozo|Dondozo, L78, F|100/100\n|move|p1a: Archaludon|Outrage|p2a: Dondozo\n|-damage|p2a: Dondozo|71/100\n|\n|-heal|p2a: Dondozo|78/100|[from] item: Leftovers\n|upkeep\n|turn|5\n|inactive|Time left: 300 sec this turn | 300 sec total\n|\n|t:|1783555910\n|move|p1a: Archaludon|Outrage|p2a: Dondozo|[from] lockedmove\n|-damage|p2a: Dondozo|47/100\n|-start|p1a: Archaludon|confusion|[fatigue]\n|move|p2a: Dondozo|Curse|p2a: Dondozo\n|-unboost|p2a: Dondozo|spe|1\n|-boost|p2a: Dondozo|atk|1\n|-boost|p2a: Dondozo|def|1\n|\n|-heal|p2a: Dondozo|54/100|[from] item: Leftovers\n|upkeep\n|turn|6\n|inactive|Time left: 300 sec this turn | 300 sec total\n|\n|t:|1783555911\n|switch|p1a: Hydrapple|Hydrapple, L83, M|312/312\n|move|p2a: Dondozo|Wave Crash|p1a: Hydrapple\n|-resisted|p1a: Hydrapple\n|-crit|p1a: Hydrapple\n|-damage|p1a: Hydrapple|258/312\n|-damage|p2a: Dondozo|49/100|[from] Recoil\n|\n|-heal|p2a: Dondozo|55/100|[from] item: Leftovers\n|upkeep\n|turn|7\n|inactive|Time left: 300 sec this turn | 300 sec total\n|\n|t:|1783555912\n|switch|p2a: Hitmontop|Hitmontop, L88, M|100/100\n|move|p1a: Hydrapple|Fickle Beam|p2a: Hitmontop|[anim] Fickle Beam All Out\n|-activate|p1a: Hydrapple|move: Fickle Beam\n|-damage|p2a: Hitmontop|36/100\n|\n|-heal|p2a: Hitmontop|42/100|[from] item: Leftovers\n|upkeep\n|turn|8\n|inactive|Time left: 300 sec this turn | 300 sec total\n|\n|t:|1783555913\n|switch|p1a: Archaludon|Archaludon, L78, M|139/268\n|move|p2a: Hitmontop|Triple Axel|p1a: Archaludon|[miss]\n|-miss|p2a: Hitmontop|p1a: Archaludon\n|\n|-heal|p2a: Hitmontop|48/100|[from] item: Leftovers\n|upkeep\n|turn|9\n|inactive|Time left: 300 sec this turn | 300 sec total\n|\n|t:|1783555914\n|move|p1a: Archaludon|Outrage|p2a: Hitmontop\n|-damage|p2a: Hitmontop|2/100\n|move|p2a: Hitmontop|Close Combat|p1a: Archaludon\n|-supereffective|p1a: Archaludon\n|-damage|p1a: Archaludon|0 fnt\n|-unboost|p2a: Hitmontop|def|1\n|-unboost|p2a: Hitmontop|spd|1\n|faint|p1a: Archaludon\n|\n|-heal|p2a: Hitmontop|8/100|[from] item: Leftovers\n|upkeep\n|inactive|Time left: 300 sec this turn | 300 sec total | 5 sec grace\n|\n|t:|1783555915\n|switch|p1a: Raikou|Raikou, L81|278/278\n|-ability|p1a: Raikou|Pressure\n|turn|10\n|inactive|Time left: 300 sec this turn | 300 sec total\n|\n|t:|1783555916\n|switch|p2a: Meganium|Meganium, L90, M|100/100\n|move|p1a: Raikou|Thunderbolt|p2a: Meganium\n|-resisted|p2a: Meganium\n|-crit|p2a: Meganium\n|-damage|p2a: Meganium|80/100\n|\n|-heal|p2a: Meganium|86/100|[from] item: Leftovers\n|upkeep\n|turn|11\n|inactive|Time left: 300 sec this turn | 300 sec total\n|\n|t:|1783555917\n|move|p1a: Raikou|Calm Mind|p1a: Raikou\n|-boost|p1a: Raikou|spa|1\n|-boost|p1a: Raikou|spd|1\n|move|p2a: Meganium|Knock Off|p1a: Raikou\n|-damage|p1a: Raikou|202/278\n|-enditem|p1a: Raikou|Leftovers|[from] move: Knock Off|[of] p2a: Meganium\n|\n|-heal|p2a: Meganium|92/100|[from] item: Leftovers\n|upkeep\n|turn|12\n|inactive|Time left: 300 sec this turn | 300 sec total\n|\n|t:|1783555918\n|move|p1a: Raikou|Scald|p2a: Meganium\n|-resisted|p2a: Meganium\n|-damage|p2a: Meganium|78/100\n|-status|p2a: Meganium|brn\n|move|p2a: Meganium|Dragon Tail|p1a: Raikou\n|-damage|p1a: Raikou|178/278\n|drag|p1a: Hydrapple|Hydrapple, L83, M|312/312\n|\n|-heal|p2a: Meganium|84/100 brn|[from] item: Leftovers\n|-damage|p2a: Meganium|78/100 brn|[from] brn\n|upkeep\n|turn|13\n|inactive|Time left: 300 sec this turn | 300 sec total\n|\n|t:|1783555920\n|move|p2a: Meganium|Knock Off|p1a: Hydrapple\n|-damage|p1a: Hydrapple|282/312\n|-enditem|p1a: Hydrapple|Assault Vest|[from] move: Knock Off|[of] p2a: Meganium\n|move|p1a: Hydrapple|Fickle Beam|p2a: Meganium\n|-damage|p2a: Meganium|50/100 brn\n|\n|-heal|p2a: Meganium|56/100 brn|[from] item: Leftovers\n|-damage|p2a: Meganium|50/100 brn|[from] brn\n|upkeep\n|turn|14\n|inactive|Time left: 300 sec this turn | 300 sec total\n|\n|t:|1783555921\n|move|p2a: Meganium|Synthesis|p2a: Meganium\n|-heal|p2a: Meganium|99/100 brn\n|move|p1a: Hydrapple|Fickle Beam|p2a: Meganium\n|-damage|p2a: Meganium|73/100 brn\n|\n|-heal|p2a: Meganium|79/100 brn|[from] item: Leftovers\n|-damage|p2a: Meganium|73/100 brn|[from] brn\n|upkeep\n|turn|15\n|inactive|Time left: 300 sec this turn | 300 sec total\n|\n|t:|1783555922\n|move|p2a: Meganium|Synthesis|p2a: Meganium\n|-heal|p2a: Meganium|100/100 brn\n|move|p1a: Hydrapple|Fickle Beam|p2a: Meganium|[anim] Fickle Beam All Out\n|-activate|p1a: Hydrapple|move: Fickle Beam\n|-damage|p2a: Meganium|40/100 brn\n|\n|-heal|p2a: Meganium|47/100 brn|[from] item: Leftovers\n|-damage|p2a: Meganium|40/100 brn|[from] brn\n|upkeep\n|turn|16\n|inactive|Time left: 300 sec this turn | 300 sec total\n|\n|t:|1783555923\n|move|p2a: Meganium|Synthesis|p2a: Meganium\n|-heal|p2a: Meganium|90/100 brn\n|move|p1a: Hydrapple|Fickle Beam|p2a: Meganium\n|-damage|p2a: Meganium|62/100 brn\n|\n|-heal|p2a: Meganium|68/100 brn|[from] item: Leftovers\n|-damage|p2a: Meganium|62/100 brn|[from] brn\n|upkeep\n|turn|17\n|inactive|Time left: 300 sec this turn | 300 sec total\n|\n|t:|1783555924\n|move|p2a: Meganium|Synthesis|p2a: Meganium\n|-heal|p2a: Meganium|100/100 brn\n|move|p1a: Hydrapple|Fickle Beam|p2a: Meganium\n|-damage|p2a: Meganium|72/100 brn\n|\n|-heal|p2a: Meganium|78/100 brn|[from] item: Leftovers\n|-damage|p2a: Meganium|72/100 brn|[from] brn\n|upkeep\n|turn|18\n|inactive|Time left: 300 sec this turn | 300 sec total\n|\n|t:|1783555925\n|move|p2a: Meganium|Synthesis|p2a: Meganium\n|-heal|p2a: Meganium|100/100 brn\n|move|p1a: Hydrapple|Fickle Beam|p2a: Meganium\n|-damage|p2a: Meganium|73/100 brn\n|\n|-heal|p2a: Meganium|79/100 brn|[from] item: Leftovers\n|-damage|p2a: Meganium|73/100 brn|[from] brn\n|upkeep\n|turn|19\n|inactive|Time left: 300 sec this turn | 300 sec total\n|\n|t:|1783555926\n|move|p2a: Meganium|Synthesis|p2a: Meganium\n|-heal|p2a: Meganium|100/100 brn\n|move|p1a: Hydrapple|Fickle Beam|p2a: Meganium\n|-damage|p2a: Meganium|73/100 brn\n|\n|-heal|p2a: Meganium|79/100 brn|[from] item: Leftovers\n|-damage|p2a: Meganium|73/100 brn|[from] brn\n|upkeep\n|turn|20\n|inactive|Time left: 300 sec this turn | 300 sec total\n|\n|t:|1783555927\n|move|p2a: Meganium|Synthesis|p2a: Meganium\n|-heal|p2a: Meganium|100/100 brn\n|move|p1a: Hydrapple|Dragon Tail|p2a: Meganium|[miss]\n|-miss|p1a: Hydrapple|p2a: Meganium\n|\n|-damage|p2a: Meganium|94/100 brn|[from] brn\n|upkeep\n|turn|21\n|inactive|Time left: 300 sec this turn | 300 sec total\n|\n|t:|1783555928\n|move|p2a: Meganium|Energy Ball|p1a: Hydrapple\n|-resisted|p1a: Hydrapple\n|-damage|p1a: Hydrapple|254/312\n|move|p1a: Hydrapple|Dragon Tail|p2a: Meganium|[miss]\n|-miss|p1a: Hydrapple|p2a: Meganium\n|\n|-heal|p2a: Meganium|100/100 brn|[from] item: Leftovers\n|-damage|p2a: Meganium|94/100 brn|[from] brn\n|upkeep\n|turn|22\n|inactive|Time left: 300 sec this turn | 300 sec total\n|\n|t:|1783555930\n|move|p2a: Meganium|Knock Off|p1a: Hydrapple\n|-damage|p1a: Hydrapple|233/312\n|move|p1a: Hydrapple|Earth Power|p2a: Meganium\n|-resisted|p2a: Meganium\n|-crit|p2a: Meganium\n|-damage|p2a: Meganium|78/100 brn\n|\n|-heal|p2a: Meganium|84/100 brn|[from] item: Leftovers\n|-damage|p2a: Meganium|78/100 brn|[from] brn\n|upkeep\n|turn|23\n|inactive|Time left: 300 sec this turn | 300 sec total\n|\n|t:|1783555931\n|switch|p1a: Raikou|Raikou, L81|178/278\n|-ability|p1a: Raikou|Pressure\n|move|p2a: Meganium|Energy Ball|p1a: Raikou\n|-damage|p1a: Raikou|85/278\n|\n|-heal|p2a: Meganium|84/100 brn|[from] item: Leftovers\n|-damage|p2a: Meganium|78/100 brn|[from] brn\n|upkeep\n|turn|24\n|inactive|Time left: 300 sec this turn | 300 sec total\n|\n|t:|1783555932\n|move|p1a: Raikou|Calm Mind|p1a: Raikou\n|-boost|p1a: Raikou|spa|1\n|-boost|p1a: Raikou|spd|1\n|move|p2a: Meganium|Energy Ball|p1a: Raikou\n|-damage|p1a: Raikou|21/278\n|\n|-heal|p2a: Meganium|84/100 brn|[from] item: Leftovers\n|-damage|p2a: Meganium|78/100 brn|[from] brn\n|upkeep\n|turn|25\n|inactive|Time left: 300 sec this turn | 300 sec total\n|\n|t:|1783555933\n|move|p1a: Raikou|Thunderbolt|p2a: Meganium\n|-resisted|p2a: Meganium\n|-damage|p2a: Meganium|57/100 brn\n|move|p2a: Meganium|Energy Ball|p1a: Raikou\n|-damage|p1a: Raikou|0 fnt\n|faint|p1a: Raikou\n|\n|-heal|p2a: Meganium|63/100 brn|[from] item: Leftovers\n|-damage|p2a: Meganium|57/100 brn|[from] brn\n|upkeep\n|inactive|Time left: 300 sec this turn | 300 sec total | 5 sec grace\n|\n|t:|1783555934\n|switch|p1a: Armarouge|Armarouge, L80, M|59/267\n|turn|26\n|inactive|Time left: 300 sec this turn | 300 sec total\n|\n|t:|1783555935\n|-terastallize|p1a: Armarouge|Grass\n|move|p2a: Meganium|Knock Off|p1a: Armarouge\n|-damage|p1a: Armarouge|27/267\n|-ability|p1a: Armarouge|Weak Armor|boost\n|-unboost|p1a: Armarouge|def|1\n|-boost|p1a: Armarouge|spe|2\n|-enditem|p1a: Armarouge|Power Herb|[from] move: Knock Off|[of] p2a: Meganium\n|move|p1a: Armarouge|Armor Cannon|p2a: Meganium\n|-supereffective|p2a: Meganium\n|-damage|p2a: Meganium|0 fnt\n|-unboost|p1a: Armarouge|def|1\n|-unboost|p1a: Armarouge|spd|1\n|faint|p2a: Meganium\n|\n|upkeep\n|\n|t:|1783555936\n|switch|p2a: Hydreigon|Hydreigon, L79, F|100/100\n|turn|27\n|inactive|Time left: 300 sec this turn | 300 sec total\n|\n|t:|1783555937\n|move|p1a: Armarouge|Armor Cannon|p2a: Hydreigon\n|-resisted|p2a: Hydreigon\n|-damage|p2a: Hydreigon|72/100\n|-unboost|p1a: Armarouge|def|1\n|-unboost|p1a: Armarouge|spd|1\n|move|p2a: Hydreigon|Dark Pulse|p1a: Armarouge\n|-damage|p1a: Armarouge|0 fnt\n|faint|p1a: Armarouge\n|-damage|p2a: Hydreigon|62/100|[from] item: Life Orb\n|\n|upkeep\n|inactive|Time left: 300 sec this turn | 300 sec total | 5 sec grace\n|\n|t:|1783555939\n|switch|p1a: Hydrapple|Hydrapple, L83, M|312/312\n|turn|28\n|inactive|Time left: 300 sec this turn | 300 sec total\n|\n|t:|1783555940\n|move|p2a: Hydreigon|Draco Meteor|p1a: Hydrapple\n|-supereffective|p1a: Hydrapple\n|-damage|p1a: Hydrapple|0 fnt\n|-unboost|p2a: Hydreigon|spa|2\n|faint|p1a: Hydrapple\n|-damage|p2a: Hydreigon|52/100|[from] item: Life Orb\n|\n|upkeep\n|inactive|Time left: 300 sec this turn | 300 sec total | 5 sec grace\n|\n|t:|1783555941\n|switch|p1a: Persian|Persian-Alola, L86, M|252/252\n|turn|29\n|inactive|Time left: 300 sec this turn | 300 sec total\n|\n|t:|1783555942\n|move|p1a: Persian|Nasty Plot|p1a: Persian\n|-boost|p1a: Persian|spa|2\n|move|p2a: Hydreigon|Nasty Plot|p2a: Hydreigon\n|-boost|p2a: Hydreigon|spa|2\n|\n|upkeep\n|turn|30\n|inactive|Time left: 300 sec this turn | 300 sec total\n|\n|t:|1783555943\n|move|p1a: Persian|Dark Pulse|p2a: Hydreigon\n|-resisted|p2a: Hydreigon\n|-damage|p2a: Hydreigon|14/100\n|-damage|p1a: Persian|227/252|[from] item: Life Orb\n|move|p2a: Hydreigon|Draco Meteor|p1a: Persian\n|-damage|p1a: Persian|0 fnt\n|-unboost|p2a: Hydreigon|spa|2\n|faint|p1a: Persian\n|-damage|p2a: Hydreigon|4/100|[from] item: Life Orb\n|\n|win|p0y14464347", "uploadtime": 1783555943, "views": 0, "rating": 0, "private": 0, "password": null, "_winner": "p0y14464347", "_our_name": "p0x14460586"}