{"id": "battle-gen9randombattle-507", "formatid": "gen9randombattle", "format": "[Gen 9] Random Battle", "players": ["p0x5076b12", "p0y50742c5"], "log": "|init|battle\n|title|p0x5076b12 vs. p0y50742c5\n|j|\u2606p0x5076b12\n|j|\u2606p0y50742c5\n|t:|1783544927\n|gametype|singles\n|player|p1|p0x5076b12|1|\n|player|p2|p0y50742c5|102|\n|gen|9\n|tier|[Gen 9] Random Battle\n|rule|Species Clause: Limit one of each Pok\u00e9mon\n|rule|HP Percentage Mod: HP is shown in percentages\n|rule|Sleep Clause Mod: Limit one foe put to sleep\n|rule|Illusion Level Mod: Illusion disguises the Pok\u00e9mon's true level\n|\n|t:|1783544927\n|teamsize|p1|6\n|teamsize|p2|6\n|start\n|switch|p1a: Palafin|Palafin, L77, M|281/281\n|switch|p2a: Archaludon|Archaludon, L78, M|100/100\n|turn|1\n|inactive|Battle timer is ON: inactive players will automatically lose when time's up. (requested by p0y50742c5)\n|inactive|Time left: 300 sec this turn | 300 sec total | 60 sec grace\n|inactive|p0x5076b12 also wants the timer to be on.\n|\n|t:|1783544928\n|move|p1a: Palafin|Bulk Up|p1a: Palafin\n|-boost|p1a: Palafin|atk|1\n|-boost|p1a: Palafin|def|1\n|move|p2a: Archaludon|Outrage|p1a: Palafin\n|-damage|p1a: Palafin|175/281\n|\n|-heal|p1a: Palafin|192/281|[from] item: Leftovers\n|upkeep\n|turn|2\n|inactive|Time left: 300 sec this turn | 300 sec total\n|\n|t:|1783544929\n|detailschange|p1a: Palafin|Palafin-Hero, L77, M\n|switch|p1a: Alcremie|Alcremie-Ruby-Cream, L90, F|263/263\n|move|p2a: Archaludon|Outrage|p1a: Alcremie|[from] lockedmove\n|-immune|p1a: Alcremie\n|\n|upkeep\n|turn|3\n|inactive|Time left: 300 sec this turn | 300 sec total\n|\n|t:|1783544930\n|move|p2a: Archaludon|Iron Head|p1a: Alcremie\n|-supereffective|p1a: Alcremie\n|-damage|p1a: Alcremie|111/263\n|move|p1a: Alcremie|Alluring Voice|p2a: Archaludon\n|-damage|p2a: Archaludon|48/100\n|-ability|p2a: Archaludon|Stamina|boost\n|-boost|p2a: Archaludon|def|1\n|\n|-heal|p1a: Alcremie|127/263|[from] item: Leftovers\n|upkeep\n|turn|4\n|inactive|Time left: 300 sec this turn | 300 sec total\n|\n|t:|1783544931\n|switch|p1a: Calyrex|Calyrex-Shadow, L64|235/235\n|-ability|p1a: Calyrex|As One\n|-ability|p1a: Calyrex|Unnerve\n|move|p2a: Archaludon|Iron Head|p1a: Calyrex\n|-crit|p1a: Calyrex\n|-damage|p1a: Calyrex|72/235\n|\n|upkeep\n|turn|5\n|inactive|Time left: 300 sec this turn | 300 sec total\n|\n|t:|1783544932\n|move|p1a: Calyrex|Astral Barrage|p2a: Archaludon\n|-damage|p2a: Archaludon|0 fnt\n|faint|p2a: Archaludon\n|-ability|p1a: Calyrex|Grim Neigh|boost\n|-boost|p1a: Calyrex|spa|1\n|\n|upkeep\n|\n|t:|1783544933\n|switch|p2a: Smeargle|Smeargle, L95, M|100/100\n|turn|6\n|inactive|Time left: 300 sec this turn | 300 sec total\n|\n|t:|1783544934\n|move|p1a: Calyrex|Astral Barrage|p2a: Smeargle\n|-immune|p2a: Smeargle\n|move|p2a: Smeargle|Sticky Web|p1a: Calyrex\n|-sidestart|p1: p0x5076b12|move: Sticky Web\n|\n|upkeep\n|turn|7\n|inactive|Time left: 300 sec this turn | 300 sec total\n|\n|t:|1783544935\n|move|p1a: Calyrex|Astral Barrage|p2a: Smeargle\n|-immune|p2a: Smeargle\n|move|p2a: Smeargle|Ceaseless Edge|p1a: Calyrex\n|-supereffective|p1a: Calyrex\n|-damage|p1a: Calyrex|0 fnt\n|-sidestart|p1: p0x5076b12|Spikes\n|faint|p1a: Calyrex\n|\n|upkeep\n|inactive|Time left: 300 sec this turn | 300 sec total | 5 sec grace\n|\n|t:|1783544936\n|switch|p1a: Lilligant|Lilligant, L86, F|261/261\n|-activate|p1a: Lilligant|move: Sticky Web\n|-unboost|p1a: Lilligant|spe|1\n|-damage|p1a: Lilligant|229/261|[from] Spikes\n|turn|8\n|inactive|Time left: 300 sec this turn | 300 sec total\n|\n|t:|1783544937\n|move|p2a: Smeargle|Ceaseless Edge|p1a: Lilligant\n|-damage|p1a: Lilligant|202/261\n|-sidestart|p1: p0x5076b12|Spikes\n|move|p1a: Lilligant|Petal Dance|p2a: Smeargle\n|-enditem|p2a: Smeargle|Focus Sash\n|-damage|p2a: Smeargle|1/100\n|-damage|p1a: Lilligant|176/261|[from] item: Life Orb\n|\n|upkeep\n|turn|9\n|inactive|Time left: 300 sec this turn | 300 sec total\n|\n|t:|1783544939\n|move|p2a: Smeargle|Ceaseless Edge|p1a: Lilligant|[miss]\n|-miss|p2a: Smeargle|p1a: Lilligant\n|move|p1a: Lilligant|Petal Dance|p2a: Smeargle|[from] lockedmove\n|-damage|p2a: Smeargle|0 fnt\n|faint|p2a: Smeargle\n|-damage|p1a: Lilligant|150/261|[from] item: Life Orb\n|\n|upkeep\n|\n|t:|1783544940\n|switch|p2a: Salamence|Salamence, L77, F|100/100\n|-ability|p2a: Salamence|Intimidate|boost\n|-fail|p1a: Lilligant|unboost|Attack|[from] ability: Own Tempo|[of] p1a: Lilligant\n|turn|10\n|inactive|Time left: 300 sec this turn | 300 sec total\n|\n|t:|1783544941\n|move|p2a: Salamence|Dragon Dance|p2a: Salamence\n|-boost|p2a: Salamence|atk|1\n|-boost|p2a: Salamence|spe|1\n|move|p1a: Lilligant|Petal Dance|p2a: Salamence|[from] lockedmove\n|-resisted|p2a: Salamence\n|-damage|p2a: Salamence|82/100\n|-damage|p1a: Lilligant|124/261|[from] item: Life Orb\n|\n|upkeep\n|turn|11\n|inactive|Time left: 300 sec this turn | 300 sec total\n|\n|t:|1783544942\n|move|p2a: Salamence|Dual Wingbeat|p1a: Lilligant\n|-supereffective|p1a: Lilligant\n|-damage|p1a: Lilligant|0 fnt\n|faint|p1a: Lilligant\n|-hitcount|p1: Lilligant|1\n|\n|upkeep\n|inactive|Time left: 300 sec this turn | 300 sec total | 5 sec grace\n|\n|t:|1783544943\n|switch|p1a: Jolteon|Jolteon, L84, M|246/246\n|turn|12\n|inactive|Time left: 300 sec this turn | 300 sec total\n|\n|t:|1783544944\n|-terastallize|p1a: Jolteon|Fairy\n|move|p2a: Salamence|Earthquake|p1a: Jolteon\n|-damage|p1a: Jolteon|104/246\n|move|p1a: Jolteon|Alluring Voice|p2a: Salamence\n|-supereffective|p2a: Salamence\n|-damage|p2a: Salamence|0 fnt\n|faint|p2a: Salamence\n|\n|upkeep\n|\n|t:|1783544945\n|switch|p2a: Lokix|Lokix, L82, M|100/100\n|turn|13\n|inactive|Time left: 300 sec this turn | 300 sec total\n|\n|t:|1783544946\n|switch|p1a: Alcremie|Alcremie-Ruby-Cream, L90, F|127/263\n|-activate|p1a: Alcremie|move: Sticky Web\n|-unboost|p1a: Alcremie|spe|1\n|-damage|p1a: Alcremie|84/263|[from] Spikes\n|move|p2a: Lokix|Sucker Punch||[still]\n|-fail|p2a: Lokix\n|\n|-heal|p1a: Alcremie|100/263|[from] item: Leftovers\n|upkeep\n|turn|14\n|inactive|Time left: 300 sec this turn | 300 sec total\n|\n|t:|1783544947\n|move|p2a: Lokix|Leech Life|p1a: Alcremie\n|-resisted|p1a: Alcremie\n|-damage|p1a: Alcremie|0 fnt\n|faint|p1a: Alcremie\n|-damage|p2a: Lokix|91/100|[from] item: Life Orb\n|\n|upkeep\n|inactive|Time left: 300 sec this turn | 300 sec total | 5 sec grace\n|\n|t:|1783544948\n|switch|p1a: Jolteon|Jolteon, L84, M, tera:Fairy|104/246\n|turn|15\n|inactive|Time left: 300 sec this turn | 300 sec total\n|\n|t:|1783544949\n|move|p2a: Lokix|Sucker Punch|p1a: Jolteon\n|-resisted|p1a: Jolteon\n|-damage|p1a: Jolteon|0 fnt\n|faint|p1a: Jolteon\n|-damage|p2a: Lokix|81/100|[from] item: Life Orb\n|\n|upkeep\n|inactive|Time left: 300 sec this turn | 300 sec total | 5 sec grace\n|\n|t:|1783544950\n|switch|p1a: Dragapult|Dragapult, L77, F|262/262\n|-activate|p1a: Dragapult|move: Sticky Web\n|-fail|p1a: Dragapult|unboost|[from] ability: Clear Body|[of] p1a: Dragapult\n|-damage|p1a: Dragapult|219/262|[from] Spikes\n|turn|16\n|inactive|Time left: 300 sec this turn | 300 sec total\n|\n|t:|1783544951\n|-terastallize|p2a: Lokix|Dark\n|move|p1a: Dragapult|Dragon Dance|p1a: Dragapult\n|-boost|p1a: Dragapult|atk|1\n|-boost|p1a: Dragapult|spe|1\n|move|p2a: Lokix|Knock Off|p1a: Dragapult\n|-supereffective|p1a: Dragapult\n|-damage|p1a: Dragapult|0 fnt\n|-enditem|p1a: Dragapult|Life Orb|[from] move: Knock Off|[of] p2a: Lokix\n|faint|p1a: Dragapult\n|-damage|p2a: Lokix|71/100|[from] item: Life Orb\n|\n|upkeep\n|inactive|Time left: 300 sec this turn | 300 sec total | 5 sec grace\n|\n|t:|1783544952\n|switch|p1a: Palafin|Palafin-Hero, L77, M|192/281\n|-activate|p1a: Palafin|move: Sticky Web\n|-unboost|p1a: Palafin|spe|1\n|-damage|p1a: Palafin|146/281|[from] Spikes\n|-activate|p1a: Palafin|ability: Zero to Hero\n|turn|17\n|inactive|Time left: 300 sec this turn | 300 sec total\n|\n|t:|1783544953\n|move|p2a: Lokix|Knock Off|p1a: Palafin\n|-damage|p1a: Palafin|0 fnt\n|-enditem|p1a: Palafin|Leftovers|[from] move: Knock Off|[of] p2a: Lokix\n|faint|p1a: Palafin\n|-damage|p2a: Lokix|61/100|[from] item: Life Orb\n|\n|win|p0y50742c5", "uploadtime": 1783544953, "views": 0, "rating": 0, "private": 0, "password": null, "_winner": "p0y50742c5", "_our_name": "p0x5076b12"}