{"id": "battle-gen9randombattle-347", "formatid": "gen9randombattle", "format": "[Gen 9] Random Battle", "players": ["p0x347b3a1", "p0y347dc68"], "log": "|init|battle\n|title|p0x347b3a1 vs. p0y347dc68\n|j|\u2606p0x347b3a1\n|j|\u2606p0y347dc68\n|t:|1783543155\n|gametype|singles\n|player|p1|p0x347b3a1|2|\n|player|p2|p0y347dc68|102|\n|gen|9\n|tier|[Gen 9] Random Battle\n|rule|Species Clause: Limit one of each Pok\u00e9mon\n|rule|HP Percentage Mod: HP is shown in percentages\n|rule|Sleep Clause Mod: Limit one foe put to sleep\n|rule|Illusion Level Mod: Illusion disguises the Pok\u00e9mon's true level\n|\n|t:|1783543155\n|teamsize|p1|6\n|teamsize|p2|6\n|start\n|switch|p1a: Toedscruel|Toedscruel, L87, F|281/281\n|switch|p2a: Vivillon|Vivillon-Ocean, L83, F|100/100\n|turn|1\n|inactive|Battle timer is ON: inactive players will automatically lose when time's up. (requested by p0x347b3a1)\n|\n|t:|1783543157\n|move|p1a: Toedscruel|Knock Off|p2a: Vivillon\n|-damage|p2a: Vivillon|68/100\n|-enditem|p2a: Vivillon|Heavy-Duty Boots|[from] move: Knock Off|[of] p1a: Toedscruel\n|move|p2a: Vivillon|Quiver Dance|p2a: Vivillon\n|-boost|p2a: Vivillon|spa|1\n|-boost|p2a: Vivillon|spd|1\n|-boost|p2a: Vivillon|spe|1\n|\n|upkeep\n|turn|2\n|inactive|Time left: 300 sec this turn | 300 sec total\n|inactive|p0y347dc68 also wants the timer to be on.\n|\n|t:|1783543158\n|switch|p1a: Excadrill|Excadrill, L79, M|303/303\n|-ability|p1a: Excadrill|Mold Breaker\n|move|p2a: Vivillon|Quiver Dance|p2a: Vivillon\n|-boost|p2a: Vivillon|spa|1\n|-boost|p2a: Vivillon|spd|1\n|-boost|p2a: Vivillon|spe|1\n|\n|upkeep\n|turn|3\n|inactive|Time left: 300 sec this turn | 300 sec total\n|\n|t:|1783543159\n|move|p2a: Vivillon|Sleep Powder|p1a: Excadrill\n|-status|p1a: Excadrill|slp|[from] move: Sleep Powder\n|cant|p1a: Excadrill|slp\n|\n|upkeep\n|turn|4\n|inactive|Time left: 300 sec this turn | 300 sec total\n|\n|t:|1783543160\n|move|p2a: Vivillon|Hurricane|p1a: Excadrill\n|-resisted|p1a: Excadrill\n|-damage|p1a: Excadrill|207/303 slp\n|cant|p1a: Excadrill|slp\n|\n|upkeep\n|turn|5\n|inactive|Time left: 300 sec this turn | 300 sec total\n|\n|t:|1783543161\n|move|p2a: Vivillon|Hurricane|p1a: Excadrill\n|-resisted|p1a: Excadrill\n|-damage|p1a: Excadrill|119/303 slp\n|-start|p1a: Excadrill|confusion\n|cant|p1a: Excadrill|slp\n|\n|upkeep\n|turn|6\n|inactive|Time left: 300 sec this turn | 300 sec total\n|\n|t:|1783543162\n|move|p2a: Vivillon|Bug Buzz|p1a: Excadrill\n|-resisted|p1a: Excadrill\n|-damage|p1a: Excadrill|41/303 slp\n|-curestatus|p1a: Excadrill|slp|[msg]\n|-activate|p1a: Excadrill|confusion\n|move|p1a: Excadrill|Rock Slide|p2a: Vivillon\n|-supereffective|p2a: Vivillon\n|-damage|p2a: Vivillon|0 fnt\n|faint|p2a: Vivillon\n|\n|upkeep\n|\n|t:|1783543163\n|switch|p2a: Staraptor|Staraptor, L79, F|100/100\n|turn|7\n|inactive|Time left: 300 sec this turn | 300 sec total\n|\n|t:|1783543164\n|switch|p1a: Cresselia|Cresselia, L80, F|323/323\n|move|p2a: Staraptor|Brave Bird|p1a: Cresselia\n|-damage|p1a: Cresselia|175/323\n|-damage|p2a: Staraptor|82/100|[from] Recoil\n|\n|-heal|p1a: Cresselia|195/323|[from] item: Leftovers\n|upkeep\n|turn|8\n|inactive|Time left: 300 sec this turn | 300 sec total\n|\n|t:|1783543165\n|-terastallize|p1a: Cresselia|Electric\n|move|p2a: Staraptor|Brave Bird|p1a: Cresselia\n|-resisted|p1a: Cresselia\n|-damage|p1a: Cresselia|130/323\n|-damage|p2a: Staraptor|74/100|[from] Recoil\n|move|p1a: Cresselia|Thunderbolt|p2a: Staraptor\n|-supereffective|p2a: Staraptor\n|-damage|p2a: Staraptor|0 fnt\n|faint|p2a: Staraptor\n|\n|-heal|p1a: Cresselia|150/323|[from] item: Leftovers\n|upkeep\n|\n|t:|1783543166\n|switch|p2a: Munkidori|Munkidori, L79, M|100/100\n|turn|9\n|inactive|Time left: 300 sec this turn | 300 sec total\n|\n|t:|1783543166\n|move|p2a: Munkidori|Nasty Plot|p2a: Munkidori\n|-boost|p2a: Munkidori|spa|2\n|move|p1a: Cresselia|Moonlight|p1a: Cresselia\n|-heal|p1a: Cresselia|311/323\n|\n|-heal|p1a: Cresselia|323/323|[from] item: Leftovers\n|upkeep\n|turn|10\n|inactive|Time left: 300 sec this turn | 300 sec total\n|\n|t:|1783543167\n|switch|p1a: Excadrill|Excadrill, L79, M|41/303\n|-ability|p1a: Excadrill|Mold Breaker\n|move|p2a: Munkidori|Psyshock|p1a: Excadrill\n|-resisted|p1a: Excadrill\n|-damage|p1a: Excadrill|0 fnt\n|faint|p1a: Excadrill\n|-damage|p2a: Munkidori|91/100|[from] item: Life Orb\n|\n|upkeep\n|inactive|Time left: 300 sec this turn | 300 sec total | 5 sec grace\n|\n|t:|1783543168\n|switch|p1a: Toedscruel|Toedscruel, L87, F|281/281\n|turn|11\n|inactive|Time left: 300 sec this turn | 300 sec total\n|\n|t:|1783543169\n|move|p1a: Toedscruel|Earth Power|p2a: Munkidori\n|-supereffective|p2a: Munkidori\n|-damage|p2a: Munkidori|17/100\n|move|p2a: Munkidori|Psyshock|p1a: Toedscruel\n|-damage|p1a: Toedscruel|0 fnt\n|faint|p1a: Toedscruel\n|-damage|p2a: Munkidori|8/100|[from] item: Life Orb\n|\n|upkeep\n|inactive|Time left: 300 sec this turn | 300 sec total | 5 sec grace\n|\n|t:|1783543170\n|switch|p1a: Passimian|Passimian, L83, M|302/302\n|turn|12\n|inactive|Time left: 300 sec this turn | 300 sec total\n|\n|t:|1783543171\n|move|p1a: Passimian|Knock Off|p2a: Munkidori\n|-supereffective|p2a: Munkidori\n|-damage|p2a: Munkidori|0 fnt\n|-enditem|p2a: Munkidori|Life Orb|[from] move: Knock Off|[of] p1a: Passimian\n|faint|p2a: Munkidori\n|\n|upkeep\n|\n|t:|1783543172\n|switch|p2a: Kingambit|Kingambit, L74, F|100/100\n|-activate|p2a: Kingambit|ability: Supreme Overlord\n|-start|p2a: Kingambit|fallen3|[silent]\n|turn|13\n|inactive|Time left: 300 sec this turn | 300 sec total\n|\n|t:|1783543173\n|switch|p1a: Cresselia|Cresselia, L80, F, tera:Electric|323/323\n|move|p2a: Kingambit|Swords Dance|p2a: Kingambit\n|-boost|p2a: Kingambit|atk|2\n|\n|upkeep\n|turn|14\n|inactive|Time left: 300 sec this turn | 300 sec total\n|\n|t:|1783543174\n|move|p1a: Cresselia|Calm Mind|p1a: Cresselia\n|-boost|p1a: Cresselia|spa|1\n|-boost|p1a: Cresselia|spd|1\n|move|p2a: Kingambit|Kowtow Cleave|p1a: Cresselia\n|-damage|p1a: Cresselia|121/323\n|\n|-heal|p1a: Cresselia|141/323|[from] item: Leftovers\n|upkeep\n|turn|15\n|inactive|Time left: 300 sec this turn | 300 sec total\n|\n|t:|1783543175\n|move|p1a: Cresselia|Moonlight|p1a: Cresselia\n|-heal|p1a: Cresselia|302/323\n|move|p2a: Kingambit|Kowtow Cleave|p1a: Cresselia\n|-damage|p1a: Cresselia|89/323\n|\n|-heal|p1a: Cresselia|109/323|[from] item: Leftovers\n|upkeep\n|turn|16\n|inactive|Time left: 300 sec this turn | 300 sec total\n|\n|t:|1783543176\n|move|p1a: Cresselia|Moonlight|p1a: Cresselia\n|-heal|p1a: Cresselia|270/323\n|move|p2a: Kingambit|Kowtow Cleave|p1a: Cresselia\n|-damage|p1a: Cresselia|62/323\n|\n|-heal|p1a: Cresselia|82/323|[from] item: Leftovers\n|upkeep\n|turn|17\n|inactive|Time left: 300 sec this turn | 300 sec total\n|\n|t:|1783543177\n|move|p1a: Cresselia|Moonlight|p1a: Cresselia\n|-heal|p1a: Cresselia|243/323\n|move|p2a: Kingambit|Kowtow Cleave|p1a: Cresselia\n|-damage|p1a: Cresselia|41/323\n|\n|-heal|p1a: Cresselia|61/323|[from] item: Leftovers\n|upkeep\n|turn|18\n|inactive|Time left: 300 sec this turn | 300 sec total\n|\n|t:|1783543178\n|move|p1a: Cresselia|Moonlight|p1a: Cresselia\n|-heal|p1a: Cresselia|222/323\n|move|p2a: Kingambit|Kowtow Cleave|p1a: Cresselia\n|-damage|p1a: Cresselia|20/323\n|\n|-heal|p1a: Cresselia|40/323|[from] item: Leftovers\n|upkeep\n|turn|19\n|inactive|Time left: 300 sec this turn | 300 sec total\n|\n|t:|1783543179\n|move|p1a: Cresselia|Thunderbolt|p2a: Kingambit\n|-damage|p2a: Kingambit|52/100\n|move|p2a: Kingambit|Kowtow Cleave|p1a: Cresselia\n|-damage|p1a: Cresselia|0 fnt\n|faint|p1a: Cresselia\n|\n|-heal|p2a: Kingambit|58/100|[from] item: Leftovers\n|upkeep\n|inactive|Time left: 300 sec this turn | 300 sec total | 5 sec grace\n|\n|t:|1783543180\n|switch|p1a: Passimian|Passimian, L83, M|302/302\n|turn|20\n|inactive|Time left: 300 sec this turn | 300 sec total\n|\n|t:|1783543181\n|-terastallize|p2a: Kingambit|Flying\n|move|p1a: Passimian|Close Combat|p2a: Kingambit\n|-resisted|p2a: Kingambit\n|-damage|p2a: Kingambit|35/100\n|-unboost|p1a: Passimian|def|1\n|-unboost|p1a: Passimian|spd|1\n|move|p2a: Kingambit|Iron Head|p1a: Passimian\n|-damage|p1a: Passimian|0 fnt\n|faint|p1a: Passimian\n|\n|-heal|p2a: Kingambit|41/100|[from] item: Leftovers\n|upkeep\n|inactive|Time left: 300 sec this turn | 300 sec total | 5 sec grace\n|\n|t:|1783543182\n|switch|p1a: Mandibuzz|Mandibuzz, L85, F|326/326\n|turn|21\n|inactive|Time left: 300 sec this turn | 300 sec total\n|\n|t:|1783543183\n|-end|p2a: Kingambit|fallen3|[silent]\n|switch|p2a: Diancie|Diancie, L82|100/100\n|move|p1a: Mandibuzz|Knock Off|p2a: Diancie\n|-resisted|p2a: Diancie\n|-damage|p2a: Diancie|89/100\n|-enditem|p2a: Diancie|Leftovers|[from] move: Knock Off|[of] p1a: Mandibuzz\n|\n|upkeep\n|turn|22\n|inactive|Time left: 300 sec this turn | 300 sec total\n|\n|t:|1783543185\n|switch|p1a: Decidueye|Decidueye, L88, F|281/281\n|move|p2a: Diancie|Diamond Storm|p1a: Decidueye\n|-damage|p1a: Decidueye|161/281\n|-boost|p2a: Diancie|def|2\n|\n|upkeep\n|turn|23\n|inactive|Time left: 300 sec this turn | 300 sec total\n|\n|t:|1783543186\n|move|p1a: Decidueye|Leaf Blade|p2a: Diancie\n|-supereffective|p2a: Diancie\n|-damage|p2a: Diancie|43/100\n|-damage|p1a: Decidueye|133/281|[from] item: Life Orb\n|move|p2a: Diancie|Draining Kiss|p1a: Decidueye\n|-damage|p1a: Decidueye|90/281\n|-heal|p2a: Diancie|57/100|[from] drain|[of] p1a: Decidueye\n|\n|upkeep\n|turn|24\n|inactive|Time left: 300 sec this turn | 300 sec total\n|\n|t:|1783543187\n|switch|p2a: Vileplume|Vileplume, L85, M|100/100\n|move|p1a: Decidueye|Leaf Blade|p2a: Vileplume\n|-resisted|p2a: Vileplume\n|-damage|p2a: Vileplume|78/100\n|-damage|p1a: Decidueye|62/281|[from] item: Life Orb\n|\n|-heal|p2a: Vileplume|84/100|[from] item: Leftovers\n|upkeep\n|turn|25\n|inactive|Time left: 300 sec this turn | 300 sec total\n|\n|t:|1783543188\n|move|p1a: Decidueye|Poltergeist|p2a: Vileplume\n|-activate|p2a: Vileplume|move: Poltergeist|Leftovers\n|-damage|p2a: Vileplume|14/100\n|-damage|p1a: Decidueye|34/281|[from] item: Life Orb\n|move|p2a: Vileplume|Strength Sap|p1a: Decidueye\n|-unboost|p1a: Decidueye|atk|1\n|-heal|p2a: Vileplume|100/100\n|\n|upkeep\n|turn|26\n|inactive|Time left: 300 sec this turn | 300 sec total\n|\n|t:|1783543189\n|move|p1a: Decidueye|Poltergeist|p2a: Vileplume\n|-activate|p2a: Vileplume|move: Poltergeist|Leftovers\n|-damage|p2a: Vileplume|57/100\n|-damage|p1a: Decidueye|6/281|[from] item: Life Orb\n|move|p2a: Vileplume|Strength Sap|p1a: Decidueye\n|-unboost|p1a: Decidueye|atk|1\n|-heal|p2a: Vileplume|100/100\n|\n|upkeep\n|turn|27\n|inactive|Time left: 300 sec this turn | 300 sec total\n|\n|t:|1783543190\n|move|p1a: Decidueye|Poltergeist|p2a: Vileplume\n|-activate|p2a: Vileplume|move: Poltergeist|Leftovers\n|-damage|p2a: Vileplume|64/100\n|-damage|p1a: Decidueye|0 fnt|[from] item: Life Orb\n|faint|p1a: Decidueye\n|move|p2a: Vileplume|Strength Sap|p1: Decidueye|[notarget]\n|-fail|p2a: Vileplume\n|\n|-heal|p2a: Vileplume|70/100|[from] item: Leftovers\n|upkeep\n|inactive|Time left: 300 sec this turn | 300 sec total | 5 sec grace\n|\n|t:|1783543191\n|switch|p1a: Mandibuzz|Mandibuzz, L85, F|326/326\n|turn|28\n|inactive|Time left: 300 sec this turn | 300 sec total\n|\n|t:|1783543192\n|switch|p2a: Diancie|Diancie, L82|57/100\n|move|p1a: Mandibuzz|Brave Bird|p2a: Diancie\n|-resisted|p2a: Diancie\n|-damage|p2a: Diancie|41/100\n|-damage|p1a: Mandibuzz|314/326|[from] Recoil\n|\n|upkeep\n|turn|29\n|inactive|Time left: 300 sec this turn | 300 sec total\n|\n|t:|1783543193\n|move|p1a: Mandibuzz|Toxic|p2a: Diancie\n|-status|p2a: Diancie|tox\n|move|p2a: Diancie|Draining Kiss|p1a: Mandibuzz\n|-supereffective|p1a: Mandibuzz\n|-damage|p1a: Mandibuzz|212/326\n|-heal|p2a: Diancie|77/100 tox|[from] drain|[of] p1a: Mandibuzz\n|\n|-damage|p2a: Diancie|71/100 tox|[from] psn\n|upkeep\n|turn|30\n|inactive|Time left: 300 sec this turn | 300 sec total\n|\n|t:|1783543194\n|move|p1a: Mandibuzz|Roost|p1a: Mandibuzz\n|-heal|p1a: Mandibuzz|326/326\n|-singleturn|p1a: Mandibuzz|move: Roost\n|move|p2a: Diancie|Calm Mind|p2a: Diancie\n|-boost|p2a: Diancie|spa|1\n|-boost|p2a: Diancie|spd|1\n|\n|-damage|p2a: Diancie|59/100 tox|[from] psn\n|upkeep\n|turn|31\n|inactive|Time left: 300 sec this turn | 300 sec total\n|\n|t:|1783543195\n|move|p1a: Mandibuzz|Brave Bird|p2a: Diancie\n|-resisted|p2a: Diancie\n|-damage|p2a: Diancie|44/100 tox\n|-damage|p1a: Mandibuzz|315/326|[from] Recoil\n|move|p2a: Diancie|Draining Kiss|p1a: Mandibuzz\n|-supereffective|p1a: Mandibuzz\n|-damage|p1a: Mandibuzz|175/326\n|-heal|p2a: Diancie|93/100 tox|[from] drain|[of] p1a: Mandibuzz\n|\n|-damage|p2a: Diancie|75/100 tox|[from] psn\n|upkeep\n|turn|32\n|inactive|Time left: 300 sec this turn | 300 sec total\n|\n|t:|1783543197\n|move|p1a: Mandibuzz|Roost|p1a: Mandibuzz\n|-heal|p1a: Mandibuzz|326/326\n|-singleturn|p1a: Mandibuzz|move: Roost\n|move|p2a: Diancie|Calm Mind|p2a: Diancie\n|-boost|p2a: Diancie|spa|1\n|-boost|p2a: Diancie|spd|1\n|\n|-damage|p2a: Diancie|50/100 tox|[from] psn\n|upkeep\n|turn|33\n|inactive|Time left: 300 sec this turn | 300 sec total\n|\n|t:|1783543198\n|move|p1a: Mandibuzz|Knock Off|p2a: Diancie\n|-resisted|p2a: Diancie\n|-damage|p2a: Diancie|43/100 tox\n|move|p2a: Diancie|Draining Kiss|p1a: Mandibuzz\n|-supereffective|p1a: Mandibuzz\n|-damage|p1a: Mandibuzz|146/326\n|-heal|p2a: Diancie|100/100 tox|[from] drain|[of] p1a: Mandibuzz\n|\n|-damage|p2a: Diancie|70/100 tox|[from] psn\n|upkeep\n|turn|34\n|inactive|Time left: 300 sec this turn | 300 sec total\n|\n|t:|1783543199\n|move|p1a: Mandibuzz|Roost|p1a: Mandibuzz\n|-heal|p1a: Mandibuzz|309/326\n|-singleturn|p1a: Mandibuzz|move: Roost\n|move|p2a: Diancie|Draining Kiss|p1a: Mandibuzz\n|-supereffective|p1a: Mandibuzz\n|-damage|p1a: Mandibuzz|121/326\n|-heal|p2a: Diancie|100/100 tox|[from] drain|[of] p1a: Mandibuzz\n|\n|-damage|p2a: Diancie|64/100 tox|[from] psn\n|upkeep\n|turn|35\n|inactive|Time left: 300 sec this turn | 300 sec total\n|\n|t:|1783543199\n|move|p1a: Mandibuzz|Roost|p1a: Mandibuzz\n|-heal|p1a: Mandibuzz|284/326\n|-singleturn|p1a: Mandibuzz|move: Roost\n|move|p2a: Diancie|Draining Kiss|p1a: Mandibuzz\n|-supereffective|p1a: Mandibuzz\n|-damage|p1a: Mandibuzz|92/326\n|-heal|p2a: Diancie|100/100 tox|[from] drain|[of] p1a: Mandibuzz\n|\n|-damage|p2a: Diancie|58/100 tox|[from] psn\n|upkeep\n|turn|36\n|inactive|Time left: 300 sec this turn | 300 sec total\n|\n|t:|1783543200\n|move|p1a: Mandibuzz|Roost|p1a: Mandibuzz\n|-heal|p1a: Mandibuzz|255/326\n|-singleturn|p1a: Mandibuzz|move: Roost\n|move|p2a: Diancie|Draining Kiss|p1a: Mandibuzz\n|-supereffective|p1a: Mandibuzz\n|-damage|p1a: Mandibuzz|55/326\n|-heal|p2a: Diancie|100/100 tox|[from] drain|[of] p1a: Mandibuzz\n|\n|-damage|p2a: Diancie|52/100 tox|[from] psn\n|upkeep\n|turn|37\n|inactive|Time left: 300 sec this turn | 300 sec total\n|\n|t:|1783543201\n|move|p1a: Mandibuzz|Roost|p1a: Mandibuzz\n|-heal|p1a: Mandibuzz|218/326\n|-singleturn|p1a: Mandibuzz|move: Roost\n|move|p2a: Diancie|Draining Kiss|p1a: Mandibuzz\n|-supereffective|p1a: Mandibuzz\n|-damage|p1a: Mandibuzz|42/326\n|-heal|p2a: Diancie|100/100 tox|[from] drain|[of] p1a: Mandibuzz\n|\n|-damage|p2a: Diancie|46/100 tox|[from] psn\n|upkeep\n|turn|38\n|inactive|Time left: 300 sec this turn | 300 sec total\n|\n|t:|1783543202\n|move|p1a: Mandibuzz|Roost|p1a: Mandibuzz\n|-heal|p1a: Mandibuzz|205/326\n|-singleturn|p1a: Mandibuzz|move: Roost\n|move|p2a: Diancie|Draining Kiss|p1a: Mandibuzz\n|-supereffective|p1a: Mandibuzz\n|-damage|p1a: Mandibuzz|11/326\n|-heal|p2a: Diancie|100/100 tox|[from] drain|[of] p1a: Mandibuzz\n|\n|-damage|p2a: Diancie|40/100 tox|[from] psn\n|upkeep\n|turn|39\n|inactive|Time left: 300 sec this turn | 300 sec total\n|\n|t:|1783543203\n|move|p1a: Mandibuzz|Roost|p1a: Mandibuzz\n|-heal|p1a: Mandibuzz|174/326\n|-singleturn|p1a: Mandibuzz|move: Roost\n|move|p2a: Diancie|Draining Kiss|p1a: Mandibuzz\n|-supereffective|p1a: Mandibuzz\n|-damage|p1a: Mandibuzz|0 fnt\n|-heal|p2a: Diancie|100/100 tox|[from] drain|[of] p1a: Mandibuzz\n|faint|p1a: Mandibuzz\n|\n|win|p0y347dc68", "uploadtime": 1783543203, "views": 0, "rating": 0, "private": 0, "password": null, "_winner": "p0y347dc68", "_our_name": "p0x347b3a1"}