{"id": "battle-gen9randombattle-1345", "formatid": "gen9randombattle", "format": "[Gen 9] Random Battle", "players": ["p0x13454375", "p0y13454c48"], "log": "|init|battle\n|title|p0x13454375 vs. p0y13454c48\n|j|\u2606p0x13454375\n|j|\u2606p0y13454c48\n|t:|1783554754\n|gametype|singles\n|player|p1|p0x13454375|266|\n|player|p2|p0y13454c48|266|\n|gen|9\n|tier|[Gen 9] Random Battle\n|rule|Species Clause: Limit one of each Pok\u00e9mon\n|rule|HP Percentage Mod: HP is shown in percentages\n|rule|Sleep Clause Mod: Limit one foe put to sleep\n|rule|Illusion Level Mod: Illusion disguises the Pok\u00e9mon's true level\n|\n|t:|1783554754\n|teamsize|p1|6\n|teamsize|p2|6\n|start\n|switch|p1a: Arbok|Arbok, L87, M|100/100\n|switch|p2a: Arceus|Arceus-Ground, L70|284/284\n|-ability|p1a: Arbok|Intimidate|boost\n|-unboost|p2a: Arceus|atk|1\n|turn|1\n|inactive|Battle timer is ON: inactive players will automatically lose when time's up. (requested by p0y13454c48)\n|inactive|p0x13454375 also wants the timer to be on.\n|\n|t:|1783554756\n|switch|p1a: Trevenant|Trevenant, L89, F|100/100\n|move|p2a: Arceus|Judgment|p1a: Trevenant\n|-resisted|p1a: Trevenant\n|-damage|p1a: Trevenant|84/100\n|\n|upkeep\n|turn|2\n|inactive|Time left: 300 sec this turn | 300 sec total\n|\n|t:|1783554756\n|switch|p2a: Okidogi|Okidogi, L77, M|262/262\n|move|p1a: Trevenant|Horn Leech|p2a: Okidogi\n|-resisted|p2a: Okidogi\n|-damage|p2a: Okidogi|200/262\n|-heal|p1a: Trevenant|94/100|[from] drain|[of] p2a: Okidogi\n|\n|upkeep\n|turn|3\n|inactive|Time left: 300 sec this turn | 300 sec total\n|\n|t:|1783554757\n|move|p2a: Okidogi|Knock Off|p1a: Trevenant\n|-supereffective|p1a: Trevenant\n|-damage|p1a: Trevenant|42/100\n|-status|p1a: Trevenant|tox|[from] ability: Toxic Chain|[of] p2a: Okidogi\n|-enditem|p1a: Trevenant|Choice Band|[from] move: Knock Off|[of] p2a: Okidogi\n|move|p1a: Trevenant|Horn Leech|p2a: Okidogi\n|-resisted|p2a: Okidogi\n|-damage|p2a: Okidogi|155/262\n|-heal|p1a: Trevenant|50/100 tox|[from] drain|[of] p2a: Okidogi\n|\n|-damage|p1a: Trevenant|44/100 tox|[from] psn\n|upkeep\n|turn|4\n|inactive|Time left: 300 sec this turn | 300 sec total\n|\n|t:|1783554758\n|move|p2a: Okidogi|Gunk Shot|p1a: Trevenant|[miss]\n|-miss|p2a: Okidogi|p1a: Trevenant\n|move|p1a: Trevenant|Poltergeist|p2a: Okidogi\n|-activate|p2a: Okidogi|move: Poltergeist|Assault Vest\n|-damage|p2a: Okidogi|22/262\n|\n|-damage|p1a: Trevenant|32/100 tox|[from] psn\n|upkeep\n|turn|5\n|inactive|Time left: 300 sec this turn | 300 sec total\n|\n|t:|1783554759\n|-curestatus|p1a: Trevenant|tox|[from] ability: Natural Cure|[silent]\n|switch|p1a: Arbok|Arbok, L87, M|100/100\n|-ability|p1a: Arbok|Intimidate|boost\n|-unboost|p2a: Okidogi|atk|1\n|move|p2a: Okidogi|Knock Off|p1a: Arbok\n|-damage|p1a: Arbok|80/100\n|-enditem|p1a: Arbok|Life Orb|[from] move: Knock Off|[of] p2a: Okidogi\n|\n|upkeep\n|turn|6\n|inactive|Time left: 300 sec this turn | 300 sec total\n|\n|t:|1783554760\n|switch|p2a: Arceus|Arceus-Ground, L70|284/284\n|move|p1a: Arbok|Knock Off|p2a: Arceus\n|-damage|p2a: Arceus|235/284\n|\n|upkeep\n|turn|7\n|inactive|Time left: 300 sec this turn | 300 sec total\n|\n|t:|1783554761\n|switch|p1a: Ludicolo|Ludicolo, L90, F|100/100\n|move|p2a: Arceus|Judgment|p1a: Ludicolo\n|-resisted|p1a: Ludicolo\n|-damage|p1a: Ludicolo|84/100\n|\n|upkeep\n|turn|8\n|inactive|Time left: 300 sec this turn | 300 sec total\n|\n|t:|1783554763\n|switch|p2a: Alcremie|Alcremie-Ruby-Swirl, L90, F|263/263\n|move|p1a: Ludicolo|Hydro Pump|p2a: Alcremie|[miss]\n|-miss|p1a: Ludicolo|p2a: Alcremie\n|\n|upkeep\n|turn|9\n|inactive|Time left: 300 sec this turn | 300 sec total\n|\n|t:|1783554764\n|move|p1a: Ludicolo|Giga Drain|p2a: Alcremie\n|-damage|p2a: Alcremie|181/263\n|-heal|p1a: Ludicolo|98/100|[from] drain|[of] p2a: Alcremie\n|-damage|p1a: Ludicolo|88/100|[from] item: Life Orb\n|move|p2a: Alcremie|Calm Mind|p2a: Alcremie\n|-boost|p2a: Alcremie|spa|1\n|-boost|p2a: Alcremie|spd|1\n|\n|-heal|p2a: Alcremie|197/263|[from] item: Leftovers\n|upkeep\n|turn|10\n|inactive|Time left: 300 sec this turn | 300 sec total\n|\n|t:|1783554765\n|switch|p1a: Camerupt|Camerupt, L91, M|100/100\n|move|p2a: Alcremie|Psyshock|p1a: Camerupt\n|-damage|p1a: Camerupt|55/100\n|\n|-heal|p2a: Alcremie|213/263|[from] item: Leftovers\n|-heal|p1a: Camerupt|61/100|[from] item: Leftovers\n|upkeep\n|turn|11\n|inactive|Time left: 300 sec this turn | 300 sec total\n|\n|t:|1783554766\n|move|p2a: Alcremie|Psyshock|p1a: Camerupt\n|-damage|p1a: Camerupt|16/100\n|move|p1a: Camerupt|Earthquake|p2a: Alcremie\n|-damage|p2a: Alcremie|90/263\n|\n|-heal|p2a: Alcremie|106/263|[from] item: Leftovers\n|-heal|p1a: Camerupt|23/100|[from] item: Leftovers\n|upkeep\n|turn|12\n|inactive|Time left: 300 sec this turn | 300 sec total\n|\n|t:|1783554767\n|switch|p1a: Bisharp|Bisharp, L79, M|100/100\n|move|p2a: Alcremie|Alluring Voice|p1a: Bisharp\n|-crit|p1a: Bisharp\n|-damage|p1a: Bisharp|19/100\n|\n|-heal|p2a: Alcremie|122/263|[from] item: Leftovers\n|upkeep\n|turn|13\n|inactive|Time left: 300 sec this turn | 300 sec total\n|\n|t:|1783554768\n|move|p2a: Alcremie|Alluring Voice|p1a: Bisharp\n|-damage|p1a: Bisharp|0 fnt\n|faint|p1a: Bisharp\n|\n|-heal|p2a: Alcremie|138/263|[from] item: Leftovers\n|upkeep\n|\n|t:|1783554769\n|switch|p1a: Donphan|Donphan, L84, F|100/100\n|turn|14\n|inactive|Time left: 300 sec this turn | 300 sec total\n|\n|t:|1783554770\n|move|p2a: Alcremie|Recover|p2a: Alcremie\n|-heal|p2a: Alcremie|263/263\n|move|p1a: Donphan|Earthquake|p2a: Alcremie\n|-damage|p2a: Alcremie|140/263\n|\n|-heal|p2a: Alcremie|156/263|[from] item: Leftovers\n|upkeep\n|turn|15\n|inactive|Time left: 300 sec this turn | 300 sec total\n|\n|t:|1783554771\n|move|p2a: Alcremie|Alluring Voice|p1a: Donphan\n|-damage|p1a: Donphan|55/100\n|move|p1a: Donphan|Earthquake|p2a: Alcremie\n|-damage|p2a: Alcremie|29/263\n|\n|-heal|p2a: Alcremie|45/263|[from] item: Leftovers\n|upkeep\n|turn|16\n|inactive|Time left: 300 sec this turn | 300 sec total\n|\n|t:|1783554772\n|move|p2a: Alcremie|Recover|p2a: Alcremie\n|-heal|p2a: Alcremie|177/263\n|move|p1a: Donphan|Earthquake|p2a: Alcremie\n|-damage|p2a: Alcremie|33/263\n|\n|-heal|p2a: Alcremie|49/263|[from] item: Leftovers\n|upkeep\n|turn|17\n|inactive|Time left: 300 sec this turn | 300 sec total\n|\n|t:|1783554773\n|move|p2a: Alcremie|Recover|p2a: Alcremie\n|-heal|p2a: Alcremie|181/263\n|move|p1a: Donphan|Earthquake|p2a: Alcremie\n|-damage|p2a: Alcremie|40/263\n|\n|-heal|p2a: Alcremie|56/263|[from] item: Leftovers\n|upkeep\n|turn|18\n|inactive|Time left: 300 sec this turn | 300 sec total\n|\n|t:|1783554775\n|move|p2a: Alcremie|Recover|p2a: Alcremie\n|-heal|p2a: Alcremie|188/263\n|move|p1a: Donphan|Earthquake|p2a: Alcremie\n|-damage|p2a: Alcremie|58/263\n|\n|-heal|p2a: Alcremie|74/263|[from] item: Leftovers\n|upkeep\n|turn|19\n|inactive|Time left: 300 sec this turn | 300 sec total\n|\n|t:|1783554776\n|move|p2a: Alcremie|Recover|p2a: Alcremie\n|-heal|p2a: Alcremie|206/263\n|move|p1a: Donphan|Earthquake|p2a: Alcremie\n|-damage|p2a: Alcremie|83/263\n|\n|-heal|p2a: Alcremie|99/263|[from] item: Leftovers\n|upkeep\n|turn|20\n|inactive|Time left: 300 sec this turn | 300 sec total\n|\n|t:|1783554776\n|move|p2a: Alcremie|Recover|p2a: Alcremie\n|-heal|p2a: Alcremie|231/263\n|move|p1a: Donphan|Earthquake|p2a: Alcremie\n|-damage|p2a: Alcremie|102/263\n|\n|-heal|p2a: Alcremie|118/263|[from] item: Leftovers\n|upkeep\n|turn|21\n|inactive|Time left: 300 sec this turn | 300 sec total\n|\n|t:|1783554777\n|move|p2a: Alcremie|Recover|p2a: Alcremie\n|-heal|p2a: Alcremie|250/263\n|move|p1a: Donphan|Earthquake|p2a: Alcremie\n|-damage|p2a: Alcremie|111/263\n|\n|-heal|p2a: Alcremie|127/263|[from] item: Leftovers\n|upkeep\n|turn|22\n|inactive|Time left: 300 sec this turn | 300 sec total\n|\n|t:|1783554779\n|move|p2a: Alcremie|Alluring Voice|p1a: Donphan\n|-damage|p1a: Donphan|7/100\n|move|p1a: Donphan|Earthquake|p2a: Alcremie\n|-damage|p2a: Alcremie|0 fnt\n|faint|p2a: Alcremie\n|\n|upkeep\n|inactive|Time left: 300 sec this turn | 300 sec total | 5 sec grace\n|\n|t:|1783554780\n|switch|p2a: Enamorus|Enamorus, L79, F|247/247\n|turn|23\n|inactive|Time left: 300 sec this turn | 300 sec total\n|\n|t:|1783554781\n|switch|p1a: Trevenant|Trevenant, L89, F|32/100\n|move|p2a: Enamorus|Superpower|p1a: Trevenant\n|-immune|p1a: Trevenant\n|\n|upkeep\n|turn|24\n|inactive|Time left: 300 sec this turn | 300 sec total\n|\n|t:|1783554782\n|move|p2a: Enamorus|Play Rough|p1a: Trevenant\n|-damage|p1a: Trevenant|0 fnt\n|faint|p1a: Trevenant\n|\n|upkeep\n|\n|t:|1783554783\n|switch|p1a: Ludicolo|Ludicolo, L90, F|88/100\n|turn|25\n|inactive|Time left: 300 sec this turn | 300 sec total\n|\n|t:|1783554784\n|move|p2a: Enamorus|Superpower|p1a: Ludicolo\n|-damage|p1a: Ludicolo|54/100\n|-boost|p2a: Enamorus|atk|1\n|-boost|p2a: Enamorus|def|1\n|move|p1a: Ludicolo|Rain Dance|p1a: Ludicolo\n|-weather|RainDance\n|\n|-weather|RainDance|[upkeep]\n|upkeep\n|turn|26\n|inactive|Time left: 300 sec this turn | 300 sec total\n|\n|t:|1783554785\n|move|p1a: Ludicolo|Hydro Pump|p2a: Enamorus|[miss]\n|-miss|p1a: Ludicolo|p2a: Enamorus\n|move|p2a: Enamorus|Superpower|p1a: Ludicolo\n|-damage|p1a: Ludicolo|3/100\n|-boost|p2a: Enamorus|atk|1\n|-boost|p2a: Enamorus|def|1\n|\n|-weather|RainDance|[upkeep]\n|upkeep\n|turn|27\n|inactive|Time left: 300 sec this turn | 300 sec total\n|\n|t:|1783554787\n|move|p1a: Ludicolo|Hydro Pump|p2a: Enamorus\n|-damage|p2a: Enamorus|0 fnt\n|faint|p2a: Enamorus\n|-damage|p1a: Ludicolo|0 fnt|[from] item: Life Orb\n|faint|p1a: Ludicolo\n|\n|-weather|RainDance|[upkeep]\n|upkeep\n|inactive|Time left: 300 sec this turn | 300 sec total | 5 sec grace\n|\n|t:|1783554788\n|switch|p2a: Arceus|Arceus-Ground, L70|235/284\n|switch|p1a: Donphan|Donphan, L84, F|7/100\n|turn|28\n|inactive|Time left: 300 sec this turn | 300 sec total\n|\n|t:|1783554789\n|move|p2a: Arceus|Judgment|p1a: Donphan\n|-damage|p1a: Donphan|0 fnt\n|faint|p1a: Donphan\n|\n|-weather|RainDance|[upkeep]\n|upkeep\n|\n|t:|1783554790\n|switch|p1a: Arbok|Arbok, L87, M|80/100\n|-ability|p1a: Arbok|Intimidate|boost\n|-unboost|p2a: Arceus|atk|1\n|turn|29\n|inactive|Time left: 300 sec this turn | 300 sec total\n|\n|t:|1783554791\n|-terastallize|p1a: Arbok|Dark\n|move|p2a: Arceus|Judgment|p1a: Arbok\n|-damage|p1a: Arbok|37/100\n|move|p1a: Arbok|Glare|p2a: Arceus\n|-status|p2a: Arceus|par\n|\n|-weather|none\n|upkeep\n|turn|30\n|inactive|Time left: 300 sec this turn | 300 sec total\n|\n|t:|1783554792\n|switch|p1a: Camerupt|Camerupt, L91, M|23/100\n|move|p2a: Arceus|Judgment|p1a: Camerupt\n|-supereffective|p1a: Camerupt\n|-damage|p1a: Camerupt|0 fnt\n|faint|p1a: Camerupt\n|\n|upkeep\n|\n|t:|1783554792\n|switch|p1a: Arbok|Arbok, L87, M, tera:Dark|37/100\n|-ability|p1a: Arbok|Intimidate|boost\n|-unboost|p2a: Arceus|atk|1\n|turn|31\n|inactive|Time left: 300 sec this turn | 300 sec total\n|\n|t:|1783554793\n|-terastallize|p2a: Arceus|Ground\n|move|p1a: Arbok|Gunk Shot|p2a: Arceus\n|-resisted|p2a: Arceus\n|-damage|p2a: Arceus|176/284 par\n|move|p2a: Arceus|Judgment|p1a: Arbok\n|-damage|p1a: Arbok|0 fnt\n|faint|p1a: Arbok\n|\n|win|p0y13454c48", "uploadtime": 1783554793, "views": 0, "rating": 0, "private": 0, "password": null, "_winner": "p0y13454c48", "_our_name": "p0y13454c48"}