{"id": "battle-gen9randombattle-1727", "formatid": "gen9randombattle", "format": "[Gen 9] Random Battle", "players": ["p0x17276212", "p0y1727550a"], "log": "|init|battle\n|title|p0x17276212 vs. p0y1727550a\n|j|\u2606p0x17276212\n|j|\u2606p0y1727550a\n|t:|1783559193\n|gametype|singles\n|player|p1|p0x17276212|102|\n|player|p2|p0y1727550a|1|\n|gen|9\n|tier|[Gen 9] Random Battle\n|rule|Species Clause: Limit one of each Pok\u00e9mon\n|rule|HP Percentage Mod: HP is shown in percentages\n|rule|Sleep Clause Mod: Limit one foe put to sleep\n|rule|Illusion Level Mod: Illusion disguises the Pok\u00e9mon's true level\n|\n|t:|1783559193\n|teamsize|p1|6\n|teamsize|p2|6\n|start\n|switch|p1a: Cyclizar|Cyclizar, L84, F|255/255\n|switch|p2a: Hypno|Hypno, L95, M|100/100\n|turn|1\n|inactive|Battle timer is ON: inactive players will automatically lose when time's up. (requested by p0y1727550a)\n|inactive|Time left: 300 sec this turn | 300 sec total | 60 sec grace\n|inactive|p0x17276212 also wants the timer to be on.\n|\n|t:|1783559195\n|move|p1a: Cyclizar|Shed Tail|p1a: Cyclizar\n|-start|p1a: Cyclizar|Substitute|[from] move: Shed Tail\n|-damage|p1a: Cyclizar|127/255\n|inactive|Time left: 300 sec this turn | 300 sec total | 65 sec grace\n|\n|t:|1783559196\n|switch|p1a: Wyrdeer|Wyrdeer, L87, F|321/321|[from] Shed Tail\n|-ability|p1a: Wyrdeer|Intimidate|boost\n|-unboost|p2a: Hypno|atk|1\n|move|p2a: Hypno|Toxic||[still]\n|-fail|p2a: Hypno\n|\n|upkeep\n|turn|2\n|inactive|Time left: 300 sec this turn | 300 sec total\n|\n|t:|1783559197\n|switch|p2a: Slowking|Slowking, L88, F|100/100\n|move|p1a: Wyrdeer|Megahorn|p2a: Slowking\n|-supereffective|p2a: Slowking\n|-damage|p2a: Slowking|40/100\n|\n|-heal|p2a: Slowking|47/100|[from] item: Leftovers\n|upkeep\n|turn|3\n|inactive|Time left: 300 sec this turn | 300 sec total\n|\n|t:|1783559199\n|switch|p2a: Cryogonal|Cryogonal, L89|100/100\n|move|p1a: Wyrdeer|Megahorn|p2a: Cryogonal\n|-damage|p2a: Cryogonal|52/100\n|\n|upkeep\n|turn|4\n|inactive|Time left: 300 sec this turn | 300 sec total\n|\n|t:|1783559200\n|move|p2a: Cryogonal|Recover|p2a: Cryogonal\n|-heal|p2a: Cryogonal|100/100\n|move|p1a: Wyrdeer|Body Slam|p2a: Cryogonal\n|-damage|p2a: Cryogonal|51/100\n|\n|upkeep\n|turn|5\n|inactive|Time left: 300 sec this turn | 300 sec total\n|\n|t:|1783559201\n|move|p2a: Cryogonal|Recover|p2a: Cryogonal\n|-heal|p2a: Cryogonal|100/100\n|move|p1a: Wyrdeer|Body Slam|p2a: Cryogonal\n|-damage|p2a: Cryogonal|52/100\n|\n|upkeep\n|turn|6\n|inactive|Time left: 300 sec this turn | 300 sec total\n|\n|t:|1783559202\n|move|p2a: Cryogonal|Recover|p2a: Cryogonal\n|-heal|p2a: Cryogonal|100/100\n|move|p1a: Wyrdeer|Body Slam|p2a: Cryogonal\n|-damage|p2a: Cryogonal|51/100\n|\n|upkeep\n|turn|7\n|inactive|Time left: 300 sec this turn | 300 sec total\n|\n|t:|1783559203\n|move|p2a: Cryogonal|Recover|p2a: Cryogonal\n|-heal|p2a: Cryogonal|100/100\n|move|p1a: Wyrdeer|Body Slam|p2a: Cryogonal\n|-damage|p2a: Cryogonal|49/100\n|\n|upkeep\n|turn|8\n|inactive|Time left: 300 sec this turn | 300 sec total\n|\n|t:|1783559204\n|move|p2a: Cryogonal|Recover|p2a: Cryogonal\n|-heal|p2a: Cryogonal|99/100\n|move|p1a: Wyrdeer|Body Slam|p2a: Cryogonal\n|-damage|p2a: Cryogonal|51/100\n|-status|p2a: Cryogonal|par\n|\n|upkeep\n|turn|9\n|inactive|Time left: 300 sec this turn | 300 sec total\n|\n|t:|1783559205\n|move|p1a: Wyrdeer|Body Slam|p2a: Cryogonal\n|-damage|p2a: Cryogonal|5/100 par\n|move|p2a: Cryogonal|Recover|p2a: Cryogonal\n|-heal|p2a: Cryogonal|55/100 par\n|\n|upkeep\n|turn|10\n|inactive|Time left: 300 sec this turn | 300 sec total\n|\n|t:|1783559206\n|move|p1a: Wyrdeer|Body Slam|p2a: Cryogonal\n|-damage|p2a: Cryogonal|7/100 par\n|cant|p2a: Cryogonal|par\n|\n|upkeep\n|turn|11\n|inactive|Time left: 300 sec this turn | 300 sec total\n|\n|t:|1783559207\n|move|p1a: Wyrdeer|Psychic Noise|p2a: Cryogonal\n|-crit|p2a: Cryogonal\n|-damage|p2a: Cryogonal|0 fnt\n|faint|p2a: Cryogonal\n|\n|upkeep\n|\n|t:|1783559208\n|switch|p2a: Tsareena|Tsareena, L87, F|100/100\n|turn|12\n|inactive|Time left: 300 sec this turn | 300 sec total\n|\n|t:|1783559209\n|move|p2a: Tsareena|Triple Axel|p1a: Wyrdeer|[miss]\n|-miss|p2a: Tsareena|p1a: Wyrdeer\n|move|p1a: Wyrdeer|Megahorn|p2a: Tsareena\n|-supereffective|p2a: Tsareena\n|-damage|p2a: Tsareena|33/100\n|\n|upkeep\n|turn|13\n|inactive|Time left: 300 sec this turn | 300 sec total\n|\n|t:|1783559211\n|move|p2a: Tsareena|Triple Axel|p1a: Wyrdeer\n|-activate|p1a: Wyrdeer|move: Substitute|[damage]\n|-activate|p1a: Wyrdeer|move: Substitute|[damage]\n|-end|p1a: Wyrdeer|Substitute\n|-hitcount|p1a: Wyrdeer|3\n|move|p1a: Wyrdeer|Body Slam|p2a: Tsareena\n|-damage|p2a: Tsareena|2/100\n|\n|upkeep\n|turn|14\n|inactive|Time left: 300 sec this turn | 300 sec total\n|\n|t:|1783559212\n|move|p2a: Tsareena|Power Whip|p1a: Wyrdeer|[miss]\n|-miss|p2a: Tsareena|p1a: Wyrdeer\n|move|p1a: Wyrdeer|Body Slam|p2a: Tsareena\n|-damage|p2a: Tsareena|0 fnt\n|faint|p2a: Tsareena\n|\n|upkeep\n|\n|t:|1783559213\n|switch|p2a: Grimmsnarl|Grimmsnarl, L83, M|100/100\n|turn|15\n|inactive|Time left: 300 sec this turn | 300 sec total\n|\n|t:|1783559214\n|move|p1a: Wyrdeer|Body Slam|p2a: Grimmsnarl\n|-damage|p2a: Grimmsnarl|54/100\n|move|p2a: Grimmsnarl|Spirit Break|p1a: Wyrdeer\n|-damage|p1a: Wyrdeer|218/321\n|-unboost|p1a: Wyrdeer|spa|1\n|\n|-heal|p2a: Grimmsnarl|60/100|[from] item: Leftovers\n|upkeep\n|turn|16\n|inactive|Time left: 300 sec this turn | 300 sec total\n|\n|t:|1783559215\n|switch|p1a: Granbull|Granbull, L88, M|302/302\n|-ability|p1a: Granbull|Intimidate|boost\n|-unboost|p2a: Grimmsnarl|atk|1\n|move|p2a: Grimmsnarl|Spirit Break|p1a: Granbull\n|-damage|p1a: Granbull|239/302\n|-unboost|p1a: Granbull|spa|1\n|\n|-heal|p2a: Grimmsnarl|66/100|[from] item: Leftovers\n|-heal|p1a: Granbull|257/302|[from] item: Leftovers\n|upkeep\n|turn|17\n|inactive|Time left: 300 sec this turn | 300 sec total\n|\n|t:|1783559216\n|move|p2a: Grimmsnarl|Parting Shot|p1a: Granbull\n|-unboost|p1a: Granbull|atk|1\n|-unboost|p1a: Granbull|spa|1\n|\n|t:|1783559217\n|switch|p2a: Slowking|Slowking, L88, F|80/100|[from] Parting Shot\n|move|p1a: Granbull|Play Rough|p2a: Slowking\n|-damage|p2a: Slowking|51/100\n|\n|-heal|p1a: Granbull|275/302|[from] item: Leftovers\n|-heal|p2a: Slowking|58/100|[from] item: Leftovers\n|upkeep\n|turn|18\n|inactive|Time left: 300 sec this turn | 300 sec total\n|\n|t:|1783559219\n|switch|p1a: Wyrdeer|Wyrdeer, L87, F|218/321\n|-ability|p1a: Wyrdeer|Intimidate|boost\n|-unboost|p2a: Slowking|atk|1\n|move|p2a: Slowking|Scald|p1a: Wyrdeer\n|-damage|p1a: Wyrdeer|145/321\n|\n|-heal|p2a: Slowking|64/100|[from] item: Leftovers\n|upkeep\n|turn|19\n|inactive|Time left: 300 sec this turn | 300 sec total\n|\n|t:|1783559220\n|switch|p2a: Grimmsnarl|Grimmsnarl, L83, M|66/100\n|move|p1a: Wyrdeer|Megahorn|p2a: Grimmsnarl\n|-damage|p2a: Grimmsnarl|23/100\n|\n|-heal|p2a: Grimmsnarl|30/100|[from] item: Leftovers\n|upkeep\n|turn|20\n|inactive|Time left: 300 sec this turn | 300 sec total\n|\n|t:|1783559221\n|switch|p1a: Granbull|Granbull, L88, M|275/302\n|-ability|p1a: Granbull|Intimidate|boost\n|-unboost|p2a: Grimmsnarl|atk|1\n|move|p2a: Grimmsnarl|Sucker Punch||[still]\n|-fail|p2a: Grimmsnarl\n|\n|-heal|p2a: Grimmsnarl|36/100|[from] item: Leftovers\n|-heal|p1a: Granbull|293/302|[from] item: Leftovers\n|upkeep\n|turn|21\n|inactive|Time left: 300 sec this turn | 300 sec total\n|\n|t:|1783559222\n|move|p2a: Grimmsnarl|Parting Shot|p1a: Granbull\n|-unboost|p1a: Granbull|atk|1\n|-unboost|p1a: Granbull|spa|1\n|\n|t:|1783559223\n|switch|p2a: Slowking|Slowking, L88, F|97/100|[from] Parting Shot\n|move|p1a: Granbull|Play Rough|p2a: Slowking\n|-damage|p2a: Slowking|69/100\n|\n|-heal|p1a: Granbull|302/302|[from] item: Leftovers\n|-heal|p2a: Slowking|75/100|[from] item: Leftovers\n|upkeep\n|turn|22\n|inactive|Time left: 300 sec this turn | 300 sec total\n|\n|t:|1783559224\n|switch|p1a: Wyrdeer|Wyrdeer, L87, F|145/321\n|-ability|p1a: Wyrdeer|Intimidate|boost\n|-unboost|p2a: Slowking|atk|1\n|move|p2a: Slowking|Scald|p1a: Wyrdeer\n|-damage|p1a: Wyrdeer|75/321\n|\n|-heal|p2a: Slowking|81/100|[from] item: Leftovers\n|upkeep\n|turn|23\n|inactive|Time left: 300 sec this turn | 300 sec total\n|\n|t:|1783559225\n|move|p1a: Wyrdeer|Body Slam|p2a: Slowking\n|-crit|p2a: Slowking\n|-damage|p2a: Slowking|34/100\n|move|p2a: Slowking|Scald|p1a: Wyrdeer\n|-damage|p1a: Wyrdeer|8/321\n|\n|-heal|p2a: Slowking|40/100|[from] item: Leftovers\n|upkeep\n|turn|24\n|inactive|Time left: 300 sec this turn | 300 sec total\n|\n|t:|1783559227\n|switch|p2a: Hypno|Hypno, L95, M|100/100\n|move|p1a: Wyrdeer|Megahorn|p2a: Hypno\n|-supereffective|p2a: Hypno\n|-damage|p2a: Hypno|33/100\n|\n|-heal|p2a: Hypno|39/100|[from] item: Leftovers\n|upkeep\n|turn|25\n|inactive|Time left: 300 sec this turn | 300 sec total\n|\n|t:|1783559228\n|switch|p1a: Meowscarada|Meowscarada, L78, M|247/247\n|move|p2a: Hypno|Psychic Noise|p1a: Meowscarada\n|-immune|p1a: Meowscarada\n|\n|-heal|p2a: Hypno|45/100|[from] item: Leftovers\n|upkeep\n|turn|26\n|inactive|Time left: 300 sec this turn | 300 sec total\n|\n|t:|1783559229\n|move|p2a: Hypno|Protect|p2a: Hypno\n|-singleturn|p2a: Hypno|Protect\n|move|p1a: Meowscarada|Knock Off|p2a: Hypno\n|-start|p1a: Meowscarada|typechange|Dark|[from] ability: Protean\n|-activate|p2a: Hypno|move: Protect\n|\n|-heal|p2a: Hypno|51/100|[from] item: Leftovers\n|upkeep\n|turn|27\n|inactive|Time left: 300 sec this turn | 300 sec total\n|\n|t:|1783559230\n|-terastallize|p2a: Hypno|Fighting\n|move|p1a: Meowscarada|Knock Off|p2a: Hypno\n|-resisted|p2a: Hypno\n|-damage|p2a: Hypno|36/100\n|-enditem|p2a: Hypno|Leftovers|[from] move: Knock Off|[of] p1a: Meowscarada\n|move|p2a: Hypno|Focus Blast|p1a: Meowscarada\n|-supereffective|p1a: Meowscarada\n|-damage|p1a: Meowscarada|0 fnt\n|faint|p1a: Meowscarada\n|\n|upkeep\n|inactive|Time left: 300 sec this turn | 300 sec total | 5 sec grace\n|\n|t:|1783559231\n|switch|p1a: Granbull|Granbull, L88, M|302/302\n|-ability|p1a: Granbull|Intimidate|boost\n|-unboost|p2a: Hypno|atk|1\n|turn|28\n|inactive|Time left: 300 sec this turn | 300 sec total\n|\n|t:|1783559232\n|move|p2a: Hypno|Toxic|p1a: Granbull\n|-status|p1a: Granbull|tox\n|move|p1a: Granbull|Play Rough|p2a: Hypno\n|-supereffective|p2a: Hypno\n|-damage|p2a: Hypno|0 fnt\n|faint|p2a: Hypno\n|\n|-damage|p1a: Granbull|284/302 tox|[from] psn\n|upkeep\n|\n|t:|1783559232\n|switch|p2a: Slowking|Slowking, L88, F|73/100\n|turn|29\n|inactive|Time left: 300 sec this turn | 300 sec total\n|\n|t:|1783559233\n|move|p1a: Granbull|Play Rough|p2a: Slowking\n|-damage|p2a: Slowking|28/100\n|move|p2a: Slowking|Scald|p1a: Granbull\n|-crit|p1a: Granbull\n|-damage|p1a: Granbull|113/302 tox\n|\n|-heal|p1a: Granbull|131/302 tox|[from] item: Leftovers\n|-heal|p2a: Slowking|34/100|[from] item: Leftovers\n|-damage|p1a: Granbull|95/302 tox|[from] psn\n|upkeep\n|turn|30\n|inactive|Time left: 300 sec this turn | 300 sec total\n|\n|t:|1783559234\n|switch|p2a: Grimmsnarl|Grimmsnarl, L83, M|36/100\n|move|p1a: Granbull|Play Rough|p2a: Grimmsnarl\n|-supereffective|p2a: Grimmsnarl\n|-damage|p2a: Grimmsnarl|0 fnt\n|faint|p2a: Grimmsnarl\n|\n|-heal|p1a: Granbull|113/302 tox|[from] item: Leftovers\n|-damage|p1a: Granbull|59/302 tox|[from] psn\n|upkeep\n|\n|t:|1783559235\n|switch|p2a: Slowking|Slowking, L88, F|68/100\n|turn|31\n|inactive|Time left: 300 sec this turn | 300 sec total\n|\n|t:|1783559236\n|move|p1a: Granbull|Thunder Wave|p2a: Slowking\n|-status|p2a: Slowking|par\n|move|p2a: Slowking|Slack Off|p2a: Slowking\n|-heal|p2a: Slowking|100/100 par\n|\n|-heal|p1a: Granbull|77/302 tox|[from] item: Leftovers\n|-damage|p1a: Granbull|5/302 tox|[from] psn\n|upkeep\n|turn|32\n|inactive|Time left: 300 sec this turn | 300 sec total\n|\n|t:|1783559237\n|move|p1a: Granbull|Play Rough|p2a: Slowking\n|-damage|p2a: Slowking|57/100 par\n|-unboost|p2a: Slowking|atk|1\n|move|p2a: Slowking|Psychic Noise|p1a: Granbull\n|-damage|p1a: Granbull|0 fnt\n|faint|p1a: Granbull\n|\n|-heal|p2a: Slowking|63/100 par|[from] item: Leftovers\n|upkeep\n|inactive|Time left: 300 sec this turn | 300 sec total | 5 sec grace\n|\n|t:|1783559238\n|switch|p1a: Thundurus|Thundurus-Therian, L80, M|258/258\n|turn|33\n|inactive|Time left: 300 sec this turn | 300 sec total\n|\n|t:|1783559239\n|switch|p2a: Miraidon|Miraidon, L65|100/100\n|-fieldstart|move: Electric Terrain|[from] ability: Hadron Engine|[of] p2a: Miraidon\n|move|p1a: Thundurus|Thunderbolt|p2a: Miraidon\n|-resisted|p2a: Miraidon\n|-damage|p2a: Miraidon|87/100\n|\n|upkeep\n|turn|34\n|inactive|Time left: 300 sec this turn | 300 sec total\n|\n|t:|1783559240\n|switch|p1a: Wyrdeer|Wyrdeer, L87, F|8/321\n|-ability|p1a: Wyrdeer|Intimidate|boost\n|-unboost|p2a: Miraidon|atk|1\n|move|p2a: Miraidon|Calm Mind|p2a: Miraidon\n|-boost|p2a: Miraidon|spa|1\n|-boost|p2a: Miraidon|spd|1\n|\n|upkeep\n|turn|35\n|inactive|Time left: 300 sec this turn | 300 sec total\n|\n|t:|1783559241\n|move|p2a: Miraidon|Dragon Pulse|p1a: Wyrdeer\n|-damage|p1a: Wyrdeer|0 fnt\n|faint|p1a: Wyrdeer\n|-damage|p2a: Miraidon|77/100|[from] item: Life Orb\n|\n|upkeep\n|inactive|Time left: 300 sec this turn | 300 sec total | 5 sec grace\n|\n|t:|1783559242\n|switch|p1a: Cyclizar|Cyclizar, L84, F|212/255\n|turn|36\n|inactive|Time left: 300 sec this turn | 300 sec total\n|\n|t:|1783559243\n|move|p1a: Cyclizar|Draco Meteor|p2a: Miraidon|[miss]\n|-miss|p1a: Cyclizar|p2a: Miraidon\n|move|p2a: Miraidon|Dragon Pulse|p1a: Cyclizar\n|-supereffective|p1a: Cyclizar\n|-damage|p1a: Cyclizar|0 fnt\n|faint|p1a: Cyclizar\n|-damage|p2a: Miraidon|67/100|[from] item: Life Orb\n|\n|upkeep\n|inactive|Time left: 300 sec this turn | 300 sec total | 5 sec grace\n|\n|t:|1783559244\n|switch|p1a: Thundurus|Thundurus-Therian, L80, M|258/258\n|turn|37\n|inactive|Time left: 300 sec this turn | 300 sec total\n|\n|t:|1783559245\n|move|p1a: Thundurus|Sludge Wave|p2a: Miraidon\n|-damage|p2a: Miraidon|44/100\n|move|p2a: Miraidon|Draco Meteor|p1a: Thundurus\n|-crit|p1a: Thundurus\n|-damage|p1a: Thundurus|0 fnt\n|-unboost|p2a: Miraidon|spa|2\n|faint|p1a: Thundurus\n|-damage|p2a: Miraidon|34/100|[from] item: Life Orb\n|\n|-fieldend|move: Electric Terrain\n|upkeep\n|inactive|Time left: 300 sec this turn | 300 sec total | 5 sec grace\n|\n|t:|1783559246\n|switch|p1a: Heatran|Heatran, L79, F|273/273\n|-item|p1a: Heatran|Air Balloon\n|turn|38\n|inactive|Time left: 300 sec this turn | 300 sec total\n|\n|t:|1783559247\n|switch|p2a: Slowking|Slowking, L88, F|96/100 par\n|move|p1a: Heatran|Heavy Slam|p2a: Slowking\n|-resisted|p2a: Slowking\n|-damage|p2a: Slowking|78/100 par\n|\n|-heal|p2a: Slowking|84/100 par|[from] item: Leftovers\n|upkeep\n|turn|39\n|inactive|Time left: 300 sec this turn | 300 sec total\n|\n|t:|1783559248\n|move|p1a: Heatran|Magma Storm|p2a: Slowking\n|-resisted|p2a: Slowking\n|-damage|p2a: Slowking|68/100 par\n|-activate|p2a: Slowking|move: Magma Storm|[of] p1a: Heatran\n|move|p2a: Slowking|Scald|p1a: Heatran\n|-supereffective|p1a: Heatran\n|-damage|p1a: Heatran|91/273\n|-enditem|p1a: Heatran|Air Balloon\n|\n|-heal|p2a: Slowking|74/100 par|[from] item: Leftovers\n|-damage|p2a: Slowking|62/100 par|[from] move: Magma Storm|[partiallytrapped]\n|upkeep\n|turn|40\n|inactive|Time left: 300 sec this turn | 300 sec total\n|\n|t:|1783559249\n|-terastallize|p1a: Heatran|Flying\n|move|p1a: Heatran|Magma Storm|p2a: Slowking\n|-resisted|p2a: Slowking\n|-damage|p2a: Slowking|47/100 par\n|move|p2a: Slowking|Scald|p1a: Heatran\n|-damage|p1a: Heatran|7/273\n|\n|-heal|p2a: Slowking|53/100 par|[from] item: Leftovers\n|-damage|p2a: Slowking|41/100 par|[from] move: Magma Storm|[partiallytrapped]\n|upkeep\n|turn|41\n|inactive|Time left: 300 sec this turn | 300 sec total\n|\n|t:|1783559250\n|move|p1a: Heatran|Magma Storm|p2a: Slowking\n|-resisted|p2a: Slowking\n|-damage|p2a: Slowking|26/100 par\n|move|p2a: Slowking|Psychic Noise|p1a: Heatran\n|-damage|p1a: Heatran|0 fnt\n|faint|p1a: Heatran\n|\n|win|p0y1727550a", "uploadtime": 1783559250, "views": 0, "rating": 0, "private": 0, "password": null, "_winner": "p0y1727550a", "_our_name": "p0x17276212"}