{"id": "battle-gen9randombattle-1870", "formatid": "gen9randombattle", "format": "[Gen 9] Random Battle", "players": ["p0x1871778b", "p0y1871833c"], "log": "|init|battle\n|title|p0x1871778b vs. p0y1871833c\n|j|\u2606p0x1871778b\n|j|\u2606p0y1871833c\n|t:|1783560910\n|gametype|singles\n|player|p1|p0x1871778b|2|\n|player|p2|p0y1871833c|101|\n|gen|9\n|tier|[Gen 9] Random Battle\n|rule|Species Clause: Limit one of each Pok\u00e9mon\n|rule|HP Percentage Mod: HP is shown in percentages\n|rule|Sleep Clause Mod: Limit one foe put to sleep\n|rule|Illusion Level Mod: Illusion disguises the Pok\u00e9mon's true level\n|\n|t:|1783560910\n|teamsize|p1|6\n|teamsize|p2|6\n|start\n|switch|p1a: Appletun|Appletun, L92, M|100/100\n|switch|p2a: Ogerpon|Ogerpon-Wellspring, L76, F|247/247\n|turn|1\n|inactive|Battle timer is ON: inactive players will automatically lose when time's up. (requested by p0y1871833c)\n|inactive|p0x1871778b also wants the timer to be on.\n|\n|t:|1783560911\n|move|p2a: Ogerpon|Knock Off|p1a: Appletun\n|-damage|p1a: Appletun|79/100\n|-enditem|p1a: Appletun|Leftovers|[from] move: Knock Off|[of] p2a: Ogerpon\n|move|p1a: Appletun|Apple Acid|p2a: Ogerpon\n|-damage|p2a: Ogerpon|136/247\n|-unboost|p2a: Ogerpon|spd|1\n|\n|upkeep\n|turn|2\n|inactive|Time left: 300 sec this turn | 300 sec total\n|\n|t:|1783560912\n|switch|p2a: Diancie|Diancie, L82|216/216\n|move|p1a: Appletun|Apple Acid|p2a: Diancie\n|-supereffective|p2a: Diancie\n|-damage|p2a: Diancie|88/216\n|\n|-heal|p2a: Diancie|101/216|[from] item: Leftovers\n|upkeep\n|turn|3\n|inactive|Time left: 300 sec this turn | 300 sec total\n|\n|t:|1783560914\n|move|p2a: Diancie|Moonblast|p1a: Appletun\n|-supereffective|p1a: Appletun\n|-damage|p1a: Appletun|25/100\n|-unboost|p1a: Appletun|spa|1\n|move|p1a: Appletun|Apple Acid|p2a: Diancie\n|-supereffective|p2a: Diancie\n|-damage|p2a: Diancie|5/216\n|\n|-heal|p2a: Diancie|18/216|[from] item: Leftovers\n|upkeep\n|turn|4\n|inactive|Time left: 300 sec this turn | 300 sec total\n|\n|t:|1783560915\n|move|p2a: Diancie|Diamond Storm|p1a: Appletun\n|-damage|p1a: Appletun|0 fnt\n|faint|p1a: Appletun\n|\n|-heal|p2a: Diancie|31/216|[from] item: Leftovers\n|upkeep\n|\n|t:|1783560916\n|switch|p1a: Flareon|Flareon, L90, F|100/100\n|turn|5\n|inactive|Time left: 300 sec this turn | 300 sec total\n|\n|t:|1783560917\n|switch|p2a: Keldeo|Keldeo-Resolute, L79|273/273\n|move|p1a: Flareon|Trailblaze|p2a: Keldeo\n|-supereffective|p2a: Keldeo\n|-damage|p2a: Keldeo|161/273\n|-boost|p1a: Flareon|spe|1\n|\n|-status|p1a: Flareon|tox|[from] item: Toxic Orb\n|upkeep\n|turn|6\n|inactive|Time left: 300 sec this turn | 300 sec total\n|\n|t:|1783560918\n|move|p2a: Keldeo|Hydro Pump|p1a: Flareon|[miss]\n|-miss|p2a: Keldeo|p1a: Flareon\n|move|p1a: Flareon|Facade|p2a: Keldeo\n|-damage|p2a: Keldeo|0 fnt\n|faint|p2a: Keldeo\n|\n|-damage|p1a: Flareon|94/100 tox|[from] psn\n|upkeep\n|inactive|Time left: 300 sec this turn | 300 sec total | 5 sec grace\n|\n|t:|1783560919\n|switch|p2a: Kilowattrel|Kilowattrel, L83, M|252/252\n|turn|7\n|inactive|Time left: 300 sec this turn | 300 sec total\n|\n|t:|1783560920\n|move|p2a: Kilowattrel|Hurricane|p1a: Flareon\n|-damage|p1a: Flareon|58/100 tox\n|-start|p1a: Flareon|confusion\n|-activate|p1a: Flareon|confusion\n|move|p1a: Flareon|Facade|p2a: Kilowattrel\n|-damage|p2a: Kilowattrel|0 fnt\n|faint|p2a: Kilowattrel\n|\n|-damage|p1a: Flareon|45/100 tox|[from] psn\n|upkeep\n|inactive|Time left: 300 sec this turn | 300 sec total | 5 sec grace\n|\n|t:|1783560921\n|switch|p2a: Polteageist|Polteageist, L78|222/222\n|turn|8\n|inactive|Time left: 300 sec this turn | 300 sec total\n|\n|t:|1783560922\n|-activate|p1a: Flareon|confusion\n|-damage|p1a: Flareon|27/100 tox|[from] confusion\n|move|p2a: Polteageist|Shell Smash|p2a: Polteageist\n|-unboost|p2a: Polteageist|def|1\n|-unboost|p2a: Polteageist|spd|1\n|-boost|p2a: Polteageist|atk|2\n|-boost|p2a: Polteageist|spa|2\n|-boost|p2a: Polteageist|spe|2\n|-enditem|p2a: Polteageist|White Herb\n|-clearnegativeboost|p2a: Polteageist|[silent]\n|\n|-damage|p1a: Flareon|9/100 tox|[from] psn\n|upkeep\n|turn|9\n|inactive|Time left: 300 sec this turn | 300 sec total\n|\n|t:|1783560923\n|move|p2a: Polteageist|Stored Power|p1a: Flareon\n|-damage|p1a: Flareon|0 fnt\n|faint|p1a: Flareon\n|\n|upkeep\n|\n|t:|1783560923\n|switch|p1a: Leafeon|Leafeon, L88, F|100/100\n|turn|10\n|inactive|Time left: 300 sec this turn | 300 sec total\n|\n|t:|1783560924\n|-terastallize|p1a: Leafeon|Dark\n|move|p2a: Polteageist|Stored Power|p1a: Leafeon\n|-immune|p1a: Leafeon\n|move|p1a: Leafeon|Swords Dance|p1a: Leafeon\n|-boost|p1a: Leafeon|atk|2\n|\n|upkeep\n|turn|11\n|inactive|Time left: 300 sec this turn | 300 sec total\n|\n|t:|1783560925\n|switch|p2a: Diancie|Diancie, L82|31/216\n|move|p1a: Leafeon|Knock Off|p2a: Diancie\n|-resisted|p2a: Diancie\n|-damage|p2a: Diancie|0 fnt\n|-enditem|p2a: Diancie|Leftovers|[from] move: Knock Off|[of] p1a: Leafeon\n|faint|p2a: Diancie\n|\n|upkeep\n|inactive|Time left: 300 sec this turn | 300 sec total | 5 sec grace\n|\n|t:|1783560926\n|switch|p2a: Ogerpon|Ogerpon-Wellspring, L76, F|136/247\n|turn|12\n|inactive|Time left: 300 sec this turn | 300 sec total\n|\n|t:|1783560927\n|move|p1a: Leafeon|Leaf Blade|p2a: Ogerpon\n|-damage|p2a: Ogerpon|0 fnt\n|faint|p2a: Ogerpon\n|\n|upkeep\n|inactive|Time left: 300 sec this turn | 300 sec total | 5 sec grace\n|\n|t:|1783560928\n|switch|p2a: Maushold|Maushold, L76|238/238\n|turn|13\n|inactive|Time left: 300 sec this turn | 300 sec total\n|\n|t:|1783560929\n|move|p1a: Leafeon|Knock Off|p2a: Maushold\n|-damage|p2a: Maushold|0 fnt\n|-enditem|p2a: Maushold|Wide Lens|[from] move: Knock Off|[of] p1a: Leafeon\n|faint|p2a: Maushold\n|\n|upkeep\n|inactive|Time left: 300 sec this turn | 300 sec total | 5 sec grace\n|\n|t:|1783560929\n|switch|p2a: Polteageist|Polteageist, L78|222/222\n|turn|14\n|inactive|Time left: 300 sec this turn | 300 sec total\n|\n|t:|1783560930\n|move|p1a: Leafeon|Leaf Blade|p2a: Polteageist\n|-damage|p2a: Polteageist|0 fnt\n|faint|p2a: Polteageist\n|\n|win|p0x1871778b", "uploadtime": 1783560930, "views": 0, "rating": 0, "private": 0, "password": null, "_winner": "p0x1871778b", "_our_name": "p0y1871833c"}