{"id": "battle-gen9randombattle-2154", "formatid": "gen9randombattle", "format": "[Gen 9] Random Battle", "players": ["p0x215445a4", "p0y21548fb6"], "log": "|init|battle\n|title|p0x215445a4 vs. p0y21548fb6\n|j|\u2606p0x215445a4\n|j|\u2606p0y21548fb6\n|t:|1783564921\n|gametype|singles\n|player|p1|p0x215445a4|170|\n|player|p2|p0y21548fb6|101|\n|gen|9\n|tier|[Gen 9] Random Battle\n|rule|Species Clause: Limit one of each Pok\u00e9mon\n|rule|HP Percentage Mod: HP is shown in percentages\n|rule|Sleep Clause Mod: Limit one foe put to sleep\n|rule|Illusion Level Mod: Illusion disguises the Pok\u00e9mon's true level\n|\n|t:|1783564921\n|teamsize|p1|6\n|teamsize|p2|6\n|start\n|switch|p1a: Jumpluff|Jumpluff, L87, M|271/271\n|switch|p2a: Comfey|Comfey, L85, M|100/100\n|turn|1\n|inactive|Battle timer is ON: inactive players will automatically lose when time's up. (requested by p0x215445a4)\n|inactive|p0y21548fb6 also wants the timer to be on.\n|\n|t:|1783564923\n|switch|p1a: Swalot|Swalot, L90, M|326/326\n|move|p2a: Comfey|Calm Mind|p2a: Comfey\n|-boost|p2a: Comfey|spa|1\n|-boost|p2a: Comfey|spd|1\n|\n|upkeep\n|turn|2\n|inactive|Time left: 300 sec this turn | 300 sec total\n|\n|t:|1783564924\n|move|p2a: Comfey|Calm Mind|p2a: Comfey\n|-boost|p2a: Comfey|spa|1\n|-boost|p2a: Comfey|spd|1\n|move|p1a: Swalot|Gunk Shot|p2a: Comfey\n|-supereffective|p2a: Comfey\n|-damage|p2a: Comfey|0 fnt\n|faint|p2a: Comfey\n|\n|upkeep\n|\n|t:|1783564925\n|switch|p2a: Araquanid|Araquanid, L82, F|100/100\n|turn|3\n|inactive|Time left: 300 sec this turn | 300 sec total\n|\n|t:|1783564926\n|move|p1a: Swalot|Swords Dance|p1a: Swalot\n|-boost|p1a: Swalot|atk|2\n|move|p2a: Araquanid|Sticky Web|p1a: Swalot\n|-sidestart|p1: p0x215445a4|move: Sticky Web\n|\n|upkeep\n|turn|4\n|inactive|Time left: 300 sec this turn | 300 sec total\n|\n|t:|1783564928\n|move|p1a: Swalot|Gunk Shot|p2a: Araquanid\n|-damage|p2a: Araquanid|11/100\n|move|p2a: Araquanid|Liquidation|p1a: Swalot\n|-damage|p1a: Swalot|187/326\n|\n|-heal|p1a: Swalot|207/326|[from] item: Leftovers\n|upkeep\n|turn|5\n|inactive|Time left: 300 sec this turn | 300 sec total\n|\n|t:|1783564929\n|move|p1a: Swalot|Knock Off|p2a: Araquanid\n|-damage|p2a: Araquanid|0 fnt\n|-enditem|p2a: Araquanid|Heavy-Duty Boots|[from] move: Knock Off|[of] p1a: Swalot\n|faint|p2a: Araquanid\n|\n|-heal|p1a: Swalot|227/326|[from] item: Leftovers\n|upkeep\n|\n|t:|1783564930\n|switch|p2a: Gurdurr|Gurdurr, L85, M|100/100\n|turn|6\n|inactive|Time left: 300 sec this turn | 300 sec total\n|\n|t:|1783564931\n|move|p1a: Swalot|Gunk Shot|p2a: Gurdurr\n|-damage|p2a: Gurdurr|46/100\n|move|p2a: Gurdurr|Bulk Up|p2a: Gurdurr\n|-boost|p2a: Gurdurr|atk|1\n|-boost|p2a: Gurdurr|def|1\n|\n|-heal|p1a: Swalot|247/326|[from] item: Leftovers\n|upkeep\n|turn|7\n|inactive|Time left: 300 sec this turn | 300 sec total\n|\n|t:|1783564932\n|move|p1a: Swalot|Gunk Shot|p2a: Gurdurr\n|-damage|p2a: Gurdurr|6/100\n|move|p2a: Gurdurr|Knock Off|p1a: Swalot\n|-damage|p1a: Swalot|129/326\n|-enditem|p1a: Swalot|Leftovers|[from] move: Knock Off|[of] p2a: Gurdurr\n|\n|upkeep\n|turn|8\n|inactive|Time left: 300 sec this turn | 300 sec total\n|\n|t:|1783564933\n|move|p2a: Gurdurr|Mach Punch|p1a: Swalot\n|-resisted|p1a: Swalot\n|-damage|p1a: Swalot|96/326\n|move|p1a: Swalot|Gunk Shot|p2a: Gurdurr\n|-damage|p2a: Gurdurr|0 fnt\n|faint|p2a: Gurdurr\n|\n|upkeep\n|\n|t:|1783564935\n|switch|p2a: Typhlosion|Typhlosion-Hisui, L83, F|100/100\n|turn|9\n|inactive|Time left: 300 sec this turn | 300 sec total\n|\n|t:|1783564936\n|move|p2a: Typhlosion|Fire Blast|p1a: Swalot|[miss]\n|-miss|p2a: Typhlosion|p1a: Swalot\n|move|p1a: Swalot|Gunk Shot|p2a: Typhlosion\n|-resisted|p2a: Typhlosion\n|-damage|p2a: Typhlosion|47/100\n|-status|p2a: Typhlosion|psn\n|\n|-damage|p2a: Typhlosion|34/100 psn|[from] psn\n|upkeep\n|turn|10\n|inactive|Time left: 300 sec this turn | 300 sec total\n|\n|t:|1783564937\n|move|p2a: Typhlosion|Fire Blast|p1a: Swalot|[miss]\n|-miss|p2a: Typhlosion|p1a: Swalot\n|move|p1a: Swalot|Knock Off|p2a: Typhlosion\n|-supereffective|p2a: Typhlosion\n|-damage|p2a: Typhlosion|0 fnt\n|-enditem|p2a: Typhlosion|Heavy-Duty Boots|[from] move: Knock Off|[of] p1a: Swalot\n|faint|p2a: Typhlosion\n|\n|upkeep\n|\n|t:|1783564938\n|switch|p2a: Cramorant|Cramorant, L86, M|100/100\n|turn|11\n|inactive|Time left: 300 sec this turn | 300 sec total\n|\n|t:|1783564939\n|move|p2a: Cramorant|Brave Bird|p1a: Swalot\n|-damage|p1a: Swalot|0 fnt\n|faint|p1a: Swalot\n|-damage|p2a: Cramorant|88/100|[from] Recoil\n|\n|upkeep\n|inactive|Time left: 300 sec this turn | 300 sec total | 5 sec grace\n|\n|t:|1783564940\n|switch|p1a: Hypno|Hypno, L95, M|315/315\n|-activate|p1a: Hypno|move: Sticky Web\n|-unboost|p1a: Hypno|spe|1\n|turn|12\n|inactive|Time left: 300 sec this turn | 300 sec total\n|\n|t:|1783564941\n|switch|p2a: Muk|Muk, L86, M|100/100\n|move|p1a: Hypno|Toxic|p2a: Muk\n|-immune|p2a: Muk\n|\n|upkeep\n|turn|13\n|inactive|Time left: 300 sec this turn | 300 sec total\n|\n|t:|1783564942\n|move|p1a: Hypno|Protect|p1a: Hypno\n|-singleturn|p1a: Hypno|Protect\n|move|p2a: Muk|Knock Off|p1a: Hypno\n|-activate|p1a: Hypno|move: Protect\n|\n|upkeep\n|turn|14\n|inactive|Time left: 300 sec this turn | 300 sec total\n|\n|t:|1783564943\n|switch|p1a: Annihilape|Annihilape, L76, F|292/292\n|-activate|p1a: Annihilape|move: Sticky Web\n|-unboost|p1a: Annihilape|spe|1\n|-ability|p1a: Annihilape|Defiant|boost\n|-boost|p1a: Annihilape|atk|2\n|move|p2a: Muk|Knock Off|p1a: Annihilape\n|-damage|p1a: Annihilape|200/292\n|-enditem|p1a: Annihilape|Chesto Berry|[from] move: Knock Off|[of] p2a: Muk\n|\n|upkeep\n|turn|15\n|inactive|Time left: 300 sec this turn | 300 sec total\n|\n|t:|1783564944\n|move|p2a: Muk|Shadow Sneak|p1a: Annihilape\n|-supereffective|p1a: Annihilape\n|-damage|p1a: Annihilape|128/292\n|move|p1a: Annihilape|Drain Punch|p2a: Muk\n|-resisted|p2a: Muk\n|-damage|p2a: Muk|77/100\n|-heal|p1a: Annihilape|167/292|[from] drain|[of] p2a: Muk\n|\n|upkeep\n|turn|16\n|inactive|Time left: 300 sec this turn | 300 sec total\n|\n|t:|1783564945\n|move|p2a: Muk|Poison Jab|p1a: Annihilape\n|-resisted|p1a: Annihilape\n|-damage|p1a: Annihilape|113/292\n|move|p1a: Annihilape|Drain Punch|p2a: Muk\n|-resisted|p2a: Muk\n|-damage|p2a: Muk|51/100\n|-heal|p1a: Annihilape|154/292|[from] drain|[of] p2a: Muk\n|\n|upkeep\n|turn|17\n|inactive|Time left: 300 sec this turn | 300 sec total\n|\n|t:|1783564946\n|move|p2a: Muk|Poison Jab|p1a: Annihilape\n|-resisted|p1a: Annihilape\n|-damage|p1a: Annihilape|98/292\n|-status|p1a: Annihilape|psn|[from] ability: Poison Touch|[of] p2a: Muk\n|move|p1a: Annihilape|Drain Punch|p2a: Muk\n|-resisted|p2a: Muk\n|-damage|p2a: Muk|27/100\n|-heal|p1a: Annihilape|137/292 psn|[from] drain|[of] p2a: Muk\n|\n|-damage|p1a: Annihilape|101/292 psn|[from] psn\n|upkeep\n|turn|18\n|inactive|Time left: 300 sec this turn | 300 sec total\n|\n|t:|1783564947\n|move|p2a: Muk|Knock Off|p1a: Annihilape\n|-damage|p1a: Annihilape|40/292 psn\n|move|p1a: Annihilape|Rest|p1a: Annihilape\n|-status|p1a: Annihilape|slp|[from] move: Rest\n|-heal|p1a: Annihilape|292/292 slp|[silent]\n|\n|upkeep\n|turn|19\n|inactive|Time left: 300 sec this turn | 300 sec total\n|\n|t:|1783564948\n|move|p2a: Muk|Shadow Sneak|p1a: Annihilape\n|-supereffective|p1a: Annihilape\n|-damage|p1a: Annihilape|218/292 slp\n|cant|p1a: Annihilape|slp\n|\n|upkeep\n|turn|20\n|inactive|Time left: 300 sec this turn | 300 sec total\n|\n|t:|1783564949\n|move|p2a: Muk|Poison Jab|p1a: Annihilape\n|-resisted|p1a: Annihilape\n|-damage|p1a: Annihilape|159/292 slp\n|cant|p1a: Annihilape|slp\n|\n|upkeep\n|turn|21\n|inactive|Time left: 300 sec this turn | 300 sec total\n|\n|t:|1783564950\n|move|p2a: Muk|Shadow Sneak|p1a: Annihilape\n|-supereffective|p1a: Annihilape\n|-damage|p1a: Annihilape|83/292 slp\n|-curestatus|p1a: Annihilape|slp|[msg]\n|move|p1a: Annihilape|Drain Punch|p2a: Muk\n|-resisted|p2a: Muk\n|-damage|p2a: Muk|1/100\n|-heal|p1a: Annihilape|124/292|[from] drain|[of] p2a: Muk\n|\n|upkeep\n|turn|22\n|inactive|Time left: 300 sec this turn | 300 sec total\n|\n|t:|1783564951\n|move|p2a: Muk|Knock Off|p1a: Annihilape\n|-damage|p1a: Annihilape|60/292\n|move|p1a: Annihilape|Drain Punch|p2a: Muk\n|-resisted|p2a: Muk\n|-damage|p2a: Muk|0 fnt\n|-heal|p1a: Annihilape|62/292|[from] drain|[of] p2a: Muk\n|faint|p2a: Muk\n|\n|upkeep\n|\n|t:|1783564952\n|switch|p2a: Cramorant|Cramorant, L86, M|88/100\n|turn|23\n|inactive|Time left: 300 sec this turn | 300 sec total\n|\n|t:|1783564953\n|switch|p1a: Farigiraf|Farigiraf, L90, M|362/362\n|-activate|p1a: Farigiraf|move: Sticky Web\n|-unboost|p1a: Farigiraf|spe|1\n|move|p2a: Cramorant|Surf|p1a: Farigiraf\n|-formechange|p2a: Cramorant|Cramorant-Gulping|\n|-damage|p1a: Farigiraf|265/362\n|\n|-heal|p1a: Farigiraf|287/362|[from] item: Leftovers\n|upkeep\n|turn|24\n|inactive|Time left: 300 sec this turn | 300 sec total\n|\n|t:|1783564954\n|move|p2a: Cramorant|Surf|p1a: Farigiraf\n|-damage|p1a: Farigiraf|193/362\n|move|p1a: Farigiraf|Body Slam|p2a: Cramorant\n|-damage|p2a: Cramorant|40/100\n|-damage|p1a: Farigiraf|103/362|[from] ability: Gulp Missile|[of] p2a: Cramorant\n|-unboost|p1a: Farigiraf|def|1\n|-formechange|p2a: Cramorant|Cramorant|\n|\n|-heal|p1a: Farigiraf|125/362|[from] item: Leftovers\n|upkeep\n|turn|25\n|inactive|Time left: 300 sec this turn | 300 sec total\n|\n|t:|1783564955\n|move|p2a: Cramorant|Roost|p2a: Cramorant\n|-heal|p2a: Cramorant|90/100\n|-singleturn|p2a: Cramorant|move: Roost\n|move|p1a: Farigiraf|Body Slam|p2a: Cramorant\n|-damage|p2a: Cramorant|36/100\n|\n|-heal|p1a: Farigiraf|147/362|[from] item: Leftovers\n|upkeep\n|turn|26\n|inactive|Time left: 300 sec this turn | 300 sec total\n|\n|t:|1783564956\n|move|p2a: Cramorant|Roost|p2a: Cramorant\n|-heal|p2a: Cramorant|86/100\n|-singleturn|p2a: Cramorant|move: Roost\n|move|p1a: Farigiraf|Body Slam|p2a: Cramorant\n|-damage|p2a: Cramorant|39/100\n|\n|-heal|p1a: Farigiraf|169/362|[from] item: Leftovers\n|upkeep\n|turn|27\n|inactive|Time left: 300 sec this turn | 300 sec total\n|\n|t:|1783564957\n|move|p2a: Cramorant|Roost|p2a: Cramorant\n|-heal|p2a: Cramorant|89/100\n|-singleturn|p2a: Cramorant|move: Roost\n|move|p1a: Farigiraf|Body Slam|p2a: Cramorant\n|-damage|p2a: Cramorant|35/100\n|-status|p2a: Cramorant|par\n|\n|-heal|p1a: Farigiraf|191/362|[from] item: Leftovers\n|upkeep\n|turn|28\n|inactive|Time left: 300 sec this turn | 300 sec total\n|\n|t:|1783564957\n|-terastallize|p1a: Farigiraf|Fairy\n|-terastallize|p2a: Cramorant|Ground\n|move|p1a: Farigiraf|Body Slam|p2a: Cramorant\n|-damage|p2a: Cramorant|0 fnt\n|faint|p2a: Cramorant\n|\n|win|p0x215445a4", "uploadtime": 1783564957, "views": 0, "rating": 0, "private": 0, "password": null, "_winner": "p0x215445a4", "_our_name": "p0x215445a4"}