{"id": "battle-gen9randombattle-2947", "formatid": "gen9randombattle", "format": "[Gen 9] Random Battle", "players": ["p0x2947623f", "p0y2947b0a0"], "log": "|init|battle\n|title|p0x2947623f vs. p0y2947b0a0\n|j|\u2606p0x2947623f\n|j|\u2606p0y2947b0a0\n|t:|1783573919\n|gametype|singles\n|player|p1|p0x2947623f|169|\n|player|p2|p0y2947b0a0|1|\n|gen|9\n|tier|[Gen 9] Random Battle\n|rule|Species Clause: Limit one of each Pok\u00e9mon\n|rule|HP Percentage Mod: HP is shown in percentages\n|rule|Sleep Clause Mod: Limit one foe put to sleep\n|rule|Illusion Level Mod: Illusion disguises the Pok\u00e9mon's true level\n|\n|t:|1783573919\n|teamsize|p1|6\n|teamsize|p2|6\n|start\n|switch|p1a: Dunsparce|Dunsparce, L86, F|312/312\n|switch|p2a: Solgaleo|Solgaleo, L74|100/100\n|turn|1\n|inactive|Battle timer is ON: inactive players will automatically lose when time's up. (requested by p0x2947623f)\n|inactive|p0y2947b0a0 also wants the timer to be on.\n|\n|t:|1783573921\n|move|p2a: Solgaleo|Sunsteel Strike|p1a: Dunsparce\n|-damage|p1a: Dunsparce|233/312\n|move|p1a: Dunsparce|Coil|p1a: Dunsparce\n|-boost|p1a: Dunsparce|atk|1\n|-boost|p1a: Dunsparce|def|1\n|-boost|p1a: Dunsparce|accuracy|1\n|\n|upkeep\n|turn|2\n|inactive|Time left: 300 sec this turn | 300 sec total\n|\n|t:|1783573922\n|move|p1a: Dunsparce|Earthquake|p2a: Solgaleo\n|-supereffective|p2a: Solgaleo\n|-damage|p2a: Solgaleo|46/100\n|move|p2a: Solgaleo|Roar|p1a: Dunsparce\n|drag|p1a: Hawlucha|Hawlucha, L80, M|256/256\n|\n|upkeep\n|turn|3\n|inactive|Time left: 300 sec this turn | 300 sec total\n|\n|t:|1783573923\n|move|p1a: Hawlucha|Swords Dance|p1a: Hawlucha\n|-boost|p1a: Hawlucha|atk|2\n|move|p2a: Solgaleo|Morning Sun|p2a: Solgaleo\n|-heal|p2a: Solgaleo|96/100\n|\n|upkeep\n|turn|4\n|inactive|Time left: 300 sec this turn | 300 sec total\n|\n|t:|1783573924\n|move|p1a: Hawlucha|Close Combat|p2a: Solgaleo\n|-damage|p2a: Solgaleo|33/100\n|-unboost|p1a: Hawlucha|def|1\n|-unboost|p1a: Hawlucha|spd|1\n|-damage|p1a: Hawlucha|214/256|[from] item: Rocky Helmet|[of] p2a: Solgaleo\n|-enditem|p1a: Hawlucha|White Herb\n|-clearnegativeboost|p1a: Hawlucha|[silent]\n|move|p2a: Solgaleo|Sunsteel Strike|p1a: Hawlucha\n|-damage|p1a: Hawlucha|96/256\n|\n|upkeep\n|turn|5\n|inactive|Time left: 300 sec this turn | 300 sec total\n|\n|t:|1783573925\n|move|p1a: Hawlucha|Close Combat|p2a: Solgaleo\n|-damage|p2a: Solgaleo|0 fnt\n|-unboost|p1a: Hawlucha|def|1\n|-unboost|p1a: Hawlucha|spd|1\n|-damage|p1a: Hawlucha|54/256|[from] item: Rocky Helmet|[of] p2a: Solgaleo\n|faint|p2a: Solgaleo\n|\n|upkeep\n|\n|t:|1783573926\n|switch|p2a: Overqwil|Overqwil, L82, F|100/100\n|-ability|p2a: Overqwil|Intimidate|boost\n|-unboost|p1a: Hawlucha|atk|1\n|turn|6\n|inactive|Time left: 300 sec this turn | 300 sec total\n|\n|t:|1783573927\n|move|p2a: Overqwil|Aqua Jet|p1a: Hawlucha\n|-damage|p1a: Hawlucha|0 fnt\n|faint|p1a: Hawlucha\n|\n|upkeep\n|inactive|Time left: 300 sec this turn | 300 sec total | 5 sec grace\n|\n|t:|1783573928\n|switch|p1a: Abomasnow|Abomasnow, L84, F|287/287\n|-weather|Snowscape|[from] ability: Snow Warning|[of] p1a: Abomasnow\n|turn|7\n|inactive|Time left: 300 sec this turn | 300 sec total\n|\n|t:|1783573929\n|switch|p2a: Heracross|Heracross, L80, F|100/100\n|move|p1a: Abomasnow|Aurora Veil|p1a: Abomasnow\n|-sidestart|p1: p0x2947623f|move: Aurora Veil\n|\n|-weather|Snowscape|[upkeep]\n|upkeep\n|turn|8\n|inactive|Time left: 300 sec this turn | 300 sec total\n|\n|t:|1783573930\n|switch|p1a: Iron Hands|Iron Hands, L79|373/373\n|move|p2a: Heracross|Knock Off|p1a: Iron Hands\n|-resisted|p1a: Iron Hands\n|-damage|p1a: Iron Hands|348/373\n|-enditem|p1a: Iron Hands|Leftovers|[from] move: Knock Off|[of] p2a: Heracross\n|\n|-weather|Snowscape|[upkeep]\n|upkeep\n|turn|9\n|inactive|Time left: 300 sec this turn | 300 sec total\n|\n|t:|1783573931\n|switch|p2a: Overqwil|Overqwil, L82, F|100/100\n|-ability|p2a: Overqwil|Intimidate|boost\n|-unboost|p1a: Iron Hands|atk|1\n|move|p1a: Iron Hands|Swords Dance|p1a: Iron Hands\n|-boost|p1a: Iron Hands|atk|2\n|\n|-weather|Snowscape|[upkeep]\n|upkeep\n|turn|10\n|inactive|Time left: 300 sec this turn | 300 sec total\n|\n|t:|1783573932\n|move|p2a: Overqwil|Gunk Shot|p1a: Iron Hands\n|-damage|p1a: Iron Hands|255/373\n|move|p1a: Iron Hands|Swords Dance|p1a: Iron Hands\n|-boost|p1a: Iron Hands|atk|2\n|\n|-weather|Snowscape|[upkeep]\n|upkeep\n|turn|11\n|inactive|Time left: 300 sec this turn | 300 sec total\n|\n|t:|1783573933\n|move|p2a: Overqwil|Gunk Shot|p1a: Iron Hands\n|-damage|p1a: Iron Hands|162/373\n|-status|p1a: Iron Hands|psn\n|move|p1a: Iron Hands|Drain Punch|p2a: Overqwil\n|-damage|p2a: Overqwil|23/100\n|-heal|p1a: Iron Hands|269/373 psn|[from] drain|[of] p2a: Overqwil\n|\n|-weather|none\n|-damage|p1a: Iron Hands|223/373 psn|[from] psn\n|upkeep\n|turn|12\n|inactive|Time left: 300 sec this turn | 300 sec total\n|\n|t:|1783573934\n|move|p2a: Overqwil|Gunk Shot|p1a: Iron Hands\n|-damage|p1a: Iron Hands|133/373 psn\n|move|p1a: Iron Hands|Drain Punch|p2a: Overqwil\n|-damage|p2a: Overqwil|0 fnt\n|-heal|p1a: Iron Hands|164/373 psn|[from] drain|[of] p2a: Overqwil\n|faint|p2a: Overqwil\n|\n|-damage|p1a: Iron Hands|118/373 psn|[from] psn\n|upkeep\n|\n|t:|1783573935\n|switch|p2a: Heracross|Heracross, L80, F|100/100\n|turn|13\n|inactive|Time left: 300 sec this turn | 300 sec total\n|\n|t:|1783573936\n|-terastallize|p2a: Heracross|Fighting\n|move|p2a: Heracross|Close Combat|p1a: Iron Hands\n|-damage|p1a: Iron Hands|0 fnt\n|-unboost|p2a: Heracross|def|1\n|-unboost|p2a: Heracross|spd|1\n|faint|p1a: Iron Hands\n|-end|p1a: Iron Hands|Quark Drive|[silent]\n|-ability|p2a: Heracross|Moxie|boost\n|-boost|p2a: Heracross|atk|1\n|\n|upkeep\n|inactive|Time left: 300 sec this turn | 300 sec total | 5 sec grace\n|\n|t:|1783573937\n|switch|p1a: Noctowl|Noctowl, L95, F|344/344\n|turn|14\n|inactive|Time left: 300 sec this turn | 300 sec total\n|\n|t:|1783573938\n|move|p1a: Noctowl|Hurricane|p2a: Heracross\n|-supereffective|p2a: Heracross\n|-damage|p2a: Heracross|0 fnt\n|faint|p2a: Heracross\n|\n|-sideend|p1: p0x2947623f|move: Aurora Veil\n|upkeep\n|\n|t:|1783573939\n|switch|p2a: Rhyperior|Rhyperior, L82, F|100/100\n|turn|15\n|inactive|Time left: 300 sec this turn | 300 sec total\n|\n|t:|1783573940\n|-terastallize|p1a: Noctowl|Normal\n|move|p1a: Noctowl|Nasty Plot|p1a: Noctowl\n|-boost|p1a: Noctowl|spa|2\n|move|p2a: Rhyperior|Stone Edge|p1a: Noctowl\n|-damage|p1a: Noctowl|178/344\n|\n|upkeep\n|turn|16\n|inactive|Time left: 300 sec this turn | 300 sec total\n|\n|t:|1783573941\n|move|p1a: Noctowl|Hyper Voice|p2a: Rhyperior\n|-resisted|p2a: Rhyperior\n|-crit|p2a: Rhyperior\n|-damage|p2a: Rhyperior|0 fnt\n|faint|p2a: Rhyperior\n|\n|upkeep\n|\n|t:|1783573942\n|switch|p2a: Keldeo|Keldeo-Resolute, L79|100/100\n|turn|17\n|inactive|Time left: 300 sec this turn | 300 sec total\n|\n|t:|1783573943\n|move|p2a: Keldeo|Secret Sword|p1a: Noctowl\n|-supereffective|p1a: Noctowl\n|-damage|p1a: Noctowl|0 fnt\n|faint|p1a: Noctowl\n|\n|upkeep\n|inactive|Time left: 300 sec this turn | 300 sec total | 5 sec grace\n|\n|t:|1783573944\n|switch|p1a: Abomasnow|Abomasnow, L84, F|287/287\n|-weather|Snowscape|[from] ability: Snow Warning|[of] p1a: Abomasnow\n|turn|18\n|inactive|Time left: 300 sec this turn | 300 sec total\n|\n|t:|1783573945\n|move|p2a: Keldeo|Secret Sword|p1a: Abomasnow\n|-supereffective|p1a: Abomasnow\n|-damage|p1a: Abomasnow|125/287\n|move|p1a: Abomasnow|Aurora Veil|p1a: Abomasnow\n|-sidestart|p1: p0x2947623f|move: Aurora Veil\n|\n|-weather|Snowscape|[upkeep]\n|upkeep\n|turn|19\n|inactive|Time left: 300 sec this turn | 300 sec total\n|\n|t:|1783573946\n|switch|p1a: Dunsparce|Dunsparce, L86, F|233/312\n|move|p2a: Keldeo|Substitute|p2a: Keldeo\n|-start|p2a: Keldeo|Substitute\n|-damage|p2a: Keldeo|76/100\n|\n|-weather|Snowscape|[upkeep]\n|-heal|p2a: Keldeo|82/100|[from] item: Leftovers\n|upkeep\n|turn|20\n|inactive|Time left: 300 sec this turn | 300 sec total\n|\n|t:|1783573947\n|move|p2a: Keldeo|Calm Mind|p2a: Keldeo\n|-boost|p2a: Keldeo|spa|1\n|-boost|p2a: Keldeo|spd|1\n|move|p1a: Dunsparce|Body Slam|p2a: Keldeo\n|-end|p2a: Keldeo|Substitute\n|\n|-weather|Snowscape|[upkeep]\n|-heal|p2a: Keldeo|88/100|[from] item: Leftovers\n|upkeep\n|turn|21\n|inactive|Time left: 300 sec this turn | 300 sec total\n|\n|t:|1783573948\n|move|p2a: Keldeo|Secret Sword|p1a: Dunsparce\n|-supereffective|p1a: Dunsparce\n|-damage|p1a: Dunsparce|124/312\n|move|p1a: Dunsparce|Body Slam|p2a: Keldeo\n|-damage|p2a: Keldeo|58/100\n|-status|p2a: Keldeo|par\n|\n|-weather|Snowscape|[upkeep]\n|-heal|p2a: Keldeo|65/100 par|[from] item: Leftovers\n|upkeep\n|turn|22\n|inactive|Time left: 300 sec this turn | 300 sec total\n|\n|t:|1783573949\n|move|p1a: Dunsparce|Roost|p1a: Dunsparce\n|-heal|p1a: Dunsparce|280/312\n|-singleturn|p1a: Dunsparce|move: Roost\n|move|p2a: Keldeo|Calm Mind|p2a: Keldeo\n|-boost|p2a: Keldeo|spa|1\n|-boost|p2a: Keldeo|spd|1\n|\n|-weather|none\n|-heal|p2a: Keldeo|71/100 par|[from] item: Leftovers\n|upkeep\n|turn|23\n|inactive|Time left: 300 sec this turn | 300 sec total\n|\n|t:|1783573949\n|move|p1a: Dunsparce|Coil|p1a: Dunsparce\n|-boost|p1a: Dunsparce|atk|1\n|-boost|p1a: Dunsparce|def|1\n|-boost|p1a: Dunsparce|accuracy|1\n|cant|p2a: Keldeo|par\n|\n|-heal|p2a: Keldeo|77/100 par|[from] item: Leftovers\n|upkeep\n|turn|24\n|inactive|Time left: 300 sec this turn | 300 sec total\n|\n|t:|1783573950\n|move|p1a: Dunsparce|Body Slam|p2a: Keldeo\n|-damage|p2a: Keldeo|34/100 par\n|move|p2a: Keldeo|Substitute|p2a: Keldeo\n|-start|p2a: Keldeo|Substitute\n|-damage|p2a: Keldeo|9/100 par\n|\n|-heal|p2a: Keldeo|15/100 par|[from] item: Leftovers\n|upkeep\n|turn|25\n|inactive|Time left: 300 sec this turn | 300 sec total\n|\n|t:|1783573951\n|move|p1a: Dunsparce|Earthquake|p2a: Keldeo\n|-crit|p2a: Keldeo\n|-end|p2a: Keldeo|Substitute\n|move|p2a: Keldeo|Secret Sword|p1a: Dunsparce\n|-supereffective|p1a: Dunsparce\n|-damage|p1a: Dunsparce|181/312\n|\n|-heal|p2a: Keldeo|21/100 par|[from] item: Leftovers\n|-sideend|p1: p0x2947623f|move: Aurora Veil\n|upkeep\n|turn|26\n|inactive|Time left: 300 sec this turn | 300 sec total\n|\n|t:|1783573952\n|move|p1a: Dunsparce|Earthquake|p2a: Keldeo\n|-damage|p2a: Keldeo|0 fnt\n|faint|p2a: Keldeo\n|\n|upkeep\n|\n|t:|1783573953\n|switch|p2a: Roaring Moon|Roaring Moon, L72|100/100\n|turn|27\n|inactive|Time left: 300 sec this turn | 300 sec total\n|\n|t:|1783573953\n|move|p2a: Roaring Moon|Outrage|p1a: Dunsparce\n|-damage|p1a: Dunsparce|117/312\n|move|p1a: Dunsparce|Body Slam|p2a: Roaring Moon\n|-damage|p2a: Roaring Moon|43/100\n|-status|p2a: Roaring Moon|par\n|-enditem|p2a: Roaring Moon|Lum Berry|[eat]\n|-curestatus|p2a: Roaring Moon|par|[msg]\n|\n|upkeep\n|turn|28\n|inactive|Time left: 300 sec this turn | 300 sec total\n|\n|t:|1783573954\n|move|p2a: Roaring Moon|Outrage|p1a: Dunsparce|[from] lockedmove\n|-damage|p1a: Dunsparce|53/312\n|-start|p2a: Roaring Moon|confusion|[fatigue]\n|move|p1a: Dunsparce|Body Slam|p2a: Roaring Moon\n|-damage|p2a: Roaring Moon|0 fnt\n|faint|p2a: Roaring Moon\n|-end|p2a: Roaring Moon|Protosynthesis|[silent]\n|\n|win|p0x2947623f", "uploadtime": 1783573954, "views": 0, "rating": 0, "private": 0, "password": null, "_winner": "p0x2947623f", "_our_name": "p0x2947623f"}