{"id": "battle-gen9randombattle-74", "formatid": "gen9randombattle", "format": "[Gen 9] Random Battle", "players": ["p0x0749c0f", "p0y07469f6"], "log": "|init|battle\n|title|p0x0749c0f vs. p0y07469f6\n|j|\u2606p0x0749c0f\n|j|\u2606p0y07469f6\n|t:|1783534636\n|gametype|singles\n|player|p1|p0x0749c0f|2|\n|player|p2|p0y07469f6|169|\n|gen|9\n|tier|[Gen 9] Random Battle\n|rule|Species Clause: Limit one of each Pok\u00e9mon\n|rule|HP Percentage Mod: HP is shown in percentages\n|rule|Sleep Clause Mod: Limit one foe put to sleep\n|rule|Illusion Level Mod: Illusion disguises the Pok\u00e9mon's true level\n|\n|t:|1783534636\n|teamsize|p1|6\n|teamsize|p2|6\n|start\n|switch|p1a: Dodrio|Dodrio, L85, M|241/241\n|switch|p2a: Dunsparce|Dunsparce, L86, M|100/100\n|turn|1\n|inactive|Battle timer is ON: inactive players will automatically lose when time's up. (requested by p0x0749c0f)\n|inactive|p0y07469f6 also wants the timer to be on.\n|\n|t:|1783534638\n|move|p1a: Dodrio|Swords Dance|p1a: Dodrio\n|-boost|p1a: Dodrio|atk|2\n|move|p2a: Dunsparce|Coil|p2a: Dunsparce\n|-boost|p2a: Dunsparce|atk|1\n|-boost|p2a: Dunsparce|def|1\n|-boost|p2a: Dunsparce|accuracy|1\n|\n|upkeep\n|turn|2\n|inactive|Time left: 300 sec this turn | 300 sec total\n|\n|t:|1783534639\n|move|p1a: Dodrio|Brave Bird|p2a: Dunsparce\n|-damage|p2a: Dunsparce|57/100\n|-damage|p1a: Dodrio|196/241|[from] Recoil\n|move|p2a: Dunsparce|Body Slam|p1a: Dodrio\n|-damage|p1a: Dodrio|66/241\n|\n|upkeep\n|turn|3\n|inactive|Time left: 300 sec this turn | 300 sec total\n|\n|t:|1783534640\n|-terastallize|p1a: Dodrio|Flying\n|move|p1a: Dodrio|Brave Bird|p2a: Dunsparce\n|-damage|p2a: Dunsparce|0 fnt\n|faint|p2a: Dunsparce\n|-damage|p1a: Dodrio|8/241|[from] Recoil\n|\n|upkeep\n|\n|t:|1783534641\n|switch|p2a: Glimmora|Glimmora, L75, M|100/100\n|turn|4\n|inactive|Time left: 300 sec this turn | 300 sec total\n|\n|t:|1783534642\n|move|p1a: Dodrio|Drill Run|p2a: Glimmora\n|-supereffective|p2a: Glimmora\n|-damage|p2a: Glimmora|0 fnt\n|-activate|p2a: Glimmora|ability: Toxic Debris\n|-sidestart|p1: p0x0749c0f|move: Toxic Spikes\n|faint|p2a: Glimmora\n|\n|upkeep\n|\n|t:|1783534642\n|switch|p2a: Scream Tail|Scream Tail, L84|100/100\n|turn|5\n|inactive|Time left: 300 sec this turn | 300 sec total\n|\n|t:|1783534643\n|move|p2a: Scream Tail|Protect|p2a: Scream Tail\n|-singleturn|p2a: Scream Tail|Protect\n|move|p1a: Dodrio|Brave Bird|p2a: Scream Tail\n|-activate|p2a: Scream Tail|move: Protect\n|\n|upkeep\n|turn|6\n|inactive|Time left: 300 sec this turn | 300 sec total\n|\n|t:|1783534644\n|move|p1a: Dodrio|Brave Bird|p2a: Scream Tail\n|-damage|p2a: Scream Tail|1/100\n|-damage|p1a: Dodrio|0 fnt|[from] Recoil\n|faint|p1a: Dodrio\n|move|p2a: Scream Tail|Play Rough|p1: Dodrio|[notarget]\n|-fail|p2a: Scream Tail\n|\n|-heal|p2a: Scream Tail|7/100|[from] item: Leftovers\n|upkeep\n|inactive|Time left: 300 sec this turn | 300 sec total | 5 sec grace\n|\n|t:|1783534645\n|switch|p1a: Iron Bundle|Iron Bundle, L78|215/215\n|-status|p1a: Iron Bundle|psn\n|turn|7\n|inactive|Time left: 300 sec this turn | 300 sec total\n|\n|t:|1783534646\n|-end|p2a: Scream Tail|Protosynthesis|[silent]\n|switch|p2a: Glaceon|Glaceon, L94, F|100/100\n|move|p1a: Iron Bundle|Ice Beam|p2a: Glaceon\n|-resisted|p2a: Glaceon\n|-damage|p2a: Glaceon|79/100\n|\n|-damage|p1a: Iron Bundle|189/215 psn|[from] psn\n|upkeep\n|turn|8\n|inactive|Time left: 300 sec this turn | 300 sec total\n|\n|t:|1783534647\n|-end|p1a: Iron Bundle|Quark Drive|[silent]\n|switch|p1a: Infernape|Infernape, L82, F|259/259\n|-status|p1a: Infernape|psn\n|move|p2a: Glaceon|Freeze-Dry|p1a: Infernape\n|-resisted|p1a: Infernape\n|-damage|p1a: Infernape|196/259 psn\n|\n|-damage|p1a: Infernape|164/259 psn|[from] psn\n|upkeep\n|turn|9\n|inactive|Time left: 300 sec this turn | 300 sec total\n|\n|t:|1783534648\n|move|p2a: Glaceon|Protect|p2a: Glaceon\n|-singleturn|p2a: Glaceon|Protect\n|move|p1a: Infernape|Close Combat|p2a: Glaceon\n|-activate|p2a: Glaceon|move: Protect\n|\n|-damage|p1a: Infernape|132/259 psn|[from] psn\n|upkeep\n|turn|10\n|inactive|Time left: 300 sec this turn | 300 sec total\n|\n|t:|1783534649\n|switch|p2a: Rayquaza|Rayquaza, L72|100/100\n|-ability|p2a: Rayquaza|Air Lock\n|move|p1a: Infernape|Close Combat|p2a: Rayquaza\n|-resisted|p2a: Rayquaza\n|-damage|p2a: Rayquaza|60/100\n|-unboost|p1a: Infernape|def|1\n|-unboost|p1a: Infernape|spd|1\n|\n|-damage|p1a: Infernape|100/259 psn|[from] psn\n|upkeep\n|turn|11\n|inactive|Time left: 300 sec this turn | 300 sec total\n|\n|t:|1783534650\n|move|p1a: Infernape|Close Combat|p2a: Rayquaza\n|-resisted|p2a: Rayquaza\n|-damage|p2a: Rayquaza|21/100\n|-unboost|p1a: Infernape|def|1\n|-unboost|p1a: Infernape|spd|1\n|move|p2a: Rayquaza|Scale Shot|p1a: Infernape\n|-damage|p1a: Infernape|33/259 psn\n|-crit|p1a: Infernape\n|-damage|p1a: Infernape|0 fnt\n|faint|p1a: Infernape\n|-hitcount|p1: Infernape|2\n|-unboost|p2a: Rayquaza|def|1\n|-boost|p2a: Rayquaza|spe|1\n|\n|upkeep\n|inactive|Time left: 300 sec this turn | 300 sec total | 5 sec grace\n|\n|t:|1783534651\n|switch|p1a: Eiscue|Eiscue, L88, F|274/274\n|-status|p1a: Eiscue|psn\n|turn|12\n|inactive|Time left: 300 sec this turn | 300 sec total\n|\n|t:|1783534652\n|switch|p2a: Volcarona|Volcarona, L77, M|100/100\n|move|p1a: Eiscue|Belly Drum|p1a: Eiscue\n|-damage|p1a: Eiscue|137/274 psn\n|-setboost|p1a: Eiscue|atk|6|[from] move: Belly Drum\n|-enditem|p1a: Eiscue|Sitrus Berry|[eat]\n|-heal|p1a: Eiscue|205/274 psn|[from] item: Sitrus Berry\n|\n|-damage|p1a: Eiscue|171/274 psn|[from] psn\n|upkeep\n|turn|13\n|inactive|Time left: 300 sec this turn | 300 sec total\n|\n|t:|1783534653\n|move|p2a: Volcarona|Fire Blast|p1a: Eiscue\n|-supereffective|p1a: Eiscue\n|-damage|p1a: Eiscue|0 fnt\n|faint|p1a: Eiscue\n|\n|upkeep\n|inactive|Time left: 300 sec this turn | 300 sec total | 5 sec grace\n|\n|t:|1783534654\n|switch|p1a: Iron Bundle|Iron Bundle, L78|189/215 psn\n|turn|14\n|inactive|Time left: 300 sec this turn | 300 sec total\n|\n|t:|1783534655\n|move|p1a: Iron Bundle|Hydro Pump|p2a: Volcarona\n|-supereffective|p2a: Volcarona\n|-damage|p2a: Volcarona|0 fnt\n|faint|p2a: Volcarona\n|\n|-damage|p1a: Iron Bundle|163/215 psn|[from] psn\n|upkeep\n|\n|t:|1783534656\n|switch|p2a: Glaceon|Glaceon, L94, F|79/100\n|turn|15\n|inactive|Time left: 300 sec this turn | 300 sec total\n|\n|t:|1783534657\n|-terastallize|p2a: Glaceon|Water\n|move|p1a: Iron Bundle|Hydro Pump|p2a: Glaceon\n|-resisted|p2a: Glaceon\n|-damage|p2a: Glaceon|49/100\n|move|p2a: Glaceon|Calm Mind|p2a: Glaceon\n|-boost|p2a: Glaceon|spa|1\n|-boost|p2a: Glaceon|spd|1\n|\n|-damage|p1a: Iron Bundle|137/215 psn|[from] psn\n|upkeep\n|turn|16\n|inactive|Time left: 300 sec this turn | 300 sec total\n|\n|t:|1783534658\n|move|p1a: Iron Bundle|Hydro Pump|p2a: Glaceon\n|-resisted|p2a: Glaceon\n|-damage|p2a: Glaceon|28/100\n|move|p2a: Glaceon|Wish|p2a: Glaceon\n|\n|-damage|p1a: Iron Bundle|111/215 psn|[from] psn\n|upkeep\n|turn|17\n|inactive|Time left: 300 sec this turn | 300 sec total\n|\n|t:|1783534659\n|move|p1a: Iron Bundle|Hydro Pump|p2a: Glaceon|[miss]\n|-miss|p1a: Iron Bundle|p2a: Glaceon\n|move|p2a: Glaceon|Freeze-Dry|p1a: Iron Bundle\n|-damage|p1a: Iron Bundle|0 fnt\n|faint|p1a: Iron Bundle\n|-end|p1a: Iron Bundle|Quark Drive|[silent]\n|\n|-heal|p2a: Glaceon|78/100|[from] move: Wish|[wisher] Glaceon\n|upkeep\n|inactive|Time left: 300 sec this turn | 300 sec total | 5 sec grace\n|\n|t:|1783534660\n|switch|p1a: Leafeon|Leafeon, L88, M|258/258\n|-status|p1a: Leafeon|psn\n|turn|18\n|inactive|Time left: 300 sec this turn | 300 sec total\n|\n|t:|1783534661\n|move|p1a: Leafeon|Leaf Blade|p2a: Glaceon\n|-supereffective|p2a: Glaceon\n|-damage|p2a: Glaceon|0 fnt\n|faint|p2a: Glaceon\n|-damage|p1a: Leafeon|233/258 psn|[from] item: Life Orb\n|\n|-damage|p1a: Leafeon|201/258 psn|[from] psn\n|upkeep\n|\n|t:|1783534661\n|switch|p2a: Scream Tail|Scream Tail, L84|7/100\n|turn|19\n|inactive|Time left: 300 sec this turn | 300 sec total\n|\n|t:|1783534662\n|move|p2a: Scream Tail|Protect|p2a: Scream Tail\n|-singleturn|p2a: Scream Tail|Protect\n|move|p1a: Leafeon|Double-Edge|p2a: Scream Tail\n|-activate|p2a: Scream Tail|move: Protect\n|\n|-heal|p2a: Scream Tail|13/100|[from] item: Leftovers\n|-damage|p1a: Leafeon|169/258 psn|[from] psn\n|upkeep\n|turn|20\n|inactive|Time left: 300 sec this turn | 300 sec total\n|\n|t:|1783534663\n|move|p2a: Scream Tail|Protect|p2a: Scream Tail\n|-singleturn|p2a: Scream Tail|Protect\n|move|p1a: Leafeon|Double-Edge|p2a: Scream Tail\n|-activate|p2a: Scream Tail|move: Protect\n|\n|-heal|p2a: Scream Tail|19/100|[from] item: Leftovers\n|-damage|p1a: Leafeon|137/258 psn|[from] psn\n|upkeep\n|turn|21\n|inactive|Time left: 300 sec this turn | 300 sec total\n|\n|t:|1783534664\n|move|p2a: Scream Tail|Protect||[still]\n|-fail|p2a: Scream Tail\n|move|p1a: Leafeon|Double-Edge|p2a: Scream Tail\n|-crit|p2a: Scream Tail\n|-damage|p2a: Scream Tail|0 fnt\n|faint|p2a: Scream Tail\n|-end|p2a: Scream Tail|Protosynthesis|[silent]\n|-damage|p1a: Leafeon|117/258 psn|[from] Recoil\n|-damage|p1a: Leafeon|92/258 psn|[from] item: Life Orb\n|\n|-damage|p1a: Leafeon|60/258 psn|[from] psn\n|upkeep\n|\n|t:|1783534665\n|switch|p2a: Rayquaza|Rayquaza, L72|21/100\n|-ability|p2a: Rayquaza|Air Lock\n|turn|22\n|inactive|Time left: 300 sec this turn | 300 sec total\n|\n|t:|1783534666\n|move|p1a: Leafeon|Knock Off|p2a: Rayquaza\n|-damage|p2a: Rayquaza|0 fnt\n|-enditem|p2a: Rayquaza|Loaded Dice|[from] move: Knock Off|[of] p1a: Leafeon\n|faint|p2a: Rayquaza\n|-damage|p1a: Leafeon|35/258 psn|[from] item: Life Orb\n|\n|win|p0x0749c0f", "uploadtime": 1783534666, "views": 0, "rating": 0, "private": 0, "password": null, "_winner": "p0x0749c0f", "_our_name": "p0x0749c0f"}