{"id": "battle-gen9randombattle-416", "formatid": "gen9randombattle", "format": "[Gen 9] Random Battle", "players": ["p0x4169f13", "p0y41650bb"], "log": "|init|battle\n|title|p0x4169f13 vs. p0y41650bb\n|j|\u2606p0x4169f13\n|j|\u2606p0y41650bb\n|t:|1783543874\n|gametype|singles\n|player|p1|p0x4169f13|101|\n|player|p2|p0y41650bb|101|\n|gen|9\n|tier|[Gen 9] Random Battle\n|rule|Species Clause: Limit one of each Pok\u00e9mon\n|rule|HP Percentage Mod: HP is shown in percentages\n|rule|Sleep Clause Mod: Limit one foe put to sleep\n|rule|Illusion Level Mod: Illusion disguises the Pok\u00e9mon's true level\n|\n|t:|1783543874\n|teamsize|p1|6\n|teamsize|p2|6\n|start\n|switch|p1a: Delphox|Delphox, L84, F|100/100\n|switch|p2a: Raging Bolt|Raging Bolt, L78|323/323\n|turn|1\n|inactive|Battle timer is ON: inactive players will automatically lose when time's up. (requested by p0y41650bb)\n|\n|t:|1783543876\n|move|p1a: Delphox|Nasty Plot|p1a: Delphox\n|-boost|p1a: Delphox|spa|2\n|move|p2a: Raging Bolt|Calm Mind|p2a: Raging Bolt\n|-boost|p2a: Raging Bolt|spa|1\n|-boost|p2a: Raging Bolt|spd|1\n|\n|upkeep\n|turn|2\n|inactive|Time left: 300 sec this turn | 300 sec total\n|inactive|p0x4169f13 also wants the timer to be on.\n|\n|t:|1783543877\n|move|p1a: Delphox|Psyshock|p2a: Raging Bolt\n|-damage|p2a: Raging Bolt|106/323\n|move|p2a: Raging Bolt|Thunderbolt|p1a: Delphox\n|-damage|p1a: Delphox|46/100\n|\n|-heal|p2a: Raging Bolt|126/323|[from] item: Leftovers\n|upkeep\n|turn|3\n|inactive|Time left: 300 sec this turn | 300 sec total\n|\n|t:|1783543879\n|move|p2a: Raging Bolt|Thunderclap|p1a: Delphox\n|-damage|p1a: Delphox|1/100\n|move|p1a: Delphox|Psyshock|p2a: Raging Bolt\n|-damage|p2a: Raging Bolt|0 fnt\n|faint|p2a: Raging Bolt\n|-end|p2a: Raging Bolt|Protosynthesis|[silent]\n|\n|upkeep\n|inactive|Time left: 300 sec this turn | 300 sec total | 5 sec grace\n|\n|t:|1783543880\n|switch|p2a: Flutter Mane|Flutter Mane, L74|203/203\n|turn|4\n|inactive|Time left: 300 sec this turn | 300 sec total\n|\n|t:|1783543881\n|move|p2a: Flutter Mane|Moonblast|p1a: Delphox\n|-resisted|p1a: Delphox\n|-damage|p1a: Delphox|0 fnt\n|faint|p1a: Delphox\n|-damage|p2a: Flutter Mane|183/203|[from] item: Life Orb\n|\n|upkeep\n|\n|t:|1783543882\n|switch|p1a: Oinkologne|Oinkologne, L92, M|100/100\n|turn|5\n|inactive|Time left: 300 sec this turn | 300 sec total\n|\n|t:|1783543883\n|-end|p2a: Flutter Mane|Protosynthesis|[silent]\n|switch|p2a: Brambleghast|Brambleghast, L88, F|240/240\n|move|p1a: Oinkologne|High Horsepower|p2a: Brambleghast\n|-resisted|p2a: Brambleghast\n|-damage|p2a: Brambleghast|195/240\n|\n|-heal|p2a: Brambleghast|210/240|[from] item: Leftovers\n|upkeep\n|turn|6\n|inactive|Time left: 300 sec this turn | 300 sec total\n|\n|t:|1783543884\n|move|p2a: Brambleghast|Leech Seed|p1a: Oinkologne\n|-start|p1a: Oinkologne|move: Leech Seed\n|move|p1a: Oinkologne|Lash Out|p2a: Brambleghast\n|-supereffective|p2a: Brambleghast\n|-damage|p2a: Brambleghast|60/240\n|\n|-heal|p2a: Brambleghast|75/240|[from] item: Leftovers\n|-damage|p1a: Oinkologne|88/100|[from] Leech Seed|[of] p2a: Brambleghast\n|-heal|p2a: Brambleghast|119/240|[silent]\n|upkeep\n|turn|7\n|inactive|Time left: 300 sec this turn | 300 sec total\n|\n|t:|1783543885\n|switch|p1a: Flapple|Flapple, L88, M|100/100\n|move|p2a: Brambleghast|Power Whip|p1a: Flapple\n|-resisted|p1a: Flapple\n|-damage|p1a: Flapple|84/100\n|\n|-heal|p2a: Brambleghast|134/240|[from] item: Leftovers\n|upkeep\n|turn|8\n|inactive|Time left: 300 sec this turn | 300 sec total\n|\n|t:|1783543887\n|move|p2a: Brambleghast|Poltergeist|p1a: Flapple\n|-activate|p1a: Flapple|move: Poltergeist|Choice Band\n|-damage|p1a: Flapple|26/100\n|move|p1a: Flapple|Grav Apple|p2a: Brambleghast|[miss]\n|-miss|p1a: Flapple|p2a: Brambleghast\n|\n|-heal|p2a: Brambleghast|149/240|[from] item: Leftovers\n|upkeep\n|turn|9\n|inactive|Time left: 300 sec this turn | 300 sec total\n|\n|t:|1783543888\n|move|p2a: Brambleghast|Poltergeist|p1a: Flapple\n|-activate|p1a: Flapple|move: Poltergeist|Choice Band\n|-damage|p1a: Flapple|0 fnt\n|faint|p1a: Flapple\n|\n|-heal|p2a: Brambleghast|164/240|[from] item: Leftovers\n|upkeep\n|\n|t:|1783543889\n|switch|p1a: Persian|Persian-Alola, L86, F|100/100\n|turn|10\n|inactive|Time left: 300 sec this turn | 300 sec total\n|\n|t:|1783543890\n|switch|p2a: Iron Hands|Iron Hands, L79|373/373\n|move|p1a: Persian|Nasty Plot|p1a: Persian\n|-boost|p1a: Persian|spa|2\n|\n|upkeep\n|turn|11\n|inactive|Time left: 300 sec this turn | 300 sec total\n|\n|t:|1783543891\n|-terastallize|p1a: Persian|Fairy\n|move|p1a: Persian|Tera Blast|p2a: Iron Hands|[anim] Tera Blast Fairy\n|-supereffective|p2a: Iron Hands\n|-crit|p2a: Iron Hands\n|-damage|p2a: Iron Hands|0 fnt\n|faint|p2a: Iron Hands\n|-end|p2a: Iron Hands|Quark Drive|[silent]\n|-damage|p1a: Persian|91/100|[from] item: Life Orb\n|\n|upkeep\n|inactive|Time left: 300 sec this turn | 300 sec total | 5 sec grace\n|\n|t:|1783543891\n|switch|p2a: Arbok|Arbok, L87, M|246/246\n|-ability|p2a: Arbok|Intimidate|boost\n|-unboost|p1a: Persian|atk|1\n|turn|12\n|inactive|Time left: 300 sec this turn | 300 sec total\n|\n|t:|1783543892\n|move|p1a: Persian|Dark Pulse|p2a: Arbok\n|-damage|p2a: Arbok|58/246\n|-damage|p1a: Persian|81/100|[from] item: Life Orb\n|cant|p2a: Arbok|flinch\n|\n|upkeep\n|turn|13\n|inactive|Time left: 300 sec this turn | 300 sec total\n|\n|t:|1783543893\n|move|p2a: Arbok|Sucker Punch|p1a: Persian\n|-resisted|p1a: Persian\n|-damage|p1a: Persian|72/100\n|-damage|p2a: Arbok|34/246|[from] item: Life Orb\n|move|p1a: Persian|Tera Blast|p2a: Arbok|[anim] Tera Blast Fairy\n|-resisted|p2a: Arbok\n|-damage|p2a: Arbok|0 fnt\n|faint|p2a: Arbok\n|-damage|p1a: Persian|62/100|[from] item: Life Orb\n|\n|upkeep\n|inactive|Time left: 300 sec this turn | 300 sec total | 5 sec grace\n|\n|t:|1783543894\n|switch|p2a: Flutter Mane|Flutter Mane, L74|183/203\n|turn|14\n|inactive|Time left: 300 sec this turn | 300 sec total\n|\n|t:|1783543895\n|move|p1a: Persian|Dark Pulse|p2a: Flutter Mane\n|-damage|p2a: Flutter Mane|22/203\n|-damage|p1a: Persian|52/100|[from] item: Life Orb\n|move|p2a: Flutter Mane|Moonblast|p1a: Persian\n|-damage|p1a: Persian|0 fnt\n|faint|p1a: Persian\n|-damage|p2a: Flutter Mane|2/203|[from] item: Life Orb\n|\n|upkeep\n|\n|t:|1783543895\n|switch|p1a: Oinkologne|Oinkologne, L92, M|88/100\n|turn|15\n|inactive|Time left: 300 sec this turn | 300 sec total\n|\n|t:|1783543896\n|move|p2a: Flutter Mane|Moonblast|p1a: Oinkologne\n|-damage|p1a: Oinkologne|50/100\n|-damage|p2a: Flutter Mane|0 fnt|[from] item: Life Orb\n|faint|p2a: Flutter Mane\n|-end|p2a: Flutter Mane|Protosynthesis|[silent]\n|move|p1a: Oinkologne|Curse|p1a: Oinkologne\n|-unboost|p1a: Oinkologne|spe|1\n|-boost|p1a: Oinkologne|atk|1\n|-boost|p1a: Oinkologne|def|1\n|\n|-heal|p1a: Oinkologne|56/100|[from] item: Leftovers\n|upkeep\n|inactive|Time left: 300 sec this turn | 300 sec total | 5 sec grace\n|\n|t:|1783543897\n|switch|p2a: Walking Wake|Walking Wake, L79|286/286\n|turn|16\n|inactive|Time left: 300 sec this turn | 300 sec total\n|\n|t:|1783543897\n|move|p2a: Walking Wake|Hydro Steam|p1a: Oinkologne\n|-damage|p1a: Oinkologne|25/100\n|-damage|p2a: Walking Wake|258/286|[from] item: Life Orb\n|move|p1a: Oinkologne|Double-Edge|p2a: Walking Wake\n|-damage|p2a: Walking Wake|29/286\n|-damage|p1a: Oinkologne|4/100|[from] Recoil\n|\n|-heal|p1a: Oinkologne|10/100|[from] item: Leftovers\n|upkeep\n|turn|17\n|inactive|Time left: 300 sec this turn | 300 sec total\n|\n|t:|1783543898\n|move|p2a: Walking Wake|Flamethrower|p1a: Oinkologne\n|-damage|p1a: Oinkologne|0 fnt\n|faint|p1a: Oinkologne\n|-damage|p2a: Walking Wake|1/286|[from] item: Life Orb\n|\n|upkeep\n|\n|t:|1783543899\n|switch|p1a: Meloetta|Meloetta, L82|100/100\n|turn|18\n|inactive|Time left: 300 sec this turn | 300 sec total\n|\n|t:|1783543900\n|move|p2a: Walking Wake|Draco Meteor|p1a: Meloetta\n|-damage|p1a: Meloetta|52/100\n|-unboost|p2a: Walking Wake|spa|2\n|-damage|p2a: Walking Wake|0 fnt|[from] item: Life Orb\n|faint|p2a: Walking Wake\n|-end|p2a: Walking Wake|Protosynthesis|[silent]\n|move|p1a: Meloetta|Knock Off|p2: Walking Wake|[notarget]\n|-fail|p1a: Meloetta\n|\n|upkeep\n|inactive|Time left: 300 sec this turn | 300 sec total | 5 sec grace\n|\n|t:|1783543901\n|switch|p2a: Brambleghast|Brambleghast, L88, F|164/240\n|turn|19\n|inactive|Time left: 300 sec this turn | 300 sec total\n|\n|t:|1783543902\n|move|p2a: Brambleghast|Power Whip|p1a: Meloetta\n|-damage|p1a: Meloetta|0 fnt\n|faint|p1a: Meloetta\n|\n|-heal|p2a: Brambleghast|179/240|[from] item: Leftovers\n|upkeep\n|\n|t:|1783543902\n|switch|p1a: Palkia|Palkia, L75|100/100\n|-ability|p1a: Palkia|Pressure\n|turn|20\n|inactive|Time left: 300 sec this turn | 300 sec total\n|\n|t:|1783543903\n|-terastallize|p2a: Brambleghast|Steel\n|move|p2a: Brambleghast|Substitute|p2a: Brambleghast\n|-start|p2a: Brambleghast|Substitute\n|-damage|p2a: Brambleghast|119/240\n|move|p1a: Palkia|Fire Blast|p2a: Brambleghast\n|-supereffective|p2a: Brambleghast\n|-end|p2a: Brambleghast|Substitute\n|\n|-heal|p2a: Brambleghast|134/240|[from] item: Leftovers\n|upkeep\n|turn|21\n|inactive|Time left: 300 sec this turn | 300 sec total\n|\n|t:|1783543904\n|move|p2a: Brambleghast|Substitute|p2a: Brambleghast\n|-start|p2a: Brambleghast|Substitute\n|-damage|p2a: Brambleghast|74/240\n|move|p1a: Palkia|Fire Blast|p2a: Brambleghast\n|-supereffective|p2a: Brambleghast\n|-end|p2a: Brambleghast|Substitute\n|\n|-heal|p2a: Brambleghast|89/240|[from] item: Leftovers\n|upkeep\n|turn|22\n|inactive|Time left: 300 sec this turn | 300 sec total\n|\n|t:|1783543905\n|move|p2a: Brambleghast|Substitute|p2a: Brambleghast\n|-start|p2a: Brambleghast|Substitute\n|-damage|p2a: Brambleghast|29/240\n|move|p1a: Palkia|Draco Meteor|p2a: Brambleghast\n|-resisted|p2a: Brambleghast\n|-end|p2a: Brambleghast|Substitute\n|-unboost|p1a: Palkia|spa|2\n|\n|-heal|p2a: Brambleghast|44/240|[from] item: Leftovers\n|upkeep\n|turn|23\n|inactive|Time left: 300 sec this turn | 300 sec total\n|\n|t:|1783543906\n|move|p2a: Brambleghast|Power Whip|p1a: Palkia\n|-damage|p1a: Palkia|36/100\n|move|p1a: Palkia|Draco Meteor|p2a: Brambleghast\n|-resisted|p2a: Brambleghast\n|-damage|p2a: Brambleghast|0 fnt\n|-unboost|p1a: Palkia|spa|2\n|faint|p2a: Brambleghast\n|\n|win|p0x4169f13", "uploadtime": 1783543906, "views": 0, "rating": 0, "private": 0, "password": null, "_winner": "p0x4169f13", "_our_name": "p0y41650bb"}