{"id": "battle-gen9randombattle-2001", "formatid": "gen9randombattle", "format": "[Gen 9] Random Battle", "players": ["p0x20012ffd", "p0y2001c1e1"], "log": "|init|battle\n|title|p0x20012ffd vs. p0y2001c1e1\n|j|\u2606p0x20012ffd\n|j|\u2606p0y2001c1e1\n|t:|1783562425\n|gametype|singles\n|player|p1|p0x20012ffd|1|\n|player|p2|p0y2001c1e1|169|\n|gen|9\n|tier|[Gen 9] Random Battle\n|rule|Species Clause: Limit one of each Pok\u00e9mon\n|rule|HP Percentage Mod: HP is shown in percentages\n|rule|Sleep Clause Mod: Limit one foe put to sleep\n|rule|Illusion Level Mod: Illusion disguises the Pok\u00e9mon's true level\n|\n|t:|1783562425\n|teamsize|p1|6\n|teamsize|p2|6\n|start\n|switch|p1a: Excadrill|Excadrill, L79, M|100/100\n|switch|p2a: Kommo-o|Kommo-o, L77, M|242/242\n|-ability|p1a: Excadrill|Mold Breaker\n|turn|1\n|inactive|Battle timer is ON: inactive players will automatically lose when time's up. (requested by p0x20012ffd)\n|inactive|Time left: 300 sec this turn | 300 sec total | 60 sec grace\n|inactive|p0y2001c1e1 also wants the timer to be on.\n|\n|t:|1783562426\n|switch|p1a: Hariyama|Hariyama, L87, F|100/100\n|move|p2a: Kommo-o|Close Combat|p1a: Hariyama\n|-damage|p1a: Hariyama|64/100\n|-unboost|p2a: Kommo-o|def|1\n|-unboost|p2a: Kommo-o|spd|1\n|\n|-status|p1a: Hariyama|brn|[from] item: Flame Orb\n|upkeep\n|turn|2\n|inactive|Time left: 300 sec this turn | 300 sec total\n|\n|t:|1783562428\n|switch|p2a: Carbink|Carbink, L90|236/236\n|move|p1a: Hariyama|Close Combat|p2a: Carbink\n|-damage|p2a: Carbink|82/236\n|-unboost|p1a: Hariyama|def|1\n|-unboost|p1a: Hariyama|spd|1\n|\n|-heal|p2a: Carbink|96/236|[from] item: Leftovers\n|-damage|p1a: Hariyama|57/100 brn|[from] brn\n|upkeep\n|turn|3\n|inactive|Time left: 300 sec this turn | 300 sec total\n|\n|t:|1783562429\n|switch|p1a: Oricorio|Oricorio-Sensu, L85, M|100/100\n|move|p2a: Carbink|Body Press|p1a: Oricorio\n|-immune|p1a: Oricorio\n|\n|-heal|p2a: Carbink|110/236|[from] item: Leftovers\n|upkeep\n|turn|4\n|inactive|Time left: 300 sec this turn | 300 sec total\n|\n|t:|1783562430\n|move|p1a: Oricorio|Quiver Dance|p1a: Oricorio\n|-boost|p1a: Oricorio|spa|1\n|-boost|p1a: Oricorio|spd|1\n|-boost|p1a: Oricorio|spe|1\n|move|p2a: Carbink|Rock Polish|p2a: Carbink\n|-boost|p2a: Carbink|spe|2\n|\n|-heal|p2a: Carbink|124/236|[from] item: Leftovers\n|upkeep\n|turn|5\n|inactive|Time left: 300 sec this turn | 300 sec total\n|\n|t:|1783562431\n|move|p1a: Oricorio|Revelation Dance|p2a: Carbink\n|-damage|p2a: Carbink|25/236\n|move|p2a: Carbink|Moonblast|p1a: Oricorio\n|-damage|p1a: Oricorio|79/100\n|\n|-heal|p2a: Carbink|39/236|[from] item: Leftovers\n|upkeep\n|turn|6\n|inactive|Time left: 300 sec this turn | 300 sec total\n|\n|t:|1783562432\n|move|p1a: Oricorio|Quiver Dance|p1a: Oricorio\n|-boost|p1a: Oricorio|spa|1\n|-boost|p1a: Oricorio|spd|1\n|-boost|p1a: Oricorio|spe|1\n|move|p2a: Carbink|Rock Polish|p2a: Carbink\n|-boost|p2a: Carbink|spe|2\n|\n|-heal|p2a: Carbink|53/236|[from] item: Leftovers\n|upkeep\n|turn|7\n|inactive|Time left: 300 sec this turn | 300 sec total\n|\n|t:|1783562433\n|move|p2a: Carbink|Moonblast|p1a: Oricorio\n|-damage|p1a: Oricorio|62/100\n|move|p1a: Oricorio|Revelation Dance|p2a: Carbink\n|-damage|p2a: Carbink|0 fnt\n|faint|p2a: Carbink\n|\n|upkeep\n|inactive|Time left: 300 sec this turn | 300 sec total | 5 sec grace\n|\n|t:|1783562434\n|switch|p2a: Ho-Oh|Ho-Oh, L71|268/268\n|turn|8\n|inactive|Time left: 300 sec this turn | 300 sec total\n|\n|t:|1783562435\n|move|p1a: Oricorio|Revelation Dance|p2a: Ho-Oh\n|-damage|p2a: Ho-Oh|121/268\n|move|p2a: Ho-Oh|Sacred Fire|p1a: Oricorio\n|-damage|p1a: Oricorio|16/100\n|-status|p1a: Oricorio|brn\n|\n|-damage|p1a: Oricorio|10/100 brn|[from] brn\n|upkeep\n|turn|9\n|inactive|Time left: 300 sec this turn | 300 sec total\n|\n|t:|1783562435\n|move|p1a: Oricorio|Roost|p1a: Oricorio\n|-heal|p1a: Oricorio|60/100 brn\n|-singleturn|p1a: Oricorio|move: Roost\n|move|p2a: Ho-Oh|Brave Bird|p1a: Oricorio\n|-crit|p1a: Oricorio\n|-damage|p1a: Oricorio|0 fnt\n|faint|p1a: Oricorio\n|-damage|p2a: Ho-Oh|69/268|[from] Recoil\n|\n|upkeep\n|\n|t:|1783562436\n|switch|p1a: Zapdos|Zapdos, L78|100/100\n|turn|10\n|inactive|Time left: 300 sec this turn | 300 sec total\n|\n|t:|1783562437\n|switch|p2a: Flutter Mane|Flutter Mane, L74|203/203\n|move|p1a: Zapdos|Hurricane|p2a: Flutter Mane|[miss]\n|-miss|p1a: Zapdos|p2a: Flutter Mane\n|\n|upkeep\n|turn|11\n|inactive|Time left: 300 sec this turn | 300 sec total\n|\n|t:|1783562438\n|move|p2a: Flutter Mane|Moonblast|p1a: Zapdos\n|-damage|p1a: Zapdos|52/100\n|-damage|p2a: Flutter Mane|183/203|[from] item: Life Orb\n|move|p1a: Zapdos|Thunderbolt|p2a: Flutter Mane\n|-damage|p2a: Flutter Mane|105/203\n|\n|upkeep\n|turn|12\n|inactive|Time left: 300 sec this turn | 300 sec total\n|\n|t:|1783562439\n|switch|p1a: Registeel|Registeel, L81|100/100\n|move|p2a: Flutter Mane|Moonblast|p1a: Registeel\n|-resisted|p1a: Registeel\n|-damage|p1a: Registeel|84/100\n|-damage|p2a: Flutter Mane|85/203|[from] item: Life Orb\n|\n|-heal|p1a: Registeel|90/100|[from] item: Leftovers\n|upkeep\n|turn|13\n|inactive|Time left: 300 sec this turn | 300 sec total\n|\n|t:|1783562440\n|-end|p2a: Flutter Mane|Protosynthesis|[silent]\n|switch|p2a: Ho-Oh|Ho-Oh, L71|158/268\n|move|p1a: Registeel|Iron Head|p2a: Ho-Oh\n|-resisted|p2a: Ho-Oh\n|-damage|p2a: Ho-Oh|120/268\n|\n|-heal|p1a: Registeel|96/100|[from] item: Leftovers\n|upkeep\n|turn|14\n|inactive|Time left: 300 sec this turn | 300 sec total\n|\n|t:|1783562441\n|move|p2a: Ho-Oh|Sacred Fire|p1a: Registeel\n|-supereffective|p1a: Registeel\n|-damage|p1a: Registeel|47/100\n|move|p1a: Registeel|Iron Defense|p1a: Registeel\n|-boost|p1a: Registeel|def|2\n|\n|-heal|p1a: Registeel|54/100|[from] item: Leftovers\n|upkeep\n|turn|15\n|inactive|Time left: 300 sec this turn | 300 sec total\n|\n|t:|1783562442\n|move|p2a: Ho-Oh|Sacred Fire|p1a: Registeel\n|-supereffective|p1a: Registeel\n|-damage|p1a: Registeel|28/100\n|-status|p1a: Registeel|brn\n|move|p1a: Registeel|Body Press|p2a: Ho-Oh\n|-resisted|p2a: Ho-Oh\n|-damage|p2a: Ho-Oh|77/268\n|\n|-heal|p1a: Registeel|34/100 brn|[from] item: Leftovers\n|-damage|p1a: Registeel|28/100 brn|[from] brn\n|upkeep\n|turn|16\n|inactive|Time left: 300 sec this turn | 300 sec total\n|\n|t:|1783562443\n|move|p2a: Ho-Oh|Sacred Fire|p1a: Registeel\n|-supereffective|p1a: Registeel\n|-damage|p1a: Registeel|1/100 brn\n|move|p1a: Registeel|Thunder Wave|p2a: Ho-Oh\n|-status|p2a: Ho-Oh|par\n|\n|-heal|p1a: Registeel|7/100 brn|[from] item: Leftovers\n|-damage|p1a: Registeel|1/100 brn|[from] brn\n|upkeep\n|turn|17\n|inactive|Time left: 300 sec this turn | 300 sec total\n|\n|t:|1783562444\n|switch|p1a: Zapdos|Zapdos, L78|52/100\n|cant|p2a: Ho-Oh|par\n|\n|upkeep\n|turn|18\n|inactive|Time left: 300 sec this turn | 300 sec total\n|\n|t:|1783562445\n|switch|p2a: Iron Leaves|Iron Leaves, L80|275/275\n|move|p1a: Zapdos|Roost|p1a: Zapdos\n|-heal|p1a: Zapdos|100/100\n|-singleturn|p1a: Zapdos|move: Roost\n|\n|upkeep\n|turn|19\n|inactive|Time left: 300 sec this turn | 300 sec total\n|\n|t:|1783562446\n|move|p2a: Iron Leaves|Swords Dance|p2a: Iron Leaves\n|-boost|p2a: Iron Leaves|atk|2\n|move|p1a: Zapdos|Hurricane|p2a: Iron Leaves|[miss]\n|-miss|p1a: Zapdos|p2a: Iron Leaves\n|\n|upkeep\n|turn|20\n|inactive|Time left: 300 sec this turn | 300 sec total\n|\n|t:|1783562447\n|switch|p1a: Shiftry|Shiftry, L89, M|100/100\n|move|p2a: Iron Leaves|Psyblade|p1a: Shiftry\n|-immune|p1a: Shiftry\n|\n|upkeep\n|turn|21\n|inactive|Time left: 300 sec this turn | 300 sec total\n|\n|t:|1783562448\n|move|p1a: Shiftry|Sucker Punch|p2a: Iron Leaves\n|-supereffective|p2a: Iron Leaves\n|-damage|p2a: Iron Leaves|54/275\n|-damage|p1a: Shiftry|91/100|[from] item: Life Orb\n|move|p2a: Iron Leaves|Close Combat|p1a: Shiftry\n|-supereffective|p1a: Shiftry\n|-damage|p1a: Shiftry|0 fnt\n|-unboost|p2a: Iron Leaves|def|1\n|-unboost|p2a: Iron Leaves|spd|1\n|faint|p1a: Shiftry\n|-damage|p2a: Iron Leaves|27/275|[from] item: Life Orb\n|\n|upkeep\n|\n|t:|1783562449\n|switch|p1a: Hariyama|Hariyama, L87, F|57/100 brn\n|turn|22\n|inactive|Time left: 300 sec this turn | 300 sec total\n|\n|t:|1783562450\n|-end|p2a: Iron Leaves|Quark Drive|[silent]\n|switch|p2a: Kommo-o|Kommo-o, L77, M|242/242\n|move|p1a: Hariyama|Bullet Punch|p2a: Kommo-o\n|-damage|p2a: Kommo-o|196/242\n|\n|-damage|p1a: Hariyama|51/100 brn|[from] brn\n|upkeep\n|turn|23\n|inactive|Time left: 300 sec this turn | 300 sec total\n|\n|t:|1783562451\n|move|p2a: Kommo-o|Iron Head|p1a: Hariyama\n|-damage|p1a: Hariyama|35/100 brn\n|move|p1a: Hariyama|Close Combat|p2a: Kommo-o\n|-damage|p2a: Kommo-o|0 fnt\n|-unboost|p1a: Hariyama|def|1\n|-unboost|p1a: Hariyama|spd|1\n|faint|p2a: Kommo-o\n|\n|-damage|p1a: Hariyama|29/100 brn|[from] brn\n|upkeep\n|inactive|Time left: 300 sec this turn | 300 sec total | 5 sec grace\n|\n|t:|1783562452\n|switch|p2a: Ho-Oh|Ho-Oh, L71|166/268 par\n|turn|24\n|inactive|Time left: 300 sec this turn | 300 sec total\n|\n|t:|1783562453\n|switch|p2a: Iron Leaves|Iron Leaves, L80|27/275\n|move|p1a: Hariyama|Facade|p2a: Iron Leaves\n|-damage|p2a: Iron Leaves|0 fnt\n|faint|p2a: Iron Leaves\n|-end|p2a: Iron Leaves|Quark Drive|[silent]\n|\n|-damage|p1a: Hariyama|23/100 brn|[from] brn\n|upkeep\n|inactive|Time left: 300 sec this turn | 300 sec total | 5 sec grace\n|\n|t:|1783562454\n|switch|p2a: Deoxys|Deoxys, L74|196/196\n|-ability|p2a: Deoxys|Pressure\n|turn|25\n|inactive|Time left: 300 sec this turn | 300 sec total\n|\n|t:|1783562455\n|switch|p1a: Registeel|Registeel, L81|1/100 brn\n|move|p2a: Deoxys|Ice Beam|p1a: Registeel\n|-resisted|p1a: Registeel\n|-damage|p1a: Registeel|0 fnt\n|faint|p1a: Registeel\n|-damage|p2a: Deoxys|177/196|[from] item: Life Orb\n|\n|upkeep\n|\n|t:|1783562456\n|switch|p1a: Zapdos|Zapdos, L78|100/100\n|turn|26\n|inactive|Time left: 300 sec this turn | 300 sec total\n|\n|t:|1783562457\n|move|p2a: Deoxys|Ice Beam|p1a: Zapdos\n|-supereffective|p1a: Zapdos\n|-damage|p1a: Zapdos|22/100\n|-damage|p2a: Deoxys|158/196|[from] item: Life Orb\n|move|p1a: Zapdos|Thunderbolt|p2a: Deoxys\n|-crit|p2a: Deoxys\n|-damage|p2a: Deoxys|0 fnt\n|faint|p2a: Deoxys\n|\n|upkeep\n|inactive|Time left: 300 sec this turn | 300 sec total | 5 sec grace\n|\n|t:|1783562458\n|switch|p2a: Flutter Mane|Flutter Mane, L74|85/203\n|turn|27\n|inactive|Time left: 300 sec this turn | 300 sec total\n|\n|t:|1783562459\n|switch|p1a: Excadrill|Excadrill, L79, M|100/100\n|-ability|p1a: Excadrill|Mold Breaker\n|move|p2a: Flutter Mane|Shadow Ball|p1a: Excadrill\n|-damage|p1a: Excadrill|54/100\n|-damage|p2a: Flutter Mane|65/203|[from] item: Life Orb\n|\n|-heal|p1a: Excadrill|60/100|[from] item: Leftovers\n|upkeep\n|turn|28\n|inactive|Time left: 300 sec this turn | 300 sec total\n|\n|t:|1783562460\n|move|p2a: Flutter Mane|Shadow Ball|p1a: Excadrill\n|-damage|p1a: Excadrill|8/100\n|-damage|p2a: Flutter Mane|45/203|[from] item: Life Orb\n|move|p1a: Excadrill|Earthquake|p2a: Flutter Mane\n|-damage|p2a: Flutter Mane|0 fnt\n|faint|p2a: Flutter Mane\n|-end|p2a: Flutter Mane|Protosynthesis|[silent]\n|\n|-heal|p1a: Excadrill|14/100|[from] item: Leftovers\n|upkeep\n|inactive|Time left: 300 sec this turn | 300 sec total | 5 sec grace\n|\n|t:|1783562461\n|switch|p2a: Ho-Oh|Ho-Oh, L71|255/268 par\n|turn|29\n|inactive|Time left: 300 sec this turn | 300 sec total\n|\n|t:|1783562462\n|move|p1a: Excadrill|Rapid Spin|p2a: Ho-Oh\n|-damage|p2a: Ho-Oh|207/268 par\n|-boost|p1a: Excadrill|spe|1\n|move|p2a: Ho-Oh|Brave Bird|p1a: Excadrill\n|-resisted|p1a: Excadrill\n|-damage|p1a: Excadrill|0 fnt\n|faint|p1a: Excadrill\n|-damage|p2a: Ho-Oh|194/268 par|[from] Recoil\n|\n|upkeep\n|\n|t:|1783562462\n|switch|p1a: Hariyama|Hariyama, L87, F|23/100 brn\n|turn|30\n|inactive|Time left: 300 sec this turn | 300 sec total\n|\n|t:|1783562463\n|-terastallize|p1a: Hariyama|Normal\n|-terastallize|p2a: Ho-Oh|Steel\n|move|p1a: Hariyama|Facade|p2a: Ho-Oh\n|-resisted|p2a: Ho-Oh\n|-damage|p2a: Ho-Oh|32/268 par\n|move|p2a: Ho-Oh|Earthquake|p1a: Hariyama\n|-crit|p1a: Hariyama\n|-damage|p1a: Hariyama|0 fnt\n|faint|p1a: Hariyama\n|\n|upkeep\n|\n|t:|1783562464\n|switch|p1a: Zapdos|Zapdos, L78|22/100\n|turn|31\n|inactive|Time left: 300 sec this turn | 300 sec total\n|\n|t:|1783562465\n|move|p1a: Zapdos|Thunderbolt|p2a: Ho-Oh\n|-damage|p2a: Ho-Oh|0 fnt\n|faint|p2a: Ho-Oh\n|\n|win|p0x20012ffd", "uploadtime": 1783562465, "views": 0, "rating": 0, "private": 0, "password": null, "_winner": "p0x20012ffd", "_our_name": "p0y2001c1e1"}