{"id": "battle-gen9randombattle-2932", "formatid": "gen9randombattle", "format": "[Gen 9] Random Battle", "players": ["p0x29321f30", "p0y29325cd8"], "log": "|init|battle\n|title|p0x29321f30 vs. p0y29325cd8\n|j|\u2606p0x29321f30\n|j|\u2606p0y29325cd8\n|t:|1783572790\n|gametype|singles\n|player|p1|p0x29321f30|169|\n|player|p2|p0y29325cd8|102|\n|gen|9\n|tier|[Gen 9] Random Battle\n|rule|Species Clause: Limit one of each Pok\u00e9mon\n|rule|HP Percentage Mod: HP is shown in percentages\n|rule|Sleep Clause Mod: Limit one foe put to sleep\n|rule|Illusion Level Mod: Illusion disguises the Pok\u00e9mon's true level\n|\n|t:|1783572790\n|teamsize|p1|6\n|teamsize|p2|6\n|start\n|switch|p1a: Gliscor|Gliscor, L76, F|239/239\n|switch|p2a: Inteleon|Inteleon, L81, F|100/100\n|turn|1\n|inactive|Battle timer is ON: inactive players will automatically lose when time's up. (requested by p0x29321f30)\n|inactive|p0y29325cd8 also wants the timer to be on.\n|\n|t:|1783572791\n|move|p1a: Gliscor|Protect|p1a: Gliscor\n|-singleturn|p1a: Gliscor|Protect\n|move|p2a: Inteleon|Scald|p1a: Gliscor\n|-activate|p1a: Gliscor|move: Protect\n|\n|-status|p1a: Gliscor|tox|[from] item: Toxic Orb\n|upkeep\n|turn|2\n|inactive|Time left: 300 sec this turn | 300 sec total\n|\n|t:|1783572792\n|switch|p1a: Lurantis|Lurantis, L87, M|264/264\n|move|p2a: Inteleon|Scald|p1a: Lurantis\n|-resisted|p1a: Lurantis\n|-damage|p1a: Lurantis|193/264\n|\n|-heal|p1a: Lurantis|209/264|[from] item: Leftovers\n|upkeep\n|turn|3\n|inactive|Time left: 300 sec this turn | 300 sec total\n|\n|t:|1783572792\n|switch|p2a: Ceruledge|Ceruledge, L78, M|100/100\n|move|p1a: Lurantis|Superpower|p2a: Ceruledge\n|-immune|p2a: Ceruledge\n|\n|-heal|p1a: Lurantis|225/264|[from] item: Leftovers\n|upkeep\n|turn|4\n|inactive|Time left: 300 sec this turn | 300 sec total\n|\n|t:|1783572793\n|move|p2a: Ceruledge|Bitter Blade|p1a: Lurantis\n|-supereffective|p1a: Lurantis\n|-damage|p1a: Lurantis|39/264\n|move|p1a: Lurantis|Leaf Storm|p2a: Ceruledge\n|-resisted|p2a: Ceruledge\n|-damage|p2a: Ceruledge|76/100\n|-boost|p1a: Lurantis|spa|2\n|\n|-heal|p1a: Lurantis|55/264|[from] item: Leftovers\n|upkeep\n|turn|5\n|inactive|Time left: 300 sec this turn | 300 sec total\n|\n|t:|1783572794\n|move|p2a: Ceruledge|Bitter Blade|p1a: Lurantis\n|-supereffective|p1a: Lurantis\n|-damage|p1a: Lurantis|0 fnt\n|-heal|p2a: Ceruledge|87/100|[from] drain|[of] p1a: Lurantis\n|faint|p1a: Lurantis\n|\n|upkeep\n|inactive|Time left: 300 sec this turn | 300 sec total | 5 sec grace\n|\n|t:|1783572795\n|switch|p1a: Grumpig|Grumpig, L92, M|297/297\n|turn|6\n|inactive|Time left: 300 sec this turn | 300 sec total\n|\n|t:|1783572796\n|move|p1a: Grumpig|Psyshock|p2a: Ceruledge\n|-damage|p2a: Ceruledge|41/100\n|move|p2a: Ceruledge|Poltergeist|p1a: Grumpig\n|-activate|p1a: Grumpig|move: Poltergeist|Leftovers\n|-supereffective|p1a: Grumpig\n|-damage|p1a: Grumpig|0 fnt\n|faint|p1a: Grumpig\n|\n|upkeep\n|inactive|Time left: 300 sec this turn | 300 sec total | 5 sec grace\n|\n|t:|1783572797\n|switch|p1a: Ampharos|Ampharos, L88, M|302/302\n|turn|7\n|inactive|Time left: 300 sec this turn | 300 sec total\n|\n|t:|1783572798\n|move|p2a: Ceruledge|Bitter Blade|p1a: Ampharos\n|-crit|p1a: Ampharos\n|-damage|p1a: Ampharos|143/302\n|-heal|p2a: Ceruledge|74/100|[from] drain|[of] p1a: Ampharos\n|move|p1a: Ampharos|Discharge|p2a: Ceruledge\n|-damage|p2a: Ceruledge|30/100\n|-status|p2a: Ceruledge|par\n|\n|upkeep\n|turn|8\n|inactive|Time left: 300 sec this turn | 300 sec total\n|\n|t:|1783572799\n|move|p1a: Ampharos|Discharge|p2a: Ceruledge\n|-damage|p2a: Ceruledge|0 fnt\n|faint|p2a: Ceruledge\n|\n|upkeep\n|\n|t:|1783572800\n|switch|p2a: Gyarados|Gyarados, L79, M|100/100\n|-ability|p2a: Gyarados|Intimidate|boost\n|-unboost|p1a: Ampharos|atk|1\n|turn|9\n|inactive|Time left: 300 sec this turn | 300 sec total\n|\n|t:|1783572801\n|switch|p1a: Abomasnow|Abomasnow, L84, F|287/287\n|-weather|Snowscape|[from] ability: Snow Warning|[of] p1a: Abomasnow\n|move|p2a: Gyarados|Earthquake|p1a: Abomasnow\n|-resisted|p1a: Abomasnow\n|-damage|p1a: Abomasnow|259/287\n|\n|-weather|Snowscape|[upkeep]\n|upkeep\n|turn|10\n|inactive|Time left: 300 sec this turn | 300 sec total\n|\n|t:|1783572802\n|move|p2a: Gyarados|Dragon Dance|p2a: Gyarados\n|-boost|p2a: Gyarados|atk|1\n|-boost|p2a: Gyarados|spe|1\n|move|p1a: Abomasnow|Aurora Veil|p1a: Abomasnow\n|-sidestart|p1: p0x29321f30|move: Aurora Veil\n|\n|-weather|Snowscape|[upkeep]\n|upkeep\n|turn|11\n|inactive|Time left: 300 sec this turn | 300 sec total\n|\n|t:|1783572803\n|move|p2a: Gyarados|Dragon Dance|p2a: Gyarados\n|-boost|p2a: Gyarados|atk|1\n|-boost|p2a: Gyarados|spe|1\n|move|p1a: Abomasnow|Wood Hammer|p2a: Gyarados\n|-damage|p2a: Gyarados|53/100\n|-damage|p1a: Abomasnow|215/287|[from] Recoil\n|\n|-weather|Snowscape|[upkeep]\n|upkeep\n|turn|12\n|inactive|Time left: 300 sec this turn | 300 sec total\n|\n|t:|1783572804\n|move|p2a: Gyarados|Stone Edge|p1a: Abomasnow\n|-supereffective|p1a: Abomasnow\n|-damage|p1a: Abomasnow|109/287\n|move|p1a: Abomasnow|Wood Hammer|p2a: Gyarados\n|-crit|p2a: Gyarados\n|-damage|p2a: Gyarados|0 fnt\n|faint|p2a: Gyarados\n|-damage|p1a: Abomasnow|60/287|[from] Recoil\n|\n|-weather|Snowscape|[upkeep]\n|upkeep\n|\n|t:|1783572805\n|switch|p2a: Weavile|Weavile, L79, M|100/100\n|turn|13\n|inactive|Time left: 300 sec this turn | 300 sec total\n|\n|t:|1783572806\n|switch|p1a: Ampharos|Ampharos, L88, M|143/302\n|move|p2a: Weavile|Swords Dance|p2a: Weavile\n|-boost|p2a: Weavile|atk|2\n|\n|-weather|none\n|upkeep\n|turn|14\n|inactive|Time left: 300 sec this turn | 300 sec total\n|\n|t:|1783572807\n|-terastallize|p2a: Weavile|Ice\n|move|p2a: Weavile|Triple Axel|p1a: Ampharos|[miss]\n|-miss|p2a: Weavile|p1a: Ampharos\n|move|p1a: Ampharos|Focus Blast|p2a: Weavile\n|-supereffective|p2a: Weavile\n|-damage|p2a: Weavile|0 fnt\n|faint|p2a: Weavile\n|\n|upkeep\n|\n|t:|1783572808\n|switch|p2a: Espeon|Espeon, L84, M|100/100\n|turn|15\n|inactive|Time left: 300 sec this turn | 300 sec total\n|\n|t:|1783572809\n|move|p2a: Espeon|Calm Mind|p2a: Espeon\n|-boost|p2a: Espeon|spa|1\n|-boost|p2a: Espeon|spd|1\n|move|p1a: Ampharos|Discharge|p2a: Espeon\n|-damage|p2a: Espeon|72/100\n|\n|upkeep\n|turn|16\n|inactive|Time left: 300 sec this turn | 300 sec total\n|\n|t:|1783572810\n|switch|p1a: Bisharp|Bisharp, L79, M|232/232\n|move|p2a: Espeon|Calm Mind|p2a: Espeon\n|-boost|p2a: Espeon|spa|1\n|-boost|p2a: Espeon|spd|1\n|\n|upkeep\n|turn|17\n|inactive|Time left: 300 sec this turn | 300 sec total\n|\n|t:|1783572810\n|switch|p2a: Inteleon|Inteleon, L81, F|100/100\n|move|p1a: Bisharp|Throat Chop|p2a: Inteleon\n|-damage|p2a: Inteleon|49/100\n|-start|p2a: Inteleon|Throat Chop|[silent]\n|\n|-sideend|p1: p0x29321f30|move: Aurora Veil\n|upkeep\n|turn|18\n|inactive|Time left: 300 sec this turn | 300 sec total\n|\n|t:|1783572811\n|move|p2a: Inteleon|Scald|p1a: Bisharp\n|-damage|p1a: Bisharp|121/232\n|-status|p1a: Bisharp|brn\n|move|p1a: Bisharp|Throat Chop|p2a: Inteleon\n|-crit|p2a: Inteleon\n|-damage|p2a: Inteleon|12/100\n|\n|-damage|p1a: Bisharp|107/232 brn|[from] brn\n|-end|p2a: Inteleon|Throat Chop|[silent]\n|upkeep\n|turn|19\n|inactive|Time left: 300 sec this turn | 300 sec total\n|\n|t:|1783572812\n|move|p1a: Bisharp|Sucker Punch|p2a: Inteleon\n|-damage|p2a: Inteleon|0 fnt\n|faint|p2a: Inteleon\n|\n|-damage|p1a: Bisharp|93/232 brn|[from] brn\n|upkeep\n|\n|t:|1783572813\n|switch|p2a: Toxtricity|Toxtricity, L82, M|100/100\n|turn|20\n|inactive|Time left: 300 sec this turn | 300 sec total\n|\n|t:|1783572814\n|switch|p1a: Gliscor|Gliscor, L76, F|239/239 tox\n|move|p2a: Toxtricity|Boomburst|p1a: Gliscor\n|-damage|p1a: Gliscor|67/239 tox\n|\n|-heal|p1a: Gliscor|96/239 tox|[from] ability: Poison Heal\n|upkeep\n|turn|21\n|inactive|Time left: 300 sec this turn | 300 sec total\n|\n|t:|1783572815\n|move|p2a: Toxtricity|Boomburst|p1a: Gliscor\n|-damage|p1a: Gliscor|0 fnt\n|faint|p1a: Gliscor\n|\n|upkeep\n|inactive|Time left: 300 sec this turn | 300 sec total | 5 sec grace\n|\n|t:|1783572816\n|switch|p1a: Abomasnow|Abomasnow, L84, F|60/287\n|-weather|Snowscape|[from] ability: Snow Warning|[of] p1a: Abomasnow\n|turn|22\n|inactive|Time left: 300 sec this turn | 300 sec total\n|\n|t:|1783572817\n|-terastallize|p1a: Abomasnow|Ghost\n|move|p2a: Toxtricity|Boomburst|p1a: Abomasnow\n|-immune|p1a: Abomasnow\n|move|p1a: Abomasnow|Aurora Veil|p1a: Abomasnow\n|-sidestart|p1: p0x29321f30|move: Aurora Veil\n|\n|-weather|Snowscape|[upkeep]\n|upkeep\n|turn|23\n|inactive|Time left: 300 sec this turn | 300 sec total\n|\n|t:|1783572818\n|switch|p2a: Espeon|Espeon, L84, M|72/100\n|move|p1a: Abomasnow|Earthquake|p2a: Espeon\n|-damage|p2a: Espeon|33/100\n|\n|-weather|Snowscape|[upkeep]\n|upkeep\n|turn|24\n|inactive|Time left: 300 sec this turn | 300 sec total\n|\n|t:|1783572819\n|switch|p1a: Ampharos|Ampharos, L88, M|143/302\n|move|p2a: Espeon|Psychic|p1a: Ampharos\n|-damage|p1a: Ampharos|94/302\n|-damage|p2a: Espeon|24/100|[from] item: Life Orb\n|\n|-weather|Snowscape|[upkeep]\n|upkeep\n|turn|25\n|inactive|Time left: 300 sec this turn | 300 sec total\n|\n|t:|1783572820\n|move|p2a: Espeon|Psychic|p1a: Ampharos\n|-damage|p1a: Ampharos|43/302\n|-damage|p2a: Espeon|14/100|[from] item: Life Orb\n|move|p1a: Ampharos|Dazzling Gleam|p2a: Espeon\n|-damage|p2a: Espeon|0 fnt\n|faint|p2a: Espeon\n|\n|-weather|Snowscape|[upkeep]\n|upkeep\n|\n|t:|1783572821\n|switch|p2a: Toxtricity|Toxtricity, L82, M|100/100\n|turn|26\n|inactive|Time left: 300 sec this turn | 300 sec total\n|\n|t:|1783572822\n|move|p2a: Toxtricity|Overdrive|p1a: Ampharos\n|-resisted|p1a: Ampharos\n|-damage|p1a: Ampharos|26/302\n|move|p1a: Ampharos|Volt Switch|p2a: Toxtricity\n|-resisted|p2a: Toxtricity\n|-damage|p2a: Toxtricity|78/100\n|inactive|Time left: 300 sec this turn | 300 sec total | 5 sec grace\n|\n|t:|1783572822\n|switch|p1a: Abomasnow|Abomasnow, L84, F, tera:Ghost|60/287|[from] Volt Switch\n|\n|-weather|none\n|upkeep\n|turn|27\n|inactive|Time left: 300 sec this turn | 300 sec total\n|\n|t:|1783572823\n|move|p2a: Toxtricity|Overdrive|p1a: Abomasnow\n|-damage|p1a: Abomasnow|0 fnt\n|faint|p1a: Abomasnow\n|\n|upkeep\n|inactive|Time left: 300 sec this turn | 300 sec total | 5 sec grace\n|\n|t:|1783572824\n|switch|p1a: Ampharos|Ampharos, L88, M|26/302\n|turn|28\n|inactive|Time left: 300 sec this turn | 300 sec total\n|\n|t:|1783572825\n|move|p2a: Toxtricity|Overdrive|p1a: Ampharos\n|-resisted|p1a: Ampharos\n|-damage|p1a: Ampharos|7/302\n|move|p1a: Ampharos|Dazzling Gleam|p2a: Toxtricity\n|-resisted|p2a: Toxtricity\n|-damage|p2a: Toxtricity|62/100\n|\n|upkeep\n|turn|29\n|inactive|Time left: 300 sec this turn | 300 sec total\n|\n|t:|1783572826\n|move|p2a: Toxtricity|Overdrive|p1a: Ampharos\n|-resisted|p1a: Ampharos\n|-damage|p1a: Ampharos|0 fnt\n|faint|p1a: Ampharos\n|\n|-sideend|p1: p0x29321f30|move: Aurora Veil\n|upkeep\n|inactive|Time left: 300 sec this turn | 300 sec total | 5 sec grace\n|\n|t:|1783572827\n|switch|p1a: Bisharp|Bisharp, L79, M|93/232 brn\n|turn|30\n|inactive|Time left: 300 sec this turn | 300 sec total\n|\n|t:|1783572827\n|move|p2a: Toxtricity|Overdrive|p1a: Bisharp\n|-damage|p1a: Bisharp|0 fnt\n|faint|p1a: Bisharp\n|\n|win|p0y29325cd8", "uploadtime": 1783572827, "views": 0, "rating": 0, "private": 0, "password": null, "_winner": "p0y29325cd8", "_our_name": "p0x29321f30"}