{"id": "battle-gen9randombattle-1569", "formatid": "gen9randombattle", "format": "[Gen 9] Random Battle", "players": ["p0x1569fd1a", "p0y1569b5db"], "log": "|init|battle\n|title|p0x1569fd1a vs. p0y1569b5db\n|j|\u2606p0x1569fd1a\n|j|\u2606p0y1569b5db\n|t:|1783558196\n|gametype|singles\n|player|p1|p0x1569fd1a|169|\n|player|p2|p0y1569b5db|102|\n|gen|9\n|tier|[Gen 9] Random Battle\n|rule|Species Clause: Limit one of each Pok\u00e9mon\n|rule|HP Percentage Mod: HP is shown in percentages\n|rule|Sleep Clause Mod: Limit one foe put to sleep\n|rule|Illusion Level Mod: Illusion disguises the Pok\u00e9mon's true level\n|\n|t:|1783558196\n|teamsize|p1|6\n|teamsize|p2|6\n|start\n|switch|p1a: Braviary|Braviary-Hisui, L85, M|326/326\n|switch|p2a: Bruxish|Bruxish, L85, M|100/100\n|turn|1\n|inactive|Battle timer is ON: inactive players will automatically lose when time's up. (requested by p0y1569b5db)\n|inactive|Time left: 300 sec this turn | 300 sec total | 60 sec grace\n|inactive|p0x1569fd1a also wants the timer to be on.\n|\n|t:|1783558197\n|move|p2a: Bruxish|Swords Dance|p2a: Bruxish\n|-boost|p2a: Bruxish|atk|2\n|move|p1a: Braviary|Esper Wing|p2a: Bruxish\n|-resisted|p2a: Bruxish\n|-damage|p2a: Bruxish|54/100\n|-boost|p1a: Braviary|spe|1\n|\n|upkeep\n|turn|2\n|inactive|Time left: 300 sec this turn | 300 sec total\n|\n|t:|1783558199\n|move|p2a: Bruxish|Aqua Jet|p1a: Braviary\n|-damage|p1a: Braviary|180/326\n|-damage|p2a: Bruxish|44/100|[from] item: Life Orb\n|move|p1a: Braviary|Hurricane|p2a: Bruxish|[miss]\n|-miss|p1a: Braviary|p2a: Bruxish\n|\n|upkeep\n|turn|3\n|inactive|Time left: 300 sec this turn | 300 sec total\n|\n|t:|1783558199\n|move|p1a: Braviary|Esper Wing|p2a: Bruxish\n|-resisted|p2a: Bruxish\n|-damage|p2a: Bruxish|2/100\n|-boost|p1a: Braviary|spe|1\n|move|p2a: Bruxish|Psychic Fangs|p1a: Braviary\n|-resisted|p1a: Braviary\n|-damage|p1a: Braviary|0 fnt\n|faint|p1a: Braviary\n|-damage|p2a: Bruxish|0 fnt|[from] item: Life Orb\n|faint|p2a: Bruxish\n|\n|upkeep\n|inactive|Time left: 300 sec this turn | 300 sec total | 5 sec grace\n|\n|t:|1783558200\n|switch|p2a: Flygon|Flygon, L82, M|100/100\n|switch|p1a: Conkeldurr|Conkeldurr, L80, F|299/299\n|turn|4\n|inactive|Time left: 300 sec this turn | 300 sec total\n|\n|t:|1783558202\n|move|p2a: Flygon|Outrage|p1a: Conkeldurr\n|-damage|p1a: Conkeldurr|173/299\n|move|p1a: Conkeldurr|Knock Off|p2a: Flygon\n|-damage|p2a: Flygon|64/100\n|-enditem|p2a: Flygon|Lum Berry|[from] move: Knock Off|[of] p1a: Conkeldurr\n|\n|-status|p1a: Conkeldurr|brn|[from] item: Flame Orb\n|upkeep\n|turn|5\n|inactive|Time left: 300 sec this turn | 300 sec total\n|\n|t:|1783558202\n|move|p2a: Flygon|Outrage|p1a: Conkeldurr|[from] lockedmove\n|-damage|p1a: Conkeldurr|62/299 brn\n|move|p1a: Conkeldurr|Close Combat|p2a: Flygon\n|-damage|p2a: Flygon|0 fnt\n|-unboost|p1a: Conkeldurr|def|1\n|-unboost|p1a: Conkeldurr|spd|1\n|faint|p2a: Flygon\n|\n|-damage|p1a: Conkeldurr|44/299 brn|[from] brn\n|upkeep\n|\n|t:|1783558203\n|switch|p2a: Serperior|Serperior, L79, M|100/100\n|turn|6\n|inactive|Time left: 300 sec this turn | 300 sec total\n|\n|t:|1783558204\n|switch|p1a: Muk|Muk-Alola, L82, M|306/306\n|move|p2a: Serperior|Leaf Storm|p1a: Muk\n|-resisted|p1a: Muk\n|-damage|p1a: Muk|267/306\n|-boost|p2a: Serperior|spa|2\n|-damage|p2a: Serperior|91/100|[from] item: Life Orb\n|\n|upkeep\n|turn|7\n|inactive|Time left: 300 sec this turn | 300 sec total\n|\n|t:|1783558205\n|move|p2a: Serperior|Leaf Storm|p1a: Muk\n|-resisted|p1a: Muk\n|-damage|p1a: Muk|185/306\n|-boost|p2a: Serperior|spa|2\n|-damage|p2a: Serperior|81/100|[from] item: Life Orb\n|move|p1a: Muk|Poison Jab|p2a: Serperior\n|-supereffective|p2a: Serperior\n|-damage|p2a: Serperior|6/100\n|\n|upkeep\n|turn|8\n|inactive|Time left: 300 sec this turn | 300 sec total\n|\n|t:|1783558206\n|move|p2a: Serperior|Synthesis|p2a: Serperior\n|-heal|p2a: Serperior|56/100\n|move|p1a: Muk|Poison Jab|p2a: Serperior\n|-supereffective|p2a: Serperior\n|-damage|p2a: Serperior|0 fnt\n|faint|p2a: Serperior\n|\n|upkeep\n|\n|t:|1783558207\n|switch|p2a: Iron Boulder|Iron Boulder, L77|100/100\n|-enditem|p2a: Iron Boulder|Booster Energy\n|-activate|p2a: Iron Boulder|ability: Quark Drive|[fromitem]\n|-start|p2a: Iron Boulder|quarkdrivespe\n|turn|9\n|inactive|Time left: 300 sec this turn | 300 sec total\n|\n|t:|1783558208\n|move|p2a: Iron Boulder|Swords Dance|p2a: Iron Boulder\n|-boost|p2a: Iron Boulder|atk|2\n|move|p1a: Muk|Knock Off|p2a: Iron Boulder\n|-supereffective|p2a: Iron Boulder\n|-damage|p2a: Iron Boulder|42/100\n|-status|p2a: Iron Boulder|psn|[from] ability: Poison Touch|[of] p1a: Muk\n|\n|-damage|p2a: Iron Boulder|29/100 psn|[from] psn\n|upkeep\n|turn|10\n|inactive|Time left: 300 sec this turn | 300 sec total\n|\n|t:|1783558208\n|move|p2a: Iron Boulder|Close Combat|p1a: Muk\n|-damage|p1a: Muk|9/306\n|-unboost|p2a: Iron Boulder|def|1\n|-unboost|p2a: Iron Boulder|spd|1\n|move|p1a: Muk|Poison Jab|p2a: Iron Boulder\n|-resisted|p2a: Iron Boulder\n|-damage|p2a: Iron Boulder|0 fnt\n|faint|p2a: Iron Boulder\n|-end|p2a: Iron Boulder|Quark Drive|[silent]\n|\n|upkeep\n|\n|t:|1783558209\n|switch|p2a: Zapdos|Zapdos, L78|100/100\n|turn|11\n|inactive|Time left: 300 sec this turn | 300 sec total\n|\n|t:|1783558210\n|switch|p1a: Grumpig|Grumpig, L92, F|297/297\n|move|p2a: Zapdos|Discharge|p1a: Grumpig\n|-damage|p1a: Grumpig|227/297\n|\n|-heal|p1a: Grumpig|245/297|[from] item: Leftovers\n|upkeep\n|turn|12\n|inactive|Time left: 300 sec this turn | 300 sec total\n|\n|t:|1783558211\n|move|p2a: Zapdos|Discharge|p1a: Grumpig\n|-damage|p1a: Grumpig|170/297\n|move|p1a: Grumpig|Nasty Plot|p1a: Grumpig\n|-boost|p1a: Grumpig|spa|2\n|\n|-heal|p1a: Grumpig|188/297|[from] item: Leftovers\n|upkeep\n|turn|13\n|inactive|Time left: 300 sec this turn | 300 sec total\n|\n|t:|1783558212\n|move|p2a: Zapdos|Discharge|p1a: Grumpig\n|-damage|p1a: Grumpig|115/297\n|move|p1a: Grumpig|Psychic|p2a: Zapdos\n|-damage|p2a: Zapdos|19/100\n|\n|-heal|p1a: Grumpig|133/297|[from] item: Leftovers\n|upkeep\n|turn|14\n|inactive|Time left: 300 sec this turn | 300 sec total\n|\n|t:|1783558213\n|move|p2a: Zapdos|Discharge|p1a: Grumpig\n|-damage|p1a: Grumpig|69/297\n|move|p1a: Grumpig|Psychic|p2a: Zapdos\n|-crit|p2a: Zapdos\n|-damage|p2a: Zapdos|0 fnt\n|faint|p2a: Zapdos\n|\n|-heal|p1a: Grumpig|87/297|[from] item: Leftovers\n|upkeep\n|\n|t:|1783558213\n|switch|p2a: Plusle|Plusle, L95, M|100/100\n|turn|15\n|inactive|Time left: 300 sec this turn | 300 sec total\n|\n|t:|1783558214\n|move|p2a: Plusle|Thunderbolt|p1a: Grumpig\n|-damage|p1a: Grumpig|0 fnt\n|faint|p1a: Grumpig\n|-damage|p2a: Plusle|91/100|[from] item: Life Orb\n|\n|upkeep\n|inactive|Time left: 300 sec this turn | 300 sec total | 5 sec grace\n|\n|t:|1783558215\n|switch|p1a: Lokix|Lokix, L82, M|251/251\n|turn|16\n|inactive|Time left: 300 sec this turn | 300 sec total\n|\n|t:|1783558216\n|-terastallize|p1a: Lokix|Bug\n|move|p1a: Lokix|First Impression|p2a: Plusle\n|-damage|p2a: Plusle|3/100\n|-damage|p1a: Lokix|226/251|[from] item: Life Orb\n|move|p2a: Plusle|Nasty Plot|p2a: Plusle\n|-boost|p2a: Plusle|spa|2\n|\n|upkeep\n|turn|17\n|inactive|Time left: 300 sec this turn | 300 sec total\n|\n|t:|1783558217\n|switch|p1a: Muk|Muk-Alola, L82, M|9/306\n|move|p2a: Plusle|Encore||[still]\n|-fail|p2a: Plusle\n|\n|upkeep\n|turn|18\n|inactive|Time left: 300 sec this turn | 300 sec total\n|\n|t:|1783558218\n|move|p2a: Plusle|Nasty Plot|p2a: Plusle\n|-boost|p2a: Plusle|spa|2\n|move|p1a: Muk|Knock Off|p2a: Plusle\n|-damage|p2a: Plusle|0 fnt\n|-enditem|p2a: Plusle|Life Orb|[from] move: Knock Off|[of] p1a: Muk\n|faint|p2a: Plusle\n|\n|win|p0x1569fd1a", "uploadtime": 1783558218, "views": 0, "rating": 0, "private": 0, "password": null, "_winner": "p0x1569fd1a", "_our_name": "p0x1569fd1a"}