{"id": "battle-gen9randombattle-2292", "formatid": "gen9randombattle", "format": "[Gen 9] Random Battle", "players": ["p0x2292e626", "p0y22920256"], "log": "|init|battle\n|title|p0x2292e626 vs. p0y22920256\n|j|\u2606p0x2292e626\n|j|\u2606p0y22920256\n|t:|1783566576\n|gametype|singles\n|player|p1|p0x2292e626|101|\n|player|p2|p0y22920256|170|\n|gen|9\n|tier|[Gen 9] Random Battle\n|rule|Species Clause: Limit one of each Pok\u00e9mon\n|rule|HP Percentage Mod: HP is shown in percentages\n|rule|Sleep Clause Mod: Limit one foe put to sleep\n|rule|Illusion Level Mod: Illusion disguises the Pok\u00e9mon's true level\n|\n|t:|1783566576\n|teamsize|p1|6\n|teamsize|p2|6\n|start\n|switch|p1a: Klawf|Klawf, L90, M|272/272\n|switch|p2a: Hydreigon|Hydreigon, L79, M|100/100\n|turn|1\n|inactive|Battle timer is ON: inactive players will automatically lose when time's up. (requested by p0x2292e626)\n|inactive|p0y22920256 also wants the timer to be on.\n|\n|t:|1783566578\n|move|p2a: Hydreigon|Flash Cannon|p1a: Klawf\n|-supereffective|p1a: Klawf\n|-damage|p1a: Klawf|104/272\n|-unboost|p1a: Klawf|spd|1\n|move|p1a: Klawf|Stone Edge|p2a: Hydreigon|[miss]\n|-miss|p1a: Klawf|p2a: Hydreigon\n|\n|upkeep\n|turn|2\n|inactive|Time left: 300 sec this turn | 300 sec total\n|\n|t:|1783566579\n|switch|p1a: Oranguru|Oranguru, L92, M|315/315\n|move|p2a: Hydreigon|Flash Cannon|p1a: Oranguru\n|-damage|p1a: Oranguru|267/315\n|\n|upkeep\n|turn|3\n|inactive|Time left: 300 sec this turn | 300 sec total\n|\n|t:|1783566580\n|move|p2a: Hydreigon|Flash Cannon|p1a: Oranguru\n|-crit|p1a: Oranguru\n|-damage|p1a: Oranguru|200/315\n|move|p1a: Oranguru|Hyper Voice|p2a: Hydreigon\n|-crit|p2a: Hydreigon\n|-damage|p2a: Hydreigon|2/100\n|\n|upkeep\n|turn|4\n|inactive|Time left: 300 sec this turn | 300 sec total\n|\n|t:|1783566581\n|move|p2a: Hydreigon|Flash Cannon|p1a: Oranguru\n|-damage|p1a: Oranguru|156/315\n|move|p1a: Oranguru|Hyper Voice|p2a: Hydreigon\n|-damage|p2a: Hydreigon|0 fnt\n|faint|p2a: Hydreigon\n|\n|upkeep\n|\n|t:|1783566582\n|switch|p2a: Glimmora|Glimmora, L75, M|100/100\n|turn|5\n|inactive|Time left: 300 sec this turn | 300 sec total\n|\n|t:|1783566583\n|move|p2a: Glimmora|Meteor Beam||[still]\n|-prepare|p2a: Glimmora|Meteor Beam\n|-boost|p2a: Glimmora|spa|1\n|-enditem|p2a: Glimmora|Power Herb\n|-anim|p2a: Glimmora|Meteor Beam|p1a: Oranguru\n|-damage|p1a: Oranguru|6/315\n|move|p1a: Oranguru|Hyper Voice|p2a: Glimmora\n|-resisted|p2a: Glimmora\n|-damage|p2a: Glimmora|65/100\n|\n|upkeep\n|turn|6\n|inactive|Time left: 300 sec this turn | 300 sec total\n|\n|t:|1783566584\n|move|p2a: Glimmora|Sludge Wave|p1a: Oranguru\n|-damage|p1a: Oranguru|0 fnt\n|faint|p1a: Oranguru\n|\n|upkeep\n|inactive|Time left: 300 sec this turn | 300 sec total | 5 sec grace\n|\n|t:|1783566585\n|switch|p1a: Klawf|Klawf, L90, M|194/272\n|turn|7\n|inactive|Time left: 300 sec this turn | 300 sec total\n|\n|t:|1783566586\n|-terastallize|p2a: Glimmora|Grass\n|move|p1a: Klawf|Stone Edge|p2a: Glimmora\n|-damage|p2a: Glimmora|0 fnt\n|-activate|p2a: Glimmora|ability: Toxic Debris\n|-sidestart|p1: p0x2292e626|move: Toxic Spikes\n|faint|p2a: Glimmora\n|-damage|p1a: Klawf|167/272|[from] item: Life Orb\n|\n|upkeep\n|\n|t:|1783566587\n|switch|p2a: Grafaiai|Grafaiai, L86, M|100/100\n|turn|8\n|inactive|Time left: 300 sec this turn | 300 sec total\n|\n|t:|1783566588\n|move|p2a: Grafaiai|Knock Off|p1a: Klawf\n|-damage|p1a: Klawf|112/272\n|-enditem|p1a: Klawf|Life Orb|[from] move: Knock Off|[of] p2a: Grafaiai\n|move|p1a: Klawf|Knock Off|p2a: Grafaiai\n|-damage|p2a: Grafaiai|59/100\n|-enditem|p2a: Grafaiai|Assault Vest|[from] move: Knock Off|[of] p1a: Klawf\n|\n|upkeep\n|turn|9\n|inactive|Time left: 300 sec this turn | 300 sec total\n|\n|t:|1783566589\n|move|p2a: Grafaiai|U-turn|p1a: Klawf\n|-damage|p1a: Klawf|73/272\n|\n|t:|1783566590\n|switch|p2a: Enamorus|Enamorus-Therian, L83, F|100/100|[from] U-turn\n|move|p1a: Klawf|Stone Edge|p2a: Enamorus\n|-supereffective|p2a: Enamorus\n|-crit|p2a: Enamorus\n|-damage|p2a: Enamorus|0 fnt\n|faint|p2a: Enamorus\n|\n|upkeep\n|\n|t:|1783566591\n|switch|p2a: Cryogonal|Cryogonal, L89|100/100\n|turn|10\n|inactive|Time left: 300 sec this turn | 300 sec total\n|\n|t:|1783566592\n|switch|p1a: Corviknight|Corviknight, L80, M|288/288\n|move|p2a: Cryogonal|Freeze-Dry|p1a: Corviknight\n|-damage|p1a: Corviknight|203/288\n|\n|-heal|p1a: Corviknight|221/288|[from] item: Leftovers\n|upkeep\n|turn|11\n|inactive|Time left: 300 sec this turn | 300 sec total\n|\n|t:|1783566594\n|switch|p2a: Reshiram|Reshiram, L76|100/100\n|-ability|p2a: Reshiram|Turboblaze\n|move|p1a: Corviknight|Body Press|p2a: Reshiram\n|-damage|p2a: Reshiram|82/100\n|\n|-heal|p1a: Corviknight|239/288|[from] item: Leftovers\n|upkeep\n|turn|12\n|inactive|Time left: 300 sec this turn | 300 sec total\n|\n|t:|1783566595\n|switch|p1a: Klawf|Klawf, L90, M|163/272\n|-status|p1a: Klawf|psn\n|move|p2a: Reshiram|Dragon Dance|p2a: Reshiram\n|-boost|p2a: Reshiram|atk|1\n|-boost|p2a: Reshiram|spe|1\n|\n|-damage|p1a: Klawf|129/272 psn|[from] psn\n|upkeep\n|turn|13\n|inactive|Time left: 300 sec this turn | 300 sec total\n|\n|t:|1783566596\n|switch|p1a: Corviknight|Corviknight, L80, M|239/288\n|move|p2a: Reshiram|Outrage|p1a: Corviknight\n|-resisted|p1a: Corviknight\n|-damage|p1a: Corviknight|158/288\n|\n|-heal|p1a: Corviknight|176/288|[from] item: Leftovers\n|upkeep\n|turn|14\n|inactive|Time left: 300 sec this turn | 300 sec total\n|\n|t:|1783566597\n|move|p2a: Reshiram|Outrage|p1a: Corviknight|[from] lockedmove\n|-resisted|p1a: Corviknight\n|-damage|p1a: Corviknight|96/288\n|-start|p2a: Reshiram|confusion|[fatigue]\n|move|p1a: Corviknight|Roost|p1a: Corviknight\n|-heal|p1a: Corviknight|240/288\n|-singleturn|p1a: Corviknight|move: Roost\n|\n|-heal|p1a: Corviknight|258/288|[from] item: Leftovers\n|upkeep\n|turn|15\n|inactive|Time left: 300 sec this turn | 300 sec total\n|\n|t:|1783566598\n|-activate|p2a: Reshiram|confusion\n|-damage|p2a: Reshiram|67/100|[from] confusion\n|move|p1a: Corviknight|Brave Bird|p2a: Reshiram\n|-damage|p2a: Reshiram|30/100\n|-damage|p1a: Corviknight|225/288|[from] Recoil\n|\n|-heal|p1a: Corviknight|243/288|[from] item: Leftovers\n|upkeep\n|turn|16\n|inactive|Time left: 300 sec this turn | 300 sec total\n|\n|t:|1783566599\n|-activate|p2a: Reshiram|confusion\n|move|p2a: Reshiram|Flare Blitz|p1a: Corviknight\n|-supereffective|p1a: Corviknight\n|-damage|p1a: Corviknight|0 fnt\n|faint|p1a: Corviknight\n|-damage|p2a: Reshiram|2/100|[from] Recoil\n|\n|upkeep\n|inactive|Time left: 300 sec this turn | 300 sec total | 5 sec grace\n|\n|t:|1783566600\n|switch|p1a: Klawf|Klawf, L90, M|219/272 psn\n|turn|17\n|inactive|Time left: 300 sec this turn | 300 sec total\n|\n|t:|1783566601\n|-end|p2a: Reshiram|confusion\n|move|p2a: Reshiram|Outrage|p1a: Klawf\n|-damage|p1a: Klawf|71/272 psn\n|move|p1a: Klawf|High Horsepower|p2a: Reshiram\n|-supereffective|p2a: Reshiram\n|-damage|p2a: Reshiram|0 fnt\n|faint|p2a: Reshiram\n|\n|-damage|p1a: Klawf|37/272 psn|[from] psn\n|upkeep\n|\n|t:|1783566603\n|switch|p2a: Grafaiai|Grafaiai, L86, M|59/100\n|turn|18\n|inactive|Time left: 300 sec this turn | 300 sec total\n|\n|t:|1783566604\n|move|p2a: Grafaiai|Gunk Shot|p1a: Klawf|[miss]\n|-miss|p2a: Grafaiai|p1a: Klawf\n|move|p1a: Klawf|Stone Edge|p2a: Grafaiai\n|-damage|p2a: Grafaiai|0 fnt\n|faint|p2a: Grafaiai\n|\n|-damage|p1a: Klawf|3/272 psn|[from] psn\n|upkeep\n|\n|t:|1783566605\n|switch|p2a: Cryogonal|Cryogonal, L89|100/100\n|turn|19\n|inactive|Time left: 300 sec this turn | 300 sec total\n|\n|t:|1783566606\n|switch|p1a: Umbreon|Umbreon, L84, M|297/297\n|-status|p1a: Umbreon|psn\n|move|p2a: Cryogonal|Rapid Spin|p1a: Umbreon\n|-crit|p1a: Umbreon\n|-damage|p1a: Umbreon|265/297 psn\n|-boost|p2a: Cryogonal|spe|1\n|\n|-heal|p1a: Umbreon|283/297 psn|[from] item: Leftovers\n|-damage|p1a: Umbreon|246/297 psn|[from] psn\n|upkeep\n|turn|20\n|inactive|Time left: 300 sec this turn | 300 sec total\n|\n|t:|1783566606\n|move|p2a: Cryogonal|Freeze-Dry|p1a: Umbreon\n|-damage|p1a: Umbreon|189/297 psn\n|move|p1a: Umbreon|Toxic|p2a: Cryogonal\n|-status|p2a: Cryogonal|tox\n|\n|-heal|p1a: Umbreon|207/297 psn|[from] item: Leftovers\n|-damage|p2a: Cryogonal|95/100 tox|[from] psn\n|-damage|p1a: Umbreon|170/297 psn|[from] psn\n|upkeep\n|turn|21\n|inactive|Time left: 300 sec this turn | 300 sec total\n|\n|t:|1783566607\n|switch|p1a: Delibird|Delibird, F|252/252\n|move|p2a: Cryogonal|Freeze-Dry|p1a: Delibird\n|-damage|p1a: Delibird|138/252\n|\n|-damage|p2a: Cryogonal|83/100 tox|[from] psn\n|upkeep\n|turn|22\n|inactive|Time left: 300 sec this turn | 300 sec total\n|\n|t:|1783566608\n|move|p2a: Cryogonal|Freeze-Dry|p1a: Delibird\n|-crit|p1a: Delibird\n|-damage|p1a: Delibird|0 fnt\n|faint|p1a: Delibird\n|\n|-damage|p2a: Cryogonal|65/100 tox|[from] psn\n|upkeep\n|inactive|Time left: 300 sec this turn | 300 sec total | 5 sec grace\n|\n|t:|1783566609\n|switch|p1a: Greninja|Greninja, L80, M|246/246\n|-status|p1a: Greninja|psn\n|turn|23\n|inactive|Time left: 300 sec this turn | 300 sec total\n|\n|t:|1783566610\n|-terastallize|p1a: Greninja|Dark\n|move|p2a: Cryogonal|Recover|p2a: Cryogonal\n|-heal|p2a: Cryogonal|100/100 tox\n|move|p1a: Greninja|Dark Pulse|p2a: Cryogonal\n|-damage|p2a: Cryogonal|69/100 tox\n|-damage|p1a: Greninja|222/246 psn|[from] item: Life Orb\n|\n|-damage|p2a: Cryogonal|45/100 tox|[from] psn\n|-damage|p1a: Greninja|192/246 psn|[from] psn\n|upkeep\n|turn|24\n|inactive|Time left: 300 sec this turn | 300 sec total\n|\n|t:|1783566611\n|move|p2a: Cryogonal|Recover|p2a: Cryogonal\n|-heal|p2a: Cryogonal|95/100 tox\n|move|p1a: Greninja|Dark Pulse|p2a: Cryogonal\n|-crit|p2a: Cryogonal\n|-damage|p2a: Cryogonal|42/100 tox\n|-damage|p1a: Greninja|168/246 psn|[from] item: Life Orb\n|\n|-damage|p2a: Cryogonal|12/100 tox|[from] psn\n|-damage|p1a: Greninja|138/246 psn|[from] psn\n|upkeep\n|turn|25\n|inactive|Time left: 300 sec this turn | 300 sec total\n|\n|t:|1783566612\n|move|p2a: Cryogonal|Recover|p2a: Cryogonal\n|-heal|p2a: Cryogonal|63/100 tox\n|move|p1a: Greninja|Gunk Shot|p2a: Cryogonal\n|-damage|p2a: Cryogonal|14/100 tox\n|-damage|p1a: Greninja|114/246 psn|[from] item: Life Orb\n|\n|-damage|p2a: Cryogonal|0 fnt|[from] psn\n|faint|p2a: Cryogonal\n|\n|win|p0x2292e626", "uploadtime": 1783566612, "views": 0, "rating": 0, "private": 0, "password": null, "_winner": "p0x2292e626", "_our_name": "p0x2292e626"}