{"id": "battle-gen9randombattle-694", "formatid": "gen9randombattle", "format": "[Gen 9] Random Battle", "players": ["p0x69466a1", "p0y694ccdc"], "log": "|init|battle\n|title|p0x69466a1 vs. p0y694ccdc\n|j|\u2606p0x69466a1\n|j|\u2606p0y694ccdc\n|t:|1783547190\n|gametype|singles\n|player|p1|p0x69466a1|2|\n|player|p2|p0y694ccdc|266|\n|gen|9\n|tier|[Gen 9] Random Battle\n|rule|Species Clause: Limit one of each Pok\u00e9mon\n|rule|HP Percentage Mod: HP is shown in percentages\n|rule|Sleep Clause Mod: Limit one foe put to sleep\n|rule|Illusion Level Mod: Illusion disguises the Pok\u00e9mon's true level\n|\n|t:|1783547190\n|teamsize|p1|6\n|teamsize|p2|6\n|start\n|switch|p1a: Tyranitar|Tyranitar, L78, F|284/284\n|switch|p2a: Cinccino|Cinccino, L83, M|100/100\n|-weather|Sandstorm|[from] ability: Sand Stream|[of] p1a: Tyranitar\n|turn|1\n|inactive|Battle timer is ON: inactive players will automatically lose when time's up. (requested by p0y694ccdc)\n|inactive|Time left: 300 sec this turn | 300 sec total | 60 sec grace\n|inactive|p0x69466a1 also wants the timer to be on.\n|\n|t:|1783547191\n|move|p2a: Cinccino|Bullet Seed|p1a: Tyranitar\n|-supereffective|p1a: Tyranitar\n|-damage|p1a: Tyranitar|236/284\n|-supereffective|p1a: Tyranitar\n|-damage|p1a: Tyranitar|192/284\n|-supereffective|p1a: Tyranitar\n|-damage|p1a: Tyranitar|144/284\n|-supereffective|p1a: Tyranitar\n|-damage|p1a: Tyranitar|96/284\n|-supereffective|p1a: Tyranitar\n|-damage|p1a: Tyranitar|48/284\n|-hitcount|p1a: Tyranitar|5\n|move|p1a: Tyranitar|Knock Off|p2a: Cinccino\n|-damage|p2a: Cinccino|40/100\n|-enditem|p2a: Cinccino|Loaded Dice|[from] move: Knock Off|[of] p1a: Tyranitar\n|\n|-weather|Sandstorm|[upkeep]\n|-damage|p2a: Cinccino|34/100|[from] Sandstorm\n|upkeep\n|turn|2\n|inactive|Time left: 300 sec this turn | 300 sec total\n|\n|t:|1783547192\n|switch|p1a: Gyarados|Gyarados, L79, F|280/280\n|-ability|p1a: Gyarados|Intimidate|boost\n|-unboost|p2a: Cinccino|atk|1\n|move|p2a: Cinccino|Triple Axel|p1a: Gyarados\n|-damage|p1a: Gyarados|264/280\n|-damage|p1a: Gyarados|232/280\n|-damage|p1a: Gyarados|180/280\n|-hitcount|p1a: Gyarados|3\n|\n|-weather|Sandstorm|[upkeep]\n|-damage|p2a: Cinccino|28/100|[from] Sandstorm\n|-damage|p1a: Gyarados|163/280|[from] Sandstorm\n|upkeep\n|turn|3\n|inactive|Time left: 300 sec this turn | 300 sec total\n|\n|t:|1783547193\n|move|p2a: Cinccino|Triple Axel|p1a: Gyarados\n|-damage|p1a: Gyarados|147/280\n|-crit|p1a: Gyarados\n|-damage|p1a: Gyarados|75/280\n|-damage|p1a: Gyarados|28/280\n|-hitcount|p1a: Gyarados|3\n|move|p1a: Gyarados|Dragon Dance|p1a: Gyarados\n|-boost|p1a: Gyarados|atk|1\n|-boost|p1a: Gyarados|spe|1\n|\n|-weather|Sandstorm|[upkeep]\n|-damage|p1a: Gyarados|11/280|[from] Sandstorm\n|-damage|p2a: Cinccino|22/100|[from] Sandstorm\n|upkeep\n|turn|4\n|inactive|Time left: 300 sec this turn | 300 sec total\n|\n|t:|1783547194\n|-terastallize|p1a: Gyarados|Ground\n|move|p1a: Gyarados|Waterfall|p2a: Cinccino\n|-damage|p2a: Cinccino|0 fnt\n|faint|p2a: Cinccino\n|\n|-weather|Sandstorm|[upkeep]\n|upkeep\n|\n|t:|1783547195\n|switch|p2a: Honchkrow|Honchkrow, L86, F|100/100\n|turn|5\n|inactive|Time left: 300 sec this turn | 300 sec total\n|\n|t:|1783547196\n|move|p2a: Honchkrow|Sucker Punch|p1a: Gyarados\n|-damage|p1a: Gyarados|0 fnt\n|faint|p1a: Gyarados\n|-ability|p2a: Honchkrow|Moxie|boost\n|-boost|p2a: Honchkrow|atk|1\n|\n|-weather|none\n|upkeep\n|inactive|Time left: 300 sec this turn | 300 sec total | 5 sec grace\n|\n|t:|1783547196\n|switch|p1a: Koraidon|Koraidon, L64|235/235\n|-weather|SunnyDay|[from] ability: Orichalcum Pulse|[of] p1a: Koraidon\n|-activate|p1a: Koraidon|Orichalcum Pulse|[source]\n|turn|6\n|inactive|Time left: 300 sec this turn | 300 sec total\n|\n|t:|1783547198\n|move|p1a: Koraidon|Outrage|p2a: Honchkrow\n|-damage|p2a: Honchkrow|17/100\n|move|p2a: Honchkrow|Brave Bird|p1a: Koraidon\n|-supereffective|p1a: Koraidon\n|-damage|p1a: Koraidon|0 fnt\n|faint|p1a: Koraidon\n|-ability|p2a: Honchkrow|Moxie|boost\n|-boost|p2a: Honchkrow|atk|1\n|-damage|p2a: Honchkrow|0 fnt|[from] Recoil\n|faint|p2a: Honchkrow\n|\n|-weather|SunnyDay|[upkeep]\n|upkeep\n|inactive|Time left: 300 sec this turn | 300 sec total | 5 sec grace\n|\n|t:|1783547199\n|switch|p1a: Serperior|Serperior, L79, M|248/248\n|switch|p2a: Seviper|Seviper, L93, F|100/100\n|turn|7\n|inactive|Time left: 300 sec this turn | 300 sec total\n|\n|t:|1783547200\n|switch|p1a: Tyranitar|Tyranitar, L78, F|48/284\n|-weather|Sandstorm|[from] ability: Sand Stream|[of] p1a: Tyranitar\n|move|p2a: Seviper|Gunk Shot|p1a: Tyranitar|[miss]\n|-miss|p2a: Seviper|p1a: Tyranitar\n|\n|-weather|Sandstorm|[upkeep]\n|-damage|p2a: Seviper|95/100|[from] Sandstorm\n|-heal|p2a: Seviper|100/100|[from] item: Leftovers\n|upkeep\n|turn|8\n|inactive|Time left: 300 sec this turn | 300 sec total\n|\n|t:|1783547201\n|move|p2a: Seviper|Trailblaze|p1a: Tyranitar\n|-supereffective|p1a: Tyranitar\n|-damage|p1a: Tyranitar|0 fnt\n|-boost|p2a: Seviper|spe|1\n|faint|p1a: Tyranitar\n|\n|-weather|Sandstorm|[upkeep]\n|-damage|p2a: Seviper|95/100|[from] Sandstorm\n|-heal|p2a: Seviper|100/100|[from] item: Leftovers\n|upkeep\n|inactive|Time left: 300 sec this turn | 300 sec total | 5 sec grace\n|\n|t:|1783547202\n|switch|p1a: Bellibolt|Bellibolt, L84, M|320/320\n|turn|9\n|inactive|Time left: 300 sec this turn | 300 sec total\n|\n|t:|1783547203\n|move|p2a: Seviper|Swords Dance|p2a: Seviper\n|-boost|p2a: Seviper|atk|2\n|move|p1a: Bellibolt|Volt Switch|p2a: Seviper\n|-damage|p2a: Seviper|65/100\n|inactive|Time left: 300 sec this turn | 300 sec total | 5 sec grace\n|\n|t:|1783547205\n|switch|p1a: Sceptile|Sceptile, L87, M|264/264|[from] Volt Switch\n|\n|-weather|Sandstorm|[upkeep]\n|-damage|p2a: Seviper|59/100|[from] Sandstorm\n|-damage|p1a: Sceptile|248/264|[from] Sandstorm\n|-heal|p2a: Seviper|65/100|[from] item: Leftovers\n|upkeep\n|turn|10\n|inactive|Time left: 300 sec this turn | 300 sec total\n|\n|t:|1783547206\n|move|p2a: Seviper|Gunk Shot|p1a: Sceptile|[miss]\n|-miss|p2a: Seviper|p1a: Sceptile\n|move|p1a: Sceptile|Earthquake|p2a: Seviper\n|-supereffective|p2a: Seviper\n|-damage|p2a: Seviper|0 fnt\n|faint|p2a: Seviper\n|-damage|p1a: Sceptile|222/264|[from] item: Life Orb\n|\n|-weather|Sandstorm|[upkeep]\n|-damage|p1a: Sceptile|206/264|[from] Sandstorm\n|upkeep\n|\n|t:|1783547207\n|switch|p2a: Florges|Florges-Blue, L85, F|100/100\n|turn|11\n|inactive|Time left: 300 sec this turn | 300 sec total\n|\n|t:|1783547208\n|move|p1a: Sceptile|Giga Drain|p2a: Florges\n|-damage|p2a: Florges|71/100\n|-heal|p1a: Sceptile|246/264|[from] drain|[of] p2a: Florges\n|-damage|p1a: Sceptile|220/264|[from] item: Life Orb\n|move|p2a: Florges|Moonblast|p1a: Sceptile\n|-damage|p1a: Sceptile|100/264\n|\n|-weather|none\n|-heal|p2a: Florges|77/100|[from] item: Leftovers\n|upkeep\n|turn|12\n|inactive|Time left: 300 sec this turn | 300 sec total\n|\n|t:|1783547209\n|move|p1a: Sceptile|Earthquake|p2a: Florges\n|-damage|p2a: Florges|39/100\n|-damage|p1a: Sceptile|74/264|[from] item: Life Orb\n|move|p2a: Florges|Moonblast|p1a: Sceptile\n|-damage|p1a: Sceptile|0 fnt\n|faint|p1a: Sceptile\n|\n|-heal|p2a: Florges|45/100|[from] item: Leftovers\n|upkeep\n|inactive|Time left: 300 sec this turn | 300 sec total | 5 sec grace\n|\n|t:|1783547210\n|switch|p1a: Serperior|Serperior, L79, M|248/248\n|turn|13\n|inactive|Time left: 300 sec this turn | 300 sec total\n|\n|t:|1783547211\n|move|p2a: Florges|Protect|p2a: Florges\n|-singleturn|p2a: Florges|Protect\n|move|p1a: Serperior|Leaf Storm|p2a: Florges\n|-activate|p2a: Florges|move: Protect\n|\n|-heal|p2a: Florges|51/100|[from] item: Leftovers\n|upkeep\n|turn|14\n|inactive|Time left: 300 sec this turn | 300 sec total\n|\n|t:|1783547212\n|move|p1a: Serperior|Leaf Storm|p2a: Florges|[miss]\n|-miss|p1a: Serperior|p2a: Florges\n|move|p2a: Florges|Calm Mind|p2a: Florges\n|-boost|p2a: Florges|spa|1\n|-boost|p2a: Florges|spd|1\n|\n|-heal|p2a: Florges|57/100|[from] item: Leftovers\n|upkeep\n|turn|15\n|inactive|Time left: 300 sec this turn | 300 sec total\n|\n|t:|1783547213\n|move|p1a: Serperior|Leech Seed|p2a: Florges\n|-start|p2a: Florges|move: Leech Seed\n|move|p2a: Florges|Moonblast|p1a: Serperior\n|-damage|p1a: Serperior|77/248\n|\n|-heal|p1a: Serperior|92/248|[from] item: Leftovers\n|-heal|p2a: Florges|63/100|[from] item: Leftovers\n|-damage|p2a: Florges|51/100|[from] Leech Seed|[of] p1a: Serperior\n|-heal|p1a: Serperior|125/248|[silent]\n|upkeep\n|turn|16\n|inactive|Time left: 300 sec this turn | 300 sec total\n|\n|t:|1783547214\n|move|p1a: Serperior|Substitute|p1a: Serperior\n|-start|p1a: Serperior|Substitute\n|-damage|p1a: Serperior|63/248\n|move|p2a: Florges|Moonblast|p1a: Serperior\n|-end|p1a: Serperior|Substitute\n|\n|-heal|p1a: Serperior|78/248|[from] item: Leftovers\n|-heal|p2a: Florges|57/100|[from] item: Leftovers\n|-damage|p2a: Florges|44/100|[from] Leech Seed|[of] p1a: Serperior\n|-heal|p1a: Serperior|111/248|[silent]\n|upkeep\n|turn|17\n|inactive|Time left: 300 sec this turn | 300 sec total\n|\n|t:|1783547215\n|move|p1a: Serperior|Substitute|p1a: Serperior\n|-start|p1a: Serperior|Substitute\n|-damage|p1a: Serperior|49/248\n|move|p2a: Florges|Moonblast|p1a: Serperior\n|-end|p1a: Serperior|Substitute\n|\n|-heal|p1a: Serperior|64/248|[from] item: Leftovers\n|-heal|p2a: Florges|50/100|[from] item: Leftovers\n|-damage|p2a: Florges|38/100|[from] Leech Seed|[of] p1a: Serperior\n|-heal|p1a: Serperior|97/248|[silent]\n|upkeep\n|turn|18\n|inactive|Time left: 300 sec this turn | 300 sec total\n|\n|t:|1783547217\n|move|p1a: Serperior|Substitute|p1a: Serperior\n|-start|p1a: Serperior|Substitute\n|-damage|p1a: Serperior|35/248\n|move|p2a: Florges|Moonblast|p1a: Serperior\n|-end|p1a: Serperior|Substitute\n|\n|-heal|p1a: Serperior|50/248|[from] item: Leftovers\n|-heal|p2a: Florges|44/100|[from] item: Leftovers\n|-damage|p2a: Florges|32/100|[from] Leech Seed|[of] p1a: Serperior\n|-heal|p1a: Serperior|83/248|[silent]\n|upkeep\n|turn|19\n|inactive|Time left: 300 sec this turn | 300 sec total\n|\n|t:|1783547218\n|move|p1a: Serperior|Substitute|p1a: Serperior\n|-start|p1a: Serperior|Substitute\n|-damage|p1a: Serperior|21/248\n|move|p2a: Florges|Moonblast|p1a: Serperior\n|-end|p1a: Serperior|Substitute\n|\n|-heal|p1a: Serperior|36/248|[from] item: Leftovers\n|-heal|p2a: Florges|38/100|[from] item: Leftovers\n|-damage|p2a: Florges|26/100|[from] Leech Seed|[of] p1a: Serperior\n|-heal|p1a: Serperior|69/248|[silent]\n|upkeep\n|turn|20\n|inactive|Time left: 300 sec this turn | 300 sec total\n|\n|t:|1783547219\n|move|p1a: Serperior|Substitute|p1a: Serperior\n|-start|p1a: Serperior|Substitute\n|-damage|p1a: Serperior|7/248\n|move|p2a: Florges|Moonblast|p1a: Serperior\n|-end|p1a: Serperior|Substitute\n|\n|-heal|p1a: Serperior|22/248|[from] item: Leftovers\n|-heal|p2a: Florges|31/100|[from] item: Leftovers\n|-damage|p2a: Florges|19/100|[from] Leech Seed|[of] p1a: Serperior\n|-heal|p1a: Serperior|55/248|[silent]\n|upkeep\n|turn|21\n|inactive|Time left: 300 sec this turn | 300 sec total\n|\n|t:|1783547220\n|move|p1a: Serperior|Leaf Storm|p2a: Florges\n|-damage|p2a: Florges|2/100\n|-boost|p1a: Serperior|spa|2\n|move|p2a: Florges|Moonblast|p1a: Serperior\n|-damage|p1a: Serperior|0 fnt\n|faint|p1a: Serperior\n|\n|-heal|p2a: Florges|8/100|[from] item: Leftovers\n|upkeep\n|inactive|Time left: 300 sec this turn | 300 sec total | 5 sec grace\n|\n|t:|1783547221\n|switch|p1a: Bellibolt|Bellibolt, L84, M|320/320\n|turn|22\n|inactive|Time left: 300 sec this turn | 300 sec total\n|\n|t:|1783547222\n|move|p2a: Florges|Moonblast|p1a: Bellibolt\n|-damage|p1a: Bellibolt|143/320\n|-unboost|p1a: Bellibolt|spa|1\n|-start|p1a: Bellibolt|Charge|Moonblast|[from] ability: Electromorphosis\n|move|p1a: Bellibolt|Slack Off|p1a: Bellibolt\n|-heal|p1a: Bellibolt|303/320\n|\n|-heal|p2a: Florges|14/100|[from] item: Leftovers\n|-heal|p1a: Bellibolt|320/320|[from] item: Leftovers\n|-damage|p2a: Florges|2/100|[from] Leech Seed|[of] p1a: Bellibolt\n|upkeep\n|turn|23\n|inactive|Time left: 300 sec this turn | 300 sec total\n|\n|t:|1783547223\n|move|p2a: Florges|Moonblast|p1a: Bellibolt\n|-damage|p1a: Bellibolt|146/320\n|-start|p1a: Bellibolt|Charge|Moonblast|[from] ability: Electromorphosis\n|move|p1a: Bellibolt|Slack Off|p1a: Bellibolt\n|-heal|p1a: Bellibolt|306/320\n|\n|-heal|p2a: Florges|8/100|[from] item: Leftovers\n|-heal|p1a: Bellibolt|320/320|[from] item: Leftovers\n|-damage|p2a: Florges|0 fnt|[from] Leech Seed|[of] p1a: Bellibolt\n|faint|p2a: Florges\n|upkeep\n|\n|t:|1783547224\n|switch|p2a: Gholdengo|Gholdengo, L77|100/100\n|turn|24\n|inactive|Time left: 300 sec this turn | 300 sec total\n|\n|t:|1783547224\n|-terastallize|p2a: Gholdengo|Fighting\n|move|p2a: Gholdengo|Nasty Plot|p2a: Gholdengo\n|-boost|p2a: Gholdengo|spa|2\n|move|p1a: Bellibolt|Thunderbolt|p2a: Gholdengo\n|-damage|p2a: Gholdengo|44/100\n|-end|p1a: Bellibolt|Charge|[silent]\n|\n|-heal|p2a: Gholdengo|50/100|[from] item: Leftovers\n|upkeep\n|turn|25\n|inactive|Time left: 300 sec this turn | 300 sec total\n|\n|t:|1783547226\n|move|p2a: Gholdengo|Shadow Ball|p1a: Bellibolt\n|-damage|p1a: Bellibolt|140/320\n|-start|p1a: Bellibolt|Charge|Shadow Ball|[from] ability: Electromorphosis\n|move|p1a: Bellibolt|Slack Off|p1a: Bellibolt\n|-heal|p1a: Bellibolt|300/320\n|\n|-heal|p2a: Gholdengo|56/100|[from] item: Leftovers\n|-heal|p1a: Bellibolt|320/320|[from] item: Leftovers\n|upkeep\n|turn|26\n|inactive|Time left: 300 sec this turn | 300 sec total\n|\n|t:|1783547226\n|move|p2a: Gholdengo|Focus Blast|p1a: Bellibolt\n|-damage|p1a: Bellibolt|26/320\n|-start|p1a: Bellibolt|Charge|Focus Blast|[from] ability: Electromorphosis\n|move|p1a: Bellibolt|Slack Off|p1a: Bellibolt\n|-heal|p1a: Bellibolt|186/320\n|\n|-heal|p2a: Gholdengo|63/100|[from] item: Leftovers\n|-heal|p1a: Bellibolt|206/320|[from] item: Leftovers\n|upkeep\n|turn|27\n|inactive|Time left: 300 sec this turn | 300 sec total\n|\n|t:|1783547227\n|move|p2a: Gholdengo|Shadow Ball|p1a: Bellibolt\n|-damage|p1a: Bellibolt|1/320\n|-start|p1a: Bellibolt|Charge|Shadow Ball|[from] ability: Electromorphosis\n|move|p1a: Bellibolt|Slack Off|p1a: Bellibolt\n|-heal|p1a: Bellibolt|161/320\n|\n|-heal|p2a: Gholdengo|69/100|[from] item: Leftovers\n|-heal|p1a: Bellibolt|181/320|[from] item: Leftovers\n|upkeep\n|turn|28\n|inactive|Time left: 300 sec this turn | 300 sec total\n|\n|t:|1783547228\n|move|p2a: Gholdengo|Shadow Ball|p1a: Bellibolt\n|-damage|p1a: Bellibolt|0 fnt\n|faint|p1a: Bellibolt\n|\n|win|p0y694ccdc", "uploadtime": 1783547228, "views": 0, "rating": 0, "private": 0, "password": null, "_winner": "p0y694ccdc", "_our_name": "p0x69466a1"}