{"id": "battle-gen9randombattle-428", "formatid": "gen9randombattle", "format": "[Gen 9] Random Battle", "players": ["p0x42845d6", "p0y4288a1b"], "log": "|init|battle\n|title|p0x42845d6 vs. p0y4288a1b\n|j|\u2606p0x42845d6\n|j|\u2606p0y4288a1b\n|t:|1783544016\n|gametype|singles\n|player|p1|p0x42845d6|265|\n|player|p2|p0y4288a1b|101|\n|gen|9\n|tier|[Gen 9] Random Battle\n|rule|Species Clause: Limit one of each Pok\u00e9mon\n|rule|HP Percentage Mod: HP is shown in percentages\n|rule|Sleep Clause Mod: Limit one foe put to sleep\n|rule|Illusion Level Mod: Illusion disguises the Pok\u00e9mon's true level\n|\n|t:|1783544016\n|teamsize|p1|6\n|teamsize|p2|6\n|start\n|switch|p1a: Girafarig|Girafarig, L89, F|269/269\n|switch|p2a: Beartic|Beartic, L91, M|100/100\n|turn|1\n|inactive|Battle timer is ON: inactive players will automatically lose when time's up. (requested by p0y4288a1b)\n|inactive|Time left: 300 sec this turn | 300 sec total | 60 sec grace\n|\n|t:|1783544018\n|move|p1a: Girafarig|Nasty Plot|p1a: Girafarig\n|-boost|p1a: Girafarig|spa|2\n|move|p2a: Beartic|Swords Dance|p2a: Beartic\n|-boost|p2a: Beartic|atk|2\n|\n|upkeep\n|turn|2\n|inactive|Time left: 300 sec this turn | 300 sec total\n|inactive|p0x42845d6 also wants the timer to be on.\n|\n|t:|1783544019\n|move|p1a: Girafarig|Psyshock|p2a: Beartic\n|-damage|p2a: Beartic|41/100\n|move|p2a: Beartic|Icicle Crash|p1a: Girafarig\n|-damage|p1a: Girafarig|50/269\n|\n|upkeep\n|turn|3\n|inactive|Time left: 300 sec this turn | 300 sec total\n|\n|t:|1783544020\n|switch|p2a: Excadrill|Excadrill, L79, M|100/100\n|-ability|p2a: Excadrill|Mold Breaker\n|move|p1a: Girafarig|Psyshock|p2a: Excadrill\n|-resisted|p2a: Excadrill\n|-damage|p2a: Excadrill|58/100\n|\n|-heal|p2a: Excadrill|64/100|[from] item: Leftovers\n|upkeep\n|turn|4\n|inactive|Time left: 300 sec this turn | 300 sec total\n|\n|t:|1783544021\n|move|p1a: Girafarig|Psyshock|p2a: Excadrill\n|-resisted|p2a: Excadrill\n|-damage|p2a: Excadrill|24/100\n|move|p2a: Excadrill|Earthquake|p1a: Girafarig\n|-damage|p1a: Girafarig|0 fnt\n|faint|p1a: Girafarig\n|\n|-heal|p2a: Excadrill|30/100|[from] item: Leftovers\n|upkeep\n|inactive|Time left: 300 sec this turn | 300 sec total | 5 sec grace\n|\n|t:|1783544022\n|switch|p1a: Rillaboom|Rillaboom, L79, M|288/288\n|-fieldstart|move: Grassy Terrain|[from] ability: Grassy Surge|[of] p1a: Rillaboom\n|turn|5\n|inactive|Time left: 300 sec this turn | 300 sec total\n|\n|t:|1783544023\n|switch|p2a: Shiftry|Shiftry, L89, M|100/100\n|move|p1a: Rillaboom|Knock Off|p2a: Shiftry\n|-resisted|p2a: Shiftry\n|-damage|p2a: Shiftry|78/100\n|-enditem|p2a: Shiftry|Life Orb|[from] move: Knock Off|[of] p1a: Rillaboom\n|\n|-heal|p2a: Shiftry|84/100|[from] Grassy Terrain\n|upkeep\n|turn|6\n|inactive|Time left: 300 sec this turn | 300 sec total\n|\n|t:|1783544025\n|switch|p1a: Koraidon|Koraidon, L64|235/235\n|-weather|SunnyDay|[from] ability: Orichalcum Pulse|[of] p1a: Koraidon\n|-activate|p1a: Koraidon|Orichalcum Pulse|[source]\n|move|p2a: Shiftry|Swords Dance|p2a: Shiftry\n|-boost|p2a: Shiftry|atk|2\n|\n|-weather|SunnyDay|[upkeep]\n|-heal|p2a: Shiftry|90/100|[from] Grassy Terrain\n|upkeep\n|turn|7\n|inactive|Time left: 300 sec this turn | 300 sec total\n|\n|t:|1783544026\n|switch|p2a: Grimmsnarl|Grimmsnarl, L83, M|100/100\n|move|p1a: Koraidon|Collision Course|p2a: Grimmsnarl\n|-damage|p2a: Grimmsnarl|55/100\n|\n|-weather|SunnyDay|[upkeep]\n|-heal|p2a: Grimmsnarl|62/100|[from] Grassy Terrain\n|-heal|p2a: Grimmsnarl|68/100|[from] item: Leftovers\n|upkeep\n|turn|8\n|inactive|Time left: 300 sec this turn | 300 sec total\n|\n|t:|1783544027\n|-terastallize|p1a: Koraidon|Fire\n|move|p1a: Koraidon|Flare Blitz|p2a: Grimmsnarl\n|-damage|p2a: Grimmsnarl|0 fnt\n|faint|p2a: Grimmsnarl\n|-damage|p1a: Koraidon|170/235|[from] Recoil\n|\n|-weather|SunnyDay|[upkeep]\n|-heal|p1a: Koraidon|184/235|[from] Grassy Terrain\n|upkeep\n|\n|t:|1783544028\n|switch|p2a: Zekrom|Zekrom, L71|100/100\n|-ability|p2a: Zekrom|Teravolt\n|turn|9\n|inactive|Time left: 300 sec this turn | 300 sec total\n|\n|t:|1783544029\n|move|p1a: Koraidon|Scale Shot|p2a: Zekrom\n|-supereffective|p2a: Zekrom\n|-damage|p2a: Zekrom|82/100\n|-supereffective|p2a: Zekrom\n|-damage|p2a: Zekrom|63/100\n|-supereffective|p2a: Zekrom\n|-damage|p2a: Zekrom|43/100\n|-supereffective|p2a: Zekrom\n|-damage|p2a: Zekrom|22/100\n|-supereffective|p2a: Zekrom\n|-damage|p2a: Zekrom|2/100\n|-hitcount|p2a: Zekrom|5\n|-unboost|p1a: Koraidon|def|1\n|-boost|p1a: Koraidon|spe|1\n|move|p2a: Zekrom|Outrage|p1a: Koraidon\n|-damage|p1a: Koraidon|0 fnt\n|faint|p1a: Koraidon\n|\n|-weather|SunnyDay|[upkeep]\n|-heal|p2a: Zekrom|9/100|[from] Grassy Terrain\n|-heal|p2a: Zekrom|15/100|[from] item: Leftovers\n|-fieldend|move: Grassy Terrain\n|upkeep\n|inactive|Time left: 300 sec this turn | 300 sec total | 5 sec grace\n|\n|t:|1783544030\n|switch|p1a: Primarina|Primarina, L83, F|268/268\n|turn|10\n|inactive|Time left: 300 sec this turn | 300 sec total\n|\n|t:|1783544031\n|move|p2a: Zekrom|Outrage|p1a: Primarina|[from] lockedmove\n|-immune|p1a: Primarina\n|move|p1a: Primarina|Calm Mind|p1a: Primarina\n|-boost|p1a: Primarina|spa|1\n|-boost|p1a: Primarina|spd|1\n|\n|-weather|none\n|-heal|p2a: Zekrom|21/100|[from] item: Leftovers\n|upkeep\n|turn|11\n|inactive|Time left: 300 sec this turn | 300 sec total\n|\n|t:|1783544032\n|move|p2a: Zekrom|Bolt Strike|p1a: Primarina\n|-supereffective|p1a: Primarina\n|-damage|p1a: Primarina|0 fnt\n|faint|p1a: Primarina\n|\n|-heal|p2a: Zekrom|27/100|[from] item: Leftovers\n|upkeep\n|inactive|Time left: 300 sec this turn | 300 sec total | 5 sec grace\n|\n|t:|1783544033\n|switch|p1a: Rillaboom|Rillaboom, L79, M|288/288\n|-fieldstart|move: Grassy Terrain|[from] ability: Grassy Surge|[of] p1a: Rillaboom\n|turn|12\n|inactive|Time left: 300 sec this turn | 300 sec total\n|\n|t:|1783544034\n|move|p1a: Rillaboom|Wood Hammer|p2a: Zekrom\n|-resisted|p2a: Zekrom\n|-damage|p2a: Zekrom|0 fnt\n|faint|p2a: Zekrom\n|-damage|p1a: Rillaboom|265/288|[from] Recoil\n|\n|-heal|p1a: Rillaboom|283/288|[from] Grassy Terrain\n|upkeep\n|\n|t:|1783544035\n|switch|p2a: Shiftry|Shiftry, L89, M|90/100\n|turn|13\n|inactive|Time left: 300 sec this turn | 300 sec total\n|\n|t:|1783544036\n|move|p2a: Shiftry|Swords Dance|p2a: Shiftry\n|-boost|p2a: Shiftry|atk|2\n|move|p1a: Rillaboom|Wood Hammer|p2a: Shiftry\n|-resisted|p2a: Shiftry\n|-damage|p2a: Shiftry|38/100\n|-damage|p1a: Rillaboom|231/288|[from] Recoil\n|\n|-heal|p2a: Shiftry|44/100|[from] Grassy Terrain\n|-heal|p1a: Rillaboom|249/288|[from] Grassy Terrain\n|upkeep\n|turn|14\n|inactive|Time left: 300 sec this turn | 300 sec total\n|\n|t:|1783544037\n|move|p2a: Shiftry|Knock Off|p1a: Rillaboom\n|-damage|p1a: Rillaboom|0 fnt\n|-enditem|p1a: Rillaboom|Choice Band|[from] move: Knock Off|[of] p2a: Shiftry\n|faint|p1a: Rillaboom\n|\n|-heal|p2a: Shiftry|50/100|[from] Grassy Terrain\n|upkeep\n|inactive|Time left: 300 sec this turn | 300 sec total | 5 sec grace\n|\n|t:|1783544039\n|switch|p1a: Masquerain|Masquerain, L87, M|264/264\n|-ability|p1a: Masquerain|Intimidate|boost\n|-unboost|p2a: Shiftry|atk|1\n|turn|15\n|inactive|Time left: 300 sec this turn | 300 sec total\n|\n|t:|1783544040\n|-terastallize|p2a: Shiftry|Dark\n|move|p2a: Shiftry|Knock Off|p1a: Masquerain\n|-damage|p1a: Masquerain|0 fnt\n|-enditem|p1a: Masquerain|Heavy-Duty Boots|[from] move: Knock Off|[of] p2a: Shiftry\n|faint|p1a: Masquerain\n|\n|-heal|p2a: Shiftry|57/100|[from] Grassy Terrain\n|upkeep\n|inactive|Time left: 300 sec this turn | 300 sec total | 5 sec grace\n|\n|t:|1783544040\n|switch|p1a: Pincurchin|Pincurchin, F|258/258\n|-fieldstart|move: Electric Terrain|[from] ability: Electric Surge|[of] p1a: Pincurchin\n|turn|16\n|inactive|Time left: 300 sec this turn | 300 sec total\n|\n|t:|1783544041\n|move|p2a: Shiftry|Swords Dance|p2a: Shiftry\n|-boost|p2a: Shiftry|atk|2\n|move|p1a: Pincurchin|Recover||[still]\n|-fail|p1a: Pincurchin|heal\n|\n|upkeep\n|turn|17\n|inactive|Time left: 300 sec this turn | 300 sec total\n|\n|t:|1783544042\n|move|p2a: Shiftry|Knock Off|p1a: Pincurchin\n|-damage|p1a: Pincurchin|0 fnt\n|-enditem|p1a: Pincurchin|Leftovers|[from] move: Knock Off|[of] p2a: Shiftry\n|faint|p1a: Pincurchin\n|\n|win|p0y4288a1b", "uploadtime": 1783544042, "views": 0, "rating": 0, "private": 0, "password": null, "_winner": "p0y4288a1b", "_our_name": "p0x42845d6"}