{"id": "battle-gen9randombattle-2223", "formatid": "gen9randombattle", "format": "[Gen 9] Random Battle", "players": ["p0x2223e21c", "p0y2223b810"], "log": "|init|battle\n|title|p0x2223e21c vs. p0y2223b810\n|j|\u2606p0x2223e21c\n|j|\u2606p0y2223b810\n|t:|1783564841\n|gametype|singles\n|player|p1|p0x2223e21c|1|\n|player|p2|p0y2223b810|102|\n|gen|9\n|tier|[Gen 9] Random Battle\n|rule|Species Clause: Limit one of each Pok\u00e9mon\n|rule|HP Percentage Mod: HP is shown in percentages\n|rule|Sleep Clause Mod: Limit one foe put to sleep\n|rule|Illusion Level Mod: Illusion disguises the Pok\u00e9mon's true level\n|\n|t:|1783564841\n|teamsize|p1|6\n|teamsize|p2|6\n|start\n|switch|p1a: Zebstrika|Zebstrika, L87, M|100/100\n|switch|p2a: Deoxys|Deoxys, L74|196/196\n|-ability|p2a: Deoxys|Pressure\n|turn|1\n|inactive|Battle timer is ON: inactive players will automatically lose when time's up. (requested by p0x2223e21c)\n|inactive|Time left: 300 sec this turn | 300 sec total | 60 sec grace\n|\n|t:|1783564842\n|move|p2a: Deoxys|Psycho Boost|p1a: Zebstrika\n|-damage|p1a: Zebstrika|6/100\n|-unboost|p2a: Deoxys|spa|2\n|-damage|p2a: Deoxys|177/196|[from] item: Life Orb\n|move|p1a: Zebstrika|Supercell Slam|p2a: Deoxys\n|-damage|p2a: Deoxys|0 fnt\n|faint|p2a: Deoxys\n|-damage|p1a: Zebstrika|0 fnt|[from] item: Life Orb\n|faint|p1a: Zebstrika\n|\n|upkeep\n|inactive|Time left: 300 sec this turn | 300 sec total | 65 sec grace\n|inactive|p0y2223b810 also wants the timer to be on.\n|\n|t:|1783564843\n|switch|p2a: Grimmsnarl|Grimmsnarl, L83, M|293/293\n|switch|p1a: Glastrier|Glastrier, L86|100/100\n|turn|2\n|inactive|Time left: 300 sec this turn | 300 sec total\n|\n|t:|1783564845\n|move|p2a: Grimmsnarl|Reflect|p2a: Grimmsnarl\n|-sidestart|p2: p0y2223b810|Reflect\n|move|p1a: Glastrier|Swords Dance|p1a: Glastrier\n|-boost|p1a: Glastrier|atk|2\n|\n|upkeep\n|turn|3\n|inactive|Time left: 300 sec this turn | 300 sec total\n|\n|t:|1783564846\n|switch|p2a: Charizard|Charizard, L85, F|271/271\n|move|p1a: Glastrier|Icicle Crash|p2a: Charizard\n|-damage|p2a: Charizard|127/271\n|\n|upkeep\n|turn|4\n|inactive|Time left: 300 sec this turn | 300 sec total\n|\n|t:|1783564847\n|move|p2a: Charizard|Will-O-Wisp|p1a: Glastrier\n|-status|p1a: Glastrier|brn\n|move|p1a: Glastrier|Icicle Crash|p2a: Charizard\n|-damage|p2a: Charizard|53/271\n|\n|-damage|p1a: Glastrier|94/100 brn|[from] brn\n|upkeep\n|turn|5\n|inactive|Time left: 300 sec this turn | 300 sec total\n|\n|t:|1783564848\n|move|p2a: Charizard|Flamethrower|p1a: Glastrier\n|-supereffective|p1a: Glastrier\n|-damage|p1a: Glastrier|3/100 brn\n|move|p1a: Glastrier|Icicle Crash|p2a: Charizard|[miss]\n|-miss|p1a: Glastrier|p2a: Charizard\n|\n|-damage|p1a: Glastrier|0 fnt|[from] brn\n|faint|p1a: Glastrier\n|upkeep\n|\n|t:|1783564849\n|switch|p1a: Kingdra|Kingdra, L84, M|100/100\n|turn|6\n|inactive|Time left: 300 sec this turn | 300 sec total\n|\n|t:|1783564849\n|switch|p2a: Gumshoos|Gumshoos, L95, M|321/321\n|move|p1a: Kingdra|Dragon Dance|p1a: Kingdra\n|-boost|p1a: Kingdra|atk|1\n|-boost|p1a: Kingdra|spe|1\n|\n|upkeep\n|turn|7\n|inactive|Time left: 300 sec this turn | 300 sec total\n|\n|t:|1783564850\n|move|p1a: Kingdra|Outrage|p2a: Gumshoos\n|-damage|p2a: Gumshoos|217/321\n|move|p2a: Gumshoos|Double-Edge|p1a: Kingdra\n|-damage|p1a: Kingdra|0 fnt\n|faint|p1a: Kingdra\n|-damage|p2a: Gumshoos|130/321|[from] Recoil\n|\n|upkeep\n|\n|t:|1783564851\n|switch|p1a: Lunala|Lunala, L70|100/100\n|turn|8\n|inactive|Time left: 300 sec this turn | 300 sec total\n|\n|t:|1783564852\n|switch|p2a: Grimmsnarl|Grimmsnarl, L83, M|293/293\n|move|p1a: Lunala|Calm Mind|p1a: Lunala\n|-boost|p1a: Lunala|spa|1\n|-boost|p1a: Lunala|spd|1\n|\n|upkeep\n|turn|9\n|inactive|Time left: 300 sec this turn | 300 sec total\n|\n|t:|1783564853\n|move|p2a: Grimmsnarl|Light Screen|p2a: Grimmsnarl\n|-sidestart|p2: p0y2223b810|move: Light Screen\n|move|p1a: Lunala|Calm Mind|p1a: Lunala\n|-boost|p1a: Lunala|spa|1\n|-boost|p1a: Lunala|spd|1\n|\n|-sideend|p2: p0y2223b810|Reflect\n|upkeep\n|turn|10\n|inactive|Time left: 300 sec this turn | 300 sec total\n|\n|t:|1783564854\n|move|p1a: Lunala|Calm Mind|p1a: Lunala\n|-boost|p1a: Lunala|spa|1\n|-boost|p1a: Lunala|spd|1\n|move|p2a: Grimmsnarl|Spirit Break|p1a: Lunala\n|-damage|p1a: Lunala|84/100\n|-unboost|p1a: Lunala|spa|1\n|\n|-heal|p1a: Lunala|90/100|[from] item: Leftovers\n|upkeep\n|turn|11\n|inactive|Time left: 300 sec this turn | 300 sec total\n|\n|t:|1783564855\n|move|p1a: Lunala|Calm Mind|p1a: Lunala\n|-boost|p1a: Lunala|spa|1\n|-boost|p1a: Lunala|spd|1\n|move|p2a: Grimmsnarl|Spirit Break|p1a: Lunala\n|-damage|p1a: Lunala|57/100\n|-unboost|p1a: Lunala|spa|1\n|\n|-heal|p1a: Lunala|63/100|[from] item: Leftovers\n|upkeep\n|turn|12\n|inactive|Time left: 300 sec this turn | 300 sec total\n|\n|t:|1783564856\n|move|p1a: Lunala|Moonlight|p1a: Lunala\n|-heal|p1a: Lunala|100/100\n|move|p2a: Grimmsnarl|Spirit Break|p1a: Lunala\n|-damage|p1a: Lunala|84/100\n|-unboost|p1a: Lunala|spa|1\n|\n|-heal|p1a: Lunala|90/100|[from] item: Leftovers\n|upkeep\n|turn|13\n|inactive|Time left: 300 sec this turn | 300 sec total\n|\n|t:|1783564857\n|move|p1a: Lunala|Calm Mind|p1a: Lunala\n|-boost|p1a: Lunala|spa|1\n|-boost|p1a: Lunala|spd|1\n|move|p2a: Grimmsnarl|Spirit Break|p1a: Lunala\n|-damage|p1a: Lunala|57/100\n|-unboost|p1a: Lunala|spa|1\n|\n|-heal|p1a: Lunala|63/100|[from] item: Leftovers\n|upkeep\n|turn|14\n|inactive|Time left: 300 sec this turn | 300 sec total\n|\n|t:|1783564858\n|move|p1a: Lunala|Moonlight|p1a: Lunala\n|-heal|p1a: Lunala|100/100\n|move|p2a: Grimmsnarl|Spirit Break|p1a: Lunala\n|-damage|p1a: Lunala|84/100\n|-unboost|p1a: Lunala|spa|1\n|\n|-heal|p1a: Lunala|90/100|[from] item: Leftovers\n|upkeep\n|turn|15\n|inactive|Time left: 300 sec this turn | 300 sec total\n|\n|t:|1783564859\n|move|p1a: Lunala|Calm Mind|p1a: Lunala\n|-boost|p1a: Lunala|spa|1\n|-boost|p1a: Lunala|spd|1\n|move|p2a: Grimmsnarl|Spirit Break|p1a: Lunala\n|-crit|p1a: Lunala\n|-damage|p1a: Lunala|33/100\n|-unboost|p1a: Lunala|spa|1\n|\n|-heal|p1a: Lunala|39/100|[from] item: Leftovers\n|upkeep\n|turn|16\n|inactive|Time left: 300 sec this turn | 300 sec total\n|\n|t:|1783564860\n|move|p1a: Lunala|Moonlight|p1a: Lunala\n|-heal|p1a: Lunala|89/100\n|move|p2a: Grimmsnarl|Spirit Break|p1a: Lunala\n|-damage|p1a: Lunala|55/100\n|-unboost|p1a: Lunala|spa|1\n|\n|-heal|p1a: Lunala|62/100|[from] item: Leftovers\n|-sideend|p2: p0y2223b810|move: Light Screen\n|upkeep\n|turn|17\n|inactive|Time left: 300 sec this turn | 300 sec total\n|\n|t:|1783564862\n|move|p1a: Lunala|Moonlight|p1a: Lunala\n|-heal|p1a: Lunala|100/100\n|move|p2a: Grimmsnarl|Spirit Break|p1a: Lunala\n|-damage|p1a: Lunala|81/100\n|-unboost|p1a: Lunala|spa|1\n|\n|-heal|p1a: Lunala|88/100|[from] item: Leftovers\n|upkeep\n|turn|18\n|inactive|Time left: 300 sec this turn | 300 sec total\n|\n|t:|1783564863\n|switch|p1a: Mandibuzz|Mandibuzz, L85, F|100/100\n|move|p2a: Grimmsnarl|Light Screen|p2a: Grimmsnarl\n|-sidestart|p2: p0y2223b810|move: Light Screen\n|\n|upkeep\n|turn|19\n|inactive|Time left: 300 sec this turn | 300 sec total\n|\n|t:|1783564864\n|move|p1a: Mandibuzz|Toxic|p2a: Grimmsnarl\n|-status|p2a: Grimmsnarl|tox\n|move|p2a: Grimmsnarl|Spirit Break|p1a: Mandibuzz\n|-supereffective|p1a: Mandibuzz\n|-damage|p1a: Mandibuzz|49/100\n|-unboost|p1a: Mandibuzz|spa|1\n|\n|-damage|p2a: Grimmsnarl|275/293 tox|[from] psn\n|upkeep\n|turn|20\n|inactive|Time left: 300 sec this turn | 300 sec total\n|\n|t:|1783564864\n|move|p1a: Mandibuzz|Roost|p1a: Mandibuzz\n|-heal|p1a: Mandibuzz|99/100\n|-singleturn|p1a: Mandibuzz|move: Roost\n|move|p2a: Grimmsnarl|Spirit Break|p1a: Mandibuzz\n|-supereffective|p1a: Mandibuzz\n|-crit|p1a: Mandibuzz\n|-damage|p1a: Mandibuzz|21/100\n|-unboost|p1a: Mandibuzz|spa|1\n|\n|-damage|p2a: Grimmsnarl|239/293 tox|[from] psn\n|upkeep\n|turn|21\n|inactive|Time left: 300 sec this turn | 300 sec total\n|\n|t:|1783564866\n|move|p1a: Mandibuzz|Brave Bird|p2a: Grimmsnarl\n|-damage|p2a: Grimmsnarl|112/293 tox\n|-damage|p1a: Mandibuzz|8/100|[from] Recoil\n|move|p2a: Grimmsnarl|Spirit Break|p1a: Mandibuzz\n|-supereffective|p1a: Mandibuzz\n|-damage|p1a: Mandibuzz|0 fnt\n|faint|p1a: Mandibuzz\n|\n|-damage|p2a: Grimmsnarl|58/293 tox|[from] psn\n|upkeep\n|\n|t:|1783564867\n|switch|p1a: Lunala|Lunala, L70|88/100\n|turn|22\n|inactive|Time left: 300 sec this turn | 300 sec total\n|\n|t:|1783564868\n|move|p2a: Grimmsnarl|Reflect|p2a: Grimmsnarl\n|-sidestart|p2: p0y2223b810|Reflect\n|move|p1a: Lunala|Calm Mind|p1a: Lunala\n|-boost|p1a: Lunala|spa|1\n|-boost|p1a: Lunala|spd|1\n|\n|-heal|p1a: Lunala|94/100|[from] item: Leftovers\n|-damage|p2a: Grimmsnarl|0 fnt|[from] psn\n|faint|p2a: Grimmsnarl\n|upkeep\n|inactive|Time left: 300 sec this turn | 300 sec total | 5 sec grace\n|\n|t:|1783564869\n|switch|p2a: Gumshoos|Gumshoos, L95, M|130/321\n|turn|23\n|inactive|Time left: 300 sec this turn | 300 sec total\n|\n|t:|1783564870\n|-terastallize|p2a: Gumshoos|Ground\n|move|p1a: Lunala|Focus Blast|p2a: Gumshoos|[miss]\n|-miss|p1a: Lunala|p2a: Gumshoos\n|move|p2a: Gumshoos|Earthquake|p1a: Lunala\n|-damage|p1a: Lunala|0 fnt\n|faint|p1a: Lunala\n|\n|upkeep\n|\n|t:|1783564871\n|switch|p1a: Hypno|Hypno, L95, F|100/100\n|turn|24\n|inactive|Time left: 300 sec this turn | 300 sec total\n|\n|t:|1783564872\n|move|p1a: Hypno|Knock Off|p2a: Gumshoos\n|-damage|p2a: Gumshoos|88/321\n|-enditem|p2a: Gumshoos|Choice Band|[from] move: Knock Off|[of] p1a: Hypno\n|move|p2a: Gumshoos|Earthquake|p1a: Hypno\n|-damage|p1a: Hypno|40/100\n|\n|-heal|p1a: Hypno|46/100|[from] item: Leftovers\n|upkeep\n|turn|25\n|inactive|Time left: 300 sec this turn | 300 sec total\n|\n|t:|1783564873\n|move|p1a: Hypno|Psychic Noise|p2a: Gumshoos\n|-damage|p2a: Gumshoos|41/321\n|-start|p2a: Gumshoos|move: Heal Block\n|move|p2a: Gumshoos|Earthquake|p1a: Hypno\n|-damage|p1a: Hypno|0 fnt\n|faint|p1a: Hypno\n|\n|win|p0y2223b810", "uploadtime": 1783564873, "views": 0, "rating": 0, "private": 0, "password": null, "_winner": "p0y2223b810", "_our_name": "p0y2223b810"}