{"id": "battle-gen9randombattle-452", "formatid": "gen9randombattle", "format": "[Gen 9] Random Battle", "players": ["p0x45297ed", "p0y4526cd5"], "log": "|init|battle\n|title|p0x45297ed vs. p0y4526cd5\n|j|\u2606p0x45297ed\n|j|\u2606p0y4526cd5\n|t:|1783544294\n|gametype|singles\n|player|p1|p0x45297ed|170|\n|player|p2|p0y4526cd5|265|\n|gen|9\n|tier|[Gen 9] Random Battle\n|rule|Species Clause: Limit one of each Pok\u00e9mon\n|rule|HP Percentage Mod: HP is shown in percentages\n|rule|Sleep Clause Mod: Limit one foe put to sleep\n|rule|Illusion Level Mod: Illusion disguises the Pok\u00e9mon's true level\n|\n|t:|1783544294\n|teamsize|p1|6\n|teamsize|p2|6\n|start\n|switch|p1a: Klefki|Klefki, L84, F|233/233\n|switch|p2a: Muk|Muk, L86, F|100/100\n|turn|1\n|inactive|Battle timer is ON: inactive players will automatically lose when time's up. (requested by p0y4526cd5)\n|inactive|Time left: 300 sec this turn | 300 sec total | 60 sec grace\n|\n|t:|1783544296\n|move|p1a: Klefki|Spikes|p2a: Muk\n|-sidestart|p2: p0y4526cd5|Spikes\n|move|p2a: Muk|Knock Off|p1a: Klefki\n|-resisted|p1a: Klefki\n|-damage|p1a: Klefki|181/233\n|-enditem|p1a: Klefki|Leftovers|[from] move: Knock Off|[of] p2a: Muk\n|\n|upkeep\n|turn|2\n|inactive|Time left: 300 sec this turn | 300 sec total\n|inactive|p0x45297ed also wants the timer to be on.\n|\n|t:|1783544298\n|move|p1a: Klefki|Play Rough|p2a: Muk\n|-resisted|p2a: Muk\n|-damage|p2a: Muk|87/100\n|move|p2a: Muk|Knock Off|p1a: Klefki\n|-resisted|p1a: Klefki\n|-damage|p1a: Klefki|140/233\n|\n|upkeep\n|turn|3\n|inactive|Time left: 300 sec this turn | 300 sec total\n|\n|t:|1783544299\n|move|p1a: Klefki|Spikes|p2a: Muk\n|-sidestart|p2: p0y4526cd5|Spikes\n|move|p2a: Muk|Knock Off|p1a: Klefki\n|-resisted|p1a: Klefki\n|-damage|p1a: Klefki|101/233\n|\n|upkeep\n|turn|4\n|inactive|Time left: 300 sec this turn | 300 sec total\n|\n|t:|1783544300\n|move|p1a: Klefki|Play Rough|p2a: Muk\n|-resisted|p2a: Muk\n|-damage|p2a: Muk|74/100\n|move|p2a: Muk|Knock Off|p1a: Klefki\n|-resisted|p1a: Klefki\n|-damage|p1a: Klefki|61/233\n|\n|upkeep\n|turn|5\n|inactive|Time left: 300 sec this turn | 300 sec total\n|\n|t:|1783544301\n|move|p1a: Klefki|Thunder Wave|p2a: Muk\n|-status|p2a: Muk|par\n|move|p2a: Muk|Knock Off|p1a: Klefki\n|-resisted|p1a: Klefki\n|-crit|p1a: Klefki\n|-damage|p1a: Klefki|3/233\n|\n|upkeep\n|turn|6\n|inactive|Time left: 300 sec this turn | 300 sec total\n|\n|t:|1783544302\n|move|p1a: Klefki|Play Rough|p2a: Muk\n|-resisted|p2a: Muk\n|-damage|p2a: Muk|60/100 par\n|move|p2a: Muk|Knock Off|p1a: Klefki\n|-resisted|p1a: Klefki\n|-damage|p1a: Klefki|0 fnt\n|faint|p1a: Klefki\n|\n|upkeep\n|inactive|Time left: 300 sec this turn | 300 sec total | 5 sec grace\n|\n|t:|1783544303\n|switch|p1a: Abomasnow|Abomasnow, L84, F|287/287\n|-weather|Snowscape|[from] ability: Snow Warning|[of] p1a: Abomasnow\n|turn|7\n|inactive|Time left: 300 sec this turn | 300 sec total\n|\n|t:|1783544305\n|move|p1a: Abomasnow|Aurora Veil|p1a: Abomasnow\n|-sidestart|p1: p0x45297ed|move: Aurora Veil\n|cant|p2a: Muk|par\n|\n|-weather|Snowscape|[upkeep]\n|upkeep\n|turn|8\n|inactive|Time left: 300 sec this turn | 300 sec total\n|\n|t:|1783544306\n|switch|p1a: Polteageist|Polteageist, L78|222/222\n|move|p2a: Muk|Knock Off|p1a: Polteageist\n|-supereffective|p1a: Polteageist\n|-damage|p1a: Polteageist|67/222\n|-enditem|p1a: Polteageist|White Herb|[from] move: Knock Off|[of] p2a: Muk\n|\n|-weather|Snowscape|[upkeep]\n|upkeep\n|turn|9\n|inactive|Time left: 300 sec this turn | 300 sec total\n|\n|t:|1783544307\n|move|p1a: Polteageist|Strength Sap|p2a: Muk\n|-unboost|p2a: Muk|atk|1\n|-heal|p1a: Polteageist|222/222\n|move|p2a: Muk|Knock Off|p1a: Polteageist\n|-supereffective|p1a: Polteageist\n|-damage|p1a: Polteageist|150/222\n|-start|p2a: Muk|Disable|Knock Off|[from] ability: Cursed Body|[of] p1a: Polteageist\n|\n|-weather|Snowscape|[upkeep]\n|upkeep\n|turn|10\n|inactive|Time left: 300 sec this turn | 300 sec total\n|\n|t:|1783544308\n|switch|p2a: Hydreigon|Hydreigon, L79, F|100/100\n|move|p1a: Polteageist|Shell Smash|p1a: Polteageist\n|-unboost|p1a: Polteageist|def|1\n|-unboost|p1a: Polteageist|spd|1\n|-boost|p1a: Polteageist|atk|2\n|-boost|p1a: Polteageist|spa|2\n|-boost|p1a: Polteageist|spe|2\n|\n|-weather|Snowscape|[upkeep]\n|upkeep\n|turn|11\n|inactive|Time left: 300 sec this turn | 300 sec total\n|\n|t:|1783544309\n|move|p1a: Polteageist|Strength Sap|p2a: Hydreigon\n|-unboost|p2a: Hydreigon|atk|1\n|-heal|p1a: Polteageist|222/222\n|move|p2a: Hydreigon|Dark Pulse|p1a: Polteageist\n|-supereffective|p1a: Polteageist\n|-damage|p1a: Polteageist|53/222\n|-start|p2a: Hydreigon|Disable|Dark Pulse|[from] ability: Cursed Body|[of] p1a: Polteageist\n|-damage|p2a: Hydreigon|91/100|[from] item: Life Orb\n|\n|-weather|none\n|upkeep\n|turn|12\n|inactive|Time left: 300 sec this turn | 300 sec total\n|\n|t:|1783544311\n|move|p1a: Polteageist|Strength Sap|p2a: Hydreigon\n|-unboost|p2a: Hydreigon|atk|1\n|-heal|p1a: Polteageist|166/222\n|move|p2a: Hydreigon|Nasty Plot|p2a: Hydreigon\n|-boost|p2a: Hydreigon|spa|2\n|\n|upkeep\n|turn|13\n|inactive|Time left: 300 sec this turn | 300 sec total\n|\n|t:|1783544312\n|move|p1a: Polteageist|Shadow Ball|p2a: Hydreigon\n|-resisted|p2a: Hydreigon\n|-damage|p2a: Hydreigon|58/100\n|-unboost|p2a: Hydreigon|spd|1\n|move|p2a: Hydreigon|Draco Meteor|p1a: Polteageist|[miss]\n|-miss|p2a: Hydreigon|p1a: Polteageist\n|\n|upkeep\n|turn|14\n|inactive|Time left: 300 sec this turn | 300 sec total\n|\n|t:|1783544313\n|move|p1a: Polteageist|Shadow Ball|p2a: Hydreigon\n|-resisted|p2a: Hydreigon\n|-damage|p2a: Hydreigon|2/100\n|move|p2a: Hydreigon|Draco Meteor|p1a: Polteageist\n|-damage|p1a: Polteageist|0 fnt\n|-unboost|p2a: Hydreigon|spa|2\n|faint|p1a: Polteageist\n|-damage|p2a: Hydreigon|0 fnt|[from] item: Life Orb\n|faint|p2a: Hydreigon\n|\n|-sideend|p1: p0x45297ed|move: Aurora Veil\n|upkeep\n|inactive|Time left: 300 sec this turn | 300 sec total | 5 sec grace\n|\n|t:|1783544314\n|switch|p2a: Kricketune|Kricketune, L99, M|100/100\n|switch|p1a: Abomasnow|Abomasnow, L84, F|287/287\n|-weather|Snowscape|[from] ability: Snow Warning|[of] p1a: Abomasnow\n|turn|15\n|inactive|Time left: 300 sec this turn | 300 sec total\n|\n|t:|1783544315\n|move|p2a: Kricketune|Pounce|p1a: Abomasnow\n|-supereffective|p1a: Abomasnow\n|-damage|p1a: Abomasnow|129/287\n|-unboost|p1a: Abomasnow|spe|1\n|move|p1a: Abomasnow|Aurora Veil|p1a: Abomasnow\n|-sidestart|p1: p0x45297ed|move: Aurora Veil\n|\n|-weather|Snowscape|[upkeep]\n|upkeep\n|turn|16\n|inactive|Time left: 300 sec this turn | 300 sec total\n|\n|t:|1783544316\n|switch|p1a: Espeon|Espeon, L84, F|246/246\n|move|p2a: Kricketune|Sticky Web|p1a: Espeon\n|move|p1a: Espeon|Sticky Web|p2a: Kricketune|[from] ability: Magic Bounce\n|-sidestart|p2: p0y4526cd5|move: Sticky Web\n|\n|-weather|Snowscape|[upkeep]\n|upkeep\n|turn|17\n|inactive|Time left: 300 sec this turn | 300 sec total\n|\n|t:|1783544317\n|move|p1a: Espeon|Psychic|p2a: Kricketune\n|-damage|p2a: Kricketune|33/100\n|-damage|p1a: Espeon|222/246|[from] item: Life Orb\n|move|p2a: Kricketune|Pounce|p1a: Espeon\n|-supereffective|p1a: Espeon\n|-damage|p1a: Espeon|98/246\n|-unboost|p1a: Espeon|spe|1\n|\n|-weather|Snowscape|[upkeep]\n|upkeep\n|turn|18\n|inactive|Time left: 300 sec this turn | 300 sec total\n|\n|t:|1783544318\n|-terastallize|p1a: Espeon|Fairy\n|move|p2a: Kricketune|Pounce|p1a: Espeon\n|-resisted|p1a: Espeon\n|-damage|p1a: Espeon|66/246\n|-unboost|p1a: Espeon|spe|1\n|move|p1a: Espeon|Alluring Voice|p2a: Kricketune\n|-damage|p2a: Kricketune|0 fnt\n|faint|p2a: Kricketune\n|-damage|p1a: Espeon|42/246|[from] item: Life Orb\n|\n|-weather|Snowscape|[upkeep]\n|upkeep\n|\n|t:|1783544319\n|switch|p2a: Heatran|Heatran, L79, M|100/100\n|-item|p2a: Heatran|Air Balloon\n|turn|19\n|inactive|Time left: 300 sec this turn | 300 sec total\n|\n|t:|1783544321\n|switch|p1a: Iron Thorns|Iron Thorns, L83|302/302\n|-item|p1a: Iron Thorns|Air Balloon\n|move|p2a: Heatran|Lava Plume|p1a: Iron Thorns\n|-resisted|p1a: Iron Thorns\n|-damage|p1a: Iron Thorns|276/302\n|-enditem|p1a: Iron Thorns|Air Balloon\n|\n|-weather|none\n|upkeep\n|turn|20\n|inactive|Time left: 300 sec this turn | 300 sec total\n|\n|t:|1783544322\n|move|p1a: Iron Thorns|Stone Edge|p2a: Heatran\n|-damage|p2a: Heatran|58/100\n|-enditem|p2a: Heatran|Air Balloon\n|move|p2a: Heatran|Earth Power|p1a: Iron Thorns\n|-supereffective|p1a: Iron Thorns\n|-damage|p1a: Iron Thorns|136/302\n|\n|upkeep\n|turn|21\n|inactive|Time left: 300 sec this turn | 300 sec total\n|\n|t:|1783544323\n|move|p1a: Iron Thorns|Earthquake|p2a: Heatran\n|-supereffective|p2a: Heatran\n|-damage|p2a: Heatran|0 fnt\n|faint|p2a: Heatran\n|\n|upkeep\n|\n|t:|1783544324\n|switch|p2a: Pecharunt|Pecharunt, L77|100/100\n|-damage|p2a: Pecharunt|84/100|[from] Spikes\n|-activate|p2a: Pecharunt|move: Sticky Web\n|-unboost|p2a: Pecharunt|spe|1\n|turn|22\n|inactive|Time left: 300 sec this turn | 300 sec total\n|\n|t:|1783544325\n|move|p1a: Iron Thorns|Earthquake|p2a: Pecharunt\n|-supereffective|p2a: Pecharunt\n|-crit|p2a: Pecharunt\n|-damage|p2a: Pecharunt|13/100\n|move|p2a: Pecharunt|Malignant Chain|p1a: Iron Thorns\n|-resisted|p1a: Iron Thorns\n|-damage|p1a: Iron Thorns|116/302\n|\n|-heal|p2a: Pecharunt|19/100|[from] item: Leftovers\n|-sideend|p1: p0x45297ed|move: Aurora Veil\n|upkeep\n|turn|23\n|inactive|Time left: 300 sec this turn | 300 sec total\n|\n|t:|1783544326\n|move|p1a: Iron Thorns|Wild Charge|p2a: Pecharunt\n|-damage|p2a: Pecharunt|0 fnt\n|faint|p2a: Pecharunt\n|-damage|p1a: Iron Thorns|104/302|[from] Recoil\n|\n|upkeep\n|\n|t:|1783544327\n|switch|p2a: Deoxys|Deoxys-Attack, L72|100/100\n|-damage|p2a: Deoxys|84/100|[from] Spikes\n|-activate|p2a: Deoxys|move: Sticky Web\n|-unboost|p2a: Deoxys|spe|1\n|-ability|p2a: Deoxys|Pressure\n|turn|24\n|inactive|Time left: 300 sec this turn | 300 sec total\n|\n|t:|1783544328\n|move|p2a: Deoxys|Psycho Boost|p1a: Iron Thorns\n|-damage|p1a: Iron Thorns|0 fnt\n|-unboost|p2a: Deoxys|spa|2\n|faint|p1a: Iron Thorns\n|-end|p1a: Iron Thorns|Quark Drive|[silent]\n|-damage|p2a: Deoxys|74/100|[from] item: Life Orb\n|\n|upkeep\n|inactive|Time left: 300 sec this turn | 300 sec total | 5 sec grace\n|\n|t:|1783544329\n|switch|p1a: Excadrill|Excadrill, L79, M|303/303\n|-ability|p1a: Excadrill|Mold Breaker\n|turn|25\n|inactive|Time left: 300 sec this turn | 300 sec total\n|\n|t:|1783544330\n|switch|p2a: Muk|Muk, L86, F|60/100 par\n|-damage|p2a: Muk|43/100 par|[from] Spikes\n|-activate|p2a: Muk|move: Sticky Web\n|-unboost|p2a: Muk|spe|1\n|move|p1a: Excadrill|Earthquake|p2a: Muk\n|-supereffective|p2a: Muk\n|-damage|p2a: Muk|0 fnt\n|faint|p2a: Muk\n|\n|upkeep\n|\n|t:|1783544331\n|switch|p2a: Deoxys|Deoxys-Attack, L72|74/100\n|-damage|p2a: Deoxys|58/100|[from] Spikes\n|-activate|p2a: Deoxys|move: Sticky Web\n|-unboost|p2a: Deoxys|spe|1\n|-ability|p2a: Deoxys|Pressure\n|turn|26\n|inactive|Time left: 300 sec this turn | 300 sec total\n|\n|t:|1783544332\n|move|p1a: Excadrill|Rapid Spin|p2a: Deoxys\n|-damage|p2a: Deoxys|4/100\n|-boost|p1a: Excadrill|spe|1\n|move|p2a: Deoxys|Psycho Boost|p1a: Excadrill\n|-resisted|p1a: Excadrill\n|-damage|p1a: Excadrill|206/303\n|-unboost|p2a: Deoxys|spa|2\n|-damage|p2a: Deoxys|0 fnt|[from] item: Life Orb\n|faint|p2a: Deoxys\n|\n|win|p0x45297ed", "uploadtime": 1783544332, "views": 0, "rating": 0, "private": 0, "password": null, "_winner": "p0x45297ed", "_our_name": "p0x45297ed"}