{"id": "battle-gen9randombattle-278", "formatid": "gen9randombattle", "format": "[Gen 9] Random Battle", "players": ["p0x2784c88", "p0y2788ed7"], "log": "|init|battle\n|title|p0x2784c88 vs. p0y2788ed7\n|j|\u2606p0x2784c88\n|j|\u2606p0y2788ed7\n|t:|1783542283\n|gametype|singles\n|player|p1|p0x2784c88|170|\n|player|p2|p0y2788ed7|2|\n|gen|9\n|tier|[Gen 9] Random Battle\n|rule|Species Clause: Limit one of each Pok\u00e9mon\n|rule|HP Percentage Mod: HP is shown in percentages\n|rule|Sleep Clause Mod: Limit one foe put to sleep\n|rule|Illusion Level Mod: Illusion disguises the Pok\u00e9mon's true level\n|\n|t:|1783542283\n|teamsize|p1|6\n|teamsize|p2|6\n|start\n|switch|p1a: Flareon|Flareon, L90, F|263/263\n|switch|p2a: Slaking|Slaking, L84, F|100/100\n|turn|1\n|inactive|Battle timer is ON: inactive players will automatically lose when time's up. (requested by p0x2784c88)\n|inactive|p0y2788ed7 also wants the timer to be on.\n|\n|t:|1783542285\n|switch|p1a: Necrozma|Necrozma-Dusk-Mane, L69|248/248\n|move|p2a: Slaking|Giga Impact|p1a: Necrozma\n|-resisted|p1a: Necrozma\n|-damage|p1a: Necrozma|95/248\n|-mustrecharge|p2a: Slaking\n|\n|upkeep\n|turn|2\n|inactive|Time left: 300 sec this turn | 300 sec total\n|\n|t:|1783542286\n|switch|p1a: Hydrapple|Hydrapple, L83, M|312/312\n|cant|p2a: Slaking|recharge\n|\n|upkeep\n|turn|3\n|inactive|Time left: 300 sec this turn | 300 sec total\n|\n|t:|1783542288\n|-terastallize|p1a: Hydrapple|Steel\n|move|p2a: Slaking|Giga Impact|p1a: Hydrapple\n|-resisted|p1a: Hydrapple\n|-damage|p1a: Hydrapple|161/312\n|-mustrecharge|p2a: Slaking\n|move|p1a: Hydrapple|Fickle Beam|p2a: Slaking\n|-damage|p2a: Slaking|53/100\n|\n|upkeep\n|turn|4\n|inactive|Time left: 300 sec this turn | 300 sec total\n|\n|t:|1783542289\n|cant|p2a: Slaking|recharge\n|move|p1a: Hydrapple|Fickle Beam|p2a: Slaking\n|-damage|p2a: Slaking|2/100\n|\n|upkeep\n|turn|5\n|inactive|Time left: 300 sec this turn | 300 sec total\n|\n|t:|1783542290\n|move|p2a: Slaking|Giga Impact|p1a: Hydrapple\n|-resisted|p1a: Hydrapple\n|-damage|p1a: Hydrapple|0 fnt\n|-mustrecharge|p2a: Slaking\n|faint|p1a: Hydrapple\n|\n|upkeep\n|inactive|Time left: 300 sec this turn | 300 sec total | 5 sec grace\n|\n|t:|1783542290\n|switch|p1a: Flareon|Flareon, L90, F|263/263\n|turn|6\n|inactive|Time left: 300 sec this turn | 300 sec total\n|\n|t:|1783542292\n|cant|p2a: Slaking|recharge\n|move|p1a: Flareon|Trailblaze|p2a: Slaking\n|-damage|p2a: Slaking|0 fnt\n|-boost|p1a: Flareon|spe|1\n|faint|p2a: Slaking\n|\n|-status|p1a: Flareon|tox|[from] item: Toxic Orb\n|upkeep\n|\n|t:|1783542292\n|switch|p2a: Hydrapple|Hydrapple, L83, M|100/100\n|turn|7\n|inactive|Time left: 300 sec this turn | 300 sec total\n|\n|t:|1783542293\n|move|p1a: Flareon|Facade|p2a: Hydrapple\n|-damage|p2a: Hydrapple|39/100\n|move|p2a: Hydrapple|Earth Power|p1a: Flareon\n|-supereffective|p1a: Flareon\n|-damage|p1a: Flareon|103/263 tox\n|\n|-damage|p1a: Flareon|87/263 tox|[from] psn\n|upkeep\n|turn|8\n|inactive|Time left: 300 sec this turn | 300 sec total\n|\n|t:|1783542294\n|switch|p2a: Eiscue|Eiscue, L88, M|100/100\n|move|p1a: Flareon|Facade|p2a: Eiscue\n|-activate|p2a: Eiscue|ability: Ice Face\n|-damage|p2a: Eiscue|100/100\n|detailschange|p2a: Eiscue|Eiscue-Noice, L88, M\n|\n|-damage|p1a: Flareon|55/263 tox|[from] psn\n|upkeep\n|turn|9\n|inactive|Time left: 300 sec this turn | 300 sec total\n|\n|t:|1783542295\n|move|p2a: Eiscue|Liquidation|p1a: Flareon\n|-supereffective|p1a: Flareon\n|-damage|p1a: Flareon|0 fnt\n|faint|p1a: Flareon\n|\n|upkeep\n|inactive|Time left: 300 sec this turn | 300 sec total | 5 sec grace\n|\n|t:|1783542296\n|switch|p1a: Slowbro|Slowbro-Galar, L87, M|307/307\n|turn|10\n|inactive|Time left: 300 sec this turn | 300 sec total\n|\n|t:|1783542297\n|switch|p2a: Polteageist|Polteageist, L78|100/100\n|move|p1a: Slowbro|Shell Side Arm|p2a: Polteageist|[anim] Shell Side Arm Physical\n|-resisted|p2a: Polteageist\n|-damage|p2a: Polteageist|69/100\n|-hint|Physical Shell Side Arm\n|\n|upkeep\n|turn|11\n|inactive|Time left: 300 sec this turn | 300 sec total\n|\n|t:|1783542298\n|switch|p1a: Meowscarada|Meowscarada, L78, M|247/247\n|move|p2a: Polteageist|Shell Smash|p2a: Polteageist\n|-unboost|p2a: Polteageist|def|1\n|-unboost|p2a: Polteageist|spd|1\n|-boost|p2a: Polteageist|atk|2\n|-boost|p2a: Polteageist|spa|2\n|-boost|p2a: Polteageist|spe|2\n|-enditem|p2a: Polteageist|White Herb\n|-clearnegativeboost|p2a: Polteageist|[silent]\n|\n|upkeep\n|turn|12\n|inactive|Time left: 300 sec this turn | 300 sec total\n|\n|t:|1783542299\n|move|p2a: Polteageist|Strength Sap|p1a: Meowscarada\n|-unboost|p1a: Meowscarada|atk|1\n|-heal|p2a: Polteageist|100/100\n|move|p1a: Meowscarada|Flower Trick|p2a: Polteageist\n|-start|p1a: Meowscarada|typechange|Grass|[from] ability: Protean\n|-crit|p2a: Polteageist\n|-damage|p2a: Polteageist|14/100\n|-start|p1a: Meowscarada|Disable|Flower Trick|[from] ability: Cursed Body|[of] p2a: Polteageist\n|-damage|p1a: Meowscarada|223/247|[from] item: Life Orb\n|\n|upkeep\n|turn|13\n|inactive|Time left: 300 sec this turn | 300 sec total\n|\n|t:|1783542300\n|switch|p1a: Milotic|Milotic, L83, M|293/293\n|move|p2a: Polteageist|Stored Power|p1a: Milotic\n|-damage|p1a: Milotic|107/293\n|\n|-heal|p1a: Milotic|125/293|[from] item: Leftovers\n|upkeep\n|turn|14\n|inactive|Time left: 300 sec this turn | 300 sec total\n|\n|t:|1783542301\n|move|p2a: Polteageist|Shadow Ball|p1a: Milotic\n|-damage|p1a: Milotic|0 fnt\n|faint|p1a: Milotic\n|\n|upkeep\n|inactive|Time left: 300 sec this turn | 300 sec total | 5 sec grace\n|\n|t:|1783542302\n|switch|p1a: Meowscarada|Meowscarada, L78, M|223/247\n|turn|15\n|inactive|Time left: 300 sec this turn | 300 sec total\n|\n|t:|1783542303\n|move|p2a: Polteageist|Strength Sap|p1a: Meowscarada\n|-unboost|p1a: Meowscarada|atk|1\n|-heal|p2a: Polteageist|100/100\n|move|p1a: Meowscarada|Flower Trick|p2a: Polteageist\n|-start|p1a: Meowscarada|typechange|Grass|[from] ability: Protean\n|-crit|p2a: Polteageist\n|-damage|p2a: Polteageist|12/100\n|-start|p1a: Meowscarada|Disable|Flower Trick|[from] ability: Cursed Body|[of] p2a: Polteageist\n|-damage|p1a: Meowscarada|199/247|[from] item: Life Orb\n|\n|upkeep\n|turn|16\n|inactive|Time left: 300 sec this turn | 300 sec total\n|\n|t:|1783542304\n|switch|p1a: Necrozma|Necrozma-Dusk-Mane, L69|95/248\n|move|p2a: Polteageist|Shadow Ball|p1a: Necrozma\n|-supereffective|p1a: Necrozma\n|-damage|p1a: Necrozma|0 fnt\n|faint|p1a: Necrozma\n|\n|upkeep\n|inactive|Time left: 300 sec this turn | 300 sec total | 5 sec grace\n|\n|t:|1783542305\n|switch|p1a: Meowscarada|Meowscarada, L78, M|199/247\n|turn|17\n|inactive|Time left: 300 sec this turn | 300 sec total\n|\n|t:|1783542306\n|move|p2a: Polteageist|Strength Sap|p1a: Meowscarada\n|-unboost|p1a: Meowscarada|atk|1\n|-heal|p2a: Polteageist|100/100\n|move|p1a: Meowscarada|Flower Trick|p2a: Polteageist\n|-start|p1a: Meowscarada|typechange|Grass|[from] ability: Protean\n|-crit|p2a: Polteageist\n|-damage|p2a: Polteageist|20/100\n|-start|p1a: Meowscarada|Disable|Flower Trick|[from] ability: Cursed Body|[of] p2a: Polteageist\n|-damage|p1a: Meowscarada|175/247|[from] item: Life Orb\n|\n|upkeep\n|turn|18\n|inactive|Time left: 300 sec this turn | 300 sec total\n|\n|t:|1783542307\n|switch|p1a: Slowbro|Slowbro-Galar, L87, M|307/307\n|move|p2a: Polteageist|Shadow Ball|p1a: Slowbro\n|-supereffective|p1a: Slowbro\n|-damage|p1a: Slowbro|35/307\n|\n|upkeep\n|turn|19\n|inactive|Time left: 300 sec this turn | 300 sec total\n|\n|t:|1783542308\n|switch|p1a: Meowscarada|Meowscarada, L78, M|175/247\n|move|p2a: Polteageist|Shadow Ball|p1a: Meowscarada\n|-resisted|p1a: Meowscarada\n|-damage|p1a: Meowscarada|55/247\n|\n|upkeep\n|turn|20\n|inactive|Time left: 300 sec this turn | 300 sec total\n|\n|t:|1783542308\n|move|p2a: Polteageist|Shadow Ball|p1a: Meowscarada\n|-resisted|p1a: Meowscarada\n|-crit|p1a: Meowscarada\n|-damage|p1a: Meowscarada|0 fnt\n|faint|p1a: Meowscarada\n|\n|upkeep\n|inactive|Time left: 300 sec this turn | 300 sec total | 5 sec grace\n|\n|t:|1783542309\n|switch|p1a: Slowbro|Slowbro-Galar, L87, M|137/307\n|turn|21\n|inactive|Time left: 300 sec this turn | 300 sec total\n|\n|t:|1783542310\n|move|p2a: Polteageist|Stored Power|p1a: Slowbro\n|-damage|p1a: Slowbro|0 fnt\n|faint|p1a: Slowbro\n|\n|win|p0y2788ed7", "uploadtime": 1783542310, "views": 0, "rating": 0, "private": 0, "password": null, "_winner": "p0y2788ed7", "_our_name": "p0x2784c88"}