{"id": "battle-gen9randombattle-880", "formatid": "gen9randombattle", "format": "[Gen 9] Random Battle", "players": ["p0x8806689", "p0y880c9fb"], "log": "|init|battle\n|title|p0x8806689 vs. p0y880c9fb\n|j|\u2606p0x8806689\n|j|\u2606p0y880c9fb\n|t:|1783549314\n|gametype|singles\n|player|p1|p0x8806689|169|\n|player|p2|p0y880c9fb|169|\n|gen|9\n|tier|[Gen 9] Random Battle\n|rule|Species Clause: Limit one of each Pok\u00e9mon\n|rule|HP Percentage Mod: HP is shown in percentages\n|rule|Sleep Clause Mod: Limit one foe put to sleep\n|rule|Illusion Level Mod: Illusion disguises the Pok\u00e9mon's true level\n|\n|t:|1783549314\n|teamsize|p1|6\n|teamsize|p2|6\n|start\n|switch|p1a: Pachirisu|Pachirisu, L96, F|271/271\n|switch|p2a: Tentacruel|Tentacruel, L84, F|100/100\n|turn|1\n|inactive|Battle timer is ON: inactive players will automatically lose when time's up. (requested by p0y880c9fb)\n|inactive|Time left: 300 sec this turn | 300 sec total | 60 sec grace\n|inactive|p0x8806689 also wants the timer to be on.\n|\n|t:|1783549315\n|move|p1a: Pachirisu|Super Fang|p2a: Tentacruel\n|-damage|p2a: Tentacruel|50/100\n|move|p2a: Tentacruel|Sludge Bomb|p1a: Pachirisu\n|-damage|p1a: Pachirisu|228/271\n|\n|-heal|p2a: Tentacruel|57/100|[from] item: Leftovers\n|upkeep\n|turn|2\n|inactive|Time left: 300 sec this turn | 300 sec total\n|\n|t:|1783549317\n|move|p1a: Pachirisu|Thunderbolt|p2a: Tentacruel\n|-supereffective|p2a: Tentacruel\n|-damage|p2a: Tentacruel|10/100\n|move|p2a: Tentacruel|Rapid Spin|p1a: Pachirisu\n|-damage|p1a: Pachirisu|198/271\n|-boost|p2a: Tentacruel|spe|1\n|\n|-heal|p2a: Tentacruel|17/100|[from] item: Leftovers\n|upkeep\n|turn|3\n|inactive|Time left: 300 sec this turn | 300 sec total\n|\n|t:|1783549318\n|move|p2a: Tentacruel|Toxic Spikes|p1a: Pachirisu\n|-sidestart|p1: p0x8806689|move: Toxic Spikes\n|move|p1a: Pachirisu|Thunderbolt|p2a: Tentacruel\n|-supereffective|p2a: Tentacruel\n|-damage|p2a: Tentacruel|0 fnt\n|faint|p2a: Tentacruel\n|\n|upkeep\n|\n|t:|1783549319\n|switch|p2a: Komala|Komala, L87, M|100/100\n|-ability|p2a: Komala|Comatose\n|turn|4\n|inactive|Time left: 300 sec this turn | 300 sec total\n|\n|t:|1783549320\n|switch|p1a: Enamorus|Enamorus-Therian, L83, F|259/259\n|move|p2a: Komala|Earthquake|p1a: Enamorus\n|-immune|p1a: Enamorus\n|\n|upkeep\n|turn|5\n|inactive|Time left: 300 sec this turn | 300 sec total\n|\n|t:|1783549321\n|switch|p2a: Metagross|Metagross, L79|100/100\n|move|p1a: Enamorus|Moonblast|p2a: Metagross\n|-resisted|p2a: Metagross\n|-damage|p2a: Metagross|74/100\n|\n|upkeep\n|turn|6\n|inactive|Time left: 300 sec this turn | 300 sec total\n|\n|t:|1783549323\n|move|p2a: Metagross|Heavy Slam|p1a: Enamorus\n|-supereffective|p1a: Enamorus\n|-damage|p1a: Enamorus|23/259\n|-enditem|p1a: Enamorus|Weakness Policy\n|-boost|p1a: Enamorus|atk|2|[from] item: Weakness Policy\n|-boost|p1a: Enamorus|spa|2|[from] item: Weakness Policy\n|move|p1a: Enamorus|Agility|p1a: Enamorus\n|-boost|p1a: Enamorus|spe|2\n|\n|upkeep\n|turn|7\n|inactive|Time left: 300 sec this turn | 300 sec total\n|\n|t:|1783549324\n|move|p1a: Enamorus|Earth Power|p2a: Metagross\n|-supereffective|p2a: Metagross\n|-damage|p2a: Metagross|0 fnt\n|faint|p2a: Metagross\n|\n|upkeep\n|\n|t:|1783549325\n|switch|p2a: Scream Tail|Scream Tail, L84|100/100\n|turn|8\n|inactive|Time left: 300 sec this turn | 300 sec total\n|\n|t:|1783549326\n|move|p1a: Enamorus|Moonblast|p2a: Scream Tail\n|-damage|p2a: Scream Tail|41/100\n|-unboost|p2a: Scream Tail|spa|1\n|move|p2a: Scream Tail|Play Rough|p1a: Enamorus\n|-damage|p1a: Enamorus|0 fnt\n|faint|p1a: Enamorus\n|\n|-heal|p2a: Scream Tail|47/100|[from] item: Leftovers\n|upkeep\n|inactive|Time left: 300 sec this turn | 300 sec total | 5 sec grace\n|\n|t:|1783549327\n|switch|p1a: Salazzle|Salazzle, L83, F|249/249\n|-sideend|p1: p0x8806689|move: Toxic Spikes|[of] p1a: Salazzle\n|turn|9\n|inactive|Time left: 300 sec this turn | 300 sec total\n|\n|t:|1783549328\n|move|p1a: Salazzle|Nasty Plot|p1a: Salazzle\n|-boost|p1a: Salazzle|spa|2\n|move|p2a: Scream Tail|Wish|p2a: Scream Tail\n|\n|-heal|p2a: Scream Tail|54/100|[from] item: Leftovers\n|upkeep\n|turn|10\n|inactive|Time left: 300 sec this turn | 300 sec total\n|\n|t:|1783549329\n|move|p2a: Scream Tail|Protect|p2a: Scream Tail\n|-singleturn|p2a: Scream Tail|Protect\n|move|p1a: Salazzle|Fire Blast|p2a: Scream Tail\n|-activate|p2a: Scream Tail|move: Protect\n|\n|-heal|p2a: Scream Tail|100/100|[from] move: Wish|[wisher] Scream Tail\n|upkeep\n|turn|11\n|inactive|Time left: 300 sec this turn | 300 sec total\n|\n|t:|1783549330\n|-end|p2a: Scream Tail|Protosynthesis|[silent]\n|switch|p2a: Komala|Komala, L87, M|100/100\n|-ability|p2a: Komala|Comatose\n|move|p1a: Salazzle|Sludge Wave|p2a: Komala\n|-damage|p2a: Komala|17/100\n|\n|upkeep\n|turn|12\n|inactive|Time left: 300 sec this turn | 300 sec total\n|\n|t:|1783549331\n|move|p2a: Komala|Earthquake|p1a: Salazzle\n|-supereffective|p1a: Salazzle\n|-damage|p1a: Salazzle|0 fnt\n|faint|p1a: Salazzle\n|\n|upkeep\n|inactive|Time left: 300 sec this turn | 300 sec total | 5 sec grace\n|\n|t:|1783549332\n|switch|p1a: Meganium|Meganium, L90, M|290/290\n|turn|13\n|inactive|Time left: 300 sec this turn | 300 sec total\n|\n|t:|1783549333\n|switch|p2a: Gliscor|Gliscor, L76, F|100/100\n|move|p1a: Meganium|Knock Off|p2a: Gliscor\n|-damage|p2a: Gliscor|75/100\n|-enditem|p2a: Gliscor|Toxic Orb|[from] move: Knock Off|[of] p1a: Meganium\n|\n|upkeep\n|turn|14\n|inactive|Time left: 300 sec this turn | 300 sec total\n|\n|t:|1783549334\n|move|p1a: Meganium|Energy Ball|p2a: Gliscor\n|-damage|p2a: Gliscor|20/100\n|move|p2a: Gliscor|Toxic|p1a: Meganium\n|-status|p1a: Meganium|tox\n|\n|-damage|p1a: Meganium|272/290 tox|[from] psn\n|upkeep\n|turn|15\n|inactive|Time left: 300 sec this turn | 300 sec total\n|\n|t:|1783549335\n|move|p1a: Meganium|Energy Ball|p2a: Gliscor\n|-damage|p2a: Gliscor|0 fnt\n|faint|p2a: Gliscor\n|\n|-heal|p1a: Meganium|290/290 tox|[from] item: Leftovers\n|-damage|p1a: Meganium|254/290 tox|[from] psn\n|upkeep\n|\n|t:|1783549336\n|switch|p2a: Raging Bolt|Raging Bolt, L78|100/100\n|turn|16\n|inactive|Time left: 300 sec this turn | 300 sec total\n|\n|t:|1783549337\n|switch|p1a: Pachirisu|Pachirisu, L96, F|198/271\n|move|p2a: Raging Bolt|Calm Mind|p2a: Raging Bolt\n|-boost|p2a: Raging Bolt|spa|1\n|-boost|p2a: Raging Bolt|spd|1\n|\n|upkeep\n|turn|17\n|inactive|Time left: 300 sec this turn | 300 sec total\n|\n|t:|1783549338\n|move|p1a: Pachirisu|Super Fang|p2a: Raging Bolt\n|-damage|p2a: Raging Bolt|51/100\n|move|p2a: Raging Bolt|Calm Mind|p2a: Raging Bolt\n|-boost|p2a: Raging Bolt|spa|1\n|-boost|p2a: Raging Bolt|spd|1\n|\n|-heal|p2a: Raging Bolt|57/100|[from] item: Leftovers\n|upkeep\n|turn|18\n|inactive|Time left: 300 sec this turn | 300 sec total\n|\n|t:|1783549339\n|move|p1a: Pachirisu|Super Fang|p2a: Raging Bolt\n|-damage|p2a: Raging Bolt|29/100\n|move|p2a: Raging Bolt|Calm Mind|p2a: Raging Bolt\n|-boost|p2a: Raging Bolt|spa|1\n|-boost|p2a: Raging Bolt|spd|1\n|\n|-heal|p2a: Raging Bolt|35/100|[from] item: Leftovers\n|upkeep\n|turn|19\n|inactive|Time left: 300 sec this turn | 300 sec total\n|\n|t:|1783549340\n|move|p1a: Pachirisu|Super Fang|p2a: Raging Bolt\n|-damage|p2a: Raging Bolt|18/100\n|move|p2a: Raging Bolt|Draco Meteor|p1a: Pachirisu\n|-damage|p1a: Pachirisu|0 fnt\n|-unboost|p2a: Raging Bolt|spa|2\n|faint|p1a: Pachirisu\n|\n|-heal|p2a: Raging Bolt|24/100|[from] item: Leftovers\n|upkeep\n|inactive|Time left: 300 sec this turn | 300 sec total | 5 sec grace\n|\n|t:|1783549341\n|switch|p1a: Arceus|Arceus-Steel, L70|284/284\n|turn|20\n|inactive|Time left: 300 sec this turn | 300 sec total\n|\n|t:|1783549342\n|move|p1a: Arceus|Earthquake|p2a: Raging Bolt\n|-supereffective|p2a: Raging Bolt\n|-damage|p2a: Raging Bolt|0 fnt\n|faint|p2a: Raging Bolt\n|-end|p2a: Raging Bolt|Protosynthesis|[silent]\n|\n|upkeep\n|\n|t:|1783549343\n|switch|p2a: Scream Tail|Scream Tail, L84|100/100\n|turn|21\n|inactive|Time left: 300 sec this turn | 300 sec total\n|\n|t:|1783549344\n|move|p2a: Scream Tail|Encore|p1a: Arceus\n|-start|p1a: Arceus|Encore\n|move|p1a: Arceus|Earthquake|p2a: Scream Tail\n|-damage|p2a: Scream Tail|84/100\n|\n|-heal|p2a: Scream Tail|90/100|[from] item: Leftovers\n|upkeep\n|turn|22\n|inactive|Time left: 300 sec this turn | 300 sec total\n|\n|t:|1783549345\n|move|p2a: Scream Tail|Play Rough|p1a: Arceus\n|-resisted|p1a: Arceus\n|-damage|p1a: Arceus|251/284\n|move|p1a: Arceus|Earthquake|p2a: Scream Tail\n|-damage|p2a: Scream Tail|72/100\n|\n|-heal|p2a: Scream Tail|78/100|[from] item: Leftovers\n|upkeep\n|turn|23\n|inactive|Time left: 300 sec this turn | 300 sec total\n|\n|t:|1783549346\n|move|p2a: Scream Tail|Play Rough|p1a: Arceus\n|-resisted|p1a: Arceus\n|-damage|p1a: Arceus|218/284\n|move|p1a: Arceus|Earthquake|p2a: Scream Tail\n|-damage|p2a: Scream Tail|63/100\n|\n|-heal|p2a: Scream Tail|69/100|[from] item: Leftovers\n|-end|p1a: Arceus|Encore\n|upkeep\n|turn|24\n|inactive|Time left: 300 sec this turn | 300 sec total\n|\n|t:|1783549348\n|move|p2a: Scream Tail|Protect|p2a: Scream Tail\n|-singleturn|p2a: Scream Tail|Protect\n|move|p1a: Arceus|Judgment|p2a: Scream Tail\n|-activate|p2a: Scream Tail|move: Protect\n|\n|-heal|p2a: Scream Tail|75/100|[from] item: Leftovers\n|upkeep\n|turn|25\n|inactive|Time left: 300 sec this turn | 300 sec total\n|\n|t:|1783549348\n|move|p2a: Scream Tail|Wish|p2a: Scream Tail\n|move|p1a: Arceus|Judgment|p2a: Scream Tail\n|-supereffective|p2a: Scream Tail\n|-damage|p2a: Scream Tail|22/100\n|\n|-heal|p2a: Scream Tail|28/100|[from] item: Leftovers\n|upkeep\n|turn|26\n|inactive|Time left: 300 sec this turn | 300 sec total\n|\n|t:|1783549349\n|move|p2a: Scream Tail|Protect|p2a: Scream Tail\n|-singleturn|p2a: Scream Tail|Protect\n|move|p1a: Arceus|Judgment|p2a: Scream Tail\n|-activate|p2a: Scream Tail|move: Protect\n|\n|-heal|p2a: Scream Tail|78/100|[from] move: Wish|[wisher] Scream Tail\n|-heal|p2a: Scream Tail|84/100|[from] item: Leftovers\n|upkeep\n|turn|27\n|inactive|Time left: 300 sec this turn | 300 sec total\n|\n|t:|1783549350\n|move|p2a: Scream Tail|Wish|p2a: Scream Tail\n|move|p1a: Arceus|Judgment|p2a: Scream Tail\n|-supereffective|p2a: Scream Tail\n|-damage|p2a: Scream Tail|29/100\n|\n|-heal|p2a: Scream Tail|35/100|[from] item: Leftovers\n|upkeep\n|turn|28\n|inactive|Time left: 300 sec this turn | 300 sec total\n|\n|t:|1783549351\n|move|p2a: Scream Tail|Protect|p2a: Scream Tail\n|-singleturn|p2a: Scream Tail|Protect\n|move|p1a: Arceus|Judgment|p2a: Scream Tail\n|-activate|p2a: Scream Tail|move: Protect\n|\n|-heal|p2a: Scream Tail|85/100|[from] move: Wish|[wisher] Scream Tail\n|-heal|p2a: Scream Tail|91/100|[from] item: Leftovers\n|upkeep\n|turn|29\n|inactive|Time left: 300 sec this turn | 300 sec total\n|\n|t:|1783549352\n|move|p2a: Scream Tail|Wish|p2a: Scream Tail\n|move|p1a: Arceus|Judgment|p2a: Scream Tail\n|-supereffective|p2a: Scream Tail\n|-damage|p2a: Scream Tail|40/100\n|\n|-heal|p2a: Scream Tail|46/100|[from] item: Leftovers\n|upkeep\n|turn|30\n|inactive|Time left: 300 sec this turn | 300 sec total\n|\n|t:|1783549353\n|move|p2a: Scream Tail|Protect|p2a: Scream Tail\n|-singleturn|p2a: Scream Tail|Protect\n|move|p1a: Arceus|Judgment|p2a: Scream Tail\n|-activate|p2a: Scream Tail|move: Protect\n|\n|-heal|p2a: Scream Tail|96/100|[from] move: Wish|[wisher] Scream Tail\n|-heal|p2a: Scream Tail|100/100|[from] item: Leftovers\n|upkeep\n|turn|31\n|inactive|Time left: 300 sec this turn | 300 sec total\n|\n|t:|1783549355\n|move|p2a: Scream Tail|Play Rough|p1a: Arceus\n|-resisted|p1a: Arceus\n|-damage|p1a: Arceus|183/284\n|move|p1a: Arceus|Judgment|p2a: Scream Tail\n|-supereffective|p2a: Scream Tail\n|-damage|p2a: Scream Tail|46/100\n|\n|-heal|p2a: Scream Tail|52/100|[from] item: Leftovers\n|upkeep\n|turn|32\n|inactive|Time left: 300 sec this turn | 300 sec total\n|\n|t:|1783549356\n|move|p2a: Scream Tail|Protect|p2a: Scream Tail\n|-singleturn|p2a: Scream Tail|Protect\n|move|p1a: Arceus|Judgment|p2a: Scream Tail\n|-activate|p2a: Scream Tail|move: Protect\n|\n|-heal|p2a: Scream Tail|58/100|[from] item: Leftovers\n|upkeep\n|turn|33\n|inactive|Time left: 300 sec this turn | 300 sec total\n|\n|t:|1783549357\n|move|p2a: Scream Tail|Wish|p2a: Scream Tail\n|move|p1a: Arceus|Judgment|p2a: Scream Tail\n|-supereffective|p2a: Scream Tail\n|-damage|p2a: Scream Tail|7/100\n|\n|-heal|p2a: Scream Tail|13/100|[from] item: Leftovers\n|upkeep\n|turn|34\n|inactive|Time left: 300 sec this turn | 300 sec total\n|\n|t:|1783549358\n|move|p2a: Scream Tail|Protect|p2a: Scream Tail\n|-singleturn|p2a: Scream Tail|Protect\n|move|p1a: Arceus|Recover|p1a: Arceus\n|-heal|p1a: Arceus|284/284\n|\n|-heal|p2a: Scream Tail|63/100|[from] move: Wish|[wisher] Scream Tail\n|-heal|p2a: Scream Tail|69/100|[from] item: Leftovers\n|upkeep\n|turn|35\n|inactive|Time left: 300 sec this turn | 300 sec total\n|\n|t:|1783549359\n|move|p2a: Scream Tail|Encore|p1a: Arceus\n|-start|p1a: Arceus|Encore\n|move|p1a: Arceus|Recover||[still]\n|-fail|p1a: Arceus|heal\n|\n|-heal|p2a: Scream Tail|75/100|[from] item: Leftovers\n|upkeep\n|turn|36\n|inactive|Time left: 300 sec this turn | 300 sec total\n|\n|t:|1783549360\n|switch|p1a: Brute Bonnet|Brute Bonnet, L80|309/309\n|move|p2a: Scream Tail|Play Rough|p1a: Brute Bonnet\n|-supereffective|p1a: Brute Bonnet\n|-damage|p1a: Brute Bonnet|159/309\n|\n|-heal|p2a: Scream Tail|81/100|[from] item: Leftovers\n|-heal|p1a: Brute Bonnet|178/309|[from] item: Leftovers\n|upkeep\n|turn|37\n|inactive|Time left: 300 sec this turn | 300 sec total\n|\n|t:|1783549361\n|move|p2a: Scream Tail|Play Rough|p1a: Brute Bonnet\n|-supereffective|p1a: Brute Bonnet\n|-crit|p1a: Brute Bonnet\n|-damage|p1a: Brute Bonnet|0 fnt\n|faint|p1a: Brute Bonnet\n|-end|p1a: Brute Bonnet|Protosynthesis|[silent]\n|\n|-heal|p2a: Scream Tail|87/100|[from] item: Leftovers\n|upkeep\n|inactive|Time left: 300 sec this turn | 300 sec total | 5 sec grace\n|\n|t:|1783549362\n|switch|p1a: Arceus|Arceus-Steel, L70|284/284\n|turn|38\n|inactive|Time left: 300 sec this turn | 300 sec total\n|\n|t:|1783549363\n|move|p2a: Scream Tail|Protect|p2a: Scream Tail\n|-singleturn|p2a: Scream Tail|Protect\n|move|p1a: Arceus|Judgment|p2a: Scream Tail\n|-activate|p2a: Scream Tail|move: Protect\n|\n|-heal|p2a: Scream Tail|94/100|[from] item: Leftovers\n|upkeep\n|turn|39\n|inactive|Time left: 300 sec this turn | 300 sec total\n|\n|t:|1783549364\n|move|p2a: Scream Tail|Wish|p2a: Scream Tail\n|move|p1a: Arceus|Judgment|p2a: Scream Tail\n|-supereffective|p2a: Scream Tail\n|-damage|p2a: Scream Tail|35/100\n|\n|-heal|p2a: Scream Tail|41/100|[from] item: Leftovers\n|upkeep\n|turn|40\n|inactive|Time left: 300 sec this turn | 300 sec total\n|\n|t:|1783549366\n|move|p2a: Scream Tail|Protect|p2a: Scream Tail\n|-singleturn|p2a: Scream Tail|Protect\n|move|p1a: Arceus|Judgment|p2a: Scream Tail\n|-activate|p2a: Scream Tail|move: Protect\n|\n|-heal|p2a: Scream Tail|91/100|[from] move: Wish|[wisher] Scream Tail\n|-heal|p2a: Scream Tail|97/100|[from] item: Leftovers\n|upkeep\n|turn|41\n|inactive|Time left: 300 sec this turn | 300 sec total\n|\n|t:|1783549367\n|move|p2a: Scream Tail|Wish|p2a: Scream Tail\n|move|p1a: Arceus|Judgment|p2a: Scream Tail\n|-supereffective|p2a: Scream Tail\n|-damage|p2a: Scream Tail|46/100\n|\n|-heal|p2a: Scream Tail|52/100|[from] item: Leftovers\n|upkeep\n|turn|42\n|inactive|Time left: 300 sec this turn | 300 sec total\n|\n|t:|1783549368\n|move|p2a: Scream Tail|Protect|p2a: Scream Tail\n|-singleturn|p2a: Scream Tail|Protect\n|move|p1a: Arceus|Judgment|p2a: Scream Tail\n|-activate|p2a: Scream Tail|move: Protect\n|\n|-heal|p2a: Scream Tail|100/100|[from] move: Wish|[wisher] Scream Tail\n|upkeep\n|turn|43\n|inactive|Time left: 300 sec this turn | 300 sec total\n|\n|t:|1783549369\n|move|p2a: Scream Tail|Wish|p2a: Scream Tail\n|move|p1a: Arceus|Judgment|p2a: Scream Tail\n|-supereffective|p2a: Scream Tail\n|-damage|p2a: Scream Tail|51/100\n|\n|-heal|p2a: Scream Tail|57/100|[from] item: Leftovers\n|upkeep\n|turn|44\n|inactive|Time left: 300 sec this turn | 300 sec total\n|\n|t:|1783549370\n|move|p2a: Scream Tail|Play Rough|p1a: Arceus\n|-resisted|p1a: Arceus\n|-damage|p1a: Arceus|252/284\n|move|p1a: Arceus|Earthquake|p2a: Scream Tail\n|-damage|p2a: Scream Tail|42/100\n|\n|-heal|p2a: Scream Tail|92/100|[from] move: Wish|[wisher] Scream Tail\n|-heal|p2a: Scream Tail|98/100|[from] item: Leftovers\n|upkeep\n|turn|45\n|inactive|Time left: 300 sec this turn | 300 sec total\n|\n|t:|1783549371\n|move|p2a: Scream Tail|Wish|p2a: Scream Tail\n|move|p1a: Arceus|Will-O-Wisp|p2a: Scream Tail\n|-status|p2a: Scream Tail|brn\n|\n|-heal|p2a: Scream Tail|100/100 brn|[from] item: Leftovers\n|-damage|p2a: Scream Tail|94/100 brn|[from] brn\n|upkeep\n|turn|46\n|inactive|Time left: 300 sec this turn | 300 sec total\n|\n|t:|1783549372\n|-end|p2a: Scream Tail|Protosynthesis|[silent]\n|switch|p2a: Komala|Komala, L87, M|17/100\n|-ability|p2a: Komala|Comatose\n|move|p1a: Arceus|Earthquake|p2a: Komala\n|-damage|p2a: Komala|0 fnt\n|faint|p2a: Komala\n|\n|upkeep\n|\n|t:|1783549373\n|switch|p2a: Scream Tail|Scream Tail, L84|94/100 brn\n|turn|47\n|inactive|Time left: 300 sec this turn | 300 sec total\n|\n|t:|1783549374\n|move|p2a: Scream Tail|Play Rough|p1a: Arceus\n|-resisted|p1a: Arceus\n|-damage|p1a: Arceus|235/284\n|move|p1a: Arceus|Recover|p1a: Arceus\n|-heal|p1a: Arceus|284/284\n|\n|-heal|p2a: Scream Tail|100/100 brn|[from] item: Leftovers\n|-damage|p2a: Scream Tail|94/100 brn|[from] brn\n|upkeep\n|turn|48\n|inactive|Time left: 300 sec this turn | 300 sec total\n|\n|t:|1783549375\n|move|p2a: Scream Tail|Wish|p2a: Scream Tail\n|move|p1a: Arceus|Earthquake|p2a: Scream Tail\n|-damage|p2a: Scream Tail|79/100 brn\n|\n|-heal|p2a: Scream Tail|85/100 brn|[from] item: Leftovers\n|-damage|p2a: Scream Tail|79/100 brn|[from] brn\n|upkeep\n|turn|49\n|inactive|Time left: 300 sec this turn | 300 sec total\n|\n|t:|1783549376\n|move|p2a: Scream Tail|Play Rough|p1a: Arceus\n|-resisted|p1a: Arceus\n|-damage|p1a: Arceus|267/284\n|move|p1a: Arceus|Earthquake|p2a: Scream Tail\n|-damage|p2a: Scream Tail|63/100 brn\n|\n|-heal|p2a: Scream Tail|100/100 brn|[from] move: Wish|[wisher] Scream Tail\n|-damage|p2a: Scream Tail|94/100 brn|[from] brn\n|upkeep\n|turn|50\n|inactive|Time left: 300 sec this turn | 300 sec total\n|\n|t:|1783549377\n|move|p2a: Scream Tail|Play Rough|p1a: Arceus\n|-resisted|p1a: Arceus\n|-damage|p1a: Arceus|252/284\n|-unboost|p1a: Arceus|atk|1\n|move|p1a: Arceus|Earthquake|p2a: Scream Tail\n|-damage|p2a: Scream Tail|84/100 brn\n|\n|-heal|p2a: Scream Tail|90/100 brn|[from] item: Leftovers\n|-damage|p2a: Scream Tail|84/100 brn|[from] brn\n|upkeep\n|turn|51\n|inactive|Time left: 300 sec this turn | 300 sec total\n|\n|t:|1783549378\n|switch|p1a: Meganium|Meganium, L90, M|254/290 tox\n|move|p2a: Scream Tail|Wish|p2a: Scream Tail\n|\n|-heal|p2a: Scream Tail|90/100 brn|[from] item: Leftovers\n|-heal|p1a: Meganium|272/290 tox|[from] item: Leftovers\n|-damage|p1a: Meganium|254/290 tox|[from] psn\n|-damage|p2a: Scream Tail|84/100 brn|[from] brn\n|upkeep\n|turn|52\n|inactive|Time left: 300 sec this turn | 300 sec total\n|\n|t:|1783549379\n|switch|p1a: Arceus|Arceus-Steel, L70|252/284\n|move|p2a: Scream Tail|Protect||[still]\n|-fail|p2a: Scream Tail\n|\n|-heal|p2a: Scream Tail|100/100 brn|[from] move: Wish|[wisher] Scream Tail\n|-damage|p2a: Scream Tail|94/100 brn|[from] brn\n|upkeep\n|turn|53\n|inactive|Time left: 300 sec this turn | 300 sec total\n|\n|t:|1783549380\n|move|p2a: Scream Tail|Wish|p2a: Scream Tail\n|move|p1a: Arceus|Recover|p1a: Arceus\n|-heal|p1a: Arceus|284/284\n|\n|-heal|p2a: Scream Tail|100/100 brn|[from] item: Leftovers\n|-damage|p2a: Scream Tail|94/100 brn|[from] brn\n|upkeep\n|turn|54\n|inactive|Time left: 300 sec this turn | 300 sec total\n|\n|t:|1783549381\n|move|p2a: Scream Tail|Play Rough|p1a: Arceus\n|-resisted|p1a: Arceus\n|-damage|p1a: Arceus|269/284\n|move|p1a: Arceus|Earthquake|p2a: Scream Tail\n|-damage|p2a: Scream Tail|78/100 brn\n|\n|-heal|p2a: Scream Tail|100/100 brn|[from] move: Wish|[wisher] Scream Tail\n|-damage|p2a: Scream Tail|94/100 brn|[from] brn\n|upkeep\n|turn|55\n|inactive|Time left: 300 sec this turn | 300 sec total\n|\n|t:|1783549382\n|move|p2a: Scream Tail|Play Rough|p1a: Arceus\n|-resisted|p1a: Arceus\n|-damage|p1a: Arceus|252/284\n|move|p1a: Arceus|Earthquake|p2a: Scream Tail\n|-damage|p2a: Scream Tail|79/100 brn\n|\n|-heal|p2a: Scream Tail|85/100 brn|[from] item: Leftovers\n|-damage|p2a: Scream Tail|79/100 brn|[from] brn\n|upkeep\n|turn|56\n|inactive|Time left: 300 sec this turn | 300 sec total\n|\n|t:|1783549384\n|move|p2a: Scream Tail|Wish|p2a: Scream Tail\n|move|p1a: Arceus|Earthquake|p2a: Scream Tail\n|-damage|p2a: Scream Tail|63/100 brn\n|\n|-heal|p2a: Scream Tail|69/100 brn|[from] item: Leftovers\n|-damage|p2a: Scream Tail|63/100 brn|[from] brn\n|upkeep\n|turn|57\n|inactive|Time left: 300 sec this turn | 300 sec total\n|\n|t:|1783549385\n|move|p2a: Scream Tail|Play Rough|p1a: Arceus\n|-resisted|p1a: Arceus\n|-damage|p1a: Arceus|236/284\n|move|p1a: Arceus|Recover|p1a: Arceus\n|-heal|p1a: Arceus|284/284\n|\n|-heal|p2a: Scream Tail|100/100 brn|[from] move: Wish|[wisher] Scream Tail\n|-damage|p2a: Scream Tail|94/100 brn|[from] brn\n|upkeep\n|turn|58\n|inactive|Time left: 300 sec this turn | 300 sec total\n|\n|t:|1783549386\n|move|p2a: Scream Tail|Play Rough|p1a: Arceus\n|-resisted|p1a: Arceus\n|-damage|p1a: Arceus|268/284\n|move|p1a: Arceus|Earthquake|p2a: Scream Tail\n|-damage|p2a: Scream Tail|77/100 brn\n|\n|-heal|p2a: Scream Tail|83/100 brn|[from] item: Leftovers\n|-damage|p2a: Scream Tail|77/100 brn|[from] brn\n|upkeep\n|turn|59\n|inactive|Time left: 300 sec this turn | 300 sec total\n|\n|t:|1783549387\n|move|p2a: Scream Tail|Wish|p2a: Scream Tail\n|move|p1a: Arceus|Earthquake|p2a: Scream Tail\n|-damage|p2a: Scream Tail|60/100 brn\n|\n|-heal|p2a: Scream Tail|66/100 brn|[from] item: Leftovers\n|-damage|p2a: Scream Tail|60/100 brn|[from] brn\n|upkeep\n|turn|60\n|inactive|Time left: 300 sec this turn | 300 sec total\n|\n|t:|1783549388\n|move|p2a: Scream Tail|Play Rough|p1a: Arceus\n|-resisted|p1a: Arceus\n|-crit|p1a: Arceus\n|-damage|p1a: Arceus|242/284\n|move|p1a: Arceus|Recover|p1a: Arceus\n|-heal|p1a: Arceus|284/284\n|\n|-heal|p2a: Scream Tail|100/100 brn|[from] move: Wish|[wisher] Scream Tail\n|-damage|p2a: Scream Tail|94/100 brn|[from] brn\n|upkeep\n|turn|61\n|inactive|Time left: 300 sec this turn | 300 sec total\n|\n|t:|1783549389\n|move|p2a: Scream Tail|Play Rough|p1a: Arceus\n|-resisted|p1a: Arceus\n|-damage|p1a: Arceus|268/284\n|move|p1a: Arceus|Earthquake|p2a: Scream Tail\n|-damage|p2a: Scream Tail|78/100 brn\n|\n|-heal|p2a: Scream Tail|84/100 brn|[from] item: Leftovers\n|-damage|p2a: Scream Tail|78/100 brn|[from] brn\n|upkeep\n|turn|62\n|inactive|Time left: 300 sec this turn | 300 sec total\n|\n|t:|1783549390\n|move|p2a: Scream Tail|Wish|p2a: Scream Tail\n|move|p1a: Arceus|Earthquake|p2a: Scream Tail\n|-damage|p2a: Scream Tail|62/100 brn\n|\n|-heal|p2a: Scream Tail|68/100 brn|[from] item: Leftovers\n|-damage|p2a: Scream Tail|62/100 brn|[from] brn\n|upkeep\n|turn|63\n|inactive|Time left: 300 sec this turn | 300 sec total\n|\n|t:|1783549392\n|move|p2a: Scream Tail|Wish||[still]\n|-fail|p2a: Scream Tail\n|move|p1a: Arceus|Will-O-Wisp|p2a: Scream Tail\n|-fail|p2a: Scream Tail|brn\n|\n|-heal|p2a: Scream Tail|100/100 brn|[from] move: Wish|[wisher] Scream Tail\n|-damage|p2a: Scream Tail|94/100 brn|[from] brn\n|upkeep\n|turn|64\n|inactive|Time left: 300 sec this turn | 300 sec total\n|\n|t:|1783549392\n|move|p2a: Scream Tail|Protect|p2a: Scream Tail\n|-singleturn|p2a: Scream Tail|Protect\n|move|p1a: Arceus|Recover|p1a: Arceus\n|-heal|p1a: Arceus|284/284\n|\n|-heal|p2a: Scream Tail|100/100 brn|[from] item: Leftovers\n|-damage|p2a: Scream Tail|94/100 brn|[from] brn\n|upkeep\n|turn|65\n|inactive|Time left: 300 sec this turn | 300 sec total\n|\n|t:|1783549393\n|move|p2a: Scream Tail|Protect||[still]\n|-fail|p2a: Scream Tail\n|move|p1a: Arceus|Recover||[still]\n|-fail|p1a: Arceus|heal\n|\n|-heal|p2a: Scream Tail|100/100 brn|[from] item: Leftovers\n|-damage|p2a: Scream Tail|94/100 brn|[from] brn\n|upkeep\n|turn|66\n|inactive|Time left: 300 sec this turn | 300 sec total\n|\n|t:|1783549394\n|move|p2a: Scream Tail|Protect|p2a: Scream Tail\n|-singleturn|p2a: Scream Tail|Protect\n|move|p1a: Arceus|Will-O-Wisp|p2a: Scream Tail\n|-activate|p2a: Scream Tail|move: Protect\n|\n|-heal|p2a: Scream Tail|100/100 brn|[from] item: Leftovers\n|-damage|p2a: Scream Tail|94/100 brn|[from] brn\n|upkeep\n|turn|67\n|inactive|Time left: 300 sec this turn | 300 sec total\n|\n|t:|1783549395\n|move|p2a: Scream Tail|Encore|p1a: Arceus\n|-start|p1a: Arceus|Encore\n|move|p1a: Arceus|Will-O-Wisp|p2a: Scream Tail\n|-fail|p2a: Scream Tail|brn\n|\n|-heal|p2a: Scream Tail|100/100 brn|[from] item: Leftovers\n|-damage|p2a: Scream Tail|94/100 brn|[from] brn\n|upkeep\n|turn|68\n|inactive|Time left: 300 sec this turn | 300 sec total\n|\n|t:|1783549396\n|move|p2a: Scream Tail|Encore||[still]\n|-fail|p2a: Scream Tail\n|move|p1a: Arceus|Will-O-Wisp|p2a: Scream Tail\n|-fail|p2a: Scream Tail|brn\n|\n|-heal|p2a: Scream Tail|100/100 brn|[from] item: Leftovers\n|-damage|p2a: Scream Tail|94/100 brn|[from] brn\n|upkeep\n|turn|69\n|inactive|Time left: 300 sec this turn | 300 sec total\n|\n|t:|1783549397\n|move|p2a: Scream Tail|Protect|p2a: Scream Tail\n|-singleturn|p2a: Scream Tail|Protect\n|move|p1a: Arceus|Will-O-Wisp|p2a: Scream Tail\n|-activate|p2a: Scream Tail|move: Protect\n|\n|-heal|p2a: Scream Tail|100/100 brn|[from] item: Leftovers\n|-damage|p2a: Scream Tail|94/100 brn|[from] brn\n|-end|p1a: Arceus|Encore\n|upkeep\n|turn|70\n|inactive|Time left: 300 sec this turn | 300 sec total\n|\n|t:|1783549399\n|move|p2a: Scream Tail|Encore|p1a: Arceus\n|-start|p1a: Arceus|Encore\n|move|p1a: Arceus|Will-O-Wisp|p2a: Scream Tail|[miss]\n|-miss|p1a: Arceus|p2a: Scream Tail\n|\n|-heal|p2a: Scream Tail|100/100 brn|[from] item: Leftovers\n|-damage|p2a: Scream Tail|94/100 brn|[from] brn\n|upkeep\n|turn|71\n|inactive|Time left: 300 sec this turn | 300 sec total\n|\n|t:|1783549400\n|switch|p1a: Meganium|Meganium, L90, M|254/290 tox\n|move|p2a: Scream Tail|Encore||[still]\n|-fail|p2a: Scream Tail\n|\n|-heal|p2a: Scream Tail|100/100 brn|[from] item: Leftovers\n|-heal|p1a: Meganium|272/290 tox|[from] item: Leftovers\n|-damage|p1a: Meganium|254/290 tox|[from] psn\n|-damage|p2a: Scream Tail|94/100 brn|[from] brn\n|upkeep\n|turn|72\n|inactive|Time left: 300 sec this turn | 300 sec total\n|\n|t:|1783549401\n|move|p2a: Scream Tail|Protect|p2a: Scream Tail\n|-singleturn|p2a: Scream Tail|Protect\n|move|p1a: Meganium|Knock Off|p2a: Scream Tail\n|-activate|p2a: Scream Tail|move: Protect\n|\n|-heal|p2a: Scream Tail|100/100 brn|[from] item: Leftovers\n|-heal|p1a: Meganium|272/290 tox|[from] item: Leftovers\n|-damage|p1a: Meganium|236/290 tox|[from] psn\n|-damage|p2a: Scream Tail|94/100 brn|[from] brn\n|upkeep\n|turn|73\n|inactive|Time left: 300 sec this turn | 300 sec total\n|\n|t:|1783549402\n|-terastallize|p1a: Meganium|Poison\n|move|p2a: Scream Tail|Encore|p1a: Meganium\n|-start|p1a: Meganium|Encore\n|move|p1a: Meganium|Knock Off|p2a: Scream Tail\n|-damage|p2a: Scream Tail|73/100 brn\n|-enditem|p2a: Scream Tail|Leftovers|[from] move: Knock Off|[of] p1a: Meganium\n|\n|-heal|p1a: Meganium|254/290 tox|[from] item: Leftovers\n|-damage|p1a: Meganium|200/290 tox|[from] psn\n|-damage|p2a: Scream Tail|67/100 brn|[from] brn\n|upkeep\n|turn|74\n|inactive|Time left: 300 sec this turn | 300 sec total\n|\n|t:|1783549403\n|move|p2a: Scream Tail|Encore||[still]\n|-fail|p2a: Scream Tail\n|move|p1a: Meganium|Knock Off|p2a: Scream Tail\n|-damage|p2a: Scream Tail|55/100 brn\n|\n|-heal|p1a: Meganium|218/290 tox|[from] item: Leftovers\n|-damage|p1a: Meganium|146/290 tox|[from] psn\n|-damage|p2a: Scream Tail|49/100 brn|[from] brn\n|upkeep\n|turn|75\n|inactive|Time left: 300 sec this turn | 300 sec total\n|\n|t:|1783549404\n|-activate|p2a: Scream Tail|move: Struggle\n|move|p2a: Scream Tail|Struggle|p1a: Meganium\n|-damage|p1a: Meganium|136/290 tox\n|-damage|p2a: Scream Tail|24/100 brn|[from] recoil\n|move|p1a: Meganium|Knock Off|p2a: Scream Tail\n|-damage|p2a: Scream Tail|11/100 brn\n|\n|-heal|p1a: Meganium|154/290 tox|[from] item: Leftovers\n|-damage|p1a: Meganium|64/290 tox|[from] psn\n|-damage|p2a: Scream Tail|5/100 brn|[from] brn\n|-end|p1a: Meganium|Encore\n|upkeep\n|turn|76\n|inactive|Time left: 300 sec this turn | 300 sec total\n|\n|t:|1783549405\n|-activate|p2a: Scream Tail|move: Struggle\n|move|p2a: Scream Tail|Struggle|p1a: Meganium\n|-damage|p1a: Meganium|54/290 tox\n|-damage|p2a: Scream Tail|0 fnt|[from] recoil\n|faint|p2a: Scream Tail\n|-end|p2a: Scream Tail|Protosynthesis|[silent]\n|\n|win|p0x8806689", "uploadtime": 1783549405, "views": 0, "rating": 0, "private": 0, "password": null, "_winner": "p0x8806689", "_our_name": "p0x8806689"}