{"id": "battle-gen9randombattle-1807", "formatid": "gen9randombattle", "format": "[Gen 9] Random Battle", "players": ["p0x1806a4ba", "p0y1806eedd"], "log": "|init|battle\n|title|p0x1806a4ba vs. p0y1806eedd\n|j|\u2606p0x1806a4ba\n|j|\u2606p0y1806eedd\n|t:|1783560937\n|gametype|singles\n|player|p1|p0x1806a4ba|170|\n|player|p2|p0y1806eedd|265|\n|gen|9\n|tier|[Gen 9] Random Battle\n|rule|Species Clause: Limit one of each Pok\u00e9mon\n|rule|HP Percentage Mod: HP is shown in percentages\n|rule|Sleep Clause Mod: Limit one foe put to sleep\n|rule|Illusion Level Mod: Illusion disguises the Pok\u00e9mon's true level\n|\n|t:|1783560937\n|teamsize|p1|6\n|teamsize|p2|6\n|start\n|switch|p1a: Arboliva|Arboliva, L91, F|290/290\n|switch|p2a: Gallade|Gallade, L80, M|100/100\n|turn|1\n|inactive|Battle timer is ON: inactive players will automatically lose when time's up. (requested by p0y1806eedd)\n|inactive|Time left: 300 sec this turn | 300 sec total | 60 sec grace\n|inactive|p0x1806a4ba also wants the timer to be on.\n|\n|t:|1783560939\n|switch|p1a: Gliscor|Gliscor, L76, M|239/239\n|move|p2a: Gallade|Sacred Sword|p1a: Gliscor\n|-resisted|p1a: Gliscor\n|-damage|p1a: Gliscor|151/239\n|-damage|p2a: Gallade|90/100|[from] item: Life Orb\n|\n|-status|p1a: Gliscor|tox|[from] item: Toxic Orb\n|upkeep\n|turn|2\n|inactive|Time left: 300 sec this turn | 300 sec total\n|\n|t:|1783560940\n|move|p1a: Gliscor|Earthquake|p2a: Gallade\n|-damage|p2a: Gallade|43/100\n|move|p2a: Gallade|Psycho Cut|p1a: Gliscor\n|-damage|p1a: Gliscor|17/239 tox\n|-damage|p2a: Gallade|33/100|[from] item: Life Orb\n|\n|-heal|p1a: Gliscor|46/239 tox|[from] ability: Poison Heal\n|upkeep\n|turn|3\n|inactive|Time left: 300 sec this turn | 300 sec total\n|\n|t:|1783560941\n|switch|p2a: Drifblim|Drifblim, L86, M|100/100\n|move|p1a: Gliscor|Earthquake|p2a: Drifblim\n|-immune|p2a: Drifblim\n|\n|-heal|p1a: Gliscor|75/239 tox|[from] ability: Poison Heal\n|upkeep\n|turn|4\n|inactive|Time left: 300 sec this turn | 300 sec total\n|\n|t:|1783560942\n|move|p1a: Gliscor|Protect|p1a: Gliscor\n|-singleturn|p1a: Gliscor|Protect\n|move|p2a: Drifblim|Air Slash|p1a: Gliscor\n|-activate|p1a: Gliscor|move: Protect\n|\n|-heal|p1a: Gliscor|104/239 tox|[from] ability: Poison Heal\n|upkeep\n|turn|5\n|inactive|Time left: 300 sec this turn | 300 sec total\n|\n|t:|1783560943\n|move|p1a: Gliscor|Toxic|p2a: Drifblim\n|-status|p2a: Drifblim|tox\n|move|p2a: Drifblim|Shadow Ball|p1a: Gliscor\n|-damage|p1a: Gliscor|8/239 tox\n|\n|-heal|p1a: Gliscor|37/239 tox|[from] ability: Poison Heal\n|-damage|p2a: Drifblim|94/100 tox|[from] psn\n|upkeep\n|turn|6\n|inactive|Time left: 300 sec this turn | 300 sec total\n|\n|t:|1783560944\n|move|p1a: Gliscor|Knock Off|p2a: Drifblim\n|-supereffective|p2a: Drifblim\n|-damage|p2a: Drifblim|51/100 tox\n|-enditem|p2a: Drifblim|Sitrus Berry|[from] move: Knock Off|[of] p1a: Gliscor\n|move|p2a: Drifblim|Calm Mind|p2a: Drifblim\n|-boost|p2a: Drifblim|spa|1\n|-boost|p2a: Drifblim|spd|1\n|\n|-damage|p2a: Drifblim|39/100 tox|[from] psn\n|-heal|p1a: Gliscor|66/239 tox|[from] ability: Poison Heal\n|upkeep\n|turn|7\n|inactive|Time left: 300 sec this turn | 300 sec total\n|\n|t:|1783560945\n|move|p1a: Gliscor|Protect|p1a: Gliscor\n|-singleturn|p1a: Gliscor|Protect\n|move|p2a: Drifblim|Strength Sap|p1a: Gliscor\n|-activate|p1a: Gliscor|move: Protect\n|\n|-damage|p2a: Drifblim|21/100 tox|[from] psn\n|-heal|p1a: Gliscor|95/239 tox|[from] ability: Poison Heal\n|upkeep\n|turn|8\n|inactive|Time left: 300 sec this turn | 300 sec total\n|\n|t:|1783560946\n|switch|p1a: Garganacl|Garganacl, L80, M|291/291\n|move|p2a: Drifblim|Strength Sap|p1a: Garganacl\n|-unboost|p1a: Garganacl|atk|1\n|-heal|p2a: Drifblim|73/100 tox\n|\n|-damage|p2a: Drifblim|48/100 tox|[from] psn\n|upkeep\n|turn|9\n|inactive|Time left: 300 sec this turn | 300 sec total\n|\n|t:|1783560948\n|move|p2a: Drifblim|Strength Sap|p1a: Garganacl\n|-unboost|p1a: Garganacl|atk|1\n|-heal|p2a: Drifblim|83/100 tox\n|move|p1a: Garganacl|Salt Cure|p2a: Drifblim\n|-supereffective|p2a: Drifblim\n|-damage|p2a: Drifblim|67/100 tox\n|-start|p2a: Drifblim|Salt Cure\n|\n|-damage|p2a: Drifblim|37/100 tox|[from] psn\n|-damage|p2a: Drifblim|25/100 tox|[from] Salt Cure\n|upkeep\n|turn|10\n|inactive|Time left: 300 sec this turn | 300 sec total\n|\n|t:|1783560949\n|switch|p1a: Arboliva|Arboliva, L91, F|290/290\n|move|p2a: Drifblim|Shadow Ball|p1a: Arboliva\n|-immune|p1a: Arboliva\n|\n|-damage|p2a: Drifblim|0 fnt|[from] psn\n|faint|p2a: Drifblim\n|upkeep\n|\n|t:|1783560950\n|switch|p2a: Gallade|Gallade, L80, M|33/100\n|turn|11\n|inactive|Time left: 300 sec this turn | 300 sec total\n|\n|t:|1783560951\n|switch|p1a: Gliscor|Gliscor, L76, M|95/239 tox\n|move|p2a: Gallade|Sacred Sword|p1a: Gliscor\n|-resisted|p1a: Gliscor\n|-damage|p1a: Gliscor|1/239 tox\n|-damage|p2a: Gallade|23/100|[from] item: Life Orb\n|\n|-heal|p1a: Gliscor|30/239 tox|[from] ability: Poison Heal\n|upkeep\n|turn|12\n|inactive|Time left: 300 sec this turn | 300 sec total\n|\n|t:|1783560952\n|switch|p2a: Chesnaught|Chesnaught, L84, M|100/100\n|move|p1a: Gliscor|Earthquake|p2a: Chesnaught\n|-resisted|p2a: Chesnaught\n|-damage|p2a: Chesnaught|89/100\n|\n|-heal|p1a: Gliscor|59/239 tox|[from] ability: Poison Heal\n|upkeep\n|turn|13\n|inactive|Time left: 300 sec this turn | 300 sec total\n|\n|t:|1783560953\n|move|p1a: Gliscor|Protect|p1a: Gliscor\n|-singleturn|p1a: Gliscor|Protect\n|move|p2a: Chesnaught|Wood Hammer|p1a: Gliscor\n|-activate|p1a: Gliscor|move: Protect\n|\n|-heal|p1a: Gliscor|88/239 tox|[from] ability: Poison Heal\n|upkeep\n|turn|14\n|inactive|Time left: 300 sec this turn | 300 sec total\n|\n|t:|1783560954\n|switch|p1a: Scovillain|Scovillain, L91, M|266/266\n|move|p2a: Chesnaught|Wood Hammer|p1a: Scovillain\n|-resisted|p1a: Scovillain\n|-damage|p1a: Scovillain|226/266\n|-damage|p2a: Chesnaught|84/100|[from] Recoil\n|\n|upkeep\n|turn|15\n|inactive|Time left: 300 sec this turn | 300 sec total\n|\n|t:|1783560955\n|switch|p2a: Swanna|Swanna, L89, F|100/100\n|move|p1a: Scovillain|Flamethrower|p2a: Swanna\n|-resisted|p2a: Swanna\n|-damage|p2a: Swanna|75/100\n|\n|upkeep\n|turn|16\n|inactive|Time left: 300 sec this turn | 300 sec total\n|\n|t:|1783560956\n|switch|p1a: Garganacl|Garganacl, L80, M|291/291\n|move|p2a: Swanna|Brave Bird|p1a: Garganacl\n|-resisted|p1a: Garganacl\n|-damage|p1a: Garganacl|237/291\n|-damage|p2a: Swanna|68/100|[from] Recoil\n|\n|-heal|p1a: Garganacl|255/291|[from] item: Leftovers\n|upkeep\n|turn|17\n|inactive|Time left: 300 sec this turn | 300 sec total\n|\n|t:|1783560956\n|move|p2a: Swanna|Hydro Pump|p1a: Garganacl\n|-supereffective|p1a: Garganacl\n|-damage|p1a: Garganacl|7/291\n|move|p1a: Garganacl|Salt Cure|p2a: Swanna\n|-supereffective|p2a: Swanna\n|-damage|p2a: Swanna|35/100\n|-start|p2a: Swanna|Salt Cure\n|\n|-heal|p1a: Garganacl|25/291|[from] item: Leftovers\n|-damage|p2a: Swanna|11/100|[from] Salt Cure\n|upkeep\n|turn|18\n|inactive|Time left: 300 sec this turn | 300 sec total\n|\n|t:|1783560957\n|move|p2a: Swanna|Brave Bird|p1a: Garganacl\n|-resisted|p1a: Garganacl\n|-damage|p1a: Garganacl|0 fnt\n|faint|p1a: Garganacl\n|-damage|p2a: Swanna|8/100|[from] Recoil\n|\n|-damage|p2a: Swanna|0 fnt|[from] Salt Cure\n|faint|p2a: Swanna\n|upkeep\n|inactive|Time left: 300 sec this turn | 300 sec total | 5 sec grace\n|\n|t:|1783560958\n|switch|p2a: Jirachi|Jirachi, L80|100/100\n|switch|p1a: Scovillain|Scovillain, L91, M|226/266\n|turn|19\n|inactive|Time left: 300 sec this turn | 300 sec total\n|\n|t:|1783560959\n|move|p2a: Jirachi|Iron Head|p1a: Scovillain\n|-resisted|p1a: Scovillain\n|-damage|p1a: Scovillain|177/266\n|cant|p1a: Scovillain|flinch\n|\n|upkeep\n|turn|20\n|inactive|Time left: 300 sec this turn | 300 sec total\n|\n|t:|1783560960\n|move|p2a: Jirachi|Iron Head|p1a: Scovillain\n|-resisted|p1a: Scovillain\n|-damage|p1a: Scovillain|130/266\n|cant|p1a: Scovillain|flinch\n|\n|upkeep\n|turn|21\n|inactive|Time left: 300 sec this turn | 300 sec total\n|\n|t:|1783560961\n|move|p2a: Jirachi|Iron Head|p1a: Scovillain\n|-resisted|p1a: Scovillain\n|-damage|p1a: Scovillain|85/266\n|move|p1a: Scovillain|Flamethrower|p2a: Jirachi\n|-supereffective|p2a: Jirachi\n|-damage|p2a: Jirachi|26/100\n|\n|upkeep\n|turn|22\n|inactive|Time left: 300 sec this turn | 300 sec total\n|\n|t:|1783560962\n|move|p2a: Jirachi|Iron Head|p1a: Scovillain\n|-resisted|p1a: Scovillain\n|-damage|p1a: Scovillain|37/266\n|cant|p1a: Scovillain|flinch\n|\n|upkeep\n|turn|23\n|inactive|Time left: 300 sec this turn | 300 sec total\n|\n|t:|1783560962\n|switch|p1a: Quaquaval|Quaquaval, L79, F|264/264\n|move|p2a: Jirachi|Iron Head|p1a: Quaquaval\n|-resisted|p1a: Quaquaval\n|-damage|p1a: Quaquaval|221/264\n|\n|-heal|p1a: Quaquaval|237/264|[from] item: Leftovers\n|upkeep\n|turn|24\n|inactive|Time left: 300 sec this turn | 300 sec total\n|\n|t:|1783560963\n|switch|p2a: Chesnaught|Chesnaught, L84, M|84/100\n|move|p1a: Quaquaval|Swords Dance|p1a: Quaquaval\n|-boost|p1a: Quaquaval|atk|2\n|\n|-heal|p1a: Quaquaval|253/264|[from] item: Leftovers\n|upkeep\n|turn|25\n|inactive|Time left: 300 sec this turn | 300 sec total\n|\n|t:|1783560964\n|move|p1a: Quaquaval|Close Combat|p2a: Chesnaught\n|-crit|p2a: Chesnaught\n|-damage|p2a: Chesnaught|0 fnt\n|-unboost|p1a: Quaquaval|def|1\n|-unboost|p1a: Quaquaval|spd|1\n|-damage|p1a: Quaquaval|209/264|[from] item: Rocky Helmet|[of] p2a: Chesnaught\n|faint|p2a: Chesnaught\n|-ability|p1a: Quaquaval|Moxie|boost\n|-boost|p1a: Quaquaval|atk|1\n|\n|-heal|p1a: Quaquaval|225/264|[from] item: Leftovers\n|upkeep\n|\n|t:|1783560965\n|switch|p2a: Jirachi|Jirachi, L80|26/100\n|turn|26\n|inactive|Time left: 300 sec this turn | 300 sec total\n|\n|t:|1783560966\n|-terastallize|p1a: Quaquaval|Steel\n|move|p2a: Jirachi|Psychic|p1a: Quaquaval\n|-resisted|p1a: Quaquaval\n|-damage|p1a: Quaquaval|146/264\n|move|p1a: Quaquaval|Aqua Step|p2a: Jirachi\n|-damage|p2a: Jirachi|0 fnt\n|-boost|p1a: Quaquaval|spe|1\n|faint|p2a: Jirachi\n|-ability|p1a: Quaquaval|Moxie|boost\n|-boost|p1a: Quaquaval|atk|1\n|\n|-heal|p1a: Quaquaval|162/264|[from] item: Leftovers\n|upkeep\n|\n|t:|1783560967\n|switch|p2a: Toxtricity|Toxtricity, L82, M|100/100\n|turn|27\n|inactive|Time left: 300 sec this turn | 300 sec total\n|\n|t:|1783560968\n|move|p1a: Quaquaval|Aqua Step|p2a: Toxtricity\n|-damage|p2a: Toxtricity|0 fnt\n|-boost|p1a: Quaquaval|spe|1\n|faint|p2a: Toxtricity\n|-ability|p1a: Quaquaval|Moxie|boost\n|-boost|p1a: Quaquaval|atk|1\n|\n|-heal|p1a: Quaquaval|178/264|[from] item: Leftovers\n|upkeep\n|\n|t:|1783560969\n|switch|p2a: Gallade|Gallade, L80, M|23/100\n|turn|28\n|inactive|Time left: 300 sec this turn | 300 sec total\n|\n|t:|1783560969\n|-terastallize|p2a: Gallade|Dark\n|move|p1a: Quaquaval|Close Combat|p2a: Gallade\n|-supereffective|p2a: Gallade\n|-damage|p2a: Gallade|0 fnt\n|-unboost|p1a: Quaquaval|def|1\n|-unboost|p1a: Quaquaval|spd|1\n|faint|p2a: Gallade\n|\n|win|p0x1806a4ba", "uploadtime": 1783560969, "views": 0, "rating": 0, "private": 0, "password": null, "_winner": "p0x1806a4ba", "_our_name": "p0x1806a4ba"}