{"id": "battle-gen9randombattle-158", "formatid": "gen9randombattle", "format": "[Gen 9] Random Battle", "players": ["p0x158fbdc", "p0y158f1e8"], "log": "|init|battle\n|title|p0x158fbdc vs. p0y158f1e8\n|j|\u2606p0x158fbdc\n|j|\u2606p0y158f1e8\n|t:|1783541394\n|gametype|singles\n|player|p1|p0x158fbdc|1|\n|player|p2|p0y158f1e8|265|\n|gen|9\n|tier|[Gen 9] Random Battle\n|rule|Species Clause: Limit one of each Pok\u00e9mon\n|rule|HP Percentage Mod: HP is shown in percentages\n|rule|Sleep Clause Mod: Limit one foe put to sleep\n|rule|Illusion Level Mod: Illusion disguises the Pok\u00e9mon's true level\n|\n|t:|1783541394\n|teamsize|p1|6\n|teamsize|p2|6\n|start\n|switch|p1a: Kommo-o|Kommo-o, L77, M|100/100\n|switch|p2a: Chansey|Chansey, L85, F|564/564\n|turn|1\n|inactive|Battle timer is ON: inactive players will automatically lose when time's up. (requested by p0y158f1e8)\n|inactive|p0x158fbdc also wants the timer to be on.\n|\n|t:|1783541396\n|switch|p2a: Gardevoir|Gardevoir, L83, M|249/249\n|-ability|p2a: Gardevoir|Soundproof|Trace|[from] ability: Trace|[of] p1a: Kommo-o\n|move|p1a: Kommo-o|Clangorous Soul|p1a: Kommo-o\n|-boost|p1a: Kommo-o|atk|1\n|-boost|p1a: Kommo-o|def|1\n|-boost|p1a: Kommo-o|spa|1\n|-boost|p1a: Kommo-o|spd|1\n|-boost|p1a: Kommo-o|spe|1\n|-damage|p1a: Kommo-o|68/100\n|-enditem|p1a: Kommo-o|Throat Spray\n|-boost|p1a: Kommo-o|spa|1|[from] item: Throat Spray\n|\n|upkeep\n|turn|2\n|inactive|Time left: 300 sec this turn | 300 sec total\n|\n|t:|1783541397\n|-terastallize|p1a: Kommo-o|Steel\n|move|p2a: Gardevoir|Moonblast|p1a: Kommo-o\n|-resisted|p1a: Kommo-o\n|-damage|p1a: Kommo-o|52/100\n|move|p1a: Kommo-o|Iron Head|p2a: Gardevoir\n|-supereffective|p2a: Gardevoir\n|-damage|p2a: Gardevoir|0 fnt\n|faint|p2a: Gardevoir\n|\n|upkeep\n|inactive|Time left: 300 sec this turn | 300 sec total | 5 sec grace\n|\n|t:|1783541398\n|switch|p2a: Gumshoos|Gumshoos, L95, M|321/321\n|turn|3\n|inactive|Time left: 300 sec this turn | 300 sec total\n|\n|t:|1783541399\n|-terastallize|p2a: Gumshoos|Ground\n|move|p1a: Kommo-o|Drain Punch|p2a: Gumshoos\n|-damage|p2a: Gumshoos|188/321\n|-heal|p1a: Kommo-o|79/100|[from] drain|[of] p2a: Gumshoos\n|move|p2a: Gumshoos|Earthquake|p1a: Kommo-o\n|-supereffective|p1a: Kommo-o\n|-damage|p1a: Kommo-o|0 fnt\n|faint|p1a: Kommo-o\n|\n|upkeep\n|\n|t:|1783541400\n|switch|p1a: Falinks|Falinks, L84|100/100\n|turn|4\n|inactive|Time left: 300 sec this turn | 300 sec total\n|\n|t:|1783541401\n|move|p1a: Falinks|No Retreat|p1a: Falinks\n|-boost|p1a: Falinks|atk|1\n|-boost|p1a: Falinks|def|1\n|-boost|p1a: Falinks|spa|1\n|-boost|p1a: Falinks|spd|1\n|-boost|p1a: Falinks|spe|1\n|-start|p1a: Falinks|move: No Retreat\n|move|p2a: Gumshoos|Earthquake|p1a: Falinks\n|-damage|p1a: Falinks|44/100\n|\n|upkeep\n|turn|5\n|inactive|Time left: 300 sec this turn | 300 sec total\n|\n|t:|1783541402\n|move|p1a: Falinks|Close Combat|p2a: Gumshoos\n|-damage|p2a: Gumshoos|0 fnt\n|-unboost|p1a: Falinks|def|1\n|-unboost|p1a: Falinks|spd|1\n|faint|p2a: Gumshoos\n|-damage|p1a: Falinks|35/100|[from] item: Life Orb\n|\n|upkeep\n|inactive|Time left: 300 sec this turn | 300 sec total | 5 sec grace\n|\n|t:|1783541403\n|switch|p2a: Vaporeon|Vaporeon, L86, F|364/364\n|turn|6\n|inactive|Time left: 300 sec this turn | 300 sec total\n|\n|t:|1783541404\n|move|p1a: Falinks|Close Combat|p2a: Vaporeon\n|-damage|p2a: Vaporeon|40/364\n|-unboost|p1a: Falinks|def|1\n|-unboost|p1a: Falinks|spd|1\n|-damage|p1a: Falinks|25/100|[from] item: Life Orb\n|move|p2a: Vaporeon|Scald|p1a: Falinks\n|-damage|p1a: Falinks|0 fnt\n|faint|p1a: Falinks\n|\n|-heal|p2a: Vaporeon|62/364|[from] item: Leftovers\n|upkeep\n|\n|t:|1783541405\n|switch|p1a: Baxcalibur|Baxcalibur, L75, F|100/100\n|turn|7\n|inactive|Time left: 300 sec this turn | 300 sec total\n|\n|t:|1783541406\n|switch|p2a: Uxie|Uxie, L83|260/260\n|move|p1a: Baxcalibur|Glaive Rush|p2a: Uxie\n|-damage|p2a: Uxie|149/260\n|-singlemove|p1a: Baxcalibur|Glaive Rush|[silent]\n|\n|-heal|p2a: Uxie|165/260|[from] item: Leftovers\n|upkeep\n|turn|8\n|inactive|Time left: 300 sec this turn | 300 sec total\n|\n|t:|1783541407\n|switch|p1a: Scizor|Scizor, L79, F|100/100\n|move|p2a: Uxie|Psychic Noise|p1a: Scizor\n|-resisted|p1a: Scizor\n|-damage|p1a: Scizor|85/100\n|-start|p1a: Scizor|move: Heal Block\n|\n|-heal|p2a: Uxie|181/260|[from] item: Leftovers\n|upkeep\n|turn|9\n|inactive|Time left: 300 sec this turn | 300 sec total\n|\n|t:|1783541408\n|move|p2a: Uxie|Knock Off|p1a: Scizor\n|-damage|p1a: Scizor|60/100\n|-enditem|p1a: Scizor|Life Orb|[from] move: Knock Off|[of] p2a: Uxie\n|move|p1a: Scizor|Swords Dance|p1a: Scizor\n|-boost|p1a: Scizor|atk|2\n|\n|-heal|p2a: Uxie|197/260|[from] item: Leftovers\n|-end|p1a: Scizor|move: Heal Block\n|upkeep\n|turn|10\n|inactive|Time left: 300 sec this turn | 300 sec total\n|\n|t:|1783541409\n|move|p2a: Uxie|Thunder Wave|p1a: Scizor\n|-status|p1a: Scizor|par\n|move|p1a: Scizor|Knock Off|p2a: Uxie\n|-supereffective|p2a: Uxie\n|-damage|p2a: Uxie|0 fnt\n|-enditem|p2a: Uxie|Leftovers|[from] move: Knock Off|[of] p1a: Scizor\n|faint|p2a: Uxie\n|\n|upkeep\n|inactive|Time left: 300 sec this turn | 300 sec total | 5 sec grace\n|\n|t:|1783541410\n|switch|p2a: Dewgong|Dewgong, L94, F|322/322\n|turn|11\n|inactive|Time left: 300 sec this turn | 300 sec total\n|\n|t:|1783541411\n|move|p2a: Dewgong|Surf|p1a: Scizor\n|-damage|p1a: Scizor|20/100 par\n|cant|p1a: Scizor|par\n|\n|upkeep\n|turn|12\n|inactive|Time left: 300 sec this turn | 300 sec total\n|\n|t:|1783541411\n|cant|p1a: Scizor|par\n|move|p2a: Dewgong|Surf|p1a: Scizor\n|-damage|p1a: Scizor|0 fnt\n|faint|p1a: Scizor\n|\n|upkeep\n|\n|t:|1783541412\n|switch|p1a: Baxcalibur|Baxcalibur, L75, F|100/100\n|turn|13\n|inactive|Time left: 300 sec this turn | 300 sec total\n|\n|t:|1783541413\n|move|p2a: Dewgong|Triple Axel|p1a: Baxcalibur|[miss]\n|-miss|p2a: Dewgong|p1a: Baxcalibur\n|move|p1a: Baxcalibur|Dragon Dance|p1a: Baxcalibur\n|-boost|p1a: Baxcalibur|atk|1\n|-boost|p1a: Baxcalibur|spe|1\n|\n|upkeep\n|turn|14\n|inactive|Time left: 300 sec this turn | 300 sec total\n|\n|t:|1783541413\n|move|p1a: Baxcalibur|Glaive Rush|p2a: Dewgong\n|-damage|p2a: Dewgong|124/322\n|-singlemove|p1a: Baxcalibur|Glaive Rush|[silent]\n|move|p2a: Dewgong|Triple Axel|p1a: Baxcalibur\n|-damage|p1a: Baxcalibur|86/100\n|-damage|p1a: Baxcalibur|55/100\n|-damage|p1a: Baxcalibur|10/100\n|-hitcount|p1a: Baxcalibur|3\n|\n|upkeep\n|turn|15\n|inactive|Time left: 300 sec this turn | 300 sec total\n|\n|t:|1783541414\n|move|p1a: Baxcalibur|Glaive Rush|p2a: Dewgong\n|-damage|p2a: Dewgong|0 fnt\n|-singlemove|p1a: Baxcalibur|Glaive Rush|[silent]\n|faint|p2a: Dewgong\n|\n|upkeep\n|inactive|Time left: 300 sec this turn | 300 sec total | 5 sec grace\n|\n|t:|1783541415\n|switch|p2a: Chansey|Chansey, L85, F|564/564\n|turn|16\n|inactive|Time left: 300 sec this turn | 300 sec total\n|\n|t:|1783541415\n|move|p1a: Baxcalibur|Glaive Rush|p2a: Chansey\n|-damage|p2a: Chansey|48/564\n|-singlemove|p1a: Baxcalibur|Glaive Rush|[silent]\n|move|p2a: Chansey|Thunder Wave|p1a: Baxcalibur\n|-status|p1a: Baxcalibur|par\n|\n|upkeep\n|turn|17\n|inactive|Time left: 300 sec this turn | 300 sec total\n|\n|t:|1783541416\n|move|p2a: Chansey|Soft-Boiled|p2a: Chansey\n|-heal|p2a: Chansey|330/564\n|move|p1a: Baxcalibur|Glaive Rush|p2a: Chansey\n|-damage|p2a: Chansey|0 fnt\n|-singlemove|p1a: Baxcalibur|Glaive Rush|[silent]\n|faint|p2a: Chansey\n|\n|upkeep\n|inactive|Time left: 300 sec this turn | 300 sec total | 5 sec grace\n|\n|t:|1783541417\n|switch|p2a: Vaporeon|Vaporeon, L86, F|62/364\n|turn|18\n|inactive|Time left: 300 sec this turn | 300 sec total\n|\n|t:|1783541418\n|move|p2a: Vaporeon|Wish|p2a: Vaporeon\n|move|p1a: Baxcalibur|Earthquake|p2a: Vaporeon\n|-damage|p2a: Vaporeon|0 fnt\n|faint|p2a: Vaporeon\n|\n|win|p0x158fbdc", "uploadtime": 1783541418, "views": 0, "rating": 0, "private": 0, "password": null, "_winner": "p0x158fbdc", "_our_name": "p0y158f1e8"}