{"id": "battle-gen9randombattle-885", "formatid": "gen9randombattle", "format": "[Gen 9] Random Battle", "players": ["p0x8858400", "p0y8857448"], "log": "|init|battle\n|title|p0x8858400 vs. p0y8857448\n|j|\u2606p0x8858400\n|j|\u2606p0y8857448\n|t:|1783549400\n|gametype|singles\n|player|p1|p0x8858400|170|\n|player|p2|p0y8857448|2|\n|gen|9\n|tier|[Gen 9] Random Battle\n|rule|Species Clause: Limit one of each Pok\u00e9mon\n|rule|HP Percentage Mod: HP is shown in percentages\n|rule|Sleep Clause Mod: Limit one foe put to sleep\n|rule|Illusion Level Mod: Illusion disguises the Pok\u00e9mon's true level\n|\n|t:|1783549400\n|teamsize|p1|6\n|teamsize|p2|6\n|start\n|switch|p1a: Ribombee|Ribombee, L83, F|100/100\n|switch|p2a: Alcremie|Alcremie-Caramel-Swirl, L90, F|263/263\n|turn|1\n|inactive|Battle timer is ON: inactive players will automatically lose when time's up. (requested by p0x8858400)\n|\n|t:|1783549402\n|move|p1a: Ribombee|Quiver Dance|p1a: Ribombee\n|-boost|p1a: Ribombee|spa|1\n|-boost|p1a: Ribombee|spd|1\n|-boost|p1a: Ribombee|spe|1\n|move|p2a: Alcremie|Calm Mind|p2a: Alcremie\n|-boost|p2a: Alcremie|spa|1\n|-boost|p2a: Alcremie|spd|1\n|\n|upkeep\n|turn|2\n|inactive|Time left: 300 sec this turn | 300 sec total | 60 sec grace\n|inactive|p0y8857448 also wants the timer to be on.\n|\n|t:|1783549403\n|move|p1a: Ribombee|Quiver Dance|p1a: Ribombee\n|-boost|p1a: Ribombee|spa|1\n|-boost|p1a: Ribombee|spd|1\n|-boost|p1a: Ribombee|spe|1\n|move|p2a: Alcremie|Psyshock|p1a: Ribombee\n|-damage|p1a: Ribombee|42/100\n|\n|upkeep\n|turn|3\n|inactive|Time left: 300 sec this turn | 300 sec total\n|\n|t:|1783549405\n|move|p1a: Ribombee|Moonblast|p2a: Alcremie\n|-damage|p2a: Alcremie|173/263\n|-unboost|p2a: Alcremie|spa|1\n|move|p2a: Alcremie|Psyshock|p1a: Ribombee\n|-damage|p1a: Ribombee|4/100\n|\n|-heal|p2a: Alcremie|189/263|[from] item: Leftovers\n|upkeep\n|turn|4\n|inactive|Time left: 300 sec this turn | 300 sec total\n|\n|t:|1783549406\n|move|p1a: Ribombee|Moonblast|p2a: Alcremie\n|-damage|p2a: Alcremie|92/263\n|-unboost|p2a: Alcremie|spa|1\n|move|p2a: Alcremie|Alluring Voice|p1a: Ribombee\n|-damage|p1a: Ribombee|0 fnt\n|faint|p1a: Ribombee\n|\n|-heal|p2a: Alcremie|108/263|[from] item: Leftovers\n|upkeep\n|\n|t:|1783549407\n|switch|p1a: Kyogre|Kyogre, L71|100/100\n|-weather|RainDance|[from] ability: Drizzle|[of] p1a: Kyogre\n|turn|5\n|inactive|Time left: 300 sec this turn | 300 sec total\n|\n|t:|1783549408\n|move|p1a: Kyogre|Water Spout|p2a: Alcremie\n|-damage|p2a: Alcremie|0 fnt\n|faint|p2a: Alcremie\n|\n|-weather|RainDance|[upkeep]\n|upkeep\n|inactive|Time left: 300 sec this turn | 300 sec total | 5 sec grace\n|\n|t:|1783549409\n|switch|p2a: Wo-Chien|Wo-Chien, L83|277/277\n|-ability|p2a: Wo-Chien|Tablets of Ruin\n|turn|6\n|inactive|Time left: 300 sec this turn | 300 sec total\n|\n|t:|1783549410\n|move|p1a: Kyogre|Water Spout|p2a: Wo-Chien\n|-resisted|p2a: Wo-Chien\n|-damage|p2a: Wo-Chien|187/277\n|move|p2a: Wo-Chien|Knock Off|p1a: Kyogre\n|-damage|p1a: Kyogre|62/100\n|-enditem|p1a: Kyogre|Choice Scarf|[from] move: Knock Off|[of] p2a: Wo-Chien\n|\n|-weather|RainDance|[upkeep]\n|-heal|p2a: Wo-Chien|204/277|[from] item: Leftovers\n|upkeep\n|turn|7\n|inactive|Time left: 300 sec this turn | 300 sec total\n|\n|t:|1783549411\n|move|p1a: Kyogre|Ice Beam|p2a: Wo-Chien\n|-supereffective|p2a: Wo-Chien\n|-crit|p2a: Wo-Chien\n|-damage|p2a: Wo-Chien|64/277\n|move|p2a: Wo-Chien|Giga Drain|p1a: Kyogre\n|-supereffective|p1a: Kyogre\n|-damage|p1a: Kyogre|16/100\n|-heal|p2a: Wo-Chien|124/277|[from] drain|[of] p1a: Kyogre\n|\n|-weather|RainDance|[upkeep]\n|-heal|p2a: Wo-Chien|141/277|[from] item: Leftovers\n|upkeep\n|turn|8\n|inactive|Time left: 300 sec this turn | 300 sec total\n|\n|t:|1783549412\n|move|p1a: Kyogre|Ice Beam|p2a: Wo-Chien\n|-supereffective|p2a: Wo-Chien\n|-damage|p2a: Wo-Chien|39/277\n|move|p2a: Wo-Chien|Giga Drain|p1a: Kyogre\n|-supereffective|p1a: Kyogre\n|-crit|p1a: Kyogre\n|-damage|p1a: Kyogre|0 fnt\n|-heal|p2a: Wo-Chien|59/277|[from] drain|[of] p1a: Kyogre\n|faint|p1a: Kyogre\n|\n|-weather|RainDance|[upkeep]\n|-heal|p2a: Wo-Chien|76/277|[from] item: Leftovers\n|upkeep\n|\n|t:|1783549413\n|switch|p1a: Toucannon|Toucannon, L88, F|100/100\n|turn|9\n|inactive|Time left: 300 sec this turn | 300 sec total\n|\n|t:|1783549414\n|-singleturn|p1a: Toucannon|move: Beak Blast\n|move|p2a: Wo-Chien|Leech Seed|p1a: Toucannon\n|-start|p1a: Toucannon|move: Leech Seed\n|move|p1a: Toucannon|Beak Blast|p2a: Wo-Chien\n|-supereffective|p2a: Wo-Chien\n|-crit|p2a: Wo-Chien\n|-damage|p2a: Wo-Chien|0 fnt\n|faint|p2a: Wo-Chien\n|\n|-weather|none\n|upkeep\n|inactive|Time left: 300 sec this turn | 300 sec total | 5 sec grace\n|\n|t:|1783549415\n|switch|p2a: Kyogre|Kyogre, L71|259/259\n|-weather|RainDance|[from] ability: Drizzle|[of] p2a: Kyogre\n|turn|10\n|inactive|Time left: 300 sec this turn | 300 sec total\n|\n|t:|1783549416\n|switch|p1a: Miraidon|Miraidon, L65|100/100\n|-fieldstart|move: Electric Terrain|[from] ability: Hadron Engine|[of] p1a: Miraidon\n|move|p2a: Kyogre|Calm Mind|p2a: Kyogre\n|-boost|p2a: Kyogre|spa|1\n|-boost|p2a: Kyogre|spd|1\n|\n|-weather|RainDance|[upkeep]\n|upkeep\n|turn|11\n|inactive|Time left: 300 sec this turn | 300 sec total\n|\n|t:|1783549417\n|-terastallize|p2a: Kyogre|Electric\n|move|p1a: Miraidon|Electro Drift|p2a: Kyogre\n|-resisted|p2a: Kyogre\n|-damage|p2a: Kyogre|210/259\n|-damage|p1a: Miraidon|91/100|[from] item: Life Orb\n|move|p2a: Kyogre|Origin Pulse|p1a: Miraidon\n|-resisted|p1a: Miraidon\n|-damage|p1a: Miraidon|37/100\n|\n|-weather|RainDance|[upkeep]\n|-heal|p2a: Kyogre|226/259|[from] item: Leftovers\n|upkeep\n|turn|12\n|inactive|Time left: 300 sec this turn | 300 sec total\n|\n|t:|1783549418\n|move|p1a: Miraidon|Draco Meteor|p2a: Kyogre\n|-damage|p2a: Kyogre|123/259\n|-unboost|p1a: Miraidon|spa|2\n|-damage|p1a: Miraidon|27/100|[from] item: Life Orb\n|move|p2a: Kyogre|Ice Beam|p1a: Miraidon\n|-supereffective|p1a: Miraidon\n|-damage|p1a: Miraidon|0 fnt\n|faint|p1a: Miraidon\n|\n|-weather|RainDance|[upkeep]\n|-heal|p2a: Kyogre|139/259|[from] item: Leftovers\n|upkeep\n|\n|t:|1783549419\n|switch|p1a: Meloetta|Meloetta, L82|100/100\n|turn|13\n|inactive|Time left: 300 sec this turn | 300 sec total\n|\n|t:|1783549420\n|-terastallize|p1a: Meloetta|Psychic\n|move|p1a: Meloetta|Psyshock|p2a: Kyogre\n|-crit|p2a: Kyogre\n|-damage|p2a: Kyogre|0 fnt\n|faint|p2a: Kyogre\n|\n|-weather|RainDance|[upkeep]\n|upkeep\n|inactive|Time left: 300 sec this turn | 300 sec total | 5 sec grace\n|\n|t:|1783549422\n|switch|p2a: Avalugg|Avalugg-Hisui, L90, M|317/317\n|turn|14\n|inactive|Time left: 300 sec this turn | 300 sec total\n|\n|t:|1783549423\n|move|p1a: Meloetta|Focus Blast|p2a: Avalugg\n|-supereffective|p2a: Avalugg\n|-ability|p2a: Avalugg|Sturdy\n|-damage|p2a: Avalugg|1/317\n|move|p2a: Avalugg|Stone Edge|p1a: Meloetta|[miss]\n|-miss|p2a: Avalugg|p1a: Meloetta\n|\n|-weather|none\n|-fieldend|move: Electric Terrain\n|upkeep\n|turn|15\n|inactive|Time left: 300 sec this turn | 300 sec total\n|\n|t:|1783549424\n|move|p1a: Meloetta|Hyper Voice|p2a: Avalugg\n|-resisted|p2a: Avalugg\n|-damage|p2a: Avalugg|0 fnt\n|faint|p2a: Avalugg\n|\n|upkeep\n|inactive|Time left: 300 sec this turn | 300 sec total | 5 sec grace\n|\n|t:|1783549425\n|switch|p2a: Ogerpon|Ogerpon-Hearthflame, L74, F|239/239\n|-ability|p2a: Ogerpon|Mold Breaker\n|turn|16\n|inactive|Time left: 300 sec this turn | 300 sec total\n|\n|t:|1783549426\n|switch|p1a: Toucannon|Toucannon, L88, F|100/100\n|move|p2a: Ogerpon|Swords Dance|p2a: Ogerpon\n|-boost|p2a: Ogerpon|atk|2\n|\n|upkeep\n|turn|17\n|inactive|Time left: 300 sec this turn | 300 sec total\n|\n|t:|1783549427\n|-singleturn|p1a: Toucannon|move: Beak Blast\n|move|p2a: Ogerpon|Ivy Cudgel|p1a: Toucannon|[anim] Ivy Cudgel Fire\n|-crit|p1a: Toucannon\n|-damage|p1a: Toucannon|0 fnt\n|faint|p1a: Toucannon\n|\n|upkeep\n|\n|t:|1783549428\n|switch|p1a: Plusle|Plusle, L95, M|100/100\n|turn|18\n|inactive|Time left: 300 sec this turn | 300 sec total\n|\n|t:|1783549429\n|move|p1a: Plusle|Thunderbolt|p2a: Ogerpon\n|-resisted|p2a: Ogerpon\n|-damage|p2a: Ogerpon|160/239\n|-damage|p1a: Plusle|91/100|[from] item: Life Orb\n|move|p2a: Ogerpon|Ivy Cudgel|p1a: Plusle|[anim] Ivy Cudgel Fire\n|-damage|p1a: Plusle|0 fnt\n|faint|p1a: Plusle\n|\n|upkeep\n|\n|t:|1783549430\n|switch|p1a: Meloetta|Meloetta, L82, tera:Psychic|100/100\n|turn|19\n|inactive|Time left: 300 sec this turn | 300 sec total\n|\n|t:|1783549431\n|move|p2a: Ogerpon|Horn Leech|p1a: Meloetta\n|-damage|p1a: Meloetta|31/100\n|-heal|p2a: Ogerpon|239/239|[from] drain|[of] p1a: Meloetta\n|move|p1a: Meloetta|Hyper Voice|p2a: Ogerpon\n|-damage|p2a: Ogerpon|119/239\n|\n|-heal|p1a: Meloetta|37/100|[from] item: Leftovers\n|upkeep\n|turn|20\n|inactive|Time left: 300 sec this turn | 300 sec total\n|\n|t:|1783549432\n|move|p2a: Ogerpon|Horn Leech|p1a: Meloetta\n|-damage|p1a: Meloetta|0 fnt\n|-heal|p2a: Ogerpon|173/239|[from] drain|[of] p1a: Meloetta\n|faint|p1a: Meloetta\n|\n|win|p0y8857448", "uploadtime": 1783549432, "views": 0, "rating": 0, "private": 0, "password": null, "_winner": "p0y8857448", "_our_name": "p0y8857448"}