{"id": "battle-gen9randombattle-1137", "formatid": "gen9randombattle", "format": "[Gen 9] Random Battle", "players": ["p0x11379caf", "p0y11370736"], "log": "|init|battle\n|title|p0x11379caf vs. p0y11370736\n|j|\u2606p0x11379caf\n|j|\u2606p0y11370736\n|t:|1783552320\n|gametype|singles\n|player|p1|p0x11379caf|101|\n|player|p2|p0y11370736|2|\n|gen|9\n|tier|[Gen 9] Random Battle\n|rule|Species Clause: Limit one of each Pok\u00e9mon\n|rule|HP Percentage Mod: HP is shown in percentages\n|rule|Sleep Clause Mod: Limit one foe put to sleep\n|rule|Illusion Level Mod: Illusion disguises the Pok\u00e9mon's true level\n|\n|t:|1783552320\n|teamsize|p1|6\n|teamsize|p2|6\n|start\n|switch|p1a: Klefki|Klefki, L84, F|233/233\n|switch|p2a: Thundurus|Thundurus-Therian, L80, M|100/100\n|turn|1\n|inactive|Battle timer is ON: inactive players will automatically lose when time's up. (requested by p0y11370736)\n|inactive|Time left: 300 sec this turn | 300 sec total | 60 sec grace\n|inactive|p0x11379caf also wants the timer to be on.\n|\n|t:|1783552322\n|move|p2a: Thundurus|Thunderbolt|p1a: Klefki\n|-damage|p1a: Klefki|46/233\n|move|p1a: Klefki|Play Rough|p2a: Thundurus\n|-damage|p2a: Thundurus|61/100\n|\n|-heal|p1a: Klefki|60/233|[from] item: Leftovers\n|upkeep\n|turn|2\n|inactive|Time left: 300 sec this turn | 300 sec total\n|\n|t:|1783552323\n|move|p1a: Klefki|Spikes|p2a: Thundurus\n|-sidestart|p2: p0y11370736|Spikes\n|move|p2a: Thundurus|Thunderbolt|p1a: Klefki\n|-damage|p1a: Klefki|0 fnt\n|faint|p1a: Klefki\n|\n|upkeep\n|inactive|Time left: 300 sec this turn | 300 sec total | 5 sec grace\n|\n|t:|1783552324\n|switch|p1a: Hatterene|Hatterene, L85, F|236/236\n|turn|3\n|inactive|Time left: 300 sec this turn | 300 sec total\n|\n|t:|1783552326\n|move|p2a: Thundurus|Thunderbolt|p1a: Hatterene\n|-damage|p1a: Hatterene|82/236\n|move|p1a: Hatterene|Psychic|p2a: Thundurus\n|-crit|p2a: Thundurus\n|-damage|p2a: Thundurus|0 fnt\n|faint|p2a: Thundurus\n|\n|-heal|p1a: Hatterene|96/236|[from] item: Leftovers\n|upkeep\n|\n|t:|1783552327\n|switch|p2a: Entei|Entei, L78|100/100\n|-damage|p2a: Entei|88/100|[from] Spikes\n|turn|4\n|inactive|Time left: 300 sec this turn | 300 sec total\n|\n|t:|1783552328\n|switch|p1a: Okidogi|Okidogi, L77, M|262/262\n|move|p2a: Entei|Sacred Fire|p1a: Okidogi\n|-damage|p1a: Okidogi|124/262\n|\n|-heal|p1a: Okidogi|140/262|[from] item: Leftovers\n|upkeep\n|turn|5\n|inactive|Time left: 300 sec this turn | 300 sec total\n|\n|t:|1783552329\n|move|p2a: Entei|Sacred Fire|p1a: Okidogi\n|-damage|p1a: Okidogi|8/262\n|move|p1a: Okidogi|Drain Punch|p2a: Entei\n|-damage|p2a: Entei|56/100\n|-heal|p1a: Okidogi|58/262|[from] drain|[of] p2a: Entei\n|-status|p2a: Entei|tox|[from] ability: Toxic Chain|[of] p1a: Okidogi\n|\n|-heal|p1a: Okidogi|74/262|[from] item: Leftovers\n|-damage|p2a: Entei|49/100 tox|[from] psn\n|upkeep\n|turn|6\n|inactive|Time left: 300 sec this turn | 300 sec total\n|\n|t:|1783552331\n|move|p2a: Entei|Sacred Fire|p1a: Okidogi\n|-damage|p1a: Okidogi|0 fnt\n|faint|p1a: Okidogi\n|\n|-damage|p2a: Entei|37/100 tox|[from] psn\n|upkeep\n|inactive|Time left: 300 sec this turn | 300 sec total | 5 sec grace\n|\n|t:|1783552332\n|switch|p1a: Koraidon|Koraidon, L64|235/235\n|-weather|SunnyDay|[from] ability: Orichalcum Pulse|[of] p1a: Koraidon\n|-activate|p1a: Koraidon|Orichalcum Pulse|[source]\n|turn|7\n|inactive|Time left: 300 sec this turn | 300 sec total\n|\n|t:|1783552333\n|move|p1a: Koraidon|Collision Course|p2a: Entei\n|-damage|p2a: Entei|0 fnt\n|faint|p2a: Entei\n|\n|-weather|SunnyDay|[upkeep]\n|upkeep\n|\n|t:|1783552334\n|switch|p2a: Reuniclus|Reuniclus, L88, F|100/100\n|turn|8\n|inactive|Time left: 300 sec this turn | 300 sec total\n|\n|t:|1783552335\n|switch|p1a: Skuntank|Skuntank, L84, F|310/310\n|move|p2a: Reuniclus|Psychic|p1a: Skuntank\n|-immune|p1a: Skuntank\n|\n|-weather|SunnyDay|[upkeep]\n|upkeep\n|turn|9\n|inactive|Time left: 300 sec this turn | 300 sec total\n|\n|t:|1783552336\n|switch|p2a: Moltres|Moltres, L81|100/100\n|move|p1a: Skuntank|Knock Off|p2a: Moltres\n|-damage|p2a: Moltres|53/100\n|-enditem|p2a: Moltres|Heavy-Duty Boots|[from] move: Knock Off|[of] p1a: Skuntank\n|-damage|p1a: Skuntank|279/310|[from] item: Life Orb\n|\n|-weather|SunnyDay|[upkeep]\n|upkeep\n|turn|10\n|inactive|Time left: 300 sec this turn | 300 sec total\n|\n|t:|1783552337\n|move|p2a: Moltres|Fire Blast|p1a: Skuntank\n|-damage|p1a: Skuntank|17/310\n|move|p1a: Skuntank|Gunk Shot|p2a: Moltres\n|-crit|p2a: Moltres\n|-damage|p2a: Moltres|0 fnt\n|faint|p2a: Moltres\n|-damage|p1a: Skuntank|0 fnt|[from] item: Life Orb\n|faint|p1a: Skuntank\n|\n|-weather|SunnyDay|[upkeep]\n|upkeep\n|inactive|Time left: 300 sec this turn | 300 sec total | 5 sec grace\n|\n|t:|1783552338\n|switch|p2a: Reuniclus|Reuniclus, L88, F|100/100\n|switch|p1a: Spidops|Spidops, L96, M|271/271\n|turn|11\n|inactive|Time left: 300 sec this turn | 300 sec total\n|\n|t:|1783552339\n|move|p1a: Spidops|Sticky Web|p2a: Reuniclus\n|-sidestart|p2: p0y11370736|move: Sticky Web\n|move|p2a: Reuniclus|Psychic|p1a: Spidops\n|-damage|p1a: Spidops|115/271\n|\n|-weather|none\n|upkeep\n|turn|12\n|inactive|Time left: 300 sec this turn | 300 sec total\n|\n|t:|1783552340\n|move|p2a: Reuniclus|Psychic|p1a: Spidops\n|-crit|p1a: Spidops\n|-damage|p1a: Spidops|0 fnt\n|faint|p1a: Spidops\n|\n|upkeep\n|inactive|Time left: 300 sec this turn | 300 sec total | 5 sec grace\n|\n|t:|1783552341\n|switch|p1a: Hatterene|Hatterene, L85, F|96/236\n|turn|13\n|inactive|Time left: 300 sec this turn | 300 sec total\n|\n|t:|1783552342\n|move|p2a: Reuniclus|Psychic|p1a: Hatterene\n|-resisted|p1a: Hatterene\n|-damage|p1a: Hatterene|30/236\n|move|p1a: Hatterene|Mystical Fire|p2a: Reuniclus\n|-damage|p2a: Reuniclus|79/100\n|-unboost|p2a: Reuniclus|spa|1\n|\n|-heal|p1a: Hatterene|44/236|[from] item: Leftovers\n|upkeep\n|turn|14\n|inactive|Time left: 300 sec this turn | 300 sec total\n|\n|t:|1783552343\n|move|p2a: Reuniclus|Psychic|p1a: Hatterene\n|-resisted|p1a: Hatterene\n|-damage|p1a: Hatterene|0 fnt\n|faint|p1a: Hatterene\n|\n|upkeep\n|inactive|Time left: 300 sec this turn | 300 sec total | 5 sec grace\n|\n|t:|1783552344\n|switch|p1a: Koraidon|Koraidon, L64|235/235\n|-weather|SunnyDay|[from] ability: Orichalcum Pulse|[of] p1a: Koraidon\n|-activate|p1a: Koraidon|Orichalcum Pulse|[source]\n|turn|15\n|inactive|Time left: 300 sec this turn | 300 sec total\n|\n|t:|1783552345\n|-terastallize|p1a: Koraidon|Fire\n|move|p1a: Koraidon|Swords Dance|p1a: Koraidon\n|-boost|p1a: Koraidon|atk|2\n|move|p2a: Reuniclus|Psychic|p1a: Koraidon\n|-damage|p1a: Koraidon|110/235\n|\n|-weather|SunnyDay|[upkeep]\n|upkeep\n|turn|16\n|inactive|Time left: 300 sec this turn | 300 sec total\n|\n|t:|1783552346\n|move|p1a: Koraidon|Flare Blitz|p2a: Reuniclus\n|-damage|p2a: Reuniclus|0 fnt\n|faint|p2a: Reuniclus\n|-damage|p1a: Koraidon|22/235|[from] Recoil\n|\n|-weather|SunnyDay|[upkeep]\n|upkeep\n|\n|t:|1783552347\n|switch|p2a: Poliwrath|Poliwrath, L88, M|100/100\n|-damage|p2a: Poliwrath|88/100|[from] Spikes\n|-activate|p2a: Poliwrath|move: Sticky Web\n|-unboost|p2a: Poliwrath|spe|1\n|turn|17\n|inactive|Time left: 300 sec this turn | 300 sec total\n|\n|t:|1783552348\n|move|p1a: Koraidon|Collision Course|p2a: Poliwrath\n|-damage|p2a: Poliwrath|27/100\n|move|p2a: Poliwrath|Drain Punch|p1a: Koraidon\n|-damage|p1a: Koraidon|0 fnt\n|-heal|p2a: Poliwrath|30/100|[from] drain|[of] p1a: Koraidon\n|faint|p1a: Koraidon\n|\n|win|p0y11370736", "uploadtime": 1783552348, "views": 0, "rating": 0, "private": 0, "password": null, "_winner": "p0y11370736", "_our_name": "p0x11379caf"}