{"id": "battle-gen9randombattle-71", "formatid": "gen9randombattle", "format": "[Gen 9] Random Battle", "players": ["p0x0716f68", "p0y0716bcf"], "log": "|init|battle\n|title|p0x0716f68 vs. p0y0716bcf\n|j|\u2606p0x0716f68\n|j|\u2606p0y0716bcf\n|t:|1783540283\n|gametype|singles\n|player|p1|p0x0716f68|1|\n|player|p2|p0y0716bcf|265|\n|gen|9\n|tier|[Gen 9] Random Battle\n|rule|Species Clause: Limit one of each Pok\u00e9mon\n|rule|HP Percentage Mod: HP is shown in percentages\n|rule|Sleep Clause Mod: Limit one foe put to sleep\n|rule|Illusion Level Mod: Illusion disguises the Pok\u00e9mon's true level\n|\n|t:|1783540283\n|teamsize|p1|6\n|teamsize|p2|6\n|start\n|switch|p1a: Snorlax|Snorlax, L82, M|397/397\n|switch|p2a: Oinkologne|Oinkologne, L92, M|100/100\n|turn|1\n|inactive|Battle timer is ON: inactive players will automatically lose when time's up. (requested by p0x0716f68)\n|\n|t:|1783540285\n|move|p2a: Oinkologne|Body Slam|p1a: Snorlax\n|-damage|p1a: Snorlax|250/397\n|move|p1a: Snorlax|Curse|p1a: Snorlax\n|-unboost|p1a: Snorlax|spe|1\n|-boost|p1a: Snorlax|atk|1\n|-boost|p1a: Snorlax|def|1\n|\n|upkeep\n|turn|2\n|inactive|Time left: 300 sec this turn | 300 sec total\n|inactive|p0y0716bcf also wants the timer to be on.\n|\n|t:|1783540286\n|move|p2a: Oinkologne|Body Slam|p1a: Snorlax\n|-damage|p1a: Snorlax|156/397\n|move|p1a: Snorlax|Body Slam|p2a: Oinkologne\n|-damage|p2a: Oinkologne|57/100\n|\n|-heal|p2a: Oinkologne|63/100|[from] item: Leftovers\n|upkeep\n|turn|3\n|inactive|Time left: 300 sec this turn | 300 sec total\n|\n|t:|1783540287\n|move|p2a: Oinkologne|Body Slam|p1a: Snorlax\n|-damage|p1a: Snorlax|59/397\n|-status|p1a: Snorlax|par\n|move|p1a: Snorlax|Rest|p1a: Snorlax\n|-status|p1a: Snorlax|slp|[from] move: Rest\n|-heal|p1a: Snorlax|397/397 slp|[silent]\n|-enditem|p1a: Snorlax|Chesto Berry|[eat]\n|-curestatus|p1a: Snorlax|slp|[msg]\n|\n|-heal|p2a: Oinkologne|69/100|[from] item: Leftovers\n|upkeep\n|turn|4\n|inactive|Time left: 300 sec this turn | 300 sec total\n|\n|t:|1783540288\n|move|p2a: Oinkologne|Body Slam|p1a: Snorlax\n|-damage|p1a: Snorlax|297/397\n|-status|p1a: Snorlax|par\n|move|p1a: Snorlax|Body Slam|p2a: Oinkologne\n|-crit|p2a: Oinkologne\n|-damage|p2a: Oinkologne|5/100\n|-status|p2a: Oinkologne|par\n|\n|-heal|p2a: Oinkologne|11/100 par|[from] item: Leftovers\n|upkeep\n|turn|5\n|inactive|Time left: 300 sec this turn | 300 sec total\n|\n|t:|1783540290\n|move|p2a: Oinkologne|Lash Out|p1a: Snorlax\n|-damage|p1a: Snorlax|246/397 par\n|cant|p1a: Snorlax|par\n|\n|-heal|p2a: Oinkologne|18/100 par|[from] item: Leftovers\n|upkeep\n|turn|6\n|inactive|Time left: 300 sec this turn | 300 sec total\n|\n|t:|1783540291\n|cant|p2a: Oinkologne|par\n|cant|p1a: Snorlax|par\n|\n|-heal|p2a: Oinkologne|24/100 par|[from] item: Leftovers\n|upkeep\n|turn|7\n|inactive|Time left: 300 sec this turn | 300 sec total\n|\n|t:|1783540292\n|move|p2a: Oinkologne|Curse|p2a: Oinkologne\n|-unboost|p2a: Oinkologne|spe|1\n|-boost|p2a: Oinkologne|atk|1\n|-boost|p2a: Oinkologne|def|1\n|move|p1a: Snorlax|Body Slam|p2a: Oinkologne\n|-damage|p2a: Oinkologne|0 fnt\n|faint|p2a: Oinkologne\n|\n|upkeep\n|\n|t:|1783540293\n|switch|p2a: Mudsdale|Mudsdale, L83, M|100/100\n|turn|8\n|inactive|Time left: 300 sec this turn | 300 sec total\n|\n|t:|1783540294\n|move|p2a: Mudsdale|Stealth Rock|p1a: Snorlax\n|-sidestart|p1: p0x0716f68|move: Stealth Rock\n|cant|p1a: Snorlax|par\n|\n|upkeep\n|turn|9\n|inactive|Time left: 300 sec this turn | 300 sec total\n|\n|t:|1783540295\n|move|p2a: Mudsdale|Earthquake|p1a: Snorlax\n|-damage|p1a: Snorlax|129/397 par\n|move|p1a: Snorlax|Rest|p1a: Snorlax\n|-status|p1a: Snorlax|slp|[from] move: Rest\n|-heal|p1a: Snorlax|397/397 slp|[silent]\n|\n|upkeep\n|turn|10\n|inactive|Time left: 300 sec this turn | 300 sec total\n|\n|t:|1783540296\n|switch|p1a: Gyarados|Gyarados, L79, F|280/280\n|-ability|p1a: Gyarados|Intimidate|boost\n|-unboost|p2a: Mudsdale|atk|1\n|move|p2a: Mudsdale|Earthquake|p1a: Gyarados\n|-immune|p1a: Gyarados\n|\n|upkeep\n|turn|11\n|inactive|Time left: 300 sec this turn | 300 sec total\n|\n|t:|1783540298\n|switch|p2a: Arbok|Arbok, L87, F|100/100\n|-ability|p2a: Arbok|Intimidate|boost\n|-unboost|p1a: Gyarados|atk|1\n|move|p1a: Gyarados|Dragon Dance|p1a: Gyarados\n|-boost|p1a: Gyarados|atk|1\n|-boost|p1a: Gyarados|spe|1\n|\n|upkeep\n|turn|12\n|inactive|Time left: 300 sec this turn | 300 sec total\n|\n|t:|1783540299\n|switch|p2a: Noctowl|Noctowl, L95, M|100/100\n|move|p1a: Gyarados|Dragon Dance|p1a: Gyarados\n|-boost|p1a: Gyarados|atk|1\n|-boost|p1a: Gyarados|spe|1\n|\n|upkeep\n|turn|13\n|inactive|Time left: 300 sec this turn | 300 sec total\n|\n|t:|1783540300\n|move|p1a: Gyarados|Waterfall|p2a: Noctowl\n|-damage|p2a: Noctowl|50/100\n|move|p2a: Noctowl|Hurricane|p1a: Gyarados\n|-damage|p1a: Gyarados|151/280\n|-start|p1a: Gyarados|confusion\n|\n|upkeep\n|turn|14\n|inactive|Time left: 300 sec this turn | 300 sec total\n|\n|t:|1783540301\n|-activate|p1a: Gyarados|confusion\n|-damage|p1a: Gyarados|102/280|[from] confusion\n|move|p2a: Noctowl|Hyper Voice|p1a: Gyarados\n|-damage|p1a: Gyarados|2/280\n|\n|upkeep\n|turn|15\n|inactive|Time left: 300 sec this turn | 300 sec total\n|\n|t:|1783540302\n|-activate|p1a: Gyarados|confusion\n|-damage|p1a: Gyarados|0 fnt|[from] confusion\n|faint|p1a: Gyarados\n|move|p2a: Noctowl|Roost|p2a: Noctowl\n|-heal|p2a: Noctowl|100/100\n|-singleturn|p2a: Noctowl|move: Roost\n|\n|upkeep\n|inactive|Time left: 300 sec this turn | 300 sec total | 5 sec grace\n|\n|t:|1783540303\n|switch|p1a: Iron Treads|Iron Treads, L77|265/265\n|-damage|p1a: Iron Treads|257/265|[from] Stealth Rock\n|turn|16\n|inactive|Time left: 300 sec this turn | 300 sec total\n|\n|t:|1783540304\n|move|p1a: Iron Treads|Rapid Spin|p2a: Noctowl\n|-damage|p2a: Noctowl|87/100\n|-boost|p1a: Iron Treads|spe|1\n|-sideend|p1: p0x0716f68|Stealth Rock|[from] move: Rapid Spin|[of] p1a: Iron Treads\n|move|p2a: Noctowl|Nasty Plot|p2a: Noctowl\n|-boost|p2a: Noctowl|spa|2\n|\n|-heal|p1a: Iron Treads|265/265|[from] item: Leftovers\n|upkeep\n|turn|17\n|inactive|Time left: 300 sec this turn | 300 sec total\n|\n|t:|1783540305\n|move|p1a: Iron Treads|Iron Head|p2a: Noctowl\n|-damage|p2a: Noctowl|56/100\n|cant|p2a: Noctowl|flinch\n|\n|upkeep\n|turn|18\n|inactive|Time left: 300 sec this turn | 300 sec total\n|\n|t:|1783540306\n|move|p1a: Iron Treads|Iron Head|p2a: Noctowl\n|-damage|p2a: Noctowl|27/100\n|move|p2a: Noctowl|Hyper Voice|p1a: Iron Treads\n|-resisted|p1a: Iron Treads\n|-damage|p1a: Iron Treads|0 fnt\n|faint|p1a: Iron Treads\n|-end|p1a: Iron Treads|Quark Drive|[silent]\n|\n|upkeep\n|inactive|Time left: 300 sec this turn | 300 sec total | 5 sec grace\n|\n|t:|1783540307\n|switch|p1a: Inteleon|Inteleon, L81, F|246/246\n|turn|19\n|inactive|Time left: 300 sec this turn | 300 sec total\n|\n|t:|1783540308\n|move|p1a: Inteleon|Scald|p2a: Noctowl\n|-damage|p2a: Noctowl|0 fnt\n|faint|p2a: Noctowl\n|\n|upkeep\n|\n|t:|1783540309\n|switch|p2a: Regieleki|Regieleki, L79|100/100\n|turn|20\n|inactive|Time left: 300 sec this turn | 300 sec total\n|\n|t:|1783540310\n|switch|p1a: Jirachi|Jirachi, L80|291/291\n|move|p2a: Regieleki|Thunderbolt|p1a: Jirachi\n|-damage|p1a: Jirachi|212/291\n|\n|upkeep\n|turn|21\n|inactive|Time left: 300 sec this turn | 300 sec total\n|\n|t:|1783540311\n|move|p2a: Regieleki|Volt Switch|p1a: Jirachi\n|-crit|p1a: Jirachi\n|-damage|p1a: Jirachi|107/291\n|\n|t:|1783540312\n|switch|p2a: Mudsdale|Mudsdale, L83, M|100/100|[from] Volt Switch\n|move|p1a: Jirachi|Iron Head|p2a: Mudsdale\n|-damage|p2a: Mudsdale|77/100\n|-ability|p2a: Mudsdale|Stamina|boost\n|-boost|p2a: Mudsdale|def|1\n|\n|-heal|p2a: Mudsdale|83/100|[from] item: Leftovers\n|upkeep\n|turn|22\n|inactive|Time left: 300 sec this turn | 300 sec total\n|\n|t:|1783540313\n|switch|p1a: Inteleon|Inteleon, L81, F|246/246\n|move|p2a: Mudsdale|Earthquake|p1a: Inteleon\n|-damage|p1a: Inteleon|90/246\n|\n|-heal|p2a: Mudsdale|89/100|[from] item: Leftovers\n|upkeep\n|turn|23\n|inactive|Time left: 300 sec this turn | 300 sec total\n|\n|t:|1783540314\n|-terastallize|p2a: Mudsdale|Steel\n|move|p1a: Inteleon|Scald|p2a: Mudsdale\n|-damage|p2a: Mudsdale|39/100\n|-status|p2a: Mudsdale|brn\n|-ability|p2a: Mudsdale|Stamina|boost\n|-boost|p2a: Mudsdale|def|1\n|move|p2a: Mudsdale|Earthquake|p1a: Inteleon\n|-damage|p1a: Inteleon|1/246\n|\n|-heal|p2a: Mudsdale|45/100 brn|[from] item: Leftovers\n|-damage|p2a: Mudsdale|39/100 brn|[from] brn\n|upkeep\n|turn|24\n|inactive|Time left: 300 sec this turn | 300 sec total\n|\n|t:|1783540315\n|move|p1a: Inteleon|Scald|p2a: Mudsdale\n|-crit|p2a: Mudsdale\n|-damage|p2a: Mudsdale|0 fnt\n|faint|p2a: Mudsdale\n|\n|upkeep\n|\n|t:|1783540316\n|switch|p2a: Regieleki|Regieleki, L79|100/100\n|turn|25\n|inactive|Time left: 300 sec this turn | 300 sec total\n|\n|t:|1783540317\n|move|p2a: Regieleki|Thunderbolt|p1a: Inteleon\n|-supereffective|p1a: Inteleon\n|-damage|p1a: Inteleon|0 fnt\n|faint|p1a: Inteleon\n|\n|upkeep\n|inactive|Time left: 300 sec this turn | 300 sec total | 5 sec grace\n|\n|t:|1783540318\n|switch|p1a: Passimian|Passimian, L83, M|302/302\n|turn|26\n|inactive|Time left: 300 sec this turn | 300 sec total\n|\n|t:|1783540319\n|move|p2a: Regieleki|Thunderbolt|p1a: Passimian\n|-damage|p1a: Passimian|110/302\n|move|p1a: Passimian|Drain Punch|p2a: Regieleki\n|-damage|p2a: Regieleki|46/100\n|-heal|p1a: Passimian|180/302|[from] drain|[of] p2a: Regieleki\n|\n|-heal|p1a: Passimian|198/302|[from] item: Leftovers\n|upkeep\n|turn|27\n|inactive|Time left: 300 sec this turn | 300 sec total\n|\n|t:|1783540320\n|move|p2a: Regieleki|Volt Switch|p1a: Passimian\n|-damage|p1a: Passimian|60/302\n|\n|t:|1783540321\n|switch|p2a: Ho-Oh|Ho-Oh, L71|100/100|[from] Volt Switch\n|move|p1a: Passimian|Drain Punch|p2a: Ho-Oh\n|-resisted|p2a: Ho-Oh\n|-crit|p2a: Ho-Oh\n|-damage|p2a: Ho-Oh|68/100\n|-heal|p1a: Passimian|104/302|[from] drain|[of] p2a: Ho-Oh\n|\n|-heal|p1a: Passimian|122/302|[from] item: Leftovers\n|upkeep\n|turn|28\n|inactive|Time left: 300 sec this turn | 300 sec total\n|\n|t:|1783540322\n|-terastallize|p1a: Passimian|Dark\n|move|p1a: Passimian|Bulk Up|p1a: Passimian\n|-boost|p1a: Passimian|atk|1\n|-boost|p1a: Passimian|def|1\n|move|p2a: Ho-Oh|Brave Bird|p1a: Passimian\n|-damage|p1a: Passimian|49/302\n|-damage|p2a: Ho-Oh|59/100|[from] Recoil\n|\n|-heal|p1a: Passimian|67/302|[from] item: Leftovers\n|upkeep\n|turn|29\n|inactive|Time left: 300 sec this turn | 300 sec total\n|\n|t:|1783540323\n|move|p1a: Passimian|Drain Punch|p2a: Ho-Oh\n|-resisted|p2a: Ho-Oh\n|-crit|p2a: Ho-Oh\n|-damage|p2a: Ho-Oh|14/100\n|-heal|p1a: Passimian|127/302|[from] drain|[of] p2a: Ho-Oh\n|move|p2a: Ho-Oh|Sacred Fire|p1a: Passimian\n|-damage|p1a: Passimian|57/302\n|\n|-heal|p1a: Passimian|75/302|[from] item: Leftovers\n|upkeep\n|turn|30\n|inactive|Time left: 300 sec this turn | 300 sec total\n|\n|t:|1783540325\n|move|p1a: Passimian|Bulk Up|p1a: Passimian\n|-boost|p1a: Passimian|atk|1\n|-boost|p1a: Passimian|def|1\n|move|p2a: Ho-Oh|Sacred Fire|p1a: Passimian\n|-damage|p1a: Passimian|29/302\n|\n|-heal|p1a: Passimian|47/302|[from] item: Leftovers\n|upkeep\n|turn|31\n|inactive|Time left: 300 sec this turn | 300 sec total\n|\n|t:|1783540326\n|move|p1a: Passimian|Knock Off|p2a: Ho-Oh\n|-crit|p2a: Ho-Oh\n|-damage|p2a: Ho-Oh|0 fnt\n|-enditem|p2a: Ho-Oh|Heavy-Duty Boots|[from] move: Knock Off|[of] p1a: Passimian\n|faint|p2a: Ho-Oh\n|\n|-heal|p1a: Passimian|65/302|[from] item: Leftovers\n|upkeep\n|\n|t:|1783540327\n|switch|p2a: Regieleki|Regieleki, L79|46/100\n|turn|32\n|inactive|Time left: 300 sec this turn | 300 sec total\n|\n|t:|1783540328\n|switch|p1a: Jirachi|Jirachi, L80|107/291\n|move|p2a: Regieleki|Thunderbolt|p1a: Jirachi\n|-damage|p1a: Jirachi|26/291\n|\n|upkeep\n|turn|33\n|inactive|Time left: 300 sec this turn | 300 sec total\n|\n|t:|1783540329\n|switch|p1a: Snorlax|Snorlax, L82, M|397/397 slp\n|move|p2a: Regieleki|Thunderbolt|p1a: Snorlax\n|-damage|p1a: Snorlax|282/397 slp\n|\n|upkeep\n|turn|34\n|inactive|Time left: 300 sec this turn | 300 sec total\n|\n|t:|1783540330\n|move|p2a: Regieleki|Thunderbolt|p1a: Snorlax\n|-damage|p1a: Snorlax|162/397 slp\n|cant|p1a: Snorlax|slp\n|\n|upkeep\n|turn|35\n|inactive|Time left: 300 sec this turn | 300 sec total\n|\n|t:|1783540331\n|move|p2a: Regieleki|Thunderbolt|p1a: Snorlax\n|-damage|p1a: Snorlax|38/397 slp\n|cant|p1a: Snorlax|slp\n|\n|upkeep\n|turn|36\n|inactive|Time left: 300 sec this turn | 300 sec total\n|\n|t:|1783540332\n|move|p2a: Regieleki|Thunderbolt|p1a: Snorlax\n|-damage|p1a: Snorlax|0 fnt\n|faint|p1a: Snorlax\n|\n|upkeep\n|inactive|Time left: 300 sec this turn | 300 sec total | 5 sec grace\n|\n|t:|1783540333\n|switch|p1a: Jirachi|Jirachi, L80|26/291\n|turn|37\n|inactive|Time left: 300 sec this turn | 300 sec total\n|\n|t:|1783540334\n|switch|p1a: Passimian|Passimian, L83, M, tera:Dark|65/302\n|move|p2a: Regieleki|Thunderbolt|p1a: Passimian\n|-damage|p1a: Passimian|0 fnt\n|faint|p1a: Passimian\n|\n|upkeep\n|inactive|Time left: 300 sec this turn | 300 sec total | 5 sec grace\n|\n|t:|1783540335\n|switch|p1a: Jirachi|Jirachi, L80|26/291\n|turn|38\n|inactive|Time left: 300 sec this turn | 300 sec total\n|\n|t:|1783540335\n|move|p2a: Regieleki|Thunderbolt|p1a: Jirachi\n|-damage|p1a: Jirachi|0 fnt\n|faint|p1a: Jirachi\n|\n|win|p0y0716bcf", "uploadtime": 1783540335, "views": 0, "rating": 0, "private": 0, "password": null, "_winner": "p0y0716bcf", "_our_name": "p0x0716f68"}