{"id": "battle-gen9randombattle-2060", "formatid": "gen9randombattle", "format": "[Gen 9] Random Battle", "players": ["p0x2060423c", "p0y20603dc2"], "log": "|init|battle\n|title|p0x2060423c vs. p0y20603dc2\n|j|\u2606p0x2060423c\n|j|\u2606p0y20603dc2\n|t:|1783563868\n|gametype|singles\n|player|p1|p0x2060423c|102|\n|player|p2|p0y20603dc2|169|\n|gen|9\n|tier|[Gen 9] Random Battle\n|rule|Species Clause: Limit one of each Pok\u00e9mon\n|rule|HP Percentage Mod: HP is shown in percentages\n|rule|Sleep Clause Mod: Limit one foe put to sleep\n|rule|Illusion Level Mod: Illusion disguises the Pok\u00e9mon's true level\n|\n|t:|1783563868\n|teamsize|p1|6\n|teamsize|p2|6\n|start\n|switch|p1a: Espathra|Espathra, L80, F|283/283\n|switch|p2a: Umbreon|Umbreon, L84, M|100/100\n|turn|1\n|inactive|Battle timer is ON: inactive players will automatically lose when time's up. (requested by p0y20603dc2)\n|inactive|Time left: 300 sec this turn | 300 sec total | 60 sec grace\n|inactive|p0x2060423c also wants the timer to be on.\n|\n|t:|1783563869\n|move|p1a: Espathra|Calm Mind|p1a: Espathra\n|-boost|p1a: Espathra|spa|1\n|-boost|p1a: Espathra|spd|1\n|move|p2a: Umbreon|Foul Play|p1a: Espathra\n|-supereffective|p1a: Espathra\n|-damage|p1a: Espathra|139/283\n|\n|-heal|p1a: Espathra|156/283|[from] item: Leftovers\n|-ability|p1a: Espathra|Speed Boost|boost\n|-boost|p1a: Espathra|spe|1\n|upkeep\n|turn|2\n|inactive|Time left: 300 sec this turn | 300 sec total\n|\n|t:|1783563870\n|move|p1a: Espathra|Calm Mind|p1a: Espathra\n|-boost|p1a: Espathra|spa|1\n|-boost|p1a: Espathra|spd|1\n|move|p2a: Umbreon|Foul Play|p1a: Espathra\n|-supereffective|p1a: Espathra\n|-damage|p1a: Espathra|24/283\n|\n|-heal|p1a: Espathra|41/283|[from] item: Leftovers\n|-ability|p1a: Espathra|Speed Boost|boost\n|-boost|p1a: Espathra|spe|1\n|upkeep\n|turn|3\n|inactive|Time left: 300 sec this turn | 300 sec total\n|\n|t:|1783563871\n|move|p1a: Espathra|Protect|p1a: Espathra\n|-singleturn|p1a: Espathra|Protect\n|move|p2a: Umbreon|Foul Play|p1a: Espathra\n|-activate|p1a: Espathra|move: Protect\n|\n|-heal|p1a: Espathra|58/283|[from] item: Leftovers\n|-ability|p1a: Espathra|Speed Boost|boost\n|-boost|p1a: Espathra|spe|1\n|upkeep\n|turn|4\n|inactive|Time left: 300 sec this turn | 300 sec total\n|\n|t:|1783563872\n|-terastallize|p1a: Espathra|Fairy\n|move|p1a: Espathra|Dazzling Gleam|p2a: Umbreon\n|-supereffective|p2a: Umbreon\n|-damage|p2a: Umbreon|24/100\n|move|p2a: Umbreon|Foul Play|p1a: Espathra\n|-resisted|p1a: Espathra\n|-damage|p1a: Espathra|28/283\n|\n|-heal|p1a: Espathra|45/283|[from] item: Leftovers\n|-heal|p2a: Umbreon|30/100|[from] item: Leftovers\n|-ability|p1a: Espathra|Speed Boost|boost\n|-boost|p1a: Espathra|spe|1\n|upkeep\n|turn|5\n|inactive|Time left: 300 sec this turn | 300 sec total\n|\n|t:|1783563873\n|move|p1a: Espathra|Dazzling Gleam|p2a: Umbreon\n|-supereffective|p2a: Umbreon\n|-damage|p2a: Umbreon|0 fnt\n|faint|p2a: Umbreon\n|\n|-heal|p1a: Espathra|62/283|[from] item: Leftovers\n|-ability|p1a: Espathra|Speed Boost|boost\n|-boost|p1a: Espathra|spe|1\n|upkeep\n|\n|t:|1783563874\n|switch|p2a: Entei|Entei, L78|100/100\n|turn|6\n|inactive|Time left: 300 sec this turn | 300 sec total\n|\n|t:|1783563875\n|move|p1a: Espathra|Protect|p1a: Espathra\n|-singleturn|p1a: Espathra|Protect\n|move|p2a: Entei|Extreme Speed|p1a: Espathra\n|-activate|p1a: Espathra|move: Protect\n|\n|-heal|p1a: Espathra|79/283|[from] item: Leftovers\n|-ability|p1a: Espathra|Speed Boost|boost\n|-boost|p1a: Espathra|spe|1\n|upkeep\n|turn|7\n|inactive|Time left: 300 sec this turn | 300 sec total\n|\n|t:|1783563876\n|move|p1a: Espathra|Protect||[still]\n|-fail|p1a: Espathra\n|move|p2a: Entei|Extreme Speed|p1a: Espathra\n|-damage|p1a: Espathra|0 fnt\n|faint|p1a: Espathra\n|\n|upkeep\n|inactive|Time left: 300 sec this turn | 300 sec total | 5 sec grace\n|\n|t:|1783563877\n|switch|p1a: Mabosstiff|Mabosstiff, L86, F|278/278\n|turn|8\n|inactive|Time left: 300 sec this turn | 300 sec total\n|\n|t:|1783563878\n|move|p2a: Entei|Extreme Speed|p1a: Mabosstiff\n|-damage|p1a: Mabosstiff|196/278\n|move|p1a: Mabosstiff|Crunch|p2a: Entei\n|-damage|p2a: Entei|46/100\n|\n|upkeep\n|turn|9\n|inactive|Time left: 300 sec this turn | 300 sec total\n|\n|t:|1783563879\n|move|p2a: Entei|Extreme Speed|p1a: Mabosstiff\n|-damage|p1a: Mabosstiff|112/278\n|move|p1a: Mabosstiff|Crunch|p2a: Entei\n|-damage|p2a: Entei|0 fnt\n|faint|p2a: Entei\n|\n|upkeep\n|\n|t:|1783563880\n|switch|p2a: Flutter Mane|Flutter Mane, L74|100/100\n|turn|10\n|inactive|Time left: 300 sec this turn | 300 sec total\n|\n|t:|1783563881\n|move|p2a: Flutter Mane|Moonblast|p1a: Mabosstiff\n|-supereffective|p1a: Mabosstiff\n|-damage|p1a: Mabosstiff|0 fnt\n|faint|p1a: Mabosstiff\n|\n|upkeep\n|inactive|Time left: 300 sec this turn | 300 sec total | 5 sec grace\n|\n|t:|1783563882\n|switch|p1a: Arceus|Arceus-Ground, L70|284/284\n|turn|11\n|inactive|Time left: 300 sec this turn | 300 sec total\n|\n|t:|1783563883\n|move|p2a: Flutter Mane|Moonblast|p1a: Arceus\n|-damage|p1a: Arceus|128/284\n|move|p1a: Arceus|Dragon Dance|p1a: Arceus\n|-boost|p1a: Arceus|atk|1\n|-boost|p1a: Arceus|spe|1\n|\n|upkeep\n|turn|12\n|inactive|Time left: 300 sec this turn | 300 sec total\n|\n|t:|1783563884\n|-end|p2a: Flutter Mane|Protosynthesis|[silent]\n|switch|p2a: Arbok|Arbok, L87, M|100/100\n|-ability|p2a: Arbok|Intimidate|boost\n|-unboost|p1a: Arceus|atk|1\n|move|p1a: Arceus|Earthquake|p2a: Arbok\n|-supereffective|p2a: Arbok\n|-damage|p2a: Arbok|8/100\n|\n|-heal|p2a: Arbok|14/100|[from] item: Leftovers\n|upkeep\n|turn|13\n|inactive|Time left: 300 sec this turn | 300 sec total\n|\n|t:|1783563885\n|switch|p2a: Kingdra|Kingdra, L84, F|100/100\n|move|p1a: Arceus|Recover|p1a: Arceus\n|-heal|p1a: Arceus|270/284\n|\n|upkeep\n|turn|14\n|inactive|Time left: 300 sec this turn | 300 sec total\n|\n|t:|1783563886\n|move|p1a: Arceus|Earthquake|p2a: Kingdra\n|-damage|p2a: Kingdra|60/100\n|move|p2a: Kingdra|Dragon Dance|p2a: Kingdra\n|-boost|p2a: Kingdra|atk|1\n|-boost|p2a: Kingdra|spe|1\n|\n|upkeep\n|turn|15\n|inactive|Time left: 300 sec this turn | 300 sec total\n|\n|t:|1783563887\n|move|p1a: Arceus|Earthquake|p2a: Kingdra\n|-damage|p2a: Kingdra|18/100\n|move|p2a: Kingdra|Dragon Dance|p2a: Kingdra\n|-boost|p2a: Kingdra|atk|1\n|-boost|p2a: Kingdra|spe|1\n|\n|upkeep\n|turn|16\n|inactive|Time left: 300 sec this turn | 300 sec total\n|\n|t:|1783563888\n|move|p2a: Kingdra|Waterfall|p1a: Arceus\n|-supereffective|p1a: Arceus\n|-damage|p1a: Arceus|0 fnt\n|faint|p1a: Arceus\n|\n|upkeep\n|inactive|Time left: 300 sec this turn | 300 sec total | 5 sec grace\n|\n|t:|1783563889\n|switch|p1a: Breloom|Breloom, L83, M|235/235\n|turn|17\n|inactive|Time left: 300 sec this turn | 300 sec total\n|\n|t:|1783563890\n|move|p1a: Breloom|Mach Punch|p2a: Kingdra\n|-damage|p2a: Kingdra|0 fnt\n|faint|p2a: Kingdra\n|-damage|p1a: Breloom|212/235|[from] item: Life Orb\n|\n|upkeep\n|\n|t:|1783563891\n|switch|p2a: Flutter Mane|Flutter Mane, L74|100/100\n|turn|18\n|inactive|Time left: 300 sec this turn | 300 sec total\n|\n|t:|1783563892\n|switch|p1a: Mew|Mew, L82|298/298\n|move|p2a: Flutter Mane|Moonblast|p1a: Mew\n|-damage|p1a: Mew|148/298\n|\n|upkeep\n|turn|19\n|inactive|Time left: 300 sec this turn | 300 sec total\n|\n|t:|1783563893\n|move|p2a: Flutter Mane|Moonblast|p1a: Mew\n|-damage|p1a: Mew|13/298\n|move|p1a: Mew|Swords Dance|p1a: Mew\n|-boost|p1a: Mew|atk|2\n|\n|upkeep\n|turn|20\n|inactive|Time left: 300 sec this turn | 300 sec total\n|\n|t:|1783563895\n|move|p2a: Flutter Mane|Moonblast|p1a: Mew\n|-damage|p1a: Mew|0 fnt\n|faint|p1a: Mew\n|\n|upkeep\n|inactive|Time left: 300 sec this turn | 300 sec total | 5 sec grace\n|\n|t:|1783563896\n|switch|p1a: Houndoom|Houndoom, L87, M|272/272\n|turn|21\n|inactive|Time left: 300 sec this turn | 300 sec total\n|\n|t:|1783563897\n|move|p2a: Flutter Mane|Moonblast|p1a: Houndoom\n|-damage|p1a: Houndoom|122/272\n|move|p1a: Houndoom|Fire Blast|p2a: Flutter Mane\n|-damage|p2a: Flutter Mane|44/100\n|\n|upkeep\n|turn|22\n|inactive|Time left: 300 sec this turn | 300 sec total\n|\n|t:|1783563898\n|-terastallize|p2a: Flutter Mane|Fairy\n|move|p1a: Houndoom|Sucker Punch|p2a: Flutter Mane\n|-resisted|p2a: Flutter Mane\n|-damage|p2a: Flutter Mane|16/100\n|move|p2a: Flutter Mane|Moonblast|p1a: Houndoom\n|-damage|p1a: Houndoom|0 fnt\n|faint|p1a: Houndoom\n|\n|upkeep\n|inactive|Time left: 300 sec this turn | 300 sec total | 5 sec grace\n|\n|t:|1783563899\n|switch|p1a: Breloom|Breloom, L83, M|212/235\n|turn|23\n|inactive|Time left: 300 sec this turn | 300 sec total\n|\n|t:|1783563900\n|move|p1a: Breloom|Mach Punch|p2a: Flutter Mane\n|-resisted|p2a: Flutter Mane\n|-damage|p2a: Flutter Mane|0 fnt\n|faint|p2a: Flutter Mane\n|-end|p2a: Flutter Mane|Protosynthesis|[silent]\n|-damage|p1a: Breloom|189/235|[from] item: Life Orb\n|\n|upkeep\n|\n|t:|1783563901\n|switch|p2a: Arbok|Arbok, L87, M|14/100\n|-ability|p2a: Arbok|Intimidate|boost\n|-unboost|p1a: Breloom|atk|1\n|turn|24\n|inactive|Time left: 300 sec this turn | 300 sec total\n|\n|t:|1783563902\n|move|p1a: Breloom|Mach Punch|p2a: Arbok\n|-resisted|p2a: Arbok\n|-damage|p2a: Arbok|0 fnt\n|faint|p2a: Arbok\n|-damage|p1a: Breloom|166/235|[from] item: Life Orb\n|\n|upkeep\n|\n|t:|1783563903\n|switch|p2a: Camerupt|Camerupt, L91, M|100/100\n|turn|25\n|inactive|Time left: 300 sec this turn | 300 sec total\n|\n|t:|1783563904\n|move|p1a: Breloom|Spore|p2a: Camerupt\n|-status|p2a: Camerupt|slp|[from] move: Spore\n|cant|p2a: Camerupt|slp\n|\n|upkeep\n|turn|26\n|inactive|Time left: 300 sec this turn | 300 sec total\n|\n|t:|1783563905\n|move|p1a: Breloom|Swords Dance|p1a: Breloom\n|-boost|p1a: Breloom|atk|2\n|cant|p2a: Camerupt|slp\n|\n|upkeep\n|turn|27\n|inactive|Time left: 300 sec this turn | 300 sec total\n|\n|t:|1783563906\n|move|p1a: Breloom|Bullet Seed|p2a: Camerupt\n|-damage|p2a: Camerupt|63/100 slp\n|-damage|p2a: Camerupt|28/100 slp\n|-hitcount|p2a: Camerupt|2\n|-damage|p1a: Breloom|143/235|[from] item: Life Orb\n|cant|p2a: Camerupt|slp\n|\n|-heal|p2a: Camerupt|34/100 slp|[from] item: Leftovers\n|upkeep\n|turn|28\n|inactive|Time left: 300 sec this turn | 300 sec total\n|\n|t:|1783563907\n|move|p1a: Breloom|Bullet Seed|p2a: Camerupt\n|-damage|p2a: Camerupt|0 fnt\n|faint|p2a: Camerupt\n|-hitcount|p2: Camerupt|1\n|-damage|p1a: Breloom|120/235|[from] item: Life Orb\n|\n|win|p0x2060423c", "uploadtime": 1783563907, "views": 0, "rating": 0, "private": 0, "password": null, "_winner": "p0x2060423c", "_our_name": "p0x2060423c"}