{"id": "battle-gen9randombattle-2268", "formatid": "gen9randombattle", "format": "[Gen 9] Random Battle", "players": ["p0x2268d007", "p0y2268d0fb"], "log": "|init|battle\n|title|p0x2268d007 vs. p0y2268d0fb\n|j|\u2606p0x2268d007\n|j|\u2606p0y2268d0fb\n|t:|1783566285\n|gametype|singles\n|player|p1|p0x2268d007|170|\n|player|p2|p0y2268d0fb|102|\n|gen|9\n|tier|[Gen 9] Random Battle\n|rule|Species Clause: Limit one of each Pok\u00e9mon\n|rule|HP Percentage Mod: HP is shown in percentages\n|rule|Sleep Clause Mod: Limit one foe put to sleep\n|rule|Illusion Level Mod: Illusion disguises the Pok\u00e9mon's true level\n|\n|t:|1783566285\n|teamsize|p1|6\n|teamsize|p2|6\n|start\n|switch|p1a: Scream Tail|Scream Tail, L84|330/330\n|switch|p2a: Hitmonchan|Hitmonchan, L87, M|100/100\n|turn|1\n|inactive|Battle timer is ON: inactive players will automatically lose when time's up. (requested by p0y2268d0fb)\n|inactive|Time left: 300 sec this turn | 300 sec total | 60 sec grace\n|inactive|p0x2268d007 also wants the timer to be on.\n|\n|t:|1783566287\n|move|p1a: Scream Tail|Dazzling Gleam|p2a: Hitmonchan\n|-supereffective|p2a: Hitmonchan\n|-damage|p2a: Hitmonchan|51/100\n|move|p2a: Hitmonchan|Bulk Up|p2a: Hitmonchan\n|-boost|p2a: Hitmonchan|atk|1\n|-boost|p2a: Hitmonchan|def|1\n|\n|-heal|p2a: Hitmonchan|57/100|[from] item: Leftovers\n|upkeep\n|turn|2\n|inactive|Time left: 300 sec this turn | 300 sec total\n|\n|t:|1783566288\n|move|p1a: Scream Tail|Dazzling Gleam|p2a: Hitmonchan\n|-supereffective|p2a: Hitmonchan\n|-damage|p2a: Hitmonchan|12/100\n|move|p2a: Hitmonchan|Bulk Up|p2a: Hitmonchan\n|-boost|p2a: Hitmonchan|atk|1\n|-boost|p2a: Hitmonchan|def|1\n|\n|-heal|p2a: Hitmonchan|18/100|[from] item: Leftovers\n|upkeep\n|turn|3\n|inactive|Time left: 300 sec this turn | 300 sec total\n|\n|t:|1783566289\n|-terastallize|p2a: Hitmonchan|Steel\n|move|p1a: Scream Tail|Encore|p2a: Hitmonchan\n|-start|p2a: Hitmonchan|Encore\n|move|p2a: Hitmonchan|Bulk Up|p2a: Hitmonchan\n|-boost|p2a: Hitmonchan|atk|1\n|-boost|p2a: Hitmonchan|def|1\n|\n|-heal|p2a: Hitmonchan|25/100|[from] item: Leftovers\n|upkeep\n|turn|4\n|inactive|Time left: 300 sec this turn | 300 sec total\n|\n|t:|1783566290\n|-end|p1a: Scream Tail|Protosynthesis|[silent]\n|switch|p1a: Seviper|Seviper, L93, F|287/287\n|switch|p2a: Conkeldurr|Conkeldurr, L80, M|100/100\n|\n|-status|p2a: Conkeldurr|brn|[from] item: Flame Orb\n|upkeep\n|turn|5\n|inactive|Time left: 300 sec this turn | 300 sec total\n|\n|t:|1783566291\n|move|p1a: Seviper|Gunk Shot|p2a: Conkeldurr\n|-damage|p2a: Conkeldurr|30/100 brn\n|-damage|p1a: Seviper|259/287|[from] item: Life Orb\n|move|p2a: Conkeldurr|Facade|p1a: Seviper\n|-damage|p1a: Seviper|56/287\n|\n|-damage|p2a: Conkeldurr|24/100 brn|[from] brn\n|upkeep\n|turn|6\n|inactive|Time left: 300 sec this turn | 300 sec total\n|\n|t:|1783566293\n|switch|p2a: Girafarig|Girafarig, L89, M|100/100\n|move|p1a: Seviper|Flamethrower|p2a: Girafarig\n|-damage|p2a: Girafarig|73/100\n|-status|p2a: Girafarig|brn\n|-damage|p1a: Seviper|28/287|[from] item: Life Orb\n|\n|-damage|p2a: Girafarig|67/100 brn|[from] brn\n|upkeep\n|turn|7\n|inactive|Time left: 300 sec this turn | 300 sec total\n|\n|t:|1783566294\n|switch|p1a: Houndoom|Houndoom, L87, F|272/272\n|move|p2a: Girafarig|Psychic|p1a: Houndoom\n|-immune|p1a: Houndoom\n|\n|-damage|p2a: Girafarig|61/100 brn|[from] brn\n|upkeep\n|turn|8\n|inactive|Time left: 300 sec this turn | 300 sec total\n|\n|t:|1783566295\n|switch|p2a: Diancie|Diancie, L82|100/100\n|move|p1a: Houndoom|Dark Pulse|p2a: Diancie\n|-resisted|p2a: Diancie\n|-damage|p2a: Diancie|86/100\n|\n|-heal|p2a: Diancie|92/100|[from] item: Leftovers\n|upkeep\n|turn|9\n|inactive|Time left: 300 sec this turn | 300 sec total\n|\n|t:|1783566296\n|move|p1a: Houndoom|Dark Pulse|p2a: Diancie\n|-resisted|p2a: Diancie\n|-damage|p2a: Diancie|75/100\n|move|p2a: Diancie|Diamond Storm|p1a: Houndoom\n|-supereffective|p1a: Houndoom\n|-damage|p1a: Houndoom|0 fnt\n|-boost|p2a: Diancie|def|2\n|faint|p1a: Houndoom\n|\n|-heal|p2a: Diancie|81/100|[from] item: Leftovers\n|upkeep\n|inactive|Time left: 300 sec this turn | 300 sec total | 5 sec grace\n|\n|t:|1783566297\n|switch|p1a: Greninja|Greninja, L80, M|246/246\n|turn|10\n|inactive|Time left: 300 sec this turn | 300 sec total\n|\n|t:|1783566298\n|switch|p2a: Dialga|Dialga, L73|100/100\n|-ability|p2a: Dialga|Pressure\n|move|p1a: Greninja|Hydro Pump|p2a: Dialga|[miss]\n|-start|p1a: Greninja|typechange|Water|[from] ability: Protean\n|-miss|p1a: Greninja|p2a: Dialga\n|\n|upkeep\n|turn|11\n|inactive|Time left: 300 sec this turn | 300 sec total\n|\n|t:|1783566299\n|move|p1a: Greninja|Spikes|p2a: Dialga\n|-sidestart|p2: p0y2268d0fb|Spikes\n|move|p2a: Dialga|Stealth Rock|p1a: Greninja\n|-sidestart|p1: p0x2268d007|move: Stealth Rock\n|\n|upkeep\n|turn|12\n|inactive|Time left: 300 sec this turn | 300 sec total\n|\n|t:|1783566300\n|move|p1a: Greninja|Spikes|p2a: Dialga\n|-sidestart|p2: p0y2268d0fb|Spikes\n|move|p2a: Dialga|Heavy Slam|p1a: Greninja\n|-resisted|p1a: Greninja\n|-damage|p1a: Greninja|168/246\n|\n|upkeep\n|turn|13\n|inactive|Time left: 300 sec this turn | 300 sec total\n|\n|t:|1783566301\n|move|p1a: Greninja|Spikes|p2a: Dialga\n|-sidestart|p2: p0y2268d0fb|Spikes\n|move|p2a: Dialga|Draco Meteor|p1a: Greninja\n|-damage|p1a: Greninja|0 fnt\n|-unboost|p2a: Dialga|spa|2\n|faint|p1a: Greninja\n|\n|upkeep\n|inactive|Time left: 300 sec this turn | 300 sec total | 5 sec grace\n|\n|t:|1783566302\n|switch|p1a: Gurdurr|Gurdurr, L85, M|283/283\n|-damage|p1a: Gurdurr|266/283|[from] Stealth Rock\n|turn|14\n|inactive|Time left: 300 sec this turn | 300 sec total\n|\n|t:|1783566303\n|switch|p2a: Thundurus|Thundurus, L80, M|100/100\n|move|p1a: Gurdurr|Drain Punch|p2a: Thundurus\n|-resisted|p2a: Thundurus\n|-damage|p2a: Thundurus|80/100\n|-heal|p1a: Gurdurr|283/283|[from] drain|[of] p2a: Thundurus\n|\n|upkeep\n|turn|15\n|inactive|Time left: 300 sec this turn | 300 sec total\n|\n|t:|1783566304\n|move|p2a: Thundurus|Thunderbolt|p1a: Gurdurr\n|-damage|p1a: Gurdurr|117/283\n|-status|p1a: Gurdurr|par\n|move|p1a: Gurdurr|Drain Punch|p2a: Thundurus\n|-resisted|p2a: Thundurus\n|-damage|p2a: Thundurus|46/100\n|-heal|p1a: Gurdurr|161/283 par|[from] drain|[of] p2a: Thundurus\n|\n|upkeep\n|turn|16\n|inactive|Time left: 300 sec this turn | 300 sec total\n|\n|t:|1783566306\n|move|p2a: Thundurus|Thunderbolt|p1a: Gurdurr\n|-damage|p1a: Gurdurr|5/283 par\n|move|p1a: Gurdurr|Knock Off|p2a: Thundurus\n|-damage|p2a: Thundurus|0 fnt\n|-enditem|p2a: Thundurus|Choice Specs|[from] move: Knock Off|[of] p1a: Gurdurr\n|faint|p2a: Thundurus\n|\n|upkeep\n|\n|t:|1783566307\n|switch|p2a: Diancie|Diancie, L82|81/100\n|-damage|p2a: Diancie|56/100|[from] Spikes\n|turn|17\n|inactive|Time left: 300 sec this turn | 300 sec total\n|\n|t:|1783566308\n|switch|p1a: Scream Tail|Scream Tail, L84|330/330\n|-damage|p1a: Scream Tail|289/330|[from] Stealth Rock\n|move|p2a: Diancie|Diamond Storm|p1a: Scream Tail\n|-damage|p1a: Scream Tail|190/330\n|\n|-heal|p1a: Scream Tail|210/330|[from] item: Leftovers\n|-heal|p2a: Diancie|62/100|[from] item: Leftovers\n|upkeep\n|turn|18\n|inactive|Time left: 300 sec this turn | 300 sec total\n|\n|t:|1783566309\n|move|p1a: Scream Tail|Encore|p2a: Diancie\n|-start|p2a: Diancie|Encore\n|move|p2a: Diancie|Diamond Storm|p1a: Scream Tail\n|-damage|p1a: Scream Tail|120/330\n|\n|-heal|p1a: Scream Tail|140/330|[from] item: Leftovers\n|-heal|p2a: Diancie|68/100|[from] item: Leftovers\n|upkeep\n|turn|19\n|inactive|Time left: 300 sec this turn | 300 sec total\n|\n|t:|1783566310\n|move|p1a: Scream Tail|Protect|p1a: Scream Tail\n|-singleturn|p1a: Scream Tail|Protect\n|move|p2a: Diancie|Diamond Storm|p1a: Scream Tail\n|-activate|p1a: Scream Tail|move: Protect\n|\n|-heal|p1a: Scream Tail|160/330|[from] item: Leftovers\n|-heal|p2a: Diancie|74/100|[from] item: Leftovers\n|upkeep\n|turn|20\n|inactive|Time left: 300 sec this turn | 300 sec total\n|\n|t:|1783566311\n|move|p1a: Scream Tail|Wish|p1a: Scream Tail\n|move|p2a: Diancie|Diamond Storm|p1a: Scream Tail\n|-damage|p1a: Scream Tail|66/330\n|\n|-heal|p1a: Scream Tail|86/330|[from] item: Leftovers\n|-heal|p2a: Diancie|80/100|[from] item: Leftovers\n|-end|p2a: Diancie|Encore\n|upkeep\n|turn|21\n|inactive|Time left: 300 sec this turn | 300 sec total\n|\n|t:|1783566312\n|move|p1a: Scream Tail|Protect|p1a: Scream Tail\n|-singleturn|p1a: Scream Tail|Protect\n|move|p2a: Diancie|Diamond Storm|p1a: Scream Tail\n|-activate|p1a: Scream Tail|move: Protect\n|\n|-heal|p1a: Scream Tail|251/330|[from] move: Wish|[wisher] Scream Tail\n|-heal|p1a: Scream Tail|271/330|[from] item: Leftovers\n|-heal|p2a: Diancie|86/100|[from] item: Leftovers\n|upkeep\n|turn|22\n|inactive|Time left: 300 sec this turn | 300 sec total\n|\n|t:|1783566313\n|move|p1a: Scream Tail|Encore|p2a: Diancie\n|-start|p2a: Diancie|Encore\n|move|p2a: Diancie|Diamond Storm|p1a: Scream Tail\n|-damage|p1a: Scream Tail|172/330\n|\n|-heal|p1a: Scream Tail|192/330|[from] item: Leftovers\n|-heal|p2a: Diancie|92/100|[from] item: Leftovers\n|upkeep\n|turn|23\n|inactive|Time left: 300 sec this turn | 300 sec total\n|\n|t:|1783566314\n|move|p1a: Scream Tail|Wish|p1a: Scream Tail\n|move|p2a: Diancie|Diamond Storm|p1a: Scream Tail|[miss]\n|-miss|p2a: Diancie|p1a: Scream Tail\n|\n|-heal|p1a: Scream Tail|212/330|[from] item: Leftovers\n|-heal|p2a: Diancie|98/100|[from] item: Leftovers\n|-end|p2a: Diancie|Encore\n|upkeep\n|turn|24\n|inactive|Time left: 300 sec this turn | 300 sec total\n|\n|t:|1783566315\n|move|p1a: Scream Tail|Encore||[still]\n|-fail|p1a: Scream Tail\n|move|p2a: Diancie|Calm Mind|p2a: Diancie\n|-boost|p2a: Diancie|spa|1\n|-boost|p2a: Diancie|spd|1\n|\n|-heal|p1a: Scream Tail|330/330|[from] move: Wish|[wisher] Scream Tail\n|-heal|p2a: Diancie|100/100|[from] item: Leftovers\n|upkeep\n|turn|25\n|inactive|Time left: 300 sec this turn | 300 sec total\n|\n|t:|1783566316\n|move|p1a: Scream Tail|Encore|p2a: Diancie\n|-start|p2a: Diancie|Encore\n|move|p2a: Diancie|Calm Mind|p2a: Diancie\n|-boost|p2a: Diancie|spa|1\n|-boost|p2a: Diancie|spd|1\n|\n|upkeep\n|turn|26\n|inactive|Time left: 300 sec this turn | 300 sec total\n|\n|t:|1783566317\n|move|p1a: Scream Tail|Dazzling Gleam|p2a: Diancie\n|-damage|p2a: Diancie|91/100\n|move|p2a: Diancie|Calm Mind|p2a: Diancie\n|-boost|p2a: Diancie|spa|1\n|-boost|p2a: Diancie|spd|1\n|\n|-heal|p2a: Diancie|97/100|[from] item: Leftovers\n|upkeep\n|turn|27\n|inactive|Time left: 300 sec this turn | 300 sec total\n|\n|t:|1783566319\n|move|p1a: Scream Tail|Wish|p1a: Scream Tail\n|move|p2a: Diancie|Calm Mind|p2a: Diancie\n|-boost|p2a: Diancie|spa|1\n|-boost|p2a: Diancie|spd|1\n|\n|-heal|p2a: Diancie|100/100|[from] item: Leftovers\n|-end|p2a: Diancie|Encore\n|upkeep\n|turn|28\n|inactive|Time left: 300 sec this turn | 300 sec total\n|\n|t:|1783566320\n|move|p1a: Scream Tail|Encore|p2a: Diancie\n|-start|p2a: Diancie|Encore\n|move|p2a: Diancie|Calm Mind|p2a: Diancie\n|-boost|p2a: Diancie|spa|1\n|-boost|p2a: Diancie|spd|1\n|\n|upkeep\n|turn|29\n|inactive|Time left: 300 sec this turn | 300 sec total\n|\n|t:|1783566321\n|move|p1a: Scream Tail|Wish|p1a: Scream Tail\n|move|p2a: Diancie|Calm Mind|p2a: Diancie\n|-boost|p2a: Diancie|spa|1\n|-boost|p2a: Diancie|spd|1\n|\n|upkeep\n|turn|30\n|inactive|Time left: 300 sec this turn | 300 sec total\n|\n|t:|1783566322\n|move|p1a: Scream Tail|Encore||[still]\n|-fail|p1a: Scream Tail\n|move|p2a: Diancie|Calm Mind|p2a: Diancie\n|-boost|p2a: Diancie|spa|0\n|-boost|p2a: Diancie|spd|0\n|\n|-end|p2a: Diancie|Encore\n|upkeep\n|turn|31\n|inactive|Time left: 300 sec this turn | 300 sec total\n|\n|t:|1783566323\n|move|p1a: Scream Tail|Encore|p2a: Diancie\n|-start|p2a: Diancie|Encore\n|move|p2a: Diancie|Calm Mind|p2a: Diancie\n|-boost|p2a: Diancie|spa|0\n|-boost|p2a: Diancie|spd|0\n|\n|upkeep\n|turn|32\n|inactive|Time left: 300 sec this turn | 300 sec total\n|\n|t:|1783566324\n|move|p1a: Scream Tail|Protect|p1a: Scream Tail\n|-singleturn|p1a: Scream Tail|Protect\n|move|p2a: Diancie|Calm Mind|p2a: Diancie\n|-boost|p2a: Diancie|spa|0\n|-boost|p2a: Diancie|spd|0\n|\n|upkeep\n|turn|33\n|inactive|Time left: 300 sec this turn | 300 sec total\n|\n|t:|1783566325\n|move|p1a: Scream Tail|Protect||[still]\n|-fail|p1a: Scream Tail\n|move|p2a: Diancie|Calm Mind|p2a: Diancie\n|-boost|p2a: Diancie|spa|0\n|-boost|p2a: Diancie|spd|0\n|\n|-end|p2a: Diancie|Encore\n|upkeep\n|turn|34\n|inactive|Time left: 300 sec this turn | 300 sec total\n|\n|t:|1783566326\n|move|p1a: Scream Tail|Protect|p1a: Scream Tail\n|-singleturn|p1a: Scream Tail|Protect\n|move|p2a: Diancie|Earth Power|p1a: Scream Tail\n|-activate|p1a: Scream Tail|move: Protect\n|\n|upkeep\n|turn|35\n|inactive|Time left: 300 sec this turn | 300 sec total\n|\n|t:|1783566327\n|move|p1a: Scream Tail|Protect||[still]\n|-fail|p1a: Scream Tail\n|move|p2a: Diancie|Earth Power|p1a: Scream Tail\n|-damage|p1a: Scream Tail|130/330\n|\n|-heal|p1a: Scream Tail|150/330|[from] item: Leftovers\n|upkeep\n|turn|36\n|inactive|Time left: 300 sec this turn | 300 sec total\n|\n|t:|1783566328\n|move|p1a: Scream Tail|Protect|p1a: Scream Tail\n|-singleturn|p1a: Scream Tail|Protect\n|move|p2a: Diancie|Earth Power|p1a: Scream Tail\n|-activate|p1a: Scream Tail|move: Protect\n|\n|-heal|p1a: Scream Tail|170/330|[from] item: Leftovers\n|upkeep\n|turn|37\n|inactive|Time left: 300 sec this turn | 300 sec total\n|\n|t:|1783566329\n|-end|p1a: Scream Tail|Protosynthesis|[silent]\n|switch|p1a: Gurdurr|Gurdurr, L85, M|5/283 par\n|-damage|p1a: Gurdurr|0 fnt|[from] Stealth Rock\n|faint|p1a: Gurdurr\n|move|p2a: Diancie|Earth Power|p1: Gurdurr|[notarget]\n|-fail|p2a: Diancie\n|\n|upkeep\n|inactive|Time left: 300 sec this turn | 300 sec total | 5 sec grace\n|\n|t:|1783566330\n|switch|p1a: Scream Tail|Scream Tail, L84|170/330\n|-damage|p1a: Scream Tail|129/330|[from] Stealth Rock\n|turn|38\n|inactive|Time left: 300 sec this turn | 300 sec total\n|\n|t:|1783566331\n|move|p1a: Scream Tail|Protect|p1a: Scream Tail\n|-singleturn|p1a: Scream Tail|Protect\n|move|p2a: Diancie|Earth Power|p1a: Scream Tail\n|-activate|p1a: Scream Tail|move: Protect\n|\n|-heal|p1a: Scream Tail|149/330|[from] item: Leftovers\n|upkeep\n|turn|39\n|inactive|Time left: 300 sec this turn | 300 sec total\n|\n|t:|1783566332\n|-end|p1a: Scream Tail|Protosynthesis|[silent]\n|switch|p1a: Seviper|Seviper, L93, F|28/287\n|-damage|p1a: Seviper|0 fnt|[from] Stealth Rock\n|faint|p1a: Seviper\n|move|p2a: Diancie|Earth Power|p1: Seviper|[notarget]\n|-fail|p2a: Diancie\n|\n|upkeep\n|inactive|Time left: 300 sec this turn | 300 sec total | 5 sec grace\n|\n|t:|1783566333\n|switch|p1a: Scream Tail|Scream Tail, L84|149/330\n|-damage|p1a: Scream Tail|108/330|[from] Stealth Rock\n|turn|40\n|inactive|Time left: 300 sec this turn | 300 sec total\n|\n|t:|1783566334\n|-terastallize|p1a: Scream Tail|Steel\n|move|p1a: Scream Tail|Protect|p1a: Scream Tail\n|-singleturn|p1a: Scream Tail|Protect\n|move|p2a: Diancie|Earth Power|p1a: Scream Tail\n|-activate|p1a: Scream Tail|move: Protect\n|\n|-heal|p1a: Scream Tail|128/330|[from] item: Leftovers\n|upkeep\n|turn|41\n|inactive|Time left: 300 sec this turn | 300 sec total\n|\n|t:|1783566335\n|-end|p1a: Scream Tail|Protosynthesis|[silent]\n|switch|p1a: Hawlucha|Hawlucha, L80, M|256/256\n|-damage|p1a: Hawlucha|224/256|[from] Stealth Rock\n|move|p2a: Diancie|Earth Power|p1a: Hawlucha\n|-immune|p1a: Hawlucha\n|\n|upkeep\n|turn|42\n|inactive|Time left: 300 sec this turn | 300 sec total\n|\n|t:|1783566336\n|switch|p1a: Scream Tail|Scream Tail, L84, tera:Steel|128/330\n|-damage|p1a: Scream Tail|108/330|[from] Stealth Rock\n|move|p2a: Diancie|Draining Kiss|p1a: Scream Tail\n|-resisted|p1a: Scream Tail\n|-damage|p1a: Scream Tail|27/330\n|\n|-heal|p1a: Scream Tail|47/330|[from] item: Leftovers\n|upkeep\n|turn|43\n|inactive|Time left: 300 sec this turn | 300 sec total\n|\n|t:|1783566336\n|move|p1a: Scream Tail|Protect|p1a: Scream Tail\n|-singleturn|p1a: Scream Tail|Protect\n|move|p2a: Diancie|Draining Kiss|p1a: Scream Tail\n|-activate|p1a: Scream Tail|move: Protect\n|\n|-heal|p1a: Scream Tail|67/330|[from] item: Leftovers\n|upkeep\n|turn|44\n|inactive|Time left: 300 sec this turn | 300 sec total\n|\n|t:|1783566337\n|move|p1a: Scream Tail|Protect||[still]\n|-fail|p1a: Scream Tail\n|move|p2a: Diancie|Draining Kiss|p1a: Scream Tail\n|-resisted|p1a: Scream Tail\n|-damage|p1a: Scream Tail|0 fnt\n|faint|p1a: Scream Tail\n|-end|p1a: Scream Tail|Protosynthesis|[silent]\n|\n|upkeep\n|inactive|Time left: 300 sec this turn | 300 sec total | 5 sec grace\n|\n|t:|1783566338\n|switch|p1a: Hawlucha|Hawlucha, L80, M|224/256\n|-damage|p1a: Hawlucha|192/256|[from] Stealth Rock\n|turn|45\n|inactive|Time left: 300 sec this turn | 300 sec total\n|\n|t:|1783566339\n|move|p1a: Hawlucha|Acrobatics|p2a: Diancie\n|-resisted|p2a: Diancie\n|-damage|p2a: Diancie|93/100\n|move|p2a: Diancie|Draining Kiss|p1a: Hawlucha\n|-supereffective|p1a: Hawlucha\n|-damage|p1a: Hawlucha|0 fnt\n|-heal|p2a: Diancie|100/100|[from] drain|[of] p1a: Hawlucha\n|faint|p1a: Hawlucha\n|\n|win|p0y2268d0fb", "uploadtime": 1783566339, "views": 0, "rating": 0, "private": 0, "password": null, "_winner": "p0y2268d0fb", "_our_name": "p0x2268d007"}