{"id": "battle-gen9randombattle-2167", "formatid": "gen9randombattle", "format": "[Gen 9] Random Battle", "players": ["p0x216774be", "p0y2167fedf"], "log": "|init|battle\n|title|p0x216774be vs. p0y2167fedf\n|j|\u2606p0x216774be\n|j|\u2606p0y2167fedf\n|t:|1783565091\n|gametype|singles\n|player|p1|p0x216774be|102|\n|player|p2|p0y2167fedf|265|\n|gen|9\n|tier|[Gen 9] Random Battle\n|rule|Species Clause: Limit one of each Pok\u00e9mon\n|rule|HP Percentage Mod: HP is shown in percentages\n|rule|Sleep Clause Mod: Limit one foe put to sleep\n|rule|Illusion Level Mod: Illusion disguises the Pok\u00e9mon's true level\n|\n|t:|1783565091\n|teamsize|p1|6\n|teamsize|p2|6\n|start\n|switch|p1a: Espeon|Espeon, L84, F|100/100\n|switch|p2a: Venusaur|Venusaur, L84, F|272/272\n|turn|1\n|inactive|Battle timer is ON: inactive players will automatically lose when time's up. (requested by p0y2167fedf)\n|inactive|p0x216774be also wants the timer to be on.\n|\n|t:|1783565093\n|switch|p2a: Glastrier|Glastrier, L86|312/312\n|move|p1a: Espeon|Psychic|p2a: Glastrier\n|-damage|p2a: Glastrier|174/312\n|-damage|p1a: Espeon|91/100|[from] item: Life Orb\n|\n|upkeep\n|turn|2\n|inactive|Time left: 300 sec this turn | 300 sec total\n|\n|t:|1783565094\n|move|p1a: Espeon|Psychic|p2a: Glastrier\n|-damage|p2a: Glastrier|56/312\n|-damage|p1a: Espeon|81/100|[from] item: Life Orb\n|move|p2a: Glastrier|Icicle Crash|p1a: Espeon|[miss]\n|-miss|p2a: Glastrier|p1a: Espeon\n|\n|upkeep\n|turn|3\n|inactive|Time left: 300 sec this turn | 300 sec total\n|\n|t:|1783565095\n|switch|p2a: Farigiraf|Farigiraf, L90, M|362/362\n|move|p1a: Espeon|Psychic|p2a: Farigiraf\n|-resisted|p2a: Farigiraf\n|-damage|p2a: Farigiraf|275/362\n|-damage|p1a: Espeon|71/100|[from] item: Life Orb\n|\n|-heal|p2a: Farigiraf|297/362|[from] item: Leftovers\n|upkeep\n|turn|4\n|inactive|Time left: 300 sec this turn | 300 sec total\n|\n|t:|1783565096\n|move|p1a: Espeon|Morning Sun|p1a: Espeon\n|-heal|p1a: Espeon|100/100\n|move|p2a: Farigiraf|Body Slam|p1a: Espeon\n|-damage|p1a: Espeon|52/100\n|\n|-heal|p2a: Farigiraf|319/362|[from] item: Leftovers\n|upkeep\n|turn|5\n|inactive|Time left: 300 sec this turn | 300 sec total\n|\n|t:|1783565097\n|move|p1a: Espeon|Morning Sun|p1a: Espeon\n|-heal|p1a: Espeon|100/100\n|move|p2a: Farigiraf|Body Slam|p1a: Espeon\n|-damage|p1a: Espeon|50/100\n|\n|-heal|p2a: Farigiraf|341/362|[from] item: Leftovers\n|upkeep\n|turn|6\n|inactive|Time left: 300 sec this turn | 300 sec total\n|\n|t:|1783565098\n|move|p1a: Espeon|Morning Sun|p1a: Espeon\n|-heal|p1a: Espeon|100/100\n|move|p2a: Farigiraf|Body Slam|p1a: Espeon\n|-damage|p1a: Espeon|47/100\n|\n|-heal|p2a: Farigiraf|362/362|[from] item: Leftovers\n|upkeep\n|turn|7\n|inactive|Time left: 300 sec this turn | 300 sec total\n|\n|t:|1783565099\n|move|p1a: Espeon|Morning Sun|p1a: Espeon\n|-heal|p1a: Espeon|97/100\n|move|p2a: Farigiraf|Body Slam|p1a: Espeon\n|-damage|p1a: Espeon|44/100\n|-status|p1a: Espeon|par\n|\n|upkeep\n|turn|8\n|inactive|Time left: 300 sec this turn | 300 sec total\n|\n|t:|1783565100\n|switch|p1a: Basculegion|Basculegion-F, L83, F|100/100\n|move|p2a: Farigiraf|Body Slam|p1a: Basculegion\n|-immune|p1a: Basculegion\n|\n|upkeep\n|turn|9\n|inactive|Time left: 300 sec this turn | 300 sec total\n|\n|t:|1783565101\n|move|p1a: Basculegion|Hydro Pump|p2a: Farigiraf|[miss]\n|-miss|p1a: Basculegion|p2a: Farigiraf\n|move|p2a: Farigiraf|Psychic Noise|p1a: Basculegion\n|-damage|p1a: Basculegion|76/100\n|-start|p1a: Basculegion|move: Heal Block\n|\n|upkeep\n|turn|10\n|inactive|Time left: 300 sec this turn | 300 sec total\n|\n|t:|1783565102\n|move|p1a: Basculegion|Hydro Pump|p2a: Farigiraf\n|-damage|p2a: Farigiraf|176/362\n|move|p2a: Farigiraf|Psychic Noise|p1a: Basculegion\n|-damage|p1a: Basculegion|54/100\n|\n|-heal|p2a: Farigiraf|198/362|[from] item: Leftovers\n|-end|p1a: Basculegion|move: Heal Block\n|upkeep\n|turn|11\n|inactive|Time left: 300 sec this turn | 300 sec total\n|\n|t:|1783565103\n|move|p1a: Basculegion|Wave Crash|p2a: Farigiraf\n|-damage|p2a: Farigiraf|20/362\n|-damage|p1a: Basculegion|37/100|[from] Recoil\n|move|p2a: Farigiraf|Psychic Noise|p1a: Basculegion\n|-damage|p1a: Basculegion|14/100\n|-start|p1a: Basculegion|move: Heal Block\n|\n|-heal|p2a: Farigiraf|42/362|[from] item: Leftovers\n|upkeep\n|turn|12\n|inactive|Time left: 300 sec this turn | 300 sec total\n|\n|t:|1783565104\n|move|p2a: Farigiraf|Protect|p2a: Farigiraf\n|-singleturn|p2a: Farigiraf|Protect\n|move|p1a: Basculegion|Hydro Pump|p2a: Farigiraf\n|-activate|p2a: Farigiraf|move: Protect\n|\n|-heal|p2a: Farigiraf|64/362|[from] item: Leftovers\n|-end|p1a: Basculegion|move: Heal Block\n|upkeep\n|turn|13\n|inactive|Time left: 300 sec this turn | 300 sec total\n|\n|t:|1783565105\n|switch|p2a: Venusaur|Venusaur, L84, F|272/272\n|move|p1a: Basculegion|Flip Turn|p2a: Venusaur\n|-resisted|p2a: Venusaur\n|-damage|p2a: Venusaur|229/272\n|\n|t:|1783565106\n|switch|p1a: Noctowl|Noctowl, L95, F|100/100|[from] Flip Turn\n|\n|-heal|p2a: Venusaur|246/272|[from] item: Leftovers\n|upkeep\n|turn|14\n|inactive|Time left: 300 sec this turn | 300 sec total\n|\n|t:|1783565107\n|move|p1a: Noctowl|Hurricane|p2a: Venusaur|[miss]\n|-miss|p1a: Noctowl|p2a: Venusaur\n|move|p2a: Venusaur|Knock Off|p1a: Noctowl\n|-damage|p1a: Noctowl|77/100\n|-enditem|p1a: Noctowl|Heavy-Duty Boots|[from] move: Knock Off|[of] p2a: Venusaur\n|\n|-heal|p2a: Venusaur|263/272|[from] item: Leftovers\n|upkeep\n|turn|15\n|inactive|Time left: 300 sec this turn | 300 sec total\n|\n|t:|1783565109\n|move|p1a: Noctowl|Hurricane|p2a: Venusaur|[miss]\n|-miss|p1a: Noctowl|p2a: Venusaur\n|move|p2a: Venusaur|Knock Off|p1a: Noctowl\n|-damage|p1a: Noctowl|62/100\n|\n|-heal|p2a: Venusaur|272/272|[from] item: Leftovers\n|upkeep\n|turn|16\n|inactive|Time left: 300 sec this turn | 300 sec total\n|\n|t:|1783565110\n|move|p1a: Noctowl|Hurricane|p2a: Venusaur\n|-supereffective|p2a: Venusaur\n|-damage|p2a: Venusaur|30/272\n|move|p2a: Venusaur|Sludge Bomb|p1a: Noctowl\n|-damage|p1a: Noctowl|39/100\n|\n|-heal|p2a: Venusaur|47/272|[from] item: Leftovers\n|upkeep\n|turn|17\n|inactive|Time left: 300 sec this turn | 300 sec total\n|\n|t:|1783565111\n|move|p1a: Noctowl|Hyper Voice|p2a: Venusaur\n|-damage|p2a: Venusaur|0 fnt\n|faint|p2a: Venusaur\n|\n|upkeep\n|inactive|Time left: 300 sec this turn | 300 sec total | 5 sec grace\n|\n|t:|1783565112\n|switch|p2a: Zapdos|Zapdos, L78|268/268\n|turn|18\n|inactive|Time left: 300 sec this turn | 300 sec total\n|\n|t:|1783565113\n|switch|p1a: Quagsire|Quagsire, L84, F|100/100\n|move|p2a: Zapdos|Discharge|p1a: Quagsire\n|-immune|p1a: Quagsire\n|\n|upkeep\n|turn|19\n|inactive|Time left: 300 sec this turn | 300 sec total\n|\n|t:|1783565114\n|move|p2a: Zapdos|Hurricane|p1a: Quagsire\n|-damage|p1a: Quagsire|52/100\n|move|p1a: Quagsire|Toxic|p2a: Zapdos\n|-status|p2a: Zapdos|tox\n|\n|-heal|p1a: Quagsire|58/100|[from] item: Leftovers\n|-damage|p2a: Zapdos|252/268 tox|[from] psn\n|upkeep\n|turn|20\n|inactive|Time left: 300 sec this turn | 300 sec total\n|\n|t:|1783565115\n|move|p2a: Zapdos|Hurricane|p1a: Quagsire\n|-damage|p1a: Quagsire|1/100\n|move|p1a: Quagsire|Recover|p1a: Quagsire\n|-heal|p1a: Quagsire|51/100\n|\n|-heal|p1a: Quagsire|57/100|[from] item: Leftovers\n|-damage|p2a: Zapdos|220/268 tox|[from] psn\n|upkeep\n|turn|21\n|inactive|Time left: 300 sec this turn | 300 sec total\n|\n|t:|1783565117\n|move|p2a: Zapdos|Hurricane|p1a: Quagsire|[miss]\n|-miss|p2a: Zapdos|p1a: Quagsire\n|move|p1a: Quagsire|Recover|p1a: Quagsire\n|-heal|p1a: Quagsire|100/100\n|\n|-damage|p2a: Zapdos|172/268 tox|[from] psn\n|upkeep\n|turn|22\n|inactive|Time left: 300 sec this turn | 300 sec total\n|\n|t:|1783565118\n|move|p2a: Zapdos|Hurricane|p1a: Quagsire\n|-damage|p1a: Quagsire|47/100\n|-start|p1a: Quagsire|confusion\n|-activate|p1a: Quagsire|confusion\n|-damage|p1a: Quagsire|37/100|[from] confusion\n|\n|-heal|p1a: Quagsire|43/100|[from] item: Leftovers\n|-damage|p2a: Zapdos|108/268 tox|[from] psn\n|upkeep\n|turn|23\n|inactive|Time left: 300 sec this turn | 300 sec total\n|\n|t:|1783565119\n|switch|p1a: Noctowl|Noctowl, L95, F|39/100\n|move|p2a: Zapdos|Hurricane|p1a: Noctowl\n|-damage|p1a: Noctowl|11/100\n|\n|-damage|p2a: Zapdos|28/268 tox|[from] psn\n|upkeep\n|turn|24\n|inactive|Time left: 300 sec this turn | 300 sec total\n|\n|t:|1783565120\n|move|p2a: Zapdos|Discharge|p1a: Noctowl\n|-supereffective|p1a: Noctowl\n|-damage|p1a: Noctowl|0 fnt\n|faint|p1a: Noctowl\n|\n|-damage|p2a: Zapdos|0 fnt|[from] psn\n|faint|p2a: Zapdos\n|upkeep\n|inactive|Time left: 300 sec this turn | 300 sec total | 5 sec grace\n|\n|t:|1783565121\n|switch|p2a: Kyogre|Kyogre, L71|259/259\n|switch|p1a: Toxicroak|Toxicroak, L84, M|100/100\n|-weather|RainDance|[from] ability: Drizzle|[of] p2a: Kyogre\n|turn|25\n|inactive|Time left: 300 sec this turn | 300 sec total\n|\n|t:|1783565122\n|move|p1a: Toxicroak|Swords Dance|p1a: Toxicroak\n|-boost|p1a: Toxicroak|atk|2\n|move|p2a: Kyogre|Thunder|p1a: Toxicroak\n|-damage|p1a: Toxicroak|65/100\n|\n|-weather|RainDance|[upkeep]\n|-heal|p1a: Toxicroak|78/100|[from] ability: Dry Skin\n|upkeep\n|turn|26\n|inactive|Time left: 300 sec this turn | 300 sec total\n|\n|t:|1783565123\n|switch|p2a: Glastrier|Glastrier, L86|56/312\n|move|p1a: Toxicroak|Gunk Shot|p2a: Glastrier\n|-damage|p2a: Glastrier|0 fnt\n|faint|p2a: Glastrier\n|-damage|p1a: Toxicroak|68/100|[from] item: Life Orb\n|\n|-weather|RainDance|[upkeep]\n|-heal|p1a: Toxicroak|80/100|[from] ability: Dry Skin\n|upkeep\n|inactive|Time left: 300 sec this turn | 300 sec total | 5 sec grace\n|\n|t:|1783565124\n|switch|p2a: Farigiraf|Farigiraf, L90, M|64/362\n|turn|27\n|inactive|Time left: 300 sec this turn | 300 sec total\n|\n|t:|1783565124\n|move|p2a: Farigiraf|Protect|p2a: Farigiraf\n|-singleturn|p2a: Farigiraf|Protect\n|move|p1a: Toxicroak|Earthquake|p2a: Farigiraf\n|-activate|p2a: Farigiraf|move: Protect\n|\n|-weather|RainDance|[upkeep]\n|-heal|p1a: Toxicroak|93/100|[from] ability: Dry Skin\n|-heal|p2a: Farigiraf|86/362|[from] item: Leftovers\n|upkeep\n|turn|28\n|inactive|Time left: 300 sec this turn | 300 sec total\n|\n|t:|1783565125\n|move|p2a: Farigiraf|Protect||[still]\n|-fail|p2a: Farigiraf\n|move|p1a: Toxicroak|Earthquake|p2a: Farigiraf\n|-damage|p2a: Farigiraf|0 fnt\n|faint|p2a: Farigiraf\n|-damage|p1a: Toxicroak|83/100|[from] item: Life Orb\n|\n|-weather|RainDance|[upkeep]\n|-heal|p1a: Toxicroak|95/100|[from] ability: Dry Skin\n|upkeep\n|inactive|Time left: 300 sec this turn | 300 sec total | 5 sec grace\n|\n|t:|1783565126\n|switch|p2a: Goodra|Goodra, L85, M|292/292\n|turn|29\n|inactive|Time left: 300 sec this turn | 300 sec total\n|\n|t:|1783565127\n|move|p1a: Toxicroak|Close Combat|p2a: Goodra\n|-damage|p2a: Goodra|0 fnt\n|-unboost|p1a: Toxicroak|def|1\n|-unboost|p1a: Toxicroak|spd|1\n|faint|p2a: Goodra\n|-damage|p1a: Toxicroak|85/100|[from] item: Life Orb\n|\n|-weather|none\n|upkeep\n|inactive|Time left: 300 sec this turn | 300 sec total | 5 sec grace\n|\n|t:|1783565128\n|switch|p2a: Kyogre|Kyogre, L71|259/259\n|-weather|RainDance|[from] ability: Drizzle|[of] p2a: Kyogre\n|turn|30\n|inactive|Time left: 300 sec this turn | 300 sec total\n|\n|t:|1783565128\n|-terastallize|p2a: Kyogre|Steel\n|move|p1a: Toxicroak|Close Combat|p2a: Kyogre\n|-supereffective|p2a: Kyogre\n|-damage|p2a: Kyogre|0 fnt\n|-unboost|p1a: Toxicroak|def|1\n|-unboost|p1a: Toxicroak|spd|1\n|faint|p2a: Kyogre\n|-damage|p1a: Toxicroak|76/100|[from] item: Life Orb\n|\n|win|p0x216774be", "uploadtime": 1783565128, "views": 0, "rating": 0, "private": 0, "password": null, "_winner": "p0x216774be", "_our_name": "p0y2167fedf"}