{"id": "battle-gen9randombattle-2835", "formatid": "gen9randombattle", "format": "[Gen 9] Random Battle", "players": ["p0x28359f74", "p0y2835f68a"], "log": "|init|battle\n|title|p0x28359f74 vs. p0y2835f68a\n|j|\u2606p0x28359f74\n|j|\u2606p0y2835f68a\n|t:|1783572658\n|gametype|singles\n|player|p1|p0x28359f74|1|\n|player|p2|p0y2835f68a|2|\n|gen|9\n|tier|[Gen 9] Random Battle\n|rule|Species Clause: Limit one of each Pok\u00e9mon\n|rule|HP Percentage Mod: HP is shown in percentages\n|rule|Sleep Clause Mod: Limit one foe put to sleep\n|rule|Illusion Level Mod: Illusion disguises the Pok\u00e9mon's true level\n|\n|t:|1783572658\n|teamsize|p1|6\n|teamsize|p2|6\n|start\n|switch|p1a: Orthworm|Orthworm, L88, F|100/100\n|switch|p2a: Kyurem|Kyurem, L77|319/319\n|-ability|p2a: Kyurem|Pressure\n|turn|1\n|inactive|Battle timer is ON: inactive players will automatically lose when time's up. (requested by p0y2835f68a)\n|\n|t:|1783572659\n|move|p2a: Kyurem|Freeze-Dry|p1a: Orthworm\n|-resisted|p1a: Orthworm\n|-damage|p1a: Orthworm|82/100\n|move|p1a: Orthworm|Coil|p1a: Orthworm\n|-boost|p1a: Orthworm|atk|1\n|-boost|p1a: Orthworm|def|1\n|-boost|p1a: Orthworm|accuracy|1\n|\n|upkeep\n|turn|2\n|inactive|p0x28359f74 also wants the timer to be on.\n|inactive|Time left: 300 sec this turn | 300 sec total\n|\n|t:|1783572661\n|switch|p2a: Spectrier|Spectrier, L75|274/274\n|move|p1a: Orthworm|Iron Tail|p2a: Spectrier\n|-damage|p2a: Spectrier|60/274\n|\n|upkeep\n|turn|3\n|inactive|Time left: 300 sec this turn | 300 sec total\n|\n|t:|1783572662\n|-terastallize|p2a: Spectrier|Fighting\n|move|p2a: Spectrier|Tera Blast|p1a: Orthworm|[anim] Tera Blast Fighting\n|-supereffective|p1a: Orthworm\n|-damage|p1a: Orthworm|0 fnt\n|faint|p1a: Orthworm\n|-ability|p2a: Spectrier|Grim Neigh|boost\n|-boost|p2a: Spectrier|spa|1\n|-damage|p2a: Spectrier|33/274|[from] item: Life Orb\n|\n|upkeep\n|\n|t:|1783572662\n|switch|p1a: Zebstrika|Zebstrika, L87, M|100/100\n|turn|4\n|inactive|Time left: 300 sec this turn | 300 sec total\n|\n|t:|1783572663\n|switch|p2a: Kyurem|Kyurem, L77|319/319\n|-ability|p2a: Kyurem|Pressure\n|move|p1a: Zebstrika|Volt Switch|p2a: Kyurem\n|-resisted|p2a: Kyurem\n|-crit|p2a: Kyurem\n|-damage|p2a: Kyurem|248/319\n|-damage|p1a: Zebstrika|91/100|[from] item: Life Orb\n|\n|t:|1783572664\n|switch|p1a: Koraidon|Koraidon, L64|100/100|[from] Volt Switch\n|-weather|SunnyDay|[from] ability: Orichalcum Pulse|[of] p1a: Koraidon\n|-activate|p1a: Koraidon|Orichalcum Pulse|[source]\n|\n|-weather|SunnyDay|[upkeep]\n|upkeep\n|turn|5\n|inactive|Time left: 300 sec this turn | 300 sec total\n|\n|t:|1783572665\n|switch|p2a: Gouging Fire|Gouging Fire, L74|277/277\n|-activate|p2a: Gouging Fire|ability: Protosynthesis\n|-start|p2a: Gouging Fire|protosynthesisdef\n|move|p1a: Koraidon|Outrage|p2a: Gouging Fire\n|-supereffective|p2a: Gouging Fire\n|-damage|p2a: Gouging Fire|17/277\n|\n|-weather|SunnyDay|[upkeep]\n|upkeep\n|turn|6\n|inactive|Time left: 300 sec this turn | 300 sec total\n|\n|t:|1783572666\n|-end|p2a: Gouging Fire|Protosynthesis|[silent]\n|switch|p2a: Zamazenta|Zamazenta-Crowned, L68|238/238\n|-ability|p2a: Zamazenta|Dauntless Shield|boost\n|-boost|p2a: Zamazenta|def|1\n|move|p1a: Koraidon|Outrage|p2a: Zamazenta|[from] lockedmove\n|-resisted|p2a: Zamazenta\n|-damage|p2a: Zamazenta|187/238\n|-start|p1a: Koraidon|confusion|[fatigue]\n|\n|-weather|SunnyDay|[upkeep]\n|upkeep\n|turn|7\n|inactive|Time left: 300 sec this turn | 300 sec total\n|\n|t:|1783572667\n|switch|p1a: Kyogre|Kyogre, L71|100/100\n|-weather|RainDance|[from] ability: Drizzle|[of] p1a: Kyogre\n|move|p2a: Zamazenta|Body Press|p1a: Kyogre\n|-damage|p1a: Kyogre|47/100\n|\n|-weather|RainDance|[upkeep]\n|-heal|p1a: Kyogre|53/100|[from] item: Leftovers\n|upkeep\n|turn|8\n|inactive|Time left: 300 sec this turn | 300 sec total\n|\n|t:|1783572668\n|move|p2a: Zamazenta|Body Press|p1a: Kyogre\n|-damage|p1a: Kyogre|0 fnt\n|faint|p1a: Kyogre\n|\n|-weather|RainDance|[upkeep]\n|upkeep\n|\n|t:|1783572669\n|switch|p1a: Koraidon|Koraidon, L64|100/100\n|-weather|SunnyDay|[from] ability: Orichalcum Pulse|[of] p1a: Koraidon\n|-activate|p1a: Koraidon|Orichalcum Pulse|[source]\n|turn|9\n|inactive|Time left: 300 sec this turn | 300 sec total\n|\n|t:|1783572670\n|move|p2a: Zamazenta|Iron Defense|p2a: Zamazenta\n|-boost|p2a: Zamazenta|def|2\n|move|p1a: Koraidon|Flare Blitz|p2a: Zamazenta\n|-supereffective|p2a: Zamazenta\n|-damage|p2a: Zamazenta|47/238\n|-damage|p1a: Koraidon|81/100|[from] Recoil\n|\n|-weather|SunnyDay|[upkeep]\n|upkeep\n|turn|10\n|inactive|Time left: 300 sec this turn | 300 sec total\n|\n|t:|1783572670\n|move|p2a: Zamazenta|Body Press|p1a: Koraidon\n|-damage|p1a: Koraidon|0 fnt\n|faint|p1a: Koraidon\n|\n|-weather|SunnyDay|[upkeep]\n|upkeep\n|\n|t:|1783572671\n|switch|p1a: Zebstrika|Zebstrika, L87, M|91/100\n|turn|11\n|inactive|Time left: 300 sec this turn | 300 sec total\n|\n|t:|1783572672\n|switch|p2a: Kyurem|Kyurem, L77|248/319\n|-ability|p2a: Kyurem|Pressure\n|move|p1a: Zebstrika|Volt Switch|p2a: Kyurem\n|-resisted|p2a: Kyurem\n|-damage|p2a: Kyurem|199/319\n|-damage|p1a: Zebstrika|81/100|[from] item: Life Orb\n|\n|t:|1783572674\n|switch|p1a: Greedent|Greedent, L86, M|100/100|[from] Volt Switch\n|\n|-weather|SunnyDay|[upkeep]\n|upkeep\n|turn|12\n|inactive|Time left: 300 sec this turn | 300 sec total\n|\n|t:|1783572674\n|move|p2a: Kyurem|Outrage|p1a: Greedent\n|-damage|p1a: Greedent|64/100\n|move|p1a: Greedent|Swords Dance|p1a: Greedent\n|-boost|p1a: Greedent|atk|2\n|\n|-weather|SunnyDay|[upkeep]\n|upkeep\n|turn|13\n|inactive|Time left: 300 sec this turn | 300 sec total\n|\n|t:|1783572675\n|move|p2a: Kyurem|Outrage|p1a: Greedent|[from] lockedmove\n|-damage|p1a: Greedent|30/100\n|-enditem|p1a: Greedent|Sitrus Berry|[eat]\n|-heal|p1a: Greedent|55/100|[from] item: Sitrus Berry\n|-heal|p1a: Greedent|88/100|[from] ability: Cheek Pouch\n|-start|p2a: Kyurem|confusion|[fatigue]\n|move|p1a: Greedent|Double-Edge|p2a: Kyurem\n|-damage|p2a: Kyurem|0 fnt\n|faint|p2a: Kyurem\n|-damage|p1a: Greedent|69/100|[from] Recoil\n|\n|-weather|none\n|upkeep\n|inactive|Time left: 300 sec this turn | 300 sec total | 5 sec grace\n|\n|t:|1783572676\n|switch|p2a: Spectrier|Spectrier, L75, tera:Fighting|33/274\n|turn|14\n|inactive|Time left: 300 sec this turn | 300 sec total\n|\n|t:|1783572677\n|-terastallize|p1a: Greedent|Ghost\n|move|p2a: Spectrier|Tera Blast|p1a: Greedent|[anim] Tera Blast Fighting\n|-immune|p1a: Greedent\n|move|p1a: Greedent|Knock Off|p2a: Spectrier\n|-resisted|p2a: Spectrier\n|-damage|p2a: Spectrier|0 fnt\n|-enditem|p2a: Spectrier|Life Orb|[from] move: Knock Off|[of] p1a: Greedent\n|faint|p2a: Spectrier\n|\n|upkeep\n|inactive|Time left: 300 sec this turn | 300 sec total | 5 sec grace\n|\n|t:|1783572678\n|switch|p2a: Gouging Fire|Gouging Fire, L74|17/277\n|turn|15\n|inactive|Time left: 300 sec this turn | 300 sec total\n|\n|t:|1783572679\n|move|p2a: Gouging Fire|Outrage|p1a: Greedent\n|-damage|p1a: Greedent|41/100\n|move|p1a: Greedent|Knock Off|p2a: Gouging Fire\n|-damage|p2a: Gouging Fire|0 fnt\n|-enditem|p2a: Gouging Fire|Heavy-Duty Boots|[from] move: Knock Off|[of] p1a: Greedent\n|faint|p2a: Gouging Fire\n|-end|p2a: Gouging Fire|Protosynthesis|[silent]\n|\n|upkeep\n|inactive|Time left: 300 sec this turn | 300 sec total | 5 sec grace\n|\n|t:|1783572680\n|switch|p2a: Ogerpon|Ogerpon-Wellspring, L76, F|247/247\n|turn|16\n|inactive|Time left: 300 sec this turn | 300 sec total\n|\n|t:|1783572681\n|move|p2a: Ogerpon|Ivy Cudgel|p1a: Greedent|[anim] Ivy Cudgel Water\n|-damage|p1a: Greedent|10/100\n|move|p1a: Greedent|Double-Edge|p2a: Ogerpon\n|-damage|p2a: Ogerpon|0 fnt\n|faint|p2a: Ogerpon\n|-damage|p1a: Greedent|0 fnt|[from] Recoil\n|faint|p1a: Greedent\n|\n|upkeep\n|inactive|Time left: 300 sec this turn | 300 sec total | 5 sec grace\n|\n|t:|1783572682\n|switch|p2a: Hitmonchan|Hitmonchan, L87, M|229/229\n|switch|p1a: Zebstrika|Zebstrika, L87, M|81/100\n|turn|17\n|inactive|Time left: 300 sec this turn | 300 sec total\n|\n|t:|1783572683\n|move|p1a: Zebstrika|Supercell Slam|p2a: Hitmonchan\n|-damage|p2a: Hitmonchan|64/229\n|-damage|p1a: Zebstrika|71/100|[from] item: Life Orb\n|move|p2a: Hitmonchan|Drain Punch|p1a: Zebstrika\n|-damage|p1a: Zebstrika|12/100\n|-heal|p2a: Hitmonchan|145/229|[from] drain|[of] p1a: Zebstrika\n|-damage|p2a: Hitmonchan|123/229|[from] item: Life Orb\n|\n|upkeep\n|turn|18\n|inactive|Time left: 300 sec this turn | 300 sec total\n|\n|t:|1783572684\n|move|p2a: Hitmonchan|Mach Punch|p1a: Zebstrika\n|-damage|p1a: Zebstrika|0 fnt\n|faint|p1a: Zebstrika\n|-damage|p2a: Hitmonchan|101/229|[from] item: Life Orb\n|\n|upkeep\n|\n|t:|1783572685\n|switch|p1a: Revavroom|Revavroom, L79, F|100/100\n|turn|19\n|inactive|Time left: 300 sec this turn | 300 sec total\n|\n|t:|1783572686\n|switch|p2a: Zamazenta|Zamazenta-Crowned, L68|47/238\n|move|p1a: Revavroom|Gunk Shot|p2a: Zamazenta\n|-immune|p2a: Zamazenta\n|\n|upkeep\n|turn|20\n|inactive|Time left: 300 sec this turn | 300 sec total\n|\n|t:|1783572687\n|switch|p2a: Hitmonchan|Hitmonchan, L87, M|101/229\n|move|p1a: Revavroom|Shift Gear|p1a: Revavroom\n|-boost|p1a: Revavroom|spe|2\n|-boost|p1a: Revavroom|atk|1\n|\n|upkeep\n|turn|21\n|inactive|Time left: 300 sec this turn | 300 sec total\n|\n|t:|1783572687\n|move|p2a: Hitmonchan|Mach Punch|p1a: Revavroom\n|-damage|p1a: Revavroom|71/100\n|-damage|p2a: Hitmonchan|79/229|[from] item: Life Orb\n|move|p1a: Revavroom|Iron Head|p2a: Hitmonchan\n|-damage|p2a: Hitmonchan|0 fnt\n|faint|p2a: Hitmonchan\n|-damage|p1a: Revavroom|61/100|[from] item: Life Orb\n|\n|upkeep\n|inactive|Time left: 300 sec this turn | 300 sec total | 5 sec grace\n|\n|t:|1783572688\n|switch|p2a: Zamazenta|Zamazenta-Crowned, L68|47/238\n|turn|22\n|inactive|Time left: 300 sec this turn | 300 sec total\n|\n|t:|1783572689\n|move|p1a: Revavroom|Iron Head|p2a: Zamazenta\n|-resisted|p2a: Zamazenta\n|-crit|p2a: Zamazenta\n|-damage|p2a: Zamazenta|0 fnt\n|faint|p2a: Zamazenta\n|-damage|p1a: Revavroom|52/100|[from] item: Life Orb\n|\n|win|p0x28359f74", "uploadtime": 1783572689, "views": 0, "rating": 0, "private": 0, "password": null, "_winner": "p0x28359f74", "_our_name": "p0y2835f68a"}