{"id": "battle-gen9randombattle-1106", "formatid": "gen9randombattle", "format": "[Gen 9] Random Battle", "players": ["p0x110628ef", "p0y11067e58"], "log": "|init|battle\n|title|p0x110628ef vs. p0y11067e58\n|j|\u2606p0x110628ef\n|j|\u2606p0y11067e58\n|t:|1783551996\n|gametype|singles\n|player|p1|p0x110628ef|265|\n|player|p2|p0y11067e58|169|\n|gen|9\n|tier|[Gen 9] Random Battle\n|rule|Species Clause: Limit one of each Pok\u00e9mon\n|rule|HP Percentage Mod: HP is shown in percentages\n|rule|Sleep Clause Mod: Limit one foe put to sleep\n|rule|Illusion Level Mod: Illusion disguises the Pok\u00e9mon's true level\n|\n|t:|1783551996\n|teamsize|p1|6\n|teamsize|p2|6\n|start\n|switch|p1a: Trevenant|Trevenant, L89, M|100/100\n|switch|p2a: Victreebel|Victreebel, L90, F|290/290\n|turn|1\n|inactive|Battle timer is ON: inactive players will automatically lose when time's up. (requested by p0y11067e58)\n|inactive|p0x110628ef also wants the timer to be on.\n|\n|t:|1783551998\n|move|p2a: Victreebel|Swords Dance|p2a: Victreebel\n|-boost|p2a: Victreebel|atk|2\n|move|p1a: Trevenant|Poltergeist|p2a: Victreebel\n|-activate|p2a: Victreebel|move: Poltergeist|Life Orb\n|-damage|p2a: Victreebel|60/290\n|-damage|p1a: Trevenant|91/100|[from] item: Life Orb\n|\n|upkeep\n|turn|2\n|inactive|Time left: 300 sec this turn | 300 sec total\n|\n|t:|1783551999\n|switch|p1a: Solgaleo|Solgaleo, L74|100/100\n|move|p2a: Victreebel|Poison Jab|p1a: Solgaleo\n|-immune|p1a: Solgaleo\n|\n|upkeep\n|turn|3\n|inactive|Time left: 300 sec this turn | 300 sec total\n|\n|t:|1783552000\n|move|p2a: Victreebel|Sucker Punch|p1a: Solgaleo\n|-supereffective|p1a: Solgaleo\n|-damage|p1a: Solgaleo|0 fnt\n|faint|p1a: Solgaleo\n|-damage|p2a: Victreebel|31/290|[from] item: Life Orb\n|\n|upkeep\n|\n|t:|1783552001\n|switch|p1a: Urshifu|Urshifu, L74, M|100/100\n|turn|4\n|inactive|Time left: 300 sec this turn | 300 sec total\n|\n|t:|1783552002\n|move|p2a: Victreebel|Sucker Punch|p1a: Urshifu\n|-resisted|p1a: Urshifu\n|-damage|p1a: Urshifu|86/100\n|-damage|p2a: Victreebel|2/290|[from] item: Life Orb\n|move|p1a: Urshifu|Wicked Blow|p2a: Victreebel\n|-crit|p2a: Victreebel\n|-damage|p2a: Victreebel|0 fnt\n|faint|p2a: Victreebel\n|\n|upkeep\n|inactive|Time left: 300 sec this turn | 300 sec total | 5 sec grace\n|\n|t:|1783552003\n|switch|p2a: Mabosstiff|Mabosstiff, L86, F|278/278\n|turn|5\n|inactive|Time left: 300 sec this turn | 300 sec total\n|\n|t:|1783552005\n|move|p2a: Mabosstiff|Play Rough|p1a: Urshifu\n|-supereffective|p1a: Urshifu\n|-damage|p1a: Urshifu|0 fnt\n|faint|p1a: Urshifu\n|\n|upkeep\n|\n|t:|1783552006\n|switch|p1a: Armarouge|Armarouge, L80, F|100/100\n|turn|6\n|inactive|Time left: 300 sec this turn | 300 sec total\n|\n|t:|1783552007\n|switch|p2a: Miraidon|Miraidon, L65|238/238\n|-fieldstart|move: Electric Terrain|[from] ability: Hadron Engine|[of] p2a: Miraidon\n|move|p1a: Armarouge|Armor Cannon|p2a: Miraidon\n|-resisted|p2a: Miraidon\n|-damage|p2a: Miraidon|121/238\n|-unboost|p1a: Armarouge|def|1\n|-unboost|p1a: Armarouge|spd|1\n|\n|upkeep\n|turn|7\n|inactive|Time left: 300 sec this turn | 300 sec total\n|\n|t:|1783552008\n|switch|p1a: Trevenant|Trevenant, L89, M|91/100\n|move|p2a: Miraidon|Electro Drift|p1a: Trevenant\n|-resisted|p1a: Trevenant\n|-damage|p1a: Trevenant|58/100\n|-damage|p2a: Miraidon|98/238|[from] item: Life Orb\n|\n|upkeep\n|turn|8\n|inactive|Time left: 300 sec this turn | 300 sec total\n|\n|t:|1783552009\n|move|p2a: Miraidon|Draco Meteor|p1a: Trevenant\n|-damage|p1a: Trevenant|0 fnt\n|-unboost|p2a: Miraidon|spa|2\n|faint|p1a: Trevenant\n|-damage|p2a: Miraidon|75/238|[from] item: Life Orb\n|\n|upkeep\n|\n|t:|1783552009\n|switch|p1a: Sudowoodo|Sudowoodo, L94, M|100/100\n|turn|9\n|inactive|Time left: 300 sec this turn | 300 sec total\n|\n|t:|1783552010\n|move|p2a: Miraidon|Draco Meteor|p1a: Sudowoodo|[miss]\n|-miss|p2a: Miraidon|p1a: Sudowoodo\n|move|p1a: Sudowoodo|Head Smash|p2a: Miraidon\n|-damage|p2a: Miraidon|0 fnt\n|faint|p2a: Miraidon\n|\n|upkeep\n|inactive|Time left: 300 sec this turn | 300 sec total | 5 sec grace\n|\n|t:|1783552011\n|switch|p2a: Primarina|Primarina, L83, M|268/268\n|turn|10\n|inactive|Time left: 300 sec this turn | 300 sec total\n|\n|t:|1783552012\n|-terastallize|p1a: Sudowoodo|Grass\n|move|p2a: Primarina|Hydro Pump|p1a: Sudowoodo|[miss]\n|-miss|p2a: Primarina|p1a: Sudowoodo\n|move|p1a: Sudowoodo|Wood Hammer|p2a: Primarina\n|-supereffective|p2a: Primarina\n|-damage|p2a: Primarina|0 fnt\n|faint|p2a: Primarina\n|\n|-fieldend|move: Electric Terrain\n|upkeep\n|inactive|Time left: 300 sec this turn | 300 sec total | 5 sec grace\n|\n|t:|1783552012\n|switch|p2a: Cobalion|Cobalion, L80|277/277\n|turn|11\n|inactive|Time left: 300 sec this turn | 300 sec total\n|\n|t:|1783552013\n|move|p2a: Cobalion|Swords Dance|p2a: Cobalion\n|-boost|p2a: Cobalion|atk|2\n|move|p1a: Sudowoodo|Earthquake|p2a: Cobalion\n|-supereffective|p2a: Cobalion\n|-damage|p2a: Cobalion|141/277\n|\n|upkeep\n|turn|12\n|inactive|Time left: 300 sec this turn | 300 sec total\n|\n|t:|1783552014\n|move|p2a: Cobalion|Close Combat|p1a: Sudowoodo\n|-damage|p1a: Sudowoodo|23/100\n|-unboost|p2a: Cobalion|def|1\n|-unboost|p2a: Cobalion|spd|1\n|-damage|p2a: Cobalion|114/277|[from] item: Life Orb\n|move|p1a: Sudowoodo|Earthquake|p2a: Cobalion\n|-supereffective|p2a: Cobalion\n|-damage|p2a: Cobalion|0 fnt\n|faint|p2a: Cobalion\n|\n|-heal|p1a: Sudowoodo|29/100|[from] item: Leftovers\n|upkeep\n|inactive|Time left: 300 sec this turn | 300 sec total | 5 sec grace\n|\n|t:|1783552016\n|switch|p2a: Mabosstiff|Mabosstiff, L86, F|278/278\n|turn|13\n|inactive|Time left: 300 sec this turn | 300 sec total\n|\n|t:|1783552017\n|move|p2a: Mabosstiff|Crunch|p1a: Sudowoodo\n|-damage|p1a: Sudowoodo|0 fnt\n|faint|p1a: Sudowoodo\n|\n|upkeep\n|\n|t:|1783552017\n|switch|p1a: Armarouge|Armarouge, L80, F|100/100\n|turn|14\n|inactive|Time left: 300 sec this turn | 300 sec total\n|\n|t:|1783552018\n|move|p2a: Mabosstiff|Crunch|p1a: Armarouge\n|-supereffective|p1a: Armarouge\n|-damage|p1a: Armarouge|0 fnt\n|faint|p1a: Armarouge\n|\n|upkeep\n|\n|t:|1783552019\n|switch|p1a: Altaria|Altaria, L89, F|100/100\n|turn|15\n|inactive|Time left: 300 sec this turn | 300 sec total\n|\n|t:|1783552020\n|move|p2a: Mabosstiff|Crunch|p1a: Altaria\n|-damage|p1a: Altaria|47/100\n|move|p1a: Altaria|Roost|p1a: Altaria\n|-heal|p1a: Altaria|97/100\n|-singleturn|p1a: Altaria|move: Roost\n|\n|upkeep\n|turn|16\n|inactive|Time left: 300 sec this turn | 300 sec total\n|\n|t:|1783552021\n|-terastallize|p2a: Mabosstiff|Fairy\n|move|p2a: Mabosstiff|Crunch|p1a: Altaria\n|-damage|p1a: Altaria|48/100\n|move|p1a: Altaria|Roost|p1a: Altaria\n|-heal|p1a: Altaria|98/100\n|-singleturn|p1a: Altaria|move: Roost\n|\n|upkeep\n|turn|17\n|inactive|Time left: 300 sec this turn | 300 sec total\n|\n|t:|1783552022\n|move|p2a: Mabosstiff|Crunch|p1a: Altaria\n|-damage|p1a: Altaria|48/100\n|move|p1a: Altaria|Roost|p1a: Altaria\n|-heal|p1a: Altaria|98/100\n|-singleturn|p1a: Altaria|move: Roost\n|\n|upkeep\n|turn|18\n|inactive|Time left: 300 sec this turn | 300 sec total\n|\n|t:|1783552023\n|move|p2a: Mabosstiff|Crunch|p1a: Altaria\n|-damage|p1a: Altaria|42/100\n|move|p1a: Altaria|Roost|p1a: Altaria\n|-heal|p1a: Altaria|92/100\n|-singleturn|p1a: Altaria|move: Roost\n|\n|upkeep\n|turn|19\n|inactive|Time left: 300 sec this turn | 300 sec total\n|\n|t:|1783552024\n|move|p2a: Mabosstiff|Crunch|p1a: Altaria\n|-damage|p1a: Altaria|35/100\n|-unboost|p1a: Altaria|def|1\n|move|p1a: Altaria|Roost|p1a: Altaria\n|-heal|p1a: Altaria|85/100\n|-singleturn|p1a: Altaria|move: Roost\n|\n|upkeep\n|turn|20\n|inactive|Time left: 300 sec this turn | 300 sec total\n|\n|t:|1783552025\n|move|p2a: Mabosstiff|Crunch|p1a: Altaria\n|-damage|p1a: Altaria|9/100\n|move|p1a: Altaria|Defog|p2a: Mabosstiff\n|-unboost|p2a: Mabosstiff|evasion|1\n|\n|upkeep\n|turn|21\n|inactive|Time left: 300 sec this turn | 300 sec total\n|\n|t:|1783552026\n|move|p2a: Mabosstiff|Crunch|p1a: Altaria\n|-crit|p1a: Altaria\n|-damage|p1a: Altaria|0 fnt\n|faint|p1a: Altaria\n|\n|win|p0y11067e58", "uploadtime": 1783552026, "views": 0, "rating": 0, "private": 0, "password": null, "_winner": "p0y11067e58", "_our_name": "p0y11067e58"}