{"id": "battle-gen9randombattle-2381", "formatid": "gen9randombattle", "format": "[Gen 9] Random Battle", "players": ["p0x238133f5", "p0y2381027b"], "log": "|init|battle\n|title|p0x238133f5 vs. p0y2381027b\n|j|\u2606p0x238133f5\n|j|\u2606p0y2381027b\n|t:|1783567648\n|gametype|singles\n|player|p1|p0x238133f5|101|\n|player|p2|p0y2381027b|265|\n|gen|9\n|tier|[Gen 9] Random Battle\n|rule|Species Clause: Limit one of each Pok\u00e9mon\n|rule|HP Percentage Mod: HP is shown in percentages\n|rule|Sleep Clause Mod: Limit one foe put to sleep\n|rule|Illusion Level Mod: Illusion disguises the Pok\u00e9mon's true level\n|\n|t:|1783567648\n|teamsize|p1|6\n|teamsize|p2|6\n|start\n|switch|p1a: Gouging Fire|Gouging Fire, L74|277/277\n|switch|p2a: Glaceon|Glaceon, L94, M|100/100\n|turn|1\n|inactive|Battle timer is ON: inactive players will automatically lose when time's up. (requested by p0x238133f5)\n|inactive|p0y2381027b also wants the timer to be on.\n|\n|t:|1783567650\n|move|p1a: Gouging Fire|Dragon Dance|p1a: Gouging Fire\n|-boost|p1a: Gouging Fire|atk|1\n|-boost|p1a: Gouging Fire|spe|1\n|move|p2a: Glaceon|Freeze-Dry|p1a: Gouging Fire\n|-damage|p1a: Gouging Fire|157/277\n|\n|upkeep\n|turn|2\n|inactive|Time left: 300 sec this turn | 300 sec total\n|\n|t:|1783567651\n|-terastallize|p2a: Glaceon|Water\n|move|p1a: Gouging Fire|Heat Crash|p2a: Glaceon\n|-resisted|p2a: Glaceon\n|-damage|p2a: Glaceon|76/100\n|move|p2a: Glaceon|Freeze-Dry|p1a: Gouging Fire\n|-damage|p1a: Gouging Fire|34/277\n|\n|upkeep\n|turn|3\n|inactive|Time left: 300 sec this turn | 300 sec total\n|\n|t:|1783567652\n|move|p1a: Gouging Fire|Outrage|p2a: Glaceon\n|-damage|p2a: Glaceon|28/100\n|move|p2a: Glaceon|Freeze-Dry|p1a: Gouging Fire\n|-damage|p1a: Gouging Fire|0 fnt\n|faint|p1a: Gouging Fire\n|-end|p1a: Gouging Fire|Protosynthesis|[silent]\n|\n|upkeep\n|inactive|Time left: 300 sec this turn | 300 sec total | 5 sec grace\n|\n|t:|1783567652\n|switch|p1a: Vikavolt|Vikavolt, L83, M|263/263\n|turn|4\n|inactive|Time left: 300 sec this turn | 300 sec total\n|\n|t:|1783567654\n|move|p2a: Glaceon|Freeze-Dry|p1a: Vikavolt\n|-damage|p1a: Vikavolt|128/263\n|move|p1a: Vikavolt|Sticky Web|p2a: Glaceon\n|-sidestart|p2: p0y2381027b|move: Sticky Web\n|\n|upkeep\n|turn|5\n|inactive|Time left: 300 sec this turn | 300 sec total\n|\n|t:|1783567655\n|switch|p1a: Hitmonlee|Hitmonlee, L85, M|224/224\n|move|p2a: Glaceon|Freeze-Dry|p1a: Hitmonlee\n|-damage|p1a: Hitmonlee|133/224\n|\n|upkeep\n|turn|6\n|inactive|Time left: 300 sec this turn | 300 sec total\n|\n|t:|1783567656\n|move|p2a: Glaceon|Protect|p2a: Glaceon\n|-singleturn|p2a: Glaceon|Protect\n|move|p1a: Hitmonlee|Close Combat|p2a: Glaceon\n|-activate|p2a: Glaceon|move: Protect\n|\n|upkeep\n|turn|7\n|inactive|Time left: 300 sec this turn | 300 sec total\n|\n|t:|1783567656\n|move|p1a: Hitmonlee|Close Combat|p2a: Glaceon\n|-damage|p2a: Glaceon|0 fnt\n|-unboost|p1a: Hitmonlee|def|1\n|-unboost|p1a: Hitmonlee|spd|1\n|faint|p2a: Glaceon\n|-enditem|p1a: Hitmonlee|White Herb\n|-clearnegativeboost|p1a: Hitmonlee|[silent]\n|\n|upkeep\n|\n|t:|1783567657\n|switch|p2a: Tinkaton|Tinkaton, L82, F|100/100\n|-activate|p2a: Tinkaton|move: Sticky Web\n|-unboost|p2a: Tinkaton|spe|1\n|-ability|p2a: Tinkaton|Mold Breaker\n|turn|8\n|inactive|Time left: 300 sec this turn | 300 sec total\n|\n|t:|1783567658\n|move|p1a: Hitmonlee|Close Combat|p2a: Tinkaton\n|-damage|p2a: Tinkaton|34/100\n|-unboost|p1a: Hitmonlee|def|1\n|-unboost|p1a: Hitmonlee|spd|1\n|move|p2a: Tinkaton|Gigaton Hammer|p1a: Hitmonlee\n|-crit|p1a: Hitmonlee\n|-damage|p1a: Hitmonlee|0 fnt\n|faint|p1a: Hitmonlee\n|\n|-heal|p2a: Tinkaton|41/100|[from] item: Leftovers\n|upkeep\n|inactive|Time left: 300 sec this turn | 300 sec total | 5 sec grace\n|\n|t:|1783567659\n|switch|p1a: Terrakion|Terrakion, L79|273/273\n|turn|9\n|inactive|Time left: 300 sec this turn | 300 sec total\n|\n|t:|1783567660\n|move|p1a: Terrakion|Earthquake|p2a: Tinkaton\n|-supereffective|p2a: Tinkaton\n|-damage|p2a: Tinkaton|0 fnt\n|faint|p2a: Tinkaton\n|-damage|p1a: Terrakion|246/273|[from] item: Life Orb\n|\n|upkeep\n|\n|t:|1783567661\n|switch|p2a: Dragalge|Dragalge, L88, M|100/100\n|-activate|p2a: Dragalge|move: Sticky Web\n|-unboost|p2a: Dragalge|spe|1\n|turn|10\n|inactive|Time left: 300 sec this turn | 300 sec total\n|\n|t:|1783567662\n|move|p1a: Terrakion|Swords Dance|p1a: Terrakion\n|-boost|p1a: Terrakion|atk|2\n|move|p2a: Dragalge|Draco Meteor|p1a: Terrakion\n|-damage|p1a: Terrakion|42/273\n|-unboost|p2a: Dragalge|spa|2\n|\n|upkeep\n|turn|11\n|inactive|Time left: 300 sec this turn | 300 sec total\n|\n|t:|1783567663\n|switch|p2a: Urshifu|Urshifu, L74, F|100/100\n|-activate|p2a: Urshifu|move: Sticky Web\n|-unboost|p2a: Urshifu|spe|1\n|move|p1a: Terrakion|Stone Edge|p2a: Urshifu|[miss]\n|-miss|p1a: Terrakion|p2a: Urshifu\n|\n|upkeep\n|turn|12\n|inactive|Time left: 300 sec this turn | 300 sec total\n|\n|t:|1783567664\n|switch|p2a: Dragalge|Dragalge, L88, M|100/100\n|-activate|p2a: Dragalge|move: Sticky Web\n|-unboost|p2a: Dragalge|spe|1\n|move|p1a: Terrakion|Close Combat|p2a: Dragalge\n|-resisted|p2a: Dragalge\n|-damage|p2a: Dragalge|31/100\n|-unboost|p1a: Terrakion|def|1\n|-unboost|p1a: Terrakion|spd|1\n|-damage|p1a: Terrakion|15/273|[from] item: Life Orb\n|\n|upkeep\n|turn|13\n|inactive|Time left: 300 sec this turn | 300 sec total\n|\n|t:|1783567666\n|move|p1a: Terrakion|Close Combat|p2a: Dragalge\n|-resisted|p2a: Dragalge\n|-damage|p2a: Dragalge|0 fnt\n|-unboost|p1a: Terrakion|def|1\n|-unboost|p1a: Terrakion|spd|1\n|faint|p2a: Dragalge\n|-damage|p1a: Terrakion|0 fnt|[from] item: Life Orb\n|faint|p1a: Terrakion\n|\n|upkeep\n|inactive|Time left: 300 sec this turn | 300 sec total | 5 sec grace\n|\n|t:|1783567667\n|switch|p1a: Hatterene|Hatterene, L85, F|236/236\n|switch|p2a: Articuno|Articuno, L86|100/100\n|-ability|p2a: Articuno|Pressure\n|turn|14\n|inactive|Time left: 300 sec this turn | 300 sec total\n|\n|t:|1783567668\n|move|p2a: Articuno|Brave Bird|p1a: Hatterene\n|-damage|p1a: Hatterene|130/236\n|-damage|p2a: Articuno|89/100|[from] Recoil\n|move|p1a: Hatterene|Calm Mind|p1a: Hatterene\n|-boost|p1a: Hatterene|spa|1\n|-boost|p1a: Hatterene|spd|1\n|\n|-heal|p1a: Hatterene|144/236|[from] item: Leftovers\n|upkeep\n|turn|15\n|inactive|Time left: 300 sec this turn | 300 sec total\n|\n|t:|1783567669\n|-terastallize|p1a: Hatterene|Fairy\n|move|p2a: Articuno|Brave Bird|p1a: Hatterene\n|-damage|p1a: Hatterene|29/236\n|-damage|p2a: Articuno|76/100|[from] Recoil\n|move|p1a: Hatterene|Draining Kiss|p2a: Articuno\n|-damage|p2a: Articuno|35/100\n|-heal|p1a: Hatterene|119/236|[from] drain|[of] p2a: Articuno\n|\n|-heal|p1a: Hatterene|133/236|[from] item: Leftovers\n|upkeep\n|turn|16\n|inactive|Time left: 300 sec this turn | 300 sec total\n|\n|t:|1783567670\n|move|p2a: Articuno|Brave Bird|p1a: Hatterene\n|-damage|p1a: Hatterene|28/236\n|-damage|p2a: Articuno|23/100|[from] Recoil\n|move|p1a: Hatterene|Draining Kiss|p2a: Articuno\n|-damage|p2a: Articuno|0 fnt\n|-heal|p1a: Hatterene|78/236|[from] drain|[of] p2a: Articuno\n|faint|p2a: Articuno\n|\n|-heal|p1a: Hatterene|92/236|[from] item: Leftovers\n|upkeep\n|\n|t:|1783567671\n|switch|p2a: Greninja|Greninja, L80, M|100/100\n|-activate|p2a: Greninja|move: Sticky Web\n|-unboost|p2a: Greninja|spe|1\n|turn|17\n|inactive|Time left: 300 sec this turn | 300 sec total\n|\n|t:|1783567672\n|move|p2a: Greninja|Gunk Shot|p1a: Hatterene|[miss]\n|-miss|p2a: Greninja|p1a: Hatterene\n|move|p1a: Hatterene|Draining Kiss|p2a: Greninja\n|-supereffective|p2a: Greninja\n|-damage|p2a: Greninja|0 fnt\n|-heal|p1a: Hatterene|236/236|[from] drain|[of] p2a: Greninja\n|faint|p2a: Greninja\n|\n|upkeep\n|\n|t:|1783567673\n|switch|p2a: Urshifu|Urshifu, L74, F|100/100\n|-activate|p2a: Urshifu|move: Sticky Web\n|-unboost|p2a: Urshifu|spe|1\n|turn|18\n|inactive|Time left: 300 sec this turn | 300 sec total\n|\n|t:|1783567673\n|move|p2a: Urshifu|Poison Jab|p1a: Hatterene\n|-supereffective|p1a: Hatterene\n|-damage|p1a: Hatterene|98/236\n|-damage|p2a: Urshifu|90/100|[from] item: Life Orb\n|move|p1a: Hatterene|Draining Kiss|p2a: Urshifu\n|-supereffective|p2a: Urshifu\n|-damage|p2a: Urshifu|0 fnt\n|-heal|p1a: Hatterene|236/236|[from] drain|[of] p2a: Urshifu\n|faint|p2a: Urshifu\n|\n|win|p0x238133f5", "uploadtime": 1783567673, "views": 0, "rating": 0, "private": 0, "password": null, "_winner": "p0x238133f5", "_our_name": "p0x238133f5"}