{"id": "battle-gen9randombattle-1107", "formatid": "gen9randombattle", "format": "[Gen 9] Random Battle", "players": ["p0x11077e7a", "p0y1107b2ee"], "log": "|init|battle\n|title|p0x11077e7a vs. p0y1107b2ee\n|j|\u2606p0x11077e7a\n|j|\u2606p0y1107b2ee\n|t:|1783552000\n|gametype|singles\n|player|p1|p0x11077e7a|1|\n|player|p2|p0y1107b2ee|102|\n|gen|9\n|tier|[Gen 9] Random Battle\n|rule|Species Clause: Limit one of each Pok\u00e9mon\n|rule|HP Percentage Mod: HP is shown in percentages\n|rule|Sleep Clause Mod: Limit one foe put to sleep\n|rule|Illusion Level Mod: Illusion disguises the Pok\u00e9mon's true level\n|\n|t:|1783552000\n|teamsize|p1|6\n|teamsize|p2|6\n|start\n|switch|p1a: Gurdurr|Gurdurr, L85, M|283/283\n|switch|p2a: Exeggutor|Exeggutor-Alola, L89, F|100/100\n|turn|1\n|inactive|Battle timer is ON: inactive players will automatically lose when time's up. (requested by p0x11077e7a)\n|\n|t:|1783552001\n|move|p2a: Exeggutor|Wood Hammer|p1a: Gurdurr\n|-damage|p1a: Gurdurr|184/283\n|-damage|p2a: Exeggutor|90/100|[from] Recoil\n|move|p1a: Gurdurr|Drain Punch|p2a: Exeggutor\n|-damage|p2a: Exeggutor|60/100\n|-heal|p1a: Gurdurr|231/283|[from] drain|[of] p2a: Exeggutor\n|\n|upkeep\n|turn|2\n|inactive|Time left: 300 sec this turn | 300 sec total\n|inactive|p0y1107b2ee also wants the timer to be on.\n|\n|t:|1783552003\n|move|p2a: Exeggutor|Flamethrower|p1a: Gurdurr\n|-damage|p1a: Gurdurr|140/283\n|move|p1a: Gurdurr|Knock Off|p2a: Exeggutor\n|-crit|p2a: Exeggutor\n|-damage|p2a: Exeggutor|23/100\n|-enditem|p2a: Exeggutor|Sitrus Berry|[from] move: Knock Off|[of] p1a: Gurdurr\n|\n|upkeep\n|turn|3\n|inactive|Time left: 300 sec this turn | 300 sec total\n|\n|t:|1783552004\n|move|p2a: Exeggutor|Draco Meteor|p1a: Gurdurr\n|-damage|p1a: Gurdurr|0 fnt\n|-unboost|p2a: Exeggutor|spa|2\n|faint|p1a: Gurdurr\n|\n|upkeep\n|inactive|Time left: 300 sec this turn | 300 sec total | 5 sec grace\n|\n|t:|1783552005\n|switch|p1a: Oranguru|Oranguru, L92, M|315/315\n|turn|4\n|inactive|Time left: 300 sec this turn | 300 sec total\n|\n|t:|1783552006\n|switch|p2a: Gumshoos|Gumshoos, L95, M|100/100\n|move|p1a: Oranguru|Nasty Plot|p1a: Oranguru\n|-boost|p1a: Oranguru|spa|2\n|\n|upkeep\n|turn|5\n|inactive|Time left: 300 sec this turn | 300 sec total\n|\n|t:|1783552007\n|move|p1a: Oranguru|Hyper Voice|p2a: Gumshoos\n|-damage|p2a: Gumshoos|8/100\n|-damage|p1a: Oranguru|284/315|[from] item: Life Orb\n|move|p2a: Gumshoos|Double-Edge|p1a: Oranguru\n|-damage|p1a: Oranguru|0 fnt\n|faint|p1a: Oranguru\n|-damage|p2a: Gumshoos|0 fnt|[from] Recoil\n|faint|p2a: Gumshoos\n|\n|upkeep\n|inactive|Time left: 300 sec this turn | 300 sec total | 5 sec grace\n|\n|t:|1783552008\n|switch|p1a: Whiscash|Whiscash, L88, F|337/337\n|switch|p2a: Gengar|Gengar, L81, M|100/100\n|turn|6\n|inactive|Time left: 300 sec this turn | 300 sec total\n|\n|t:|1783552009\n|switch|p2a: Oricorio|Oricorio-Pom-Pom, L82, F|100/100\n|move|p1a: Whiscash|Earthquake|p2a: Oricorio\n|-immune|p2a: Oricorio\n|\n|upkeep\n|turn|7\n|inactive|Time left: 300 sec this turn | 300 sec total\n|\n|t:|1783552010\n|move|p2a: Oricorio|Quiver Dance|p2a: Oricorio\n|-boost|p2a: Oricorio|spa|1\n|-boost|p2a: Oricorio|spd|1\n|-boost|p2a: Oricorio|spe|1\n|move|p1a: Whiscash|Ice Beam|p2a: Oricorio\n|-supereffective|p2a: Oricorio\n|-damage|p2a: Oricorio|65/100\n|\n|upkeep\n|turn|8\n|inactive|Time left: 300 sec this turn | 300 sec total\n|\n|t:|1783552011\n|move|p2a: Oricorio|Quiver Dance|p2a: Oricorio\n|-boost|p2a: Oricorio|spa|1\n|-boost|p2a: Oricorio|spd|1\n|-boost|p2a: Oricorio|spe|1\n|move|p1a: Whiscash|Ice Beam|p2a: Oricorio\n|-supereffective|p2a: Oricorio\n|-damage|p2a: Oricorio|37/100\n|\n|upkeep\n|turn|9\n|inactive|Time left: 300 sec this turn | 300 sec total\n|\n|t:|1783552012\n|move|p2a: Oricorio|Hurricane|p1a: Whiscash\n|-damage|p1a: Whiscash|96/337\n|-start|p1a: Whiscash|confusion\n|-activate|p1a: Whiscash|confusion\n|move|p1a: Whiscash|Ice Beam|p2a: Oricorio\n|-supereffective|p2a: Oricorio\n|-damage|p2a: Oricorio|11/100\n|-status|p2a: Oricorio|frz\n|\n|-heal|p1a: Whiscash|117/337|[from] item: Leftovers\n|upkeep\n|turn|10\n|inactive|Time left: 300 sec this turn | 300 sec total\n|\n|t:|1783552013\n|switch|p1a: Wyrdeer|Wyrdeer, L87, F|321/321\n|-ability|p1a: Wyrdeer|Intimidate|boost\n|-unboost|p2a: Oricorio|atk|1\n|cant|p2a: Oricorio|frz\n|\n|upkeep\n|turn|11\n|inactive|Time left: 300 sec this turn | 300 sec total\n|\n|t:|1783552013\n|cant|p2a: Oricorio|frz\n|move|p1a: Wyrdeer|Psychic Noise|p2a: Oricorio\n|-damage|p2a: Oricorio|0 fnt\n|faint|p2a: Oricorio\n|\n|upkeep\n|\n|t:|1783552014\n|switch|p2a: Wyrdeer|Wyrdeer, L87, M|100/100\n|-ability|p2a: Wyrdeer|Intimidate|boost\n|-unboost|p1a: Wyrdeer|atk|1\n|turn|12\n|inactive|Time left: 300 sec this turn | 300 sec total\n|\n|t:|1783552015\n|switch|p1a: Whiscash|Whiscash, L88, F|117/337\n|move|p2a: Wyrdeer|Earthquake|p1a: Whiscash\n|-damage|p1a: Whiscash|24/337\n|\n|-heal|p1a: Whiscash|45/337|[from] item: Leftovers\n|upkeep\n|turn|13\n|inactive|Time left: 300 sec this turn | 300 sec total\n|\n|t:|1783552016\n|switch|p1a: Wyrdeer|Wyrdeer, L87, F|321/321\n|-ability|p1a: Wyrdeer|Intimidate|boost\n|-unboost|p2a: Wyrdeer|atk|1\n|move|p2a: Wyrdeer|Earthquake|p1a: Wyrdeer\n|-damage|p1a: Wyrdeer|264/321\n|\n|-heal|p1a: Wyrdeer|284/321|[from] item: Leftovers\n|upkeep\n|turn|14\n|inactive|Time left: 300 sec this turn | 300 sec total\n|\n|t:|1783552017\n|move|p1a: Wyrdeer|Body Slam|p2a: Wyrdeer\n|-damage|p2a: Wyrdeer|66/100\n|-status|p2a: Wyrdeer|par\n|move|p2a: Wyrdeer|Megahorn|p1a: Wyrdeer\n|-supereffective|p1a: Wyrdeer\n|-damage|p1a: Wyrdeer|128/321\n|\n|-heal|p1a: Wyrdeer|148/321|[from] item: Leftovers\n|-heal|p2a: Wyrdeer|72/100 par|[from] item: Leftovers\n|upkeep\n|turn|15\n|inactive|Time left: 300 sec this turn | 300 sec total\n|\n|t:|1783552018\n|move|p1a: Wyrdeer|Body Slam|p2a: Wyrdeer\n|-damage|p2a: Wyrdeer|35/100 par\n|cant|p2a: Wyrdeer|par\n|\n|-heal|p1a: Wyrdeer|168/321|[from] item: Leftovers\n|-heal|p2a: Wyrdeer|42/100 par|[from] item: Leftovers\n|upkeep\n|turn|16\n|inactive|Time left: 300 sec this turn | 300 sec total\n|\n|t:|1783552019\n|move|p1a: Wyrdeer|Earthquake|p2a: Wyrdeer\n|-damage|p2a: Wyrdeer|14/100 par\n|move|p2a: Wyrdeer|Megahorn|p1a: Wyrdeer\n|-supereffective|p1a: Wyrdeer\n|-damage|p1a: Wyrdeer|20/321\n|\n|-heal|p1a: Wyrdeer|40/321|[from] item: Leftovers\n|-heal|p2a: Wyrdeer|20/100 par|[from] item: Leftovers\n|upkeep\n|turn|17\n|inactive|Time left: 300 sec this turn | 300 sec total\n|\n|t:|1783552021\n|move|p1a: Wyrdeer|Body Slam|p2a: Wyrdeer\n|-damage|p2a: Wyrdeer|0 fnt\n|faint|p2a: Wyrdeer\n|\n|-heal|p1a: Wyrdeer|60/321|[from] item: Leftovers\n|upkeep\n|\n|t:|1783552022\n|switch|p2a: Gengar|Gengar, L81, M|100/100\n|turn|18\n|inactive|Time left: 300 sec this turn | 300 sec total\n|\n|t:|1783552023\n|move|p2a: Gengar|Sludge Wave|p1a: Wyrdeer\n|-damage|p1a: Wyrdeer|0 fnt\n|faint|p1a: Wyrdeer\n|-damage|p2a: Gengar|90/100|[from] item: Life Orb\n|\n|upkeep\n|inactive|Time left: 300 sec this turn | 300 sec total | 5 sec grace\n|\n|t:|1783552024\n|switch|p1a: Ogerpon|Ogerpon-Cornerstone, L76, F|247/247\n|turn|19\n|inactive|Time left: 300 sec this turn | 300 sec total\n|\n|t:|1783552025\n|-terastallize|p1a: Ogerpon|Rock\n|detailschange|p1a: Ogerpon|Ogerpon-Cornerstone-Tera, L76, F, tera:Rock\n|-ability|p1a: Ogerpon|Embody Aspect (Cornerstone)|boost\n|-boost|p1a: Ogerpon|def|1\n|move|p2a: Gengar|Focus Blast|p1a: Ogerpon\n|-supereffective|p1a: Ogerpon\n|-damage|p1a: Ogerpon|0 fnt\n|faint|p1a: Ogerpon\n|detailschange|p1: Ogerpon|Ogerpon-Cornerstone, L76, F|[silent]\n|-damage|p2a: Gengar|80/100|[from] item: Life Orb\n|\n|upkeep\n|inactive|Time left: 300 sec this turn | 300 sec total | 5 sec grace\n|\n|t:|1783552026\n|switch|p1a: Amoonguss|Amoonguss, L82, F|321/321\n|turn|20\n|inactive|Time left: 300 sec this turn | 300 sec total\n|\n|t:|1783552027\n|move|p2a: Gengar|Nasty Plot|p2a: Gengar\n|-boost|p2a: Gengar|spa|2\n|move|p1a: Amoonguss|Spore|p2a: Gengar\n|-status|p2a: Gengar|slp|[from] move: Spore\n|\n|upkeep\n|turn|21\n|inactive|Time left: 300 sec this turn | 300 sec total\n|\n|t:|1783552028\n|cant|p2a: Gengar|slp\n|move|p1a: Amoonguss|Stomping Tantrum|p2a: Gengar\n|-supereffective|p2a: Gengar\n|-damage|p2a: Gengar|26/100 slp\n|\n|upkeep\n|turn|22\n|inactive|Time left: 300 sec this turn | 300 sec total\n|\n|t:|1783552029\n|cant|p2a: Gengar|slp\n|move|p1a: Amoonguss|Stomping Tantrum|p2a: Gengar\n|-supereffective|p2a: Gengar\n|-damage|p2a: Gengar|0 fnt\n|faint|p2a: Gengar\n|\n|upkeep\n|\n|t:|1783552030\n|switch|p2a: Exeggutor|Exeggutor-Alola, L89, F|23/100\n|turn|23\n|inactive|Time left: 300 sec this turn | 300 sec total\n|\n|t:|1783552031\n|move|p2a: Exeggutor|Flamethrower|p1a: Amoonguss\n|-supereffective|p1a: Amoonguss\n|-crit|p1a: Amoonguss\n|-damage|p1a: Amoonguss|31/321\n|move|p1a: Amoonguss|Sludge Bomb|p2a: Exeggutor\n|-supereffective|p2a: Exeggutor\n|-damage|p2a: Exeggutor|0 fnt\n|faint|p2a: Exeggutor\n|\n|upkeep\n|\n|t:|1783552032\n|switch|p2a: Ogerpon|Ogerpon-Cornerstone, L76, F|100/100\n|turn|24\n|inactive|Time left: 300 sec this turn | 300 sec total\n|\n|t:|1783552033\n|switch|p1a: Whiscash|Whiscash, L88, F|45/337\n|-terastallize|p2a: Ogerpon|Rock\n|detailschange|p2a: Ogerpon|Ogerpon-Cornerstone-Tera, L76, F, tera:Rock\n|-ability|p2a: Ogerpon|Embody Aspect (Cornerstone)|boost\n|-boost|p2a: Ogerpon|def|1\n|move|p2a: Ogerpon|Ivy Cudgel|p1a: Whiscash|[anim] Ivy Cudgel Rock\n|-resisted|p1a: Whiscash\n|-damage|p1a: Whiscash|0 fnt\n|faint|p1a: Whiscash\n|\n|upkeep\n|inactive|Time left: 300 sec this turn | 300 sec total | 5 sec grace\n|\n|t:|1783552034\n|switch|p1a: Amoonguss|Amoonguss, L82, F|138/321\n|turn|25\n|inactive|Time left: 300 sec this turn | 300 sec total\n|\n|t:|1783552034\n|move|p2a: Ogerpon|Ivy Cudgel|p1a: Amoonguss|[anim] Ivy Cudgel Rock\n|-damage|p1a: Amoonguss|0 fnt\n|faint|p1a: Amoonguss\n|\n|win|p0y1107b2ee", "uploadtime": 1783552034, "views": 0, "rating": 0, "private": 0, "password": null, "_winner": "p0y1107b2ee", "_our_name": "p0x11077e7a"}