{"id": "battle-gen9randombattle-1620", "formatid": "gen9randombattle", "format": "[Gen 9] Random Battle", "players": ["p0x1620b1aa", "p0y1620a789"], "log": "|init|battle\n|title|p0x1620b1aa vs. p0y1620a789\n|j|\u2606p0x1620b1aa\n|j|\u2606p0y1620a789\n|t:|1783557985\n|gametype|singles\n|player|p1|p0x1620b1aa|2|\n|player|p2|p0y1620a789|266|\n|gen|9\n|tier|[Gen 9] Random Battle\n|rule|Species Clause: Limit one of each Pok\u00e9mon\n|rule|HP Percentage Mod: HP is shown in percentages\n|rule|Sleep Clause Mod: Limit one foe put to sleep\n|rule|Illusion Level Mod: Illusion disguises the Pok\u00e9mon's true level\n|\n|t:|1783557985\n|teamsize|p1|6\n|teamsize|p2|6\n|start\n|switch|p1a: Noivern|Noivern, L82, F|100/100\n|switch|p2a: Sudowoodo|Sudowoodo, L94, F|284/284\n|turn|1\n|inactive|Battle timer is ON: inactive players will automatically lose when time's up. (requested by p0y1620a789)\n|inactive|p0x1620b1aa also wants the timer to be on.\n|\n|t:|1783557986\n|switch|p1a: Dudunsparce|Dudunsparce, L83, F|100/100\n|move|p2a: Sudowoodo|Head Smash|p1a: Dudunsparce\n|-crit|p1a: Dudunsparce\n|-damage|p1a: Dudunsparce|7/100\n|\n|-heal|p1a: Dudunsparce|14/100|[from] item: Leftovers\n|upkeep\n|turn|2\n|inactive|Time left: 300 sec this turn | 300 sec total\n|\n|t:|1783557987\n|move|p1a: Dudunsparce|Roost|p1a: Dudunsparce\n|-heal|p1a: Dudunsparce|64/100\n|-singleturn|p1a: Dudunsparce|move: Roost\n|move|p2a: Sudowoodo|Head Smash|p1a: Dudunsparce\n|-damage|p1a: Dudunsparce|0 fnt\n|faint|p1a: Dudunsparce\n|\n|upkeep\n|\n|t:|1783557988\n|switch|p1a: Electrode|Electrode-Hisui, L87|100/100\n|turn|3\n|inactive|Time left: 300 sec this turn | 300 sec total\n|\n|t:|1783557989\n|move|p1a: Electrode|Substitute|p1a: Electrode\n|-start|p1a: Electrode|Substitute\n|-damage|p1a: Electrode|76/100\n|move|p2a: Sudowoodo|Head Smash|p1a: Electrode\n|-end|p1a: Electrode|Substitute\n|\n|-heal|p1a: Electrode|82/100|[from] item: Leftovers\n|upkeep\n|turn|4\n|inactive|Time left: 300 sec this turn | 300 sec total\n|\n|t:|1783557990\n|move|p1a: Electrode|Giga Drain|p2a: Sudowoodo\n|-supereffective|p2a: Sudowoodo\n|-damage|p2a: Sudowoodo|116/284\n|-heal|p1a: Electrode|100/100|[from] drain|[of] p2a: Sudowoodo\n|move|p2a: Sudowoodo|Head Smash|p1a: Electrode|[miss]\n|-miss|p2a: Sudowoodo|p1a: Electrode\n|\n|-heal|p2a: Sudowoodo|133/284|[from] item: Leftovers\n|upkeep\n|turn|5\n|inactive|Time left: 300 sec this turn | 300 sec total\n|\n|t:|1783557991\n|switch|p2a: Arbok|Arbok, L87, F|246/246\n|-ability|p2a: Arbok|Intimidate|boost\n|-unboost|p1a: Electrode|atk|1\n|move|p1a: Electrode|Giga Drain|p2a: Arbok\n|-resisted|p2a: Arbok\n|-damage|p2a: Arbok|207/246\n|\n|-heal|p2a: Arbok|222/246|[from] item: Leftovers\n|upkeep\n|turn|6\n|inactive|Time left: 300 sec this turn | 300 sec total\n|\n|t:|1783557992\n|switch|p1a: Noivern|Noivern, L82, F|100/100\n|move|p2a: Arbok|Gunk Shot|p1a: Noivern\n|-damage|p1a: Noivern|49/100\n|\n|-heal|p2a: Arbok|237/246|[from] item: Leftovers\n|upkeep\n|turn|7\n|inactive|Time left: 300 sec this turn | 300 sec total\n|\n|t:|1783557993\n|move|p1a: Noivern|Hurricane|p2a: Arbok\n|-damage|p2a: Arbok|111/246\n|move|p2a: Arbok|Gunk Shot|p1a: Noivern\n|-crit|p1a: Noivern\n|-damage|p1a: Noivern|0 fnt\n|faint|p1a: Noivern\n|\n|-heal|p2a: Arbok|126/246|[from] item: Leftovers\n|upkeep\n|\n|t:|1783557994\n|switch|p1a: Reshiram|Reshiram, L76|100/100\n|-ability|p1a: Reshiram|Turboblaze\n|turn|8\n|inactive|Time left: 300 sec this turn | 300 sec total\n|\n|t:|1783557995\n|move|p2a: Arbok|Gunk Shot|p1a: Reshiram\n|-damage|p1a: Reshiram|49/100\n|move|p1a: Reshiram|Outrage|p2a: Arbok\n|-damage|p2a: Arbok|0 fnt\n|faint|p2a: Arbok\n|\n|upkeep\n|inactive|Time left: 300 sec this turn | 300 sec total | 5 sec grace\n|\n|t:|1783557996\n|switch|p2a: Dusknoir|Dusknoir, L89, M|225/225\n|-item|p1a: Reshiram|Heavy-Duty Boots|[from] ability: Frisk|[of] p2a: Dusknoir\n|turn|9\n|inactive|Time left: 300 sec this turn | 300 sec total\n|\n|t:|1783557997\n|move|p1a: Reshiram|Outrage|p2a: Dusknoir|[from] lockedmove\n|-damage|p2a: Dusknoir|141/225\n|-start|p1a: Reshiram|confusion|[fatigue]\n|move|p2a: Dusknoir|Poltergeist|p1a: Reshiram\n|-activate|p1a: Reshiram|move: Poltergeist|Heavy-Duty Boots\n|-damage|p1a: Reshiram|0 fnt\n|faint|p1a: Reshiram\n|\n|upkeep\n|\n|t:|1783557999\n|switch|p1a: Blissey|Blissey, L85, F|100/100\n|turn|10\n|inactive|Time left: 300 sec this turn | 300 sec total\n|\n|t:|1783558000\n|move|p1a: Blissey|Stealth Rock|p2a: Dusknoir\n|-sidestart|p2: p0y1620a789|move: Stealth Rock\n|move|p2a: Dusknoir|Poltergeist|p1a: Blissey\n|-immune|p1a: Blissey\n|\n|upkeep\n|turn|11\n|inactive|Time left: 300 sec this turn | 300 sec total\n|\n|t:|1783558001\n|move|p1a: Blissey|Thunder Wave|p2a: Dusknoir|[miss]\n|-miss|p1a: Blissey|p2a: Dusknoir\n|move|p2a: Dusknoir|Poltergeist|p1a: Blissey\n|-immune|p1a: Blissey\n|\n|upkeep\n|turn|12\n|inactive|Time left: 300 sec this turn | 300 sec total\n|\n|t:|1783558002\n|move|p1a: Blissey|Seismic Toss|p2a: Dusknoir\n|-immune|p2a: Dusknoir\n|move|p2a: Dusknoir|Poltergeist|p1a: Blissey\n|-immune|p1a: Blissey\n|\n|upkeep\n|turn|13\n|inactive|Time left: 300 sec this turn | 300 sec total\n|\n|t:|1783558003\n|move|p1a: Blissey|Thunder Wave|p2a: Dusknoir\n|-status|p2a: Dusknoir|par\n|move|p2a: Dusknoir|Poltergeist|p1a: Blissey\n|-immune|p1a: Blissey\n|\n|upkeep\n|turn|14\n|inactive|Time left: 300 sec this turn | 300 sec total\n|\n|t:|1783558004\n|move|p1a: Blissey|Seismic Toss|p2a: Dusknoir\n|-immune|p2a: Dusknoir\n|cant|p2a: Dusknoir|par\n|\n|upkeep\n|turn|15\n|inactive|Time left: 300 sec this turn | 300 sec total\n|\n|t:|1783558005\n|move|p1a: Blissey|Seismic Toss|p2a: Dusknoir\n|-immune|p2a: Dusknoir\n|move|p2a: Dusknoir|Poltergeist|p1a: Blissey\n|-immune|p1a: Blissey\n|\n|upkeep\n|turn|16\n|inactive|Time left: 300 sec this turn | 300 sec total\n|\n|t:|1783558006\n|move|p1a: Blissey|Seismic Toss|p2a: Dusknoir\n|-immune|p2a: Dusknoir\n|move|p2a: Dusknoir|Poltergeist|p1a: Blissey\n|-immune|p1a: Blissey\n|\n|upkeep\n|turn|17\n|inactive|Time left: 300 sec this turn | 300 sec total\n|\n|t:|1783558007\n|move|p1a: Blissey|Seismic Toss|p2a: Dusknoir\n|-immune|p2a: Dusknoir\n|move|p2a: Dusknoir|Poltergeist|p1a: Blissey\n|-immune|p1a: Blissey\n|\n|upkeep\n|turn|18\n|inactive|Time left: 300 sec this turn | 300 sec total\n|\n|t:|1783558007\n|move|p1a: Blissey|Seismic Toss|p2a: Dusknoir\n|-immune|p2a: Dusknoir\n|-activate|p2a: Dusknoir|move: Struggle\n|move|p2a: Dusknoir|Struggle|p1a: Blissey\n|-damage|p1a: Blissey|72/100\n|-damage|p2a: Dusknoir|85/225 par|[from] recoil\n|\n|-heal|p1a: Blissey|78/100|[from] item: Leftovers\n|upkeep\n|turn|19\n|inactive|Time left: 300 sec this turn | 300 sec total\n|\n|t:|1783558008\n|switch|p2a: Scyther|Scyther, L82, F|249/249\n|move|p1a: Blissey|Seismic Toss|p2a: Scyther\n|-damage|p2a: Scyther|164/249\n|\n|-heal|p1a: Blissey|84/100|[from] item: Leftovers\n|upkeep\n|turn|20\n|inactive|Time left: 300 sec this turn | 300 sec total\n|\n|t:|1783558009\n|switch|p1a: Jolteon|Jolteon, L84, F|100/100\n|move|p2a: Scyther|Swords Dance|p2a: Scyther\n|-boost|p2a: Scyther|atk|2\n|\n|upkeep\n|turn|21\n|inactive|Time left: 300 sec this turn | 300 sec total\n|\n|t:|1783558010\n|-terastallize|p2a: Scyther|Fighting\n|move|p1a: Jolteon|Thunderbolt|p2a: Scyther\n|-damage|p2a: Scyther|43/249\n|move|p2a: Scyther|Close Combat|p1a: Jolteon\n|-damage|p1a: Jolteon|0 fnt\n|-unboost|p2a: Scyther|def|1\n|-unboost|p2a: Scyther|spd|1\n|faint|p1a: Jolteon\n|\n|upkeep\n|\n|t:|1783558011\n|switch|p1a: Electrode|Electrode-Hisui, L87|100/100\n|turn|22\n|inactive|Time left: 300 sec this turn | 300 sec total\n|\n|t:|1783558012\n|switch|p2a: Necrozma|Necrozma-Dusk-Mane, L69|248/248\n|-damage|p2a: Necrozma|233/248|[from] Stealth Rock\n|move|p1a: Electrode|Thunderbolt|p2a: Necrozma\n|-damage|p2a: Necrozma|140/248\n|\n|upkeep\n|turn|23\n|inactive|Time left: 300 sec this turn | 300 sec total\n|\n|t:|1783558014\n|move|p1a: Electrode|Thunderbolt|p2a: Necrozma\n|-damage|p2a: Necrozma|56/248\n|-status|p2a: Necrozma|par\n|move|p2a: Necrozma|Morning Sun|p2a: Necrozma\n|-heal|p2a: Necrozma|180/248 par\n|\n|upkeep\n|turn|24\n|inactive|Time left: 300 sec this turn | 300 sec total\n|\n|t:|1783558015\n|move|p1a: Electrode|Leech Seed|p2a: Necrozma|[miss]\n|-miss|p1a: Electrode|p2a: Necrozma\n|cant|p2a: Necrozma|par\n|\n|upkeep\n|turn|25\n|inactive|Time left: 300 sec this turn | 300 sec total\n|\n|t:|1783558016\n|move|p1a: Electrode|Thunderbolt|p2a: Necrozma\n|-damage|p2a: Necrozma|84/248 par\n|cant|p2a: Necrozma|par\n|\n|upkeep\n|turn|26\n|inactive|Time left: 300 sec this turn | 300 sec total\n|\n|t:|1783558017\n|switch|p2a: Sceptile|Sceptile, L87, M|264/264\n|-damage|p2a: Sceptile|231/264|[from] Stealth Rock\n|move|p1a: Electrode|Thunderbolt|p2a: Sceptile\n|-resisted|p2a: Sceptile\n|-damage|p2a: Sceptile|186/264\n|\n|-heal|p2a: Sceptile|202/264|[from] item: Leftovers\n|upkeep\n|turn|27\n|inactive|Time left: 300 sec this turn | 300 sec total\n|\n|t:|1783558018\n|move|p1a: Electrode|Thunderbolt|p2a: Sceptile\n|-resisted|p2a: Sceptile\n|-damage|p2a: Sceptile|157/264\n|move|p2a: Sceptile|Giga Drain|p1a: Electrode\n|-resisted|p1a: Electrode\n|-damage|p1a: Electrode|81/100\n|-heal|p2a: Sceptile|181/264|[from] drain|[of] p1a: Electrode\n|\n|-heal|p1a: Electrode|87/100|[from] item: Leftovers\n|-heal|p2a: Sceptile|197/264|[from] item: Leftovers\n|upkeep\n|turn|28\n|inactive|Time left: 300 sec this turn | 300 sec total\n|\n|t:|1783558019\n|move|p1a: Electrode|Thunderbolt|p2a: Sceptile\n|-resisted|p2a: Sceptile\n|-damage|p2a: Sceptile|154/264\n|move|p2a: Sceptile|Giga Drain|p1a: Electrode\n|-resisted|p1a: Electrode\n|-damage|p1a: Electrode|69/100\n|-heal|p2a: Sceptile|177/264|[from] drain|[of] p1a: Electrode\n|\n|-heal|p1a: Electrode|75/100|[from] item: Leftovers\n|-heal|p2a: Sceptile|193/264|[from] item: Leftovers\n|upkeep\n|turn|29\n|inactive|Time left: 300 sec this turn | 300 sec total\n|\n|t:|1783558020\n|move|p1a: Electrode|Thunderbolt|p2a: Sceptile\n|-resisted|p2a: Sceptile\n|-damage|p2a: Sceptile|151/264\n|move|p2a: Sceptile|Giga Drain|p1a: Electrode\n|-resisted|p1a: Electrode\n|-damage|p1a: Electrode|56/100\n|-heal|p2a: Sceptile|174/264|[from] drain|[of] p1a: Electrode\n|\n|-heal|p1a: Electrode|62/100|[from] item: Leftovers\n|-heal|p2a: Sceptile|190/264|[from] item: Leftovers\n|upkeep\n|turn|30\n|inactive|Time left: 300 sec this turn | 300 sec total\n|\n|t:|1783558022\n|move|p1a: Electrode|Thunderbolt|p2a: Sceptile\n|-resisted|p2a: Sceptile\n|-damage|p2a: Sceptile|145/264\n|move|p2a: Sceptile|Focus Blast|p1a: Electrode\n|-damage|p1a: Electrode|22/100\n|\n|-heal|p1a: Electrode|29/100|[from] item: Leftovers\n|-heal|p2a: Sceptile|161/264|[from] item: Leftovers\n|upkeep\n|turn|31\n|inactive|Time left: 300 sec this turn | 300 sec total\n|\n|t:|1783558023\n|move|p1a: Electrode|Thunderbolt|p2a: Sceptile\n|-resisted|p2a: Sceptile\n|-damage|p2a: Sceptile|122/264\n|move|p2a: Sceptile|Focus Blast|p1a: Electrode\n|-damage|p1a: Electrode|0 fnt\n|faint|p1a: Electrode\n|\n|-heal|p2a: Sceptile|138/264|[from] item: Leftovers\n|upkeep\n|\n|t:|1783558024\n|switch|p1a: Blissey|Blissey, L85, F|84/100\n|turn|32\n|inactive|Time left: 300 sec this turn | 300 sec total\n|\n|t:|1783558025\n|move|p2a: Sceptile|Leech Seed|p1a: Blissey\n|-start|p1a: Blissey|move: Leech Seed\n|move|p1a: Blissey|Seismic Toss|p2a: Sceptile\n|-damage|p2a: Sceptile|53/264\n|\n|-heal|p2a: Sceptile|69/264|[from] item: Leftovers\n|-heal|p1a: Blissey|90/100|[from] item: Leftovers\n|-damage|p1a: Blissey|78/100|[from] Leech Seed|[of] p2a: Sceptile\n|-heal|p2a: Sceptile|140/264|[silent]\n|upkeep\n|turn|33\n|inactive|Time left: 300 sec this turn | 300 sec total\n|\n|t:|1783558025\n|switch|p2a: Dusknoir|Dusknoir, L89, M|85/225 par\n|-damage|p2a: Dusknoir|57/225 par|[from] Stealth Rock\n|-item|p1a: Blissey|Leftovers|[from] ability: Frisk|[of] p2a: Dusknoir\n|move|p1a: Blissey|Seismic Toss|p2a: Dusknoir\n|-immune|p2a: Dusknoir\n|\n|-heal|p1a: Blissey|84/100|[from] item: Leftovers\n|-damage|p1a: Blissey|71/100|[from] Leech Seed|[of] p2a: Dusknoir\n|-heal|p2a: Dusknoir|128/225 par|[silent]\n|upkeep\n|turn|34\n|inactive|Time left: 300 sec this turn | 300 sec total\n|\n|t:|1783558026\n|move|p1a: Blissey|Soft-Boiled|p1a: Blissey\n|-heal|p1a: Blissey|100/100\n|move|p2a: Dusknoir|Earthquake|p1a: Blissey\n|-damage|p1a: Blissey|38/100\n|\n|-heal|p1a: Blissey|44/100|[from] item: Leftovers\n|-damage|p1a: Blissey|32/100|[from] Leech Seed|[of] p2a: Dusknoir\n|-heal|p2a: Dusknoir|199/225 par|[silent]\n|upkeep\n|turn|35\n|inactive|Time left: 300 sec this turn | 300 sec total\n|\n|t:|1783558027\n|move|p1a: Blissey|Soft-Boiled|p1a: Blissey\n|-heal|p1a: Blissey|82/100\n|move|p2a: Dusknoir|Earthquake|p1a: Blissey\n|-damage|p1a: Blissey|19/100\n|\n|-heal|p1a: Blissey|25/100|[from] item: Leftovers\n|-damage|p1a: Blissey|13/100|[from] Leech Seed|[of] p2a: Dusknoir\n|-heal|p2a: Dusknoir|225/225 par|[silent]\n|upkeep\n|turn|36\n|inactive|Time left: 300 sec this turn | 300 sec total\n|\n|t:|1783558028\n|move|p1a: Blissey|Soft-Boiled|p1a: Blissey\n|-heal|p1a: Blissey|63/100\n|cant|p2a: Dusknoir|par\n|\n|-heal|p1a: Blissey|69/100|[from] item: Leftovers\n|-damage|p1a: Blissey|56/100|[from] Leech Seed|[of] p2a: Dusknoir\n|upkeep\n|turn|37\n|inactive|Time left: 300 sec this turn | 300 sec total\n|\n|t:|1783558029\n|move|p1a: Blissey|Soft-Boiled|p1a: Blissey\n|-heal|p1a: Blissey|100/100\n|move|p2a: Dusknoir|Earthquake|p1a: Blissey\n|-damage|p1a: Blissey|33/100\n|\n|-heal|p1a: Blissey|39/100|[from] item: Leftovers\n|-damage|p1a: Blissey|27/100|[from] Leech Seed|[of] p2a: Dusknoir\n|upkeep\n|turn|38\n|inactive|Time left: 300 sec this turn | 300 sec total\n|\n|t:|1783558030\n|move|p1a: Blissey|Soft-Boiled|p1a: Blissey\n|-heal|p1a: Blissey|77/100\n|cant|p2a: Dusknoir|par\n|\n|-heal|p1a: Blissey|83/100|[from] item: Leftovers\n|-damage|p1a: Blissey|70/100|[from] Leech Seed|[of] p2a: Dusknoir\n|upkeep\n|turn|39\n|inactive|Time left: 300 sec this turn | 300 sec total\n|\n|t:|1783558031\n|move|p1a: Blissey|Soft-Boiled|p1a: Blissey\n|-heal|p1a: Blissey|100/100\n|move|p2a: Dusknoir|Earthquake|p1a: Blissey\n|-damage|p1a: Blissey|40/100\n|\n|-heal|p1a: Blissey|46/100|[from] item: Leftovers\n|-damage|p1a: Blissey|34/100|[from] Leech Seed|[of] p2a: Dusknoir\n|upkeep\n|turn|40\n|inactive|Time left: 300 sec this turn | 300 sec total\n|\n|t:|1783558032\n|move|p1a: Blissey|Soft-Boiled|p1a: Blissey\n|-heal|p1a: Blissey|84/100\n|move|p2a: Dusknoir|Earthquake|p1a: Blissey\n|-damage|p1a: Blissey|22/100\n|\n|-heal|p1a: Blissey|28/100|[from] item: Leftovers\n|-damage|p1a: Blissey|16/100|[from] Leech Seed|[of] p2a: Dusknoir\n|upkeep\n|turn|41\n|inactive|Time left: 300 sec this turn | 300 sec total\n|\n|t:|1783558033\n|move|p1a: Blissey|Soft-Boiled|p1a: Blissey\n|-heal|p1a: Blissey|66/100\n|move|p2a: Dusknoir|Earthquake|p1a: Blissey\n|-damage|p1a: Blissey|5/100\n|\n|-heal|p1a: Blissey|11/100|[from] item: Leftovers\n|-damage|p1a: Blissey|0 fnt|[from] Leech Seed|[of] p2a: Dusknoir\n|faint|p1a: Blissey\n|\n|win|p0y1620a789", "uploadtime": 1783558033, "views": 0, "rating": 0, "private": 0, "password": null, "_winner": "p0y1620a789", "_our_name": "p0y1620a789"}