{"id": "battle-gen9randombattle-1778", "formatid": "gen9randombattle", "format": "[Gen 9] Random Battle", "players": ["p0x17788813", "p0y17789960"], "log": "|init|battle\n|title|p0x17788813 vs. p0y17789960\n|j|\u2606p0x17788813\n|j|\u2606p0y17789960\n|t:|1783560591\n|gametype|singles\n|player|p1|p0x17788813|170|\n|player|p2|p0y17789960|2|\n|gen|9\n|tier|[Gen 9] Random Battle\n|rule|Species Clause: Limit one of each Pok\u00e9mon\n|rule|HP Percentage Mod: HP is shown in percentages\n|rule|Sleep Clause Mod: Limit one foe put to sleep\n|rule|Illusion Level Mod: Illusion disguises the Pok\u00e9mon's true level\n|\n|t:|1783560591\n|teamsize|p1|6\n|teamsize|p2|6\n|start\n|switch|p1a: Klawf|Klawf, L90, M|272/272\n|switch|p2a: Piloswine|Piloswine, L85, M|100/100\n|turn|1\n|inactive|Battle timer is ON: inactive players will automatically lose when time's up. (requested by p0y17789960)\n|inactive|Time left: 300 sec this turn | 300 sec total | 60 sec grace\n|inactive|p0x17788813 also wants the timer to be on.\n|\n|t:|1783560593\n|move|p1a: Klawf|Crabhammer|p2a: Piloswine\n|-supereffective|p2a: Piloswine\n|-damage|p2a: Piloswine|46/100\n|move|p2a: Piloswine|Stealth Rock|p1a: Klawf\n|-sidestart|p1: p0x17788813|move: Stealth Rock\n|\n|upkeep\n|turn|2\n|inactive|Time left: 300 sec this turn | 300 sec total\n|\n|t:|1783560594\n|move|p1a: Klawf|Crabhammer|p2a: Piloswine\n|-supereffective|p2a: Piloswine\n|-damage|p2a: Piloswine|0 fnt\n|faint|p2a: Piloswine\n|\n|upkeep\n|\n|t:|1783560595\n|switch|p2a: Manaphy|Manaphy, L78|100/100\n|turn|3\n|inactive|Time left: 300 sec this turn | 300 sec total\n|\n|t:|1783560596\n|switch|p1a: Espathra|Espathra, L80, F|283/283\n|-damage|p1a: Espathra|248/283|[from] Stealth Rock\n|move|p2a: Manaphy|Tail Glow|p2a: Manaphy\n|-boost|p2a: Manaphy|spa|3\n|\n|upkeep\n|turn|4\n|inactive|Time left: 300 sec this turn | 300 sec total\n|\n|t:|1783560597\n|move|p1a: Espathra|Lumina Crash|p2a: Manaphy\n|-damage|p2a: Manaphy|62/100\n|-unboost|p2a: Manaphy|spd|2\n|move|p2a: Manaphy|Hydro Pump|p1a: Espathra\n|-damage|p1a: Espathra|0 fnt\n|faint|p1a: Espathra\n|\n|-heal|p2a: Manaphy|68/100|[from] item: Leftovers\n|upkeep\n|inactive|Time left: 300 sec this turn | 300 sec total | 5 sec grace\n|\n|t:|1783560598\n|switch|p1a: Comfey|Comfey, L85, M|225/225\n|-damage|p1a: Comfey|197/225|[from] Stealth Rock\n|turn|5\n|inactive|Time left: 300 sec this turn | 300 sec total\n|\n|t:|1783560599\n|move|p1a: Comfey|Calm Mind|p1a: Comfey\n|-boost|p1a: Comfey|spa|1\n|-boost|p1a: Comfey|spd|1\n|move|p2a: Manaphy|Hydro Pump|p1a: Comfey|[miss]\n|-miss|p2a: Manaphy|p1a: Comfey\n|\n|-heal|p1a: Comfey|211/225|[from] item: Leftovers\n|-heal|p2a: Manaphy|74/100|[from] item: Leftovers\n|upkeep\n|turn|6\n|inactive|Time left: 300 sec this turn | 300 sec total\n|\n|t:|1783560600\n|switch|p2a: Revavroom|Revavroom, L79, M|100/100\n|move|p1a: Comfey|Tera Blast|p2a: Revavroom\n|-resisted|p2a: Revavroom\n|-damage|p2a: Revavroom|81/100\n|\n|-heal|p1a: Comfey|225/225|[from] item: Leftovers\n|upkeep\n|turn|7\n|inactive|Time left: 300 sec this turn | 300 sec total\n|\n|t:|1783560601\n|switch|p2a: Goodra|Goodra, L85, M|100/100\n|-terastallize|p1a: Comfey|Ground\n|move|p1a: Comfey|Tera Blast|p2a: Goodra|[anim] Tera Blast Ground\n|-damage|p2a: Goodra|82/100\n|\n|upkeep\n|turn|8\n|inactive|Time left: 300 sec this turn | 300 sec total\n|\n|t:|1783560602\n|move|p1a: Comfey|Draining Kiss|p2a: Goodra\n|-supereffective|p2a: Goodra\n|-damage|p2a: Goodra|59/100\n|move|p2a: Goodra|Power Whip|p1a: Comfey\n|-supereffective|p1a: Comfey\n|-damage|p1a: Comfey|37/225\n|\n|-heal|p1a: Comfey|51/225|[from] item: Leftovers\n|upkeep\n|turn|9\n|inactive|Time left: 300 sec this turn | 300 sec total\n|\n|t:|1783560604\n|move|p1a: Comfey|Synthesis|p1a: Comfey\n|-heal|p1a: Comfey|163/225\n|move|p2a: Goodra|Power Whip|p1a: Comfey\n|-supereffective|p1a: Comfey\n|-damage|p1a: Comfey|0 fnt\n|faint|p1a: Comfey\n|\n|upkeep\n|inactive|Time left: 300 sec this turn | 300 sec total | 5 sec grace\n|\n|t:|1783560605\n|switch|p1a: Klawf|Klawf, L90, M|272/272\n|-damage|p1a: Klawf|238/272|[from] Stealth Rock\n|turn|10\n|inactive|Time left: 300 sec this turn | 300 sec total\n|\n|t:|1783560606\n|move|p1a: Klawf|Stone Edge|p2a: Goodra\n|-damage|p2a: Goodra|0 fnt\n|faint|p2a: Goodra\n|\n|upkeep\n|\n|t:|1783560607\n|switch|p2a: Manaphy|Manaphy, L78|74/100\n|turn|11\n|inactive|Time left: 300 sec this turn | 300 sec total\n|\n|t:|1783560608\n|move|p2a: Manaphy|Tail Glow|p2a: Manaphy\n|-boost|p2a: Manaphy|spa|3\n|move|p1a: Klawf|Stone Edge|p2a: Manaphy\n|-damage|p2a: Manaphy|9/100\n|\n|-heal|p2a: Manaphy|15/100|[from] item: Leftovers\n|upkeep\n|turn|12\n|inactive|Time left: 300 sec this turn | 300 sec total\n|\n|t:|1783560609\n|move|p2a: Manaphy|Energy Ball|p1a: Klawf\n|-supereffective|p1a: Klawf\n|-crit|p1a: Klawf\n|-damage|p1a: Klawf|0 fnt\n|faint|p1a: Klawf\n|\n|-heal|p2a: Manaphy|21/100|[from] item: Leftovers\n|upkeep\n|inactive|Time left: 300 sec this turn | 300 sec total | 5 sec grace\n|\n|t:|1783560609\n|switch|p1a: Cacturne|Cacturne, L92, M|278/278\n|-damage|p1a: Cacturne|244/278|[from] Stealth Rock\n|turn|13\n|inactive|Time left: 300 sec this turn | 300 sec total\n|\n|t:|1783560610\n|move|p1a: Cacturne|Sucker Punch|p2a: Manaphy\n|-damage|p2a: Manaphy|0 fnt\n|faint|p2a: Manaphy\n|-damage|p1a: Cacturne|217/278|[from] item: Life Orb\n|\n|upkeep\n|\n|t:|1783560611\n|switch|p2a: Magmortar|Magmortar, L88, F|100/100\n|turn|14\n|inactive|Time left: 300 sec this turn | 300 sec total\n|\n|t:|1783560612\n|move|p1a: Cacturne|Sucker Punch|p2a: Magmortar\n|-damage|p2a: Magmortar|42/100\n|-status|p1a: Cacturne|brn|[from] ability: Flame Body|[of] p2a: Magmortar\n|-damage|p1a: Cacturne|190/278 brn|[from] item: Life Orb\n|move|p2a: Magmortar|Fire Blast|p1a: Cacturne\n|-supereffective|p1a: Cacturne\n|-damage|p1a: Cacturne|0 fnt\n|faint|p1a: Cacturne\n|\n|upkeep\n|inactive|Time left: 300 sec this turn | 300 sec total | 5 sec grace\n|\n|t:|1783560613\n|switch|p1a: Toucannon|Toucannon, L88, F|284/284\n|turn|15\n|inactive|Time left: 300 sec this turn | 300 sec total\n|\n|t:|1783560614\n|-singleturn|p1a: Toucannon|move: Beak Blast\n|move|p2a: Magmortar|Fire Blast|p1a: Toucannon\n|-damage|p1a: Toucannon|116/284\n|move|p1a: Toucannon|Beak Blast|p2a: Magmortar\n|-damage|p2a: Magmortar|0 fnt\n|faint|p2a: Magmortar\n|\n|upkeep\n|\n|t:|1783560615\n|switch|p2a: Revavroom|Revavroom, L79, M|81/100\n|turn|16\n|inactive|Time left: 300 sec this turn | 300 sec total\n|\n|t:|1783560616\n|switch|p1a: Krookodile|Krookodile, L79, M|280/280\n|-damage|p1a: Krookodile|263/280|[from] Stealth Rock\n|-ability|p1a: Krookodile|Intimidate|boost\n|-unboost|p2a: Revavroom|atk|1\n|move|p2a: Revavroom|Iron Head|p1a: Krookodile\n|-damage|p1a: Krookodile|172/280\n|-damage|p2a: Revavroom|72/100|[from] item: Life Orb\n|\n|-heal|p1a: Krookodile|189/280|[from] item: Leftovers\n|upkeep\n|turn|17\n|inactive|Time left: 300 sec this turn | 300 sec total\n|\n|t:|1783560616\n|switch|p2a: Maushold|Maushold-Four, L76|100/100\n|move|p1a: Krookodile|Knock Off|p2a: Maushold\n|-damage|p2a: Maushold|42/100\n|-enditem|p2a: Maushold|Wide Lens|[from] move: Knock Off|[of] p1a: Krookodile\n|\n|-heal|p1a: Krookodile|206/280|[from] item: Leftovers\n|upkeep\n|turn|18\n|inactive|Time left: 300 sec this turn | 300 sec total\n|\n|t:|1783560617\n|switch|p1a: Toucannon|Toucannon, L88, F|116/284\n|-terastallize|p2a: Maushold|Normal\n|move|p2a: Maushold|Population Bomb|p1a: Toucannon|[miss]\n|-miss|p2a: Maushold|p1a: Toucannon\n|\n|upkeep\n|turn|19\n|inactive|Time left: 300 sec this turn | 300 sec total\n|\n|t:|1783560618\n|move|p2a: Maushold|Population Bomb|p1a: Toucannon\n|-damage|p1a: Toucannon|80/284\n|-hitcount|p1a: Toucannon|1\n|move|p1a: Toucannon|Boomburst|p2a: Maushold\n|-damage|p2a: Maushold|0 fnt\n|faint|p2a: Maushold\n|\n|upkeep\n|\n|t:|1783560619\n|switch|p2a: Revavroom|Revavroom, L79, M|72/100\n|turn|20\n|inactive|Time left: 300 sec this turn | 300 sec total\n|\n|t:|1783560620\n|switch|p1a: Krookodile|Krookodile, L79, M|206/280\n|-damage|p1a: Krookodile|189/280|[from] Stealth Rock\n|-ability|p1a: Krookodile|Intimidate|boost\n|-unboost|p2a: Revavroom|atk|1\n|move|p2a: Revavroom|Shift Gear|p2a: Revavroom\n|-boost|p2a: Revavroom|spe|2\n|-boost|p2a: Revavroom|atk|1\n|\n|-heal|p1a: Krookodile|206/280|[from] item: Leftovers\n|upkeep\n|turn|21\n|inactive|Time left: 300 sec this turn | 300 sec total\n|\n|t:|1783560620\n|move|p2a: Revavroom|Iron Head|p1a: Krookodile\n|-damage|p1a: Krookodile|84/280\n|-damage|p2a: Revavroom|62/100|[from] item: Life Orb\n|move|p1a: Krookodile|Earthquake|p2a: Revavroom\n|-supereffective|p2a: Revavroom\n|-damage|p2a: Revavroom|0 fnt\n|faint|p2a: Revavroom\n|\n|win|p0x17788813", "uploadtime": 1783560620, "views": 0, "rating": 0, "private": 0, "password": null, "_winner": "p0x17788813", "_our_name": "p0x17788813"}