{"id": "battle-gen9randombattle-1565", "formatid": "gen9randombattle", "format": "[Gen 9] Random Battle", "players": ["p0x15650040", "p0y1565a8fb"], "log": "|init|battle\n|title|p0x15650040 vs. p0y1565a8fb\n|j|\u2606p0x15650040\n|j|\u2606p0y1565a8fb\n|t:|1783558158\n|gametype|singles\n|player|p1|p0x15650040|102|\n|player|p2|p0y1565a8fb|102|\n|gen|9\n|tier|[Gen 9] Random Battle\n|rule|Species Clause: Limit one of each Pok\u00e9mon\n|rule|HP Percentage Mod: HP is shown in percentages\n|rule|Sleep Clause Mod: Limit one foe put to sleep\n|rule|Illusion Level Mod: Illusion disguises the Pok\u00e9mon's true level\n|\n|t:|1783558158\n|teamsize|p1|6\n|teamsize|p2|6\n|start\n|switch|p1a: Giratina|Giratina, L75|349/349\n|switch|p2a: Electrode|Electrode, L92|100/100\n|-ability|p1a: Giratina|Pressure\n|turn|1\n|inactive|Battle timer is ON: inactive players will automatically lose when time's up. (requested by p0x15650040)\n|inactive|p0y1565a8fb also wants the timer to be on.\n|\n|t:|1783558159\n|switch|p2a: Bellossom|Bellossom, L84, F|100/100\n|move|p1a: Giratina|Shadow Ball|p2a: Bellossom\n|-damage|p2a: Bellossom|75/100\n|\n|-heal|p2a: Bellossom|81/100|[from] item: Leftovers\n|upkeep\n|turn|2\n|inactive|Time left: 300 sec this turn | 300 sec total\n|\n|t:|1783558160\n|move|p2a: Bellossom|Quiver Dance|p2a: Bellossom\n|-boost|p2a: Bellossom|spa|1\n|-boost|p2a: Bellossom|spd|1\n|-boost|p2a: Bellossom|spe|1\n|move|p1a: Giratina|Dragon Tail|p2a: Bellossom\n|-damage|p2a: Bellossom|61/100\n|drag|p2a: Diancie|Diancie, L82|100/100\n|\n|upkeep\n|turn|3\n|inactive|Time left: 300 sec this turn | 300 sec total\n|\n|t:|1783558160\n|switch|p1a: Kyogre|Kyogre, L71|259/259\n|-weather|RainDance|[from] ability: Drizzle|[of] p1a: Kyogre\n|move|p2a: Diancie|Calm Mind|p2a: Diancie\n|-boost|p2a: Diancie|spa|1\n|-boost|p2a: Diancie|spd|1\n|\n|-weather|RainDance|[upkeep]\n|upkeep\n|turn|4\n|inactive|Time left: 300 sec this turn | 300 sec total\n|\n|t:|1783558161\n|-terastallize|p2a: Diancie|Fairy\n|move|p1a: Kyogre|Water Spout|p2a: Diancie\n|-damage|p2a: Diancie|48/100\n|move|p2a: Diancie|Draining Kiss|p1a: Kyogre\n|-damage|p1a: Kyogre|167/259\n|-heal|p2a: Diancie|80/100|[from] drain|[of] p1a: Kyogre\n|\n|-weather|RainDance|[upkeep]\n|-heal|p2a: Diancie|86/100|[from] item: Leftovers\n|upkeep\n|turn|5\n|inactive|Time left: 300 sec this turn | 300 sec total\n|\n|t:|1783558162\n|switch|p1a: Porygon2|Porygon2, L81|270/270\n|-ability|p1a: Porygon2|Download|boost\n|-boost|p1a: Porygon2|atk|1\n|move|p2a: Diancie|Draining Kiss|p1a: Porygon2\n|-damage|p1a: Porygon2|196/270\n|-heal|p2a: Diancie|100/100|[from] drain|[of] p1a: Porygon2\n|\n|-weather|RainDance|[upkeep]\n|upkeep\n|turn|6\n|inactive|Time left: 300 sec this turn | 300 sec total\n|\n|t:|1783558162\n|move|p1a: Porygon2|Thunder Wave|p2a: Diancie|[miss]\n|-miss|p1a: Porygon2|p2a: Diancie\n|move|p2a: Diancie|Draining Kiss|p1a: Porygon2\n|-damage|p1a: Porygon2|110/270\n|\n|-weather|RainDance|[upkeep]\n|upkeep\n|turn|7\n|inactive|Time left: 300 sec this turn | 300 sec total\n|\n|t:|1783558163\n|move|p1a: Porygon2|Recover|p1a: Porygon2\n|-heal|p1a: Porygon2|245/270\n|move|p2a: Diancie|Calm Mind|p2a: Diancie\n|-boost|p2a: Diancie|spa|1\n|-boost|p2a: Diancie|spd|1\n|\n|-weather|none\n|upkeep\n|turn|8\n|inactive|Time left: 300 sec this turn | 300 sec total\n|\n|t:|1783558164\n|move|p1a: Porygon2|Thunder Wave|p2a: Diancie\n|-status|p2a: Diancie|par\n|move|p2a: Diancie|Draining Kiss|p1a: Porygon2\n|-damage|p1a: Porygon2|133/270\n|\n|upkeep\n|turn|9\n|inactive|Time left: 300 sec this turn | 300 sec total\n|\n|t:|1783558165\n|move|p1a: Porygon2|Recover|p1a: Porygon2\n|-heal|p1a: Porygon2|268/270\n|move|p2a: Diancie|Draining Kiss|p1a: Porygon2\n|-crit|p1a: Porygon2\n|-damage|p1a: Porygon2|118/270\n|\n|upkeep\n|turn|10\n|inactive|Time left: 300 sec this turn | 300 sec total\n|\n|t:|1783558165\n|move|p1a: Porygon2|Recover|p1a: Porygon2\n|-heal|p1a: Porygon2|253/270\n|move|p2a: Diancie|Draining Kiss|p1a: Porygon2\n|-damage|p1a: Porygon2|149/270\n|\n|upkeep\n|turn|11\n|inactive|Time left: 300 sec this turn | 300 sec total\n|\n|t:|1783558166\n|move|p1a: Porygon2|Recover|p1a: Porygon2\n|-heal|p1a: Porygon2|270/270\n|cant|p2a: Diancie|par\n|\n|upkeep\n|turn|12\n|inactive|Time left: 300 sec this turn | 300 sec total\n|\n|t:|1783558167\n|move|p1a: Porygon2|Recover||[still]\n|-fail|p1a: Porygon2|heal\n|cant|p2a: Diancie|par\n|\n|upkeep\n|turn|13\n|inactive|Time left: 300 sec this turn | 300 sec total\n|\n|t:|1783558168\n|move|p1a: Porygon2|Recover||[still]\n|-fail|p1a: Porygon2|heal\n|cant|p2a: Diancie|par\n|\n|upkeep\n|turn|14\n|inactive|Time left: 300 sec this turn | 300 sec total\n|\n|t:|1783558169\n|move|p1a: Porygon2|Shadow Ball|p2a: Diancie\n|-damage|p2a: Diancie|92/100 par\n|move|p2a: Diancie|Draining Kiss|p1a: Porygon2\n|-damage|p1a: Porygon2|168/270\n|-heal|p2a: Diancie|100/100 par|[from] drain|[of] p1a: Porygon2\n|\n|upkeep\n|turn|15\n|inactive|Time left: 300 sec this turn | 300 sec total\n|\n|t:|1783558170\n|move|p1a: Porygon2|Recover|p1a: Porygon2\n|-heal|p1a: Porygon2|270/270\n|move|p2a: Diancie|Draining Kiss|p1a: Porygon2\n|-damage|p1a: Porygon2|162/270\n|\n|upkeep\n|turn|16\n|inactive|Time left: 300 sec this turn | 300 sec total\n|\n|t:|1783558171\n|move|p1a: Porygon2|Recover|p1a: Porygon2\n|-heal|p1a: Porygon2|270/270\n|move|p2a: Diancie|Draining Kiss|p1a: Porygon2\n|-damage|p1a: Porygon2|162/270\n|\n|upkeep\n|turn|17\n|inactive|Time left: 300 sec this turn | 300 sec total\n|\n|t:|1783558172\n|move|p1a: Porygon2|Thunder Wave|p2a: Diancie\n|-fail|p2a: Diancie|par\n|move|p2a: Diancie|Draining Kiss|p1a: Porygon2\n|-damage|p1a: Porygon2|48/270\n|\n|upkeep\n|turn|18\n|inactive|Time left: 300 sec this turn | 300 sec total\n|\n|t:|1783558173\n|switch|p1a: Volcanion|Volcanion, L79|255/255\n|move|p2a: Diancie|Draining Kiss|p1a: Volcanion\n|-resisted|p1a: Volcanion\n|-damage|p1a: Volcanion|176/255\n|\n|upkeep\n|turn|19\n|inactive|Time left: 300 sec this turn | 300 sec total\n|\n|t:|1783558174\n|move|p1a: Volcanion|Sludge Bomb|p2a: Diancie\n|-supereffective|p2a: Diancie\n|-damage|p2a: Diancie|66/100 par\n|move|p2a: Diancie|Diamond Storm|p1a: Volcanion\n|-supereffective|p1a: Volcanion\n|-damage|p1a: Volcanion|0 fnt\n|-boost|p2a: Diancie|def|2\n|faint|p1a: Volcanion\n|\n|-heal|p2a: Diancie|72/100 par|[from] item: Leftovers\n|upkeep\n|inactive|Time left: 300 sec this turn | 300 sec total | 5 sec grace\n|\n|t:|1783558175\n|switch|p1a: Porygon2|Porygon2, L81|48/270\n|-ability|p1a: Porygon2|Download|boost\n|-boost|p1a: Porygon2|spa|1\n|turn|20\n|inactive|Time left: 300 sec this turn | 300 sec total\n|\n|t:|1783558176\n|move|p1a: Porygon2|Tera Blast|p2a: Diancie\n|-crit|p2a: Diancie\n|-damage|p2a: Diancie|11/100 par\n|move|p2a: Diancie|Draining Kiss|p1a: Porygon2\n|-crit|p1a: Porygon2\n|-damage|p1a: Porygon2|0 fnt\n|-heal|p2a: Diancie|27/100 par|[from] drain|[of] p1a: Porygon2\n|faint|p1a: Porygon2\n|\n|-heal|p2a: Diancie|33/100 par|[from] item: Leftovers\n|upkeep\n|inactive|Time left: 300 sec this turn | 300 sec total | 5 sec grace\n|\n|t:|1783558177\n|switch|p1a: Meowscarada|Meowscarada, L78, M|247/247\n|turn|21\n|inactive|Time left: 300 sec this turn | 300 sec total\n|\n|t:|1783558179\n|move|p1a: Meowscarada|Flower Trick|p2a: Diancie\n|-start|p1a: Meowscarada|typechange|Grass|[from] ability: Protean\n|-crit|p2a: Diancie\n|-damage|p2a: Diancie|0 fnt\n|faint|p2a: Diancie\n|\n|upkeep\n|\n|t:|1783558179\n|switch|p2a: Bellossom|Bellossom, L84, F|61/100\n|turn|22\n|inactive|Time left: 300 sec this turn | 300 sec total\n|\n|t:|1783558181\n|move|p1a: Meowscarada|Flower Trick|p2a: Bellossom\n|-resisted|p2a: Bellossom\n|-crit|p2a: Bellossom\n|-damage|p2a: Bellossom|34/100\n|move|p2a: Bellossom|Strength Sap|p1a: Meowscarada\n|-unboost|p1a: Meowscarada|atk|1\n|-heal|p2a: Bellossom|100/100\n|\n|upkeep\n|turn|23\n|inactive|Time left: 300 sec this turn | 300 sec total\n|\n|t:|1783558182\n|switch|p1a: Giratina|Giratina, L75|349/349\n|-ability|p1a: Giratina|Pressure\n|move|p2a: Bellossom|Quiver Dance|p2a: Bellossom\n|-boost|p2a: Bellossom|spa|1\n|-boost|p2a: Bellossom|spd|1\n|-boost|p2a: Bellossom|spe|1\n|\n|upkeep\n|turn|24\n|inactive|Time left: 300 sec this turn | 300 sec total\n|\n|t:|1783558183\n|move|p2a: Bellossom|Moonblast|p1a: Giratina\n|-supereffective|p1a: Giratina\n|-damage|p1a: Giratina|195/349\n|move|p1a: Giratina|Dragon Tail|p2a: Bellossom\n|-damage|p2a: Bellossom|80/100\n|drag|p2a: Vikavolt|Vikavolt, L83, F|100/100\n|\n|-heal|p1a: Giratina|216/349|[from] item: Leftovers\n|upkeep\n|turn|25\n|inactive|Time left: 300 sec this turn | 300 sec total\n|\n|t:|1783558184\n|move|p1a: Giratina|Shadow Ball|p2a: Vikavolt\n|-damage|p2a: Vikavolt|70/100\n|move|p2a: Vikavolt|Sticky Web|p1a: Giratina\n|-sidestart|p1: p0x15650040|move: Sticky Web\n|\n|-heal|p1a: Giratina|237/349|[from] item: Leftovers\n|upkeep\n|turn|26\n|inactive|Time left: 300 sec this turn | 300 sec total\n|\n|t:|1783558185\n|switch|p2a: Bellossom|Bellossom, L84, F|80/100\n|move|p1a: Giratina|Shadow Ball|p2a: Bellossom\n|-damage|p2a: Bellossom|57/100\n|\n|-heal|p1a: Giratina|258/349|[from] item: Leftovers\n|-heal|p2a: Bellossom|63/100|[from] item: Leftovers\n|upkeep\n|turn|27\n|inactive|Time left: 300 sec this turn | 300 sec total\n|\n|t:|1783558186\n|move|p2a: Bellossom|Strength Sap|p1a: Giratina\n|-unboost|p1a: Giratina|atk|1\n|-heal|p2a: Bellossom|100/100\n|move|p1a: Giratina|Dragon Tail|p2a: Bellossom\n|-damage|p2a: Bellossom|86/100\n|drag|p2a: Electrode|Electrode, L92|100/100\n|\n|-heal|p1a: Giratina|279/349|[from] item: Leftovers\n|upkeep\n|turn|28\n|inactive|Time left: 300 sec this turn | 300 sec total\n|\n|t:|1783558187\n|switch|p2a: Bellossom|Bellossom, L84, F|86/100\n|move|p1a: Giratina|Shadow Ball|p2a: Bellossom\n|-damage|p2a: Bellossom|61/100\n|\n|-heal|p1a: Giratina|300/349|[from] item: Leftovers\n|-heal|p2a: Bellossom|67/100|[from] item: Leftovers\n|upkeep\n|turn|29\n|inactive|Time left: 300 sec this turn | 300 sec total\n|\n|t:|1783558188\n|move|p2a: Bellossom|Strength Sap|p1a: Giratina\n|-unboost|p1a: Giratina|atk|1\n|-heal|p2a: Bellossom|100/100\n|move|p1a: Giratina|Dragon Tail|p2a: Bellossom\n|-damage|p2a: Bellossom|91/100\n|drag|p2a: Vikavolt|Vikavolt, L83, F|70/100\n|\n|-heal|p1a: Giratina|321/349|[from] item: Leftovers\n|upkeep\n|turn|30\n|inactive|Time left: 300 sec this turn | 300 sec total\n|\n|t:|1783558189\n|move|p1a: Giratina|Shadow Ball|p2a: Vikavolt\n|-damage|p2a: Vikavolt|41/100\n|move|p2a: Vikavolt|Bug Buzz|p1a: Giratina\n|-resisted|p1a: Giratina\n|-damage|p1a: Giratina|263/349\n|\n|-heal|p1a: Giratina|284/349|[from] item: Leftovers\n|upkeep\n|turn|31\n|inactive|Time left: 300 sec this turn | 300 sec total\n|\n|t:|1783558190\n|move|p1a: Giratina|Shadow Ball|p2a: Vikavolt\n|-damage|p2a: Vikavolt|11/100\n|move|p2a: Vikavolt|Thunderbolt|p1a: Giratina\n|-resisted|p1a: Giratina\n|-damage|p1a: Giratina|226/349\n|\n|-heal|p1a: Giratina|247/349|[from] item: Leftovers\n|upkeep\n|turn|32\n|inactive|Time left: 300 sec this turn | 300 sec total\n|\n|t:|1783558191\n|move|p1a: Giratina|Shadow Ball|p2a: Vikavolt\n|-damage|p2a: Vikavolt|0 fnt\n|faint|p2a: Vikavolt\n|\n|-heal|p1a: Giratina|268/349|[from] item: Leftovers\n|upkeep\n|\n|t:|1783558192\n|switch|p2a: Zarude|Zarude, L77|100/100\n|turn|33\n|inactive|Time left: 300 sec this turn | 300 sec total\n|\n|t:|1783558193\n|switch|p1a: Meowscarada|Meowscarada, L78, M|247/247\n|-activate|p1a: Meowscarada|move: Sticky Web\n|-unboost|p1a: Meowscarada|spe|1\n|move|p2a: Zarude|Knock Off|p1a: Meowscarada\n|-resisted|p1a: Meowscarada\n|-damage|p1a: Meowscarada|155/247\n|-enditem|p1a: Meowscarada|Choice Band|[from] move: Knock Off|[of] p2a: Zarude\n|\n|upkeep\n|turn|34\n|inactive|Time left: 300 sec this turn | 300 sec total\n|\n|t:|1783558193\n|move|p2a: Zarude|Knock Off|p1a: Meowscarada\n|-resisted|p1a: Meowscarada\n|-damage|p1a: Meowscarada|95/247\n|move|p1a: Meowscarada|U-turn|p2a: Zarude\n|-start|p1a: Meowscarada|typechange|Bug|[from] ability: Protean\n|-supereffective|p2a: Zarude\n|-damage|p2a: Zarude|0 fnt\n|faint|p2a: Zarude\n|inactive|Time left: 300 sec this turn | 300 sec total | 5 sec grace\n|\n|t:|1783558194\n|switch|p1a: Giratina|Giratina, L75|268/349|[from] U-turn\n|-activate|p1a: Giratina|move: Sticky Web\n|-unboost|p1a: Giratina|spe|1\n|-ability|p1a: Giratina|Pressure\n|\n|-heal|p1a: Giratina|289/349|[from] item: Leftovers\n|upkeep\n|\n|t:|1783558195\n|switch|p2a: Bellossom|Bellossom, L84, F|91/100\n|turn|35\n|inactive|Time left: 300 sec this turn | 300 sec total\n|\n|t:|1783558196\n|move|p2a: Bellossom|Moonblast|p1a: Giratina\n|-supereffective|p1a: Giratina\n|-damage|p1a: Giratina|185/349\n|-unboost|p1a: Giratina|spa|1\n|move|p1a: Giratina|Dragon Tail|p2a: Bellossom\n|-damage|p2a: Bellossom|71/100\n|drag|p2a: Grumpig|Grumpig, L92, F|100/100\n|\n|-heal|p1a: Giratina|206/349|[from] item: Leftovers\n|upkeep\n|turn|36\n|inactive|Time left: 300 sec this turn | 300 sec total\n|\n|t:|1783558197\n|switch|p2a: Bellossom|Bellossom, L84, F|71/100\n|move|p1a: Giratina|Dragon Tail|p2a: Bellossom\n|-damage|p2a: Bellossom|54/100\n|drag|p2a: Electrode|Electrode, L92|100/100\n|\n|-heal|p1a: Giratina|227/349|[from] item: Leftovers\n|upkeep\n|turn|37\n|inactive|Time left: 300 sec this turn | 300 sec total\n|\n|t:|1783558198\n|switch|p2a: Bellossom|Bellossom, L84, F|54/100\n|switch|p1a: Electivire|Electivire, L84, M|263/263\n|-activate|p1a: Electivire|move: Sticky Web\n|-unboost|p1a: Electivire|spe|1\n|\n|-heal|p2a: Bellossom|60/100|[from] item: Leftovers\n|upkeep\n|turn|38\n|inactive|Time left: 300 sec this turn | 300 sec total\n|\n|t:|1783558199\n|-terastallize|p1a: Electivire|Dark\n|move|p1a: Electivire|Knock Off|p2a: Bellossom\n|-damage|p2a: Bellossom|4/100\n|-enditem|p2a: Bellossom|Leftovers|[from] move: Knock Off|[of] p1a: Electivire\n|-damage|p1a: Electivire|237/263|[from] item: Life Orb\n|move|p2a: Bellossom|Strength Sap|p1a: Electivire\n|-unboost|p1a: Electivire|atk|1\n|-heal|p2a: Bellossom|100/100\n|\n|upkeep\n|turn|39\n|inactive|Time left: 300 sec this turn | 300 sec total\n|\n|t:|1783558200\n|switch|p1a: Giratina|Giratina, L75|227/349\n|-activate|p1a: Giratina|move: Sticky Web\n|-unboost|p1a: Giratina|spe|1\n|-ability|p1a: Giratina|Pressure\n|move|p2a: Bellossom|Quiver Dance|p2a: Bellossom\n|-boost|p2a: Bellossom|spa|1\n|-boost|p2a: Bellossom|spd|1\n|-boost|p2a: Bellossom|spe|1\n|\n|-heal|p1a: Giratina|248/349|[from] item: Leftovers\n|upkeep\n|turn|40\n|inactive|Time left: 300 sec this turn | 300 sec total\n|\n|t:|1783558201\n|move|p2a: Bellossom|Moonblast|p1a: Giratina\n|-supereffective|p1a: Giratina\n|-damage|p1a: Giratina|74/349\n|move|p1a: Giratina|Dragon Tail|p2a: Bellossom|[miss]\n|-miss|p1a: Giratina|p2a: Bellossom\n|\n|-heal|p1a: Giratina|95/349|[from] item: Leftovers\n|upkeep\n|turn|41\n|inactive|Time left: 300 sec this turn | 300 sec total\n|\n|t:|1783558202\n|move|p2a: Bellossom|Moonblast|p1a: Giratina\n|-supereffective|p1a: Giratina\n|-damage|p1a: Giratina|0 fnt\n|faint|p1a: Giratina\n|\n|upkeep\n|inactive|Time left: 300 sec this turn | 300 sec total | 5 sec grace\n|\n|t:|1783558203\n|switch|p1a: Meowscarada|Meowscarada, L78, M|95/247\n|-activate|p1a: Meowscarada|move: Sticky Web\n|-unboost|p1a: Meowscarada|spe|1\n|turn|42\n|inactive|Time left: 300 sec this turn | 300 sec total\n|\n|t:|1783558203\n|move|p2a: Bellossom|Moonblast|p1a: Meowscarada\n|-supereffective|p1a: Meowscarada\n|-damage|p1a: Meowscarada|0 fnt\n|faint|p1a: Meowscarada\n|\n|upkeep\n|inactive|Time left: 300 sec this turn | 300 sec total | 5 sec grace\n|\n|t:|1783558204\n|switch|p1a: Electivire|Electivire, L84, M, tera:Dark|237/263\n|-activate|p1a: Electivire|move: Sticky Web\n|-unboost|p1a: Electivire|spe|1\n|turn|43\n|inactive|Time left: 300 sec this turn | 300 sec total\n|\n|t:|1783558205\n|move|p2a: Bellossom|Quiver Dance|p2a: Bellossom\n|-boost|p2a: Bellossom|spa|1\n|-boost|p2a: Bellossom|spd|1\n|-boost|p2a: Bellossom|spe|1\n|move|p1a: Electivire|Flamethrower|p2a: Bellossom\n|-supereffective|p2a: Bellossom\n|-damage|p2a: Bellossom|71/100\n|-damage|p1a: Electivire|211/263|[from] item: Life Orb\n|\n|upkeep\n|turn|44\n|inactive|Time left: 300 sec this turn | 300 sec total\n|\n|t:|1783558206\n|switch|p1a: Kyogre|Kyogre, L71|167/259\n|-activate|p1a: Kyogre|move: Sticky Web\n|-unboost|p1a: Kyogre|spe|1\n|-weather|RainDance|[from] ability: Drizzle|[of] p1a: Kyogre\n|move|p2a: Bellossom|Moonblast|p1a: Kyogre\n|-damage|p1a: Kyogre|68/259\n|\n|-weather|RainDance|[upkeep]\n|upkeep\n|turn|45\n|inactive|Time left: 300 sec this turn | 300 sec total\n|\n|t:|1783558207\n|move|p2a: Bellossom|Moonblast|p1a: Kyogre\n|-damage|p1a: Kyogre|0 fnt\n|faint|p1a: Kyogre\n|\n|-weather|RainDance|[upkeep]\n|upkeep\n|inactive|Time left: 300 sec this turn | 300 sec total | 5 sec grace\n|\n|t:|1783558207\n|switch|p1a: Electivire|Electivire, L84, M, tera:Dark|211/263\n|-activate|p1a: Electivire|move: Sticky Web\n|-unboost|p1a: Electivire|spe|1\n|turn|46\n|inactive|Time left: 300 sec this turn | 300 sec total\n|\n|t:|1783558208\n|move|p2a: Bellossom|Moonblast|p1a: Electivire\n|-supereffective|p1a: Electivire\n|-damage|p1a: Electivire|0 fnt\n|faint|p1a: Electivire\n|\n|win|p0y1565a8fb", "uploadtime": 1783558208, "views": 0, "rating": 0, "private": 0, "password": null, "_winner": "p0y1565a8fb", "_our_name": "p0x15650040"}