{"id": "battle-gen9randombattle-1902", "formatid": "gen9randombattle", "format": "[Gen 9] Random Battle", "players": ["p0x190246b1", "p0y1902dbbe"], "log": "|init|battle\n|title|p0x190246b1 vs. p0y1902dbbe\n|j|\u2606p0x190246b1\n|j|\u2606p0y1902dbbe\n|t:|1783562008\n|gametype|singles\n|player|p1|p0x190246b1|265|\n|player|p2|p0y1902dbbe|2|\n|gen|9\n|tier|[Gen 9] Random Battle\n|rule|Species Clause: Limit one of each Pok\u00e9mon\n|rule|HP Percentage Mod: HP is shown in percentages\n|rule|Sleep Clause Mod: Limit one foe put to sleep\n|rule|Illusion Level Mod: Illusion disguises the Pok\u00e9mon's true level\n|\n|t:|1783562008\n|teamsize|p1|6\n|teamsize|p2|6\n|start\n|switch|p1a: Chimecho|Chimecho, L93, F|100/100\n|switch|p2a: Zapdos|Zapdos, L78|268/268\n|turn|1\n|inactive|Battle timer is ON: inactive players will automatically lose when time's up. (requested by p0x190246b1)\n|inactive|Time left: 300 sec this turn | 300 sec total | 60 sec grace\n|inactive|p0y1902dbbe also wants the timer to be on.\n|\n|t:|1783562010\n|switch|p1a: Zacian|Zacian, L69|100/100\n|-ability|p1a: Zacian|Intrepid Sword|boost\n|-boost|p1a: Zacian|atk|1\n|move|p2a: Zapdos|Thunderbolt|p1a: Zacian\n|-damage|p1a: Zacian|57/100\n|\n|upkeep\n|turn|2\n|inactive|Time left: 300 sec this turn | 300 sec total\n|\n|t:|1783562011\n|move|p1a: Zacian|Play Rough|p2a: Zapdos|[miss]\n|-miss|p1a: Zacian|p2a: Zapdos\n|move|p2a: Zapdos|Hurricane|p1a: Zacian\n|-damage|p1a: Zacian|8/100\n|-start|p1a: Zacian|confusion\n|\n|upkeep\n|turn|3\n|inactive|Time left: 300 sec this turn | 300 sec total\n|\n|t:|1783562012\n|-activate|p1a: Zacian|confusion\n|move|p1a: Zacian|Play Rough|p2a: Zapdos\n|-damage|p2a: Zapdos|73/268\n|move|p2a: Zapdos|Thunderbolt|p1a: Zacian\n|-damage|p1a: Zacian|0 fnt\n|faint|p1a: Zacian\n|\n|upkeep\n|\n|t:|1783562013\n|switch|p1a: Tentacruel|Tentacruel, L84, M|100/100\n|turn|4\n|inactive|Time left: 300 sec this turn | 300 sec total\n|\n|t:|1783562014\n|switch|p2a: Mandibuzz|Mandibuzz, L85, F|326/326\n|move|p1a: Tentacruel|Sludge Bomb|p2a: Mandibuzz\n|-damage|p2a: Mandibuzz|245/326\n|\n|upkeep\n|turn|5\n|inactive|Time left: 300 sec this turn | 300 sec total\n|\n|t:|1783562015\n|move|p1a: Tentacruel|Knock Off|p2a: Mandibuzz\n|-resisted|p2a: Mandibuzz\n|-damage|p2a: Mandibuzz|220/326\n|-enditem|p2a: Mandibuzz|Heavy-Duty Boots|[from] move: Knock Off|[of] p1a: Tentacruel\n|move|p2a: Mandibuzz|Foul Play|p1a: Tentacruel\n|-damage|p1a: Tentacruel|64/100\n|\n|-heal|p1a: Tentacruel|70/100|[from] item: Leftovers\n|upkeep\n|turn|6\n|inactive|Time left: 300 sec this turn | 300 sec total\n|\n|t:|1783562016\n|move|p1a: Tentacruel|Sludge Bomb|p2a: Mandibuzz\n|-damage|p2a: Mandibuzz|148/326\n|move|p2a: Mandibuzz|Foul Play|p1a: Tentacruel\n|-crit|p1a: Tentacruel\n|-damage|p1a: Tentacruel|18/100\n|\n|-heal|p1a: Tentacruel|24/100|[from] item: Leftovers\n|upkeep\n|turn|7\n|inactive|Time left: 300 sec this turn | 300 sec total\n|\n|t:|1783562017\n|switch|p1a: Rotom|Rotom-Frost, L87|100/100\n|move|p2a: Mandibuzz|Foul Play|p1a: Rotom\n|-damage|p1a: Rotom|79/100\n|\n|upkeep\n|turn|8\n|inactive|Time left: 300 sec this turn | 300 sec total\n|\n|t:|1783562018\n|switch|p2a: Kyurem|Kyurem-White, L73|303/303\n|-ability|p2a: Kyurem|Turboblaze\n|move|p1a: Rotom|Thunderbolt|p2a: Kyurem\n|-resisted|p2a: Kyurem\n|-damage|p2a: Kyurem|243/303\n|\n|upkeep\n|turn|9\n|inactive|Time left: 300 sec this turn | 300 sec total\n|\n|t:|1783562019\n|move|p1a: Rotom|Thunderbolt|p2a: Kyurem\n|-resisted|p2a: Kyurem\n|-damage|p2a: Kyurem|187/303\n|move|p2a: Kyurem|Draco Meteor|p1a: Rotom\n|-damage|p1a: Rotom|0 fnt\n|-unboost|p2a: Kyurem|spa|2\n|faint|p1a: Rotom\n|\n|upkeep\n|\n|t:|1783562020\n|switch|p1a: Weezing|Weezing-Galar, L86, M|100/100\n|turn|10\n|inactive|Time left: 300 sec this turn | 300 sec total\n|\n|t:|1783562020\n|switch|p2a: Zapdos|Zapdos, L78|73/268\n|move|p1a: Weezing|Gunk Shot|p2a: Zapdos\n|-damage|p2a: Zapdos|0 fnt\n|faint|p2a: Zapdos\n|\n|upkeep\n|inactive|Time left: 300 sec this turn | 300 sec total | 5 sec grace\n|\n|t:|1783562021\n|switch|p2a: Kyurem|Kyurem-White, L73|187/303\n|-ability|p2a: Kyurem|Turboblaze\n|turn|11\n|inactive|Time left: 300 sec this turn | 300 sec total\n|\n|t:|1783562022\n|switch|p1a: Chimecho|Chimecho, L93, F|100/100\n|move|p2a: Kyurem|Earth Power|p1a: Chimecho\n|-damage|p1a: Chimecho|67/100\n|\n|-heal|p1a: Chimecho|73/100|[from] item: Leftovers\n|upkeep\n|turn|12\n|inactive|Time left: 300 sec this turn | 300 sec total\n|\n|t:|1783562023\n|move|p2a: Kyurem|Earth Power|p1a: Chimecho\n|-damage|p1a: Chimecho|37/100\n|move|p1a: Chimecho|Cosmic Power|p1a: Chimecho\n|-boost|p1a: Chimecho|def|1\n|-boost|p1a: Chimecho|spd|1\n|\n|-heal|p1a: Chimecho|43/100|[from] item: Leftovers\n|upkeep\n|turn|13\n|inactive|Time left: 300 sec this turn | 300 sec total\n|\n|t:|1783562024\n|move|p2a: Kyurem|Earth Power|p1a: Chimecho\n|-damage|p1a: Chimecho|20/100\n|-unboost|p1a: Chimecho|spd|1\n|move|p1a: Chimecho|Recover|p1a: Chimecho\n|-heal|p1a: Chimecho|70/100\n|\n|-heal|p1a: Chimecho|77/100|[from] item: Leftovers\n|upkeep\n|turn|14\n|inactive|Time left: 300 sec this turn | 300 sec total\n|\n|t:|1783562025\n|move|p2a: Kyurem|Earth Power|p1a: Chimecho\n|-damage|p1a: Chimecho|42/100\n|move|p1a: Chimecho|Cosmic Power|p1a: Chimecho\n|-boost|p1a: Chimecho|def|1\n|-boost|p1a: Chimecho|spd|1\n|\n|-heal|p1a: Chimecho|48/100|[from] item: Leftovers\n|upkeep\n|turn|15\n|inactive|Time left: 300 sec this turn | 300 sec total\n|\n|t:|1783562026\n|move|p2a: Kyurem|Earth Power|p1a: Chimecho\n|-damage|p1a: Chimecho|24/100\n|move|p1a: Chimecho|Recover|p1a: Chimecho\n|-heal|p1a: Chimecho|74/100\n|\n|-heal|p1a: Chimecho|80/100|[from] item: Leftovers\n|upkeep\n|turn|16\n|inactive|Time left: 300 sec this turn | 300 sec total\n|\n|t:|1783562027\n|move|p2a: Kyurem|Earth Power|p1a: Chimecho\n|-damage|p1a: Chimecho|58/100\n|-unboost|p1a: Chimecho|spd|1\n|move|p1a: Chimecho|Dazzling Gleam|p2a: Kyurem\n|-supereffective|p2a: Kyurem\n|-damage|p2a: Kyurem|55/303\n|\n|-heal|p1a: Chimecho|65/100|[from] item: Leftovers\n|upkeep\n|turn|17\n|inactive|Time left: 300 sec this turn | 300 sec total\n|\n|t:|1783562027\n|move|p2a: Kyurem|Earth Power|p1a: Chimecho\n|-damage|p1a: Chimecho|26/100\n|move|p1a: Chimecho|Dazzling Gleam|p2a: Kyurem\n|-supereffective|p2a: Kyurem\n|-damage|p2a: Kyurem|0 fnt\n|faint|p2a: Kyurem\n|\n|-heal|p1a: Chimecho|32/100|[from] item: Leftovers\n|upkeep\n|inactive|Time left: 300 sec this turn | 300 sec total | 5 sec grace\n|\n|t:|1783562029\n|switch|p2a: Calyrex|Calyrex-Shadow, L64|235/235\n|-ability|p2a: Calyrex|As One\n|-ability|p2a: Calyrex|Unnerve\n|turn|18\n|inactive|Time left: 300 sec this turn | 300 sec total\n|\n|t:|1783562029\n|switch|p1a: Greninja|Greninja, L80, M|100/100\n|move|p2a: Calyrex|Astral Barrage|p1a: Greninja\n|-resisted|p1a: Greninja\n|-damage|p1a: Greninja|61/100\n|-damage|p2a: Calyrex|212/235|[from] item: Life Orb\n|\n|upkeep\n|turn|19\n|inactive|Time left: 300 sec this turn | 300 sec total\n|\n|t:|1783562031\n|move|p1a: Greninja|Hydro Pump|p2a: Calyrex\n|-start|p1a: Greninja|typechange|Water|[from] ability: Protean\n|-damage|p2a: Calyrex|51/235\n|-damage|p1a: Greninja|52/100|[from] item: Life Orb\n|move|p2a: Calyrex|Astral Barrage|p1a: Greninja\n|-damage|p1a: Greninja|0 fnt\n|faint|p1a: Greninja\n|-ability|p2a: Calyrex|Grim Neigh|boost\n|-boost|p2a: Calyrex|spa|1\n|-damage|p2a: Calyrex|28/235|[from] item: Life Orb\n|\n|upkeep\n|\n|t:|1783562032\n|switch|p1a: Chimecho|Chimecho, L93, F|32/100\n|turn|20\n|inactive|Time left: 300 sec this turn | 300 sec total\n|\n|t:|1783562032\n|switch|p1a: Tentacruel|Tentacruel, L84, M|24/100\n|move|p2a: Calyrex|Astral Barrage|p1a: Tentacruel\n|-damage|p1a: Tentacruel|0 fnt\n|faint|p1a: Tentacruel\n|-ability|p2a: Calyrex|Grim Neigh|boost\n|-boost|p2a: Calyrex|spa|1\n|-damage|p2a: Calyrex|5/235|[from] item: Life Orb\n|\n|upkeep\n|\n|t:|1783562034\n|switch|p1a: Chimecho|Chimecho, L93, F|32/100\n|turn|21\n|inactive|Time left: 300 sec this turn | 300 sec total\n|\n|t:|1783562035\n|move|p2a: Calyrex|Astral Barrage|p1a: Chimecho\n|-supereffective|p1a: Chimecho\n|-damage|p1a: Chimecho|0 fnt\n|faint|p1a: Chimecho\n|-ability|p2a: Calyrex|Grim Neigh|boost\n|-boost|p2a: Calyrex|spa|1\n|-damage|p2a: Calyrex|0 fnt|[from] item: Life Orb\n|faint|p2a: Calyrex\n|\n|upkeep\n|inactive|Time left: 300 sec this turn | 300 sec total | 5 sec grace\n|\n|t:|1783562036\n|switch|p2a: Wugtrio|Wugtrio, L91, F|212/212\n|switch|p1a: Weezing|Weezing-Galar, L86, M|100/100\n|turn|22\n|inactive|Time left: 300 sec this turn | 300 sec total\n|\n|t:|1783562037\n|-terastallize|p2a: Wugtrio|Water\n|move|p2a: Wugtrio|Liquidation|p1a: Weezing\n|-damage|p1a: Weezing|39/100\n|move|p1a: Weezing|Will-O-Wisp|p2a: Wugtrio\n|-status|p2a: Wugtrio|brn\n|\n|-heal|p1a: Weezing|45/100|[from] item: Leftovers\n|-damage|p2a: Wugtrio|199/212 brn|[from] brn\n|upkeep\n|turn|23\n|inactive|Time left: 300 sec this turn | 300 sec total\n|\n|t:|1783562038\n|move|p2a: Wugtrio|Liquidation|p1a: Weezing\n|-damage|p1a: Weezing|13/100\n|move|p1a: Weezing|Strange Steam|p2a: Wugtrio\n|-damage|p2a: Wugtrio|100/212 brn\n|\n|-heal|p1a: Weezing|19/100|[from] item: Leftovers\n|-damage|p2a: Wugtrio|87/212 brn|[from] brn\n|upkeep\n|turn|24\n|inactive|Time left: 300 sec this turn | 300 sec total\n|\n|t:|1783562039\n|-terastallize|p1a: Weezing|Steel\n|move|p2a: Wugtrio|Liquidation|p1a: Weezing\n|-damage|p1a: Weezing|0 fnt\n|faint|p1a: Weezing\n|\n|win|p0y1902dbbe", "uploadtime": 1783562039, "views": 0, "rating": 0, "private": 0, "password": null, "_winner": "p0y1902dbbe", "_our_name": "p0y1902dbbe"}