{"id": "battle-gen9randombattle-2511", "formatid": "gen9randombattle", "format": "[Gen 9] Random Battle", "players": ["p0x251114c8", "p0y251188a4"], "log": "|init|battle\n|title|p0x251114c8 vs. p0y251188a4\n|j|\u2606p0x251114c8\n|j|\u2606p0y251188a4\n|t:|1783569080\n|gametype|singles\n|player|p1|p0x251114c8|1|\n|player|p2|p0y251188a4|265|\n|gen|9\n|tier|[Gen 9] Random Battle\n|rule|Species Clause: Limit one of each Pok\u00e9mon\n|rule|HP Percentage Mod: HP is shown in percentages\n|rule|Sleep Clause Mod: Limit one foe put to sleep\n|rule|Illusion Level Mod: Illusion disguises the Pok\u00e9mon's true level\n|\n|t:|1783569080\n|teamsize|p1|6\n|teamsize|p2|6\n|start\n|switch|p1a: Arcanine|Arcanine, L84, M|100/100\n|switch|p2a: Kleavor|Kleavor, L78, M|237/237\n|-ability|p1a: Arcanine|Intimidate|boost\n|-unboost|p2a: Kleavor|atk|1\n|turn|1\n|inactive|Battle timer is ON: inactive players will automatically lose when time's up. (requested by p0x251114c8)\n|inactive|Time left: 300 sec this turn | 300 sec total | 60 sec grace\n|inactive|p0y251188a4 also wants the timer to be on.\n|\n|t:|1783569082\n|move|p1a: Arcanine|Flare Blitz|p2a: Kleavor\n|-damage|p2a: Kleavor|90/237\n|-damage|p1a: Arcanine|83/100|[from] Recoil\n|move|p2a: Kleavor|Stone Axe|p1a: Arcanine\n|-supereffective|p1a: Arcanine\n|-damage|p1a: Arcanine|21/100\n|-sidestart|p1: p0x251114c8|move: Stealth Rock\n|\n|upkeep\n|turn|2\n|inactive|Time left: 300 sec this turn | 300 sec total\n|\n|t:|1783569083\n|switch|p2a: Squawkabilly|Squawkabilly, L85, F|278/278\n|move|p1a: Arcanine|Morning Sun|p1a: Arcanine\n|-heal|p1a: Arcanine|71/100\n|\n|-status|p2a: Squawkabilly|brn|[from] item: Flame Orb\n|upkeep\n|turn|3\n|inactive|Time left: 300 sec this turn | 300 sec total\n|\n|t:|1783569084\n|move|p1a: Arcanine|Flare Blitz|p2a: Squawkabilly\n|-damage|p2a: Squawkabilly|62/278 brn\n|-damage|p1a: Arcanine|46/100|[from] Recoil\n|move|p2a: Squawkabilly|Facade|p1a: Arcanine\n|-damage|p1a: Arcanine|0 fnt\n|faint|p1a: Arcanine\n|\n|-damage|p2a: Squawkabilly|45/278 brn|[from] brn\n|upkeep\n|\n|t:|1783569085\n|switch|p1a: Espeon|Espeon, L84, F|100/100\n|-damage|p1a: Espeon|88/100|[from] Stealth Rock\n|turn|4\n|inactive|Time left: 300 sec this turn | 300 sec total\n|\n|t:|1783569086\n|switch|p2a: Empoleon|Empoleon, L84, M|278/278\n|move|p1a: Espeon|Psyshock|p2a: Empoleon\n|-resisted|p2a: Empoleon\n|-damage|p2a: Empoleon|202/278\n|\n|-heal|p2a: Empoleon|219/278|[from] item: Leftovers\n|upkeep\n|turn|5\n|inactive|Time left: 300 sec this turn | 300 sec total\n|\n|t:|1783569087\n|move|p1a: Espeon|Psyshock|p2a: Empoleon\n|-resisted|p2a: Empoleon\n|-damage|p2a: Empoleon|139/278\n|move|p2a: Empoleon|Knock Off|p1a: Espeon\n|-supereffective|p1a: Espeon\n|-damage|p1a: Espeon|26/100\n|-enditem|p1a: Espeon|Choice Specs|[from] move: Knock Off|[of] p2a: Empoleon\n|\n|-heal|p2a: Empoleon|156/278|[from] item: Leftovers\n|upkeep\n|turn|6\n|inactive|Time left: 300 sec this turn | 300 sec total\n|\n|t:|1783569088\n|move|p1a: Espeon|Trick|p2a: Empoleon\n|-activate|p1a: Espeon|move: Trick|[of] p2a: Empoleon\n|-enditem|p2a: Empoleon|Leftovers|[silent]|[from] move: Trick\n|-item|p1a: Espeon|Leftovers|[from] move: Trick\n|move|p2a: Empoleon|Roost|p2a: Empoleon\n|-heal|p2a: Empoleon|278/278\n|-singleturn|p2a: Empoleon|move: Roost\n|\n|-heal|p1a: Espeon|32/100|[from] item: Leftovers\n|upkeep\n|turn|7\n|inactive|Time left: 300 sec this turn | 300 sec total\n|\n|t:|1783569089\n|switch|p1a: Goodra|Goodra-Hisui, L82, F|100/100\n|-damage|p1a: Goodra|94/100|[from] Stealth Rock\n|move|p2a: Empoleon|Knock Off|p1a: Goodra\n|-damage|p1a: Goodra|72/100\n|-enditem|p1a: Goodra|Assault Vest|[from] move: Knock Off|[of] p2a: Empoleon\n|\n|upkeep\n|turn|8\n|inactive|Time left: 300 sec this turn | 300 sec total\n|\n|t:|1783569091\n|move|p2a: Empoleon|Surf|p1a: Goodra\n|-resisted|p1a: Goodra\n|-damage|p1a: Goodra|58/100\n|move|p1a: Goodra|Fire Blast|p2a: Empoleon\n|-damage|p2a: Empoleon|207/278\n|\n|upkeep\n|turn|9\n|inactive|Time left: 300 sec this turn | 300 sec total\n|\n|t:|1783569092\n|move|p2a: Empoleon|Roost|p2a: Empoleon\n|-heal|p2a: Empoleon|278/278\n|-singleturn|p2a: Empoleon|move: Roost\n|move|p1a: Goodra|Fire Blast|p2a: Empoleon\n|-damage|p2a: Empoleon|200/278\n|\n|upkeep\n|turn|10\n|inactive|Time left: 300 sec this turn | 300 sec total\n|\n|t:|1783569093\n|move|p2a: Empoleon|Knock Off|p1a: Goodra\n|-damage|p1a: Goodra|42/100\n|move|p1a: Goodra|Fire Blast|p2a: Empoleon|[miss]\n|-miss|p1a: Goodra|p2a: Empoleon\n|\n|upkeep\n|turn|11\n|inactive|Time left: 300 sec this turn | 300 sec total\n|\n|t:|1783569094\n|move|p2a: Empoleon|Roost|p2a: Empoleon\n|-heal|p2a: Empoleon|278/278\n|-singleturn|p2a: Empoleon|move: Roost\n|move|p1a: Goodra|Fire Blast|p2a: Empoleon\n|-damage|p2a: Empoleon|206/278\n|\n|upkeep\n|turn|12\n|inactive|Time left: 300 sec this turn | 300 sec total\n|\n|t:|1783569095\n|move|p2a: Empoleon|Surf|p1a: Goodra\n|-resisted|p1a: Goodra\n|-damage|p1a: Goodra|28/100\n|move|p1a: Goodra|Fire Blast|p2a: Empoleon\n|-damage|p2a: Empoleon|130/278\n|\n|upkeep\n|turn|13\n|inactive|Time left: 300 sec this turn | 300 sec total\n|\n|t:|1783569096\n|move|p2a: Empoleon|Roost|p2a: Empoleon\n|-heal|p2a: Empoleon|269/278\n|-singleturn|p2a: Empoleon|move: Roost\n|move|p1a: Goodra|Fire Blast|p2a: Empoleon\n|-damage|p2a: Empoleon|193/278\n|\n|upkeep\n|turn|14\n|inactive|Time left: 300 sec this turn | 300 sec total\n|\n|t:|1783569097\n|move|p2a: Empoleon|Roost|p2a: Empoleon\n|-heal|p2a: Empoleon|278/278\n|-singleturn|p2a: Empoleon|move: Roost\n|move|p1a: Goodra|Fire Blast|p2a: Empoleon\n|-damage|p2a: Empoleon|202/278\n|\n|upkeep\n|turn|15\n|inactive|Time left: 300 sec this turn | 300 sec total\n|\n|t:|1783569099\n|move|p2a: Empoleon|Surf|p1a: Goodra\n|-resisted|p1a: Goodra\n|-damage|p1a: Goodra|15/100\n|move|p1a: Goodra|Fire Blast|p2a: Empoleon\n|-damage|p2a: Empoleon|128/278\n|\n|upkeep\n|turn|16\n|inactive|Time left: 300 sec this turn | 300 sec total\n|\n|t:|1783569100\n|move|p2a: Empoleon|Roost|p2a: Empoleon\n|-heal|p2a: Empoleon|267/278\n|-singleturn|p2a: Empoleon|move: Roost\n|move|p1a: Goodra|Dragon Tail|p2a: Empoleon\n|-resisted|p2a: Empoleon\n|-damage|p2a: Empoleon|237/278\n|drag|p2a: Squawkabilly|Squawkabilly, L85, F|45/278 brn\n|\n|-damage|p2a: Squawkabilly|28/278 brn|[from] brn\n|upkeep\n|turn|17\n|inactive|Time left: 300 sec this turn | 300 sec total\n|\n|t:|1783569101\n|move|p2a: Squawkabilly|Facade|p1a: Goodra\n|-resisted|p1a: Goodra\n|-damage|p1a: Goodra|0 fnt\n|faint|p1a: Goodra\n|\n|-damage|p2a: Squawkabilly|11/278 brn|[from] brn\n|upkeep\n|\n|t:|1783569102\n|switch|p1a: Swampert|Swampert, L83, F|100/100\n|-damage|p1a: Swampert|95/100|[from] Stealth Rock\n|turn|18\n|inactive|Time left: 300 sec this turn | 300 sec total\n|\n|t:|1783569103\n|move|p2a: Squawkabilly|Facade|p1a: Swampert\n|-damage|p1a: Swampert|18/100\n|move|p1a: Swampert|Stealth Rock|p2a: Squawkabilly\n|-sidestart|p2: p0y251188a4|move: Stealth Rock\n|\n|-heal|p1a: Swampert|24/100|[from] item: Leftovers\n|-damage|p2a: Squawkabilly|0 fnt|[from] brn\n|faint|p2a: Squawkabilly\n|upkeep\n|inactive|Time left: 300 sec this turn | 300 sec total | 5 sec grace\n|\n|t:|1783569104\n|switch|p2a: Okidogi|Okidogi, L77, M|262/262\n|-damage|p2a: Okidogi|246/262|[from] Stealth Rock\n|turn|19\n|inactive|Time left: 300 sec this turn | 300 sec total\n|\n|t:|1783569105\n|move|p2a: Okidogi|Drain Punch|p1a: Swampert\n|-damage|p1a: Swampert|0 fnt\n|-heal|p2a: Okidogi|262/262|[from] drain|[of] p1a: Swampert\n|faint|p1a: Swampert\n|\n|upkeep\n|\n|t:|1783569106\n|switch|p1a: Espeon|Espeon, L84, F|32/100\n|-damage|p1a: Espeon|20/100|[from] Stealth Rock\n|turn|20\n|inactive|Time left: 300 sec this turn | 300 sec total\n|\n|t:|1783569107\n|switch|p2a: Empoleon|Empoleon, L84, M|237/278\n|-damage|p2a: Empoleon|220/278|[from] Stealth Rock\n|move|p1a: Espeon|Psyshock|p2a: Empoleon\n|-resisted|p2a: Empoleon\n|-damage|p2a: Empoleon|171/278\n|\n|-heal|p1a: Espeon|26/100|[from] item: Leftovers\n|upkeep\n|turn|21\n|inactive|Time left: 300 sec this turn | 300 sec total\n|\n|t:|1783569108\n|move|p1a: Espeon|Shadow Ball|p2a: Empoleon\n|-damage|p2a: Empoleon|104/278\n|move|p2a: Empoleon|Roost|p2a: Empoleon\n|-heal|p2a: Empoleon|243/278\n|-singleturn|p2a: Empoleon|move: Roost\n|\n|-heal|p1a: Espeon|32/100|[from] item: Leftovers\n|upkeep\n|turn|22\n|inactive|Time left: 300 sec this turn | 300 sec total\n|\n|t:|1783569109\n|move|p1a: Espeon|Psyshock|p2a: Empoleon\n|-resisted|p2a: Empoleon\n|-damage|p2a: Empoleon|185/278\n|move|p2a: Empoleon|Knock Off|p1a: Espeon\n|-supereffective|p1a: Espeon\n|-crit|p1a: Espeon\n|-damage|p1a: Espeon|0 fnt\n|-enditem|p1a: Espeon|Leftovers|[from] move: Knock Off|[of] p2a: Empoleon\n|faint|p1a: Espeon\n|\n|upkeep\n|\n|t:|1783569110\n|switch|p1a: Spectrier|Spectrier, L75|100/100\n|-damage|p1a: Spectrier|88/100|[from] Stealth Rock\n|turn|23\n|inactive|Time left: 300 sec this turn | 300 sec total\n|\n|t:|1783569111\n|-terastallize|p1a: Spectrier|Fairy\n|move|p1a: Spectrier|Nasty Plot|p1a: Spectrier\n|-boost|p1a: Spectrier|spa|2\n|move|p2a: Empoleon|Knock Off|p1a: Spectrier\n|-resisted|p1a: Spectrier\n|-damage|p1a: Spectrier|70/100\n|-enditem|p1a: Spectrier|Life Orb|[from] move: Knock Off|[of] p2a: Empoleon\n|\n|upkeep\n|turn|24\n|inactive|Time left: 300 sec this turn | 300 sec total\n|\n|t:|1783569112\n|move|p1a: Spectrier|Draining Kiss|p2a: Empoleon\n|-resisted|p2a: Empoleon\n|-damage|p2a: Empoleon|123/278\n|-heal|p1a: Spectrier|87/100|[from] drain|[of] p2a: Empoleon\n|move|p2a: Empoleon|Flip Turn|p1a: Spectrier\n|-damage|p1a: Spectrier|59/100\n|inactive|Time left: 300 sec this turn | 300 sec total | 5 sec grace\n|\n|t:|1783569113\n|switch|p2a: Toxtricity|Toxtricity, L82, F|257/257|[from] Flip Turn\n|-damage|p2a: Toxtricity|225/257|[from] Stealth Rock\n|\n|upkeep\n|turn|25\n|inactive|Time left: 300 sec this turn | 300 sec total\n|\n|t:|1783569113\n|move|p2a: Toxtricity|Sludge Wave|p1a: Spectrier\n|-supereffective|p1a: Spectrier\n|-damage|p1a: Spectrier|0 fnt\n|faint|p1a: Spectrier\n|\n|upkeep\n|\n|t:|1783569114\n|switch|p1a: Ambipom|Ambipom, L84, M|100/100\n|-damage|p1a: Ambipom|88/100|[from] Stealth Rock\n|turn|26\n|inactive|Time left: 300 sec this turn | 300 sec total\n|\n|t:|1783569115\n|move|p1a: Ambipom|Fake Out|p2a: Toxtricity\n|-damage|p2a: Toxtricity|135/257\n|cant|p2a: Toxtricity|flinch\n|\n|upkeep\n|turn|27\n|inactive|Time left: 300 sec this turn | 300 sec total\n|\n|t:|1783569116\n|move|p2a: Toxtricity|Sludge Wave|p1a: Ambipom\n|-damage|p1a: Ambipom|36/100\n|move|p1a: Ambipom|Knock Off|p2a: Toxtricity\n|-damage|p2a: Toxtricity|56/257\n|-enditem|p2a: Toxtricity|Choice Scarf|[from] move: Knock Off|[of] p1a: Ambipom\n|\n|upkeep\n|turn|28\n|inactive|Time left: 300 sec this turn | 300 sec total\n|\n|t:|1783569117\n|move|p1a: Ambipom|Double-Edge|p2a: Toxtricity\n|-damage|p2a: Toxtricity|0 fnt\n|faint|p2a: Toxtricity\n|-damage|p1a: Ambipom|29/100|[from] Recoil\n|\n|upkeep\n|inactive|Time left: 300 sec this turn | 300 sec total | 5 sec grace\n|\n|t:|1783569117\n|switch|p2a: Okidogi|Okidogi, L77, M|262/262\n|-damage|p2a: Okidogi|246/262|[from] Stealth Rock\n|turn|29\n|inactive|Time left: 300 sec this turn | 300 sec total\n|\n|t:|1783569118\n|move|p1a: Ambipom|Knock Off|p2a: Okidogi\n|-resisted|p2a: Okidogi\n|-damage|p2a: Okidogi|214/262\n|-enditem|p2a: Okidogi|Leftovers|[from] move: Knock Off|[of] p1a: Ambipom\n|move|p2a: Okidogi|Drain Punch|p1a: Ambipom\n|-supereffective|p1a: Ambipom\n|-damage|p1a: Ambipom|0 fnt\n|-heal|p2a: Okidogi|252/262|[from] drain|[of] p1a: Ambipom\n|faint|p1a: Ambipom\n|\n|win|p0y251188a4", "uploadtime": 1783569118, "views": 0, "rating": 0, "private": 0, "password": null, "_winner": "p0y251188a4", "_our_name": "p0y251188a4"}