{"id": "battle-gen9randombattle-1728", "formatid": "gen9randombattle", "format": "[Gen 9] Random Battle", "players": ["p0x17284372", "p0y1728bc58"], "log": "|init|battle\n|title|p0x17284372 vs. p0y1728bc58\n|j|\u2606p0x17284372\n|j|\u2606p0y1728bc58\n|t:|1783559210\n|gametype|singles\n|player|p1|p0x17284372|265|\n|player|p2|p0y1728bc58|101|\n|gen|9\n|tier|[Gen 9] Random Battle\n|rule|Species Clause: Limit one of each Pok\u00e9mon\n|rule|HP Percentage Mod: HP is shown in percentages\n|rule|Sleep Clause Mod: Limit one foe put to sleep\n|rule|Illusion Level Mod: Illusion disguises the Pok\u00e9mon's true level\n|\n|t:|1783559210\n|teamsize|p1|6\n|teamsize|p2|6\n|start\n|switch|p1a: Whimsicott|Whimsicott, L84, F|238/238\n|switch|p2a: Lurantis|Lurantis, L87, M|100/100\n|turn|1\n|inactive|Battle timer is ON: inactive players will automatically lose when time's up. (requested by p0x17284372)\n|inactive|p0y1728bc58 also wants the timer to be on.\n|\n|t:|1783559211\n|move|p1a: Whimsicott|Moonblast|p2a: Lurantis\n|-damage|p2a: Lurantis|80/100\n|move|p2a: Lurantis|Leaf Storm|p1a: Whimsicott\n|-resisted|p1a: Whimsicott\n|-damage|p1a: Whimsicott|166/238\n|-boost|p2a: Lurantis|spa|2\n|\n|-heal|p1a: Whimsicott|180/238|[from] item: Leftovers\n|upkeep\n|turn|2\n|inactive|Time left: 300 sec this turn | 300 sec total\n|\n|t:|1783559213\n|switch|p1a: Heracross|Heracross, L80, M|259/259\n|move|p2a: Lurantis|Leaf Storm|p1a: Heracross\n|-resisted|p1a: Heracross\n|-damage|p1a: Heracross|127/259\n|-boost|p2a: Lurantis|spa|2\n|\n|upkeep\n|turn|3\n|inactive|Time left: 300 sec this turn | 300 sec total\n|\n|t:|1783559214\n|move|p1a: Heracross|Megahorn|p2a: Lurantis\n|-supereffective|p2a: Lurantis\n|-damage|p2a: Lurantis|0 fnt\n|faint|p2a: Lurantis\n|-ability|p1a: Heracross|Moxie|boost\n|-boost|p1a: Heracross|atk|1\n|\n|upkeep\n|\n|t:|1783559215\n|switch|p2a: Delphox|Delphox, L84, M|100/100\n|turn|4\n|inactive|Time left: 300 sec this turn | 300 sec total\n|\n|t:|1783559217\n|move|p1a: Heracross|Megahorn|p2a: Delphox|[miss]\n|-miss|p1a: Heracross|p2a: Delphox\n|move|p2a: Delphox|Fire Blast|p1a: Heracross|[miss]\n|-miss|p2a: Delphox|p1a: Heracross\n|\n|upkeep\n|turn|5\n|inactive|Time left: 300 sec this turn | 300 sec total\n|\n|t:|1783559218\n|move|p1a: Heracross|Megahorn|p2a: Delphox\n|-damage|p2a: Delphox|13/100\n|move|p2a: Delphox|Fire Blast|p1a: Heracross\n|-supereffective|p1a: Heracross\n|-damage|p1a: Heracross|0 fnt\n|faint|p1a: Heracross\n|\n|upkeep\n|inactive|Time left: 300 sec this turn | 300 sec total | 5 sec grace\n|\n|t:|1783559219\n|switch|p1a: Whimsicott|Whimsicott, L84, F|180/238\n|turn|6\n|inactive|Time left: 300 sec this turn | 300 sec total\n|\n|t:|1783559220\n|move|p1a: Whimsicott|Moonblast|p2a: Delphox\n|-resisted|p2a: Delphox\n|-damage|p2a: Delphox|0 fnt\n|faint|p2a: Delphox\n|\n|-heal|p1a: Whimsicott|194/238|[from] item: Leftovers\n|upkeep\n|\n|t:|1783559221\n|switch|p2a: Magcargo|Magcargo, L95, F|100/100\n|turn|7\n|inactive|Time left: 300 sec this turn | 300 sec total\n|\n|t:|1783559223\n|move|p1a: Whimsicott|Leech Seed|p2a: Magcargo\n|-start|p2a: Magcargo|move: Leech Seed\n|move|p2a: Magcargo|Lava Plume|p1a: Whimsicott\n|-supereffective|p1a: Whimsicott\n|-damage|p1a: Whimsicott|0 fnt\n|faint|p1a: Whimsicott\n|\n|upkeep\n|inactive|Time left: 300 sec this turn | 300 sec total | 5 sec grace\n|\n|t:|1783559224\n|switch|p1a: Crawdaunt|Crawdaunt, L84, F|243/243\n|turn|8\n|inactive|Time left: 300 sec this turn | 300 sec total\n|\n|t:|1783559225\n|switch|p2a: Gastrodon|Gastrodon-East, L86, F|100/100\n|move|p1a: Crawdaunt|Dragon Dance|p1a: Crawdaunt\n|-boost|p1a: Crawdaunt|atk|1\n|-boost|p1a: Crawdaunt|spe|1\n|\n|upkeep\n|turn|9\n|inactive|Time left: 300 sec this turn | 300 sec total\n|\n|t:|1783559226\n|switch|p2a: Magcargo|Magcargo, L95, F|100/100\n|move|p1a: Crawdaunt|Knock Off|p2a: Magcargo\n|-damage|p2a: Magcargo|25/100\n|-enditem|p2a: Magcargo|Heavy-Duty Boots|[from] move: Knock Off|[of] p1a: Crawdaunt\n|-damage|p1a: Crawdaunt|219/243|[from] item: Life Orb\n|\n|upkeep\n|turn|10\n|inactive|Time left: 300 sec this turn | 300 sec total\n|\n|t:|1783559227\n|move|p1a: Crawdaunt|Dragon Dance|p1a: Crawdaunt\n|-boost|p1a: Crawdaunt|atk|1\n|-boost|p1a: Crawdaunt|spe|1\n|move|p2a: Magcargo|Recover|p2a: Magcargo\n|-heal|p2a: Magcargo|75/100\n|\n|upkeep\n|turn|11\n|inactive|Time left: 300 sec this turn | 300 sec total\n|\n|t:|1783559228\n|-terastallize|p2a: Magcargo|Dragon\n|move|p1a: Crawdaunt|Knock Off|p2a: Magcargo\n|-damage|p2a: Magcargo|0 fnt\n|faint|p2a: Magcargo\n|-damage|p1a: Crawdaunt|195/243|[from] item: Life Orb\n|\n|upkeep\n|\n|t:|1783559229\n|switch|p2a: Jirachi|Jirachi, L80|100/100\n|turn|12\n|inactive|Time left: 300 sec this turn | 300 sec total\n|\n|t:|1783559230\n|move|p2a: Jirachi|Protect|p2a: Jirachi\n|-singleturn|p2a: Jirachi|Protect\n|move|p1a: Crawdaunt|Knock Off|p2a: Jirachi\n|-activate|p2a: Jirachi|move: Protect\n|\n|upkeep\n|turn|13\n|inactive|Time left: 300 sec this turn | 300 sec total\n|\n|t:|1783559231\n|move|p2a: Jirachi|Protect|p2a: Jirachi\n|-singleturn|p2a: Jirachi|Protect\n|move|p1a: Crawdaunt|Knock Off|p2a: Jirachi\n|-activate|p2a: Jirachi|move: Protect\n|\n|upkeep\n|turn|14\n|inactive|Time left: 300 sec this turn | 300 sec total\n|\n|t:|1783559232\n|move|p1a: Crawdaunt|Knock Off|p2a: Jirachi\n|-supereffective|p2a: Jirachi\n|-damage|p2a: Jirachi|0 fnt\n|-enditem|p2a: Jirachi|Leftovers|[from] move: Knock Off|[of] p1a: Crawdaunt\n|faint|p2a: Jirachi\n|-damage|p1a: Crawdaunt|171/243|[from] item: Life Orb\n|\n|upkeep\n|\n|t:|1783559233\n|switch|p2a: Chien-Pao|Chien-Pao, L72|100/100\n|-ability|p2a: Chien-Pao|Sword of Ruin\n|turn|15\n|inactive|Time left: 300 sec this turn | 300 sec total\n|\n|t:|1783559234\n|move|p1a: Crawdaunt|Knock Off|p2a: Chien-Pao\n|-resisted|p2a: Chien-Pao\n|-damage|p2a: Chien-Pao|0 fnt\n|-enditem|p2a: Chien-Pao|Choice Band|[from] move: Knock Off|[of] p1a: Crawdaunt\n|faint|p2a: Chien-Pao\n|-damage|p1a: Crawdaunt|147/243|[from] item: Life Orb\n|\n|upkeep\n|\n|t:|1783559235\n|switch|p2a: Gastrodon|Gastrodon-East, L86, F|100/100\n|turn|16\n|inactive|Time left: 300 sec this turn | 300 sec total\n|\n|t:|1783559235\n|-terastallize|p1a: Crawdaunt|Water\n|move|p1a: Crawdaunt|Knock Off|p2a: Gastrodon\n|-damage|p2a: Gastrodon|0 fnt\n|-enditem|p2a: Gastrodon|Leftovers|[from] move: Knock Off|[of] p1a: Crawdaunt\n|faint|p2a: Gastrodon\n|-damage|p1a: Crawdaunt|123/243|[from] item: Life Orb\n|\n|win|p0x17284372", "uploadtime": 1783559235, "views": 0, "rating": 0, "private": 0, "password": null, "_winner": "p0x17284372", "_our_name": "p0x17284372"}