{"id": "battle-gen9randombattle-203", "formatid": "gen9randombattle", "format": "[Gen 9] Random Battle", "players": ["p0x203e970", "p0y2039a3f"], "log": "|init|battle\n|title|p0x203e970 vs. p0y2039a3f\n|j|\u2606p0x203e970\n|j|\u2606p0y2039a3f\n|t:|1783535608\n|gametype|singles\n|player|p1|p0x203e970|170|\n|player|p2|p0y2039a3f|266|\n|gen|9\n|tier|[Gen 9] Random Battle\n|rule|Species Clause: Limit one of each Pok\u00e9mon\n|rule|HP Percentage Mod: HP is shown in percentages\n|rule|Sleep Clause Mod: Limit one foe put to sleep\n|rule|Illusion Level Mod: Illusion disguises the Pok\u00e9mon's true level\n|\n|t:|1783535608\n|teamsize|p1|6\n|teamsize|p2|6\n|start\n|switch|p1a: Virizion|Virizion, L82|100/100\n|switch|p2a: Primarina|Primarina, L83, M|268/268\n|turn|1\n|inactive|Battle timer is ON: inactive players will automatically lose when time's up. (requested by p0x203e970)\n|inactive|Time left: 300 sec this turn | 300 sec total | 60 sec grace\n|\n|t:|1783535609\n|move|p1a: Virizion|Leaf Blade|p2a: Primarina\n|-supereffective|p2a: Primarina\n|-damage|p2a: Primarina|0 fnt\n|faint|p2a: Primarina\n|-damage|p1a: Virizion|91/100|[from] item: Life Orb\n|\n|upkeep\n|inactive|Time left: 300 sec this turn | 300 sec total | 65 sec grace\n|inactive|p0y2039a3f also wants the timer to be on.\n|\n|t:|1783535610\n|switch|p2a: Ariados|Ariados, L95, F|287/287\n|turn|2\n|inactive|Time left: 300 sec this turn | 300 sec total\n|\n|t:|1783535612\n|move|p1a: Virizion|Swords Dance|p1a: Virizion\n|-boost|p1a: Virizion|atk|2\n|move|p2a: Ariados|Sticky Web|p1a: Virizion\n|-sidestart|p1: p0x203e970|move: Sticky Web\n|\n|upkeep\n|turn|3\n|inactive|Time left: 300 sec this turn | 300 sec total\n|\n|t:|1783535612\n|-terastallize|p2a: Ariados|Ghost\n|move|p1a: Virizion|Stone Edge|p2a: Ariados\n|-crit|p2a: Ariados\n|-damage|p2a: Ariados|26/287\n|-damage|p1a: Virizion|81/100|[from] item: Life Orb\n|move|p2a: Ariados|Poison Jab|p1a: Virizion\n|-supereffective|p1a: Virizion\n|-damage|p1a: Virizion|0 fnt\n|faint|p1a: Virizion\n|\n|upkeep\n|\n|t:|1783535614\n|switch|p1a: Blastoise|Blastoise, L80, F|100/100\n|-activate|p1a: Blastoise|move: Sticky Web\n|-unboost|p1a: Blastoise|spe|1\n|-enditem|p1a: Blastoise|White Herb\n|-clearnegativeboost|p1a: Blastoise|[silent]\n|turn|4\n|inactive|Time left: 300 sec this turn | 300 sec total\n|\n|t:|1783535615\n|move|p1a: Blastoise|Ice Beam|p2a: Ariados\n|-damage|p2a: Ariados|0 fnt\n|faint|p2a: Ariados\n|\n|upkeep\n|inactive|Time left: 300 sec this turn | 300 sec total | 5 sec grace\n|\n|t:|1783535616\n|switch|p2a: Revavroom|Revavroom, L79, F|256/256\n|turn|5\n|inactive|Time left: 300 sec this turn | 300 sec total\n|\n|t:|1783535618\n|move|p2a: Revavroom|Shift Gear|p2a: Revavroom\n|-boost|p2a: Revavroom|spe|2\n|-boost|p2a: Revavroom|atk|1\n|move|p1a: Blastoise|Shell Smash|p1a: Blastoise\n|-unboost|p1a: Blastoise|def|1\n|-unboost|p1a: Blastoise|spd|1\n|-boost|p1a: Blastoise|atk|2\n|-boost|p1a: Blastoise|spa|2\n|-boost|p1a: Blastoise|spe|2\n|\n|upkeep\n|turn|6\n|inactive|Time left: 300 sec this turn | 300 sec total\n|\n|t:|1783535619\n|move|p2a: Revavroom|Gunk Shot|p1a: Blastoise\n|-damage|p1a: Blastoise|0 fnt\n|faint|p1a: Blastoise\n|-damage|p2a: Revavroom|231/256|[from] item: Life Orb\n|\n|upkeep\n|\n|t:|1783535619\n|switch|p1a: Houndstone|Houndstone, L86, M|100/100\n|-activate|p1a: Houndstone|move: Sticky Web\n|-unboost|p1a: Houndstone|spe|1\n|turn|7\n|inactive|Time left: 300 sec this turn | 300 sec total\n|\n|t:|1783535621\n|move|p2a: Revavroom|Gunk Shot|p1a: Houndstone\n|-resisted|p1a: Houndstone\n|-damage|p1a: Houndstone|58/100\n|-damage|p2a: Revavroom|206/256|[from] item: Life Orb\n|move|p1a: Houndstone|Poltergeist|p2a: Revavroom\n|-activate|p2a: Revavroom|move: Poltergeist|Life Orb\n|-damage|p2a: Revavroom|85/256\n|\n|-heal|p1a: Houndstone|64/100|[from] item: Leftovers\n|upkeep\n|turn|8\n|inactive|Time left: 300 sec this turn | 300 sec total\n|\n|t:|1783535622\n|move|p2a: Revavroom|Gunk Shot|p1a: Houndstone\n|-resisted|p1a: Houndstone\n|-damage|p1a: Houndstone|23/100\n|-status|p1a: Houndstone|psn\n|-damage|p2a: Revavroom|60/256|[from] item: Life Orb\n|move|p1a: Houndstone|Poltergeist|p2a: Revavroom\n|-activate|p2a: Revavroom|move: Poltergeist|Life Orb\n|-damage|p2a: Revavroom|0 fnt\n|faint|p2a: Revavroom\n|\n|-heal|p1a: Houndstone|29/100 psn|[from] item: Leftovers\n|-damage|p1a: Houndstone|16/100 psn|[from] psn\n|upkeep\n|inactive|Time left: 300 sec this turn | 300 sec total | 5 sec grace\n|\n|t:|1783535622\n|switch|p2a: Ceruledge|Ceruledge, L78, M|245/245\n|turn|9\n|inactive|Time left: 300 sec this turn | 300 sec total\n|\n|t:|1783535623\n|move|p2a: Ceruledge|Bitter Blade|p1a: Houndstone\n|-damage|p1a: Houndstone|0 fnt\n|faint|p1a: Houndstone\n|\n|upkeep\n|\n|t:|1783535624\n|switch|p1a: Lokix|Lokix, L82, M|100/100\n|-activate|p1a: Lokix|move: Sticky Web\n|-unboost|p1a: Lokix|spe|1\n|turn|10\n|inactive|Time left: 300 sec this turn | 300 sec total\n|\n|t:|1783535625\n|move|p2a: Ceruledge|Bitter Blade|p1a: Lokix\n|-supereffective|p1a: Lokix\n|-damage|p1a: Lokix|10/100\n|move|p1a: Lokix|Knock Off|p2a: Ceruledge\n|-supereffective|p2a: Ceruledge\n|-damage|p2a: Ceruledge|0 fnt\n|-enditem|p2a: Ceruledge|Heavy-Duty Boots|[from] move: Knock Off|[of] p1a: Lokix\n|faint|p2a: Ceruledge\n|-damage|p1a: Lokix|0 fnt|[from] item: Life Orb\n|faint|p1a: Lokix\n|\n|upkeep\n|inactive|Time left: 300 sec this turn | 300 sec total | 5 sec grace\n|\n|t:|1783535626\n|switch|p1a: Hitmontop|Hitmontop, L88, M|100/100\n|switch|p2a: Chansey|Chansey, L85, F|564/564\n|-activate|p1a: Hitmontop|move: Sticky Web\n|-unboost|p1a: Hitmontop|spe|1\n|turn|11\n|inactive|Time left: 300 sec this turn | 300 sec total\n|\n|t:|1783535627\n|move|p2a: Chansey|Thunder Wave|p1a: Hitmontop\n|-status|p1a: Hitmontop|par\n|move|p1a: Hitmontop|Bulk Up|p1a: Hitmontop\n|-boost|p1a: Hitmontop|atk|1\n|-boost|p1a: Hitmontop|def|1\n|\n|upkeep\n|turn|12\n|inactive|Time left: 300 sec this turn | 300 sec total\n|\n|t:|1783535629\n|move|p2a: Chansey|Seismic Toss|p1a: Hitmontop\n|-damage|p1a: Hitmontop|64/100 par\n|move|p1a: Hitmontop|Rapid Spin|p2a: Chansey\n|-damage|p2a: Chansey|365/564\n|-boost|p1a: Hitmontop|spe|1\n|-sideend|p1: p0x203e970|Sticky Web|[from] move: Rapid Spin|[of] p1a: Hitmontop\n|\n|-heal|p1a: Hitmontop|70/100 par|[from] item: Leftovers\n|upkeep\n|turn|13\n|inactive|Time left: 300 sec this turn | 300 sec total\n|\n|t:|1783535630\n|move|p2a: Chansey|Seismic Toss|p1a: Hitmontop\n|-damage|p1a: Hitmontop|33/100 par\n|move|p1a: Hitmontop|Triple Axel|p2a: Chansey\n|-damage|p2a: Chansey|285/564\n|-damage|p2a: Chansey|123/564\n|-damage|p2a: Chansey|0 fnt\n|faint|p2a: Chansey\n|-hitcount|p2: Chansey|3\n|\n|-heal|p1a: Hitmontop|39/100 par|[from] item: Leftovers\n|upkeep\n|inactive|Time left: 300 sec this turn | 300 sec total | 5 sec grace\n|\n|t:|1783535631\n|switch|p2a: Krookodile|Krookodile, L79, F|280/280\n|-ability|p2a: Krookodile|Intimidate|boost\n|-unboost|p1a: Hitmontop|atk|1\n|turn|14\n|inactive|Time left: 300 sec this turn | 300 sec total\n|\n|t:|1783535632\n|-terastallize|p1a: Hitmontop|Ice\n|move|p2a: Krookodile|Earthquake|p1a: Hitmontop\n|-damage|p1a: Hitmontop|4/100 par\n|-damage|p2a: Krookodile|252/280|[from] item: Life Orb\n|move|p1a: Hitmontop|Triple Axel|p2a: Krookodile\n|-supereffective|p2a: Krookodile\n|-damage|p2a: Krookodile|174/280\n|-supereffective|p2a: Krookodile\n|-damage|p2a: Krookodile|10/280\n|-supereffective|p2a: Krookodile\n|-damage|p2a: Krookodile|0 fnt\n|faint|p2a: Krookodile\n|-hitcount|p2: Krookodile|3\n|\n|win|p0x203e970", "uploadtime": 1783535632, "views": 0, "rating": 0, "private": 0, "password": null, "_winner": "p0x203e970", "_our_name": "p0y2039a3f"}