{"id": "battle-gen9randombattle-2787", "formatid": "gen9randombattle", "format": "[Gen 9] Random Battle", "players": ["p0x2787dd0e", "p0y27876934"], "log": "|init|battle\n|title|p0x2787dd0e vs. p0y27876934\n|j|\u2606p0x2787dd0e\n|j|\u2606p0y27876934\n|t:|1783571113\n|gametype|singles\n|player|p1|p0x2787dd0e|2|\n|player|p2|p0y27876934|2|\n|gen|9\n|tier|[Gen 9] Random Battle\n|rule|Species Clause: Limit one of each Pok\u00e9mon\n|rule|HP Percentage Mod: HP is shown in percentages\n|rule|Sleep Clause Mod: Limit one foe put to sleep\n|rule|Illusion Level Mod: Illusion disguises the Pok\u00e9mon's true level\n|\n|t:|1783571113\n|teamsize|p1|6\n|teamsize|p2|6\n|start\n|switch|p1a: Gumshoos|Gumshoos, L95, F|321/321\n|switch|p2a: Lanturn|Lanturn, L89, F|100/100\n|turn|1\n|inactive|Battle timer is ON: inactive players will automatically lose when time's up. (requested by p0y27876934)\n|inactive|Time left: 300 sec this turn | 300 sec total | 60 sec grace\n|inactive|p0x2787dd0e also wants the timer to be on.\n|\n|t:|1783571114\n|move|p2a: Lanturn|Scald|p1a: Gumshoos\n|-damage|p1a: Gumshoos|222/321\n|move|p1a: Gumshoos|Double-Edge|p2a: Lanturn\n|-damage|p2a: Lanturn|0 fnt\n|faint|p2a: Lanturn\n|-damage|p1a: Gumshoos|101/321|[from] Recoil\n|\n|upkeep\n|\n|t:|1783571116\n|switch|p2a: Victreebel|Victreebel, L90, M|100/100\n|turn|2\n|inactive|Time left: 300 sec this turn | 300 sec total\n|\n|t:|1783571117\n|switch|p1a: Glastrier|Glastrier, L86|312/312\n|move|p2a: Victreebel|Knock Off|p1a: Glastrier\n|-damage|p1a: Glastrier|231/312\n|-enditem|p1a: Glastrier|Heavy-Duty Boots|[from] move: Knock Off|[of] p2a: Victreebel\n|-damage|p2a: Victreebel|90/100|[from] item: Life Orb\n|\n|upkeep\n|turn|3\n|inactive|Time left: 300 sec this turn | 300 sec total\n|\n|t:|1783571118\n|move|p2a: Victreebel|Sleep Powder|p1a: Glastrier|[miss]\n|-miss|p2a: Victreebel|p1a: Glastrier\n|move|p1a: Glastrier|Icicle Crash|p2a: Victreebel\n|-supereffective|p2a: Victreebel\n|-damage|p2a: Victreebel|0 fnt\n|faint|p2a: Victreebel\n|-ability|p1a: Glastrier|Chilling Neigh|boost\n|-boost|p1a: Glastrier|atk|1\n|\n|upkeep\n|\n|t:|1783571119\n|switch|p2a: Milotic|Milotic, L83, F|100/100\n|turn|4\n|inactive|Time left: 300 sec this turn | 300 sec total\n|\n|t:|1783571121\n|move|p2a: Milotic|Scald|p1a: Glastrier\n|-damage|p1a: Glastrier|164/312\n|move|p1a: Glastrier|Icicle Crash|p2a: Milotic\n|-resisted|p2a: Milotic\n|-damage|p2a: Milotic|65/100\n|\n|-heal|p2a: Milotic|71/100|[from] item: Leftovers\n|upkeep\n|turn|5\n|inactive|Time left: 300 sec this turn | 300 sec total\n|\n|t:|1783571122\n|move|p2a: Milotic|Scald|p1a: Glastrier\n|-damage|p1a: Glastrier|92/312\n|move|p1a: Glastrier|Close Combat|p2a: Milotic\n|-crit|p2a: Milotic\n|-damage|p2a: Milotic|0 fnt\n|-unboost|p1a: Glastrier|def|1\n|-unboost|p1a: Glastrier|spd|1\n|faint|p2a: Milotic\n|-ability|p1a: Glastrier|Chilling Neigh|boost\n|-boost|p1a: Glastrier|atk|1\n|\n|upkeep\n|\n|t:|1783571123\n|switch|p2a: Ambipom|Ambipom, L84, F|100/100\n|turn|6\n|inactive|Time left: 300 sec this turn | 300 sec total\n|\n|t:|1783571124\n|move|p2a: Ambipom|Double-Edge|p1a: Glastrier\n|-damage|p1a: Glastrier|0 fnt\n|faint|p1a: Glastrier\n|-damage|p2a: Ambipom|89/100|[from] Recoil\n|\n|upkeep\n|inactive|Time left: 300 sec this turn | 300 sec total | 5 sec grace\n|\n|t:|1783571125\n|switch|p1a: Walking Wake|Walking Wake, L79|286/286\n|turn|7\n|inactive|Time left: 300 sec this turn | 300 sec total\n|\n|t:|1783571126\n|move|p2a: Ambipom|Knock Off|p1a: Walking Wake\n|-damage|p1a: Walking Wake|219/286\n|-enditem|p1a: Walking Wake|Choice Specs|[from] move: Knock Off|[of] p2a: Ambipom\n|move|p1a: Walking Wake|Hydro Pump|p2a: Ambipom\n|-damage|p2a: Ambipom|33/100\n|\n|upkeep\n|turn|8\n|inactive|Time left: 300 sec this turn | 300 sec total\n|\n|t:|1783571127\n|move|p2a: Ambipom|Double-Edge|p1a: Walking Wake\n|-damage|p1a: Walking Wake|57/286\n|-damage|p2a: Ambipom|13/100|[from] Recoil\n|move|p1a: Walking Wake|Hydro Pump|p2a: Ambipom\n|-damage|p2a: Ambipom|0 fnt\n|faint|p2a: Ambipom\n|\n|upkeep\n|\n|t:|1783571128\n|switch|p2a: Froslass|Froslass, L87, F|100/100\n|turn|9\n|inactive|Time left: 300 sec this turn | 300 sec total\n|\n|t:|1783571128\n|move|p2a: Froslass|Triple Axel|p1a: Walking Wake\n|-damage|p1a: Walking Wake|35/286\n|-crit|p1a: Walking Wake\n|-damage|p1a: Walking Wake|0 fnt\n|faint|p1a: Walking Wake\n|-end|p1a: Walking Wake|Protosynthesis|[silent]\n|-hitcount|p1: Walking Wake|2\n|\n|upkeep\n|inactive|Time left: 300 sec this turn | 300 sec total | 5 sec grace\n|\n|t:|1783571129\n|switch|p1a: Mew|Mew, L82|298/298\n|turn|10\n|inactive|Time left: 300 sec this turn | 300 sec total\n|\n|t:|1783571130\n|-terastallize|p1a: Mew|Water\n|move|p2a: Froslass|Poltergeist|p1a: Mew\n|-activate|p1a: Mew|move: Poltergeist|Life Orb\n|-damage|p1a: Mew|207/298\n|move|p1a: Mew|Nasty Plot|p1a: Mew\n|-boost|p1a: Mew|spa|2\n|\n|upkeep\n|turn|11\n|inactive|Time left: 300 sec this turn | 300 sec total\n|\n|t:|1783571131\n|move|p2a: Froslass|Poltergeist|p1a: Mew\n|-activate|p1a: Mew|move: Poltergeist|Life Orb\n|-damage|p1a: Mew|114/298\n|move|p1a: Mew|Dark Pulse|p2a: Froslass\n|-supereffective|p2a: Froslass\n|-damage|p2a: Froslass|0 fnt\n|faint|p2a: Froslass\n|-damage|p1a: Mew|85/298|[from] item: Life Orb\n|\n|upkeep\n|\n|t:|1783571132\n|switch|p2a: Giratina|Giratina-Origin, L72|100/100\n|turn|12\n|inactive|Time left: 300 sec this turn | 300 sec total\n|\n|t:|1783571133\n|-terastallize|p2a: Giratina|Steel\n|move|p1a: Mew|Dark Pulse|p2a: Giratina\n|-damage|p2a: Giratina|55/100\n|-damage|p1a: Mew|56/298|[from] item: Life Orb\n|move|p2a: Giratina|Poltergeist|p1a: Mew|[miss]\n|-miss|p2a: Giratina|p1a: Mew\n|\n|upkeep\n|turn|13\n|inactive|Time left: 300 sec this turn | 300 sec total\n|\n|t:|1783571135\n|move|p1a: Mew|Hydro Pump|p2a: Giratina\n|-damage|p2a: Giratina|0 fnt\n|faint|p2a: Giratina\n|-damage|p1a: Mew|27/298|[from] item: Life Orb\n|\n|win|p0x2787dd0e", "uploadtime": 1783571135, "views": 0, "rating": 0, "private": 0, "password": null, "_winner": "p0x2787dd0e", "_our_name": "p0x2787dd0e"}