{"id": "battle-gen9randombattle-1773", "formatid": "gen9randombattle", "format": "[Gen 9] Random Battle", "players": ["p0x17733429", "p0y1773ca7e"], "log": "|init|battle\n|title|p0x17733429 vs. p0y1773ca7e\n|j|\u2606p0x17733429\n|j|\u2606p0y1773ca7e\n|t:|1783559790\n|gametype|singles\n|player|p1|p0x17733429|101|\n|player|p2|p0y1773ca7e|265|\n|gen|9\n|tier|[Gen 9] Random Battle\n|rule|Species Clause: Limit one of each Pok\u00e9mon\n|rule|HP Percentage Mod: HP is shown in percentages\n|rule|Sleep Clause Mod: Limit one foe put to sleep\n|rule|Illusion Level Mod: Illusion disguises the Pok\u00e9mon's true level\n|\n|t:|1783559791\n|teamsize|p1|6\n|teamsize|p2|6\n|start\n|switch|p1a: Zekrom|Zekrom, L71|100/100\n|switch|p2a: Hydrapple|Hydrapple, L83, F|312/312\n|-ability|p1a: Zekrom|Teravolt\n|turn|1\n|inactive|Battle timer is ON: inactive players will automatically lose when time's up. (requested by p0y1773ca7e)\n|inactive|p0x17733429 also wants the timer to be on.\n|\n|t:|1783559792\n|-terastallize|p1a: Zekrom|Fairy\n|move|p1a: Zekrom|Outrage|p2a: Hydrapple\n|-supereffective|p2a: Hydrapple\n|-damage|p2a: Hydrapple|96/312\n|move|p2a: Hydrapple|Fickle Beam|p1a: Zekrom\n|-immune|p1a: Zekrom\n|\n|upkeep\n|turn|2\n|inactive|Time left: 300 sec this turn | 300 sec total\n|\n|t:|1783559793\n|switch|p2a: Piloswine|Piloswine, L85, F|309/309\n|move|p1a: Zekrom|Outrage|p2a: Piloswine|[from] lockedmove\n|-damage|p2a: Piloswine|218/309\n|\n|upkeep\n|turn|3\n|inactive|Time left: 300 sec this turn | 300 sec total\n|\n|t:|1783559794\n|move|p1a: Zekrom|Outrage|p2a: Piloswine|[from] lockedmove\n|-damage|p2a: Piloswine|130/309\n|-start|p1a: Zekrom|confusion|[fatigue]\n|move|p2a: Piloswine|Stealth Rock|p1a: Zekrom\n|-sidestart|p1: p0x17733429|move: Stealth Rock\n|\n|upkeep\n|turn|4\n|inactive|Time left: 300 sec this turn | 300 sec total\n|\n|t:|1783559795\n|-activate|p1a: Zekrom|confusion\n|move|p1a: Zekrom|Outrage|p2a: Piloswine\n|-crit|p2a: Piloswine\n|-damage|p2a: Piloswine|0 fnt\n|faint|p2a: Piloswine\n|\n|upkeep\n|inactive|Time left: 300 sec this turn | 300 sec total | 5 sec grace\n|\n|t:|1783559795\n|switch|p2a: Toxtricity|Toxtricity, L82, M|257/257\n|turn|5\n|inactive|Time left: 300 sec this turn | 300 sec total\n|\n|t:|1783559797\n|move|p2a: Toxtricity|Boomburst|p1a: Zekrom\n|-damage|p1a: Zekrom|43/100\n|-enditem|p2a: Toxtricity|Throat Spray\n|-boost|p2a: Toxtricity|spa|1|[from] item: Throat Spray\n|-activate|p1a: Zekrom|confusion\n|move|p1a: Zekrom|Outrage|p2a: Toxtricity|[from] lockedmove\n|-damage|p2a: Toxtricity|91/257\n|\n|-heal|p1a: Zekrom|49/100|[from] item: Leftovers\n|upkeep\n|turn|6\n|inactive|Time left: 300 sec this turn | 300 sec total\n|\n|t:|1783559798\n|move|p2a: Toxtricity|Boomburst|p1a: Zekrom\n|-damage|p1a: Zekrom|0 fnt\n|faint|p1a: Zekrom\n|\n|upkeep\n|\n|t:|1783559799\n|switch|p1a: Dewgong|Dewgong, L94, F|100/100\n|turn|7\n|inactive|Time left: 300 sec this turn | 300 sec total\n|\n|t:|1783559800\n|move|p1a: Dewgong|Surf|p2a: Toxtricity\n|-damage|p2a: Toxtricity|0 fnt\n|faint|p2a: Toxtricity\n|\n|upkeep\n|inactive|Time left: 300 sec this turn | 300 sec total | 5 sec grace\n|\n|t:|1783559801\n|switch|p2a: Slither Wing|Slither Wing, L81|270/270\n|turn|8\n|inactive|Time left: 300 sec this turn | 300 sec total\n|\n|t:|1783559802\n|switch|p1a: Noctowl|Noctowl, L95, M|100/100\n|move|p2a: Slither Wing|Close Combat|p1a: Noctowl\n|-damage|p1a: Noctowl|19/100\n|-unboost|p2a: Slither Wing|def|1\n|-unboost|p2a: Slither Wing|spd|1\n|\n|upkeep\n|turn|9\n|inactive|Time left: 300 sec this turn | 300 sec total\n|\n|t:|1783559803\n|move|p1a: Noctowl|Hurricane|p2a: Slither Wing|[miss]\n|-miss|p1a: Noctowl|p2a: Slither Wing\n|move|p2a: Slither Wing|Close Combat|p1a: Noctowl\n|-damage|p1a: Noctowl|0 fnt\n|-unboost|p2a: Slither Wing|def|1\n|-unboost|p2a: Slither Wing|spd|1\n|faint|p1a: Noctowl\n|\n|upkeep\n|\n|t:|1783559805\n|switch|p1a: Dewgong|Dewgong, L94, F|100/100\n|turn|10\n|inactive|Time left: 300 sec this turn | 300 sec total\n|\n|t:|1783559806\n|-end|p2a: Slither Wing|Protosynthesis|[silent]\n|switch|p2a: Exeggutor|Exeggutor, L89, F|312/312\n|move|p1a: Dewgong|Triple Axel|p2a: Exeggutor\n|-supereffective|p2a: Exeggutor\n|-damage|p2a: Exeggutor|268/312\n|-supereffective|p2a: Exeggutor\n|-damage|p2a: Exeggutor|188/312\n|-supereffective|p2a: Exeggutor\n|-damage|p2a: Exeggutor|74/312\n|-enditem|p2a: Exeggutor|Sitrus Berry|[eat]\n|-heal|p2a: Exeggutor|152/312|[from] item: Sitrus Berry\n|-hitcount|p2a: Exeggutor|3\n|\n|-item|p2a: Exeggutor|Sitrus Berry|[from] ability: Harvest\n|upkeep\n|-enditem|p2a: Exeggutor|Sitrus Berry|[eat]\n|-heal|p2a: Exeggutor|230/312|[from] item: Sitrus Berry\n|turn|11\n|inactive|Time left: 300 sec this turn | 300 sec total\n|\n|t:|1783559807\n|move|p2a: Exeggutor|Protect|p2a: Exeggutor\n|-singleturn|p2a: Exeggutor|Protect\n|move|p1a: Dewgong|Triple Axel|p2a: Exeggutor\n|-activate|p2a: Exeggutor|move: Protect\n|\n|upkeep\n|turn|12\n|inactive|Time left: 300 sec this turn | 300 sec total\n|\n|t:|1783559808\n|move|p1a: Dewgong|Triple Axel|p2a: Exeggutor\n|-supereffective|p2a: Exeggutor\n|-damage|p2a: Exeggutor|192/312\n|-supereffective|p2a: Exeggutor\n|-damage|p2a: Exeggutor|106/312\n|-supereffective|p2a: Exeggutor\n|-damage|p2a: Exeggutor|0 fnt\n|faint|p2a: Exeggutor\n|-hitcount|p2: Exeggutor|3\n|\n|upkeep\n|inactive|Time left: 300 sec this turn | 300 sec total | 5 sec grace\n|\n|t:|1783559809\n|switch|p2a: Slither Wing|Slither Wing, L81|270/270\n|turn|13\n|inactive|Time left: 300 sec this turn | 300 sec total\n|\n|t:|1783559810\n|move|p1a: Dewgong|Triple Axel|p2a: Slither Wing\n|-damage|p2a: Slither Wing|246/270\n|-damage|p2a: Slither Wing|198/270\n|-damage|p2a: Slither Wing|125/270\n|-hitcount|p2a: Slither Wing|3\n|move|p2a: Slither Wing|Close Combat|p1a: Dewgong\n|-supereffective|p1a: Dewgong\n|-damage|p1a: Dewgong|0 fnt\n|-unboost|p2a: Slither Wing|def|1\n|-unboost|p2a: Slither Wing|spd|1\n|faint|p1a: Dewgong\n|\n|upkeep\n|\n|t:|1783559811\n|switch|p1a: Mew|Mew, L82|100/100\n|-damage|p1a: Mew|88/100|[from] Stealth Rock\n|turn|14\n|inactive|Time left: 300 sec this turn | 300 sec total\n|\n|t:|1783559812\n|-end|p2a: Slither Wing|Protosynthesis|[silent]\n|switch|p2a: Hydrapple|Hydrapple, L83, F|200/312\n|move|p1a: Mew|Psychic Noise|p2a: Hydrapple\n|-damage|p2a: Hydrapple|110/312\n|-start|p2a: Hydrapple|move: Heal Block\n|\n|-heal|p1a: Mew|94/100|[from] item: Leftovers\n|upkeep\n|turn|15\n|inactive|Time left: 300 sec this turn | 300 sec total\n|\n|t:|1783559814\n|move|p1a: Mew|Psychic Noise|p2a: Hydrapple\n|-damage|p2a: Hydrapple|32/312\n|move|p2a: Hydrapple|Fickle Beam|p1a: Mew\n|-damage|p1a: Mew|45/100\n|\n|-heal|p1a: Mew|52/100|[from] item: Leftovers\n|-end|p2a: Hydrapple|move: Heal Block\n|upkeep\n|turn|16\n|inactive|Time left: 300 sec this turn | 300 sec total\n|\n|t:|1783559816\n|switch|p2a: Giratina|Giratina-Origin, L72|335/335\n|move|p1a: Mew|Psychic Noise|p2a: Giratina\n|-damage|p2a: Giratina|254/335\n|-start|p2a: Giratina|move: Heal Block\n|\n|-heal|p1a: Mew|58/100|[from] item: Leftovers\n|upkeep\n|turn|17\n|inactive|Time left: 300 sec this turn | 300 sec total\n|\n|t:|1783559817\n|move|p1a: Mew|Psychic Noise|p2a: Giratina\n|-damage|p2a: Giratina|175/335\n|move|p2a: Giratina|Poltergeist|p1a: Mew\n|-activate|p1a: Mew|move: Poltergeist|Leftovers\n|-supereffective|p1a: Mew\n|-damage|p1a: Mew|0 fnt\n|faint|p1a: Mew\n|\n|-end|p2a: Giratina|move: Heal Block\n|upkeep\n|\n|t:|1783559818\n|switch|p1a: Corviknight|Corviknight, L80, M|100/100\n|-damage|p1a: Corviknight|88/100|[from] Stealth Rock\n|turn|18\n|inactive|Time left: 300 sec this turn | 300 sec total\n|\n|t:|1783559819\n|move|p2a: Giratina|Will-O-Wisp|p1a: Corviknight\n|-status|p1a: Corviknight|brn\n|move|p1a: Corviknight|Brave Bird|p2a: Giratina\n|-damage|p2a: Giratina|119/335\n|-damage|p1a: Corviknight|82/100 brn|[from] Recoil\n|\n|-heal|p1a: Corviknight|88/100 brn|[from] item: Leftovers\n|-damage|p1a: Corviknight|82/100 brn|[from] brn\n|upkeep\n|turn|19\n|inactive|Time left: 300 sec this turn | 300 sec total\n|\n|t:|1783559820\n|switch|p2a: Hydrapple|Hydrapple, L83, F|136/312\n|move|p1a: Corviknight|Brave Bird|p2a: Hydrapple\n|-supereffective|p2a: Hydrapple\n|-crit|p2a: Hydrapple\n|-damage|p2a: Hydrapple|4/312\n|-damage|p1a: Corviknight|66/100 brn|[from] Recoil\n|\n|-heal|p1a: Corviknight|73/100 brn|[from] item: Leftovers\n|-damage|p1a: Corviknight|66/100 brn|[from] brn\n|upkeep\n|turn|20\n|inactive|Time left: 300 sec this turn | 300 sec total\n|\n|t:|1783559821\n|switch|p2a: Giratina|Giratina-Origin, L72|119/335\n|move|p1a: Corviknight|Brave Bird|p2a: Giratina\n|-damage|p2a: Giratina|61/335\n|-damage|p1a: Corviknight|60/100 brn|[from] Recoil\n|\n|-heal|p1a: Corviknight|66/100 brn|[from] item: Leftovers\n|-damage|p1a: Corviknight|60/100 brn|[from] brn\n|upkeep\n|turn|21\n|inactive|Time left: 300 sec this turn | 300 sec total\n|\n|t:|1783559823\n|move|p2a: Giratina|Poltergeist|p1a: Corviknight\n|-activate|p1a: Corviknight|move: Poltergeist|Leftovers\n|-damage|p1a: Corviknight|23/100 brn\n|move|p1a: Corviknight|Roost|p1a: Corviknight\n|-heal|p1a: Corviknight|73/100 brn\n|-singleturn|p1a: Corviknight|move: Roost\n|\n|-heal|p1a: Corviknight|79/100 brn|[from] item: Leftovers\n|-damage|p1a: Corviknight|73/100 brn|[from] brn\n|upkeep\n|turn|22\n|inactive|Time left: 300 sec this turn | 300 sec total\n|\n|t:|1783559824\n|move|p2a: Giratina|Poltergeist|p1a: Corviknight\n|-activate|p1a: Corviknight|move: Poltergeist|Leftovers\n|-damage|p1a: Corviknight|33/100 brn\n|move|p1a: Corviknight|Roost|p1a: Corviknight\n|-heal|p1a: Corviknight|83/100 brn\n|-singleturn|p1a: Corviknight|move: Roost\n|\n|-heal|p1a: Corviknight|89/100 brn|[from] item: Leftovers\n|-damage|p1a: Corviknight|83/100 brn|[from] brn\n|upkeep\n|turn|23\n|inactive|Time left: 300 sec this turn | 300 sec total\n|\n|t:|1783559825\n|move|p2a: Giratina|Poltergeist|p1a: Corviknight\n|-activate|p1a: Corviknight|move: Poltergeist|Leftovers\n|-damage|p1a: Corviknight|44/100 brn\n|move|p1a: Corviknight|Brave Bird|p2a: Giratina\n|-damage|p2a: Giratina|3/335\n|-damage|p1a: Corviknight|37/100 brn|[from] Recoil\n|\n|-heal|p1a: Corviknight|43/100 brn|[from] item: Leftovers\n|-damage|p1a: Corviknight|37/100 brn|[from] brn\n|upkeep\n|turn|24\n|inactive|Time left: 300 sec this turn | 300 sec total\n|\n|t:|1783559826\n|move|p2a: Giratina|Poltergeist|p1a: Corviknight\n|-activate|p1a: Corviknight|move: Poltergeist|Leftovers\n|-damage|p1a: Corviknight|0 fnt\n|faint|p1a: Corviknight\n|\n|upkeep\n|\n|t:|1783559827\n|switch|p1a: Electrode|Electrode-Hisui, L87|100/100\n|-damage|p1a: Electrode|88/100|[from] Stealth Rock\n|turn|25\n|inactive|Time left: 300 sec this turn | 300 sec total\n|\n|t:|1783559828\n|move|p1a: Electrode|Substitute|p1a: Electrode\n|-start|p1a: Electrode|Substitute\n|-damage|p1a: Electrode|64/100\n|move|p2a: Giratina|Draco Meteor|p1a: Electrode\n|-crit|p1a: Electrode\n|-end|p1a: Electrode|Substitute\n|-unboost|p2a: Giratina|spa|2\n|\n|-heal|p1a: Electrode|70/100|[from] item: Leftovers\n|upkeep\n|turn|26\n|inactive|Time left: 300 sec this turn | 300 sec total\n|\n|t:|1783559829\n|switch|p2a: Hydrapple|Hydrapple, L83, F|108/312\n|move|p1a: Electrode|Substitute|p1a: Electrode\n|-start|p1a: Electrode|Substitute\n|-damage|p1a: Electrode|45/100\n|\n|-heal|p1a: Electrode|51/100|[from] item: Leftovers\n|upkeep\n|turn|27\n|inactive|Time left: 300 sec this turn | 300 sec total\n|\n|t:|1783559830\n|move|p1a: Electrode|Giga Drain|p2a: Hydrapple\n|-resisted|p2a: Hydrapple\n|-damage|p2a: Hydrapple|89/312\n|-heal|p1a: Electrode|55/100|[from] drain|[of] p2a: Hydrapple\n|move|p2a: Hydrapple|Fickle Beam|p1a: Electrode\n|-end|p1a: Electrode|Substitute\n|\n|-heal|p1a: Electrode|61/100|[from] item: Leftovers\n|upkeep\n|turn|28\n|inactive|Time left: 300 sec this turn | 300 sec total\n|\n|t:|1783559831\n|move|p1a: Electrode|Substitute|p1a: Electrode\n|-start|p1a: Electrode|Substitute\n|-damage|p1a: Electrode|36/100\n|move|p2a: Hydrapple|Fickle Beam|p1a: Electrode\n|-end|p1a: Electrode|Substitute\n|\n|-heal|p1a: Electrode|42/100|[from] item: Leftovers\n|upkeep\n|turn|29\n|inactive|Time left: 300 sec this turn | 300 sec total\n|\n|t:|1783559831\n|move|p1a: Electrode|Substitute|p1a: Electrode\n|-start|p1a: Electrode|Substitute\n|-damage|p1a: Electrode|18/100\n|move|p2a: Hydrapple|Fickle Beam|p1a: Electrode|[anim] Fickle Beam All Out\n|-activate|p2a: Hydrapple|move: Fickle Beam\n|-end|p1a: Electrode|Substitute\n|\n|-heal|p1a: Electrode|24/100|[from] item: Leftovers\n|upkeep\n|turn|30\n|inactive|Time left: 300 sec this turn | 300 sec total\n|\n|t:|1783559832\n|move|p1a: Electrode|Thunderbolt|p2a: Hydrapple\n|-resisted|p2a: Hydrapple\n|-damage|p2a: Hydrapple|64/312\n|move|p2a: Hydrapple|Fickle Beam|p1a: Electrode\n|-damage|p1a: Electrode|0 fnt\n|faint|p1a: Electrode\n|\n|win|p0y1773ca7e", "uploadtime": 1783559832, "views": 0, "rating": 0, "private": 0, "password": null, "_winner": "p0y1773ca7e", "_our_name": "p0y1773ca7e"}