{"id": "battle-gen9randombattle-2977", "formatid": "gen9randombattle", "format": "[Gen 9] Random Battle", "players": ["p0x29772fdd", "p0y29774015"], "log": "|init|battle\n|title|p0x29772fdd vs. p0y29774015\n|j|\u2606p0x29772fdd\n|j|\u2606p0y29774015\n|t:|1783574270\n|gametype|singles\n|player|p1|p0x29772fdd|169|\n|player|p2|p0y29774015|170|\n|gen|9\n|tier|[Gen 9] Random Battle\n|rule|Species Clause: Limit one of each Pok\u00e9mon\n|rule|HP Percentage Mod: HP is shown in percentages\n|rule|Sleep Clause Mod: Limit one foe put to sleep\n|rule|Illusion Level Mod: Illusion disguises the Pok\u00e9mon's true level\n|\n|t:|1783574270\n|teamsize|p1|6\n|teamsize|p2|6\n|start\n|switch|p1a: Arceus|Arceus-Ground, L70|100/100\n|switch|p2a: Armarouge|Armarouge, L80, F|267/267\n|turn|1\n|inactive|Battle timer is ON: inactive players will automatically lose when time's up. (requested by p0y29774015)\n|inactive|p0x29772fdd also wants the timer to be on.\n|\n|t:|1783574272\n|move|p1a: Arceus|Earthquake|p2a: Armarouge\n|-supereffective|p2a: Armarouge\n|-damage|p2a: Armarouge|61/267\n|-ability|p2a: Armarouge|Weak Armor|boost\n|-unboost|p2a: Armarouge|def|1\n|-boost|p2a: Armarouge|spe|2\n|move|p2a: Armarouge|Armor Cannon|p1a: Arceus\n|-damage|p1a: Arceus|34/100\n|-unboost|p2a: Armarouge|def|1\n|-unboost|p2a: Armarouge|spd|1\n|\n|upkeep\n|turn|2\n|inactive|Time left: 300 sec this turn | 300 sec total\n|\n|t:|1783574273\n|move|p1a: Arceus|Extreme Speed|p2a: Armarouge\n|-damage|p2a: Armarouge|0 fnt\n|faint|p2a: Armarouge\n|\n|upkeep\n|inactive|Time left: 300 sec this turn | 300 sec total | 5 sec grace\n|\n|t:|1783574274\n|switch|p2a: Honchkrow|Honchkrow, L86, F|312/312\n|turn|3\n|inactive|Time left: 300 sec this turn | 300 sec total\n|\n|t:|1783574275\n|move|p1a: Arceus|Stone Edge|p2a: Honchkrow\n|-supereffective|p2a: Honchkrow\n|-crit|p2a: Honchkrow\n|-damage|p2a: Honchkrow|48/312\n|move|p2a: Honchkrow|Brave Bird|p1a: Arceus\n|-damage|p1a: Arceus|0 fnt\n|faint|p1a: Arceus\n|-ability|p2a: Honchkrow|Moxie|boost\n|-boost|p2a: Honchkrow|atk|1\n|-damage|p2a: Honchkrow|17/312|[from] Recoil\n|\n|upkeep\n|\n|t:|1783574276\n|switch|p1a: Porygon-Z|Porygon-Z, L83|100/100\n|turn|4\n|inactive|Time left: 300 sec this turn | 300 sec total\n|\n|t:|1783574278\n|move|p2a: Honchkrow|Sucker Punch|p1a: Porygon-Z\n|-damage|p1a: Porygon-Z|39/100\n|move|p1a: Porygon-Z|Tera Blast|p2a: Honchkrow\n|-damage|p2a: Honchkrow|0 fnt\n|faint|p2a: Honchkrow\n|-damage|p1a: Porygon-Z|30/100|[from] item: Life Orb\n|\n|upkeep\n|inactive|Time left: 300 sec this turn | 300 sec total | 5 sec grace\n|\n|t:|1783574279\n|switch|p2a: Toedscruel|Toedscruel, L87, F|281/281\n|turn|5\n|inactive|Time left: 300 sec this turn | 300 sec total\n|\n|t:|1783574280\n|switch|p1a: Minior|Minior, L79|100/100\n|-formechange|p1a: Minior|Minior-Meteor||[from] ability: Shields Down\n|move|p2a: Toedscruel|Giga Drain|p1a: Minior\n|-crit|p1a: Minior\n|-damage|p1a: Minior|51/100\n|\n|upkeep\n|turn|6\n|inactive|Time left: 300 sec this turn | 300 sec total\n|\n|t:|1783574281\n|move|p2a: Toedscruel|Giga Drain|p1a: Minior\n|-damage|p1a: Minior|17/100\n|move|p1a: Minior|Shell Smash|p1a: Minior\n|-unboost|p1a: Minior|def|1\n|-unboost|p1a: Minior|spd|1\n|-boost|p1a: Minior|atk|2\n|-boost|p1a: Minior|spa|2\n|-boost|p1a: Minior|spe|2\n|-enditem|p1a: Minior|White Herb\n|-clearnegativeboost|p1a: Minior|[silent]\n|\n|-formechange|p1a: Minior|Minior||[from] ability: Shields Down\n|upkeep\n|turn|7\n|inactive|Time left: 300 sec this turn | 300 sec total\n|\n|t:|1783574282\n|-terastallize|p2a: Toedscruel|Water\n|move|p1a: Minior|Acrobatics|p2a: Toedscruel\n|-damage|p2a: Toedscruel|26/281\n|move|p2a: Toedscruel|Knock Off|p1a: Minior\n|-damage|p1a: Minior|0 fnt\n|faint|p1a: Minior\n|\n|upkeep\n|\n|t:|1783574283\n|switch|p1a: Muk|Muk-Alola, L82, F|100/100\n|turn|8\n|inactive|Time left: 300 sec this turn | 300 sec total\n|\n|t:|1783574284\n|move|p1a: Muk|Shadow Sneak|p2a: Toedscruel\n|-crit|p2a: Toedscruel\n|-damage|p2a: Toedscruel|0 fnt\n|faint|p2a: Toedscruel\n|\n|upkeep\n|inactive|Time left: 300 sec this turn | 300 sec total | 5 sec grace\n|\n|t:|1783574285\n|switch|p2a: Emboar|Emboar, L84, M|322/322\n|turn|9\n|inactive|Time left: 300 sec this turn | 300 sec total\n|\n|t:|1783574286\n|switch|p1a: Cramorant|Cramorant, L86, M|100/100\n|move|p2a: Emboar|Flare Blitz|p1a: Cramorant\n|-resisted|p1a: Cramorant\n|-damage|p1a: Cramorant|53/100\n|-status|p1a: Cramorant|brn\n|-damage|p2a: Emboar|281/322|[from] Recoil\n|\n|-damage|p1a: Cramorant|46/100 brn|[from] brn\n|upkeep\n|turn|10\n|inactive|Time left: 300 sec this turn | 300 sec total\n|\n|t:|1783574287\n|move|p1a: Cramorant|Surf|p2a: Emboar\n|-formechange|p1a: Cramorant|Cramorant-Gorging|\n|-supereffective|p2a: Emboar\n|-damage|p2a: Emboar|135/322\n|move|p2a: Emboar|Wild Charge|p1a: Cramorant\n|-supereffective|p1a: Cramorant\n|-damage|p1a: Cramorant|0 fnt\n|-damage|p2a: Emboar|55/322|[from] ability: Gulp Missile|[of] p1a: Cramorant\n|-status|p2a: Emboar|par\n|-formechange|p1a: Cramorant|Cramorant|\n|faint|p1a: Cramorant\n|-damage|p2a: Emboar|25/322 par|[from] Recoil\n|\n|upkeep\n|\n|t:|1783574287\n|switch|p1a: Muk|Muk-Alola, L82, F|100/100\n|turn|11\n|inactive|Time left: 300 sec this turn | 300 sec total\n|\n|t:|1783574288\n|move|p1a: Muk|Drain Punch|p2a: Emboar\n|-damage|p2a: Emboar|0 fnt\n|faint|p2a: Emboar\n|\n|upkeep\n|inactive|Time left: 300 sec this turn | 300 sec total | 5 sec grace\n|\n|t:|1783574289\n|switch|p2a: Hawlucha|Hawlucha, L80, M|256/256\n|turn|12\n|inactive|Time left: 300 sec this turn | 300 sec total\n|\n|t:|1783574290\n|move|p2a: Hawlucha|Swords Dance|p2a: Hawlucha\n|-boost|p2a: Hawlucha|atk|2\n|move|p1a: Muk|Gunk Shot|p2a: Hawlucha\n|-damage|p2a: Hawlucha|103/256\n|\n|upkeep\n|turn|13\n|inactive|Time left: 300 sec this turn | 300 sec total\n|\n|t:|1783574291\n|move|p2a: Hawlucha|Close Combat|p1a: Muk\n|-crit|p1a: Muk\n|-damage|p1a: Muk|0 fnt\n|-unboost|p2a: Hawlucha|def|1\n|-unboost|p2a: Hawlucha|spd|1\n|faint|p1a: Muk\n|-enditem|p2a: Hawlucha|White Herb\n|-clearnegativeboost|p2a: Hawlucha|[silent]\n|\n|upkeep\n|\n|t:|1783574292\n|switch|p1a: Ambipom|Ambipom, L84, F|100/100\n|turn|14\n|inactive|Time left: 300 sec this turn | 300 sec total\n|\n|t:|1783574292\n|-terastallize|p1a: Ambipom|Normal\n|move|p1a: Ambipom|Fake Out|p2a: Hawlucha\n|-crit|p2a: Hawlucha\n|-damage|p2a: Hawlucha|0 fnt\n|faint|p2a: Hawlucha\n|\n|upkeep\n|inactive|Time left: 300 sec this turn | 300 sec total | 5 sec grace\n|\n|t:|1783574293\n|switch|p2a: Phione|Phione, L91|293/293\n|turn|15\n|inactive|Time left: 300 sec this turn | 300 sec total\n|\n|t:|1783574294\n|move|p1a: Ambipom|Double-Edge|p2a: Phione\n|-damage|p2a: Phione|91/293\n|-damage|p1a: Ambipom|75/100|[from] Recoil\n|move|p2a: Phione|Scald|p1a: Ambipom\n|-damage|p1a: Ambipom|36/100\n|\n|-heal|p2a: Phione|109/293|[from] item: Leftovers\n|upkeep\n|turn|16\n|inactive|Time left: 300 sec this turn | 300 sec total\n|\n|t:|1783574295\n|move|p1a: Ambipom|Double-Edge|p2a: Phione\n|-damage|p2a: Phione|0 fnt\n|faint|p2a: Phione\n|-damage|p1a: Ambipom|23/100|[from] Recoil\n|\n|win|p0x29772fdd", "uploadtime": 1783574295, "views": 0, "rating": 0, "private": 0, "password": null, "_winner": "p0x29772fdd", "_our_name": "p0y29774015"}