{"id": "battle-gen9randombattle-1859", "formatid": "gen9randombattle", "format": "[Gen 9] Random Battle", "players": ["p0x18595632", "p0y185938ac"], "log": "|init|battle\n|title|p0x18595632 vs. p0y185938ac\n|j|\u2606p0x18595632\n|j|\u2606p0y185938ac\n|t:|1783561531\n|gametype|singles\n|player|p1|p0x18595632|265|\n|player|p2|p0y185938ac|266|\n|gen|9\n|tier|[Gen 9] Random Battle\n|rule|Species Clause: Limit one of each Pok\u00e9mon\n|rule|HP Percentage Mod: HP is shown in percentages\n|rule|Sleep Clause Mod: Limit one foe put to sleep\n|rule|Illusion Level Mod: Illusion disguises the Pok\u00e9mon's true level\n|\n|t:|1783561531\n|teamsize|p1|6\n|teamsize|p2|6\n|start\n|switch|p1a: Weezing|Weezing-Galar, L86, F|100/100\n|switch|p2a: Banette|Banette, L93, F|270/270\n|turn|1\n|inactive|Battle timer is ON: inactive players will automatically lose when time's up. (requested by p0x18595632)\n|inactive|Time left: 300 sec this turn | 300 sec total | 60 sec grace\n|\n|t:|1783561532\n|move|p2a: Banette|Poltergeist|p1a: Weezing\n|-activate|p1a: Weezing|move: Poltergeist|Leftovers\n|-damage|p1a: Weezing|32/100\n|-damage|p2a: Banette|243/270|[from] item: Life Orb\n|move|p1a: Weezing|Strange Steam|p2a: Banette\n|-damage|p2a: Banette|140/270\n|-start|p1a: Weezing|Disable|Strange Steam|[from] ability: Cursed Body|[of] p2a: Banette\n|\n|-heal|p1a: Weezing|38/100|[from] item: Leftovers\n|upkeep\n|turn|2\n|inactive|Time left: 300 sec this turn | 300 sec total\n|inactive|p0y185938ac also wants the timer to be on.\n|\n|t:|1783561533\n|switch|p1a: Regigigas|Regigigas, L84|100/100\n|-start|p1a: Regigigas|ability: Slow Start\n|move|p2a: Banette|Poltergeist|p1a: Regigigas\n|-immune|p1a: Regigigas\n|\n|upkeep\n|turn|3\n|inactive|Time left: 300 sec this turn | 300 sec total\n|\n|t:|1783561533\n|move|p2a: Banette|Thunder Wave|p1a: Regigigas\n|-status|p1a: Regigigas|par\n|move|p1a: Regigigas|Knock Off|p2a: Banette\n|-supereffective|p2a: Banette\n|-damage|p2a: Banette|24/270\n|-enditem|p2a: Banette|Life Orb|[from] move: Knock Off|[of] p1a: Regigigas\n|\n|upkeep\n|turn|4\n|inactive|Time left: 300 sec this turn | 300 sec total\n|\n|t:|1783561534\n|move|p2a: Banette|Gunk Shot|p1a: Regigigas\n|-damage|p1a: Regigigas|72/100 par\n|move|p1a: Regigigas|Knock Off|p2a: Banette\n|-supereffective|p2a: Banette\n|-damage|p2a: Banette|0 fnt\n|faint|p2a: Banette\n|\n|-heal|p1a: Regigigas|78/100 par|[from] item: Leftovers\n|upkeep\n|inactive|Time left: 300 sec this turn | 300 sec total | 5 sec grace\n|\n|t:|1783561535\n|switch|p2a: Iron Thorns|Iron Thorns, L83|302/302\n|-enditem|p2a: Iron Thorns|Booster Energy\n|-activate|p2a: Iron Thorns|ability: Quark Drive|[fromitem]\n|-start|p2a: Iron Thorns|quarkdriveatk\n|turn|5\n|inactive|Time left: 300 sec this turn | 300 sec total\n|\n|t:|1783561536\n|move|p2a: Iron Thorns|Dragon Dance|p2a: Iron Thorns\n|-boost|p2a: Iron Thorns|atk|1\n|-boost|p2a: Iron Thorns|spe|1\n|move|p1a: Regigigas|Knock Off|p2a: Iron Thorns\n|-damage|p2a: Iron Thorns|273/302\n|\n|-heal|p1a: Regigigas|84/100 par|[from] item: Leftovers\n|upkeep\n|turn|6\n|inactive|Time left: 300 sec this turn | 300 sec total\n|\n|t:|1783561538\n|move|p1a: Regigigas|Protect|p1a: Regigigas\n|-singleturn|p1a: Regigigas|Protect\n|move|p2a: Iron Thorns|Dragon Dance|p2a: Iron Thorns\n|-boost|p2a: Iron Thorns|atk|1\n|-boost|p2a: Iron Thorns|spe|1\n|\n|-heal|p1a: Regigigas|91/100 par|[from] item: Leftovers\n|upkeep\n|turn|7\n|inactive|Time left: 300 sec this turn | 300 sec total\n|\n|t:|1783561538\n|move|p2a: Iron Thorns|Stone Edge|p1a: Regigigas\n|-damage|p1a: Regigigas|0 fnt\n|faint|p1a: Regigigas\n|-end|p1a: Regigigas|Slow Start|[silent]\n|\n|upkeep\n|\n|t:|1783561540\n|switch|p1a: Comfey|Comfey, L85, M|100/100\n|turn|8\n|inactive|Time left: 300 sec this turn | 300 sec total\n|\n|t:|1783561541\n|switch|p1a: Weezing|Weezing-Galar, L86, F|38/100\n|move|p2a: Iron Thorns|Earthquake|p1a: Weezing\n|-immune|p1a: Weezing|[from] ability: Levitate\n|\n|-heal|p1a: Weezing|44/100|[from] item: Leftovers\n|upkeep\n|turn|9\n|inactive|Time left: 300 sec this turn | 300 sec total\n|\n|t:|1783561542\n|move|p2a: Iron Thorns|Wild Charge|p1a: Weezing\n|-damage|p1a: Weezing|0 fnt\n|faint|p1a: Weezing\n|-damage|p2a: Iron Thorns|246/302|[from] Recoil\n|\n|upkeep\n|\n|t:|1783561543\n|switch|p1a: Comfey|Comfey, L85, M|100/100\n|turn|10\n|inactive|Time left: 300 sec this turn | 300 sec total\n|\n|t:|1783561544\n|-terastallize|p1a: Comfey|Ground\n|move|p2a: Iron Thorns|Earthquake|p1a: Comfey\n|-damage|p1a: Comfey|2/100\n|move|p1a: Comfey|Tera Blast|p2a: Iron Thorns|[anim] Tera Blast Ground\n|-supereffective|p2a: Iron Thorns\n|-damage|p2a: Iron Thorns|0 fnt\n|faint|p2a: Iron Thorns\n|-end|p2a: Iron Thorns|Quark Drive|[silent]\n|\n|-heal|p1a: Comfey|8/100|[from] item: Leftovers\n|upkeep\n|inactive|Time left: 300 sec this turn | 300 sec total | 5 sec grace\n|\n|t:|1783561545\n|switch|p2a: Rillaboom|Rillaboom, L79, M|288/288\n|-fieldstart|move: Grassy Terrain|[from] ability: Grassy Surge|[of] p2a: Rillaboom\n|turn|11\n|inactive|Time left: 300 sec this turn | 300 sec total\n|\n|t:|1783561546\n|move|p1a: Comfey|Draining Kiss|p2a: Rillaboom\n|-damage|p2a: Rillaboom|225/288\n|-heal|p1a: Comfey|29/100|[from] drain|[of] p2a: Rillaboom\n|move|p2a: Rillaboom|U-turn|p1a: Comfey\n|-damage|p1a: Comfey|0 fnt\n|faint|p1a: Comfey\n|inactive|Time left: 300 sec this turn | 300 sec total | 5 sec grace\n|\n|t:|1783561547\n|switch|p2a: Baxcalibur|Baxcalibur, L75, M|295/295|[from] U-turn\n|\n|upkeep\n|\n|t:|1783561548\n|switch|p1a: Rampardos|Rampardos, L90, F|100/100\n|turn|12\n|inactive|Time left: 300 sec this turn | 300 sec total\n|\n|t:|1783561548\n|-terastallize|p2a: Baxcalibur|Ground\n|move|p1a: Rampardos|Rock Slide|p2a: Baxcalibur\n|-resisted|p2a: Baxcalibur\n|-damage|p2a: Baxcalibur|196/295\n|move|p2a: Baxcalibur|Swords Dance|p2a: Baxcalibur\n|-boost|p2a: Baxcalibur|atk|2\n|\n|-heal|p2a: Baxcalibur|214/295|[from] Grassy Terrain\n|upkeep\n|turn|13\n|inactive|Time left: 300 sec this turn | 300 sec total\n|\n|t:|1783561550\n|move|p1a: Rampardos|Rock Slide|p2a: Baxcalibur\n|-resisted|p2a: Baxcalibur\n|-damage|p2a: Baxcalibur|115/295\n|move|p2a: Baxcalibur|Scale Shot|p1a: Rampardos\n|-damage|p1a: Rampardos|77/100\n|-damage|p1a: Rampardos|52/100\n|-damage|p1a: Rampardos|29/100\n|-damage|p1a: Rampardos|7/100\n|-damage|p1a: Rampardos|0 fnt\n|faint|p1a: Rampardos\n|-hitcount|p1: Rampardos|5\n|-unboost|p2a: Baxcalibur|def|1\n|-boost|p2a: Baxcalibur|spe|1\n|\n|-heal|p2a: Baxcalibur|133/295|[from] Grassy Terrain\n|upkeep\n|\n|t:|1783561551\n|switch|p1a: Lumineon|Lumineon, L93, F|100/100\n|turn|14\n|inactive|Time left: 300 sec this turn | 300 sec total\n|\n|t:|1783561552\n|move|p2a: Baxcalibur|Scale Shot|p1a: Lumineon\n|-damage|p1a: Lumineon|80/100\n|-damage|p1a: Lumineon|59/100\n|-damage|p1a: Lumineon|38/100\n|-damage|p1a: Lumineon|16/100\n|-hitcount|p1a: Lumineon|4\n|-unboost|p2a: Baxcalibur|def|1\n|-boost|p2a: Baxcalibur|spe|1\n|move|p1a: Lumineon|Ice Beam|p2a: Baxcalibur\n|-supereffective|p2a: Baxcalibur\n|-damage|p2a: Baxcalibur|0 fnt\n|faint|p2a: Baxcalibur\n|-damage|p1a: Lumineon|7/100|[from] item: Life Orb\n|\n|-heal|p1a: Lumineon|13/100|[from] Grassy Terrain\n|upkeep\n|inactive|Time left: 300 sec this turn | 300 sec total | 5 sec grace\n|\n|t:|1783561553\n|switch|p2a: Rillaboom|Rillaboom, L79, M|225/288\n|turn|15\n|inactive|Time left: 300 sec this turn | 300 sec total\n|\n|t:|1783561554\n|move|p1a: Lumineon|Ice Beam|p2a: Rillaboom\n|-supereffective|p2a: Rillaboom\n|-damage|p2a: Rillaboom|12/288\n|-status|p2a: Rillaboom|frz\n|-damage|p1a: Lumineon|3/100|[from] item: Life Orb\n|cant|p2a: Rillaboom|frz\n|\n|-heal|p1a: Lumineon|9/100|[from] Grassy Terrain\n|-heal|p2a: Rillaboom|30/288 frz|[from] Grassy Terrain\n|-fieldend|move: Grassy Terrain\n|upkeep\n|turn|16\n|inactive|Time left: 300 sec this turn | 300 sec total\n|\n|t:|1783561554\n|move|p1a: Lumineon|Hydro Pump|p2a: Rillaboom\n|-resisted|p2a: Rillaboom\n|-damage|p2a: Rillaboom|0 fnt\n|faint|p2a: Rillaboom\n|-damage|p1a: Lumineon|0 fnt|[from] item: Life Orb\n|faint|p1a: Lumineon\n|\n|upkeep\n|inactive|Time left: 300 sec this turn | 300 sec total | 5 sec grace\n|\n|t:|1783561555\n|switch|p1a: Ogerpon|Ogerpon-Wellspring, L76, F|100/100\n|switch|p2a: Beartic|Beartic, L91, F|321/321\n|turn|17\n|inactive|Time left: 300 sec this turn | 300 sec total\n|\n|t:|1783561556\n|move|p1a: Ogerpon|Ivy Cudgel|p2a: Beartic|[anim] Ivy Cudgel Water\n|-damage|p2a: Beartic|198/321\n|move|p2a: Beartic|Swords Dance|p2a: Beartic\n|-boost|p2a: Beartic|atk|2\n|\n|upkeep\n|turn|18\n|inactive|Time left: 300 sec this turn | 300 sec total\n|\n|t:|1783561557\n|move|p1a: Ogerpon|Encore|p2a: Beartic\n|-start|p2a: Beartic|Encore\n|move|p2a: Beartic|Swords Dance|p2a: Beartic\n|-boost|p2a: Beartic|atk|2\n|\n|upkeep\n|turn|19\n|inactive|Time left: 300 sec this turn | 300 sec total\n|\n|t:|1783561558\n|move|p1a: Ogerpon|Ivy Cudgel|p2a: Beartic|[anim] Ivy Cudgel Water\n|-damage|p2a: Beartic|72/321\n|move|p2a: Beartic|Swords Dance|p2a: Beartic\n|-boost|p2a: Beartic|atk|2\n|\n|upkeep\n|turn|20\n|inactive|Time left: 300 sec this turn | 300 sec total\n|\n|t:|1783561559\n|move|p1a: Ogerpon|Wood Hammer|p2a: Beartic\n|-damage|p2a: Beartic|0 fnt\n|faint|p2a: Beartic\n|-damage|p1a: Ogerpon|91/100|[from] Recoil\n|\n|upkeep\n|inactive|Time left: 300 sec this turn | 300 sec total | 5 sec grace\n|\n|t:|1783561560\n|switch|p2a: Seviper|Seviper, L93, M|287/287\n|turn|21\n|inactive|Time left: 300 sec this turn | 300 sec total\n|\n|t:|1783561561\n|move|p1a: Ogerpon|Ivy Cudgel|p2a: Seviper|[anim] Ivy Cudgel Water\n|-damage|p2a: Seviper|140/287\n|move|p2a: Seviper|Gunk Shot|p1a: Ogerpon\n|-supereffective|p1a: Ogerpon\n|-damage|p1a: Ogerpon|0 fnt\n|faint|p1a: Ogerpon\n|-damage|p2a: Seviper|112/287|[from] item: Life Orb\n|\n|win|p0y185938ac", "uploadtime": 1783561561, "views": 0, "rating": 0, "private": 0, "password": null, "_winner": "p0y185938ac", "_our_name": "p0y185938ac"}