{"id": "battle-gen9randombattle-1010", "formatid": "gen9randombattle", "format": "[Gen 9] Random Battle", "players": ["p0x1010d534", "p0y10105424"], "log": "|init|battle\n|title|p0x1010d534 vs. p0y10105424\n|j|\u2606p0x1010d534\n|j|\u2606p0y10105424\n|t:|1783550910\n|gametype|singles\n|player|p1|p0x1010d534|101|\n|player|p2|p0y10105424|2|\n|gen|9\n|tier|[Gen 9] Random Battle\n|rule|Species Clause: Limit one of each Pok\u00e9mon\n|rule|HP Percentage Mod: HP is shown in percentages\n|rule|Sleep Clause Mod: Limit one foe put to sleep\n|rule|Illusion Level Mod: Illusion disguises the Pok\u00e9mon's true level\n|\n|t:|1783550910\n|teamsize|p1|6\n|teamsize|p2|6\n|start\n|switch|p1a: Slither Wing|Slither Wing, L81|270/270\n|switch|p2a: Roaring Moon|Roaring Moon, L72|100/100\n|turn|1\n|inactive|Battle timer is ON: inactive players will automatically lose when time's up. (requested by p0x1010d534)\n|inactive|p0y10105424 also wants the timer to be on.\n|\n|t:|1783550912\n|-terastallize|p2a: Roaring Moon|Poison\n|move|p1a: Slither Wing|First Impression|p2a: Roaring Moon\n|-resisted|p2a: Roaring Moon\n|-damage|p2a: Roaring Moon|66/100\n|-damage|p1a: Slither Wing|243/270|[from] item: Life Orb\n|move|p2a: Roaring Moon|Outrage|p1a: Slither Wing\n|-damage|p1a: Slither Wing|101/270\n|\n|upkeep\n|turn|2\n|inactive|Time left: 300 sec this turn | 300 sec total\n|\n|t:|1783550913\n|-end|p1a: Slither Wing|Protosynthesis|[silent]\n|switch|p1a: Espeon|Espeon, L84, M|246/246\n|move|p2a: Roaring Moon|Outrage|p1a: Espeon|[from] lockedmove\n|-damage|p1a: Espeon|69/246\n|-start|p2a: Roaring Moon|confusion|[fatigue]\n|-enditem|p2a: Roaring Moon|Lum Berry|[eat]\n|-end|p2a: Roaring Moon|confusion\n|\n|upkeep\n|turn|3\n|inactive|Time left: 300 sec this turn | 300 sec total\n|\n|t:|1783550914\n|move|p1a: Espeon|Psychic|p2a: Roaring Moon\n|-supereffective|p2a: Roaring Moon\n|-damage|p2a: Roaring Moon|0 fnt\n|faint|p2a: Roaring Moon\n|-end|p2a: Roaring Moon|Protosynthesis|[silent]\n|-damage|p1a: Espeon|45/246|[from] item: Life Orb\n|\n|upkeep\n|\n|t:|1783550915\n|switch|p2a: Regidrago|Regidrago, L77|100/100\n|turn|4\n|inactive|Time left: 300 sec this turn | 300 sec total\n|\n|t:|1783550916\n|-terastallize|p1a: Espeon|Fairy\n|move|p2a: Regidrago|Outrage|p1a: Espeon\n|-immune|p1a: Espeon\n|move|p1a: Espeon|Alluring Voice|p2a: Regidrago\n|-supereffective|p2a: Regidrago\n|-damage|p2a: Regidrago|0 fnt\n|faint|p2a: Regidrago\n|-damage|p1a: Espeon|21/246|[from] item: Life Orb\n|\n|upkeep\n|\n|t:|1783550917\n|switch|p2a: Zebstrika|Zebstrika, L87, F|100/100\n|turn|5\n|inactive|Time left: 300 sec this turn | 300 sec total\n|\n|t:|1783550918\n|switch|p1a: Hitmontop|Hitmontop, L88, M|231/231\n|-ability|p1a: Hitmontop|Intimidate|boost\n|-unboost|p2a: Zebstrika|atk|1\n|move|p2a: Zebstrika|Supercell Slam|p1a: Hitmontop\n|-damage|p1a: Hitmontop|141/231\n|-damage|p2a: Zebstrika|91/100|[from] item: Life Orb\n|\n|upkeep\n|turn|6\n|inactive|Time left: 300 sec this turn | 300 sec total\n|\n|t:|1783550919\n|move|p2a: Zebstrika|Volt Switch|p1a: Hitmontop\n|-damage|p1a: Hitmontop|93/231\n|-damage|p2a: Zebstrika|81/100|[from] item: Life Orb\n|\n|t:|1783550920\n|switch|p2a: Gardevoir|Gardevoir, L83, F|100/100|[from] Volt Switch\n|-ability|p2a: Gardevoir|Intimidate|Trace|[from] ability: Trace|[of] p1a: Hitmontop\n|-ability|p2a: Gardevoir|Intimidate|boost\n|-unboost|p1a: Hitmontop|atk|1\n|move|p1a: Hitmontop|Close Combat|p2a: Gardevoir\n|-resisted|p2a: Gardevoir\n|-damage|p2a: Gardevoir|88/100\n|-unboost|p1a: Hitmontop|def|1\n|-unboost|p1a: Hitmontop|spd|1\n|\n|upkeep\n|turn|7\n|inactive|Time left: 300 sec this turn | 300 sec total\n|\n|t:|1783550921\n|switch|p1a: Mesprit|Mesprit, L85|275/275\n|move|p2a: Gardevoir|Moonblast|p1a: Mesprit\n|-damage|p1a: Mesprit|185/275\n|-unboost|p1a: Mesprit|spa|1\n|-damage|p2a: Gardevoir|79/100|[from] item: Life Orb\n|\n|upkeep\n|turn|8\n|inactive|Time left: 300 sec this turn | 300 sec total\n|\n|t:|1783550922\n|move|p1a: Mesprit|Knock Off|p2a: Gardevoir\n|-damage|p2a: Gardevoir|39/100\n|-enditem|p2a: Gardevoir|Life Orb|[from] move: Knock Off|[of] p1a: Mesprit\n|move|p2a: Gardevoir|Moonblast|p1a: Mesprit\n|-damage|p1a: Mesprit|112/275\n|\n|upkeep\n|turn|9\n|inactive|Time left: 300 sec this turn | 300 sec total\n|\n|t:|1783550923\n|move|p1a: Mesprit|Knock Off|p2a: Gardevoir\n|-damage|p2a: Gardevoir|14/100\n|move|p2a: Gardevoir|Moonblast|p1a: Mesprit\n|-damage|p1a: Mesprit|39/275\n|\n|upkeep\n|turn|10\n|inactive|Time left: 300 sec this turn | 300 sec total\n|\n|t:|1783550924\n|move|p1a: Mesprit|Knock Off|p2a: Gardevoir\n|-damage|p2a: Gardevoir|0 fnt\n|faint|p2a: Gardevoir\n|\n|upkeep\n|\n|t:|1783550925\n|switch|p2a: Mewtwo|Mewtwo, L72|100/100\n|-ability|p2a: Mewtwo|Unnerve\n|turn|11\n|inactive|Time left: 300 sec this turn | 300 sec total\n|\n|t:|1783550926\n|move|p2a: Mewtwo|Psystrike|p1a: Mesprit\n|-resisted|p1a: Mesprit\n|-damage|p1a: Mesprit|0 fnt\n|faint|p1a: Mesprit\n|-damage|p2a: Mewtwo|91/100|[from] item: Life Orb\n|\n|upkeep\n|inactive|Time left: 300 sec this turn | 300 sec total | 5 sec grace\n|\n|t:|1783550927\n|switch|p1a: Slither Wing|Slither Wing, L81|101/270\n|turn|12\n|inactive|Time left: 300 sec this turn | 300 sec total\n|\n|t:|1783550928\n|switch|p2a: Toucannon|Toucannon, L88, M|100/100\n|move|p1a: Slither Wing|First Impression|p2a: Toucannon\n|-resisted|p2a: Toucannon\n|-damage|p2a: Toucannon|73/100\n|-damage|p1a: Slither Wing|74/270|[from] item: Life Orb\n|\n|upkeep\n|turn|13\n|inactive|Time left: 300 sec this turn | 300 sec total\n|\n|t:|1783550929\n|switch|p2a: Mewtwo|Mewtwo, L72|91/100\n|-ability|p2a: Mewtwo|Unnerve\n|move|p1a: Slither Wing|Close Combat|p2a: Mewtwo\n|-resisted|p2a: Mewtwo\n|-damage|p2a: Mewtwo|51/100\n|-unboost|p1a: Slither Wing|def|1\n|-unboost|p1a: Slither Wing|spd|1\n|-damage|p1a: Slither Wing|47/270|[from] item: Life Orb\n|\n|upkeep\n|turn|14\n|inactive|Time left: 300 sec this turn | 300 sec total\n|\n|t:|1783550931\n|-end|p1a: Slither Wing|Protosynthesis|[silent]\n|switch|p1a: Inteleon|Inteleon, L81, F|246/246\n|move|p2a: Mewtwo|Psystrike|p1a: Inteleon\n|-damage|p1a: Inteleon|47/246\n|-damage|p2a: Mewtwo|41/100|[from] item: Life Orb\n|\n|upkeep\n|turn|15\n|inactive|Time left: 300 sec this turn | 300 sec total\n|\n|t:|1783550932\n|move|p1a: Inteleon|Scald|p2a: Mewtwo\n|-damage|p2a: Mewtwo|0 fnt\n|faint|p2a: Mewtwo\n|\n|upkeep\n|\n|t:|1783550933\n|switch|p2a: Zebstrika|Zebstrika, L87, F|81/100\n|turn|16\n|inactive|Time left: 300 sec this turn | 300 sec total\n|\n|t:|1783550934\n|switch|p1a: Espeon|Espeon, L84, M, tera:Fairy|21/246\n|move|p2a: Zebstrika|Volt Switch|p1a: Espeon\n|-damage|p1a: Espeon|0 fnt\n|faint|p1a: Espeon\n|-damage|p2a: Zebstrika|71/100|[from] item: Life Orb\n|\n|t:|1783550935\n|switch|p2a: Toucannon|Toucannon, L88, M|73/100|[from] Volt Switch\n|\n|upkeep\n|inactive|Time left: 300 sec this turn | 300 sec total | 10 sec grace\n|\n|t:|1783550936\n|switch|p1a: Inteleon|Inteleon, L81, F|47/246\n|turn|17\n|inactive|Time left: 300 sec this turn | 300 sec total\n|\n|t:|1783550937\n|move|p1a: Inteleon|Scald|p2a: Toucannon\n|-damage|p2a: Toucannon|0 fnt\n|faint|p2a: Toucannon\n|\n|upkeep\n|\n|t:|1783550938\n|switch|p2a: Zebstrika|Zebstrika, L87, F|71/100\n|turn|18\n|inactive|Time left: 300 sec this turn | 300 sec total\n|\n|t:|1783550939\n|move|p2a: Zebstrika|Overheat|p1a: Inteleon\n|-resisted|p1a: Inteleon\n|-damage|p1a: Inteleon|0 fnt\n|-unboost|p2a: Zebstrika|spa|2\n|faint|p1a: Inteleon\n|-damage|p2a: Zebstrika|61/100|[from] item: Life Orb\n|\n|upkeep\n|inactive|Time left: 300 sec this turn | 300 sec total | 5 sec grace\n|\n|t:|1783550940\n|switch|p1a: Slither Wing|Slither Wing, L81|47/270\n|turn|19\n|inactive|Time left: 300 sec this turn | 300 sec total\n|\n|t:|1783550941\n|move|p1a: Slither Wing|First Impression|p2a: Zebstrika\n|-damage|p2a: Zebstrika|0 fnt\n|faint|p2a: Zebstrika\n|-damage|p1a: Slither Wing|20/270|[from] item: Life Orb\n|\n|win|p0x1010d534", "uploadtime": 1783550941, "views": 0, "rating": 0, "private": 0, "password": null, "_winner": "p0x1010d534", "_our_name": "p0x1010d534"}