{"id": "battle-gen9randombattle-2934", "formatid": "gen9randombattle", "format": "[Gen 9] Random Battle", "players": ["p0x29343613", "p0y29341872"], "log": "|init|battle\n|title|p0x29343613 vs. p0y29341872\n|j|\u2606p0x29343613\n|j|\u2606p0y29341872\n|t:|1783572795\n|gametype|singles\n|player|p1|p0x29343613|266|\n|player|p2|p0y29341872|266|\n|gen|9\n|tier|[Gen 9] Random Battle\n|rule|Species Clause: Limit one of each Pok\u00e9mon\n|rule|HP Percentage Mod: HP is shown in percentages\n|rule|Sleep Clause Mod: Limit one foe put to sleep\n|rule|Illusion Level Mod: Illusion disguises the Pok\u00e9mon's true level\n|\n|t:|1783572795\n|teamsize|p1|6\n|teamsize|p2|6\n|start\n|switch|p1a: Gogoat|Gogoat, L88, M|100/100\n|switch|p2a: Grumpig|Grumpig, L92, F|297/297\n|turn|1\n|inactive|Battle timer is ON: inactive players will automatically lose when time's up. (requested by p0x29343613)\n|inactive|Time left: 300 sec this turn | 300 sec total | 60 sec grace\n|inactive|p0y29341872 also wants the timer to be on.\n|\n|t:|1783572797\n|move|p2a: Grumpig|Nasty Plot|p2a: Grumpig\n|-boost|p2a: Grumpig|spa|2\n|move|p1a: Gogoat|Horn Leech|p2a: Grumpig\n|-damage|p2a: Grumpig|195/297\n|\n|-heal|p2a: Grumpig|213/297|[from] item: Leftovers\n|upkeep\n|turn|2\n|inactive|Time left: 300 sec this turn | 300 sec total\n|\n|t:|1783572798\n|move|p2a: Grumpig|Psychic|p1a: Gogoat\n|-damage|p1a: Gogoat|44/100\n|-unboost|p1a: Gogoat|spd|1\n|move|p1a: Gogoat|Horn Leech|p2a: Grumpig\n|-damage|p2a: Grumpig|107/297\n|-heal|p1a: Gogoat|59/100|[from] drain|[of] p2a: Grumpig\n|\n|-heal|p2a: Grumpig|125/297|[from] item: Leftovers\n|-heal|p1a: Gogoat|65/100|[from] item: Leftovers\n|upkeep\n|turn|3\n|inactive|Time left: 300 sec this turn | 300 sec total\n|\n|t:|1783572799\n|switch|p1a: Sylveon|Sylveon, L85, M|100/100\n|move|p2a: Grumpig|Psychic|p1a: Sylveon\n|-damage|p1a: Sylveon|49/100\n|\n|-heal|p2a: Grumpig|143/297|[from] item: Leftovers\n|-heal|p1a: Sylveon|55/100|[from] item: Leftovers\n|upkeep\n|turn|4\n|inactive|Time left: 300 sec this turn | 300 sec total\n|\n|t:|1783572800\n|move|p1a: Sylveon|Protect|p1a: Sylveon\n|-singleturn|p1a: Sylveon|Protect\n|move|p2a: Grumpig|Psychic|p1a: Sylveon\n|-activate|p1a: Sylveon|move: Protect\n|\n|-heal|p2a: Grumpig|161/297|[from] item: Leftovers\n|-heal|p1a: Sylveon|61/100|[from] item: Leftovers\n|upkeep\n|turn|5\n|inactive|Time left: 300 sec this turn | 300 sec total\n|\n|t:|1783572801\n|move|p2a: Grumpig|Psychic|p1a: Sylveon\n|-damage|p1a: Sylveon|10/100\n|move|p1a: Sylveon|Hyper Voice|p2a: Grumpig\n|-damage|p2a: Grumpig|61/297\n|\n|-heal|p2a: Grumpig|79/297|[from] item: Leftovers\n|-heal|p1a: Sylveon|16/100|[from] item: Leftovers\n|upkeep\n|turn|6\n|inactive|Time left: 300 sec this turn | 300 sec total\n|\n|t:|1783572803\n|move|p2a: Grumpig|Psychic|p1a: Sylveon\n|-damage|p1a: Sylveon|0 fnt\n|faint|p1a: Sylveon\n|\n|-heal|p2a: Grumpig|97/297|[from] item: Leftovers\n|upkeep\n|\n|t:|1783572804\n|switch|p1a: Leafeon|Leafeon, L88, M|100/100\n|turn|7\n|inactive|Time left: 300 sec this turn | 300 sec total\n|\n|t:|1783572805\n|switch|p2a: Skarmory|Skarmory, L80, F|235/235\n|move|p1a: Leafeon|Leaf Blade|p2a: Skarmory\n|-resisted|p2a: Skarmory\n|-damage|p2a: Skarmory|212/235\n|\n|-heal|p2a: Skarmory|226/235|[from] item: Leftovers\n|upkeep\n|turn|8\n|inactive|Time left: 300 sec this turn | 300 sec total\n|\n|t:|1783572806\n|move|p1a: Leafeon|Swords Dance|p1a: Leafeon\n|-boost|p1a: Leafeon|atk|2\n|move|p2a: Skarmory|Brave Bird|p1a: Leafeon\n|-supereffective|p1a: Leafeon\n|-damage|p1a: Leafeon|42/100\n|-damage|p2a: Skarmory|176/235|[from] Recoil\n|\n|-heal|p1a: Leafeon|49/100|[from] item: Leftovers\n|-heal|p2a: Skarmory|190/235|[from] item: Leftovers\n|upkeep\n|turn|9\n|inactive|Time left: 300 sec this turn | 300 sec total\n|\n|t:|1783572807\n|-terastallize|p1a: Leafeon|Dark\n|move|p1a: Leafeon|Knock Off|p2a: Skarmory\n|-crit|p2a: Skarmory\n|-damage|p2a: Skarmory|0 fnt\n|-enditem|p2a: Skarmory|Leftovers|[from] move: Knock Off|[of] p1a: Leafeon\n|faint|p2a: Skarmory\n|\n|-heal|p1a: Leafeon|55/100|[from] item: Leftovers\n|upkeep\n|inactive|Time left: 300 sec this turn | 300 sec total | 5 sec grace\n|\n|t:|1783572808\n|switch|p2a: Jolteon|Jolteon, L84, F|246/246\n|turn|10\n|inactive|Time left: 300 sec this turn | 300 sec total\n|\n|t:|1783572809\n|move|p2a: Jolteon|Alluring Voice|p1a: Leafeon\n|-supereffective|p1a: Leafeon\n|-damage|p1a: Leafeon|0 fnt\n|faint|p1a: Leafeon\n|\n|upkeep\n|\n|t:|1783572810\n|switch|p1a: Blastoise|Blastoise, L80, M|100/100\n|turn|11\n|inactive|Time left: 300 sec this turn | 300 sec total\n|\n|t:|1783572811\n|move|p2a: Jolteon|Volt Switch|p1a: Blastoise\n|-supereffective|p1a: Blastoise\n|-damage|p1a: Blastoise|45/100\n|inactive|Time left: 300 sec this turn | 300 sec total | 5 sec grace\n|\n|t:|1783572812\n|switch|p2a: Hoopa|Hoopa-Unbound, L80|259/259|[from] Volt Switch\n|move|p1a: Blastoise|Shell Smash|p1a: Blastoise\n|-unboost|p1a: Blastoise|def|1\n|-unboost|p1a: Blastoise|spd|1\n|-boost|p1a: Blastoise|atk|2\n|-boost|p1a: Blastoise|spa|2\n|-boost|p1a: Blastoise|spe|2\n|-enditem|p1a: Blastoise|White Herb\n|-clearnegativeboost|p1a: Blastoise|[silent]\n|\n|upkeep\n|turn|12\n|inactive|Time left: 300 sec this turn | 300 sec total\n|\n|t:|1783572813\n|move|p1a: Blastoise|Earthquake|p2a: Hoopa\n|-damage|p2a: Hoopa|112/259\n|move|p2a: Hoopa|Hyperspace Fury|p1a: Blastoise\n|-damage|p1a: Blastoise|0 fnt\n|-unboost|p2a: Hoopa|def|1\n|faint|p1a: Blastoise\n|\n|upkeep\n|\n|t:|1783572814\n|switch|p1a: Palafin|Palafin, L77, M, shiny|100/100\n|turn|13\n|inactive|Time left: 300 sec this turn | 300 sec total\n|\n|t:|1783572815\n|switch|p2a: Sylveon|Sylveon, L85, F|300/300\n|move|p1a: Palafin|Flip Turn|p2a: Sylveon\n|-damage|p2a: Sylveon|215/300\n|\n|t:|1783572816\n|detailschange|p1a: Palafin|Palafin-Hero, L77, M, shiny\n|switch|p1a: Gogoat|Gogoat, L88, M|65/100|[from] Flip Turn\n|\n|-heal|p1a: Gogoat|71/100|[from] item: Leftovers\n|-heal|p2a: Sylveon|233/300|[from] item: Leftovers\n|upkeep\n|turn|14\n|inactive|Time left: 300 sec this turn | 300 sec total\n|\n|t:|1783572817\n|move|p1a: Gogoat|Bulk Up|p1a: Gogoat\n|-boost|p1a: Gogoat|atk|1\n|-boost|p1a: Gogoat|def|1\n|move|p2a: Sylveon|Calm Mind|p2a: Sylveon\n|-boost|p2a: Sylveon|spa|1\n|-boost|p2a: Sylveon|spd|1\n|\n|-heal|p1a: Gogoat|77/100|[from] item: Leftovers\n|-heal|p2a: Sylveon|251/300|[from] item: Leftovers\n|upkeep\n|turn|15\n|inactive|Time left: 300 sec this turn | 300 sec total\n|\n|t:|1783572818\n|move|p2a: Sylveon|Protect|p2a: Sylveon\n|-singleturn|p2a: Sylveon|Protect\n|move|p1a: Gogoat|Earthquake|p2a: Sylveon\n|-activate|p2a: Sylveon|move: Protect\n|\n|-heal|p1a: Gogoat|84/100|[from] item: Leftovers\n|-heal|p2a: Sylveon|269/300|[from] item: Leftovers\n|upkeep\n|turn|16\n|inactive|Time left: 300 sec this turn | 300 sec total\n|\n|t:|1783572819\n|move|p1a: Gogoat|Earthquake|p2a: Sylveon\n|-damage|p2a: Sylveon|115/300\n|move|p2a: Sylveon|Hyper Voice|p1a: Gogoat\n|-crit|p1a: Gogoat\n|-damage|p1a: Gogoat|3/100\n|\n|-heal|p1a: Gogoat|9/100|[from] item: Leftovers\n|-heal|p2a: Sylveon|133/300|[from] item: Leftovers\n|upkeep\n|turn|17\n|inactive|Time left: 300 sec this turn | 300 sec total\n|\n|t:|1783572820\n|move|p2a: Sylveon|Protect|p2a: Sylveon\n|-singleturn|p2a: Sylveon|Protect\n|move|p1a: Gogoat|Horn Leech|p2a: Sylveon\n|-activate|p2a: Sylveon|move: Protect\n|\n|-heal|p1a: Gogoat|15/100|[from] item: Leftovers\n|-heal|p2a: Sylveon|151/300|[from] item: Leftovers\n|upkeep\n|turn|18\n|inactive|Time left: 300 sec this turn | 300 sec total\n|\n|t:|1783572821\n|move|p2a: Sylveon|Protect|p2a: Sylveon\n|-singleturn|p2a: Sylveon|Protect\n|move|p1a: Gogoat|Horn Leech|p2a: Sylveon\n|-activate|p2a: Sylveon|move: Protect\n|\n|-heal|p1a: Gogoat|21/100|[from] item: Leftovers\n|-heal|p2a: Sylveon|169/300|[from] item: Leftovers\n|upkeep\n|turn|19\n|inactive|Time left: 300 sec this turn | 300 sec total\n|\n|t:|1783572822\n|move|p1a: Gogoat|Horn Leech|p2a: Sylveon\n|-damage|p2a: Sylveon|4/300\n|-heal|p1a: Gogoat|44/100|[from] drain|[of] p2a: Sylveon\n|move|p2a: Sylveon|Hyper Voice|p1a: Gogoat\n|-damage|p1a: Gogoat|0 fnt\n|faint|p1a: Gogoat\n|\n|-heal|p2a: Sylveon|22/300|[from] item: Leftovers\n|upkeep\n|\n|t:|1783572823\n|switch|p1a: Palafin|Palafin-Hero, L77, M, shiny|100/100\n|-activate|p1a: Palafin|ability: Zero to Hero\n|turn|20\n|inactive|Time left: 300 sec this turn | 300 sec total\n|\n|t:|1783572824\n|move|p2a: Sylveon|Protect|p2a: Sylveon\n|-singleturn|p2a: Sylveon|Protect\n|move|p1a: Palafin|Jet Punch|p2a: Sylveon\n|-activate|p2a: Sylveon|move: Protect\n|\n|-heal|p2a: Sylveon|40/300|[from] item: Leftovers\n|upkeep\n|turn|21\n|inactive|Time left: 300 sec this turn | 300 sec total\n|\n|t:|1783572825\n|move|p1a: Palafin|Jet Punch|p2a: Sylveon\n|-damage|p2a: Sylveon|0 fnt\n|faint|p2a: Sylveon\n|\n|upkeep\n|inactive|Time left: 300 sec this turn | 300 sec total | 5 sec grace\n|\n|t:|1783572826\n|switch|p2a: Jolteon|Jolteon, L84, F|246/246\n|turn|22\n|inactive|Time left: 300 sec this turn | 300 sec total\n|\n|t:|1783572826\n|-terastallize|p2a: Jolteon|Electric\n|move|p1a: Palafin|Jet Punch|p2a: Jolteon\n|-damage|p2a: Jolteon|95/246\n|move|p2a: Jolteon|Thunderbolt|p1a: Palafin\n|-supereffective|p1a: Palafin\n|-damage|p1a: Palafin|0 fnt\n|faint|p1a: Palafin\n|\n|upkeep\n|\n|t:|1783572827\n|switch|p1a: Dusknoir|Dusknoir, L89, M|100/100\n|-item|p2a: Jolteon|Heavy-Duty Boots|[from] ability: Frisk|[of] p1a: Dusknoir\n|turn|23\n|inactive|Time left: 300 sec this turn | 300 sec total\n|\n|t:|1783572828\n|move|p1a: Dusknoir|Shadow Sneak|p2a: Jolteon\n|-damage|p2a: Jolteon|34/246\n|move|p2a: Jolteon|Thunderbolt|p1a: Dusknoir\n|-damage|p1a: Dusknoir|60/100\n|\n|-heal|p1a: Dusknoir|66/100|[from] item: Leftovers\n|upkeep\n|turn|24\n|inactive|Time left: 300 sec this turn | 300 sec total\n|\n|t:|1783572829\n|move|p2a: Jolteon|Thunderbolt|p1a: Dusknoir\n|-damage|p1a: Dusknoir|27/100\n|move|p1a: Dusknoir|Will-O-Wisp|p2a: Jolteon\n|-status|p2a: Jolteon|brn\n|\n|-heal|p1a: Dusknoir|33/100|[from] item: Leftovers\n|-damage|p2a: Jolteon|19/246 brn|[from] brn\n|upkeep\n|turn|25\n|inactive|Time left: 300 sec this turn | 300 sec total\n|\n|t:|1783572830\n|move|p1a: Dusknoir|Shadow Sneak|p2a: Jolteon\n|-damage|p2a: Jolteon|0 fnt\n|faint|p2a: Jolteon\n|\n|-heal|p1a: Dusknoir|39/100|[from] item: Leftovers\n|upkeep\n|inactive|Time left: 300 sec this turn | 300 sec total | 5 sec grace\n|\n|t:|1783572830\n|switch|p2a: Lycanroc|Lycanroc-Midnight, L89, M|296/296\n|turn|26\n|inactive|Time left: 300 sec this turn | 300 sec total\n|\n|t:|1783572831\n|move|p2a: Lycanroc|Stone Edge|p1a: Dusknoir\n|-damage|p1a: Dusknoir|0 fnt\n|faint|p1a: Dusknoir\n|-damage|p2a: Lycanroc|267/296|[from] item: Life Orb\n|\n|win|p0y29341872", "uploadtime": 1783572831, "views": 0, "rating": 0, "private": 0, "password": null, "_winner": "p0y29341872", "_our_name": "p0y29341872"}