{"id": "battle-gen9randombattle-2716", "formatid": "gen9randombattle", "format": "[Gen 9] Random Battle", "players": ["p0x27160cba", "p0y2716f4dc"], "log": "|init|battle\n|title|p0x27160cba vs. p0y2716f4dc\n|j|\u2606p0x27160cba\n|j|\u2606p0y2716f4dc\n|t:|1783570313\n|gametype|singles\n|player|p1|p0x27160cba|1|\n|player|p2|p0y2716f4dc|265|\n|gen|9\n|tier|[Gen 9] Random Battle\n|rule|Species Clause: Limit one of each Pok\u00e9mon\n|rule|HP Percentage Mod: HP is shown in percentages\n|rule|Sleep Clause Mod: Limit one foe put to sleep\n|rule|Illusion Level Mod: Illusion disguises the Pok\u00e9mon's true level\n|\n|t:|1783570313\n|teamsize|p1|6\n|teamsize|p2|6\n|start\n|switch|p1a: Palkia|Palkia-Origin, L72|100/100\n|switch|p2a: Scizor|Scizor, L79, F|240/240\n|-ability|p1a: Palkia|Pressure\n|turn|1\n|inactive|Battle timer is ON: inactive players will automatically lose when time's up. (requested by p0x27160cba)\n|inactive|Time left: 300 sec this turn | 300 sec total | 60 sec grace\n|inactive|p0y2716f4dc also wants the timer to be on.\n|\n|t:|1783570314\n|switch|p2a: Braviary|Braviary-Hisui, L85, M|326/326\n|move|p1a: Palkia|Fire Blast|p2a: Braviary\n|-damage|p2a: Braviary|228/326\n|\n|upkeep\n|turn|2\n|inactive|Time left: 300 sec this turn | 300 sec total\n|\n|t:|1783570315\n|move|p1a: Palkia|Hydro Pump|p2a: Braviary\n|-damage|p2a: Braviary|62/326\n|move|p2a: Braviary|Hurricane|p1a: Palkia|[miss]\n|-miss|p2a: Braviary|p1a: Palkia\n|\n|upkeep\n|turn|3\n|inactive|Time left: 300 sec this turn | 300 sec total\n|\n|t:|1783570316\n|move|p1a: Palkia|Fire Blast|p2a: Braviary\n|-damage|p2a: Braviary|0 fnt\n|faint|p2a: Braviary\n|\n|upkeep\n|inactive|Time left: 300 sec this turn | 300 sec total | 5 sec grace\n|\n|t:|1783570316\n|switch|p2a: Smeargle|Smeargle, L95, F|258/258\n|turn|4\n|inactive|Time left: 300 sec this turn | 300 sec total\n|\n|t:|1783570317\n|move|p1a: Palkia|Spacial Rend|p2a: Smeargle\n|-damage|p2a: Smeargle|83/258\n|move|p2a: Smeargle|Shell Smash|p2a: Smeargle\n|-unboost|p2a: Smeargle|def|1\n|-unboost|p2a: Smeargle|spd|1\n|-boost|p2a: Smeargle|atk|2\n|-boost|p2a: Smeargle|spa|2\n|-boost|p2a: Smeargle|spe|2\n|\n|upkeep\n|turn|5\n|inactive|Time left: 300 sec this turn | 300 sec total\n|\n|t:|1783570318\n|switch|p1a: Spectrier|Spectrier, L75|100/100\n|move|p2a: Smeargle|Population Bomb|p1a: Spectrier\n|-immune|p1a: Spectrier\n|\n|upkeep\n|turn|6\n|inactive|Time left: 300 sec this turn | 300 sec total\n|\n|t:|1783570319\n|switch|p1a: Whimsicott|Whimsicott, L84, M|100/100\n|move|p2a: Smeargle|Spore|p1a: Whimsicott\n|-immune|p1a: Whimsicott\n|\n|upkeep\n|turn|7\n|inactive|Time left: 300 sec this turn | 300 sec total\n|\n|t:|1783570320\n|move|p1a: Whimsicott|Encore|p2a: Smeargle\n|-start|p2a: Smeargle|Encore\n|move|p2a: Smeargle|Spore|p1a: Whimsicott\n|-immune|p1a: Whimsicott\n|\n|upkeep\n|turn|8\n|inactive|Time left: 300 sec this turn | 300 sec total\n|\n|t:|1783570321\n|move|p2a: Smeargle|Spore|p1a: Whimsicott\n|-immune|p1a: Whimsicott\n|move|p1a: Whimsicott|Moonblast|p2a: Smeargle\n|-damage|p2a: Smeargle|0 fnt\n|faint|p2a: Smeargle\n|\n|upkeep\n|inactive|Time left: 300 sec this turn | 300 sec total | 5 sec grace\n|\n|t:|1783570322\n|switch|p2a: Rhydon|Rhydon, L85, M|317/317\n|turn|9\n|inactive|Time left: 300 sec this turn | 300 sec total\n|\n|t:|1783570323\n|move|p1a: Whimsicott|Leech Seed|p2a: Rhydon\n|-start|p2a: Rhydon|move: Leech Seed\n|move|p2a: Rhydon|Swords Dance|p2a: Rhydon\n|-boost|p2a: Rhydon|atk|2\n|\n|-damage|p2a: Rhydon|278/317|[from] Leech Seed|[of] p1a: Whimsicott\n|upkeep\n|turn|10\n|inactive|Time left: 300 sec this turn | 300 sec total\n|\n|t:|1783570324\n|move|p1a: Whimsicott|Encore|p2a: Rhydon\n|-start|p2a: Rhydon|Encore\n|move|p2a: Rhydon|Swords Dance|p2a: Rhydon\n|-boost|p2a: Rhydon|atk|2\n|\n|-damage|p2a: Rhydon|239/317|[from] Leech Seed|[of] p1a: Whimsicott\n|upkeep\n|turn|11\n|inactive|Time left: 300 sec this turn | 300 sec total\n|\n|t:|1783570325\n|switch|p2a: Scizor|Scizor, L79, F|240/240\n|move|p1a: Whimsicott|Moonblast|p2a: Scizor\n|-resisted|p2a: Scizor\n|-damage|p2a: Scizor|193/240\n|\n|upkeep\n|turn|12\n|inactive|Time left: 300 sec this turn | 300 sec total\n|\n|t:|1783570326\n|move|p1a: Whimsicott|Leech Seed|p2a: Scizor|[miss]\n|-miss|p1a: Whimsicott|p2a: Scizor\n|move|p2a: Scizor|U-turn|p1a: Whimsicott\n|-damage|p1a: Whimsicott|51/100\n|inactive|Time left: 300 sec this turn | 300 sec total | 5 sec grace\n|\n|t:|1783570327\n|switch|p2a: Rhydon|Rhydon, L85, M|239/317|[from] U-turn\n|\n|-heal|p1a: Whimsicott|57/100|[from] item: Leftovers\n|upkeep\n|turn|13\n|inactive|Time left: 300 sec this turn | 300 sec total\n|\n|t:|1783570328\n|move|p1a: Whimsicott|Leech Seed|p2a: Rhydon\n|-start|p2a: Rhydon|move: Leech Seed\n|move|p2a: Rhydon|Stone Edge|p1a: Whimsicott\n|-damage|p1a: Whimsicott|0 fnt\n|faint|p1a: Whimsicott\n|\n|upkeep\n|\n|t:|1783570328\n|switch|p1a: Palkia|Palkia-Origin, L72|100/100\n|-ability|p1a: Palkia|Pressure\n|turn|14\n|inactive|Time left: 300 sec this turn | 300 sec total\n|\n|t:|1783570329\n|switch|p2a: Inteleon|Inteleon, L81, F|246/246\n|move|p1a: Palkia|Hydro Pump|p2a: Inteleon\n|-resisted|p2a: Inteleon\n|-damage|p2a: Inteleon|160/246\n|\n|upkeep\n|turn|15\n|inactive|Time left: 300 sec this turn | 300 sec total\n|\n|t:|1783570330\n|move|p2a: Inteleon|Ice Beam|p1a: Palkia\n|-damage|p1a: Palkia|63/100\n|move|p1a: Palkia|Spacial Rend|p2a: Inteleon\n|-damage|p2a: Inteleon|0 fnt\n|faint|p2a: Inteleon\n|\n|upkeep\n|inactive|Time left: 300 sec this turn | 300 sec total | 5 sec grace\n|\n|t:|1783570331\n|switch|p2a: Rhydon|Rhydon, L85, M|239/317\n|turn|16\n|inactive|Time left: 300 sec this turn | 300 sec total\n|\n|t:|1783570332\n|-terastallize|p2a: Rhydon|Fairy\n|move|p1a: Palkia|Hydro Pump|p2a: Rhydon\n|-damage|p2a: Rhydon|98/317\n|move|p2a: Rhydon|Earthquake|p1a: Palkia\n|-damage|p1a: Palkia|0 fnt\n|faint|p1a: Palkia\n|\n|upkeep\n|\n|t:|1783570333\n|switch|p1a: Spectrier|Spectrier, L75|100/100\n|turn|17\n|inactive|Time left: 300 sec this turn | 300 sec total\n|\n|t:|1783570334\n|move|p1a: Spectrier|Shadow Ball|p2a: Rhydon\n|-damage|p2a: Rhydon|5/317\n|move|p2a: Rhydon|Earthquake|p1a: Spectrier\n|-damage|p1a: Spectrier|23/100\n|\n|-heal|p1a: Spectrier|29/100|[from] item: Leftovers\n|upkeep\n|turn|18\n|inactive|Time left: 300 sec this turn | 300 sec total\n|\n|t:|1783570335\n|move|p1a: Spectrier|Shadow Ball|p2a: Rhydon\n|-damage|p2a: Rhydon|0 fnt\n|faint|p2a: Rhydon\n|-ability|p1a: Spectrier|Grim Neigh|boost\n|-boost|p1a: Spectrier|spa|1\n|\n|-heal|p1a: Spectrier|35/100|[from] item: Leftovers\n|upkeep\n|inactive|Time left: 300 sec this turn | 300 sec total | 5 sec grace\n|\n|t:|1783570336\n|switch|p2a: Scizor|Scizor, L79, F|193/240\n|turn|19\n|inactive|Time left: 300 sec this turn | 300 sec total\n|\n|t:|1783570337\n|switch|p1a: Zapdos|Zapdos, L78|100/100\n|move|p2a: Scizor|Bullet Punch|p1a: Zapdos\n|-resisted|p1a: Zapdos\n|-crit|p1a: Zapdos\n|-damage|p1a: Zapdos|68/100\n|-status|p2a: Scizor|par|[from] ability: Static|[of] p1a: Zapdos\n|\n|upkeep\n|turn|20\n|inactive|Time left: 300 sec this turn | 300 sec total\n|\n|t:|1783570338\n|move|p2a: Scizor|Bullet Punch|p1a: Zapdos\n|-resisted|p1a: Zapdos\n|-damage|p1a: Zapdos|47/100\n|move|p1a: Zapdos|Thunderbolt|p2a: Scizor\n|-damage|p2a: Scizor|73/240 par\n|\n|upkeep\n|turn|21\n|inactive|Time left: 300 sec this turn | 300 sec total\n|\n|t:|1783570339\n|cant|p2a: Scizor|par\n|move|p1a: Zapdos|Roost|p1a: Zapdos\n|-heal|p1a: Zapdos|97/100\n|-singleturn|p1a: Zapdos|move: Roost\n|\n|upkeep\n|turn|22\n|inactive|Time left: 300 sec this turn | 300 sec total\n|\n|t:|1783570341\n|move|p2a: Scizor|Bullet Punch|p1a: Zapdos\n|-resisted|p1a: Zapdos\n|-damage|p1a: Zapdos|77/100\n|move|p1a: Zapdos|Hurricane|p2a: Scizor\n|-damage|p2a: Scizor|0 fnt\n|faint|p2a: Scizor\n|\n|upkeep\n|inactive|Time left: 300 sec this turn | 300 sec total | 5 sec grace\n|\n|t:|1783570342\n|switch|p2a: Toxapex|Toxapex, L82, F|216/216\n|turn|23\n|inactive|Time left: 300 sec this turn | 300 sec total\n|\n|t:|1783570342\n|-terastallize|p1a: Zapdos|Electric\n|move|p1a: Zapdos|Thunderbolt|p2a: Toxapex\n|-supereffective|p2a: Toxapex\n|-damage|p2a: Toxapex|32/216\n|move|p2a: Toxapex|Recover|p2a: Toxapex\n|-heal|p2a: Toxapex|140/216\n|\n|upkeep\n|turn|24\n|inactive|Time left: 300 sec this turn | 300 sec total\n|\n|t:|1783570343\n|move|p1a: Zapdos|Thunderbolt|p2a: Toxapex\n|-supereffective|p2a: Toxapex\n|-damage|p2a: Toxapex|0 fnt\n|faint|p2a: Toxapex\n|\n|win|p0x27160cba", "uploadtime": 1783570343, "views": 0, "rating": 0, "private": 0, "password": null, "_winner": "p0x27160cba", "_our_name": "p0y2716f4dc"}