{"id": "battle-gen9randombattle-604", "formatid": "gen9randombattle", "format": "[Gen 9] Random Battle", "players": ["p0x604842d", "p0y6047f03"], "log": "|init|battle\n|title|p0x604842d vs. p0y6047f03\n|j|\u2606p0x604842d\n|j|\u2606p0y6047f03\n|t:|1783546822\n|gametype|singles\n|player|p1|p0x604842d|266|\n|player|p2|p0y6047f03|2|\n|gen|9\n|tier|[Gen 9] Random Battle\n|rule|Species Clause: Limit one of each Pok\u00e9mon\n|rule|HP Percentage Mod: HP is shown in percentages\n|rule|Sleep Clause Mod: Limit one foe put to sleep\n|rule|Illusion Level Mod: Illusion disguises the Pok\u00e9mon's true level\n|\n|t:|1783546822\n|teamsize|p1|6\n|teamsize|p2|6\n|start\n|switch|p1a: Flygon|Flygon, L82, F|100/100\n|switch|p2a: Greedent|Greedent, L86, M|347/347\n|turn|1\n|inactive|Battle timer is ON: inactive players will automatically lose when time's up. (requested by p0x604842d)\n|inactive|Time left: 300 sec this turn | 300 sec total | 60 sec grace\n|inactive|p0y6047f03 also wants the timer to be on.\n|\n|t:|1783546824\n|move|p1a: Flygon|Outrage|p2a: Greedent\n|-damage|p2a: Greedent|175/347\n|move|p2a: Greedent|Swords Dance|p2a: Greedent\n|-boost|p2a: Greedent|atk|2\n|\n|upkeep\n|turn|2\n|inactive|Time left: 300 sec this turn | 300 sec total\n|\n|t:|1783546825\n|move|p1a: Flygon|Outrage|p2a: Greedent|[from] lockedmove\n|-damage|p2a: Greedent|3/347\n|-enditem|p2a: Greedent|Sitrus Berry|[eat]\n|-heal|p2a: Greedent|89/347|[from] item: Sitrus Berry\n|-heal|p2a: Greedent|204/347|[from] ability: Cheek Pouch\n|-start|p1a: Flygon|confusion|[fatigue]\n|move|p2a: Greedent|Double-Edge|p1a: Flygon\n|-damage|p1a: Flygon|0 fnt\n|faint|p1a: Flygon\n|-damage|p2a: Greedent|117/347|[from] Recoil\n|\n|upkeep\n|\n|t:|1783546826\n|switch|p1a: Cinderace|Cinderace, L77, M|100/100\n|turn|3\n|inactive|Time left: 300 sec this turn | 300 sec total\n|\n|t:|1783546827\n|move|p1a: Cinderace|Pyro Ball|p2a: Greedent\n|-damage|p2a: Greedent|0 fnt\n|faint|p2a: Greedent\n|\n|upkeep\n|inactive|Time left: 300 sec this turn | 300 sec total | 5 sec grace\n|\n|t:|1783546828\n|switch|p2a: Stantler|Stantler, L92, M|284/284\n|-ability|p2a: Stantler|Intimidate|boost\n|-unboost|p1a: Cinderace|atk|1\n|turn|4\n|inactive|Time left: 300 sec this turn | 300 sec total\n|\n|t:|1783546829\n|move|p1a: Cinderace|Pyro Ball|p2a: Stantler\n|-damage|p2a: Stantler|184/284\n|move|p2a: Stantler|Calm Mind|p2a: Stantler\n|-boost|p2a: Stantler|spa|1\n|-boost|p2a: Stantler|spd|1\n|\n|upkeep\n|turn|5\n|inactive|Time left: 300 sec this turn | 300 sec total\n|\n|t:|1783546830\n|move|p1a: Cinderace|Pyro Ball|p2a: Stantler\n|-damage|p2a: Stantler|87/284\n|move|p2a: Stantler|Earth Power|p1a: Cinderace\n|-supereffective|p1a: Cinderace\n|-damage|p1a: Cinderace|3/100\n|\n|upkeep\n|turn|6\n|inactive|Time left: 300 sec this turn | 300 sec total\n|\n|t:|1783546831\n|move|p1a: Cinderace|Pyro Ball|p2a: Stantler\n|-damage|p2a: Stantler|0 fnt\n|faint|p2a: Stantler\n|\n|upkeep\n|inactive|Time left: 300 sec this turn | 300 sec total | 5 sec grace\n|\n|t:|1783546832\n|switch|p2a: Cinderace|Cinderace, L77, F|250/250\n|turn|7\n|inactive|Time left: 300 sec this turn | 300 sec total\n|\n|t:|1783546833\n|move|p1a: Cinderace|Pyro Ball|p2a: Cinderace\n|-resisted|p2a: Cinderace\n|-damage|p2a: Cinderace|172/250\n|move|p2a: Cinderace|U-turn|p1a: Cinderace\n|-start|p2a: Cinderace|typechange|Bug|[from] ability: Libero\n|-resisted|p1a: Cinderace\n|-damage|p1a: Cinderace|0 fnt\n|faint|p1a: Cinderace\n|inactive|Time left: 300 sec this turn | 300 sec total | 5 sec grace\n|\n|t:|1783546834\n|switch|p2a: Tropius|Tropius, L91, F|328/328|[from] U-turn\n|\n|upkeep\n|\n|t:|1783546835\n|switch|p1a: Cryogonal|Cryogonal, L89|100/100\n|turn|8\n|inactive|Time left: 300 sec this turn | 300 sec total\n|\n|t:|1783546837\n|switch|p2a: Cinderace|Cinderace, L77, F|172/250\n|move|p1a: Cryogonal|Ice Beam|p2a: Cinderace\n|-resisted|p2a: Cinderace\n|-damage|p2a: Cinderace|107/250\n|\n|upkeep\n|turn|9\n|inactive|Time left: 300 sec this turn | 300 sec total\n|\n|t:|1783546838\n|-terastallize|p1a: Cryogonal|Electric\n|move|p1a: Cryogonal|Tera Blast|p2a: Cinderace|[anim] Tera Blast Electric\n|-damage|p2a: Cinderace|0 fnt\n|faint|p2a: Cinderace\n|\n|upkeep\n|inactive|Time left: 300 sec this turn | 300 sec total | 5 sec grace\n|\n|t:|1783546838\n|switch|p2a: Qwilfish|Qwilfish-Hisui, L83, M|244/244\n|-ability|p2a: Qwilfish|Intimidate|boost\n|-unboost|p1a: Cryogonal|atk|1\n|turn|10\n|inactive|Time left: 300 sec this turn | 300 sec total\n|\n|t:|1783546839\n|move|p1a: Cryogonal|Ice Beam|p2a: Qwilfish\n|-damage|p2a: Qwilfish|138/244\n|move|p2a: Qwilfish|Gunk Shot|p1a: Cryogonal\n|-damage|p1a: Cryogonal|45/100\n|\n|upkeep\n|turn|11\n|inactive|Time left: 300 sec this turn | 300 sec total\n|\n|t:|1783546840\n|move|p1a: Cryogonal|Ice Beam|p2a: Qwilfish\n|-damage|p2a: Qwilfish|35/244\n|move|p2a: Qwilfish|Gunk Shot|p1a: Cryogonal\n|-crit|p1a: Cryogonal\n|-damage|p1a: Cryogonal|0 fnt\n|faint|p1a: Cryogonal\n|\n|upkeep\n|\n|t:|1783546841\n|switch|p1a: Lugia|Lugia, L73|100/100\n|turn|12\n|inactive|Time left: 300 sec this turn | 300 sec total\n|\n|t:|1783546842\n|move|p1a: Lugia|Aeroblast|p2a: Qwilfish\n|-damage|p2a: Qwilfish|0 fnt\n|faint|p2a: Qwilfish\n|\n|upkeep\n|inactive|Time left: 300 sec this turn | 300 sec total | 5 sec grace\n|\n|t:|1783546842\n|switch|p2a: Vivillon|Vivillon-Archipelago, L83, M|268/268\n|turn|13\n|inactive|Time left: 300 sec this turn | 300 sec total\n|\n|t:|1783546843\n|-terastallize|p2a: Vivillon|Steel\n|move|p1a: Lugia|Aeroblast|p2a: Vivillon\n|-resisted|p2a: Vivillon\n|-damage|p2a: Vivillon|209/268\n|move|p2a: Vivillon|Quiver Dance|p2a: Vivillon\n|-boost|p2a: Vivillon|spa|1\n|-boost|p2a: Vivillon|spd|1\n|-boost|p2a: Vivillon|spe|1\n|\n|upkeep\n|turn|14\n|inactive|Time left: 300 sec this turn | 300 sec total\n|\n|t:|1783546844\n|move|p2a: Vivillon|Quiver Dance|p2a: Vivillon\n|-boost|p2a: Vivillon|spa|1\n|-boost|p2a: Vivillon|spd|1\n|-boost|p2a: Vivillon|spe|1\n|move|p1a: Lugia|Calm Mind|p1a: Lugia\n|-boost|p1a: Lugia|spa|1\n|-boost|p1a: Lugia|spd|1\n|\n|upkeep\n|turn|15\n|inactive|Time left: 300 sec this turn | 300 sec total\n|\n|t:|1783546844\n|move|p2a: Vivillon|Sleep Powder|p1a: Lugia\n|-status|p1a: Lugia|slp|[from] move: Sleep Powder\n|cant|p1a: Lugia|slp\n|\n|upkeep\n|turn|16\n|inactive|Time left: 300 sec this turn | 300 sec total\n|\n|t:|1783546845\n|move|p2a: Vivillon|Quiver Dance|p2a: Vivillon\n|-boost|p2a: Vivillon|spa|1\n|-boost|p2a: Vivillon|spd|1\n|-boost|p2a: Vivillon|spe|1\n|cant|p1a: Lugia|slp\n|\n|upkeep\n|turn|17\n|inactive|Time left: 300 sec this turn | 300 sec total\n|\n|t:|1783546846\n|move|p2a: Vivillon|Hurricane|p1a: Lugia\n|-damage|p1a: Lugia|78/100 slp\n|cant|p1a: Lugia|slp\n|\n|upkeep\n|turn|18\n|inactive|Time left: 300 sec this turn | 300 sec total\n|\n|t:|1783546846\n|move|p2a: Vivillon|Hurricane|p1a: Lugia\n|-damage|p1a: Lugia|28/100 slp\n|-start|p1a: Lugia|confusion\n|-curestatus|p1a: Lugia|slp|[msg]\n|-activate|p1a: Lugia|confusion\n|move|p1a: Lugia|Recover|p1a: Lugia\n|-heal|p1a: Lugia|78/100\n|\n|upkeep\n|turn|19\n|inactive|Time left: 300 sec this turn | 300 sec total\n|\n|t:|1783546847\n|move|p2a: Vivillon|Hurricane|p1a: Lugia\n|-damage|p1a: Lugia|27/100\n|-activate|p1a: Lugia|confusion\n|-damage|p1a: Lugia|22/100|[from] confusion\n|\n|upkeep\n|turn|20\n|inactive|Time left: 300 sec this turn | 300 sec total\n|\n|t:|1783546848\n|move|p2a: Vivillon|Bug Buzz|p1a: Lugia\n|-damage|p1a: Lugia|0 fnt\n|faint|p1a: Lugia\n|\n|upkeep\n|\n|t:|1783546849\n|switch|p1a: Rotom|Rotom-Wash, L82|100/100\n|turn|21\n|inactive|Time left: 300 sec this turn | 300 sec total\n|\n|t:|1783546850\n|move|p2a: Vivillon|Bug Buzz|p1a: Rotom\n|-damage|p1a: Rotom|14/100\n|-unboost|p1a: Rotom|spd|1\n|move|p1a: Rotom|Thunderbolt|p2a: Vivillon\n|-damage|p2a: Vivillon|151/268\n|\n|-heal|p1a: Rotom|20/100|[from] item: Leftovers\n|upkeep\n|turn|22\n|inactive|Time left: 300 sec this turn | 300 sec total\n|\n|t:|1783546851\n|move|p2a: Vivillon|Bug Buzz|p1a: Rotom\n|-damage|p1a: Rotom|0 fnt\n|faint|p1a: Rotom\n|\n|upkeep\n|\n|t:|1783546852\n|switch|p1a: Okidogi|Okidogi, L77, M|100/100\n|turn|23\n|inactive|Time left: 300 sec this turn | 300 sec total\n|\n|t:|1783546853\n|move|p2a: Vivillon|Hurricane|p1a: Okidogi|[miss]\n|-miss|p2a: Vivillon|p1a: Okidogi\n|move|p1a: Okidogi|Drain Punch|p2a: Vivillon\n|-supereffective|p2a: Vivillon\n|-crit|p2a: Vivillon\n|-damage|p2a: Vivillon|0 fnt\n|faint|p2a: Vivillon\n|\n|upkeep\n|inactive|Time left: 300 sec this turn | 300 sec total | 5 sec grace\n|\n|t:|1783546854\n|switch|p2a: Tropius|Tropius, L91, F|328/328\n|turn|24\n|inactive|Time left: 300 sec this turn | 300 sec total\n|\n|t:|1783546855\n|move|p1a: Okidogi|Gunk Shot|p2a: Tropius\n|-supereffective|p2a: Tropius\n|-damage|p2a: Tropius|92/328\n|-enditem|p2a: Tropius|Sitrus Berry|[eat]\n|-heal|p2a: Tropius|174/328|[from] item: Sitrus Berry\n|move|p2a: Tropius|Dragon Dance|p2a: Tropius\n|-boost|p2a: Tropius|atk|1\n|-boost|p2a: Tropius|spe|1\n|\n|upkeep\n|turn|25\n|inactive|Time left: 300 sec this turn | 300 sec total\n|\n|t:|1783546856\n|move|p2a: Tropius|Dual Wingbeat|p1a: Okidogi\n|-supereffective|p1a: Okidogi\n|-damage|p1a: Okidogi|62/100\n|-supereffective|p1a: Okidogi\n|-damage|p1a: Okidogi|22/100\n|-hitcount|p1a: Okidogi|2\n|move|p1a: Okidogi|Gunk Shot|p2a: Tropius|[miss]\n|-miss|p1a: Okidogi|p2a: Tropius\n|\n|-item|p2a: Tropius|Sitrus Berry|[from] ability: Harvest\n|upkeep\n|turn|26\n|inactive|Time left: 300 sec this turn | 300 sec total\n|\n|t:|1783546857\n|move|p2a: Tropius|Earthquake|p1a: Okidogi\n|-supereffective|p1a: Okidogi\n|-damage|p1a: Okidogi|0 fnt\n|faint|p1a: Okidogi\n|\n|win|p0y6047f03", "uploadtime": 1783546857, "views": 0, "rating": 0, "private": 0, "password": null, "_winner": "p0y6047f03", "_our_name": "p0y6047f03"}