{"id": "battle-gen9randombattle-1127", "formatid": "gen9randombattle", "format": "[Gen 9] Random Battle", "players": ["p0x112774cf", "p0y11270039"], "log": "|init|battle\n|title|p0x112774cf vs. p0y11270039\n|j|\u2606p0x112774cf\n|j|\u2606p0y11270039\n|t:|1783552214\n|gametype|singles\n|player|p1|p0x112774cf|169|\n|player|p2|p0y11270039|101|\n|gen|9\n|tier|[Gen 9] Random Battle\n|rule|Species Clause: Limit one of each Pok\u00e9mon\n|rule|HP Percentage Mod: HP is shown in percentages\n|rule|Sleep Clause Mod: Limit one foe put to sleep\n|rule|Illusion Level Mod: Illusion disguises the Pok\u00e9mon's true level\n|\n|t:|1783552214\n|teamsize|p1|6\n|teamsize|p2|6\n|start\n|switch|p1a: Probopass|Probopass, L91, M|257/257\n|switch|p2a: Gardevoir|Gardevoir, L83, F|100/100\n|-ability|p2a: Gardevoir|Magnet Pull|Trace|[from] ability: Trace|[of] p1a: Probopass\n|turn|1\n|inactive|Battle timer is ON: inactive players will automatically lose when time's up. (requested by p0y11270039)\n|inactive|Time left: 300 sec this turn | 300 sec total | 60 sec grace\n|inactive|p0x112774cf also wants the timer to be on.\n|\n|t:|1783552216\n|move|p2a: Gardevoir|Focus Blast|p1a: Probopass\n|-supereffective|p1a: Probopass\n|-damage|p1a: Probopass|0 fnt\n|faint|p1a: Probopass\n|\n|upkeep\n|inactive|Time left: 300 sec this turn | 300 sec total | 65 sec grace\n|\n|t:|1783552217\n|switch|p1a: Grimmsnarl|Grimmsnarl, L83, M|293/293\n|turn|2\n|inactive|Time left: 300 sec this turn | 300 sec total\n|\n|t:|1783552218\n|move|p2a: Gardevoir|Focus Blast|p1a: Grimmsnarl\n|-damage|p1a: Grimmsnarl|107/293\n|move|p1a: Grimmsnarl|Spirit Break|p2a: Gardevoir\n|-damage|p2a: Gardevoir|56/100\n|-unboost|p2a: Gardevoir|spa|1\n|\n|upkeep\n|turn|3\n|inactive|Time left: 300 sec this turn | 300 sec total\n|\n|t:|1783552220\n|move|p1a: Grimmsnarl|Reflect|p1a: Grimmsnarl\n|-sidestart|p1: p0x112774cf|Reflect\n|move|p2a: Gardevoir|Focus Blast|p1a: Grimmsnarl\n|-damage|p1a: Grimmsnarl|0 fnt\n|faint|p1a: Grimmsnarl\n|\n|upkeep\n|inactive|Time left: 300 sec this turn | 300 sec total | 5 sec grace\n|\n|t:|1783552221\n|switch|p1a: Spectrier|Spectrier, L75|274/274\n|turn|4\n|inactive|Time left: 300 sec this turn | 300 sec total\n|\n|t:|1783552222\n|switch|p2a: Sylveon|Sylveon, L85, F|100/100\n|move|p1a: Spectrier|Nasty Plot|p1a: Spectrier\n|-boost|p1a: Spectrier|spa|2\n|\n|upkeep\n|turn|5\n|inactive|Time left: 300 sec this turn | 300 sec total\n|\n|t:|1783552223\n|move|p1a: Spectrier|Shadow Ball|p2a: Sylveon\n|-damage|p2a: Sylveon|42/100\n|-unboost|p2a: Sylveon|spd|1\n|-damage|p1a: Spectrier|247/274|[from] item: Life Orb\n|move|p2a: Sylveon|Hyper Voice|p1a: Spectrier\n|-damage|p1a: Spectrier|85/274\n|\n|-heal|p2a: Sylveon|48/100|[from] item: Leftovers\n|upkeep\n|turn|6\n|inactive|Time left: 300 sec this turn | 300 sec total\n|\n|t:|1783552224\n|move|p2a: Sylveon|Protect|p2a: Sylveon\n|-singleturn|p2a: Sylveon|Protect\n|move|p1a: Spectrier|Shadow Ball|p2a: Sylveon\n|-activate|p2a: Sylveon|move: Protect\n|\n|-heal|p2a: Sylveon|54/100|[from] item: Leftovers\n|upkeep\n|turn|7\n|inactive|Time left: 300 sec this turn | 300 sec total\n|\n|t:|1783552225\n|switch|p2a: Quagsire|Quagsire, L84, M|100/100\n|move|p1a: Spectrier|Shadow Ball|p2a: Quagsire\n|-crit|p2a: Quagsire\n|-damage|p2a: Quagsire|25/100\n|-damage|p1a: Spectrier|58/274|[from] item: Life Orb\n|\n|-heal|p2a: Quagsire|31/100|[from] item: Leftovers\n|upkeep\n|turn|8\n|inactive|Time left: 300 sec this turn | 300 sec total\n|\n|t:|1783552226\n|switch|p2a: Sawsbuck|Sawsbuck-Autumn, L88, M|100/100\n|move|p1a: Spectrier|Shadow Ball|p2a: Sawsbuck\n|-immune|p2a: Sawsbuck\n|\n|upkeep\n|turn|9\n|inactive|Time left: 300 sec this turn | 300 sec total\n|\n|t:|1783552227\n|move|p1a: Spectrier|Tera Blast|p2a: Sawsbuck\n|-damage|p2a: Sawsbuck|34/100\n|-damage|p1a: Spectrier|31/274|[from] item: Life Orb\n|move|p2a: Sawsbuck|Horn Leech|p1a: Spectrier\n|-damage|p1a: Spectrier|0 fnt\n|-heal|p2a: Sawsbuck|40/100|[from] drain|[of] p1a: Spectrier\n|faint|p1a: Spectrier\n|-damage|p2a: Sawsbuck|30/100|[from] item: Life Orb\n|\n|upkeep\n|inactive|Time left: 300 sec this turn | 300 sec total | 5 sec grace\n|\n|t:|1783552228\n|switch|p1a: Whimsicott|Whimsicott, L84, M|238/238\n|turn|10\n|inactive|Time left: 300 sec this turn | 300 sec total\n|\n|t:|1783552229\n|switch|p2a: Sylveon|Sylveon, L85, F|54/100\n|move|p1a: Whimsicott|Moonblast|p2a: Sylveon\n|-damage|p2a: Sylveon|34/100\n|\n|-heal|p2a: Sylveon|40/100|[from] item: Leftovers\n|-sideend|p1: p0x112774cf|Reflect\n|upkeep\n|turn|11\n|inactive|Time left: 300 sec this turn | 300 sec total\n|\n|t:|1783552230\n|move|p1a: Whimsicott|Leech Seed|p2a: Sylveon\n|-start|p2a: Sylveon|move: Leech Seed\n|move|p2a: Sylveon|Hyper Voice|p1a: Whimsicott\n|-damage|p1a: Whimsicott|81/238\n|\n|-heal|p1a: Whimsicott|95/238|[from] item: Leftovers\n|-heal|p2a: Sylveon|46/100|[from] item: Leftovers\n|-damage|p2a: Sylveon|34/100|[from] Leech Seed|[of] p1a: Whimsicott\n|-heal|p1a: Whimsicott|132/238|[silent]\n|upkeep\n|turn|12\n|inactive|Time left: 300 sec this turn | 300 sec total\n|\n|t:|1783552231\n|move|p1a: Whimsicott|Moonblast|p2a: Sylveon\n|-damage|p2a: Sylveon|13/100\n|move|p2a: Sylveon|Hyper Voice|p1a: Whimsicott\n|-damage|p1a: Whimsicott|0 fnt\n|faint|p1a: Whimsicott\n|\n|-heal|p2a: Sylveon|19/100|[from] item: Leftovers\n|upkeep\n|inactive|Time left: 300 sec this turn | 300 sec total | 5 sec grace\n|\n|t:|1783552231\n|switch|p1a: Pikachu|Pikachu-World, L93, M|216/216\n|turn|13\n|inactive|Time left: 300 sec this turn | 300 sec total\n|\n|t:|1783552232\n|switch|p2a: Gardevoir|Gardevoir, L83, F|56/100\n|-ability|p2a: Gardevoir|Lightning Rod|Trace|[from] ability: Trace|[of] p1a: Pikachu\n|move|p1a: Pikachu|Surf|p2a: Gardevoir\n|-damage|p2a: Gardevoir|26/100\n|\n|upkeep\n|turn|14\n|inactive|Time left: 300 sec this turn | 300 sec total\n|\n|t:|1783552233\n|switch|p2a: Hypno|Hypno, L95, M|100/100\n|move|p1a: Pikachu|Surf|p2a: Hypno\n|-damage|p2a: Hypno|78/100\n|\n|-heal|p2a: Hypno|84/100|[from] item: Leftovers\n|upkeep\n|turn|15\n|inactive|Time left: 300 sec this turn | 300 sec total\n|\n|t:|1783552234\n|move|p2a: Hypno|Protect|p2a: Hypno\n|-singleturn|p2a: Hypno|Protect\n|move|p1a: Pikachu|Volt Tackle|p2a: Hypno\n|-activate|p2a: Hypno|move: Protect\n|\n|-heal|p2a: Hypno|90/100|[from] item: Leftovers\n|upkeep\n|turn|16\n|inactive|Time left: 300 sec this turn | 300 sec total\n|\n|t:|1783552235\n|move|p1a: Pikachu|Volt Tackle|p2a: Hypno\n|-damage|p2a: Hypno|26/100\n|-damage|p1a: Pikachu|149/216|[from] Recoil\n|move|p2a: Hypno|Psychic Noise|p1a: Pikachu\n|-damage|p1a: Pikachu|44/216\n|-start|p1a: Pikachu|move: Heal Block\n|\n|-heal|p2a: Hypno|32/100|[from] item: Leftovers\n|upkeep\n|turn|17\n|inactive|Time left: 300 sec this turn | 300 sec total\n|\n|t:|1783552236\n|move|p2a: Hypno|Protect|p2a: Hypno\n|-singleturn|p2a: Hypno|Protect\n|move|p1a: Pikachu|Surf|p2a: Hypno\n|-activate|p2a: Hypno|move: Protect\n|\n|-heal|p2a: Hypno|38/100|[from] item: Leftovers\n|-end|p1a: Pikachu|move: Heal Block\n|upkeep\n|turn|18\n|inactive|Time left: 300 sec this turn | 300 sec total\n|\n|t:|1783552237\n|switch|p2a: Gardevoir|Gardevoir, L83, F|26/100\n|-ability|p2a: Gardevoir|Lightning Rod|Trace|[from] ability: Trace|[of] p1a: Pikachu\n|move|p1a: Pikachu|Volt Tackle|p2a: Gardevoir\n|-ability|p2a: Gardevoir|Lightning Rod|boost\n|-boost|p2a: Gardevoir|spa|1\n|\n|upkeep\n|turn|19\n|inactive|Time left: 300 sec this turn | 300 sec total\n|\n|t:|1783552238\n|switch|p2a: Kricketune|Kricketune, L99, M|100/100\n|move|p1a: Pikachu|Surf|p2a: Kricketune\n|-damage|p2a: Kricketune|63/100\n|\n|upkeep\n|turn|20\n|inactive|Time left: 300 sec this turn | 300 sec total\n|\n|t:|1783552239\n|move|p1a: Pikachu|Volt Tackle|p2a: Kricketune\n|-damage|p2a: Kricketune|0 fnt\n|faint|p2a: Kricketune\n|-damage|p1a: Pikachu|0 fnt|[from] Recoil\n|faint|p1a: Pikachu\n|\n|upkeep\n|inactive|Time left: 300 sec this turn | 300 sec total | 5 sec grace\n|\n|t:|1783552241\n|switch|p1a: Noivern|Noivern, L82, M|274/274\n|switch|p2a: Gardevoir|Gardevoir, L83, F|26/100\n|-ability|p2a: Gardevoir|Infiltrator|Trace|[from] ability: Trace|[of] p1a: Noivern\n|turn|21\n|inactive|Time left: 300 sec this turn | 300 sec total\n|\n|t:|1783552242\n|-terastallize|p1a: Noivern|Fire\n|move|p1a: Noivern|Flamethrower|p2a: Gardevoir\n|-damage|p2a: Gardevoir|0 fnt\n|faint|p2a: Gardevoir\n|\n|upkeep\n|\n|t:|1783552243\n|switch|p2a: Hypno|Hypno, L95, M|38/100\n|turn|22\n|inactive|Time left: 300 sec this turn | 300 sec total\n|\n|t:|1783552244\n|move|p1a: Noivern|Hurricane|p2a: Hypno\n|-damage|p2a: Hypno|12/100\n|move|p2a: Hypno|Toxic|p1a: Noivern\n|-status|p1a: Noivern|tox\n|\n|-heal|p2a: Hypno|18/100|[from] item: Leftovers\n|-damage|p1a: Noivern|257/274 tox|[from] psn\n|upkeep\n|turn|23\n|inactive|Time left: 300 sec this turn | 300 sec total\n|\n|t:|1783552245\n|move|p2a: Hypno|Protect|p2a: Hypno\n|-singleturn|p2a: Hypno|Protect\n|move|p1a: Noivern|Flamethrower|p2a: Hypno\n|-activate|p2a: Hypno|move: Protect\n|\n|-heal|p2a: Hypno|24/100|[from] item: Leftovers\n|-damage|p1a: Noivern|223/274 tox|[from] psn\n|upkeep\n|turn|24\n|inactive|Time left: 300 sec this turn | 300 sec total\n|\n|t:|1783552246\n|move|p1a: Noivern|Hurricane|p2a: Hypno|[miss]\n|-miss|p1a: Noivern|p2a: Hypno\n|move|p2a: Hypno|Psychic Noise|p1a: Noivern\n|-damage|p1a: Noivern|126/274 tox\n|-start|p1a: Noivern|move: Heal Block\n|\n|-heal|p2a: Hypno|30/100|[from] item: Leftovers\n|-damage|p1a: Noivern|75/274 tox|[from] psn\n|upkeep\n|turn|25\n|inactive|Time left: 300 sec this turn | 300 sec total\n|\n|t:|1783552247\n|switch|p2a: Sylveon|Sylveon, L85, F|19/100\n|move|p1a: Noivern|Hurricane|p2a: Sylveon\n|-damage|p2a: Sylveon|0 fnt\n|faint|p2a: Sylveon\n|\n|-damage|p1a: Noivern|7/274 tox|[from] psn\n|-end|p1a: Noivern|move: Heal Block\n|upkeep\n|\n|t:|1783552248\n|switch|p2a: Sawsbuck|Sawsbuck-Autumn, L88, M|30/100\n|turn|26\n|inactive|Time left: 300 sec this turn | 300 sec total\n|\n|t:|1783552249\n|-terastallize|p2a: Sawsbuck|Normal\n|move|p1a: Noivern|Draco Meteor|p2a: Sawsbuck\n|-damage|p2a: Sawsbuck|0 fnt\n|-unboost|p1a: Noivern|spa|2\n|faint|p2a: Sawsbuck\n|\n|-damage|p1a: Noivern|0 fnt|[from] psn\n|faint|p1a: Noivern\n|\n|win|p0y11270039", "uploadtime": 1783552249, "views": 0, "rating": 0, "private": 0, "password": null, "_winner": "p0y11270039", "_our_name": "p0x112774cf"}