{"id": "battle-gen9randombattle-757", "formatid": "gen9randombattle", "format": "[Gen 9] Random Battle", "players": ["p0x757cf91", "p0y757dc9d"], "log": "|init|battle\n|title|p0x757cf91 vs. p0y757dc9d\n|j|\u2606p0x757cf91\n|j|\u2606p0y757dc9d\n|t:|1783548641\n|gametype|singles\n|player|p1|p0x757cf91|266|\n|player|p2|p0y757dc9d|169|\n|gen|9\n|tier|[Gen 9] Random Battle\n|rule|Species Clause: Limit one of each Pok\u00e9mon\n|rule|HP Percentage Mod: HP is shown in percentages\n|rule|Sleep Clause Mod: Limit one foe put to sleep\n|rule|Illusion Level Mod: Illusion disguises the Pok\u00e9mon's true level\n|\n|t:|1783548641\n|teamsize|p1|6\n|teamsize|p2|6\n|start\n|switch|p1a: Passimian|Passimian, L83, M|100/100\n|switch|p2a: Regice|Regice, L88|284/284\n|turn|1\n|inactive|Battle timer is ON: inactive players will automatically lose when time's up. (requested by p0x757cf91)\n|inactive|Time left: 300 sec this turn | 300 sec total | 60 sec grace\n|inactive|p0y757dc9d also wants the timer to be on.\n|\n|t:|1783548643\n|move|p1a: Passimian|Bulk Up|p1a: Passimian\n|-boost|p1a: Passimian|atk|1\n|-boost|p1a: Passimian|def|1\n|move|p2a: Regice|Ice Beam|p1a: Passimian\n|-damage|p1a: Passimian|55/100\n|\n|-heal|p1a: Passimian|61/100|[from] item: Leftovers\n|upkeep\n|turn|2\n|inactive|Time left: 300 sec this turn | 300 sec total\n|\n|t:|1783548644\n|move|p1a: Passimian|Drain Punch|p2a: Regice\n|-supereffective|p2a: Regice\n|-damage|p2a: Regice|44/284\n|-heal|p1a: Passimian|100/100|[from] drain|[of] p2a: Regice\n|move|p2a: Regice|Ice Beam|p1a: Passimian\n|-damage|p1a: Passimian|51/100\n|\n|-heal|p1a: Passimian|57/100|[from] item: Leftovers\n|upkeep\n|turn|3\n|inactive|Time left: 300 sec this turn | 300 sec total\n|\n|t:|1783548645\n|switch|p2a: Carbink|Carbink, L90|236/236\n|move|p1a: Passimian|Drain Punch|p2a: Carbink\n|-damage|p2a: Carbink|148/236\n|-heal|p1a: Passimian|72/100|[from] drain|[of] p2a: Carbink\n|\n|-heal|p1a: Passimian|78/100|[from] item: Leftovers\n|upkeep\n|turn|4\n|inactive|Time left: 300 sec this turn | 300 sec total\n|\n|t:|1783548647\n|move|p1a: Passimian|Drain Punch|p2a: Carbink\n|-damage|p2a: Carbink|61/236\n|-heal|p1a: Passimian|93/100|[from] drain|[of] p2a: Carbink\n|move|p2a: Carbink|Moonblast|p1a: Passimian\n|-supereffective|p1a: Passimian\n|-damage|p1a: Passimian|29/100\n|\n|-heal|p1a: Passimian|35/100|[from] item: Leftovers\n|upkeep\n|turn|5\n|inactive|Time left: 300 sec this turn | 300 sec total\n|\n|t:|1783548648\n|switch|p2a: Sandaconda|Sandaconda, L84, F|258/258\n|move|p1a: Passimian|Drain Punch|p2a: Sandaconda\n|-damage|p2a: Sandaconda|156/258\n|-heal|p1a: Passimian|52/100|[from] drain|[of] p2a: Sandaconda\n|\n|-heal|p1a: Passimian|58/100|[from] item: Leftovers\n|-heal|p2a: Sandaconda|172/258|[from] item: Leftovers\n|upkeep\n|turn|6\n|inactive|Time left: 300 sec this turn | 300 sec total\n|\n|t:|1783548649\n|move|p1a: Passimian|Drain Punch|p2a: Sandaconda\n|-damage|p2a: Sandaconda|60/258\n|-heal|p1a: Passimian|76/100|[from] drain|[of] p2a: Sandaconda\n|move|p2a: Sandaconda|Rest|p2a: Sandaconda\n|-status|p2a: Sandaconda|slp|[from] move: Rest\n|-heal|p2a: Sandaconda|258/258 slp|[silent]\n|\n|-heal|p1a: Passimian|82/100|[from] item: Leftovers\n|-activate|p2a: Sandaconda|ability: Shed Skin\n|-curestatus|p2a: Sandaconda|slp|[msg]\n|upkeep\n|turn|7\n|inactive|Time left: 300 sec this turn | 300 sec total\n|\n|t:|1783548650\n|move|p1a: Passimian|Knock Off|p2a: Sandaconda\n|-damage|p2a: Sandaconda|172/258\n|-enditem|p2a: Sandaconda|Leftovers|[from] move: Knock Off|[of] p1a: Passimian\n|move|p2a: Sandaconda|Glare|p1a: Passimian\n|-status|p1a: Passimian|par\n|\n|-heal|p1a: Passimian|88/100 par|[from] item: Leftovers\n|upkeep\n|turn|8\n|inactive|Time left: 300 sec this turn | 300 sec total\n|\n|t:|1783548652\n|move|p2a: Sandaconda|Rest|p2a: Sandaconda\n|-status|p2a: Sandaconda|slp|[from] move: Rest\n|-heal|p2a: Sandaconda|258/258 slp|[silent]\n|move|p1a: Passimian|Drain Punch|p2a: Sandaconda\n|-damage|p2a: Sandaconda|150/258 slp\n|-heal|p1a: Passimian|100/100 par|[from] drain|[of] p2a: Sandaconda\n|\n|upkeep\n|turn|9\n|inactive|Time left: 300 sec this turn | 300 sec total\n|\n|t:|1783548653\n|cant|p2a: Sandaconda|slp\n|cant|p1a: Passimian|par\n|\n|upkeep\n|turn|10\n|inactive|Time left: 300 sec this turn | 300 sec total\n|\n|t:|1783548654\n|cant|p2a: Sandaconda|slp\n|move|p1a: Passimian|Bulk Up|p1a: Passimian\n|-boost|p1a: Passimian|atk|1\n|-boost|p1a: Passimian|def|1\n|\n|-activate|p2a: Sandaconda|ability: Shed Skin\n|-curestatus|p2a: Sandaconda|slp|[msg]\n|upkeep\n|turn|11\n|inactive|Time left: 300 sec this turn | 300 sec total\n|\n|t:|1783548655\n|move|p2a: Sandaconda|Rest|p2a: Sandaconda\n|-status|p2a: Sandaconda|slp|[from] move: Rest\n|-heal|p2a: Sandaconda|258/258 slp|[silent]\n|move|p1a: Passimian|Drain Punch|p2a: Sandaconda\n|-damage|p2a: Sandaconda|108/258 slp\n|\n|upkeep\n|turn|12\n|inactive|Time left: 300 sec this turn | 300 sec total\n|\n|t:|1783548656\n|cant|p2a: Sandaconda|slp\n|cant|p1a: Passimian|par\n|\n|upkeep\n|turn|13\n|inactive|Time left: 300 sec this turn | 300 sec total\n|\n|t:|1783548657\n|cant|p2a: Sandaconda|slp\n|move|p1a: Passimian|Drain Punch|p2a: Sandaconda\n|-damage|p2a: Sandaconda|0 fnt\n|faint|p2a: Sandaconda\n|\n|upkeep\n|inactive|Time left: 300 sec this turn | 300 sec total | 5 sec grace\n|\n|t:|1783548658\n|switch|p2a: Carbink|Carbink, L90|61/236\n|turn|14\n|inactive|Time left: 300 sec this turn | 300 sec total\n|\n|t:|1783548659\n|move|p2a: Carbink|Rest|p2a: Carbink\n|-status|p2a: Carbink|slp|[from] move: Rest\n|-heal|p2a: Carbink|236/236 slp|[silent]\n|-enditem|p2a: Carbink|Chesto Berry|[eat]\n|-curestatus|p2a: Carbink|slp|[msg]\n|cant|p1a: Passimian|par\n|\n|upkeep\n|turn|15\n|inactive|Time left: 300 sec this turn | 300 sec total\n|\n|t:|1783548660\n|move|p2a: Carbink|Iron Defense|p2a: Carbink\n|-boost|p2a: Carbink|def|2\n|move|p1a: Passimian|Drain Punch|p2a: Carbink\n|-damage|p2a: Carbink|178/236\n|\n|upkeep\n|turn|16\n|inactive|Time left: 300 sec this turn | 300 sec total\n|\n|t:|1783548661\n|move|p2a: Carbink|Moonblast|p1a: Passimian\n|-supereffective|p1a: Passimian\n|-damage|p1a: Passimian|35/100 par\n|move|p1a: Passimian|Bulk Up|p1a: Passimian\n|-boost|p1a: Passimian|atk|1\n|-boost|p1a: Passimian|def|1\n|\n|-heal|p1a: Passimian|41/100 par|[from] item: Leftovers\n|upkeep\n|turn|17\n|inactive|Time left: 300 sec this turn | 300 sec total\n|\n|t:|1783548662\n|move|p2a: Carbink|Moonblast|p1a: Passimian\n|-supereffective|p1a: Passimian\n|-damage|p1a: Passimian|0 fnt\n|faint|p1a: Passimian\n|\n|upkeep\n|\n|t:|1783548663\n|switch|p1a: Zacian|Zacian, L69|100/100\n|turn|18\n|inactive|Time left: 300 sec this turn | 300 sec total\n|\n|t:|1783548664\n|move|p1a: Zacian|Nasty Plot|p1a: Zacian\n|-boost|p1a: Zacian|spa|2\n|move|p2a: Carbink|Body Press|p1a: Zacian\n|-immune|p1a: Zacian\n|\n|upkeep\n|turn|19\n|inactive|Time left: 300 sec this turn | 300 sec total\n|\n|t:|1783548665\n|move|p1a: Zacian|Bitter Malice|p2a: Carbink\n|-damage|p2a: Carbink|22/236\n|-damage|p1a: Zacian|91/100|[from] item: Life Orb\n|move|p2a: Carbink|Moonblast|p1a: Zacian\n|-damage|p1a: Zacian|44/100\n|replace|p1a: Zoroark|Zoroark-Hisui, L80, F\n|-end|p1a: Zoroark|Illusion\n|-hint|Illusion Level Mod is active, so this Pok\u00e9mon's true level was hidden.\n|\n|upkeep\n|turn|20\n|inactive|Time left: 300 sec this turn | 300 sec total\n|\n|t:|1783548666\n|move|p1a: Zoroark|Bitter Malice|p2a: Carbink\n|-damage|p2a: Carbink|0 fnt\n|faint|p2a: Carbink\n|-damage|p1a: Zoroark|35/100|[from] item: Life Orb\n|\n|upkeep\n|inactive|Time left: 300 sec this turn | 300 sec total | 5 sec grace\n|\n|t:|1783548667\n|switch|p2a: Incineroar|Incineroar, L82, F|290/290\n|-ability|p2a: Incineroar|Intimidate|boost\n|-unboost|p1a: Zoroark|atk|1\n|turn|21\n|inactive|Time left: 300 sec this turn | 300 sec total\n|\n|t:|1783548668\n|move|p1a: Zoroark|Focus Blast|p2a: Incineroar|[miss]\n|-miss|p1a: Zoroark|p2a: Incineroar\n|move|p2a: Incineroar|Knock Off|p1a: Zoroark\n|-supereffective|p1a: Zoroark\n|-damage|p1a: Zoroark|0 fnt\n|-enditem|p1a: Zoroark|Life Orb|[from] move: Knock Off|[of] p2a: Incineroar\n|faint|p1a: Zoroark\n|\n|upkeep\n|\n|t:|1783548669\n|switch|p1a: Zacian|Zacian, L69|100/100\n|-ability|p1a: Zacian|Intrepid Sword|boost\n|-boost|p1a: Zacian|atk|1\n|turn|22\n|inactive|Time left: 300 sec this turn | 300 sec total\n|\n|t:|1783548671\n|switch|p2a: Regice|Regice, L88|44/284\n|move|p1a: Zacian|Play Rough|p2a: Regice\n|-damage|p2a: Regice|0 fnt\n|faint|p2a: Regice\n|\n|upkeep\n|inactive|Time left: 300 sec this turn | 300 sec total | 5 sec grace\n|\n|t:|1783548672\n|switch|p2a: Perrserker|Perrserker, L89, F|269/269\n|turn|23\n|inactive|Time left: 300 sec this turn | 300 sec total\n|\n|t:|1783548673\n|switch|p1a: Entei|Entei, L78|100/100\n|move|p2a: Perrserker|Iron Head|p1a: Entei\n|-resisted|p1a: Entei\n|-damage|p1a: Entei|70/100\n|-damage|p2a: Perrserker|243/269|[from] item: Life Orb\n|\n|upkeep\n|turn|24\n|inactive|Time left: 300 sec this turn | 300 sec total\n|\n|t:|1783548674\n|switch|p2a: Incineroar|Incineroar, L82, F|290/290\n|-ability|p2a: Incineroar|Intimidate|boost\n|-fail|p1a: Entei|unboost|Attack|[from] ability: Inner Focus|[of] p1a: Entei\n|move|p1a: Entei|Sacred Fire|p2a: Incineroar\n|-resisted|p2a: Incineroar\n|-damage|p2a: Incineroar|212/290\n|\n|upkeep\n|turn|25\n|inactive|Time left: 300 sec this turn | 300 sec total\n|\n|t:|1783548675\n|move|p1a: Entei|Sacred Fire|p2a: Incineroar\n|-resisted|p2a: Incineroar\n|-damage|p2a: Incineroar|139/290\n|move|p2a: Incineroar|Knock Off|p1a: Entei\n|-damage|p1a: Entei|29/100\n|-enditem|p1a: Entei|Choice Band|[from] move: Knock Off|[of] p2a: Incineroar\n|\n|upkeep\n|turn|26\n|inactive|Time left: 300 sec this turn | 300 sec total\n|\n|t:|1783548676\n|move|p1a: Entei|Stone Edge|p2a: Incineroar\n|-supereffective|p2a: Incineroar\n|-damage|p2a: Incineroar|5/290\n|move|p2a: Incineroar|U-turn|p1a: Entei\n|-resisted|p1a: Entei\n|-damage|p1a: Entei|19/100\n|inactive|Time left: 300 sec this turn | 300 sec total | 5 sec grace\n|\n|t:|1783548677\n|switch|p2a: Flapple|Flapple, L88, F|266/266|[from] U-turn\n|\n|upkeep\n|turn|27\n|inactive|Time left: 300 sec this turn | 300 sec total\n|\n|t:|1783548678\n|move|p1a: Entei|Flare Blitz|p2a: Flapple\n|-damage|p2a: Flapple|125/266\n|-damage|p1a: Entei|3/100|[from] Recoil\n|move|p2a: Flapple|Dragon Dance|p2a: Flapple\n|-boost|p2a: Flapple|atk|1\n|-boost|p2a: Flapple|spe|1\n|\n|upkeep\n|turn|28\n|inactive|Time left: 300 sec this turn | 300 sec total\n|\n|t:|1783548679\n|move|p1a: Entei|Extreme Speed|p2a: Flapple\n|-damage|p2a: Flapple|69/266\n|move|p2a: Flapple|Grav Apple|p1a: Entei\n|-resisted|p1a: Entei\n|-damage|p1a: Entei|0 fnt\n|faint|p1a: Entei\n|\n|upkeep\n|\n|t:|1783548680\n|switch|p1a: Registeel|Registeel, L81|100/100\n|turn|29\n|inactive|Time left: 300 sec this turn | 300 sec total\n|\n|t:|1783548681\n|-terastallize|p2a: Flapple|Fire\n|move|p2a: Flapple|Tera Blast|p1a: Registeel|[anim] Tera Blast Fire\n|-supereffective|p1a: Registeel\n|-damage|p1a: Registeel|0 fnt\n|faint|p1a: Registeel\n|\n|upkeep\n|\n|t:|1783548682\n|switch|p1a: Zacian|Zacian, L69|100/100\n|turn|30\n|inactive|Time left: 300 sec this turn | 300 sec total\n|\n|t:|1783548682\n|move|p2a: Flapple|Tera Blast|p1a: Zacian|[anim] Tera Blast Fire\n|-damage|p1a: Zacian|7/100\n|move|p1a: Zacian|Close Combat|p2a: Flapple\n|-damage|p2a: Flapple|0 fnt\n|-unboost|p1a: Zacian|def|1\n|-unboost|p1a: Zacian|spd|1\n|faint|p2a: Flapple\n|\n|upkeep\n|inactive|Time left: 300 sec this turn | 300 sec total | 5 sec grace\n|\n|t:|1783548683\n|switch|p2a: Incineroar|Incineroar, L82, F|5/290\n|-ability|p2a: Incineroar|Intimidate|boost\n|-unboost|p1a: Zacian|atk|1\n|turn|31\n|inactive|Time left: 300 sec this turn | 300 sec total\n|\n|t:|1783548684\n|move|p2a: Incineroar|Fake Out|p1a: Zacian\n|-damage|p1a: Zacian|0 fnt\n|faint|p1a: Zacian\n|\n|upkeep\n|\n|t:|1783548685\n|switch|p1a: Dragalge|Dragalge, L88, M|100/100\n|turn|32\n|inactive|Time left: 300 sec this turn | 300 sec total\n|\n|t:|1783548686\n|-terastallize|p1a: Dragalge|Fighting\n|move|p2a: Incineroar|Knock Off|p1a: Dragalge\n|-resisted|p1a: Dragalge\n|-damage|p1a: Dragalge|81/100\n|-enditem|p1a: Dragalge|Leftovers|[from] move: Knock Off|[of] p2a: Incineroar\n|move|p1a: Dragalge|Sludge Wave|p2a: Incineroar\n|-damage|p2a: Incineroar|0 fnt\n|faint|p2a: Incineroar\n|\n|upkeep\n|inactive|Time left: 300 sec this turn | 300 sec total | 5 sec grace\n|\n|t:|1783548687\n|switch|p2a: Perrserker|Perrserker, L89, F|243/269\n|turn|33\n|inactive|Time left: 300 sec this turn | 300 sec total\n|\n|t:|1783548688\n|move|p2a: Perrserker|Iron Head|p1a: Dragalge\n|-damage|p1a: Dragalge|15/100\n|-damage|p2a: Perrserker|217/269|[from] item: Life Orb\n|move|p1a: Dragalge|Focus Blast|p2a: Perrserker|[miss]\n|-miss|p1a: Dragalge|p2a: Perrserker\n|\n|upkeep\n|turn|34\n|inactive|Time left: 300 sec this turn | 300 sec total\n|\n|t:|1783548689\n|move|p2a: Perrserker|U-turn|p1a: Dragalge\n|-resisted|p1a: Dragalge\n|-damage|p1a: Dragalge|0 fnt\n|faint|p1a: Dragalge\n|-damage|p2a: Perrserker|191/269|[from] item: Life Orb\n|\n|win|p0y757dc9d", "uploadtime": 1783548689, "views": 0, "rating": 0, "private": 0, "password": null, "_winner": "p0y757dc9d", "_our_name": "p0y757dc9d"}