{"id": "battle-gen9randombattle-2916", "formatid": "gen9randombattle", "format": "[Gen 9] Random Battle", "players": ["p0x29162d83", "p0y29164494"], "log": "|init|battle\n|title|p0x29162d83 vs. p0y29164494\n|j|\u2606p0x29162d83\n|j|\u2606p0y29164494\n|t:|1783573584\n|gametype|singles\n|player|p1|p0x29162d83|265|\n|player|p2|p0y29164494|265|\n|gen|9\n|tier|[Gen 9] Random Battle\n|rule|Species Clause: Limit one of each Pok\u00e9mon\n|rule|HP Percentage Mod: HP is shown in percentages\n|rule|Sleep Clause Mod: Limit one foe put to sleep\n|rule|Illusion Level Mod: Illusion disguises the Pok\u00e9mon's true level\n|\n|t:|1783573584\n|teamsize|p1|6\n|teamsize|p2|6\n|start\n|switch|p1a: Solgaleo|Solgaleo, L74|325/325\n|switch|p2a: Luvdisc|Luvdisc, F|100/100\n|turn|1\n|inactive|Battle timer is ON: inactive players will automatically lose when time's up. (requested by p0x29162d83)\n|\n|t:|1783573585\n|switch|p2a: Registeel|Registeel, L81|100/100\n|move|p1a: Solgaleo|Knock Off|p2a: Registeel\n|-damage|p2a: Registeel|83/100\n|-enditem|p2a: Registeel|Leftovers|[from] move: Knock Off|[of] p1a: Solgaleo\n|\n|upkeep\n|turn|2\n|inactive|Time left: 300 sec this turn | 300 sec total\n|inactive|p0y29164494 also wants the timer to be on.\n|\n|t:|1783573586\n|move|p1a: Solgaleo|Flame Charge|p2a: Registeel\n|-supereffective|p2a: Registeel\n|-damage|p2a: Registeel|64/100\n|-boost|p1a: Solgaleo|spe|1\n|move|p2a: Registeel|Iron Defense|p2a: Registeel\n|-boost|p2a: Registeel|def|2\n|\n|upkeep\n|turn|3\n|inactive|Time left: 300 sec this turn | 300 sec total\n|\n|t:|1783573587\n|switch|p1a: Golurk|Golurk, L87|297/297\n|move|p2a: Registeel|Body Press|p1a: Golurk\n|-immune|p1a: Golurk\n|\n|upkeep\n|turn|4\n|inactive|Time left: 300 sec this turn | 300 sec total\n|\n|t:|1783573588\n|move|p1a: Golurk|Earthquake|p2a: Registeel\n|-supereffective|p2a: Registeel\n|-damage|p2a: Registeel|13/100\n|-damage|p1a: Golurk|268/297|[from] item: Life Orb\n|move|p2a: Registeel|Iron Head|p1a: Golurk\n|-crit|p1a: Golurk\n|-damage|p1a: Golurk|171/297\n|\n|upkeep\n|turn|5\n|inactive|Time left: 300 sec this turn | 300 sec total\n|\n|t:|1783573589\n|move|p1a: Golurk|Dynamic Punch|p2a: Registeel\n|-supereffective|p2a: Registeel\n|-damage|p2a: Registeel|0 fnt\n|faint|p2a: Registeel\n|-damage|p1a: Golurk|142/297|[from] item: Life Orb\n|\n|upkeep\n|\n|t:|1783573590\n|switch|p2a: Entei|Entei, L78|100/100\n|turn|6\n|inactive|Time left: 300 sec this turn | 300 sec total\n|\n|t:|1783573591\n|switch|p1a: Clawitzer|Clawitzer, L87, M|265/265\n|move|p2a: Entei|Sacred Fire|p1a: Clawitzer\n|-resisted|p1a: Clawitzer\n|-damage|p1a: Clawitzer|194/265\n|\n|upkeep\n|turn|7\n|inactive|Time left: 300 sec this turn | 300 sec total\n|\n|t:|1783573592\n|move|p2a: Entei|Sacred Fire|p1a: Clawitzer\n|-resisted|p1a: Clawitzer\n|-damage|p1a: Clawitzer|122/265\n|move|p1a: Clawitzer|Water Pulse|p2a: Entei\n|-supereffective|p2a: Entei\n|-damage|p2a: Entei|0 fnt\n|faint|p2a: Entei\n|\n|upkeep\n|\n|t:|1783573593\n|switch|p2a: Iron Valiant|Iron Valiant, L78|100/100\n|turn|8\n|inactive|Time left: 300 sec this turn | 300 sec total\n|\n|t:|1783573593\n|move|p2a: Iron Valiant|Moonblast|p1a: Clawitzer\n|-damage|p1a: Clawitzer|0 fnt\n|faint|p1a: Clawitzer\n|-damage|p2a: Iron Valiant|91/100|[from] item: Life Orb\n|\n|upkeep\n|inactive|Time left: 300 sec this turn | 300 sec total | 5 sec grace\n|\n|t:|1783573594\n|switch|p1a: Clefable|Clefable, L83, F|293/293\n|turn|9\n|inactive|Time left: 300 sec this turn | 300 sec total\n|\n|t:|1783573595\n|-end|p2a: Iron Valiant|Quark Drive|[silent]\n|switch|p2a: Arceus|Arceus-Fire, L72|100/100\n|move|p1a: Clefable|Moonblast|p2a: Arceus\n|-resisted|p2a: Arceus\n|-damage|p2a: Arceus|82/100\n|\n|upkeep\n|turn|10\n|inactive|Time left: 300 sec this turn | 300 sec total\n|\n|t:|1783573596\n|switch|p1a: Scrafty|Scrafty, L83, F|244/244\n|-ability|p1a: Scrafty|Intimidate|boost\n|-unboost|p2a: Arceus|atk|1\n|move|p2a: Arceus|Calm Mind|p2a: Arceus\n|-boost|p2a: Arceus|spa|1\n|-boost|p2a: Arceus|spd|1\n|\n|upkeep\n|turn|11\n|inactive|Time left: 300 sec this turn | 300 sec total\n|\n|t:|1783573598\n|move|p2a: Arceus|Judgment|p1a: Scrafty\n|-damage|p1a: Scrafty|115/244\n|move|p1a: Scrafty|Dragon Dance|p1a: Scrafty\n|-boost|p1a: Scrafty|atk|1\n|-boost|p1a: Scrafty|spe|1\n|\n|-heal|p1a: Scrafty|130/244|[from] item: Leftovers\n|upkeep\n|turn|12\n|inactive|Time left: 300 sec this turn | 300 sec total\n|\n|t:|1783573599\n|move|p1a: Scrafty|Drain Punch|p2a: Arceus\n|-damage|p2a: Arceus|47/100\n|-heal|p1a: Scrafty|181/244|[from] drain|[of] p2a: Arceus\n|move|p2a: Arceus|Judgment|p1a: Scrafty\n|-damage|p1a: Scrafty|45/244\n|\n|-heal|p1a: Scrafty|60/244|[from] item: Leftovers\n|upkeep\n|turn|13\n|inactive|Time left: 300 sec this turn | 300 sec total\n|\n|t:|1783573600\n|move|p1a: Scrafty|Drain Punch|p2a: Arceus\n|-damage|p2a: Arceus|10/100\n|-heal|p1a: Scrafty|113/244|[from] drain|[of] p2a: Arceus\n|move|p2a: Arceus|Judgment|p1a: Scrafty\n|-damage|p1a: Scrafty|0 fnt\n|faint|p1a: Scrafty\n|\n|upkeep\n|inactive|Time left: 300 sec this turn | 300 sec total | 5 sec grace\n|\n|t:|1783573601\n|switch|p1a: Regieleki|Regieleki, L79|256/256\n|turn|14\n|inactive|Time left: 300 sec this turn | 300 sec total\n|\n|t:|1783573601\n|switch|p2a: Flygon|Flygon, L82, F|100/100\n|move|p1a: Regieleki|Tera Blast|p2a: Flygon\n|-damage|p2a: Flygon|81/100\n|\n|upkeep\n|turn|15\n|inactive|Time left: 300 sec this turn | 300 sec total\n|\n|t:|1783573602\n|-terastallize|p1a: Regieleki|Ice\n|move|p1a: Regieleki|Tera Blast|p2a: Flygon|[anim] Tera Blast Ice\n|-supereffective|p2a: Flygon\n|-damage|p2a: Flygon|0 fnt\n|faint|p2a: Flygon\n|\n|upkeep\n|\n|t:|1783573603\n|switch|p2a: Iron Valiant|Iron Valiant, L78|91/100\n|turn|16\n|inactive|Time left: 300 sec this turn | 300 sec total\n|\n|t:|1783573604\n|move|p1a: Regieleki|Volt Switch|p2a: Iron Valiant\n|-damage|p2a: Iron Valiant|35/100\n|inactive|Time left: 300 sec this turn | 300 sec total | 5 sec grace\n|\n|t:|1783573605\n|switch|p1a: Clefable|Clefable, L83, F|293/293|[from] Volt Switch\n|move|p2a: Iron Valiant|Moonblast|p1a: Clefable\n|-damage|p1a: Clefable|163/293\n|-damage|p2a: Iron Valiant|25/100|[from] item: Life Orb\n|\n|upkeep\n|turn|17\n|inactive|Time left: 300 sec this turn | 300 sec total\n|\n|t:|1783573606\n|move|p2a: Iron Valiant|Moonblast|p1a: Clefable\n|-damage|p1a: Clefable|37/293\n|-damage|p2a: Iron Valiant|16/100|[from] item: Life Orb\n|move|p1a: Clefable|Moonlight|p1a: Clefable\n|-heal|p1a: Clefable|183/293\n|\n|upkeep\n|turn|18\n|inactive|Time left: 300 sec this turn | 300 sec total\n|\n|t:|1783573607\n|move|p2a: Iron Valiant|Moonblast|p1a: Clefable\n|-damage|p1a: Clefable|61/293\n|-damage|p2a: Iron Valiant|6/100|[from] item: Life Orb\n|move|p1a: Clefable|Moonlight|p1a: Clefable\n|-heal|p1a: Clefable|207/293\n|\n|upkeep\n|turn|19\n|inactive|Time left: 300 sec this turn | 300 sec total\n|\n|t:|1783573608\n|move|p2a: Iron Valiant|Moonblast|p1a: Clefable\n|-damage|p1a: Clefable|82/293\n|-unboost|p1a: Clefable|spa|1\n|-damage|p2a: Iron Valiant|0 fnt|[from] item: Life Orb\n|faint|p2a: Iron Valiant\n|-end|p2a: Iron Valiant|Quark Drive|[silent]\n|move|p1a: Clefable|Moonlight|p1a: Clefable\n|-heal|p1a: Clefable|228/293\n|\n|upkeep\n|\n|t:|1783573609\n|switch|p2a: Arceus|Arceus-Fire, L72|10/100\n|turn|20\n|inactive|Time left: 300 sec this turn | 300 sec total\n|\n|t:|1783573610\n|move|p2a: Arceus|Recover|p2a: Arceus\n|-heal|p2a: Arceus|61/100\n|move|p1a: Clefable|Calm Mind|p1a: Clefable\n|-boost|p1a: Clefable|spa|1\n|-boost|p1a: Clefable|spd|1\n|\n|upkeep\n|turn|21\n|inactive|Time left: 300 sec this turn | 300 sec total\n|\n|t:|1783573611\n|move|p2a: Arceus|Calm Mind|p2a: Arceus\n|-boost|p2a: Arceus|spa|1\n|-boost|p2a: Arceus|spd|1\n|move|p1a: Clefable|Calm Mind|p1a: Clefable\n|-boost|p1a: Clefable|spa|1\n|-boost|p1a: Clefable|spd|1\n|\n|upkeep\n|turn|22\n|inactive|Time left: 300 sec this turn | 300 sec total\n|\n|t:|1783573612\n|move|p2a: Arceus|Calm Mind|p2a: Arceus\n|-boost|p2a: Arceus|spa|1\n|-boost|p2a: Arceus|spd|1\n|move|p1a: Clefable|Calm Mind|p1a: Clefable\n|-boost|p1a: Clefable|spa|1\n|-boost|p1a: Clefable|spd|1\n|\n|upkeep\n|turn|23\n|inactive|Time left: 300 sec this turn | 300 sec total\n|\n|t:|1783573613\n|move|p2a: Arceus|Calm Mind|p2a: Arceus\n|-boost|p2a: Arceus|spa|1\n|-boost|p2a: Arceus|spd|1\n|move|p1a: Clefable|Calm Mind|p1a: Clefable\n|-boost|p1a: Clefable|spa|1\n|-boost|p1a: Clefable|spd|1\n|\n|upkeep\n|turn|24\n|inactive|Time left: 300 sec this turn | 300 sec total\n|\n|t:|1783573614\n|move|p2a: Arceus|Judgment|p1a: Clefable\n|-damage|p1a: Clefable|141/293\n|move|p1a: Clefable|Moonlight|p1a: Clefable\n|-heal|p1a: Clefable|287/293\n|\n|upkeep\n|turn|25\n|inactive|Time left: 300 sec this turn | 300 sec total\n|\n|t:|1783573615\n|move|p2a: Arceus|Calm Mind|p2a: Arceus\n|-boost|p2a: Arceus|spa|1\n|-boost|p2a: Arceus|spd|1\n|move|p1a: Clefable|Moonblast|p2a: Arceus\n|-resisted|p2a: Arceus\n|-damage|p2a: Arceus|43/100\n|\n|upkeep\n|turn|26\n|inactive|Time left: 300 sec this turn | 300 sec total\n|\n|t:|1783573616\n|move|p2a: Arceus|Recover|p2a: Arceus\n|-heal|p2a: Arceus|93/100\n|move|p1a: Clefable|Calm Mind|p1a: Clefable\n|-boost|p1a: Clefable|spa|1\n|-boost|p1a: Clefable|spd|1\n|\n|upkeep\n|turn|27\n|inactive|Time left: 300 sec this turn | 300 sec total\n|\n|t:|1783573617\n|move|p2a: Arceus|Judgment|p1a: Clefable\n|-damage|p1a: Clefable|191/293\n|move|p1a: Clefable|Moonblast|p2a: Arceus\n|-resisted|p2a: Arceus\n|-damage|p2a: Arceus|72/100\n|-unboost|p2a: Arceus|spa|1\n|\n|upkeep\n|turn|28\n|inactive|Time left: 300 sec this turn | 300 sec total\n|\n|t:|1783573619\n|move|p2a: Arceus|Judgment|p1a: Clefable\n|-damage|p1a: Clefable|113/293\n|move|p1a: Clefable|Moonblast|p2a: Arceus\n|-resisted|p2a: Arceus\n|-damage|p2a: Arceus|50/100\n|\n|upkeep\n|turn|29\n|inactive|Time left: 300 sec this turn | 300 sec total\n|\n|t:|1783573620\n|move|p2a: Arceus|Judgment|p1a: Clefable\n|-damage|p1a: Clefable|37/293\n|move|p1a: Clefable|Moonlight|p1a: Clefable\n|-heal|p1a: Clefable|183/293\n|\n|upkeep\n|turn|30\n|inactive|Time left: 300 sec this turn | 300 sec total\n|\n|t:|1783573621\n|move|p2a: Arceus|Recover|p2a: Arceus\n|-heal|p2a: Arceus|100/100\n|move|p1a: Clefable|Moonblast|p2a: Arceus\n|-resisted|p2a: Arceus\n|-damage|p2a: Arceus|81/100\n|-unboost|p2a: Arceus|spa|1\n|\n|upkeep\n|turn|31\n|inactive|Time left: 300 sec this turn | 300 sec total\n|\n|t:|1783573622\n|move|p2a: Arceus|Judgment|p1a: Clefable\n|-damage|p1a: Clefable|120/293\n|move|p1a: Clefable|Moonlight|p1a: Clefable\n|-heal|p1a: Clefable|266/293\n|\n|upkeep\n|turn|32\n|inactive|Time left: 300 sec this turn | 300 sec total\n|\n|t:|1783573623\n|move|p2a: Arceus|Calm Mind|p2a: Arceus\n|-boost|p2a: Arceus|spa|1\n|-boost|p2a: Arceus|spd|1\n|move|p1a: Clefable|Moonblast|p2a: Arceus\n|-resisted|p2a: Arceus\n|-damage|p2a: Arceus|64/100\n|\n|upkeep\n|turn|33\n|inactive|Time left: 300 sec this turn | 300 sec total\n|\n|t:|1783573624\n|move|p2a: Arceus|Judgment|p1a: Clefable\n|-damage|p1a: Clefable|193/293\n|move|p1a: Clefable|Moonblast|p2a: Arceus\n|-resisted|p2a: Arceus\n|-damage|p2a: Arceus|47/100\n|\n|upkeep\n|turn|34\n|inactive|Time left: 300 sec this turn | 300 sec total\n|\n|t:|1783573626\n|move|p2a: Arceus|Recover|p2a: Arceus\n|-heal|p2a: Arceus|97/100\n|move|p1a: Clefable|Moonlight|p1a: Clefable\n|-heal|p1a: Clefable|293/293\n|\n|upkeep\n|turn|35\n|inactive|Time left: 300 sec this turn | 300 sec total\n|\n|t:|1783573626\n|move|p2a: Arceus|Judgment|p1a: Clefable\n|-damage|p1a: Clefable|209/293\n|move|p1a: Clefable|Moonblast|p2a: Arceus\n|-resisted|p2a: Arceus\n|-damage|p2a: Arceus|79/100\n|\n|upkeep\n|turn|36\n|inactive|Time left: 300 sec this turn | 300 sec total\n|\n|t:|1783573628\n|move|p2a: Arceus|Judgment|p1a: Clefable\n|-damage|p1a: Clefable|134/293\n|move|p1a: Clefable|Moonblast|p2a: Arceus\n|-resisted|p2a: Arceus\n|-damage|p2a: Arceus|62/100\n|-unboost|p2a: Arceus|spa|1\n|\n|upkeep\n|turn|37\n|inactive|Time left: 300 sec this turn | 300 sec total\n|\n|t:|1783573629\n|move|p2a: Arceus|Judgment|p1a: Clefable\n|-crit|p1a: Clefable\n|-damage|p1a: Clefable|0 fnt\n|faint|p1a: Clefable\n|\n|upkeep\n|inactive|Time left: 300 sec this turn | 300 sec total | 5 sec grace\n|\n|t:|1783573630\n|switch|p1a: Regieleki|Regieleki, L79, tera:Ice|256/256\n|turn|38\n|inactive|Time left: 300 sec this turn | 300 sec total\n|\n|t:|1783573631\n|move|p1a: Regieleki|Thunderbolt|p2a: Arceus\n|-damage|p2a: Arceus|50/100\n|move|p2a: Arceus|Judgment|p1a: Regieleki\n|-supereffective|p1a: Regieleki\n|-damage|p1a: Regieleki|0 fnt\n|faint|p1a: Regieleki\n|\n|upkeep\n|inactive|Time left: 300 sec this turn | 300 sec total | 5 sec grace\n|\n|t:|1783573631\n|switch|p1a: Golurk|Golurk, L87|142/297\n|turn|39\n|inactive|Time left: 300 sec this turn | 300 sec total\n|\n|t:|1783573632\n|-terastallize|p2a: Arceus|Grass\n|move|p2a: Arceus|Judgment|p1a: Golurk\n|-damage|p1a: Golurk|0 fnt\n|faint|p1a: Golurk\n|\n|upkeep\n|inactive|Time left: 300 sec this turn | 300 sec total | 5 sec grace\n|\n|t:|1783573633\n|switch|p1a: Solgaleo|Solgaleo, L74|325/325\n|turn|40\n|inactive|Time left: 300 sec this turn | 300 sec total\n|\n|t:|1783573634\n|move|p2a: Arceus|Judgment|p1a: Solgaleo\n|-supereffective|p1a: Solgaleo\n|-damage|p1a: Solgaleo|0 fnt\n|faint|p1a: Solgaleo\n|\n|win|p0y29164494", "uploadtime": 1783573634, "views": 0, "rating": 0, "private": 0, "password": null, "_winner": "p0y29164494", "_our_name": "p0x29162d83"}