{"id": "battle-gen9randombattle-1966", "formatid": "gen9randombattle", "format": "[Gen 9] Random Battle", "players": ["p0x1966964a", "p0y19669523"], "log": "|init|battle\n|title|p0x1966964a vs. p0y19669523\n|j|\u2606p0x1966964a\n|j|\u2606p0y19669523\n|t:|1783562030\n|gametype|singles\n|player|p1|p0x1966964a|2|\n|player|p2|p0y19669523|170|\n|gen|9\n|tier|[Gen 9] Random Battle\n|rule|Species Clause: Limit one of each Pok\u00e9mon\n|rule|HP Percentage Mod: HP is shown in percentages\n|rule|Sleep Clause Mod: Limit one foe put to sleep\n|rule|Illusion Level Mod: Illusion disguises the Pok\u00e9mon's true level\n|\n|t:|1783562030\n|teamsize|p1|6\n|teamsize|p2|6\n|start\n|switch|p1a: Palafin|Palafin, L77, M|100/100\n|switch|p2a: Wyrdeer|Wyrdeer, L87, M|321/321\n|-ability|p2a: Wyrdeer|Intimidate|boost\n|-unboost|p1a: Palafin|atk|1\n|turn|1\n|inactive|Battle timer is ON: inactive players will automatically lose when time's up. (requested by p0x1966964a)\n|inactive|Time left: 300 sec this turn | 300 sec total | 60 sec grace\n|inactive|p0y19669523 also wants the timer to be on.\n|\n|t:|1783562031\n|detailschange|p1a: Palafin|Palafin-Hero, L77, M\n|switch|p1a: Articuno|Articuno, L86|100/100\n|-ability|p1a: Articuno|Pressure\n|move|p2a: Wyrdeer|Megahorn|p1a: Articuno|[miss]\n|-miss|p2a: Wyrdeer|p1a: Articuno\n|\n|upkeep\n|turn|2\n|inactive|Time left: 300 sec this turn | 300 sec total\n|\n|t:|1783562032\n|move|p1a: Articuno|Freeze-Dry|p2a: Wyrdeer\n|-damage|p2a: Wyrdeer|233/321\n|move|p2a: Wyrdeer|Thunder Wave|p1a: Articuno\n|-status|p1a: Articuno|par\n|\n|-heal|p2a: Wyrdeer|253/321|[from] item: Leftovers\n|upkeep\n|turn|3\n|inactive|Time left: 300 sec this turn | 300 sec total\n|\n|t:|1783562033\n|move|p2a: Wyrdeer|Psychic Noise|p1a: Articuno\n|-damage|p1a: Articuno|79/100 par\n|-start|p1a: Articuno|move: Heal Block\n|cant|p1a: Articuno|par\n|\n|-heal|p2a: Wyrdeer|273/321|[from] item: Leftovers\n|upkeep\n|turn|4\n|inactive|Time left: 300 sec this turn | 300 sec total\n|\n|t:|1783562033\n|move|p2a: Wyrdeer|Psychic Noise|p1a: Articuno\n|-damage|p1a: Articuno|54/100 par\n|cant|p1a: Articuno|par\n|\n|-heal|p2a: Wyrdeer|293/321|[from] item: Leftovers\n|-end|p1a: Articuno|move: Heal Block\n|upkeep\n|turn|5\n|inactive|Time left: 300 sec this turn | 300 sec total\n|\n|t:|1783562034\n|move|p2a: Wyrdeer|Psychic Noise|p1a: Articuno\n|-damage|p1a: Articuno|30/100 par\n|-start|p1a: Articuno|move: Heal Block\n|move|p1a: Articuno|Freeze-Dry|p2a: Wyrdeer\n|-damage|p2a: Wyrdeer|211/321\n|\n|-heal|p2a: Wyrdeer|231/321|[from] item: Leftovers\n|upkeep\n|turn|6\n|inactive|Time left: 300 sec this turn | 300 sec total\n|\n|t:|1783562035\n|move|p2a: Wyrdeer|Psychic Noise|p1a: Articuno\n|-damage|p1a: Articuno|7/100 par\n|move|p1a: Articuno|Freeze-Dry|p2a: Wyrdeer\n|-damage|p2a: Wyrdeer|155/321\n|\n|-heal|p2a: Wyrdeer|175/321|[from] item: Leftovers\n|-end|p1a: Articuno|move: Heal Block\n|upkeep\n|turn|7\n|inactive|Time left: 300 sec this turn | 300 sec total\n|\n|t:|1783562036\n|move|p2a: Wyrdeer|Psychic Noise|p1a: Articuno\n|-damage|p1a: Articuno|0 fnt\n|faint|p1a: Articuno\n|\n|-heal|p2a: Wyrdeer|195/321|[from] item: Leftovers\n|upkeep\n|\n|t:|1783562037\n|switch|p1a: Palafin|Palafin-Hero, L77, M|100/100\n|-activate|p1a: Palafin|ability: Zero to Hero\n|turn|8\n|inactive|Time left: 300 sec this turn | 300 sec total\n|\n|t:|1783562038\n|move|p1a: Palafin|Wave Crash|p2a: Wyrdeer\n|-crit|p2a: Wyrdeer\n|-damage|p2a: Wyrdeer|0 fnt\n|faint|p2a: Wyrdeer\n|-damage|p1a: Palafin|78/100|[from] Recoil\n|\n|upkeep\n|inactive|Time left: 300 sec this turn | 300 sec total | 5 sec grace\n|\n|t:|1783562038\n|switch|p2a: Spidops|Spidops, L96, F|271/271\n|turn|9\n|inactive|Time left: 300 sec this turn | 300 sec total\n|\n|t:|1783562039\n|move|p1a: Palafin|Wave Crash|p2a: Spidops\n|-damage|p2a: Spidops|81/271\n|-damage|p1a: Palafin|55/100|[from] Recoil\n|move|p2a: Spidops|Sticky Web|p1a: Palafin\n|-sidestart|p1: p0x1966964a|move: Sticky Web\n|\n|upkeep\n|turn|10\n|inactive|Time left: 300 sec this turn | 300 sec total\n|\n|t:|1783562040\n|move|p1a: Palafin|Wave Crash|p2a: Spidops\n|-damage|p2a: Spidops|0 fnt\n|faint|p2a: Spidops\n|-damage|p1a: Palafin|46/100|[from] Recoil\n|\n|upkeep\n|inactive|Time left: 300 sec this turn | 300 sec total | 5 sec grace\n|\n|t:|1783562041\n|switch|p2a: Maushold|Maushold-Four, L76|238/238\n|turn|11\n|inactive|Time left: 300 sec this turn | 300 sec total\n|\n|t:|1783562042\n|move|p2a: Maushold|Population Bomb|p1a: Palafin\n|-damage|p1a: Palafin|38/100\n|-damage|p1a: Palafin|30/100\n|-damage|p1a: Palafin|22/100\n|-damage|p1a: Palafin|15/100\n|-damage|p1a: Palafin|6/100\n|-damage|p1a: Palafin|0 fnt\n|faint|p1a: Palafin\n|-hitcount|p1: Palafin|6\n|\n|upkeep\n|\n|t:|1783562043\n|switch|p1a: Decidueye|Decidueye-Hisui, L87, M|100/100\n|-activate|p1a: Decidueye|move: Sticky Web\n|-unboost|p1a: Decidueye|spe|1\n|turn|12\n|inactive|Time left: 300 sec this turn | 300 sec total\n|\n|t:|1783562044\n|switch|p2a: Oricorio|Oricorio, L84, M|263/263\n|move|p1a: Decidueye|Triple Arrows|p2a: Oricorio\n|-resisted|p2a: Oricorio\n|-crit|p2a: Oricorio\n|-damage|p2a: Oricorio|169/263\n|\n|upkeep\n|turn|13\n|inactive|Time left: 300 sec this turn | 300 sec total\n|\n|t:|1783562046\n|move|p2a: Oricorio|Quiver Dance|p2a: Oricorio\n|-boost|p2a: Oricorio|spa|1\n|-boost|p2a: Oricorio|spd|1\n|-boost|p2a: Oricorio|spe|1\n|move|p1a: Decidueye|Triple Arrows|p2a: Oricorio\n|-resisted|p2a: Oricorio\n|-damage|p2a: Oricorio|107/263\n|\n|upkeep\n|turn|14\n|inactive|Time left: 300 sec this turn | 300 sec total\n|\n|t:|1783562047\n|move|p2a: Oricorio|Quiver Dance|p2a: Oricorio\n|-boost|p2a: Oricorio|spa|1\n|-boost|p2a: Oricorio|spd|1\n|-boost|p2a: Oricorio|spe|1\n|move|p1a: Decidueye|Triple Arrows|p2a: Oricorio\n|-resisted|p2a: Oricorio\n|-damage|p2a: Oricorio|43/263\n|\n|upkeep\n|turn|15\n|inactive|Time left: 300 sec this turn | 300 sec total\n|\n|t:|1783562048\n|switch|p1a: Hypno|Hypno, L95, M|100/100\n|-activate|p1a: Hypno|move: Sticky Web\n|-unboost|p1a: Hypno|spe|1\n|move|p2a: Oricorio|Roost|p2a: Oricorio\n|-heal|p2a: Oricorio|175/263\n|-singleturn|p2a: Oricorio|move: Roost\n|\n|upkeep\n|turn|16\n|inactive|Time left: 300 sec this turn | 300 sec total\n|\n|t:|1783562048\n|move|p2a: Oricorio|Hurricane|p1a: Hypno\n|-damage|p1a: Hypno|46/100\n|move|p1a: Hypno|Toxic|p2a: Oricorio\n|-status|p2a: Oricorio|tox\n|\n|-heal|p1a: Hypno|52/100|[from] item: Leftovers\n|-damage|p2a: Oricorio|159/263 tox|[from] psn\n|upkeep\n|turn|17\n|inactive|Time left: 300 sec this turn | 300 sec total\n|\n|t:|1783562049\n|move|p2a: Oricorio|Hurricane|p1a: Hypno\n|-damage|p1a: Hypno|0 fnt\n|faint|p1a: Hypno\n|\n|-damage|p2a: Oricorio|127/263 tox|[from] psn\n|upkeep\n|\n|t:|1783562050\n|switch|p1a: Comfey|Comfey, L85, F|100/100\n|-activate|p1a: Comfey|move: Sticky Web\n|-unboost|p1a: Comfey|spe|1\n|turn|18\n|inactive|Time left: 300 sec this turn | 300 sec total\n|\n|t:|1783562051\n|move|p2a: Oricorio|Roost|p2a: Oricorio\n|-heal|p2a: Oricorio|259/263 tox\n|-singleturn|p2a: Oricorio|move: Roost\n|move|p1a: Comfey|Calm Mind|p1a: Comfey\n|-boost|p1a: Comfey|spa|1\n|-boost|p1a: Comfey|spd|1\n|\n|-damage|p2a: Oricorio|211/263 tox|[from] psn\n|upkeep\n|turn|19\n|inactive|Time left: 300 sec this turn | 300 sec total\n|\n|t:|1783562052\n|move|p2a: Oricorio|Hurricane|p1a: Comfey|[miss]\n|-miss|p2a: Oricorio|p1a: Comfey\n|move|p1a: Comfey|Calm Mind|p1a: Comfey\n|-boost|p1a: Comfey|spa|1\n|-boost|p1a: Comfey|spd|1\n|\n|-damage|p2a: Oricorio|147/263 tox|[from] psn\n|upkeep\n|turn|20\n|inactive|Time left: 300 sec this turn | 300 sec total\n|\n|t:|1783562053\n|move|p2a: Oricorio|Roost|p2a: Oricorio\n|-heal|p2a: Oricorio|263/263 tox\n|-singleturn|p2a: Oricorio|move: Roost\n|move|p1a: Comfey|Calm Mind|p1a: Comfey\n|-boost|p1a: Comfey|spa|1\n|-boost|p1a: Comfey|spd|1\n|\n|-damage|p2a: Oricorio|183/263 tox|[from] psn\n|upkeep\n|turn|21\n|inactive|Time left: 300 sec this turn | 300 sec total\n|\n|t:|1783562054\n|move|p2a: Oricorio|Roost|p2a: Oricorio\n|-heal|p2a: Oricorio|263/263 tox\n|-singleturn|p2a: Oricorio|move: Roost\n|move|p1a: Comfey|Tera Blast|p2a: Oricorio\n|-damage|p2a: Oricorio|190/263 tox\n|\n|-damage|p2a: Oricorio|94/263 tox|[from] psn\n|upkeep\n|turn|22\n|inactive|Time left: 300 sec this turn | 300 sec total\n|\n|t:|1783562055\n|move|p1a: Comfey|Giga Drain|p2a: Oricorio\n|-resisted|p2a: Oricorio\n|-damage|p2a: Oricorio|78/263 tox\n|move|p2a: Oricorio|Revelation Dance|p1a: Comfey\n|-damage|p1a: Comfey|70/100\n|\n|-heal|p1a: Comfey|76/100|[from] item: Leftovers\n|-damage|p2a: Oricorio|0 fnt|[from] psn\n|faint|p2a: Oricorio\n|upkeep\n|inactive|Time left: 300 sec this turn | 300 sec total | 5 sec grace\n|\n|t:|1783562056\n|switch|p2a: Swampert|Swampert, L83, F|302/302\n|turn|23\n|inactive|Time left: 300 sec this turn | 300 sec total\n|\n|t:|1783562057\n|-terastallize|p2a: Swampert|Poison\n|-terastallize|p1a: Comfey|Ground\n|move|p2a: Swampert|Earthquake|p1a: Comfey\n|-damage|p1a: Comfey|28/100\n|move|p1a: Comfey|Tera Blast|p2a: Swampert|[anim] Tera Blast Ground\n|-supereffective|p2a: Swampert\n|-damage|p2a: Swampert|42/302\n|\n|-heal|p1a: Comfey|34/100|[from] item: Leftovers\n|upkeep\n|turn|24\n|inactive|Time left: 300 sec this turn | 300 sec total\n|\n|t:|1783562058\n|move|p1a: Comfey|Draining Kiss|p2a: Swampert\n|-resisted|p2a: Swampert\n|-damage|p2a: Swampert|3/302\n|-heal|p1a: Comfey|47/100|[from] drain|[of] p2a: Swampert\n|move|p2a: Swampert|Earthquake|p1a: Comfey\n|-damage|p1a: Comfey|1/100\n|\n|-heal|p1a: Comfey|8/100|[from] item: Leftovers\n|upkeep\n|turn|25\n|inactive|Time left: 300 sec this turn | 300 sec total\n|\n|t:|1783562059\n|move|p1a: Comfey|Giga Drain|p2a: Swampert\n|-resisted|p2a: Swampert\n|-damage|p2a: Swampert|0 fnt\n|-heal|p1a: Comfey|8/100|[from] drain|[of] p2a: Swampert\n|faint|p2a: Swampert\n|\n|-heal|p1a: Comfey|15/100|[from] item: Leftovers\n|upkeep\n|inactive|Time left: 300 sec this turn | 300 sec total | 5 sec grace\n|\n|t:|1783562060\n|switch|p2a: Maushold|Maushold-Four, L76|238/238\n|turn|26\n|inactive|Time left: 300 sec this turn | 300 sec total\n|\n|t:|1783562061\n|move|p1a: Comfey|Draining Kiss|p2a: Maushold\n|-damage|p2a: Maushold|93/238\n|-heal|p1a: Comfey|63/100|[from] drain|[of] p2a: Maushold\n|move|p2a: Maushold|Population Bomb|p1a: Comfey\n|-damage|p1a: Comfey|52/100\n|-damage|p1a: Comfey|43/100\n|-damage|p1a: Comfey|33/100\n|-damage|p1a: Comfey|24/100\n|-damage|p1a: Comfey|14/100\n|-damage|p1a: Comfey|4/100\n|-damage|p1a: Comfey|0 fnt\n|faint|p1a: Comfey\n|-hitcount|p1: Comfey|7\n|\n|upkeep\n|\n|t:|1783562062\n|switch|p1a: Jumpluff|Jumpluff, L87, F|100/100\n|turn|27\n|inactive|Time left: 300 sec this turn | 300 sec total\n|\n|t:|1783562063\n|move|p1a: Jumpluff|Acrobatics|p2a: Maushold\n|-damage|p2a: Maushold|0 fnt\n|faint|p2a: Maushold\n|\n|upkeep\n|inactive|Time left: 300 sec this turn | 300 sec total | 5 sec grace\n|\n|t:|1783562064\n|switch|p2a: Mismagius|Mismagius, L86, M|243/243\n|turn|28\n|inactive|Time left: 300 sec this turn | 300 sec total\n|\n|t:|1783562065\n|move|p1a: Jumpluff|Acrobatics|p2a: Mismagius\n|-damage|p2a: Mismagius|134/243\n|move|p2a: Mismagius|Shadow Ball|p1a: Jumpluff\n|-damage|p1a: Jumpluff|70/100\n|-unboost|p1a: Jumpluff|spd|1\n|\n|-heal|p2a: Mismagius|149/243|[from] item: Leftovers\n|upkeep\n|turn|29\n|inactive|Time left: 300 sec this turn | 300 sec total\n|\n|t:|1783562066\n|move|p1a: Jumpluff|Acrobatics|p2a: Mismagius\n|-damage|p2a: Mismagius|40/243\n|move|p2a: Mismagius|Substitute|p2a: Mismagius\n|-fail|p2a: Mismagius|move: Substitute|[weak]\n|\n|-heal|p2a: Mismagius|55/243|[from] item: Leftovers\n|upkeep\n|turn|30\n|inactive|Time left: 300 sec this turn | 300 sec total\n|\n|t:|1783562067\n|move|p1a: Jumpluff|Acrobatics|p2a: Mismagius\n|-damage|p2a: Mismagius|0 fnt\n|faint|p2a: Mismagius\n|\n|win|p0x1966964a", "uploadtime": 1783562067, "views": 0, "rating": 0, "private": 0, "password": null, "_winner": "p0x1966964a", "_our_name": "p0y19669523"}