{"id": "battle-gen9randombattle-2934", "formatid": "gen9randombattle", "format": "[Gen 9] Random Battle", "players": ["p0x29345346", "p0y293494dc"], "log": "|init|battle\n|title|p0x29345346 vs. p0y293494dc\n|j|\u2606p0x29345346\n|j|\u2606p0y293494dc\n|t:|1783573772\n|gametype|singles\n|player|p1|p0x29345346|101|\n|player|p2|p0y293494dc|170|\n|gen|9\n|tier|[Gen 9] Random Battle\n|rule|Species Clause: Limit one of each Pok\u00e9mon\n|rule|HP Percentage Mod: HP is shown in percentages\n|rule|Sleep Clause Mod: Limit one foe put to sleep\n|rule|Illusion Level Mod: Illusion disguises the Pok\u00e9mon's true level\n|\n|t:|1783573772\n|teamsize|p1|6\n|teamsize|p2|6\n|start\n|switch|p1a: Reuniclus|Reuniclus, L88, M|219/219\n|switch|p2a: Samurott|Samurott, L88, M|100/100\n|turn|1\n|inactive|Battle timer is ON: inactive players will automatically lose when time's up. (requested by p0y293494dc)\n|inactive|Time left: 300 sec this turn | 300 sec total | 60 sec grace\n|inactive|p0x29345346 also wants the timer to be on.\n|\n|t:|1783573774\n|move|p1a: Reuniclus|Will-O-Wisp|p2a: Samurott\n|-status|p2a: Samurott|brn\n|move|p2a: Samurott|Knock Off|p1a: Reuniclus\n|-supereffective|p1a: Reuniclus\n|-crit|p1a: Reuniclus\n|-damage|p1a: Reuniclus|0 fnt\n|replace|p1a: Zoroark|Zoroark-Hisui, L80, F\n|-end|p1a: Zoroark|Illusion\n|-hint|Illusion Level Mod is active, so this Pok\u00e9mon's true level was hidden.\n|-enditem|p1a: Zoroark|Life Orb|[from] move: Knock Off|[of] p2a: Samurott\n|faint|p1a: Zoroark\n|-damage|p2a: Samurott|90/100 brn|[from] item: Life Orb\n|\n|-damage|p2a: Samurott|84/100 brn|[from] brn\n|upkeep\n|inactive|Time left: 300 sec this turn | 300 sec total | 65 sec grace\n|\n|t:|1783573775\n|switch|p1a: Kricketune|Kricketune, L99, F|312/312\n|turn|2\n|inactive|Time left: 300 sec this turn | 300 sec total\n|\n|t:|1783573776\n|switch|p2a: Emboar|Emboar, L84, M|100/100\n|move|p1a: Kricketune|Sticky Web|p2a: Emboar\n|-sidestart|p2: p0y293494dc|move: Sticky Web\n|\n|upkeep\n|turn|3\n|inactive|Time left: 300 sec this turn | 300 sec total\n|\n|t:|1783573778\n|switch|p1a: Eternatus|Eternatus, L69|308/308\n|-ability|p1a: Eternatus|Pressure\n|move|p2a: Emboar|Flare Blitz|p1a: Eternatus\n|-resisted|p1a: Eternatus\n|-damage|p1a: Eternatus|161/308\n|-damage|p2a: Emboar|84/100|[from] item: Rocky Helmet|[of] p1a: Eternatus\n|-damage|p2a: Emboar|69/100|[from] Recoil\n|\n|upkeep\n|turn|4\n|inactive|Time left: 300 sec this turn | 300 sec total\n|\n|t:|1783573779\n|move|p1a: Eternatus|Recover|p1a: Eternatus\n|-heal|p1a: Eternatus|308/308\n|move|p2a: Emboar|Flare Blitz|p1a: Eternatus\n|-resisted|p1a: Eternatus\n|-damage|p1a: Eternatus|140/308\n|-damage|p2a: Emboar|52/100|[from] item: Rocky Helmet|[of] p1a: Eternatus\n|-damage|p2a: Emboar|35/100|[from] Recoil\n|\n|upkeep\n|turn|5\n|inactive|Time left: 300 sec this turn | 300 sec total\n|\n|t:|1783573780\n|switch|p2a: Mandibuzz|Mandibuzz, L85, F|100/100\n|move|p1a: Eternatus|Recover|p1a: Eternatus\n|-heal|p1a: Eternatus|294/308\n|\n|upkeep\n|turn|6\n|inactive|Time left: 300 sec this turn | 300 sec total\n|\n|t:|1783573781\n|move|p1a: Eternatus|Fire Blast|p2a: Mandibuzz\n|-damage|p2a: Mandibuzz|79/100\n|move|p2a: Mandibuzz|Defog|p1a: Eternatus\n|-unboost|p1a: Eternatus|evasion|1\n|-sideend|p2: p0y293494dc|Sticky Web|[from] move: Defog|[of] p2a: Mandibuzz\n|\n|upkeep\n|turn|7\n|inactive|Time left: 300 sec this turn | 300 sec total\n|\n|t:|1783573782\n|move|p1a: Eternatus|Sludge Bomb|p2a: Mandibuzz\n|-damage|p2a: Mandibuzz|54/100\n|move|p2a: Mandibuzz|Roost|p2a: Mandibuzz\n|-heal|p2a: Mandibuzz|100/100\n|-singleturn|p2a: Mandibuzz|move: Roost\n|\n|upkeep\n|turn|8\n|inactive|Time left: 300 sec this turn | 300 sec total\n|\n|t:|1783573783\n|move|p1a: Eternatus|Sludge Bomb|p2a: Mandibuzz\n|-damage|p2a: Mandibuzz|77/100\n|move|p2a: Mandibuzz|Roost|p2a: Mandibuzz\n|-heal|p2a: Mandibuzz|100/100\n|-singleturn|p2a: Mandibuzz|move: Roost\n|\n|upkeep\n|turn|9\n|inactive|Time left: 300 sec this turn | 300 sec total\n|\n|t:|1783573784\n|move|p1a: Eternatus|Dynamax Cannon|p2a: Mandibuzz\n|-damage|p2a: Mandibuzz|74/100\n|move|p2a: Mandibuzz|Foul Play|p1a: Eternatus\n|-damage|p1a: Eternatus|225/308\n|-damage|p2a: Mandibuzz|57/100|[from] item: Rocky Helmet|[of] p1a: Eternatus\n|\n|upkeep\n|turn|10\n|inactive|Time left: 300 sec this turn | 300 sec total\n|\n|t:|1783573785\n|move|p1a: Eternatus|Recover|p1a: Eternatus\n|-heal|p1a: Eternatus|308/308\n|move|p2a: Mandibuzz|Roost|p2a: Mandibuzz\n|-heal|p2a: Mandibuzz|100/100\n|-singleturn|p2a: Mandibuzz|move: Roost\n|\n|upkeep\n|turn|11\n|inactive|Time left: 300 sec this turn | 300 sec total\n|\n|t:|1783573786\n|move|p1a: Eternatus|Dynamax Cannon|p2a: Mandibuzz\n|-damage|p2a: Mandibuzz|72/100\n|move|p2a: Mandibuzz|Roost|p2a: Mandibuzz\n|-heal|p2a: Mandibuzz|100/100\n|-singleturn|p2a: Mandibuzz|move: Roost\n|\n|upkeep\n|turn|12\n|inactive|Time left: 300 sec this turn | 300 sec total\n|\n|t:|1783573787\n|move|p1a: Eternatus|Dynamax Cannon|p2a: Mandibuzz\n|-damage|p2a: Mandibuzz|72/100\n|move|p2a: Mandibuzz|Foul Play|p1a: Eternatus\n|-damage|p1a: Eternatus|235/308\n|-damage|p2a: Mandibuzz|55/100|[from] item: Rocky Helmet|[of] p1a: Eternatus\n|\n|upkeep\n|turn|13\n|inactive|Time left: 300 sec this turn | 300 sec total\n|\n|t:|1783573788\n|move|p1a: Eternatus|Dynamax Cannon|p2a: Mandibuzz\n|-damage|p2a: Mandibuzz|29/100\n|move|p2a: Mandibuzz|Roost|p2a: Mandibuzz\n|-heal|p2a: Mandibuzz|79/100\n|-singleturn|p2a: Mandibuzz|move: Roost\n|\n|upkeep\n|turn|14\n|inactive|Time left: 300 sec this turn | 300 sec total\n|\n|t:|1783573789\n|move|p1a: Eternatus|Dynamax Cannon|p2a: Mandibuzz\n|-damage|p2a: Mandibuzz|52/100\n|move|p2a: Mandibuzz|Roost|p2a: Mandibuzz\n|-heal|p2a: Mandibuzz|100/100\n|-singleturn|p2a: Mandibuzz|move: Roost\n|\n|upkeep\n|turn|15\n|inactive|Time left: 300 sec this turn | 300 sec total\n|\n|t:|1783573790\n|switch|p2a: Inteleon|Inteleon, L81, M|100/100\n|move|p1a: Eternatus|Dynamax Cannon|p2a: Inteleon\n|-damage|p2a: Inteleon|53/100\n|\n|upkeep\n|turn|16\n|inactive|Time left: 300 sec this turn | 300 sec total\n|\n|t:|1783573791\n|switch|p1a: Reuniclus|Reuniclus, L88, M|337/337\n|move|p2a: Inteleon|Ice Beam|p1a: Reuniclus\n|-damage|p1a: Reuniclus|234/337\n|\n|upkeep\n|turn|17\n|inactive|Time left: 300 sec this turn | 300 sec total\n|\n|t:|1783573792\n|move|p2a: Inteleon|Ice Beam|p1a: Reuniclus\n|-damage|p1a: Reuniclus|130/337\n|move|p1a: Reuniclus|Psyshock|p2a: Inteleon\n|-damage|p2a: Inteleon|0 fnt\n|faint|p2a: Inteleon\n|\n|upkeep\n|\n|t:|1783573793\n|switch|p2a: Emboar|Emboar, L84, M|35/100\n|turn|18\n|inactive|Time left: 300 sec this turn | 300 sec total\n|\n|t:|1783573794\n|switch|p1a: Eternatus|Eternatus, L69|235/308\n|-ability|p1a: Eternatus|Pressure\n|move|p2a: Emboar|Knock Off|p1a: Eternatus\n|-damage|p1a: Eternatus|89/308\n|-damage|p2a: Emboar|19/100|[from] item: Rocky Helmet|[of] p1a: Eternatus\n|-enditem|p1a: Eternatus|Rocky Helmet|[from] move: Knock Off|[of] p2a: Emboar\n|\n|upkeep\n|turn|19\n|inactive|Time left: 300 sec this turn | 300 sec total\n|\n|t:|1783573795\n|move|p1a: Eternatus|Sludge Bomb|p2a: Emboar\n|-damage|p2a: Emboar|0 fnt\n|faint|p2a: Emboar\n|\n|upkeep\n|\n|t:|1783573795\n|switch|p2a: Thundurus|Thundurus-Therian, L80, M|100/100\n|turn|20\n|inactive|Time left: 300 sec this turn | 300 sec total\n|\n|t:|1783573796\n|move|p1a: Eternatus|Dynamax Cannon|p2a: Thundurus\n|-crit|p2a: Thundurus\n|-damage|p2a: Thundurus|35/100\n|move|p2a: Thundurus|Nasty Plot|p2a: Thundurus\n|-boost|p2a: Thundurus|spa|2\n|\n|upkeep\n|turn|21\n|inactive|Time left: 300 sec this turn | 300 sec total\n|\n|t:|1783573797\n|switch|p2a: Mandibuzz|Mandibuzz, L85, F|100/100\n|move|p1a: Eternatus|Dynamax Cannon|p2a: Mandibuzz\n|-damage|p2a: Mandibuzz|71/100\n|\n|upkeep\n|turn|22\n|inactive|Time left: 300 sec this turn | 300 sec total\n|\n|t:|1783573798\n|move|p1a: Eternatus|Recover|p1a: Eternatus\n|-heal|p1a: Eternatus|243/308\n|move|p2a: Mandibuzz|Foul Play|p1a: Eternatus\n|-damage|p1a: Eternatus|171/308\n|\n|upkeep\n|turn|23\n|inactive|Time left: 300 sec this turn | 300 sec total\n|\n|t:|1783573799\n|move|p1a: Eternatus|Sludge Bomb|p2a: Mandibuzz\n|-damage|p2a: Mandibuzz|47/100\n|move|p2a: Mandibuzz|Roost|p2a: Mandibuzz\n|-heal|p2a: Mandibuzz|97/100\n|-singleturn|p2a: Mandibuzz|move: Roost\n|\n|upkeep\n|turn|24\n|inactive|Time left: 300 sec this turn | 300 sec total\n|\n|t:|1783573800\n|move|p1a: Eternatus|Sludge Bomb|p2a: Mandibuzz\n|-damage|p2a: Mandibuzz|71/100\n|move|p2a: Mandibuzz|Foul Play|p1a: Eternatus\n|-damage|p1a: Eternatus|102/308\n|\n|upkeep\n|turn|25\n|inactive|Time left: 300 sec this turn | 300 sec total\n|\n|t:|1783573801\n|move|p1a: Eternatus|Recover|p1a: Eternatus\n|-heal|p1a: Eternatus|256/308\n|move|p2a: Mandibuzz|Roost|p2a: Mandibuzz\n|-heal|p2a: Mandibuzz|100/100\n|-singleturn|p2a: Mandibuzz|move: Roost\n|\n|upkeep\n|turn|26\n|inactive|Time left: 300 sec this turn | 300 sec total\n|\n|t:|1783573802\n|move|p1a: Eternatus|Sludge Bomb|p2a: Mandibuzz\n|-damage|p2a: Mandibuzz|75/100\n|move|p2a: Mandibuzz|Foul Play|p1a: Eternatus\n|-damage|p1a: Eternatus|190/308\n|\n|upkeep\n|turn|27\n|inactive|Time left: 300 sec this turn | 300 sec total\n|\n|t:|1783573802\n|move|p1a: Eternatus|Sludge Bomb|p2a: Mandibuzz\n|-damage|p2a: Mandibuzz|50/100\n|move|p2a: Mandibuzz|Foul Play|p1a: Eternatus\n|-damage|p1a: Eternatus|121/308\n|\n|upkeep\n|turn|28\n|inactive|Time left: 300 sec this turn | 300 sec total\n|\n|t:|1783573803\n|move|p1a: Eternatus|Recover|p1a: Eternatus\n|-heal|p1a: Eternatus|275/308\n|move|p2a: Mandibuzz|Foul Play|p1a: Eternatus\n|-damage|p1a: Eternatus|212/308\n|\n|upkeep\n|turn|29\n|inactive|Time left: 300 sec this turn | 300 sec total\n|\n|t:|1783573804\n|move|p1a: Eternatus|Sludge Bomb|p2a: Mandibuzz\n|-damage|p2a: Mandibuzz|25/100\n|move|p2a: Mandibuzz|Foul Play|p1a: Eternatus\n|-damage|p1a: Eternatus|140/308\n|\n|upkeep\n|turn|30\n|inactive|Time left: 300 sec this turn | 300 sec total\n|\n|t:|1783573805\n|switch|p2a: Samurott|Samurott, L88, M|84/100 brn\n|move|p1a: Eternatus|Sludge Bomb|p2a: Samurott\n|-damage|p2a: Samurott|50/100 brn\n|\n|-damage|p2a: Samurott|44/100 brn|[from] brn\n|upkeep\n|turn|31\n|inactive|Time left: 300 sec this turn | 300 sec total\n|\n|t:|1783573806\n|move|p1a: Eternatus|Recover|p1a: Eternatus\n|-heal|p1a: Eternatus|294/308\n|move|p2a: Samurott|Swords Dance|p2a: Samurott\n|-boost|p2a: Samurott|atk|2\n|\n|-damage|p2a: Samurott|38/100 brn|[from] brn\n|upkeep\n|turn|32\n|inactive|Time left: 300 sec this turn | 300 sec total\n|\n|t:|1783573807\n|move|p1a: Eternatus|Sludge Bomb|p2a: Samurott\n|-damage|p2a: Samurott|8/100 brn\n|move|p2a: Samurott|Liquidation|p1a: Eternatus\n|-resisted|p1a: Eternatus\n|-damage|p1a: Eternatus|173/308\n|-damage|p2a: Samurott|0 fnt|[from] item: Life Orb\n|faint|p2a: Samurott\n|\n|upkeep\n|\n|t:|1783573808\n|switch|p2a: Pawmot|Pawmot, L80, M|100/100\n|turn|33\n|inactive|Time left: 300 sec this turn | 300 sec total\n|\n|t:|1783573809\n|move|p1a: Eternatus|Sludge Bomb|p2a: Pawmot\n|-damage|p2a: Pawmot|54/100\n|move|p2a: Pawmot|Nuzzle|p1a: Eternatus\n|-resisted|p1a: Eternatus\n|-damage|p1a: Eternatus|158/308\n|-status|p1a: Eternatus|par\n|\n|upkeep\n|turn|34\n|inactive|Time left: 300 sec this turn | 300 sec total\n|\n|t:|1783573810\n|move|p2a: Pawmot|Double Shock|p1a: Eternatus\n|-resisted|p1a: Eternatus\n|-damage|p1a: Eternatus|86/308 par\n|-start|p2a: Pawmot|typechange|???/Fighting|[from] move: Double Shock\n|move|p1a: Eternatus|Sludge Bomb|p2a: Pawmot\n|-damage|p2a: Pawmot|4/100\n|-status|p2a: Pawmot|psn\n|\n|-damage|p2a: Pawmot|0 fnt|[from] psn\n|faint|p2a: Pawmot\n|upkeep\n|\n|t:|1783573812\n|switch|p2a: Mandibuzz|Mandibuzz, L85, F|25/100\n|turn|35\n|inactive|Time left: 300 sec this turn | 300 sec total\n|\n|t:|1783573813\n|move|p2a: Mandibuzz|Foul Play|p1a: Eternatus\n|-damage|p1a: Eternatus|16/308 par\n|move|p1a: Eternatus|Sludge Bomb|p2a: Mandibuzz\n|-damage|p2a: Mandibuzz|0 fnt\n|faint|p2a: Mandibuzz\n|\n|upkeep\n|\n|t:|1783573814\n|switch|p2a: Thundurus|Thundurus-Therian, L80, M|35/100\n|turn|36\n|inactive|Time left: 300 sec this turn | 300 sec total\n|\n|t:|1783573815\n|switch|p1a: Dragapult|Dragapult, L77, M|262/262\n|move|p2a: Thundurus|Thunderbolt|p1a: Dragapult\n|-resisted|p1a: Dragapult\n|-crit|p1a: Dragapult\n|-damage|p1a: Dragapult|142/262\n|\n|upkeep\n|turn|37\n|inactive|Time left: 300 sec this turn | 300 sec total\n|\n|t:|1783573816\n|-terastallize|p1a: Dragapult|Dragon\n|-terastallize|p2a: Thundurus|Flying\n|move|p1a: Dragapult|Dragon Darts|p2a: Thundurus\n|-damage|p2a: Thundurus|0 fnt\n|faint|p2a: Thundurus\n|\n|win|p0x29345346", "uploadtime": 1783573816, "views": 0, "rating": 0, "private": 0, "password": null, "_winner": "p0x29345346", "_our_name": "p0x29345346"}