{"id": "battle-gen9randombattle-2309", "formatid": "gen9randombattle", "format": "[Gen 9] Random Battle", "players": ["p0x230951c7", "p0y2309e815"], "log": "|init|battle\n|title|p0x230951c7 vs. p0y2309e815\n|j|\u2606p0x230951c7\n|j|\u2606p0y2309e815\n|t:|1783565807\n|gametype|singles\n|player|p1|p0x230951c7|170|\n|player|p2|p0y2309e815|169|\n|gen|9\n|tier|[Gen 9] Random Battle\n|rule|Species Clause: Limit one of each Pok\u00e9mon\n|rule|HP Percentage Mod: HP is shown in percentages\n|rule|Sleep Clause Mod: Limit one foe put to sleep\n|rule|Illusion Level Mod: Illusion disguises the Pok\u00e9mon's true level\n|\n|t:|1783565807\n|teamsize|p1|6\n|teamsize|p2|6\n|start\n|switch|p1a: Infernape|Infernape, L82, F|100/100\n|switch|p2a: Chandelure|Chandelure, L83, M|235/235\n|turn|1\n|inactive|Battle timer is ON: inactive players will automatically lose when time's up. (requested by p0x230951c7)\n|inactive|Time left: 300 sec this turn | 300 sec total | 60 sec grace\n|inactive|p0y2309e815 also wants the timer to be on.\n|\n|t:|1783565808\n|move|p2a: Chandelure|Shadow Ball|p1a: Infernape\n|-damage|p1a: Infernape|43/100\n|move|p1a: Infernape|Knock Off|p2a: Chandelure\n|-supereffective|p2a: Chandelure\n|-damage|p2a: Chandelure|74/235\n|-enditem|p2a: Chandelure|Choice Scarf|[from] move: Knock Off|[of] p1a: Infernape\n|-damage|p1a: Infernape|33/100|[from] item: Life Orb\n|\n|upkeep\n|turn|2\n|inactive|Time left: 300 sec this turn | 300 sec total\n|\n|t:|1783565810\n|move|p1a: Infernape|Knock Off|p2a: Chandelure\n|-supereffective|p2a: Chandelure\n|-damage|p2a: Chandelure|0 fnt\n|faint|p2a: Chandelure\n|-damage|p1a: Infernape|23/100|[from] item: Life Orb\n|\n|upkeep\n|inactive|Time left: 300 sec this turn | 300 sec total | 5 sec grace\n|\n|t:|1783565811\n|switch|p2a: Zacian|Zacian-Crowned, L64|225/225\n|-ability|p2a: Zacian|Intrepid Sword|boost\n|-boost|p2a: Zacian|atk|1\n|turn|3\n|inactive|Time left: 300 sec this turn | 300 sec total\n|\n|t:|1783565812\n|switch|p1a: Magearna|Magearna, L77|100/100\n|move|p2a: Zacian|Behemoth Blade|p1a: Magearna\n|-damage|p1a: Magearna|50/100\n|\n|-heal|p1a: Magearna|56/100|[from] item: Leftovers\n|upkeep\n|turn|4\n|inactive|Time left: 300 sec this turn | 300 sec total\n|\n|t:|1783565813\n|move|p2a: Zacian|Swords Dance|p2a: Zacian\n|-boost|p2a: Zacian|atk|2\n|move|p1a: Magearna|Flash Cannon|p2a: Zacian\n|-damage|p2a: Zacian|122/225\n|\n|-heal|p1a: Magearna|62/100|[from] item: Leftovers\n|upkeep\n|turn|5\n|inactive|Time left: 300 sec this turn | 300 sec total\n|\n|t:|1783565814\n|switch|p1a: Infernape|Infernape, L82, F|23/100\n|move|p2a: Zacian|Behemoth Blade|p1a: Infernape\n|-resisted|p1a: Infernape\n|-damage|p1a: Infernape|0 fnt\n|faint|p1a: Infernape\n|\n|upkeep\n|\n|t:|1783565815\n|switch|p1a: Dragapult|Dragapult, L77, F|100/100\n|turn|6\n|inactive|Time left: 300 sec this turn | 300 sec total\n|\n|t:|1783565816\n|-terastallize|p1a: Dragapult|Fire\n|move|p1a: Dragapult|Fire Blast|p2a: Zacian|[miss]\n|-miss|p1a: Dragapult|p2a: Zacian\n|move|p2a: Zacian|Behemoth Blade|p1a: Dragapult\n|-resisted|p1a: Dragapult\n|-damage|p1a: Dragapult|51/100\n|\n|upkeep\n|turn|7\n|inactive|Time left: 300 sec this turn | 300 sec total\n|\n|t:|1783565817\n|switch|p2a: Lapras|Lapras, L87, M|367/367\n|move|p1a: Dragapult|Fire Blast|p2a: Lapras\n|-damage|p2a: Lapras|225/367\n|\n|upkeep\n|turn|8\n|inactive|Time left: 300 sec this turn | 300 sec total\n|\n|t:|1783565817\n|move|p1a: Dragapult|Fire Blast|p2a: Lapras|[miss]\n|-miss|p1a: Dragapult|p2a: Lapras\n|move|p2a: Lapras|Sparkling Aria|p1a: Dragapult\n|-supereffective|p1a: Dragapult\n|-damage|p1a: Dragapult|0 fnt\n|faint|p1a: Dragapult\n|\n|upkeep\n|\n|t:|1783565818\n|switch|p1a: Magearna|Magearna, L77|62/100\n|turn|9\n|inactive|Time left: 300 sec this turn | 300 sec total\n|\n|t:|1783565819\n|move|p2a: Lapras|Sparkling Aria|p1a: Magearna\n|-damage|p1a: Magearna|15/100\n|move|p1a: Magearna|Calm Mind|p1a: Magearna\n|-boost|p1a: Magearna|spa|1\n|-boost|p1a: Magearna|spd|1\n|\n|-heal|p1a: Magearna|21/100|[from] item: Leftovers\n|upkeep\n|turn|10\n|inactive|Time left: 300 sec this turn | 300 sec total\n|\n|t:|1783565820\n|move|p2a: Lapras|Sparkling Aria|p1a: Magearna\n|-damage|p1a: Magearna|0 fnt\n|faint|p1a: Magearna\n|\n|upkeep\n|\n|t:|1783565821\n|switch|p1a: Gurdurr|Gurdurr, L85, M|100/100\n|turn|11\n|inactive|Time left: 300 sec this turn | 300 sec total\n|\n|t:|1783565822\n|-terastallize|p2a: Lapras|Water\n|move|p2a: Lapras|Sparkling Aria|p1a: Gurdurr\n|-damage|p1a: Gurdurr|40/100\n|move|p1a: Gurdurr|Drain Punch|p2a: Lapras\n|-damage|p2a: Lapras|128/367\n|-heal|p1a: Gurdurr|58/100|[from] drain|[of] p2a: Lapras\n|\n|upkeep\n|turn|12\n|inactive|Time left: 300 sec this turn | 300 sec total\n|\n|t:|1783565823\n|move|p1a: Gurdurr|Mach Punch|p2a: Lapras\n|-damage|p2a: Lapras|82/367\n|move|p2a: Lapras|Sparkling Aria|p1a: Gurdurr\n|-damage|p1a: Gurdurr|0 fnt\n|faint|p1a: Gurdurr\n|\n|upkeep\n|\n|t:|1783565823\n|switch|p1a: Torterra|Torterra, L78, M|100/100\n|turn|13\n|inactive|Time left: 300 sec this turn | 300 sec total\n|\n|t:|1783565824\n|move|p2a: Lapras|Sparkling Aria|p1a: Torterra\n|-damage|p1a: Torterra|21/100\n|move|p1a: Torterra|Shell Smash|p1a: Torterra\n|-unboost|p1a: Torterra|def|1\n|-unboost|p1a: Torterra|spd|1\n|-boost|p1a: Torterra|atk|2\n|-boost|p1a: Torterra|spa|2\n|-boost|p1a: Torterra|spe|2\n|\n|upkeep\n|turn|14\n|inactive|Time left: 300 sec this turn | 300 sec total\n|\n|t:|1783565825\n|move|p1a: Torterra|Bullet Seed|p2a: Lapras\n|-supereffective|p2a: Lapras\n|-damage|p2a: Lapras|0 fnt\n|faint|p2a: Lapras\n|-hitcount|p2: Lapras|1\n|\n|upkeep\n|inactive|Time left: 300 sec this turn | 300 sec total | 5 sec grace\n|\n|t:|1783565826\n|switch|p2a: Oinkologne|Oinkologne-F, L92, F|361/361\n|turn|15\n|inactive|Time left: 300 sec this turn | 300 sec total\n|\n|t:|1783565827\n|move|p1a: Torterra|Bullet Seed|p2a: Oinkologne\n|-damage|p2a: Oinkologne|274/361\n|-damage|p2a: Oinkologne|192/361\n|-damage|p2a: Oinkologne|104/361\n|-damage|p2a: Oinkologne|17/361\n|-damage|p2a: Oinkologne|0 fnt\n|faint|p2a: Oinkologne\n|-hitcount|p2: Oinkologne|5\n|\n|upkeep\n|inactive|Time left: 300 sec this turn | 300 sec total | 5 sec grace\n|\n|t:|1783565828\n|switch|p2a: Floatzel|Floatzel, L86, M|286/286\n|turn|16\n|inactive|Time left: 300 sec this turn | 300 sec total\n|\n|t:|1783565829\n|move|p1a: Torterra|Headlong Rush|p2a: Floatzel\n|-damage|p2a: Floatzel|0 fnt\n|-unboost|p1a: Torterra|def|1\n|-unboost|p1a: Torterra|spd|1\n|faint|p2a: Floatzel\n|\n|upkeep\n|inactive|Time left: 300 sec this turn | 300 sec total | 5 sec grace\n|\n|t:|1783565830\n|switch|p2a: Registeel|Registeel, L81|262/262\n|turn|17\n|inactive|Time left: 300 sec this turn | 300 sec total\n|\n|t:|1783565830\n|move|p1a: Torterra|Headlong Rush|p2a: Registeel\n|-supereffective|p2a: Registeel\n|-damage|p2a: Registeel|0 fnt\n|-unboost|p1a: Torterra|def|1\n|-unboost|p1a: Torterra|spd|1\n|faint|p2a: Registeel\n|\n|upkeep\n|inactive|Time left: 300 sec this turn | 300 sec total | 5 sec grace\n|\n|t:|1783565831\n|switch|p2a: Zacian|Zacian-Crowned, L64|122/225\n|turn|18\n|inactive|Time left: 300 sec this turn | 300 sec total\n|\n|t:|1783565832\n|move|p1a: Torterra|Bullet Seed|p2a: Zacian\n|-resisted|p2a: Zacian\n|-damage|p2a: Zacian|80/225\n|-resisted|p2a: Zacian\n|-damage|p2a: Zacian|38/225\n|-resisted|p2a: Zacian\n|-damage|p2a: Zacian|0 fnt\n|faint|p2a: Zacian\n|-hitcount|p2: Zacian|3\n|\n|win|p0x230951c7", "uploadtime": 1783565832, "views": 0, "rating": 0, "private": 0, "password": null, "_winner": "p0x230951c7", "_our_name": "p0y2309e815"}