{"id": "battle-gen9randombattle-2682", "formatid": "gen9randombattle", "format": "[Gen 9] Random Battle", "players": ["p0x268268a5", "p0y26821774"], "log": "|init|battle\n|title|p0x268268a5 vs. p0y26821774\n|j|\u2606p0x268268a5\n|j|\u2606p0y26821774\n|t:|1783569946\n|gametype|singles\n|player|p1|p0x268268a5|1|\n|player|p2|p0y26821774|265|\n|gen|9\n|tier|[Gen 9] Random Battle\n|rule|Species Clause: Limit one of each Pok\u00e9mon\n|rule|HP Percentage Mod: HP is shown in percentages\n|rule|Sleep Clause Mod: Limit one foe put to sleep\n|rule|Illusion Level Mod: Illusion disguises the Pok\u00e9mon's true level\n|\n|t:|1783569946\n|teamsize|p1|6\n|teamsize|p2|6\n|start\n|switch|p1a: Heatran|Heatran, L79, F|273/273\n|switch|p2a: Armarouge|Armarouge, L80, M|100/100\n|-item|p1a: Heatran|Air Balloon\n|turn|1\n|inactive|Battle timer is ON: inactive players will automatically lose when time's up. (requested by p0y26821774)\n|inactive|Time left: 300 sec this turn | 300 sec total | 60 sec grace\n|inactive|p0x268268a5 also wants the timer to be on.\n|\n|t:|1783569948\n|move|p1a: Heatran|Stealth Rock|p2a: Armarouge\n|-sidestart|p2: p0y26821774|move: Stealth Rock\n|move|p2a: Armarouge|Aura Sphere|p1a: Heatran\n|-supereffective|p1a: Heatran\n|-damage|p1a: Heatran|111/273\n|-enditem|p1a: Heatran|Air Balloon\n|\n|upkeep\n|turn|2\n|inactive|Time left: 300 sec this turn | 300 sec total\n|\n|t:|1783569949\n|move|p1a: Heatran|Earth Power|p2a: Armarouge\n|-supereffective|p2a: Armarouge\n|-damage|p2a: Armarouge|36/100\n|move|p2a: Armarouge|Aura Sphere|p1a: Heatran\n|-supereffective|p1a: Heatran\n|-damage|p1a: Heatran|0 fnt\n|faint|p1a: Heatran\n|\n|upkeep\n|inactive|Time left: 300 sec this turn | 300 sec total | 5 sec grace\n|\n|t:|1783569950\n|switch|p1a: Scovillain|Scovillain, L91, F|266/266\n|turn|3\n|inactive|Time left: 300 sec this turn | 300 sec total\n|\n|t:|1783569952\n|move|p1a: Scovillain|Flamethrower|p2a: Armarouge\n|-resisted|p2a: Armarouge\n|-damage|p2a: Armarouge|0 fnt\n|faint|p2a: Armarouge\n|\n|upkeep\n|\n|t:|1783569953\n|switch|p2a: Hydrapple|Hydrapple, L83, F|100/100\n|-damage|p2a: Hydrapple|88/100|[from] Stealth Rock\n|turn|4\n|inactive|Time left: 300 sec this turn | 300 sec total\n|\n|t:|1783569954\n|move|p1a: Scovillain|Flamethrower|p2a: Hydrapple\n|-damage|p2a: Hydrapple|26/100\n|move|p2a: Hydrapple|Draco Meteor|p1a: Scovillain\n|-damage|p1a: Scovillain|0 fnt\n|-unboost|p2a: Hydrapple|spa|2\n|faint|p1a: Scovillain\n|\n|upkeep\n|inactive|Time left: 300 sec this turn | 300 sec total | 5 sec grace\n|\n|t:|1783569955\n|switch|p1a: Gardevoir|Gardevoir, L83, M|249/249\n|-ability|p1a: Gardevoir|Regenerator|Trace|[from] ability: Trace|[of] p2a: Hydrapple\n|turn|5\n|inactive|Time left: 300 sec this turn | 300 sec total\n|\n|t:|1783569956\n|switch|p2a: Tinkaton|Tinkaton, L82, F|100/100\n|-damage|p2a: Tinkaton|94/100|[from] Stealth Rock\n|-ability|p2a: Tinkaton|Mold Breaker\n|move|p1a: Gardevoir|Moonblast|p2a: Tinkaton\n|-resisted|p2a: Tinkaton\n|-damage|p2a: Tinkaton|75/100\n|-unboost|p2a: Tinkaton|spa|1\n|\n|-heal|p2a: Tinkaton|81/100|[from] item: Leftovers\n|upkeep\n|turn|6\n|inactive|Time left: 300 sec this turn | 300 sec total\n|\n|t:|1783569958\n|move|p1a: Gardevoir|Moonblast|p2a: Tinkaton\n|-resisted|p2a: Tinkaton\n|-damage|p2a: Tinkaton|59/100\n|move|p2a: Tinkaton|Gigaton Hammer|p1a: Gardevoir\n|-supereffective|p1a: Gardevoir\n|-damage|p1a: Gardevoir|0 fnt\n|faint|p1a: Gardevoir\n|\n|-heal|p2a: Tinkaton|65/100|[from] item: Leftovers\n|upkeep\n|inactive|Time left: 300 sec this turn | 300 sec total | 5 sec grace\n|\n|t:|1783569958\n|switch|p1a: Sawsbuck|Sawsbuck-Summer, L88, F|284/284\n|turn|7\n|inactive|Time left: 300 sec this turn | 300 sec total\n|\n|t:|1783569959\n|switch|p2a: Scyther|Scyther, L82, F|100/100\n|move|p1a: Sawsbuck|Swords Dance|p1a: Sawsbuck\n|-boost|p1a: Sawsbuck|atk|2\n|\n|upkeep\n|turn|8\n|inactive|Time left: 300 sec this turn | 300 sec total\n|\n|t:|1783569960\n|switch|p1a: Jolteon|Jolteon, L84, M|246/246\n|move|p2a: Scyther|Dual Wingbeat|p1a: Jolteon\n|-resisted|p1a: Jolteon\n|-damage|p1a: Jolteon|201/246\n|-resisted|p1a: Jolteon\n|-damage|p1a: Jolteon|155/246\n|-hitcount|p1a: Jolteon|2\n|\n|upkeep\n|turn|9\n|inactive|Time left: 300 sec this turn | 300 sec total\n|\n|t:|1783569961\n|switch|p2a: Hydrapple|Hydrapple, L83, F|60/100\n|-damage|p2a: Hydrapple|47/100|[from] Stealth Rock\n|move|p1a: Jolteon|Thunderbolt|p2a: Hydrapple\n|-resisted|p2a: Hydrapple\n|-damage|p2a: Hydrapple|36/100\n|-damage|p1a: Jolteon|131/246|[from] item: Life Orb\n|\n|upkeep\n|turn|10\n|inactive|Time left: 300 sec this turn | 300 sec total\n|\n|t:|1783569962\n|switch|p2a: Tinkaton|Tinkaton, L82, F|65/100\n|-damage|p2a: Tinkaton|59/100|[from] Stealth Rock\n|-ability|p2a: Tinkaton|Mold Breaker\n|move|p1a: Jolteon|Alluring Voice|p2a: Tinkaton\n|-resisted|p2a: Tinkaton\n|-damage|p2a: Tinkaton|47/100\n|-damage|p1a: Jolteon|107/246|[from] item: Life Orb\n|\n|-heal|p2a: Tinkaton|53/100|[from] item: Leftovers\n|upkeep\n|turn|11\n|inactive|Time left: 300 sec this turn | 300 sec total\n|\n|t:|1783569963\n|-terastallize|p1a: Jolteon|Electric\n|move|p1a: Jolteon|Thunderbolt|p2a: Tinkaton\n|-damage|p2a: Tinkaton|0 fnt\n|faint|p2a: Tinkaton\n|-damage|p1a: Jolteon|83/246|[from] item: Life Orb\n|\n|upkeep\n|\n|t:|1783569964\n|switch|p2a: Duraludon|Duraludon, L82, M|100/100\n|-damage|p2a: Duraludon|94/100|[from] Stealth Rock\n|turn|12\n|inactive|Time left: 300 sec this turn | 300 sec total\n|\n|t:|1783569965\n|move|p1a: Jolteon|Thunderbolt|p2a: Duraludon\n|-resisted|p2a: Duraludon\n|-damage|p2a: Duraludon|56/100\n|-damage|p1a: Jolteon|59/246|[from] item: Life Orb\n|move|p2a: Duraludon|Body Press|p1a: Jolteon\n|-damage|p1a: Jolteon|0 fnt\n|faint|p1a: Jolteon\n|\n|upkeep\n|inactive|Time left: 300 sec this turn | 300 sec total | 5 sec grace\n|\n|t:|1783569966\n|switch|p1a: Dugtrio|Dugtrio, L84, F|196/196\n|turn|13\n|inactive|Time left: 300 sec this turn | 300 sec total\n|\n|t:|1783569967\n|move|p1a: Dugtrio|Earthquake|p2a: Duraludon\n|-supereffective|p2a: Duraludon\n|-damage|p2a: Duraludon|0 fnt\n|faint|p2a: Duraludon\n|-damage|p1a: Dugtrio|177/196|[from] item: Life Orb\n|\n|upkeep\n|\n|t:|1783569968\n|switch|p2a: Scyther|Scyther, L82, F|100/100\n|turn|14\n|inactive|Time left: 300 sec this turn | 300 sec total\n|\n|t:|1783569969\n|-terastallize|p2a: Scyther|Fighting\n|move|p1a: Dugtrio|Stone Edge|p2a: Scyther\n|-resisted|p2a: Scyther\n|-damage|p2a: Scyther|81/100\n|-damage|p1a: Dugtrio|158/196|[from] item: Life Orb\n|move|p2a: Scyther|Close Combat|p1a: Dugtrio\n|-damage|p1a: Dugtrio|0 fnt\n|-unboost|p2a: Scyther|def|1\n|-unboost|p2a: Scyther|spd|1\n|faint|p1a: Dugtrio\n|\n|upkeep\n|inactive|Time left: 300 sec this turn | 300 sec total | 5 sec grace\n|\n|t:|1783569969\n|switch|p1a: Sawsbuck|Sawsbuck-Summer, L88, F|284/284\n|turn|15\n|inactive|Time left: 300 sec this turn | 300 sec total\n|\n|t:|1783569970\n|move|p2a: Scyther|Close Combat|p1a: Sawsbuck\n|-supereffective|p1a: Sawsbuck\n|-damage|p1a: Sawsbuck|0 fnt\n|-unboost|p2a: Scyther|def|1\n|-unboost|p2a: Scyther|spd|1\n|faint|p1a: Sawsbuck\n|\n|win|p0y26821774", "uploadtime": 1783569970, "views": 0, "rating": 0, "private": 0, "password": null, "_winner": "p0y26821774", "_our_name": "p0x268268a5"}