{"id": "battle-gen9randombattle-2464", "formatid": "gen9randombattle", "format": "[Gen 9] Random Battle", "players": ["p0x24641166", "p0y24645403"], "log": "|init|battle\n|title|p0x24641166 vs. p0y24645403\n|j|\u2606p0x24641166\n|j|\u2606p0y24645403\n|t:|1783568579\n|gametype|singles\n|player|p1|p0x24641166|266|\n|player|p2|p0y24645403|1|\n|gen|9\n|tier|[Gen 9] Random Battle\n|rule|Species Clause: Limit one of each Pok\u00e9mon\n|rule|HP Percentage Mod: HP is shown in percentages\n|rule|Sleep Clause Mod: Limit one foe put to sleep\n|rule|Illusion Level Mod: Illusion disguises the Pok\u00e9mon's true level\n|\n|t:|1783568579\n|teamsize|p1|6\n|teamsize|p2|6\n|start\n|switch|p1a: Ursaluna|Ursaluna-Bloodmoon, L79, M|100/100\n|switch|p2a: Ninetales|Ninetales-Alola, L78, F|242/242\n|-weather|Snowscape|[from] ability: Snow Warning|[of] p2a: Ninetales\n|turn|1\n|inactive|Battle timer is ON: inactive players will automatically lose when time's up. (requested by p0y24645403)\n|inactive|p0x24641166 also wants the timer to be on.\n|\n|t:|1783568580\n|move|p2a: Ninetales|Aurora Veil|p2a: Ninetales\n|-sidestart|p2: p0y24645403|move: Aurora Veil\n|move|p1a: Ursaluna|Blood Moon|p2a: Ninetales\n|-damage|p2a: Ninetales|157/242\n|\n|-weather|Snowscape|[upkeep]\n|upkeep\n|turn|2\n|inactive|Time left: 300 sec this turn | 300 sec total\n|\n|t:|1783568581\n|move|p2a: Ninetales|Blizzard|p1a: Ursaluna\n|-supereffective|p1a: Ursaluna\n|-crit|p1a: Ursaluna\n|-damage|p1a: Ursaluna|0 fnt\n|faint|p1a: Ursaluna\n|\n|-weather|Snowscape|[upkeep]\n|upkeep\n|\n|t:|1783568582\n|switch|p1a: Chi-Yu|Chi-Yu, L77|100/100\n|-ability|p1a: Chi-Yu|Beads of Ruin\n|turn|3\n|inactive|Time left: 300 sec this turn | 300 sec total\n|\n|t:|1783568583\n|switch|p2a: Qwilfish|Qwilfish, L86, M|252/252\n|-ability|p2a: Qwilfish|Intimidate|boost\n|-unboost|p1a: Chi-Yu|atk|1\n|move|p1a: Chi-Yu|Flamethrower|p2a: Qwilfish\n|-resisted|p2a: Qwilfish\n|-damage|p2a: Qwilfish|177/252\n|\n|-weather|Snowscape|[upkeep]\n|upkeep\n|turn|4\n|inactive|Time left: 300 sec this turn | 300 sec total\n|\n|t:|1783568585\n|move|p1a: Chi-Yu|Flamethrower|p2a: Qwilfish\n|-resisted|p2a: Qwilfish\n|-damage|p2a: Qwilfish|113/252\n|move|p2a: Qwilfish|Flip Turn|p1a: Chi-Yu\n|-supereffective|p1a: Chi-Yu\n|-damage|p1a: Chi-Yu|26/100\n|inactive|Time left: 300 sec this turn | 300 sec total | 5 sec grace\n|\n|t:|1783568586\n|switch|p2a: Zangoose|Zangoose, L85, F|263/263|[from] Flip Turn\n|\n|-weather|Snowscape|[upkeep]\n|-status|p2a: Zangoose|tox|[from] item: Toxic Orb\n|upkeep\n|turn|5\n|inactive|Time left: 300 sec this turn | 300 sec total\n|\n|t:|1783568587\n|switch|p1a: Skarmory|Skarmory, L80, F|100/100\n|move|p2a: Zangoose|Knock Off|p1a: Skarmory\n|-damage|p1a: Skarmory|61/100\n|-damage|p2a: Zangoose|220/263 tox|[from] item: Rocky Helmet|[of] p1a: Skarmory\n|-enditem|p1a: Skarmory|Rocky Helmet|[from] move: Knock Off|[of] p2a: Zangoose\n|\n|-weather|none\n|-damage|p2a: Zangoose|204/263 tox|[from] psn\n|upkeep\n|turn|6\n|inactive|Time left: 300 sec this turn | 300 sec total\n|\n|t:|1783568588\n|move|p2a: Zangoose|Facade|p1a: Skarmory\n|-resisted|p1a: Skarmory\n|-damage|p1a: Skarmory|24/100\n|move|p1a: Skarmory|Roost|p1a: Skarmory\n|-heal|p1a: Skarmory|74/100\n|-singleturn|p1a: Skarmory|move: Roost\n|\n|-damage|p2a: Zangoose|172/263 tox|[from] psn\n|upkeep\n|turn|7\n|inactive|Time left: 300 sec this turn | 300 sec total\n|\n|t:|1783568589\n|switch|p2a: Ninetales|Ninetales-Alola, L78, F|157/242\n|-weather|Snowscape|[from] ability: Snow Warning|[of] p2a: Ninetales\n|move|p1a: Skarmory|Stealth Rock|p2a: Ninetales\n|-sidestart|p2: p0y24645403|move: Stealth Rock\n|\n|-weather|Snowscape|[upkeep]\n|upkeep\n|turn|8\n|inactive|Time left: 300 sec this turn | 300 sec total\n|\n|t:|1783568590\n|move|p2a: Ninetales|Moonblast|p1a: Skarmory\n|-resisted|p1a: Skarmory\n|-damage|p1a: Skarmory|55/100\n|move|p1a: Skarmory|Roost|p1a: Skarmory\n|-heal|p1a: Skarmory|100/100\n|-singleturn|p1a: Skarmory|move: Roost\n|\n|-weather|Snowscape|[upkeep]\n|-sideend|p2: p0y24645403|move: Aurora Veil\n|upkeep\n|turn|9\n|inactive|Time left: 300 sec this turn | 300 sec total\n|\n|t:|1783568591\n|switch|p1a: Minior|Minior-Green, L79|100/100\n|-formechange|p1a: Minior|Minior-Meteor||[from] ability: Shields Down\n|move|p2a: Ninetales|Aurora Veil|p2a: Ninetales\n|-sidestart|p2: p0y24645403|move: Aurora Veil\n|\n|-weather|Snowscape|[upkeep]\n|upkeep\n|turn|10\n|inactive|Time left: 300 sec this turn | 300 sec total\n|\n|t:|1783568592\n|move|p2a: Ninetales|Blizzard|p1a: Minior\n|-supereffective|p1a: Minior\n|-damage|p1a: Minior|25/100\n|move|p1a: Minior|Shell Smash|p1a: Minior\n|-unboost|p1a: Minior|def|1\n|-unboost|p1a: Minior|spd|1\n|-boost|p1a: Minior|atk|2\n|-boost|p1a: Minior|spa|2\n|-boost|p1a: Minior|spe|2\n|-enditem|p1a: Minior|White Herb\n|-clearnegativeboost|p1a: Minior|[silent]\n|\n|-weather|Snowscape|[upkeep]\n|-formechange|p1a: Minior|Minior-Green||[from] ability: Shields Down\n|upkeep\n|turn|11\n|inactive|Time left: 300 sec this turn | 300 sec total\n|\n|t:|1783568593\n|move|p1a: Minior|Power Gem|p2a: Ninetales\n|-supereffective|p2a: Ninetales\n|-damage|p2a: Ninetales|15/242\n|move|p2a: Ninetales|Moonblast|p1a: Minior\n|-damage|p1a: Minior|0 fnt\n|faint|p1a: Minior\n|\n|-weather|none\n|upkeep\n|\n|t:|1783568593\n|switch|p1a: Electrode|Electrode-Hisui, L87|100/100\n|turn|12\n|inactive|Time left: 300 sec this turn | 300 sec total\n|\n|t:|1783568594\n|switch|p2a: Registeel|Registeel, L81|262/262\n|-damage|p2a: Registeel|246/262|[from] Stealth Rock\n|move|p1a: Electrode|Thunderbolt|p2a: Registeel\n|-damage|p2a: Registeel|213/262\n|\n|-heal|p2a: Registeel|229/262|[from] item: Leftovers\n|upkeep\n|turn|13\n|inactive|Time left: 300 sec this turn | 300 sec total\n|\n|t:|1783568595\n|move|p1a: Electrode|Leech Seed|p2a: Registeel\n|-start|p2a: Registeel|move: Leech Seed\n|move|p2a: Registeel|Stealth Rock|p1a: Electrode\n|-sidestart|p1: p0x24641166|move: Stealth Rock\n|\n|-heal|p2a: Registeel|245/262|[from] item: Leftovers\n|-damage|p2a: Registeel|213/262|[from] Leech Seed|[of] p1a: Electrode\n|upkeep\n|turn|14\n|inactive|Time left: 300 sec this turn | 300 sec total\n|\n|t:|1783568596\n|switch|p2a: Brambleghast|Brambleghast, L88, M|240/240\n|-damage|p2a: Brambleghast|210/240|[from] Stealth Rock\n|move|p1a: Electrode|Thunderbolt|p2a: Brambleghast\n|-resisted|p2a: Brambleghast\n|-crit|p2a: Brambleghast\n|-damage|p2a: Brambleghast|135/240\n|\n|-heal|p2a: Brambleghast|150/240|[from] item: Leftovers\n|upkeep\n|turn|15\n|inactive|Time left: 300 sec this turn | 300 sec total\n|\n|t:|1783568597\n|move|p1a: Electrode|Substitute|p1a: Electrode\n|-start|p1a: Electrode|Substitute\n|-damage|p1a: Electrode|76/100\n|move|p2a: Brambleghast|Strength Sap||[still]\n|-fail|p2a: Brambleghast\n|\n|-heal|p1a: Electrode|82/100|[from] item: Leftovers\n|-heal|p2a: Brambleghast|165/240|[from] item: Leftovers\n|upkeep\n|turn|16\n|inactive|Time left: 300 sec this turn | 300 sec total\n|\n|t:|1783568598\n|move|p1a: Electrode|Giga Drain|p2a: Brambleghast\n|-resisted|p2a: Brambleghast\n|-damage|p2a: Brambleghast|146/240\n|-heal|p1a: Electrode|86/100|[from] drain|[of] p2a: Brambleghast\n|move|p2a: Brambleghast|Poltergeist|p1a: Electrode|[miss]\n|-miss|p2a: Brambleghast|p1a: Electrode\n|\n|-heal|p1a: Electrode|92/100|[from] item: Leftovers\n|-heal|p2a: Brambleghast|161/240|[from] item: Leftovers\n|-sideend|p2: p0y24645403|move: Aurora Veil\n|upkeep\n|turn|17\n|inactive|Time left: 300 sec this turn | 300 sec total\n|\n|t:|1783568599\n|move|p1a: Electrode|Thunderbolt|p2a: Brambleghast\n|-resisted|p2a: Brambleghast\n|-damage|p2a: Brambleghast|113/240\n|move|p2a: Brambleghast|Power Whip|p1a: Electrode|[miss]\n|-miss|p2a: Brambleghast|p1a: Electrode\n|\n|-heal|p1a: Electrode|98/100|[from] item: Leftovers\n|-heal|p2a: Brambleghast|128/240|[from] item: Leftovers\n|upkeep\n|turn|18\n|inactive|Time left: 300 sec this turn | 300 sec total\n|\n|t:|1783568600\n|move|p1a: Electrode|Thunderbolt|p2a: Brambleghast\n|-resisted|p2a: Brambleghast\n|-damage|p2a: Brambleghast|76/240\n|move|p2a: Brambleghast|Strength Sap||[still]\n|-fail|p2a: Brambleghast\n|\n|-heal|p1a: Electrode|100/100|[from] item: Leftovers\n|-heal|p2a: Brambleghast|91/240|[from] item: Leftovers\n|upkeep\n|turn|19\n|inactive|Time left: 300 sec this turn | 300 sec total\n|\n|t:|1783568601\n|move|p1a: Electrode|Thunderbolt|p2a: Brambleghast\n|-resisted|p2a: Brambleghast\n|-damage|p2a: Brambleghast|37/240\n|move|p2a: Brambleghast|Strength Sap||[still]\n|-fail|p2a: Brambleghast\n|\n|-heal|p2a: Brambleghast|52/240|[from] item: Leftovers\n|upkeep\n|turn|20\n|inactive|Time left: 300 sec this turn | 300 sec total\n|\n|t:|1783568602\n|move|p1a: Electrode|Thunderbolt|p2a: Brambleghast\n|-resisted|p2a: Brambleghast\n|-damage|p2a: Brambleghast|5/240\n|move|p2a: Brambleghast|Strength Sap||[still]\n|-fail|p2a: Brambleghast\n|\n|-heal|p2a: Brambleghast|20/240|[from] item: Leftovers\n|upkeep\n|turn|21\n|inactive|Time left: 300 sec this turn | 300 sec total\n|\n|t:|1783568603\n|switch|p2a: Registeel|Registeel, L81|213/262\n|-damage|p2a: Registeel|197/262|[from] Stealth Rock\n|move|p1a: Electrode|Thunderbolt|p2a: Registeel\n|-damage|p2a: Registeel|134/262\n|\n|-heal|p2a: Registeel|150/262|[from] item: Leftovers\n|upkeep\n|turn|22\n|inactive|Time left: 300 sec this turn | 300 sec total\n|\n|t:|1783568604\n|move|p1a: Electrode|Leech Seed|p2a: Registeel\n|-start|p2a: Registeel|move: Leech Seed\n|move|p2a: Registeel|Body Press|p1a: Electrode\n|-end|p1a: Electrode|Substitute\n|\n|-heal|p2a: Registeel|166/262|[from] item: Leftovers\n|-damage|p2a: Registeel|134/262|[from] Leech Seed|[of] p1a: Electrode\n|upkeep\n|turn|23\n|inactive|Time left: 300 sec this turn | 300 sec total\n|\n|t:|1783568605\n|move|p1a: Electrode|Thunderbolt|p2a: Registeel\n|-damage|p2a: Registeel|70/262\n|move|p2a: Registeel|Body Press|p1a: Electrode\n|-damage|p1a: Electrode|66/100\n|\n|-heal|p1a: Electrode|72/100|[from] item: Leftovers\n|-heal|p2a: Registeel|86/262|[from] item: Leftovers\n|-damage|p2a: Registeel|54/262|[from] Leech Seed|[of] p1a: Electrode\n|-heal|p1a: Electrode|85/100|[silent]\n|upkeep\n|turn|24\n|inactive|Time left: 300 sec this turn | 300 sec total\n|\n|t:|1783568607\n|switch|p2a: Qwilfish|Qwilfish, L86, M|113/252\n|-ability|p2a: Qwilfish|Intimidate|boost\n|-unboost|p1a: Electrode|atk|1\n|move|p1a: Electrode|Thunderbolt|p2a: Qwilfish\n|-supereffective|p2a: Qwilfish\n|-damage|p2a: Qwilfish|0 fnt\n|faint|p2a: Qwilfish\n|\n|-heal|p1a: Electrode|92/100|[from] item: Leftovers\n|upkeep\n|inactive|Time left: 300 sec this turn | 300 sec total | 5 sec grace\n|\n|t:|1783568608\n|switch|p2a: Zangoose|Zangoose, L85, F|172/263 tox\n|-damage|p2a: Zangoose|140/263 tox|[from] Stealth Rock\n|turn|25\n|inactive|Time left: 300 sec this turn | 300 sec total\n|\n|t:|1783568609\n|move|p1a: Electrode|Substitute|p1a: Electrode\n|-start|p1a: Electrode|Substitute\n|-damage|p1a: Electrode|67/100\n|move|p2a: Zangoose|Facade|p1a: Electrode\n|-end|p1a: Electrode|Substitute\n|\n|-heal|p1a: Electrode|73/100|[from] item: Leftovers\n|-damage|p2a: Zangoose|124/263 tox|[from] psn\n|upkeep\n|turn|26\n|inactive|Time left: 300 sec this turn | 300 sec total\n|\n|t:|1783568610\n|move|p1a: Electrode|Thunderbolt|p2a: Zangoose\n|-damage|p2a: Zangoose|15/263 tox\n|move|p2a: Zangoose|Facade|p1a: Electrode\n|-damage|p1a: Electrode|0 fnt\n|faint|p1a: Electrode\n|\n|-damage|p2a: Zangoose|0 fnt|[from] psn\n|faint|p2a: Zangoose\n|upkeep\n|inactive|Time left: 300 sec this turn | 300 sec total | 5 sec grace\n|\n|t:|1783568611\n|switch|p1a: Chi-Yu|Chi-Yu, L77|26/100\n|switch|p2a: Regirock|Regirock, L83|268/268\n|-damage|p1a: Chi-Yu|1/100|[from] Stealth Rock\n|-ability|p1a: Chi-Yu|Beads of Ruin\n|-damage|p2a: Regirock|235/268|[from] Stealth Rock\n|turn|27\n|inactive|Time left: 300 sec this turn | 300 sec total\n|\n|t:|1783568612\n|move|p1a: Chi-Yu|Dark Pulse|p2a: Regirock\n|-damage|p2a: Regirock|64/268\n|move|p2a: Regirock|Stone Edge|p1a: Chi-Yu|[miss]\n|-miss|p2a: Regirock|p1a: Chi-Yu\n|\n|-heal|p2a: Regirock|80/268|[from] item: Leftovers\n|upkeep\n|turn|28\n|inactive|Time left: 300 sec this turn | 300 sec total\n|\n|t:|1783568613\n|switch|p2a: Ninetales|Ninetales-Alola, L78, F|15/242\n|-damage|p2a: Ninetales|0 fnt|[from] Stealth Rock\n|faint|p2a: Ninetales\n|move|p1a: Chi-Yu|Dark Pulse|p2: Ninetales|[notarget]\n|-fail|p1a: Chi-Yu\n|\n|upkeep\n|inactive|Time left: 300 sec this turn | 300 sec total | 5 sec grace\n|\n|t:|1783568614\n|switch|p2a: Regirock|Regirock, L83|80/268\n|-damage|p2a: Regirock|47/268|[from] Stealth Rock\n|turn|29\n|inactive|Time left: 300 sec this turn | 300 sec total\n|\n|t:|1783568615\n|switch|p2a: Brambleghast|Brambleghast, L88, M|20/240\n|-damage|p2a: Brambleghast|0 fnt|[from] Stealth Rock\n|faint|p2a: Brambleghast\n|move|p1a: Chi-Yu|Dark Pulse|p2: Brambleghast|[notarget]\n|-fail|p1a: Chi-Yu\n|\n|upkeep\n|inactive|Time left: 300 sec this turn | 300 sec total | 5 sec grace\n|\n|t:|1783568616\n|switch|p2a: Registeel|Registeel, L81|54/262\n|-damage|p2a: Registeel|38/262|[from] Stealth Rock\n|turn|30\n|inactive|Time left: 300 sec this turn | 300 sec total\n|\n|t:|1783568617\n|move|p1a: Chi-Yu|Dark Pulse|p2a: Registeel\n|-damage|p2a: Registeel|0 fnt\n|faint|p2a: Registeel\n|\n|upkeep\n|inactive|Time left: 300 sec this turn | 300 sec total | 5 sec grace\n|\n|t:|1783568617\n|switch|p2a: Regirock|Regirock, L83|47/268\n|-damage|p2a: Regirock|14/268|[from] Stealth Rock\n|turn|31\n|inactive|Time left: 300 sec this turn | 300 sec total\n|\n|t:|1783568618\n|-terastallize|p1a: Chi-Yu|Fire\n|move|p1a: Chi-Yu|Dark Pulse|p2a: Regirock\n|-damage|p2a: Regirock|0 fnt\n|faint|p2a: Regirock\n|\n|win|p0x24641166", "uploadtime": 1783568618, "views": 0, "rating": 0, "private": 0, "password": null, "_winner": "p0x24641166", "_our_name": "p0y24645403"}