{"id": "battle-gen9randombattle-2960", "formatid": "gen9randombattle", "format": "[Gen 9] Random Battle", "players": ["p0x29605d9b", "p0y2960f613"], "log": "|init|battle\n|title|p0x29605d9b vs. p0y2960f613\n|j|\u2606p0x29605d9b\n|j|\u2606p0y2960f613\n|t:|1783574072\n|gametype|singles\n|player|p1|p0x29605d9b|2|\n|player|p2|p0y2960f613|1|\n|gen|9\n|tier|[Gen 9] Random Battle\n|rule|Species Clause: Limit one of each Pok\u00e9mon\n|rule|HP Percentage Mod: HP is shown in percentages\n|rule|Sleep Clause Mod: Limit one foe put to sleep\n|rule|Illusion Level Mod: Illusion disguises the Pok\u00e9mon's true level\n|\n|t:|1783574072\n|teamsize|p1|6\n|teamsize|p2|6\n|start\n|switch|p1a: Perrserker|Perrserker, L89, M|269/269\n|switch|p2a: Swalot|Swalot, L90, F|100/100\n|turn|1\n|inactive|Battle timer is ON: inactive players will automatically lose when time's up. (requested by p0x29605d9b)\n|inactive|p0y2960f613 also wants the timer to be on.\n|\n|t:|1783574073\n|move|p2a: Swalot|Swords Dance|p2a: Swalot\n|-boost|p2a: Swalot|atk|2\n|move|p1a: Perrserker|Stealth Rock|p2a: Swalot\n|-sidestart|p2: p0y2960f613|move: Stealth Rock\n|\n|upkeep\n|turn|2\n|inactive|Time left: 300 sec this turn | 300 sec total\n|\n|t:|1783574075\n|switch|p1a: Avalugg|Avalugg-Hisui, L90, M|317/317\n|move|p2a: Swalot|Earthquake|p1a: Avalugg\n|-supereffective|p1a: Avalugg\n|-damage|p1a: Avalugg|189/317\n|\n|upkeep\n|turn|3\n|inactive|Time left: 300 sec this turn | 300 sec total\n|\n|t:|1783574076\n|move|p2a: Swalot|Earthquake|p1a: Avalugg\n|-supereffective|p1a: Avalugg\n|-damage|p1a: Avalugg|41/317\n|move|p1a: Avalugg|Recover|p1a: Avalugg\n|-heal|p1a: Avalugg|200/317\n|\n|upkeep\n|turn|4\n|inactive|Time left: 300 sec this turn | 300 sec total\n|\n|t:|1783574077\n|move|p2a: Swalot|Earthquake|p1a: Avalugg\n|-supereffective|p1a: Avalugg\n|-damage|p1a: Avalugg|52/317\n|move|p1a: Avalugg|Avalanche|p2a: Swalot\n|-damage|p2a: Swalot|44/100\n|\n|-heal|p2a: Swalot|50/100|[from] item: Leftovers\n|upkeep\n|turn|5\n|inactive|Time left: 300 sec this turn | 300 sec total\n|\n|t:|1783574078\n|move|p2a: Swalot|Knock Off|p1a: Avalugg\n|-damage|p1a: Avalugg|0 fnt\n|-enditem|p1a: Avalugg|Heavy-Duty Boots|[from] move: Knock Off|[of] p2a: Swalot\n|faint|p1a: Avalugg\n|\n|-heal|p2a: Swalot|57/100|[from] item: Leftovers\n|upkeep\n|inactive|Time left: 300 sec this turn | 300 sec total | 5 sec grace\n|\n|t:|1783574079\n|switch|p1a: Latios|Latios, L78, M|253/253\n|turn|6\n|inactive|Time left: 300 sec this turn | 300 sec total\n|\n|t:|1783574079\n|-terastallize|p1a: Latios|Dragon\n|-terastallize|p2a: Swalot|Dark\n|move|p1a: Latios|Draco Meteor|p2a: Swalot\n|-damage|p2a: Swalot|0 fnt\n|-unboost|p1a: Latios|spa|2\n|faint|p2a: Swalot\n|\n|upkeep\n|\n|t:|1783574080\n|switch|p2a: Leavanny|Leavanny, L86, M|100/100\n|-damage|p2a: Leavanny|76/100|[from] Stealth Rock\n|turn|7\n|inactive|Time left: 300 sec this turn | 300 sec total\n|\n|t:|1783574081\n|switch|p1a: Perrserker|Perrserker, L89, M|269/269\n|move|p2a: Leavanny|Sticky Web|p1a: Perrserker\n|-sidestart|p1: p0x29605d9b|move: Sticky Web\n|\n|upkeep\n|turn|8\n|inactive|Time left: 300 sec this turn | 300 sec total\n|\n|t:|1783574082\n|move|p2a: Leavanny|Knock Off|p1a: Perrserker\n|-crit|p1a: Perrserker\n|-damage|p1a: Perrserker|177/269\n|-enditem|p1a: Perrserker|Life Orb|[from] move: Knock Off|[of] p2a: Leavanny\n|move|p1a: Perrserker|Iron Head|p2a: Leavanny\n|-damage|p2a: Leavanny|22/100\n|\n|upkeep\n|turn|9\n|inactive|Time left: 300 sec this turn | 300 sec total\n|\n|t:|1783574083\n|move|p2a: Leavanny|Bullet Seed|p1a: Perrserker\n|-resisted|p1a: Perrserker\n|-damage|p1a: Perrserker|164/269\n|-resisted|p1a: Perrserker\n|-damage|p1a: Perrserker|151/269\n|-resisted|p1a: Perrserker\n|-damage|p1a: Perrserker|139/269\n|-resisted|p1a: Perrserker\n|-damage|p1a: Perrserker|125/269\n|-resisted|p1a: Perrserker\n|-damage|p1a: Perrserker|113/269\n|-hitcount|p1a: Perrserker|5\n|move|p1a: Perrserker|Iron Head|p2a: Leavanny\n|-damage|p2a: Leavanny|0 fnt\n|faint|p2a: Leavanny\n|\n|upkeep\n|\n|t:|1783574084\n|switch|p2a: Arboliva|Arboliva, L91, M|100/100\n|-damage|p2a: Arboliva|88/100|[from] Stealth Rock\n|turn|10\n|inactive|Time left: 300 sec this turn | 300 sec total\n|\n|t:|1783574085\n|move|p1a: Perrserker|Close Combat|p2a: Arboliva\n|-supereffective|p2a: Arboliva\n|-damage|p2a: Arboliva|0 fnt\n|-unboost|p1a: Perrserker|def|1\n|-unboost|p1a: Perrserker|spd|1\n|-fieldstart|move: Grassy Terrain|[from] ability: Seed Sower|[of] p2a: Arboliva\n|faint|p2a: Arboliva\n|\n|-heal|p1a: Perrserker|129/269|[from] Grassy Terrain\n|upkeep\n|\n|t:|1783574086\n|switch|p2a: Umbreon|Umbreon, L84, F|100/100\n|-damage|p2a: Umbreon|88/100|[from] Stealth Rock\n|turn|11\n|inactive|Time left: 300 sec this turn | 300 sec total\n|\n|t:|1783574087\n|switch|p1a: Quaquaval|Quaquaval, L79, M|264/264\n|-activate|p1a: Quaquaval|move: Sticky Web\n|-unboost|p1a: Quaquaval|spe|1\n|move|p2a: Umbreon|Foul Play|p1a: Quaquaval\n|-resisted|p1a: Quaquaval\n|-damage|p1a: Quaquaval|195/264\n|\n|-heal|p2a: Umbreon|94/100|[from] Grassy Terrain\n|-heal|p2a: Umbreon|99/100|[from] item: Leftovers\n|-heal|p1a: Quaquaval|211/264|[from] Grassy Terrain\n|upkeep\n|turn|12\n|inactive|Time left: 300 sec this turn | 300 sec total\n|\n|t:|1783574087\n|move|p2a: Umbreon|Protect|p2a: Umbreon\n|-singleturn|p2a: Umbreon|Protect\n|move|p1a: Quaquaval|Close Combat|p2a: Umbreon\n|-activate|p2a: Umbreon|move: Protect\n|\n|-heal|p2a: Umbreon|100/100|[from] Grassy Terrain\n|-heal|p1a: Quaquaval|227/264|[from] Grassy Terrain\n|upkeep\n|turn|13\n|inactive|Time left: 300 sec this turn | 300 sec total\n|\n|t:|1783574088\n|switch|p2a: Jirachi|Jirachi, L80|100/100\n|-damage|p2a: Jirachi|94/100|[from] Stealth Rock\n|move|p1a: Quaquaval|Close Combat|p2a: Jirachi\n|-damage|p2a: Jirachi|41/100\n|-unboost|p1a: Quaquaval|def|1\n|-unboost|p1a: Quaquaval|spd|1\n|-damage|p1a: Quaquaval|201/264|[from] item: Life Orb\n|\n|-heal|p2a: Jirachi|47/100|[from] Grassy Terrain\n|-heal|p1a: Quaquaval|217/264|[from] Grassy Terrain\n|upkeep\n|turn|14\n|inactive|Time left: 300 sec this turn | 300 sec total\n|\n|t:|1783574090\n|switch|p1a: Trevenant|Trevenant, L89, F|296/296\n|-activate|p1a: Trevenant|move: Sticky Web\n|-unboost|p1a: Trevenant|spe|1\n|move|p2a: Jirachi|Psychic|p1a: Trevenant\n|-damage|p1a: Trevenant|208/296\n|-unboost|p1a: Trevenant|spd|1\n|\n|-heal|p2a: Jirachi|53/100|[from] Grassy Terrain\n|-heal|p1a: Trevenant|226/296|[from] Grassy Terrain\n|-fieldend|move: Grassy Terrain\n|upkeep\n|turn|15\n|inactive|Time left: 300 sec this turn | 300 sec total\n|\n|t:|1783574091\n|move|p2a: Jirachi|Psychic|p1a: Trevenant\n|-damage|p1a: Trevenant|93/296\n|move|p1a: Trevenant|Poltergeist|p2a: Jirachi\n|-activate|p2a: Jirachi|move: Poltergeist|Choice Scarf\n|-supereffective|p2a: Jirachi\n|-damage|p2a: Jirachi|0 fnt\n|faint|p2a: Jirachi\n|-damage|p1a: Trevenant|64/296|[from] item: Life Orb\n|\n|upkeep\n|\n|t:|1783574091\n|switch|p2a: Dudunsparce|Dudunsparce-Three-Segment, L83, M|100/100\n|-damage|p2a: Dudunsparce|88/100|[from] Stealth Rock\n|turn|16\n|inactive|Time left: 300 sec this turn | 300 sec total\n|\n|t:|1783574092\n|move|p2a: Dudunsparce|Shadow Ball|p1a: Trevenant\n|-supereffective|p1a: Trevenant\n|-damage|p1a: Trevenant|0 fnt\n|faint|p1a: Trevenant\n|\n|-heal|p2a: Dudunsparce|94/100|[from] item: Leftovers\n|upkeep\n|inactive|Time left: 300 sec this turn | 300 sec total | 5 sec grace\n|\n|t:|1783574093\n|switch|p1a: Quaquaval|Quaquaval, L79, M|217/264\n|-activate|p1a: Quaquaval|move: Sticky Web\n|-unboost|p1a: Quaquaval|spe|1\n|turn|17\n|inactive|Time left: 300 sec this turn | 300 sec total\n|\n|t:|1783574094\n|move|p2a: Dudunsparce|Boomburst|p1a: Quaquaval\n|-damage|p1a: Quaquaval|73/264\n|move|p1a: Quaquaval|Close Combat|p2a: Dudunsparce\n|-supereffective|p2a: Dudunsparce\n|-damage|p2a: Dudunsparce|0 fnt\n|-unboost|p1a: Quaquaval|def|1\n|-unboost|p1a: Quaquaval|spd|1\n|faint|p2a: Dudunsparce\n|-ability|p1a: Quaquaval|Moxie|boost\n|-boost|p1a: Quaquaval|atk|1\n|-damage|p1a: Quaquaval|47/264|[from] item: Life Orb\n|\n|upkeep\n|\n|t:|1783574095\n|switch|p2a: Umbreon|Umbreon, L84, F|100/100\n|-damage|p2a: Umbreon|88/100|[from] Stealth Rock\n|turn|18\n|inactive|Time left: 300 sec this turn | 300 sec total\n|\n|t:|1783574096\n|move|p2a: Umbreon|Foul Play|p1a: Quaquaval\n|-resisted|p1a: Quaquaval\n|-damage|p1a: Quaquaval|0 fnt\n|faint|p1a: Quaquaval\n|\n|-heal|p2a: Umbreon|94/100|[from] item: Leftovers\n|upkeep\n|inactive|Time left: 300 sec this turn | 300 sec total | 5 sec grace\n|\n|t:|1783574097\n|switch|p1a: Iron Hands|Iron Hands, L79|373/373\n|-activate|p1a: Iron Hands|move: Sticky Web\n|-unboost|p1a: Iron Hands|spe|1\n|turn|19\n|inactive|Time left: 300 sec this turn | 300 sec total\n|\n|t:|1783574098\n|move|p2a: Umbreon|Protect|p2a: Umbreon\n|-singleturn|p2a: Umbreon|Protect\n|move|p1a: Iron Hands|Drain Punch|p2a: Umbreon\n|-activate|p2a: Umbreon|move: Protect\n|\n|-heal|p2a: Umbreon|99/100|[from] item: Leftovers\n|upkeep\n|turn|20\n|inactive|Time left: 300 sec this turn | 300 sec total\n|\n|t:|1783574099\n|move|p2a: Umbreon|Wish|p2a: Umbreon\n|move|p1a: Iron Hands|Drain Punch|p2a: Umbreon\n|-supereffective|p2a: Umbreon\n|-damage|p2a: Umbreon|51/100\n|\n|-heal|p2a: Umbreon|57/100|[from] item: Leftovers\n|upkeep\n|turn|21\n|inactive|Time left: 300 sec this turn | 300 sec total\n|\n|t:|1783574100\n|move|p2a: Umbreon|Protect|p2a: Umbreon\n|-singleturn|p2a: Umbreon|Protect\n|move|p1a: Iron Hands|Drain Punch|p2a: Umbreon\n|-activate|p2a: Umbreon|move: Protect\n|\n|-heal|p2a: Umbreon|100/100|[from] move: Wish|[wisher] Umbreon\n|upkeep\n|turn|22\n|inactive|Time left: 300 sec this turn | 300 sec total\n|\n|t:|1783574101\n|move|p2a: Umbreon|Wish|p2a: Umbreon\n|move|p1a: Iron Hands|Drain Punch|p2a: Umbreon\n|-supereffective|p2a: Umbreon\n|-damage|p2a: Umbreon|45/100\n|\n|-heal|p2a: Umbreon|51/100|[from] item: Leftovers\n|upkeep\n|turn|23\n|inactive|Time left: 300 sec this turn | 300 sec total\n|\n|t:|1783574102\n|move|p2a: Umbreon|Protect|p2a: Umbreon\n|-singleturn|p2a: Umbreon|Protect\n|move|p1a: Iron Hands|Drain Punch|p2a: Umbreon\n|-activate|p2a: Umbreon|move: Protect\n|\n|-heal|p2a: Umbreon|100/100|[from] move: Wish|[wisher] Umbreon\n|upkeep\n|turn|24\n|inactive|Time left: 300 sec this turn | 300 sec total\n|\n|t:|1783574103\n|move|p2a: Umbreon|Wish|p2a: Umbreon\n|move|p1a: Iron Hands|Drain Punch|p2a: Umbreon\n|-supereffective|p2a: Umbreon\n|-damage|p2a: Umbreon|45/100\n|\n|-heal|p2a: Umbreon|51/100|[from] item: Leftovers\n|upkeep\n|turn|25\n|inactive|Time left: 300 sec this turn | 300 sec total\n|\n|t:|1783574104\n|move|p2a: Umbreon|Protect|p2a: Umbreon\n|-singleturn|p2a: Umbreon|Protect\n|move|p1a: Iron Hands|Drain Punch|p2a: Umbreon\n|-activate|p2a: Umbreon|move: Protect\n|\n|-heal|p2a: Umbreon|100/100|[from] move: Wish|[wisher] Umbreon\n|upkeep\n|turn|26\n|inactive|Time left: 300 sec this turn | 300 sec total\n|\n|t:|1783574105\n|move|p2a: Umbreon|Wish|p2a: Umbreon\n|move|p1a: Iron Hands|Drain Punch|p2a: Umbreon\n|-supereffective|p2a: Umbreon\n|-damage|p2a: Umbreon|51/100\n|\n|-heal|p2a: Umbreon|57/100|[from] item: Leftovers\n|upkeep\n|turn|27\n|inactive|Time left: 300 sec this turn | 300 sec total\n|\n|t:|1783574106\n|move|p2a: Umbreon|Protect|p2a: Umbreon\n|-singleturn|p2a: Umbreon|Protect\n|move|p1a: Iron Hands|Drain Punch|p2a: Umbreon\n|-activate|p2a: Umbreon|move: Protect\n|\n|-heal|p2a: Umbreon|100/100|[from] move: Wish|[wisher] Umbreon\n|upkeep\n|turn|28\n|inactive|Time left: 300 sec this turn | 300 sec total\n|\n|t:|1783574107\n|move|p2a: Umbreon|Toxic|p1a: Iron Hands\n|-status|p1a: Iron Hands|tox\n|move|p1a: Iron Hands|Drain Punch|p2a: Umbreon\n|-supereffective|p2a: Umbreon\n|-damage|p2a: Umbreon|45/100\n|\n|-heal|p2a: Umbreon|51/100|[from] item: Leftovers\n|-damage|p1a: Iron Hands|350/373 tox|[from] psn\n|upkeep\n|turn|29\n|inactive|Time left: 300 sec this turn | 300 sec total\n|\n|t:|1783574108\n|move|p2a: Umbreon|Protect|p2a: Umbreon\n|-singleturn|p2a: Umbreon|Protect\n|move|p1a: Iron Hands|Drain Punch|p2a: Umbreon\n|-activate|p2a: Umbreon|move: Protect\n|\n|-heal|p2a: Umbreon|57/100|[from] item: Leftovers\n|-damage|p1a: Iron Hands|304/373 tox|[from] psn\n|upkeep\n|turn|30\n|inactive|Time left: 300 sec this turn | 300 sec total\n|\n|t:|1783574109\n|move|p2a: Umbreon|Wish|p2a: Umbreon\n|move|p1a: Iron Hands|Drain Punch|p2a: Umbreon\n|-supereffective|p2a: Umbreon\n|-damage|p2a: Umbreon|0 fnt\n|-heal|p1a: Iron Hands|373/373 tox|[from] drain|[of] p2a: Umbreon\n|faint|p2a: Umbreon\n|\n|win|p0x29605d9b", "uploadtime": 1783574109, "views": 0, "rating": 0, "private": 0, "password": null, "_winner": "p0x29605d9b", "_our_name": "p0x29605d9b"}