{"id": "battle-gen9randombattle-2380", "formatid": "gen9randombattle", "format": "[Gen 9] Random Battle", "players": ["p0x238036cf", "p0y2380c703"], "log": "|init|battle\n|title|p0x238036cf vs. p0y2380c703\n|j|\u2606p0x238036cf\n|j|\u2606p0y2380c703\n|t:|1783567644\n|gametype|singles\n|player|p1|p0x238036cf|265|\n|player|p2|p0y2380c703|2|\n|gen|9\n|tier|[Gen 9] Random Battle\n|rule|Species Clause: Limit one of each Pok\u00e9mon\n|rule|HP Percentage Mod: HP is shown in percentages\n|rule|Sleep Clause Mod: Limit one foe put to sleep\n|rule|Illusion Level Mod: Illusion disguises the Pok\u00e9mon's true level\n|\n|t:|1783567644\n|teamsize|p1|6\n|teamsize|p2|6\n|start\n|switch|p1a: Altaria|Altaria, L89, F|100/100\n|switch|p2a: Slaking|Slaking, L84, M|389/389\n|turn|1\n|inactive|Battle timer is ON: inactive players will automatically lose when time's up. (requested by p0y2380c703)\n|inactive|p0x238036cf also wants the timer to be on.\n|\n|t:|1783567645\n|move|p2a: Slaking|Giga Impact|p1a: Altaria|[miss]\n|-miss|p2a: Slaking|p1a: Altaria\n|move|p1a: Altaria|Dragon Dance|p1a: Altaria\n|-boost|p1a: Altaria|atk|1\n|-boost|p1a: Altaria|spe|1\n|\n|upkeep\n|turn|2\n|inactive|Time left: 300 sec this turn | 300 sec total\n|\n|t:|1783567646\n|move|p1a: Altaria|Dragon Dance|p1a: Altaria\n|-boost|p1a: Altaria|atk|1\n|-boost|p1a: Altaria|spe|1\n|cant|p2a: Slaking|ability: Truant\n|\n|upkeep\n|turn|3\n|inactive|Time left: 300 sec this turn | 300 sec total\n|\n|t:|1783567647\n|-terastallize|p1a: Altaria|Steel\n|move|p1a: Altaria|Brave Bird|p2a: Slaking\n|-damage|p2a: Slaking|176/389\n|-damage|p1a: Altaria|75/100|[from] Recoil\n|move|p2a: Slaking|Giga Impact|p1a: Altaria|[miss]\n|-miss|p2a: Slaking|p1a: Altaria\n|\n|upkeep\n|turn|4\n|inactive|Time left: 300 sec this turn | 300 sec total\n|\n|t:|1783567648\n|switch|p2a: Skeledirge|Skeledirge, L79, M|294/294\n|move|p1a: Altaria|Brave Bird|p2a: Skeledirge\n|-damage|p2a: Skeledirge|192/294\n|-damage|p1a: Altaria|63/100|[from] Recoil\n|\n|upkeep\n|turn|5\n|inactive|Time left: 300 sec this turn | 300 sec total\n|\n|t:|1783567649\n|move|p1a: Altaria|Earthquake|p2a: Skeledirge\n|-supereffective|p2a: Skeledirge\n|-damage|p2a: Skeledirge|76/294\n|move|p2a: Skeledirge|Torch Song|p1a: Altaria\n|-supereffective|p1a: Altaria\n|-damage|p1a: Altaria|13/100\n|-boost|p2a: Skeledirge|spa|1\n|\n|upkeep\n|turn|6\n|inactive|Time left: 300 sec this turn | 300 sec total\n|\n|t:|1783567650\n|move|p1a: Altaria|Brave Bird|p2a: Skeledirge\n|-damage|p2a: Skeledirge|0 fnt\n|faint|p2a: Skeledirge\n|-damage|p1a: Altaria|4/100|[from] Recoil\n|\n|upkeep\n|inactive|Time left: 300 sec this turn | 300 sec total | 5 sec grace\n|\n|t:|1783567651\n|switch|p2a: Slaking|Slaking, L84, M|176/389\n|turn|7\n|inactive|Time left: 300 sec this turn | 300 sec total\n|\n|t:|1783567652\n|move|p1a: Altaria|Brave Bird|p2a: Slaking\n|-damage|p2a: Slaking|0 fnt\n|faint|p2a: Slaking\n|-damage|p1a: Altaria|0 fnt|[from] Recoil\n|faint|p1a: Altaria\n|\n|upkeep\n|inactive|Time left: 300 sec this turn | 300 sec total | 5 sec grace\n|\n|t:|1783567653\n|switch|p2a: Barraskewda|Barraskewda, L81, F|231/231\n|switch|p1a: Perrserker|Perrserker, L89, F|100/100\n|turn|8\n|inactive|Time left: 300 sec this turn | 300 sec total\n|\n|t:|1783567654\n|move|p2a: Barraskewda|Waterfall|p1a: Perrserker\n|-damage|p1a: Perrserker|55/100\n|move|p1a: Perrserker|Knock Off|p2a: Barraskewda\n|-damage|p2a: Barraskewda|0 fnt\n|-enditem|p2a: Barraskewda|Choice Band|[from] move: Knock Off|[of] p1a: Perrserker\n|faint|p2a: Barraskewda\n|\n|upkeep\n|inactive|Time left: 300 sec this turn | 300 sec total | 5 sec grace\n|\n|t:|1783567655\n|switch|p2a: Hawlucha|Hawlucha, L80, M|256/256\n|turn|9\n|inactive|Time left: 300 sec this turn | 300 sec total\n|\n|t:|1783567655\n|switch|p1a: Sandy Shocks|Sandy Shocks, L80|100/100\n|move|p2a: Hawlucha|Swords Dance|p2a: Hawlucha\n|-boost|p2a: Hawlucha|atk|2\n|\n|upkeep\n|turn|10\n|inactive|Time left: 300 sec this turn | 300 sec total\n|\n|t:|1783567656\n|move|p2a: Hawlucha|Close Combat|p1a: Sandy Shocks\n|-damage|p1a: Sandy Shocks|25/100\n|-unboost|p2a: Hawlucha|def|1\n|-unboost|p2a: Hawlucha|spd|1\n|-enditem|p2a: Hawlucha|White Herb\n|-clearnegativeboost|p2a: Hawlucha|[silent]\n|move|p1a: Sandy Shocks|Thunderbolt|p2a: Hawlucha\n|-supereffective|p2a: Hawlucha\n|-damage|p2a: Hawlucha|0 fnt\n|faint|p2a: Hawlucha\n|\n|upkeep\n|inactive|Time left: 300 sec this turn | 300 sec total | 5 sec grace\n|\n|t:|1783567657\n|switch|p2a: Noctowl|Noctowl, L95, F|344/344\n|turn|11\n|inactive|Time left: 300 sec this turn | 300 sec total\n|\n|t:|1783567658\n|move|p1a: Sandy Shocks|Thunderbolt|p2a: Noctowl\n|-supereffective|p2a: Noctowl\n|-damage|p2a: Noctowl|170/344\n|move|p2a: Noctowl|Calm Mind|p2a: Noctowl\n|-boost|p2a: Noctowl|spa|1\n|-boost|p2a: Noctowl|spd|1\n|\n|upkeep\n|turn|12\n|inactive|Time left: 300 sec this turn | 300 sec total\n|\n|t:|1783567659\n|move|p1a: Sandy Shocks|Thunder Wave|p2a: Noctowl\n|-status|p2a: Noctowl|par\n|cant|p2a: Noctowl|par\n|\n|upkeep\n|turn|13\n|inactive|Time left: 300 sec this turn | 300 sec total\n|\n|t:|1783567660\n|move|p1a: Sandy Shocks|Thunderbolt|p2a: Noctowl\n|-supereffective|p2a: Noctowl\n|-damage|p2a: Noctowl|54/344 par\n|cant|p2a: Noctowl|par\n|\n|upkeep\n|turn|14\n|inactive|Time left: 300 sec this turn | 300 sec total\n|\n|t:|1783567661\n|switch|p2a: Regieleki|Regieleki, L79|256/256\n|move|p1a: Sandy Shocks|Thunderbolt|p2a: Regieleki\n|-resisted|p2a: Regieleki\n|-damage|p2a: Regieleki|169/256\n|\n|upkeep\n|turn|15\n|inactive|Time left: 300 sec this turn | 300 sec total\n|\n|t:|1783567662\n|switch|p2a: Noctowl|Noctowl, L95, F|54/344 par\n|move|p1a: Sandy Shocks|Earth Power|p2a: Noctowl\n|-immune|p2a: Noctowl\n|\n|upkeep\n|turn|16\n|inactive|Time left: 300 sec this turn | 300 sec total\n|\n|t:|1783567663\n|switch|p2a: Regieleki|Regieleki, L79|169/256\n|move|p1a: Sandy Shocks|Thunderbolt|p2a: Regieleki\n|-resisted|p2a: Regieleki\n|-damage|p2a: Regieleki|87/256\n|\n|upkeep\n|turn|17\n|inactive|Time left: 300 sec this turn | 300 sec total\n|\n|t:|1783567664\n|switch|p2a: Noctowl|Noctowl, L95, F|54/344 par\n|move|p1a: Sandy Shocks|Earth Power|p2a: Noctowl\n|-immune|p2a: Noctowl\n|\n|upkeep\n|turn|18\n|inactive|Time left: 300 sec this turn | 300 sec total\n|\n|t:|1783567665\n|switch|p2a: Regieleki|Regieleki, L79|87/256\n|move|p1a: Sandy Shocks|Thunderbolt|p2a: Regieleki\n|-resisted|p2a: Regieleki\n|-crit|p2a: Regieleki\n|-damage|p2a: Regieleki|0 fnt\n|faint|p2a: Regieleki\n|\n|upkeep\n|inactive|Time left: 300 sec this turn | 300 sec total | 5 sec grace\n|\n|t:|1783567666\n|switch|p2a: Noctowl|Noctowl, L95, F|54/344 par\n|turn|19\n|inactive|Time left: 300 sec this turn | 300 sec total\n|\n|t:|1783567667\n|-end|p1a: Sandy Shocks|Protosynthesis|[silent]\n|switch|p1a: Perrserker|Perrserker, L89, F|55/100\n|-terastallize|p2a: Noctowl|Steel\n|move|p2a: Noctowl|Hyper Voice|p1a: Perrserker\n|-resisted|p1a: Perrserker\n|-crit|p1a: Perrserker\n|-damage|p1a: Perrserker|0 fnt\n|faint|p1a: Perrserker\n|\n|upkeep\n|\n|t:|1783567668\n|switch|p1a: Sandy Shocks|Sandy Shocks, L80|25/100\n|turn|20\n|inactive|Time left: 300 sec this turn | 300 sec total\n|\n|t:|1783567669\n|move|p1a: Sandy Shocks|Volt Switch|p2a: Noctowl\n|-damage|p2a: Noctowl|0 fnt\n|faint|p2a: Noctowl\n|\n|win|p0x238036cf", "uploadtime": 1783567669, "views": 0, "rating": 0, "private": 0, "password": null, "_winner": "p0x238036cf", "_our_name": "p0y2380c703"}