{"id": "battle-gen9randombattle-1208", "formatid": "gen9randombattle", "format": "[Gen 9] Random Battle", "players": ["p0x1208a5a3", "p0y1208e727"], "log": "|init|battle\n|title|p0x1208a5a3 vs. p0y1208e727\n|j|\u2606p0x1208a5a3\n|j|\u2606p0y1208e727\n|t:|1783553992\n|gametype|singles\n|player|p1|p0x1208a5a3|265|\n|player|p2|p0y1208e727|101|\n|gen|9\n|tier|[Gen 9] Random Battle\n|rule|Species Clause: Limit one of each Pok\u00e9mon\n|rule|HP Percentage Mod: HP is shown in percentages\n|rule|Sleep Clause Mod: Limit one foe put to sleep\n|rule|Illusion Level Mod: Illusion disguises the Pok\u00e9mon's true level\n|\n|t:|1783553992\n|teamsize|p1|6\n|teamsize|p2|6\n|start\n|switch|p1a: Rhyperior|Rhyperior, L82, F|100/100\n|switch|p2a: Kingambit|Kingambit, L74, M|270/270\n|turn|1\n|inactive|Battle timer is ON: inactive players will automatically lose when time's up. (requested by p0x1208a5a3)\n|inactive|Time left: 300 sec this turn | 300 sec total | 60 sec grace\n|inactive|p0y1208e727 also wants the timer to be on.\n|\n|t:|1783553994\n|move|p2a: Kingambit|Iron Head|p1a: Rhyperior\n|-supereffective|p1a: Rhyperior\n|-damage|p1a: Rhyperior|70/100\n|-enditem|p1a: Rhyperior|Weakness Policy\n|-boost|p1a: Rhyperior|atk|2|[from] item: Weakness Policy\n|-boost|p1a: Rhyperior|spa|2|[from] item: Weakness Policy\n|move|p1a: Rhyperior|Earthquake|p2a: Kingambit\n|-supereffective|p2a: Kingambit\n|-damage|p2a: Kingambit|0 fnt\n|faint|p2a: Kingambit\n|-end|p2a: Kingambit|fallenundefined|[silent]\n|\n|upkeep\n|inactive|Time left: 300 sec this turn | 300 sec total | 65 sec grace\n|\n|t:|1783553995\n|switch|p2a: Floatzel|Floatzel, L86, F|286/286\n|turn|2\n|inactive|Time left: 300 sec this turn | 300 sec total\n|\n|t:|1783553996\n|-terastallize|p1a: Rhyperior|Bug\n|move|p2a: Floatzel|Wave Crash|p1a: Rhyperior\n|-damage|p1a: Rhyperior|37/100\n|-damage|p2a: Floatzel|251/286|[from] Recoil\n|move|p1a: Rhyperior|Megahorn|p2a: Floatzel\n|-damage|p2a: Floatzel|0 fnt\n|faint|p2a: Floatzel\n|\n|upkeep\n|inactive|Time left: 300 sec this turn | 300 sec total | 5 sec grace\n|\n|t:|1783553997\n|switch|p2a: Furret|Furret, L94, M|312/312\n|turn|3\n|inactive|Time left: 300 sec this turn | 300 sec total\n|\n|t:|1783553998\n|move|p2a: Furret|Double-Edge|p1a: Rhyperior\n|-damage|p1a: Rhyperior|0 fnt\n|faint|p1a: Rhyperior\n|-damage|p2a: Furret|273/312|[from] Recoil\n|\n|upkeep\n|\n|t:|1783553999\n|switch|p1a: Sylveon|Sylveon, L85, M|100/100\n|turn|4\n|inactive|Time left: 300 sec this turn | 300 sec total\n|\n|t:|1783554000\n|move|p2a: Furret|Double-Edge|p1a: Sylveon\n|-damage|p1a: Sylveon|24/100\n|-damage|p2a: Furret|198/312|[from] Recoil\n|move|p1a: Sylveon|Hyper Voice|p2a: Furret\n|-damage|p2a: Furret|38/312\n|\n|-heal|p1a: Sylveon|30/100|[from] item: Leftovers\n|upkeep\n|turn|5\n|inactive|Time left: 300 sec this turn | 300 sec total\n|\n|t:|1783554001\n|move|p1a: Sylveon|Protect|p1a: Sylveon\n|-singleturn|p1a: Sylveon|Protect\n|move|p2a: Furret|Double-Edge|p1a: Sylveon\n|-activate|p1a: Sylveon|move: Protect\n|\n|-heal|p1a: Sylveon|36/100|[from] item: Leftovers\n|upkeep\n|turn|6\n|inactive|Time left: 300 sec this turn | 300 sec total\n|\n|t:|1783554002\n|switch|p1a: Araquanid|Araquanid, L82, F|100/100\n|move|p2a: Furret|Double-Edge|p1a: Araquanid\n|-damage|p1a: Araquanid|23/100\n|-damage|p2a: Furret|0 fnt|[from] Recoil\n|faint|p2a: Furret\n|\n|upkeep\n|inactive|Time left: 300 sec this turn | 300 sec total | 5 sec grace\n|\n|t:|1783554003\n|switch|p2a: Great Tusk|Great Tusk, L77|304/304\n|-enditem|p2a: Great Tusk|Booster Energy\n|-activate|p2a: Great Tusk|ability: Protosynthesis|[fromitem]\n|-start|p2a: Great Tusk|protosynthesisatk\n|turn|7\n|inactive|Time left: 300 sec this turn | 300 sec total\n|\n|t:|1783554004\n|move|p2a: Great Tusk|Earthquake|p1a: Araquanid\n|-resisted|p1a: Araquanid\n|-damage|p1a: Araquanid|0 fnt\n|faint|p1a: Araquanid\n|\n|upkeep\n|\n|t:|1783554005\n|switch|p1a: Gardevoir|Gardevoir, L83, F|100/100\n|turn|8\n|inactive|Time left: 300 sec this turn | 300 sec total\n|\n|t:|1783554006\n|-terastallize|p2a: Great Tusk|Ground\n|move|p1a: Gardevoir|Psychic|p2a: Great Tusk\n|-damage|p2a: Great Tusk|90/304\n|-damage|p1a: Gardevoir|91/100|[from] item: Life Orb\n|move|p2a: Great Tusk|Earthquake|p1a: Gardevoir\n|-damage|p1a: Gardevoir|0 fnt\n|faint|p1a: Gardevoir\n|\n|upkeep\n|\n|t:|1783554007\n|switch|p1a: Magmortar|Magmortar, L88, M|100/100\n|turn|9\n|inactive|Time left: 300 sec this turn | 300 sec total\n|\n|t:|1783554008\n|move|p1a: Magmortar|Scorching Sands|p2a: Great Tusk\n|-damage|p2a: Great Tusk|0 fnt\n|faint|p2a: Great Tusk\n|-end|p2a: Great Tusk|Protosynthesis|[silent]\n|\n|upkeep\n|inactive|Time left: 300 sec this turn | 300 sec total | 5 sec grace\n|\n|t:|1783554009\n|switch|p2a: Sandy Shocks|Sandy Shocks, L80|267/267\n|turn|10\n|inactive|Time left: 300 sec this turn | 300 sec total\n|\n|t:|1783554010\n|switch|p1a: Kilowattrel|Kilowattrel, L83, M|100/100\n|move|p2a: Sandy Shocks|Earth Power|p1a: Kilowattrel\n|-immune|p1a: Kilowattrel\n|\n|upkeep\n|turn|11\n|inactive|Time left: 300 sec this turn | 300 sec total\n|\n|t:|1783554011\n|move|p1a: Kilowattrel|Hurricane|p2a: Sandy Shocks|[miss]\n|-miss|p1a: Kilowattrel|p2a: Sandy Shocks\n|move|p2a: Sandy Shocks|Thunderbolt|p1a: Kilowattrel\n|-immune|p1a: Kilowattrel|[from] ability: Volt Absorb\n|\n|upkeep\n|turn|12\n|inactive|Time left: 300 sec this turn | 300 sec total\n|\n|t:|1783554012\n|move|p1a: Kilowattrel|Hurricane|p2a: Sandy Shocks\n|-resisted|p2a: Sandy Shocks\n|-damage|p2a: Sandy Shocks|203/267\n|-start|p2a: Sandy Shocks|confusion\n|-activate|p2a: Sandy Shocks|confusion\n|move|p2a: Sandy Shocks|Thunderbolt|p1a: Kilowattrel\n|-immune|p1a: Kilowattrel|[from] ability: Volt Absorb\n|\n|-heal|p2a: Sandy Shocks|219/267|[from] item: Leftovers\n|upkeep\n|turn|13\n|inactive|Time left: 300 sec this turn | 300 sec total\n|\n|t:|1783554013\n|move|p1a: Kilowattrel|Hurricane|p2a: Sandy Shocks\n|-resisted|p2a: Sandy Shocks\n|-damage|p2a: Sandy Shocks|149/267\n|-activate|p2a: Sandy Shocks|confusion\n|-damage|p2a: Sandy Shocks|131/267|[from] confusion\n|\n|-heal|p2a: Sandy Shocks|147/267|[from] item: Leftovers\n|upkeep\n|turn|14\n|inactive|Time left: 300 sec this turn | 300 sec total\n|\n|t:|1783554014\n|move|p1a: Kilowattrel|Hurricane|p2a: Sandy Shocks|[miss]\n|-miss|p1a: Kilowattrel|p2a: Sandy Shocks\n|-activate|p2a: Sandy Shocks|confusion\n|move|p2a: Sandy Shocks|Thunderbolt|p1a: Kilowattrel\n|-immune|p1a: Kilowattrel|[from] ability: Volt Absorb\n|\n|-heal|p2a: Sandy Shocks|163/267|[from] item: Leftovers\n|upkeep\n|turn|15\n|inactive|Time left: 300 sec this turn | 300 sec total\n|\n|t:|1783554015\n|-end|p2a: Sandy Shocks|Protosynthesis|[silent]\n|switch|p2a: Chimecho|Chimecho, L93, M|290/290\n|move|p1a: Kilowattrel|Hurricane|p2a: Chimecho\n|-damage|p2a: Chimecho|187/290\n|-start|p2a: Chimecho|confusion\n|\n|-heal|p2a: Chimecho|205/290|[from] item: Leftovers\n|upkeep\n|turn|16\n|inactive|Time left: 300 sec this turn | 300 sec total\n|\n|t:|1783554016\n|switch|p2a: Sandy Shocks|Sandy Shocks, L80|163/267\n|move|p1a: Kilowattrel|U-turn|p2a: Sandy Shocks\n|-damage|p2a: Sandy Shocks|126/267\n|\n|t:|1783554017\n|switch|p1a: Sylveon|Sylveon, L85, M|36/100|[from] U-turn\n|\n|-heal|p2a: Sandy Shocks|142/267|[from] item: Leftovers\n|-heal|p1a: Sylveon|42/100|[from] item: Leftovers\n|upkeep\n|turn|17\n|inactive|Time left: 300 sec this turn | 300 sec total\n|\n|t:|1783554018\n|move|p2a: Sandy Shocks|Thunderbolt|p1a: Sylveon\n|-crit|p1a: Sylveon\n|-damage|p1a: Sylveon|4/100\n|move|p1a: Sylveon|Calm Mind|p1a: Sylveon\n|-boost|p1a: Sylveon|spa|1\n|-boost|p1a: Sylveon|spd|1\n|\n|-heal|p2a: Sandy Shocks|158/267|[from] item: Leftovers\n|-heal|p1a: Sylveon|10/100|[from] item: Leftovers\n|upkeep\n|turn|18\n|inactive|Time left: 300 sec this turn | 300 sec total\n|\n|t:|1783554019\n|move|p1a: Sylveon|Protect|p1a: Sylveon\n|-singleturn|p1a: Sylveon|Protect\n|move|p2a: Sandy Shocks|Earth Power|p1a: Sylveon\n|-activate|p1a: Sylveon|move: Protect\n|\n|-heal|p2a: Sandy Shocks|174/267|[from] item: Leftovers\n|-heal|p1a: Sylveon|16/100|[from] item: Leftovers\n|upkeep\n|turn|19\n|inactive|Time left: 300 sec this turn | 300 sec total\n|\n|t:|1783554020\n|move|p1a: Sylveon|Protect||[still]\n|-fail|p1a: Sylveon\n|move|p2a: Sandy Shocks|Thunderbolt|p1a: Sylveon\n|-damage|p1a: Sylveon|0 fnt\n|faint|p1a: Sylveon\n|\n|-heal|p2a: Sandy Shocks|190/267|[from] item: Leftovers\n|upkeep\n|\n|t:|1783554021\n|switch|p1a: Kilowattrel|Kilowattrel, L83, M|100/100\n|turn|20\n|inactive|Time left: 300 sec this turn | 300 sec total\n|\n|t:|1783554022\n|move|p1a: Kilowattrel|Hurricane|p2a: Sandy Shocks\n|-resisted|p2a: Sandy Shocks\n|-damage|p2a: Sandy Shocks|120/267\n|move|p2a: Sandy Shocks|Earth Power|p1a: Kilowattrel\n|-immune|p1a: Kilowattrel\n|\n|-heal|p2a: Sandy Shocks|136/267|[from] item: Leftovers\n|upkeep\n|turn|21\n|inactive|Time left: 300 sec this turn | 300 sec total\n|\n|t:|1783554023\n|move|p1a: Kilowattrel|Hurricane|p2a: Sandy Shocks|[miss]\n|-miss|p1a: Kilowattrel|p2a: Sandy Shocks\n|move|p2a: Sandy Shocks|Earth Power|p1a: Kilowattrel\n|-immune|p1a: Kilowattrel\n|\n|-heal|p2a: Sandy Shocks|152/267|[from] item: Leftovers\n|upkeep\n|turn|22\n|inactive|Time left: 300 sec this turn | 300 sec total\n|\n|t:|1783554024\n|move|p1a: Kilowattrel|Hurricane|p2a: Sandy Shocks\n|-resisted|p2a: Sandy Shocks\n|-damage|p2a: Sandy Shocks|84/267\n|move|p2a: Sandy Shocks|Earth Power|p1a: Kilowattrel\n|-immune|p1a: Kilowattrel\n|\n|-heal|p2a: Sandy Shocks|100/267|[from] item: Leftovers\n|upkeep\n|turn|23\n|inactive|Time left: 300 sec this turn | 300 sec total\n|\n|t:|1783554025\n|move|p1a: Kilowattrel|Hurricane|p2a: Sandy Shocks\n|-resisted|p2a: Sandy Shocks\n|-damage|p2a: Sandy Shocks|40/267\n|move|p2a: Sandy Shocks|Earth Power|p1a: Kilowattrel\n|-immune|p1a: Kilowattrel\n|\n|-heal|p2a: Sandy Shocks|56/267|[from] item: Leftovers\n|upkeep\n|turn|24\n|inactive|Time left: 300 sec this turn | 300 sec total\n|\n|t:|1783554026\n|move|p1a: Kilowattrel|Hurricane|p2a: Sandy Shocks\n|-resisted|p2a: Sandy Shocks\n|-damage|p2a: Sandy Shocks|0 fnt\n|faint|p2a: Sandy Shocks\n|-end|p2a: Sandy Shocks|Protosynthesis|[silent]\n|\n|upkeep\n|inactive|Time left: 300 sec this turn | 300 sec total | 5 sec grace\n|\n|t:|1783554027\n|switch|p2a: Chimecho|Chimecho, L93, M|205/290\n|turn|25\n|inactive|Time left: 300 sec this turn | 300 sec total\n|\n|t:|1783554028\n|move|p1a: Kilowattrel|Hurricane|p2a: Chimecho\n|-damage|p2a: Chimecho|105/290\n|move|p2a: Chimecho|Cosmic Power|p2a: Chimecho\n|-boost|p2a: Chimecho|def|1\n|-boost|p2a: Chimecho|spd|1\n|\n|-heal|p2a: Chimecho|123/290|[from] item: Leftovers\n|upkeep\n|turn|26\n|inactive|Time left: 300 sec this turn | 300 sec total\n|\n|t:|1783554029\n|move|p1a: Kilowattrel|Hurricane|p2a: Chimecho\n|-damage|p2a: Chimecho|44/290\n|-start|p2a: Chimecho|confusion\n|-activate|p2a: Chimecho|confusion\n|move|p2a: Chimecho|Recover|p2a: Chimecho\n|-heal|p2a: Chimecho|189/290\n|\n|-heal|p2a: Chimecho|207/290|[from] item: Leftovers\n|upkeep\n|turn|27\n|inactive|Time left: 300 sec this turn | 300 sec total\n|\n|t:|1783554031\n|move|p1a: Kilowattrel|U-turn|p2a: Chimecho\n|-supereffective|p2a: Chimecho\n|-damage|p2a: Chimecho|155/290\n|\n|t:|1783554032\n|switch|p1a: Magmortar|Magmortar, L88, M|100/100|[from] U-turn\n|-end|p2a: Chimecho|confusion\n|move|p2a: Chimecho|Cosmic Power|p2a: Chimecho\n|-boost|p2a: Chimecho|def|1\n|-boost|p2a: Chimecho|spd|1\n|\n|-heal|p2a: Chimecho|173/290|[from] item: Leftovers\n|upkeep\n|turn|28\n|inactive|Time left: 300 sec this turn | 300 sec total\n|\n|t:|1783554033\n|move|p1a: Magmortar|Knock Off|p2a: Chimecho\n|-supereffective|p2a: Chimecho\n|-damage|p2a: Chimecho|101/290\n|-enditem|p2a: Chimecho|Leftovers|[from] move: Knock Off|[of] p1a: Magmortar\n|move|p2a: Chimecho|Recover|p2a: Chimecho\n|-heal|p2a: Chimecho|246/290\n|\n|upkeep\n|turn|29\n|inactive|Time left: 300 sec this turn | 300 sec total\n|\n|t:|1783554034\n|move|p1a: Magmortar|Fire Blast|p2a: Chimecho\n|-crit|p2a: Chimecho\n|-damage|p2a: Chimecho|36/290\n|move|p2a: Chimecho|Stored Power|p1a: Magmortar\n|-damage|p1a: Magmortar|58/100\n|\n|upkeep\n|turn|30\n|inactive|Time left: 300 sec this turn | 300 sec total\n|\n|t:|1783554035\n|move|p1a: Magmortar|Knock Off|p2a: Chimecho\n|-supereffective|p2a: Chimecho\n|-damage|p2a: Chimecho|0 fnt\n|faint|p2a: Chimecho\n|\n|win|p0x1208a5a3", "uploadtime": 1783554035, "views": 0, "rating": 0, "private": 0, "password": null, "_winner": "p0x1208a5a3", "_our_name": "p0y1208e727"}