{"id": "battle-gen9randombattle-1601", "formatid": "gen9randombattle", "format": "[Gen 9] Random Battle", "players": ["p0x16026712", "p0y1602828b"], "log": "|init|battle\n|title|p0x16026712 vs. p0y1602828b\n|j|\u2606p0x16026712\n|j|\u2606p0y1602828b\n|t:|1783557764\n|gametype|singles\n|player|p1|p0x16026712|170|\n|player|p2|p0y1602828b|1|\n|gen|9\n|tier|[Gen 9] Random Battle\n|rule|Species Clause: Limit one of each Pok\u00e9mon\n|rule|HP Percentage Mod: HP is shown in percentages\n|rule|Sleep Clause Mod: Limit one foe put to sleep\n|rule|Illusion Level Mod: Illusion disguises the Pok\u00e9mon's true level\n|\n|t:|1783557764\n|teamsize|p1|6\n|teamsize|p2|6\n|start\n|switch|p1a: Flygon|Flygon, L82, M|265/265\n|switch|p2a: Swalot|Swalot, L90, M|100/100\n|turn|1\n|inactive|Battle timer is ON: inactive players will automatically lose when time's up. (requested by p0y1602828b)\n|inactive|Time left: 300 sec this turn | 300 sec total | 60 sec grace\n|inactive|p0x16026712 also wants the timer to be on.\n|\n|t:|1783557766\n|switch|p2a: Avalugg|Avalugg, L88, F|100/100\n|move|p1a: Flygon|Outrage|p2a: Avalugg\n|-damage|p2a: Avalugg|70/100\n|\n|upkeep\n|turn|2\n|inactive|Time left: 300 sec this turn | 300 sec total\n|\n|t:|1783557767\n|move|p1a: Flygon|Outrage|p2a: Avalugg|[from] lockedmove\n|-damage|p2a: Avalugg|38/100\n|move|p2a: Avalugg|Avalanche|p1a: Flygon\n|-supereffective|p1a: Flygon\n|-damage|p1a: Flygon|0 fnt\n|faint|p1a: Flygon\n|\n|upkeep\n|inactive|Time left: 300 sec this turn | 300 sec total | 5 sec grace\n|\n|t:|1783557768\n|switch|p1a: Pelipper|Pelipper, L86, M|243/243\n|-weather|RainDance|[from] ability: Drizzle|[of] p1a: Pelipper\n|turn|3\n|inactive|Time left: 300 sec this turn | 300 sec total\n|\n|t:|1783557769\n|switch|p2a: Bellibolt|Bellibolt, L84, F|100/100\n|move|p1a: Pelipper|Weather Ball|p2a: Bellibolt\n|-damage|p2a: Bellibolt|24/100\n|-start|p2a: Bellibolt|Charge|Weather Ball|[from] ability: Electromorphosis\n|\n|-weather|RainDance|[upkeep]\n|-heal|p2a: Bellibolt|30/100|[from] item: Leftovers\n|upkeep\n|turn|4\n|inactive|Time left: 300 sec this turn | 300 sec total\n|\n|t:|1783557770\n|switch|p2a: Archaludon|Archaludon, L78, F|100/100\n|move|p1a: Pelipper|Weather Ball|p2a: Archaludon\n|-resisted|p2a: Archaludon\n|-damage|p2a: Archaludon|43/100\n|-ability|p2a: Archaludon|Stamina|boost\n|-boost|p2a: Archaludon|def|1\n|\n|-weather|RainDance|[upkeep]\n|-heal|p2a: Archaludon|49/100|[from] item: Leftovers\n|upkeep\n|turn|5\n|inactive|Time left: 300 sec this turn | 300 sec total\n|\n|t:|1783557771\n|move|p2a: Archaludon|Draco Meteor|p1a: Pelipper\n|-damage|p1a: Pelipper|83/243\n|-unboost|p2a: Archaludon|spa|2\n|move|p1a: Pelipper|Weather Ball|p2a: Archaludon\n|-resisted|p2a: Archaludon\n|-damage|p2a: Archaludon|0 fnt\n|faint|p2a: Archaludon\n|\n|-weather|RainDance|[upkeep]\n|upkeep\n|\n|t:|1783557772\n|switch|p2a: Honchkrow|Honchkrow, L86, M|100/100\n|turn|6\n|inactive|Time left: 300 sec this turn | 300 sec total\n|\n|t:|1783557773\n|switch|p1a: Dusknoir|Dusknoir, L89, F|225/225\n|-item|p2a: Honchkrow|Heavy-Duty Boots|[from] ability: Frisk|[of] p1a: Dusknoir\n|move|p2a: Honchkrow|Brave Bird|p1a: Dusknoir\n|-damage|p1a: Dusknoir|108/225\n|-damage|p2a: Honchkrow|88/100|[from] Recoil\n|\n|-weather|RainDance|[upkeep]\n|-heal|p1a: Dusknoir|122/225|[from] item: Leftovers\n|upkeep\n|turn|7\n|inactive|Time left: 300 sec this turn | 300 sec total\n|\n|t:|1783557774\n|-terastallize|p2a: Honchkrow|Flying\n|move|p2a: Honchkrow|Brave Bird|p1a: Dusknoir\n|-damage|p1a: Dusknoir|0 fnt\n|faint|p1a: Dusknoir\n|-ability|p2a: Honchkrow|Moxie|boost\n|-boost|p2a: Honchkrow|atk|1\n|-damage|p2a: Honchkrow|75/100|[from] Recoil\n|\n|-weather|none\n|upkeep\n|inactive|Time left: 300 sec this turn | 300 sec total | 5 sec grace\n|\n|t:|1783557775\n|switch|p1a: Mewtwo|Mewtwo, L72|272/272\n|-ability|p1a: Mewtwo|Pressure\n|turn|8\n|inactive|Time left: 300 sec this turn | 300 sec total\n|\n|t:|1783557776\n|-terastallize|p1a: Mewtwo|Fighting\n|move|p1a: Mewtwo|Psystrike|p2a: Honchkrow\n|-damage|p2a: Honchkrow|11/100\n|-damage|p1a: Mewtwo|245/272|[from] item: Life Orb\n|move|p2a: Honchkrow|Brave Bird|p1a: Mewtwo\n|-supereffective|p1a: Mewtwo\n|-crit|p1a: Mewtwo\n|-damage|p1a: Mewtwo|0 fnt\n|faint|p1a: Mewtwo\n|-ability|p2a: Honchkrow|Moxie|boost\n|-boost|p2a: Honchkrow|atk|1\n|-damage|p2a: Honchkrow|0 fnt|[from] Recoil\n|faint|p2a: Honchkrow\n|\n|upkeep\n|inactive|Time left: 300 sec this turn | 300 sec total | 5 sec grace\n|\n|t:|1783557777\n|switch|p1a: Espathra|Espathra, L80, F|283/283\n|switch|p2a: Swalot|Swalot, L90, M|100/100\n|turn|9\n|inactive|Time left: 300 sec this turn | 300 sec total\n|\n|t:|1783557778\n|move|p1a: Espathra|Lumina Crash|p2a: Swalot\n|-supereffective|p2a: Swalot\n|-damage|p2a: Swalot|28/100\n|-unboost|p2a: Swalot|spd|2\n|move|p2a: Swalot|Toxic|p1a: Espathra\n|-status|p1a: Espathra|tox\n|\n|-heal|p2a: Swalot|34/100|[from] item: Leftovers\n|-damage|p1a: Espathra|266/283 tox|[from] psn\n|-ability|p1a: Espathra|Speed Boost|boost\n|-boost|p1a: Espathra|spe|1\n|upkeep\n|turn|10\n|inactive|Time left: 300 sec this turn | 300 sec total\n|\n|t:|1783557779\n|move|p2a: Swalot|Protect|p2a: Swalot\n|-singleturn|p2a: Swalot|Protect\n|move|p1a: Espathra|Lumina Crash|p2a: Swalot\n|-activate|p2a: Swalot|move: Protect\n|\n|-heal|p2a: Swalot|40/100|[from] item: Leftovers\n|-damage|p1a: Espathra|232/283 tox|[from] psn\n|-ability|p1a: Espathra|Speed Boost|boost\n|-boost|p1a: Espathra|spe|1\n|upkeep\n|turn|11\n|inactive|Time left: 300 sec this turn | 300 sec total\n|\n|t:|1783557780\n|move|p2a: Swalot|Protect||[still]\n|-fail|p2a: Swalot\n|move|p1a: Espathra|Lumina Crash|p2a: Swalot\n|-supereffective|p2a: Swalot\n|-damage|p2a: Swalot|0 fnt\n|faint|p2a: Swalot\n|\n|-damage|p1a: Espathra|181/283 tox|[from] psn\n|-ability|p1a: Espathra|Speed Boost|boost\n|-boost|p1a: Espathra|spe|1\n|upkeep\n|\n|t:|1783557781\n|switch|p2a: Eiscue|Eiscue, L88, M|100/100\n|turn|12\n|inactive|Time left: 300 sec this turn | 300 sec total\n|\n|t:|1783557782\n|move|p1a: Espathra|Lumina Crash|p2a: Eiscue\n|-damage|p2a: Eiscue|55/100\n|-unboost|p2a: Eiscue|spd|2\n|move|p2a: Eiscue|Liquidation|p1a: Espathra\n|-damage|p1a: Espathra|107/283 tox\n|\n|-damage|p1a: Espathra|39/283 tox|[from] psn\n|-ability|p1a: Espathra|Speed Boost|boost\n|-boost|p1a: Espathra|spe|1\n|upkeep\n|turn|13\n|inactive|Time left: 300 sec this turn | 300 sec total\n|\n|t:|1783557783\n|move|p1a: Espathra|Lumina Crash|p2a: Eiscue\n|-damage|p2a: Eiscue|0 fnt\n|faint|p2a: Eiscue\n|\n|-damage|p1a: Espathra|0 fnt|[from] psn\n|faint|p1a: Espathra\n|upkeep\n|inactive|Time left: 300 sec this turn | 300 sec total | 5 sec grace\n|\n|t:|1783557784\n|switch|p1a: Pelipper|Pelipper, L86, M|83/243\n|switch|p2a: Bellibolt|Bellibolt, L84, F|30/100\n|-weather|RainDance|[from] ability: Drizzle|[of] p1a: Pelipper\n|turn|14\n|inactive|Time left: 300 sec this turn | 300 sec total\n|\n|t:|1783557785\n|move|p1a: Pelipper|Weather Ball|p2a: Bellibolt\n|-damage|p2a: Bellibolt|0 fnt\n|faint|p2a: Bellibolt\n|\n|-weather|RainDance|[upkeep]\n|upkeep\n|\n|t:|1783557786\n|switch|p2a: Avalugg|Avalugg, L88, F|38/100\n|turn|15\n|inactive|Time left: 300 sec this turn | 300 sec total\n|\n|t:|1783557787\n|move|p1a: Pelipper|Weather Ball|p2a: Avalugg\n|-damage|p2a: Avalugg|0 fnt\n|faint|p2a: Avalugg\n|\n|win|p0x16026712", "uploadtime": 1783557787, "views": 0, "rating": 0, "private": 0, "password": null, "_winner": "p0x16026712", "_our_name": "p0x16026712"}