{"id": "battle-gen9randombattle-1492", "formatid": "gen9randombattle", "format": "[Gen 9] Random Battle", "players": ["p0x14928b68", "p0y1492dcc2"], "log": "|init|battle\n|title|p0x14928b68 vs. p0y1492dcc2\n|j|\u2606p0x14928b68\n|j|\u2606p0y1492dcc2\n|t:|1783556452\n|gametype|singles\n|player|p1|p0x14928b68|170|\n|player|p2|p0y1492dcc2|169|\n|gen|9\n|tier|[Gen 9] Random Battle\n|rule|Species Clause: Limit one of each Pok\u00e9mon\n|rule|HP Percentage Mod: HP is shown in percentages\n|rule|Sleep Clause Mod: Limit one foe put to sleep\n|rule|Illusion Level Mod: Illusion disguises the Pok\u00e9mon's true level\n|\n|t:|1783556452\n|teamsize|p1|6\n|teamsize|p2|6\n|start\n|switch|p1a: Emboar|Emboar, L84, M|322/322\n|switch|p2a: Sudowoodo|Sudowoodo, L94, M|100/100\n|turn|1\n|inactive|Battle timer is ON: inactive players will automatically lose when time's up. (requested by p0x14928b68)\n|inactive|p0y1492dcc2 also wants the timer to be on.\n|\n|t:|1783556454\n|move|p1a: Emboar|Flare Blitz|p2a: Sudowoodo\n|-resisted|p2a: Sudowoodo\n|-damage|p2a: Sudowoodo|78/100\n|-status|p2a: Sudowoodo|brn\n|-damage|p1a: Emboar|301/322|[from] Recoil\n|move|p2a: Sudowoodo|Head Smash|p1a: Emboar\n|-damage|p1a: Emboar|169/322\n|\n|-heal|p2a: Sudowoodo|84/100 brn|[from] item: Leftovers\n|-damage|p2a: Sudowoodo|78/100 brn|[from] brn\n|upkeep\n|turn|2\n|inactive|Time left: 300 sec this turn | 300 sec total\n|\n|t:|1783556456\n|switch|p1a: Necrozma|Necrozma-Dusk-Mane, L69|248/248\n|move|p2a: Sudowoodo|Stealth Rock|p1a: Necrozma\n|-sidestart|p1: p0x14928b68|move: Stealth Rock\n|\n|-heal|p2a: Sudowoodo|84/100 brn|[from] item: Leftovers\n|-damage|p2a: Sudowoodo|78/100 brn|[from] brn\n|upkeep\n|turn|3\n|inactive|Time left: 300 sec this turn | 300 sec total\n|\n|t:|1783556457\n|move|p1a: Necrozma|Dragon Dance|p1a: Necrozma\n|-boost|p1a: Necrozma|atk|1\n|-boost|p1a: Necrozma|spe|1\n|move|p2a: Sudowoodo|Head Smash|p1a: Necrozma\n|-resisted|p1a: Necrozma\n|-damage|p1a: Necrozma|206/248\n|\n|-heal|p2a: Sudowoodo|84/100 brn|[from] item: Leftovers\n|-damage|p2a: Sudowoodo|78/100 brn|[from] brn\n|upkeep\n|turn|4\n|inactive|Time left: 300 sec this turn | 300 sec total\n|\n|t:|1783556458\n|switch|p2a: Garchomp|Garchomp, L74, F|100/100\n|move|p1a: Necrozma|Dragon Dance|p1a: Necrozma\n|-boost|p1a: Necrozma|atk|1\n|-boost|p1a: Necrozma|spe|1\n|\n|upkeep\n|turn|5\n|inactive|Time left: 300 sec this turn | 300 sec total\n|\n|t:|1783556459\n|move|p1a: Necrozma|Earthquake|p2a: Garchomp\n|-damage|p2a: Garchomp|49/100\n|move|p2a: Garchomp|Dragon Tail|p1a: Necrozma\n|-resisted|p1a: Necrozma\n|-damage|p1a: Necrozma|176/248\n|drag|p1a: Cramorant|Cramorant, L86, F|261/261\n|\n|upkeep\n|turn|6\n|inactive|Time left: 300 sec this turn | 300 sec total\n|\n|t:|1783556460\n|move|p1a: Cramorant|Surf|p2a: Garchomp\n|-formechange|p1a: Cramorant|Cramorant-Gulping|\n|-damage|p2a: Garchomp|11/100\n|move|p2a: Garchomp|Outrage|p1a: Cramorant\n|-crit|p1a: Cramorant\n|-damage|p1a: Cramorant|8/261\n|-damage|p2a: Garchomp|0 fnt|[from] ability: Gulp Missile|[of] p1a: Cramorant\n|-formechange|p1a: Cramorant|Cramorant|\n|faint|p2a: Garchomp\n|\n|upkeep\n|\n|t:|1783556461\n|switch|p2a: Lycanroc|Lycanroc-Midnight, L89, F|100/100\n|turn|7\n|inactive|Time left: 300 sec this turn | 300 sec total\n|\n|t:|1783556462\n|move|p2a: Lycanroc|Stone Edge|p1a: Cramorant\n|-supereffective|p1a: Cramorant\n|-damage|p1a: Cramorant|0 fnt\n|faint|p1a: Cramorant\n|-damage|p2a: Lycanroc|91/100|[from] item: Life Orb\n|\n|upkeep\n|inactive|Time left: 300 sec this turn | 300 sec total | 5 sec grace\n|\n|t:|1783556462\n|switch|p1a: Emboar|Emboar, L84, M|169/322\n|-damage|p1a: Emboar|129/322|[from] Stealth Rock\n|turn|8\n|inactive|Time left: 300 sec this turn | 300 sec total\n|\n|t:|1783556463\n|move|p1a: Emboar|Close Combat|p2a: Lycanroc\n|-supereffective|p2a: Lycanroc\n|-damage|p2a: Lycanroc|0 fnt\n|-unboost|p1a: Emboar|def|1\n|-unboost|p1a: Emboar|spd|1\n|faint|p2a: Lycanroc\n|\n|upkeep\n|\n|t:|1783556464\n|switch|p2a: Leafeon|Leafeon, L88, M|100/100\n|turn|9\n|inactive|Time left: 300 sec this turn | 300 sec total\n|\n|t:|1783556465\n|move|p1a: Emboar|Close Combat|p2a: Leafeon\n|-damage|p2a: Leafeon|56/100\n|-unboost|p1a: Emboar|def|1\n|-unboost|p1a: Emboar|spd|1\n|move|p2a: Leafeon|Leaf Blade|p1a: Emboar\n|-resisted|p1a: Emboar\n|-damage|p1a: Emboar|0 fnt\n|faint|p1a: Emboar\n|\n|-heal|p2a: Leafeon|63/100|[from] item: Leftovers\n|upkeep\n|inactive|Time left: 300 sec this turn | 300 sec total | 5 sec grace\n|\n|t:|1783556465\n|switch|p1a: Amoonguss|Amoonguss, L82, F|321/321\n|-damage|p1a: Amoonguss|281/321|[from] Stealth Rock\n|turn|10\n|inactive|Time left: 300 sec this turn | 300 sec total\n|\n|t:|1783556466\n|move|p2a: Leafeon|Substitute|p2a: Leafeon\n|-start|p2a: Leafeon|Substitute\n|-damage|p2a: Leafeon|38/100\n|move|p1a: Amoonguss|Sludge Bomb|p2a: Leafeon\n|-supereffective|p2a: Leafeon\n|-end|p2a: Leafeon|Substitute\n|\n|-heal|p2a: Leafeon|44/100|[from] item: Leftovers\n|upkeep\n|turn|11\n|inactive|Time left: 300 sec this turn | 300 sec total\n|\n|t:|1783556467\n|switch|p2a: Sudowoodo|Sudowoodo, L94, M|78/100 brn\n|move|p1a: Amoonguss|Sludge Bomb|p2a: Sudowoodo\n|-resisted|p2a: Sudowoodo\n|-crit|p2a: Sudowoodo\n|-damage|p2a: Sudowoodo|54/100 brn\n|\n|-heal|p2a: Sudowoodo|60/100 brn|[from] item: Leftovers\n|-damage|p2a: Sudowoodo|54/100 brn|[from] brn\n|upkeep\n|turn|12\n|inactive|Time left: 300 sec this turn | 300 sec total\n|\n|t:|1783556468\n|move|p2a: Sudowoodo|Head Smash|p1a: Amoonguss\n|-damage|p1a: Amoonguss|152/321\n|-damage|p2a: Sudowoodo|37/100 brn|[from] item: Rocky Helmet|[of] p1a: Amoonguss\n|move|p1a: Amoonguss|Giga Drain|p2a: Sudowoodo\n|-supereffective|p2a: Sudowoodo\n|-damage|p2a: Sudowoodo|0 fnt\n|-heal|p1a: Amoonguss|204/321|[from] drain|[of] p2a: Sudowoodo\n|faint|p2a: Sudowoodo\n|\n|upkeep\n|\n|t:|1783556469\n|switch|p2a: Slowking|Slowking, L88, M|100/100\n|turn|13\n|inactive|Time left: 300 sec this turn | 300 sec total\n|\n|t:|1783556470\n|switch|p1a: Toedscruel|Toedscruel, L87, M|281/281\n|-damage|p1a: Toedscruel|264/281|[from] Stealth Rock\n|move|p2a: Slowking|Psyshock|p1a: Toedscruel\n|-damage|p1a: Toedscruel|144/281\n|\n|-heal|p1a: Toedscruel|161/281|[from] item: Leftovers\n|upkeep\n|turn|14\n|inactive|Time left: 300 sec this turn | 300 sec total\n|\n|t:|1783556471\n|move|p2a: Slowking|Psyshock|p1a: Toedscruel\n|-damage|p1a: Toedscruel|52/281\n|move|p1a: Toedscruel|Toxic|p2a: Slowking\n|-status|p2a: Slowking|tox\n|\n|-heal|p1a: Toedscruel|69/281|[from] item: Leftovers\n|-damage|p2a: Slowking|94/100 tox|[from] psn\n|upkeep\n|turn|15\n|inactive|Time left: 300 sec this turn | 300 sec total\n|\n|t:|1783556472\n|move|p1a: Toedscruel|Giga Drain|p2a: Slowking\n|-supereffective|p2a: Slowking\n|-damage|p2a: Slowking|54/100 tox\n|-heal|p1a: Toedscruel|132/281|[from] drain|[of] p2a: Slowking\n|move|p2a: Slowking|Scald|p1a: Toedscruel\n|-damage|p1a: Toedscruel|63/281\n|\n|-heal|p1a: Toedscruel|80/281|[from] item: Leftovers\n|-damage|p2a: Slowking|41/100 tox|[from] psn\n|upkeep\n|turn|16\n|inactive|Time left: 300 sec this turn | 300 sec total\n|\n|t:|1783556473\n|switch|p2a: Leafeon|Leafeon, L88, M|44/100\n|move|p1a: Toedscruel|Giga Drain|p2a: Leafeon\n|-resisted|p2a: Leafeon\n|-crit|p2a: Leafeon\n|-damage|p2a: Leafeon|18/100\n|-heal|p1a: Toedscruel|113/281|[from] drain|[of] p2a: Leafeon\n|\n|-heal|p1a: Toedscruel|130/281|[from] item: Leftovers\n|-heal|p2a: Leafeon|25/100|[from] item: Leftovers\n|upkeep\n|turn|17\n|inactive|Time left: 300 sec this turn | 300 sec total\n|\n|t:|1783556474\n|move|p1a: Toedscruel|Giga Drain|p2a: Leafeon\n|-resisted|p2a: Leafeon\n|-damage|p2a: Leafeon|8/100\n|-heal|p1a: Toedscruel|152/281|[from] drain|[of] p2a: Leafeon\n|move|p2a: Leafeon|Leaf Blade|p1a: Toedscruel\n|-crit|p1a: Toedscruel\n|-damage|p1a: Toedscruel|0 fnt\n|faint|p1a: Toedscruel\n|\n|-heal|p2a: Leafeon|14/100|[from] item: Leftovers\n|upkeep\n|inactive|Time left: 300 sec this turn | 300 sec total | 5 sec grace\n|\n|t:|1783556475\n|switch|p1a: Amoonguss|Amoonguss, L82, F|311/321\n|-damage|p1a: Amoonguss|271/321|[from] Stealth Rock\n|turn|18\n|inactive|Time left: 300 sec this turn | 300 sec total\n|\n|t:|1783556476\n|switch|p2a: Slowking|Slowking, L88, M|75/100 tox\n|move|p1a: Amoonguss|Sludge Bomb|p2a: Slowking\n|-damage|p2a: Slowking|51/100 tox\n|\n|-damage|p2a: Slowking|45/100 tox|[from] psn\n|upkeep\n|turn|19\n|inactive|Time left: 300 sec this turn | 300 sec total\n|\n|t:|1783556477\n|move|p2a: Slowking|Slack Off|p2a: Slowking\n|-heal|p2a: Slowking|95/100 tox\n|move|p1a: Amoonguss|Giga Drain|p2a: Slowking\n|-supereffective|p2a: Slowking\n|-damage|p2a: Slowking|62/100 tox\n|-heal|p1a: Amoonguss|321/321|[from] drain|[of] p2a: Slowking\n|\n|-damage|p2a: Slowking|50/100 tox|[from] psn\n|upkeep\n|turn|20\n|inactive|Time left: 300 sec this turn | 300 sec total\n|\n|t:|1783556478\n|move|p2a: Slowking|Slack Off|p2a: Slowking\n|-heal|p2a: Slowking|99/100 tox\n|move|p1a: Amoonguss|Giga Drain|p2a: Slowking\n|-supereffective|p2a: Slowking\n|-crit|p2a: Slowking\n|-damage|p2a: Slowking|45/100 tox\n|\n|-damage|p2a: Slowking|27/100 tox|[from] psn\n|upkeep\n|turn|21\n|inactive|Time left: 300 sec this turn | 300 sec total\n|\n|t:|1783556479\n|move|p2a: Slowking|Psyshock|p1a: Amoonguss\n|-supereffective|p1a: Amoonguss\n|-damage|p1a: Amoonguss|79/321\n|move|p1a: Amoonguss|Sludge Bomb|p2a: Slowking\n|-damage|p2a: Slowking|6/100 tox\n|\n|-damage|p2a: Slowking|0 fnt|[from] psn\n|faint|p2a: Slowking\n|upkeep\n|\n|t:|1783556480\n|switch|p2a: Deoxys|Deoxys-Attack, L72|100/100\n|-ability|p2a: Deoxys|Pressure\n|turn|22\n|inactive|Time left: 300 sec this turn | 300 sec total\n|\n|t:|1783556481\n|switch|p1a: Weezing|Weezing, L88, F|258/258\n|-damage|p1a: Weezing|226/258|[from] Stealth Rock\n|move|p2a: Deoxys|Knock Off|p1a: Weezing\n|-damage|p1a: Weezing|144/258\n|-enditem|p1a: Weezing|Leftovers|[from] move: Knock Off|[of] p2a: Deoxys\n|-damage|p2a: Deoxys|91/100|[from] item: Life Orb\n|\n|upkeep\n|turn|23\n|inactive|Time left: 300 sec this turn | 300 sec total\n|\n|t:|1783556482\n|move|p2a: Deoxys|Psycho Boost|p1a: Weezing\n|-supereffective|p1a: Weezing\n|-damage|p1a: Weezing|0 fnt\n|-unboost|p2a: Deoxys|spa|2\n|faint|p1a: Weezing\n|-damage|p2a: Deoxys|81/100|[from] item: Life Orb\n|\n|upkeep\n|inactive|Time left: 300 sec this turn | 300 sec total | 5 sec grace\n|\n|t:|1783556484\n|switch|p1a: Necrozma|Necrozma-Dusk-Mane, L69|176/248\n|-damage|p1a: Necrozma|161/248|[from] Stealth Rock\n|turn|24\n|inactive|Time left: 300 sec this turn | 300 sec total\n|\n|t:|1783556484\n|-terastallize|p2a: Deoxys|Psychic\n|move|p2a: Deoxys|Knock Off|p1a: Necrozma\n|-supereffective|p1a: Necrozma\n|-damage|p1a: Necrozma|13/248\n|-enditem|p1a: Necrozma|Weakness Policy\n|-boost|p1a: Necrozma|atk|2|[from] item: Weakness Policy\n|-boost|p1a: Necrozma|spa|2|[from] item: Weakness Policy\n|-damage|p2a: Deoxys|71/100|[from] item: Life Orb\n|move|p1a: Necrozma|Sunsteel Strike|p2a: Deoxys\n|-damage|p2a: Deoxys|0 fnt\n|faint|p2a: Deoxys\n|\n|upkeep\n|\n|t:|1783556485\n|switch|p2a: Leafeon|Leafeon, L88, M|14/100\n|turn|25\n|inactive|Time left: 300 sec this turn | 300 sec total\n|\n|t:|1783556486\n|-terastallize|p1a: Necrozma|Water\n|move|p2a: Leafeon|Leaf Blade|p1a: Necrozma\n|-supereffective|p1a: Necrozma\n|-damage|p1a: Necrozma|0 fnt\n|faint|p1a: Necrozma\n|\n|-heal|p2a: Leafeon|20/100|[from] item: Leftovers\n|upkeep\n|inactive|Time left: 300 sec this turn | 300 sec total | 5 sec grace\n|\n|t:|1783556487\n|switch|p1a: Amoonguss|Amoonguss, L82, F|186/321\n|-damage|p1a: Amoonguss|146/321|[from] Stealth Rock\n|turn|26\n|inactive|Time left: 300 sec this turn | 300 sec total\n|\n|t:|1783556488\n|move|p2a: Leafeon|Substitute|p2a: Leafeon\n|-fail|p2a: Leafeon|move: Substitute|[weak]\n|move|p1a: Amoonguss|Sludge Bomb|p2a: Leafeon\n|-supereffective|p2a: Leafeon\n|-damage|p2a: Leafeon|0 fnt\n|faint|p2a: Leafeon\n|\n|win|p0x14928b68", "uploadtime": 1783556488, "views": 0, "rating": 0, "private": 0, "password": null, "_winner": "p0x14928b68", "_our_name": "p0x14928b68"}