{"id": "battle-gen9randombattle-399", "formatid": "gen9randombattle", "format": "[Gen 9] Random Battle", "players": ["p0x399aed5", "p0y3999373"], "log": "|init|battle\n|title|p0x399aed5 vs. p0y3999373\n|j|\u2606p0x399aed5\n|j|\u2606p0y3999373\n|t:|1783543708\n|gametype|singles\n|player|p1|p0x399aed5|2|\n|player|p2|p0y3999373|2|\n|gen|9\n|tier|[Gen 9] Random Battle\n|rule|Species Clause: Limit one of each Pok\u00e9mon\n|rule|HP Percentage Mod: HP is shown in percentages\n|rule|Sleep Clause Mod: Limit one foe put to sleep\n|rule|Illusion Level Mod: Illusion disguises the Pok\u00e9mon's true level\n|\n|t:|1783543708\n|teamsize|p1|6\n|teamsize|p2|6\n|start\n|switch|p1a: Araquanid|Araquanid, L82, F|246/246\n|switch|p2a: Rampardos|Rampardos, L90, F|100/100\n|turn|1\n|inactive|Battle timer is ON: inactive players will automatically lose when time's up. (requested by p0y3999373)\n|inactive|Time left: 300 sec this turn | 300 sec total | 60 sec grace\n|inactive|p0x399aed5 also wants the timer to be on.\n|\n|t:|1783543710\n|switch|p1a: Mudsdale|Mudsdale, L83, F|302/302\n|move|p2a: Rampardos|Head Smash|p1a: Mudsdale|[miss]\n|-miss|p2a: Rampardos|p1a: Mudsdale\n|\n|upkeep\n|turn|2\n|inactive|Time left: 300 sec this turn | 300 sec total\n|\n|t:|1783543712\n|switch|p2a: Rillaboom|Rillaboom, L79, F|100/100\n|-fieldstart|move: Grassy Terrain|[from] ability: Grassy Surge|[of] p2a: Rillaboom\n|move|p1a: Mudsdale|Stealth Rock|p2a: Rillaboom\n|-sidestart|p2: p0y3999373|move: Stealth Rock\n|\n|upkeep\n|turn|3\n|inactive|Time left: 300 sec this turn | 300 sec total\n|\n|t:|1783543713\n|-terastallize|p1a: Mudsdale|Steel\n|move|p2a: Rillaboom|Wood Hammer|p1a: Mudsdale\n|-resisted|p1a: Mudsdale\n|-damage|p1a: Mudsdale|178/302\n|-ability|p1a: Mudsdale|Stamina|boost\n|-boost|p1a: Mudsdale|def|1\n|-damage|p2a: Rillaboom|86/100|[from] Recoil\n|move|p1a: Mudsdale|Heavy Slam|p2a: Rillaboom\n|-damage|p2a: Rillaboom|28/100\n|\n|-heal|p2a: Rillaboom|34/100|[from] Grassy Terrain\n|-heal|p1a: Mudsdale|196/302|[from] Grassy Terrain\n|-heal|p1a: Mudsdale|214/302|[from] item: Leftovers\n|upkeep\n|turn|4\n|inactive|Time left: 300 sec this turn | 300 sec total\n|\n|t:|1783543714\n|switch|p2a: Chesnaught|Chesnaught, L84, F|100/100\n|-damage|p2a: Chesnaught|95/100|[from] Stealth Rock\n|move|p1a: Mudsdale|Heavy Slam|p2a: Chesnaught\n|-damage|p2a: Chesnaught|50/100\n|-damage|p1a: Mudsdale|164/302|[from] item: Rocky Helmet|[of] p2a: Chesnaught\n|\n|-heal|p2a: Chesnaught|56/100|[from] Grassy Terrain\n|-heal|p1a: Mudsdale|182/302|[from] Grassy Terrain\n|-heal|p1a: Mudsdale|200/302|[from] item: Leftovers\n|upkeep\n|turn|5\n|inactive|Time left: 300 sec this turn | 300 sec total\n|\n|t:|1783543715\n|move|p2a: Chesnaught|Body Press|p1a: Mudsdale\n|-supereffective|p1a: Mudsdale\n|-crit|p1a: Mudsdale\n|-damage|p1a: Mudsdale|0 fnt\n|faint|p1a: Mudsdale\n|\n|-heal|p2a: Chesnaught|62/100|[from] Grassy Terrain\n|upkeep\n|inactive|Time left: 300 sec this turn | 300 sec total | 5 sec grace\n|\n|t:|1783543716\n|switch|p1a: Araquanid|Araquanid, L82, F|246/246\n|turn|6\n|inactive|Time left: 300 sec this turn | 300 sec total\n|\n|t:|1783543718\n|move|p2a: Chesnaught|Wood Hammer|p1a: Araquanid\n|-damage|p1a: Araquanid|69/246\n|-damage|p2a: Chesnaught|42/100|[from] Recoil\n|move|p1a: Araquanid|Sticky Web|p2a: Chesnaught\n|-sidestart|p2: p0y3999373|move: Sticky Web\n|\n|-heal|p2a: Chesnaught|48/100|[from] Grassy Terrain\n|-heal|p1a: Araquanid|84/246|[from] Grassy Terrain\n|-fieldend|move: Grassy Terrain\n|upkeep\n|turn|7\n|inactive|Time left: 300 sec this turn | 300 sec total\n|\n|t:|1783543719\n|switch|p1a: Florges|Florges-Orange, L85, F|271/271\n|move|p2a: Chesnaught|Knock Off|p1a: Florges\n|-resisted|p1a: Florges\n|-damage|p1a: Florges|225/271\n|-enditem|p1a: Florges|Leftovers|[from] move: Knock Off|[of] p2a: Chesnaught\n|\n|upkeep\n|turn|8\n|inactive|Time left: 300 sec this turn | 300 sec total\n|\n|t:|1783543720\n|move|p1a: Florges|Moonblast|p2a: Chesnaught\n|-supereffective|p2a: Chesnaught\n|-crit|p2a: Chesnaught\n|-damage|p2a: Chesnaught|0 fnt\n|faint|p2a: Chesnaught\n|\n|upkeep\n|\n|t:|1783543721\n|switch|p2a: Rampardos|Rampardos, L90, F|100/100\n|-damage|p2a: Rampardos|88/100|[from] Stealth Rock\n|-activate|p2a: Rampardos|move: Sticky Web\n|-unboost|p2a: Rampardos|spe|1\n|turn|9\n|inactive|Time left: 300 sec this turn | 300 sec total\n|\n|t:|1783543722\n|move|p1a: Florges|Protect|p1a: Florges\n|-singleturn|p1a: Florges|Protect\n|move|p2a: Rampardos|Rock Slide|p1a: Florges\n|-activate|p1a: Florges|move: Protect\n|\n|upkeep\n|turn|10\n|inactive|Time left: 300 sec this turn | 300 sec total\n|\n|t:|1783543723\n|move|p1a: Florges|Moonblast|p2a: Rampardos\n|-damage|p2a: Rampardos|38/100\n|-unboost|p2a: Rampardos|spa|1\n|move|p2a: Rampardos|Rock Slide|p1a: Florges\n|-crit|p1a: Florges\n|-damage|p1a: Florges|0 fnt\n|faint|p1a: Florges\n|\n|upkeep\n|inactive|Time left: 300 sec this turn | 300 sec total | 5 sec grace\n|\n|t:|1783543724\n|switch|p1a: Mew|Mew, L82|298/298\n|turn|11\n|inactive|Time left: 300 sec this turn | 300 sec total\n|\n|t:|1783543725\n|move|p1a: Mew|Swords Dance|p1a: Mew\n|-boost|p1a: Mew|atk|2\n|move|p2a: Rampardos|Rock Slide|p1a: Mew\n|-damage|p1a: Mew|118/298\n|\n|upkeep\n|turn|12\n|inactive|Time left: 300 sec this turn | 300 sec total\n|\n|t:|1783543726\n|move|p1a: Mew|Close Combat|p2a: Rampardos\n|-supereffective|p2a: Rampardos\n|-damage|p2a: Rampardos|0 fnt\n|-unboost|p1a: Mew|def|1\n|-unboost|p1a: Mew|spd|1\n|faint|p2a: Rampardos\n|-damage|p1a: Mew|89/298|[from] item: Life Orb\n|\n|upkeep\n|\n|t:|1783543727\n|switch|p2a: Rillaboom|Rillaboom, L79, F|34/100\n|-damage|p2a: Rillaboom|22/100|[from] Stealth Rock\n|-activate|p2a: Rillaboom|move: Sticky Web\n|-unboost|p2a: Rillaboom|spe|1\n|-fieldstart|move: Grassy Terrain|[from] ability: Grassy Surge|[of] p2a: Rillaboom\n|turn|13\n|inactive|Time left: 300 sec this turn | 300 sec total\n|\n|t:|1783543728\n|move|p2a: Rillaboom|Grassy Glide|p1a: Mew\n|-damage|p1a: Mew|0 fnt\n|faint|p1a: Mew\n|\n|-heal|p2a: Rillaboom|28/100|[from] Grassy Terrain\n|upkeep\n|inactive|Time left: 300 sec this turn | 300 sec total | 5 sec grace\n|\n|t:|1783543729\n|switch|p1a: Grimmsnarl|Grimmsnarl, L83, M|293/293\n|turn|14\n|inactive|Time left: 300 sec this turn | 300 sec total\n|\n|t:|1783543730\n|move|p2a: Rillaboom|Grassy Glide|p1a: Grimmsnarl\n|-damage|p1a: Grimmsnarl|148/293\n|move|p1a: Grimmsnarl|Spirit Break|p2a: Rillaboom\n|-damage|p2a: Rillaboom|0 fnt\n|faint|p2a: Rillaboom\n|\n|-heal|p1a: Grimmsnarl|166/293|[from] Grassy Terrain\n|-heal|p1a: Grimmsnarl|184/293|[from] item: Leftovers\n|upkeep\n|\n|t:|1783543731\n|switch|p2a: Glimmora|Glimmora, L75, M|100/100\n|-damage|p2a: Glimmora|88/100|[from] Stealth Rock\n|-activate|p2a: Glimmora|move: Sticky Web\n|-unboost|p2a: Glimmora|spe|1\n|turn|15\n|inactive|Time left: 300 sec this turn | 300 sec total\n|\n|t:|1783543731\n|move|p1a: Grimmsnarl|Spirit Break|p2a: Glimmora\n|-resisted|p2a: Glimmora\n|-damage|p2a: Glimmora|67/100\n|-unboost|p2a: Glimmora|spa|1\n|-activate|p2a: Glimmora|ability: Toxic Debris\n|-sidestart|p1: p0x399aed5|move: Toxic Spikes\n|move|p2a: Glimmora|Meteor Beam||[still]\n|-prepare|p2a: Glimmora|Meteor Beam\n|-boost|p2a: Glimmora|spa|1\n|-enditem|p2a: Glimmora|Power Herb\n|-anim|p2a: Glimmora|Meteor Beam|p1a: Grimmsnarl\n|-damage|p1a: Grimmsnarl|31/293\n|\n|-heal|p1a: Grimmsnarl|49/293|[from] Grassy Terrain\n|-heal|p1a: Grimmsnarl|67/293|[from] item: Leftovers\n|-heal|p2a: Glimmora|73/100|[from] Grassy Terrain\n|upkeep\n|turn|16\n|inactive|Time left: 300 sec this turn | 300 sec total\n|\n|t:|1783543732\n|move|p1a: Grimmsnarl|Spirit Break|p2a: Glimmora\n|-resisted|p2a: Glimmora\n|-damage|p2a: Glimmora|52/100\n|-unboost|p2a: Glimmora|spa|1\n|-activate|p2a: Glimmora|ability: Toxic Debris\n|-sidestart|p1: p0x399aed5|move: Toxic Spikes\n|move|p2a: Glimmora|Sludge Wave|p1a: Grimmsnarl\n|-supereffective|p1a: Grimmsnarl\n|-damage|p1a: Grimmsnarl|0 fnt\n|faint|p1a: Grimmsnarl\n|\n|-heal|p2a: Glimmora|58/100|[from] Grassy Terrain\n|upkeep\n|inactive|Time left: 300 sec this turn | 300 sec total | 5 sec grace\n|\n|t:|1783543733\n|switch|p1a: Tentacruel|Tentacruel, L84, F|272/272\n|-sideend|p1: p0x399aed5|move: Toxic Spikes|[of] p1a: Tentacruel\n|turn|17\n|inactive|Time left: 300 sec this turn | 300 sec total\n|\n|t:|1783543733\n|switch|p2a: Banette|Banette, L93, M|100/100\n|-damage|p2a: Banette|88/100|[from] Stealth Rock\n|-activate|p2a: Banette|move: Sticky Web\n|-unboost|p2a: Banette|spe|1\n|move|p1a: Tentacruel|Surf|p2a: Banette\n|-damage|p2a: Banette|55/100\n|-start|p1a: Tentacruel|Disable|Surf|[from] ability: Cursed Body|[of] p2a: Banette\n|\n|-heal|p2a: Banette|60/100|[from] Grassy Terrain\n|-fieldend|move: Grassy Terrain\n|upkeep\n|turn|18\n|inactive|Time left: 300 sec this turn | 300 sec total\n|\n|t:|1783543734\n|switch|p1a: Araquanid|Araquanid, L82, F|84/246\n|-terastallize|p2a: Banette|Ghost\n|move|p2a: Banette|Poltergeist|p1a: Araquanid\n|-activate|p1a: Araquanid|move: Poltergeist|Heavy-Duty Boots\n|-damage|p1a: Araquanid|0 fnt\n|faint|p1a: Araquanid\n|-damage|p2a: Banette|50/100|[from] item: Life Orb\n|\n|upkeep\n|inactive|Time left: 300 sec this turn | 300 sec total | 5 sec grace\n|\n|t:|1783543735\n|switch|p1a: Tentacruel|Tentacruel, L84, F|272/272\n|turn|19\n|inactive|Time left: 300 sec this turn | 300 sec total\n|\n|t:|1783543736\n|move|p1a: Tentacruel|Surf|p2a: Banette\n|-damage|p2a: Banette|17/100\n|move|p2a: Banette|Poltergeist|p1a: Tentacruel\n|-activate|p1a: Tentacruel|move: Poltergeist|Leftovers\n|-damage|p1a: Tentacruel|0 fnt\n|faint|p1a: Tentacruel\n|-damage|p2a: Banette|7/100|[from] item: Life Orb\n|\n|win|p0y3999373", "uploadtime": 1783543736, "views": 0, "rating": 0, "private": 0, "password": null, "_winner": "p0y3999373", "_our_name": "p0x399aed5"}