{"id": "battle-gen9randombattle-1374", "formatid": "gen9randombattle", "format": "[Gen 9] Random Battle", "players": ["p0x1374f99c", "p0y1374d5cd"], "log": "|init|battle\n|title|p0x1374f99c vs. p0y1374d5cd\n|j|\u2606p0x1374f99c\n|j|\u2606p0y1374d5cd\n|t:|1783555052\n|gametype|singles\n|player|p1|p0x1374f99c|102|\n|player|p2|p0y1374d5cd|2|\n|gen|9\n|tier|[Gen 9] Random Battle\n|rule|Species Clause: Limit one of each Pok\u00e9mon\n|rule|HP Percentage Mod: HP is shown in percentages\n|rule|Sleep Clause Mod: Limit one foe put to sleep\n|rule|Illusion Level Mod: Illusion disguises the Pok\u00e9mon's true level\n|\n|t:|1783555052\n|teamsize|p1|6\n|teamsize|p2|6\n|start\n|switch|p1a: Minior|Minior-Violet, L79|100/100\n|switch|p2a: Regieleki|Regieleki, L79|256/256\n|-formechange|p1a: Minior|Minior-Meteor||[from] ability: Shields Down\n|turn|1\n|inactive|Battle timer is ON: inactive players will automatically lose when time's up. (requested by p0x1374f99c)\n|inactive|Time left: 300 sec this turn | 300 sec total | 60 sec grace\n|inactive|p0y1374d5cd also wants the timer to be on.\n|\n|t:|1783555054\n|-terastallize|p1a: Minior|Steel\n|move|p2a: Regieleki|Thunderbolt|p1a: Minior\n|-damage|p1a: Minior|39/100\n|move|p1a: Minior|Shell Smash|p1a: Minior\n|-unboost|p1a: Minior|def|1\n|-unboost|p1a: Minior|spd|1\n|-boost|p1a: Minior|atk|2\n|-boost|p1a: Minior|spa|2\n|-boost|p1a: Minior|spe|2\n|-enditem|p1a: Minior|White Herb\n|-clearnegativeboost|p1a: Minior|[silent]\n|\n|-formechange|p1a: Minior|Minior-Violet||[from] ability: Shields Down\n|upkeep\n|turn|2\n|inactive|Time left: 300 sec this turn | 300 sec total\n|\n|t:|1783555055\n|move|p1a: Minior|Earthquake|p2a: Regieleki\n|-supereffective|p2a: Regieleki\n|-damage|p2a: Regieleki|0 fnt\n|faint|p2a: Regieleki\n|\n|upkeep\n|inactive|Time left: 300 sec this turn | 300 sec total | 5 sec grace\n|\n|t:|1783555056\n|switch|p2a: Glimmora|Glimmora, L75, F|248/248\n|turn|3\n|inactive|Time left: 300 sec this turn | 300 sec total\n|\n|t:|1783555057\n|-terastallize|p2a: Glimmora|Ground\n|move|p1a: Minior|Acrobatics|p2a: Glimmora\n|-damage|p2a: Glimmora|31/248\n|-activate|p2a: Glimmora|ability: Toxic Debris\n|-sidestart|p1: p0x1374f99c|move: Toxic Spikes\n|move|p2a: Glimmora|Earth Power|p1a: Minior\n|-supereffective|p1a: Minior\n|-damage|p1a: Minior|0 fnt\n|faint|p1a: Minior\n|\n|upkeep\n|\n|t:|1783555059\n|switch|p1a: Falinks|Falinks, L84|100/100\n|-status|p1a: Falinks|psn\n|turn|4\n|inactive|Time left: 300 sec this turn | 300 sec total\n|\n|t:|1783555060\n|move|p1a: Falinks|No Retreat|p1a: Falinks\n|-boost|p1a: Falinks|atk|1\n|-boost|p1a: Falinks|def|1\n|-boost|p1a: Falinks|spa|1\n|-boost|p1a: Falinks|spd|1\n|-boost|p1a: Falinks|spe|1\n|-start|p1a: Falinks|move: No Retreat\n|move|p2a: Glimmora|Sludge Wave|p1a: Falinks\n|-damage|p1a: Falinks|64/100 psn\n|\n|-damage|p1a: Falinks|52/100 psn|[from] psn\n|upkeep\n|turn|5\n|inactive|Time left: 300 sec this turn | 300 sec total\n|\n|t:|1783555061\n|move|p1a: Falinks|Iron Head|p2a: Glimmora\n|-damage|p2a: Glimmora|0 fnt\n|-activate|p2a: Glimmora|ability: Toxic Debris\n|-sidestart|p1: p0x1374f99c|move: Toxic Spikes\n|faint|p2a: Glimmora\n|-damage|p1a: Falinks|42/100 psn|[from] item: Life Orb\n|\n|-damage|p1a: Falinks|30/100 psn|[from] psn\n|upkeep\n|inactive|Time left: 300 sec this turn | 300 sec total | 5 sec grace\n|\n|t:|1783555062\n|switch|p2a: Emboar|Emboar, L84, F|322/322\n|turn|6\n|inactive|Time left: 300 sec this turn | 300 sec total\n|\n|t:|1783555063\n|move|p1a: Falinks|Close Combat|p2a: Emboar\n|-damage|p2a: Emboar|6/322\n|-unboost|p1a: Falinks|def|1\n|-unboost|p1a: Falinks|spd|1\n|-damage|p1a: Falinks|20/100 psn|[from] item: Life Orb\n|move|p2a: Emboar|Trailblaze|p1a: Falinks\n|-damage|p1a: Falinks|5/100 psn\n|-boost|p2a: Emboar|spe|1\n|\n|-heal|p2a: Emboar|26/322|[from] item: Leftovers\n|-damage|p1a: Falinks|0 fnt|[from] psn\n|faint|p1a: Falinks\n|upkeep\n|\n|t:|1783555065\n|switch|p1a: Chandelure|Chandelure, L83, F|100/100\n|turn|7\n|inactive|Time left: 300 sec this turn | 300 sec total\n|\n|t:|1783555066\n|move|p2a: Emboar|Flare Blitz|p1a: Chandelure\n|-resisted|p1a: Chandelure\n|-damage|p1a: Chandelure|60/100\n|-damage|p2a: Emboar|0 fnt|[from] Recoil\n|faint|p2a: Emboar\n|move|p1a: Chandelure|Calm Mind|p1a: Chandelure\n|-boost|p1a: Chandelure|spa|1\n|-boost|p1a: Chandelure|spd|1\n|\n|upkeep\n|inactive|Time left: 300 sec this turn | 300 sec total | 5 sec grace\n|\n|t:|1783555067\n|switch|p2a: Staraptor|Staraptor, L79, F|263/263\n|turn|8\n|inactive|Time left: 300 sec this turn | 300 sec total\n|\n|t:|1783555068\n|move|p2a: Staraptor|Brave Bird|p1a: Chandelure\n|-damage|p1a: Chandelure|0 fnt\n|faint|p1a: Chandelure\n|-damage|p2a: Staraptor|217/263|[from] Recoil\n|\n|upkeep\n|\n|t:|1783555069\n|switch|p1a: Smeargle|Smeargle, L95, F|100/100\n|-status|p1a: Smeargle|tox\n|turn|9\n|inactive|Time left: 300 sec this turn | 300 sec total\n|\n|t:|1783555070\n|move|p2a: Staraptor|Brave Bird|p1a: Smeargle\n|-enditem|p1a: Smeargle|Focus Sash\n|-damage|p1a: Smeargle|1/100 tox\n|-damage|p2a: Staraptor|132/263|[from] Recoil\n|move|p1a: Smeargle|Spore|p2a: Staraptor\n|-status|p2a: Staraptor|slp|[from] move: Spore\n|\n|-damage|p1a: Smeargle|0 fnt|[from] psn\n|faint|p1a: Smeargle\n|upkeep\n|\n|t:|1783555071\n|switch|p1a: Lokix|Lokix, L82, M|100/100\n|-status|p1a: Lokix|tox\n|turn|10\n|inactive|Time left: 300 sec this turn | 300 sec total\n|\n|t:|1783555072\n|cant|p2a: Staraptor|slp\n|move|p1a: Lokix|Swords Dance|p1a: Lokix\n|-boost|p1a: Lokix|atk|2\n|\n|-damage|p1a: Lokix|95/100 tox|[from] psn\n|upkeep\n|turn|11\n|inactive|Time left: 300 sec this turn | 300 sec total\n|\n|t:|1783555073\n|move|p1a: Lokix|Sucker Punch|p2a: Staraptor\n|-damage|p2a: Staraptor|0 fnt\n|faint|p2a: Staraptor\n|-damage|p1a: Lokix|85/100 tox|[from] item: Life Orb\n|\n|-damage|p1a: Lokix|73/100 tox|[from] psn\n|upkeep\n|inactive|Time left: 300 sec this turn | 300 sec total | 5 sec grace\n|\n|t:|1783555074\n|switch|p2a: Sawsbuck|Sawsbuck, L88, M|284/284\n|turn|12\n|inactive|Time left: 300 sec this turn | 300 sec total\n|\n|t:|1783555075\n|move|p2a: Sawsbuck|Double-Edge|p1a: Lokix\n|-damage|p1a: Lokix|0 fnt\n|faint|p1a: Lokix\n|-damage|p2a: Sawsbuck|224/284|[from] Recoil\n|-damage|p2a: Sawsbuck|196/284|[from] item: Life Orb\n|\n|upkeep\n|\n|t:|1783555075\n|switch|p1a: Crawdaunt|Crawdaunt, L84, F|100/100\n|-status|p1a: Crawdaunt|tox\n|turn|13\n|inactive|Time left: 300 sec this turn | 300 sec total\n|\n|t:|1783555076\n|move|p2a: Sawsbuck|Horn Leech|p1a: Crawdaunt\n|-supereffective|p1a: Crawdaunt\n|-damage|p1a: Crawdaunt|0 fnt\n|-heal|p2a: Sawsbuck|284/284|[from] drain|[of] p1a: Crawdaunt\n|faint|p1a: Crawdaunt\n|-damage|p2a: Sawsbuck|256/284|[from] item: Life Orb\n|\n|win|p0y1374d5cd", "uploadtime": 1783555076, "views": 0, "rating": 0, "private": 0, "password": null, "_winner": "p0y1374d5cd", "_our_name": "p0y1374d5cd"}