{"id": "battle-gen9randombattle-2134", "formatid": "gen9randombattle", "format": "[Gen 9] Random Battle", "players": ["p0x21343c74", "p0y213494af"], "log": "|init|battle\n|title|p0x21343c74 vs. p0y213494af\n|j|\u2606p0x21343c74\n|j|\u2606p0y213494af\n|t:|1783564689\n|gametype|singles\n|player|p1|p0x21343c74|101|\n|player|p2|p0y213494af|265|\n|gen|9\n|tier|[Gen 9] Random Battle\n|rule|Species Clause: Limit one of each Pok\u00e9mon\n|rule|HP Percentage Mod: HP is shown in percentages\n|rule|Sleep Clause Mod: Limit one foe put to sleep\n|rule|Illusion Level Mod: Illusion disguises the Pok\u00e9mon's true level\n|\n|t:|1783564689\n|teamsize|p1|6\n|teamsize|p2|6\n|start\n|switch|p1a: Feraligatr|Feraligatr, L79, M|264/264\n|switch|p2a: Dewgong|Dewgong, L94, M|100/100\n|turn|1\n|inactive|Battle timer is ON: inactive players will automatically lose when time's up. (requested by p0y213494af)\n|inactive|Time left: 300 sec this turn | 300 sec total | 60 sec grace\n|inactive|p0x21343c74 also wants the timer to be on.\n|\n|t:|1783564691\n|move|p2a: Dewgong|Surf|p1a: Feraligatr\n|-resisted|p1a: Feraligatr\n|-damage|p1a: Feraligatr|211/264\n|move|p1a: Feraligatr|Dragon Dance|p1a: Feraligatr\n|-boost|p1a: Feraligatr|atk|1\n|-boost|p1a: Feraligatr|spe|1\n|\n|upkeep\n|turn|2\n|inactive|Time left: 300 sec this turn | 300 sec total\n|\n|t:|1783564692\n|move|p1a: Feraligatr|Dragon Dance|p1a: Feraligatr\n|-boost|p1a: Feraligatr|atk|1\n|-boost|p1a: Feraligatr|spe|1\n|move|p2a: Dewgong|Surf|p1a: Feraligatr\n|-resisted|p1a: Feraligatr\n|-damage|p1a: Feraligatr|164/264\n|\n|upkeep\n|turn|3\n|inactive|Time left: 300 sec this turn | 300 sec total\n|\n|t:|1783564693\n|move|p1a: Feraligatr|Trailblaze|p2a: Dewgong\n|-supereffective|p2a: Dewgong\n|-damage|p2a: Dewgong|37/100\n|move|p2a: Dewgong|Knock Off|p1a: Feraligatr\n|-damage|p1a: Feraligatr|96/264\n|-enditem|p1a: Feraligatr|Life Orb|[from] move: Knock Off|[of] p2a: Dewgong\n|\n|upkeep\n|turn|4\n|inactive|Time left: 300 sec this turn | 300 sec total\n|\n|t:|1783564694\n|move|p1a: Feraligatr|Liquidation|p2a: Dewgong\n|-resisted|p2a: Dewgong\n|-damage|p2a: Dewgong|2/100\n|move|p2a: Dewgong|Flip Turn|p1a: Feraligatr\n|-resisted|p1a: Feraligatr\n|-damage|p1a: Feraligatr|68/264\n|\n|t:|1783564695\n|switch|p2a: Raging Bolt|Raging Bolt, L78|100/100|[from] Flip Turn\n|\n|upkeep\n|turn|5\n|inactive|Time left: 300 sec this turn | 300 sec total\n|\n|t:|1783564696\n|move|p1a: Feraligatr|Ice Punch|p2a: Raging Bolt\n|-supereffective|p2a: Raging Bolt\n|-damage|p2a: Raging Bolt|24/100\n|move|p2a: Raging Bolt|Thunderbolt|p1a: Feraligatr\n|-supereffective|p1a: Feraligatr\n|-damage|p1a: Feraligatr|0 fnt\n|faint|p1a: Feraligatr\n|\n|-heal|p2a: Raging Bolt|30/100|[from] item: Leftovers\n|upkeep\n|inactive|Time left: 300 sec this turn | 300 sec total | 5 sec grace\n|\n|t:|1783564698\n|switch|p1a: Revavroom|Revavroom, L79, F|256/256\n|turn|6\n|inactive|Time left: 300 sec this turn | 300 sec total\n|\n|t:|1783564699\n|move|p1a: Revavroom|Shift Gear|p1a: Revavroom\n|-boost|p1a: Revavroom|spe|2\n|-boost|p1a: Revavroom|atk|1\n|move|p2a: Raging Bolt|Thunderbolt|p1a: Revavroom\n|-damage|p1a: Revavroom|102/256\n|\n|-heal|p2a: Raging Bolt|36/100|[from] item: Leftovers\n|upkeep\n|turn|7\n|inactive|Time left: 300 sec this turn | 300 sec total\n|\n|t:|1783564700\n|move|p2a: Raging Bolt|Thunderclap|p1a: Revavroom\n|-damage|p1a: Revavroom|0 fnt\n|faint|p1a: Revavroom\n|\n|-heal|p2a: Raging Bolt|42/100|[from] item: Leftovers\n|upkeep\n|inactive|Time left: 300 sec this turn | 300 sec total | 5 sec grace\n|\n|t:|1783564701\n|switch|p1a: Palkia|Palkia, L75|259/259\n|-ability|p1a: Palkia|Pressure\n|turn|8\n|inactive|Time left: 300 sec this turn | 300 sec total\n|\n|t:|1783564702\n|move|p1a: Palkia|Spacial Rend|p2a: Raging Bolt\n|-supereffective|p2a: Raging Bolt\n|-damage|p2a: Raging Bolt|0 fnt\n|faint|p2a: Raging Bolt\n|-end|p2a: Raging Bolt|Protosynthesis|[silent]\n|\n|upkeep\n|\n|t:|1783564703\n|switch|p2a: Metagross|Metagross, L79|100/100\n|turn|9\n|inactive|Time left: 300 sec this turn | 300 sec total\n|\n|t:|1783564704\n|move|p1a: Palkia|Spacial Rend|p2a: Metagross\n|-resisted|p2a: Metagross\n|-damage|p2a: Metagross|76/100\n|move|p2a: Metagross|Psychic Fangs|p1a: Palkia\n|-damage|p1a: Palkia|148/259\n|\n|upkeep\n|turn|10\n|inactive|Time left: 300 sec this turn | 300 sec total\n|\n|t:|1783564705\n|switch|p1a: Brute Bonnet|Brute Bonnet, L80|309/309\n|move|p2a: Metagross|Psychic Fangs|p1a: Brute Bonnet\n|-immune|p1a: Brute Bonnet\n|\n|upkeep\n|turn|11\n|inactive|Time left: 300 sec this turn | 300 sec total\n|\n|t:|1783564706\n|switch|p2a: Regirock|Regirock, L83|100/100\n|move|p1a: Brute Bonnet|Crunch|p2a: Regirock\n|-damage|p2a: Regirock|81/100\n|\n|upkeep\n|turn|12\n|inactive|Time left: 300 sec this turn | 300 sec total\n|\n|t:|1783564707\n|-end|p1a: Brute Bonnet|Protosynthesis|[silent]\n|switch|p1a: Meowstic|Meowstic, L89, M|277/277\n|move|p2a: Regirock|Body Press|p1a: Meowstic\n|-resisted|p1a: Meowstic\n|-damage|p1a: Meowstic|228/277\n|\n|upkeep\n|turn|13\n|inactive|Time left: 300 sec this turn | 300 sec total\n|\n|t:|1783564708\n|move|p1a: Meowstic|Light Screen|p1a: Meowstic\n|-sidestart|p1: p0x21343c74|move: Light Screen\n|move|p2a: Regirock|Stone Edge|p1a: Meowstic|[miss]\n|-miss|p2a: Regirock|p1a: Meowstic\n|\n|upkeep\n|turn|14\n|inactive|Time left: 300 sec this turn | 300 sec total\n|\n|t:|1783564709\n|move|p1a: Meowstic|Reflect|p1a: Meowstic\n|-sidestart|p1: p0x21343c74|Reflect\n|move|p2a: Regirock|Stone Edge|p1a: Meowstic|[miss]\n|-miss|p2a: Regirock|p1a: Meowstic\n|\n|upkeep\n|turn|15\n|inactive|Time left: 300 sec this turn | 300 sec total\n|\n|t:|1783564710\n|switch|p1a: Vespiquen|Vespiquen, L99, F|299/299\n|-ability|p1a: Vespiquen|Pressure\n|switch|p2a: Metagross|Metagross, L79|76/100\n|\n|upkeep\n|turn|16\n|inactive|Time left: 300 sec this turn | 300 sec total\n|\n|t:|1783564711\n|move|p2a: Metagross|Agility|p2a: Metagross\n|-boost|p2a: Metagross|spe|2\n|move|p1a: Vespiquen|Hurricane|p2a: Metagross|[miss]\n|-miss|p1a: Vespiquen|p2a: Metagross\n|\n|upkeep\n|turn|17\n|inactive|Time left: 300 sec this turn | 300 sec total\n|\n|t:|1783564712\n|move|p2a: Metagross|Psychic Fangs|p1a: Vespiquen\n|-sideend|p1: p0x21343c74|Reflect\n|-sideend|p1: p0x21343c74|move: Light Screen\n|-damage|p1a: Vespiquen|226/299\n|move|p1a: Vespiquen|U-turn|p2a: Metagross\n|-damage|p2a: Metagross|47/100\n|inactive|Time left: 300 sec this turn | 300 sec total | 5 sec grace\n|\n|t:|1783564713\n|switch|p1a: Palkia|Palkia, L75|148/259|[from] U-turn\n|-ability|p1a: Palkia|Pressure\n|\n|upkeep\n|turn|18\n|inactive|Time left: 300 sec this turn | 300 sec total\n|\n|t:|1783564714\n|move|p2a: Metagross|Psychic Fangs|p1a: Palkia\n|-damage|p1a: Palkia|43/259\n|move|p1a: Palkia|Hydro Pump|p2a: Metagross\n|-damage|p2a: Metagross|0 fnt\n|faint|p2a: Metagross\n|\n|upkeep\n|\n|t:|1783564714\n|switch|p2a: Salamence|Salamence, L77, M|100/100\n|turn|19\n|inactive|Time left: 300 sec this turn | 300 sec total\n|\n|t:|1783564715\n|switch|p1a: Meowstic|Meowstic, L89, M|228/277\n|move|p2a: Salamence|Dragon Dance|p2a: Salamence\n|-boost|p2a: Salamence|atk|1\n|-boost|p2a: Salamence|spe|1\n|\n|upkeep\n|turn|20\n|inactive|Time left: 300 sec this turn | 300 sec total\n|\n|t:|1783564716\n|move|p1a: Meowstic|Reflect|p1a: Meowstic\n|-sidestart|p1: p0x21343c74|Reflect\n|move|p2a: Salamence|Dragon Dance|p2a: Salamence\n|-boost|p2a: Salamence|atk|1\n|-boost|p2a: Salamence|spe|1\n|\n|upkeep\n|turn|21\n|inactive|Time left: 300 sec this turn | 300 sec total\n|\n|t:|1783564717\n|move|p1a: Meowstic|Yawn|p2a: Salamence\n|-start|p2a: Salamence|move: Yawn|[of] p1a: Meowstic\n|move|p2a: Salamence|Dual Wingbeat|p1a: Meowstic\n|-damage|p1a: Meowstic|183/277\n|-damage|p1a: Meowstic|136/277\n|-hitcount|p1a: Meowstic|2\n|\n|upkeep\n|turn|22\n|inactive|Time left: 300 sec this turn | 300 sec total\n|\n|t:|1783564717\n|move|p1a: Meowstic|Light Screen|p1a: Meowstic\n|-sidestart|p1: p0x21343c74|move: Light Screen\n|move|p2a: Salamence|Dual Wingbeat|p1a: Meowstic\n|-damage|p1a: Meowstic|88/277\n|-damage|p1a: Meowstic|37/277\n|-hitcount|p1a: Meowstic|2\n|\n|-end|p2a: Salamence|move: Yawn|[silent]\n|-status|p2a: Salamence|slp\n|upkeep\n|turn|23\n|inactive|Time left: 300 sec this turn | 300 sec total\n|\n|t:|1783564718\n|switch|p1a: Palkia|Palkia, L75|43/259\n|-ability|p1a: Palkia|Pressure\n|cant|p2a: Salamence|slp\n|\n|upkeep\n|turn|24\n|inactive|Time left: 300 sec this turn | 300 sec total\n|\n|t:|1783564719\n|cant|p2a: Salamence|slp\n|move|p1a: Palkia|Draco Meteor|p2a: Salamence\n|-supereffective|p2a: Salamence\n|-damage|p2a: Salamence|0 fnt\n|-unboost|p1a: Palkia|spa|2\n|faint|p2a: Salamence\n|\n|upkeep\n|\n|t:|1783564720\n|switch|p2a: Regirock|Regirock, L83|81/100\n|turn|25\n|inactive|Time left: 300 sec this turn | 300 sec total\n|\n|t:|1783564720\n|move|p1a: Palkia|Draco Meteor|p2a: Regirock\n|-damage|p2a: Regirock|52/100\n|-unboost|p1a: Palkia|spa|2\n|move|p2a: Regirock|Stone Edge|p1a: Palkia\n|-damage|p1a: Palkia|0 fnt\n|faint|p1a: Palkia\n|\n|upkeep\n|inactive|Time left: 300 sec this turn | 300 sec total | 5 sec grace\n|\n|t:|1783564721\n|switch|p1a: Vespiquen|Vespiquen, L99, F|226/299\n|-ability|p1a: Vespiquen|Pressure\n|turn|26\n|inactive|Time left: 300 sec this turn | 300 sec total\n|\n|t:|1783564722\n|move|p1a: Vespiquen|Hurricane|p2a: Regirock\n|-resisted|p2a: Regirock\n|-damage|p2a: Regirock|30/100\n|move|p2a: Regirock|Stone Edge|p1a: Vespiquen|[miss]\n|-miss|p2a: Regirock|p1a: Vespiquen\n|\n|upkeep\n|turn|27\n|inactive|Time left: 300 sec this turn | 300 sec total\n|\n|t:|1783564723\n|move|p1a: Vespiquen|Hurricane|p2a: Regirock|[miss]\n|-miss|p1a: Vespiquen|p2a: Regirock\n|move|p2a: Regirock|Rest|p2a: Regirock\n|-status|p2a: Regirock|slp|[from] move: Rest\n|-heal|p2a: Regirock|100/100 slp|[silent]\n|-enditem|p2a: Regirock|Chesto Berry|[eat]\n|-curestatus|p2a: Regirock|slp|[msg]\n|\n|-sideend|p1: p0x21343c74|Reflect\n|upkeep\n|turn|28\n|inactive|Time left: 300 sec this turn | 300 sec total\n|\n|t:|1783564724\n|move|p1a: Vespiquen|Roost|p1a: Vespiquen\n|-heal|p1a: Vespiquen|299/299\n|-singleturn|p1a: Vespiquen|move: Roost\n|move|p2a: Regirock|Stone Edge|p1a: Vespiquen|[miss]\n|-miss|p2a: Regirock|p1a: Vespiquen\n|\n|upkeep\n|turn|29\n|inactive|Time left: 300 sec this turn | 300 sec total\n|\n|t:|1783564725\n|move|p1a: Vespiquen|Toxic Spikes|p2a: Regirock\n|-sidestart|p2: p0y213494af|move: Toxic Spikes\n|move|p2a: Regirock|Body Press|p1a: Vespiquen\n|-resisted|p1a: Vespiquen\n|-damage|p1a: Vespiquen|281/299\n|\n|-sideend|p1: p0x21343c74|move: Light Screen\n|upkeep\n|turn|30\n|inactive|Time left: 300 sec this turn | 300 sec total\n|\n|t:|1783564726\n|move|p1a: Vespiquen|Hurricane|p2a: Regirock\n|-resisted|p2a: Regirock\n|-damage|p2a: Regirock|78/100\n|-start|p2a: Regirock|confusion\n|-activate|p2a: Regirock|confusion\n|-damage|p2a: Regirock|73/100|[from] confusion\n|\n|upkeep\n|turn|31\n|inactive|Time left: 300 sec this turn | 300 sec total\n|\n|t:|1783564727\n|move|p1a: Vespiquen|Hurricane|p2a: Regirock\n|-resisted|p2a: Regirock\n|-damage|p2a: Regirock|49/100\n|-activate|p2a: Regirock|confusion\n|move|p2a: Regirock|Body Press|p1a: Vespiquen\n|-resisted|p1a: Vespiquen\n|-damage|p1a: Vespiquen|261/299\n|\n|upkeep\n|turn|32\n|inactive|Time left: 300 sec this turn | 300 sec total\n|\n|t:|1783564728\n|move|p1a: Vespiquen|Toxic Spikes|p2a: Regirock\n|-sidestart|p2: p0y213494af|move: Toxic Spikes\n|-end|p2a: Regirock|confusion\n|move|p2a: Regirock|Body Press|p1a: Vespiquen\n|-resisted|p1a: Vespiquen\n|-damage|p1a: Vespiquen|243/299\n|\n|upkeep\n|turn|33\n|inactive|Time left: 300 sec this turn | 300 sec total\n|\n|t:|1783564729\n|move|p1a: Vespiquen|Hurricane|p2a: Regirock\n|-resisted|p2a: Regirock\n|-damage|p2a: Regirock|27/100\n|-start|p2a: Regirock|confusion\n|-activate|p2a: Regirock|confusion\n|move|p2a: Regirock|Body Press|p1a: Vespiquen\n|-resisted|p1a: Vespiquen\n|-damage|p1a: Vespiquen|225/299\n|\n|upkeep\n|turn|34\n|inactive|Time left: 300 sec this turn | 300 sec total\n|\n|t:|1783564730\n|move|p1a: Vespiquen|Roost|p1a: Vespiquen\n|-heal|p1a: Vespiquen|299/299\n|-singleturn|p1a: Vespiquen|move: Roost\n|-activate|p2a: Regirock|confusion\n|move|p2a: Regirock|Rest|p2a: Regirock\n|-status|p2a: Regirock|slp|[from] move: Rest\n|-heal|p2a: Regirock|100/100 slp|[silent]\n|\n|upkeep\n|turn|35\n|inactive|Time left: 300 sec this turn | 300 sec total\n|\n|t:|1783564731\n|switch|p1a: Meowstic|Meowstic, L89, M|37/277\n|cant|p2a: Regirock|slp\n|\n|upkeep\n|turn|36\n|inactive|Time left: 300 sec this turn | 300 sec total\n|\n|t:|1783564732\n|move|p1a: Meowstic|Light Screen|p1a: Meowstic\n|-sidestart|p1: p0x21343c74|move: Light Screen\n|cant|p2a: Regirock|slp\n|\n|upkeep\n|turn|37\n|inactive|Time left: 300 sec this turn | 300 sec total\n|\n|t:|1783564733\n|move|p1a: Meowstic|Reflect|p1a: Meowstic\n|-sidestart|p1: p0x21343c74|Reflect\n|-curestatus|p2a: Regirock|slp|[msg]\n|-end|p2a: Regirock|confusion\n|move|p2a: Regirock|Body Press|p1a: Meowstic\n|-resisted|p1a: Meowstic\n|-damage|p1a: Meowstic|11/277\n|\n|upkeep\n|turn|38\n|inactive|Time left: 300 sec this turn | 300 sec total\n|\n|t:|1783564734\n|move|p1a: Meowstic|Psychic Noise|p2a: Regirock\n|-crit|p2a: Regirock\n|-damage|p2a: Regirock|61/100\n|-start|p2a: Regirock|move: Heal Block\n|move|p2a: Regirock|Body Press|p1a: Meowstic\n|-resisted|p1a: Meowstic\n|-damage|p1a: Meowstic|0 fnt\n|faint|p1a: Meowstic\n|\n|upkeep\n|inactive|Time left: 300 sec this turn | 300 sec total | 5 sec grace\n|\n|t:|1783564735\n|switch|p1a: Vespiquen|Vespiquen, L99, F|299/299\n|-ability|p1a: Vespiquen|Pressure\n|turn|39\n|inactive|Time left: 300 sec this turn | 300 sec total\n|\n|t:|1783564736\n|move|p1a: Vespiquen|Hurricane|p2a: Regirock|[miss]\n|-miss|p1a: Vespiquen|p2a: Regirock\n|move|p2a: Regirock|Curse|p2a: Regirock\n|-unboost|p2a: Regirock|spe|1\n|-boost|p2a: Regirock|atk|1\n|-boost|p2a: Regirock|def|1\n|\n|-end|p2a: Regirock|move: Heal Block\n|upkeep\n|turn|40\n|inactive|Time left: 300 sec this turn | 300 sec total\n|\n|t:|1783564737\n|move|p1a: Vespiquen|Hurricane|p2a: Regirock\n|-resisted|p2a: Regirock\n|-damage|p2a: Regirock|37/100\n|-start|p2a: Regirock|confusion\n|-activate|p2a: Regirock|confusion\n|move|p2a: Regirock|Curse|p2a: Regirock\n|-unboost|p2a: Regirock|spe|1\n|-boost|p2a: Regirock|atk|1\n|-boost|p2a: Regirock|def|1\n|\n|upkeep\n|turn|41\n|inactive|Time left: 300 sec this turn | 300 sec total\n|\n|t:|1783564738\n|move|p1a: Vespiquen|Hurricane|p2a: Regirock\n|-resisted|p2a: Regirock\n|-damage|p2a: Regirock|12/100\n|-activate|p2a: Regirock|confusion\n|-damage|p2a: Regirock|7/100|[from] confusion\n|\n|upkeep\n|turn|42\n|inactive|Time left: 300 sec this turn | 300 sec total\n|\n|t:|1783564739\n|move|p1a: Vespiquen|Hurricane|p2a: Regirock|[miss]\n|-miss|p1a: Vespiquen|p2a: Regirock\n|-activate|p2a: Regirock|confusion\n|-damage|p2a: Regirock|1/100|[from] confusion\n|\n|upkeep\n|turn|43\n|inactive|Time left: 300 sec this turn | 300 sec total\n|\n|t:|1783564740\n|move|p1a: Vespiquen|Hurricane|p2a: Regirock|[miss]\n|-miss|p1a: Vespiquen|p2a: Regirock\n|-activate|p2a: Regirock|confusion\n|move|p2a: Regirock|Rest|p2a: Regirock\n|-status|p2a: Regirock|slp|[from] move: Rest\n|-heal|p2a: Regirock|100/100 slp|[silent]\n|\n|-sideend|p1: p0x21343c74|move: Light Screen\n|upkeep\n|turn|44\n|inactive|Time left: 300 sec this turn | 300 sec total\n|\n|t:|1783564741\n|move|p1a: Vespiquen|Hurricane|p2a: Regirock\n|-resisted|p2a: Regirock\n|-damage|p2a: Regirock|78/100 slp\n|cant|p2a: Regirock|slp\n|\n|-sideend|p1: p0x21343c74|Reflect\n|upkeep\n|turn|45\n|inactive|Time left: 300 sec this turn | 300 sec total\n|\n|t:|1783564742\n|move|p1a: Vespiquen|Hurricane|p2a: Regirock\n|-resisted|p2a: Regirock\n|-damage|p2a: Regirock|53/100 slp\n|cant|p2a: Regirock|slp\n|\n|upkeep\n|turn|46\n|inactive|Time left: 300 sec this turn | 300 sec total\n|\n|t:|1783564743\n|move|p1a: Vespiquen|Hurricane|p2a: Regirock\n|-resisted|p2a: Regirock\n|-damage|p2a: Regirock|30/100 slp\n|-curestatus|p2a: Regirock|slp|[msg]\n|-end|p2a: Regirock|confusion\n|move|p2a: Regirock|Body Press|p1a: Vespiquen\n|-resisted|p1a: Vespiquen\n|-damage|p1a: Vespiquen|260/299\n|\n|upkeep\n|turn|47\n|inactive|Time left: 300 sec this turn | 300 sec total\n|\n|t:|1783564744\n|move|p1a: Vespiquen|Hurricane|p2a: Regirock\n|-resisted|p2a: Regirock\n|-damage|p2a: Regirock|9/100\n|move|p2a: Regirock|Rest|p2a: Regirock\n|-status|p2a: Regirock|slp|[from] move: Rest\n|-heal|p2a: Regirock|100/100 slp|[silent]\n|\n|upkeep\n|turn|48\n|inactive|Time left: 300 sec this turn | 300 sec total\n|\n|t:|1783564746\n|move|p1a: Vespiquen|Hurricane|p2a: Regirock\n|-resisted|p2a: Regirock\n|-damage|p2a: Regirock|77/100 slp\n|cant|p2a: Regirock|slp\n|\n|upkeep\n|turn|49\n|inactive|Time left: 300 sec this turn | 300 sec total\n|\n|t:|1783564747\n|move|p1a: Vespiquen|Roost|p1a: Vespiquen\n|-heal|p1a: Vespiquen|299/299\n|-singleturn|p1a: Vespiquen|move: Roost\n|cant|p2a: Regirock|slp\n|\n|upkeep\n|turn|50\n|inactive|Time left: 300 sec this turn | 300 sec total\n|\n|t:|1783564748\n|move|p1a: Vespiquen|Roost||[still]\n|-fail|p1a: Vespiquen|heal\n|-curestatus|p2a: Regirock|slp|[msg]\n|move|p2a: Regirock|Curse|p2a: Regirock\n|-unboost|p2a: Regirock|spe|1\n|-boost|p2a: Regirock|atk|1\n|-boost|p2a: Regirock|def|1\n|\n|upkeep\n|turn|51\n|inactive|Time left: 300 sec this turn | 300 sec total\n|\n|t:|1783564748\n|move|p1a: Vespiquen|Toxic Spikes||[still]\n|-fail|p1a: Vespiquen\n|move|p2a: Regirock|Body Press|p1a: Vespiquen\n|-resisted|p1a: Vespiquen\n|-damage|p1a: Vespiquen|254/299\n|\n|upkeep\n|turn|52\n|inactive|Time left: 300 sec this turn | 300 sec total\n|\n|t:|1783564750\n|move|p1a: Vespiquen|Roost|p1a: Vespiquen\n|-heal|p1a: Vespiquen|299/299\n|-singleturn|p1a: Vespiquen|move: Roost\n|move|p2a: Regirock|Curse|p2a: Regirock\n|-unboost|p2a: Regirock|spe|1\n|-boost|p2a: Regirock|atk|1\n|-boost|p2a: Regirock|def|1\n|\n|upkeep\n|turn|53\n|inactive|Time left: 300 sec this turn | 300 sec total\n|\n|t:|1783564750\n|move|p1a: Vespiquen|Roost||[still]\n|-fail|p1a: Vespiquen|heal\n|move|p2a: Regirock|Curse|p2a: Regirock\n|-unboost|p2a: Regirock|spe|1\n|-boost|p2a: Regirock|atk|1\n|-boost|p2a: Regirock|def|1\n|\n|upkeep\n|turn|54\n|inactive|Time left: 300 sec this turn | 300 sec total\n|\n|t:|1783564751\n|move|p1a: Vespiquen|Toxic Spikes||[still]\n|-fail|p1a: Vespiquen\n|move|p2a: Regirock|Curse|p2a: Regirock\n|-unboost|p2a: Regirock|spe|1\n|-boost|p2a: Regirock|atk|1\n|-boost|p2a: Regirock|def|1\n|\n|upkeep\n|turn|55\n|inactive|Time left: 300 sec this turn | 300 sec total\n|\n|t:|1783564752\n|move|p1a: Vespiquen|Roost||[still]\n|-fail|p1a: Vespiquen|heal\n|move|p2a: Regirock|Curse|p2a: Regirock\n|\n|upkeep\n|turn|56\n|inactive|Time left: 300 sec this turn | 300 sec total\n|\n|t:|1783564753\n|move|p1a: Vespiquen|Toxic Spikes||[still]\n|-fail|p1a: Vespiquen\n|move|p2a: Regirock|Curse|p2a: Regirock\n|\n|upkeep\n|turn|57\n|inactive|Time left: 300 sec this turn | 300 sec total\n|\n|t:|1783564753\n|move|p1a: Vespiquen|Toxic Spikes||[still]\n|-fail|p1a: Vespiquen\n|move|p2a: Regirock|Curse|p2a: Regirock\n|\n|upkeep\n|turn|58\n|inactive|Time left: 300 sec this turn | 300 sec total\n|\n|t:|1783564754\n|move|p1a: Vespiquen|Toxic Spikes||[still]\n|-fail|p1a: Vespiquen\n|move|p2a: Regirock|Curse|p2a: Regirock\n|\n|upkeep\n|turn|59\n|inactive|Time left: 300 sec this turn | 300 sec total\n|\n|t:|1783564755\n|move|p1a: Vespiquen|Toxic Spikes||[still]\n|-fail|p1a: Vespiquen\n|move|p2a: Regirock|Curse|p2a: Regirock\n|\n|upkeep\n|turn|60\n|inactive|Time left: 300 sec this turn | 300 sec total\n|\n|t:|1783564755\n|move|p1a: Vespiquen|Toxic Spikes||[still]\n|-fail|p1a: Vespiquen\n|move|p2a: Regirock|Curse|p2a: Regirock\n|\n|upkeep\n|turn|61\n|inactive|Time left: 300 sec this turn | 300 sec total\n|\n|t:|1783564756\n|move|p1a: Vespiquen|Toxic Spikes||[still]\n|-fail|p1a: Vespiquen\n|move|p2a: Regirock|Curse|p2a: Regirock\n|\n|upkeep\n|turn|62\n|inactive|Time left: 300 sec this turn | 300 sec total\n|\n|t:|1783564757\n|move|p1a: Vespiquen|Roost||[still]\n|-fail|p1a: Vespiquen|heal\n|move|p2a: Regirock|Curse|p2a: Regirock\n|\n|upkeep\n|turn|63\n|inactive|Time left: 300 sec this turn | 300 sec total\n|\n|t:|1783564758\n|move|p1a: Vespiquen|Toxic Spikes||[still]\n|-fail|p1a: Vespiquen\n|move|p2a: Regirock|Body Press|p1a: Vespiquen\n|-resisted|p1a: Vespiquen\n|-damage|p1a: Vespiquen|218/299\n|\n|upkeep\n|turn|64\n|inactive|Time left: 300 sec this turn | 300 sec total\n|\n|t:|1783564759\n|move|p1a: Vespiquen|U-turn|p2a: Regirock\n|-damage|p2a: Regirock|73/100\n|inactive|Time left: 300 sec this turn | 300 sec total | 5 sec grace\n|\n|t:|1783564759\n|switch|p1a: Brute Bonnet|Brute Bonnet, L80|309/309|[from] U-turn\n|move|p2a: Regirock|Rest|p2a: Regirock\n|-status|p2a: Regirock|slp|[from] move: Rest\n|-heal|p2a: Regirock|100/100 slp|[silent]\n|\n|upkeep\n|turn|65\n|inactive|Time left: 300 sec this turn | 300 sec total\n|\n|t:|1783564760\n|-terastallize|p1a: Brute Bonnet|Poison\n|move|p1a: Brute Bonnet|Crunch|p2a: Regirock\n|-damage|p2a: Regirock|96/100 slp\n|cant|p2a: Regirock|slp\n|\n|upkeep\n|turn|66\n|inactive|Time left: 300 sec this turn | 300 sec total\n|\n|t:|1783564761\n|move|p1a: Brute Bonnet|Crunch|p2a: Regirock\n|-damage|p2a: Regirock|91/100 slp\n|cant|p2a: Regirock|slp\n|\n|upkeep\n|turn|67\n|inactive|Time left: 300 sec this turn | 300 sec total\n|\n|t:|1783564762\n|move|p1a: Brute Bonnet|Crunch|p2a: Regirock\n|-damage|p2a: Regirock|86/100 slp\n|-curestatus|p2a: Regirock|slp|[msg]\n|move|p2a: Regirock|Rest|p2a: Regirock\n|-status|p2a: Regirock|slp|[from] move: Rest\n|-heal|p2a: Regirock|100/100 slp|[silent]\n|\n|upkeep\n|turn|68\n|inactive|Time left: 300 sec this turn | 300 sec total\n|\n|t:|1783564763\n|move|p1a: Brute Bonnet|Spore|p2a: Regirock\n|-fail|p2a: Regirock|slp\n|cant|p2a: Regirock|slp\n|\n|upkeep\n|turn|69\n|inactive|Time left: 300 sec this turn | 300 sec total\n|\n|t:|1783564764\n|move|p1a: Brute Bonnet|Spore|p2a: Regirock\n|-fail|p2a: Regirock|slp\n|cant|p2a: Regirock|slp\n|\n|upkeep\n|turn|70\n|inactive|Time left: 300 sec this turn | 300 sec total\n|\n|t:|1783564766\n|move|p1a: Brute Bonnet|Crunch|p2a: Regirock\n|-damage|p2a: Regirock|96/100 slp\n|-curestatus|p2a: Regirock|slp|[msg]\n|move|p2a: Regirock|Rest|p2a: Regirock\n|-status|p2a: Regirock|slp|[from] move: Rest\n|-heal|p2a: Regirock|100/100 slp|[silent]\n|\n|upkeep\n|turn|71\n|inactive|Time left: 300 sec this turn | 300 sec total\n|\n|t:|1783564767\n|-end|p1a: Brute Bonnet|Protosynthesis|[silent]\n|switch|p1a: Vespiquen|Vespiquen, L99, F|218/299\n|-ability|p1a: Vespiquen|Pressure\n|cant|p2a: Regirock|slp\n|\n|upkeep\n|turn|72\n|inactive|Time left: 300 sec this turn | 300 sec total\n|\n|t:|1783564768\n|move|p1a: Vespiquen|U-turn|p2a: Regirock\n|-damage|p2a: Regirock|96/100 slp\n|inactive|Time left: 300 sec this turn | 300 sec total | 5 sec grace\n|\n|t:|1783564769\n|switch|p1a: Brute Bonnet|Brute Bonnet, L80, tera:Poison|309/309|[from] U-turn\n|cant|p2a: Regirock|slp\n|\n|upkeep\n|turn|73\n|inactive|Time left: 300 sec this turn | 300 sec total\n|\n|t:|1783564770\n|move|p1a: Brute Bonnet|Crunch|p2a: Regirock\n|-damage|p2a: Regirock|91/100 slp\n|-curestatus|p2a: Regirock|slp|[msg]\n|move|p2a: Regirock|Curse|p2a: Regirock\n|\n|upkeep\n|turn|74\n|inactive|Time left: 300 sec this turn | 300 sec total\n|\n|t:|1783564771\n|move|p1a: Brute Bonnet|Crunch|p2a: Regirock\n|-damage|p2a: Regirock|86/100\n|move|p2a: Regirock|Rest|p2a: Regirock\n|-status|p2a: Regirock|slp|[from] move: Rest\n|-heal|p2a: Regirock|100/100 slp|[silent]\n|\n|upkeep\n|turn|75\n|inactive|Time left: 300 sec this turn | 300 sec total\n|\n|t:|1783564772\n|move|p1a: Brute Bonnet|Spore|p2a: Regirock\n|-fail|p2a: Regirock|slp\n|cant|p2a: Regirock|slp\n|\n|upkeep\n|turn|76\n|inactive|Time left: 300 sec this turn | 300 sec total\n|\n|t:|1783564773\n|move|p1a: Brute Bonnet|Crunch|p2a: Regirock\n|-damage|p2a: Regirock|96/100 slp\n|cant|p2a: Regirock|slp\n|\n|upkeep\n|turn|77\n|inactive|Time left: 300 sec this turn | 300 sec total\n|\n|t:|1783564774\n|move|p1a: Brute Bonnet|Crunch|p2a: Regirock\n|-damage|p2a: Regirock|90/100 slp\n|-curestatus|p2a: Regirock|slp|[msg]\n|move|p2a: Regirock|Curse|p2a: Regirock\n|\n|upkeep\n|turn|78\n|inactive|Time left: 300 sec this turn | 300 sec total\n|\n|t:|1783564775\n|move|p1a: Brute Bonnet|Crunch|p2a: Regirock\n|-damage|p2a: Regirock|86/100\n|-activate|p2a: Regirock|move: Struggle\n|move|p2a: Regirock|Struggle|p1a: Brute Bonnet\n|-damage|p1a: Brute Bonnet|173/309\n|-damage|p2a: Regirock|61/100|[from] recoil\n|\n|-heal|p1a: Brute Bonnet|192/309|[from] item: Leftovers\n|upkeep\n|turn|79\n|inactive|Time left: 300 sec this turn | 300 sec total\n|\n|t:|1783564776\n|move|p1a: Brute Bonnet|Sucker Punch|p2a: Regirock\n|-damage|p2a: Regirock|56/100\n|-activate|p2a: Regirock|move: Struggle\n|move|p2a: Regirock|Struggle|p1a: Brute Bonnet\n|-damage|p1a: Brute Bonnet|56/309\n|-damage|p2a: Regirock|31/100|[from] recoil\n|\n|-heal|p1a: Brute Bonnet|75/309|[from] item: Leftovers\n|upkeep\n|turn|80\n|inactive|Time left: 300 sec this turn | 300 sec total\n|\n|t:|1783564777\n|move|p1a: Brute Bonnet|Crunch|p2a: Regirock\n|-damage|p2a: Regirock|26/100\n|-activate|p2a: Regirock|move: Struggle\n|move|p2a: Regirock|Struggle|p1a: Brute Bonnet\n|-damage|p1a: Brute Bonnet|0 fnt\n|faint|p1a: Brute Bonnet\n|-end|p1a: Brute Bonnet|Protosynthesis|[silent]\n|-damage|p2a: Regirock|1/100|[from] recoil\n|\n|upkeep\n|inactive|Time left: 300 sec this turn | 300 sec total | 5 sec grace\n|\n|t:|1783564778\n|switch|p1a: Vespiquen|Vespiquen, L99, F|218/299\n|-ability|p1a: Vespiquen|Pressure\n|turn|81\n|inactive|Time left: 300 sec this turn | 300 sec total\n|\n|t:|1783564779\n|move|p1a: Vespiquen|U-turn|p2a: Regirock\n|-damage|p2a: Regirock|0 fnt\n|faint|p2a: Regirock\n|\n|upkeep\n|\n|t:|1783564780\n|switch|p2a: Dewgong|Dewgong, L94, M|2/100\n|-status|p2a: Dewgong|tox\n|turn|82\n|inactive|Time left: 300 sec this turn | 300 sec total\n|\n|t:|1783564781\n|-terastallize|p2a: Dewgong|Ground\n|move|p2a: Dewgong|Triple Axel|p1a: Vespiquen\n|-supereffective|p1a: Vespiquen\n|-damage|p1a: Vespiquen|182/299\n|-supereffective|p1a: Vespiquen\n|-damage|p1a: Vespiquen|114/299\n|-supereffective|p1a: Vespiquen\n|-damage|p1a: Vespiquen|28/299\n|-hitcount|p1a: Vespiquen|3\n|move|p1a: Vespiquen|U-turn|p2a: Dewgong\n|-damage|p2a: Dewgong|0 fnt\n|faint|p2a: Dewgong\n|\n|upkeep\n|\n|t:|1783564782\n|switch|p2a: Trevenant|Trevenant, L89, F|100/100\n|-status|p2a: Trevenant|tox\n|turn|83\n|inactive|Time left: 300 sec this turn | 300 sec total\n|\n|t:|1783564783\n|move|p2a: Trevenant|Toxic|p1a: Vespiquen\n|-status|p1a: Vespiquen|tox\n|move|p1a: Vespiquen|Toxic Spikes||[still]\n|-fail|p1a: Vespiquen\n|\n|-damage|p2a: Trevenant|94/100 tox|[from] psn\n|-damage|p1a: Vespiquen|10/299 tox|[from] psn\n|upkeep\n|turn|84\n|inactive|Time left: 300 sec this turn | 300 sec total\n|\n|t:|1783564784\n|move|p2a: Trevenant|Poltergeist|p1a: Vespiquen\n|-activate|p1a: Vespiquen|move: Poltergeist|Heavy-Duty Boots\n|-damage|p1a: Vespiquen|0 fnt\n|faint|p1a: Vespiquen\n|\n|win|p0y213494af", "uploadtime": 1783564784, "views": 0, "rating": 0, "private": 0, "password": null, "_winner": "p0y213494af", "_our_name": "p0x21343c74"}