{"id": "battle-gen9randombattle-1421", "formatid": "gen9randombattle", "format": "[Gen 9] Random Battle", "players": ["p0x14219af0", "p0y1421f2aa"], "log": "|init|battle\n|title|p0x14219af0 vs. p0y1421f2aa\n|j|\u2606p0x14219af0\n|j|\u2606p0y1421f2aa\n|t:|1783556553\n|gametype|singles\n|player|p1|p0x14219af0|266|\n|player|p2|p0y1421f2aa|265|\n|gen|9\n|tier|[Gen 9] Random Battle\n|rule|Species Clause: Limit one of each Pok\u00e9mon\n|rule|HP Percentage Mod: HP is shown in percentages\n|rule|Sleep Clause Mod: Limit one foe put to sleep\n|rule|Illusion Level Mod: Illusion disguises the Pok\u00e9mon's true level\n|\n|t:|1783556553\n|teamsize|p1|6\n|teamsize|p2|6\n|start\n|switch|p1a: Registeel|Registeel, L81|100/100\n|switch|p2a: Regieleki|Regieleki, L79|256/256\n|turn|1\n|inactive|Battle timer is ON: inactive players will automatically lose when time's up. (requested by p0y1421f2aa)\n|\n|t:|1783556554\n|move|p2a: Regieleki|Volt Switch|p1a: Registeel\n|-damage|p1a: Registeel|71/100\n|inactive|Time left: 300 sec this turn | 300 sec total | 65 sec grace\n|inactive|p0x14219af0 also wants the timer to be on.\n|\n|t:|1783556556\n|switch|p2a: Alcremie|Alcremie-Mint-Cream, L90, F|263/263|[from] Volt Switch\n|move|p1a: Registeel|Iron Defense|p1a: Registeel\n|-boost|p1a: Registeel|def|2\n|\n|upkeep\n|turn|2\n|inactive|Time left: 300 sec this turn | 300 sec total\n|\n|t:|1783556557\n|move|p2a: Alcremie|Calm Mind|p2a: Alcremie\n|-boost|p2a: Alcremie|spa|1\n|-boost|p2a: Alcremie|spd|1\n|move|p1a: Registeel|Body Press|p2a: Alcremie\n|-resisted|p2a: Alcremie\n|-damage|p2a: Alcremie|190/263\n|\n|-heal|p2a: Alcremie|206/263|[from] item: Leftovers\n|upkeep\n|turn|3\n|inactive|Time left: 300 sec this turn | 300 sec total\n|\n|t:|1783556558\n|move|p2a: Alcremie|Calm Mind|p2a: Alcremie\n|-boost|p2a: Alcremie|spa|1\n|-boost|p2a: Alcremie|spd|1\n|move|p1a: Registeel|Iron Head|p2a: Alcremie\n|-supereffective|p2a: Alcremie\n|-damage|p2a: Alcremie|60/263\n|\n|-heal|p2a: Alcremie|76/263|[from] item: Leftovers\n|upkeep\n|turn|4\n|inactive|Time left: 300 sec this turn | 300 sec total\n|\n|t:|1783556559\n|move|p2a: Alcremie|Recover|p2a: Alcremie\n|-heal|p2a: Alcremie|208/263\n|move|p1a: Registeel|Iron Head|p2a: Alcremie\n|-supereffective|p2a: Alcremie\n|-damage|p2a: Alcremie|74/263\n|\n|-heal|p2a: Alcremie|90/263|[from] item: Leftovers\n|upkeep\n|turn|5\n|inactive|Time left: 300 sec this turn | 300 sec total\n|\n|t:|1783556560\n|move|p2a: Alcremie|Recover|p2a: Alcremie\n|-heal|p2a: Alcremie|222/263\n|move|p1a: Registeel|Iron Head|p2a: Alcremie\n|-supereffective|p2a: Alcremie\n|-damage|p2a: Alcremie|90/263\n|\n|-heal|p2a: Alcremie|106/263|[from] item: Leftovers\n|upkeep\n|turn|6\n|inactive|Time left: 300 sec this turn | 300 sec total\n|\n|t:|1783556560\n|move|p2a: Alcremie|Recover|p2a: Alcremie\n|-heal|p2a: Alcremie|238/263\n|move|p1a: Registeel|Iron Head|p2a: Alcremie\n|-supereffective|p2a: Alcremie\n|-damage|p2a: Alcremie|94/263\n|\n|-heal|p2a: Alcremie|110/263|[from] item: Leftovers\n|upkeep\n|turn|7\n|inactive|Time left: 300 sec this turn | 300 sec total\n|\n|t:|1783556561\n|move|p2a: Alcremie|Recover|p2a: Alcremie\n|-heal|p2a: Alcremie|242/263\n|move|p1a: Registeel|Iron Head|p2a: Alcremie\n|-supereffective|p2a: Alcremie\n|-damage|p2a: Alcremie|96/263\n|\n|-heal|p2a: Alcremie|112/263|[from] item: Leftovers\n|upkeep\n|turn|8\n|inactive|Time left: 300 sec this turn | 300 sec total\n|\n|t:|1783556562\n|move|p2a: Alcremie|Recover|p2a: Alcremie\n|-heal|p2a: Alcremie|244/263\n|move|p1a: Registeel|Iron Head|p2a: Alcremie\n|-supereffective|p2a: Alcremie\n|-damage|p2a: Alcremie|116/263\n|\n|-heal|p2a: Alcremie|132/263|[from] item: Leftovers\n|upkeep\n|turn|9\n|inactive|Time left: 300 sec this turn | 300 sec total\n|\n|t:|1783556562\n|move|p2a: Alcremie|Recover|p2a: Alcremie\n|-heal|p2a: Alcremie|263/263\n|move|p1a: Registeel|Iron Head|p2a: Alcremie\n|-supereffective|p2a: Alcremie\n|-damage|p2a: Alcremie|125/263\n|\n|-heal|p2a: Alcremie|141/263|[from] item: Leftovers\n|upkeep\n|turn|10\n|inactive|Time left: 300 sec this turn | 300 sec total\n|\n|t:|1783556563\n|move|p2a: Alcremie|Recover|p2a: Alcremie\n|-heal|p2a: Alcremie|263/263\n|move|p1a: Registeel|Iron Head|p2a: Alcremie\n|-supereffective|p2a: Alcremie\n|-damage|p2a: Alcremie|119/263\n|\n|-heal|p2a: Alcremie|135/263|[from] item: Leftovers\n|upkeep\n|turn|11\n|inactive|Time left: 300 sec this turn | 300 sec total\n|\n|t:|1783556564\n|move|p2a: Alcremie|Recover|p2a: Alcremie\n|-heal|p2a: Alcremie|263/263\n|move|p1a: Registeel|Iron Head|p2a: Alcremie\n|-supereffective|p2a: Alcremie\n|-damage|p2a: Alcremie|123/263\n|\n|-heal|p2a: Alcremie|139/263|[from] item: Leftovers\n|upkeep\n|turn|12\n|inactive|Time left: 300 sec this turn | 300 sec total\n|\n|t:|1783556564\n|move|p2a: Alcremie|Alluring Voice|p1a: Registeel\n|-resisted|p1a: Registeel\n|-damage|p1a: Registeel|46/100\n|move|p1a: Registeel|Iron Head|p2a: Alcremie\n|-supereffective|p2a: Alcremie\n|-damage|p2a: Alcremie|11/263\n|\n|-heal|p2a: Alcremie|27/263|[from] item: Leftovers\n|upkeep\n|turn|13\n|inactive|Time left: 300 sec this turn | 300 sec total\n|\n|t:|1783556565\n|move|p2a: Alcremie|Alluring Voice|p1a: Registeel\n|-resisted|p1a: Registeel\n|-damage|p1a: Registeel|19/100\n|move|p1a: Registeel|Body Press|p2a: Alcremie\n|-resisted|p2a: Alcremie\n|-damage|p2a: Alcremie|0 fnt\n|faint|p2a: Alcremie\n|\n|upkeep\n|inactive|Time left: 300 sec this turn | 300 sec total | 5 sec grace\n|\n|t:|1783556566\n|switch|p2a: Regieleki|Regieleki, L79|256/256\n|turn|14\n|inactive|Time left: 300 sec this turn | 300 sec total\n|\n|t:|1783556567\n|switch|p1a: Reuniclus|Reuniclus, L88, M|100/100\n|move|p2a: Regieleki|Thunderbolt|p1a: Reuniclus\n|-damage|p1a: Reuniclus|59/100\n|\n|upkeep\n|turn|15\n|inactive|Time left: 300 sec this turn | 300 sec total\n|\n|t:|1783556568\n|move|p2a: Regieleki|Thunderbolt|p1a: Reuniclus\n|-damage|p1a: Reuniclus|18/100\n|-status|p1a: Reuniclus|par\n|move|p1a: Reuniclus|Recover|p1a: Reuniclus\n|-heal|p1a: Reuniclus|68/100 par\n|\n|upkeep\n|turn|16\n|inactive|Time left: 300 sec this turn | 300 sec total\n|\n|t:|1783556569\n|move|p2a: Regieleki|Thunderbolt|p1a: Reuniclus\n|-damage|p1a: Reuniclus|29/100 par\n|move|p1a: Reuniclus|Psychic|p2a: Regieleki\n|-damage|p2a: Regieleki|9/256\n|\n|upkeep\n|turn|17\n|inactive|Time left: 300 sec this turn | 300 sec total\n|\n|t:|1783556570\n|switch|p1a: Tropius|Tropius, L91, F|100/100\n|move|p2a: Regieleki|Thunderbolt|p1a: Tropius\n|-damage|p1a: Tropius|64/100\n|\n|upkeep\n|turn|18\n|inactive|Time left: 300 sec this turn | 300 sec total\n|\n|t:|1783556571\n|move|p2a: Regieleki|Thunderbolt|p1a: Tropius\n|-damage|p1a: Tropius|26/100\n|-enditem|p1a: Tropius|Sitrus Berry|[eat]\n|-heal|p1a: Tropius|51/100|[from] item: Sitrus Berry\n|move|p1a: Tropius|Air Slash|p2a: Regieleki\n|-resisted|p2a: Regieleki\n|-damage|p2a: Regieleki|0 fnt\n|faint|p2a: Regieleki\n|\n|-item|p1a: Tropius|Sitrus Berry|[from] ability: Harvest\n|upkeep\n|inactive|Time left: 300 sec this turn | 300 sec total | 5 sec grace\n|\n|t:|1783556572\n|switch|p2a: Iron Bundle|Iron Bundle, L78|215/215\n|turn|19\n|inactive|Time left: 300 sec this turn | 300 sec total\n|\n|t:|1783556574\n|move|p1a: Tropius|Protect|p1a: Tropius\n|-singleturn|p1a: Tropius|Protect\n|move|p2a: Iron Bundle|Ice Beam|p1a: Tropius\n|-activate|p1a: Tropius|move: Protect\n|\n|upkeep\n|turn|20\n|inactive|Time left: 300 sec this turn | 300 sec total\n|\n|t:|1783556575\n|switch|p1a: Delphox|Delphox, L84, M|100/100\n|move|p2a: Iron Bundle|Ice Beam|p1a: Delphox\n|-resisted|p1a: Delphox\n|-damage|p1a: Delphox|75/100\n|\n|upkeep\n|turn|21\n|inactive|Time left: 300 sec this turn | 300 sec total\n|\n|t:|1783556576\n|move|p1a: Delphox|Focus Blast|p2a: Iron Bundle\n|-supereffective|p2a: Iron Bundle\n|-damage|p2a: Iron Bundle|0 fnt\n|faint|p2a: Iron Bundle\n|-end|p2a: Iron Bundle|Quark Drive|[silent]\n|\n|upkeep\n|inactive|Time left: 300 sec this turn | 300 sec total | 5 sec grace\n|\n|t:|1783556577\n|switch|p2a: Bombirdier|Bombirdier, L85, F|258/258\n|turn|22\n|inactive|Time left: 300 sec this turn | 300 sec total\n|\n|t:|1783556578\n|switch|p1a: Tauros|Tauros-Paldea-Aqua, L81, M|100/100\n|-ability|p1a: Tauros|Intimidate|boost\n|-unboost|p2a: Bombirdier|atk|1\n|move|p2a: Bombirdier|Knock Off|p1a: Tauros\n|-resisted|p1a: Tauros\n|-damage|p1a: Tauros|88/100\n|-enditem|p1a: Tauros|Choice Band|[from] move: Knock Off|[of] p2a: Bombirdier\n|\n|upkeep\n|turn|23\n|inactive|Time left: 300 sec this turn | 300 sec total\n|\n|t:|1783556579\n|move|p1a: Tauros|Wave Crash|p2a: Bombirdier\n|-damage|p2a: Bombirdier|131/258\n|-damage|p1a: Tauros|71/100|[from] Recoil\n|move|p2a: Bombirdier|U-turn|p1a: Tauros\n|-resisted|p1a: Tauros\n|-damage|p1a: Tauros|64/100\n|inactive|Time left: 300 sec this turn | 300 sec total | 5 sec grace\n|\n|t:|1783556580\n|switch|p2a: Vigoroth|Vigoroth, L85, F|275/275|[from] U-turn\n|\n|upkeep\n|turn|24\n|inactive|Time left: 300 sec this turn | 300 sec total\n|\n|t:|1783556581\n|move|p1a: Tauros|Close Combat|p2a: Vigoroth\n|-supereffective|p2a: Vigoroth\n|-damage|p2a: Vigoroth|87/275\n|-unboost|p1a: Tauros|def|1\n|-unboost|p1a: Tauros|spd|1\n|move|p2a: Vigoroth|Bulk Up|p2a: Vigoroth\n|-boost|p2a: Vigoroth|atk|1\n|-boost|p2a: Vigoroth|def|1\n|\n|upkeep\n|turn|25\n|inactive|Time left: 300 sec this turn | 300 sec total\n|\n|t:|1783556582\n|-terastallize|p2a: Vigoroth|Ghost\n|move|p1a: Tauros|Close Combat|p2a: Vigoroth\n|-immune|p2a: Vigoroth\n|move|p2a: Vigoroth|Slack Off|p2a: Vigoroth\n|-heal|p2a: Vigoroth|225/275\n|\n|upkeep\n|turn|26\n|inactive|Time left: 300 sec this turn | 300 sec total\n|\n|t:|1783556583\n|switch|p1a: Tropius|Tropius, L91, F|51/100\n|move|p2a: Vigoroth|Bulk Up|p2a: Vigoroth\n|-boost|p2a: Vigoroth|atk|1\n|-boost|p2a: Vigoroth|def|1\n|\n|upkeep\n|turn|27\n|inactive|Time left: 300 sec this turn | 300 sec total\n|\n|t:|1783556584\n|move|p2a: Vigoroth|Knock Off|p1a: Tropius\n|-damage|p1a: Tropius|12/100\n|-enditem|p1a: Tropius|Sitrus Berry|[from] move: Knock Off|[of] p2a: Vigoroth\n|move|p1a: Tropius|Leech Seed|p2a: Vigoroth\n|-start|p2a: Vigoroth|move: Leech Seed\n|\n|-damage|p2a: Vigoroth|191/275|[from] Leech Seed|[of] p1a: Tropius\n|-heal|p1a: Tropius|23/100|[silent]\n|upkeep\n|turn|28\n|inactive|Time left: 300 sec this turn | 300 sec total\n|\n|t:|1783556586\n|switch|p1a: Tauros|Tauros-Paldea-Aqua, L81, M|64/100\n|-ability|p1a: Tauros|Intimidate|boost\n|-unboost|p2a: Vigoroth|atk|1\n|move|p2a: Vigoroth|Body Slam|p1a: Tauros\n|-damage|p1a: Tauros|23/100\n|-status|p1a: Tauros|par\n|\n|-damage|p2a: Vigoroth|157/275|[from] Leech Seed|[of] p1a: Tauros\n|-heal|p1a: Tauros|36/100 par|[silent]\n|upkeep\n|turn|29\n|inactive|Time left: 300 sec this turn | 300 sec total\n|\n|t:|1783556587\n|switch|p1a: Registeel|Registeel, L81|19/100\n|move|p2a: Vigoroth|Body Slam|p1a: Registeel\n|-resisted|p1a: Registeel\n|-damage|p1a: Registeel|4/100\n|-status|p1a: Registeel|par\n|\n|-damage|p2a: Vigoroth|123/275|[from] Leech Seed|[of] p1a: Registeel\n|-heal|p1a: Registeel|17/100 par|[silent]\n|upkeep\n|turn|30\n|inactive|Time left: 300 sec this turn | 300 sec total\n|\n|t:|1783556588\n|move|p2a: Vigoroth|Knock Off|p1a: Registeel\n|-damage|p1a: Registeel|0 fnt\n|-enditem|p1a: Registeel|Chesto Berry|[from] move: Knock Off|[of] p2a: Vigoroth\n|faint|p1a: Registeel\n|\n|upkeep\n|\n|t:|1783556589\n|switch|p1a: Delphox|Delphox, L84, M|75/100\n|turn|31\n|inactive|Time left: 300 sec this turn | 300 sec total\n|\n|t:|1783556590\n|move|p1a: Delphox|Fire Blast|p2a: Vigoroth\n|-damage|p2a: Vigoroth|0 fnt\n|faint|p2a: Vigoroth\n|\n|upkeep\n|inactive|Time left: 300 sec this turn | 300 sec total | 5 sec grace\n|\n|t:|1783556591\n|switch|p2a: Pyroar|Pyroar, L88, M|295/295\n|-ability|p2a: Pyroar|Unnerve\n|turn|32\n|inactive|Time left: 300 sec this turn | 300 sec total\n|\n|t:|1783556592\n|switch|p1a: Garganacl|Garganacl, L80, M|100/100\n|move|p2a: Pyroar|Work Up|p2a: Pyroar\n|-boost|p2a: Pyroar|atk|1\n|-boost|p2a: Pyroar|spa|1\n|\n|upkeep\n|turn|33\n|inactive|Time left: 300 sec this turn | 300 sec total\n|\n|t:|1783556593\n|move|p2a: Pyroar|Dark Pulse|p1a: Garganacl\n|-damage|p1a: Garganacl|63/100\n|cant|p1a: Garganacl|flinch\n|\n|-heal|p1a: Garganacl|69/100|[from] item: Leftovers\n|upkeep\n|turn|34\n|inactive|Time left: 300 sec this turn | 300 sec total\n|\n|t:|1783556594\n|move|p2a: Pyroar|Dark Pulse|p1a: Garganacl\n|-damage|p1a: Garganacl|33/100\n|cant|p1a: Garganacl|flinch\n|\n|-heal|p1a: Garganacl|40/100|[from] item: Leftovers\n|upkeep\n|turn|35\n|inactive|Time left: 300 sec this turn | 300 sec total\n|\n|t:|1783556595\n|move|p2a: Pyroar|Work Up|p2a: Pyroar\n|-boost|p2a: Pyroar|atk|1\n|-boost|p2a: Pyroar|spa|1\n|move|p1a: Garganacl|Salt Cure|p2a: Pyroar\n|-supereffective|p2a: Pyroar\n|-damage|p2a: Pyroar|205/295\n|-start|p2a: Pyroar|Salt Cure\n|\n|-heal|p1a: Garganacl|46/100|[from] item: Leftovers\n|-damage|p2a: Pyroar|169/295|[from] Salt Cure\n|upkeep\n|turn|36\n|inactive|Time left: 300 sec this turn | 300 sec total\n|\n|t:|1783556596\n|move|p1a: Garganacl|Protect|p1a: Garganacl\n|-singleturn|p1a: Garganacl|Protect\n|move|p2a: Pyroar|Dark Pulse|p1a: Garganacl\n|-activate|p1a: Garganacl|move: Protect\n|\n|-heal|p1a: Garganacl|52/100|[from] item: Leftovers\n|-damage|p2a: Pyroar|133/295|[from] Salt Cure\n|upkeep\n|turn|37\n|inactive|Time left: 300 sec this turn | 300 sec total\n|\n|t:|1783556597\n|move|p2a: Pyroar|Dark Pulse|p1a: Garganacl\n|-damage|p1a: Garganacl|2/100\n|move|p1a: Garganacl|Earthquake|p2a: Pyroar\n|-supereffective|p2a: Pyroar\n|-damage|p2a: Pyroar|0 fnt\n|faint|p2a: Pyroar\n|\n|-heal|p1a: Garganacl|8/100|[from] item: Leftovers\n|upkeep\n|inactive|Time left: 300 sec this turn | 300 sec total | 5 sec grace\n|\n|t:|1783556598\n|switch|p2a: Bombirdier|Bombirdier, L85, F|131/258\n|turn|38\n|inactive|Time left: 300 sec this turn | 300 sec total\n|\n|t:|1783556599\n|move|p2a: Bombirdier|Roost|p2a: Bombirdier\n|-heal|p2a: Bombirdier|258/258\n|-singleturn|p2a: Bombirdier|move: Roost\n|move|p1a: Garganacl|Recover|p1a: Garganacl\n|-heal|p1a: Garganacl|58/100\n|\n|-heal|p1a: Garganacl|64/100|[from] item: Leftovers\n|upkeep\n|turn|39\n|inactive|Time left: 300 sec this turn | 300 sec total\n|\n|t:|1783556600\n|move|p2a: Bombirdier|Knock Off|p1a: Garganacl\n|-damage|p1a: Garganacl|35/100\n|-enditem|p1a: Garganacl|Leftovers|[from] move: Knock Off|[of] p2a: Bombirdier\n|move|p1a: Garganacl|Salt Cure|p2a: Bombirdier\n|-supereffective|p2a: Bombirdier\n|-damage|p2a: Bombirdier|172/258\n|-start|p2a: Bombirdier|Salt Cure\n|\n|-damage|p2a: Bombirdier|140/258|[from] Salt Cure\n|upkeep\n|turn|40\n|inactive|Time left: 300 sec this turn | 300 sec total\n|\n|t:|1783556601\n|switch|p1a: Tauros|Tauros-Paldea-Aqua, L81, M|36/100 par\n|-ability|p1a: Tauros|Intimidate|boost\n|-unboost|p2a: Bombirdier|atk|1\n|move|p2a: Bombirdier|Roost|p2a: Bombirdier\n|-heal|p2a: Bombirdier|258/258\n|-singleturn|p2a: Bombirdier|move: Roost\n|\n|-damage|p2a: Bombirdier|226/258|[from] Salt Cure\n|upkeep\n|turn|41\n|inactive|Time left: 300 sec this turn | 300 sec total\n|\n|t:|1783556602\n|-terastallize|p1a: Tauros|Water\n|move|p2a: Bombirdier|Knock Off|p1a: Tauros\n|-damage|p1a: Tauros|19/100 par\n|move|p1a: Tauros|Wave Crash|p2a: Bombirdier\n|-damage|p2a: Bombirdier|54/258\n|-damage|p1a: Tauros|0 fnt|[from] Recoil\n|faint|p1a: Tauros\n|\n|-damage|p2a: Bombirdier|22/258|[from] Salt Cure\n|upkeep\n|\n|t:|1783556602\n|switch|p1a: Delphox|Delphox, L84, M|75/100\n|turn|42\n|inactive|Time left: 300 sec this turn | 300 sec total\n|\n|t:|1783556603\n|move|p1a: Delphox|Fire Blast|p2a: Bombirdier\n|-crit|p2a: Bombirdier\n|-damage|p2a: Bombirdier|0 fnt\n|faint|p2a: Bombirdier\n|\n|win|p0x14219af0", "uploadtime": 1783556604, "views": 0, "rating": 0, "private": 0, "password": null, "_winner": "p0x14219af0", "_our_name": "p0y1421f2aa"}