{"id": "battle-gen9randombattle-424", "formatid": "gen9randombattle", "format": "[Gen 9] Random Battle", "players": ["p0x4249721", "p0y424a2a2"], "log": "|init|battle\n|title|p0x4249721 vs. p0y424a2a2\n|j|\u2606p0x4249721\n|j|\u2606p0y424a2a2\n|t:|1783543965\n|gametype|singles\n|player|p1|p0x4249721|102|\n|player|p2|p0y424a2a2|170|\n|gen|9\n|tier|[Gen 9] Random Battle\n|rule|Species Clause: Limit one of each Pok\u00e9mon\n|rule|HP Percentage Mod: HP is shown in percentages\n|rule|Sleep Clause Mod: Limit one foe put to sleep\n|rule|Illusion Level Mod: Illusion disguises the Pok\u00e9mon's true level\n|\n|t:|1783543965\n|teamsize|p1|6\n|teamsize|p2|6\n|start\n|switch|p1a: Falinks|Falinks, L84|246/246\n|switch|p2a: Entei|Entei, L78|100/100\n|turn|1\n|inactive|Battle timer is ON: inactive players will automatically lose when time's up. (requested by p0y424a2a2)\n|inactive|Time left: 300 sec this turn | 300 sec total | 60 sec grace\n|inactive|p0x4249721 also wants the timer to be on.\n|\n|t:|1783543966\n|move|p2a: Entei|Sacred Fire|p1a: Falinks\n|-damage|p1a: Falinks|95/246\n|-status|p1a: Falinks|brn\n|move|p1a: Falinks|No Retreat|p1a: Falinks\n|-boost|p1a: Falinks|atk|1\n|-boost|p1a: Falinks|def|1\n|-boost|p1a: Falinks|spa|1\n|-boost|p1a: Falinks|spd|1\n|-boost|p1a: Falinks|spe|1\n|-start|p1a: Falinks|move: No Retreat\n|\n|-damage|p1a: Falinks|80/246 brn|[from] brn\n|upkeep\n|turn|2\n|inactive|Time left: 300 sec this turn | 300 sec total\n|\n|t:|1783543968\n|switch|p2a: Yanmega|Yanmega, L82, F|100/100\n|move|p1a: Falinks|Knock Off|p2a: Yanmega\n|-crit|p2a: Yanmega\n|-damage|p2a: Yanmega|63/100\n|-enditem|p2a: Yanmega|Heavy-Duty Boots|[from] move: Knock Off|[of] p1a: Falinks\n|-damage|p1a: Falinks|56/246 brn|[from] item: Life Orb\n|\n|-damage|p1a: Falinks|41/246 brn|[from] brn\n|upkeep\n|turn|3\n|inactive|Time left: 300 sec this turn | 300 sec total\n|\n|t:|1783543969\n|move|p1a: Falinks|Close Combat|p2a: Yanmega\n|-resisted|p2a: Yanmega\n|-damage|p2a: Yanmega|52/100\n|-unboost|p1a: Falinks|def|1\n|-unboost|p1a: Falinks|spd|1\n|-damage|p1a: Falinks|17/246 brn|[from] item: Life Orb\n|move|p2a: Yanmega|Bug Buzz|p1a: Falinks\n|-resisted|p1a: Falinks\n|-damage|p1a: Falinks|0 fnt\n|faint|p1a: Falinks\n|\n|-ability|p2a: Yanmega|Speed Boost|boost\n|-boost|p2a: Yanmega|spe|1\n|upkeep\n|inactive|Time left: 300 sec this turn | 300 sec total | 5 sec grace\n|\n|t:|1783543970\n|switch|p1a: Toxtricity|Toxtricity, L82, M|257/257\n|turn|4\n|inactive|Time left: 300 sec this turn | 300 sec total\n|\n|t:|1783543971\n|-terastallize|p2a: Yanmega|Ground\n|-terastallize|p1a: Toxtricity|Normal\n|move|p2a: Yanmega|Tera Blast|p1a: Toxtricity|[anim] Tera Blast Ground\n|-damage|p1a: Toxtricity|152/257\n|move|p1a: Toxtricity|Boomburst|p2a: Yanmega\n|-damage|p2a: Yanmega|0 fnt\n|faint|p2a: Yanmega\n|\n|upkeep\n|\n|t:|1783543972\n|switch|p2a: Entei|Entei, L78|100/100\n|turn|5\n|inactive|Time left: 300 sec this turn | 300 sec total\n|\n|t:|1783543973\n|move|p1a: Toxtricity|Boomburst|p2a: Entei\n|-crit|p2a: Entei\n|-damage|p2a: Entei|0 fnt\n|faint|p2a: Entei\n|\n|upkeep\n|\n|t:|1783543974\n|switch|p2a: Meganium|Meganium, L90, M|100/100\n|turn|6\n|inactive|Time left: 300 sec this turn | 300 sec total\n|\n|t:|1783543975\n|move|p1a: Toxtricity|Boomburst|p2a: Meganium\n|-damage|p2a: Meganium|35/100\n|move|p2a: Meganium|Knock Off|p1a: Toxtricity\n|-damage|p1a: Toxtricity|64/257\n|-enditem|p1a: Toxtricity|Choice Scarf|[from] move: Knock Off|[of] p2a: Meganium\n|\n|-heal|p2a: Meganium|41/100|[from] item: Leftovers\n|upkeep\n|turn|7\n|inactive|Time left: 300 sec this turn | 300 sec total\n|\n|t:|1783543976\n|switch|p1a: Hydrapple|Hydrapple, L83, F|312/312\n|move|p2a: Meganium|Energy Ball|p1a: Hydrapple\n|-resisted|p1a: Hydrapple\n|-damage|p1a: Hydrapple|284/312\n|\n|-heal|p2a: Meganium|47/100|[from] item: Leftovers\n|-heal|p1a: Hydrapple|303/312|[from] item: Leftovers\n|upkeep\n|turn|8\n|inactive|Time left: 300 sec this turn | 300 sec total\n|\n|t:|1783543978\n|move|p2a: Meganium|Synthesis|p2a: Meganium\n|-heal|p2a: Meganium|97/100\n|move|p1a: Hydrapple|Fickle Beam|p2a: Meganium\n|-damage|p2a: Meganium|69/100\n|\n|-heal|p2a: Meganium|76/100|[from] item: Leftovers\n|-heal|p1a: Hydrapple|312/312|[from] item: Leftovers\n|upkeep\n|turn|9\n|inactive|Time left: 300 sec this turn | 300 sec total\n|\n|t:|1783543979\n|move|p2a: Meganium|Synthesis|p2a: Meganium\n|-heal|p2a: Meganium|100/100\n|move|p1a: Hydrapple|Fickle Beam|p2a: Meganium\n|-damage|p2a: Meganium|73/100\n|\n|-heal|p2a: Meganium|79/100|[from] item: Leftovers\n|upkeep\n|turn|10\n|inactive|Time left: 300 sec this turn | 300 sec total\n|\n|t:|1783543980\n|move|p2a: Meganium|Knock Off|p1a: Hydrapple\n|-damage|p1a: Hydrapple|248/312\n|-enditem|p1a: Hydrapple|Leftovers|[from] move: Knock Off|[of] p2a: Meganium\n|move|p1a: Hydrapple|Fickle Beam|p2a: Meganium|[anim] Fickle Beam All Out\n|-activate|p1a: Hydrapple|move: Fickle Beam\n|-damage|p2a: Meganium|16/100\n|\n|-heal|p2a: Meganium|23/100|[from] item: Leftovers\n|upkeep\n|turn|11\n|inactive|Time left: 300 sec this turn | 300 sec total\n|\n|t:|1783543981\n|move|p2a: Meganium|Synthesis|p2a: Meganium\n|-heal|p2a: Meganium|73/100\n|move|p1a: Hydrapple|Fickle Beam|p2a: Meganium\n|-damage|p2a: Meganium|45/100\n|\n|-heal|p2a: Meganium|51/100|[from] item: Leftovers\n|upkeep\n|turn|12\n|inactive|Time left: 300 sec this turn | 300 sec total\n|\n|t:|1783543982\n|move|p2a: Meganium|Synthesis|p2a: Meganium\n|-heal|p2a: Meganium|100/100\n|move|p1a: Hydrapple|Nasty Plot|p1a: Hydrapple\n|-boost|p1a: Hydrapple|spa|2\n|\n|upkeep\n|turn|13\n|inactive|Time left: 300 sec this turn | 300 sec total\n|\n|t:|1783543983\n|switch|p2a: Hypno|Hypno, L95, M|100/100\n|move|p1a: Hydrapple|Giga Drain|p2a: Hypno\n|-damage|p2a: Hypno|57/100\n|-heal|p1a: Hydrapple|312/312|[from] drain|[of] p2a: Hypno\n|\n|-heal|p2a: Hypno|63/100|[from] item: Leftovers\n|upkeep\n|turn|14\n|inactive|Time left: 300 sec this turn | 300 sec total\n|\n|t:|1783543984\n|move|p2a: Hypno|Encore|p1a: Hydrapple\n|-start|p1a: Hydrapple|Encore\n|move|p1a: Hydrapple|Giga Drain|p2a: Hypno\n|-damage|p2a: Hypno|23/100\n|\n|-heal|p2a: Hypno|29/100|[from] item: Leftovers\n|upkeep\n|turn|15\n|inactive|Time left: 300 sec this turn | 300 sec total\n|\n|t:|1783543985\n|move|p2a: Hypno|Psychic Noise|p1a: Hydrapple\n|-damage|p1a: Hydrapple|218/312\n|-start|p1a: Hydrapple|move: Heal Block\n|cant|p1a: Hydrapple|move: Heal Block|Giga Drain\n|\n|-heal|p2a: Hypno|35/100|[from] item: Leftovers\n|upkeep\n|turn|16\n|inactive|Time left: 300 sec this turn | 300 sec total\n|\n|t:|1783543986\n|switch|p1a: Toxtricity|Toxtricity, L82, M, tera:Normal|64/257\n|move|p2a: Hypno|Psychic Noise|p1a: Toxtricity\n|-damage|p1a: Toxtricity|14/257\n|-start|p1a: Toxtricity|move: Heal Block\n|\n|-heal|p2a: Hypno|41/100|[from] item: Leftovers\n|upkeep\n|turn|17\n|inactive|Time left: 300 sec this turn | 300 sec total\n|\n|t:|1783543988\n|switch|p1a: Hydrapple|Hydrapple, L83, F|312/312\n|move|p2a: Hypno|Psychic Noise|p1a: Hydrapple\n|-damage|p1a: Hydrapple|225/312\n|-start|p1a: Hydrapple|move: Heal Block\n|\n|-heal|p2a: Hypno|47/100|[from] item: Leftovers\n|upkeep\n|turn|18\n|inactive|Time left: 300 sec this turn | 300 sec total\n|\n|t:|1783543989\n|move|p2a: Hypno|Toxic|p1a: Hydrapple\n|-status|p1a: Hydrapple|tox\n|move|p1a: Hydrapple|Fickle Beam|p2a: Hypno|[anim] Fickle Beam All Out\n|-activate|p1a: Hydrapple|move: Fickle Beam\n|-damage|p2a: Hypno|0 fnt\n|faint|p2a: Hypno\n|\n|-damage|p1a: Hydrapple|206/312 tox|[from] psn\n|-end|p1a: Hydrapple|move: Heal Block\n|upkeep\n|\n|t:|1783543989\n|switch|p2a: Amoonguss|Amoonguss, L82, M|100/100\n|turn|19\n|inactive|Time left: 300 sec this turn | 300 sec total\n|\n|t:|1783543991\n|switch|p1a: Drifblim|Drifblim, L86, M|398/398\n|move|p2a: Amoonguss|Sludge Bomb|p1a: Drifblim\n|-resisted|p1a: Drifblim\n|-damage|p1a: Drifblim|338/398\n|\n|upkeep\n|turn|20\n|inactive|Time left: 300 sec this turn | 300 sec total\n|\n|t:|1783543991\n|move|p1a: Drifblim|Air Slash|p2a: Amoonguss\n|-supereffective|p2a: Amoonguss\n|-damage|p2a: Amoonguss|44/100\n|move|p2a: Amoonguss|Spore|p1a: Drifblim\n|-status|p1a: Drifblim|slp|[from] move: Spore\n|\n|upkeep\n|turn|21\n|inactive|Time left: 300 sec this turn | 300 sec total\n|\n|t:|1783543993\n|switch|p1a: Dunsparce|Dunsparce, L86, M|312/312\n|switch|p2a: Meganium|Meganium, L90, M|100/100\n|\n|upkeep\n|turn|22\n|inactive|Time left: 300 sec this turn | 300 sec total\n|\n|t:|1783543994\n|move|p2a: Meganium|Leech Seed|p1a: Dunsparce\n|-start|p1a: Dunsparce|move: Leech Seed\n|move|p1a: Dunsparce|Body Slam|p2a: Meganium\n|-damage|p2a: Meganium|77/100\n|\n|-heal|p2a: Meganium|84/100|[from] item: Leftovers\n|-damage|p1a: Dunsparce|273/312|[from] Leech Seed|[of] p2a: Meganium\n|-heal|p2a: Meganium|97/100|[silent]\n|upkeep\n|turn|23\n|inactive|Time left: 300 sec this turn | 300 sec total\n|\n|t:|1783543995\n|switch|p1a: Hydrapple|Hydrapple, L83, F|310/312 tox\n|move|p2a: Meganium|Knock Off|p1a: Hydrapple\n|-damage|p1a: Hydrapple|267/312 tox\n|\n|-heal|p2a: Meganium|100/100|[from] item: Leftovers\n|-damage|p1a: Hydrapple|248/312 tox|[from] psn\n|upkeep\n|turn|24\n|inactive|Time left: 300 sec this turn | 300 sec total\n|\n|t:|1783543996\n|move|p2a: Meganium|Knock Off|p1a: Hydrapple\n|-damage|p1a: Hydrapple|206/312 tox\n|move|p1a: Hydrapple|Fickle Beam|p2a: Meganium|[anim] Fickle Beam All Out\n|-activate|p1a: Hydrapple|move: Fickle Beam\n|-damage|p2a: Meganium|39/100\n|\n|-heal|p2a: Meganium|45/100|[from] item: Leftovers\n|-damage|p1a: Hydrapple|168/312 tox|[from] psn\n|upkeep\n|turn|25\n|inactive|Time left: 300 sec this turn | 300 sec total\n|\n|t:|1783543997\n|move|p2a: Meganium|Synthesis|p2a: Meganium\n|-heal|p2a: Meganium|95/100\n|move|p1a: Hydrapple|Recover|p1a: Hydrapple\n|-heal|p1a: Hydrapple|312/312 tox\n|\n|-heal|p2a: Meganium|100/100|[from] item: Leftovers\n|-damage|p1a: Hydrapple|255/312 tox|[from] psn\n|upkeep\n|turn|26\n|inactive|Time left: 300 sec this turn | 300 sec total\n|\n|t:|1783543998\n|move|p2a: Meganium|Knock Off|p1a: Hydrapple\n|-damage|p1a: Hydrapple|215/312 tox\n|move|p1a: Hydrapple|Fickle Beam|p2a: Meganium\n|-damage|p2a: Meganium|71/100\n|\n|-heal|p2a: Meganium|77/100|[from] item: Leftovers\n|-damage|p1a: Hydrapple|139/312 tox|[from] psn\n|upkeep\n|turn|27\n|inactive|Time left: 300 sec this turn | 300 sec total\n|\n|t:|1783543999\n|switch|p1a: Toxtricity|Toxtricity, L82, M, tera:Normal|14/257\n|move|p2a: Meganium|Knock Off|p1a: Toxtricity\n|-damage|p1a: Toxtricity|0 fnt\n|faint|p1a: Toxtricity\n|\n|-heal|p2a: Meganium|84/100|[from] item: Leftovers\n|upkeep\n|inactive|Time left: 300 sec this turn | 300 sec total | 5 sec grace\n|\n|t:|1783544000\n|switch|p1a: Hydrapple|Hydrapple, L83, F|243/312 tox\n|turn|28\n|inactive|Time left: 300 sec this turn | 300 sec total\n|\n|t:|1783544001\n|switch|p2a: Amoonguss|Amoonguss, L82, M|77/100\n|move|p1a: Hydrapple|Nasty Plot|p1a: Hydrapple\n|-boost|p1a: Hydrapple|spa|2\n|\n|-damage|p1a: Hydrapple|224/312 tox|[from] psn\n|upkeep\n|turn|29\n|inactive|Time left: 300 sec this turn | 300 sec total\n|\n|t:|1783544002\n|move|p1a: Hydrapple|Fickle Beam|p2a: Amoonguss\n|-damage|p2a: Amoonguss|11/100\n|move|p2a: Amoonguss|Sludge Bomb|p1a: Hydrapple\n|-supereffective|p1a: Hydrapple\n|-damage|p1a: Hydrapple|36/312 tox\n|\n|-damage|p1a: Hydrapple|0 fnt|[from] psn\n|faint|p1a: Hydrapple\n|upkeep\n|inactive|Time left: 300 sec this turn | 300 sec total | 5 sec grace\n|\n|t:|1783544003\n|switch|p1a: Dunsparce|Dunsparce, L86, M|273/312\n|turn|30\n|inactive|Time left: 300 sec this turn | 300 sec total\n|\n|t:|1783544004\n|switch|p2a: Meganium|Meganium, L90, M|84/100\n|move|p1a: Dunsparce|Coil|p1a: Dunsparce\n|-boost|p1a: Dunsparce|atk|1\n|-boost|p1a: Dunsparce|def|1\n|-boost|p1a: Dunsparce|accuracy|1\n|\n|-heal|p2a: Meganium|90/100|[from] item: Leftovers\n|upkeep\n|turn|31\n|inactive|Time left: 300 sec this turn | 300 sec total\n|\n|t:|1783544005\n|move|p2a: Meganium|Leech Seed|p1a: Dunsparce\n|-start|p1a: Dunsparce|move: Leech Seed\n|move|p1a: Dunsparce|Body Slam|p2a: Meganium\n|-damage|p2a: Meganium|57/100\n|-status|p2a: Meganium|par\n|\n|-heal|p2a: Meganium|63/100 par|[from] item: Leftovers\n|-damage|p1a: Dunsparce|234/312|[from] Leech Seed|[of] p2a: Meganium\n|-heal|p2a: Meganium|76/100 par|[silent]\n|upkeep\n|turn|32\n|inactive|Time left: 300 sec this turn | 300 sec total\n|\n|t:|1783544006\n|move|p1a: Dunsparce|Coil|p1a: Dunsparce\n|-boost|p1a: Dunsparce|atk|1\n|-boost|p1a: Dunsparce|def|1\n|-boost|p1a: Dunsparce|accuracy|1\n|cant|p2a: Meganium|par\n|\n|-heal|p2a: Meganium|83/100 par|[from] item: Leftovers\n|-damage|p1a: Dunsparce|195/312|[from] Leech Seed|[of] p2a: Meganium\n|-heal|p2a: Meganium|96/100 par|[silent]\n|upkeep\n|turn|33\n|inactive|Time left: 300 sec this turn | 300 sec total\n|\n|t:|1783544006\n|move|p1a: Dunsparce|Roost|p1a: Dunsparce\n|-heal|p1a: Dunsparce|312/312\n|-singleturn|p1a: Dunsparce|move: Roost\n|move|p2a: Meganium|Knock Off|p1a: Dunsparce\n|-damage|p1a: Dunsparce|285/312\n|-enditem|p1a: Dunsparce|Eviolite|[from] move: Knock Off|[of] p2a: Meganium\n|\n|-heal|p2a: Meganium|100/100 par|[from] item: Leftovers\n|-damage|p1a: Dunsparce|246/312|[from] Leech Seed|[of] p2a: Meganium\n|upkeep\n|turn|34\n|inactive|Time left: 300 sec this turn | 300 sec total\n|\n|t:|1783544007\n|move|p1a: Dunsparce|Roost|p1a: Dunsparce\n|-heal|p1a: Dunsparce|312/312\n|-singleturn|p1a: Dunsparce|move: Roost\n|move|p2a: Meganium|Energy Ball|p1a: Dunsparce\n|-damage|p1a: Dunsparce|203/312\n|\n|-damage|p1a: Dunsparce|164/312|[from] Leech Seed|[of] p2a: Meganium\n|upkeep\n|turn|35\n|inactive|Time left: 300 sec this turn | 300 sec total\n|\n|t:|1783544008\n|move|p1a: Dunsparce|Roost|p1a: Dunsparce\n|-heal|p1a: Dunsparce|312/312\n|-singleturn|p1a: Dunsparce|move: Roost\n|cant|p2a: Meganium|par\n|\n|-damage|p1a: Dunsparce|273/312|[from] Leech Seed|[of] p2a: Meganium\n|upkeep\n|turn|36\n|inactive|Time left: 300 sec this turn | 300 sec total\n|\n|t:|1783544009\n|move|p1a: Dunsparce|Body Slam|p2a: Meganium\n|-damage|p2a: Meganium|58/100 par\n|move|p2a: Meganium|Energy Ball|p1a: Dunsparce\n|-damage|p1a: Dunsparce|153/312\n|\n|-heal|p2a: Meganium|64/100 par|[from] item: Leftovers\n|-damage|p1a: Dunsparce|114/312|[from] Leech Seed|[of] p2a: Meganium\n|-heal|p2a: Meganium|78/100 par|[silent]\n|upkeep\n|turn|37\n|inactive|Time left: 300 sec this turn | 300 sec total\n|\n|t:|1783544010\n|move|p1a: Dunsparce|Roost|p1a: Dunsparce\n|-heal|p1a: Dunsparce|270/312\n|-singleturn|p1a: Dunsparce|move: Roost\n|move|p2a: Meganium|Energy Ball|p1a: Dunsparce\n|-damage|p1a: Dunsparce|146/312\n|\n|-heal|p2a: Meganium|84/100 par|[from] item: Leftovers\n|-damage|p1a: Dunsparce|107/312|[from] Leech Seed|[of] p2a: Meganium\n|-heal|p2a: Meganium|97/100 par|[silent]\n|upkeep\n|turn|38\n|inactive|Time left: 300 sec this turn | 300 sec total\n|\n|t:|1783544011\n|move|p1a: Dunsparce|Roost|p1a: Dunsparce\n|-heal|p1a: Dunsparce|263/312\n|-singleturn|p1a: Dunsparce|move: Roost\n|move|p2a: Meganium|Energy Ball|p1a: Dunsparce\n|-damage|p1a: Dunsparce|139/312\n|\n|-heal|p2a: Meganium|100/100 par|[from] item: Leftovers\n|-damage|p1a: Dunsparce|100/312|[from] Leech Seed|[of] p2a: Meganium\n|upkeep\n|turn|39\n|inactive|Time left: 300 sec this turn | 300 sec total\n|\n|t:|1783544012\n|move|p1a: Dunsparce|Roost|p1a: Dunsparce\n|-heal|p1a: Dunsparce|256/312\n|-singleturn|p1a: Dunsparce|move: Roost\n|move|p2a: Meganium|Energy Ball|p1a: Dunsparce\n|-damage|p1a: Dunsparce|136/312\n|\n|-damage|p1a: Dunsparce|97/312|[from] Leech Seed|[of] p2a: Meganium\n|upkeep\n|turn|40\n|inactive|Time left: 300 sec this turn | 300 sec total\n|\n|t:|1783544013\n|move|p1a: Dunsparce|Roost|p1a: Dunsparce\n|-heal|p1a: Dunsparce|253/312\n|-singleturn|p1a: Dunsparce|move: Roost\n|move|p2a: Meganium|Energy Ball|p1a: Dunsparce\n|-damage|p1a: Dunsparce|142/312\n|\n|-damage|p1a: Dunsparce|103/312|[from] Leech Seed|[of] p2a: Meganium\n|upkeep\n|turn|41\n|inactive|Time left: 300 sec this turn | 300 sec total\n|\n|t:|1783544014\n|move|p1a: Dunsparce|Roost|p1a: Dunsparce\n|-heal|p1a: Dunsparce|259/312\n|-singleturn|p1a: Dunsparce|move: Roost\n|move|p2a: Meganium|Energy Ball|p1a: Dunsparce\n|-damage|p1a: Dunsparce|147/312\n|\n|-damage|p1a: Dunsparce|108/312|[from] Leech Seed|[of] p2a: Meganium\n|upkeep\n|turn|42\n|inactive|Time left: 300 sec this turn | 300 sec total\n|\n|t:|1783544015\n|move|p1a: Dunsparce|Body Slam|p2a: Meganium\n|-damage|p2a: Meganium|58/100 par\n|cant|p2a: Meganium|par\n|\n|-heal|p2a: Meganium|64/100 par|[from] item: Leftovers\n|-damage|p1a: Dunsparce|69/312|[from] Leech Seed|[of] p2a: Meganium\n|-heal|p2a: Meganium|77/100 par|[silent]\n|upkeep\n|turn|43\n|inactive|Time left: 300 sec this turn | 300 sec total\n|\n|t:|1783544016\n|move|p1a: Dunsparce|Body Slam|p2a: Meganium\n|-damage|p2a: Meganium|36/100 par\n|move|p2a: Meganium|Synthesis|p2a: Meganium\n|-heal|p2a: Meganium|86/100 par\n|\n|-heal|p2a: Meganium|92/100 par|[from] item: Leftovers\n|-damage|p1a: Dunsparce|30/312|[from] Leech Seed|[of] p2a: Meganium\n|-heal|p2a: Meganium|100/100 par|[silent]\n|upkeep\n|turn|44\n|inactive|Time left: 300 sec this turn | 300 sec total\n|\n|t:|1783544018\n|move|p1a: Dunsparce|Body Slam|p2a: Meganium\n|-crit|p2a: Meganium\n|-damage|p2a: Meganium|31/100 par\n|move|p2a: Meganium|Energy Ball|p1a: Dunsparce\n|-damage|p1a: Dunsparce|0 fnt\n|faint|p1a: Dunsparce\n|\n|-heal|p2a: Meganium|37/100 par|[from] item: Leftovers\n|upkeep\n|inactive|Time left: 300 sec this turn | 300 sec total | 5 sec grace\n|\n|t:|1783544019\n|switch|p1a: Volbeat|Volbeat, L90, M|263/263\n|turn|45\n|inactive|Time left: 300 sec this turn | 300 sec total\n|\n|t:|1783544020\n|move|p1a: Volbeat|U-turn|p2a: Meganium\n|-supereffective|p2a: Meganium\n|-damage|p2a: Meganium|0 fnt\n|faint|p2a: Meganium\n|inactive|Time left: 300 sec this turn | 300 sec total | 5 sec grace\n|\n|t:|1783544021\n|switch|p1a: Drifblim|Drifblim, L86, M|338/398 slp|[from] U-turn\n|\n|upkeep\n|\n|t:|1783544022\n|switch|p2a: Basculin|Basculin-Blue-Striped, L86, F|100/100\n|turn|46\n|inactive|Time left: 300 sec this turn | 300 sec total\n|\n|t:|1783544022\n|move|p2a: Basculin|Wave Crash|p1a: Drifblim\n|-damage|p1a: Drifblim|0 fnt\n|-damage|p2a: Basculin|76/100|[from] ability: Aftermath|[of] p1a: Drifblim\n|faint|p1a: Drifblim\n|-damage|p2a: Basculin|33/100|[from] Recoil\n|\n|upkeep\n|inactive|Time left: 300 sec this turn | 300 sec total | 5 sec grace\n|\n|t:|1783544023\n|switch|p1a: Volbeat|Volbeat, L90, M|263/263\n|turn|47\n|inactive|Time left: 300 sec this turn | 300 sec total\n|\n|t:|1783544024\n|move|p1a: Volbeat|Thunder Wave|p2a: Basculin\n|-status|p2a: Basculin|par\n|cant|p2a: Basculin|par\n|\n|upkeep\n|turn|48\n|inactive|Time left: 300 sec this turn | 300 sec total\n|\n|t:|1783544025\n|move|p1a: Volbeat|U-turn|p2a: Basculin\n|-damage|p2a: Basculin|0 fnt\n|faint|p2a: Basculin\n|\n|upkeep\n|\n|t:|1783544026\n|switch|p2a: Amoonguss|Amoonguss, L82, M|44/100\n|turn|49\n|inactive|Time left: 300 sec this turn | 300 sec total\n|\n|t:|1783544027\n|move|p1a: Volbeat|U-turn|p2a: Amoonguss\n|-damage|p2a: Amoonguss|20/100\n|-damage|p1a: Volbeat|220/263|[from] item: Rocky Helmet|[of] p2a: Amoonguss\n|move|p2a: Amoonguss|Spore|p1a: Volbeat\n|-status|p1a: Volbeat|slp|[from] move: Spore\n|\n|upkeep\n|turn|50\n|inactive|Time left: 300 sec this turn | 300 sec total\n|\n|t:|1783544028\n|cant|p1a: Volbeat|slp\n|move|p2a: Amoonguss|Giga Drain|p1a: Volbeat\n|-resisted|p1a: Volbeat\n|-damage|p1a: Volbeat|187/263 slp\n|-heal|p2a: Amoonguss|25/100|[from] drain|[of] p1a: Volbeat\n|\n|upkeep\n|turn|51\n|inactive|Time left: 300 sec this turn | 300 sec total\n|\n|t:|1783544029\n|cant|p1a: Volbeat|slp\n|move|p2a: Amoonguss|Giga Drain|p1a: Volbeat\n|-resisted|p1a: Volbeat\n|-damage|p1a: Volbeat|152/263 slp\n|-heal|p2a: Amoonguss|31/100|[from] drain|[of] p1a: Volbeat\n|\n|upkeep\n|turn|52\n|inactive|Time left: 300 sec this turn | 300 sec total\n|\n|t:|1783544030\n|cant|p1a: Volbeat|slp\n|move|p2a: Amoonguss|Sludge Bomb|p1a: Volbeat\n|-damage|p1a: Volbeat|70/263 slp\n|\n|upkeep\n|turn|53\n|inactive|Time left: 300 sec this turn | 300 sec total\n|\n|t:|1783544031\n|-curestatus|p1a: Volbeat|slp|[msg]\n|move|p1a: Volbeat|Roost|p1a: Volbeat\n|-heal|p1a: Volbeat|202/263\n|-singleturn|p1a: Volbeat|move: Roost\n|move|p2a: Amoonguss|Spore|p1a: Volbeat\n|-status|p1a: Volbeat|slp|[from] move: Spore\n|\n|upkeep\n|turn|54\n|inactive|Time left: 300 sec this turn | 300 sec total\n|\n|t:|1783544032\n|cant|p1a: Volbeat|slp\n|move|p2a: Amoonguss|Sludge Bomb|p1a: Volbeat\n|-damage|p1a: Volbeat|117/263 slp\n|\n|upkeep\n|turn|55\n|inactive|Time left: 300 sec this turn | 300 sec total\n|\n|t:|1783544033\n|cant|p1a: Volbeat|slp\n|move|p2a: Amoonguss|Sludge Bomb|p1a: Volbeat\n|-damage|p1a: Volbeat|44/263 slp\n|\n|upkeep\n|turn|56\n|inactive|Time left: 300 sec this turn | 300 sec total\n|\n|t:|1783544034\n|-curestatus|p1a: Volbeat|slp|[msg]\n|move|p1a: Volbeat|Roost|p1a: Volbeat\n|-heal|p1a: Volbeat|176/263\n|-singleturn|p1a: Volbeat|move: Roost\n|move|p2a: Amoonguss|Sludge Bomb|p1a: Volbeat\n|-damage|p1a: Volbeat|92/263\n|\n|upkeep\n|turn|57\n|inactive|Time left: 300 sec this turn | 300 sec total\n|\n|t:|1783544035\n|move|p1a: Volbeat|Roost|p1a: Volbeat\n|-heal|p1a: Volbeat|224/263\n|-singleturn|p1a: Volbeat|move: Roost\n|move|p2a: Amoonguss|Spore|p1a: Volbeat\n|-status|p1a: Volbeat|slp|[from] move: Spore\n|\n|upkeep\n|turn|58\n|inactive|Time left: 300 sec this turn | 300 sec total\n|\n|t:|1783544036\n|cant|p1a: Volbeat|slp\n|move|p2a: Amoonguss|Sludge Bomb|p1a: Volbeat\n|-damage|p1a: Volbeat|145/263 slp\n|\n|upkeep\n|turn|59\n|inactive|Time left: 300 sec this turn | 300 sec total\n|\n|t:|1783544038\n|cant|p1a: Volbeat|slp\n|move|p2a: Amoonguss|Sludge Bomb|p1a: Volbeat\n|-damage|p1a: Volbeat|63/263 slp\n|\n|upkeep\n|turn|60\n|inactive|Time left: 300 sec this turn | 300 sec total\n|\n|t:|1783544038\n|cant|p1a: Volbeat|slp\n|move|p2a: Amoonguss|Sludge Bomb|p1a: Volbeat\n|-damage|p1a: Volbeat|0 fnt\n|faint|p1a: Volbeat\n|\n|win|p0y424a2a2", "uploadtime": 1783544038, "views": 0, "rating": 0, "private": 0, "password": null, "_winner": "p0y424a2a2", "_our_name": "p0x4249721"}