{"id": "battle-gen9randombattle-57", "formatid": "gen9randombattle", "format": "[Gen 9] Random Battle", "players": ["p0x0576b40", "p0y057a996"], "log": "|init|battle\n|title|p0x0576b40 vs. p0y057a996\n|j|\u2606p0x0576b40\n|j|\u2606p0y057a996\n|t:|1783539840\n|gametype|singles\n|player|p1|p0x0576b40|266|\n|player|p2|p0y057a996|169|\n|gen|9\n|tier|[Gen 9] Random Battle\n|rule|Species Clause: Limit one of each Pok\u00e9mon\n|rule|HP Percentage Mod: HP is shown in percentages\n|rule|Sleep Clause Mod: Limit one foe put to sleep\n|rule|Illusion Level Mod: Illusion disguises the Pok\u00e9mon's true level\n|\n|t:|1783539840\n|teamsize|p1|6\n|teamsize|p2|6\n|start\n|switch|p1a: Lurantis|Lurantis, L87, M|100/100\n|switch|p2a: Oricorio|Oricorio-Pom-Pom, L82, F|257/257\n|turn|1\n|inactive|Battle timer is ON: inactive players will automatically lose when time's up. (requested by p0y057a996)\n|inactive|p0x0576b40 also wants the timer to be on.\n|\n|t:|1783539842\n|move|p2a: Oricorio|Quiver Dance|p2a: Oricorio\n|-boost|p2a: Oricorio|spa|1\n|-boost|p2a: Oricorio|spd|1\n|-boost|p2a: Oricorio|spe|1\n|move|p1a: Lurantis|Superpower|p2a: Oricorio\n|-resisted|p2a: Oricorio\n|-damage|p2a: Oricorio|200/257\n|-boost|p1a: Lurantis|atk|1\n|-boost|p1a: Lurantis|def|1\n|\n|upkeep\n|turn|2\n|inactive|Time left: 300 sec this turn | 300 sec total\n|\n|t:|1783539843\n|move|p2a: Oricorio|Hurricane|p1a: Lurantis\n|-supereffective|p1a: Lurantis\n|-damage|p1a: Lurantis|14/100\n|move|p1a: Lurantis|Superpower|p2a: Oricorio\n|-resisted|p2a: Oricorio\n|-damage|p2a: Oricorio|115/257\n|-boost|p1a: Lurantis|atk|1\n|-boost|p1a: Lurantis|def|1\n|\n|upkeep\n|turn|3\n|inactive|Time left: 300 sec this turn | 300 sec total\n|\n|t:|1783539844\n|switch|p1a: Alcremie|Alcremie-Caramel-Swirl, L90, F|100/100\n|move|p2a: Oricorio|Revelation Dance|p1a: Alcremie\n|-damage|p1a: Alcremie|62/100\n|\n|-heal|p1a: Alcremie|68/100|[from] item: Leftovers\n|upkeep\n|turn|4\n|inactive|Time left: 300 sec this turn | 300 sec total\n|\n|t:|1783539845\n|move|p2a: Oricorio|Quiver Dance|p2a: Oricorio\n|-boost|p2a: Oricorio|spa|1\n|-boost|p2a: Oricorio|spd|1\n|-boost|p2a: Oricorio|spe|1\n|move|p1a: Alcremie|Calm Mind|p1a: Alcremie\n|-boost|p1a: Alcremie|spa|1\n|-boost|p1a: Alcremie|spd|1\n|\n|-heal|p1a: Alcremie|74/100|[from] item: Leftovers\n|upkeep\n|turn|5\n|inactive|Time left: 300 sec this turn | 300 sec total\n|\n|t:|1783539846\n|move|p2a: Oricorio|Roost|p2a: Oricorio\n|-heal|p2a: Oricorio|244/257\n|-singleturn|p2a: Oricorio|move: Roost\n|move|p1a: Alcremie|Alluring Voice|p2a: Oricorio\n|-crit|p2a: Oricorio\n|-damage|p2a: Oricorio|0 fnt\n|faint|p2a: Oricorio\n|\n|-heal|p1a: Alcremie|80/100|[from] item: Leftovers\n|upkeep\n|inactive|Time left: 300 sec this turn | 300 sec total | 5 sec grace\n|\n|t:|1783539847\n|switch|p2a: Pecharunt|Pecharunt, L77|262/262\n|turn|6\n|inactive|Time left: 300 sec this turn | 300 sec total\n|\n|t:|1783539848\n|move|p2a: Pecharunt|Parting Shot|p1a: Alcremie\n|-unboost|p1a: Alcremie|atk|1\n|-unboost|p1a: Alcremie|spa|1\n|inactive|Time left: 300 sec this turn | 300 sec total | 5 sec grace\n|\n|t:|1783539849\n|switch|p2a: Lunala|Lunala, L70|308/308|[from] Parting Shot\n|move|p1a: Alcremie|Alluring Voice|p2a: Lunala\n|-damage|p2a: Lunala|248/308\n|\n|-heal|p2a: Lunala|267/308|[from] item: Leftovers\n|-heal|p1a: Alcremie|86/100|[from] item: Leftovers\n|upkeep\n|turn|7\n|inactive|Time left: 300 sec this turn | 300 sec total\n|\n|t:|1783539850\n|move|p2a: Lunala|Calm Mind|p2a: Lunala\n|-boost|p2a: Lunala|spa|1\n|-boost|p2a: Lunala|spd|1\n|move|p1a: Alcremie|Calm Mind|p1a: Alcremie\n|-boost|p1a: Alcremie|spa|1\n|-boost|p1a: Alcremie|spd|1\n|\n|-heal|p2a: Lunala|286/308|[from] item: Leftovers\n|-heal|p1a: Alcremie|92/100|[from] item: Leftovers\n|upkeep\n|turn|8\n|inactive|Time left: 300 sec this turn | 300 sec total\n|\n|t:|1783539851\n|move|p2a: Lunala|Calm Mind|p2a: Lunala\n|-boost|p2a: Lunala|spa|1\n|-boost|p2a: Lunala|spd|1\n|move|p1a: Alcremie|Calm Mind|p1a: Alcremie\n|-boost|p1a: Alcremie|spa|1\n|-boost|p1a: Alcremie|spd|1\n|\n|-heal|p2a: Lunala|305/308|[from] item: Leftovers\n|-heal|p1a: Alcremie|98/100|[from] item: Leftovers\n|upkeep\n|turn|9\n|inactive|Time left: 300 sec this turn | 300 sec total\n|\n|t:|1783539852\n|move|p2a: Lunala|Calm Mind|p2a: Lunala\n|-boost|p2a: Lunala|spa|1\n|-boost|p2a: Lunala|spd|1\n|move|p1a: Alcremie|Recover|p1a: Alcremie\n|-heal|p1a: Alcremie|100/100\n|\n|-heal|p2a: Lunala|308/308|[from] item: Leftovers\n|upkeep\n|turn|10\n|inactive|Time left: 300 sec this turn | 300 sec total\n|\n|t:|1783539853\n|move|p2a: Lunala|Moongeist Beam|p1a: Alcremie\n|-damage|p1a: Alcremie|74/100\n|move|p1a: Alcremie|Calm Mind|p1a: Alcremie\n|-boost|p1a: Alcremie|spa|1\n|-boost|p1a: Alcremie|spd|1\n|\n|-heal|p1a: Alcremie|80/100|[from] item: Leftovers\n|upkeep\n|turn|11\n|inactive|Time left: 300 sec this turn | 300 sec total\n|\n|t:|1783539854\n|move|p2a: Lunala|Calm Mind|p2a: Lunala\n|-boost|p2a: Lunala|spa|1\n|-boost|p2a: Lunala|spd|1\n|move|p1a: Alcremie|Calm Mind|p1a: Alcremie\n|-boost|p1a: Alcremie|spa|1\n|-boost|p1a: Alcremie|spd|1\n|\n|-heal|p1a: Alcremie|86/100|[from] item: Leftovers\n|upkeep\n|turn|12\n|inactive|Time left: 300 sec this turn | 300 sec total\n|\n|t:|1783539855\n|move|p2a: Lunala|Moongeist Beam|p1a: Alcremie\n|-damage|p1a: Alcremie|64/100\n|move|p1a: Alcremie|Calm Mind|p1a: Alcremie\n|-boost|p1a: Alcremie|spa|1\n|-boost|p1a: Alcremie|spd|1\n|\n|-heal|p1a: Alcremie|70/100|[from] item: Leftovers\n|upkeep\n|turn|13\n|inactive|Time left: 300 sec this turn | 300 sec total\n|\n|t:|1783539856\n|move|p2a: Lunala|Moonblast|p1a: Alcremie\n|-damage|p1a: Alcremie|56/100\n|move|p1a: Alcremie|Recover|p1a: Alcremie\n|-heal|p1a: Alcremie|100/100\n|\n|upkeep\n|turn|14\n|inactive|Time left: 300 sec this turn | 300 sec total\n|\n|t:|1783539857\n|move|p2a: Lunala|Moongeist Beam|p1a: Alcremie\n|-damage|p1a: Alcremie|81/100\n|move|p1a: Alcremie|Alluring Voice|p2a: Lunala\n|-damage|p2a: Lunala|238/308\n|\n|-heal|p2a: Lunala|257/308|[from] item: Leftovers\n|-heal|p1a: Alcremie|87/100|[from] item: Leftovers\n|upkeep\n|turn|15\n|inactive|Time left: 300 sec this turn | 300 sec total\n|\n|t:|1783539859\n|move|p2a: Lunala|Calm Mind|p2a: Lunala\n|-boost|p2a: Lunala|spa|1\n|-boost|p2a: Lunala|spd|1\n|move|p1a: Alcremie|Alluring Voice|p2a: Lunala\n|-damage|p2a: Lunala|152/308\n|-start|p2a: Lunala|confusion\n|\n|-heal|p2a: Lunala|171/308|[from] item: Leftovers\n|-heal|p1a: Alcremie|93/100|[from] item: Leftovers\n|upkeep\n|turn|16\n|inactive|Time left: 300 sec this turn | 300 sec total\n|\n|t:|1783539860\n|-activate|p2a: Lunala|confusion\n|move|p2a: Lunala|Moonlight|p2a: Lunala\n|-heal|p2a: Lunala|308/308\n|move|p1a: Alcremie|Alluring Voice|p2a: Lunala\n|-damage|p2a: Lunala|248/308\n|\n|-heal|p2a: Lunala|267/308|[from] item: Leftovers\n|-heal|p1a: Alcremie|99/100|[from] item: Leftovers\n|upkeep\n|turn|17\n|inactive|Time left: 300 sec this turn | 300 sec total\n|\n|t:|1783539861\n|-end|p2a: Lunala|confusion\n|move|p2a: Lunala|Moonlight|p2a: Lunala\n|-heal|p2a: Lunala|308/308\n|move|p1a: Alcremie|Alluring Voice|p2a: Lunala\n|-damage|p2a: Lunala|251/308\n|\n|-heal|p2a: Lunala|270/308|[from] item: Leftovers\n|-heal|p1a: Alcremie|100/100|[from] item: Leftovers\n|upkeep\n|turn|18\n|inactive|Time left: 300 sec this turn | 300 sec total\n|\n|t:|1783539862\n|move|p2a: Lunala|Moonlight|p2a: Lunala\n|-heal|p2a: Lunala|308/308\n|move|p1a: Alcremie|Alluring Voice|p2a: Lunala\n|-damage|p2a: Lunala|250/308\n|\n|-heal|p2a: Lunala|269/308|[from] item: Leftovers\n|upkeep\n|turn|19\n|inactive|Time left: 300 sec this turn | 300 sec total\n|\n|t:|1783539863\n|move|p2a: Lunala|Moonlight|p2a: Lunala\n|-heal|p2a: Lunala|308/308\n|move|p1a: Alcremie|Alluring Voice|p2a: Lunala\n|-damage|p2a: Lunala|253/308\n|\n|-heal|p2a: Lunala|272/308|[from] item: Leftovers\n|upkeep\n|turn|20\n|inactive|Time left: 300 sec this turn | 300 sec total\n|\n|t:|1783539864\n|move|p2a: Lunala|Moonlight|p2a: Lunala\n|-heal|p2a: Lunala|308/308\n|move|p1a: Alcremie|Alluring Voice|p2a: Lunala\n|-damage|p2a: Lunala|255/308\n|\n|-heal|p2a: Lunala|274/308|[from] item: Leftovers\n|upkeep\n|turn|21\n|inactive|Time left: 300 sec this turn | 300 sec total\n|\n|t:|1783539865\n|move|p2a: Lunala|Moonlight|p2a: Lunala\n|-heal|p2a: Lunala|308/308\n|move|p1a: Alcremie|Alluring Voice|p2a: Lunala\n|-damage|p2a: Lunala|256/308\n|\n|-heal|p2a: Lunala|275/308|[from] item: Leftovers\n|upkeep\n|turn|22\n|inactive|Time left: 300 sec this turn | 300 sec total\n|\n|t:|1783539866\n|move|p2a: Lunala|Moongeist Beam|p1a: Alcremie\n|-damage|p1a: Alcremie|75/100\n|move|p1a: Alcremie|Alluring Voice|p2a: Lunala\n|-damage|p2a: Lunala|158/308\n|\n|-heal|p2a: Lunala|177/308|[from] item: Leftovers\n|-heal|p1a: Alcremie|81/100|[from] item: Leftovers\n|upkeep\n|turn|23\n|inactive|Time left: 300 sec this turn | 300 sec total\n|\n|t:|1783539867\n|move|p2a: Lunala|Moonlight|p2a: Lunala\n|-heal|p2a: Lunala|308/308\n|move|p1a: Alcremie|Alluring Voice|p2a: Lunala\n|-damage|p2a: Lunala|254/308\n|\n|-heal|p2a: Lunala|273/308|[from] item: Leftovers\n|-heal|p1a: Alcremie|88/100|[from] item: Leftovers\n|upkeep\n|turn|24\n|inactive|Time left: 300 sec this turn | 300 sec total\n|\n|t:|1783539868\n|move|p2a: Lunala|Moongeist Beam|p1a: Alcremie\n|-damage|p1a: Alcremie|61/100\n|move|p1a: Alcremie|Alluring Voice|p2a: Lunala\n|-damage|p2a: Lunala|159/308\n|\n|-heal|p2a: Lunala|178/308|[from] item: Leftovers\n|-heal|p1a: Alcremie|67/100|[from] item: Leftovers\n|upkeep\n|turn|25\n|inactive|Time left: 300 sec this turn | 300 sec total\n|\n|t:|1783539869\n|move|p2a: Lunala|Moonlight|p2a: Lunala\n|-heal|p2a: Lunala|308/308\n|move|p1a: Alcremie|Alluring Voice|p2a: Lunala\n|-damage|p2a: Lunala|257/308\n|\n|-heal|p2a: Lunala|276/308|[from] item: Leftovers\n|-heal|p1a: Alcremie|73/100|[from] item: Leftovers\n|upkeep\n|turn|26\n|inactive|Time left: 300 sec this turn | 300 sec total\n|\n|t:|1783539870\n|move|p2a: Lunala|Moongeist Beam|p1a: Alcremie\n|-damage|p1a: Alcremie|51/100\n|move|p1a: Alcremie|Alluring Voice|p2a: Lunala\n|-damage|p2a: Lunala|159/308\n|\n|-heal|p2a: Lunala|178/308|[from] item: Leftovers\n|-heal|p1a: Alcremie|57/100|[from] item: Leftovers\n|upkeep\n|turn|27\n|inactive|Time left: 300 sec this turn | 300 sec total\n|\n|t:|1783539871\n|move|p2a: Lunala|Moongeist Beam|p1a: Alcremie\n|-damage|p1a: Alcremie|33/100\n|move|p1a: Alcremie|Alluring Voice|p2a: Lunala\n|-damage|p2a: Lunala|69/308\n|\n|-heal|p2a: Lunala|88/308|[from] item: Leftovers\n|-heal|p1a: Alcremie|39/100|[from] item: Leftovers\n|upkeep\n|turn|28\n|inactive|Time left: 300 sec this turn | 300 sec total\n|\n|t:|1783539872\n|-terastallize|p1a: Alcremie|Ground\n|move|p2a: Lunala|Moongeist Beam|p1a: Alcremie\n|-damage|p1a: Alcremie|14/100\n|move|p1a: Alcremie|Tera Blast|p2a: Lunala|[anim] Tera Blast Ground\n|-damage|p2a: Lunala|0 fnt\n|faint|p2a: Lunala\n|\n|-heal|p1a: Alcremie|20/100|[from] item: Leftovers\n|upkeep\n|inactive|Time left: 300 sec this turn | 300 sec total | 5 sec grace\n|\n|t:|1783539873\n|switch|p2a: Mabosstiff|Mabosstiff, L86, M|278/278\n|turn|29\n|inactive|Time left: 300 sec this turn | 300 sec total\n|\n|t:|1783539874\n|move|p2a: Mabosstiff|Crunch|p1a: Alcremie\n|-damage|p1a: Alcremie|0 fnt\n|faint|p1a: Alcremie\n|\n|upkeep\n|\n|t:|1783539875\n|switch|p1a: Yanmega|Yanmega, L82, F|100/100\n|turn|30\n|inactive|Time left: 300 sec this turn | 300 sec total\n|\n|t:|1783539876\n|move|p1a: Yanmega|Bug Buzz|p2a: Mabosstiff\n|-supereffective|p2a: Mabosstiff\n|-damage|p2a: Mabosstiff|0 fnt\n|faint|p2a: Mabosstiff\n|\n|upkeep\n|inactive|Time left: 300 sec this turn | 300 sec total | 5 sec grace\n|\n|t:|1783539877\n|switch|p2a: Plusle|Plusle, L95, F|268/268\n|turn|31\n|inactive|Time left: 300 sec this turn | 300 sec total\n|\n|t:|1783539878\n|switch|p1a: Duraludon|Duraludon, L82, F|100/100\n|move|p2a: Plusle|Nasty Plot|p2a: Plusle\n|-boost|p2a: Plusle|spa|2\n|\n|upkeep\n|turn|32\n|inactive|Time left: 300 sec this turn | 300 sec total\n|\n|t:|1783539879\n|-terastallize|p2a: Plusle|Fairy\n|move|p2a: Plusle|Alluring Voice|p1a: Duraludon\n|-damage|p1a: Duraludon|0 fnt\n|faint|p1a: Duraludon\n|-damage|p2a: Plusle|242/268|[from] item: Life Orb\n|\n|upkeep\n|\n|t:|1783539880\n|switch|p1a: Flutter Mane|Flutter Mane, L74|100/100\n|turn|33\n|inactive|Time left: 300 sec this turn | 300 sec total\n|\n|t:|1783539881\n|move|p1a: Flutter Mane|Calm Mind|p1a: Flutter Mane\n|-boost|p1a: Flutter Mane|spa|1\n|-boost|p1a: Flutter Mane|spd|1\n|move|p2a: Plusle|Thunderbolt|p1a: Flutter Mane\n|-damage|p1a: Flutter Mane|24/100\n|-damage|p2a: Plusle|216/268|[from] item: Life Orb\n|\n|upkeep\n|turn|34\n|inactive|Time left: 300 sec this turn | 300 sec total\n|\n|t:|1783539882\n|move|p1a: Flutter Mane|Moonblast|p2a: Plusle\n|-damage|p2a: Plusle|28/268\n|-damage|p1a: Flutter Mane|14/100|[from] item: Life Orb\n|move|p2a: Plusle|Thunderbolt|p1a: Flutter Mane\n|-damage|p1a: Flutter Mane|0 fnt\n|faint|p1a: Flutter Mane\n|-end|p1a: Flutter Mane|Protosynthesis|[silent]\n|-damage|p2a: Plusle|2/268|[from] item: Life Orb\n|\n|upkeep\n|\n|t:|1783539883\n|switch|p1a: Lurantis|Lurantis, L87, M|14/100\n|turn|35\n|inactive|Time left: 300 sec this turn | 300 sec total\n|\n|t:|1783539884\n|move|p2a: Plusle|Alluring Voice|p1a: Lurantis\n|-damage|p1a: Lurantis|0 fnt\n|faint|p1a: Lurantis\n|-damage|p2a: Plusle|0 fnt|[from] item: Life Orb\n|faint|p2a: Plusle\n|\n|upkeep\n|inactive|Time left: 300 sec this turn | 300 sec total | 5 sec grace\n|\n|t:|1783539885\n|switch|p2a: Pecharunt|Pecharunt, L77|262/262\n|switch|p1a: Yanmega|Yanmega, L82, F|100/100\n|turn|36\n|inactive|Time left: 300 sec this turn | 300 sec total\n|\n|t:|1783539886\n|move|p1a: Yanmega|Air Slash|p2a: Pecharunt\n|-damage|p2a: Pecharunt|114/262\n|move|p2a: Pecharunt|Malignant Chain|p1a: Yanmega\n|-damage|p1a: Yanmega|60/100\n|-status|p1a: Yanmega|tox\n|-start|p1a: Yanmega|confusion|[from] ability: Poison Puppeteer|[of] p2a: Pecharunt\n|\n|-heal|p2a: Pecharunt|130/262|[from] item: Leftovers\n|-damage|p1a: Yanmega|54/100 tox|[from] psn\n|upkeep\n|turn|37\n|inactive|Time left: 300 sec this turn | 300 sec total\n|\n|t:|1783539887\n|-activate|p1a: Yanmega|confusion\n|move|p1a: Yanmega|Air Slash|p2a: Pecharunt\n|-damage|p2a: Pecharunt|0 fnt\n|faint|p2a: Pecharunt\n|\n|-damage|p1a: Yanmega|41/100 tox|[from] psn\n|upkeep\n|inactive|Time left: 300 sec this turn | 300 sec total | 5 sec grace\n|\n|t:|1783539888\n|switch|p2a: Delibird|Delibird, M|252/252\n|turn|38\n|inactive|Time left: 300 sec this turn | 300 sec total\n|\n|t:|1783539889\n|move|p2a: Delibird|Ice Shard|p1a: Yanmega\n|-supereffective|p1a: Yanmega\n|-damage|p1a: Yanmega|0 fnt\n|faint|p1a: Yanmega\n|\n|upkeep\n|\n|t:|1783539890\n|switch|p1a: Phione|Phione, L91|100/100\n|turn|39\n|inactive|Time left: 300 sec this turn | 300 sec total\n|\n|t:|1783539891\n|move|p2a: Delibird|Brave Bird|p1a: Phione\n|-damage|p1a: Phione|38/100\n|-damage|p2a: Delibird|191/252|[from] Recoil\n|move|p1a: Phione|Scald|p2a: Delibird\n|-damage|p2a: Delibird|70/252\n|\n|-heal|p1a: Phione|44/100|[from] item: Leftovers\n|upkeep\n|turn|40\n|inactive|Time left: 300 sec this turn | 300 sec total\n|\n|t:|1783539892\n|move|p2a: Delibird|Brave Bird|p1a: Phione\n|-damage|p1a: Phione|0 fnt\n|faint|p1a: Phione\n|-damage|p2a: Delibird|28/252|[from] Recoil\n|\n|win|p0y057a996", "uploadtime": 1783539892, "views": 0, "rating": 0, "private": 0, "password": null, "_winner": "p0y057a996", "_our_name": "p0y057a996"}