{"id": "battle-gen9randombattle-1858", "formatid": "gen9randombattle", "format": "[Gen 9] Random Battle", "players": ["p0x1858b253", "p0y18580288"], "log": "|init|battle\n|title|p0x1858b253 vs. p0y18580288\n|j|\u2606p0x1858b253\n|j|\u2606p0y18580288\n|t:|1783560786\n|gametype|singles\n|player|p1|p0x1858b253|265|\n|player|p2|p0y18580288|169|\n|gen|9\n|tier|[Gen 9] Random Battle\n|rule|Species Clause: Limit one of each Pok\u00e9mon\n|rule|HP Percentage Mod: HP is shown in percentages\n|rule|Sleep Clause Mod: Limit one foe put to sleep\n|rule|Illusion Level Mod: Illusion disguises the Pok\u00e9mon's true level\n|\n|t:|1783560786\n|teamsize|p1|6\n|teamsize|p2|6\n|start\n|switch|p1a: Abomasnow|Abomasnow, L84, F|100/100\n|switch|p2a: Mismagius|Mismagius, L86, M|243/243\n|-weather|Snowscape|[from] ability: Snow Warning|[of] p1a: Abomasnow\n|turn|1\n|inactive|Battle timer is ON: inactive players will automatically lose when time's up. (requested by p0x1858b253)\n|inactive|Time left: 300 sec this turn | 300 sec total | 60 sec grace\n|inactive|p0y18580288 also wants the timer to be on.\n|\n|t:|1783560788\n|move|p2a: Mismagius|Nasty Plot|p2a: Mismagius\n|-boost|p2a: Mismagius|spa|2\n|move|p1a: Abomasnow|Aurora Veil|p1a: Abomasnow\n|-sidestart|p1: p0x1858b253|move: Aurora Veil\n|\n|-weather|Snowscape|[upkeep]\n|upkeep\n|turn|2\n|inactive|Time left: 300 sec this turn | 300 sec total\n|\n|t:|1783560789\n|move|p2a: Mismagius|Shadow Ball|p1a: Abomasnow\n|-damage|p1a: Abomasnow|56/100\n|-damage|p2a: Mismagius|219/243|[from] item: Life Orb\n|move|p1a: Abomasnow|Wood Hammer|p2a: Mismagius\n|-damage|p2a: Mismagius|51/243\n|-damage|p1a: Abomasnow|37/100|[from] Recoil\n|\n|-weather|Snowscape|[upkeep]\n|upkeep\n|turn|3\n|inactive|Time left: 300 sec this turn | 300 sec total\n|\n|t:|1783560790\n|switch|p1a: Meloetta|Meloetta, L82|100/100\n|move|p2a: Mismagius|Shadow Ball|p1a: Meloetta\n|-immune|p1a: Meloetta\n|\n|-weather|Snowscape|[upkeep]\n|upkeep\n|turn|4\n|inactive|Time left: 300 sec this turn | 300 sec total\n|\n|t:|1783560791\n|move|p2a: Mismagius|Dazzling Gleam|p1a: Meloetta\n|-damage|p1a: Meloetta|81/100\n|-damage|p2a: Mismagius|27/243|[from] item: Life Orb\n|move|p1a: Meloetta|Psyshock|p2a: Mismagius\n|-damage|p2a: Mismagius|0 fnt\n|faint|p2a: Mismagius\n|\n|-weather|Snowscape|[upkeep]\n|upkeep\n|inactive|Time left: 300 sec this turn | 300 sec total | 5 sec grace\n|\n|t:|1783560792\n|switch|p2a: Excadrill|Excadrill, L79, F|303/303\n|-ability|p2a: Excadrill|Mold Breaker\n|turn|5\n|inactive|Time left: 300 sec this turn | 300 sec total\n|\n|t:|1783560793\n|move|p1a: Meloetta|Psyshock|p2a: Excadrill\n|-resisted|p2a: Excadrill\n|-damage|p2a: Excadrill|201/303\n|move|p2a: Excadrill|Swords Dance|p2a: Excadrill\n|-boost|p2a: Excadrill|atk|2\n|\n|-weather|none\n|-heal|p2a: Excadrill|219/303|[from] item: Leftovers\n|upkeep\n|turn|6\n|inactive|Time left: 300 sec this turn | 300 sec total\n|\n|t:|1783560794\n|move|p1a: Meloetta|Psyshock|p2a: Excadrill\n|-resisted|p2a: Excadrill\n|-damage|p2a: Excadrill|123/303\n|move|p2a: Excadrill|Rapid Spin|p1a: Meloetta\n|-damage|p1a: Meloetta|67/100\n|-boost|p2a: Excadrill|spe|1\n|\n|-heal|p2a: Excadrill|141/303|[from] item: Leftovers\n|upkeep\n|turn|7\n|inactive|Time left: 300 sec this turn | 300 sec total\n|\n|t:|1783560795\n|move|p2a: Excadrill|Earthquake|p1a: Meloetta\n|-damage|p1a: Meloetta|22/100\n|move|p1a: Meloetta|Psyshock|p2a: Excadrill\n|-resisted|p2a: Excadrill\n|-damage|p2a: Excadrill|43/303\n|\n|-heal|p2a: Excadrill|61/303|[from] item: Leftovers\n|upkeep\n|turn|8\n|inactive|Time left: 300 sec this turn | 300 sec total\n|\n|t:|1783560796\n|switch|p1a: Cramorant|Cramorant, L86, M|100/100\n|move|p2a: Excadrill|Earthquake|p1a: Cramorant\n|-immune|p1a: Cramorant\n|\n|-heal|p2a: Excadrill|79/303|[from] item: Leftovers\n|-sideend|p1: p0x1858b253|move: Aurora Veil\n|upkeep\n|turn|9\n|inactive|Time left: 300 sec this turn | 300 sec total\n|\n|t:|1783560797\n|move|p2a: Excadrill|Iron Head|p1a: Cramorant\n|-resisted|p1a: Cramorant\n|-damage|p1a: Cramorant|51/100\n|move|p1a: Cramorant|Surf|p2a: Excadrill\n|-formechange|p1a: Cramorant|Cramorant-Gulping|\n|-supereffective|p2a: Excadrill\n|-damage|p2a: Excadrill|0 fnt\n|faint|p2a: Excadrill\n|\n|upkeep\n|inactive|Time left: 300 sec this turn | 300 sec total | 5 sec grace\n|\n|t:|1783560798\n|switch|p2a: Gouging Fire|Gouging Fire, L74|277/277\n|turn|10\n|inactive|Time left: 300 sec this turn | 300 sec total\n|\n|t:|1783560799\n|move|p1a: Cramorant|Roost|p1a: Cramorant\n|-heal|p1a: Cramorant|100/100\n|-singleturn|p1a: Cramorant|move: Roost\n|move|p2a: Gouging Fire|Dragon Dance|p2a: Gouging Fire\n|-boost|p2a: Gouging Fire|atk|1\n|-boost|p2a: Gouging Fire|spe|1\n|\n|upkeep\n|turn|11\n|inactive|Time left: 300 sec this turn | 300 sec total\n|\n|t:|1783560800\n|move|p2a: Gouging Fire|Dragon Dance|p2a: Gouging Fire\n|-boost|p2a: Gouging Fire|atk|1\n|-boost|p2a: Gouging Fire|spe|1\n|move|p1a: Cramorant|Surf|p2a: Gouging Fire\n|-damage|p2a: Gouging Fire|171/277\n|\n|upkeep\n|turn|12\n|inactive|Time left: 300 sec this turn | 300 sec total\n|\n|t:|1783560800\n|move|p2a: Gouging Fire|Outrage|p1a: Cramorant\n|-damage|p1a: Cramorant|0 fnt\n|-damage|p2a: Gouging Fire|102/277|[from] ability: Gulp Missile|[of] p1a: Cramorant\n|-unboost|p2a: Gouging Fire|def|1\n|-formechange|p1a: Cramorant|Cramorant|\n|faint|p1a: Cramorant\n|\n|upkeep\n|\n|t:|1783560801\n|switch|p1a: Okidogi|Okidogi, L77, M|100/100\n|turn|13\n|inactive|Time left: 300 sec this turn | 300 sec total\n|\n|t:|1783560802\n|move|p2a: Gouging Fire|Outrage|p1a: Okidogi|[from] lockedmove\n|-damage|p1a: Okidogi|31/100\n|-start|p2a: Gouging Fire|confusion|[fatigue]\n|move|p1a: Okidogi|Drain Punch|p2a: Gouging Fire\n|-damage|p2a: Gouging Fire|0 fnt\n|-heal|p1a: Okidogi|50/100|[from] drain|[of] p2a: Gouging Fire\n|faint|p2a: Gouging Fire\n|-end|p2a: Gouging Fire|Protosynthesis|[silent]\n|\n|-heal|p1a: Okidogi|56/100|[from] item: Leftovers\n|upkeep\n|inactive|Time left: 300 sec this turn | 300 sec total | 5 sec grace\n|\n|t:|1783560803\n|switch|p2a: Weezing|Weezing-Galar, L86, M|252/252\n|turn|14\n|inactive|Time left: 300 sec this turn | 300 sec total\n|\n|t:|1783560804\n|move|p1a: Okidogi|Bulk Up|p1a: Okidogi\n|-boost|p1a: Okidogi|atk|1\n|-boost|p1a: Okidogi|def|1\n|move|p2a: Weezing|Strange Steam|p1a: Okidogi\n|-damage|p1a: Okidogi|20/100\n|\n|-heal|p1a: Okidogi|26/100|[from] item: Leftovers\n|upkeep\n|turn|15\n|inactive|Time left: 300 sec this turn | 300 sec total\n|\n|t:|1783560805\n|move|p1a: Okidogi|Gunk Shot|p2a: Weezing|[miss]\n|-miss|p1a: Okidogi|p2a: Weezing\n|move|p2a: Weezing|Strange Steam|p1a: Okidogi\n|-damage|p1a: Okidogi|0 fnt\n|faint|p1a: Okidogi\n|\n|upkeep\n|\n|t:|1783560806\n|switch|p1a: Pyroar|Pyroar, L88, M|100/100\n|-ability|p1a: Pyroar|Unnerve\n|turn|16\n|inactive|Time left: 300 sec this turn | 300 sec total\n|\n|t:|1783560807\n|move|p1a: Pyroar|Fire Blast|p2a: Weezing\n|-damage|p2a: Weezing|80/252\n|move|p2a: Weezing|Gunk Shot|p1a: Pyroar\n|-damage|p1a: Pyroar|54/100\n|\n|-heal|p2a: Weezing|95/252|[from] item: Leftovers\n|upkeep\n|turn|17\n|inactive|Time left: 300 sec this turn | 300 sec total\n|\n|t:|1783560808\n|switch|p2a: Luvdisc|Luvdisc, F|247/247\n|move|p1a: Pyroar|Fire Blast|p2a: Luvdisc\n|-resisted|p2a: Luvdisc\n|-crit|p2a: Luvdisc\n|-damage|p2a: Luvdisc|136/247\n|\n|upkeep\n|turn|18\n|inactive|Time left: 300 sec this turn | 300 sec total\n|\n|t:|1783560809\n|switch|p1a: Abomasnow|Abomasnow, L84, F|37/100\n|-weather|Snowscape|[from] ability: Snow Warning|[of] p1a: Abomasnow\n|move|p2a: Luvdisc|Surf|p1a: Abomasnow\n|-resisted|p1a: Abomasnow\n|-damage|p1a: Abomasnow|23/100\n|\n|-weather|Snowscape|[upkeep]\n|upkeep\n|turn|19\n|inactive|Time left: 300 sec this turn | 300 sec total\n|\n|t:|1783560811\n|switch|p2a: Weezing|Weezing-Galar, L86, M|95/252\n|move|p1a: Abomasnow|Aurora Veil|p1a: Abomasnow\n|-sidestart|p1: p0x1858b253|move: Aurora Veil\n|\n|-weather|Snowscape|[upkeep]\n|-heal|p2a: Weezing|110/252|[from] item: Leftovers\n|upkeep\n|turn|20\n|inactive|Time left: 300 sec this turn | 300 sec total\n|\n|t:|1783560812\n|switch|p1a: Pyroar|Pyroar, L88, M|54/100\n|-ability|p1a: Pyroar|Unnerve\n|move|p2a: Weezing|Gunk Shot|p1a: Pyroar|[miss]\n|-miss|p2a: Weezing|p1a: Pyroar\n|\n|-weather|Snowscape|[upkeep]\n|-heal|p2a: Weezing|125/252|[from] item: Leftovers\n|upkeep\n|turn|21\n|inactive|Time left: 300 sec this turn | 300 sec total\n|\n|t:|1783560813\n|switch|p2a: Luvdisc|Luvdisc, F|136/247\n|move|p1a: Pyroar|Fire Blast|p2a: Luvdisc|[miss]\n|-miss|p1a: Pyroar|p2a: Luvdisc\n|\n|-weather|Snowscape|[upkeep]\n|upkeep\n|turn|22\n|inactive|Time left: 300 sec this turn | 300 sec total\n|\n|t:|1783560814\n|move|p2a: Luvdisc|Surf|p1a: Pyroar\n|-supereffective|p1a: Pyroar\n|-damage|p1a: Pyroar|24/100\n|move|p1a: Pyroar|Work Up|p1a: Pyroar\n|-boost|p1a: Pyroar|atk|1\n|-boost|p1a: Pyroar|spa|1\n|\n|-weather|none\n|upkeep\n|turn|23\n|inactive|Time left: 300 sec this turn | 300 sec total\n|\n|t:|1783560815\n|switch|p1a: Meloetta|Meloetta, L82|22/100\n|move|p2a: Luvdisc|Surf|p1a: Meloetta\n|-damage|p1a: Meloetta|12/100\n|\n|upkeep\n|turn|24\n|inactive|Time left: 300 sec this turn | 300 sec total\n|\n|t:|1783560816\n|move|p2a: Luvdisc|Whirlpool|p1a: Meloetta|[miss]\n|-miss|p2a: Luvdisc|p1a: Meloetta\n|move|p1a: Meloetta|Hyper Voice|p2a: Luvdisc\n|-damage|p2a: Luvdisc|0 fnt\n|faint|p2a: Luvdisc\n|\n|upkeep\n|inactive|Time left: 300 sec this turn | 300 sec total | 5 sec grace\n|\n|t:|1783560816\n|switch|p2a: Deoxys|Deoxys, L74|196/196\n|-ability|p2a: Deoxys|Pressure\n|turn|25\n|inactive|Time left: 300 sec this turn | 300 sec total\n|\n|t:|1783560817\n|move|p2a: Deoxys|Knock Off|p1a: Meloetta\n|-supereffective|p1a: Meloetta\n|-damage|p1a: Meloetta|0 fnt\n|-enditem|p1a: Meloetta|Choice Specs|[from] move: Knock Off|[of] p2a: Deoxys\n|faint|p1a: Meloetta\n|-damage|p2a: Deoxys|177/196|[from] item: Life Orb\n|\n|upkeep\n|\n|t:|1783560818\n|switch|p1a: Zapdos|Zapdos-Galar, L77|100/100\n|turn|26\n|inactive|Time left: 300 sec this turn | 300 sec total\n|\n|t:|1783560819\n|switch|p2a: Weezing|Weezing-Galar, L86, M|125/252\n|move|p1a: Zapdos|Brave Bird|p2a: Weezing\n|-damage|p2a: Weezing|0 fnt\n|faint|p2a: Weezing\n|-damage|p1a: Zapdos|85/100|[from] Recoil\n|-damage|p1a: Zapdos|75/100|[from] item: Life Orb\n|\n|-sideend|p1: p0x1858b253|move: Aurora Veil\n|upkeep\n|inactive|Time left: 300 sec this turn | 300 sec total | 5 sec grace\n|\n|t:|1783560820\n|switch|p2a: Deoxys|Deoxys, L74|177/196\n|-ability|p2a: Deoxys|Pressure\n|turn|27\n|inactive|Time left: 300 sec this turn | 300 sec total\n|\n|t:|1783560821\n|move|p2a: Deoxys|Psycho Boost|p1a: Zapdos\n|-supereffective|p1a: Zapdos\n|-damage|p1a: Zapdos|0 fnt\n|-unboost|p2a: Deoxys|spa|2\n|faint|p1a: Zapdos\n|-damage|p2a: Deoxys|158/196|[from] item: Life Orb\n|\n|upkeep\n|\n|t:|1783560822\n|switch|p1a: Pyroar|Pyroar, L88, M|24/100\n|-ability|p1a: Pyroar|Unnerve\n|turn|28\n|inactive|Time left: 300 sec this turn | 300 sec total\n|\n|t:|1783560822\n|-terastallize|p2a: Deoxys|Dark\n|move|p2a: Deoxys|Superpower|p1a: Pyroar\n|-supereffective|p1a: Pyroar\n|-damage|p1a: Pyroar|0 fnt\n|-unboost|p2a: Deoxys|atk|1\n|-unboost|p2a: Deoxys|def|1\n|faint|p1a: Pyroar\n|-damage|p2a: Deoxys|139/196|[from] item: Life Orb\n|\n|upkeep\n|\n|t:|1783560823\n|switch|p1a: Abomasnow|Abomasnow, L84, F|23/100\n|-weather|Snowscape|[from] ability: Snow Warning|[of] p1a: Abomasnow\n|turn|29\n|inactive|Time left: 300 sec this turn | 300 sec total\n|\n|t:|1783560824\n|move|p2a: Deoxys|Knock Off|p1a: Abomasnow\n|-damage|p1a: Abomasnow|0 fnt\n|-enditem|p1a: Abomasnow|Light Clay|[from] move: Knock Off|[of] p2a: Deoxys\n|faint|p1a: Abomasnow\n|-damage|p2a: Deoxys|120/196|[from] item: Life Orb\n|\n|win|p0y18580288", "uploadtime": 1783560824, "views": 0, "rating": 0, "private": 0, "password": null, "_winner": "p0y18580288", "_our_name": "p0y18580288"}