{"id": "battle-gen9randombattle-620", "formatid": "gen9randombattle", "format": "[Gen 9] Random Battle", "players": ["p0x62030fb", "p0y620a950"], "log": "|init|battle\n|title|p0x62030fb vs. p0y620a950\n|j|\u2606p0x62030fb\n|j|\u2606p0y620a950\n|t:|1783547015\n|gametype|singles\n|player|p1|p0x62030fb|101|\n|player|p2|p0y620a950|169|\n|gen|9\n|tier|[Gen 9] Random Battle\n|rule|Species Clause: Limit one of each Pok\u00e9mon\n|rule|HP Percentage Mod: HP is shown in percentages\n|rule|Sleep Clause Mod: Limit one foe put to sleep\n|rule|Illusion Level Mod: Illusion disguises the Pok\u00e9mon's true level\n|\n|t:|1783547015\n|teamsize|p1|6\n|teamsize|p2|6\n|start\n|switch|p1a: Meganium|Meganium, L90, F|100/100\n|switch|p2a: Calyrex|Calyrex, L93|337/337\n|-ability|p2a: Calyrex|Unnerve\n|turn|1\n|inactive|Battle timer is ON: inactive players will automatically lose when time's up. (requested by p0x62030fb)\n|inactive|Time left: 300 sec this turn | 300 sec total | 60 sec grace\n|inactive|p0y620a950 also wants the timer to be on.\n|\n|t:|1783547016\n|move|p2a: Calyrex|Psychic|p1a: Meganium\n|-damage|p1a: Meganium|70/100\n|move|p1a: Meganium|Swords Dance|p1a: Meganium\n|-boost|p1a: Meganium|atk|2\n|\n|-heal|p1a: Meganium|77/100|[from] item: Leftovers\n|upkeep\n|turn|2\n|inactive|Time left: 300 sec this turn | 300 sec total\n|\n|t:|1783547017\n|move|p2a: Calyrex|Encore|p1a: Meganium\n|-start|p1a: Meganium|Encore\n|move|p1a: Meganium|Swords Dance|p1a: Meganium\n|-boost|p1a: Meganium|atk|2\n|\n|-heal|p1a: Meganium|83/100|[from] item: Leftovers\n|upkeep\n|turn|3\n|inactive|Time left: 300 sec this turn | 300 sec total\n|\n|t:|1783547018\n|switch|p2a: Chandelure|Chandelure, L83, F|235/235\n|move|p1a: Meganium|Swords Dance|p1a: Meganium\n|-boost|p1a: Meganium|atk|2\n|\n|-heal|p1a: Meganium|89/100|[from] item: Leftovers\n|upkeep\n|turn|4\n|inactive|Time left: 300 sec this turn | 300 sec total\n|\n|t:|1783547019\n|move|p2a: Chandelure|Fire Blast|p1a: Meganium|[miss]\n|-miss|p2a: Chandelure|p1a: Meganium\n|move|p1a: Meganium|Swords Dance|p1a: Meganium\n|-boost|p1a: Meganium|atk|0\n|\n|-heal|p1a: Meganium|95/100|[from] item: Leftovers\n|-end|p1a: Meganium|Encore\n|upkeep\n|turn|5\n|inactive|Time left: 300 sec this turn | 300 sec total\n|\n|t:|1783547020\n|-terastallize|p2a: Chandelure|Fire\n|-terastallize|p1a: Meganium|Ground\n|move|p2a: Chandelure|Fire Blast|p1a: Meganium\n|-damage|p1a: Meganium|36/100\n|move|p1a: Meganium|Knock Off|p2a: Chandelure\n|-damage|p2a: Chandelure|0 fnt\n|-enditem|p2a: Chandelure|Choice Scarf|[from] move: Knock Off|[of] p1a: Meganium\n|faint|p2a: Chandelure\n|\n|-heal|p1a: Meganium|42/100|[from] item: Leftovers\n|upkeep\n|inactive|Time left: 300 sec this turn | 300 sec total | 5 sec grace\n|\n|t:|1783547021\n|switch|p2a: Skarmory|Skarmory, L80, M|235/235\n|turn|6\n|inactive|Time left: 300 sec this turn | 300 sec total\n|\n|t:|1783547022\n|move|p1a: Meganium|Knock Off|p2a: Skarmory\n|-damage|p2a: Skarmory|47/235\n|-enditem|p2a: Skarmory|Leftovers|[from] move: Knock Off|[of] p1a: Meganium\n|move|p2a: Skarmory|Brave Bird|p1a: Meganium\n|-damage|p1a: Meganium|13/100\n|-damage|p2a: Skarmory|19/235|[from] Recoil\n|\n|-heal|p1a: Meganium|19/100|[from] item: Leftovers\n|upkeep\n|turn|7\n|inactive|Time left: 300 sec this turn | 300 sec total\n|\n|t:|1783547023\n|move|p1a: Meganium|Petal Blizzard|p2a: Skarmory\n|-resisted|p2a: Skarmory\n|-damage|p2a: Skarmory|0 fnt\n|faint|p2a: Skarmory\n|\n|-heal|p1a: Meganium|26/100|[from] item: Leftovers\n|upkeep\n|inactive|Time left: 300 sec this turn | 300 sec total | 5 sec grace\n|\n|t:|1783547024\n|switch|p2a: Calyrex|Calyrex, L93|337/337\n|-ability|p2a: Calyrex|Unnerve\n|turn|8\n|inactive|Time left: 300 sec this turn | 300 sec total\n|\n|t:|1783547025\n|move|p2a: Calyrex|Psychic|p1a: Meganium\n|-damage|p1a: Meganium|0 fnt\n|faint|p1a: Meganium\n|\n|upkeep\n|\n|t:|1783547026\n|switch|p1a: Revavroom|Revavroom, L79, M|100/100\n|turn|9\n|inactive|Time left: 300 sec this turn | 300 sec total\n|\n|t:|1783547027\n|move|p2a: Calyrex|Psychic|p1a: Revavroom\n|-damage|p1a: Revavroom|52/100\n|move|p1a: Revavroom|Shift Gear|p1a: Revavroom\n|-boost|p1a: Revavroom|spe|2\n|-boost|p1a: Revavroom|atk|1\n|\n|upkeep\n|turn|10\n|inactive|Time left: 300 sec this turn | 300 sec total\n|\n|t:|1783547028\n|move|p1a: Revavroom|Gunk Shot|p2a: Calyrex|[miss]\n|-miss|p1a: Revavroom|p2a: Calyrex\n|move|p2a: Calyrex|Psychic|p1a: Revavroom\n|-damage|p1a: Revavroom|0 fnt\n|faint|p1a: Revavroom\n|\n|upkeep\n|\n|t:|1783547029\n|switch|p1a: Slowking|Slowking, L88, M|100/100\n|turn|11\n|inactive|Time left: 300 sec this turn | 300 sec total\n|\n|t:|1783547031\n|move|p2a: Calyrex|Leech Seed|p1a: Slowking|[miss]\n|-miss|p2a: Calyrex|p1a: Slowking\n|-prepare|p1a: Slowking|Chilly Reception|[premajor]\n|move|p1a: Slowking|Chilly Reception|p1a: Slowking\n|-weather|Snowscape\n|\n|t:|1783547032\n|switch|p1a: Azumarill|Azumarill, L82, F|100/100|[from] Chilly Reception\n|\n|-weather|Snowscape|[upkeep]\n|upkeep\n|turn|12\n|inactive|Time left: 300 sec this turn | 300 sec total\n|\n|t:|1783547033\n|move|p2a: Calyrex|Psychic|p1a: Azumarill\n|-damage|p1a: Azumarill|62/100\n|move|p1a: Azumarill|Knock Off|p2a: Calyrex\n|-supereffective|p2a: Calyrex\n|-damage|p2a: Calyrex|115/337\n|-enditem|p2a: Calyrex|Leftovers|[from] move: Knock Off|[of] p1a: Azumarill\n|\n|-weather|Snowscape|[upkeep]\n|upkeep\n|turn|13\n|inactive|Time left: 300 sec this turn | 300 sec total\n|\n|t:|1783547034\n|move|p2a: Calyrex|Psychic|p1a: Azumarill\n|-damage|p1a: Azumarill|24/100\n|move|p1a: Azumarill|Knock Off|p2a: Calyrex\n|-supereffective|p2a: Calyrex\n|-damage|p2a: Calyrex|0 fnt\n|faint|p2a: Calyrex\n|\n|-weather|Snowscape|[upkeep]\n|upkeep\n|inactive|Time left: 300 sec this turn | 300 sec total | 5 sec grace\n|\n|t:|1783547035\n|switch|p2a: Ursaring|Ursaring, L84, M|288/288\n|turn|14\n|inactive|Time left: 300 sec this turn | 300 sec total\n|\n|t:|1783547036\n|switch|p1a: Slowking|Slowking, L88, M|100/100\n|move|p2a: Ursaring|Swords Dance|p2a: Ursaring\n|-boost|p2a: Ursaring|atk|2\n|\n|-weather|Snowscape|[upkeep]\n|-status|p2a: Ursaring|tox|[from] item: Toxic Orb\n|upkeep\n|turn|15\n|inactive|Time left: 300 sec this turn | 300 sec total\n|\n|t:|1783547037\n|switch|p1a: Azumarill|Azumarill, L82, F|24/100\n|move|p2a: Ursaring|Facade|p1a: Azumarill\n|-damage|p1a: Azumarill|0 fnt\n|faint|p1a: Azumarill\n|\n|-weather|none\n|-damage|p2a: Ursaring|270/288 tox|[from] psn\n|upkeep\n|\n|t:|1783547038\n|switch|p1a: Deoxys|Deoxys-Speed, L82|100/100\n|-ability|p1a: Deoxys|Pressure\n|turn|16\n|inactive|Time left: 300 sec this turn | 300 sec total\n|\n|t:|1783547039\n|move|p1a: Deoxys|Superpower|p2a: Ursaring\n|-supereffective|p2a: Ursaring\n|-damage|p2a: Ursaring|49/288 tox\n|-unboost|p1a: Deoxys|atk|1\n|-unboost|p1a: Deoxys|def|1\n|-damage|p1a: Deoxys|91/100|[from] item: Life Orb\n|move|p2a: Ursaring|Facade|p1a: Deoxys\n|-damage|p1a: Deoxys|0 fnt\n|faint|p1a: Deoxys\n|\n|-damage|p2a: Ursaring|13/288 tox|[from] psn\n|upkeep\n|\n|t:|1783547040\n|switch|p1a: Maushold|Maushold-Four, L76|100/100\n|turn|17\n|inactive|Time left: 300 sec this turn | 300 sec total\n|\n|t:|1783547041\n|move|p1a: Maushold|Population Bomb|p2a: Ursaring\n|-damage|p2a: Ursaring|0 fnt\n|faint|p2a: Ursaring\n|-hitcount|p2: Ursaring|1\n|\n|upkeep\n|inactive|Time left: 300 sec this turn | 300 sec total | 5 sec grace\n|\n|t:|1783547042\n|switch|p2a: Greedent|Greedent, L86, M|347/347\n|turn|18\n|inactive|Time left: 300 sec this turn | 300 sec total\n|\n|t:|1783547043\n|move|p1a: Maushold|Population Bomb|p2a: Greedent\n|-damage|p2a: Greedent|326/347\n|-damage|p2a: Greedent|307/347\n|-damage|p2a: Greedent|288/347\n|-damage|p2a: Greedent|269/347\n|-damage|p2a: Greedent|248/347\n|-damage|p2a: Greedent|227/347\n|-damage|p2a: Greedent|206/347\n|-damage|p2a: Greedent|185/347\n|-damage|p2a: Greedent|164/347\n|-enditem|p2a: Greedent|Sitrus Berry|[eat]\n|-heal|p2a: Greedent|250/347|[from] item: Sitrus Berry\n|-heal|p2a: Greedent|347/347|[from] ability: Cheek Pouch\n|-damage|p2a: Greedent|325/347\n|-hitcount|p2a: Greedent|10\n|move|p2a: Greedent|Knock Off|p1a: Maushold\n|-damage|p1a: Maushold|63/100\n|-enditem|p1a: Maushold|Wide Lens|[from] move: Knock Off|[of] p2a: Greedent\n|\n|upkeep\n|turn|19\n|inactive|Time left: 300 sec this turn | 300 sec total\n|\n|t:|1783547044\n|move|p1a: Maushold|Population Bomb|p2a: Greedent\n|-damage|p2a: Greedent|303/347\n|-damage|p2a: Greedent|284/347\n|-damage|p2a: Greedent|265/347\n|-damage|p2a: Greedent|243/347\n|-hitcount|p2a: Greedent|4\n|move|p2a: Greedent|Double-Edge|p1a: Maushold\n|-damage|p1a: Maushold|0 fnt\n|faint|p1a: Maushold\n|-damage|p2a: Greedent|194/347|[from] Recoil\n|\n|upkeep\n|\n|t:|1783547045\n|switch|p1a: Slowking|Slowking, L88, M|100/100\n|turn|20\n|inactive|Time left: 300 sec this turn | 300 sec total\n|\n|t:|1783547047\n|switch|p2a: Reshiram|Reshiram, L76|277/277\n|-ability|p2a: Reshiram|Turboblaze\n|move|p1a: Slowking|Scald|p2a: Reshiram\n|-damage|p2a: Reshiram|196/277\n|\n|upkeep\n|turn|21\n|inactive|Time left: 300 sec this turn | 300 sec total\n|\n|t:|1783547048\n|move|p2a: Reshiram|Dragon Dance|p2a: Reshiram\n|-boost|p2a: Reshiram|atk|1\n|-boost|p2a: Reshiram|spe|1\n|move|p1a: Slowking|Future Sight|p2a: Reshiram\n|-start|p1a: Slowking|move: Future Sight\n|\n|upkeep\n|turn|22\n|inactive|Time left: 300 sec this turn | 300 sec total\n|\n|t:|1783547049\n|move|p2a: Reshiram|Outrage|p1a: Slowking\n|-damage|p1a: Slowking|37/100\n|move|p1a: Slowking|Slack Off|p1a: Slowking\n|-heal|p1a: Slowking|87/100\n|\n|upkeep\n|turn|23\n|inactive|Time left: 300 sec this turn | 300 sec total\n|\n|t:|1783547050\n|move|p2a: Reshiram|Outrage|p1a: Slowking|[from] lockedmove\n|-damage|p1a: Slowking|21/100\n|-start|p2a: Reshiram|confusion|[fatigue]\n|move|p1a: Slowking|Scald|p2a: Reshiram\n|-damage|p2a: Reshiram|120/277\n|\n|-end|p2a: Reshiram|move: Future Sight\n|-damage|p2a: Reshiram|0 fnt\n|faint|p2a: Reshiram\n|upkeep\n|inactive|Time left: 300 sec this turn | 300 sec total | 5 sec grace\n|\n|t:|1783547051\n|switch|p2a: Greedent|Greedent, L86, M|194/347\n|turn|24\n|inactive|Time left: 300 sec this turn | 300 sec total\n|\n|t:|1783547052\n|move|p1a: Slowking|Slack Off|p1a: Slowking\n|-heal|p1a: Slowking|71/100\n|move|p2a: Greedent|Swords Dance|p2a: Greedent\n|-boost|p2a: Greedent|atk|2\n|\n|upkeep\n|turn|25\n|inactive|Time left: 300 sec this turn | 300 sec total\n|\n|t:|1783547053\n|move|p1a: Slowking|Scald|p2a: Greedent\n|-damage|p2a: Greedent|86/347\n|move|p2a: Greedent|Knock Off|p1a: Slowking\n|-supereffective|p1a: Slowking\n|-damage|p1a: Slowking|0 fnt\n|-enditem|p1a: Slowking|Heavy-Duty Boots|[from] move: Knock Off|[of] p2a: Greedent\n|faint|p1a: Slowking\n|\n|win|p0y620a950", "uploadtime": 1783547053, "views": 0, "rating": 0, "private": 0, "password": null, "_winner": "p0y620a950", "_our_name": "p0y620a950"}