{"id": "battle-gen9randombattle-966", "formatid": "gen9randombattle", "format": "[Gen 9] Random Battle", "players": ["p0x9664e46", "p0y9663078"], "log": "|init|battle\n|title|p0x9664e46 vs. p0y9663078\n|j|\u2606p0x9664e46\n|j|\u2606p0y9663078\n|t:|1783551099\n|gametype|singles\n|player|p1|p0x9664e46|102|\n|player|p2|p0y9663078|102|\n|gen|9\n|tier|[Gen 9] Random Battle\n|rule|Species Clause: Limit one of each Pok\u00e9mon\n|rule|HP Percentage Mod: HP is shown in percentages\n|rule|Sleep Clause Mod: Limit one foe put to sleep\n|rule|Illusion Level Mod: Illusion disguises the Pok\u00e9mon's true level\n|\n|t:|1783551099\n|teamsize|p1|6\n|teamsize|p2|6\n|start\n|switch|p1a: Baxcalibur|Baxcalibur, L75, F|100/100\n|switch|p2a: Ursaluna|Ursaluna-Bloodmoon, L79, M|308/308\n|turn|1\n|inactive|Battle timer is ON: inactive players will automatically lose when time's up. (requested by p0y9663078)\n|inactive|p0x9664e46 also wants the timer to be on.\n|\n|t:|1783551101\n|move|p1a: Baxcalibur|Glaive Rush|p2a: Ursaluna\n|-damage|p2a: Ursaluna|140/308\n|-singlemove|p1a: Baxcalibur|Glaive Rush|[silent]\n|move|p2a: Ursaluna|Blood Moon|p1a: Baxcalibur\n|-damage|p1a: Baxcalibur|0 fnt\n|faint|p1a: Baxcalibur\n|\n|-heal|p2a: Ursaluna|159/308|[from] item: Leftovers\n|upkeep\n|\n|t:|1783551102\n|switch|p1a: Azumarill|Azumarill, L82, F|100/100\n|turn|2\n|inactive|Time left: 300 sec this turn | 300 sec total\n|\n|t:|1783551103\n|switch|p2a: Archaludon|Archaludon, L78, F|268/268\n|move|p1a: Azumarill|Liquidation|p2a: Archaludon\n|-resisted|p2a: Archaludon\n|-damage|p2a: Archaludon|206/268\n|-ability|p2a: Archaludon|Stamina|boost\n|-boost|p2a: Archaludon|def|1\n|\n|upkeep\n|turn|3\n|inactive|Time left: 300 sec this turn | 300 sec total\n|\n|t:|1783551104\n|move|p2a: Archaludon|Thunderbolt|p1a: Azumarill\n|-supereffective|p1a: Azumarill\n|-damage|p1a: Azumarill|45/100\n|move|p1a: Azumarill|Liquidation|p2a: Archaludon\n|-resisted|p2a: Archaludon\n|-damage|p2a: Archaludon|161/268\n|-ability|p2a: Archaludon|Stamina|boost\n|-boost|p2a: Archaludon|def|1\n|\n|upkeep\n|turn|4\n|inactive|Time left: 300 sec this turn | 300 sec total\n|\n|t:|1783551105\n|switch|p1a: Arbok|Arbok, L87, F|100/100\n|-ability|p1a: Arbok|Intimidate|boost\n|-unboost|p2a: Archaludon|atk|1\n|move|p2a: Archaludon|Thunderbolt|p1a: Arbok\n|-damage|p1a: Arbok|70/100\n|-status|p1a: Arbok|par\n|\n|upkeep\n|turn|5\n|inactive|Time left: 300 sec this turn | 300 sec total\n|\n|t:|1783551107\n|move|p2a: Archaludon|Flash Cannon|p1a: Arbok\n|-damage|p1a: Arbok|31/100 par\n|cant|p1a: Arbok|par\n|\n|upkeep\n|turn|6\n|inactive|Time left: 300 sec this turn | 300 sec total\n|\n|t:|1783551108\n|move|p2a: Archaludon|Flash Cannon|p1a: Arbok\n|-damage|p1a: Arbok|0 fnt\n|faint|p1a: Arbok\n|\n|upkeep\n|\n|t:|1783551109\n|switch|p1a: Lilligant|Lilligant, L86, F|100/100\n|turn|7\n|inactive|Time left: 300 sec this turn | 300 sec total\n|\n|t:|1783551110\n|move|p1a: Lilligant|Quiver Dance|p1a: Lilligant\n|-boost|p1a: Lilligant|spa|1\n|-boost|p1a: Lilligant|spd|1\n|-boost|p1a: Lilligant|spe|1\n|move|p2a: Archaludon|Body Press|p1a: Lilligant\n|-damage|p1a: Lilligant|49/100\n|\n|upkeep\n|turn|8\n|inactive|Time left: 300 sec this turn | 300 sec total\n|\n|t:|1783551111\n|move|p1a: Lilligant|Sleep Powder|p2a: Archaludon\n|-status|p2a: Archaludon|slp|[from] move: Sleep Powder\n|cant|p2a: Archaludon|slp\n|\n|upkeep\n|turn|9\n|inactive|Time left: 300 sec this turn | 300 sec total\n|\n|t:|1783551112\n|move|p1a: Lilligant|Quiver Dance|p1a: Lilligant\n|-boost|p1a: Lilligant|spa|1\n|-boost|p1a: Lilligant|spd|1\n|-boost|p1a: Lilligant|spe|1\n|cant|p2a: Archaludon|slp\n|\n|upkeep\n|turn|10\n|inactive|Time left: 300 sec this turn | 300 sec total\n|\n|t:|1783551113\n|move|p1a: Lilligant|Giga Drain|p2a: Archaludon\n|-resisted|p2a: Archaludon\n|-damage|p2a: Archaludon|113/268 slp\n|-heal|p1a: Lilligant|58/100|[from] drain|[of] p2a: Archaludon\n|-ability|p2a: Archaludon|Stamina|boost\n|-boost|p2a: Archaludon|def|1\n|-damage|p1a: Lilligant|48/100|[from] item: Life Orb\n|-curestatus|p2a: Archaludon|slp|[msg]\n|move|p2a: Archaludon|Body Press|p1a: Lilligant\n|-damage|p1a: Lilligant|0 fnt\n|faint|p1a: Lilligant\n|\n|upkeep\n|\n|t:|1783551114\n|switch|p1a: Politoed|Politoed, L88, M|100/100\n|-weather|RainDance|[from] ability: Drizzle|[of] p1a: Politoed\n|turn|11\n|inactive|Time left: 300 sec this turn | 300 sec total\n|\n|t:|1783551115\n|move|p2a: Archaludon|Body Press|p1a: Politoed\n|-damage|p1a: Politoed|43/100\n|move|p1a: Politoed|Surf|p2a: Archaludon\n|-resisted|p2a: Archaludon\n|-damage|p2a: Archaludon|47/268\n|-ability|p2a: Archaludon|Stamina|boost\n|-boost|p2a: Archaludon|def|1\n|\n|-weather|RainDance|[upkeep]\n|-heal|p1a: Politoed|49/100|[from] item: Leftovers\n|upkeep\n|turn|12\n|inactive|Time left: 300 sec this turn | 300 sec total\n|\n|t:|1783551116\n|switch|p1a: Froslass|Froslass, L87, F|100/100\n|move|p2a: Archaludon|Body Press|p1a: Froslass\n|-immune|p1a: Froslass\n|\n|-weather|RainDance|[upkeep]\n|upkeep\n|turn|13\n|inactive|Time left: 300 sec this turn | 300 sec total\n|\n|t:|1783551117\n|-terastallize|p1a: Froslass|Ice\n|move|p1a: Froslass|Triple Axel|p2a: Archaludon\n|-damage|p2a: Archaludon|39/268\n|-ability|p2a: Archaludon|Stamina|boost\n|-boost|p2a: Archaludon|def|1\n|-damage|p2a: Archaludon|27/268\n|-ability|p2a: Archaludon|Stamina|boost\n|-boost|p2a: Archaludon|def|1\n|-damage|p2a: Archaludon|11/268\n|-hitcount|p2a: Archaludon|3\n|move|p2a: Archaludon|Flash Cannon|p1a: Froslass\n|-supereffective|p1a: Froslass\n|-damage|p1a: Froslass|15/100\n|\n|-weather|RainDance|[upkeep]\n|upkeep\n|turn|14\n|inactive|Time left: 300 sec this turn | 300 sec total\n|\n|t:|1783551118\n|move|p1a: Froslass|Triple Axel|p2a: Archaludon\n|-damage|p2a: Archaludon|5/268\n|-damage|p2a: Archaludon|0 fnt\n|faint|p2a: Archaludon\n|-hitcount|p2: Archaludon|2\n|\n|-weather|RainDance|[upkeep]\n|upkeep\n|inactive|Time left: 300 sec this turn | 300 sec total | 5 sec grace\n|\n|t:|1783551119\n|switch|p2a: Bruxish|Bruxish, L85, F|254/254\n|turn|15\n|inactive|Time left: 300 sec this turn | 300 sec total\n|\n|t:|1783551121\n|move|p2a: Bruxish|Psychic Fangs|p1a: Froslass\n|-damage|p1a: Froslass|0 fnt\n|-start|p2a: Bruxish|Disable|Psychic Fangs|[from] ability: Cursed Body|[of] p1a: Froslass\n|faint|p1a: Froslass\n|\n|-weather|none\n|upkeep\n|\n|t:|1783551122\n|switch|p1a: Azumarill|Azumarill, L82, F|45/100\n|turn|16\n|inactive|Time left: 300 sec this turn | 300 sec total\n|\n|t:|1783551123\n|switch|p2a: Glalie|Glalie, L96, M|309/309\n|move|p1a: Azumarill|Liquidation|p2a: Glalie\n|-damage|p2a: Glalie|159/309\n|\n|upkeep\n|turn|17\n|inactive|Time left: 300 sec this turn | 300 sec total\n|\n|t:|1783551124\n|move|p2a: Glalie|Freeze-Dry|p1a: Azumarill\n|-supereffective|p1a: Azumarill\n|-damage|p1a: Azumarill|0 fnt\n|faint|p1a: Azumarill\n|\n|upkeep\n|\n|t:|1783551125\n|switch|p1a: Politoed|Politoed, L88, M|49/100\n|-weather|RainDance|[from] ability: Drizzle|[of] p1a: Politoed\n|turn|18\n|inactive|Time left: 300 sec this turn | 300 sec total\n|\n|t:|1783551126\n|move|p2a: Glalie|Freeze-Dry|p1a: Politoed\n|-supereffective|p1a: Politoed\n|-damage|p1a: Politoed|0 fnt\n|faint|p1a: Politoed\n|\n|win|p0y9663078", "uploadtime": 1783551126, "views": 0, "rating": 0, "private": 0, "password": null, "_winner": "p0y9663078", "_our_name": "p0y9663078"}