{"id": "battle-gen9randombattle-209", "formatid": "gen9randombattle", "format": "[Gen 9] Random Battle", "players": ["p0x209f73e", "p0y2091b3f"], "log": "|init|battle\n|title|p0x209f73e vs. p0y2091b3f\n|j|\u2606p0x209f73e\n|j|\u2606p0y2091b3f\n|t:|1783541965\n|gametype|singles\n|player|p1|p0x209f73e|265|\n|player|p2|p0y2091b3f|101|\n|gen|9\n|tier|[Gen 9] Random Battle\n|rule|Species Clause: Limit one of each Pok\u00e9mon\n|rule|HP Percentage Mod: HP is shown in percentages\n|rule|Sleep Clause Mod: Limit one foe put to sleep\n|rule|Illusion Level Mod: Illusion disguises the Pok\u00e9mon's true level\n|\n|t:|1783541965\n|teamsize|p1|6\n|teamsize|p2|6\n|start\n|switch|p1a: Clodsire|Clodsire, L81, F|343/343\n|switch|p2a: Conkeldurr|Conkeldurr, L80, F|100/100\n|turn|1\n|inactive|Battle timer is ON: inactive players will automatically lose when time's up. (requested by p0y2091b3f)\n|inactive|Time left: 300 sec this turn | 300 sec total | 60 sec grace\n|inactive|p0x209f73e also wants the timer to be on.\n|\n|t:|1783541967\n|move|p2a: Conkeldurr|Knock Off|p1a: Clodsire\n|-damage|p1a: Clodsire|235/343\n|-enditem|p1a: Clodsire|Leftovers|[from] move: Knock Off|[of] p2a: Conkeldurr\n|move|p1a: Clodsire|Toxic|p2a: Conkeldurr\n|-status|p2a: Conkeldurr|tox\n|\n|-damage|p2a: Conkeldurr|94/100 tox|[from] psn\n|upkeep\n|turn|2\n|inactive|Time left: 300 sec this turn | 300 sec total\n|\n|t:|1783541968\n|switch|p1a: Terrakion|Terrakion, L79|273/273\n|move|p2a: Conkeldurr|Facade|p1a: Terrakion\n|-resisted|p1a: Terrakion\n|-damage|p1a: Terrakion|183/273\n|\n|-damage|p2a: Conkeldurr|82/100 tox|[from] psn\n|upkeep\n|turn|3\n|inactive|Time left: 300 sec this turn | 300 sec total\n|\n|t:|1783541969\n|move|p1a: Terrakion|Close Combat|p2a: Conkeldurr\n|-damage|p2a: Conkeldurr|9/100 tox\n|-unboost|p1a: Terrakion|def|1\n|-unboost|p1a: Terrakion|spd|1\n|move|p2a: Conkeldurr|Close Combat|p1a: Terrakion\n|-supereffective|p1a: Terrakion\n|-damage|p1a: Terrakion|0 fnt\n|-unboost|p2a: Conkeldurr|def|1\n|-unboost|p2a: Conkeldurr|spd|1\n|faint|p1a: Terrakion\n|\n|-damage|p2a: Conkeldurr|0 fnt|[from] psn\n|faint|p2a: Conkeldurr\n|upkeep\n|inactive|Time left: 300 sec this turn | 300 sec total | 5 sec grace\n|\n|t:|1783541970\n|switch|p1a: Flareon|Flareon, L90, M|263/263\n|switch|p2a: Salamence|Salamence, L77, F|100/100\n|-ability|p2a: Salamence|Intimidate|boost\n|-unboost|p1a: Flareon|atk|1\n|turn|4\n|inactive|Time left: 300 sec this turn | 300 sec total\n|\n|t:|1783541972\n|switch|p1a: Clefable|Clefable, L83, M|293/293\n|move|p2a: Salamence|Outrage|p1a: Clefable\n|-immune|p1a: Clefable\n|\n|upkeep\n|turn|5\n|inactive|Time left: 300 sec this turn | 300 sec total\n|\n|t:|1783541973\n|-terastallize|p2a: Salamence|Ground\n|move|p2a: Salamence|Dragon Dance|p2a: Salamence\n|-boost|p2a: Salamence|atk|1\n|-boost|p2a: Salamence|spe|1\n|move|p1a: Clefable|Moonblast|p2a: Salamence\n|-damage|p2a: Salamence|55/100\n|\n|upkeep\n|turn|6\n|inactive|Time left: 300 sec this turn | 300 sec total\n|\n|t:|1783541974\n|move|p2a: Salamence|Earthquake|p1a: Clefable\n|-damage|p1a: Clefable|167/293\n|move|p1a: Clefable|Moonblast|p2a: Salamence\n|-crit|p2a: Salamence\n|-damage|p2a: Salamence|0 fnt\n|faint|p2a: Salamence\n|\n|-heal|p1a: Clefable|185/293|[from] item: Leftovers\n|upkeep\n|\n|t:|1783541975\n|switch|p2a: Arbok|Arbok, L87, M|100/100\n|-ability|p2a: Arbok|Intimidate|boost\n|-unboost|p1a: Clefable|atk|1\n|turn|7\n|inactive|Time left: 300 sec this turn | 300 sec total\n|\n|t:|1783541976\n|move|p2a: Arbok|Coil|p2a: Arbok\n|-boost|p2a: Arbok|atk|1\n|-boost|p2a: Arbok|def|1\n|-boost|p2a: Arbok|accuracy|1\n|move|p1a: Clefable|Moonblast|p2a: Arbok\n|-resisted|p2a: Arbok\n|-damage|p2a: Arbok|78/100\n|\n|-heal|p2a: Arbok|84/100|[from] item: Leftovers\n|-heal|p1a: Clefable|203/293|[from] item: Leftovers\n|upkeep\n|turn|8\n|inactive|Time left: 300 sec this turn | 300 sec total\n|\n|t:|1783541978\n|switch|p1a: Clodsire|Clodsire, L81, F|235/343\n|move|p2a: Arbok|Gunk Shot|p1a: Clodsire\n|-resisted|p1a: Clodsire\n|-damage|p1a: Clodsire|187/343\n|\n|-heal|p2a: Arbok|90/100|[from] item: Leftovers\n|upkeep\n|turn|9\n|inactive|Time left: 300 sec this turn | 300 sec total\n|\n|t:|1783541979\n|move|p2a: Arbok|Earthquake|p1a: Clodsire\n|-supereffective|p1a: Clodsire\n|-damage|p1a: Clodsire|0 fnt\n|faint|p1a: Clodsire\n|\n|-heal|p2a: Arbok|96/100|[from] item: Leftovers\n|upkeep\n|inactive|Time left: 300 sec this turn | 300 sec total | 5 sec grace\n|\n|t:|1783541980\n|switch|p1a: Illumise|Illumise, L91, F|266/266\n|turn|10\n|inactive|Time left: 300 sec this turn | 300 sec total\n|\n|t:|1783541981\n|move|p1a: Illumise|Encore|p2a: Arbok\n|-start|p2a: Arbok|Encore\n|move|p2a: Arbok|Earthquake|p1a: Illumise\n|-resisted|p1a: Illumise\n|-damage|p1a: Illumise|212/266\n|\n|-heal|p2a: Arbok|100/100|[from] item: Leftovers\n|upkeep\n|turn|11\n|inactive|Time left: 300 sec this turn | 300 sec total\n|\n|t:|1783541982\n|move|p1a: Illumise|Thunder Wave|p2a: Arbok\n|-status|p2a: Arbok|par\n|move|p2a: Arbok|Earthquake|p1a: Illumise\n|-resisted|p1a: Illumise\n|-damage|p1a: Illumise|153/266\n|\n|upkeep\n|turn|12\n|inactive|Time left: 300 sec this turn | 300 sec total\n|\n|t:|1783541983\n|move|p1a: Illumise|Roost|p1a: Illumise\n|-heal|p1a: Illumise|266/266\n|-singleturn|p1a: Illumise|move: Roost\n|move|p2a: Arbok|Earthquake|p1a: Illumise\n|-resisted|p1a: Illumise\n|-damage|p1a: Illumise|213/266\n|\n|-end|p2a: Arbok|Encore\n|upkeep\n|turn|13\n|inactive|Time left: 300 sec this turn | 300 sec total\n|\n|t:|1783541984\n|move|p1a: Illumise|Encore|p2a: Arbok\n|-start|p2a: Arbok|Encore\n|cant|p2a: Arbok|par\n|\n|upkeep\n|turn|14\n|inactive|Time left: 300 sec this turn | 300 sec total\n|\n|t:|1783541985\n|move|p1a: Illumise|Bug Buzz|p2a: Arbok\n|-resisted|p2a: Arbok\n|-damage|p2a: Arbok|80/100 par\n|cant|p2a: Arbok|par\n|\n|-heal|p2a: Arbok|86/100 par|[from] item: Leftovers\n|upkeep\n|turn|15\n|inactive|Time left: 300 sec this turn | 300 sec total\n|\n|t:|1783541986\n|move|p1a: Illumise|Bug Buzz|p2a: Arbok\n|-resisted|p2a: Arbok\n|-damage|p2a: Arbok|66/100 par\n|cant|p2a: Arbok|par\n|\n|-heal|p2a: Arbok|72/100 par|[from] item: Leftovers\n|-end|p2a: Arbok|Encore\n|upkeep\n|turn|16\n|inactive|Time left: 300 sec this turn | 300 sec total\n|\n|t:|1783541987\n|move|p1a: Illumise|Encore|p2a: Arbok\n|-start|p2a: Arbok|Encore\n|move|p2a: Arbok|Earthquake|p1a: Illumise\n|-resisted|p1a: Illumise\n|-damage|p1a: Illumise|153/266\n|\n|-heal|p2a: Arbok|78/100 par|[from] item: Leftovers\n|upkeep\n|turn|17\n|inactive|Time left: 300 sec this turn | 300 sec total\n|\n|t:|1783541988\n|move|p1a: Illumise|Roost|p1a: Illumise\n|-heal|p1a: Illumise|266/266\n|-singleturn|p1a: Illumise|move: Roost\n|move|p2a: Arbok|Earthquake|p1a: Illumise\n|-resisted|p1a: Illumise\n|-damage|p1a: Illumise|210/266\n|\n|-heal|p2a: Arbok|84/100 par|[from] item: Leftovers\n|upkeep\n|turn|18\n|inactive|Time left: 300 sec this turn | 300 sec total\n|\n|t:|1783541989\n|move|p1a: Illumise|Bug Buzz|p2a: Arbok\n|-resisted|p2a: Arbok\n|-damage|p2a: Arbok|65/100 par\n|move|p2a: Arbok|Earthquake|p1a: Illumise\n|-resisted|p1a: Illumise\n|-damage|p1a: Illumise|150/266\n|\n|-heal|p2a: Arbok|71/100 par|[from] item: Leftovers\n|-end|p2a: Arbok|Encore\n|upkeep\n|turn|19\n|inactive|Time left: 300 sec this turn | 300 sec total\n|\n|t:|1783541990\n|move|p1a: Illumise|Encore|p2a: Arbok\n|-start|p2a: Arbok|Encore\n|cant|p2a: Arbok|par\n|\n|-heal|p2a: Arbok|77/100 par|[from] item: Leftovers\n|upkeep\n|turn|20\n|inactive|Time left: 300 sec this turn | 300 sec total\n|\n|t:|1783541991\n|move|p1a: Illumise|Roost|p1a: Illumise\n|-heal|p1a: Illumise|266/266\n|-singleturn|p1a: Illumise|move: Roost\n|move|p2a: Arbok|Earthquake|p1a: Illumise\n|-resisted|p1a: Illumise\n|-damage|p1a: Illumise|213/266\n|\n|-heal|p2a: Arbok|83/100 par|[from] item: Leftovers\n|upkeep\n|turn|21\n|inactive|Time left: 300 sec this turn | 300 sec total\n|\n|t:|1783541992\n|switch|p1a: Clefable|Clefable, L83, M|203/293\n|move|p2a: Arbok|Earthquake|p1a: Clefable\n|-damage|p1a: Clefable|119/293\n|\n|-heal|p1a: Clefable|137/293|[from] item: Leftovers\n|-heal|p2a: Arbok|89/100 par|[from] item: Leftovers\n|-end|p2a: Arbok|Encore\n|upkeep\n|turn|22\n|inactive|Time left: 300 sec this turn | 300 sec total\n|\n|t:|1783541994\n|move|p1a: Clefable|Knock Off|p2a: Arbok\n|-damage|p2a: Arbok|62/100 par\n|-enditem|p2a: Arbok|Leftovers|[from] move: Knock Off|[of] p1a: Clefable\n|move|p2a: Arbok|Gunk Shot|p1a: Clefable|[miss]\n|-miss|p2a: Arbok|p1a: Clefable\n|\n|-heal|p1a: Clefable|155/293|[from] item: Leftovers\n|upkeep\n|turn|23\n|inactive|Time left: 300 sec this turn | 300 sec total\n|\n|t:|1783541995\n|move|p1a: Clefable|Fire Blast|p2a: Arbok\n|-damage|p2a: Arbok|28/100 par\n|move|p2a: Arbok|Gunk Shot|p1a: Clefable\n|-supereffective|p1a: Clefable\n|-damage|p1a: Clefable|0 fnt\n|faint|p1a: Clefable\n|\n|upkeep\n|inactive|Time left: 300 sec this turn | 300 sec total | 5 sec grace\n|\n|t:|1783541996\n|switch|p1a: Flareon|Flareon, L90, M|263/263\n|turn|24\n|inactive|Time left: 300 sec this turn | 300 sec total\n|\n|t:|1783541997\n|move|p1a: Flareon|Flare Blitz|p2a: Arbok\n|-crit|p2a: Arbok\n|-damage|p2a: Arbok|0 fnt\n|faint|p2a: Arbok\n|-damage|p1a: Flareon|241/263|[from] Recoil\n|\n|-status|p1a: Flareon|tox|[from] item: Toxic Orb\n|upkeep\n|\n|t:|1783541998\n|switch|p2a: Morpeko|Morpeko, L88, M|100/100\n|turn|25\n|inactive|Time left: 300 sec this turn | 300 sec total\n|\n|t:|1783541999\n|move|p2a: Morpeko|Aura Wheel|p1a: Flareon\n|-damage|p1a: Flareon|76/263 tox\n|-boost|p2a: Morpeko|spe|1\n|move|p1a: Flareon|Facade|p2a: Morpeko\n|-damage|p2a: Morpeko|0 fnt\n|faint|p2a: Morpeko\n|\n|-damage|p1a: Flareon|60/263 tox|[from] psn\n|upkeep\n|\n|t:|1783542000\n|switch|p2a: Thundurus|Thundurus, L80, M|100/100\n|turn|26\n|inactive|Time left: 300 sec this turn | 300 sec total\n|\n|t:|1783542001\n|switch|p1a: Wigglytuff|Wigglytuff, L96, M|424/424\n|move|p2a: Thundurus|Thunderbolt|p1a: Wigglytuff\n|-damage|p1a: Wigglytuff|294/424\n|\n|-heal|p1a: Wigglytuff|320/424|[from] item: Leftovers\n|upkeep\n|turn|27\n|inactive|Time left: 300 sec this turn | 300 sec total\n|\n|t:|1783542003\n|move|p2a: Thundurus|Nasty Plot|p2a: Thundurus\n|-boost|p2a: Thundurus|spa|2\n|move|p1a: Wigglytuff|Dazzling Gleam|p2a: Thundurus\n|-damage|p2a: Thundurus|57/100\n|\n|-heal|p1a: Wigglytuff|346/424|[from] item: Leftovers\n|upkeep\n|turn|28\n|inactive|Time left: 300 sec this turn | 300 sec total\n|\n|t:|1783542005\n|move|p2a: Thundurus|Thunderbolt|p1a: Wigglytuff\n|-damage|p1a: Wigglytuff|72/424\n|move|p1a: Wigglytuff|Dazzling Gleam|p2a: Thundurus\n|-damage|p2a: Thundurus|14/100\n|\n|-heal|p1a: Wigglytuff|98/424|[from] item: Leftovers\n|upkeep\n|turn|29\n|inactive|Time left: 300 sec this turn | 300 sec total\n|\n|t:|1783542007\n|move|p2a: Thundurus|Thunderbolt|p1a: Wigglytuff\n|-damage|p1a: Wigglytuff|0 fnt\n|faint|p1a: Wigglytuff\n|\n|upkeep\n|inactive|Time left: 300 sec this turn | 300 sec total | 5 sec grace\n|\n|t:|1783542008\n|switch|p1a: Flareon|Flareon, L90, M|60/263 tox\n|turn|30\n|inactive|Time left: 300 sec this turn | 300 sec total\n|\n|t:|1783542008\n|-terastallize|p1a: Flareon|Normal\n|move|p1a: Flareon|Quick Attack|p2a: Thundurus\n|-damage|p2a: Thundurus|0 fnt\n|faint|p2a: Thundurus\n|\n|-damage|p1a: Flareon|44/263 tox|[from] psn\n|upkeep\n|\n|t:|1783542009\n|switch|p2a: Forretress|Forretress, L84, F|100/100\n|turn|31\n|inactive|Time left: 300 sec this turn | 300 sec total\n|\n|t:|1783542010\n|move|p1a: Flareon|Flare Blitz|p2a: Forretress\n|-supereffective|p2a: Forretress\n|-ability|p2a: Forretress|Sturdy\n|-damage|p2a: Forretress|1/100\n|-damage|p1a: Flareon|0 fnt|[from] Recoil\n|faint|p1a: Flareon\n|move|p2a: Forretress|Spikes|p1: Flareon\n|-sidestart|p1: p0x209f73e|Spikes\n|\n|-heal|p2a: Forretress|7/100|[from] item: Leftovers\n|upkeep\n|inactive|Time left: 300 sec this turn | 300 sec total | 5 sec grace\n|\n|t:|1783542011\n|switch|p1a: Illumise|Illumise, L91, F|213/266\n|turn|32\n|inactive|Time left: 300 sec this turn | 300 sec total\n|\n|t:|1783542011\n|move|p1a: Illumise|Bug Buzz|p2a: Forretress\n|-resisted|p2a: Forretress\n|-damage|p2a: Forretress|0 fnt\n|faint|p2a: Forretress\n|\n|win|p0x209f73e", "uploadtime": 1783542011, "views": 0, "rating": 0, "private": 0, "password": null, "_winner": "p0x209f73e", "_our_name": "p0x209f73e"}