{"id": "battle-gen9randombattle-1713", "formatid": "gen9randombattle", "format": "[Gen 9] Random Battle", "players": ["p0x1713174e", "p0y17138589"], "log": "|init|battle\n|title|p0x1713174e vs. p0y17138589\n|j|\u2606p0x1713174e\n|j|\u2606p0y17138589\n|t:|1783559835\n|gametype|singles\n|player|p1|p0x1713174e|2|\n|player|p2|p0y17138589|2|\n|gen|9\n|tier|[Gen 9] Random Battle\n|rule|Species Clause: Limit one of each Pok\u00e9mon\n|rule|HP Percentage Mod: HP is shown in percentages\n|rule|Sleep Clause Mod: Limit one foe put to sleep\n|rule|Illusion Level Mod: Illusion disguises the Pok\u00e9mon's true level\n|\n|t:|1783559835\n|teamsize|p1|6\n|teamsize|p2|6\n|start\n|switch|p1a: Calyrex|Calyrex-Shadow, L64|100/100\n|switch|p2a: Scovillain|Scovillain, L91, M|266/266\n|-ability|p1a: Calyrex|As One\n|-ability|p1a: Calyrex|Unnerve\n|turn|1\n|inactive|Battle timer is ON: inactive players will automatically lose when time's up. (requested by p0y17138589)\n|inactive|p0x1713174e also wants the timer to be on.\n|\n|t:|1783559836\n|switch|p2a: Hariyama|Hariyama, L87, M|392/392\n|move|p1a: Calyrex|Nasty Plot|p1a: Calyrex\n|-boost|p1a: Calyrex|spa|2\n|\n|-status|p2a: Hariyama|brn|[from] item: Flame Orb\n|upkeep\n|turn|2\n|inactive|Time left: 300 sec this turn | 300 sec total\n|\n|t:|1783559837\n|-terastallize|p2a: Hariyama|Normal\n|move|p1a: Calyrex|Psyshock|p2a: Hariyama\n|-damage|p2a: Hariyama|127/392 brn\n|-damage|p1a: Calyrex|91/100|[from] item: Life Orb\n|move|p2a: Hariyama|Knock Off|p1a: Calyrex\n|-supereffective|p1a: Calyrex\n|-damage|p1a: Calyrex|0 fnt\n|-enditem|p1a: Calyrex|Life Orb|[from] move: Knock Off|[of] p2a: Hariyama\n|faint|p1a: Calyrex\n|\n|-damage|p2a: Hariyama|103/392 brn|[from] brn\n|upkeep\n|\n|t:|1783559838\n|switch|p1a: Dugtrio|Dugtrio, L84, M|100/100\n|turn|3\n|inactive|Time left: 300 sec this turn | 300 sec total\n|\n|t:|1783559839\n|move|p1a: Dugtrio|Earthquake|p2a: Hariyama\n|-damage|p2a: Hariyama|0 fnt\n|faint|p2a: Hariyama\n|\n|upkeep\n|inactive|Time left: 300 sec this turn | 300 sec total | 5 sec grace\n|\n|t:|1783559840\n|switch|p2a: Kleavor|Kleavor, L78, M|237/237\n|turn|4\n|inactive|Time left: 300 sec this turn | 300 sec total\n|\n|t:|1783559841\n|switch|p1a: Palkia|Palkia, L75|100/100\n|-ability|p1a: Palkia|Pressure\n|move|p2a: Kleavor|X-Scissor|p1a: Palkia\n|-damage|p1a: Palkia|23/100\n|\n|upkeep\n|turn|5\n|inactive|Time left: 300 sec this turn | 300 sec total\n|\n|t:|1783559843\n|switch|p2a: Suicune|Suicune, L82|298/298\n|-ability|p2a: Suicune|Pressure\n|move|p1a: Palkia|Spacial Rend|p2a: Suicune\n|-crit|p2a: Suicune\n|-damage|p2a: Suicune|64/298\n|\n|-heal|p2a: Suicune|82/298|[from] item: Leftovers\n|upkeep\n|turn|6\n|inactive|Time left: 300 sec this turn | 300 sec total\n|\n|t:|1783559844\n|move|p1a: Palkia|Spacial Rend|p2a: Suicune\n|-damage|p2a: Suicune|0 fnt\n|faint|p2a: Suicune\n|\n|upkeep\n|inactive|Time left: 300 sec this turn | 300 sec total | 5 sec grace\n|\n|t:|1783559845\n|switch|p2a: Calyrex|Calyrex-Shadow, L64|235/235\n|-ability|p2a: Calyrex|As One\n|-ability|p2a: Calyrex|Unnerve\n|turn|7\n|inactive|Time left: 300 sec this turn | 300 sec total\n|\n|t:|1783559846\n|switch|p1a: Dudunsparce|Dudunsparce, L83, F|100/100\n|move|p2a: Calyrex|Astral Barrage|p1a: Dudunsparce\n|-immune|p1a: Dudunsparce\n|\n|upkeep\n|turn|8\n|inactive|Time left: 300 sec this turn | 300 sec total\n|\n|t:|1783559847\n|move|p2a: Calyrex|Astral Barrage|p1a: Dudunsparce\n|-immune|p1a: Dudunsparce\n|move|p1a: Dudunsparce|Calm Mind|p1a: Dudunsparce\n|-boost|p1a: Dudunsparce|spa|1\n|-boost|p1a: Dudunsparce|spd|1\n|\n|upkeep\n|turn|9\n|inactive|Time left: 300 sec this turn | 300 sec total\n|\n|t:|1783559848\n|switch|p2a: Kleavor|Kleavor, L78, M|237/237\n|move|p1a: Dudunsparce|Earth Power|p2a: Kleavor\n|-damage|p2a: Kleavor|137/237\n|\n|upkeep\n|turn|10\n|inactive|Time left: 300 sec this turn | 300 sec total\n|\n|t:|1783559849\n|move|p2a: Kleavor|Stone Axe|p1a: Dudunsparce\n|-damage|p1a: Dudunsparce|43/100\n|-sidestart|p1: p0x1713174e|move: Stealth Rock\n|move|p1a: Dudunsparce|Earth Power|p2a: Kleavor\n|-damage|p2a: Kleavor|31/237\n|-unboost|p2a: Kleavor|spd|1\n|\n|-heal|p1a: Dudunsparce|49/100|[from] item: Leftovers\n|upkeep\n|turn|11\n|inactive|Time left: 300 sec this turn | 300 sec total\n|\n|t:|1783559850\n|move|p2a: Kleavor|Stone Axe|p1a: Dudunsparce\n|-damage|p1a: Dudunsparce|0 fnt\n|faint|p1a: Dudunsparce\n|\n|upkeep\n|\n|t:|1783559851\n|switch|p1a: Dugtrio|Dugtrio, L84, M|100/100\n|-damage|p1a: Dugtrio|94/100|[from] Stealth Rock\n|turn|12\n|inactive|Time left: 300 sec this turn | 300 sec total\n|\n|t:|1783559852\n|move|p1a: Dugtrio|Earthquake|p2a: Kleavor\n|-damage|p2a: Kleavor|0 fnt\n|faint|p2a: Kleavor\n|\n|upkeep\n|inactive|Time left: 300 sec this turn | 300 sec total | 5 sec grace\n|\n|t:|1783559853\n|switch|p2a: Feraligatr|Feraligatr, L79, F|264/264\n|turn|13\n|inactive|Time left: 300 sec this turn | 300 sec total\n|\n|t:|1783559854\n|move|p1a: Dugtrio|Earthquake|p2a: Feraligatr\n|-damage|p2a: Feraligatr|95/264\n|move|p2a: Feraligatr|Dragon Dance|p2a: Feraligatr\n|-boost|p2a: Feraligatr|atk|1\n|-boost|p2a: Feraligatr|spe|1\n|\n|upkeep\n|turn|14\n|inactive|Time left: 300 sec this turn | 300 sec total\n|\n|t:|1783559855\n|switch|p1a: Palkia|Palkia, L75|23/100\n|-damage|p1a: Palkia|10/100|[from] Stealth Rock\n|-ability|p1a: Palkia|Pressure\n|move|p2a: Feraligatr|Liquidation|p1a: Palkia\n|-resisted|p1a: Palkia\n|-damage|p1a: Palkia|0 fnt\n|faint|p1a: Palkia\n|\n|upkeep\n|\n|t:|1783559856\n|switch|p1a: Oranguru|Oranguru, L92, M|100/100\n|-damage|p1a: Oranguru|88/100|[from] Stealth Rock\n|turn|15\n|inactive|Time left: 300 sec this turn | 300 sec total\n|\n|t:|1783559857\n|move|p2a: Feraligatr|Liquidation|p1a: Oranguru\n|-damage|p1a: Oranguru|27/100\n|move|p1a: Oranguru|Thunderbolt|p2a: Feraligatr\n|-supereffective|p2a: Feraligatr\n|-damage|p2a: Feraligatr|0 fnt\n|faint|p2a: Feraligatr\n|\n|upkeep\n|inactive|Time left: 300 sec this turn | 300 sec total | 5 sec grace\n|\n|t:|1783559858\n|switch|p2a: Scovillain|Scovillain, L91, M|266/266\n|turn|16\n|inactive|Time left: 300 sec this turn | 300 sec total\n|\n|t:|1783559859\n|switch|p1a: Heatran|Heatran, L79, F|100/100\n|-damage|p1a: Heatran|88/100|[from] Stealth Rock\n|-item|p1a: Heatran|Air Balloon\n|move|p2a: Scovillain|Energy Ball|p1a: Heatran\n|-resisted|p1a: Heatran\n|-damage|p1a: Heatran|79/100\n|-enditem|p1a: Heatran|Air Balloon\n|\n|upkeep\n|turn|17\n|inactive|Time left: 300 sec this turn | 300 sec total\n|\n|t:|1783559860\n|move|p2a: Scovillain|Stomping Tantrum|p1a: Heatran\n|-supereffective|p1a: Heatran\n|-damage|p1a: Heatran|0 fnt\n|faint|p1a: Heatran\n|\n|upkeep\n|\n|t:|1783559860\n|switch|p1a: Dugtrio|Dugtrio, L84, M|94/100\n|-damage|p1a: Dugtrio|88/100|[from] Stealth Rock\n|turn|18\n|inactive|Time left: 300 sec this turn | 300 sec total\n|\n|t:|1783559861\n|move|p1a: Dugtrio|Stone Edge|p2a: Scovillain\n|-supereffective|p2a: Scovillain\n|-damage|p2a: Scovillain|34/266\n|move|p2a: Scovillain|Energy Ball|p1a: Dugtrio\n|-supereffective|p1a: Dugtrio\n|-damage|p1a: Dugtrio|0 fnt\n|faint|p1a: Dugtrio\n|\n|upkeep\n|\n|t:|1783559862\n|switch|p1a: Oranguru|Oranguru, L92, M|27/100\n|-damage|p1a: Oranguru|15/100|[from] Stealth Rock\n|turn|19\n|inactive|Time left: 300 sec this turn | 300 sec total\n|\n|t:|1783559863\n|move|p2a: Scovillain|Energy Ball|p1a: Oranguru\n|-damage|p1a: Oranguru|0 fnt\n|faint|p1a: Oranguru\n|\n|win|p0y17138589", "uploadtime": 1783559863, "views": 0, "rating": 0, "private": 0, "password": null, "_winner": "p0y17138589", "_our_name": "p0y17138589"}