{"id": "battle-gen9randombattle-2500", "formatid": "gen9randombattle", "format": "[Gen 9] Random Battle", "players": ["p0x25009b74", "p0y25002dbc"], "log": "|init|battle\n|title|p0x25009b74 vs. p0y25002dbc\n|j|\u2606p0x25009b74\n|j|\u2606p0y25002dbc\n|t:|1783568966\n|gametype|singles\n|player|p1|p0x25009b74|266|\n|player|p2|p0y25002dbc|102|\n|gen|9\n|tier|[Gen 9] Random Battle\n|rule|Species Clause: Limit one of each Pok\u00e9mon\n|rule|HP Percentage Mod: HP is shown in percentages\n|rule|Sleep Clause Mod: Limit one foe put to sleep\n|rule|Illusion Level Mod: Illusion disguises the Pok\u00e9mon's true level\n|\n|t:|1783568966\n|teamsize|p1|6\n|teamsize|p2|6\n|start\n|switch|p1a: Entei|Entei, L78|307/307\n|switch|p2a: Skarmory|Skarmory, L80, F|100/100\n|turn|1\n|inactive|Battle timer is ON: inactive players will automatically lose when time's up. (requested by p0y25002dbc)\n|inactive|Time left: 300 sec this turn | 300 sec total | 60 sec grace\n|\n|t:|1783568968\n|switch|p2a: Armarouge|Armarouge, L80, F|100/100\n|move|p1a: Entei|Sacred Fire|p2a: Armarouge\n|-resisted|p2a: Armarouge\n|-damage|p2a: Armarouge|73/100\n|-ability|p2a: Armarouge|Weak Armor|boost\n|-unboost|p2a: Armarouge|def|1\n|-boost|p2a: Armarouge|spe|2\n|\n|upkeep\n|turn|2\n|inactive|Time left: 300 sec this turn | 300 sec total\n|inactive|p0x25009b74 also wants the timer to be on.\n|\n|t:|1783568970\n|move|p2a: Armarouge|Meteor Beam||[still]\n|-prepare|p2a: Armarouge|Meteor Beam\n|-boost|p2a: Armarouge|spa|1\n|-enditem|p2a: Armarouge|Power Herb\n|-anim|p2a: Armarouge|Meteor Beam|p1a: Entei\n|-supereffective|p1a: Entei\n|-damage|p1a: Entei|0 fnt\n|faint|p1a: Entei\n|\n|upkeep\n|inactive|Time left: 300 sec this turn | 300 sec total | 5 sec grace\n|\n|t:|1783568971\n|switch|p1a: Zekrom|Zekrom, L71|259/259\n|-ability|p1a: Zekrom|Teravolt\n|turn|3\n|inactive|Time left: 300 sec this turn | 300 sec total\n|\n|t:|1783568972\n|move|p2a: Armarouge|Armor Cannon|p1a: Zekrom\n|-resisted|p1a: Zekrom\n|-damage|p1a: Zekrom|140/259\n|-unboost|p2a: Armarouge|def|1\n|-unboost|p2a: Armarouge|spd|1\n|move|p1a: Zekrom|Outrage|p2a: Armarouge\n|-damage|p2a: Armarouge|0 fnt\n|faint|p2a: Armarouge\n|\n|-heal|p1a: Zekrom|156/259|[from] item: Leftovers\n|upkeep\n|\n|t:|1783568973\n|switch|p2a: Furret|Furret, L94, M|100/100\n|-item|p1a: Zekrom|Leftovers|[from] ability: Frisk|[of] p2a: Furret\n|turn|4\n|inactive|Time left: 300 sec this turn | 300 sec total\n|\n|t:|1783568974\n|move|p2a: Furret|Double-Edge|p1a: Zekrom\n|-damage|p1a: Zekrom|0 fnt\n|faint|p1a: Zekrom\n|-damage|p2a: Furret|84/100|[from] Recoil\n|\n|upkeep\n|inactive|Time left: 300 sec this turn | 300 sec total | 5 sec grace\n|\n|t:|1783568975\n|switch|p1a: Ceruledge|Ceruledge, L78, M|245/245\n|turn|5\n|inactive|Time left: 300 sec this turn | 300 sec total\n|\n|t:|1783568976\n|switch|p2a: Ogerpon|Ogerpon-Wellspring, L76, F|100/100\n|move|p1a: Ceruledge|Swords Dance|p1a: Ceruledge\n|-boost|p1a: Ceruledge|atk|2\n|\n|upkeep\n|turn|6\n|inactive|Time left: 300 sec this turn | 300 sec total\n|\n|t:|1783568976\n|-terastallize|p1a: Ceruledge|Ghost\n|move|p2a: Ogerpon|Ivy Cudgel|p1a: Ceruledge|[anim] Ivy Cudgel Water\n|-crit|p1a: Ceruledge\n|-damage|p1a: Ceruledge|17/245\n|-ability|p1a: Ceruledge|Weak Armor|boost\n|-unboost|p1a: Ceruledge|def|1\n|-boost|p1a: Ceruledge|spe|2\n|move|p1a: Ceruledge|Bitter Blade|p2a: Ogerpon\n|-damage|p2a: Ogerpon|14/100\n|-heal|p1a: Ceruledge|124/245|[from] drain|[of] p2a: Ogerpon\n|\n|upkeep\n|turn|7\n|inactive|Time left: 300 sec this turn | 300 sec total\n|\n|t:|1783568977\n|move|p1a: Ceruledge|Bitter Blade|p2a: Ogerpon\n|-damage|p2a: Ogerpon|0 fnt\n|-heal|p1a: Ceruledge|141/245|[from] drain|[of] p2a: Ogerpon\n|faint|p2a: Ogerpon\n|\n|upkeep\n|\n|t:|1783568978\n|switch|p2a: Furret|Furret, L94, M|84/100\n|-item|p1a: Ceruledge|Heavy-Duty Boots|[from] ability: Frisk|[of] p2a: Furret\n|turn|8\n|inactive|Time left: 300 sec this turn | 300 sec total\n|\n|t:|1783568979\n|move|p1a: Ceruledge|Bitter Blade|p2a: Furret\n|-damage|p2a: Furret|16/100\n|-heal|p1a: Ceruledge|245/245|[from] drain|[of] p2a: Furret\n|move|p2a: Furret|Knock Off|p1a: Ceruledge\n|-supereffective|p1a: Ceruledge\n|-damage|p1a: Ceruledge|0 fnt\n|-enditem|p1a: Ceruledge|Heavy-Duty Boots|[from] move: Knock Off|[of] p2a: Furret\n|faint|p1a: Ceruledge\n|\n|upkeep\n|inactive|Time left: 300 sec this turn | 300 sec total | 5 sec grace\n|\n|t:|1783568980\n|switch|p1a: Ariados|Ariados, L95, M|287/287\n|turn|9\n|inactive|Time left: 300 sec this turn | 300 sec total\n|\n|t:|1783568982\n|move|p2a: Furret|Knock Off|p1a: Ariados\n|-damage|p1a: Ariados|172/287\n|-enditem|p1a: Ariados|Heavy-Duty Boots|[from] move: Knock Off|[of] p2a: Furret\n|move|p1a: Ariados|Sticky Web|p2a: Furret\n|-sidestart|p2: p0y25002dbc|move: Sticky Web\n|\n|upkeep\n|turn|10\n|inactive|Time left: 300 sec this turn | 300 sec total\n|\n|t:|1783568983\n|move|p2a: Furret|Knock Off|p1a: Ariados\n|-damage|p1a: Ariados|97/287\n|move|p1a: Ariados|Knock Off|p2a: Furret\n|-crit|p2a: Furret\n|-damage|p2a: Furret|0 fnt\n|-enditem|p2a: Furret|Choice Band|[from] move: Knock Off|[of] p1a: Ariados\n|faint|p2a: Furret\n|\n|upkeep\n|\n|t:|1783568984\n|switch|p2a: Noivern|Noivern, L82, F|100/100\n|turn|11\n|inactive|Time left: 300 sec this turn | 300 sec total\n|\n|t:|1783568985\n|move|p2a: Noivern|Boomburst|p1a: Ariados\n|-crit|p1a: Ariados\n|-damage|p1a: Ariados|0 fnt\n|faint|p1a: Ariados\n|\n|upkeep\n|inactive|Time left: 300 sec this turn | 300 sec total | 5 sec grace\n|\n|t:|1783568986\n|switch|p1a: Slither Wing|Slither Wing, L81|270/270\n|turn|12\n|inactive|Time left: 300 sec this turn | 300 sec total\n|\n|t:|1783568986\n|move|p2a: Noivern|Boomburst|p1a: Slither Wing\n|-damage|p1a: Slither Wing|149/270\n|move|p1a: Slither Wing|Morning Sun|p1a: Slither Wing\n|-heal|p1a: Slither Wing|270/270\n|\n|upkeep\n|turn|13\n|inactive|Time left: 300 sec this turn | 300 sec total\n|\n|t:|1783568988\n|move|p2a: Noivern|Boomburst|p1a: Slither Wing\n|-damage|p1a: Slither Wing|143/270\n|move|p1a: Slither Wing|Morning Sun|p1a: Slither Wing\n|-heal|p1a: Slither Wing|270/270\n|\n|upkeep\n|turn|14\n|inactive|Time left: 300 sec this turn | 300 sec total\n|\n|t:|1783568989\n|move|p2a: Noivern|Boomburst|p1a: Slither Wing\n|-damage|p1a: Slither Wing|153/270\n|move|p1a: Slither Wing|Morning Sun|p1a: Slither Wing\n|-heal|p1a: Slither Wing|270/270\n|\n|upkeep\n|turn|15\n|inactive|Time left: 300 sec this turn | 300 sec total\n|\n|t:|1783568990\n|move|p2a: Noivern|Boomburst|p1a: Slither Wing\n|-damage|p1a: Slither Wing|149/270\n|move|p1a: Slither Wing|Morning Sun|p1a: Slither Wing\n|-heal|p1a: Slither Wing|270/270\n|\n|upkeep\n|turn|16\n|inactive|Time left: 300 sec this turn | 300 sec total\n|\n|t:|1783568991\n|move|p2a: Noivern|Boomburst|p1a: Slither Wing\n|-damage|p1a: Slither Wing|153/270\n|move|p1a: Slither Wing|Morning Sun|p1a: Slither Wing\n|-heal|p1a: Slither Wing|270/270\n|\n|upkeep\n|turn|17\n|inactive|Time left: 300 sec this turn | 300 sec total\n|\n|t:|1783568992\n|move|p2a: Noivern|Boomburst|p1a: Slither Wing\n|-damage|p1a: Slither Wing|144/270\n|move|p1a: Slither Wing|Morning Sun|p1a: Slither Wing\n|-heal|p1a: Slither Wing|270/270\n|\n|upkeep\n|turn|18\n|inactive|Time left: 300 sec this turn | 300 sec total\n|\n|t:|1783568993\n|move|p2a: Noivern|Boomburst|p1a: Slither Wing\n|-damage|p1a: Slither Wing|154/270\n|move|p1a: Slither Wing|Morning Sun|p1a: Slither Wing\n|-heal|p1a: Slither Wing|270/270\n|\n|upkeep\n|turn|19\n|inactive|Time left: 300 sec this turn | 300 sec total\n|\n|t:|1783568993\n|move|p2a: Noivern|Boomburst|p1a: Slither Wing\n|-damage|p1a: Slither Wing|150/270\n|move|p1a: Slither Wing|Morning Sun|p1a: Slither Wing\n|-heal|p1a: Slither Wing|270/270\n|\n|upkeep\n|turn|20\n|inactive|Time left: 300 sec this turn | 300 sec total\n|\n|t:|1783568994\n|-end|p1a: Slither Wing|Protosynthesis|[silent]\n|switch|p1a: Palafin|Palafin, L77, F|281/281\n|move|p2a: Noivern|Boomburst|p1a: Palafin\n|-damage|p1a: Palafin|99/281\n|\n|upkeep\n|turn|21\n|inactive|Time left: 300 sec this turn | 300 sec total\n|\n|t:|1783568995\n|detailschange|p1a: Palafin|Palafin-Hero, L77, F\n|switch|p1a: Slither Wing|Slither Wing, L81|270/270\n|move|p2a: Noivern|Boomburst|p1a: Slither Wing\n|-damage|p1a: Slither Wing|133/270\n|\n|upkeep\n|turn|22\n|inactive|Time left: 300 sec this turn | 300 sec total\n|\n|t:|1783568995\n|-end|p1a: Slither Wing|Protosynthesis|[silent]\n|switch|p1a: Palafin|Palafin-Hero, L77, F|99/281\n|-activate|p1a: Palafin|ability: Zero to Hero\n|-terastallize|p2a: Noivern|Normal\n|move|p2a: Noivern|Boomburst|p1a: Palafin\n|-damage|p1a: Palafin|0 fnt\n|faint|p1a: Palafin\n|\n|upkeep\n|inactive|Time left: 300 sec this turn | 300 sec total | 5 sec grace\n|\n|t:|1783568996\n|switch|p1a: Slither Wing|Slither Wing, L81|133/270\n|turn|23\n|inactive|Time left: 300 sec this turn | 300 sec total\n|\n|t:|1783568997\n|move|p2a: Noivern|Boomburst|p1a: Slither Wing\n|-damage|p1a: Slither Wing|0 fnt\n|faint|p1a: Slither Wing\n|-end|p1a: Slither Wing|Protosynthesis|[silent]\n|\n|win|p0y25002dbc", "uploadtime": 1783568997, "views": 0, "rating": 0, "private": 0, "password": null, "_winner": "p0y25002dbc", "_our_name": "p0x25009b74"}