{"id": "battle-gen9randombattle-1282", "formatid": "gen9randombattle", "format": "[Gen 9] Random Battle", "players": ["p0x1282fe17", "p0y1282f74a"], "log": "|init|battle\n|title|p0x1282fe17 vs. p0y1282f74a\n|j|\u2606p0x1282fe17\n|j|\u2606p0y1282f74a\n|t:|1783554002\n|gametype|singles\n|player|p1|p0x1282fe17|2|\n|player|p2|p0y1282f74a|265|\n|gen|9\n|tier|[Gen 9] Random Battle\n|rule|Species Clause: Limit one of each Pok\u00e9mon\n|rule|HP Percentage Mod: HP is shown in percentages\n|rule|Sleep Clause Mod: Limit one foe put to sleep\n|rule|Illusion Level Mod: Illusion disguises the Pok\u00e9mon's true level\n|\n|t:|1783554002\n|teamsize|p1|6\n|teamsize|p2|6\n|start\n|switch|p1a: Jirachi|Jirachi, L80|291/291\n|switch|p2a: Sylveon|Sylveon, L85, M|100/100\n|turn|1\n|inactive|Battle timer is ON: inactive players will automatically lose when time's up. (requested by p0x1282fe17)\n|inactive|p0y1282f74a also wants the timer to be on.\n|\n|t:|1783554003\n|switch|p2a: Pelipper|Pelipper, L86, M|100/100\n|-weather|RainDance|[from] ability: Drizzle|[of] p2a: Pelipper\n|move|p1a: Jirachi|Iron Head|p2a: Pelipper\n|-resisted|p2a: Pelipper\n|-damage|p2a: Pelipper|86/100\n|\n|-weather|RainDance|[upkeep]\n|upkeep\n|turn|2\n|inactive|Time left: 300 sec this turn | 300 sec total\n|\n|t:|1783554005\n|move|p1a: Jirachi|Iron Head|p2a: Pelipper\n|-resisted|p2a: Pelipper\n|-damage|p2a: Pelipper|72/100\n|cant|p2a: Pelipper|flinch\n|\n|-weather|RainDance|[upkeep]\n|upkeep\n|turn|3\n|inactive|Time left: 300 sec this turn | 300 sec total\n|\n|t:|1783554006\n|move|p1a: Jirachi|Body Slam|p2a: Pelipper\n|-damage|p2a: Pelipper|53/100\n|-status|p2a: Pelipper|par\n|cant|p2a: Pelipper|par\n|\n|-weather|RainDance|[upkeep]\n|upkeep\n|turn|4\n|inactive|Time left: 300 sec this turn | 300 sec total\n|\n|t:|1783554007\n|switch|p1a: Zacian|Zacian-Crowned, L64|225/225\n|-ability|p1a: Zacian|Intrepid Sword|boost\n|-boost|p1a: Zacian|atk|1\n|move|p2a: Pelipper|Hurricane|p1a: Zacian\n|-resisted|p1a: Zacian\n|-damage|p1a: Zacian|159/225\n|\n|-weather|RainDance|[upkeep]\n|upkeep\n|turn|5\n|inactive|Time left: 300 sec this turn | 300 sec total\n|\n|t:|1783554008\n|move|p1a: Zacian|Swords Dance|p1a: Zacian\n|-boost|p1a: Zacian|atk|2\n|cant|p2a: Pelipper|par\n|\n|-weather|none\n|upkeep\n|turn|6\n|inactive|Time left: 300 sec this turn | 300 sec total\n|\n|t:|1783554009\n|move|p1a: Zacian|Play Rough|p2a: Pelipper\n|-damage|p2a: Pelipper|0 fnt\n|faint|p2a: Pelipper\n|\n|upkeep\n|\n|t:|1783554010\n|switch|p2a: Dusknoir|Dusknoir, L89, M|100/100\n|-item|p1a: Zacian|Rusted Sword|[from] ability: Frisk|[of] p2a: Dusknoir\n|turn|7\n|inactive|Time left: 300 sec this turn | 300 sec total\n|\n|t:|1783554011\n|move|p1a: Zacian|Behemoth Blade|p2a: Dusknoir\n|-damage|p2a: Dusknoir|37/100\n|move|p2a: Dusknoir|Poltergeist|p1a: Zacian\n|-activate|p1a: Zacian|move: Poltergeist|Rusted Sword\n|-damage|p1a: Zacian|0 fnt\n|faint|p1a: Zacian\n|\n|upkeep\n|inactive|Time left: 300 sec this turn | 300 sec total | 5 sec grace\n|\n|t:|1783554012\n|switch|p1a: Kyogre|Kyogre, L71|259/259\n|-weather|RainDance|[from] ability: Drizzle|[of] p1a: Kyogre\n|turn|8\n|inactive|Time left: 300 sec this turn | 300 sec total\n|\n|t:|1783554013\n|move|p1a: Kyogre|Water Spout|p2a: Dusknoir\n|-damage|p2a: Dusknoir|0 fnt\n|faint|p2a: Dusknoir\n|\n|-weather|RainDance|[upkeep]\n|upkeep\n|\n|t:|1783554014\n|switch|p2a: Ninetales|Ninetales-Alola, L78, F|100/100\n|-weather|Snowscape|[from] ability: Snow Warning|[of] p2a: Ninetales\n|turn|9\n|inactive|Time left: 300 sec this turn | 300 sec total\n|\n|t:|1783554015\n|move|p1a: Kyogre|Water Spout|p2a: Ninetales\n|-damage|p2a: Ninetales|34/100\n|move|p2a: Ninetales|Aurora Veil|p2a: Ninetales\n|-sidestart|p2: p0y1282f74a|move: Aurora Veil\n|\n|-weather|Snowscape|[upkeep]\n|upkeep\n|turn|10\n|inactive|Time left: 300 sec this turn | 300 sec total\n|\n|t:|1783554016\n|switch|p2a: Zamazenta|Zamazenta-Crowned, L68|100/100\n|-ability|p2a: Zamazenta|Dauntless Shield|boost\n|-boost|p2a: Zamazenta|def|1\n|move|p1a: Kyogre|Water Spout|p2a: Zamazenta\n|-damage|p2a: Zamazenta|74/100\n|\n|-weather|Snowscape|[upkeep]\n|upkeep\n|turn|11\n|inactive|Time left: 300 sec this turn | 300 sec total\n|\n|t:|1783554017\n|move|p1a: Kyogre|Water Spout|p2a: Zamazenta\n|-damage|p2a: Zamazenta|44/100\n|move|p2a: Zamazenta|Body Press|p1a: Kyogre\n|-damage|p1a: Kyogre|123/259\n|\n|-weather|Snowscape|[upkeep]\n|upkeep\n|turn|12\n|inactive|Time left: 300 sec this turn | 300 sec total\n|\n|t:|1783554018\n|switch|p1a: Vileplume|Vileplume, L85, F|266/266\n|move|p2a: Zamazenta|Body Press|p1a: Vileplume\n|-resisted|p1a: Vileplume\n|-damage|p1a: Vileplume|212/266\n|-status|p2a: Zamazenta|slp|[from] ability: Effect Spore|[of] p1a: Vileplume\n|\n|-weather|Snowscape|[upkeep]\n|-heal|p1a: Vileplume|228/266|[from] item: Leftovers\n|upkeep\n|turn|13\n|inactive|Time left: 300 sec this turn | 300 sec total\n|\n|t:|1783554019\n|cant|p2a: Zamazenta|slp\n|move|p1a: Vileplume|Strength Sap|p2a: Zamazenta\n|-unboost|p2a: Zamazenta|atk|1\n|-heal|p1a: Vileplume|266/266\n|\n|-weather|none\n|upkeep\n|turn|14\n|inactive|Time left: 300 sec this turn | 300 sec total\n|\n|t:|1783554020\n|switch|p2a: Sylveon|Sylveon, L85, M|100/100\n|move|p1a: Vileplume|Strength Sap|p2a: Sylveon\n|-unboost|p2a: Sylveon|atk|1\n|\n|upkeep\n|turn|15\n|inactive|Time left: 300 sec this turn | 300 sec total\n|\n|t:|1783554021\n|move|p2a: Sylveon|Calm Mind|p2a: Sylveon\n|-boost|p2a: Sylveon|spa|1\n|-boost|p2a: Sylveon|spd|1\n|move|p1a: Vileplume|Strength Sap|p2a: Sylveon\n|-unboost|p2a: Sylveon|atk|1\n|\n|upkeep\n|turn|16\n|inactive|Time left: 300 sec this turn | 300 sec total\n|\n|t:|1783554022\n|move|p2a: Sylveon|Calm Mind|p2a: Sylveon\n|-boost|p2a: Sylveon|spa|1\n|-boost|p2a: Sylveon|spd|1\n|move|p1a: Vileplume|Sludge Bomb|p2a: Sylveon\n|-supereffective|p2a: Sylveon\n|-damage|p2a: Sylveon|87/100\n|\n|-heal|p2a: Sylveon|93/100|[from] item: Leftovers\n|-sideend|p2: p0y1282f74a|move: Aurora Veil\n|upkeep\n|turn|17\n|inactive|Time left: 300 sec this turn | 300 sec total\n|\n|t:|1783554023\n|move|p2a: Sylveon|Hyper Voice|p1a: Vileplume\n|-resisted|p1a: Vileplume\n|-damage|p1a: Vileplume|149/266\n|move|p1a: Vileplume|Strength Sap|p2a: Sylveon\n|-unboost|p2a: Sylveon|atk|1\n|-heal|p1a: Vileplume|206/266\n|\n|-heal|p2a: Sylveon|99/100|[from] item: Leftovers\n|-heal|p1a: Vileplume|222/266|[from] item: Leftovers\n|upkeep\n|turn|18\n|inactive|Time left: 300 sec this turn | 300 sec total\n|\n|t:|1783554024\n|move|p2a: Sylveon|Hyper Voice|p1a: Vileplume\n|-resisted|p1a: Vileplume\n|-damage|p1a: Vileplume|87/266\n|move|p1a: Vileplume|Strength Sap|p2a: Sylveon\n|-unboost|p2a: Sylveon|atk|1\n|-heal|p1a: Vileplume|133/266\n|\n|-heal|p2a: Sylveon|100/100|[from] item: Leftovers\n|-heal|p1a: Vileplume|149/266|[from] item: Leftovers\n|upkeep\n|turn|19\n|inactive|Time left: 300 sec this turn | 300 sec total\n|\n|t:|1783554025\n|move|p2a: Sylveon|Hyper Voice|p1a: Vileplume\n|-resisted|p1a: Vileplume\n|-damage|p1a: Vileplume|12/266\n|move|p1a: Vileplume|Strength Sap|p2a: Sylveon\n|-unboost|p2a: Sylveon|atk|1\n|-heal|p1a: Vileplume|50/266\n|\n|-heal|p1a: Vileplume|66/266|[from] item: Leftovers\n|upkeep\n|turn|20\n|inactive|Time left: 300 sec this turn | 300 sec total\n|\n|t:|1783554026\n|switch|p1a: Jirachi|Jirachi, L80|291/291\n|move|p2a: Sylveon|Hyper Voice|p1a: Jirachi\n|-resisted|p1a: Jirachi\n|-damage|p1a: Jirachi|162/291\n|\n|-heal|p1a: Jirachi|180/291|[from] item: Leftovers\n|upkeep\n|turn|21\n|inactive|Time left: 300 sec this turn | 300 sec total\n|\n|t:|1783554027\n|move|p1a: Jirachi|Iron Head|p2a: Sylveon\n|-supereffective|p2a: Sylveon\n|-damage|p2a: Sylveon|32/100\n|cant|p2a: Sylveon|flinch\n|\n|-heal|p1a: Jirachi|198/291|[from] item: Leftovers\n|-heal|p2a: Sylveon|38/100|[from] item: Leftovers\n|upkeep\n|turn|22\n|inactive|Time left: 300 sec this turn | 300 sec total\n|\n|t:|1783554028\n|move|p2a: Sylveon|Protect|p2a: Sylveon\n|-singleturn|p2a: Sylveon|Protect\n|move|p1a: Jirachi|Iron Head|p2a: Sylveon\n|-activate|p2a: Sylveon|move: Protect\n|\n|-heal|p1a: Jirachi|216/291|[from] item: Leftovers\n|-heal|p2a: Sylveon|44/100|[from] item: Leftovers\n|upkeep\n|turn|23\n|inactive|Time left: 300 sec this turn | 300 sec total\n|\n|t:|1783554029\n|switch|p2a: Zamazenta|Zamazenta-Crowned, L68|44/100 slp\n|move|p1a: Jirachi|Iron Head|p2a: Zamazenta\n|-resisted|p2a: Zamazenta\n|-damage|p2a: Zamazenta|29/100 slp\n|\n|-heal|p1a: Jirachi|234/291|[from] item: Leftovers\n|upkeep\n|turn|24\n|inactive|Time left: 300 sec this turn | 300 sec total\n|\n|t:|1783554030\n|cant|p2a: Zamazenta|slp\n|move|p1a: Jirachi|Body Slam|p2a: Zamazenta\n|-resisted|p2a: Zamazenta\n|-damage|p2a: Zamazenta|20/100 slp\n|\n|-heal|p1a: Jirachi|252/291|[from] item: Leftovers\n|upkeep\n|turn|25\n|inactive|Time left: 300 sec this turn | 300 sec total\n|\n|t:|1783554032\n|-curestatus|p2a: Zamazenta|slp|[msg]\n|move|p2a: Zamazenta|Iron Defense|p2a: Zamazenta\n|-boost|p2a: Zamazenta|def|2\n|move|p1a: Jirachi|Body Slam|p2a: Zamazenta\n|-resisted|p2a: Zamazenta\n|-damage|p2a: Zamazenta|15/100\n|-status|p2a: Zamazenta|par\n|\n|-heal|p1a: Jirachi|270/291|[from] item: Leftovers\n|upkeep\n|turn|26\n|inactive|Time left: 300 sec this turn | 300 sec total\n|\n|t:|1783554033\n|move|p1a: Jirachi|Iron Head|p2a: Zamazenta\n|-resisted|p2a: Zamazenta\n|-damage|p2a: Zamazenta|8/100 par\n|cant|p2a: Zamazenta|flinch\n|\n|-heal|p1a: Jirachi|288/291|[from] item: Leftovers\n|upkeep\n|turn|27\n|inactive|Time left: 300 sec this turn | 300 sec total\n|\n|t:|1783554034\n|move|p1a: Jirachi|Iron Head|p2a: Zamazenta\n|-resisted|p2a: Zamazenta\n|-damage|p2a: Zamazenta|1/100 par\n|cant|p2a: Zamazenta|flinch\n|\n|-heal|p1a: Jirachi|291/291|[from] item: Leftovers\n|upkeep\n|turn|28\n|inactive|Time left: 300 sec this turn | 300 sec total\n|\n|t:|1783554035\n|move|p1a: Jirachi|Iron Head|p2a: Zamazenta\n|-resisted|p2a: Zamazenta\n|-damage|p2a: Zamazenta|0 fnt\n|faint|p2a: Zamazenta\n|\n|upkeep\n|\n|t:|1783554036\n|switch|p2a: Ninetales|Ninetales-Alola, L78, F|34/100\n|-weather|Snowscape|[from] ability: Snow Warning|[of] p2a: Ninetales\n|turn|29\n|inactive|Time left: 300 sec this turn | 300 sec total\n|\n|t:|1783554037\n|switch|p1a: Kyogre|Kyogre, L71|123/259\n|-weather|RainDance|[from] ability: Drizzle|[of] p1a: Kyogre\n|move|p2a: Ninetales|Aurora Veil||[still]\n|-fail|p2a: Ninetales\n|\n|-weather|RainDance|[upkeep]\n|upkeep\n|turn|30\n|inactive|Time left: 300 sec this turn | 300 sec total\n|\n|t:|1783554038\n|switch|p2a: Munkidori|Munkidori, L79, M|100/100\n|move|p1a: Kyogre|Origin Pulse|p2a: Munkidori\n|-damage|p2a: Munkidori|57/100\n|\n|-weather|RainDance|[upkeep]\n|upkeep\n|turn|31\n|inactive|Time left: 300 sec this turn | 300 sec total\n|\n|t:|1783554039\n|move|p1a: Kyogre|Origin Pulse|p2a: Munkidori\n|-damage|p2a: Munkidori|12/100\n|move|p2a: Munkidori|U-turn|p1a: Kyogre\n|-damage|p1a: Kyogre|83/259\n|\n|t:|1783554040\n|switch|p2a: Sylveon|Sylveon, L85, M|44/100|[from] U-turn\n|\n|-weather|RainDance|[upkeep]\n|-heal|p2a: Sylveon|50/100|[from] item: Leftovers\n|upkeep\n|turn|32\n|inactive|Time left: 300 sec this turn | 300 sec total\n|\n|t:|1783554041\n|move|p1a: Kyogre|Origin Pulse|p2a: Sylveon\n|-damage|p2a: Sylveon|2/100\n|move|p2a: Sylveon|Hyper Voice|p1a: Kyogre\n|-damage|p1a: Kyogre|0 fnt\n|faint|p1a: Kyogre\n|\n|-weather|RainDance|[upkeep]\n|-heal|p2a: Sylveon|8/100|[from] item: Leftovers\n|upkeep\n|inactive|Time left: 300 sec this turn | 300 sec total | 5 sec grace\n|\n|t:|1783554042\n|switch|p1a: Jirachi|Jirachi, L80|291/291\n|turn|33\n|inactive|Time left: 300 sec this turn | 300 sec total\n|\n|t:|1783554043\n|move|p1a: Jirachi|Iron Head|p2a: Sylveon\n|-supereffective|p2a: Sylveon\n|-damage|p2a: Sylveon|0 fnt\n|faint|p2a: Sylveon\n|\n|-weather|none\n|upkeep\n|\n|t:|1783554044\n|switch|p2a: Ninetales|Ninetales-Alola, L78, F|34/100\n|-weather|Snowscape|[from] ability: Snow Warning|[of] p2a: Ninetales\n|turn|34\n|inactive|Time left: 300 sec this turn | 300 sec total\n|\n|t:|1783554045\n|-terastallize|p2a: Ninetales|Steel\n|move|p2a: Ninetales|Aurora Veil|p2a: Ninetales\n|-sidestart|p2: p0y1282f74a|move: Aurora Veil\n|move|p1a: Jirachi|Iron Head|p2a: Ninetales\n|-resisted|p2a: Ninetales\n|-damage|p2a: Ninetales|23/100\n|\n|-weather|Snowscape|[upkeep]\n|upkeep\n|turn|35\n|inactive|Time left: 300 sec this turn | 300 sec total\n|\n|t:|1783554046\n|move|p2a: Ninetales|Blizzard|p1a: Jirachi\n|-resisted|p1a: Jirachi\n|-damage|p1a: Jirachi|245/291\n|move|p1a: Jirachi|Iron Head|p2a: Ninetales\n|-resisted|p2a: Ninetales\n|-damage|p2a: Ninetales|13/100\n|\n|-weather|Snowscape|[upkeep]\n|-heal|p1a: Jirachi|263/291|[from] item: Leftovers\n|upkeep\n|turn|36\n|inactive|Time left: 300 sec this turn | 300 sec total\n|\n|t:|1783554047\n|move|p2a: Ninetales|Freeze-Dry|p1a: Jirachi\n|-resisted|p1a: Jirachi\n|-damage|p1a: Jirachi|234/291\n|move|p1a: Jirachi|Body Slam|p2a: Ninetales\n|-resisted|p2a: Ninetales\n|-damage|p2a: Ninetales|6/100\n|-status|p2a: Ninetales|par\n|\n|-weather|Snowscape|[upkeep]\n|-heal|p1a: Jirachi|252/291|[from] item: Leftovers\n|upkeep\n|turn|37\n|inactive|Time left: 300 sec this turn | 300 sec total\n|\n|t:|1783554048\n|move|p1a: Jirachi|Body Slam|p2a: Ninetales\n|-resisted|p2a: Ninetales\n|-damage|p2a: Ninetales|0 fnt\n|faint|p2a: Ninetales\n|\n|-weather|Snowscape|[upkeep]\n|-heal|p1a: Jirachi|270/291|[from] item: Leftovers\n|upkeep\n|\n|t:|1783554049\n|switch|p2a: Munkidori|Munkidori, L79, M|12/100\n|turn|38\n|inactive|Time left: 300 sec this turn | 300 sec total\n|\n|t:|1783554050\n|move|p2a: Munkidori|Fake Out|p1a: Jirachi\n|-resisted|p1a: Jirachi\n|-damage|p1a: Jirachi|260/291\n|cant|p1a: Jirachi|flinch\n|\n|-weather|none\n|-heal|p1a: Jirachi|278/291|[from] item: Leftovers\n|upkeep\n|turn|39\n|inactive|Time left: 300 sec this turn | 300 sec total\n|\n|t:|1783554051\n|-terastallize|p1a: Jirachi|Water\n|move|p2a: Munkidori|Sludge Wave|p1a: Jirachi\n|-damage|p1a: Jirachi|175/291\n|move|p1a: Jirachi|Iron Head|p2a: Munkidori\n|-damage|p2a: Munkidori|0 fnt\n|faint|p2a: Munkidori\n|\n|win|p0x1282fe17", "uploadtime": 1783554051, "views": 0, "rating": 0, "private": 0, "password": null, "_winner": "p0x1282fe17", "_our_name": "p0x1282fe17"}