{"id": "battle-gen9randombattle-909", "formatid": "gen9randombattle", "format": "[Gen 9] Random Battle", "players": ["p0x909bec4", "p0y90971da"], "log": "|init|battle\n|title|p0x909bec4 vs. p0y90971da\n|j|\u2606p0x909bec4\n|j|\u2606p0y90971da\n|t:|1783549703\n|gametype|singles\n|player|p1|p0x909bec4|1|\n|player|p2|p0y90971da|102|\n|gen|9\n|tier|[Gen 9] Random Battle\n|rule|Species Clause: Limit one of each Pok\u00e9mon\n|rule|HP Percentage Mod: HP is shown in percentages\n|rule|Sleep Clause Mod: Limit one foe put to sleep\n|rule|Illusion Level Mod: Illusion disguises the Pok\u00e9mon's true level\n|\n|t:|1783549703\n|teamsize|p1|6\n|teamsize|p2|6\n|start\n|switch|p1a: Raichu|Raichu-Alola, L87, M|246/246\n|switch|p2a: Luvdisc|Luvdisc, F|100/100\n|turn|1\n|inactive|Battle timer is ON: inactive players will automatically lose when time's up. (requested by p0y90971da)\n|inactive|Time left: 300 sec this turn | 300 sec total | 60 sec grace\n|\n|t:|1783549704\n|move|p2a: Luvdisc|Flip Turn|p1a: Raichu\n|-damage|p1a: Raichu|185/246\n|inactive|p0x909bec4 also wants the timer to be on.\n|\n|t:|1783549705\n|switch|p2a: Magearna|Magearna, L77|100/100|[from] Flip Turn\n|move|p1a: Raichu|Nasty Plot|p1a: Raichu\n|-boost|p1a: Raichu|spa|2\n|\n|upkeep\n|turn|2\n|inactive|Time left: 300 sec this turn | 300 sec total\n|\n|t:|1783549707\n|move|p1a: Raichu|Thunderbolt|p2a: Magearna\n|-damage|p2a: Magearna|14/100\n|-damage|p1a: Raichu|161/246|[from] item: Life Orb\n|move|p2a: Magearna|Fleur Cannon|p1a: Raichu\n|-damage|p1a: Raichu|5/246\n|-unboost|p2a: Magearna|spa|2\n|\n|-heal|p2a: Magearna|20/100|[from] item: Leftovers\n|upkeep\n|turn|3\n|inactive|Time left: 300 sec this turn | 300 sec total\n|\n|t:|1783549708\n|move|p1a: Raichu|Psyshock|p2a: Magearna\n|-resisted|p2a: Magearna\n|-damage|p2a: Magearna|0 fnt\n|faint|p2a: Magearna\n|-damage|p1a: Raichu|0 fnt|[from] item: Life Orb\n|faint|p1a: Raichu\n|\n|upkeep\n|inactive|Time left: 300 sec this turn | 300 sec total | 5 sec grace\n|\n|t:|1783549709\n|switch|p1a: Leafeon|Leafeon, L88, M|258/258\n|switch|p2a: Golurk|Golurk, L87|100/100\n|turn|4\n|inactive|Time left: 300 sec this turn | 300 sec total\n|\n|t:|1783549710\n|switch|p2a: Vespiquen|Vespiquen, L99, F|100/100\n|-ability|p2a: Vespiquen|Pressure\n|move|p1a: Leafeon|Leaf Blade|p2a: Vespiquen\n|-resisted|p2a: Vespiquen\n|-damage|p2a: Vespiquen|93/100\n|\n|upkeep\n|turn|5\n|inactive|Time left: 300 sec this turn | 300 sec total\n|\n|t:|1783549711\n|move|p1a: Leafeon|Substitute|p1a: Leafeon\n|-start|p1a: Leafeon|Substitute\n|-damage|p1a: Leafeon|194/258\n|move|p2a: Vespiquen|Hurricane|p1a: Leafeon|[miss]\n|-miss|p2a: Vespiquen|p1a: Leafeon\n|\n|-heal|p1a: Leafeon|210/258|[from] item: Leftovers\n|upkeep\n|turn|6\n|inactive|Time left: 300 sec this turn | 300 sec total\n|\n|t:|1783549712\n|move|p1a: Leafeon|Swords Dance|p1a: Leafeon\n|-boost|p1a: Leafeon|atk|2\n|move|p2a: Vespiquen|Hurricane|p1a: Leafeon\n|-supereffective|p1a: Leafeon\n|-end|p1a: Leafeon|Substitute\n|\n|-heal|p1a: Leafeon|226/258|[from] item: Leftovers\n|upkeep\n|turn|7\n|inactive|Time left: 300 sec this turn | 300 sec total\n|\n|t:|1783549713\n|-terastallize|p1a: Leafeon|Dark\n|move|p1a: Leafeon|Knock Off|p2a: Vespiquen\n|-damage|p2a: Vespiquen|27/100\n|-enditem|p2a: Vespiquen|Heavy-Duty Boots|[from] move: Knock Off|[of] p1a: Leafeon\n|move|p2a: Vespiquen|Hurricane|p1a: Leafeon\n|-damage|p1a: Leafeon|58/258\n|\n|-heal|p1a: Leafeon|74/258|[from] item: Leftovers\n|upkeep\n|turn|8\n|inactive|Time left: 300 sec this turn | 300 sec total\n|\n|t:|1783549714\n|move|p1a: Leafeon|Knock Off|p2a: Vespiquen\n|-damage|p2a: Vespiquen|0 fnt\n|faint|p2a: Vespiquen\n|\n|-heal|p1a: Leafeon|90/258|[from] item: Leftovers\n|upkeep\n|\n|t:|1783549715\n|switch|p2a: Iron Hands|Iron Hands, L79|100/100\n|turn|9\n|inactive|Time left: 300 sec this turn | 300 sec total\n|\n|t:|1783549716\n|move|p1a: Leafeon|Leaf Blade|p2a: Iron Hands\n|-damage|p2a: Iron Hands|47/100\n|move|p2a: Iron Hands|Drain Punch|p1a: Leafeon\n|-supereffective|p1a: Leafeon\n|-damage|p1a: Leafeon|0 fnt\n|-heal|p2a: Iron Hands|59/100|[from] drain|[of] p1a: Leafeon\n|faint|p1a: Leafeon\n|\n|upkeep\n|inactive|Time left: 300 sec this turn | 300 sec total | 5 sec grace\n|\n|t:|1783549717\n|switch|p1a: Great Tusk|Great Tusk, L77|304/304\n|turn|10\n|inactive|Time left: 300 sec this turn | 300 sec total\n|\n|t:|1783549718\n|-end|p2a: Iron Hands|Quark Drive|[silent]\n|switch|p2a: Ludicolo|Ludicolo, L90, F|100/100\n|move|p1a: Great Tusk|Headlong Rush|p2a: Ludicolo\n|-resisted|p2a: Ludicolo\n|-damage|p2a: Ludicolo|77/100\n|-unboost|p1a: Great Tusk|def|1\n|-unboost|p1a: Great Tusk|spd|1\n|\n|upkeep\n|turn|11\n|inactive|Time left: 300 sec this turn | 300 sec total\n|\n|t:|1783549719\n|-end|p1a: Great Tusk|Protosynthesis|[silent]\n|switch|p1a: Kommo-o|Kommo-o, L77, M|242/242\n|move|p2a: Ludicolo|Hydro Pump|p1a: Kommo-o\n|-resisted|p1a: Kommo-o\n|-damage|p1a: Kommo-o|158/242\n|\n|upkeep\n|turn|12\n|inactive|Time left: 300 sec this turn | 300 sec total\n|\n|t:|1783549720\n|move|p2a: Ludicolo|Hydro Pump|p1a: Kommo-o\n|-resisted|p1a: Kommo-o\n|-damage|p1a: Kommo-o|75/242\n|move|p1a: Kommo-o|Scale Shot|p2a: Ludicolo\n|-damage|p2a: Ludicolo|67/100\n|-damage|p2a: Ludicolo|56/100\n|-damage|p2a: Ludicolo|47/100\n|-damage|p2a: Ludicolo|37/100\n|-damage|p2a: Ludicolo|27/100\n|-hitcount|p2a: Ludicolo|5\n|-unboost|p1a: Kommo-o|def|1\n|-boost|p1a: Kommo-o|spe|1\n|\n|upkeep\n|turn|13\n|inactive|Time left: 300 sec this turn | 300 sec total\n|\n|t:|1783549721\n|switch|p2a: Golurk|Golurk, L87|100/100\n|move|p1a: Kommo-o|Scale Shot|p2a: Golurk\n|-damage|p2a: Golurk|92/100\n|-damage|p2a: Golurk|84/100\n|-damage|p2a: Golurk|74/100\n|-damage|p2a: Golurk|66/100\n|-damage|p2a: Golurk|56/100\n|-hitcount|p2a: Golurk|5\n|-unboost|p1a: Kommo-o|def|1\n|-boost|p1a: Kommo-o|spe|1\n|\n|upkeep\n|turn|14\n|inactive|Time left: 300 sec this turn | 300 sec total\n|\n|t:|1783549722\n|move|p1a: Kommo-o|Scale Shot|p2a: Golurk\n|-damage|p2a: Golurk|48/100\n|-damage|p2a: Golurk|39/100\n|-damage|p2a: Golurk|30/100\n|-damage|p2a: Golurk|21/100\n|-damage|p2a: Golurk|13/100\n|-hitcount|p2a: Golurk|5\n|-unboost|p1a: Kommo-o|def|1\n|-boost|p1a: Kommo-o|spe|1\n|move|p2a: Golurk|Dynamic Punch|p1a: Kommo-o\n|-damage|p1a: Kommo-o|0 fnt\n|faint|p1a: Kommo-o\n|-damage|p2a: Golurk|3/100|[from] item: Life Orb\n|\n|upkeep\n|inactive|Time left: 300 sec this turn | 300 sec total | 5 sec grace\n|\n|t:|1783549723\n|switch|p1a: Dachsbun|Dachsbun, L92, F|254/254\n|turn|15\n|inactive|Time left: 300 sec this turn | 300 sec total\n|\n|t:|1783549724\n|move|p1a: Dachsbun|Play Rough|p2a: Golurk\n|-damage|p2a: Golurk|0 fnt\n|faint|p2a: Golurk\n|\n|upkeep\n|\n|t:|1783549725\n|switch|p2a: Iron Hands|Iron Hands, L79|59/100\n|turn|16\n|inactive|Time left: 300 sec this turn | 300 sec total\n|\n|t:|1783549726\n|move|p1a: Dachsbun|Play Rough|p2a: Iron Hands\n|-supereffective|p2a: Iron Hands\n|-damage|p2a: Iron Hands|10/100\n|move|p2a: Iron Hands|Heavy Slam|p1a: Dachsbun\n|-supereffective|p1a: Dachsbun\n|-damage|p1a: Dachsbun|102/254\n|\n|-heal|p1a: Dachsbun|117/254|[from] item: Leftovers\n|upkeep\n|turn|17\n|inactive|Time left: 300 sec this turn | 300 sec total\n|\n|t:|1783549727\n|move|p1a: Dachsbun|Body Press|p2a: Iron Hands\n|-damage|p2a: Iron Hands|0 fnt\n|faint|p2a: Iron Hands\n|-end|p2a: Iron Hands|Quark Drive|[silent]\n|\n|-heal|p1a: Dachsbun|132/254|[from] item: Leftovers\n|upkeep\n|\n|t:|1783549728\n|switch|p2a: Luvdisc|Luvdisc, F|100/100\n|turn|18\n|inactive|Time left: 300 sec this turn | 300 sec total\n|\n|t:|1783549729\n|move|p2a: Luvdisc|Surf|p1a: Dachsbun\n|-damage|p1a: Dachsbun|53/254\n|move|p1a: Dachsbun|Body Press|p2a: Luvdisc\n|-damage|p2a: Luvdisc|62/100\n|\n|-heal|p1a: Dachsbun|68/254|[from] item: Leftovers\n|upkeep\n|turn|19\n|inactive|Time left: 300 sec this turn | 300 sec total\n|\n|t:|1783549730\n|move|p1a: Dachsbun|Protect|p1a: Dachsbun\n|-singleturn|p1a: Dachsbun|Protect\n|move|p2a: Luvdisc|Surf|p1a: Dachsbun\n|-activate|p1a: Dachsbun|move: Protect\n|\n|-heal|p1a: Dachsbun|83/254|[from] item: Leftovers\n|upkeep\n|turn|20\n|inactive|Time left: 300 sec this turn | 300 sec total\n|\n|t:|1783549731\n|move|p2a: Luvdisc|Surf|p1a: Dachsbun\n|-damage|p1a: Dachsbun|16/254\n|move|p1a: Dachsbun|Wish|p1a: Dachsbun\n|\n|-heal|p1a: Dachsbun|31/254|[from] item: Leftovers\n|upkeep\n|turn|21\n|inactive|Time left: 300 sec this turn | 300 sec total\n|\n|t:|1783549733\n|move|p1a: Dachsbun|Protect|p1a: Dachsbun\n|-singleturn|p1a: Dachsbun|Protect\n|move|p2a: Luvdisc|Surf|p1a: Dachsbun\n|-activate|p1a: Dachsbun|move: Protect\n|\n|-heal|p1a: Dachsbun|158/254|[from] move: Wish|[wisher] Dachsbun\n|-heal|p1a: Dachsbun|173/254|[from] item: Leftovers\n|upkeep\n|turn|22\n|inactive|Time left: 300 sec this turn | 300 sec total\n|\n|t:|1783549734\n|move|p2a: Luvdisc|Substitute|p2a: Luvdisc\n|-start|p2a: Luvdisc|Substitute\n|-damage|p2a: Luvdisc|38/100\n|move|p1a: Dachsbun|Play Rough|p2a: Luvdisc|[miss]\n|-miss|p1a: Dachsbun|p2a: Luvdisc\n|\n|-heal|p1a: Dachsbun|188/254|[from] item: Leftovers\n|upkeep\n|turn|23\n|inactive|Time left: 300 sec this turn | 300 sec total\n|\n|t:|1783549735\n|move|p2a: Luvdisc|Surf|p1a: Dachsbun\n|-damage|p1a: Dachsbun|115/254\n|move|p1a: Dachsbun|Body Press|p2a: Luvdisc\n|-end|p2a: Luvdisc|Substitute\n|\n|-heal|p1a: Dachsbun|130/254|[from] item: Leftovers\n|upkeep\n|turn|24\n|inactive|Time left: 300 sec this turn | 300 sec total\n|\n|t:|1783549736\n|move|p2a: Luvdisc|Substitute|p2a: Luvdisc\n|-start|p2a: Luvdisc|Substitute\n|-damage|p2a: Luvdisc|13/100\n|move|p1a: Dachsbun|Play Rough|p2a: Luvdisc\n|-end|p2a: Luvdisc|Substitute\n|\n|-heal|p1a: Dachsbun|145/254|[from] item: Leftovers\n|upkeep\n|turn|25\n|inactive|Time left: 300 sec this turn | 300 sec total\n|\n|t:|1783549737\n|-terastallize|p2a: Luvdisc|Ground\n|move|p2a: Luvdisc|Substitute|p2a: Luvdisc\n|-fail|p2a: Luvdisc|move: Substitute|[weak]\n|move|p1a: Dachsbun|Body Press|p2a: Luvdisc\n|-damage|p2a: Luvdisc|0 fnt\n|faint|p2a: Luvdisc\n|\n|-heal|p1a: Dachsbun|160/254|[from] item: Leftovers\n|upkeep\n|\n|t:|1783549738\n|switch|p2a: Ludicolo|Ludicolo, L90, F|27/100\n|turn|26\n|inactive|Time left: 300 sec this turn | 300 sec total\n|\n|t:|1783549739\n|move|p1a: Dachsbun|Body Press|p2a: Ludicolo\n|-damage|p2a: Ludicolo|0 fnt\n|faint|p2a: Ludicolo\n|\n|win|p0x909bec4", "uploadtime": 1783549739, "views": 0, "rating": 0, "private": 0, "password": null, "_winner": "p0x909bec4", "_our_name": "p0x909bec4"}