{"id": "battle-gen9randombattle-976", "formatid": "gen9randombattle", "format": "[Gen 9] Random Battle", "players": ["p0x9767f30", "p0y976265c"], "log": "|init|battle\n|title|p0x9767f30 vs. p0y976265c\n|j|\u2606p0x9767f30\n|j|\u2606p0y976265c\n|t:|1783551215\n|gametype|singles\n|player|p1|p0x9767f30|266|\n|player|p2|p0y976265c|169|\n|gen|9\n|tier|[Gen 9] Random Battle\n|rule|Species Clause: Limit one of each Pok\u00e9mon\n|rule|HP Percentage Mod: HP is shown in percentages\n|rule|Sleep Clause Mod: Limit one foe put to sleep\n|rule|Illusion Level Mod: Illusion disguises the Pok\u00e9mon's true level\n|\n|t:|1783551215\n|teamsize|p1|6\n|teamsize|p2|6\n|start\n|switch|p1a: Zangoose|Zangoose, L85, M|100/100\n|switch|p2a: Ditto|Ditto, L87|225/225\n|-transform|p2a: Ditto|p1a: Zangoose|[from] ability: Imposter\n|turn|1\n|inactive|Battle timer is ON: inactive players will automatically lose when time's up. (requested by p0x9767f30)\n|inactive|Time left: 300 sec this turn | 300 sec total | 60 sec grace\n|inactive|p0y976265c also wants the timer to be on.\n|\n|t:|1783551216\n|switch|p2a: Zacian|Zacian-Crowned, L64|225/225\n|-ability|p2a: Zacian|Intrepid Sword|boost\n|-boost|p2a: Zacian|atk|1\n|move|p1a: Zangoose|Knock Off|p2a: Zacian\n|-resisted|p2a: Zacian\n|-damage|p2a: Zacian|196/225\n|\n|-status|p1a: Zangoose|tox|[from] item: Toxic Orb\n|upkeep\n|turn|2\n|inactive|Time left: 300 sec this turn | 300 sec total\n|\n|t:|1783551218\n|switch|p1a: Clodsire|Clodsire, L81, F|100/100\n|move|p2a: Zacian|Behemoth Blade|p1a: Clodsire\n|-damage|p1a: Clodsire|64/100\n|\n|-heal|p1a: Clodsire|70/100|[from] item: Leftovers\n|upkeep\n|turn|3\n|inactive|Time left: 300 sec this turn | 300 sec total\n|\n|t:|1783551219\n|move|p2a: Zacian|Behemoth Blade|p1a: Clodsire\n|-damage|p1a: Clodsire|33/100\n|move|p1a: Clodsire|Earthquake|p2a: Zacian\n|-supereffective|p2a: Zacian\n|-damage|p2a: Zacian|22/225\n|\n|-heal|p1a: Clodsire|39/100|[from] item: Leftovers\n|upkeep\n|turn|4\n|inactive|Time left: 300 sec this turn | 300 sec total\n|\n|t:|1783551220\n|move|p2a: Zacian|Behemoth Blade|p1a: Clodsire\n|-damage|p1a: Clodsire|2/100\n|move|p1a: Clodsire|Recover|p1a: Clodsire\n|-heal|p1a: Clodsire|52/100\n|\n|-heal|p1a: Clodsire|58/100|[from] item: Leftovers\n|upkeep\n|turn|5\n|inactive|Time left: 300 sec this turn | 300 sec total\n|\n|t:|1783551222\n|move|p2a: Zacian|Behemoth Blade|p1a: Clodsire\n|-damage|p1a: Clodsire|26/100\n|move|p1a: Clodsire|Earthquake|p2a: Zacian\n|-supereffective|p2a: Zacian\n|-damage|p2a: Zacian|0 fnt\n|faint|p2a: Zacian\n|\n|-heal|p1a: Clodsire|32/100|[from] item: Leftovers\n|upkeep\n|inactive|Time left: 300 sec this turn | 300 sec total | 5 sec grace\n|\n|t:|1783551223\n|switch|p2a: Infernape|Infernape, L82, M|259/259\n|turn|6\n|inactive|Time left: 300 sec this turn | 300 sec total\n|\n|t:|1783551224\n|move|p2a: Infernape|Knock Off|p1a: Clodsire\n|-damage|p1a: Clodsire|0 fnt\n|-enditem|p1a: Clodsire|Leftovers|[from] move: Knock Off|[of] p2a: Infernape\n|faint|p1a: Clodsire\n|-damage|p2a: Infernape|234/259|[from] item: Life Orb\n|\n|upkeep\n|\n|t:|1783551226\n|switch|p1a: Oricorio|Oricorio-Sensu, L85, M|100/100\n|turn|7\n|inactive|Time left: 300 sec this turn | 300 sec total\n|\n|t:|1783551227\n|move|p2a: Infernape|Knock Off|p1a: Oricorio\n|-supereffective|p1a: Oricorio\n|-damage|p1a: Oricorio|16/100\n|-enditem|p1a: Oricorio|Heavy-Duty Boots|[from] move: Knock Off|[of] p2a: Infernape\n|-damage|p2a: Infernape|209/259|[from] item: Life Orb\n|move|p1a: Oricorio|Quiver Dance|p1a: Oricorio\n|-boost|p1a: Oricorio|spa|1\n|-boost|p1a: Oricorio|spd|1\n|-boost|p1a: Oricorio|spe|1\n|\n|upkeep\n|turn|8\n|inactive|Time left: 300 sec this turn | 300 sec total\n|\n|t:|1783551228\n|move|p1a: Oricorio|Hurricane|p2a: Infernape|[miss]\n|-miss|p1a: Oricorio|p2a: Infernape\n|move|p2a: Infernape|Flare Blitz|p1a: Oricorio\n|-damage|p1a: Oricorio|0 fnt\n|faint|p1a: Oricorio\n|-damage|p2a: Infernape|195/259|[from] Recoil\n|-damage|p2a: Infernape|170/259|[from] item: Life Orb\n|\n|upkeep\n|\n|t:|1783551229\n|switch|p1a: Great Tusk|Great Tusk, L77|100/100\n|turn|9\n|inactive|Time left: 300 sec this turn | 300 sec total\n|\n|t:|1783551230\n|switch|p2a: Inteleon|Inteleon, L81, M|246/246\n|move|p1a: Great Tusk|Headlong Rush|p2a: Inteleon\n|-damage|p2a: Inteleon|66/246\n|-unboost|p1a: Great Tusk|def|1\n|-unboost|p1a: Great Tusk|spd|1\n|\n|upkeep\n|turn|10\n|inactive|Time left: 300 sec this turn | 300 sec total\n|\n|t:|1783551231\n|-end|p1a: Great Tusk|Protosynthesis|[silent]\n|switch|p1a: Tinkaton|Tinkaton, L82, F|100/100\n|-ability|p1a: Tinkaton|Mold Breaker\n|move|p2a: Inteleon|Scald|p1a: Tinkaton\n|-crit|p1a: Tinkaton\n|-damage|p1a: Tinkaton|0 fnt\n|faint|p1a: Tinkaton\n|\n|upkeep\n|\n|t:|1783551232\n|switch|p1a: Zangoose|Zangoose, L85, M|100/100 tox\n|turn|11\n|inactive|Time left: 300 sec this turn | 300 sec total\n|\n|t:|1783551233\n|move|p1a: Zangoose|Quick Attack|p2a: Inteleon\n|-damage|p2a: Inteleon|0 fnt\n|faint|p2a: Inteleon\n|\n|-damage|p1a: Zangoose|94/100 tox|[from] psn\n|upkeep\n|inactive|Time left: 300 sec this turn | 300 sec total | 5 sec grace\n|\n|t:|1783551234\n|switch|p2a: Infernape|Infernape, L82, M|170/259\n|turn|12\n|inactive|Time left: 300 sec this turn | 300 sec total\n|\n|t:|1783551235\n|switch|p1a: Great Tusk|Great Tusk, L77|100/100\n|move|p2a: Infernape|Close Combat|p1a: Great Tusk\n|-damage|p1a: Great Tusk|56/100\n|-unboost|p2a: Infernape|def|1\n|-unboost|p2a: Infernape|spd|1\n|-damage|p2a: Infernape|145/259|[from] item: Life Orb\n|\n|upkeep\n|turn|13\n|inactive|Time left: 300 sec this turn | 300 sec total\n|\n|t:|1783551237\n|-terastallize|p2a: Infernape|Fire\n|move|p2a: Infernape|Flare Blitz|p1a: Great Tusk\n|-damage|p1a: Great Tusk|3/100\n|-damage|p2a: Infernape|92/259|[from] Recoil\n|-damage|p2a: Infernape|67/259|[from] item: Life Orb\n|move|p1a: Great Tusk|Rapid Spin|p2a: Infernape\n|-damage|p2a: Infernape|5/259\n|-boost|p1a: Great Tusk|spe|1\n|\n|upkeep\n|turn|14\n|inactive|Time left: 300 sec this turn | 300 sec total\n|\n|t:|1783551238\n|move|p1a: Great Tusk|Rapid Spin|p2a: Infernape\n|-damage|p2a: Infernape|0 fnt\n|-boost|p1a: Great Tusk|spe|1\n|faint|p2a: Infernape\n|\n|upkeep\n|inactive|Time left: 300 sec this turn | 300 sec total | 5 sec grace\n|\n|t:|1783551239\n|switch|p2a: Dragapult|Dragapult, L77, F|262/262\n|turn|15\n|inactive|Time left: 300 sec this turn | 300 sec total\n|\n|t:|1783551240\n|move|p1a: Great Tusk|Headlong Rush|p2a: Dragapult\n|-damage|p2a: Dragapult|82/262\n|-unboost|p1a: Great Tusk|def|1\n|-unboost|p1a: Great Tusk|spd|1\n|move|p2a: Dragapult|U-turn|p1a: Great Tusk\n|-resisted|p1a: Great Tusk\n|-damage|p1a: Great Tusk|0 fnt\n|faint|p1a: Great Tusk\n|-end|p1a: Great Tusk|Protosynthesis|[silent]\n|inactive|Time left: 300 sec this turn | 300 sec total | 5 sec grace\n|\n|t:|1783551241\n|switch|p2a: Bastiodon|Bastiodon, L89, F|252/252|[from] U-turn\n|\n|upkeep\n|\n|t:|1783551242\n|switch|p1a: Klefki|Klefki, L84, M|100/100\n|turn|16\n|inactive|Time left: 300 sec this turn | 300 sec total\n|\n|t:|1783551243\n|move|p1a: Klefki|Thunder Wave|p2a: Bastiodon\n|-status|p2a: Bastiodon|par\n|move|p2a: Bastiodon|Iron Defense|p2a: Bastiodon\n|-boost|p2a: Bastiodon|def|2\n|\n|upkeep\n|turn|17\n|inactive|Time left: 300 sec this turn | 300 sec total\n|\n|t:|1783551244\n|move|p1a: Klefki|Spikes|p2a: Bastiodon\n|-sidestart|p2: p0y976265c|Spikes\n|move|p2a: Bastiodon|Body Press|p1a: Klefki\n|-damage|p1a: Klefki|23/100\n|\n|-heal|p1a: Klefki|29/100|[from] item: Leftovers\n|upkeep\n|turn|18\n|inactive|Time left: 300 sec this turn | 300 sec total\n|\n|t:|1783551245\n|move|p1a: Klefki|Spikes|p2a: Bastiodon\n|-sidestart|p2: p0y976265c|Spikes\n|move|p2a: Bastiodon|Body Press|p1a: Klefki\n|-damage|p1a: Klefki|0 fnt\n|faint|p1a: Klefki\n|\n|upkeep\n|\n|t:|1783551245\n|switch|p1a: Zangoose|Zangoose, L85, M|94/100 tox\n|turn|19\n|inactive|Time left: 300 sec this turn | 300 sec total\n|\n|t:|1783551246\n|move|p1a: Zangoose|Knock Off|p2a: Bastiodon\n|-damage|p2a: Bastiodon|217/252 par\n|-enditem|p2a: Bastiodon|Chesto Berry|[from] move: Knock Off|[of] p1a: Zangoose\n|move|p2a: Bastiodon|Body Press|p1a: Zangoose\n|-supereffective|p1a: Zangoose\n|-damage|p1a: Zangoose|0 fnt\n|faint|p1a: Zangoose\n|\n|win|p0y976265c", "uploadtime": 1783551246, "views": 0, "rating": 0, "private": 0, "password": null, "_winner": "p0y976265c", "_our_name": "p0y976265c"}