{"id": "battle-gen9randombattle-1185", "formatid": "gen9randombattle", "format": "[Gen 9] Random Battle", "players": ["p0x118594ba", "p0y11850cc7"], "log": "|init|battle\n|title|p0x118594ba vs. p0y11850cc7\n|j|\u2606p0x118594ba\n|j|\u2606p0y11850cc7\n|t:|1783552840\n|gametype|singles\n|player|p1|p0x118594ba|266|\n|player|p2|p0y11850cc7|265|\n|gen|9\n|tier|[Gen 9] Random Battle\n|rule|Species Clause: Limit one of each Pok\u00e9mon\n|rule|HP Percentage Mod: HP is shown in percentages\n|rule|Sleep Clause Mod: Limit one foe put to sleep\n|rule|Illusion Level Mod: Illusion disguises the Pok\u00e9mon's true level\n|\n|t:|1783552840\n|teamsize|p1|6\n|teamsize|p2|6\n|start\n|switch|p1a: Wugtrio|Wugtrio, L91, M|212/212\n|switch|p2a: Grumpig|Grumpig, L92, M|100/100\n|turn|1\n|inactive|Battle timer is ON: inactive players will automatically lose when time's up. (requested by p0x118594ba)\n|inactive|p0y11850cc7 also wants the timer to be on.\n|\n|t:|1783552842\n|move|p1a: Wugtrio|Liquidation|p2a: Grumpig\n|-damage|p2a: Grumpig|37/100\n|move|p2a: Grumpig|Psyshock|p1a: Wugtrio\n|-damage|p1a: Wugtrio|83/212\n|\n|-heal|p2a: Grumpig|43/100|[from] item: Leftovers\n|upkeep\n|turn|2\n|inactive|Time left: 300 sec this turn | 300 sec total\n|\n|t:|1783552843\n|switch|p2a: Arceus|Arceus-Water, L71|100/100\n|move|p1a: Wugtrio|Liquidation|p2a: Arceus\n|-resisted|p2a: Arceus\n|-damage|p2a: Arceus|74/100\n|\n|upkeep\n|turn|3\n|inactive|Time left: 300 sec this turn | 300 sec total\n|\n|t:|1783552845\n|move|p1a: Wugtrio|Liquidation|p2a: Arceus\n|-resisted|p2a: Arceus\n|-damage|p2a: Arceus|48/100\n|move|p2a: Arceus|Will-O-Wisp|p1a: Wugtrio\n|-status|p1a: Wugtrio|brn\n|\n|-damage|p1a: Wugtrio|70/212 brn|[from] brn\n|upkeep\n|turn|4\n|inactive|Time left: 300 sec this turn | 300 sec total\n|\n|t:|1783552846\n|move|p1a: Wugtrio|Liquidation|p2a: Arceus\n|-resisted|p2a: Arceus\n|-damage|p2a: Arceus|36/100\n|-unboost|p2a: Arceus|def|1\n|move|p2a: Arceus|Recover|p2a: Arceus\n|-heal|p2a: Arceus|86/100\n|\n|-damage|p1a: Wugtrio|57/212 brn|[from] brn\n|upkeep\n|turn|5\n|inactive|Time left: 300 sec this turn | 300 sec total\n|\n|t:|1783552847\n|move|p1a: Wugtrio|Liquidation|p2a: Arceus\n|-resisted|p2a: Arceus\n|-damage|p2a: Arceus|65/100\n|move|p2a: Arceus|Calm Mind|p2a: Arceus\n|-boost|p2a: Arceus|spa|1\n|-boost|p2a: Arceus|spd|1\n|\n|-damage|p1a: Wugtrio|44/212 brn|[from] brn\n|upkeep\n|turn|6\n|inactive|Time left: 300 sec this turn | 300 sec total\n|\n|t:|1783552848\n|move|p1a: Wugtrio|Liquidation|p2a: Arceus\n|-resisted|p2a: Arceus\n|-damage|p2a: Arceus|46/100\n|move|p2a: Arceus|Judgment|p1a: Wugtrio\n|-resisted|p1a: Wugtrio\n|-damage|p1a: Wugtrio|0 fnt\n|faint|p1a: Wugtrio\n|\n|upkeep\n|inactive|Time left: 300 sec this turn | 300 sec total | 5 sec grace\n|\n|t:|1783552849\n|switch|p1a: Brute Bonnet|Brute Bonnet, L80|309/309\n|turn|7\n|inactive|Time left: 300 sec this turn | 300 sec total\n|\n|t:|1783552850\n|move|p2a: Arceus|Will-O-Wisp|p1a: Brute Bonnet\n|-status|p1a: Brute Bonnet|brn\n|move|p1a: Brute Bonnet|Crunch|p2a: Arceus\n|-damage|p2a: Arceus|23/100\n|\n|-damage|p1a: Brute Bonnet|290/309 brn|[from] brn\n|upkeep\n|turn|8\n|inactive|Time left: 300 sec this turn | 300 sec total\n|\n|t:|1783552851\n|move|p2a: Arceus|Recover|p2a: Arceus\n|-heal|p2a: Arceus|73/100\n|move|p1a: Brute Bonnet|Spore|p2a: Arceus\n|-status|p2a: Arceus|slp|[from] move: Spore\n|\n|-heal|p1a: Brute Bonnet|309/309 brn|[from] item: Leftovers\n|-damage|p1a: Brute Bonnet|290/309 brn|[from] brn\n|upkeep\n|turn|9\n|inactive|Time left: 300 sec this turn | 300 sec total\n|\n|t:|1783552852\n|cant|p2a: Arceus|slp\n|move|p1a: Brute Bonnet|Crunch|p2a: Arceus\n|-damage|p2a: Arceus|50/100 slp\n|\n|-heal|p1a: Brute Bonnet|309/309 brn|[from] item: Leftovers\n|-damage|p1a: Brute Bonnet|290/309 brn|[from] brn\n|upkeep\n|turn|10\n|inactive|Time left: 300 sec this turn | 300 sec total\n|\n|t:|1783552853\n|cant|p2a: Arceus|slp\n|move|p1a: Brute Bonnet|Crunch|p2a: Arceus\n|-damage|p2a: Arceus|28/100 slp\n|\n|-heal|p1a: Brute Bonnet|309/309 brn|[from] item: Leftovers\n|-damage|p1a: Brute Bonnet|290/309 brn|[from] brn\n|upkeep\n|turn|11\n|inactive|Time left: 300 sec this turn | 300 sec total\n|\n|t:|1783552854\n|-curestatus|p2a: Arceus|slp|[msg]\n|move|p2a: Arceus|Recover|p2a: Arceus\n|-heal|p2a: Arceus|78/100\n|move|p1a: Brute Bonnet|Crunch|p2a: Arceus\n|-damage|p2a: Arceus|56/100\n|\n|-heal|p1a: Brute Bonnet|309/309 brn|[from] item: Leftovers\n|-damage|p1a: Brute Bonnet|290/309 brn|[from] brn\n|upkeep\n|turn|12\n|inactive|Time left: 300 sec this turn | 300 sec total\n|\n|t:|1783552855\n|move|p2a: Arceus|Recover|p2a: Arceus\n|-heal|p2a: Arceus|100/100\n|move|p1a: Brute Bonnet|Spore|p2a: Arceus\n|-status|p2a: Arceus|slp|[from] move: Spore\n|\n|-heal|p1a: Brute Bonnet|309/309 brn|[from] item: Leftovers\n|-damage|p1a: Brute Bonnet|290/309 brn|[from] brn\n|upkeep\n|turn|13\n|inactive|Time left: 300 sec this turn | 300 sec total\n|\n|t:|1783552855\n|switch|p2a: Grimmsnarl|Grimmsnarl, L83, M|100/100\n|-end|p1a: Brute Bonnet|Protosynthesis|[silent]\n|switch|p1a: Tinkaton|Tinkaton, L82, F|274/274\n|-ability|p1a: Tinkaton|Mold Breaker\n|\n|upkeep\n|turn|14\n|inactive|Time left: 300 sec this turn | 300 sec total\n|\n|t:|1783552857\n|move|p2a: Grimmsnarl|Reflect|p2a: Grimmsnarl\n|-sidestart|p2: p0y11850cc7|Reflect\n|move|p1a: Tinkaton|Gigaton Hammer|p2a: Grimmsnarl\n|-supereffective|p2a: Grimmsnarl\n|-damage|p2a: Grimmsnarl|41/100\n|\n|upkeep\n|turn|15\n|inactive|Time left: 300 sec this turn | 300 sec total\n|\n|t:|1783552858\n|move|p2a: Grimmsnarl|Light Screen|p2a: Grimmsnarl\n|-sidestart|p2: p0y11850cc7|move: Light Screen\n|move|p1a: Tinkaton|Swords Dance|p1a: Tinkaton\n|-boost|p1a: Tinkaton|atk|2\n|\n|upkeep\n|turn|16\n|inactive|Time left: 300 sec this turn | 300 sec total\n|\n|t:|1783552859\n|switch|p2a: Lucario|Lucario, L84, F|100/100\n|move|p1a: Tinkaton|Gigaton Hammer|p2a: Lucario\n|-resisted|p2a: Lucario\n|-damage|p2a: Lucario|68/100\n|\n|upkeep\n|turn|17\n|inactive|Time left: 300 sec this turn | 300 sec total\n|\n|t:|1783552860\n|move|p1a: Tinkaton|Play Rough|p2a: Lucario\n|-damage|p2a: Lucario|36/100\n|move|p2a: Lucario|Focus Blast|p1a: Tinkaton\n|-damage|p1a: Tinkaton|101/274\n|-damage|p2a: Lucario|26/100|[from] item: Life Orb\n|\n|-heal|p1a: Tinkaton|118/274|[from] item: Leftovers\n|upkeep\n|turn|18\n|inactive|Time left: 300 sec this turn | 300 sec total\n|\n|t:|1783552860\n|move|p2a: Lucario|Vacuum Wave|p1a: Tinkaton\n|-damage|p1a: Tinkaton|63/274\n|-damage|p2a: Lucario|16/100|[from] item: Life Orb\n|move|p1a: Tinkaton|Play Rough|p2a: Lucario\n|-damage|p2a: Lucario|0 fnt\n|faint|p2a: Lucario\n|\n|-heal|p1a: Tinkaton|80/274|[from] item: Leftovers\n|upkeep\n|\n|t:|1783552861\n|switch|p2a: Hitmonchan|Hitmonchan, L87, M|100/100\n|turn|19\n|inactive|Time left: 300 sec this turn | 300 sec total\n|\n|t:|1783552862\n|move|p1a: Tinkaton|Protect|p1a: Tinkaton\n|-singleturn|p1a: Tinkaton|Protect\n|move|p2a: Hitmonchan|Drain Punch|p1a: Tinkaton\n|-activate|p1a: Tinkaton|move: Protect\n|\n|-heal|p1a: Tinkaton|97/274|[from] item: Leftovers\n|upkeep\n|turn|20\n|inactive|Time left: 300 sec this turn | 300 sec total\n|\n|t:|1783552863\n|move|p1a: Tinkaton|Gigaton Hammer|p2a: Hitmonchan\n|-damage|p2a: Hitmonchan|45/100\n|move|p2a: Hitmonchan|Drain Punch|p1a: Tinkaton\n|-damage|p1a: Tinkaton|0 fnt\n|-heal|p2a: Hitmonchan|66/100|[from] drain|[of] p1a: Tinkaton\n|faint|p1a: Tinkaton\n|\n|-heal|p2a: Hitmonchan|72/100|[from] item: Leftovers\n|upkeep\n|inactive|Time left: 300 sec this turn | 300 sec total | 5 sec grace\n|\n|t:|1783552864\n|switch|p1a: Fezandipiti|Fezandipiti, L82, M|278/278\n|turn|21\n|inactive|Time left: 300 sec this turn | 300 sec total\n|\n|t:|1783552865\n|move|p1a: Fezandipiti|Moonblast|p2a: Hitmonchan\n|-supereffective|p2a: Hitmonchan\n|-crit|p2a: Hitmonchan\n|-damage|p2a: Hitmonchan|0 fnt\n|faint|p2a: Hitmonchan\n|\n|-sideend|p2: p0y11850cc7|Reflect\n|upkeep\n|\n|t:|1783552866\n|switch|p2a: Grimmsnarl|Grimmsnarl, L83, M|41/100\n|turn|22\n|inactive|Time left: 300 sec this turn | 300 sec total\n|\n|t:|1783552867\n|move|p2a: Grimmsnarl|Reflect|p2a: Grimmsnarl\n|-sidestart|p2: p0y11850cc7|Reflect\n|move|p1a: Fezandipiti|Gunk Shot|p2a: Grimmsnarl\n|-supereffective|p2a: Grimmsnarl\n|-damage|p2a: Grimmsnarl|0 fnt\n|faint|p2a: Grimmsnarl\n|\n|-sideend|p2: p0y11850cc7|move: Light Screen\n|upkeep\n|\n|t:|1783552868\n|switch|p2a: Grumpig|Grumpig, L92, M|43/100\n|turn|23\n|inactive|Time left: 300 sec this turn | 300 sec total\n|\n|t:|1783552869\n|move|p1a: Fezandipiti|Moonblast|p2a: Grumpig\n|-damage|p2a: Grumpig|21/100\n|move|p2a: Grumpig|Nasty Plot|p2a: Grumpig\n|-boost|p2a: Grumpig|spa|2\n|\n|-heal|p2a: Grumpig|27/100|[from] item: Leftovers\n|upkeep\n|turn|24\n|inactive|Time left: 300 sec this turn | 300 sec total\n|\n|t:|1783552871\n|move|p1a: Fezandipiti|U-turn|p2a: Grumpig\n|-supereffective|p2a: Grumpig\n|-damage|p2a: Grumpig|11/100\n|inactive|Time left: 300 sec this turn | 300 sec total | 5 sec grace\n|\n|t:|1783552872\n|switch|p1a: Brute Bonnet|Brute Bonnet, L80|290/309 brn|[from] U-turn\n|move|p2a: Grumpig|Psyshock|p1a: Brute Bonnet\n|-immune|p1a: Brute Bonnet\n|\n|-heal|p2a: Grumpig|17/100|[from] item: Leftovers\n|-heal|p1a: Brute Bonnet|309/309 brn|[from] item: Leftovers\n|-damage|p1a: Brute Bonnet|290/309 brn|[from] brn\n|upkeep\n|turn|25\n|inactive|Time left: 300 sec this turn | 300 sec total\n|\n|t:|1783552873\n|-terastallize|p2a: Grumpig|Fairy\n|move|p2a: Grumpig|Nasty Plot|p2a: Grumpig\n|-boost|p2a: Grumpig|spa|2\n|move|p1a: Brute Bonnet|Crunch|p2a: Grumpig\n|-resisted|p2a: Grumpig\n|-damage|p2a: Grumpig|13/100\n|\n|-heal|p2a: Grumpig|19/100|[from] item: Leftovers\n|-heal|p1a: Brute Bonnet|309/309 brn|[from] item: Leftovers\n|-damage|p1a: Brute Bonnet|290/309 brn|[from] brn\n|upkeep\n|turn|26\n|inactive|Time left: 300 sec this turn | 300 sec total\n|\n|t:|1783552874\n|-end|p1a: Brute Bonnet|Protosynthesis|[silent]\n|switch|p1a: Fezandipiti|Fezandipiti, L82, M|278/278\n|move|p2a: Grumpig|Dazzling Gleam|p1a: Fezandipiti\n|-resisted|p1a: Fezandipiti\n|-damage|p1a: Fezandipiti|167/278\n|\n|-heal|p1a: Fezandipiti|184/278|[from] item: Leftovers\n|-heal|p2a: Grumpig|25/100|[from] item: Leftovers\n|upkeep\n|turn|27\n|inactive|Time left: 300 sec this turn | 300 sec total\n|\n|t:|1783552875\n|move|p1a: Fezandipiti|Gunk Shot|p2a: Grumpig\n|-supereffective|p2a: Grumpig\n|-damage|p2a: Grumpig|0 fnt\n|faint|p2a: Grumpig\n|\n|-heal|p1a: Fezandipiti|201/278|[from] item: Leftovers\n|upkeep\n|\n|t:|1783552876\n|switch|p2a: Meowscarada|Meowscarada, L78, M|100/100\n|turn|28\n|inactive|Time left: 300 sec this turn | 300 sec total\n|\n|t:|1783552877\n|move|p2a: Meowscarada|Triple Axel|p1a: Fezandipiti\n|-start|p2a: Meowscarada|typechange|Ice|[from] ability: Protean\n|-damage|p1a: Fezandipiti|174/278\n|-damage|p1a: Fezandipiti|112/278\n|-damage|p1a: Fezandipiti|26/278\n|-hitcount|p1a: Fezandipiti|3\n|-damage|p2a: Meowscarada|91/100|[from] item: Life Orb\n|move|p1a: Fezandipiti|Moonblast|p2a: Meowscarada\n|-damage|p2a: Meowscarada|51/100\n|-unboost|p2a: Meowscarada|spa|1\n|\n|-heal|p1a: Fezandipiti|43/278|[from] item: Leftovers\n|upkeep\n|turn|29\n|inactive|Time left: 300 sec this turn | 300 sec total\n|\n|t:|1783552878\n|move|p2a: Meowscarada|Triple Axel|p1a: Fezandipiti\n|-damage|p1a: Fezandipiti|12/278\n|-damage|p1a: Fezandipiti|0 fnt\n|faint|p1a: Fezandipiti\n|-hitcount|p1: Fezandipiti|2\n|-damage|p2a: Meowscarada|41/100|[from] item: Life Orb\n|\n|-sideend|p2: p0y11850cc7|Reflect\n|upkeep\n|inactive|Time left: 300 sec this turn | 300 sec total | 5 sec grace\n|\n|t:|1783552879\n|switch|p1a: Kilowattrel|Kilowattrel, L83, F|252/252\n|turn|30\n|inactive|Time left: 300 sec this turn | 300 sec total\n|\n|t:|1783552880\n|switch|p2a: Arceus|Arceus-Water, L71|100/100 slp\n|move|p1a: Kilowattrel|Thunderbolt|p2a: Arceus\n|-supereffective|p2a: Arceus\n|-damage|p2a: Arceus|38/100 slp\n|\n|upkeep\n|turn|31\n|inactive|Time left: 300 sec this turn | 300 sec total\n|\n|t:|1783552881\n|switch|p2a: Meowscarada|Meowscarada, L78, M|41/100\n|move|p1a: Kilowattrel|Thunderbolt|p2a: Meowscarada\n|-resisted|p2a: Meowscarada\n|-damage|p2a: Meowscarada|17/100\n|\n|upkeep\n|turn|32\n|inactive|Time left: 300 sec this turn | 300 sec total\n|\n|t:|1783552882\n|-terastallize|p1a: Kilowattrel|Steel\n|move|p1a: Kilowattrel|Thunderbolt|p2a: Meowscarada\n|-resisted|p2a: Meowscarada\n|-damage|p2a: Meowscarada|0 fnt\n|faint|p2a: Meowscarada\n|\n|upkeep\n|\n|t:|1783552883\n|switch|p2a: Arceus|Arceus-Water, L71|38/100 slp\n|turn|33\n|inactive|Time left: 300 sec this turn | 300 sec total\n|\n|t:|1783552884\n|move|p1a: Kilowattrel|Thunderbolt|p2a: Arceus\n|-supereffective|p2a: Arceus\n|-damage|p2a: Arceus|0 fnt\n|faint|p2a: Arceus\n|\n|win|p0x118594ba", "uploadtime": 1783552884, "views": 0, "rating": 0, "private": 0, "password": null, "_winner": "p0x118594ba", "_our_name": "p0x118594ba"}