{"id": "battle-gen9randombattle-329", "formatid": "gen9randombattle", "format": "[Gen 9] Random Battle", "players": ["p0x3297ad7", "p0y3294231"], "log": "|init|battle\n|title|p0x3297ad7 vs. p0y3294231\n|j|\u2606p0x3297ad7\n|j|\u2606p0y3294231\n|t:|1783543425\n|gametype|singles\n|player|p1|p0x3297ad7|2|\n|player|p2|p0y3294231|102|\n|gen|9\n|tier|[Gen 9] Random Battle\n|rule|Species Clause: Limit one of each Pok\u00e9mon\n|rule|HP Percentage Mod: HP is shown in percentages\n|rule|Sleep Clause Mod: Limit one foe put to sleep\n|rule|Illusion Level Mod: Illusion disguises the Pok\u00e9mon's true level\n|\n|t:|1783543425\n|teamsize|p1|6\n|teamsize|p2|6\n|start\n|switch|p1a: Cinccino|Cinccino, L83, M|260/260\n|switch|p2a: Gardevoir|Gardevoir, L83, M|100/100\n|-ability|p2a: Gardevoir|Technician|Trace|[from] ability: Trace|[of] p1a: Cinccino\n|turn|1\n|inactive|Battle timer is ON: inactive players will automatically lose when time's up. (requested by p0x3297ad7)\n|inactive|p0y3294231 also wants the timer to be on.\n|\n|t:|1783543427\n|-terastallize|p1a: Cinccino|Normal\n|move|p2a: Gardevoir|Focus Blast|p1a: Cinccino\n|-supereffective|p1a: Cinccino\n|-damage|p1a: Cinccino|8/260\n|move|p1a: Cinccino|Tail Slap|p2a: Gardevoir\n|-damage|p2a: Gardevoir|76/100\n|-damage|p2a: Gardevoir|52/100\n|-damage|p2a: Gardevoir|27/100\n|-damage|p2a: Gardevoir|2/100\n|-hitcount|p2a: Gardevoir|4\n|\n|upkeep\n|turn|2\n|inactive|Time left: 300 sec this turn | 300 sec total\n|\n|t:|1783543428\n|move|p2a: Gardevoir|Focus Blast|p1a: Cinccino\n|-supereffective|p1a: Cinccino\n|-damage|p1a: Cinccino|0 fnt\n|faint|p1a: Cinccino\n|\n|upkeep\n|inactive|Time left: 300 sec this turn | 300 sec total | 5 sec grace\n|\n|t:|1783543429\n|switch|p1a: Camerupt|Camerupt, L91, M|275/275\n|turn|3\n|inactive|Time left: 300 sec this turn | 300 sec total\n|\n|t:|1783543430\n|move|p2a: Gardevoir|Focus Blast|p1a: Camerupt|[miss]\n|-miss|p2a: Gardevoir|p1a: Camerupt\n|move|p1a: Camerupt|Stealth Rock|p2a: Gardevoir\n|-sidestart|p2: p0y3294231|move: Stealth Rock\n|\n|upkeep\n|turn|4\n|inactive|Time left: 300 sec this turn | 300 sec total\n|\n|t:|1783543432\n|move|p2a: Gardevoir|Focus Blast|p1a: Camerupt\n|-damage|p1a: Camerupt|162/275\n|move|p1a: Camerupt|Earthquake|p2a: Gardevoir\n|-damage|p2a: Gardevoir|0 fnt\n|faint|p2a: Gardevoir\n|\n|-heal|p1a: Camerupt|179/275|[from] item: Leftovers\n|upkeep\n|\n|t:|1783543433\n|switch|p2a: Manaphy|Manaphy, L78|100/100\n|-damage|p2a: Manaphy|88/100|[from] Stealth Rock\n|turn|5\n|inactive|Time left: 300 sec this turn | 300 sec total\n|\n|t:|1783543434\n|move|p2a: Manaphy|Tail Glow|p2a: Manaphy\n|-boost|p2a: Manaphy|spa|3\n|move|p1a: Camerupt|Earthquake|p2a: Manaphy\n|-damage|p2a: Manaphy|43/100\n|\n|-heal|p2a: Manaphy|49/100|[from] item: Leftovers\n|-heal|p1a: Camerupt|196/275|[from] item: Leftovers\n|upkeep\n|turn|6\n|inactive|Time left: 300 sec this turn | 300 sec total\n|\n|t:|1783543435\n|switch|p1a: Grafaiai|Grafaiai, L86, F|249/249\n|move|p2a: Manaphy|Surf|p1a: Grafaiai\n|-damage|p1a: Grafaiai|74/249\n|\n|-heal|p2a: Manaphy|55/100|[from] item: Leftovers\n|upkeep\n|turn|7\n|inactive|Time left: 300 sec this turn | 300 sec total\n|\n|t:|1783543436\n|move|p1a: Grafaiai|Gunk Shot|p2a: Manaphy|[miss]\n|-miss|p1a: Grafaiai|p2a: Manaphy\n|move|p2a: Manaphy|Ice Beam|p1a: Grafaiai\n|-damage|p1a: Grafaiai|0 fnt\n|faint|p1a: Grafaiai\n|\n|-heal|p2a: Manaphy|61/100|[from] item: Leftovers\n|upkeep\n|inactive|Time left: 300 sec this turn | 300 sec total | 5 sec grace\n|\n|t:|1783543437\n|switch|p1a: Eelektross|Eelektross, L87, F|290/290\n|turn|8\n|inactive|Time left: 300 sec this turn | 300 sec total\n|\n|t:|1783543439\n|-terastallize|p2a: Manaphy|Water\n|move|p2a: Manaphy|Surf|p1a: Eelektross\n|-damage|p1a: Eelektross|100/290\n|move|p1a: Eelektross|Discharge|p2a: Manaphy\n|-supereffective|p2a: Manaphy\n|-damage|p2a: Manaphy|0 fnt\n|faint|p2a: Manaphy\n|\n|upkeep\n|\n|t:|1783543440\n|switch|p2a: Meowscarada|Meowscarada, L78, M|100/100\n|-damage|p2a: Meowscarada|88/100|[from] Stealth Rock\n|turn|9\n|inactive|Time left: 300 sec this turn | 300 sec total\n|\n|t:|1783543441\n|move|p2a: Meowscarada|Flower Trick|p1a: Eelektross\n|-start|p2a: Meowscarada|typechange|Grass|[from] ability: Protean\n|-crit|p1a: Eelektross\n|-damage|p1a: Eelektross|0 fnt\n|faint|p1a: Eelektross\n|-damage|p2a: Meowscarada|79/100|[from] item: Life Orb\n|\n|upkeep\n|inactive|Time left: 300 sec this turn | 300 sec total | 5 sec grace\n|\n|t:|1783543442\n|switch|p1a: Camerupt|Camerupt, L91, M|196/275\n|turn|10\n|inactive|Time left: 300 sec this turn | 300 sec total\n|\n|t:|1783543443\n|move|p2a: Meowscarada|Flower Trick|p1a: Camerupt\n|-crit|p1a: Camerupt\n|-damage|p1a: Camerupt|31/275\n|-damage|p2a: Meowscarada|69/100|[from] item: Life Orb\n|move|p1a: Camerupt|Overheat|p2a: Meowscarada\n|-supereffective|p2a: Meowscarada\n|-damage|p2a: Meowscarada|0 fnt\n|-unboost|p1a: Camerupt|spa|2\n|faint|p2a: Meowscarada\n|\n|-heal|p1a: Camerupt|48/275|[from] item: Leftovers\n|upkeep\n|\n|t:|1783543444\n|switch|p2a: Venomoth|Venomoth, L84, F|100/100\n|turn|11\n|inactive|Time left: 300 sec this turn | 300 sec total\n|\n|t:|1783543445\n|move|p2a: Venomoth|Quiver Dance|p2a: Venomoth\n|-boost|p2a: Venomoth|spa|1\n|-boost|p2a: Venomoth|spd|1\n|-boost|p2a: Venomoth|spe|1\n|move|p1a: Camerupt|Earthquake|p2a: Venomoth\n|-damage|p2a: Venomoth|33/100\n|\n|-heal|p1a: Camerupt|65/275|[from] item: Leftovers\n|upkeep\n|turn|12\n|inactive|Time left: 300 sec this turn | 300 sec total\n|\n|t:|1783543446\n|move|p2a: Venomoth|Sludge Wave|p1a: Camerupt\n|-resisted|p1a: Camerupt\n|-damage|p1a: Camerupt|0 fnt\n|faint|p1a: Camerupt\n|\n|upkeep\n|inactive|Time left: 300 sec this turn | 300 sec total | 5 sec grace\n|\n|t:|1783543447\n|switch|p1a: Ting-Lu|Ting-Lu, L78|370/370\n|-ability|p1a: Ting-Lu|Vessel of Ruin\n|turn|13\n|inactive|Time left: 300 sec this turn | 300 sec total\n|\n|t:|1783543448\n|move|p2a: Venomoth|Sleep Powder|p1a: Ting-Lu\n|-status|p1a: Ting-Lu|slp|[from] move: Sleep Powder\n|cant|p1a: Ting-Lu|slp\n|\n|upkeep\n|turn|14\n|inactive|Time left: 300 sec this turn | 300 sec total\n|\n|t:|1783543449\n|move|p2a: Venomoth|Bug Buzz|p1a: Ting-Lu\n|-supereffective|p1a: Ting-Lu\n|-damage|p1a: Ting-Lu|152/370 slp\n|-curestatus|p1a: Ting-Lu|slp|[msg]\n|move|p1a: Ting-Lu|Heavy Slam|p2a: Venomoth\n|-damage|p2a: Venomoth|0 fnt\n|faint|p2a: Venomoth\n|\n|-heal|p1a: Ting-Lu|175/370|[from] item: Leftovers\n|upkeep\n|\n|t:|1783543450\n|switch|p2a: Torterra|Torterra, L78, F|100/100\n|-damage|p2a: Torterra|94/100|[from] Stealth Rock\n|turn|15\n|inactive|Time left: 300 sec this turn | 300 sec total\n|\n|t:|1783543451\n|move|p2a: Torterra|Shell Smash|p2a: Torterra\n|-unboost|p2a: Torterra|def|1\n|-unboost|p2a: Torterra|spd|1\n|-boost|p2a: Torterra|atk|2\n|-boost|p2a: Torterra|spa|2\n|-boost|p2a: Torterra|spe|2\n|move|p1a: Ting-Lu|Payback|p2a: Torterra\n|-damage|p2a: Torterra|43/100\n|\n|-heal|p1a: Ting-Lu|198/370|[from] item: Leftovers\n|upkeep\n|turn|16\n|inactive|Time left: 300 sec this turn | 300 sec total\n|\n|t:|1783543453\n|switch|p1a: Samurott|Samurott-Hisui, L77, M|265/265\n|move|p2a: Torterra|Bullet Seed|p1a: Samurott\n|-supereffective|p1a: Samurott\n|-damage|p1a: Samurott|137/265\n|-supereffective|p1a: Samurott\n|-damage|p1a: Samurott|9/265\n|-supereffective|p1a: Samurott\n|-damage|p1a: Samurott|0 fnt\n|faint|p1a: Samurott\n|-hitcount|p1: Samurott|3\n|\n|upkeep\n|inactive|Time left: 300 sec this turn | 300 sec total | 5 sec grace\n|\n|t:|1783543454\n|switch|p1a: Ting-Lu|Ting-Lu, L78|198/370\n|-ability|p1a: Ting-Lu|Vessel of Ruin\n|turn|17\n|inactive|Time left: 300 sec this turn | 300 sec total\n|\n|t:|1783543455\n|move|p2a: Torterra|Bullet Seed|p1a: Ting-Lu\n|-supereffective|p1a: Ting-Lu\n|-damage|p1a: Ting-Lu|112/370\n|-supereffective|p1a: Ting-Lu\n|-damage|p1a: Ting-Lu|26/370\n|-supereffective|p1a: Ting-Lu\n|-damage|p1a: Ting-Lu|0 fnt\n|faint|p1a: Ting-Lu\n|-hitcount|p1: Ting-Lu|3\n|\n|win|p0y3294231", "uploadtime": 1783543455, "views": 0, "rating": 0, "private": 0, "password": null, "_winner": "p0y3294231", "_our_name": "p0x3297ad7"}