{"id": "battle-gen9randombattle-1502", "formatid": "gen9randombattle", "format": "[Gen 9] Random Battle", "players": ["p0x15022f9f", "p0y15023889"], "log": "|init|battle\n|title|p0x15022f9f vs. p0y15023889\n|j|\u2606p0x15022f9f\n|j|\u2606p0y15023889\n|t:|1783556554\n|gametype|singles\n|player|p1|p0x15022f9f|101|\n|player|p2|p0y15023889|170|\n|gen|9\n|tier|[Gen 9] Random Battle\n|rule|Species Clause: Limit one of each Pok\u00e9mon\n|rule|HP Percentage Mod: HP is shown in percentages\n|rule|Sleep Clause Mod: Limit one foe put to sleep\n|rule|Illusion Level Mod: Illusion disguises the Pok\u00e9mon's true level\n|\n|t:|1783556554\n|teamsize|p1|6\n|teamsize|p2|6\n|start\n|switch|p1a: Archaludon|Archaludon, L78, F|100/100\n|switch|p2a: Kleavor|Kleavor, L78, F|237/237\n|turn|1\n|inactive|Battle timer is ON: inactive players will automatically lose when time's up. (requested by p0x15022f9f)\n|inactive|Time left: 300 sec this turn | 300 sec total | 60 sec grace\n|\n|t:|1783556556\n|switch|p2a: Skarmory|Skarmory, L80, M|235/235\n|move|p1a: Archaludon|Outrage|p2a: Skarmory\n|-resisted|p2a: Skarmory\n|-damage|p2a: Skarmory|193/235\n|-damage|p1a: Archaludon|84/100|[from] item: Rocky Helmet|[of] p2a: Skarmory\n|\n|upkeep\n|turn|2\n|inactive|Time left: 300 sec this turn | 300 sec total\n|inactive|p0y15023889 also wants the timer to be on.\n|\n|t:|1783556557\n|move|p1a: Archaludon|Outrage|p2a: Skarmory|[from] lockedmove\n|-resisted|p2a: Skarmory\n|-damage|p2a: Skarmory|151/235\n|-damage|p1a: Archaludon|68/100|[from] item: Rocky Helmet|[of] p2a: Skarmory\n|-start|p1a: Archaludon|confusion|[fatigue]\n|-enditem|p1a: Archaludon|Lum Berry|[eat]\n|-end|p1a: Archaludon|confusion\n|move|p2a: Skarmory|Spikes|p1a: Archaludon\n|-sidestart|p1: p0x15022f9f|Spikes\n|\n|upkeep\n|turn|3\n|inactive|Time left: 300 sec this turn | 300 sec total\n|\n|t:|1783556558\n|move|p1a: Archaludon|Swords Dance|p1a: Archaludon\n|-boost|p1a: Archaludon|atk|2\n|move|p2a: Skarmory|Body Press|p1a: Archaludon\n|-supereffective|p1a: Archaludon\n|-damage|p1a: Archaludon|27/100\n|-ability|p1a: Archaludon|Stamina|boost\n|-boost|p1a: Archaludon|def|1\n|\n|upkeep\n|turn|4\n|inactive|Time left: 300 sec this turn | 300 sec total\n|\n|t:|1783556559\n|move|p1a: Archaludon|Outrage|p2a: Skarmory\n|-resisted|p2a: Skarmory\n|-damage|p2a: Skarmory|72/235\n|-damage|p1a: Archaludon|11/100|[from] item: Rocky Helmet|[of] p2a: Skarmory\n|move|p2a: Skarmory|Body Press|p1a: Archaludon\n|-supereffective|p1a: Archaludon\n|-damage|p1a: Archaludon|0 fnt\n|faint|p1a: Archaludon\n|\n|upkeep\n|\n|t:|1783556560\n|switch|p1a: Samurott|Samurott, L88, M|100/100\n|-damage|p1a: Samurott|88/100|[from] Spikes\n|turn|5\n|inactive|Time left: 300 sec this turn | 300 sec total\n|\n|t:|1783556561\n|move|p1a: Samurott|Swords Dance|p1a: Samurott\n|-boost|p1a: Samurott|atk|2\n|move|p2a: Skarmory|Roost|p2a: Skarmory\n|-heal|p2a: Skarmory|190/235\n|-singleturn|p2a: Skarmory|move: Roost\n|\n|upkeep\n|turn|6\n|inactive|Time left: 300 sec this turn | 300 sec total\n|\n|t:|1783556562\n|move|p1a: Samurott|Liquidation|p2a: Skarmory\n|-damage|p2a: Skarmory|5/235\n|-damage|p1a: Samurott|72/100|[from] item: Rocky Helmet|[of] p2a: Skarmory\n|-damage|p1a: Samurott|62/100|[from] item: Life Orb\n|move|p2a: Skarmory|Roost|p2a: Skarmory\n|-heal|p2a: Skarmory|123/235\n|-singleturn|p2a: Skarmory|move: Roost\n|\n|upkeep\n|turn|7\n|inactive|Time left: 300 sec this turn | 300 sec total\n|\n|t:|1783556563\n|move|p1a: Samurott|Liquidation|p2a: Skarmory\n|-damage|p2a: Skarmory|0 fnt\n|-damage|p1a: Samurott|45/100|[from] item: Rocky Helmet|[of] p2a: Skarmory\n|faint|p2a: Skarmory\n|-damage|p1a: Samurott|35/100|[from] item: Life Orb\n|\n|upkeep\n|inactive|Time left: 300 sec this turn | 300 sec total | 5 sec grace\n|\n|t:|1783556564\n|switch|p2a: Meowscarada|Meowscarada, L78, F|247/247\n|turn|8\n|inactive|Time left: 300 sec this turn | 300 sec total\n|\n|t:|1783556565\n|switch|p1a: Conkeldurr|Conkeldurr, L80, M|100/100\n|-damage|p1a: Conkeldurr|88/100|[from] Spikes\n|move|p2a: Meowscarada|Flower Trick|p1a: Conkeldurr\n|-start|p2a: Meowscarada|typechange|Grass|[from] ability: Protean\n|-crit|p1a: Conkeldurr\n|-damage|p1a: Conkeldurr|53/100\n|\n|-status|p1a: Conkeldurr|brn|[from] item: Flame Orb\n|upkeep\n|turn|9\n|inactive|Time left: 300 sec this turn | 300 sec total\n|\n|t:|1783556567\n|switch|p2a: Toxtricity|Toxtricity, L82, M|257/257\n|switch|p1a: Swalot|Swalot, L90, F|100/100\n|-damage|p1a: Swalot|88/100|[from] Spikes\n|\n|-heal|p1a: Swalot|94/100|[from] item: Leftovers\n|upkeep\n|turn|10\n|inactive|Time left: 300 sec this turn | 300 sec total\n|\n|t:|1783556567\n|-terastallize|p2a: Toxtricity|Normal\n|move|p2a: Toxtricity|Boomburst|p1a: Swalot\n|-damage|p1a: Swalot|34/100\n|-enditem|p2a: Toxtricity|Throat Spray\n|-boost|p2a: Toxtricity|spa|1|[from] item: Throat Spray\n|move|p1a: Swalot|Earthquake|p2a: Toxtricity\n|-damage|p2a: Toxtricity|181/257\n|\n|-heal|p1a: Swalot|40/100|[from] item: Leftovers\n|upkeep\n|turn|11\n|inactive|Time left: 300 sec this turn | 300 sec total\n|\n|t:|1783556569\n|switch|p1a: Diancie|Diancie, L82|100/100\n|-damage|p1a: Diancie|88/100|[from] Spikes\n|move|p2a: Toxtricity|Boomburst|p1a: Diancie\n|-resisted|p1a: Diancie\n|-damage|p1a: Diancie|57/100\n|\n|upkeep\n|turn|12\n|inactive|Time left: 300 sec this turn | 300 sec total\n|\n|t:|1783556570\n|move|p2a: Toxtricity|Boomburst|p1a: Diancie\n|-resisted|p1a: Diancie\n|-damage|p1a: Diancie|28/100\n|move|p1a: Diancie|Body Press|p2a: Toxtricity\n|-supereffective|p2a: Toxtricity\n|-damage|p2a: Toxtricity|0 fnt\n|faint|p2a: Toxtricity\n|\n|upkeep\n|inactive|Time left: 300 sec this turn | 300 sec total | 5 sec grace\n|\n|t:|1783556570\n|switch|p2a: Kleavor|Kleavor, L78, F|237/237\n|turn|13\n|inactive|Time left: 300 sec this turn | 300 sec total\n|\n|t:|1783556571\n|-terastallize|p1a: Diancie|Fighting\n|move|p2a: Kleavor|Stone Axe|p1a: Diancie\n|-resisted|p1a: Diancie\n|-damage|p1a: Diancie|8/100\n|-sidestart|p1: p0x15022f9f|move: Stealth Rock\n|move|p1a: Diancie|Diamond Storm|p2a: Kleavor\n|-supereffective|p2a: Kleavor\n|-damage|p2a: Kleavor|31/237\n|-boost|p1a: Diancie|def|2\n|\n|upkeep\n|turn|14\n|inactive|Time left: 300 sec this turn | 300 sec total\n|\n|t:|1783556573\n|move|p2a: Kleavor|X-Scissor|p1a: Diancie\n|-resisted|p1a: Diancie\n|-damage|p1a: Diancie|0 fnt\n|faint|p1a: Diancie\n|\n|upkeep\n|\n|t:|1783556573\n|switch|p1a: Wigglytuff|Wigglytuff, L96, M|100/100\n|-damage|p1a: Wigglytuff|88/100|[from] Spikes\n|-damage|p1a: Wigglytuff|75/100|[from] Stealth Rock\n|turn|15\n|inactive|Time left: 300 sec this turn | 300 sec total\n|\n|t:|1783556574\n|move|p2a: Kleavor|Stone Axe|p1a: Wigglytuff\n|-damage|p1a: Wigglytuff|39/100\n|move|p1a: Wigglytuff|Wish|p1a: Wigglytuff\n|\n|-heal|p1a: Wigglytuff|46/100|[from] item: Leftovers\n|upkeep\n|turn|16\n|inactive|Time left: 300 sec this turn | 300 sec total\n|\n|t:|1783556575\n|move|p2a: Kleavor|Close Combat|p1a: Wigglytuff\n|-damage|p1a: Wigglytuff|17/100\n|-unboost|p2a: Kleavor|def|1\n|-unboost|p2a: Kleavor|spd|1\n|move|p1a: Wigglytuff|Alluring Voice|p2a: Kleavor\n|-damage|p2a: Kleavor|0 fnt\n|faint|p2a: Kleavor\n|\n|-heal|p1a: Wigglytuff|67/100|[from] move: Wish|[wisher] Wigglytuff\n|-heal|p1a: Wigglytuff|73/100|[from] item: Leftovers\n|upkeep\n|inactive|Time left: 300 sec this turn | 300 sec total | 5 sec grace\n|\n|t:|1783556576\n|switch|p2a: Sneasler|Sneasler, L74, F|240/240\n|turn|17\n|inactive|Time left: 300 sec this turn | 300 sec total\n|\n|t:|1783556577\n|move|p1a: Wigglytuff|Protect|p1a: Wigglytuff\n|-singleturn|p1a: Wigglytuff|Protect\n|move|p2a: Sneasler|Swords Dance|p2a: Sneasler\n|-boost|p2a: Sneasler|atk|2\n|\n|-heal|p1a: Wigglytuff|79/100|[from] item: Leftovers\n|upkeep\n|turn|18\n|inactive|Time left: 300 sec this turn | 300 sec total\n|\n|t:|1783556577\n|move|p1a: Wigglytuff|Protect|p1a: Wigglytuff\n|-singleturn|p1a: Wigglytuff|Protect\n|move|p2a: Sneasler|Dire Claw|p1a: Wigglytuff\n|-activate|p1a: Wigglytuff|move: Protect\n|\n|-heal|p1a: Wigglytuff|85/100|[from] item: Leftovers\n|upkeep\n|turn|19\n|inactive|Time left: 300 sec this turn | 300 sec total\n|\n|t:|1783556578\n|switch|p1a: Swalot|Swalot, L90, F|40/100\n|-damage|p1a: Swalot|28/100|[from] Spikes\n|-damage|p1a: Swalot|16/100|[from] Stealth Rock\n|move|p2a: Sneasler|Dire Claw|p1a: Swalot\n|-resisted|p1a: Swalot\n|-damage|p1a: Swalot|0 fnt\n|faint|p1a: Swalot\n|\n|upkeep\n|\n|t:|1783556579\n|switch|p1a: Samurott|Samurott, L88, M|35/100\n|-damage|p1a: Samurott|23/100|[from] Spikes\n|-damage|p1a: Samurott|11/100|[from] Stealth Rock\n|turn|20\n|inactive|Time left: 300 sec this turn | 300 sec total\n|\n|t:|1783556580\n|move|p2a: Sneasler|Dire Claw|p1a: Samurott\n|-damage|p1a: Samurott|0 fnt\n|faint|p1a: Samurott\n|\n|upkeep\n|\n|t:|1783556581\n|switch|p1a: Conkeldurr|Conkeldurr, L80, M|53/100 brn\n|-damage|p1a: Conkeldurr|40/100 brn|[from] Spikes\n|-damage|p1a: Conkeldurr|34/100 brn|[from] Stealth Rock\n|turn|21\n|inactive|Time left: 300 sec this turn | 300 sec total\n|\n|t:|1783556581\n|move|p1a: Conkeldurr|Mach Punch|p2a: Sneasler\n|-resisted|p2a: Sneasler\n|-damage|p2a: Sneasler|186/240\n|move|p2a: Sneasler|Close Combat|p1a: Conkeldurr\n|-damage|p1a: Conkeldurr|0 fnt\n|-unboost|p2a: Sneasler|def|1\n|-unboost|p2a: Sneasler|spd|1\n|faint|p1a: Conkeldurr\n|-enditem|p2a: Sneasler|White Herb\n|-clearnegativeboost|p2a: Sneasler|[silent]\n|\n|upkeep\n|\n|t:|1783556582\n|switch|p1a: Wigglytuff|Wigglytuff, L96, M|85/100\n|-damage|p1a: Wigglytuff|72/100|[from] Spikes\n|-damage|p1a: Wigglytuff|60/100|[from] Stealth Rock\n|turn|22\n|inactive|Time left: 300 sec this turn | 300 sec total\n|\n|t:|1783556583\n|move|p1a: Wigglytuff|Protect|p1a: Wigglytuff\n|-singleturn|p1a: Wigglytuff|Protect\n|move|p2a: Sneasler|Close Combat|p1a: Wigglytuff\n|-activate|p1a: Wigglytuff|move: Protect\n|\n|-heal|p1a: Wigglytuff|66/100|[from] item: Leftovers\n|upkeep\n|turn|23\n|inactive|Time left: 300 sec this turn | 300 sec total\n|\n|t:|1783556584\n|move|p1a: Wigglytuff|Protect||[still]\n|-fail|p1a: Wigglytuff\n|move|p2a: Sneasler|Dire Claw|p1a: Wigglytuff\n|-supereffective|p1a: Wigglytuff\n|-damage|p1a: Wigglytuff|0 fnt\n|faint|p1a: Wigglytuff\n|\n|win|p0y15023889", "uploadtime": 1783556584, "views": 0, "rating": 0, "private": 0, "password": null, "_winner": "p0y15023889", "_our_name": "p0y15023889"}