{"id": "battle-gen9randombattle-2216", "formatid": "gen9randombattle", "format": "[Gen 9] Random Battle", "players": ["p0x22160019", "p0y2216624a"], "log": "|init|battle\n|title|p0x22160019 vs. p0y2216624a\n|j|\u2606p0x22160019\n|j|\u2606p0y2216624a\n|t:|1783565696\n|gametype|singles\n|player|p1|p0x22160019|170|\n|player|p2|p0y2216624a|266|\n|gen|9\n|tier|[Gen 9] Random Battle\n|rule|Species Clause: Limit one of each Pok\u00e9mon\n|rule|HP Percentage Mod: HP is shown in percentages\n|rule|Sleep Clause Mod: Limit one foe put to sleep\n|rule|Illusion Level Mod: Illusion disguises the Pok\u00e9mon's true level\n|\n|t:|1783565696\n|teamsize|p1|6\n|teamsize|p2|6\n|start\n|switch|p1a: Whimsicott|Whimsicott, L84, M|238/238\n|switch|p2a: Garchomp|Garchomp, L74, F|100/100\n|turn|1\n|inactive|Battle timer is ON: inactive players will automatically lose when time's up. (requested by p0x22160019)\n|\n|t:|1783565697\n|move|p1a: Whimsicott|Moonblast|p2a: Garchomp\n|-supereffective|p2a: Garchomp\n|-damage|p2a: Garchomp|32/100\n|move|p2a: Garchomp|Stealth Rock|p1a: Whimsicott\n|-sidestart|p1: p0x22160019|move: Stealth Rock\n|\n|upkeep\n|turn|2\n|inactive|Time left: 300 sec this turn | 300 sec total\n|inactive|p0y2216624a also wants the timer to be on.\n|\n|t:|1783565699\n|switch|p2a: Araquanid|Araquanid, L82, F|100/100\n|move|p1a: Whimsicott|Moonblast|p2a: Araquanid\n|-damage|p2a: Araquanid|75/100\n|\n|upkeep\n|turn|3\n|inactive|Time left: 300 sec this turn | 300 sec total\n|\n|t:|1783565700\n|move|p1a: Whimsicott|Leech Seed|p2a: Araquanid\n|-start|p2a: Araquanid|move: Leech Seed\n|move|p2a: Araquanid|Sticky Web|p1a: Whimsicott\n|-sidestart|p1: p0x22160019|move: Sticky Web\n|\n|-damage|p2a: Araquanid|63/100|[from] Leech Seed|[of] p1a: Whimsicott\n|upkeep\n|turn|4\n|inactive|Time left: 300 sec this turn | 300 sec total\n|\n|t:|1783565701\n|switch|p2a: Orthworm|Orthworm, L88, M|100/100\n|move|p1a: Whimsicott|Moonblast|p2a: Orthworm\n|-resisted|p2a: Orthworm\n|-damage|p2a: Orthworm|81/100\n|-unboost|p2a: Orthworm|spa|1\n|\n|-heal|p2a: Orthworm|87/100|[from] item: Leftovers\n|upkeep\n|turn|5\n|inactive|Time left: 300 sec this turn | 300 sec total\n|\n|t:|1783565703\n|switch|p1a: Cramorant|Cramorant, L86, M|261/261\n|move|p2a: Orthworm|Heavy Slam|p1a: Cramorant\n|-resisted|p1a: Cramorant\n|-damage|p1a: Cramorant|170/261\n|\n|-heal|p2a: Orthworm|93/100|[from] item: Leftovers\n|upkeep\n|turn|6\n|inactive|Time left: 300 sec this turn | 300 sec total\n|\n|t:|1783565704\n|switch|p2a: Tauros|Tauros, L82, M|100/100\n|move|p1a: Cramorant|Defog|p2a: Tauros\n|-unboost|p2a: Tauros|evasion|1\n|-sideend|p1: p0x22160019|Stealth Rock|[from] move: Defog|[of] p1a: Cramorant\n|-sideend|p1: p0x22160019|Sticky Web|[from] move: Defog|[of] p1a: Cramorant\n|\n|upkeep\n|turn|7\n|inactive|Time left: 300 sec this turn | 300 sec total\n|\n|t:|1783565705\n|switch|p1a: Whimsicott|Whimsicott, L84, M|238/238\n|move|p2a: Tauros|Body Slam|p1a: Whimsicott\n|-damage|p1a: Whimsicott|85/238\n|\n|-heal|p1a: Whimsicott|99/238|[from] item: Leftovers\n|upkeep\n|turn|8\n|inactive|Time left: 300 sec this turn | 300 sec total\n|\n|t:|1783565706\n|move|p1a: Whimsicott|Moonblast|p2a: Tauros\n|-damage|p2a: Tauros|58/100\n|move|p2a: Tauros|Body Slam|p1a: Whimsicott\n|-damage|p1a: Whimsicott|0 fnt\n|faint|p1a: Whimsicott\n|\n|upkeep\n|inactive|Time left: 300 sec this turn | 300 sec total | 5 sec grace\n|\n|t:|1783565707\n|switch|p1a: Mesprit|Mesprit, L85|275/275\n|turn|9\n|inactive|Time left: 300 sec this turn | 300 sec total\n|\n|t:|1783565708\n|move|p2a: Tauros|Body Slam|p1a: Mesprit\n|-damage|p1a: Mesprit|150/275\n|move|p1a: Mesprit|Drain Punch|p2a: Tauros\n|-supereffective|p2a: Tauros\n|-damage|p2a: Tauros|14/100\n|-heal|p1a: Mesprit|207/275|[from] drain|[of] p2a: Tauros\n|\n|upkeep\n|turn|10\n|inactive|Time left: 300 sec this turn | 300 sec total\n|\n|t:|1783565708\n|move|p2a: Tauros|Body Slam|p1a: Mesprit\n|-damage|p1a: Mesprit|78/275\n|move|p1a: Mesprit|Knock Off|p2a: Tauros\n|-damage|p2a: Tauros|0 fnt\n|-enditem|p2a: Tauros|Life Orb|[from] move: Knock Off|[of] p1a: Mesprit\n|faint|p2a: Tauros\n|\n|upkeep\n|\n|t:|1783565709\n|switch|p2a: Garchomp|Garchomp, L74, F|32/100\n|turn|11\n|inactive|Time left: 300 sec this turn | 300 sec total\n|\n|t:|1783565710\n|move|p2a: Garchomp|Outrage|p1a: Mesprit\n|-damage|p1a: Mesprit|0 fnt\n|faint|p1a: Mesprit\n|\n|upkeep\n|inactive|Time left: 300 sec this turn | 300 sec total | 5 sec grace\n|\n|t:|1783565710\n|switch|p1a: Cramorant|Cramorant, L86, M|170/261\n|turn|12\n|inactive|Time left: 300 sec this turn | 300 sec total\n|\n|t:|1783565711\n|move|p1a: Cramorant|Surf|p2a: Garchomp\n|-formechange|p1a: Cramorant|Cramorant-Gulping|\n|-damage|p2a: Garchomp|0 fnt\n|faint|p2a: Garchomp\n|\n|upkeep\n|\n|t:|1783565712\n|switch|p2a: Duraludon|Duraludon, L82, F|100/100\n|turn|13\n|inactive|Time left: 300 sec this turn | 300 sec total\n|\n|t:|1783565712\n|switch|p2a: Orthworm|Orthworm, L88, M|93/100\n|move|p1a: Cramorant|Brave Bird|p2a: Orthworm\n|-resisted|p2a: Orthworm\n|-damage|p2a: Orthworm|77/100\n|-damage|p1a: Cramorant|156/261|[from] Recoil\n|\n|-heal|p2a: Orthworm|83/100|[from] item: Leftovers\n|upkeep\n|turn|14\n|inactive|Time left: 300 sec this turn | 300 sec total\n|\n|t:|1783565713\n|move|p1a: Cramorant|Surf|p2a: Orthworm\n|-damage|p2a: Orthworm|42/100\n|move|p2a: Orthworm|Heavy Slam|p1a: Cramorant\n|-resisted|p1a: Cramorant\n|-damage|p1a: Cramorant|72/261\n|-damage|p2a: Orthworm|17/100|[from] ability: Gulp Missile|[of] p1a: Cramorant\n|-unboost|p2a: Orthworm|def|1\n|-formechange|p1a: Cramorant|Cramorant|\n|\n|-heal|p2a: Orthworm|23/100|[from] item: Leftovers\n|upkeep\n|turn|15\n|inactive|Time left: 300 sec this turn | 300 sec total\n|\n|t:|1783565714\n|switch|p2a: Araquanid|Araquanid, L82, F|63/100\n|move|p1a: Cramorant|Surf|p2a: Araquanid\n|-formechange|p1a: Cramorant|Cramorant-Gorging|\n|-resisted|p2a: Araquanid\n|-damage|p2a: Araquanid|49/100\n|\n|upkeep\n|turn|16\n|inactive|Time left: 300 sec this turn | 300 sec total\n|\n|t:|1783565715\n|switch|p2a: Donphan|Donphan, L84, F|100/100\n|move|p1a: Cramorant|Brave Bird|p2a: Donphan\n|-damage|p2a: Donphan|69/100\n|-damage|p1a: Cramorant|42/261|[from] Recoil\n|\n|upkeep\n|turn|17\n|inactive|Time left: 300 sec this turn | 300 sec total\n|\n|t:|1783565716\n|move|p2a: Donphan|Ice Shard|p1a: Cramorant\n|-damage|p1a: Cramorant|0 fnt\n|-damage|p2a: Donphan|44/100|[from] ability: Gulp Missile|[of] p1a: Cramorant\n|-status|p2a: Donphan|par\n|-formechange|p1a: Cramorant|Cramorant|\n|faint|p1a: Cramorant\n|\n|upkeep\n|inactive|Time left: 300 sec this turn | 300 sec total | 5 sec grace\n|\n|t:|1783565717\n|switch|p1a: Ogerpon|Ogerpon-Hearthflame, L74, F|239/239\n|-ability|p1a: Ogerpon|Mold Breaker\n|turn|18\n|inactive|Time left: 300 sec this turn | 300 sec total\n|\n|t:|1783565718\n|move|p1a: Ogerpon|Swords Dance|p1a: Ogerpon\n|-boost|p1a: Ogerpon|atk|2\n|move|p2a: Donphan|Earthquake|p1a: Ogerpon\n|-damage|p1a: Ogerpon|103/239\n|\n|upkeep\n|turn|19\n|inactive|Time left: 300 sec this turn | 300 sec total\n|\n|t:|1783565719\n|move|p1a: Ogerpon|Ivy Cudgel|p2a: Donphan|[anim] Ivy Cudgel Fire\n|-damage|p2a: Donphan|0 fnt\n|faint|p2a: Donphan\n|\n|upkeep\n|\n|t:|1783565720\n|switch|p2a: Duraludon|Duraludon, L82, F|100/100\n|turn|20\n|inactive|Time left: 300 sec this turn | 300 sec total\n|\n|t:|1783565721\n|move|p1a: Ogerpon|Ivy Cudgel|p2a: Duraludon|[anim] Ivy Cudgel Fire\n|-crit|p2a: Duraludon\n|-damage|p2a: Duraludon|27/100\n|move|p2a: Duraludon|Draco Meteor|p1a: Ogerpon\n|-damage|p1a: Ogerpon|0 fnt\n|-unboost|p2a: Duraludon|spa|2\n|faint|p1a: Ogerpon\n|\n|upkeep\n|inactive|Time left: 300 sec this turn | 300 sec total | 5 sec grace\n|\n|t:|1783565722\n|switch|p1a: Goodra|Goodra, L85, M|292/292\n|turn|21\n|inactive|Time left: 300 sec this turn | 300 sec total\n|\n|t:|1783565723\n|switch|p2a: Orthworm|Orthworm, L88, M|23/100\n|move|p1a: Goodra|Fire Blast|p2a: Orthworm|[miss]\n|-miss|p1a: Goodra|p2a: Orthworm\n|\n|-heal|p2a: Orthworm|29/100|[from] item: Leftovers\n|upkeep\n|turn|22\n|inactive|Time left: 300 sec this turn | 300 sec total\n|\n|t:|1783565724\n|switch|p2a: Araquanid|Araquanid, L82, F|49/100\n|move|p1a: Goodra|Fire Blast|p2a: Araquanid\n|-damage|p2a: Araquanid|34/100\n|\n|upkeep\n|turn|23\n|inactive|Time left: 300 sec this turn | 300 sec total\n|\n|t:|1783565726\n|move|p1a: Goodra|Power Whip|p2a: Araquanid\n|-damage|p2a: Araquanid|0 fnt\n|faint|p2a: Araquanid\n|\n|upkeep\n|\n|t:|1783565727\n|switch|p2a: Duraludon|Duraludon, L82, F|27/100\n|turn|24\n|inactive|Time left: 300 sec this turn | 300 sec total\n|\n|t:|1783565728\n|move|p2a: Duraludon|Body Press|p1a: Goodra\n|-damage|p1a: Goodra|224/292\n|move|p1a: Goodra|Fire Blast|p2a: Duraludon\n|-damage|p2a: Duraludon|0 fnt\n|faint|p2a: Duraludon\n|\n|upkeep\n|\n|t:|1783565730\n|switch|p2a: Orthworm|Orthworm, L88, M|29/100\n|turn|25\n|inactive|Time left: 300 sec this turn | 300 sec total\n|\n|t:|1783565731\n|-terastallize|p1a: Goodra|Fire\n|move|p1a: Goodra|Draco Meteor|p2a: Orthworm\n|-resisted|p2a: Orthworm\n|-damage|p2a: Orthworm|0 fnt\n|-unboost|p1a: Goodra|spa|2\n|faint|p2a: Orthworm\n|\n|win|p0x22160019", "uploadtime": 1783565731, "views": 0, "rating": 0, "private": 0, "password": null, "_winner": "p0x22160019", "_our_name": "p0x22160019"}