{"id": "battle-gen9randombattle-1992", "formatid": "gen9randombattle", "format": "[Gen 9] Random Battle", "players": ["p0x1992f2a2", "p0y19926749"], "log": "|init|battle\n|title|p0x1992f2a2 vs. p0y19926749\n|j|\u2606p0x1992f2a2\n|j|\u2606p0y19926749\n|t:|1783563043\n|gametype|singles\n|player|p1|p0x1992f2a2|266|\n|player|p2|p0y19926749|102|\n|gen|9\n|tier|[Gen 9] Random Battle\n|rule|Species Clause: Limit one of each Pok\u00e9mon\n|rule|HP Percentage Mod: HP is shown in percentages\n|rule|Sleep Clause Mod: Limit one foe put to sleep\n|rule|Illusion Level Mod: Illusion disguises the Pok\u00e9mon's true level\n|\n|t:|1783563043\n|teamsize|p1|6\n|teamsize|p2|6\n|start\n|switch|p1a: Baxcalibur|Baxcalibur, L75, F|100/100\n|switch|p2a: Phione|Phione, L91|293/293\n|turn|1\n|inactive|Battle timer is ON: inactive players will automatically lose when time's up. (requested by p0y19926749)\n|inactive|p0x1992f2a2 also wants the timer to be on.\n|\n|t:|1783563044\n|move|p2a: Phione|Scald|p1a: Baxcalibur\n|-resisted|p1a: Baxcalibur\n|-crit|p1a: Baxcalibur\n|-damage|p1a: Baxcalibur|75/100\n|move|p1a: Baxcalibur|Glaive Rush|p2a: Phione\n|-damage|p2a: Phione|91/293\n|-singlemove|p1a: Baxcalibur|Glaive Rush|[silent]\n|\n|-heal|p2a: Phione|109/293|[from] item: Leftovers\n|upkeep\n|turn|2\n|inactive|Time left: 300 sec this turn | 300 sec total\n|\n|t:|1783563045\n|move|p2a: Phione|Ice Beam|p1a: Baxcalibur\n|-damage|p1a: Baxcalibur|24/100\n|move|p1a: Baxcalibur|Glaive Rush|p2a: Phione\n|-damage|p2a: Phione|0 fnt\n|-singlemove|p1a: Baxcalibur|Glaive Rush|[silent]\n|faint|p2a: Phione\n|\n|upkeep\n|inactive|Time left: 300 sec this turn | 300 sec total | 5 sec grace\n|\n|t:|1783563046\n|switch|p2a: Samurott|Samurott-Hisui, L77, F|265/265\n|turn|3\n|inactive|Time left: 300 sec this turn | 300 sec total\n|\n|t:|1783563047\n|switch|p1a: Hydrapple|Hydrapple, L83, F|100/100\n|move|p2a: Samurott|Ceaseless Edge|p1a: Hydrapple\n|-damage|p1a: Hydrapple|67/100\n|-sidestart|p1: p0x1992f2a2|Spikes\n|-damage|p2a: Samurott|239/265|[from] item: Life Orb\n|\n|-heal|p1a: Hydrapple|74/100|[from] item: Leftovers\n|upkeep\n|turn|4\n|inactive|Time left: 300 sec this turn | 300 sec total\n|\n|t:|1783563048\n|switch|p2a: Lurantis|Lurantis, L87, F|264/264\n|move|p1a: Hydrapple|Giga Drain|p2a: Lurantis\n|-resisted|p2a: Lurantis\n|-damage|p2a: Lurantis|234/264\n|-heal|p1a: Hydrapple|78/100|[from] drain|[of] p2a: Lurantis\n|\n|-heal|p1a: Hydrapple|84/100|[from] item: Leftovers\n|upkeep\n|turn|5\n|inactive|Time left: 300 sec this turn | 300 sec total\n|\n|t:|1783563049\n|move|p2a: Lurantis|Superpower|p1a: Hydrapple\n|-damage|p1a: Hydrapple|60/100\n|-boost|p2a: Lurantis|atk|1\n|-boost|p2a: Lurantis|def|1\n|move|p1a: Hydrapple|Nasty Plot|p1a: Hydrapple\n|-boost|p1a: Hydrapple|spa|2\n|\n|-heal|p1a: Hydrapple|66/100|[from] item: Leftovers\n|upkeep\n|turn|6\n|inactive|Time left: 300 sec this turn | 300 sec total\n|\n|t:|1783563050\n|move|p2a: Lurantis|Superpower|p1a: Hydrapple\n|-damage|p1a: Hydrapple|25/100\n|-boost|p2a: Lurantis|atk|1\n|-boost|p2a: Lurantis|def|1\n|move|p1a: Hydrapple|Recover|p1a: Hydrapple\n|-heal|p1a: Hydrapple|75/100\n|\n|-heal|p1a: Hydrapple|81/100|[from] item: Leftovers\n|upkeep\n|turn|7\n|inactive|Time left: 300 sec this turn | 300 sec total\n|\n|t:|1783563051\n|move|p2a: Lurantis|Superpower|p1a: Hydrapple\n|-damage|p1a: Hydrapple|29/100\n|-boost|p2a: Lurantis|atk|1\n|-boost|p2a: Lurantis|def|1\n|move|p1a: Hydrapple|Recover|p1a: Hydrapple\n|-heal|p1a: Hydrapple|79/100\n|\n|-heal|p1a: Hydrapple|85/100|[from] item: Leftovers\n|upkeep\n|turn|8\n|inactive|Time left: 300 sec this turn | 300 sec total\n|\n|t:|1783563052\n|move|p2a: Lurantis|Superpower|p1a: Hydrapple\n|-damage|p1a: Hydrapple|17/100\n|-boost|p2a: Lurantis|atk|1\n|-boost|p2a: Lurantis|def|1\n|move|p1a: Hydrapple|Fickle Beam|p2a: Lurantis\n|-damage|p2a: Lurantis|108/264\n|\n|-heal|p1a: Hydrapple|23/100|[from] item: Leftovers\n|upkeep\n|turn|9\n|inactive|Time left: 300 sec this turn | 300 sec total\n|\n|t:|1783563054\n|switch|p1a: Baxcalibur|Baxcalibur, L75, F|24/100\n|-damage|p1a: Baxcalibur|12/100|[from] Spikes\n|move|p2a: Lurantis|Leech Life|p1a: Baxcalibur\n|-damage|p1a: Baxcalibur|0 fnt\n|-heal|p2a: Lurantis|125/264|[from] drain|[of] p1a: Baxcalibur\n|faint|p1a: Baxcalibur\n|\n|upkeep\n|\n|t:|1783563055\n|switch|p1a: Seviper|Seviper, L93, M|100/100\n|-damage|p1a: Seviper|88/100|[from] Spikes\n|turn|10\n|inactive|Time left: 300 sec this turn | 300 sec total\n|\n|t:|1783563056\n|move|p1a: Seviper|Flamethrower|p2a: Lurantis\n|-supereffective|p2a: Lurantis\n|-damage|p2a: Lurantis|0 fnt\n|faint|p2a: Lurantis\n|-damage|p1a: Seviper|79/100|[from] item: Life Orb\n|\n|upkeep\n|inactive|Time left: 300 sec this turn | 300 sec total | 5 sec grace\n|\n|t:|1783563057\n|switch|p2a: Polteageist|Polteageist-Antique, L78|222/222\n|turn|11\n|inactive|Time left: 300 sec this turn | 300 sec total\n|\n|t:|1783563058\n|switch|p1a: Slither Wing|Slither Wing, L81|100/100\n|-damage|p1a: Slither Wing|88/100|[from] Spikes\n|-enditem|p1a: Slither Wing|Booster Energy\n|-activate|p1a: Slither Wing|ability: Protosynthesis|[fromitem]\n|-start|p1a: Slither Wing|protosynthesisatk\n|-terastallize|p2a: Polteageist|Dark\n|move|p2a: Polteageist|Shell Smash|p2a: Polteageist\n|-unboost|p2a: Polteageist|def|1\n|-unboost|p2a: Polteageist|spd|1\n|-boost|p2a: Polteageist|atk|2\n|-boost|p2a: Polteageist|spa|2\n|-boost|p2a: Polteageist|spe|2\n|-enditem|p2a: Polteageist|White Herb\n|-clearnegativeboost|p2a: Polteageist|[silent]\n|\n|upkeep\n|turn|12\n|inactive|Time left: 300 sec this turn | 300 sec total\n|\n|t:|1783563059\n|-terastallize|p1a: Slither Wing|Flying\n|move|p2a: Polteageist|Stored Power|p1a: Slither Wing\n|-damage|p1a: Slither Wing|13/100\n|move|p1a: Slither Wing|Close Combat|p2a: Polteageist\n|-supereffective|p2a: Polteageist\n|-damage|p2a: Polteageist|0 fnt\n|-unboost|p1a: Slither Wing|def|1\n|-unboost|p1a: Slither Wing|spd|1\n|faint|p2a: Polteageist\n|\n|upkeep\n|inactive|Time left: 300 sec this turn | 300 sec total | 5 sec grace\n|\n|t:|1783563060\n|switch|p2a: Samurott|Samurott-Hisui, L77, F|239/265\n|turn|13\n|inactive|Time left: 300 sec this turn | 300 sec total\n|\n|t:|1783563061\n|move|p2a: Samurott|Sucker Punch|p1a: Slither Wing\n|-damage|p1a: Slither Wing|0 fnt\n|faint|p1a: Slither Wing\n|-end|p1a: Slither Wing|Protosynthesis|[silent]\n|-damage|p2a: Samurott|213/265|[from] item: Life Orb\n|\n|upkeep\n|\n|t:|1783563062\n|switch|p1a: Bellossom|Bellossom, L84, M|100/100\n|-damage|p1a: Bellossom|88/100|[from] Spikes\n|turn|14\n|inactive|Time left: 300 sec this turn | 300 sec total\n|\n|t:|1783563063\n|switch|p2a: Weezing|Weezing-Galar, L86, F|252/252\n|move|p1a: Bellossom|Giga Drain|p2a: Weezing\n|-resisted|p2a: Weezing\n|-damage|p2a: Weezing|208/252\n|-heal|p1a: Bellossom|97/100|[from] drain|[of] p2a: Weezing\n|\n|-heal|p2a: Weezing|223/252|[from] item: Leftovers\n|-heal|p1a: Bellossom|100/100|[from] item: Leftovers\n|upkeep\n|turn|15\n|inactive|Time left: 300 sec this turn | 300 sec total\n|\n|t:|1783563065\n|move|p2a: Weezing|Gunk Shot|p1a: Bellossom\n|-supereffective|p1a: Bellossom\n|-damage|p1a: Bellossom|16/100\n|move|p1a: Bellossom|Strength Sap|p2a: Weezing\n|-unboost|p2a: Weezing|atk|1\n|-heal|p1a: Bellossom|94/100\n|\n|-heal|p2a: Weezing|238/252|[from] item: Leftovers\n|-heal|p1a: Bellossom|99/100|[from] item: Leftovers\n|upkeep\n|turn|16\n|inactive|Time left: 300 sec this turn | 300 sec total\n|\n|t:|1783563066\n|move|p2a: Weezing|Gunk Shot|p1a: Bellossom|[miss]\n|-miss|p2a: Weezing|p1a: Bellossom\n|move|p1a: Bellossom|Quiver Dance|p1a: Bellossom\n|-boost|p1a: Bellossom|spa|1\n|-boost|p1a: Bellossom|spd|1\n|-boost|p1a: Bellossom|spe|1\n|\n|-heal|p1a: Bellossom|100/100|[from] item: Leftovers\n|-heal|p2a: Weezing|252/252|[from] item: Leftovers\n|upkeep\n|turn|17\n|inactive|Time left: 300 sec this turn | 300 sec total\n|\n|t:|1783563067\n|move|p1a: Bellossom|Quiver Dance|p1a: Bellossom\n|-boost|p1a: Bellossom|spa|1\n|-boost|p1a: Bellossom|spd|1\n|-boost|p1a: Bellossom|spe|1\n|move|p2a: Weezing|Gunk Shot|p1a: Bellossom\n|-supereffective|p1a: Bellossom\n|-damage|p1a: Bellossom|37/100\n|\n|-heal|p1a: Bellossom|43/100|[from] item: Leftovers\n|upkeep\n|turn|18\n|inactive|Time left: 300 sec this turn | 300 sec total\n|\n|t:|1783563068\n|move|p1a: Bellossom|Strength Sap|p2a: Weezing\n|-unboost|p2a: Weezing|atk|1\n|-heal|p1a: Bellossom|94/100\n|move|p2a: Weezing|Gunk Shot|p1a: Bellossom\n|-supereffective|p1a: Bellossom\n|-damage|p1a: Bellossom|49/100\n|\n|-heal|p1a: Bellossom|55/100|[from] item: Leftovers\n|upkeep\n|turn|19\n|inactive|Time left: 300 sec this turn | 300 sec total\n|\n|t:|1783563069\n|move|p1a: Bellossom|Strength Sap|p2a: Weezing\n|-unboost|p2a: Weezing|atk|1\n|-heal|p1a: Bellossom|94/100\n|move|p2a: Weezing|Gunk Shot|p1a: Bellossom\n|-supereffective|p1a: Bellossom\n|-damage|p1a: Bellossom|57/100\n|\n|-heal|p1a: Bellossom|63/100|[from] item: Leftovers\n|upkeep\n|turn|20\n|inactive|Time left: 300 sec this turn | 300 sec total\n|\n|t:|1783563070\n|move|p1a: Bellossom|Quiver Dance|p1a: Bellossom\n|-boost|p1a: Bellossom|spa|1\n|-boost|p1a: Bellossom|spd|1\n|-boost|p1a: Bellossom|spe|1\n|move|p2a: Weezing|Gunk Shot|p1a: Bellossom\n|-supereffective|p1a: Bellossom\n|-damage|p1a: Bellossom|27/100\n|-status|p1a: Bellossom|psn\n|\n|-heal|p1a: Bellossom|33/100 psn|[from] item: Leftovers\n|-damage|p1a: Bellossom|21/100 psn|[from] psn\n|upkeep\n|turn|21\n|inactive|Time left: 300 sec this turn | 300 sec total\n|\n|t:|1783563071\n|move|p1a: Bellossom|Strength Sap|p2a: Weezing\n|-unboost|p2a: Weezing|atk|1\n|-heal|p1a: Bellossom|51/100 psn\n|move|p2a: Weezing|Gunk Shot|p1a: Bellossom\n|-supereffective|p1a: Bellossom\n|-damage|p1a: Bellossom|21/100 psn\n|\n|-heal|p1a: Bellossom|27/100 psn|[from] item: Leftovers\n|-damage|p1a: Bellossom|15/100 psn|[from] psn\n|upkeep\n|turn|22\n|inactive|Time left: 300 sec this turn | 300 sec total\n|\n|t:|1783563072\n|move|p1a: Bellossom|Strength Sap|p2a: Weezing\n|-unboost|p2a: Weezing|atk|1\n|-heal|p1a: Bellossom|41/100 psn\n|move|p2a: Weezing|Gunk Shot|p1a: Bellossom\n|-supereffective|p1a: Bellossom\n|-crit|p1a: Bellossom\n|-damage|p1a: Bellossom|0 fnt\n|faint|p1a: Bellossom\n|\n|upkeep\n|\n|t:|1783563073\n|switch|p1a: Seviper|Seviper, L93, M|79/100\n|-damage|p1a: Seviper|66/100|[from] Spikes\n|turn|23\n|inactive|Time left: 300 sec this turn | 300 sec total\n|\n|t:|1783563074\n|move|p1a: Seviper|Gunk Shot|p2a: Weezing\n|-damage|p2a: Weezing|99/252\n|-damage|p1a: Seviper|57/100|[from] item: Life Orb\n|move|p2a: Weezing|Strange Steam|p1a: Seviper\n|-resisted|p1a: Seviper\n|-damage|p1a: Seviper|38/100\n|\n|-heal|p2a: Weezing|114/252|[from] item: Leftovers\n|upkeep\n|turn|24\n|inactive|Time left: 300 sec this turn | 300 sec total\n|\n|t:|1783563075\n|move|p1a: Seviper|Gunk Shot|p2a: Weezing\n|-damage|p2a: Weezing|0 fnt\n|faint|p2a: Weezing\n|-damage|p1a: Seviper|28/100|[from] item: Life Orb\n|\n|upkeep\n|inactive|Time left: 300 sec this turn | 300 sec total | 5 sec grace\n|\n|t:|1783563076\n|switch|p2a: Samurott|Samurott-Hisui, L77, F|213/265\n|turn|25\n|inactive|Time left: 300 sec this turn | 300 sec total\n|\n|t:|1783563077\n|move|p2a: Samurott|Ceaseless Edge|p1a: Seviper\n|-damage|p1a: Seviper|0 fnt\n|-sidestart|p1: p0x1992f2a2|Spikes\n|faint|p1a: Seviper\n|-damage|p2a: Samurott|187/265|[from] item: Life Orb\n|\n|upkeep\n|\n|t:|1783563078\n|switch|p1a: Ambipom|Ambipom, L84, M|100/100\n|-damage|p1a: Ambipom|84/100|[from] Spikes\n|turn|26\n|inactive|Time left: 300 sec this turn | 300 sec total\n|\n|t:|1783563079\n|switch|p2a: Appletun|Appletun, L92, M|352/352\n|move|p1a: Ambipom|Fake Out|p2a: Appletun\n|-damage|p2a: Appletun|277/352\n|\n|-heal|p2a: Appletun|299/352|[from] item: Leftovers\n|upkeep\n|turn|27\n|inactive|Time left: 300 sec this turn | 300 sec total\n|\n|t:|1783563080\n|move|p1a: Ambipom|Double-Edge|p2a: Appletun\n|-damage|p2a: Appletun|146/352\n|-damage|p1a: Ambipom|65/100|[from] Recoil\n|move|p2a: Appletun|Dragon Pulse|p1a: Ambipom\n|-damage|p1a: Ambipom|17/100\n|\n|-heal|p2a: Appletun|168/352|[from] item: Leftovers\n|upkeep\n|turn|28\n|inactive|Time left: 300 sec this turn | 300 sec total\n|\n|t:|1783563081\n|move|p1a: Ambipom|Knock Off|p2a: Appletun\n|-crit|p2a: Appletun\n|-damage|p2a: Appletun|64/352\n|-enditem|p2a: Appletun|Leftovers|[from] move: Knock Off|[of] p1a: Ambipom\n|move|p2a: Appletun|Dragon Pulse|p1a: Ambipom\n|-damage|p1a: Ambipom|0 fnt\n|faint|p1a: Ambipom\n|\n|upkeep\n|\n|t:|1783563082\n|switch|p1a: Hydrapple|Hydrapple, L83, F|56/100\n|-damage|p1a: Hydrapple|40/100|[from] Spikes\n|turn|29\n|inactive|Time left: 300 sec this turn | 300 sec total\n|\n|t:|1783563083\n|switch|p2a: Samurott|Samurott-Hisui, L77, F|187/265\n|move|p1a: Hydrapple|Fickle Beam|p2a: Samurott\n|-crit|p2a: Samurott\n|-damage|p2a: Samurott|0 fnt\n|faint|p2a: Samurott\n|\n|-heal|p1a: Hydrapple|46/100|[from] item: Leftovers\n|upkeep\n|inactive|Time left: 300 sec this turn | 300 sec total | 5 sec grace\n|\n|t:|1783563084\n|switch|p2a: Appletun|Appletun, L92, M|64/352\n|turn|30\n|inactive|Time left: 300 sec this turn | 300 sec total\n|\n|t:|1783563084\n|move|p1a: Hydrapple|Fickle Beam|p2a: Appletun\n|-supereffective|p2a: Appletun\n|-damage|p2a: Appletun|0 fnt\n|faint|p2a: Appletun\n|\n|win|p0x1992f2a2", "uploadtime": 1783563084, "views": 0, "rating": 0, "private": 0, "password": null, "_winner": "p0x1992f2a2", "_our_name": "p0y19926749"}