{"id": "battle-gen9randombattle-2495", "formatid": "gen9randombattle", "format": "[Gen 9] Random Battle", "players": ["p0x2495f52f", "p0y24954b1c"], "log": "|init|battle\n|title|p0x2495f52f vs. p0y24954b1c\n|j|\u2606p0x2495f52f\n|j|\u2606p0y24954b1c\n|t:|1783568919\n|gametype|singles\n|player|p1|p0x2495f52f|102|\n|player|p2|p0y24954b1c|170|\n|gen|9\n|tier|[Gen 9] Random Battle\n|rule|Species Clause: Limit one of each Pok\u00e9mon\n|rule|HP Percentage Mod: HP is shown in percentages\n|rule|Sleep Clause Mod: Limit one foe put to sleep\n|rule|Illusion Level Mod: Illusion disguises the Pok\u00e9mon's true level\n|\n|t:|1783568919\n|teamsize|p1|6\n|teamsize|p2|6\n|start\n|switch|p1a: Ditto|Ditto, L87|225/225\n|switch|p2a: Hatterene|Hatterene, L85, F|100/100\n|-transform|p1a: Ditto|p2a: Hatterene|[from] ability: Imposter\n|turn|1\n|inactive|Battle timer is ON: inactive players will automatically lose when time's up. (requested by p0y24954b1c)\n|inactive|Time left: 300 sec this turn | 300 sec total | 60 sec grace\n|inactive|p0x2495f52f also wants the timer to be on.\n|\n|t:|1783568920\n|move|p1a: Ditto|Mystical Fire|p2a: Hatterene\n|-damage|p2a: Hatterene|81/100\n|-unboost|p2a: Hatterene|spa|1\n|move|p2a: Hatterene|Mystical Fire|p1a: Ditto\n|-damage|p1a: Ditto|183/225\n|-unboost|p1a: Ditto|spa|1\n|\n|upkeep\n|turn|2\n|inactive|Time left: 300 sec this turn | 300 sec total\n|\n|t:|1783568921\n|switch|p1a: Articuno|Articuno-Galar, L84|288/288\n|switch|p2a: Ampharos|Ampharos, L88, F|100/100\n|\n|upkeep\n|turn|3\n|inactive|Time left: 300 sec this turn | 300 sec total\n|\n|t:|1783568923\n|move|p1a: Articuno|Calm Mind|p1a: Articuno\n|-boost|p1a: Articuno|spa|1\n|-boost|p1a: Articuno|spd|1\n|move|p2a: Ampharos|Discharge|p1a: Articuno\n|-supereffective|p1a: Articuno\n|-damage|p1a: Articuno|148/288\n|\n|upkeep\n|turn|4\n|inactive|Time left: 300 sec this turn | 300 sec total\n|\n|t:|1783568924\n|move|p1a: Articuno|Recover|p1a: Articuno\n|-heal|p1a: Articuno|288/288\n|move|p2a: Ampharos|Discharge|p1a: Articuno\n|-supereffective|p1a: Articuno\n|-damage|p1a: Articuno|148/288\n|\n|upkeep\n|turn|5\n|inactive|Time left: 300 sec this turn | 300 sec total\n|\n|t:|1783568925\n|move|p1a: Articuno|Recover|p1a: Articuno\n|-heal|p1a: Articuno|288/288\n|move|p2a: Ampharos|Discharge|p1a: Articuno\n|-supereffective|p1a: Articuno\n|-damage|p1a: Articuno|162/288\n|\n|upkeep\n|turn|6\n|inactive|Time left: 300 sec this turn | 300 sec total\n|\n|t:|1783568926\n|move|p1a: Articuno|Freezing Glare|p2a: Ampharos\n|-damage|p2a: Ampharos|66/100\n|move|p2a: Ampharos|Discharge|p1a: Articuno\n|-supereffective|p1a: Articuno\n|-damage|p1a: Articuno|24/288\n|-status|p1a: Articuno|par\n|\n|upkeep\n|turn|7\n|inactive|Time left: 300 sec this turn | 300 sec total\n|\n|t:|1783568927\n|move|p2a: Ampharos|Volt Switch|p1a: Articuno\n|-supereffective|p1a: Articuno\n|-crit|p1a: Articuno\n|-damage|p1a: Articuno|0 fnt\n|faint|p1a: Articuno\n|\n|t:|1783568928\n|switch|p2a: Hatterene|Hatterene, L85, F|81/100|[from] Volt Switch\n|\n|upkeep\n|inactive|Time left: 300 sec this turn | 300 sec total | 10 sec grace\n|\n|t:|1783568929\n|switch|p1a: Polteageist|Polteageist-Antique, L78|222/222\n|turn|8\n|inactive|Time left: 300 sec this turn | 300 sec total\n|\n|t:|1783568930\n|move|p1a: Polteageist|Shell Smash|p1a: Polteageist\n|-unboost|p1a: Polteageist|def|1\n|-unboost|p1a: Polteageist|spd|1\n|-boost|p1a: Polteageist|atk|2\n|-boost|p1a: Polteageist|spa|2\n|-boost|p1a: Polteageist|spe|2\n|-enditem|p1a: Polteageist|White Herb\n|-clearnegativeboost|p1a: Polteageist|[silent]\n|move|p2a: Hatterene|Mystical Fire|p1a: Polteageist\n|-damage|p1a: Polteageist|158/222\n|-unboost|p1a: Polteageist|spa|1\n|-start|p2a: Hatterene|Disable|Mystical Fire|[from] ability: Cursed Body|[of] p1a: Polteageist\n|\n|upkeep\n|turn|9\n|inactive|Time left: 300 sec this turn | 300 sec total\n|\n|t:|1783568931\n|-terastallize|p2a: Hatterene|Fairy\n|move|p1a: Polteageist|Shadow Ball|p2a: Hatterene\n|-damage|p2a: Hatterene|43/100\n|move|p2a: Hatterene|Psychic Noise|p1a: Polteageist\n|-damage|p1a: Polteageist|59/222\n|-start|p1a: Polteageist|move: Heal Block\n|\n|upkeep\n|turn|10\n|inactive|Time left: 300 sec this turn | 300 sec total\n|\n|t:|1783568932\n|-terastallize|p1a: Polteageist|Psychic\n|move|p1a: Polteageist|Stored Power|p2a: Hatterene\n|-damage|p2a: Hatterene|0 fnt\n|faint|p2a: Hatterene\n|\n|-end|p1a: Polteageist|move: Heal Block\n|upkeep\n|\n|t:|1783568933\n|switch|p2a: Frosmoth|Frosmoth, L82, F|100/100\n|turn|11\n|inactive|Time left: 300 sec this turn | 300 sec total\n|\n|t:|1783568934\n|move|p1a: Polteageist|Strength Sap|p2a: Frosmoth\n|-unboost|p2a: Frosmoth|atk|1\n|-heal|p1a: Polteageist|170/222\n|move|p2a: Frosmoth|Bug Buzz|p1a: Polteageist\n|-supereffective|p1a: Polteageist\n|-damage|p1a: Polteageist|0 fnt\n|faint|p1a: Polteageist\n|\n|upkeep\n|inactive|Time left: 300 sec this turn | 300 sec total | 5 sec grace\n|\n|t:|1783568935\n|switch|p1a: Passimian|Passimian, L83, M|302/302\n|turn|12\n|inactive|Time left: 300 sec this turn | 300 sec total\n|\n|t:|1783568936\n|switch|p2a: Ampharos|Ampharos, L88, F|66/100\n|move|p1a: Passimian|Drain Punch|p2a: Ampharos\n|-damage|p2a: Ampharos|36/100\n|\n|upkeep\n|turn|13\n|inactive|Time left: 300 sec this turn | 300 sec total\n|\n|t:|1783568937\n|move|p1a: Passimian|Bulk Up|p1a: Passimian\n|-boost|p1a: Passimian|atk|1\n|-boost|p1a: Passimian|def|1\n|move|p2a: Ampharos|Volt Switch|p1a: Passimian\n|-damage|p1a: Passimian|172/302\n|\n|t:|1783568938\n|switch|p2a: Duraludon|Duraludon, L82, F|100/100|[from] Volt Switch\n|\n|-heal|p1a: Passimian|190/302|[from] item: Leftovers\n|upkeep\n|turn|14\n|inactive|Time left: 300 sec this turn | 300 sec total\n|\n|t:|1783568939\n|move|p2a: Duraludon|Draco Meteor|p1a: Passimian\n|-damage|p1a: Passimian|0 fnt\n|-unboost|p2a: Duraludon|spa|2\n|faint|p1a: Passimian\n|\n|upkeep\n|inactive|Time left: 300 sec this turn | 300 sec total | 5 sec grace\n|\n|t:|1783568940\n|switch|p1a: Dunsparce|Dunsparce, L86, F|312/312\n|turn|15\n|inactive|Time left: 300 sec this turn | 300 sec total\n|\n|t:|1783568941\n|switch|p2a: Frosmoth|Frosmoth, L82, F|100/100\n|move|p1a: Dunsparce|Coil|p1a: Dunsparce\n|-boost|p1a: Dunsparce|atk|1\n|-boost|p1a: Dunsparce|def|1\n|-boost|p1a: Dunsparce|accuracy|1\n|\n|upkeep\n|turn|16\n|inactive|Time left: 300 sec this turn | 300 sec total\n|\n|t:|1783568942\n|switch|p2a: Duraludon|Duraludon, L82, F|100/100\n|move|p1a: Dunsparce|Body Slam|p2a: Duraludon\n|-resisted|p2a: Duraludon\n|-damage|p2a: Duraludon|88/100\n|-status|p2a: Duraludon|par\n|\n|upkeep\n|turn|17\n|inactive|Time left: 300 sec this turn | 300 sec total\n|\n|t:|1783568943\n|move|p1a: Dunsparce|Earthquake|p2a: Duraludon\n|-supereffective|p2a: Duraludon\n|-damage|p2a: Duraludon|52/100 par\n|move|p2a: Duraludon|Flash Cannon|p1a: Dunsparce\n|-damage|p1a: Dunsparce|239/312\n|\n|upkeep\n|turn|18\n|inactive|Time left: 300 sec this turn | 300 sec total\n|\n|t:|1783568944\n|move|p1a: Dunsparce|Earthquake|p2a: Duraludon\n|-supereffective|p2a: Duraludon\n|-damage|p2a: Duraludon|10/100 par\n|cant|p2a: Duraludon|par\n|\n|upkeep\n|turn|19\n|inactive|Time left: 300 sec this turn | 300 sec total\n|\n|t:|1783568945\n|move|p1a: Dunsparce|Body Slam|p2a: Duraludon\n|-resisted|p2a: Duraludon\n|-damage|p2a: Duraludon|0 fnt\n|faint|p2a: Duraludon\n|\n|upkeep\n|\n|t:|1783568946\n|switch|p2a: Ampharos|Ampharos, L88, F|36/100\n|turn|20\n|inactive|Time left: 300 sec this turn | 300 sec total\n|\n|t:|1783568947\n|move|p2a: Ampharos|Focus Blast|p1a: Dunsparce\n|-supereffective|p1a: Dunsparce\n|-damage|p1a: Dunsparce|71/312\n|move|p1a: Dunsparce|Roost|p1a: Dunsparce\n|-heal|p1a: Dunsparce|227/312\n|-singleturn|p1a: Dunsparce|move: Roost\n|\n|upkeep\n|turn|21\n|inactive|Time left: 300 sec this turn | 300 sec total\n|\n|t:|1783568947\n|move|p2a: Ampharos|Focus Blast|p1a: Dunsparce\n|-supereffective|p1a: Dunsparce\n|-damage|p1a: Dunsparce|57/312\n|move|p1a: Dunsparce|Roost|p1a: Dunsparce\n|-heal|p1a: Dunsparce|213/312\n|-singleturn|p1a: Dunsparce|move: Roost\n|\n|upkeep\n|turn|22\n|inactive|Time left: 300 sec this turn | 300 sec total\n|\n|t:|1783568948\n|move|p2a: Ampharos|Focus Blast|p1a: Dunsparce\n|-supereffective|p1a: Dunsparce\n|-damage|p1a: Dunsparce|49/312\n|move|p1a: Dunsparce|Roost|p1a: Dunsparce\n|-heal|p1a: Dunsparce|205/312\n|-singleturn|p1a: Dunsparce|move: Roost\n|\n|upkeep\n|turn|23\n|inactive|Time left: 300 sec this turn | 300 sec total\n|\n|t:|1783568949\n|move|p2a: Ampharos|Focus Blast|p1a: Dunsparce\n|-supereffective|p1a: Dunsparce\n|-damage|p1a: Dunsparce|31/312\n|move|p1a: Dunsparce|Roost|p1a: Dunsparce\n|-heal|p1a: Dunsparce|187/312\n|-singleturn|p1a: Dunsparce|move: Roost\n|\n|upkeep\n|turn|24\n|inactive|Time left: 300 sec this turn | 300 sec total\n|\n|t:|1783568950\n|move|p2a: Ampharos|Focus Blast|p1a: Dunsparce\n|-supereffective|p1a: Dunsparce\n|-damage|p1a: Dunsparce|23/312\n|move|p1a: Dunsparce|Roost|p1a: Dunsparce\n|-heal|p1a: Dunsparce|179/312\n|-singleturn|p1a: Dunsparce|move: Roost\n|\n|upkeep\n|turn|25\n|inactive|Time left: 300 sec this turn | 300 sec total\n|\n|t:|1783568951\n|move|p2a: Ampharos|Focus Blast|p1a: Dunsparce\n|-supereffective|p1a: Dunsparce\n|-damage|p1a: Dunsparce|7/312\n|move|p1a: Dunsparce|Roost|p1a: Dunsparce\n|-heal|p1a: Dunsparce|163/312\n|-singleturn|p1a: Dunsparce|move: Roost\n|\n|upkeep\n|turn|26\n|inactive|Time left: 300 sec this turn | 300 sec total\n|\n|t:|1783568951\n|move|p2a: Ampharos|Focus Blast|p1a: Dunsparce\n|-supereffective|p1a: Dunsparce\n|-damage|p1a: Dunsparce|0 fnt\n|faint|p1a: Dunsparce\n|\n|upkeep\n|inactive|Time left: 300 sec this turn | 300 sec total | 5 sec grace\n|\n|t:|1783568952\n|switch|p1a: Duraludon|Duraludon, L82, F|249/249\n|turn|27\n|inactive|Time left: 300 sec this turn | 300 sec total\n|\n|t:|1783568953\n|move|p1a: Duraludon|Body Press|p2a: Ampharos\n|-damage|p2a: Ampharos|16/100\n|move|p2a: Ampharos|Focus Blast|p1a: Duraludon\n|-supereffective|p1a: Duraludon\n|-damage|p1a: Duraludon|39/249\n|\n|upkeep\n|turn|28\n|inactive|Time left: 300 sec this turn | 300 sec total\n|\n|t:|1783568954\n|switch|p2a: Frosmoth|Frosmoth, L82, F|100/100\n|move|p1a: Duraludon|Body Press|p2a: Frosmoth\n|-damage|p2a: Frosmoth|70/100\n|\n|upkeep\n|turn|29\n|inactive|Time left: 300 sec this turn | 300 sec total\n|\n|t:|1783568954\n|switch|p1a: Ditto|Ditto, L87|183/225\n|-transform|p1a: Ditto|p2a: Frosmoth|[from] ability: Imposter\n|move|p2a: Frosmoth|Ice Beam|p1a: Ditto\n|-resisted|p1a: Ditto\n|-damage|p1a: Ditto|155/225\n|\n|upkeep\n|turn|30\n|inactive|Time left: 300 sec this turn | 300 sec total\n|\n|t:|1783568955\n|switch|p2a: Kingambit|Kingambit, L74, F|100/100\n|-activate|p2a: Kingambit|ability: Supreme Overlord\n|-start|p2a: Kingambit|fallen2|[silent]\n|move|p1a: Ditto|Quiver Dance|p1a: Ditto\n|-boost|p1a: Ditto|spa|1\n|-boost|p1a: Ditto|spd|1\n|-boost|p1a: Ditto|spe|1\n|\n|upkeep\n|turn|31\n|inactive|Time left: 300 sec this turn | 300 sec total\n|\n|t:|1783568956\n|move|p1a: Ditto|Quiver Dance|p1a: Ditto\n|-boost|p1a: Ditto|spa|1\n|-boost|p1a: Ditto|spd|1\n|-boost|p1a: Ditto|spe|1\n|move|p2a: Kingambit|Iron Head|p1a: Ditto\n|-supereffective|p1a: Ditto\n|-damage|p1a: Ditto|0 fnt\n|faint|p1a: Ditto\n|\n|upkeep\n|inactive|Time left: 300 sec this turn | 300 sec total | 5 sec grace\n|\n|t:|1783568957\n|switch|p1a: Duraludon|Duraludon, L82, F|39/249\n|turn|32\n|inactive|Time left: 300 sec this turn | 300 sec total\n|\n|t:|1783568958\n|move|p2a: Kingambit|Kowtow Cleave|p1a: Duraludon\n|-damage|p1a: Duraludon|0 fnt\n|faint|p1a: Duraludon\n|\n|win|p0y24954b1c", "uploadtime": 1783568958, "views": 0, "rating": 0, "private": 0, "password": null, "_winner": "p0y24954b1c", "_our_name": "p0x2495f52f"}