{"id": "battle-gen9randombattle-931", "formatid": "gen9randombattle", "format": "[Gen 9] Random Battle", "players": ["p0x931ce69", "p0y9313404"], "log": "|init|battle\n|title|p0x931ce69 vs. p0y9313404\n|j|\u2606p0x931ce69\n|j|\u2606p0y9313404\n|t:|1783550699\n|gametype|singles\n|player|p1|p0x931ce69|170|\n|player|p2|p0y9313404|2|\n|gen|9\n|tier|[Gen 9] Random Battle\n|rule|Species Clause: Limit one of each Pok\u00e9mon\n|rule|HP Percentage Mod: HP is shown in percentages\n|rule|Sleep Clause Mod: Limit one foe put to sleep\n|rule|Illusion Level Mod: Illusion disguises the Pok\u00e9mon's true level\n|\n|t:|1783550699\n|teamsize|p1|6\n|teamsize|p2|6\n|start\n|switch|p1a: Ogerpon|Ogerpon-Wellspring, L76, F|100/100\n|switch|p2a: Zangoose|Zangoose, L85, F|263/263\n|turn|1\n|inactive|Battle timer is ON: inactive players will automatically lose when time's up. (requested by p0x931ce69)\n|inactive|Time left: 300 sec this turn | 300 sec total | 60 sec grace\n|inactive|p0y9313404 also wants the timer to be on.\n|\n|t:|1783550700\n|move|p1a: Ogerpon|Swords Dance|p1a: Ogerpon\n|-boost|p1a: Ogerpon|atk|2\n|move|p2a: Zangoose|Facade|p1a: Ogerpon\n|-damage|p1a: Ogerpon|59/100\n|\n|-status|p2a: Zangoose|tox|[from] item: Toxic Orb\n|upkeep\n|turn|2\n|inactive|Time left: 300 sec this turn | 300 sec total\n|\n|t:|1783550700\n|switch|p2a: Ogerpon|Ogerpon-Wellspring, L76, F|247/247\n|move|p1a: Ogerpon|Ivy Cudgel|p2a: Ogerpon|[anim] Ivy Cudgel Water\n|-immune|p2a: Ogerpon|[from] ability: Water Absorb\n|\n|upkeep\n|turn|3\n|inactive|Time left: 300 sec this turn | 300 sec total\n|\n|t:|1783550701\n|move|p1a: Ogerpon|Power Whip|p2a: Ogerpon\n|-damage|p2a: Ogerpon|0 fnt\n|faint|p2a: Ogerpon\n|\n|upkeep\n|inactive|Time left: 300 sec this turn | 300 sec total | 5 sec grace\n|\n|t:|1783550702\n|switch|p2a: Galvantula|Galvantula, L82, M|249/249\n|turn|4\n|inactive|Time left: 300 sec this turn | 300 sec total\n|\n|t:|1783550703\n|move|p2a: Galvantula|Bug Buzz|p1a: Ogerpon\n|-supereffective|p1a: Ogerpon\n|-damage|p1a: Ogerpon|0 fnt\n|faint|p1a: Ogerpon\n|\n|upkeep\n|\n|t:|1783550704\n|switch|p1a: Cinccino|Cinccino, L83, F|100/100\n|turn|5\n|inactive|Time left: 300 sec this turn | 300 sec total\n|\n|t:|1783550704\n|-terastallize|p1a: Cinccino|Normal\n|move|p1a: Cinccino|Tail Slap|p2a: Galvantula\n|-damage|p2a: Galvantula|183/249\n|-damage|p2a: Galvantula|109/249\n|-damage|p2a: Galvantula|39/249\n|-damage|p2a: Galvantula|0 fnt\n|faint|p2a: Galvantula\n|-hitcount|p2: Galvantula|4\n|\n|upkeep\n|inactive|Time left: 300 sec this turn | 300 sec total | 5 sec grace\n|\n|t:|1783550705\n|switch|p2a: Magnezone|Magnezone, L85|258/258\n|turn|6\n|inactive|Time left: 300 sec this turn | 300 sec total\n|\n|t:|1783550706\n|switch|p1a: Sawsbuck|Sawsbuck-Summer, L88, M|100/100\n|move|p2a: Magnezone|Discharge|p1a: Sawsbuck\n|-resisted|p1a: Sawsbuck\n|-damage|p1a: Sawsbuck|77/100\n|\n|upkeep\n|turn|7\n|inactive|Time left: 300 sec this turn | 300 sec total\n|\n|t:|1783550707\n|-terastallize|p2a: Magnezone|Fighting\n|move|p1a: Sawsbuck|High Horsepower|p2a: Magnezone\n|-damage|p2a: Magnezone|181/258\n|-damage|p1a: Sawsbuck|67/100|[from] item: Life Orb\n|move|p2a: Magnezone|Body Press|p1a: Sawsbuck\n|-supereffective|p1a: Sawsbuck\n|-damage|p1a: Sawsbuck|0 fnt\n|faint|p1a: Sawsbuck\n|\n|-heal|p2a: Magnezone|197/258|[from] item: Leftovers\n|upkeep\n|\n|t:|1783550708\n|switch|p1a: Bruxish|Bruxish, L85, F|100/100\n|turn|8\n|inactive|Time left: 300 sec this turn | 300 sec total\n|\n|t:|1783550709\n|switch|p2a: Exeggutor|Exeggutor, L89, F|312/312\n|move|p1a: Bruxish|Psychic Fangs|p2a: Exeggutor\n|-resisted|p2a: Exeggutor\n|-damage|p2a: Exeggutor|215/312\n|-damage|p1a: Bruxish|91/100|[from] item: Life Orb\n|\n|upkeep\n|turn|9\n|inactive|Time left: 300 sec this turn | 300 sec total\n|\n|t:|1783550710\n|move|p1a: Bruxish|Crunch|p2a: Exeggutor\n|-supereffective|p2a: Exeggutor\n|-damage|p2a: Exeggutor|0 fnt\n|faint|p2a: Exeggutor\n|-damage|p1a: Bruxish|81/100|[from] item: Life Orb\n|\n|upkeep\n|inactive|Time left: 300 sec this turn | 300 sec total | 5 sec grace\n|\n|t:|1783550711\n|switch|p2a: Spectrier|Spectrier, L75|274/274\n|turn|10\n|inactive|Time left: 300 sec this turn | 300 sec total\n|\n|t:|1783550712\n|switch|p1a: Cinccino|Cinccino, L83, F, tera:Normal|100/100\n|move|p2a: Spectrier|Shadow Ball|p1a: Cinccino\n|-immune|p1a: Cinccino\n|\n|upkeep\n|turn|11\n|inactive|Time left: 300 sec this turn | 300 sec total\n|\n|t:|1783550713\n|move|p2a: Spectrier|Will-O-Wisp|p1a: Cinccino\n|-status|p1a: Cinccino|brn\n|move|p1a: Cinccino|Bullet Seed|p2a: Spectrier\n|-damage|p2a: Spectrier|256/274\n|-damage|p2a: Spectrier|237/274\n|-damage|p2a: Spectrier|219/274\n|-damage|p2a: Spectrier|202/274\n|-damage|p2a: Spectrier|183/274\n|-hitcount|p2a: Spectrier|5\n|\n|-damage|p1a: Cinccino|94/100 brn|[from] brn\n|upkeep\n|turn|12\n|inactive|Time left: 300 sec this turn | 300 sec total\n|\n|t:|1783550715\n|move|p2a: Spectrier|Nasty Plot|p2a: Spectrier\n|-boost|p2a: Spectrier|spa|2\n|move|p1a: Cinccino|Triple Axel|p2a: Spectrier\n|-damage|p2a: Spectrier|168/274\n|-damage|p2a: Spectrier|138/274\n|-damage|p2a: Spectrier|93/274\n|-hitcount|p2a: Spectrier|3\n|\n|-damage|p1a: Cinccino|88/100 brn|[from] brn\n|upkeep\n|turn|13\n|inactive|Time left: 300 sec this turn | 300 sec total\n|\n|t:|1783550716\n|move|p2a: Spectrier|Draining Kiss|p1a: Cinccino\n|-damage|p1a: Cinccino|34/100 brn\n|-heal|p2a: Spectrier|200/274|[from] drain|[of] p1a: Cinccino\n|-damage|p2a: Spectrier|173/274|[from] item: Life Orb\n|move|p1a: Cinccino|Bullet Seed|p2a: Spectrier\n|-damage|p2a: Spectrier|154/274\n|-damage|p2a: Spectrier|134/274\n|-damage|p2a: Spectrier|116/274\n|-damage|p2a: Spectrier|98/274\n|-hitcount|p2a: Spectrier|4\n|\n|-damage|p1a: Cinccino|27/100 brn|[from] brn\n|upkeep\n|turn|14\n|inactive|Time left: 300 sec this turn | 300 sec total\n|\n|t:|1783550717\n|move|p1a: Cinccino|Triple Axel|p2a: Spectrier\n|-damage|p2a: Spectrier|83/274\n|-damage|p2a: Spectrier|53/274\n|-damage|p2a: Spectrier|6/274\n|-hitcount|p2a: Spectrier|3\n|move|p2a: Spectrier|Draining Kiss|p1a: Cinccino\n|-damage|p1a: Cinccino|0 fnt\n|-heal|p2a: Spectrier|59/274|[from] drain|[of] p1a: Cinccino\n|faint|p1a: Cinccino\n|-ability|p2a: Spectrier|Grim Neigh|boost\n|-boost|p2a: Spectrier|spa|1\n|-damage|p2a: Spectrier|32/274|[from] item: Life Orb\n|\n|upkeep\n|\n|t:|1783550718\n|switch|p1a: Honchkrow|Honchkrow, L86, M|100/100\n|turn|15\n|inactive|Time left: 300 sec this turn | 300 sec total\n|\n|t:|1783550719\n|move|p1a: Honchkrow|Sucker Punch||[still]\n|-fail|p1a: Honchkrow\n|move|p2a: Spectrier|Will-O-Wisp|p1a: Honchkrow\n|-status|p1a: Honchkrow|brn\n|\n|-damage|p1a: Honchkrow|94/100 brn|[from] brn\n|upkeep\n|turn|16\n|inactive|Time left: 300 sec this turn | 300 sec total\n|\n|t:|1783550719\n|move|p1a: Honchkrow|Sucker Punch|p2a: Spectrier\n|-supereffective|p2a: Spectrier\n|-damage|p2a: Spectrier|0 fnt\n|faint|p2a: Spectrier\n|-ability|p1a: Honchkrow|Moxie|boost\n|-boost|p1a: Honchkrow|atk|1\n|\n|-damage|p1a: Honchkrow|88/100 brn|[from] brn\n|upkeep\n|inactive|Time left: 300 sec this turn | 300 sec total | 5 sec grace\n|\n|t:|1783550720\n|switch|p2a: Magnezone|Magnezone, L85, tera:Fighting|197/258\n|turn|17\n|inactive|Time left: 300 sec this turn | 300 sec total\n|\n|t:|1783550721\n|switch|p2a: Zangoose|Zangoose, L85, F|263/263 tox\n|move|p1a: Honchkrow|Brave Bird|p2a: Zangoose\n|-damage|p2a: Zangoose|100/263 tox\n|-damage|p1a: Honchkrow|71/100 brn|[from] Recoil\n|\n|-damage|p2a: Zangoose|84/263 tox|[from] psn\n|-damage|p1a: Honchkrow|65/100 brn|[from] brn\n|upkeep\n|turn|18\n|inactive|Time left: 300 sec this turn | 300 sec total\n|\n|t:|1783550723\n|switch|p2a: Magnezone|Magnezone, L85, tera:Fighting|197/258\n|move|p1a: Honchkrow|Brave Bird|p2a: Magnezone\n|-supereffective|p2a: Magnezone\n|-damage|p2a: Magnezone|0 fnt\n|faint|p2a: Magnezone\n|-ability|p1a: Honchkrow|Moxie|boost\n|-boost|p1a: Honchkrow|atk|1\n|-damage|p1a: Honchkrow|44/100 brn|[from] Recoil\n|\n|-damage|p1a: Honchkrow|38/100 brn|[from] brn\n|upkeep\n|inactive|Time left: 300 sec this turn | 300 sec total | 5 sec grace\n|\n|t:|1783550724\n|switch|p2a: Zangoose|Zangoose, L85, F|84/263 tox\n|turn|19\n|inactive|Time left: 300 sec this turn | 300 sec total\n|\n|t:|1783550725\n|move|p2a: Zangoose|Swords Dance|p2a: Zangoose\n|-boost|p2a: Zangoose|atk|2\n|move|p1a: Honchkrow|U-turn|p2a: Zangoose\n|-damage|p2a: Zangoose|0 fnt\n|faint|p2a: Zangoose\n|\n|win|p0x931ce69", "uploadtime": 1783550725, "views": 0, "rating": 0, "private": 0, "password": null, "_winner": "p0x931ce69", "_our_name": "p0y9313404"}