{"id": "battle-gen9randombattle-2527", "formatid": "gen9randombattle", "format": "[Gen 9] Random Battle", "players": ["p0x2527fa3c", "p0y2527ccf2"], "log": "|init|battle\n|title|p0x2527fa3c vs. p0y2527ccf2\n|j|\u2606p0x2527fa3c\n|j|\u2606p0y2527ccf2\n|t:|1783568276\n|gametype|singles\n|player|p1|p0x2527fa3c|266|\n|player|p2|p0y2527ccf2|101|\n|gen|9\n|tier|[Gen 9] Random Battle\n|rule|Species Clause: Limit one of each Pok\u00e9mon\n|rule|HP Percentage Mod: HP is shown in percentages\n|rule|Sleep Clause Mod: Limit one foe put to sleep\n|rule|Illusion Level Mod: Illusion disguises the Pok\u00e9mon's true level\n|\n|t:|1783568276\n|teamsize|p1|6\n|teamsize|p2|6\n|start\n|switch|p1a: Rabsca|Rabsca, L91, M|284/284\n|switch|p2a: Dragapult|Dragapult, L77, M|100/100\n|turn|1\n|inactive|Battle timer is ON: inactive players will automatically lose when time's up. (requested by p0x2527fa3c)\n|inactive|p0y2527ccf2 also wants the timer to be on.\n|\n|t:|1783568277\n|move|p2a: Dragapult|U-turn|p1a: Rabsca\n|-supereffective|p1a: Rabsca\n|-damage|p1a: Rabsca|182/284\n|\n|t:|1783568279\n|switch|p2a: Bombirdier|Bombirdier, L85, M|100/100|[from] U-turn\n|move|p1a: Rabsca|Psychic|p2a: Bombirdier\n|-immune|p2a: Bombirdier\n|\n|upkeep\n|turn|2\n|inactive|Time left: 300 sec this turn | 300 sec total\n|\n|t:|1783568280\n|switch|p1a: Tauros|Tauros-Paldea-Aqua, L81, M|254/254\n|-ability|p1a: Tauros|Intimidate|boost\n|-unboost|p2a: Bombirdier|atk|1\n|move|p2a: Bombirdier|Knock Off|p1a: Tauros\n|-resisted|p1a: Tauros\n|-damage|p1a: Tauros|200/254\n|-enditem|p1a: Tauros|Life Orb|[from] move: Knock Off|[of] p2a: Bombirdier\n|\n|upkeep\n|turn|3\n|inactive|Time left: 300 sec this turn | 300 sec total\n|\n|t:|1783568281\n|move|p1a: Tauros|Bulk Up|p1a: Tauros\n|-boost|p1a: Tauros|atk|1\n|-boost|p1a: Tauros|def|1\n|move|p2a: Bombirdier|Knock Off|p1a: Tauros\n|-resisted|p1a: Tauros\n|-damage|p1a: Tauros|177/254\n|\n|upkeep\n|turn|4\n|inactive|Time left: 300 sec this turn | 300 sec total\n|\n|t:|1783568282\n|switch|p2a: Palkia|Palkia-Origin, L72|100/100\n|-ability|p2a: Palkia|Pressure\n|move|p1a: Tauros|Bulk Up|p1a: Tauros\n|-boost|p1a: Tauros|atk|1\n|-boost|p1a: Tauros|def|1\n|\n|upkeep\n|turn|5\n|inactive|Time left: 300 sec this turn | 300 sec total\n|\n|t:|1783568284\n|-terastallize|p2a: Palkia|Dragon\n|move|p2a: Palkia|Spacial Rend|p1a: Tauros\n|-damage|p1a: Tauros|0 fnt\n|faint|p1a: Tauros\n|\n|upkeep\n|inactive|Time left: 300 sec this turn | 300 sec total | 5 sec grace\n|\n|t:|1783568285\n|switch|p1a: Alcremie|Alcremie-Ruby-Swirl, L90, F|263/263\n|turn|6\n|inactive|Time left: 300 sec this turn | 300 sec total\n|\n|t:|1783568286\n|switch|p2a: Sylveon|Sylveon, L85, M|100/100\n|move|p1a: Alcremie|Alluring Voice|p2a: Sylveon\n|-damage|p2a: Sylveon|74/100\n|\n|-heal|p2a: Sylveon|80/100|[from] item: Leftovers\n|upkeep\n|turn|7\n|inactive|Time left: 300 sec this turn | 300 sec total\n|\n|t:|1783568287\n|move|p1a: Alcremie|Calm Mind|p1a: Alcremie\n|-boost|p1a: Alcremie|spa|1\n|-boost|p1a: Alcremie|spd|1\n|move|p2a: Sylveon|Calm Mind|p2a: Sylveon\n|-boost|p2a: Sylveon|spa|1\n|-boost|p2a: Sylveon|spd|1\n|\n|-heal|p2a: Sylveon|86/100|[from] item: Leftovers\n|upkeep\n|turn|8\n|inactive|Time left: 300 sec this turn | 300 sec total\n|\n|t:|1783568288\n|move|p1a: Alcremie|Calm Mind|p1a: Alcremie\n|-boost|p1a: Alcremie|spa|1\n|-boost|p1a: Alcremie|spd|1\n|move|p2a: Sylveon|Calm Mind|p2a: Sylveon\n|-boost|p2a: Sylveon|spa|1\n|-boost|p2a: Sylveon|spd|1\n|\n|-heal|p2a: Sylveon|92/100|[from] item: Leftovers\n|upkeep\n|turn|9\n|inactive|Time left: 300 sec this turn | 300 sec total\n|\n|t:|1783568289\n|move|p1a: Alcremie|Calm Mind|p1a: Alcremie\n|-boost|p1a: Alcremie|spa|1\n|-boost|p1a: Alcremie|spd|1\n|move|p2a: Sylveon|Hyper Voice|p1a: Alcremie\n|-damage|p1a: Alcremie|190/263\n|\n|-heal|p1a: Alcremie|206/263|[from] item: Leftovers\n|-heal|p2a: Sylveon|98/100|[from] item: Leftovers\n|upkeep\n|turn|10\n|inactive|Time left: 300 sec this turn | 300 sec total\n|\n|t:|1783568290\n|move|p2a: Sylveon|Protect|p2a: Sylveon\n|-singleturn|p2a: Sylveon|Protect\n|move|p1a: Alcremie|Calm Mind|p1a: Alcremie\n|-boost|p1a: Alcremie|spa|1\n|-boost|p1a: Alcremie|spd|1\n|\n|-heal|p1a: Alcremie|222/263|[from] item: Leftovers\n|-heal|p2a: Sylveon|100/100|[from] item: Leftovers\n|upkeep\n|turn|11\n|inactive|Time left: 300 sec this turn | 300 sec total\n|\n|t:|1783568290\n|move|p1a: Alcremie|Alluring Voice|p2a: Sylveon\n|-damage|p2a: Sylveon|58/100\n|move|p2a: Sylveon|Wish|p2a: Sylveon\n|\n|-heal|p1a: Alcremie|238/263|[from] item: Leftovers\n|-heal|p2a: Sylveon|64/100|[from] item: Leftovers\n|upkeep\n|turn|12\n|inactive|Time left: 300 sec this turn | 300 sec total\n|\n|t:|1783568291\n|move|p2a: Sylveon|Protect|p2a: Sylveon\n|-singleturn|p2a: Sylveon|Protect\n|move|p1a: Alcremie|Alluring Voice|p2a: Sylveon\n|-activate|p2a: Sylveon|move: Protect\n|\n|-heal|p2a: Sylveon|100/100|[from] move: Wish|[wisher] Sylveon\n|-heal|p1a: Alcremie|254/263|[from] item: Leftovers\n|upkeep\n|turn|13\n|inactive|Time left: 300 sec this turn | 300 sec total\n|\n|t:|1783568292\n|move|p1a: Alcremie|Alluring Voice|p2a: Sylveon\n|-damage|p2a: Sylveon|60/100\n|move|p2a: Sylveon|Wish|p2a: Sylveon\n|\n|-heal|p1a: Alcremie|263/263|[from] item: Leftovers\n|-heal|p2a: Sylveon|66/100|[from] item: Leftovers\n|upkeep\n|turn|14\n|inactive|Time left: 300 sec this turn | 300 sec total\n|\n|t:|1783568293\n|move|p2a: Sylveon|Protect|p2a: Sylveon\n|-singleturn|p2a: Sylveon|Protect\n|move|p1a: Alcremie|Alluring Voice|p2a: Sylveon\n|-activate|p2a: Sylveon|move: Protect\n|\n|-heal|p2a: Sylveon|100/100|[from] move: Wish|[wisher] Sylveon\n|upkeep\n|turn|15\n|inactive|Time left: 300 sec this turn | 300 sec total\n|\n|t:|1783568294\n|move|p1a: Alcremie|Alluring Voice|p2a: Sylveon\n|-damage|p2a: Sylveon|62/100\n|move|p2a: Sylveon|Wish|p2a: Sylveon\n|\n|-heal|p2a: Sylveon|68/100|[from] item: Leftovers\n|upkeep\n|turn|16\n|inactive|Time left: 300 sec this turn | 300 sec total\n|\n|t:|1783568295\n|move|p2a: Sylveon|Protect|p2a: Sylveon\n|-singleturn|p2a: Sylveon|Protect\n|move|p1a: Alcremie|Alluring Voice|p2a: Sylveon\n|-activate|p2a: Sylveon|move: Protect\n|\n|-heal|p2a: Sylveon|100/100|[from] move: Wish|[wisher] Sylveon\n|upkeep\n|turn|17\n|inactive|Time left: 300 sec this turn | 300 sec total\n|\n|t:|1783568296\n|move|p1a: Alcremie|Alluring Voice|p2a: Sylveon\n|-damage|p2a: Sylveon|57/100\n|move|p2a: Sylveon|Wish|p2a: Sylveon\n|\n|-heal|p2a: Sylveon|63/100|[from] item: Leftovers\n|upkeep\n|turn|18\n|inactive|Time left: 300 sec this turn | 300 sec total\n|\n|t:|1783568297\n|move|p2a: Sylveon|Protect|p2a: Sylveon\n|-singleturn|p2a: Sylveon|Protect\n|move|p1a: Alcremie|Alluring Voice|p2a: Sylveon\n|-activate|p2a: Sylveon|move: Protect\n|\n|-heal|p2a: Sylveon|100/100|[from] move: Wish|[wisher] Sylveon\n|upkeep\n|turn|19\n|inactive|Time left: 300 sec this turn | 300 sec total\n|\n|t:|1783568298\n|move|p1a: Alcremie|Alluring Voice|p2a: Sylveon\n|-damage|p2a: Sylveon|63/100\n|move|p2a: Sylveon|Calm Mind|p2a: Sylveon\n|-boost|p2a: Sylveon|spa|1\n|-boost|p2a: Sylveon|spd|1\n|\n|-heal|p2a: Sylveon|69/100|[from] item: Leftovers\n|upkeep\n|turn|20\n|inactive|Time left: 300 sec this turn | 300 sec total\n|\n|t:|1783568299\n|move|p2a: Sylveon|Protect|p2a: Sylveon\n|-singleturn|p2a: Sylveon|Protect\n|move|p1a: Alcremie|Alluring Voice|p2a: Sylveon\n|-activate|p2a: Sylveon|move: Protect\n|\n|-heal|p2a: Sylveon|75/100|[from] item: Leftovers\n|upkeep\n|turn|21\n|inactive|Time left: 300 sec this turn | 300 sec total\n|\n|t:|1783568300\n|move|p1a: Alcremie|Alluring Voice|p2a: Sylveon\n|-damage|p2a: Sylveon|45/100\n|move|p2a: Sylveon|Wish|p2a: Sylveon\n|\n|-heal|p2a: Sylveon|51/100|[from] item: Leftovers\n|upkeep\n|turn|22\n|inactive|Time left: 300 sec this turn | 300 sec total\n|\n|t:|1783568300\n|move|p2a: Sylveon|Protect|p2a: Sylveon\n|-singleturn|p2a: Sylveon|Protect\n|move|p1a: Alcremie|Alluring Voice|p2a: Sylveon\n|-activate|p2a: Sylveon|move: Protect\n|\n|-heal|p2a: Sylveon|100/100|[from] move: Wish|[wisher] Sylveon\n|upkeep\n|turn|23\n|inactive|Time left: 300 sec this turn | 300 sec total\n|\n|t:|1783568301\n|move|p1a: Alcremie|Alluring Voice|p2a: Sylveon\n|-damage|p2a: Sylveon|68/100\n|move|p2a: Sylveon|Wish|p2a: Sylveon\n|\n|-heal|p2a: Sylveon|74/100|[from] item: Leftovers\n|upkeep\n|turn|24\n|inactive|Time left: 300 sec this turn | 300 sec total\n|\n|t:|1783568302\n|move|p2a: Sylveon|Protect|p2a: Sylveon\n|-singleturn|p2a: Sylveon|Protect\n|move|p1a: Alcremie|Alluring Voice|p2a: Sylveon\n|-activate|p2a: Sylveon|move: Protect\n|\n|-heal|p2a: Sylveon|100/100|[from] move: Wish|[wisher] Sylveon\n|upkeep\n|turn|25\n|inactive|Time left: 300 sec this turn | 300 sec total\n|\n|t:|1783568303\n|move|p1a: Alcremie|Alluring Voice|p2a: Sylveon\n|-damage|p2a: Sylveon|67/100\n|move|p2a: Sylveon|Hyper Voice|p1a: Alcremie\n|-damage|p1a: Alcremie|190/263\n|\n|-heal|p1a: Alcremie|206/263|[from] item: Leftovers\n|-heal|p2a: Sylveon|73/100|[from] item: Leftovers\n|upkeep\n|turn|26\n|inactive|Time left: 300 sec this turn | 300 sec total\n|\n|t:|1783568304\n|switch|p2a: Bombirdier|Bombirdier, L85, M|100/100\n|move|p1a: Alcremie|Tera Blast|p2a: Bombirdier\n|-damage|p2a: Bombirdier|19/100\n|\n|-heal|p1a: Alcremie|222/263|[from] item: Leftovers\n|upkeep\n|turn|27\n|inactive|Time left: 300 sec this turn | 300 sec total\n|\n|t:|1783568304\n|move|p2a: Bombirdier|Brave Bird|p1a: Alcremie\n|-crit|p1a: Alcremie\n|-damage|p1a: Alcremie|0 fnt\n|faint|p1a: Alcremie\n|-damage|p2a: Bombirdier|0 fnt|[from] Recoil\n|faint|p2a: Bombirdier\n|\n|upkeep\n|inactive|Time left: 300 sec this turn | 300 sec total | 5 sec grace\n|\n|t:|1783568305\n|switch|p2a: Sylveon|Sylveon, L85, M|73/100\n|switch|p1a: Gogoat|Gogoat, L88, M|360/360\n|turn|28\n|inactive|Time left: 300 sec this turn | 300 sec total\n|\n|t:|1783568306\n|move|p1a: Gogoat|Bulk Up|p1a: Gogoat\n|-boost|p1a: Gogoat|atk|1\n|-boost|p1a: Gogoat|def|1\n|move|p2a: Sylveon|Calm Mind|p2a: Sylveon\n|-boost|p2a: Sylveon|spa|1\n|-boost|p2a: Sylveon|spd|1\n|\n|-heal|p2a: Sylveon|79/100|[from] item: Leftovers\n|upkeep\n|turn|29\n|inactive|Time left: 300 sec this turn | 300 sec total\n|\n|t:|1783568307\n|move|p2a: Sylveon|Protect|p2a: Sylveon\n|-singleturn|p2a: Sylveon|Protect\n|move|p1a: Gogoat|Bulk Up|p1a: Gogoat\n|-boost|p1a: Gogoat|atk|1\n|-boost|p1a: Gogoat|def|1\n|\n|-heal|p2a: Sylveon|85/100|[from] item: Leftovers\n|upkeep\n|turn|30\n|inactive|Time left: 300 sec this turn | 300 sec total\n|\n|t:|1783568308\n|-terastallize|p1a: Gogoat|Ground\n|move|p1a: Gogoat|Earthquake|p2a: Sylveon\n|-damage|p2a: Sylveon|0 fnt\n|faint|p2a: Sylveon\n|\n|upkeep\n|\n|t:|1783568309\n|switch|p2a: Palkia|Palkia-Origin, L72, tera:Dragon|100/100\n|-ability|p2a: Palkia|Pressure\n|turn|31\n|inactive|Time left: 300 sec this turn | 300 sec total\n|\n|t:|1783568310\n|move|p2a: Palkia|Hydro Pump|p1a: Gogoat|[miss]\n|-miss|p2a: Palkia|p1a: Gogoat\n|move|p1a: Gogoat|Earthquake|p2a: Palkia\n|-damage|p2a: Palkia|0 fnt\n|faint|p2a: Palkia\n|\n|upkeep\n|\n|t:|1783568311\n|switch|p2a: Dragapult|Dragapult, L77, M|100/100\n|turn|32\n|inactive|Time left: 300 sec this turn | 300 sec total\n|\n|t:|1783568312\n|move|p2a: Dragapult|Will-O-Wisp|p1a: Gogoat\n|-status|p1a: Gogoat|brn\n|move|p1a: Gogoat|Earthquake|p2a: Dragapult\n|-damage|p2a: Dragapult|44/100\n|\n|-damage|p1a: Gogoat|338/360 brn|[from] brn\n|upkeep\n|turn|33\n|inactive|Time left: 300 sec this turn | 300 sec total\n|\n|t:|1783568314\n|switch|p2a: Whimsicott|Whimsicott, L84, F|100/100\n|move|p1a: Gogoat|Earthquake|p2a: Whimsicott\n|-resisted|p2a: Whimsicott\n|-damage|p2a: Whimsicott|75/100\n|\n|-heal|p1a: Gogoat|360/360 brn|[from] item: Leftovers\n|-damage|p1a: Gogoat|338/360 brn|[from] brn\n|upkeep\n|turn|34\n|inactive|Time left: 300 sec this turn | 300 sec total\n|\n|t:|1783568315\n|move|p2a: Whimsicott|Moonblast|p1a: Gogoat\n|-damage|p1a: Gogoat|257/360 brn\n|-unboost|p1a: Gogoat|spa|1\n|move|p1a: Gogoat|Earthquake|p2a: Whimsicott\n|-resisted|p2a: Whimsicott\n|-damage|p2a: Whimsicott|49/100\n|\n|-heal|p1a: Gogoat|279/360 brn|[from] item: Leftovers\n|-damage|p1a: Gogoat|257/360 brn|[from] brn\n|upkeep\n|turn|35\n|inactive|Time left: 300 sec this turn | 300 sec total\n|\n|t:|1783568316\n|move|p2a: Whimsicott|Moonblast|p1a: Gogoat\n|-crit|p1a: Gogoat\n|-damage|p1a: Gogoat|127/360 brn\n|-unboost|p1a: Gogoat|spa|1\n|move|p1a: Gogoat|Earthquake|p2a: Whimsicott\n|-resisted|p2a: Whimsicott\n|-damage|p2a: Whimsicott|22/100\n|\n|-heal|p1a: Gogoat|149/360 brn|[from] item: Leftovers\n|-damage|p1a: Gogoat|127/360 brn|[from] brn\n|upkeep\n|turn|36\n|inactive|Time left: 300 sec this turn | 300 sec total\n|\n|t:|1783568317\n|move|p2a: Whimsicott|Moonblast|p1a: Gogoat\n|-damage|p1a: Gogoat|39/360 brn\n|-unboost|p1a: Gogoat|spa|1\n|move|p1a: Gogoat|Milk Drink|p1a: Gogoat\n|-heal|p1a: Gogoat|219/360 brn\n|\n|-heal|p1a: Gogoat|241/360 brn|[from] item: Leftovers\n|-damage|p1a: Gogoat|219/360 brn|[from] brn\n|upkeep\n|turn|37\n|inactive|Time left: 300 sec this turn | 300 sec total\n|\n|t:|1783568318\n|move|p2a: Whimsicott|Encore|p1a: Gogoat\n|-start|p1a: Gogoat|Encore\n|move|p1a: Gogoat|Milk Drink|p1a: Gogoat\n|-heal|p1a: Gogoat|360/360 brn\n|\n|-damage|p1a: Gogoat|338/360 brn|[from] brn\n|upkeep\n|turn|38\n|inactive|Time left: 300 sec this turn | 300 sec total\n|\n|t:|1783568319\n|switch|p1a: Rabsca|Rabsca, L91, M|182/284\n|move|p2a: Whimsicott|Moonblast|p1a: Rabsca\n|-damage|p1a: Rabsca|110/284\n|-unboost|p1a: Rabsca|spa|1\n|\n|upkeep\n|turn|39\n|inactive|Time left: 300 sec this turn | 300 sec total\n|\n|t:|1783568320\n|move|p2a: Whimsicott|U-turn|p1a: Rabsca\n|-supereffective|p1a: Rabsca\n|-damage|p1a: Rabsca|38/284\n|\n|t:|1783568321\n|switch|p2a: Dragapult|Dragapult, L77, M|44/100|[from] U-turn\n|move|p1a: Rabsca|Recover|p1a: Rabsca\n|-heal|p1a: Rabsca|180/284\n|\n|upkeep\n|turn|40\n|inactive|Time left: 300 sec this turn | 300 sec total\n|\n|t:|1783568322\n|move|p2a: Dragapult|Dragon Darts|p1a: Rabsca\n|-damage|p1a: Rabsca|132/284\n|-anim|p2a: Dragapult|Dragon Darts|p1a: Rabsca\n|-damage|p1a: Rabsca|83/284\n|move|p1a: Rabsca|Recover|p1a: Rabsca\n|-heal|p1a: Rabsca|225/284\n|\n|upkeep\n|turn|41\n|inactive|Time left: 300 sec this turn | 300 sec total\n|\n|t:|1783568323\n|move|p2a: Dragapult|Dragon Darts|p1a: Rabsca\n|-damage|p1a: Rabsca|174/284\n|-anim|p2a: Dragapult|Dragon Darts|p1a: Rabsca\n|-damage|p1a: Rabsca|122/284\n|move|p1a: Rabsca|Psychic|p2a: Dragapult\n|-damage|p2a: Dragapult|5/100\n|\n|upkeep\n|turn|42\n|inactive|Time left: 300 sec this turn | 300 sec total\n|\n|t:|1783568324\n|move|p2a: Dragapult|Hex|p1a: Rabsca\n|-supereffective|p1a: Rabsca\n|-damage|p1a: Rabsca|20/284\n|move|p1a: Rabsca|Recover|p1a: Rabsca\n|-heal|p1a: Rabsca|162/284\n|\n|upkeep\n|turn|43\n|inactive|Time left: 300 sec this turn | 300 sec total\n|\n|t:|1783568325\n|move|p2a: Dragapult|Hex|p1a: Rabsca\n|-supereffective|p1a: Rabsca\n|-damage|p1a: Rabsca|60/284\n|move|p1a: Rabsca|Recover|p1a: Rabsca\n|-heal|p1a: Rabsca|202/284\n|\n|upkeep\n|turn|44\n|inactive|Time left: 300 sec this turn | 300 sec total\n|\n|t:|1783568326\n|move|p2a: Dragapult|Hex|p1a: Rabsca\n|-supereffective|p1a: Rabsca\n|-damage|p1a: Rabsca|104/284\n|move|p1a: Rabsca|Recover|p1a: Rabsca\n|-heal|p1a: Rabsca|246/284\n|\n|upkeep\n|turn|45\n|inactive|Time left: 300 sec this turn | 300 sec total\n|\n|t:|1783568327\n|move|p2a: Dragapult|Hex|p1a: Rabsca\n|-supereffective|p1a: Rabsca\n|-damage|p1a: Rabsca|150/284\n|move|p1a: Rabsca|Recover|p1a: Rabsca\n|-heal|p1a: Rabsca|284/284\n|\n|upkeep\n|turn|46\n|inactive|Time left: 300 sec this turn | 300 sec total\n|\n|t:|1783568328\n|switch|p1a: Gogoat|Gogoat, L88, M, tera:Ground|338/360 brn\n|move|p2a: Dragapult|Hex|p1a: Gogoat\n|-damage|p1a: Gogoat|223/360 brn\n|\n|-heal|p1a: Gogoat|245/360 brn|[from] item: Leftovers\n|-damage|p1a: Gogoat|223/360 brn|[from] brn\n|upkeep\n|turn|47\n|inactive|Time left: 300 sec this turn | 300 sec total\n|\n|t:|1783568328\n|move|p2a: Dragapult|Dragon Darts|p1a: Gogoat\n|-damage|p1a: Gogoat|160/360 brn\n|-anim|p2a: Dragapult|Dragon Darts|p1a: Gogoat\n|-damage|p1a: Gogoat|97/360 brn\n|move|p1a: Gogoat|Milk Drink|p1a: Gogoat\n|-heal|p1a: Gogoat|277/360 brn\n|\n|-heal|p1a: Gogoat|299/360 brn|[from] item: Leftovers\n|-damage|p1a: Gogoat|277/360 brn|[from] brn\n|upkeep\n|turn|48\n|inactive|Time left: 300 sec this turn | 300 sec total\n|\n|t:|1783568329\n|move|p2a: Dragapult|Hex|p1a: Gogoat\n|-damage|p1a: Gogoat|154/360 brn\n|move|p1a: Gogoat|Bulk Up|p1a: Gogoat\n|-boost|p1a: Gogoat|atk|1\n|-boost|p1a: Gogoat|def|1\n|\n|-heal|p1a: Gogoat|176/360 brn|[from] item: Leftovers\n|-damage|p1a: Gogoat|154/360 brn|[from] brn\n|upkeep\n|turn|49\n|inactive|Time left: 300 sec this turn | 300 sec total\n|\n|t:|1783568330\n|move|p2a: Dragapult|Hex|p1a: Gogoat\n|-damage|p1a: Gogoat|36/360 brn\n|move|p1a: Gogoat|Milk Drink|p1a: Gogoat\n|-heal|p1a: Gogoat|216/360 brn\n|\n|-heal|p1a: Gogoat|238/360 brn|[from] item: Leftovers\n|-damage|p1a: Gogoat|216/360 brn|[from] brn\n|upkeep\n|turn|50\n|inactive|Time left: 300 sec this turn | 300 sec total\n|\n|t:|1783568331\n|move|p2a: Dragapult|Hex|p1a: Gogoat\n|-damage|p1a: Gogoat|89/360 brn\n|move|p1a: Gogoat|Milk Drink|p1a: Gogoat\n|-heal|p1a: Gogoat|269/360 brn\n|\n|-heal|p1a: Gogoat|291/360 brn|[from] item: Leftovers\n|-damage|p1a: Gogoat|269/360 brn|[from] brn\n|upkeep\n|turn|51\n|inactive|Time left: 300 sec this turn | 300 sec total\n|\n|t:|1783568331\n|move|p2a: Dragapult|Hex|p1a: Gogoat\n|-damage|p1a: Gogoat|149/360 brn\n|move|p1a: Gogoat|Milk Drink|p1a: Gogoat\n|-heal|p1a: Gogoat|329/360 brn\n|\n|-heal|p1a: Gogoat|351/360 brn|[from] item: Leftovers\n|-damage|p1a: Gogoat|329/360 brn|[from] brn\n|upkeep\n|turn|52\n|inactive|Time left: 300 sec this turn | 300 sec total\n|\n|t:|1783568332\n|move|p2a: Dragapult|Hex|p1a: Gogoat\n|-crit|p1a: Gogoat\n|-damage|p1a: Gogoat|157/360 brn\n|move|p1a: Gogoat|Bulk Up|p1a: Gogoat\n|-boost|p1a: Gogoat|atk|1\n|-boost|p1a: Gogoat|def|1\n|\n|-heal|p1a: Gogoat|179/360 brn|[from] item: Leftovers\n|-damage|p1a: Gogoat|157/360 brn|[from] brn\n|upkeep\n|turn|53\n|inactive|Time left: 300 sec this turn | 300 sec total\n|\n|t:|1783568333\n|move|p2a: Dragapult|Hex|p1a: Gogoat\n|-damage|p1a: Gogoat|39/360 brn\n|move|p1a: Gogoat|Milk Drink|p1a: Gogoat\n|-heal|p1a: Gogoat|219/360 brn\n|\n|-heal|p1a: Gogoat|241/360 brn|[from] item: Leftovers\n|-damage|p1a: Gogoat|219/360 brn|[from] brn\n|upkeep\n|turn|54\n|inactive|Time left: 300 sec this turn | 300 sec total\n|\n|t:|1783568334\n|move|p2a: Dragapult|Hex|p1a: Gogoat\n|-damage|p1a: Gogoat|105/360 brn\n|move|p1a: Gogoat|Milk Drink|p1a: Gogoat\n|-heal|p1a: Gogoat|285/360 brn\n|\n|-heal|p1a: Gogoat|307/360 brn|[from] item: Leftovers\n|-damage|p1a: Gogoat|285/360 brn|[from] brn\n|upkeep\n|turn|55\n|inactive|Time left: 300 sec this turn | 300 sec total\n|\n|t:|1783568335\n|move|p2a: Dragapult|Hex|p1a: Gogoat\n|-damage|p1a: Gogoat|161/360 brn\n|move|p1a: Gogoat|Horn Leech|p2a: Dragapult\n|-resisted|p2a: Dragapult\n|-damage|p2a: Dragapult|0 fnt\n|-heal|p1a: Gogoat|168/360 brn|[from] drain|[of] p2a: Dragapult\n|faint|p2a: Dragapult\n|\n|-heal|p1a: Gogoat|190/360 brn|[from] item: Leftovers\n|-damage|p1a: Gogoat|168/360 brn|[from] brn\n|upkeep\n|\n|t:|1783568336\n|switch|p2a: Whimsicott|Whimsicott, L84, F|22/100\n|turn|56\n|inactive|Time left: 300 sec this turn | 300 sec total\n|\n|t:|1783568337\n|move|p2a: Whimsicott|Encore|p1a: Gogoat\n|-start|p1a: Gogoat|Encore\n|move|p1a: Gogoat|Horn Leech|p2a: Whimsicott\n|-resisted|p2a: Whimsicott\n|-damage|p2a: Whimsicott|3/100\n|-heal|p1a: Gogoat|191/360 brn|[from] drain|[of] p2a: Whimsicott\n|\n|-heal|p1a: Gogoat|213/360 brn|[from] item: Leftovers\n|-damage|p1a: Gogoat|191/360 brn|[from] brn\n|upkeep\n|turn|57\n|inactive|Time left: 300 sec this turn | 300 sec total\n|\n|t:|1783568338\n|move|p2a: Whimsicott|Moonblast|p1a: Gogoat\n|-damage|p1a: Gogoat|103/360 brn\n|-unboost|p1a: Gogoat|spa|1\n|move|p1a: Gogoat|Horn Leech|p2a: Whimsicott\n|-resisted|p2a: Whimsicott\n|-damage|p2a: Whimsicott|0 fnt\n|-heal|p1a: Gogoat|106/360 brn|[from] drain|[of] p2a: Whimsicott\n|faint|p2a: Whimsicott\n|\n|-heal|p1a: Gogoat|128/360 brn|[from] item: Leftovers\n|-damage|p1a: Gogoat|106/360 brn|[from] brn\n|upkeep\n|\n|t:|1783568339\n|switch|p2a: Blissey|Blissey, L85, F|100/100\n|turn|58\n|inactive|Time left: 300 sec this turn | 300 sec total\n|\n|t:|1783568340\n|switch|p1a: Pawmot|Pawmot, L80, F|243/243\n|move|p2a: Blissey|Soft-Boiled||[still]\n|-fail|p2a: Blissey|heal\n|\n|upkeep\n|turn|59\n|inactive|Time left: 300 sec this turn | 300 sec total\n|\n|t:|1783568341\n|move|p1a: Pawmot|Close Combat|p2a: Blissey\n|-supereffective|p2a: Blissey\n|-damage|p2a: Blissey|0 fnt\n|-unboost|p1a: Pawmot|def|1\n|-unboost|p1a: Pawmot|spd|1\n|faint|p2a: Blissey\n|-damage|p1a: Pawmot|219/243|[from] item: Life Orb\n|\n|win|p0x2527fa3c", "uploadtime": 1783568341, "views": 0, "rating": 0, "private": 0, "password": null, "_winner": "p0x2527fa3c", "_our_name": "p0x2527fa3c"}