{"id": "battle-gen9randombattle-2932", "formatid": "gen9randombattle", "format": "[Gen 9] Random Battle", "players": ["p0x2932e434", "p0y29327803"], "log": "|init|battle\n|title|p0x2932e434 vs. p0y29327803\n|j|\u2606p0x2932e434\n|j|\u2606p0y29327803\n|t:|1783573759\n|gametype|singles\n|player|p1|p0x2932e434|266|\n|player|p2|p0y29327803|2|\n|gen|9\n|tier|[Gen 9] Random Battle\n|rule|Species Clause: Limit one of each Pok\u00e9mon\n|rule|HP Percentage Mod: HP is shown in percentages\n|rule|Sleep Clause Mod: Limit one foe put to sleep\n|rule|Illusion Level Mod: Illusion disguises the Pok\u00e9mon's true level\n|\n|t:|1783573759\n|teamsize|p1|6\n|teamsize|p2|6\n|start\n|switch|p1a: Staraptor|Staraptor, L79, M|100/100\n|switch|p2a: Chi-Yu|Chi-Yu, L77|211/211\n|-ability|p2a: Chi-Yu|Beads of Ruin\n|turn|1\n|inactive|Battle timer is ON: inactive players will automatically lose when time's up. (requested by p0y29327803)\n|\n|t:|1783573760\n|switch|p2a: Slaking|Slaking, L84, M|389/389\n|move|p1a: Staraptor|Brave Bird|p2a: Slaking\n|-damage|p2a: Slaking|166/389\n|-damage|p1a: Staraptor|72/100|[from] Recoil\n|\n|upkeep\n|turn|2\n|inactive|Time left: 300 sec this turn | 300 sec total | 60 sec grace\n|inactive|p0x2932e434 also wants the timer to be on.\n|\n|t:|1783573761\n|switch|p1a: Copperajah|Copperajah, L86, F|100/100\n|move|p2a: Slaking|Giga Impact|p1a: Copperajah\n|-resisted|p1a: Copperajah\n|-damage|p1a: Copperajah|37/100\n|-mustrecharge|p2a: Slaking\n|\n|upkeep\n|turn|3\n|inactive|Time left: 300 sec this turn | 300 sec total\n|\n|t:|1783573763\n|cant|p2a: Slaking|recharge\n|move|p1a: Copperajah|Heavy Slam|p2a: Slaking\n|-damage|p2a: Slaking|0 fnt\n|faint|p2a: Slaking\n|\n|upkeep\n|inactive|Time left: 300 sec this turn | 300 sec total | 5 sec grace\n|\n|t:|1783573764\n|switch|p2a: Chi-Yu|Chi-Yu, L77|211/211\n|-ability|p2a: Chi-Yu|Beads of Ruin\n|turn|4\n|inactive|Time left: 300 sec this turn | 300 sec total\n|\n|t:|1783573764\n|move|p2a: Chi-Yu|Dark Pulse|p1a: Copperajah\n|-damage|p1a: Copperajah|0 fnt\n|faint|p1a: Copperajah\n|\n|upkeep\n|\n|t:|1783573765\n|switch|p1a: Staraptor|Staraptor, L79, M|72/100\n|turn|5\n|inactive|Time left: 300 sec this turn | 300 sec total\n|\n|t:|1783573766\n|switch|p2a: Pecharunt|Pecharunt, L77|262/262\n|move|p1a: Staraptor|Brave Bird|p2a: Pecharunt\n|-damage|p2a: Pecharunt|102/262\n|-damage|p1a: Staraptor|52/100|[from] Recoil\n|\n|-heal|p2a: Pecharunt|118/262|[from] item: Leftovers\n|upkeep\n|turn|6\n|inactive|Time left: 300 sec this turn | 300 sec total\n|\n|t:|1783573768\n|move|p1a: Staraptor|Brave Bird|p2a: Pecharunt\n|-damage|p2a: Pecharunt|0 fnt\n|faint|p2a: Pecharunt\n|-damage|p1a: Staraptor|37/100|[from] Recoil\n|\n|upkeep\n|inactive|Time left: 300 sec this turn | 300 sec total | 5 sec grace\n|\n|t:|1783573768\n|switch|p2a: Zapdos|Zapdos-Galar, L77|265/265\n|turn|7\n|inactive|Time left: 300 sec this turn | 300 sec total\n|\n|t:|1783573769\n|-terastallize|p2a: Zapdos|Steel\n|move|p1a: Staraptor|Brave Bird|p2a: Zapdos\n|-resisted|p2a: Zapdos\n|-damage|p2a: Zapdos|143/265\n|-damage|p1a: Staraptor|22/100|[from] Recoil\n|move|p2a: Zapdos|Brave Bird|p1a: Staraptor\n|-damage|p1a: Staraptor|0 fnt\n|faint|p1a: Staraptor\n|-damage|p2a: Zapdos|124/265|[from] Recoil\n|-damage|p2a: Zapdos|98/265|[from] item: Life Orb\n|\n|upkeep\n|\n|t:|1783573770\n|switch|p1a: Toxtricity|Toxtricity, L82, M|100/100\n|turn|8\n|inactive|Time left: 300 sec this turn | 300 sec total\n|\n|t:|1783573771\n|move|p1a: Toxtricity|Boomburst|p2a: Zapdos\n|-resisted|p2a: Zapdos\n|-damage|p2a: Zapdos|29/265\n|move|p2a: Zapdos|Knock Off|p1a: Toxtricity\n|-damage|p1a: Toxtricity|57/100\n|-enditem|p1a: Toxtricity|Choice Scarf|[from] move: Knock Off|[of] p2a: Zapdos\n|-damage|p2a: Zapdos|3/265|[from] item: Life Orb\n|\n|upkeep\n|turn|9\n|inactive|Time left: 300 sec this turn | 300 sec total\n|\n|t:|1783573772\n|switch|p1a: Ampharos|Ampharos, L88, M|100/100\n|move|p2a: Zapdos|Close Combat|p1a: Ampharos\n|-damage|p1a: Ampharos|50/100\n|-unboost|p2a: Zapdos|def|1\n|-unboost|p2a: Zapdos|spd|1\n|-status|p2a: Zapdos|par|[from] ability: Static|[of] p1a: Ampharos\n|-damage|p2a: Zapdos|0 fnt|[from] item: Life Orb\n|faint|p2a: Zapdos\n|\n|upkeep\n|inactive|Time left: 300 sec this turn | 300 sec total | 5 sec grace\n|\n|t:|1783573773\n|switch|p2a: Chi-Yu|Chi-Yu, L77|211/211\n|-ability|p2a: Chi-Yu|Beads of Ruin\n|turn|10\n|inactive|Time left: 300 sec this turn | 300 sec total\n|\n|t:|1783573774\n|move|p2a: Chi-Yu|Flamethrower|p1a: Ampharos\n|-damage|p1a: Ampharos|9/100\n|move|p1a: Ampharos|Discharge|p2a: Chi-Yu\n|-damage|p2a: Chi-Yu|112/211\n|\n|upkeep\n|turn|11\n|inactive|Time left: 300 sec this turn | 300 sec total\n|\n|t:|1783573775\n|move|p2a: Chi-Yu|Flamethrower|p1a: Ampharos\n|-damage|p1a: Ampharos|0 fnt\n|faint|p1a: Ampharos\n|\n|upkeep\n|\n|t:|1783573776\n|switch|p1a: Sandslash|Sandslash, L89, M|100/100\n|turn|12\n|inactive|Time left: 300 sec this turn | 300 sec total\n|\n|t:|1783573777\n|move|p2a: Chi-Yu|Flamethrower|p1a: Sandslash\n|-damage|p1a: Sandslash|32/100\n|move|p1a: Sandslash|Earthquake|p2a: Chi-Yu\n|-supereffective|p2a: Chi-Yu\n|-damage|p2a: Chi-Yu|0 fnt\n|faint|p2a: Chi-Yu\n|\n|upkeep\n|inactive|Time left: 300 sec this turn | 300 sec total | 5 sec grace\n|\n|t:|1783573778\n|switch|p2a: Heracross|Heracross, L80, F|259/259\n|turn|13\n|inactive|Time left: 300 sec this turn | 300 sec total\n|\n|t:|1783573779\n|switch|p1a: Hawlucha|Hawlucha, L80, F|100/100\n|move|p2a: Heracross|Close Combat|p1a: Hawlucha\n|-resisted|p1a: Hawlucha\n|-damage|p1a: Hawlucha|69/100\n|-unboost|p2a: Heracross|def|1\n|-unboost|p2a: Heracross|spd|1\n|\n|-status|p2a: Heracross|brn|[from] item: Flame Orb\n|upkeep\n|turn|14\n|inactive|Time left: 300 sec this turn | 300 sec total\n|\n|t:|1783573780\n|switch|p2a: Kyogre|Kyogre, L71|259/259\n|-weather|RainDance|[from] ability: Drizzle|[of] p2a: Kyogre\n|move|p1a: Hawlucha|Brave Bird|p2a: Kyogre\n|-damage|p2a: Kyogre|126/259\n|-damage|p1a: Hawlucha|52/100|[from] Recoil\n|\n|-weather|RainDance|[upkeep]\n|-heal|p2a: Kyogre|142/259|[from] item: Leftovers\n|upkeep\n|turn|15\n|inactive|Time left: 300 sec this turn | 300 sec total\n|\n|t:|1783573781\n|switch|p2a: Heracross|Heracross, L80, F|259/259 brn\n|-terastallize|p1a: Hawlucha|Fighting\n|move|p1a: Hawlucha|Close Combat|p2a: Heracross\n|-resisted|p2a: Heracross\n|-damage|p2a: Heracross|177/259 brn\n|-unboost|p1a: Hawlucha|def|1\n|-unboost|p1a: Hawlucha|spd|1\n|-enditem|p1a: Hawlucha|White Herb\n|-clearnegativeboost|p1a: Hawlucha|[silent]\n|\n|-weather|RainDance|[upkeep]\n|-damage|p2a: Heracross|161/259 brn|[from] brn\n|upkeep\n|turn|16\n|inactive|Time left: 300 sec this turn | 300 sec total\n|\n|t:|1783573782\n|switch|p2a: Kyogre|Kyogre, L71|142/259\n|move|p1a: Hawlucha|Brave Bird|p2a: Kyogre\n|-damage|p2a: Kyogre|6/259\n|-damage|p1a: Hawlucha|34/100|[from] Recoil\n|\n|-weather|RainDance|[upkeep]\n|-heal|p2a: Kyogre|22/259|[from] item: Leftovers\n|upkeep\n|turn|17\n|inactive|Time left: 300 sec this turn | 300 sec total\n|\n|t:|1783573783\n|move|p1a: Hawlucha|Brave Bird|p2a: Kyogre\n|-damage|p2a: Kyogre|0 fnt\n|faint|p2a: Kyogre\n|-damage|p1a: Hawlucha|31/100|[from] Recoil\n|\n|-weather|RainDance|[upkeep]\n|upkeep\n|inactive|Time left: 300 sec this turn | 300 sec total | 5 sec grace\n|\n|t:|1783573784\n|switch|p2a: Heracross|Heracross, L80, F|161/259 brn\n|turn|18\n|inactive|Time left: 300 sec this turn | 300 sec total\n|\n|t:|1783573785\n|move|p1a: Hawlucha|Brave Bird|p2a: Heracross\n|-supereffective|p2a: Heracross\n|-damage|p2a: Heracross|0 fnt\n|faint|p2a: Heracross\n|-damage|p1a: Hawlucha|11/100|[from] Recoil\n|\n|win|p0x2932e434", "uploadtime": 1783573785, "views": 0, "rating": 0, "private": 0, "password": null, "_winner": "p0x2932e434", "_our_name": "p0y29327803"}