{"id": "battle-gen9randombattle-354", "formatid": "gen9randombattle", "format": "[Gen 9] Random Battle", "players": ["p0x35479a1", "p0y354c8a0"], "log": "|init|battle\n|title|p0x35479a1 vs. p0y354c8a0\n|j|\u2606p0x35479a1\n|j|\u2606p0y354c8a0\n|t:|1783543235\n|gametype|singles\n|player|p1|p0x35479a1|1|\n|player|p2|p0y354c8a0|1|\n|gen|9\n|tier|[Gen 9] Random Battle\n|rule|Species Clause: Limit one of each Pok\u00e9mon\n|rule|HP Percentage Mod: HP is shown in percentages\n|rule|Sleep Clause Mod: Limit one foe put to sleep\n|rule|Illusion Level Mod: Illusion disguises the Pok\u00e9mon's true level\n|\n|t:|1783543235\n|teamsize|p1|6\n|teamsize|p2|6\n|start\n|switch|p1a: Jumpluff|Jumpluff, L87, F|100/100\n|switch|p2a: Sandy Shocks|Sandy Shocks, L80|267/267\n|turn|1\n|inactive|Battle timer is ON: inactive players will automatically lose when time's up. (requested by p0x35479a1)\n|inactive|Time left: 300 sec this turn | 300 sec total | 60 sec grace\n|inactive|p0y354c8a0 also wants the timer to be on.\n|\n|t:|1783543236\n|move|p1a: Jumpluff|Acrobatics|p2a: Sandy Shocks\n|-resisted|p2a: Sandy Shocks\n|-damage|p2a: Sandy Shocks|228/267\n|move|p2a: Sandy Shocks|Volt Switch|p1a: Jumpluff\n|-damage|p1a: Jumpluff|72/100\n|inactive|Time left: 300 sec this turn | 300 sec total | 65 sec grace\n|\n|t:|1783543237\n|-end|p2a: Sandy Shocks|Protosynthesis|[silent]\n|switch|p2a: Rayquaza|Rayquaza, L72|270/270|[from] Volt Switch\n|-ability|p2a: Rayquaza|Air Lock\n|\n|upkeep\n|turn|2\n|inactive|Time left: 300 sec this turn | 300 sec total\n|\n|t:|1783543239\n|move|p1a: Jumpluff|Strength Sap|p2a: Rayquaza\n|-unboost|p2a: Rayquaza|atk|1\n|-heal|p1a: Jumpluff|100/100\n|move|p2a: Rayquaza|Dragon Dance|p2a: Rayquaza\n|-boost|p2a: Rayquaza|atk|1\n|-boost|p2a: Rayquaza|spe|1\n|\n|upkeep\n|turn|3\n|inactive|Time left: 300 sec this turn | 300 sec total\n|\n|t:|1783543240\n|switch|p1a: Copperajah|Copperajah, L86, M|100/100\n|move|p2a: Rayquaza|Dragon Ascent|p1a: Copperajah\n|-resisted|p1a: Copperajah\n|-damage|p1a: Copperajah|78/100\n|-unboost|p2a: Rayquaza|def|1\n|-unboost|p2a: Rayquaza|spd|1\n|\n|upkeep\n|turn|4\n|inactive|Time left: 300 sec this turn | 300 sec total\n|\n|t:|1783543242\n|switch|p2a: Sandy Shocks|Sandy Shocks, L80|228/267\n|move|p1a: Copperajah|Heavy Slam|p2a: Sandy Shocks\n|-resisted|p2a: Sandy Shocks\n|-damage|p2a: Sandy Shocks|114/267\n|\n|upkeep\n|turn|5\n|inactive|Time left: 300 sec this turn | 300 sec total\n|\n|t:|1783543243\n|-terastallize|p2a: Sandy Shocks|Ground\n|move|p2a: Sandy Shocks|Earth Power|p1a: Copperajah\n|-supereffective|p1a: Copperajah\n|-damage|p1a: Copperajah|0 fnt\n|faint|p1a: Copperajah\n|\n|upkeep\n|\n|t:|1783543243\n|switch|p1a: Brambleghast|Brambleghast, L88, M|100/100\n|turn|6\n|inactive|Time left: 300 sec this turn | 300 sec total\n|\n|t:|1783543245\n|-end|p2a: Sandy Shocks|Protosynthesis|[silent]\n|switch|p2a: Rayquaza|Rayquaza, L72|270/270\n|-ability|p2a: Rayquaza|Air Lock\n|move|p1a: Brambleghast|Poltergeist|p2a: Rayquaza\n|-activate|p2a: Rayquaza|move: Poltergeist|Heavy-Duty Boots\n|-damage|p2a: Rayquaza|104/270\n|\n|upkeep\n|turn|7\n|inactive|Time left: 300 sec this turn | 300 sec total\n|\n|t:|1783543246\n|move|p1a: Brambleghast|Poltergeist|p2a: Rayquaza|[miss]\n|-miss|p1a: Brambleghast|p2a: Rayquaza\n|move|p2a: Rayquaza|Dragon Ascent|p1a: Brambleghast\n|-supereffective|p1a: Brambleghast\n|-crit|p1a: Brambleghast\n|-damage|p1a: Brambleghast|0 fnt\n|-unboost|p2a: Rayquaza|def|1\n|-unboost|p2a: Rayquaza|spd|1\n|faint|p1a: Brambleghast\n|\n|upkeep\n|\n|t:|1783543247\n|switch|p1a: Greedent|Greedent, L86, M|100/100\n|turn|8\n|inactive|Time left: 300 sec this turn | 300 sec total\n|\n|t:|1783543248\n|move|p2a: Rayquaza|Outrage|p1a: Greedent\n|-damage|p1a: Greedent|66/100\n|move|p1a: Greedent|Swords Dance|p1a: Greedent\n|-boost|p1a: Greedent|atk|2\n|\n|upkeep\n|turn|9\n|inactive|Time left: 300 sec this turn | 300 sec total\n|\n|t:|1783543249\n|move|p2a: Rayquaza|Outrage|p1a: Greedent|[from] lockedmove\n|-damage|p1a: Greedent|31/100\n|-enditem|p1a: Greedent|Sitrus Berry|[eat]\n|-heal|p1a: Greedent|56/100|[from] item: Sitrus Berry\n|-heal|p1a: Greedent|89/100|[from] ability: Cheek Pouch\n|move|p1a: Greedent|Knock Off|p2a: Rayquaza\n|-damage|p2a: Rayquaza|0 fnt\n|-enditem|p2a: Rayquaza|Heavy-Duty Boots|[from] move: Knock Off|[of] p1a: Greedent\n|faint|p2a: Rayquaza\n|\n|upkeep\n|inactive|Time left: 300 sec this turn | 300 sec total | 5 sec grace\n|\n|t:|1783543250\n|switch|p2a: Hitmonchan|Hitmonchan, L87, M|229/229\n|turn|10\n|inactive|Time left: 300 sec this turn | 300 sec total\n|\n|t:|1783543251\n|move|p2a: Hitmonchan|Drain Punch|p1a: Greedent\n|-supereffective|p1a: Greedent\n|-damage|p1a: Greedent|20/100\n|-damage|p2a: Hitmonchan|207/229|[from] item: Life Orb\n|move|p1a: Greedent|Double-Edge|p2a: Hitmonchan\n|-damage|p2a: Hitmonchan|0 fnt\n|faint|p2a: Hitmonchan\n|-damage|p1a: Greedent|1/100|[from] Recoil\n|\n|upkeep\n|inactive|Time left: 300 sec this turn | 300 sec total | 5 sec grace\n|\n|t:|1783543252\n|switch|p2a: Rabsca|Rabsca, L91, M|284/284\n|turn|11\n|inactive|Time left: 300 sec this turn | 300 sec total\n|\n|t:|1783543253\n|move|p2a: Rabsca|Bug Buzz|p1a: Greedent\n|-damage|p1a: Greedent|0 fnt\n|faint|p1a: Greedent\n|\n|upkeep\n|\n|t:|1783543254\n|switch|p1a: Jumpluff|Jumpluff, L87, F|100/100\n|turn|12\n|inactive|Time left: 300 sec this turn | 300 sec total\n|\n|t:|1783543255\n|switch|p2a: Latias|Latias, L79, F|256/256\n|move|p1a: Jumpluff|Acrobatics|p2a: Latias\n|-damage|p2a: Latias|174/256\n|\n|upkeep\n|turn|13\n|inactive|Time left: 300 sec this turn | 300 sec total\n|\n|t:|1783543256\n|move|p1a: Jumpluff|Leech Seed|p2a: Latias\n|-start|p2a: Latias|move: Leech Seed\n|move|p2a: Latias|Calm Mind|p2a: Latias\n|-boost|p2a: Latias|spa|1\n|-boost|p2a: Latias|spd|1\n|\n|-damage|p2a: Latias|142/256|[from] Leech Seed|[of] p1a: Jumpluff\n|upkeep\n|turn|14\n|inactive|Time left: 300 sec this turn | 300 sec total\n|\n|t:|1783543257\n|move|p1a: Jumpluff|Acrobatics|p2a: Latias\n|-crit|p2a: Latias\n|-damage|p2a: Latias|1/256\n|move|p2a: Latias|Recover|p2a: Latias\n|-heal|p2a: Latias|129/256\n|\n|-damage|p2a: Latias|97/256|[from] Leech Seed|[of] p1a: Jumpluff\n|upkeep\n|turn|15\n|inactive|Time left: 300 sec this turn | 300 sec total\n|\n|t:|1783543258\n|move|p1a: Jumpluff|Acrobatics|p2a: Latias\n|-damage|p2a: Latias|13/256\n|move|p2a: Latias|Recover|p2a: Latias\n|-heal|p2a: Latias|141/256\n|\n|-damage|p2a: Latias|109/256|[from] Leech Seed|[of] p1a: Jumpluff\n|upkeep\n|turn|16\n|inactive|Time left: 300 sec this turn | 300 sec total\n|\n|t:|1783543259\n|move|p1a: Jumpluff|Acrobatics|p2a: Latias\n|-damage|p2a: Latias|25/256\n|move|p2a: Latias|Recover|p2a: Latias\n|-heal|p2a: Latias|153/256\n|\n|-damage|p2a: Latias|121/256|[from] Leech Seed|[of] p1a: Jumpluff\n|upkeep\n|turn|17\n|inactive|Time left: 300 sec this turn | 300 sec total\n|\n|t:|1783543261\n|move|p1a: Jumpluff|Acrobatics|p2a: Latias\n|-damage|p2a: Latias|37/256\n|move|p2a: Latias|Recover|p2a: Latias\n|-heal|p2a: Latias|165/256\n|\n|-damage|p2a: Latias|133/256|[from] Leech Seed|[of] p1a: Jumpluff\n|upkeep\n|turn|18\n|inactive|Time left: 300 sec this turn | 300 sec total\n|\n|t:|1783543262\n|move|p1a: Jumpluff|Acrobatics|p2a: Latias\n|-damage|p2a: Latias|52/256\n|move|p2a: Latias|Recover|p2a: Latias\n|-heal|p2a: Latias|180/256\n|\n|-damage|p2a: Latias|148/256|[from] Leech Seed|[of] p1a: Jumpluff\n|upkeep\n|turn|19\n|inactive|Time left: 300 sec this turn | 300 sec total\n|\n|t:|1783543263\n|move|p1a: Jumpluff|Acrobatics|p2a: Latias\n|-damage|p2a: Latias|63/256\n|move|p2a: Latias|Recover|p2a: Latias\n|-heal|p2a: Latias|191/256\n|\n|-damage|p2a: Latias|159/256|[from] Leech Seed|[of] p1a: Jumpluff\n|upkeep\n|turn|20\n|inactive|Time left: 300 sec this turn | 300 sec total\n|\n|t:|1783543264\n|move|p1a: Jumpluff|Acrobatics|p2a: Latias\n|-damage|p2a: Latias|68/256\n|move|p2a: Latias|Recover|p2a: Latias\n|-heal|p2a: Latias|196/256\n|\n|-damage|p2a: Latias|164/256|[from] Leech Seed|[of] p1a: Jumpluff\n|upkeep\n|turn|21\n|inactive|Time left: 300 sec this turn | 300 sec total\n|\n|t:|1783543265\n|move|p1a: Jumpluff|Acrobatics|p2a: Latias\n|-crit|p2a: Latias\n|-damage|p2a: Latias|46/256\n|move|p2a: Latias|Recover|p2a: Latias\n|-heal|p2a: Latias|174/256\n|\n|-damage|p2a: Latias|142/256|[from] Leech Seed|[of] p1a: Jumpluff\n|upkeep\n|turn|22\n|inactive|Time left: 300 sec this turn | 300 sec total\n|\n|t:|1783543266\n|move|p1a: Jumpluff|Acrobatics|p2a: Latias\n|-damage|p2a: Latias|51/256\n|move|p2a: Latias|Psyshock|p1a: Jumpluff\n|-damage|p1a: Jumpluff|37/100\n|\n|-damage|p2a: Latias|19/256|[from] Leech Seed|[of] p1a: Jumpluff\n|-heal|p1a: Jumpluff|49/100|[silent]\n|upkeep\n|turn|23\n|inactive|Time left: 300 sec this turn | 300 sec total\n|\n|t:|1783543267\n|switch|p2a: Pachirisu|Pachirisu, L96, F|271/271\n|move|p1a: Jumpluff|Strength Sap|p2a: Pachirisu\n|-unboost|p2a: Pachirisu|atk|1\n|-heal|p1a: Jumpluff|100/100\n|\n|upkeep\n|turn|24\n|inactive|Time left: 300 sec this turn | 300 sec total\n|\n|t:|1783543268\n|move|p1a: Jumpluff|Substitute|p1a: Jumpluff\n|-start|p1a: Jumpluff|Substitute\n|-damage|p1a: Jumpluff|76/100\n|move|p2a: Pachirisu|Super Fang|p1a: Jumpluff\n|-end|p1a: Jumpluff|Substitute\n|\n|upkeep\n|turn|25\n|inactive|Time left: 300 sec this turn | 300 sec total\n|\n|t:|1783543269\n|move|p1a: Jumpluff|Acrobatics|p2a: Pachirisu\n|-resisted|p2a: Pachirisu\n|-damage|p2a: Pachirisu|232/271\n|move|p2a: Pachirisu|Super Fang|p1a: Jumpluff\n|-damage|p1a: Jumpluff|38/100\n|\n|upkeep\n|turn|26\n|inactive|Time left: 300 sec this turn | 300 sec total\n|\n|t:|1783543270\n|move|p1a: Jumpluff|Strength Sap|p2a: Pachirisu\n|-unboost|p2a: Pachirisu|atk|1\n|-heal|p1a: Jumpluff|73/100\n|move|p2a: Pachirisu|U-turn|p1a: Jumpluff\n|-damage|p1a: Jumpluff|65/100\n|inactive|Time left: 300 sec this turn | 300 sec total | 5 sec grace\n|\n|t:|1783543272\n|switch|p2a: Sandy Shocks|Sandy Shocks, L80, tera:Ground|114/267|[from] U-turn\n|\n|upkeep\n|turn|27\n|inactive|Time left: 300 sec this turn | 300 sec total\n|\n|t:|1783543273\n|move|p1a: Jumpluff|Acrobatics|p2a: Sandy Shocks\n|-damage|p2a: Sandy Shocks|35/267\n|move|p2a: Sandy Shocks|Thunderbolt|p1a: Jumpluff\n|-damage|p1a: Jumpluff|30/100\n|\n|upkeep\n|turn|28\n|inactive|Time left: 300 sec this turn | 300 sec total\n|\n|t:|1783543274\n|move|p1a: Jumpluff|Acrobatics|p2a: Sandy Shocks\n|-damage|p2a: Sandy Shocks|0 fnt\n|faint|p2a: Sandy Shocks\n|-end|p2a: Sandy Shocks|Protosynthesis|[silent]\n|\n|upkeep\n|inactive|Time left: 300 sec this turn | 300 sec total | 5 sec grace\n|\n|t:|1783543275\n|switch|p2a: Rabsca|Rabsca, L91, M|284/284\n|turn|29\n|inactive|Time left: 300 sec this turn | 300 sec total\n|\n|t:|1783543276\n|move|p1a: Jumpluff|Strength Sap|p2a: Rabsca\n|-unboost|p2a: Rabsca|atk|1\n|-heal|p1a: Jumpluff|65/100\n|move|p2a: Rabsca|Bug Buzz|p1a: Jumpluff\n|-damage|p1a: Jumpluff|22/100\n|\n|upkeep\n|turn|30\n|inactive|Time left: 300 sec this turn | 300 sec total\n|\n|t:|1783543277\n|move|p1a: Jumpluff|Acrobatics|p2a: Rabsca\n|-supereffective|p2a: Rabsca\n|-damage|p2a: Rabsca|132/284\n|move|p2a: Rabsca|Bug Buzz|p1a: Jumpluff\n|-damage|p1a: Jumpluff|0 fnt\n|faint|p1a: Jumpluff\n|\n|upkeep\n|\n|t:|1783543278\n|switch|p1a: Okidogi|Okidogi, L77, M|100/100\n|turn|31\n|inactive|Time left: 300 sec this turn | 300 sec total\n|\n|t:|1783543279\n|-terastallize|p1a: Okidogi|Dark\n|move|p1a: Okidogi|Knock Off|p2a: Rabsca\n|-supereffective|p2a: Rabsca\n|-damage|p2a: Rabsca|0 fnt\n|-enditem|p2a: Rabsca|Heavy-Duty Boots|[from] move: Knock Off|[of] p1a: Okidogi\n|faint|p2a: Rabsca\n|\n|upkeep\n|inactive|Time left: 300 sec this turn | 300 sec total | 5 sec grace\n|\n|t:|1783543280\n|switch|p2a: Pachirisu|Pachirisu, L96, F|232/271\n|turn|32\n|inactive|Time left: 300 sec this turn | 300 sec total\n|\n|t:|1783543280\n|move|p2a: Pachirisu|Discharge|p1a: Okidogi\n|-damage|p1a: Okidogi|82/100\n|-status|p1a: Okidogi|par\n|move|p1a: Okidogi|Knock Off|p2a: Pachirisu\n|-damage|p2a: Pachirisu|117/271\n|-enditem|p2a: Pachirisu|Heavy-Duty Boots|[from] move: Knock Off|[of] p1a: Okidogi\n|\n|upkeep\n|turn|33\n|inactive|Time left: 300 sec this turn | 300 sec total\n|\n|t:|1783543281\n|move|p2a: Pachirisu|U-turn|p1a: Okidogi\n|-supereffective|p1a: Okidogi\n|-damage|p1a: Okidogi|56/100 par\n|inactive|Time left: 300 sec this turn | 300 sec total | 5 sec grace\n|\n|t:|1783543282\n|switch|p2a: Latias|Latias, L79, F|19/256|[from] U-turn\n|move|p1a: Okidogi|Gunk Shot|p2a: Latias\n|-damage|p2a: Latias|0 fnt\n|faint|p2a: Latias\n|\n|upkeep\n|inactive|Time left: 300 sec this turn | 300 sec total | 10 sec grace\n|\n|t:|1783543283\n|switch|p2a: Pachirisu|Pachirisu, L96, F|117/271\n|turn|34\n|inactive|Time left: 300 sec this turn | 300 sec total\n|\n|t:|1783543283\n|switch|p1a: Garganacl|Garganacl, L80, M|100/100\n|move|p2a: Pachirisu|Discharge|p1a: Garganacl\n|-damage|p1a: Garganacl|76/100\n|\n|-heal|p1a: Garganacl|83/100|[from] item: Leftovers\n|upkeep\n|turn|35\n|inactive|Time left: 300 sec this turn | 300 sec total\n|\n|t:|1783543284\n|move|p2a: Pachirisu|Discharge|p1a: Garganacl\n|-damage|p1a: Garganacl|61/100\n|move|p1a: Garganacl|Salt Cure|p2a: Pachirisu\n|-damage|p2a: Pachirisu|78/271\n|-start|p2a: Pachirisu|Salt Cure\n|\n|-heal|p1a: Garganacl|67/100|[from] item: Leftovers\n|-damage|p2a: Pachirisu|45/271|[from] Salt Cure\n|upkeep\n|turn|36\n|inactive|Time left: 300 sec this turn | 300 sec total\n|\n|t:|1783543285\n|move|p2a: Pachirisu|Encore|p1a: Garganacl\n|-start|p1a: Garganacl|Encore\n|move|p1a: Garganacl|Salt Cure|p2a: Pachirisu\n|-damage|p2a: Pachirisu|2/271\n|\n|-heal|p1a: Garganacl|73/100|[from] item: Leftovers\n|-damage|p2a: Pachirisu|0 fnt|[from] Salt Cure\n|faint|p2a: Pachirisu\n|\n|win|p0x35479a1", "uploadtime": 1783543285, "views": 0, "rating": 0, "private": 0, "password": null, "_winner": "p0x35479a1", "_our_name": "p0y354c8a0"}