{"id": "battle-gen9randombattle-1323", "formatid": "gen9randombattle", "format": "[Gen 9] Random Battle", "players": ["p0x1323b8b0", "p0y132368e8"], "log": "|init|battle\n|title|p0x1323b8b0 vs. p0y132368e8\n|j|\u2606p0x1323b8b0\n|j|\u2606p0y132368e8\n|t:|1783554498\n|gametype|singles\n|player|p1|p0x1323b8b0|1|\n|player|p2|p0y132368e8|1|\n|gen|9\n|tier|[Gen 9] Random Battle\n|rule|Species Clause: Limit one of each Pok\u00e9mon\n|rule|HP Percentage Mod: HP is shown in percentages\n|rule|Sleep Clause Mod: Limit one foe put to sleep\n|rule|Illusion Level Mod: Illusion disguises the Pok\u00e9mon's true level\n|\n|t:|1783554498\n|teamsize|p1|6\n|teamsize|p2|6\n|start\n|switch|p1a: Electivire|Electivire, L84, M|100/100\n|switch|p2a: Amoonguss|Amoonguss, L82, F|321/321\n|turn|1\n|inactive|Battle timer is ON: inactive players will automatically lose when time's up. (requested by p0y132368e8)\n|inactive|p0x1323b8b0 also wants the timer to be on.\n|\n|t:|1783554499\n|move|p1a: Electivire|Bulk Up|p1a: Electivire\n|-boost|p1a: Electivire|atk|1\n|-boost|p1a: Electivire|def|1\n|move|p2a: Amoonguss|Spore|p1a: Electivire\n|-status|p1a: Electivire|slp|[from] move: Spore\n|\n|upkeep\n|turn|2\n|inactive|Time left: 300 sec this turn | 300 sec total\n|\n|t:|1783554500\n|cant|p1a: Electivire|slp\n|move|p2a: Amoonguss|Sludge Bomb|p1a: Electivire\n|-damage|p1a: Electivire|67/100 slp\n|\n|upkeep\n|turn|3\n|inactive|Time left: 300 sec this turn | 300 sec total\n|\n|t:|1783554501\n|cant|p1a: Electivire|slp\n|move|p2a: Amoonguss|Sludge Bomb|p1a: Electivire\n|-damage|p1a: Electivire|37/100 slp\n|\n|upkeep\n|turn|4\n|inactive|Time left: 300 sec this turn | 300 sec total\n|\n|t:|1783554502\n|cant|p1a: Electivire|slp\n|move|p2a: Amoonguss|Sludge Bomb|p1a: Electivire\n|-damage|p1a: Electivire|8/100 slp\n|\n|upkeep\n|turn|5\n|inactive|Time left: 300 sec this turn | 300 sec total\n|\n|t:|1783554503\n|switch|p2a: Giratina|Giratina, L75|349/349\n|-ability|p2a: Giratina|Pressure\n|-curestatus|p1a: Electivire|slp|[msg]\n|move|p1a: Electivire|Ice Punch|p2a: Giratina\n|-supereffective|p2a: Giratina\n|-damage|p2a: Giratina|133/349\n|-status|p2a: Giratina|frz\n|-damage|p1a: Electivire|0 fnt|[from] item: Life Orb\n|faint|p1a: Electivire\n|\n|-heal|p2a: Giratina|154/349 frz|[from] item: Leftovers\n|upkeep\n|\n|t:|1783554503\n|switch|p1a: Bruxish|Bruxish, L85, M|100/100\n|turn|6\n|inactive|Time left: 300 sec this turn | 300 sec total\n|\n|t:|1783554504\n|switch|p2a: Houndoom|Houndoom, L87, F|272/272\n|move|p1a: Bruxish|Psychic Fangs|p2a: Houndoom\n|-immune|p2a: Houndoom\n|\n|upkeep\n|turn|7\n|inactive|Time left: 300 sec this turn | 300 sec total\n|\n|t:|1783554505\n|switch|p1a: Ting-Lu|Ting-Lu, L78|100/100\n|-ability|p1a: Ting-Lu|Vessel of Ruin\n|move|p2a: Houndoom|Fire Blast|p1a: Ting-Lu\n|-damage|p1a: Ting-Lu|69/100\n|\n|-heal|p1a: Ting-Lu|75/100|[from] item: Leftovers\n|upkeep\n|turn|8\n|inactive|Time left: 300 sec this turn | 300 sec total\n|\n|t:|1783554506\n|switch|p2a: Leavanny|Leavanny, L86, F|269/269\n|move|p1a: Ting-Lu|Earthquake|p2a: Leavanny\n|-resisted|p2a: Leavanny\n|-damage|p2a: Leavanny|242/269\n|\n|-heal|p1a: Ting-Lu|81/100|[from] item: Leftovers\n|upkeep\n|turn|9\n|inactive|Time left: 300 sec this turn | 300 sec total\n|\n|t:|1783554507\n|move|p2a: Leavanny|Sticky Web|p1a: Ting-Lu\n|-sidestart|p1: p0x1323b8b0|move: Sticky Web\n|move|p1a: Ting-Lu|Stealth Rock|p2a: Leavanny\n|-sidestart|p2: p0y132368e8|move: Stealth Rock\n|\n|-heal|p1a: Ting-Lu|88/100|[from] item: Leftovers\n|upkeep\n|turn|10\n|inactive|Time left: 300 sec this turn | 300 sec total\n|\n|t:|1783554508\n|move|p2a: Leavanny|Bullet Seed|p1a: Ting-Lu\n|-supereffective|p1a: Ting-Lu\n|-damage|p1a: Ting-Lu|75/100\n|-supereffective|p1a: Ting-Lu\n|-damage|p1a: Ting-Lu|63/100\n|-supereffective|p1a: Ting-Lu\n|-damage|p1a: Ting-Lu|48/100\n|-supereffective|p1a: Ting-Lu\n|-damage|p1a: Ting-Lu|35/100\n|-hitcount|p1a: Ting-Lu|4\n|move|p1a: Ting-Lu|Throat Chop|p2a: Leavanny\n|-damage|p2a: Leavanny|154/269\n|-start|p2a: Leavanny|Throat Chop|[silent]\n|\n|-heal|p1a: Ting-Lu|41/100|[from] item: Leftovers\n|upkeep\n|turn|11\n|inactive|Time left: 300 sec this turn | 300 sec total\n|\n|t:|1783554509\n|-terastallize|p1a: Ting-Lu|Poison\n|move|p2a: Leavanny|Bullet Seed|p1a: Ting-Lu\n|-resisted|p1a: Ting-Lu\n|-damage|p1a: Ting-Lu|38/100\n|-resisted|p1a: Ting-Lu\n|-damage|p1a: Ting-Lu|34/100\n|-resisted|p1a: Ting-Lu\n|-damage|p1a: Ting-Lu|31/100\n|-resisted|p1a: Ting-Lu\n|-damage|p1a: Ting-Lu|28/100\n|-hitcount|p1a: Ting-Lu|4\n|move|p1a: Ting-Lu|Throat Chop|p2a: Leavanny\n|-damage|p2a: Leavanny|63/269\n|\n|-heal|p1a: Ting-Lu|34/100|[from] item: Leftovers\n|-end|p2a: Leavanny|Throat Chop|[silent]\n|upkeep\n|turn|12\n|inactive|Time left: 300 sec this turn | 300 sec total\n|\n|t:|1783554510\n|move|p2a: Leavanny|Knock Off|p1a: Ting-Lu\n|-damage|p1a: Ting-Lu|17/100\n|-enditem|p1a: Ting-Lu|Leftovers|[from] move: Knock Off|[of] p2a: Leavanny\n|move|p1a: Ting-Lu|Throat Chop|p2a: Leavanny\n|-damage|p2a: Leavanny|0 fnt\n|faint|p2a: Leavanny\n|\n|upkeep\n|inactive|Time left: 300 sec this turn | 300 sec total | 5 sec grace\n|\n|t:|1783554511\n|switch|p2a: Raichu|Raichu-Alola, L87, F|246/246\n|-damage|p2a: Raichu|216/246|[from] Stealth Rock\n|turn|13\n|inactive|Time left: 300 sec this turn | 300 sec total\n|\n|t:|1783554512\n|move|p2a: Raichu|Thunderbolt|p1a: Ting-Lu\n|-damage|p1a: Ting-Lu|0 fnt\n|faint|p1a: Ting-Lu\n|\n|upkeep\n|\n|t:|1783554512\n|switch|p1a: Grimmsnarl|Grimmsnarl, L83, M|100/100\n|-activate|p1a: Grimmsnarl|move: Sticky Web\n|-unboost|p1a: Grimmsnarl|spe|1\n|turn|14\n|inactive|Time left: 300 sec this turn | 300 sec total\n|\n|t:|1783554513\n|move|p2a: Raichu|Thunderbolt|p1a: Grimmsnarl\n|-damage|p1a: Grimmsnarl|47/100\n|move|p1a: Grimmsnarl|Spirit Break|p2a: Raichu\n|-damage|p2a: Raichu|74/246\n|-unboost|p2a: Raichu|spa|1\n|\n|-heal|p1a: Grimmsnarl|53/100|[from] item: Leftovers\n|upkeep\n|turn|15\n|inactive|Time left: 300 sec this turn | 300 sec total\n|\n|t:|1783554514\n|switch|p2a: Amoonguss|Amoonguss, L82, F|321/321\n|-damage|p2a: Amoonguss|281/321|[from] Stealth Rock\n|move|p1a: Grimmsnarl|Spirit Break|p2a: Amoonguss\n|-resisted|p2a: Amoonguss\n|-damage|p2a: Amoonguss|227/321\n|-unboost|p2a: Amoonguss|spa|1\n|-damage|p1a: Grimmsnarl|37/100|[from] item: Rocky Helmet|[of] p2a: Amoonguss\n|\n|-heal|p1a: Grimmsnarl|43/100|[from] item: Leftovers\n|upkeep\n|turn|16\n|inactive|Time left: 300 sec this turn | 300 sec total\n|\n|t:|1783554515\n|move|p1a: Grimmsnarl|Spirit Break|p2a: Amoonguss\n|-resisted|p2a: Amoonguss\n|-damage|p2a: Amoonguss|174/321\n|-unboost|p2a: Amoonguss|spa|1\n|-damage|p1a: Grimmsnarl|26/100|[from] item: Rocky Helmet|[of] p2a: Amoonguss\n|move|p2a: Amoonguss|Sludge Bomb|p1a: Grimmsnarl\n|-supereffective|p1a: Grimmsnarl\n|-damage|p1a: Grimmsnarl|0 fnt\n|faint|p1a: Grimmsnarl\n|\n|upkeep\n|\n|t:|1783554516\n|switch|p1a: Bruxish|Bruxish, L85, M|100/100\n|-activate|p1a: Bruxish|move: Sticky Web\n|-unboost|p1a: Bruxish|spe|1\n|turn|17\n|inactive|Time left: 300 sec this turn | 300 sec total\n|\n|t:|1783554517\n|switch|p2a: Giratina|Giratina, L75|154/349 frz\n|-damage|p2a: Giratina|111/349 frz|[from] Stealth Rock\n|-ability|p2a: Giratina|Pressure\n|move|p1a: Bruxish|Psychic Fangs|p2a: Giratina\n|-damage|p2a: Giratina|0 fnt\n|faint|p2a: Giratina\n|\n|upkeep\n|inactive|Time left: 300 sec this turn | 300 sec total | 5 sec grace\n|\n|t:|1783554517\n|switch|p2a: Raichu|Raichu-Alola, L87, F|74/246\n|-damage|p2a: Raichu|44/246|[from] Stealth Rock\n|turn|18\n|inactive|Time left: 300 sec this turn | 300 sec total\n|\n|t:|1783554518\n|switch|p1a: Pachirisu|Pachirisu, L96, M|100/100\n|-activate|p1a: Pachirisu|move: Sticky Web\n|-unboost|p1a: Pachirisu|spe|1\n|move|p2a: Raichu|Thunderbolt|p1a: Pachirisu\n|-immune|p1a: Pachirisu|[from] ability: Volt Absorb\n|\n|upkeep\n|turn|19\n|inactive|Time left: 300 sec this turn | 300 sec total\n|\n|t:|1783554520\n|switch|p2a: Amoonguss|Amoonguss, L82, F|281/321\n|-damage|p2a: Amoonguss|241/321|[from] Stealth Rock\n|move|p1a: Pachirisu|Thunderbolt|p2a: Amoonguss\n|-resisted|p2a: Amoonguss\n|-damage|p2a: Amoonguss|202/321\n|\n|upkeep\n|turn|20\n|inactive|Time left: 300 sec this turn | 300 sec total\n|\n|t:|1783554521\n|move|p1a: Pachirisu|Super Fang|p2a: Amoonguss\n|-damage|p2a: Amoonguss|101/321\n|-damage|p1a: Pachirisu|84/100|[from] item: Rocky Helmet|[of] p2a: Amoonguss\n|move|p2a: Amoonguss|Stomping Tantrum|p1a: Pachirisu\n|-supereffective|p1a: Pachirisu\n|-damage|p1a: Pachirisu|48/100\n|\n|upkeep\n|turn|21\n|inactive|Time left: 300 sec this turn | 300 sec total\n|\n|t:|1783554522\n|move|p1a: Pachirisu|Super Fang|p2a: Amoonguss\n|-damage|p2a: Amoonguss|51/321\n|-damage|p1a: Pachirisu|31/100|[from] item: Rocky Helmet|[of] p2a: Amoonguss\n|move|p2a: Amoonguss|Spore|p1a: Pachirisu\n|-status|p1a: Pachirisu|slp|[from] move: Spore\n|\n|upkeep\n|turn|22\n|inactive|Time left: 300 sec this turn | 300 sec total\n|\n|t:|1783554523\n|switch|p2a: Houndoom|Houndoom, L87, F|272/272\n|cant|p1a: Pachirisu|slp\n|\n|upkeep\n|turn|23\n|inactive|Time left: 300 sec this turn | 300 sec total\n|\n|t:|1783554524\n|move|p2a: Houndoom|Nasty Plot|p2a: Houndoom\n|-boost|p2a: Houndoom|spa|2\n|cant|p1a: Pachirisu|slp\n|\n|upkeep\n|turn|24\n|inactive|Time left: 300 sec this turn | 300 sec total\n|\n|t:|1783554526\n|move|p2a: Houndoom|Dark Pulse|p1a: Pachirisu\n|-damage|p1a: Pachirisu|0 fnt\n|faint|p1a: Pachirisu\n|\n|upkeep\n|\n|t:|1783554526\n|switch|p1a: Bruxish|Bruxish, L85, M|100/100\n|-activate|p1a: Bruxish|move: Sticky Web\n|-unboost|p1a: Bruxish|spe|1\n|turn|25\n|inactive|Time left: 300 sec this turn | 300 sec total\n|\n|t:|1783554528\n|switch|p1a: Wugtrio|Wugtrio, L91, F|100/100\n|-activate|p1a: Wugtrio|move: Sticky Web\n|-unboost|p1a: Wugtrio|spe|1\n|move|p2a: Houndoom|Dark Pulse|p1a: Wugtrio\n|-damage|p1a: Wugtrio|0 fnt\n|faint|p1a: Wugtrio\n|\n|upkeep\n|\n|t:|1783554528\n|switch|p1a: Bruxish|Bruxish, L85, M|100/100\n|-activate|p1a: Bruxish|move: Sticky Web\n|-unboost|p1a: Bruxish|spe|1\n|turn|26\n|inactive|Time left: 300 sec this turn | 300 sec total\n|\n|t:|1783554529\n|-terastallize|p2a: Houndoom|Dark\n|move|p2a: Houndoom|Dark Pulse|p1a: Bruxish\n|-supereffective|p1a: Bruxish\n|-damage|p1a: Bruxish|0 fnt\n|faint|p1a: Bruxish\n|\n|win|p0y132368e8", "uploadtime": 1783554529, "views": 0, "rating": 0, "private": 0, "password": null, "_winner": "p0y132368e8", "_our_name": "p0y132368e8"}