{"id": "battle-gen9randombattle-635", "formatid": "gen9randombattle", "format": "[Gen 9] Random Battle", "players": ["p0x635d219", "p0y63576c6"], "log": "|init|battle\n|title|p0x635d219 vs. p0y63576c6\n|j|\u2606p0x635d219\n|j|\u2606p0y63576c6\n|t:|1783546472\n|gametype|singles\n|player|p1|p0x635d219|265|\n|player|p2|p0y63576c6|265|\n|gen|9\n|tier|[Gen 9] Random Battle\n|rule|Species Clause: Limit one of each Pok\u00e9mon\n|rule|HP Percentage Mod: HP is shown in percentages\n|rule|Sleep Clause Mod: Limit one foe put to sleep\n|rule|Illusion Level Mod: Illusion disguises the Pok\u00e9mon's true level\n|\n|t:|1783546472\n|teamsize|p1|6\n|teamsize|p2|6\n|start\n|switch|p1a: Politoed|Politoed, L88, F|302/302\n|switch|p2a: Overqwil|Overqwil, L82, F|100/100\n|-ability|p2a: Overqwil|Intimidate|boost\n|-unboost|p1a: Politoed|atk|1\n|-weather|RainDance|[from] ability: Drizzle|[of] p1a: Politoed\n|turn|1\n|inactive|Battle timer is ON: inactive players will automatically lose when time's up. (requested by p0x635d219)\n|inactive|p0y63576c6 also wants the timer to be on.\n|\n|t:|1783546473\n|move|p2a: Overqwil|Gunk Shot|p1a: Politoed\n|-damage|p1a: Politoed|155/302\n|move|p1a: Politoed|Weather Ball|p2a: Overqwil\n|-damage|p2a: Overqwil|0 fnt\n|faint|p2a: Overqwil\n|\n|-weather|RainDance|[upkeep]\n|upkeep\n|\n|t:|1783546475\n|switch|p2a: Meowscarada|Meowscarada, L78, F|100/100\n|turn|2\n|inactive|Time left: 300 sec this turn | 300 sec total\n|\n|t:|1783546476\n|move|p2a: Meowscarada|Flower Trick|p1a: Politoed\n|-start|p2a: Meowscarada|typechange|Grass|[from] ability: Protean\n|-supereffective|p1a: Politoed\n|-crit|p1a: Politoed\n|-damage|p1a: Politoed|0 fnt\n|faint|p1a: Politoed\n|\n|-weather|RainDance|[upkeep]\n|upkeep\n|inactive|Time left: 300 sec this turn | 300 sec total | 5 sec grace\n|\n|t:|1783546477\n|switch|p1a: Venomoth|Venomoth, L84, F|255/255\n|turn|3\n|inactive|Time left: 300 sec this turn | 300 sec total\n|\n|t:|1783546478\n|switch|p2a: Komala|Komala, L87, F|100/100\n|-ability|p2a: Komala|Comatose\n|move|p1a: Venomoth|Quiver Dance|p1a: Venomoth\n|-boost|p1a: Venomoth|spa|1\n|-boost|p1a: Venomoth|spd|1\n|-boost|p1a: Venomoth|spe|1\n|\n|-weather|RainDance|[upkeep]\n|upkeep\n|turn|4\n|inactive|Time left: 300 sec this turn | 300 sec total\n|\n|t:|1783546480\n|move|p1a: Venomoth|Quiver Dance|p1a: Venomoth\n|-boost|p1a: Venomoth|spa|1\n|-boost|p1a: Venomoth|spd|1\n|-boost|p1a: Venomoth|spe|1\n|move|p2a: Komala|Body Slam|p1a: Venomoth\n|-damage|p1a: Venomoth|113/255\n|\n|-weather|RainDance|[upkeep]\n|upkeep\n|turn|5\n|inactive|Time left: 300 sec this turn | 300 sec total\n|\n|t:|1783546481\n|move|p1a: Venomoth|Bug Buzz|p2a: Komala\n|-damage|p2a: Komala|60/100\n|move|p2a: Komala|Body Slam|p1a: Venomoth\n|-damage|p1a: Venomoth|0 fnt\n|faint|p1a: Venomoth\n|\n|-weather|none\n|upkeep\n|inactive|Time left: 300 sec this turn | 300 sec total | 5 sec grace\n|\n|t:|1783546482\n|switch|p1a: Metagross|Metagross, L79|256/256\n|turn|6\n|inactive|Time left: 300 sec this turn | 300 sec total\n|\n|t:|1783546483\n|move|p2a: Komala|Knock Off|p1a: Metagross\n|-supereffective|p1a: Metagross\n|-damage|p1a: Metagross|134/256\n|-enditem|p1a: Metagross|Weakness Policy\n|-boost|p1a: Metagross|atk|2|[from] item: Weakness Policy\n|-boost|p1a: Metagross|spa|2|[from] item: Weakness Policy\n|move|p1a: Metagross|Heavy Slam|p2a: Komala\n|-damage|p2a: Komala|0 fnt\n|faint|p2a: Komala\n|\n|upkeep\n|\n|t:|1783546484\n|switch|p2a: Ho-Oh|Ho-Oh, L71|100/100\n|turn|7\n|inactive|Time left: 300 sec this turn | 300 sec total\n|\n|t:|1783546485\n|-terastallize|p1a: Metagross|Ground\n|move|p2a: Ho-Oh|Sacred Fire|p1a: Metagross\n|-damage|p1a: Metagross|58/256\n|move|p1a: Metagross|Agility|p1a: Metagross\n|-boost|p1a: Metagross|spe|2\n|\n|upkeep\n|turn|8\n|inactive|Time left: 300 sec this turn | 300 sec total\n|\n|t:|1783546486\n|move|p1a: Metagross|Knock Off|p2a: Ho-Oh\n|-damage|p2a: Ho-Oh|29/100\n|-enditem|p2a: Ho-Oh|Heavy-Duty Boots|[from] move: Knock Off|[of] p1a: Metagross\n|move|p2a: Ho-Oh|Brave Bird|p1a: Metagross\n|-damage|p1a: Metagross|0 fnt\n|faint|p1a: Metagross\n|-damage|p2a: Ho-Oh|22/100|[from] Recoil\n|\n|upkeep\n|inactive|Time left: 300 sec this turn | 300 sec total | 5 sec grace\n|\n|t:|1783546487\n|switch|p1a: Urshifu|Urshifu, L74, M|270/270\n|turn|9\n|inactive|Time left: 300 sec this turn | 300 sec total\n|\n|t:|1783546488\n|switch|p2a: Mudsdale|Mudsdale, L83, M|100/100\n|move|p1a: Urshifu|Wicked Blow|p2a: Mudsdale\n|-crit|p2a: Mudsdale\n|-damage|p2a: Mudsdale|56/100\n|-ability|p2a: Mudsdale|Stamina|boost\n|-boost|p2a: Mudsdale|def|1\n|-damage|p1a: Urshifu|243/270|[from] item: Life Orb\n|\n|-heal|p2a: Mudsdale|62/100|[from] item: Leftovers\n|upkeep\n|turn|10\n|inactive|Time left: 300 sec this turn | 300 sec total\n|\n|t:|1783546489\n|move|p1a: Urshifu|Swords Dance|p1a: Urshifu\n|-boost|p1a: Urshifu|atk|2\n|move|p2a: Mudsdale|Earthquake|p1a: Urshifu\n|-damage|p1a: Urshifu|104/270\n|\n|-heal|p2a: Mudsdale|68/100|[from] item: Leftovers\n|upkeep\n|turn|11\n|inactive|Time left: 300 sec this turn | 300 sec total\n|\n|t:|1783546490\n|move|p1a: Urshifu|Wicked Blow|p2a: Mudsdale\n|-crit|p2a: Mudsdale\n|-damage|p2a: Mudsdale|0 fnt\n|faint|p2a: Mudsdale\n|-damage|p1a: Urshifu|77/270|[from] item: Life Orb\n|\n|upkeep\n|\n|t:|1783546490\n|switch|p2a: Meowscarada|Meowscarada, L78, F|100/100\n|turn|12\n|inactive|Time left: 300 sec this turn | 300 sec total\n|\n|t:|1783546491\n|move|p2a: Meowscarada|U-turn|p1a: Urshifu\n|-start|p2a: Meowscarada|typechange|Bug|[from] ability: Protean\n|-damage|p1a: Urshifu|0 fnt\n|faint|p1a: Urshifu\n|\n|t:|1783546492\n|switch|p2a: Ho-Oh|Ho-Oh, L71|55/100|[from] U-turn\n|\n|upkeep\n|inactive|Time left: 300 sec this turn | 300 sec total | 10 sec grace\n|\n|t:|1783546493\n|switch|p1a: Dachsbun|Dachsbun, L92, M|254/254\n|turn|13\n|inactive|Time left: 300 sec this turn | 300 sec total\n|\n|t:|1783546494\n|move|p1a: Dachsbun|Body Press|p2a: Ho-Oh\n|-resisted|p2a: Ho-Oh\n|-damage|p2a: Ho-Oh|40/100\n|move|p2a: Ho-Oh|Recover|p2a: Ho-Oh\n|-heal|p2a: Ho-Oh|90/100\n|\n|upkeep\n|turn|14\n|inactive|Time left: 300 sec this turn | 300 sec total\n|\n|t:|1783546494\n|move|p1a: Dachsbun|Body Press|p2a: Ho-Oh\n|-resisted|p2a: Ho-Oh\n|-damage|p2a: Ho-Oh|72/100\n|move|p2a: Ho-Oh|Earthquake|p1a: Dachsbun\n|-damage|p1a: Dachsbun|203/254\n|\n|-heal|p1a: Dachsbun|218/254|[from] item: Leftovers\n|upkeep\n|turn|15\n|inactive|Time left: 300 sec this turn | 300 sec total\n|\n|t:|1783546495\n|move|p1a: Dachsbun|Wish|p1a: Dachsbun\n|move|p2a: Ho-Oh|Recover|p2a: Ho-Oh\n|-heal|p2a: Ho-Oh|100/100\n|\n|-heal|p1a: Dachsbun|233/254|[from] item: Leftovers\n|upkeep\n|turn|16\n|inactive|Time left: 300 sec this turn | 300 sec total\n|\n|t:|1783546496\n|move|p1a: Dachsbun|Body Press|p2a: Ho-Oh\n|-resisted|p2a: Ho-Oh\n|-damage|p2a: Ho-Oh|84/100\n|move|p2a: Ho-Oh|Earthquake|p1a: Dachsbun\n|-damage|p1a: Dachsbun|185/254\n|\n|-heal|p1a: Dachsbun|254/254|[from] move: Wish|[wisher] Dachsbun\n|upkeep\n|turn|17\n|inactive|Time left: 300 sec this turn | 300 sec total\n|\n|t:|1783546497\n|move|p1a: Dachsbun|Wish|p1a: Dachsbun\n|move|p2a: Ho-Oh|Brave Bird|p1a: Dachsbun\n|-damage|p1a: Dachsbun|173/254\n|-damage|p2a: Ho-Oh|74/100|[from] Recoil\n|\n|-heal|p1a: Dachsbun|188/254|[from] item: Leftovers\n|upkeep\n|turn|18\n|inactive|Time left: 300 sec this turn | 300 sec total\n|\n|t:|1783546498\n|move|p1a: Dachsbun|Play Rough|p2a: Ho-Oh\n|-resisted|p2a: Ho-Oh\n|-damage|p2a: Ho-Oh|55/100\n|move|p2a: Ho-Oh|Recover|p2a: Ho-Oh\n|-heal|p2a: Ho-Oh|100/100\n|\n|-heal|p1a: Dachsbun|254/254|[from] move: Wish|[wisher] Dachsbun\n|upkeep\n|turn|19\n|inactive|Time left: 300 sec this turn | 300 sec total\n|\n|t:|1783546499\n|move|p1a: Dachsbun|Play Rough|p2a: Ho-Oh|[miss]\n|-miss|p1a: Dachsbun|p2a: Ho-Oh\n|move|p2a: Ho-Oh|Brave Bird|p1a: Dachsbun\n|-damage|p1a: Dachsbun|161/254\n|-damage|p2a: Ho-Oh|89/100|[from] Recoil\n|\n|-heal|p1a: Dachsbun|176/254|[from] item: Leftovers\n|upkeep\n|turn|20\n|inactive|Time left: 300 sec this turn | 300 sec total\n|\n|t:|1783546500\n|move|p1a: Dachsbun|Wish|p1a: Dachsbun\n|move|p2a: Ho-Oh|Recover|p2a: Ho-Oh\n|-heal|p2a: Ho-Oh|100/100\n|\n|-heal|p1a: Dachsbun|191/254|[from] item: Leftovers\n|upkeep\n|turn|21\n|inactive|Time left: 300 sec this turn | 300 sec total\n|\n|t:|1783546501\n|move|p1a: Dachsbun|Body Press|p2a: Ho-Oh\n|-resisted|p2a: Ho-Oh\n|-damage|p2a: Ho-Oh|84/100\n|move|p2a: Ho-Oh|Brave Bird|p1a: Dachsbun\n|-damage|p1a: Dachsbun|97/254\n|-damage|p2a: Ho-Oh|72/100|[from] Recoil\n|\n|-heal|p1a: Dachsbun|224/254|[from] move: Wish|[wisher] Dachsbun\n|-heal|p1a: Dachsbun|239/254|[from] item: Leftovers\n|upkeep\n|turn|22\n|inactive|Time left: 300 sec this turn | 300 sec total\n|\n|t:|1783546502\n|move|p1a: Dachsbun|Body Press|p2a: Ho-Oh\n|-resisted|p2a: Ho-Oh\n|-damage|p2a: Ho-Oh|57/100\n|move|p2a: Ho-Oh|Recover|p2a: Ho-Oh\n|-heal|p2a: Ho-Oh|100/100\n|\n|-heal|p1a: Dachsbun|254/254|[from] item: Leftovers\n|upkeep\n|turn|23\n|inactive|Time left: 300 sec this turn | 300 sec total\n|\n|t:|1783546503\n|move|p1a: Dachsbun|Wish|p1a: Dachsbun\n|move|p2a: Ho-Oh|Earthquake|p1a: Dachsbun\n|-damage|p1a: Dachsbun|202/254\n|\n|-heal|p1a: Dachsbun|217/254|[from] item: Leftovers\n|upkeep\n|turn|24\n|inactive|Time left: 300 sec this turn | 300 sec total\n|\n|t:|1783546504\n|move|p1a: Dachsbun|Body Press|p2a: Ho-Oh\n|-resisted|p2a: Ho-Oh\n|-damage|p2a: Ho-Oh|83/100\n|move|p2a: Ho-Oh|Earthquake|p1a: Dachsbun\n|-crit|p1a: Dachsbun\n|-damage|p1a: Dachsbun|142/254\n|\n|-heal|p1a: Dachsbun|254/254|[from] move: Wish|[wisher] Dachsbun\n|upkeep\n|turn|25\n|inactive|Time left: 300 sec this turn | 300 sec total\n|\n|t:|1783546505\n|move|p1a: Dachsbun|Play Rough|p2a: Ho-Oh\n|-resisted|p2a: Ho-Oh\n|-damage|p2a: Ho-Oh|61/100\n|-unboost|p2a: Ho-Oh|atk|1\n|move|p2a: Ho-Oh|Recover|p2a: Ho-Oh\n|-heal|p2a: Ho-Oh|100/100\n|\n|upkeep\n|turn|26\n|inactive|Time left: 300 sec this turn | 300 sec total\n|\n|t:|1783546506\n|move|p1a: Dachsbun|Play Rough|p2a: Ho-Oh\n|-resisted|p2a: Ho-Oh\n|-damage|p2a: Ho-Oh|80/100\n|move|p2a: Ho-Oh|Brave Bird|p1a: Dachsbun\n|-damage|p1a: Dachsbun|191/254\n|-damage|p2a: Ho-Oh|72/100|[from] Recoil\n|\n|-heal|p1a: Dachsbun|206/254|[from] item: Leftovers\n|upkeep\n|turn|27\n|inactive|Time left: 300 sec this turn | 300 sec total\n|\n|t:|1783546507\n|move|p1a: Dachsbun|Body Press|p2a: Ho-Oh\n|-resisted|p2a: Ho-Oh\n|-damage|p2a: Ho-Oh|57/100\n|move|p2a: Ho-Oh|Recover|p2a: Ho-Oh\n|-heal|p2a: Ho-Oh|100/100\n|\n|-heal|p1a: Dachsbun|221/254|[from] item: Leftovers\n|upkeep\n|turn|28\n|inactive|Time left: 300 sec this turn | 300 sec total\n|\n|t:|1783546508\n|move|p1a: Dachsbun|Play Rough|p2a: Ho-Oh\n|-resisted|p2a: Ho-Oh\n|-damage|p2a: Ho-Oh|78/100\n|move|p2a: Ho-Oh|Brave Bird|p1a: Dachsbun\n|-damage|p1a: Dachsbun|163/254\n|-damage|p2a: Ho-Oh|71/100|[from] Recoil\n|\n|-heal|p1a: Dachsbun|178/254|[from] item: Leftovers\n|upkeep\n|turn|29\n|inactive|Time left: 300 sec this turn | 300 sec total\n|\n|t:|1783546509\n|move|p1a: Dachsbun|Play Rough|p2a: Ho-Oh\n|-resisted|p2a: Ho-Oh\n|-damage|p2a: Ho-Oh|49/100\n|move|p2a: Ho-Oh|Brave Bird|p1a: Dachsbun\n|-damage|p1a: Dachsbun|121/254\n|-damage|p2a: Ho-Oh|42/100|[from] Recoil\n|\n|-heal|p1a: Dachsbun|136/254|[from] item: Leftovers\n|upkeep\n|turn|30\n|inactive|Time left: 300 sec this turn | 300 sec total\n|\n|t:|1783546511\n|move|p1a: Dachsbun|Wish|p1a: Dachsbun\n|move|p2a: Ho-Oh|Recover|p2a: Ho-Oh\n|-heal|p2a: Ho-Oh|92/100\n|\n|-heal|p1a: Dachsbun|151/254|[from] item: Leftovers\n|upkeep\n|turn|31\n|inactive|Time left: 300 sec this turn | 300 sec total\n|\n|t:|1783546512\n|switch|p2a: Excadrill|Excadrill, L79, M|100/100\n|-ability|p2a: Excadrill|Mold Breaker\n|move|p1a: Dachsbun|Body Press|p2a: Excadrill\n|-supereffective|p2a: Excadrill\n|-damage|p2a: Excadrill|32/100\n|\n|-heal|p1a: Dachsbun|254/254|[from] move: Wish|[wisher] Dachsbun\n|upkeep\n|turn|32\n|inactive|Time left: 300 sec this turn | 300 sec total\n|\n|t:|1783546513\n|switch|p2a: Ho-Oh|Ho-Oh, L71|100/100\n|move|p1a: Dachsbun|Body Press|p2a: Ho-Oh\n|-resisted|p2a: Ho-Oh\n|-damage|p2a: Ho-Oh|84/100\n|\n|upkeep\n|turn|33\n|inactive|Time left: 300 sec this turn | 300 sec total\n|\n|t:|1783546514\n|move|p1a: Dachsbun|Body Press|p2a: Ho-Oh\n|-resisted|p2a: Ho-Oh\n|-crit|p2a: Ho-Oh\n|-damage|p2a: Ho-Oh|61/100\n|move|p2a: Ho-Oh|Earthquake|p1a: Dachsbun\n|-damage|p1a: Dachsbun|204/254\n|\n|-heal|p1a: Dachsbun|219/254|[from] item: Leftovers\n|upkeep\n|turn|34\n|inactive|Time left: 300 sec this turn | 300 sec total\n|\n|t:|1783546515\n|move|p1a: Dachsbun|Body Press|p2a: Ho-Oh\n|-resisted|p2a: Ho-Oh\n|-damage|p2a: Ho-Oh|45/100\n|move|p2a: Ho-Oh|Brave Bird|p1a: Dachsbun\n|-damage|p1a: Dachsbun|134/254\n|-damage|p2a: Ho-Oh|34/100|[from] Recoil\n|\n|-heal|p1a: Dachsbun|149/254|[from] item: Leftovers\n|upkeep\n|turn|35\n|inactive|Time left: 300 sec this turn | 300 sec total\n|\n|t:|1783546516\n|move|p1a: Dachsbun|Body Press|p2a: Ho-Oh\n|-resisted|p2a: Ho-Oh\n|-damage|p2a: Ho-Oh|19/100\n|move|p2a: Ho-Oh|Brave Bird|p1a: Dachsbun\n|-damage|p1a: Dachsbun|64/254\n|-damage|p2a: Ho-Oh|8/100|[from] Recoil\n|\n|-heal|p1a: Dachsbun|79/254|[from] item: Leftovers\n|upkeep\n|turn|36\n|inactive|Time left: 300 sec this turn | 300 sec total\n|\n|t:|1783546517\n|switch|p2a: Meowscarada|Meowscarada, L78, F|100/100\n|move|p1a: Dachsbun|Body Press|p2a: Meowscarada\n|-supereffective|p2a: Meowscarada\n|-damage|p2a: Meowscarada|15/100\n|\n|-heal|p1a: Dachsbun|94/254|[from] item: Leftovers\n|upkeep\n|turn|37\n|inactive|Time left: 300 sec this turn | 300 sec total\n|\n|t:|1783546518\n|move|p1a: Dachsbun|Protect|p1a: Dachsbun\n|-singleturn|p1a: Dachsbun|Protect\n|move|p2a: Meowscarada|Triple Axel|p1a: Dachsbun\n|-start|p2a: Meowscarada|typechange|Ice|[from] ability: Protean\n|-activate|p1a: Dachsbun|move: Protect\n|\n|-heal|p1a: Dachsbun|109/254|[from] item: Leftovers\n|upkeep\n|turn|38\n|inactive|Time left: 300 sec this turn | 300 sec total\n|\n|t:|1783546519\n|switch|p1a: Lucario|Lucario, L84, M|255/255\n|move|p2a: Meowscarada|Triple Axel|p1a: Lucario|[miss]\n|-miss|p2a: Meowscarada|p1a: Lucario\n|\n|upkeep\n|turn|39\n|inactive|Time left: 300 sec this turn | 300 sec total\n|\n|t:|1783546520\n|move|p2a: Meowscarada|Triple Axel|p1a: Lucario\n|-resisted|p1a: Lucario\n|-damage|p1a: Lucario|235/255\n|-resisted|p1a: Lucario\n|-damage|p1a: Lucario|199/255\n|-resisted|p1a: Lucario\n|-damage|p1a: Lucario|142/255\n|-hitcount|p1a: Lucario|3\n|move|p1a: Lucario|Nasty Plot|p1a: Lucario\n|-boost|p1a: Lucario|spa|2\n|\n|upkeep\n|turn|40\n|inactive|Time left: 300 sec this turn | 300 sec total\n|\n|t:|1783546522\n|move|p1a: Lucario|Vacuum Wave|p2a: Meowscarada\n|-supereffective|p2a: Meowscarada\n|-damage|p2a: Meowscarada|0 fnt\n|faint|p2a: Meowscarada\n|-damage|p1a: Lucario|117/255|[from] item: Life Orb\n|\n|upkeep\n|\n|t:|1783546523\n|switch|p2a: Ho-Oh|Ho-Oh, L71|42/100\n|turn|41\n|inactive|Time left: 300 sec this turn | 300 sec total\n|\n|t:|1783546524\n|switch|p2a: Excadrill|Excadrill, L79, M|32/100\n|-ability|p2a: Excadrill|Mold Breaker\n|move|p1a: Lucario|Aura Sphere|p2a: Excadrill\n|-supereffective|p2a: Excadrill\n|-damage|p2a: Excadrill|0 fnt\n|faint|p2a: Excadrill\n|-damage|p1a: Lucario|92/255|[from] item: Life Orb\n|\n|upkeep\n|\n|t:|1783546525\n|switch|p2a: Ho-Oh|Ho-Oh, L71|75/100\n|turn|42\n|inactive|Time left: 300 sec this turn | 300 sec total\n|\n|t:|1783546525\n|move|p1a: Lucario|Aura Sphere|p2a: Ho-Oh\n|-resisted|p2a: Ho-Oh\n|-damage|p2a: Ho-Oh|37/100\n|-damage|p1a: Lucario|67/255|[from] item: Life Orb\n|move|p2a: Ho-Oh|Earthquake|p1a: Lucario\n|-supereffective|p1a: Lucario\n|-damage|p1a: Lucario|0 fnt\n|faint|p1a: Lucario\n|\n|upkeep\n|inactive|Time left: 300 sec this turn | 300 sec total | 5 sec grace\n|\n|t:|1783546526\n|switch|p1a: Dachsbun|Dachsbun, L92, M|109/254\n|turn|43\n|inactive|Time left: 300 sec this turn | 300 sec total\n|\n|t:|1783546527\n|move|p1a: Dachsbun|Body Press|p2a: Ho-Oh\n|-resisted|p2a: Ho-Oh\n|-damage|p2a: Ho-Oh|20/100\n|move|p2a: Ho-Oh|Brave Bird|p1a: Dachsbun\n|-damage|p1a: Dachsbun|24/254\n|-damage|p2a: Ho-Oh|10/100|[from] Recoil\n|\n|-heal|p1a: Dachsbun|39/254|[from] item: Leftovers\n|upkeep\n|turn|44\n|inactive|Time left: 300 sec this turn | 300 sec total\n|\n|t:|1783546528\n|move|p1a: Dachsbun|Body Press|p2a: Ho-Oh\n|-resisted|p2a: Ho-Oh\n|-damage|p2a: Ho-Oh|0 fnt\n|faint|p2a: Ho-Oh\n|\n|win|p0x635d219", "uploadtime": 1783546528, "views": 0, "rating": 0, "private": 0, "password": null, "_winner": "p0x635d219", "_our_name": "p0x635d219"}