{"id": "battle-gen9randombattle-2769", "formatid": "gen9randombattle", "format": "[Gen 9] Random Battle", "players": ["p0x2769ac1f", "p0y276930fa"], "log": "|init|battle\n|title|p0x2769ac1f vs. p0y276930fa\n|j|\u2606p0x2769ac1f\n|j|\u2606p0y276930fa\n|t:|1783571901\n|gametype|singles\n|player|p1|p0x2769ac1f|266|\n|player|p2|p0y276930fa|170|\n|gen|9\n|tier|[Gen 9] Random Battle\n|rule|Species Clause: Limit one of each Pok\u00e9mon\n|rule|HP Percentage Mod: HP is shown in percentages\n|rule|Sleep Clause Mod: Limit one foe put to sleep\n|rule|Illusion Level Mod: Illusion disguises the Pok\u00e9mon's true level\n|\n|t:|1783571901\n|teamsize|p1|6\n|teamsize|p2|6\n|start\n|switch|p1a: Gholdengo|Gholdengo, L77|261/261\n|switch|p2a: Noctowl|Noctowl, L95, M|100/100\n|turn|1\n|inactive|Battle timer is ON: inactive players will automatically lose when time's up. (requested by p0x2769ac1f)\n|inactive|p0y276930fa also wants the timer to be on.\n|\n|t:|1783571903\n|move|p2a: Noctowl|Nasty Plot|p2a: Noctowl\n|-boost|p2a: Noctowl|spa|2\n|move|p1a: Gholdengo|Nasty Plot|p1a: Gholdengo\n|-boost|p1a: Gholdengo|spa|2\n|\n|upkeep\n|turn|2\n|inactive|Time left: 300 sec this turn | 300 sec total\n|\n|t:|1783571903\n|move|p2a: Noctowl|Hurricane|p1a: Gholdengo\n|-resisted|p1a: Gholdengo\n|-damage|p1a: Gholdengo|0 fnt\n|faint|p1a: Gholdengo\n|\n|upkeep\n|inactive|Time left: 300 sec this turn | 300 sec total | 5 sec grace\n|\n|t:|1783571904\n|switch|p1a: Iron Valiant|Iron Valiant, L78|244/244\n|turn|3\n|inactive|Time left: 300 sec this turn | 300 sec total\n|\n|t:|1783571905\n|move|p1a: Iron Valiant|Close Combat|p2a: Noctowl\n|-damage|p2a: Noctowl|25/100\n|-unboost|p1a: Iron Valiant|def|1\n|-unboost|p1a: Iron Valiant|spd|1\n|-damage|p1a: Iron Valiant|220/244|[from] item: Life Orb\n|move|p2a: Noctowl|Hyper Voice|p1a: Iron Valiant\n|-damage|p1a: Iron Valiant|0 fnt\n|faint|p1a: Iron Valiant\n|-end|p1a: Iron Valiant|Quark Drive|[silent]\n|\n|upkeep\n|inactive|Time left: 300 sec this turn | 300 sec total | 5 sec grace\n|\n|t:|1783571906\n|switch|p1a: Zangoose|Zangoose, L85, M|263/263\n|turn|4\n|inactive|Time left: 300 sec this turn | 300 sec total\n|\n|t:|1783571907\n|switch|p2a: Hippowdon|Hippowdon, L82, F|100/100\n|-weather|Sandstorm|[from] ability: Sand Stream|[of] p2a: Hippowdon\n|move|p1a: Zangoose|Knock Off|p2a: Hippowdon\n|-crit|p2a: Hippowdon\n|-damage|p2a: Hippowdon|70/100\n|-enditem|p2a: Hippowdon|Leftovers|[from] move: Knock Off|[of] p1a: Zangoose\n|\n|-weather|Sandstorm|[upkeep]\n|-damage|p1a: Zangoose|247/263|[from] Sandstorm\n|-status|p1a: Zangoose|tox|[from] item: Toxic Orb\n|upkeep\n|turn|5\n|inactive|Time left: 300 sec this turn | 300 sec total\n|\n|t:|1783571908\n|switch|p2a: Flutter Mane|Flutter Mane, L74|100/100\n|move|p1a: Zangoose|Facade|p2a: Flutter Mane\n|-immune|p2a: Flutter Mane\n|\n|-weather|Sandstorm|[upkeep]\n|-damage|p2a: Flutter Mane|95/100|[from] Sandstorm\n|-damage|p1a: Zangoose|231/263 tox|[from] Sandstorm\n|-damage|p1a: Zangoose|215/263 tox|[from] psn\n|upkeep\n|turn|6\n|inactive|Time left: 300 sec this turn | 300 sec total\n|\n|t:|1783571910\n|-terastallize|p2a: Flutter Mane|Fairy\n|move|p2a: Flutter Mane|Moonblast|p1a: Zangoose\n|-damage|p1a: Zangoose|0 fnt\n|faint|p1a: Zangoose\n|\n|-weather|Sandstorm|[upkeep]\n|-damage|p2a: Flutter Mane|89/100|[from] Sandstorm\n|upkeep\n|inactive|Time left: 300 sec this turn | 300 sec total | 5 sec grace\n|\n|t:|1783571911\n|switch|p1a: Emboar|Emboar, L84, F|322/322\n|turn|7\n|inactive|Time left: 300 sec this turn | 300 sec total\n|\n|t:|1783571912\n|move|p2a: Flutter Mane|Moonblast|p1a: Emboar\n|-damage|p1a: Emboar|64/322\n|move|p1a: Emboar|Close Combat|p2a: Flutter Mane\n|-resisted|p2a: Flutter Mane\n|-damage|p2a: Flutter Mane|0 fnt\n|-unboost|p1a: Emboar|def|1\n|-unboost|p1a: Emboar|spd|1\n|faint|p2a: Flutter Mane\n|-end|p2a: Flutter Mane|Protosynthesis|[silent]\n|\n|-weather|Sandstorm|[upkeep]\n|-damage|p1a: Emboar|44/322|[from] Sandstorm\n|upkeep\n|\n|t:|1783571913\n|switch|p2a: Noctowl|Noctowl, L95, M|25/100\n|turn|8\n|inactive|Time left: 300 sec this turn | 300 sec total\n|\n|t:|1783571914\n|move|p2a: Noctowl|Hyper Voice|p1a: Emboar\n|-damage|p1a: Emboar|0 fnt\n|faint|p1a: Emboar\n|\n|-weather|none\n|upkeep\n|inactive|Time left: 300 sec this turn | 300 sec total | 5 sec grace\n|\n|t:|1783571915\n|switch|p1a: Raichu|Raichu-Alola, L87, M|246/246\n|turn|9\n|inactive|Time left: 300 sec this turn | 300 sec total\n|\n|t:|1783571916\n|switch|p2a: Bellossom|Bellossom, L84, M|100/100\n|move|p1a: Raichu|Nasty Plot|p1a: Raichu\n|-boost|p1a: Raichu|spa|2\n|\n|upkeep\n|turn|10\n|inactive|Time left: 300 sec this turn | 300 sec total\n|\n|t:|1783571917\n|move|p1a: Raichu|Nasty Plot|p1a: Raichu\n|-boost|p1a: Raichu|spa|2\n|move|p2a: Bellossom|Strength Sap|p1a: Raichu\n|-unboost|p1a: Raichu|atk|1\n|\n|upkeep\n|turn|11\n|inactive|Time left: 300 sec this turn | 300 sec total\n|\n|t:|1783571918\n|switch|p2a: Noctowl|Noctowl, L95, M|25/100\n|move|p1a: Raichu|Psyshock|p2a: Noctowl\n|-damage|p2a: Noctowl|0 fnt\n|faint|p2a: Noctowl\n|-damage|p1a: Raichu|222/246|[from] item: Life Orb\n|\n|upkeep\n|\n|t:|1783571919\n|switch|p2a: Hippowdon|Hippowdon, L82, F|70/100\n|-weather|Sandstorm|[from] ability: Sand Stream|[of] p2a: Hippowdon\n|turn|12\n|inactive|Time left: 300 sec this turn | 300 sec total\n|\n|t:|1783571920\n|switch|p2a: Garganacl|Garganacl, L80, F|100/100\n|move|p1a: Raichu|Psyshock|p2a: Garganacl\n|-damage|p2a: Garganacl|9/100\n|-damage|p1a: Raichu|198/246|[from] item: Life Orb\n|\n|-weather|Sandstorm|[upkeep]\n|-damage|p1a: Raichu|183/246|[from] Sandstorm\n|-heal|p2a: Garganacl|15/100|[from] item: Leftovers\n|upkeep\n|turn|13\n|inactive|Time left: 300 sec this turn | 300 sec total\n|\n|t:|1783571921\n|move|p1a: Raichu|Alluring Voice|p2a: Garganacl\n|-damage|p2a: Garganacl|0 fnt\n|faint|p2a: Garganacl\n|-damage|p1a: Raichu|159/246|[from] item: Life Orb\n|\n|-weather|Sandstorm|[upkeep]\n|-damage|p1a: Raichu|144/246|[from] Sandstorm\n|upkeep\n|\n|t:|1783571922\n|switch|p2a: Hippowdon|Hippowdon, L82, F|70/100\n|turn|14\n|inactive|Time left: 300 sec this turn | 300 sec total\n|\n|t:|1783571923\n|move|p1a: Raichu|Psyshock|p2a: Hippowdon\n|-damage|p2a: Hippowdon|0 fnt\n|faint|p2a: Hippowdon\n|-damage|p1a: Raichu|120/246|[from] item: Life Orb\n|\n|-weather|Sandstorm|[upkeep]\n|-damage|p1a: Raichu|105/246|[from] Sandstorm\n|upkeep\n|\n|t:|1783571924\n|switch|p2a: Iron Moth|Iron Moth, L78|100/100\n|turn|15\n|inactive|Time left: 300 sec this turn | 300 sec total\n|\n|t:|1783571925\n|-terastallize|p1a: Raichu|Fairy\n|move|p1a: Raichu|Psyshock|p2a: Iron Moth\n|-supereffective|p2a: Iron Moth\n|-damage|p2a: Iron Moth|0 fnt\n|faint|p2a: Iron Moth\n|-end|p2a: Iron Moth|Quark Drive|[silent]\n|-damage|p1a: Raichu|81/246|[from] item: Life Orb\n|\n|-weather|Sandstorm|[upkeep]\n|-damage|p1a: Raichu|66/246|[from] Sandstorm\n|upkeep\n|\n|t:|1783571925\n|switch|p2a: Bellossom|Bellossom, L84, M|100/100\n|turn|16\n|inactive|Time left: 300 sec this turn | 300 sec total\n|\n|t:|1783571926\n|move|p1a: Raichu|Psyshock|p2a: Bellossom\n|-damage|p2a: Bellossom|0 fnt\n|faint|p2a: Bellossom\n|-damage|p1a: Raichu|42/246|[from] item: Life Orb\n|\n|win|p0x2769ac1f", "uploadtime": 1783571926, "views": 0, "rating": 0, "private": 0, "password": null, "_winner": "p0x2769ac1f", "_our_name": "p0x2769ac1f"}