{"id": "battle-gen9randombattle-2382", "formatid": "gen9randombattle", "format": "[Gen 9] Random Battle", "players": ["p0x23821c85", "p0y23823ded"], "log": "|init|battle\n|title|p0x23821c85 vs. p0y23823ded\n|j|\u2606p0x23821c85\n|j|\u2606p0y23823ded\n|t:|1783566624\n|gametype|singles\n|player|p1|p0x23821c85|101|\n|player|p2|p0y23823ded|266|\n|gen|9\n|tier|[Gen 9] Random Battle\n|rule|Species Clause: Limit one of each Pok\u00e9mon\n|rule|HP Percentage Mod: HP is shown in percentages\n|rule|Sleep Clause Mod: Limit one foe put to sleep\n|rule|Illusion Level Mod: Illusion disguises the Pok\u00e9mon's true level\n|\n|t:|1783566624\n|teamsize|p1|6\n|teamsize|p2|6\n|start\n|switch|p1a: Rampardos|Rampardos, L90, M|321/321\n|switch|p2a: Zekrom|Zekrom, L71|100/100\n|-ability|p2a: Zekrom|Teravolt\n|turn|1\n|inactive|Battle timer is ON: inactive players will automatically lose when time's up. (requested by p0x23821c85)\n|inactive|p0y23823ded also wants the timer to be on.\n|\n|t:|1783566626\n|move|p2a: Zekrom|Outrage|p1a: Rampardos\n|-damage|p1a: Rampardos|158/321\n|move|p1a: Rampardos|Earthquake|p2a: Zekrom\n|-supereffective|p2a: Zekrom\n|-damage|p2a: Zekrom|0 fnt\n|faint|p2a: Zekrom\n|-damage|p1a: Rampardos|126/321|[from] item: Life Orb\n|\n|upkeep\n|\n|t:|1783566627\n|switch|p2a: Munkidori|Munkidori, L79, M|100/100\n|turn|2\n|inactive|Time left: 300 sec this turn | 300 sec total\n|\n|t:|1783566628\n|move|p2a: Munkidori|Psyshock|p1a: Rampardos\n|-damage|p1a: Rampardos|0 fnt\n|faint|p1a: Rampardos\n|\n|upkeep\n|inactive|Time left: 300 sec this turn | 300 sec total | 5 sec grace\n|\n|t:|1783566629\n|switch|p1a: Ambipom|Ambipom, L84, F|263/263\n|turn|3\n|inactive|Time left: 300 sec this turn | 300 sec total\n|\n|t:|1783566630\n|-terastallize|p1a: Ambipom|Ice\n|move|p1a: Ambipom|Triple Axel|p2a: Munkidori\n|-damage|p2a: Munkidori|75/100\n|-damage|p2a: Munkidori|24/100\n|-damage|p2a: Munkidori|0 fnt\n|faint|p2a: Munkidori\n|-hitcount|p2: Munkidori|3\n|\n|upkeep\n|\n|t:|1783566631\n|switch|p2a: Frosmoth|Frosmoth, L82, M|100/100\n|turn|4\n|inactive|Time left: 300 sec this turn | 300 sec total\n|\n|t:|1783566632\n|move|p1a: Ambipom|Triple Axel|p2a: Frosmoth\n|-resisted|p2a: Frosmoth\n|-damage|p2a: Frosmoth|88/100\n|-resisted|p2a: Frosmoth\n|-damage|p2a: Frosmoth|64/100\n|-hitcount|p2a: Frosmoth|2\n|move|p2a: Frosmoth|Hurricane|p1a: Ambipom\n|-damage|p1a: Ambipom|148/263\n|-start|p1a: Ambipom|confusion\n|\n|upkeep\n|turn|5\n|inactive|Time left: 300 sec this turn | 300 sec total\n|\n|t:|1783566633\n|-activate|p1a: Ambipom|confusion\n|move|p1a: Ambipom|Triple Axel|p2a: Frosmoth\n|-resisted|p2a: Frosmoth\n|-damage|p2a: Frosmoth|50/100\n|-resisted|p2a: Frosmoth\n|-damage|p2a: Frosmoth|23/100\n|-resisted|p2a: Frosmoth\n|-damage|p2a: Frosmoth|0 fnt\n|faint|p2a: Frosmoth\n|-hitcount|p2: Frosmoth|3\n|\n|upkeep\n|\n|t:|1783566634\n|switch|p2a: Virizion|Virizion, L82|100/100\n|turn|6\n|inactive|Time left: 300 sec this turn | 300 sec total\n|\n|t:|1783566635\n|-end|p1a: Ambipom|confusion\n|move|p1a: Ambipom|Triple Axel|p2a: Virizion\n|-supereffective|p2a: Virizion\n|-damage|p2a: Virizion|60/100\n|-supereffective|p2a: Virizion\n|-damage|p2a: Virizion|0 fnt\n|faint|p2a: Virizion\n|-hitcount|p2: Virizion|2\n|\n|upkeep\n|\n|t:|1783566636\n|switch|p2a: Hawlucha|Hawlucha, L80, F|100/100\n|turn|7\n|inactive|Time left: 300 sec this turn | 300 sec total\n|\n|t:|1783566637\n|move|p1a: Ambipom|Triple Axel|p2a: Hawlucha\n|-supereffective|p2a: Hawlucha\n|-damage|p2a: Hawlucha|58/100\n|-supereffective|p2a: Hawlucha\n|-damage|p2a: Hawlucha|0 fnt\n|faint|p2a: Hawlucha\n|-hitcount|p2: Hawlucha|2\n|\n|upkeep\n|\n|t:|1783566638\n|switch|p2a: Banette|Banette, L93, F|100/100\n|turn|8\n|inactive|Time left: 300 sec this turn | 300 sec total\n|\n|t:|1783566639\n|move|p1a: Ambipom|Triple Axel|p2a: Banette\n|-damage|p2a: Banette|78/100\n|-hitcount|p2a: Banette|1\n|move|p2a: Banette|Gunk Shot|p1a: Ambipom\n|-damage|p1a: Ambipom|0 fnt\n|faint|p1a: Ambipom\n|-damage|p2a: Banette|68/100|[from] item: Life Orb\n|\n|upkeep\n|inactive|Time left: 300 sec this turn | 300 sec total | 5 sec grace\n|\n|t:|1783566639\n|switch|p1a: Meloetta|Meloetta, L82|298/298\n|turn|9\n|inactive|Time left: 300 sec this turn | 300 sec total\n|\n|t:|1783566640\n|move|p1a: Meloetta|Psyshock|p2a: Banette\n|-damage|p2a: Banette|6/100\n|move|p2a: Banette|Thunder Wave|p1a: Meloetta\n|-status|p1a: Meloetta|par\n|\n|upkeep\n|turn|10\n|inactive|Time left: 300 sec this turn | 300 sec total\n|\n|t:|1783566641\n|move|p2a: Banette|Thunder Wave|p1a: Meloetta\n|-fail|p1a: Meloetta|par\n|move|p1a: Meloetta|Psyshock|p2a: Banette\n|-damage|p2a: Banette|0 fnt\n|faint|p2a: Banette\n|\n|win|p0x23821c85", "uploadtime": 1783566641, "views": 0, "rating": 0, "private": 0, "password": null, "_winner": "p0x23821c85", "_our_name": "p0x23821c85"}