{"id": "battle-gen9randombattle-2858", "formatid": "gen9randombattle", "format": "[Gen 9] Random Battle", "players": ["p0x2858e09e", "p0y28586e1e"], "log": "|init|battle\n|title|p0x2858e09e vs. p0y28586e1e\n|j|\u2606p0x2858e09e\n|j|\u2606p0y28586e1e\n|t:|1783572914\n|gametype|singles\n|player|p1|p0x2858e09e|169|\n|player|p2|p0y28586e1e|101|\n|gen|9\n|tier|[Gen 9] Random Battle\n|rule|Species Clause: Limit one of each Pok\u00e9mon\n|rule|HP Percentage Mod: HP is shown in percentages\n|rule|Sleep Clause Mod: Limit one foe put to sleep\n|rule|Illusion Level Mod: Illusion disguises the Pok\u00e9mon's true level\n|\n|t:|1783572914\n|teamsize|p1|6\n|teamsize|p2|6\n|start\n|switch|p1a: Noctowl|Noctowl, L95, M|344/344\n|switch|p2a: Iron Moth|Iron Moth, L78|100/100\n|turn|1\n|inactive|Battle timer is ON: inactive players will automatically lose when time's up. (requested by p0x2858e09e)\n|inactive|p0y28586e1e also wants the timer to be on.\n|\n|t:|1783572916\n|-end|p2a: Iron Moth|Quark Drive|[silent]\n|switch|p2a: Gyarados|Gyarados, L79, F|100/100\n|-ability|p2a: Gyarados|Intimidate|boost\n|-unboost|p1a: Noctowl|atk|1\n|move|p1a: Noctowl|Hyper Voice|p2a: Gyarados\n|-damage|p2a: Gyarados|63/100\n|\n|upkeep\n|turn|2\n|inactive|Time left: 300 sec this turn | 300 sec total\n|\n|t:|1783572917\n|move|p1a: Noctowl|Calm Mind|p1a: Noctowl\n|-boost|p1a: Noctowl|spa|1\n|-boost|p1a: Noctowl|spd|1\n|move|p2a: Gyarados|Dragon Dance|p2a: Gyarados\n|-boost|p2a: Gyarados|atk|1\n|-boost|p2a: Gyarados|spe|1\n|\n|upkeep\n|turn|3\n|inactive|Time left: 300 sec this turn | 300 sec total\n|\n|t:|1783572918\n|move|p2a: Gyarados|Waterfall|p1a: Noctowl\n|-crit|p1a: Noctowl\n|-damage|p1a: Noctowl|73/344\n|move|p1a: Noctowl|Hurricane|p2a: Gyarados\n|-damage|p2a: Gyarados|0 fnt\n|faint|p2a: Gyarados\n|\n|upkeep\n|\n|t:|1783572919\n|switch|p2a: Abomasnow|Abomasnow, L84, F|100/100\n|-weather|Snowscape|[from] ability: Snow Warning|[of] p2a: Abomasnow\n|turn|4\n|inactive|Time left: 300 sec this turn | 300 sec total\n|\n|t:|1783572921\n|move|p2a: Abomasnow|Ice Shard|p1a: Noctowl\n|-supereffective|p1a: Noctowl\n|-damage|p1a: Noctowl|0 fnt\n|faint|p1a: Noctowl\n|\n|-weather|Snowscape|[upkeep]\n|upkeep\n|inactive|Time left: 300 sec this turn | 300 sec total | 5 sec grace\n|\n|t:|1783572921\n|switch|p1a: Gouging Fire|Gouging Fire, L74|277/277\n|turn|5\n|inactive|Time left: 300 sec this turn | 300 sec total\n|\n|t:|1783572923\n|-terastallize|p2a: Abomasnow|Water\n|move|p1a: Gouging Fire|Heat Crash|p2a: Abomasnow\n|-resisted|p2a: Abomasnow\n|-damage|p2a: Abomasnow|84/100\n|move|p2a: Abomasnow|Aurora Veil|p2a: Abomasnow\n|-sidestart|p2: p0y28586e1e|move: Aurora Veil\n|\n|-weather|Snowscape|[upkeep]\n|upkeep\n|turn|6\n|inactive|Time left: 300 sec this turn | 300 sec total\n|\n|t:|1783572924\n|switch|p2a: Torterra|Torterra, L78, F|100/100\n|move|p1a: Gouging Fire|Dragon Dance|p1a: Gouging Fire\n|-boost|p1a: Gouging Fire|atk|1\n|-boost|p1a: Gouging Fire|spe|1\n|\n|-weather|Snowscape|[upkeep]\n|upkeep\n|turn|7\n|inactive|Time left: 300 sec this turn | 300 sec total\n|\n|t:|1783572925\n|move|p1a: Gouging Fire|Outrage|p2a: Torterra\n|-crit|p2a: Torterra\n|-damage|p2a: Torterra|17/100\n|move|p2a: Torterra|Shell Smash|p2a: Torterra\n|-unboost|p2a: Torterra|def|1\n|-unboost|p2a: Torterra|spd|1\n|-boost|p2a: Torterra|atk|2\n|-boost|p2a: Torterra|spa|2\n|-boost|p2a: Torterra|spe|2\n|\n|-weather|Snowscape|[upkeep]\n|upkeep\n|turn|8\n|inactive|Time left: 300 sec this turn | 300 sec total\n|\n|t:|1783572926\n|switch|p2a: Klawf|Klawf, L90, M|100/100\n|move|p1a: Gouging Fire|Outrage|p2a: Klawf|[from] lockedmove\n|-damage|p2a: Klawf|75/100\n|-start|p1a: Gouging Fire|confusion|[fatigue]\n|\n|-weather|none\n|upkeep\n|turn|9\n|inactive|Time left: 300 sec this turn | 300 sec total\n|\n|t:|1783572927\n|-activate|p1a: Gouging Fire|confusion\n|move|p1a: Gouging Fire|Outrage|p2a: Klawf\n|-damage|p2a: Klawf|50/100\n|move|p2a: Klawf|Stone Edge|p1a: Gouging Fire\n|-supereffective|p1a: Gouging Fire\n|-damage|p1a: Gouging Fire|0 fnt\n|faint|p1a: Gouging Fire\n|-end|p1a: Gouging Fire|Protosynthesis|[silent]\n|-damage|p2a: Klawf|40/100|[from] item: Life Orb\n|\n|upkeep\n|inactive|Time left: 300 sec this turn | 300 sec total | 5 sec grace\n|\n|t:|1783572928\n|switch|p1a: Grimmsnarl|Grimmsnarl, L83, M|293/293\n|turn|10\n|inactive|Time left: 300 sec this turn | 300 sec total\n|\n|t:|1783572929\n|switch|p2a: Torterra|Torterra, L78, F|17/100\n|move|p1a: Grimmsnarl|Reflect|p1a: Grimmsnarl\n|-sidestart|p1: p0x2858e09e|Reflect\n|\n|upkeep\n|turn|11\n|inactive|Time left: 300 sec this turn | 300 sec total\n|\n|t:|1783572930\n|move|p1a: Grimmsnarl|Light Screen|p1a: Grimmsnarl\n|-sidestart|p1: p0x2858e09e|move: Light Screen\n|move|p2a: Torterra|Shell Smash|p2a: Torterra\n|-unboost|p2a: Torterra|def|1\n|-unboost|p2a: Torterra|spd|1\n|-boost|p2a: Torterra|atk|2\n|-boost|p2a: Torterra|spa|2\n|-boost|p2a: Torterra|spe|2\n|\n|upkeep\n|turn|12\n|inactive|Time left: 300 sec this turn | 300 sec total\n|\n|t:|1783572931\n|move|p2a: Torterra|Headlong Rush|p1a: Grimmsnarl\n|-damage|p1a: Grimmsnarl|132/293\n|-unboost|p2a: Torterra|def|1\n|-unboost|p2a: Torterra|spd|1\n|move|p1a: Grimmsnarl|Spirit Break|p2a: Torterra\n|-damage|p2a: Torterra|0 fnt\n|faint|p2a: Torterra\n|\n|-sideend|p2: p0y28586e1e|move: Aurora Veil\n|upkeep\n|\n|t:|1783572932\n|switch|p2a: Abomasnow|Abomasnow, L84, F, tera:Water|84/100\n|-weather|Snowscape|[from] ability: Snow Warning|[of] p2a: Abomasnow\n|turn|13\n|inactive|Time left: 300 sec this turn | 300 sec total\n|\n|t:|1783572933\n|move|p1a: Grimmsnarl|Parting Shot|p2a: Abomasnow\n|-unboost|p2a: Abomasnow|atk|1\n|-unboost|p2a: Abomasnow|spa|1\n|inactive|Time left: 300 sec this turn | 300 sec total | 5 sec grace\n|\n|t:|1783572933\n|switch|p1a: Regirock|Regirock, L83|268/268|[from] Parting Shot\n|move|p2a: Abomasnow|Aurora Veil|p2a: Abomasnow\n|-sidestart|p2: p0y28586e1e|move: Aurora Veil\n|\n|-weather|Snowscape|[upkeep]\n|upkeep\n|turn|14\n|inactive|Time left: 300 sec this turn | 300 sec total\n|\n|t:|1783572934\n|switch|p2a: Porygon2|Porygon2, L81|100/100\n|-ability|p2a: Porygon2|Download|boost\n|-boost|p2a: Porygon2|spa|1\n|move|p1a: Regirock|Stone Edge|p2a: Porygon2\n|-damage|p2a: Porygon2|86/100\n|\n|-weather|Snowscape|[upkeep]\n|upkeep\n|turn|15\n|inactive|Time left: 300 sec this turn | 300 sec total\n|\n|t:|1783572935\n|move|p2a: Porygon2|Ice Beam|p1a: Regirock\n|-damage|p1a: Regirock|222/268\n|move|p1a: Regirock|Thunder Wave|p2a: Porygon2\n|-status|p2a: Porygon2|par\n|\n|-weather|Snowscape|[upkeep]\n|-heal|p1a: Regirock|238/268|[from] item: Leftovers\n|upkeep\n|turn|16\n|inactive|Time left: 300 sec this turn | 300 sec total\n|\n|t:|1783572937\n|move|p1a: Regirock|Body Press|p2a: Porygon2\n|-supereffective|p2a: Porygon2\n|-damage|p2a: Porygon2|59/100 par\n|move|p2a: Porygon2|Ice Beam|p1a: Regirock\n|-damage|p1a: Regirock|196/268\n|\n|-weather|Snowscape|[upkeep]\n|-heal|p1a: Regirock|212/268|[from] item: Leftovers\n|upkeep\n|turn|17\n|inactive|Time left: 300 sec this turn | 300 sec total\n|\n|t:|1783572938\n|move|p1a: Regirock|Body Press|p2a: Porygon2\n|-supereffective|p2a: Porygon2\n|-damage|p2a: Porygon2|35/100 par\n|cant|p2a: Porygon2|par\n|\n|-weather|none\n|-heal|p1a: Regirock|228/268|[from] item: Leftovers\n|-sideend|p1: p0x2858e09e|Reflect\n|upkeep\n|turn|18\n|inactive|Time left: 300 sec this turn | 300 sec total\n|\n|t:|1783572939\n|-terastallize|p1a: Regirock|Fighting\n|move|p1a: Regirock|Body Press|p2a: Porygon2\n|-supereffective|p2a: Porygon2\n|-damage|p2a: Porygon2|0 fnt\n|faint|p2a: Porygon2\n|\n|-heal|p1a: Regirock|244/268|[from] item: Leftovers\n|-sideend|p1: p0x2858e09e|move: Light Screen\n|upkeep\n|\n|t:|1783572940\n|switch|p2a: Iron Moth|Iron Moth, L78|100/100\n|turn|19\n|inactive|Time left: 300 sec this turn | 300 sec total\n|\n|t:|1783572941\n|move|p2a: Iron Moth|Fire Blast|p1a: Regirock|[miss]\n|-miss|p2a: Iron Moth|p1a: Regirock\n|move|p1a: Regirock|Stone Edge|p2a: Iron Moth\n|-supereffective|p2a: Iron Moth\n|-damage|p2a: Iron Moth|38/100\n|\n|-heal|p1a: Regirock|260/268|[from] item: Leftovers\n|upkeep\n|turn|20\n|inactive|Time left: 300 sec this turn | 300 sec total\n|\n|t:|1783572942\n|move|p2a: Iron Moth|Morning Sun|p2a: Iron Moth\n|-heal|p2a: Iron Moth|88/100\n|move|p1a: Regirock|Thunder Wave|p2a: Iron Moth\n|-status|p2a: Iron Moth|par\n|\n|-heal|p1a: Regirock|268/268|[from] item: Leftovers\n|-sideend|p2: p0y28586e1e|move: Aurora Veil\n|upkeep\n|turn|21\n|inactive|Time left: 300 sec this turn | 300 sec total\n|\n|t:|1783572943\n|-end|p2a: Iron Moth|Quark Drive|[silent]\n|switch|p2a: Abomasnow|Abomasnow, L84, F, tera:Water|84/100\n|-weather|Snowscape|[from] ability: Snow Warning|[of] p2a: Abomasnow\n|move|p1a: Regirock|Stone Edge|p2a: Abomasnow\n|-damage|p2a: Abomasnow|45/100\n|\n|-weather|Snowscape|[upkeep]\n|upkeep\n|turn|22\n|inactive|Time left: 300 sec this turn | 300 sec total\n|\n|t:|1783572943\n|move|p2a: Abomasnow|Aurora Veil|p2a: Abomasnow\n|-sidestart|p2: p0y28586e1e|move: Aurora Veil\n|move|p1a: Regirock|Body Press|p2a: Abomasnow\n|-damage|p2a: Abomasnow|14/100\n|\n|-weather|Snowscape|[upkeep]\n|upkeep\n|turn|23\n|inactive|Time left: 300 sec this turn | 300 sec total\n|\n|t:|1783572944\n|move|p2a: Abomasnow|Blizzard|p1a: Regirock\n|-damage|p1a: Regirock|160/268\n|move|p1a: Regirock|Body Press|p2a: Abomasnow\n|-damage|p2a: Abomasnow|0 fnt\n|faint|p2a: Abomasnow\n|\n|-weather|Snowscape|[upkeep]\n|-heal|p1a: Regirock|176/268|[from] item: Leftovers\n|upkeep\n|\n|t:|1783572945\n|switch|p2a: Iron Moth|Iron Moth, L78|88/100 par\n|turn|24\n|inactive|Time left: 300 sec this turn | 300 sec total\n|\n|t:|1783572946\n|move|p1a: Regirock|Stone Edge|p2a: Iron Moth\n|-supereffective|p2a: Iron Moth\n|-crit|p2a: Iron Moth\n|-damage|p2a: Iron Moth|0 fnt\n|faint|p2a: Iron Moth\n|-end|p2a: Iron Moth|Quark Drive|[silent]\n|\n|-weather|Snowscape|[upkeep]\n|-heal|p1a: Regirock|192/268|[from] item: Leftovers\n|upkeep\n|\n|t:|1783572947\n|switch|p2a: Klawf|Klawf, L90, M|73/100\n|turn|25\n|inactive|Time left: 300 sec this turn | 300 sec total\n|\n|t:|1783572947\n|move|p2a: Klawf|Crabhammer|p1a: Regirock\n|-damage|p1a: Regirock|132/268\n|-damage|p2a: Klawf|63/100|[from] item: Life Orb\n|move|p1a: Regirock|Body Press|p2a: Klawf\n|-supereffective|p2a: Klawf\n|-damage|p2a: Klawf|20/100\n|\n|-weather|none\n|-heal|p1a: Regirock|148/268|[from] item: Leftovers\n|upkeep\n|turn|26\n|inactive|Time left: 300 sec this turn | 300 sec total\n|\n|t:|1783572948\n|move|p2a: Klawf|Stealth Rock|p1a: Regirock\n|-sidestart|p1: p0x2858e09e|move: Stealth Rock\n|move|p1a: Regirock|Body Press|p2a: Klawf\n|-supereffective|p2a: Klawf\n|-damage|p2a: Klawf|0 fnt\n|faint|p2a: Klawf\n|\n|win|p0x2858e09e", "uploadtime": 1783572948, "views": 0, "rating": 0, "private": 0, "password": null, "_winner": "p0x2858e09e", "_our_name": "p0x2858e09e"}