{"id": "battle-gen9randombattle-132", "formatid": "gen9randombattle", "format": "[Gen 9] Random Battle", "players": ["p0x132ede7", "p0y1329b1e"], "log": "|init|battle\n|title|p0x132ede7 vs. p0y1329b1e\n|j|\u2606p0x132ede7\n|j|\u2606p0y1329b1e\n|t:|1783535265\n|gametype|singles\n|player|p1|p0x132ede7|101|\n|player|p2|p0y1329b1e|2|\n|gen|9\n|tier|[Gen 9] Random Battle\n|rule|Species Clause: Limit one of each Pok\u00e9mon\n|rule|HP Percentage Mod: HP is shown in percentages\n|rule|Sleep Clause Mod: Limit one foe put to sleep\n|rule|Illusion Level Mod: Illusion disguises the Pok\u00e9mon's true level\n|\n|t:|1783535265\n|teamsize|p1|6\n|teamsize|p2|6\n|start\n|switch|p1a: Suicune|Suicune, L82|298/298\n|switch|p2a: Flamigo|Flamigo, L82, M|100/100\n|-ability|p1a: Suicune|Pressure\n|turn|1\n|inactive|Battle timer is ON: inactive players will automatically lose when time's up. (requested by p0x132ede7)\n|inactive|p0y1329b1e also wants the timer to be on.\n|\n|t:|1783535267\n|move|p2a: Flamigo|Swords Dance|p2a: Flamigo\n|-boost|p2a: Flamigo|atk|2\n|move|p1a: Suicune|Ice Beam|p2a: Flamigo\n|-supereffective|p2a: Flamigo\n|-damage|p2a: Flamigo|41/100\n|-status|p2a: Flamigo|frz\n|\n|upkeep\n|turn|2\n|inactive|Time left: 300 sec this turn | 300 sec total\n|\n|t:|1783535268\n|cant|p2a: Flamigo|frz\n|move|p1a: Suicune|Ice Beam|p2a: Flamigo\n|-supereffective|p2a: Flamigo\n|-damage|p2a: Flamigo|0 fnt\n|faint|p2a: Flamigo\n|\n|upkeep\n|\n|t:|1783535269\n|switch|p2a: Spidops|Spidops, L96, F|100/100\n|turn|3\n|inactive|Time left: 300 sec this turn | 300 sec total\n|\n|t:|1783535270\n|move|p1a: Suicune|Scald|p2a: Spidops\n|-crit|p2a: Spidops\n|-damage|p2a: Spidops|65/100\n|move|p2a: Spidops|Sticky Web|p1a: Suicune\n|-sidestart|p1: p0x132ede7|move: Sticky Web\n|\n|upkeep\n|turn|4\n|inactive|Time left: 300 sec this turn | 300 sec total\n|\n|t:|1783535271\n|move|p1a: Suicune|Calm Mind|p1a: Suicune\n|-boost|p1a: Suicune|spa|1\n|-boost|p1a: Suicune|spd|1\n|move|p2a: Spidops|Toxic Spikes|p1a: Suicune\n|-sidestart|p1: p0x132ede7|move: Toxic Spikes\n|\n|upkeep\n|turn|5\n|inactive|Time left: 300 sec this turn | 300 sec total\n|\n|t:|1783535272\n|move|p1a: Suicune|Scald|p2a: Spidops\n|-damage|p2a: Spidops|25/100\n|move|p2a: Spidops|Circle Throw|p1a: Suicune\n|-damage|p1a: Suicune|260/298\n|drag|p1a: Cinderace|Cinderace, L77, M|250/250\n|\n|upkeep\n|turn|6\n|inactive|Time left: 300 sec this turn | 300 sec total\n|\n|t:|1783535273\n|switch|p2a: Armarouge|Armarouge, L80, F|100/100\n|move|p1a: Cinderace|Court Change|p1a: Cinderace\n|-start|p1a: Cinderace|typechange|Normal|[from] ability: Libero\n|-swapsideconditions\n|-activate|p1a: Cinderace|move: Court Change\n|\n|upkeep\n|turn|7\n|inactive|Time left: 300 sec this turn | 300 sec total\n|\n|t:|1783535274\n|switch|p1a: Suicune|Suicune, L82|260/298\n|-ability|p1a: Suicune|Pressure\n|move|p2a: Armarouge|Psyshock|p1a: Suicune\n|-crit|p1a: Suicune\n|-damage|p1a: Suicune|77/298\n|\n|-heal|p1a: Suicune|95/298|[from] item: Leftovers\n|upkeep\n|turn|8\n|inactive|Time left: 300 sec this turn | 300 sec total\n|\n|t:|1783535275\n|move|p1a: Suicune|Scald|p2a: Armarouge\n|-supereffective|p2a: Armarouge\n|-damage|p2a: Armarouge|33/100\n|move|p2a: Armarouge|Psyshock|p1a: Suicune\n|-damage|p1a: Suicune|0 fnt\n|faint|p1a: Suicune\n|\n|upkeep\n|inactive|Time left: 300 sec this turn | 300 sec total | 5 sec grace\n|\n|t:|1783535276\n|switch|p1a: Pyroar|Pyroar, L88, F|295/295\n|-ability|p1a: Pyroar|Unnerve\n|turn|9\n|inactive|Time left: 300 sec this turn | 300 sec total\n|\n|t:|1783535278\n|move|p1a: Pyroar|Hyper Voice|p2a: Armarouge\n|-damage|p2a: Armarouge|0 fnt\n|faint|p2a: Armarouge\n|\n|upkeep\n|\n|t:|1783535278\n|switch|p2a: Mienshao|Mienshao, L83, M|100/100\n|-activate|p2a: Mienshao|move: Sticky Web\n|-unboost|p2a: Mienshao|spe|1\n|-status|p2a: Mienshao|psn\n|turn|10\n|inactive|Time left: 300 sec this turn | 300 sec total\n|\n|t:|1783535279\n|-terastallize|p1a: Pyroar|Fire\n|move|p1a: Pyroar|Fire Blast|p2a: Mienshao\n|-damage|p2a: Mienshao|0 fnt\n|faint|p2a: Mienshao\n|\n|upkeep\n|\n|t:|1783535280\n|switch|p2a: Piloswine|Piloswine, L85, M|100/100\n|-activate|p2a: Piloswine|move: Sticky Web\n|-unboost|p2a: Piloswine|spe|1\n|-status|p2a: Piloswine|psn\n|turn|11\n|inactive|Time left: 300 sec this turn | 300 sec total\n|\n|t:|1783535281\n|switch|p1a: Farigiraf|Farigiraf, L90, M|362/362\n|move|p2a: Piloswine|Earthquake|p1a: Farigiraf\n|-damage|p1a: Farigiraf|242/362\n|\n|-heal|p1a: Farigiraf|264/362|[from] item: Leftovers\n|-damage|p2a: Piloswine|88/100 psn|[from] psn\n|upkeep\n|turn|12\n|inactive|Time left: 300 sec this turn | 300 sec total\n|\n|t:|1783535282\n|move|p1a: Farigiraf|Psychic Noise|p2a: Piloswine\n|-damage|p2a: Piloswine|58/100 psn\n|-start|p2a: Piloswine|move: Heal Block\n|move|p2a: Piloswine|Earthquake|p1a: Farigiraf\n|-damage|p1a: Farigiraf|149/362\n|\n|-heal|p1a: Farigiraf|171/362|[from] item: Leftovers\n|-damage|p2a: Piloswine|46/100 psn|[from] psn\n|upkeep\n|turn|13\n|inactive|Time left: 300 sec this turn | 300 sec total\n|\n|t:|1783535283\n|move|p1a: Farigiraf|Wish|p1a: Farigiraf\n|move|p2a: Piloswine|Earthquake|p1a: Farigiraf\n|-damage|p1a: Farigiraf|35/362\n|\n|-heal|p1a: Farigiraf|57/362|[from] item: Leftovers\n|-damage|p2a: Piloswine|34/100 psn|[from] psn\n|-end|p2a: Piloswine|move: Heal Block\n|upkeep\n|turn|14\n|inactive|Time left: 300 sec this turn | 300 sec total\n|\n|t:|1783535284\n|move|p1a: Farigiraf|Protect|p1a: Farigiraf\n|-singleturn|p1a: Farigiraf|Protect\n|move|p2a: Piloswine|Stealth Rock|p1a: Farigiraf\n|-sidestart|p1: p0x132ede7|move: Stealth Rock\n|\n|-heal|p1a: Farigiraf|238/362|[from] move: Wish|[wisher] Farigiraf\n|-heal|p1a: Farigiraf|260/362|[from] item: Leftovers\n|-damage|p2a: Piloswine|21/100 psn|[from] psn\n|upkeep\n|turn|15\n|inactive|Time left: 300 sec this turn | 300 sec total\n|\n|t:|1783535285\n|move|p2a: Piloswine|Ice Shard|p1a: Farigiraf\n|-damage|p1a: Farigiraf|211/362\n|move|p1a: Farigiraf|Psychic Noise|p2a: Piloswine\n|-damage|p2a: Piloswine|0 fnt\n|faint|p2a: Piloswine\n|\n|-heal|p1a: Farigiraf|233/362|[from] item: Leftovers\n|upkeep\n|\n|t:|1783535286\n|switch|p2a: Azelf|Azelf, L82|100/100\n|turn|16\n|inactive|Time left: 300 sec this turn | 300 sec total\n|\n|t:|1783535287\n|move|p2a: Azelf|Nasty Plot|p2a: Azelf\n|-boost|p2a: Azelf|spa|2\n|move|p1a: Farigiraf|Body Slam|p2a: Azelf\n|-damage|p2a: Azelf|51/100\n|-status|p2a: Azelf|par\n|\n|-heal|p1a: Farigiraf|255/362|[from] item: Leftovers\n|upkeep\n|turn|17\n|inactive|Time left: 300 sec this turn | 300 sec total\n|\n|t:|1783535288\n|move|p1a: Farigiraf|Body Slam|p2a: Azelf\n|-damage|p2a: Azelf|2/100 par\n|move|p2a: Azelf|Fire Blast|p1a: Farigiraf\n|-crit|p1a: Farigiraf\n|-damage|p1a: Farigiraf|0 fnt\n|faint|p1a: Farigiraf\n|-damage|p2a: Azelf|0 fnt|[from] item: Life Orb\n|faint|p2a: Azelf\n|\n|upkeep\n|inactive|Time left: 300 sec this turn | 300 sec total | 5 sec grace\n|\n|t:|1783535289\n|switch|p2a: Spidops|Spidops, L96, F|25/100\n|switch|p1a: Arceus|Arceus-Ghost, L69|280/280\n|-damage|p1a: Arceus|245/280|[from] Stealth Rock\n|turn|18\n|inactive|Time left: 300 sec this turn | 300 sec total\n|\n|t:|1783535290\n|move|p1a: Arceus|Judgment|p2a: Spidops\n|-damage|p2a: Spidops|0 fnt\n|faint|p2a: Spidops\n|\n|win|p0x132ede7", "uploadtime": 1783535290, "views": 0, "rating": 0, "private": 0, "password": null, "_winner": "p0x132ede7", "_our_name": "p0x132ede7"}