{"id": "battle-gen9randombattle-528", "formatid": "gen9randombattle", "format": "[Gen 9] Random Battle", "players": ["p0x528dd49", "p0y5281616"], "log": "|init|battle\n|title|p0x528dd49 vs. p0y5281616\n|j|\u2606p0x528dd49\n|j|\u2606p0y5281616\n|t:|1783545929\n|gametype|singles\n|player|p1|p0x528dd49|101|\n|player|p2|p0y5281616|265|\n|gen|9\n|tier|[Gen 9] Random Battle\n|rule|Species Clause: Limit one of each Pok\u00e9mon\n|rule|HP Percentage Mod: HP is shown in percentages\n|rule|Sleep Clause Mod: Limit one foe put to sleep\n|rule|Illusion Level Mod: Illusion disguises the Pok\u00e9mon's true level\n|\n|t:|1783545929\n|teamsize|p1|6\n|teamsize|p2|6\n|start\n|switch|p1a: Groudon|Groudon, L72|263/263\n|switch|p2a: Wyrdeer|Wyrdeer, L87, M|100/100\n|-weather|SunnyDay|[from] ability: Drought|[of] p1a: Groudon\n|-ability|p2a: Wyrdeer|Intimidate|boost\n|-unboost|p1a: Groudon|atk|1\n|turn|1\n|inactive|Battle timer is ON: inactive players will automatically lose when time's up. (requested by p0x528dd49)\n|inactive|p0y5281616 also wants the timer to be on.\n|\n|t:|1783545931\n|move|p1a: Groudon|Stealth Rock|p2a: Wyrdeer\n|-sidestart|p2: p0y5281616|move: Stealth Rock\n|move|p2a: Wyrdeer|Psychic Noise|p1a: Groudon\n|-damage|p1a: Groudon|163/263\n|-start|p1a: Groudon|move: Heal Block\n|\n|-weather|SunnyDay|[upkeep]\n|upkeep\n|turn|2\n|inactive|Time left: 300 sec this turn | 300 sec total\n|\n|t:|1783545932\n|move|p1a: Groudon|Thunder Wave|p2a: Wyrdeer\n|-status|p2a: Wyrdeer|par\n|move|p2a: Wyrdeer|Body Slam|p1a: Groudon\n|-damage|p1a: Groudon|73/263\n|\n|-weather|SunnyDay|[upkeep]\n|-end|p1a: Groudon|move: Heal Block\n|upkeep\n|turn|3\n|inactive|Time left: 300 sec this turn | 300 sec total\n|\n|t:|1783545933\n|switch|p1a: Copperajah|Copperajah, L86, M|350/350\n|move|p2a: Wyrdeer|Psychic Noise|p1a: Copperajah\n|-resisted|p1a: Copperajah\n|-damage|p1a: Copperajah|300/350\n|-start|p1a: Copperajah|move: Heal Block\n|\n|-weather|SunnyDay|[upkeep]\n|upkeep\n|turn|4\n|inactive|Time left: 300 sec this turn | 300 sec total\n|\n|t:|1783545934\n|move|p1a: Copperajah|Heavy Slam|p2a: Wyrdeer\n|-damage|p2a: Wyrdeer|8/100 par\n|move|p2a: Wyrdeer|Earthquake|p1a: Copperajah\n|-supereffective|p1a: Copperajah\n|-damage|p1a: Copperajah|102/350\n|\n|-weather|SunnyDay|[upkeep]\n|-heal|p2a: Wyrdeer|14/100 par|[from] item: Leftovers\n|-end|p1a: Copperajah|move: Heal Block\n|upkeep\n|turn|5\n|inactive|Time left: 300 sec this turn | 300 sec total\n|\n|t:|1783545935\n|move|p1a: Copperajah|Heavy Slam|p2a: Wyrdeer\n|-damage|p2a: Wyrdeer|0 fnt\n|faint|p2a: Wyrdeer\n|\n|-weather|none\n|upkeep\n|\n|t:|1783545935\n|switch|p2a: Morpeko|Morpeko, L88, F|100/100\n|turn|6\n|inactive|Time left: 300 sec this turn | 300 sec total\n|\n|t:|1783545937\n|move|p2a: Morpeko|Rapid Spin|p1a: Copperajah\n|-resisted|p1a: Copperajah\n|-damage|p1a: Copperajah|81/350\n|-boost|p2a: Morpeko|spe|1\n|-sideend|p2: p0y5281616|Stealth Rock|[from] move: Rapid Spin|[of] p2a: Morpeko\n|move|p1a: Copperajah|Heavy Slam|p2a: Morpeko\n|-resisted|p2a: Morpeko\n|-damage|p2a: Morpeko|29/100\n|\n|-formechange|p2a: Morpeko|Morpeko-Hangry||[from] ability: Hunger Switch\n|upkeep\n|turn|7\n|inactive|Time left: 300 sec this turn | 300 sec total\n|\n|t:|1783545938\n|switch|p1a: Breloom|Breloom, L83, F|235/235\n|move|p2a: Morpeko|Aura Wheel|p1a: Breloom\n|-resisted|p1a: Breloom\n|-damage|p1a: Breloom|163/235\n|-boost|p2a: Morpeko|spe|1\n|\n|-formechange|p2a: Morpeko|Morpeko||[from] ability: Hunger Switch\n|upkeep\n|turn|8\n|inactive|Time left: 300 sec this turn | 300 sec total\n|\n|t:|1783545939\n|move|p2a: Morpeko|Protect|p2a: Morpeko\n|-singleturn|p2a: Morpeko|Protect\n|move|p1a: Breloom|Mach Punch|p2a: Morpeko\n|-activate|p2a: Morpeko|move: Protect\n|\n|-formechange|p2a: Morpeko|Morpeko-Hangry||[from] ability: Hunger Switch\n|upkeep\n|turn|9\n|inactive|Time left: 300 sec this turn | 300 sec total\n|\n|t:|1783545940\n|move|p1a: Breloom|Mach Punch|p2a: Morpeko\n|-supereffective|p2a: Morpeko\n|-damage|p2a: Morpeko|0 fnt\n|faint|p2a: Morpeko\n|-damage|p1a: Breloom|140/235|[from] item: Life Orb\n|\n|upkeep\n|\n|t:|1783545941\n|switch|p2a: Staraptor|Staraptor, L79, M|100/100\n|turn|10\n|inactive|Time left: 300 sec this turn | 300 sec total\n|\n|t:|1783545942\n|switch|p1a: Ampharos|Ampharos, L88, F|302/302\n|move|p2a: Staraptor|Brave Bird|p1a: Ampharos\n|-resisted|p1a: Ampharos\n|-damage|p1a: Ampharos|188/302\n|-status|p2a: Staraptor|par|[from] ability: Static|[of] p1a: Ampharos\n|-damage|p2a: Staraptor|86/100 par|[from] Recoil\n|\n|upkeep\n|turn|11\n|inactive|Time left: 300 sec this turn | 300 sec total\n|\n|t:|1783545943\n|switch|p2a: Archaludon|Archaludon, L78, F|100/100\n|move|p1a: Ampharos|Thunderbolt|p2a: Archaludon\n|-resisted|p2a: Archaludon\n|-crit|p2a: Archaludon\n|-damage|p2a: Archaludon|71/100\n|-ability|p2a: Archaludon|Stamina|boost\n|-boost|p2a: Archaludon|def|1\n|\n|upkeep\n|turn|12\n|inactive|Time left: 300 sec this turn | 300 sec total\n|\n|t:|1783545944\n|move|p2a: Archaludon|Body Press|p1a: Ampharos\n|-damage|p1a: Ampharos|92/302\n|move|p1a: Ampharos|Focus Blast|p2a: Archaludon\n|-supereffective|p2a: Archaludon\n|-damage|p2a: Archaludon|0 fnt\n|faint|p2a: Archaludon\n|\n|upkeep\n|\n|t:|1783545945\n|switch|p2a: Spiritomb|Spiritomb, L89, F|100/100\n|turn|13\n|inactive|Time left: 300 sec this turn | 300 sec total\n|\n|t:|1783545946\n|move|p1a: Ampharos|Dazzling Gleam|p2a: Spiritomb\n|-supereffective|p2a: Spiritomb\n|-damage|p2a: Spiritomb|53/100\n|move|p2a: Spiritomb|Poltergeist|p1a: Ampharos\n|-activate|p1a: Ampharos|move: Poltergeist|Assault Vest\n|-damage|p1a: Ampharos|0 fnt\n|faint|p1a: Ampharos\n|\n|-heal|p2a: Spiritomb|59/100|[from] item: Leftovers\n|upkeep\n|inactive|Time left: 300 sec this turn | 300 sec total | 5 sec grace\n|\n|t:|1783545947\n|switch|p1a: Breloom|Breloom, L83, F|140/235\n|turn|14\n|inactive|Time left: 300 sec this turn | 300 sec total\n|\n|t:|1783545948\n|-terastallize|p2a: Spiritomb|Steel\n|move|p1a: Breloom|Bullet Seed|p2a: Spiritomb\n|-resisted|p2a: Spiritomb\n|-damage|p2a: Spiritomb|48/100\n|-resisted|p2a: Spiritomb\n|-crit|p2a: Spiritomb\n|-damage|p2a: Spiritomb|30/100\n|-resisted|p2a: Spiritomb\n|-damage|p2a: Spiritomb|18/100\n|-hitcount|p2a: Spiritomb|3\n|-damage|p1a: Breloom|117/235|[from] item: Life Orb\n|move|p2a: Spiritomb|Poltergeist|p1a: Breloom\n|-activate|p1a: Breloom|move: Poltergeist|Life Orb\n|-damage|p1a: Breloom|0 fnt\n|faint|p1a: Breloom\n|\n|-heal|p2a: Spiritomb|24/100|[from] item: Leftovers\n|upkeep\n|inactive|Time left: 300 sec this turn | 300 sec total | 5 sec grace\n|\n|t:|1783545949\n|switch|p1a: Samurott|Samurott, L88, M|310/310\n|turn|15\n|inactive|Time left: 300 sec this turn | 300 sec total\n|\n|t:|1783545950\n|switch|p2a: Scream Tail|Scream Tail, L84|100/100\n|move|p1a: Samurott|Flip Turn|p2a: Scream Tail\n|-damage|p2a: Scream Tail|81/100\n|inactive|Time left: 300 sec this turn | 300 sec total | 5 sec grace\n|\n|t:|1783545951\n|switch|p1a: Groudon|Groudon, L72|73/263|[from] Flip Turn\n|-weather|SunnyDay|[from] ability: Drought|[of] p1a: Groudon\n|-activate|p2a: Scream Tail|ability: Protosynthesis\n|-start|p2a: Scream Tail|protosynthesisspd\n|\n|-weather|SunnyDay|[upkeep]\n|-heal|p2a: Scream Tail|87/100|[from] item: Leftovers\n|-heal|p1a: Groudon|89/263|[from] item: Leftovers\n|upkeep\n|turn|16\n|inactive|Time left: 300 sec this turn | 300 sec total\n|\n|t:|1783545952\n|move|p2a: Scream Tail|Dazzling Gleam|p1a: Groudon\n|-damage|p1a: Groudon|13/263\n|move|p1a: Groudon|Stealth Rock|p2a: Scream Tail\n|-sidestart|p2: p0y5281616|move: Stealth Rock\n|\n|-weather|SunnyDay|[upkeep]\n|-heal|p2a: Scream Tail|94/100|[from] item: Leftovers\n|-heal|p1a: Groudon|29/263|[from] item: Leftovers\n|upkeep\n|turn|17\n|inactive|Time left: 300 sec this turn | 300 sec total\n|\n|t:|1783545953\n|switch|p1a: Copperajah|Copperajah, L86, M|81/350\n|move|p2a: Scream Tail|Dazzling Gleam|p1a: Copperajah\n|-resisted|p1a: Copperajah\n|-damage|p1a: Copperajah|47/350\n|\n|-weather|SunnyDay|[upkeep]\n|-heal|p2a: Scream Tail|99/100|[from] item: Leftovers\n|upkeep\n|turn|18\n|inactive|Time left: 300 sec this turn | 300 sec total\n|\n|t:|1783545954\n|move|p2a: Scream Tail|Wish|p2a: Scream Tail\n|move|p1a: Copperajah|Heavy Slam|p2a: Scream Tail\n|-supereffective|p2a: Scream Tail\n|-damage|p2a: Scream Tail|0 fnt\n|faint|p2a: Scream Tail\n|-end|p2a: Scream Tail|Protosynthesis|[silent]\n|\n|-weather|SunnyDay|[upkeep]\n|upkeep\n|\n|t:|1783545955\n|switch|p2a: Spiritomb|Spiritomb, L89, F, tera:Steel|24/100\n|-damage|p2a: Spiritomb|18/100|[from] Stealth Rock\n|turn|19\n|inactive|Time left: 300 sec this turn | 300 sec total\n|\n|t:|1783545956\n|move|p2a: Spiritomb|Foul Play|p1a: Copperajah\n|-damage|p1a: Copperajah|0 fnt\n|faint|p1a: Copperajah\n|\n|-weather|none\n|-heal|p2a: Spiritomb|89/100|[from] move: Wish|[wisher] Scream Tail\n|-heal|p2a: Spiritomb|95/100|[from] item: Leftovers\n|upkeep\n|inactive|Time left: 300 sec this turn | 300 sec total | 5 sec grace\n|\n|t:|1783545957\n|switch|p1a: Groudon|Groudon, L72|29/263\n|-weather|SunnyDay|[from] ability: Drought|[of] p1a: Groudon\n|turn|20\n|inactive|Time left: 300 sec this turn | 300 sec total\n|\n|t:|1783545958\n|-terastallize|p1a: Groudon|Fire\n|move|p2a: Spiritomb|Shadow Sneak|p1a: Groudon\n|-damage|p1a: Groudon|0 fnt\n|faint|p1a: Groudon\n|\n|-weather|SunnyDay|[upkeep]\n|-heal|p2a: Spiritomb|100/100|[from] item: Leftovers\n|upkeep\n|inactive|Time left: 300 sec this turn | 300 sec total | 5 sec grace\n|\n|t:|1783545959\n|switch|p1a: Regidrago|Regidrago, L77|435/435\n|turn|21\n|inactive|Time left: 300 sec this turn | 300 sec total\n|\n|t:|1783545960\n|move|p1a: Regidrago|Earthquake|p2a: Spiritomb\n|-supereffective|p2a: Spiritomb\n|-damage|p2a: Spiritomb|43/100\n|-damage|p1a: Regidrago|392/435|[from] item: Life Orb\n|move|p2a: Spiritomb|Pain Split|p1a: Regidrago\n|-sethp|p1a: Regidrago|245/435|[from] move: Pain Split|[silent]\n|-sethp|p2a: Spiritomb|100/100|[from] move: Pain Split\n|\n|-weather|SunnyDay|[upkeep]\n|upkeep\n|turn|22\n|inactive|Time left: 300 sec this turn | 300 sec total\n|\n|t:|1783545961\n|move|p1a: Regidrago|Earthquake|p2a: Spiritomb\n|-supereffective|p2a: Spiritomb\n|-damage|p2a: Spiritomb|47/100\n|-damage|p1a: Regidrago|202/435|[from] item: Life Orb\n|move|p2a: Spiritomb|Poltergeist|p1a: Regidrago\n|-activate|p1a: Regidrago|move: Poltergeist|Life Orb\n|-damage|p1a: Regidrago|18/435\n|\n|-weather|SunnyDay|[upkeep]\n|-heal|p2a: Spiritomb|53/100|[from] item: Leftovers\n|upkeep\n|turn|23\n|inactive|Time left: 300 sec this turn | 300 sec total\n|\n|t:|1783545962\n|switch|p1a: Samurott|Samurott, L88, M|310/310\n|move|p2a: Spiritomb|Shadow Sneak|p1a: Samurott\n|-damage|p1a: Samurott|268/310\n|\n|-weather|SunnyDay|[upkeep]\n|-heal|p2a: Spiritomb|59/100|[from] item: Leftovers\n|upkeep\n|turn|24\n|inactive|Time left: 300 sec this turn | 300 sec total\n|\n|t:|1783545963\n|move|p1a: Samurott|Hydro Pump|p2a: Spiritomb\n|-crit|p2a: Spiritomb\n|-damage|p2a: Spiritomb|23/100\n|move|p2a: Spiritomb|Pain Split|p1a: Samurott\n|-sethp|p1a: Samurott|160/310|[from] move: Pain Split|[silent]\n|-sethp|p2a: Spiritomb|69/100|[from] move: Pain Split\n|\n|-weather|none\n|-heal|p2a: Spiritomb|75/100|[from] item: Leftovers\n|upkeep\n|turn|25\n|inactive|Time left: 300 sec this turn | 300 sec total\n|\n|t:|1783545964\n|move|p1a: Samurott|Flip Turn|p2a: Spiritomb\n|-damage|p2a: Spiritomb|51/100\n|inactive|Time left: 300 sec this turn | 300 sec total | 5 sec grace\n|\n|t:|1783545965\n|switch|p1a: Regidrago|Regidrago, L77|18/435|[from] Flip Turn\n|move|p2a: Spiritomb|Poltergeist|p1a: Regidrago\n|-activate|p1a: Regidrago|move: Poltergeist|Life Orb\n|-damage|p1a: Regidrago|0 fnt\n|faint|p1a: Regidrago\n|\n|-heal|p2a: Spiritomb|57/100|[from] item: Leftovers\n|upkeep\n|inactive|Time left: 300 sec this turn | 300 sec total | 10 sec grace\n|\n|t:|1783545966\n|switch|p1a: Samurott|Samurott, L88, M|160/310\n|turn|26\n|inactive|Time left: 300 sec this turn | 300 sec total\n|\n|t:|1783545967\n|move|p1a: Samurott|Ice Beam|p2a: Spiritomb\n|-resisted|p2a: Spiritomb\n|-damage|p2a: Spiritomb|45/100\n|move|p2a: Spiritomb|Poltergeist|p1a: Samurott\n|-activate|p1a: Samurott|move: Poltergeist|Assault Vest\n|-damage|p1a: Samurott|46/310\n|\n|-heal|p2a: Spiritomb|51/100|[from] item: Leftovers\n|upkeep\n|turn|27\n|inactive|Time left: 300 sec this turn | 300 sec total\n|\n|t:|1783545968\n|move|p2a: Spiritomb|Shadow Sneak|p1a: Samurott\n|-damage|p1a: Samurott|1/310\n|move|p1a: Samurott|Hydro Pump|p2a: Spiritomb\n|-damage|p2a: Spiritomb|0 fnt\n|faint|p2a: Spiritomb\n|\n|upkeep\n|\n|t:|1783545969\n|switch|p2a: Staraptor|Staraptor, L79, M|86/100 par\n|-damage|p2a: Staraptor|61/100 par|[from] Stealth Rock\n|turn|28\n|inactive|Time left: 300 sec this turn | 300 sec total\n|\n|t:|1783545970\n|move|p2a: Staraptor|Quick Attack|p1a: Samurott\n|-damage|p1a: Samurott|0 fnt\n|faint|p1a: Samurott\n|\n|win|p0y5281616", "uploadtime": 1783545970, "views": 0, "rating": 0, "private": 0, "password": null, "_winner": "p0y5281616", "_our_name": "p0x528dd49"}