{"id": "battle-gen9randombattle-1264", "formatid": "gen9randombattle", "format": "[Gen 9] Random Battle", "players": ["p0x1264fecd", "p0y1264087d"], "log": "|init|battle\n|title|p0x1264fecd vs. p0y1264087d\n|j|\u2606p0x1264fecd\n|j|\u2606p0y1264087d\n|t:|1783553762\n|gametype|singles\n|player|p1|p0x1264fecd|2|\n|player|p2|p0y1264087d|170|\n|gen|9\n|tier|[Gen 9] Random Battle\n|rule|Species Clause: Limit one of each Pok\u00e9mon\n|rule|HP Percentage Mod: HP is shown in percentages\n|rule|Sleep Clause Mod: Limit one foe put to sleep\n|rule|Illusion Level Mod: Illusion disguises the Pok\u00e9mon's true level\n|\n|t:|1783553762\n|teamsize|p1|6\n|teamsize|p2|6\n|start\n|switch|p1a: Zapdos|Zapdos, L78|100/100\n|switch|p2a: Dodrio|Dodrio, L85, M|241/241\n|turn|1\n|inactive|Battle timer is ON: inactive players will automatically lose when time's up. (requested by p0y1264087d)\n|inactive|p0x1264fecd also wants the timer to be on.\n|\n|t:|1783553764\n|move|p2a: Dodrio|Knock Off|p1a: Zapdos\n|-damage|p1a: Zapdos|53/100\n|-enditem|p1a: Zapdos|Heavy-Duty Boots|[from] move: Knock Off|[of] p2a: Dodrio\n|move|p1a: Zapdos|Thunderbolt|p2a: Dodrio\n|-supereffective|p2a: Dodrio\n|-crit|p2a: Dodrio\n|-damage|p2a: Dodrio|0 fnt\n|faint|p2a: Dodrio\n|\n|upkeep\n|inactive|Time left: 300 sec this turn | 300 sec total | 65 sec grace\n|\n|t:|1783553765\n|switch|p2a: Sandslash|Sandslash-Alola, L88, F|275/275\n|turn|2\n|inactive|Time left: 300 sec this turn | 300 sec total\n|\n|t:|1783553766\n|move|p1a: Zapdos|Roost|p1a: Zapdos\n|-heal|p1a: Zapdos|100/100\n|-singleturn|p1a: Zapdos|move: Roost\n|move|p2a: Sandslash|Triple Axel|p1a: Zapdos\n|-damage|p1a: Zapdos|89/100\n|-damage|p1a: Zapdos|65/100\n|-status|p2a: Sandslash|par|[from] ability: Static|[of] p1a: Zapdos\n|-damage|p1a: Zapdos|24/100\n|-hitcount|p1a: Zapdos|3\n|-damage|p2a: Sandslash|248/275 par|[from] item: Life Orb\n|\n|upkeep\n|turn|3\n|inactive|Time left: 300 sec this turn | 300 sec total\n|\n|t:|1783553767\n|move|p1a: Zapdos|Thunderbolt|p2a: Sandslash\n|-damage|p2a: Sandslash|131/275 par\n|move|p2a: Sandslash|Swords Dance|p2a: Sandslash\n|-boost|p2a: Sandslash|atk|2\n|\n|upkeep\n|turn|4\n|inactive|Time left: 300 sec this turn | 300 sec total\n|\n|t:|1783553768\n|move|p1a: Zapdos|Thunderbolt|p2a: Sandslash\n|-crit|p2a: Sandslash\n|-damage|p2a: Sandslash|0 fnt\n|faint|p2a: Sandslash\n|\n|upkeep\n|inactive|Time left: 300 sec this turn | 300 sec total | 5 sec grace\n|\n|t:|1783553769\n|switch|p2a: Tinkaton|Tinkaton, L82, F|274/274\n|-ability|p2a: Tinkaton|Mold Breaker\n|turn|5\n|inactive|Time left: 300 sec this turn | 300 sec total\n|\n|t:|1783553770\n|move|p1a: Zapdos|Roost|p1a: Zapdos\n|-heal|p1a: Zapdos|74/100\n|-singleturn|p1a: Zapdos|move: Roost\n|move|p2a: Tinkaton|Gigaton Hammer|p1a: Zapdos\n|-resisted|p1a: Zapdos\n|-damage|p1a: Zapdos|49/100\n|\n|upkeep\n|turn|6\n|inactive|Time left: 300 sec this turn | 300 sec total\n|\n|t:|1783553772\n|move|p2a: Tinkaton|Stealth Rock|p1a: Zapdos\n|-sidestart|p1: p0x1264fecd|move: Stealth Rock\n|move|p1a: Zapdos|Roost|p1a: Zapdos\n|-heal|p1a: Zapdos|99/100\n|-singleturn|p1a: Zapdos|move: Roost\n|\n|upkeep\n|turn|7\n|inactive|Time left: 300 sec this turn | 300 sec total\n|\n|t:|1783553773\n|move|p2a: Tinkaton|Play Rough|p1a: Zapdos\n|-damage|p1a: Zapdos|69/100\n|move|p1a: Zapdos|Thunderbolt|p2a: Tinkaton\n|-damage|p2a: Tinkaton|186/274\n|\n|-heal|p2a: Tinkaton|203/274|[from] item: Leftovers\n|upkeep\n|turn|8\n|inactive|Time left: 300 sec this turn | 300 sec total\n|\n|t:|1783553774\n|move|p1a: Zapdos|Thunderbolt|p2a: Tinkaton\n|-damage|p2a: Tinkaton|116/274\n|move|p2a: Tinkaton|Gigaton Hammer|p1a: Zapdos\n|-resisted|p1a: Zapdos\n|-damage|p1a: Zapdos|41/100\n|\n|-heal|p2a: Tinkaton|133/274|[from] item: Leftovers\n|upkeep\n|turn|9\n|inactive|Time left: 300 sec this turn | 300 sec total\n|\n|t:|1783553775\n|move|p1a: Zapdos|Roost|p1a: Zapdos\n|-heal|p1a: Zapdos|91/100\n|-singleturn|p1a: Zapdos|move: Roost\n|move|p2a: Tinkaton|Play Rough|p1a: Zapdos\n|-damage|p1a: Zapdos|60/100\n|\n|-heal|p2a: Tinkaton|150/274|[from] item: Leftovers\n|upkeep\n|turn|10\n|inactive|Time left: 300 sec this turn | 300 sec total\n|\n|t:|1783553776\n|move|p2a: Tinkaton|Gigaton Hammer|p1a: Zapdos\n|-resisted|p1a: Zapdos\n|-damage|p1a: Zapdos|32/100\n|move|p1a: Zapdos|Roost|p1a: Zapdos\n|-heal|p1a: Zapdos|82/100\n|-singleturn|p1a: Zapdos|move: Roost\n|\n|-heal|p2a: Tinkaton|167/274|[from] item: Leftovers\n|upkeep\n|turn|11\n|inactive|Time left: 300 sec this turn | 300 sec total\n|\n|t:|1783553777\n|move|p1a: Zapdos|Thunderbolt|p2a: Tinkaton\n|-crit|p2a: Tinkaton\n|-damage|p2a: Tinkaton|20/274\n|move|p2a: Tinkaton|Play Rough|p1a: Zapdos\n|-damage|p1a: Zapdos|50/100\n|\n|-heal|p2a: Tinkaton|37/274|[from] item: Leftovers\n|upkeep\n|turn|12\n|inactive|Time left: 300 sec this turn | 300 sec total\n|\n|t:|1783553779\n|move|p2a: Tinkaton|Play Rough|p1a: Zapdos\n|-damage|p1a: Zapdos|18/100\n|-unboost|p1a: Zapdos|atk|1\n|move|p1a: Zapdos|Roost|p1a: Zapdos\n|-heal|p1a: Zapdos|68/100\n|-singleturn|p1a: Zapdos|move: Roost\n|\n|-heal|p2a: Tinkaton|54/274|[from] item: Leftovers\n|upkeep\n|turn|13\n|inactive|Time left: 300 sec this turn | 300 sec total\n|\n|t:|1783553780\n|move|p2a: Tinkaton|Play Rough|p1a: Zapdos\n|-damage|p1a: Zapdos|39/100\n|-status|p2a: Tinkaton|par|[from] ability: Static|[of] p1a: Zapdos\n|move|p1a: Zapdos|Thunderbolt|p2a: Tinkaton\n|-damage|p2a: Tinkaton|0 fnt\n|faint|p2a: Tinkaton\n|\n|upkeep\n|inactive|Time left: 300 sec this turn | 300 sec total | 5 sec grace\n|\n|t:|1783553780\n|switch|p2a: Tauros|Tauros-Paldea-Blaze, L81, M|252/252\n|turn|14\n|inactive|Time left: 300 sec this turn | 300 sec total\n|\n|t:|1783553781\n|move|p2a: Tauros|Raging Bull|p1a: Zapdos\n|-damage|p1a: Zapdos|0 fnt\n|faint|p1a: Zapdos\n|\n|upkeep\n|\n|t:|1783553782\n|switch|p1a: Hydrapple|Hydrapple, L83, M|100/100\n|-damage|p1a: Hydrapple|88/100|[from] Stealth Rock\n|turn|15\n|inactive|Time left: 300 sec this turn | 300 sec total\n|\n|t:|1783553784\n|move|p2a: Tauros|Substitute|p2a: Tauros\n|-start|p2a: Tauros|Substitute\n|-damage|p2a: Tauros|189/252\n|move|p1a: Hydrapple|Fickle Beam|p2a: Tauros|[anim] Fickle Beam All Out\n|-activate|p1a: Hydrapple|move: Fickle Beam\n|-end|p2a: Tauros|Substitute\n|\n|upkeep\n|turn|16\n|inactive|Time left: 300 sec this turn | 300 sec total\n|\n|t:|1783553785\n|switch|p2a: Samurott|Samurott, L88, M|310/310\n|move|p1a: Hydrapple|Fickle Beam|p2a: Samurott|[anim] Fickle Beam All Out\n|-activate|p1a: Hydrapple|move: Fickle Beam\n|-damage|p2a: Samurott|75/310\n|\n|upkeep\n|turn|17\n|inactive|Time left: 300 sec this turn | 300 sec total\n|\n|t:|1783553786\n|move|p2a: Samurott|Ice Beam|p1a: Hydrapple\n|-supereffective|p1a: Hydrapple\n|-damage|p1a: Hydrapple|0 fnt\n|faint|p1a: Hydrapple\n|\n|upkeep\n|\n|t:|1783553787\n|switch|p1a: Blastoise|Blastoise, L80, F|100/100\n|-damage|p1a: Blastoise|88/100|[from] Stealth Rock\n|turn|18\n|inactive|Time left: 300 sec this turn | 300 sec total\n|\n|t:|1783553788\n|move|p2a: Samurott|Grass Knot|p1a: Blastoise\n|-supereffective|p1a: Blastoise\n|-damage|p1a: Blastoise|43/100\n|move|p1a: Blastoise|Shell Smash|p1a: Blastoise\n|-unboost|p1a: Blastoise|def|1\n|-unboost|p1a: Blastoise|spd|1\n|-boost|p1a: Blastoise|atk|2\n|-boost|p1a: Blastoise|spa|2\n|-boost|p1a: Blastoise|spe|2\n|-enditem|p1a: Blastoise|White Herb\n|-clearnegativeboost|p1a: Blastoise|[silent]\n|\n|upkeep\n|turn|19\n|inactive|Time left: 300 sec this turn | 300 sec total\n|\n|t:|1783553789\n|move|p1a: Blastoise|Ice Beam|p2a: Samurott\n|-resisted|p2a: Samurott\n|-damage|p2a: Samurott|32/310\n|move|p2a: Samurott|Grass Knot|p1a: Blastoise\n|-supereffective|p1a: Blastoise\n|-damage|p1a: Blastoise|0 fnt\n|faint|p1a: Blastoise\n|\n|upkeep\n|\n|t:|1783553790\n|switch|p1a: Chi-Yu|Chi-Yu, L77|100/100\n|-damage|p1a: Chi-Yu|76/100|[from] Stealth Rock\n|-ability|p1a: Chi-Yu|Beads of Ruin\n|turn|20\n|inactive|Time left: 300 sec this turn | 300 sec total\n|\n|t:|1783553791\n|switch|p2a: Dondozo|Dondozo, L78, F|362/362\n|move|p1a: Chi-Yu|Psychic|p2a: Dondozo\n|-damage|p2a: Dondozo|168/362\n|\n|-heal|p2a: Dondozo|190/362|[from] item: Leftovers\n|upkeep\n|turn|21\n|inactive|Time left: 300 sec this turn | 300 sec total\n|\n|t:|1783553792\n|move|p1a: Chi-Yu|Psychic|p2a: Dondozo\n|-damage|p2a: Dondozo|0 fnt\n|faint|p2a: Dondozo\n|\n|upkeep\n|inactive|Time left: 300 sec this turn | 300 sec total | 5 sec grace\n|\n|t:|1783553793\n|switch|p2a: Tauros|Tauros-Paldea-Blaze, L81, M|189/252\n|turn|22\n|inactive|Time left: 300 sec this turn | 300 sec total\n|\n|t:|1783553794\n|move|p2a: Tauros|Close Combat|p1a: Chi-Yu\n|-supereffective|p1a: Chi-Yu\n|-damage|p1a: Chi-Yu|0 fnt\n|-unboost|p2a: Tauros|def|1\n|-unboost|p2a: Tauros|spd|1\n|faint|p1a: Chi-Yu\n|\n|upkeep\n|\n|t:|1783553795\n|switch|p1a: Flamigo|Flamigo, L82, M|100/100\n|-damage|p1a: Flamigo|88/100|[from] Stealth Rock\n|turn|23\n|inactive|Time left: 300 sec this turn | 300 sec total\n|\n|t:|1783553796\n|move|p2a: Tauros|Substitute|p2a: Tauros\n|-start|p2a: Tauros|Substitute\n|-damage|p2a: Tauros|126/252\n|-enditem|p2a: Tauros|Sitrus Berry|[eat]\n|-heal|p2a: Tauros|189/252|[from] item: Sitrus Berry\n|move|p1a: Flamigo|Swords Dance|p1a: Flamigo\n|-boost|p1a: Flamigo|atk|2\n|\n|upkeep\n|turn|24\n|inactive|Time left: 300 sec this turn | 300 sec total\n|\n|t:|1783553796\n|move|p2a: Tauros|Raging Bull|p1a: Flamigo\n|-damage|p1a: Flamigo|45/100\n|move|p1a: Flamigo|Roost|p1a: Flamigo\n|-heal|p1a: Flamigo|95/100\n|-singleturn|p1a: Flamigo|move: Roost\n|\n|-activate|p2a: Tauros|ability: Cud Chew\n|-enditem|p2a: Tauros|Sitrus Berry|[eat]\n|-heal|p2a: Tauros|252/252|[from] item: Sitrus Berry\n|upkeep\n|turn|25\n|inactive|Time left: 300 sec this turn | 300 sec total\n|\n|t:|1783553797\n|move|p2a: Tauros|Bulk Up|p2a: Tauros\n|-boost|p2a: Tauros|atk|1\n|-boost|p2a: Tauros|def|1\n|move|p1a: Flamigo|Brave Bird|p2a: Tauros\n|-supereffective|p2a: Tauros\n|-end|p2a: Tauros|Substitute\n|-damage|p1a: Flamigo|87/100|[from] Recoil|[of] p2a: Tauros\n|-damage|p1a: Flamigo|77/100|[from] item: Life Orb\n|\n|upkeep\n|turn|26\n|inactive|Time left: 300 sec this turn | 300 sec total\n|\n|t:|1783553798\n|move|p2a: Tauros|Substitute|p2a: Tauros\n|-start|p2a: Tauros|Substitute\n|-damage|p2a: Tauros|189/252\n|move|p1a: Flamigo|Brave Bird|p2a: Tauros\n|-supereffective|p2a: Tauros\n|-end|p2a: Tauros|Substitute\n|-damage|p1a: Flamigo|70/100|[from] Recoil|[of] p2a: Tauros\n|-damage|p1a: Flamigo|60/100|[from] item: Life Orb\n|\n|upkeep\n|turn|27\n|inactive|Time left: 300 sec this turn | 300 sec total\n|\n|t:|1783553799\n|move|p2a: Tauros|Raging Bull|p1a: Flamigo\n|-damage|p1a: Flamigo|0 fnt\n|faint|p1a: Flamigo\n|\n|upkeep\n|\n|t:|1783553800\n|switch|p1a: Houndstone|Houndstone, L86, M|100/100\n|-damage|p1a: Houndstone|88/100|[from] Stealth Rock\n|turn|28\n|inactive|Time left: 300 sec this turn | 300 sec total\n|\n|t:|1783553801\n|move|p2a: Tauros|Raging Bull|p1a: Houndstone\n|-damage|p1a: Houndstone|35/100\n|move|p1a: Houndstone|Rest|p1a: Houndstone\n|-status|p1a: Houndstone|slp|[from] move: Rest\n|-heal|p1a: Houndstone|100/100 slp|[silent]\n|\n|upkeep\n|turn|29\n|inactive|Time left: 300 sec this turn | 300 sec total\n|\n|t:|1783553802\n|move|p2a: Tauros|Bulk Up|p2a: Tauros\n|-boost|p2a: Tauros|atk|1\n|-boost|p2a: Tauros|def|1\n|cant|p1a: Houndstone|slp\n|move|p1a: Houndstone|Sleep Talk|p1a: Houndstone\n|move|p1a: Houndstone|Poltergeist||[from] move: Sleep Talk|[still]\n|-fail|p1a: Houndstone\n|\n|upkeep\n|turn|30\n|inactive|Time left: 300 sec this turn | 300 sec total\n|\n|t:|1783553803\n|-terastallize|p2a: Tauros|Water\n|move|p2a: Tauros|Raging Bull|p1a: Houndstone\n|-damage|p1a: Houndstone|31/100 slp\n|cant|p1a: Houndstone|slp\n|move|p1a: Houndstone|Sleep Talk|p1a: Houndstone\n|move|p1a: Houndstone|Poltergeist||[from] move: Sleep Talk|[still]\n|-fail|p1a: Houndstone\n|\n|-heal|p1a: Houndstone|37/100 slp|[from] item: Leftovers\n|upkeep\n|turn|31\n|inactive|Time left: 300 sec this turn | 300 sec total\n|\n|t:|1783553804\n|move|p2a: Tauros|Raging Bull|p1a: Houndstone\n|-damage|p1a: Houndstone|0 fnt\n|faint|p1a: Houndstone\n|\n|win|p0y1264087d", "uploadtime": 1783553804, "views": 0, "rating": 0, "private": 0, "password": null, "_winner": "p0y1264087d", "_our_name": "p0y1264087d"}