{"id": "battle-gen9randombattle-2827", "formatid": "gen9randombattle", "format": "[Gen 9] Random Battle", "players": ["p0x2827186d", "p0y2827ea84"], "log": "|init|battle\n|title|p0x2827186d vs. p0y2827ea84\n|j|\u2606p0x2827186d\n|j|\u2606p0y2827ea84\n|t:|1783572556\n|gametype|singles\n|player|p1|p0x2827186d|265|\n|player|p2|p0y2827ea84|102|\n|gen|9\n|tier|[Gen 9] Random Battle\n|rule|Species Clause: Limit one of each Pok\u00e9mon\n|rule|HP Percentage Mod: HP is shown in percentages\n|rule|Sleep Clause Mod: Limit one foe put to sleep\n|rule|Illusion Level Mod: Illusion disguises the Pok\u00e9mon's true level\n|\n|t:|1783572556\n|teamsize|p1|6\n|teamsize|p2|6\n|start\n|switch|p1a: Mewtwo|Mewtwo, L72|272/272\n|switch|p2a: Ampharos|Ampharos, L88, M|100/100\n|-ability|p1a: Mewtwo|Pressure\n|turn|1\n|inactive|Battle timer is ON: inactive players will automatically lose when time's up. (requested by p0y2827ea84)\n|inactive|Time left: 300 sec this turn | 300 sec total | 60 sec grace\n|inactive|p0x2827186d also wants the timer to be on.\n|\n|t:|1783572558\n|move|p1a: Mewtwo|Nasty Plot|p1a: Mewtwo\n|-boost|p1a: Mewtwo|spa|2\n|move|p2a: Ampharos|Thunderbolt|p1a: Mewtwo\n|-damage|p1a: Mewtwo|73/272\n|\n|upkeep\n|turn|2\n|inactive|Time left: 300 sec this turn | 300 sec total\n|\n|t:|1783572559\n|move|p1a: Mewtwo|Psystrike|p2a: Ampharos\n|-damage|p2a: Ampharos|2/100\n|-damage|p1a: Mewtwo|46/272|[from] item: Life Orb\n|move|p2a: Ampharos|Thunderbolt|p1a: Mewtwo\n|-damage|p1a: Mewtwo|0 fnt\n|faint|p1a: Mewtwo\n|\n|upkeep\n|inactive|Time left: 300 sec this turn | 300 sec total | 5 sec grace\n|\n|t:|1783572560\n|switch|p1a: Overqwil|Overqwil, L82, M|274/274\n|-ability|p1a: Overqwil|Intimidate|boost\n|-unboost|p2a: Ampharos|atk|1\n|turn|3\n|inactive|Time left: 300 sec this turn | 300 sec total\n|\n|t:|1783572562\n|move|p1a: Overqwil|Crunch|p2a: Ampharos\n|-damage|p2a: Ampharos|0 fnt\n|faint|p2a: Ampharos\n|\n|upkeep\n|\n|t:|1783572562\n|switch|p2a: Yanmega|Yanmega, L82, F|100/100\n|turn|4\n|inactive|Time left: 300 sec this turn | 300 sec total\n|\n|t:|1783572563\n|move|p2a: Yanmega|Bug Buzz|p1a: Overqwil\n|-damage|p1a: Overqwil|151/274\n|move|p1a: Overqwil|Crunch|p2a: Yanmega\n|-damage|p2a: Yanmega|48/100\n|\n|-ability|p2a: Yanmega|Speed Boost|boost\n|-boost|p2a: Yanmega|spe|1\n|upkeep\n|turn|5\n|inactive|Time left: 300 sec this turn | 300 sec total\n|\n|t:|1783572564\n|move|p2a: Yanmega|Air Slash|p1a: Overqwil\n|-damage|p1a: Overqwil|40/274\n|move|p1a: Overqwil|Crunch|p2a: Yanmega\n|-damage|p2a: Yanmega|0 fnt\n|faint|p2a: Yanmega\n|\n|upkeep\n|\n|t:|1783572565\n|switch|p2a: Ting-Lu|Ting-Lu, L78|100/100\n|-ability|p2a: Ting-Lu|Vessel of Ruin\n|turn|6\n|inactive|Time left: 300 sec this turn | 300 sec total\n|\n|t:|1783572567\n|switch|p1a: Corviknight|Corviknight, L80, F|288/288\n|move|p2a: Ting-Lu|Heavy Slam|p1a: Corviknight\n|-resisted|p1a: Corviknight\n|-damage|p1a: Corviknight|250/288\n|\n|-heal|p1a: Corviknight|268/288|[from] item: Leftovers\n|upkeep\n|turn|7\n|inactive|Time left: 300 sec this turn | 300 sec total\n|\n|t:|1783572568\n|move|p1a: Corviknight|Brave Bird|p2a: Ting-Lu\n|-damage|p2a: Ting-Lu|75/100\n|-damage|p1a: Corviknight|236/288|[from] Recoil\n|move|p2a: Ting-Lu|Stealth Rock|p1a: Corviknight\n|-sidestart|p1: p0x2827186d|move: Stealth Rock\n|\n|-heal|p1a: Corviknight|254/288|[from] item: Leftovers\n|-heal|p2a: Ting-Lu|81/100|[from] item: Leftovers\n|upkeep\n|turn|8\n|inactive|Time left: 300 sec this turn | 300 sec total\n|\n|t:|1783572569\n|move|p1a: Corviknight|Defog|p2a: Ting-Lu\n|-unboost|p2a: Ting-Lu|evasion|1\n|-sideend|p1: p0x2827186d|Stealth Rock|[from] move: Defog|[of] p1a: Corviknight\n|move|p2a: Ting-Lu|Payback|p1a: Corviknight\n|-damage|p1a: Corviknight|157/288\n|\n|-heal|p1a: Corviknight|175/288|[from] item: Leftovers\n|-heal|p2a: Ting-Lu|87/100|[from] item: Leftovers\n|upkeep\n|turn|9\n|inactive|Time left: 300 sec this turn | 300 sec total\n|\n|t:|1783572569\n|move|p1a: Corviknight|Roost|p1a: Corviknight\n|-heal|p1a: Corviknight|288/288\n|-singleturn|p1a: Corviknight|move: Roost\n|move|p2a: Ting-Lu|Stealth Rock|p1a: Corviknight\n|-sidestart|p1: p0x2827186d|move: Stealth Rock\n|\n|-heal|p2a: Ting-Lu|93/100|[from] item: Leftovers\n|upkeep\n|turn|10\n|inactive|Time left: 300 sec this turn | 300 sec total\n|\n|t:|1783572570\n|move|p1a: Corviknight|Defog|p2a: Ting-Lu\n|-unboost|p2a: Ting-Lu|evasion|1\n|-sideend|p1: p0x2827186d|Stealth Rock|[from] move: Defog|[of] p1a: Corviknight\n|move|p2a: Ting-Lu|Payback|p1a: Corviknight\n|-damage|p1a: Corviknight|194/288\n|\n|-heal|p1a: Corviknight|212/288|[from] item: Leftovers\n|-heal|p2a: Ting-Lu|99/100|[from] item: Leftovers\n|upkeep\n|turn|11\n|inactive|Time left: 300 sec this turn | 300 sec total\n|\n|t:|1783572571\n|move|p1a: Corviknight|Roost|p1a: Corviknight\n|-heal|p1a: Corviknight|288/288\n|-singleturn|p1a: Corviknight|move: Roost\n|move|p2a: Ting-Lu|Stealth Rock|p1a: Corviknight\n|-sidestart|p1: p0x2827186d|move: Stealth Rock\n|\n|-heal|p2a: Ting-Lu|100/100|[from] item: Leftovers\n|upkeep\n|turn|12\n|inactive|Time left: 300 sec this turn | 300 sec total\n|\n|t:|1783572572\n|move|p1a: Corviknight|Defog|p2a: Ting-Lu\n|-unboost|p2a: Ting-Lu|evasion|1\n|-sideend|p1: p0x2827186d|Stealth Rock|[from] move: Defog|[of] p1a: Corviknight\n|move|p2a: Ting-Lu|Payback|p1a: Corviknight\n|-damage|p1a: Corviknight|192/288\n|\n|-heal|p1a: Corviknight|210/288|[from] item: Leftovers\n|upkeep\n|turn|13\n|inactive|Time left: 300 sec this turn | 300 sec total\n|\n|t:|1783572573\n|move|p1a: Corviknight|Brave Bird|p2a: Ting-Lu\n|-damage|p2a: Ting-Lu|77/100\n|-damage|p1a: Corviknight|181/288|[from] Recoil\n|move|p2a: Ting-Lu|Stealth Rock|p1a: Corviknight\n|-sidestart|p1: p0x2827186d|move: Stealth Rock\n|\n|-heal|p1a: Corviknight|199/288|[from] item: Leftovers\n|-heal|p2a: Ting-Lu|83/100|[from] item: Leftovers\n|upkeep\n|turn|14\n|inactive|Time left: 300 sec this turn | 300 sec total\n|\n|t:|1783572573\n|move|p1a: Corviknight|Defog|p2a: Ting-Lu\n|-unboost|p2a: Ting-Lu|evasion|1\n|-sideend|p1: p0x2827186d|Stealth Rock|[from] move: Defog|[of] p1a: Corviknight\n|move|p2a: Ting-Lu|Payback|p1a: Corviknight\n|-damage|p1a: Corviknight|111/288\n|\n|-heal|p1a: Corviknight|129/288|[from] item: Leftovers\n|-heal|p2a: Ting-Lu|89/100|[from] item: Leftovers\n|upkeep\n|turn|15\n|inactive|Time left: 300 sec this turn | 300 sec total\n|\n|t:|1783572574\n|move|p1a: Corviknight|Roost|p1a: Corviknight\n|-heal|p1a: Corviknight|273/288\n|-singleturn|p1a: Corviknight|move: Roost\n|move|p2a: Ting-Lu|Stealth Rock|p1a: Corviknight\n|-sidestart|p1: p0x2827186d|move: Stealth Rock\n|\n|-heal|p1a: Corviknight|288/288|[from] item: Leftovers\n|-heal|p2a: Ting-Lu|96/100|[from] item: Leftovers\n|upkeep\n|turn|16\n|inactive|Time left: 300 sec this turn | 300 sec total\n|\n|t:|1783572575\n|move|p1a: Corviknight|Defog|p2a: Ting-Lu\n|-unboost|p2a: Ting-Lu|evasion|1\n|-sideend|p1: p0x2827186d|Stealth Rock|[from] move: Defog|[of] p1a: Corviknight\n|move|p2a: Ting-Lu|Payback|p1a: Corviknight\n|-damage|p1a: Corviknight|192/288\n|\n|-heal|p1a: Corviknight|210/288|[from] item: Leftovers\n|-heal|p2a: Ting-Lu|100/100|[from] item: Leftovers\n|upkeep\n|turn|17\n|inactive|Time left: 300 sec this turn | 300 sec total\n|\n|t:|1783572576\n|move|p1a: Corviknight|Roost|p1a: Corviknight\n|-heal|p1a: Corviknight|288/288\n|-singleturn|p1a: Corviknight|move: Roost\n|move|p2a: Ting-Lu|Stealth Rock|p1a: Corviknight\n|-sidestart|p1: p0x2827186d|move: Stealth Rock\n|\n|upkeep\n|turn|18\n|inactive|Time left: 300 sec this turn | 300 sec total\n|\n|t:|1783572577\n|move|p1a: Corviknight|Defog|p2a: Ting-Lu\n|-unboost|p2a: Ting-Lu|evasion|1\n|-sideend|p1: p0x2827186d|Stealth Rock|[from] move: Defog|[of] p1a: Corviknight\n|move|p2a: Ting-Lu|Payback|p1a: Corviknight\n|-damage|p1a: Corviknight|192/288\n|\n|-heal|p1a: Corviknight|210/288|[from] item: Leftovers\n|upkeep\n|turn|19\n|inactive|Time left: 300 sec this turn | 300 sec total\n|\n|t:|1783572578\n|move|p1a: Corviknight|Brave Bird|p2a: Ting-Lu\n|-damage|p2a: Ting-Lu|78/100\n|-damage|p1a: Corviknight|183/288|[from] Recoil\n|move|p2a: Ting-Lu|Stealth Rock|p1a: Corviknight\n|-sidestart|p1: p0x2827186d|move: Stealth Rock\n|\n|-heal|p1a: Corviknight|201/288|[from] item: Leftovers\n|-heal|p2a: Ting-Lu|85/100|[from] item: Leftovers\n|upkeep\n|turn|20\n|inactive|Time left: 300 sec this turn | 300 sec total\n|\n|t:|1783572578\n|move|p1a: Corviknight|Defog|p2a: Ting-Lu\n|-unboost|p2a: Ting-Lu|evasion|0\n|-sideend|p1: p0x2827186d|Stealth Rock|[from] move: Defog|[of] p1a: Corviknight\n|move|p2a: Ting-Lu|Payback|p1a: Corviknight\n|-damage|p1a: Corviknight|102/288\n|\n|-heal|p1a: Corviknight|120/288|[from] item: Leftovers\n|-heal|p2a: Ting-Lu|91/100|[from] item: Leftovers\n|upkeep\n|turn|21\n|inactive|Time left: 300 sec this turn | 300 sec total\n|\n|t:|1783572579\n|move|p1a: Corviknight|Roost|p1a: Corviknight\n|-heal|p1a: Corviknight|264/288\n|-singleturn|p1a: Corviknight|move: Roost\n|move|p2a: Ting-Lu|Stealth Rock|p1a: Corviknight\n|-sidestart|p1: p0x2827186d|move: Stealth Rock\n|\n|-heal|p1a: Corviknight|282/288|[from] item: Leftovers\n|-heal|p2a: Ting-Lu|97/100|[from] item: Leftovers\n|upkeep\n|turn|22\n|inactive|Time left: 300 sec this turn | 300 sec total\n|\n|t:|1783572580\n|move|p1a: Corviknight|Defog|p2a: Ting-Lu\n|-unboost|p2a: Ting-Lu|evasion|0\n|-sideend|p1: p0x2827186d|Stealth Rock|[from] move: Defog|[of] p1a: Corviknight\n|move|p2a: Ting-Lu|Payback|p1a: Corviknight\n|-damage|p1a: Corviknight|197/288\n|\n|-heal|p1a: Corviknight|215/288|[from] item: Leftovers\n|-heal|p2a: Ting-Lu|100/100|[from] item: Leftovers\n|upkeep\n|turn|23\n|inactive|Time left: 300 sec this turn | 300 sec total\n|\n|t:|1783572581\n|move|p1a: Corviknight|Roost|p1a: Corviknight\n|-heal|p1a: Corviknight|288/288\n|-singleturn|p1a: Corviknight|move: Roost\n|move|p2a: Ting-Lu|Stealth Rock|p1a: Corviknight\n|-sidestart|p1: p0x2827186d|move: Stealth Rock\n|\n|upkeep\n|turn|24\n|inactive|Time left: 300 sec this turn | 300 sec total\n|\n|t:|1783572582\n|move|p1a: Corviknight|Defog|p2a: Ting-Lu\n|-unboost|p2a: Ting-Lu|evasion|0\n|-sideend|p1: p0x2827186d|Stealth Rock|[from] move: Defog|[of] p1a: Corviknight\n|move|p2a: Ting-Lu|Payback|p1a: Corviknight\n|-damage|p1a: Corviknight|191/288\n|\n|-heal|p1a: Corviknight|209/288|[from] item: Leftovers\n|upkeep\n|turn|25\n|inactive|Time left: 300 sec this turn | 300 sec total\n|\n|t:|1783572583\n|move|p1a: Corviknight|Brave Bird|p2a: Ting-Lu\n|-damage|p2a: Ting-Lu|78/100\n|-damage|p1a: Corviknight|182/288|[from] Recoil\n|move|p2a: Ting-Lu|Stealth Rock|p1a: Corviknight\n|-sidestart|p1: p0x2827186d|move: Stealth Rock\n|\n|-heal|p1a: Corviknight|200/288|[from] item: Leftovers\n|-heal|p2a: Ting-Lu|85/100|[from] item: Leftovers\n|upkeep\n|turn|26\n|inactive|Time left: 300 sec this turn | 300 sec total\n|\n|t:|1783572584\n|move|p1a: Corviknight|Defog|p2a: Ting-Lu\n|-unboost|p2a: Ting-Lu|evasion|0\n|-sideend|p1: p0x2827186d|Stealth Rock|[from] move: Defog|[of] p1a: Corviknight\n|move|p2a: Ting-Lu|Earthquake|p1a: Corviknight\n|-immune|p1a: Corviknight\n|\n|-heal|p1a: Corviknight|218/288|[from] item: Leftovers\n|-heal|p2a: Ting-Lu|91/100|[from] item: Leftovers\n|upkeep\n|turn|27\n|inactive|Time left: 300 sec this turn | 300 sec total\n|\n|t:|1783572585\n|move|p1a: Corviknight|Brave Bird|p2a: Ting-Lu\n|-crit|p2a: Ting-Lu\n|-damage|p2a: Ting-Lu|53/100\n|-damage|p1a: Corviknight|171/288|[from] Recoil\n|move|p2a: Ting-Lu|Stealth Rock|p1a: Corviknight\n|-sidestart|p1: p0x2827186d|move: Stealth Rock\n|\n|-heal|p1a: Corviknight|189/288|[from] item: Leftovers\n|-heal|p2a: Ting-Lu|59/100|[from] item: Leftovers\n|upkeep\n|turn|28\n|inactive|Time left: 300 sec this turn | 300 sec total\n|\n|t:|1783572586\n|move|p1a: Corviknight|Defog|p2a: Ting-Lu\n|-unboost|p2a: Ting-Lu|evasion|0\n|-sideend|p1: p0x2827186d|Stealth Rock|[from] move: Defog|[of] p1a: Corviknight\n|move|p2a: Ting-Lu|Payback|p1a: Corviknight\n|-damage|p1a: Corviknight|101/288\n|\n|-heal|p1a: Corviknight|119/288|[from] item: Leftovers\n|-heal|p2a: Ting-Lu|65/100|[from] item: Leftovers\n|upkeep\n|turn|29\n|inactive|Time left: 300 sec this turn | 300 sec total\n|\n|t:|1783572587\n|move|p1a: Corviknight|Roost|p1a: Corviknight\n|-heal|p1a: Corviknight|263/288\n|-singleturn|p1a: Corviknight|move: Roost\n|move|p2a: Ting-Lu|Earthquake|p1a: Corviknight\n|-supereffective|p1a: Corviknight\n|-damage|p1a: Corviknight|77/288\n|\n|-heal|p1a: Corviknight|95/288|[from] item: Leftovers\n|-heal|p2a: Ting-Lu|71/100|[from] item: Leftovers\n|upkeep\n|turn|30\n|inactive|Time left: 300 sec this turn | 300 sec total\n|\n|t:|1783572588\n|move|p1a: Corviknight|Roost|p1a: Corviknight\n|-heal|p1a: Corviknight|239/288\n|-singleturn|p1a: Corviknight|move: Roost\n|move|p2a: Ting-Lu|Payback|p1a: Corviknight\n|-damage|p1a: Corviknight|146/288\n|\n|-heal|p1a: Corviknight|164/288|[from] item: Leftovers\n|-heal|p2a: Ting-Lu|78/100|[from] item: Leftovers\n|upkeep\n|turn|31\n|inactive|Time left: 300 sec this turn | 300 sec total\n|\n|t:|1783572589\n|move|p1a: Corviknight|Brave Bird|p2a: Ting-Lu\n|-damage|p2a: Ting-Lu|56/100\n|-damage|p1a: Corviknight|137/288|[from] Recoil\n|move|p2a: Ting-Lu|Stealth Rock|p1a: Corviknight\n|-sidestart|p1: p0x2827186d|move: Stealth Rock\n|\n|-heal|p1a: Corviknight|155/288|[from] item: Leftovers\n|-heal|p2a: Ting-Lu|62/100|[from] item: Leftovers\n|upkeep\n|turn|32\n|inactive|Time left: 300 sec this turn | 300 sec total\n|\n|t:|1783572590\n|move|p1a: Corviknight|Defog|p2a: Ting-Lu\n|-unboost|p2a: Ting-Lu|evasion|0\n|-sideend|p1: p0x2827186d|Stealth Rock|[from] move: Defog|[of] p1a: Corviknight\n|move|p2a: Ting-Lu|Payback|p1a: Corviknight\n|-damage|p1a: Corviknight|64/288\n|\n|-heal|p1a: Corviknight|82/288|[from] item: Leftovers\n|-heal|p2a: Ting-Lu|68/100|[from] item: Leftovers\n|upkeep\n|turn|33\n|inactive|Time left: 300 sec this turn | 300 sec total\n|\n|t:|1783572591\n|switch|p1a: Overqwil|Overqwil, L82, M|40/274\n|-ability|p1a: Overqwil|Intimidate|boost\n|-unboost|p2a: Ting-Lu|atk|1\n|move|p2a: Ting-Lu|Stealth Rock|p1a: Overqwil\n|-sidestart|p1: p0x2827186d|move: Stealth Rock\n|\n|-heal|p2a: Ting-Lu|74/100|[from] item: Leftovers\n|upkeep\n|turn|34\n|inactive|Time left: 300 sec this turn | 300 sec total\n|\n|t:|1783572592\n|move|p1a: Overqwil|Liquidation|p2a: Ting-Lu\n|-supereffective|p2a: Ting-Lu\n|-damage|p2a: Ting-Lu|30/100\n|move|p2a: Ting-Lu|Heavy Slam|p1a: Overqwil\n|-crit|p1a: Overqwil\n|-damage|p1a: Overqwil|0 fnt\n|faint|p1a: Overqwil\n|\n|-heal|p2a: Ting-Lu|36/100|[from] item: Leftovers\n|upkeep\n|inactive|Time left: 300 sec this turn | 300 sec total | 5 sec grace\n|\n|t:|1783572593\n|switch|p1a: Wigglytuff|Wigglytuff, L96, F|424/424\n|-damage|p1a: Wigglytuff|371/424|[from] Stealth Rock\n|turn|35\n|inactive|Time left: 300 sec this turn | 300 sec total\n|\n|t:|1783572594\n|switch|p2a: Seviper|Seviper, L93, M|100/100\n|move|p1a: Wigglytuff|Alluring Voice|p2a: Seviper\n|-resisted|p2a: Seviper\n|-damage|p2a: Seviper|81/100\n|\n|-heal|p1a: Wigglytuff|397/424|[from] item: Leftovers\n|upkeep\n|turn|36\n|inactive|Time left: 300 sec this turn | 300 sec total\n|\n|t:|1783572595\n|move|p1a: Wigglytuff|Protect|p1a: Wigglytuff\n|-singleturn|p1a: Wigglytuff|Protect\n|move|p2a: Seviper|Gunk Shot|p1a: Wigglytuff\n|-activate|p1a: Wigglytuff|move: Protect\n|\n|-heal|p1a: Wigglytuff|423/424|[from] item: Leftovers\n|upkeep\n|turn|37\n|inactive|Time left: 300 sec this turn | 300 sec total\n|\n|t:|1783572596\n|switch|p1a: Corviknight|Corviknight, L80, F|82/288\n|-damage|p1a: Corviknight|46/288|[from] Stealth Rock\n|move|p2a: Seviper|Gunk Shot|p1a: Corviknight\n|-immune|p1a: Corviknight\n|\n|-heal|p1a: Corviknight|64/288|[from] item: Leftovers\n|upkeep\n|turn|38\n|inactive|Time left: 300 sec this turn | 300 sec total\n|\n|t:|1783572597\n|move|p2a: Seviper|Flamethrower|p1a: Corviknight\n|-supereffective|p1a: Corviknight\n|-damage|p1a: Corviknight|0 fnt\n|faint|p1a: Corviknight\n|-damage|p2a: Seviper|72/100|[from] item: Life Orb\n|\n|upkeep\n|inactive|Time left: 300 sec this turn | 300 sec total | 5 sec grace\n|\n|t:|1783572598\n|switch|p1a: Arceus|Arceus, L68|276/276\n|-damage|p1a: Arceus|242/276|[from] Stealth Rock\n|turn|39\n|inactive|Time left: 300 sec this turn | 300 sec total\n|\n|t:|1783572599\n|move|p1a: Arceus|Swords Dance|p1a: Arceus\n|-boost|p1a: Arceus|atk|2\n|move|p2a: Seviper|Gunk Shot|p1a: Arceus|[miss]\n|-miss|p2a: Seviper|p1a: Arceus\n|\n|upkeep\n|turn|40\n|inactive|Time left: 300 sec this turn | 300 sec total\n|\n|t:|1783572600\n|switch|p2a: Necrozma|Necrozma-Dawn-Wings, L76|100/100\n|move|p1a: Arceus|Extreme Speed|p2a: Necrozma\n|-immune|p2a: Necrozma\n|\n|upkeep\n|turn|41\n|inactive|Time left: 300 sec this turn | 300 sec total\n|\n|t:|1783572601\n|move|p1a: Arceus|Shadow Claw|p2a: Necrozma\n|-supereffective|p2a: Necrozma\n|-damage|p2a: Necrozma|3/100\n|-damage|p1a: Arceus|215/276|[from] item: Life Orb\n|move|p2a: Necrozma|Dragon Dance|p2a: Necrozma\n|-boost|p2a: Necrozma|atk|1\n|-boost|p2a: Necrozma|spe|1\n|\n|upkeep\n|turn|42\n|inactive|Time left: 300 sec this turn | 300 sec total\n|\n|t:|1783572602\n|move|p1a: Arceus|Extreme Speed|p2a: Necrozma\n|-immune|p2a: Necrozma\n|move|p2a: Necrozma|Photon Geyser|p1a: Arceus\n|-damage|p1a: Arceus|16/276\n|-damage|p2a: Necrozma|0 fnt|[from] item: Life Orb\n|faint|p2a: Necrozma\n|\n|upkeep\n|\n|t:|1783572603\n|switch|p2a: Ting-Lu|Ting-Lu, L78|36/100\n|-ability|p2a: Ting-Lu|Vessel of Ruin\n|turn|43\n|inactive|Time left: 300 sec this turn | 300 sec total\n|\n|t:|1783572604\n|move|p1a: Arceus|Extreme Speed|p2a: Ting-Lu\n|-damage|p2a: Ting-Lu|0 fnt\n|faint|p2a: Ting-Lu\n|-damage|p1a: Arceus|0 fnt|[from] item: Life Orb\n|faint|p1a: Arceus\n|\n|upkeep\n|inactive|Time left: 300 sec this turn | 300 sec total | 5 sec grace\n|\n|t:|1783572605\n|switch|p1a: Wigglytuff|Wigglytuff, L96, F|423/424\n|switch|p2a: Banette|Banette, L93, F|100/100\n|-damage|p1a: Wigglytuff|370/424|[from] Stealth Rock\n|turn|44\n|inactive|Time left: 300 sec this turn | 300 sec total\n|\n|t:|1783572606\n|move|p1a: Wigglytuff|Protect|p1a: Wigglytuff\n|-singleturn|p1a: Wigglytuff|Protect\n|move|p2a: Banette|Gunk Shot|p1a: Wigglytuff\n|-activate|p1a: Wigglytuff|move: Protect\n|\n|-heal|p1a: Wigglytuff|396/424|[from] item: Leftovers\n|upkeep\n|turn|45\n|inactive|Time left: 300 sec this turn | 300 sec total\n|\n|t:|1783572607\n|move|p2a: Banette|Gunk Shot|p1a: Wigglytuff\n|-supereffective|p1a: Wigglytuff\n|-damage|p1a: Wigglytuff|0 fnt\n|faint|p1a: Wigglytuff\n|-damage|p2a: Banette|90/100|[from] item: Life Orb\n|\n|upkeep\n|inactive|Time left: 300 sec this turn | 300 sec total | 5 sec grace\n|\n|t:|1783572608\n|switch|p1a: Gengar|Gengar, L81, M|230/230\n|-damage|p1a: Gengar|202/230|[from] Stealth Rock\n|turn|46\n|inactive|Time left: 300 sec this turn | 300 sec total\n|\n|t:|1783572609\n|-terastallize|p1a: Gengar|Dark\n|-terastallize|p2a: Banette|Poison\n|move|p1a: Gengar|Nasty Plot|p1a: Gengar\n|-boost|p1a: Gengar|spa|2\n|move|p2a: Banette|Poltergeist|p1a: Gengar\n|-activate|p1a: Gengar|move: Poltergeist|Life Orb\n|-resisted|p1a: Gengar\n|-damage|p1a: Gengar|60/230\n|-start|p2a: Banette|Disable|Poltergeist|[from] ability: Cursed Body|[of] p1a: Gengar\n|-damage|p2a: Banette|80/100|[from] item: Life Orb\n|\n|upkeep\n|turn|47\n|inactive|Time left: 300 sec this turn | 300 sec total\n|\n|t:|1783572610\n|move|p2a: Banette|Shadow Sneak|p1a: Gengar\n|-resisted|p1a: Gengar\n|-damage|p1a: Gengar|11/230\n|-damage|p2a: Banette|70/100|[from] item: Life Orb\n|move|p1a: Gengar|Nasty Plot|p1a: Gengar\n|-boost|p1a: Gengar|spa|2\n|\n|upkeep\n|turn|48\n|inactive|Time left: 300 sec this turn | 300 sec total\n|\n|t:|1783572611\n|switch|p2a: Seviper|Seviper, L93, M|72/100\n|move|p1a: Gengar|Focus Blast|p2a: Seviper|[miss]\n|-miss|p1a: Gengar|p2a: Seviper\n|\n|upkeep\n|turn|49\n|inactive|Time left: 300 sec this turn | 300 sec total\n|\n|t:|1783572611\n|switch|p2a: Banette|Banette, L93, F, tera:Poison|70/100\n|move|p1a: Gengar|Nasty Plot|p1a: Gengar\n|-boost|p1a: Gengar|spa|2\n|\n|upkeep\n|turn|50\n|inactive|Time left: 300 sec this turn | 300 sec total\n|\n|t:|1783572612\n|switch|p2a: Seviper|Seviper, L93, M|72/100\n|move|p1a: Gengar|Sludge Wave|p2a: Seviper\n|-resisted|p2a: Seviper\n|-damage|p2a: Seviper|0 fnt\n|faint|p2a: Seviper\n|-damage|p1a: Gengar|0 fnt|[from] item: Life Orb\n|faint|p1a: Gengar\n|\n|win|p0y2827ea84", "uploadtime": 1783572612, "views": 0, "rating": 0, "private": 0, "password": null, "_winner": "p0y2827ea84", "_our_name": "p0x2827186d"}