{"id": "battle-gen9randombattle-1070", "formatid": "gen9randombattle", "format": "[Gen 9] Random Battle", "players": ["p0x1070dc53", "p0y107026e6"], "log": "|init|battle\n|title|p0x1070dc53 vs. p0y107026e6\n|j|\u2606p0x1070dc53\n|j|\u2606p0y107026e6\n|t:|1783552296\n|gametype|singles\n|player|p1|p0x1070dc53|265|\n|player|p2|p0y107026e6|265|\n|gen|9\n|tier|[Gen 9] Random Battle\n|rule|Species Clause: Limit one of each Pok\u00e9mon\n|rule|HP Percentage Mod: HP is shown in percentages\n|rule|Sleep Clause Mod: Limit one foe put to sleep\n|rule|Illusion Level Mod: Illusion disguises the Pok\u00e9mon's true level\n|\n|t:|1783552296\n|teamsize|p1|6\n|teamsize|p2|6\n|start\n|switch|p1a: Dondozo|Dondozo, L78, F|100/100\n|switch|p2a: Dewgong|Dewgong, L94, M|322/322\n|turn|1\n|inactive|Battle timer is ON: inactive players will automatically lose when time's up. (requested by p0y107026e6)\n|\n|t:|1783552298\n|move|p2a: Dewgong|Ice Beam|p1a: Dondozo\n|-resisted|p1a: Dondozo\n|-damage|p1a: Dondozo|84/100\n|move|p1a: Dondozo|Wave Crash|p2a: Dewgong\n|-resisted|p2a: Dewgong\n|-damage|p2a: Dewgong|266/322\n|-damage|p1a: Dondozo|79/100|[from] Recoil\n|\n|-heal|p1a: Dondozo|85/100|[from] item: Leftovers\n|upkeep\n|turn|2\n|inactive|Time left: 300 sec this turn | 300 sec total\n|inactive|p0x1070dc53 also wants the timer to be on.\n|\n|t:|1783552299\n|move|p2a: Dewgong|Knock Off|p1a: Dondozo\n|-damage|p1a: Dondozo|68/100\n|-enditem|p1a: Dondozo|Leftovers|[from] move: Knock Off|[of] p2a: Dewgong\n|move|p1a: Dondozo|Wave Crash|p2a: Dewgong\n|-resisted|p2a: Dewgong\n|-damage|p2a: Dewgong|208/322\n|-damage|p1a: Dondozo|63/100|[from] Recoil\n|\n|upkeep\n|turn|3\n|inactive|Time left: 300 sec this turn | 300 sec total\n|\n|t:|1783552300\n|move|p2a: Dewgong|Ice Beam|p1a: Dondozo\n|-resisted|p1a: Dondozo\n|-damage|p1a: Dondozo|47/100\n|-status|p1a: Dondozo|frz\n|-curestatus|p1a: Dondozo|frz|[msg]\n|move|p1a: Dondozo|Rest|p1a: Dondozo\n|-status|p1a: Dondozo|slp|[from] move: Rest\n|-heal|p1a: Dondozo|100/100 slp|[silent]\n|\n|upkeep\n|turn|4\n|inactive|Time left: 300 sec this turn | 300 sec total\n|\n|t:|1783552301\n|switch|p1a: Granbull|Granbull, L88, F|100/100\n|-ability|p1a: Granbull|Intimidate|boost\n|-unboost|p2a: Dewgong|atk|1\n|move|p2a: Dewgong|Ice Beam|p1a: Granbull\n|-damage|p1a: Granbull|58/100\n|\n|-heal|p1a: Granbull|64/100|[from] item: Leftovers\n|upkeep\n|turn|5\n|inactive|Time left: 300 sec this turn | 300 sec total\n|\n|t:|1783552302\n|move|p2a: Dewgong|Hydro Pump|p1a: Granbull\n|-damage|p1a: Granbull|17/100\n|move|p1a: Granbull|Play Rough|p2a: Dewgong\n|-damage|p2a: Dewgong|88/322\n|-unboost|p2a: Dewgong|atk|1\n|\n|-heal|p1a: Granbull|23/100|[from] item: Leftovers\n|upkeep\n|turn|6\n|inactive|Time left: 300 sec this turn | 300 sec total\n|\n|t:|1783552304\n|move|p2a: Dewgong|Flip Turn|p1a: Granbull\n|-damage|p1a: Granbull|12/100\n|inactive|Time left: 300 sec this turn | 300 sec total | 5 sec grace\n|\n|t:|1783552305\n|switch|p2a: Glastrier|Glastrier, L86|312/312|[from] Flip Turn\n|move|p1a: Granbull|Play Rough|p2a: Glastrier\n|-damage|p2a: Glastrier|225/312\n|-unboost|p2a: Glastrier|atk|1\n|\n|-heal|p1a: Granbull|18/100|[from] item: Leftovers\n|upkeep\n|turn|7\n|inactive|Time left: 300 sec this turn | 300 sec total\n|\n|t:|1783552306\n|switch|p1a: Uxie|Uxie, L83|100/100\n|move|p2a: Glastrier|Swords Dance|p2a: Glastrier\n|-boost|p2a: Glastrier|atk|2\n|\n|upkeep\n|turn|8\n|inactive|Time left: 300 sec this turn | 300 sec total\n|\n|t:|1783552307\n|move|p1a: Uxie|Knock Off|p2a: Glastrier\n|-damage|p2a: Glastrier|187/312\n|-enditem|p2a: Glastrier|Heavy-Duty Boots|[from] move: Knock Off|[of] p1a: Uxie\n|move|p2a: Glastrier|Icicle Crash|p1a: Uxie\n|-damage|p1a: Uxie|39/100\n|\n|-heal|p1a: Uxie|45/100|[from] item: Leftovers\n|upkeep\n|turn|9\n|inactive|Time left: 300 sec this turn | 300 sec total\n|\n|t:|1783552309\n|move|p1a: Uxie|U-turn|p2a: Glastrier\n|-damage|p2a: Glastrier|158/312\n|\n|t:|1783552310\n|switch|p1a: Dondozo|Dondozo, L78, F|100/100 slp|[from] U-turn\n|move|p2a: Glastrier|Heavy Slam|p1a: Dondozo\n|-resisted|p1a: Dondozo\n|-damage|p1a: Dondozo|91/100 slp\n|\n|upkeep\n|turn|10\n|inactive|Time left: 300 sec this turn | 300 sec total\n|\n|t:|1783552311\n|move|p2a: Glastrier|Icicle Crash|p1a: Dondozo\n|-resisted|p1a: Dondozo\n|-damage|p1a: Dondozo|75/100 slp\n|cant|p1a: Dondozo|slp\n|move|p1a: Dondozo|Sleep Talk|p1a: Dondozo\n|move|p1a: Dondozo|Rest||[from] move: Sleep Talk|[still]\n|-fail|p1a: Dondozo\n|\n|upkeep\n|turn|11\n|inactive|Time left: 300 sec this turn | 300 sec total\n|\n|t:|1783552312\n|move|p2a: Glastrier|Icicle Crash|p1a: Dondozo\n|-resisted|p1a: Dondozo\n|-damage|p1a: Dondozo|58/100 slp\n|cant|p1a: Dondozo|slp\n|cant|p1a: Dondozo|flinch\n|\n|upkeep\n|turn|12\n|inactive|Time left: 300 sec this turn | 300 sec total\n|\n|t:|1783552313\n|move|p2a: Glastrier|Icicle Crash|p1a: Dondozo\n|-resisted|p1a: Dondozo\n|-damage|p1a: Dondozo|42/100 slp\n|-curestatus|p1a: Dondozo|slp|[msg]\n|cant|p1a: Dondozo|flinch\n|\n|upkeep\n|turn|13\n|inactive|Time left: 300 sec this turn | 300 sec total\n|\n|t:|1783552314\n|move|p2a: Glastrier|Swords Dance|p2a: Glastrier\n|-boost|p2a: Glastrier|atk|2\n|move|p1a: Dondozo|Rest|p1a: Dondozo\n|-status|p1a: Dondozo|slp|[from] move: Rest\n|-heal|p1a: Dondozo|100/100 slp|[silent]\n|\n|upkeep\n|turn|14\n|inactive|Time left: 300 sec this turn | 300 sec total\n|\n|t:|1783552315\n|move|p2a: Glastrier|Icicle Crash|p1a: Dondozo\n|-resisted|p1a: Dondozo\n|-damage|p1a: Dondozo|85/100 slp\n|cant|p1a: Dondozo|slp\n|cant|p1a: Dondozo|flinch\n|\n|upkeep\n|turn|15\n|inactive|Time left: 300 sec this turn | 300 sec total\n|\n|t:|1783552316\n|move|p2a: Glastrier|Icicle Crash|p1a: Dondozo|[miss]\n|-miss|p2a: Glastrier|p1a: Dondozo\n|cant|p1a: Dondozo|slp\n|move|p1a: Dondozo|Sleep Talk|p1a: Dondozo\n|move|p1a: Dondozo|Wave Crash|p2a: Glastrier|[from] move: Sleep Talk\n|-damage|p2a: Glastrier|73/312\n|-damage|p1a: Dondozo|77/100 slp|[from] Recoil\n|\n|upkeep\n|turn|16\n|inactive|Time left: 300 sec this turn | 300 sec total\n|\n|t:|1783552317\n|move|p2a: Glastrier|Icicle Crash|p1a: Dondozo|[miss]\n|-miss|p2a: Glastrier|p1a: Dondozo\n|-curestatus|p1a: Dondozo|slp|[msg]\n|move|p1a: Dondozo|Wave Crash|p2a: Glastrier\n|-damage|p2a: Glastrier|0 fnt\n|faint|p2a: Glastrier\n|-damage|p1a: Dondozo|70/100|[from] Recoil\n|\n|upkeep\n|inactive|Time left: 300 sec this turn | 300 sec total | 5 sec grace\n|\n|t:|1783552318\n|switch|p2a: Sandy Shocks|Sandy Shocks, L80|267/267\n|turn|17\n|inactive|Time left: 300 sec this turn | 300 sec total\n|\n|t:|1783552319\n|switch|p1a: Arceus|Arceus-Grass, L73|100/100\n|move|p2a: Sandy Shocks|Thunderbolt|p1a: Arceus\n|-resisted|p1a: Arceus\n|-damage|p1a: Arceus|85/100\n|\n|upkeep\n|turn|18\n|inactive|Time left: 300 sec this turn | 300 sec total\n|\n|t:|1783552320\n|-end|p2a: Sandy Shocks|Protosynthesis|[silent]\n|switch|p2a: Magearna|Magearna-Original, L77|250/250\n|move|p1a: Arceus|Judgment|p2a: Magearna\n|-resisted|p2a: Magearna\n|-damage|p2a: Magearna|196/250\n|\n|upkeep\n|turn|19\n|inactive|Time left: 300 sec this turn | 300 sec total\n|\n|t:|1783552321\n|move|p1a: Arceus|Calm Mind|p1a: Arceus\n|-boost|p1a: Arceus|spa|1\n|-boost|p1a: Arceus|spd|1\n|move|p2a: Magearna|Shift Gear|p2a: Magearna\n|-boost|p2a: Magearna|spe|2\n|-boost|p2a: Magearna|atk|1\n|\n|upkeep\n|turn|20\n|inactive|Time left: 300 sec this turn | 300 sec total\n|\n|t:|1783552322\n|move|p2a: Magearna|Iron Head|p1a: Arceus\n|-damage|p1a: Arceus|51/100\n|move|p1a: Arceus|Judgment|p2a: Magearna\n|-resisted|p2a: Magearna\n|-damage|p2a: Magearna|115/250\n|\n|upkeep\n|turn|21\n|inactive|Time left: 300 sec this turn | 300 sec total\n|\n|t:|1783552324\n|move|p2a: Magearna|Iron Head|p1a: Arceus\n|-damage|p1a: Arceus|20/100\n|move|p1a: Arceus|Fire Blast|p2a: Magearna|[miss]\n|-miss|p1a: Arceus|p2a: Magearna\n|\n|upkeep\n|turn|22\n|inactive|Time left: 300 sec this turn | 300 sec total\n|\n|t:|1783552325\n|-terastallize|p1a: Arceus|Fire\n|move|p2a: Magearna|Iron Head|p1a: Arceus\n|-resisted|p1a: Arceus\n|-damage|p1a: Arceus|5/100\n|move|p1a: Arceus|Fire Blast|p2a: Magearna\n|-supereffective|p2a: Magearna\n|-damage|p2a: Magearna|0 fnt\n|faint|p2a: Magearna\n|\n|upkeep\n|inactive|Time left: 300 sec this turn | 300 sec total | 5 sec grace\n|\n|t:|1783552326\n|switch|p2a: Jumpluff|Jumpluff, L87, M|271/271\n|turn|23\n|inactive|Time left: 300 sec this turn | 300 sec total\n|\n|t:|1783552327\n|move|p2a: Jumpluff|Acrobatics|p1a: Arceus\n|-damage|p1a: Arceus|0 fnt\n|faint|p1a: Arceus\n|\n|upkeep\n|\n|t:|1783552328\n|switch|p1a: Slowking|Slowking-Galar, L85, M|100/100\n|turn|24\n|inactive|Time left: 300 sec this turn | 300 sec total\n|\n|t:|1783552329\n|move|p2a: Jumpluff|Sleep Powder|p1a: Slowking\n|-status|p1a: Slowking|slp|[from] move: Sleep Powder\n|cant|p1a: Slowking|slp\n|\n|upkeep\n|turn|25\n|inactive|Time left: 300 sec this turn | 300 sec total\n|\n|t:|1783552330\n|move|p2a: Jumpluff|Acrobatics|p1a: Slowking\n|-damage|p1a: Slowking|69/100 slp\n|cant|p1a: Slowking|slp\n|\n|upkeep\n|turn|26\n|inactive|Time left: 300 sec this turn | 300 sec total\n|\n|t:|1783552332\n|move|p2a: Jumpluff|Acrobatics|p1a: Slowking\n|-damage|p1a: Slowking|41/100 slp\n|-curestatus|p1a: Slowking|slp|[msg]\n|move|p1a: Slowking|Sludge Bomb|p2a: Jumpluff\n|-supereffective|p2a: Jumpluff\n|-damage|p2a: Jumpluff|59/271\n|\n|upkeep\n|turn|27\n|inactive|Time left: 300 sec this turn | 300 sec total\n|\n|t:|1783552333\n|move|p2a: Jumpluff|Strength Sap|p1a: Slowking\n|-unboost|p1a: Slowking|atk|1\n|-heal|p2a: Jumpluff|174/271\n|move|p1a: Slowking|Sludge Bomb|p2a: Jumpluff\n|-supereffective|p2a: Jumpluff\n|-damage|p2a: Jumpluff|0 fnt\n|faint|p2a: Jumpluff\n|\n|upkeep\n|inactive|Time left: 300 sec this turn | 300 sec total | 5 sec grace\n|\n|t:|1783552334\n|switch|p2a: Sandy Shocks|Sandy Shocks, L80|267/267\n|turn|28\n|inactive|Time left: 300 sec this turn | 300 sec total\n|\n|t:|1783552335\n|switch|p1a: Uxie|Uxie, L83|45/100\n|move|p2a: Sandy Shocks|Earth Power|p1a: Uxie\n|-immune|p1a: Uxie|[from] ability: Levitate\n|\n|-heal|p1a: Uxie|52/100|[from] item: Leftovers\n|upkeep\n|turn|29\n|inactive|Time left: 300 sec this turn | 300 sec total\n|\n|t:|1783552336\n|move|p2a: Sandy Shocks|Stealth Rock|p1a: Uxie\n|-sidestart|p1: p0x1070dc53|move: Stealth Rock\n|move|p1a: Uxie|Knock Off|p2a: Sandy Shocks\n|-damage|p2a: Sandy Shocks|209/267\n|-enditem|p2a: Sandy Shocks|Leftovers|[from] move: Knock Off|[of] p1a: Uxie\n|\n|-heal|p1a: Uxie|58/100|[from] item: Leftovers\n|upkeep\n|turn|30\n|inactive|Time left: 300 sec this turn | 300 sec total\n|\n|t:|1783552338\n|move|p2a: Sandy Shocks|Thunderbolt|p1a: Uxie\n|-damage|p1a: Uxie|29/100\n|move|p1a: Uxie|Yawn|p2a: Sandy Shocks\n|-start|p2a: Sandy Shocks|move: Yawn|[of] p1a: Uxie\n|\n|-heal|p1a: Uxie|35/100|[from] item: Leftovers\n|upkeep\n|turn|31\n|inactive|Time left: 300 sec this turn | 300 sec total\n|\n|t:|1783552339\n|-end|p2a: Sandy Shocks|Protosynthesis|[silent]\n|switch|p2a: Dialga|Dialga-Origin, L73|266/266\n|-ability|p2a: Dialga|Pressure\n|move|p1a: Uxie|Knock Off|p2a: Dialga\n|-damage|p2a: Dialga|234/266\n|\n|-heal|p1a: Uxie|41/100|[from] item: Leftovers\n|upkeep\n|turn|32\n|inactive|Time left: 300 sec this turn | 300 sec total\n|\n|t:|1783552340\n|move|p1a: Uxie|Knock Off|p2a: Dialga\n|-damage|p2a: Dialga|203/266\n|move|p2a: Dialga|Flash Cannon|p1a: Uxie\n|-damage|p1a: Uxie|7/100\n|-unboost|p1a: Uxie|spd|1\n|\n|-heal|p1a: Uxie|13/100|[from] item: Leftovers\n|upkeep\n|turn|33\n|inactive|Time left: 300 sec this turn | 300 sec total\n|\n|t:|1783552341\n|switch|p1a: Slowking|Slowking-Galar, L85, M|74/100\n|-damage|p1a: Slowking|62/100|[from] Stealth Rock\n|move|p2a: Dialga|Flash Cannon|p1a: Slowking\n|-damage|p1a: Slowking|41/100\n|\n|upkeep\n|turn|34\n|inactive|Time left: 300 sec this turn | 300 sec total\n|\n|t:|1783552343\n|move|p2a: Dialga|Flash Cannon|p1a: Slowking\n|-damage|p1a: Slowking|21/100\n|move|p1a: Slowking|Psychic Noise|p2a: Dialga\n|-resisted|p2a: Dialga\n|-damage|p2a: Dialga|164/266\n|-start|p2a: Dialga|move: Heal Block\n|\n|upkeep\n|turn|35\n|inactive|Time left: 300 sec this turn | 300 sec total\n|\n|t:|1783552343\n|switch|p1a: Ursaring|Ursaring, L84, F|100/100\n|-damage|p1a: Ursaring|88/100|[from] Stealth Rock\n|move|p2a: Dialga|Flash Cannon|p1a: Ursaring\n|-damage|p1a: Ursaring|60/100\n|\n|-end|p2a: Dialga|move: Heal Block\n|upkeep\n|turn|36\n|inactive|Time left: 300 sec this turn | 300 sec total\n|\n|t:|1783552345\n|move|p2a: Dialga|Flash Cannon|p1a: Ursaring\n|-damage|p1a: Ursaring|29/100\n|-unboost|p1a: Ursaring|spd|1\n|move|p1a: Ursaring|Earthquake|p2a: Dialga\n|-supereffective|p2a: Dialga\n|-damage|p2a: Dialga|0 fnt\n|faint|p2a: Dialga\n|\n|upkeep\n|inactive|Time left: 300 sec this turn | 300 sec total | 5 sec grace\n|\n|t:|1783552345\n|switch|p2a: Sandy Shocks|Sandy Shocks, L80|209/267\n|turn|37\n|inactive|Time left: 300 sec this turn | 300 sec total\n|\n|t:|1783552346\n|switch|p1a: Granbull|Granbull, L88, F|18/100\n|-damage|p1a: Granbull|6/100|[from] Stealth Rock\n|-ability|p1a: Granbull|Intimidate|boost\n|-unboost|p2a: Sandy Shocks|atk|1\n|move|p2a: Sandy Shocks|Thunderbolt|p1a: Granbull\n|-damage|p1a: Granbull|0 fnt\n|faint|p1a: Granbull\n|\n|upkeep\n|\n|t:|1783552347\n|switch|p1a: Slowking|Slowking-Galar, L85, M|55/100\n|-damage|p1a: Slowking|42/100|[from] Stealth Rock\n|turn|38\n|inactive|Time left: 300 sec this turn | 300 sec total\n|\n|t:|1783552348\n|move|p2a: Sandy Shocks|Earth Power|p1a: Slowking\n|-supereffective|p1a: Slowking\n|-damage|p1a: Slowking|0 fnt\n|faint|p1a: Slowking\n|\n|upkeep\n|\n|t:|1783552349\n|switch|p1a: Ursaring|Ursaring, L84, F|29/100\n|-damage|p1a: Ursaring|17/100|[from] Stealth Rock\n|turn|39\n|inactive|Time left: 300 sec this turn | 300 sec total\n|\n|t:|1783552350\n|move|p2a: Sandy Shocks|Thunderbolt|p1a: Ursaring\n|-damage|p1a: Ursaring|0 fnt\n|faint|p1a: Ursaring\n|\n|upkeep\n|\n|t:|1783552350\n|switch|p1a: Uxie|Uxie, L83|13/100\n|-damage|p1a: Uxie|1/100|[from] Stealth Rock\n|turn|40\n|inactive|Time left: 300 sec this turn | 300 sec total\n|\n|t:|1783552351\n|-terastallize|p2a: Sandy Shocks|Electric\n|move|p2a: Sandy Shocks|Thunderbolt|p1a: Uxie\n|-damage|p1a: Uxie|0 fnt\n|faint|p1a: Uxie\n|\n|upkeep\n|\n|t:|1783552352\n|switch|p1a: Dondozo|Dondozo, L78, F|70/100\n|-damage|p1a: Dondozo|58/100|[from] Stealth Rock\n|turn|41\n|inactive|Time left: 300 sec this turn | 300 sec total\n|\n|t:|1783552353\n|move|p2a: Sandy Shocks|Thunderbolt|p1a: Dondozo\n|-supereffective|p1a: Dondozo\n|-damage|p1a: Dondozo|0 fnt\n|faint|p1a: Dondozo\n|\n|win|p0y107026e6", "uploadtime": 1783552353, "views": 0, "rating": 0, "private": 0, "password": null, "_winner": "p0y107026e6", "_our_name": "p0y107026e6"}