{"id": "battle-gen9randombattle-550", "formatid": "gen9randombattle", "format": "[Gen 9] Random Battle", "players": ["p0x55037a2", "p0y550bab1"], "log": "|init|battle\n|title|p0x55037a2 vs. p0y550bab1\n|j|\u2606p0x55037a2\n|j|\u2606p0y550bab1\n|t:|1783545455\n|gametype|singles\n|player|p1|p0x55037a2|102|\n|player|p2|p0y550bab1|265|\n|gen|9\n|tier|[Gen 9] Random Battle\n|rule|Species Clause: Limit one of each Pok\u00e9mon\n|rule|HP Percentage Mod: HP is shown in percentages\n|rule|Sleep Clause Mod: Limit one foe put to sleep\n|rule|Illusion Level Mod: Illusion disguises the Pok\u00e9mon's true level\n|\n|t:|1783545455\n|teamsize|p1|6\n|teamsize|p2|6\n|start\n|switch|p1a: Crabominable|Crabominable, L90, M|321/321\n|switch|p2a: Corviknight|Corviknight, L80, M|100/100\n|turn|1\n|inactive|Battle timer is ON: inactive players will automatically lose when time's up. (requested by p0x55037a2)\n|inactive|p0y550bab1 also wants the timer to be on.\n|\n|t:|1783545457\n|move|p2a: Corviknight|Brave Bird|p1a: Crabominable\n|-supereffective|p1a: Crabominable\n|-damage|p1a: Crabominable|105/321\n|-damage|p2a: Corviknight|76/100|[from] Recoil\n|move|p1a: Crabominable|Drain Punch|p2a: Corviknight\n|-damage|p2a: Corviknight|13/100\n|-heal|p1a: Crabominable|195/321|[from] drain|[of] p2a: Corviknight\n|\n|-heal|p2a: Corviknight|20/100|[from] item: Leftovers\n|upkeep\n|turn|2\n|inactive|Time left: 300 sec this turn | 300 sec total\n|\n|t:|1783545458\n|move|p2a: Corviknight|Brave Bird|p1a: Crabominable\n|-supereffective|p1a: Crabominable\n|-damage|p1a: Crabominable|0 fnt\n|faint|p1a: Crabominable\n|-damage|p2a: Corviknight|0 fnt|[from] Recoil\n|faint|p2a: Corviknight\n|\n|upkeep\n|inactive|Time left: 300 sec this turn | 300 sec total | 5 sec grace\n|\n|t:|1783545459\n|switch|p2a: Mabosstiff|Mabosstiff, L86, F|100/100\n|switch|p1a: Meloetta|Meloetta, L82|298/298\n|turn|3\n|inactive|Time left: 300 sec this turn | 300 sec total\n|\n|t:|1783545460\n|move|p2a: Mabosstiff|Crunch|p1a: Meloetta\n|-supereffective|p1a: Meloetta\n|-damage|p1a: Meloetta|76/298\n|-unboost|p1a: Meloetta|def|1\n|move|p1a: Meloetta|Focus Blast|p2a: Mabosstiff\n|-supereffective|p2a: Mabosstiff\n|-damage|p2a: Mabosstiff|23/100\n|\n|-heal|p1a: Meloetta|94/298|[from] item: Leftovers\n|upkeep\n|turn|4\n|inactive|Time left: 300 sec this turn | 300 sec total\n|\n|t:|1783545461\n|move|p2a: Mabosstiff|Crunch|p1a: Meloetta\n|-supereffective|p1a: Meloetta\n|-damage|p1a: Meloetta|0 fnt\n|faint|p1a: Meloetta\n|\n|upkeep\n|inactive|Time left: 300 sec this turn | 300 sec total | 5 sec grace\n|\n|t:|1783545462\n|switch|p1a: Avalugg|Avalugg, L88, F|310/310\n|turn|5\n|inactive|Time left: 300 sec this turn | 300 sec total\n|\n|t:|1783545463\n|move|p2a: Mabosstiff|Crunch|p1a: Avalugg\n|-damage|p1a: Avalugg|253/310\n|move|p1a: Avalugg|Body Press|p2a: Mabosstiff\n|-supereffective|p2a: Mabosstiff\n|-damage|p2a: Mabosstiff|0 fnt\n|faint|p2a: Mabosstiff\n|\n|upkeep\n|\n|t:|1783545464\n|switch|p2a: Braviary|Braviary, L85, M|100/100\n|turn|6\n|inactive|Time left: 300 sec this turn | 300 sec total\n|\n|t:|1783545465\n|move|p2a: Braviary|Bulk Up|p2a: Braviary\n|-boost|p2a: Braviary|atk|1\n|-boost|p2a: Braviary|def|1\n|move|p1a: Avalugg|Avalanche|p2a: Braviary\n|-supereffective|p2a: Braviary\n|-damage|p2a: Braviary|61/100\n|\n|upkeep\n|turn|7\n|inactive|Time left: 300 sec this turn | 300 sec total\n|\n|t:|1783545466\n|move|p2a: Braviary|Bulk Up|p2a: Braviary\n|-boost|p2a: Braviary|atk|1\n|-boost|p2a: Braviary|def|1\n|move|p1a: Avalugg|Avalanche|p2a: Braviary\n|-supereffective|p2a: Braviary\n|-damage|p2a: Braviary|30/100\n|\n|upkeep\n|turn|8\n|inactive|Time left: 300 sec this turn | 300 sec total\n|\n|t:|1783545467\n|move|p2a: Braviary|Roost|p2a: Braviary\n|-heal|p2a: Braviary|80/100\n|-singleturn|p2a: Braviary|move: Roost\n|move|p1a: Avalugg|Body Press|p2a: Braviary\n|-supereffective|p2a: Braviary\n|-damage|p2a: Braviary|40/100\n|\n|upkeep\n|turn|9\n|inactive|Time left: 300 sec this turn | 300 sec total\n|\n|t:|1783545468\n|move|p2a: Braviary|Roost|p2a: Braviary\n|-heal|p2a: Braviary|90/100\n|-singleturn|p2a: Braviary|move: Roost\n|move|p1a: Avalugg|Body Press|p2a: Braviary\n|-supereffective|p2a: Braviary\n|-damage|p2a: Braviary|54/100\n|\n|upkeep\n|turn|10\n|inactive|Time left: 300 sec this turn | 300 sec total\n|\n|t:|1783545469\n|move|p2a: Braviary|Roost|p2a: Braviary\n|-heal|p2a: Braviary|100/100\n|-singleturn|p2a: Braviary|move: Roost\n|move|p1a: Avalugg|Avalanche|p2a: Braviary\n|-damage|p2a: Braviary|85/100\n|\n|upkeep\n|turn|11\n|inactive|Time left: 300 sec this turn | 300 sec total\n|\n|t:|1783545470\n|move|p2a: Braviary|Bulk Up|p2a: Braviary\n|-boost|p2a: Braviary|atk|1\n|-boost|p2a: Braviary|def|1\n|move|p1a: Avalugg|Avalanche|p2a: Braviary\n|-supereffective|p2a: Braviary\n|-damage|p2a: Braviary|62/100\n|\n|upkeep\n|turn|12\n|inactive|Time left: 300 sec this turn | 300 sec total\n|\n|t:|1783545471\n|switch|p1a: Tropius|Tropius, L91, M|328/328\n|move|p2a: Braviary|Close Combat|p1a: Tropius\n|-resisted|p1a: Tropius\n|-damage|p1a: Tropius|195/328\n|-unboost|p2a: Braviary|def|1\n|-unboost|p2a: Braviary|spd|1\n|\n|upkeep\n|turn|13\n|inactive|Time left: 300 sec this turn | 300 sec total\n|\n|t:|1783545473\n|move|p1a: Tropius|Protect|p1a: Tropius\n|-singleturn|p1a: Tropius|Protect\n|move|p2a: Braviary|Brave Bird|p1a: Tropius\n|-activate|p1a: Tropius|move: Protect\n|\n|upkeep\n|turn|14\n|inactive|Time left: 300 sec this turn | 300 sec total\n|\n|t:|1783545474\n|move|p2a: Braviary|Brave Bird|p1a: Tropius\n|-supereffective|p1a: Tropius\n|-damage|p1a: Tropius|0 fnt\n|faint|p1a: Tropius\n|-damage|p2a: Braviary|41/100|[from] Recoil\n|\n|upkeep\n|inactive|Time left: 300 sec this turn | 300 sec total | 5 sec grace\n|\n|t:|1783545475\n|switch|p1a: Probopass|Probopass, L91, M|257/257\n|turn|15\n|inactive|Time left: 300 sec this turn | 300 sec total\n|\n|t:|1783545476\n|-terastallize|p1a: Probopass|Fighting\n|move|p2a: Braviary|Close Combat|p1a: Probopass\n|-damage|p1a: Probopass|96/257\n|-unboost|p2a: Braviary|def|1\n|-unboost|p2a: Braviary|spd|1\n|move|p1a: Probopass|Flash Cannon|p2a: Braviary\n|-damage|p2a: Braviary|0 fnt\n|faint|p2a: Braviary\n|\n|upkeep\n|\n|t:|1783545477\n|switch|p2a: Leavanny|Leavanny, L86, F|100/100\n|turn|16\n|inactive|Time left: 300 sec this turn | 300 sec total\n|\n|t:|1783545478\n|move|p2a: Leavanny|Bullet Seed|p1a: Probopass\n|-damage|p1a: Probopass|78/257\n|-damage|p1a: Probopass|59/257\n|-damage|p1a: Probopass|40/257\n|-damage|p1a: Probopass|21/257\n|-damage|p1a: Probopass|2/257\n|-hitcount|p1a: Probopass|5\n|move|p1a: Probopass|Rest|p1a: Probopass\n|-status|p1a: Probopass|slp|[from] move: Rest\n|-heal|p1a: Probopass|257/257 slp|[silent]\n|-enditem|p1a: Probopass|Chesto Berry|[eat]\n|-curestatus|p1a: Probopass|slp|[msg]\n|\n|upkeep\n|turn|17\n|inactive|Time left: 300 sec this turn | 300 sec total\n|\n|t:|1783545479\n|move|p2a: Leavanny|Bullet Seed|p1a: Probopass\n|-damage|p1a: Probopass|238/257\n|-damage|p1a: Probopass|217/257\n|-damage|p1a: Probopass|198/257\n|-damage|p1a: Probopass|180/257\n|-damage|p1a: Probopass|164/257\n|-hitcount|p1a: Probopass|5\n|move|p1a: Probopass|Iron Defense|p1a: Probopass\n|-boost|p1a: Probopass|def|2\n|\n|upkeep\n|turn|18\n|inactive|Time left: 300 sec this turn | 300 sec total\n|\n|t:|1783545480\n|move|p2a: Leavanny|Sticky Web|p1a: Probopass\n|-sidestart|p1: p0x55037a2|move: Sticky Web\n|move|p1a: Probopass|Body Press|p2a: Leavanny\n|-resisted|p2a: Leavanny\n|-damage|p2a: Leavanny|43/100\n|\n|upkeep\n|turn|19\n|inactive|Time left: 300 sec this turn | 300 sec total\n|\n|t:|1783545481\n|move|p2a: Leavanny|Triple Axel|p1a: Probopass\n|-damage|p1a: Probopass|158/257\n|-damage|p1a: Probopass|148/257\n|-damage|p1a: Probopass|134/257\n|-hitcount|p1a: Probopass|3\n|move|p1a: Probopass|Body Press|p2a: Leavanny\n|-resisted|p2a: Leavanny\n|-damage|p2a: Leavanny|0 fnt\n|faint|p2a: Leavanny\n|\n|upkeep\n|\n|t:|1783545482\n|switch|p2a: Komala|Komala, L87, M|100/100\n|-ability|p2a: Komala|Comatose\n|turn|20\n|inactive|Time left: 300 sec this turn | 300 sec total\n|\n|t:|1783545483\n|-terastallize|p2a: Komala|Ghost\n|move|p2a: Komala|Body Slam|p1a: Probopass\n|-damage|p1a: Probopass|100/257\n|move|p1a: Probopass|Body Press|p2a: Komala\n|-immune|p2a: Komala\n|\n|upkeep\n|turn|21\n|inactive|Time left: 300 sec this turn | 300 sec total\n|\n|t:|1783545485\n|move|p2a: Komala|Body Slam|p1a: Probopass\n|-crit|p1a: Probopass\n|-damage|p1a: Probopass|0 fnt\n|faint|p1a: Probopass\n|\n|upkeep\n|inactive|Time left: 300 sec this turn | 300 sec total | 5 sec grace\n|\n|t:|1783545486\n|switch|p1a: Avalugg|Avalugg, L88, F|253/310\n|turn|22\n|inactive|Time left: 300 sec this turn | 300 sec total\n|\n|t:|1783545487\n|move|p2a: Komala|Body Slam|p1a: Avalugg\n|-damage|p1a: Avalugg|192/310\n|move|p1a: Avalugg|Avalanche|p2a: Komala\n|-damage|p2a: Komala|31/100\n|\n|upkeep\n|turn|23\n|inactive|Time left: 300 sec this turn | 300 sec total\n|\n|t:|1783545488\n|switch|p2a: Weavile|Weavile, L79, M|100/100\n|move|p1a: Avalugg|Recover|p1a: Avalugg\n|-heal|p1a: Avalugg|310/310\n|\n|upkeep\n|turn|24\n|inactive|Time left: 300 sec this turn | 300 sec total\n|\n|t:|1783545489\n|switch|p2a: Komala|Komala, L87, M, tera:Ghost|31/100\n|-ability|p2a: Komala|Comatose\n|move|p1a: Avalugg|Body Press|p2a: Komala\n|-immune|p2a: Komala\n|\n|upkeep\n|turn|25\n|inactive|Time left: 300 sec this turn | 300 sec total\n|\n|t:|1783545490\n|move|p2a: Komala|U-turn|p1a: Avalugg\n|-damage|p1a: Avalugg|280/310\n|\n|t:|1783545491\n|switch|p2a: Weavile|Weavile, L79, M|100/100|[from] U-turn\n|move|p1a: Avalugg|Avalanche|p2a: Weavile\n|-resisted|p2a: Weavile\n|-damage|p2a: Weavile|78/100\n|\n|upkeep\n|turn|26\n|inactive|Time left: 300 sec this turn | 300 sec total\n|\n|t:|1783545492\n|switch|p2a: Komala|Komala, L87, M, tera:Ghost|31/100\n|-ability|p2a: Komala|Comatose\n|move|p1a: Avalugg|Body Press|p2a: Komala\n|-immune|p2a: Komala\n|\n|upkeep\n|turn|27\n|inactive|Time left: 300 sec this turn | 300 sec total\n|\n|t:|1783545493\n|move|p2a: Komala|U-turn|p1a: Avalugg\n|-damage|p1a: Avalugg|249/310\n|\n|t:|1783545494\n|switch|p2a: Weavile|Weavile, L79, M|78/100|[from] U-turn\n|move|p1a: Avalugg|Avalanche|p2a: Weavile\n|-resisted|p2a: Weavile\n|-damage|p2a: Weavile|55/100\n|\n|upkeep\n|turn|28\n|inactive|Time left: 300 sec this turn | 300 sec total\n|\n|t:|1783545495\n|switch|p2a: Komala|Komala, L87, M, tera:Ghost|31/100\n|-ability|p2a: Komala|Comatose\n|move|p1a: Avalugg|Body Press|p2a: Komala\n|-immune|p2a: Komala\n|\n|upkeep\n|turn|29\n|inactive|Time left: 300 sec this turn | 300 sec total\n|\n|t:|1783545496\n|switch|p2a: Weavile|Weavile, L79, M|55/100\n|move|p1a: Avalugg|Avalanche|p2a: Weavile\n|-resisted|p2a: Weavile\n|-damage|p2a: Weavile|34/100\n|\n|upkeep\n|turn|30\n|inactive|Time left: 300 sec this turn | 300 sec total\n|\n|t:|1783545497\n|move|p2a: Weavile|Swords Dance|p2a: Weavile\n|-boost|p2a: Weavile|atk|2\n|move|p1a: Avalugg|Avalanche|p2a: Weavile\n|-resisted|p2a: Weavile\n|-damage|p2a: Weavile|13/100\n|\n|upkeep\n|turn|31\n|inactive|Time left: 300 sec this turn | 300 sec total\n|\n|t:|1783545498\n|move|p2a: Weavile|Knock Off|p1a: Avalugg\n|-damage|p1a: Avalugg|141/310\n|-enditem|p1a: Avalugg|Heavy-Duty Boots|[from] move: Knock Off|[of] p2a: Weavile\n|move|p1a: Avalugg|Avalanche|p2a: Weavile\n|-resisted|p2a: Weavile\n|-damage|p2a: Weavile|0 fnt\n|faint|p2a: Weavile\n|\n|upkeep\n|\n|t:|1783545499\n|switch|p2a: Komala|Komala, L87, M, tera:Ghost|31/100\n|-ability|p2a: Komala|Comatose\n|turn|32\n|inactive|Time left: 300 sec this turn | 300 sec total\n|\n|t:|1783545500\n|move|p2a: Komala|Body Slam|p1a: Avalugg\n|-damage|p1a: Avalugg|83/310\n|move|p1a: Avalugg|Avalanche|p2a: Komala\n|-damage|p2a: Komala|0 fnt\n|faint|p2a: Komala\n|\n|win|p0x55037a2", "uploadtime": 1783545500, "views": 0, "rating": 0, "private": 0, "password": null, "_winner": "p0x55037a2", "_our_name": "p0x55037a2"}