{"id": "battle-gen9randombattle-776", "formatid": "gen9randombattle", "format": "[Gen 9] Random Battle", "players": ["p0x776e510", "p0y776c6fb"], "log": "|init|battle\n|title|p0x776e510 vs. p0y776c6fb\n|j|\u2606p0x776e510\n|j|\u2606p0y776c6fb\n|t:|1783548123\n|gametype|singles\n|player|p1|p0x776e510|169|\n|player|p2|p0y776c6fb|266|\n|gen|9\n|tier|[Gen 9] Random Battle\n|rule|Species Clause: Limit one of each Pok\u00e9mon\n|rule|HP Percentage Mod: HP is shown in percentages\n|rule|Sleep Clause Mod: Limit one foe put to sleep\n|rule|Illusion Level Mod: Illusion disguises the Pok\u00e9mon's true level\n|\n|t:|1783548123\n|teamsize|p1|6\n|teamsize|p2|6\n|start\n|switch|p1a: Basculin|Basculin, L86, M|261/261\n|switch|p2a: Mimikyu|Mimikyu, L79, M|100/100\n|turn|1\n|inactive|Battle timer is ON: inactive players will automatically lose when time's up. (requested by p0x776e510)\n|inactive|p0y776c6fb also wants the timer to be on.\n|\n|t:|1783548125\n|move|p1a: Basculin|Wave Crash|p2a: Mimikyu\n|-activate|p2a: Mimikyu|ability: Disguise\n|-damage|p2a: Mimikyu|100/100\n|detailschange|p2a: Mimikyu|Mimikyu-Busted, L79, M\n|-damage|p2a: Mimikyu|88/100|[from] pokemon: Mimikyu-Busted\n|move|p2a: Mimikyu|Swords Dance|p2a: Mimikyu\n|-boost|p2a: Mimikyu|atk|2\n|\n|upkeep\n|turn|2\n|inactive|Time left: 300 sec this turn | 300 sec total\n|\n|t:|1783548126\n|switch|p2a: Dipplin|Dipplin, L88, M|100/100\n|move|p1a: Basculin|Wave Crash|p2a: Dipplin\n|-resisted|p2a: Dipplin\n|-damage|p2a: Dipplin|89/100\n|-damage|p1a: Basculin|250/261|[from] Recoil\n|\n|upkeep\n|turn|3\n|inactive|Time left: 300 sec this turn | 300 sec total\n|\n|t:|1783548127\n|switch|p1a: Sceptile|Sceptile, L87, M|264/264\n|move|p2a: Dipplin|Giga Drain|p1a: Sceptile\n|-resisted|p1a: Sceptile\n|-damage|p1a: Sceptile|219/264\n|-heal|p2a: Dipplin|97/100|[from] drain|[of] p1a: Sceptile\n|\n|-heal|p1a: Sceptile|235/264|[from] item: Leftovers\n|upkeep\n|turn|4\n|inactive|Time left: 300 sec this turn | 300 sec total\n|\n|t:|1783548128\n|move|p1a: Sceptile|Substitute|p1a: Sceptile\n|-start|p1a: Sceptile|Substitute\n|-damage|p1a: Sceptile|169/264\n|move|p2a: Dipplin|Giga Drain|p1a: Sceptile\n|-resisted|p1a: Sceptile\n|-activate|p1a: Sceptile|move: Substitute|[damage]\n|-heal|p2a: Dipplin|100/100|[from] drain|[of] p1a: Sceptile\n|\n|-heal|p1a: Sceptile|185/264|[from] item: Leftovers\n|upkeep\n|turn|5\n|inactive|Time left: 300 sec this turn | 300 sec total\n|\n|t:|1783548129\n|move|p1a: Sceptile|Focus Blast|p2a: Dipplin\n|-damage|p2a: Dipplin|77/100\n|move|p2a: Dipplin|Dragon Pulse|p1a: Sceptile\n|-end|p1a: Sceptile|Substitute\n|\n|-heal|p1a: Sceptile|201/264|[from] item: Leftovers\n|upkeep\n|turn|6\n|inactive|Time left: 300 sec this turn | 300 sec total\n|\n|t:|1783548130\n|move|p1a: Sceptile|Giga Drain|p2a: Dipplin\n|-resisted|p2a: Dipplin\n|-damage|p2a: Dipplin|72/100\n|-heal|p1a: Sceptile|209/264|[from] drain|[of] p2a: Dipplin\n|move|p2a: Dipplin|Dragon Pulse|p1a: Sceptile\n|-damage|p1a: Sceptile|119/264\n|\n|-heal|p1a: Sceptile|135/264|[from] item: Leftovers\n|upkeep\n|turn|7\n|inactive|Time left: 300 sec this turn | 300 sec total\n|\n|t:|1783548131\n|move|p1a: Sceptile|Giga Drain|p2a: Dipplin\n|-resisted|p2a: Dipplin\n|-damage|p2a: Dipplin|66/100\n|-heal|p1a: Sceptile|143/264|[from] drain|[of] p2a: Dipplin\n|move|p2a: Dipplin|Dragon Pulse|p1a: Sceptile\n|-damage|p1a: Sceptile|47/264\n|\n|-heal|p1a: Sceptile|63/264|[from] item: Leftovers\n|upkeep\n|turn|8\n|inactive|Time left: 300 sec this turn | 300 sec total\n|\n|t:|1783548132\n|switch|p1a: Raikou|Raikou, L81|278/278\n|-ability|p1a: Raikou|Pressure\n|move|p2a: Dipplin|Dragon Pulse|p1a: Raikou\n|-damage|p1a: Raikou|193/278\n|\n|-heal|p1a: Raikou|210/278|[from] item: Leftovers\n|upkeep\n|turn|9\n|inactive|Time left: 300 sec this turn | 300 sec total\n|\n|t:|1783548133\n|move|p1a: Raikou|Calm Mind|p1a: Raikou\n|-boost|p1a: Raikou|spa|1\n|-boost|p1a: Raikou|spd|1\n|move|p2a: Dipplin|Dragon Pulse|p1a: Raikou\n|-damage|p1a: Raikou|152/278\n|\n|-heal|p1a: Raikou|169/278|[from] item: Leftovers\n|upkeep\n|turn|10\n|inactive|Time left: 300 sec this turn | 300 sec total\n|\n|t:|1783548134\n|move|p1a: Raikou|Calm Mind|p1a: Raikou\n|-boost|p1a: Raikou|spa|1\n|-boost|p1a: Raikou|spd|1\n|move|p2a: Dipplin|Giga Drain|p1a: Raikou\n|-damage|p1a: Raikou|126/278\n|-heal|p2a: Dipplin|74/100|[from] drain|[of] p1a: Raikou\n|\n|-heal|p1a: Raikou|143/278|[from] item: Leftovers\n|upkeep\n|turn|11\n|inactive|Time left: 300 sec this turn | 300 sec total\n|\n|t:|1783548135\n|move|p1a: Raikou|Calm Mind|p1a: Raikou\n|-boost|p1a: Raikou|spa|1\n|-boost|p1a: Raikou|spd|1\n|move|p2a: Dipplin|Recover|p2a: Dipplin\n|-heal|p2a: Dipplin|100/100\n|\n|-heal|p1a: Raikou|160/278|[from] item: Leftovers\n|upkeep\n|turn|12\n|inactive|Time left: 300 sec this turn | 300 sec total\n|\n|t:|1783548136\n|move|p2a: Dipplin|Sucker Punch||[still]\n|-fail|p2a: Dipplin\n|move|p1a: Raikou|Substitute|p1a: Raikou\n|-start|p1a: Raikou|Substitute\n|-damage|p1a: Raikou|91/278\n|\n|-heal|p1a: Raikou|108/278|[from] item: Leftovers\n|upkeep\n|turn|13\n|inactive|Time left: 300 sec this turn | 300 sec total\n|\n|t:|1783548137\n|move|p2a: Dipplin|Sucker Punch||[still]\n|-fail|p2a: Dipplin\n|move|p1a: Raikou|Calm Mind|p1a: Raikou\n|-boost|p1a: Raikou|spa|1\n|-boost|p1a: Raikou|spd|1\n|\n|-heal|p1a: Raikou|125/278|[from] item: Leftovers\n|upkeep\n|turn|14\n|inactive|Time left: 300 sec this turn | 300 sec total\n|\n|t:|1783548138\n|move|p1a: Raikou|Thunderbolt|p2a: Dipplin\n|-resisted|p2a: Dipplin\n|-damage|p2a: Dipplin|81/100\n|move|p2a: Dipplin|Dragon Pulse|p1a: Raikou\n|-activate|p1a: Raikou|move: Substitute|[damage]\n|\n|-heal|p1a: Raikou|142/278|[from] item: Leftovers\n|upkeep\n|turn|15\n|inactive|Time left: 300 sec this turn | 300 sec total\n|\n|t:|1783548139\n|move|p1a: Raikou|Thunderbolt|p2a: Dipplin\n|-resisted|p2a: Dipplin\n|-damage|p2a: Dipplin|64/100\n|move|p2a: Dipplin|Recover|p2a: Dipplin\n|-heal|p2a: Dipplin|100/100\n|\n|-heal|p1a: Raikou|159/278|[from] item: Leftovers\n|upkeep\n|turn|16\n|inactive|Time left: 300 sec this turn | 300 sec total\n|\n|t:|1783548140\n|move|p1a: Raikou|Thunderbolt|p2a: Dipplin\n|-resisted|p2a: Dipplin\n|-damage|p2a: Dipplin|82/100\n|move|p2a: Dipplin|Dragon Pulse|p1a: Raikou\n|-activate|p1a: Raikou|move: Substitute|[damage]\n|\n|-heal|p1a: Raikou|176/278|[from] item: Leftovers\n|upkeep\n|turn|17\n|inactive|Time left: 300 sec this turn | 300 sec total\n|\n|t:|1783548141\n|move|p1a: Raikou|Thunderbolt|p2a: Dipplin\n|-resisted|p2a: Dipplin\n|-damage|p2a: Dipplin|65/100\n|move|p2a: Dipplin|Recover|p2a: Dipplin\n|-heal|p2a: Dipplin|100/100\n|\n|-heal|p1a: Raikou|193/278|[from] item: Leftovers\n|upkeep\n|turn|18\n|inactive|Time left: 300 sec this turn | 300 sec total\n|\n|t:|1783548142\n|move|p1a: Raikou|Thunderbolt|p2a: Dipplin\n|-resisted|p2a: Dipplin\n|-damage|p2a: Dipplin|83/100\n|move|p2a: Dipplin|Dragon Pulse|p1a: Raikou\n|-end|p1a: Raikou|Substitute\n|\n|-heal|p1a: Raikou|210/278|[from] item: Leftovers\n|upkeep\n|turn|19\n|inactive|Time left: 300 sec this turn | 300 sec total\n|\n|t:|1783548143\n|move|p1a: Raikou|Thunderbolt|p2a: Dipplin\n|-resisted|p2a: Dipplin\n|-damage|p2a: Dipplin|66/100\n|move|p2a: Dipplin|Recover|p2a: Dipplin\n|-heal|p2a: Dipplin|100/100\n|\n|-heal|p1a: Raikou|227/278|[from] item: Leftovers\n|upkeep\n|turn|20\n|inactive|Time left: 300 sec this turn | 300 sec total\n|\n|t:|1783548144\n|move|p1a: Raikou|Thunderbolt|p2a: Dipplin\n|-resisted|p2a: Dipplin\n|-crit|p2a: Dipplin\n|-damage|p2a: Dipplin|75/100\n|move|p2a: Dipplin|Recover|p2a: Dipplin\n|-heal|p2a: Dipplin|100/100\n|\n|-heal|p1a: Raikou|244/278|[from] item: Leftovers\n|upkeep\n|turn|21\n|inactive|Time left: 300 sec this turn | 300 sec total\n|\n|t:|1783548145\n|move|p2a: Dipplin|Sucker Punch|p1a: Raikou\n|-damage|p1a: Raikou|190/278\n|move|p1a: Raikou|Thunderbolt|p2a: Dipplin\n|-resisted|p2a: Dipplin\n|-damage|p2a: Dipplin|81/100\n|-status|p2a: Dipplin|par\n|\n|-heal|p1a: Raikou|207/278|[from] item: Leftovers\n|upkeep\n|turn|22\n|inactive|Time left: 300 sec this turn | 300 sec total\n|\n|t:|1783548146\n|move|p1a: Raikou|Thunderbolt|p2a: Dipplin\n|-resisted|p2a: Dipplin\n|-damage|p2a: Dipplin|62/100 par\n|cant|p2a: Dipplin|par\n|\n|-heal|p1a: Raikou|224/278|[from] item: Leftovers\n|upkeep\n|turn|23\n|inactive|Time left: 300 sec this turn | 300 sec total\n|\n|t:|1783548147\n|move|p1a: Raikou|Thunderbolt|p2a: Dipplin\n|-resisted|p2a: Dipplin\n|-damage|p2a: Dipplin|44/100 par\n|move|p2a: Dipplin|Recover|p2a: Dipplin\n|-heal|p2a: Dipplin|94/100 par\n|\n|-heal|p1a: Raikou|241/278|[from] item: Leftovers\n|upkeep\n|turn|24\n|inactive|Time left: 300 sec this turn | 300 sec total\n|\n|t:|1783548148\n|move|p1a: Raikou|Thunderbolt|p2a: Dipplin\n|-resisted|p2a: Dipplin\n|-damage|p2a: Dipplin|76/100 par\n|move|p2a: Dipplin|Recover|p2a: Dipplin\n|-heal|p2a: Dipplin|100/100 par\n|\n|-heal|p1a: Raikou|258/278|[from] item: Leftovers\n|upkeep\n|turn|25\n|inactive|Time left: 300 sec this turn | 300 sec total\n|\n|t:|1783548149\n|move|p1a: Raikou|Thunderbolt|p2a: Dipplin\n|-resisted|p2a: Dipplin\n|-damage|p2a: Dipplin|81/100 par\n|move|p2a: Dipplin|Recover|p2a: Dipplin\n|-heal|p2a: Dipplin|100/100 par\n|\n|-heal|p1a: Raikou|275/278|[from] item: Leftovers\n|upkeep\n|turn|26\n|inactive|Time left: 300 sec this turn | 300 sec total\n|\n|t:|1783548151\n|cant|p2a: Dipplin|par\n|move|p1a: Raikou|Thunderbolt|p2a: Dipplin\n|-resisted|p2a: Dipplin\n|-damage|p2a: Dipplin|83/100 par\n|\n|-heal|p1a: Raikou|278/278|[from] item: Leftovers\n|upkeep\n|turn|27\n|inactive|Time left: 300 sec this turn | 300 sec total\n|\n|t:|1783548152\n|move|p1a: Raikou|Thunderbolt|p2a: Dipplin\n|-resisted|p2a: Dipplin\n|-damage|p2a: Dipplin|66/100 par\n|move|p2a: Dipplin|Dragon Pulse|p1a: Raikou\n|-damage|p1a: Raikou|244/278\n|\n|-heal|p1a: Raikou|261/278|[from] item: Leftovers\n|upkeep\n|turn|28\n|inactive|Time left: 300 sec this turn | 300 sec total\n|\n|t:|1783548153\n|move|p2a: Dipplin|Sucker Punch|p1a: Raikou\n|-damage|p1a: Raikou|205/278\n|move|p1a: Raikou|Thunderbolt|p2a: Dipplin\n|-resisted|p2a: Dipplin\n|-damage|p2a: Dipplin|49/100 par\n|\n|-heal|p1a: Raikou|222/278|[from] item: Leftovers\n|upkeep\n|turn|29\n|inactive|Time left: 300 sec this turn | 300 sec total\n|\n|t:|1783548154\n|move|p1a: Raikou|Thunderbolt|p2a: Dipplin\n|-resisted|p2a: Dipplin\n|-damage|p2a: Dipplin|30/100 par\n|move|p2a: Dipplin|Giga Drain|p1a: Raikou\n|-damage|p1a: Raikou|194/278\n|-heal|p2a: Dipplin|35/100 par|[from] drain|[of] p1a: Raikou\n|\n|-heal|p1a: Raikou|211/278|[from] item: Leftovers\n|upkeep\n|turn|30\n|inactive|Time left: 300 sec this turn | 300 sec total\n|\n|t:|1783548155\n|move|p1a: Raikou|Thunderbolt|p2a: Dipplin\n|-resisted|p2a: Dipplin\n|-damage|p2a: Dipplin|15/100 par\n|move|p2a: Dipplin|Giga Drain|p1a: Raikou\n|-damage|p1a: Raikou|183/278\n|-heal|p2a: Dipplin|20/100 par|[from] drain|[of] p1a: Raikou\n|\n|-heal|p1a: Raikou|200/278|[from] item: Leftovers\n|upkeep\n|turn|31\n|inactive|Time left: 300 sec this turn | 300 sec total\n|\n|t:|1783548157\n|move|p1a: Raikou|Thunderbolt|p2a: Dipplin\n|-resisted|p2a: Dipplin\n|-damage|p2a: Dipplin|1/100 par\n|cant|p2a: Dipplin|par\n|\n|-heal|p1a: Raikou|217/278|[from] item: Leftovers\n|upkeep\n|turn|32\n|inactive|Time left: 300 sec this turn | 300 sec total\n|\n|t:|1783548158\n|move|p1a: Raikou|Thunderbolt|p2a: Dipplin\n|-resisted|p2a: Dipplin\n|-damage|p2a: Dipplin|0 fnt\n|faint|p2a: Dipplin\n|\n|-heal|p1a: Raikou|234/278|[from] item: Leftovers\n|upkeep\n|\n|t:|1783548158\n|switch|p2a: Whiscash|Whiscash, L88, M|100/100\n|turn|33\n|inactive|Time left: 300 sec this turn | 300 sec total\n|\n|t:|1783548159\n|-terastallize|p1a: Raikou|Water\n|move|p1a: Raikou|Scald|p2a: Whiscash\n|-damage|p2a: Whiscash|14/100\n|move|p2a: Whiscash|Earthquake|p1a: Raikou\n|-damage|p1a: Raikou|88/278\n|-damage|p2a: Whiscash|4/100|[from] item: Life Orb\n|\n|-heal|p1a: Raikou|105/278|[from] item: Leftovers\n|upkeep\n|turn|34\n|inactive|Time left: 300 sec this turn | 300 sec total\n|\n|t:|1783548160\n|move|p1a: Raikou|Scald|p2a: Whiscash\n|-damage|p2a: Whiscash|0 fnt\n|faint|p2a: Whiscash\n|\n|-heal|p1a: Raikou|122/278|[from] item: Leftovers\n|upkeep\n|\n|t:|1783548161\n|switch|p2a: Overqwil|Overqwil, L82, M|100/100\n|-ability|p2a: Overqwil|Intimidate|boost\n|-unboost|p1a: Raikou|atk|1\n|turn|35\n|inactive|Time left: 300 sec this turn | 300 sec total\n|\n|t:|1783548162\n|-terastallize|p2a: Overqwil|Dragon\n|move|p1a: Raikou|Scald|p2a: Overqwil\n|-resisted|p2a: Overqwil\n|-damage|p2a: Overqwil|43/100\n|move|p2a: Overqwil|Scale Shot|p1a: Raikou\n|-damage|p1a: Raikou|89/278\n|-damage|p1a: Raikou|56/278\n|-damage|p1a: Raikou|25/278\n|-damage|p1a: Raikou|0 fnt\n|faint|p1a: Raikou\n|-hitcount|p1: Raikou|4\n|-unboost|p2a: Overqwil|def|1\n|-boost|p2a: Overqwil|spe|1\n|\n|upkeep\n|inactive|Time left: 300 sec this turn | 300 sec total | 5 sec grace\n|\n|t:|1783548163\n|switch|p1a: Grafaiai|Grafaiai, L86, M|249/249\n|turn|36\n|inactive|Time left: 300 sec this turn | 300 sec total\n|\n|t:|1783548165\n|move|p2a: Overqwil|Crunch|p1a: Grafaiai\n|-damage|p1a: Grafaiai|128/249\n|move|p1a: Grafaiai|Gunk Shot|p2a: Overqwil|[miss]\n|-miss|p1a: Grafaiai|p2a: Overqwil\n|\n|upkeep\n|turn|37\n|inactive|Time left: 300 sec this turn | 300 sec total\n|\n|t:|1783548166\n|move|p2a: Overqwil|Scale Shot|p1a: Grafaiai\n|-damage|p1a: Grafaiai|91/249\n|-damage|p1a: Grafaiai|54/249\n|-damage|p1a: Grafaiai|18/249\n|-damage|p1a: Grafaiai|0 fnt\n|faint|p1a: Grafaiai\n|-hitcount|p1: Grafaiai|4\n|-unboost|p2a: Overqwil|def|1\n|-boost|p2a: Overqwil|spe|1\n|\n|upkeep\n|inactive|Time left: 300 sec this turn | 300 sec total | 5 sec grace\n|\n|t:|1783548167\n|switch|p1a: Scyther|Scyther, L82, F|249/249\n|turn|38\n|inactive|Time left: 300 sec this turn | 300 sec total\n|\n|t:|1783548168\n|switch|p2a: Magnezone|Magnezone, L85|100/100\n|move|p1a: Scyther|U-turn|p2a: Magnezone\n|-resisted|p2a: Magnezone\n|-damage|p2a: Magnezone|88/100\n|inactive|Time left: 300 sec this turn | 300 sec total | 5 sec grace\n|\n|t:|1783548169\n|switch|p1a: Sceptile|Sceptile, L87, M|63/264|[from] U-turn\n|\n|-heal|p1a: Sceptile|79/264|[from] item: Leftovers\n|-heal|p2a: Magnezone|94/100|[from] item: Leftovers\n|upkeep\n|turn|39\n|inactive|Time left: 300 sec this turn | 300 sec total\n|\n|t:|1783548170\n|move|p1a: Sceptile|Focus Blast|p2a: Magnezone\n|-supereffective|p2a: Magnezone\n|-damage|p2a: Magnezone|25/100\n|move|p2a: Magnezone|Flash Cannon|p1a: Sceptile\n|-damage|p1a: Sceptile|0 fnt\n|faint|p1a: Sceptile\n|\n|-heal|p2a: Magnezone|31/100|[from] item: Leftovers\n|upkeep\n|inactive|Time left: 300 sec this turn | 300 sec total | 5 sec grace\n|\n|t:|1783548171\n|switch|p1a: Basculin|Basculin, L86, M|250/261\n|turn|40\n|inactive|Time left: 300 sec this turn | 300 sec total\n|\n|t:|1783548172\n|switch|p2a: Overqwil|Overqwil, L82, M, tera:Dragon|43/100\n|-ability|p2a: Overqwil|Intimidate|boost\n|-unboost|p1a: Basculin|atk|1\n|move|p1a: Basculin|Flip Turn|p2a: Overqwil\n|-resisted|p2a: Overqwil\n|-damage|p2a: Overqwil|28/100\n|inactive|Time left: 300 sec this turn | 300 sec total | 5 sec grace\n|\n|t:|1783548173\n|switch|p1a: Meowscarada|Meowscarada, L78, M|247/247|[from] Flip Turn\n|\n|upkeep\n|turn|41\n|inactive|Time left: 300 sec this turn | 300 sec total\n|\n|t:|1783548174\n|switch|p2a: Honchkrow|Honchkrow, L86, F|100/100\n|move|p1a: Meowscarada|Knock Off|p2a: Honchkrow\n|-start|p1a: Meowscarada|typechange|Dark|[from] ability: Protean\n|-resisted|p2a: Honchkrow\n|-damage|p2a: Honchkrow|69/100\n|-enditem|p2a: Honchkrow|Heavy-Duty Boots|[from] move: Knock Off|[of] p1a: Meowscarada\n|\n|upkeep\n|turn|42\n|inactive|Time left: 300 sec this turn | 300 sec total\n|\n|t:|1783548176\n|move|p1a: Meowscarada|Knock Off|p2a: Honchkrow\n|-resisted|p2a: Honchkrow\n|-damage|p2a: Honchkrow|47/100\n|move|p2a: Honchkrow|Brave Bird|p1a: Meowscarada\n|-damage|p1a: Meowscarada|27/247\n|-damage|p2a: Honchkrow|24/100|[from] Recoil\n|\n|upkeep\n|turn|43\n|inactive|Time left: 300 sec this turn | 300 sec total\n|\n|t:|1783548177\n|move|p2a: Honchkrow|Sucker Punch|p1a: Meowscarada\n|-resisted|p1a: Meowscarada\n|-damage|p1a: Meowscarada|0 fnt\n|faint|p1a: Meowscarada\n|-ability|p2a: Honchkrow|Moxie|boost\n|-boost|p2a: Honchkrow|atk|1\n|\n|upkeep\n|inactive|Time left: 300 sec this turn | 300 sec total | 5 sec grace\n|\n|t:|1783548178\n|switch|p1a: Scyther|Scyther, L82, F|249/249\n|turn|44\n|inactive|Time left: 300 sec this turn | 300 sec total\n|\n|t:|1783548179\n|move|p2a: Honchkrow|Sucker Punch|p1a: Scyther\n|-damage|p1a: Scyther|89/249\n|move|p1a: Scyther|U-turn|p2a: Honchkrow\n|-damage|p2a: Honchkrow|0 fnt\n|faint|p2a: Honchkrow\n|inactive|Time left: 300 sec this turn | 300 sec total | 5 sec grace\n|\n|t:|1783548180\n|switch|p1a: Basculin|Basculin, L86, M|250/261|[from] U-turn\n|\n|upkeep\n|\n|t:|1783548180\n|switch|p2a: Overqwil|Overqwil, L82, M, tera:Dragon|28/100\n|-ability|p2a: Overqwil|Intimidate|boost\n|-unboost|p1a: Basculin|atk|1\n|turn|45\n|inactive|Time left: 300 sec this turn | 300 sec total\n|\n|t:|1783548181\n|switch|p2a: Magnezone|Magnezone, L85|31/100\n|move|p1a: Basculin|Flip Turn|p2a: Magnezone\n|-damage|p2a: Magnezone|6/100\n|inactive|Time left: 300 sec this turn | 300 sec total | 5 sec grace\n|\n|t:|1783548182\n|switch|p1a: Scyther|Scyther, L82, F|89/249|[from] Flip Turn\n|\n|-heal|p2a: Magnezone|12/100|[from] item: Leftovers\n|upkeep\n|turn|46\n|inactive|Time left: 300 sec this turn | 300 sec total\n|\n|t:|1783548183\n|move|p1a: Scyther|U-turn|p2a: Magnezone\n|-resisted|p2a: Magnezone\n|-damage|p2a: Magnezone|0 fnt\n|faint|p2a: Magnezone\n|inactive|Time left: 300 sec this turn | 300 sec total | 5 sec grace\n|\n|t:|1783548184\n|switch|p1a: Basculin|Basculin, L86, M|250/261|[from] U-turn\n|\n|upkeep\n|\n|t:|1783548184\n|switch|p2a: Overqwil|Overqwil, L82, M, tera:Dragon|28/100\n|-ability|p2a: Overqwil|Intimidate|boost\n|-unboost|p1a: Basculin|atk|1\n|turn|47\n|inactive|Time left: 300 sec this turn | 300 sec total\n|\n|t:|1783548185\n|switch|p2a: Mimikyu|Mimikyu-Busted, L79, M|88/100\n|move|p1a: Basculin|Wave Crash|p2a: Mimikyu\n|-damage|p2a: Mimikyu|0 fnt\n|faint|p2a: Mimikyu\n|-damage|p1a: Basculin|188/261|[from] Recoil\n|\n|upkeep\n|\n|t:|1783548186\n|switch|p2a: Overqwil|Overqwil, L82, M, tera:Dragon|28/100\n|-ability|p2a: Overqwil|Intimidate|boost\n|-unboost|p1a: Basculin|atk|1\n|turn|48\n|inactive|Time left: 300 sec this turn | 300 sec total\n|\n|t:|1783548186\n|switch|p1a: Scyther|Scyther, L82, F|89/249\n|move|p2a: Overqwil|Swords Dance|p2a: Overqwil\n|-boost|p2a: Overqwil|atk|2\n|\n|upkeep\n|turn|49\n|inactive|Time left: 300 sec this turn | 300 sec total\n|\n|t:|1783548187\n|move|p1a: Scyther|Close Combat|p2a: Overqwil\n|-damage|p2a: Overqwil|0 fnt\n|-unboost|p1a: Scyther|def|1\n|-unboost|p1a: Scyther|spd|1\n|faint|p2a: Overqwil\n|\n|win|p0x776e510", "uploadtime": 1783548187, "views": 0, "rating": 0, "private": 0, "password": null, "_winner": "p0x776e510", "_our_name": "p0x776e510"}