{"id": "battle-gen9randombattle-867", "formatid": "gen9randombattle", "format": "[Gen 9] Random Battle", "players": ["p0x8679d42", "p0y8674073"], "log": "|init|battle\n|title|p0x8679d42 vs. p0y8674073\n|j|\u2606p0x8679d42\n|j|\u2606p0y8674073\n|t:|1783549192\n|gametype|singles\n|player|p1|p0x8679d42|1|\n|player|p2|p0y8674073|2|\n|gen|9\n|tier|[Gen 9] Random Battle\n|rule|Species Clause: Limit one of each Pok\u00e9mon\n|rule|HP Percentage Mod: HP is shown in percentages\n|rule|Sleep Clause Mod: Limit one foe put to sleep\n|rule|Illusion Level Mod: Illusion disguises the Pok\u00e9mon's true level\n|\n|t:|1783549192\n|teamsize|p1|6\n|teamsize|p2|6\n|start\n|switch|p1a: Corviknight|Corviknight, L80, F|100/100\n|switch|p2a: Hitmonchan|Hitmonchan, L87, M|229/229\n|turn|1\n|inactive|Battle timer is ON: inactive players will automatically lose when time's up. (requested by p0y8674073)\n|inactive|p0x8679d42 also wants the timer to be on.\n|\n|t:|1783549193\n|switch|p2a: Slaking|Slaking, L84, F|389/389\n|move|p1a: Corviknight|Brave Bird|p2a: Slaking\n|-damage|p2a: Slaking|290/389\n|-damage|p1a: Corviknight|89/100|[from] Recoil\n|\n|-heal|p1a: Corviknight|95/100|[from] item: Leftovers\n|upkeep\n|turn|2\n|inactive|Time left: 300 sec this turn | 300 sec total | 60 sec grace\n|\n|t:|1783549194\n|move|p2a: Slaking|Giga Impact|p1a: Corviknight\n|-resisted|p1a: Corviknight\n|-damage|p1a: Corviknight|39/100\n|-mustrecharge|p2a: Slaking\n|move|p1a: Corviknight|Roost|p1a: Corviknight\n|-heal|p1a: Corviknight|89/100\n|-singleturn|p1a: Corviknight|move: Roost\n|\n|-heal|p1a: Corviknight|95/100|[from] item: Leftovers\n|upkeep\n|turn|3\n|inactive|Time left: 300 sec this turn | 300 sec total\n|\n|t:|1783549195\n|cant|p2a: Slaking|recharge\n|move|p1a: Corviknight|U-turn|p2a: Slaking\n|-damage|p2a: Slaking|249/389\n|\n|t:|1783549196\n|switch|p1a: Salamence|Salamence, L77, F|100/100|[from] U-turn\n|-ability|p1a: Salamence|Intimidate|boost\n|-unboost|p2a: Slaking|atk|1\n|\n|upkeep\n|turn|4\n|inactive|Time left: 300 sec this turn | 300 sec total\n|\n|t:|1783549198\n|switch|p1a: Corviknight|Corviknight, L80, F|95/100\n|move|p2a: Slaking|Giga Impact|p1a: Corviknight\n|-resisted|p1a: Corviknight\n|-crit|p1a: Corviknight\n|-damage|p1a: Corviknight|15/100\n|-mustrecharge|p2a: Slaking\n|\n|-heal|p1a: Corviknight|22/100|[from] item: Leftovers\n|upkeep\n|turn|5\n|inactive|Time left: 300 sec this turn | 300 sec total\n|\n|t:|1783549198\n|cant|p2a: Slaking|recharge\n|move|p1a: Corviknight|Roost|p1a: Corviknight\n|-heal|p1a: Corviknight|72/100\n|-singleturn|p1a: Corviknight|move: Roost\n|\n|-heal|p1a: Corviknight|78/100|[from] item: Leftovers\n|upkeep\n|turn|6\n|inactive|Time left: 300 sec this turn | 300 sec total\n|\n|t:|1783549199\n|move|p2a: Slaking|Giga Impact|p1a: Corviknight\n|-resisted|p1a: Corviknight\n|-crit|p1a: Corviknight\n|-damage|p1a: Corviknight|0 fnt\n|-mustrecharge|p2a: Slaking\n|faint|p1a: Corviknight\n|\n|upkeep\n|\n|t:|1783549200\n|switch|p1a: Salamence|Salamence, L77, F|100/100\n|-ability|p1a: Salamence|Intimidate|boost\n|-unboost|p2a: Slaking|atk|1\n|turn|7\n|inactive|Time left: 300 sec this turn | 300 sec total\n|\n|t:|1783549202\n|cant|p2a: Slaking|recharge\n|move|p1a: Salamence|Dragon Dance|p1a: Salamence\n|-boost|p1a: Salamence|atk|1\n|-boost|p1a: Salamence|spe|1\n|\n|upkeep\n|turn|8\n|inactive|Time left: 300 sec this turn | 300 sec total\n|\n|t:|1783549203\n|move|p1a: Salamence|Dragon Dance|p1a: Salamence\n|-boost|p1a: Salamence|atk|1\n|-boost|p1a: Salamence|spe|1\n|move|p2a: Slaking|Giga Impact|p1a: Salamence\n|-damage|p1a: Salamence|21/100\n|-mustrecharge|p2a: Slaking\n|\n|upkeep\n|turn|9\n|inactive|Time left: 300 sec this turn | 300 sec total\n|\n|t:|1783549204\n|move|p1a: Salamence|Dragon Dance|p1a: Salamence\n|-boost|p1a: Salamence|atk|1\n|-boost|p1a: Salamence|spe|1\n|cant|p2a: Slaking|recharge\n|\n|upkeep\n|turn|10\n|inactive|Time left: 300 sec this turn | 300 sec total\n|\n|t:|1783549205\n|move|p1a: Salamence|Outrage|p2a: Slaking\n|-damage|p2a: Slaking|0 fnt\n|faint|p2a: Slaking\n|\n|upkeep\n|inactive|Time left: 300 sec this turn | 300 sec total | 5 sec grace\n|\n|t:|1783549206\n|switch|p2a: Hitmonchan|Hitmonchan, L87, M|229/229\n|turn|11\n|inactive|Time left: 300 sec this turn | 300 sec total\n|\n|t:|1783549207\n|-terastallize|p2a: Hitmonchan|Steel\n|move|p1a: Salamence|Outrage|p2a: Hitmonchan|[from] lockedmove\n|-resisted|p2a: Hitmonchan\n|-damage|p2a: Hitmonchan|49/229\n|move|p2a: Hitmonchan|Drain Punch|p1a: Salamence\n|-resisted|p1a: Salamence\n|-damage|p1a: Salamence|0 fnt\n|-heal|p2a: Hitmonchan|78/229|[from] drain|[of] p1a: Salamence\n|faint|p1a: Salamence\n|\n|upkeep\n|\n|t:|1783549208\n|switch|p1a: Bruxish|Bruxish, L85, F|100/100\n|turn|12\n|inactive|Time left: 300 sec this turn | 300 sec total\n|\n|t:|1783549210\n|move|p1a: Bruxish|Psychic Fangs|p2a: Hitmonchan\n|-resisted|p2a: Hitmonchan\n|-damage|p2a: Hitmonchan|0 fnt\n|faint|p2a: Hitmonchan\n|\n|upkeep\n|inactive|Time left: 300 sec this turn | 300 sec total | 5 sec grace\n|\n|t:|1783549211\n|switch|p2a: Espeon|Espeon, L84, M|246/246\n|turn|13\n|inactive|Time left: 300 sec this turn | 300 sec total\n|\n|t:|1783549212\n|move|p2a: Espeon|Shadow Ball|p1a: Bruxish\n|-supereffective|p1a: Bruxish\n|-damage|p1a: Bruxish|0 fnt\n|faint|p1a: Bruxish\n|\n|upkeep\n|\n|t:|1783549213\n|switch|p1a: Okidogi|Okidogi, L77, M|100/100\n|turn|14\n|inactive|Time left: 300 sec this turn | 300 sec total\n|\n|t:|1783549214\n|switch|p2a: Tauros|Tauros-Paldea-Combat, L82, M|257/257\n|-ability|p2a: Tauros|Intimidate|boost\n|-unboost|p1a: Okidogi|atk|1\n|move|p1a: Okidogi|Gunk Shot|p2a: Tauros\n|-damage|p2a: Tauros|184/257\n|\n|upkeep\n|turn|15\n|inactive|Time left: 300 sec this turn | 300 sec total\n|\n|t:|1783549215\n|move|p2a: Tauros|Bulk Up|p2a: Tauros\n|-boost|p2a: Tauros|atk|1\n|-boost|p2a: Tauros|def|1\n|move|p1a: Okidogi|Gunk Shot|p2a: Tauros\n|-damage|p2a: Tauros|135/257\n|-status|p2a: Tauros|psn\n|\n|-damage|p2a: Tauros|103/257 psn|[from] psn\n|upkeep\n|turn|16\n|inactive|Time left: 300 sec this turn | 300 sec total\n|\n|t:|1783549216\n|move|p2a: Tauros|Close Combat|p1a: Okidogi\n|-resisted|p1a: Okidogi\n|-damage|p1a: Okidogi|56/100\n|-unboost|p2a: Tauros|def|1\n|-unboost|p2a: Tauros|spd|1\n|-damage|p2a: Tauros|78/257 psn|[from] item: Life Orb\n|move|p1a: Okidogi|Gunk Shot|p2a: Tauros|[miss]\n|-miss|p1a: Okidogi|p2a: Tauros\n|\n|-damage|p2a: Tauros|46/257 psn|[from] psn\n|upkeep\n|turn|17\n|inactive|Time left: 300 sec this turn | 300 sec total\n|\n|t:|1783549217\n|move|p2a: Tauros|Close Combat|p1a: Okidogi\n|-resisted|p1a: Okidogi\n|-damage|p1a: Okidogi|16/100\n|-unboost|p2a: Tauros|def|1\n|-unboost|p2a: Tauros|spd|1\n|-damage|p2a: Tauros|21/257 psn|[from] item: Life Orb\n|move|p1a: Okidogi|Drain Punch|p2a: Tauros\n|-damage|p2a: Tauros|0 fnt\n|-heal|p1a: Okidogi|20/100|[from] drain|[of] p2a: Tauros\n|faint|p2a: Tauros\n|\n|upkeep\n|inactive|Time left: 300 sec this turn | 300 sec total | 5 sec grace\n|\n|t:|1783549218\n|switch|p2a: Froslass|Froslass, L87, F|263/263\n|turn|18\n|inactive|Time left: 300 sec this turn | 300 sec total\n|\n|t:|1783549219\n|switch|p1a: Walking Wake|Walking Wake, L79|100/100\n|move|p2a: Froslass|Triple Axel|p1a: Walking Wake\n|-damage|p1a: Walking Wake|93/100\n|-damage|p1a: Walking Wake|78/100\n|-damage|p1a: Walking Wake|57/100\n|-hitcount|p1a: Walking Wake|3\n|\n|upkeep\n|turn|19\n|inactive|Time left: 300 sec this turn | 300 sec total\n|\n|t:|1783549220\n|move|p2a: Froslass|Poltergeist|p1a: Walking Wake\n|-activate|p1a: Walking Wake|move: Poltergeist|Life Orb\n|-damage|p1a: Walking Wake|17/100\n|move|p1a: Walking Wake|Flamethrower|p2a: Froslass\n|-supereffective|p2a: Froslass\n|-damage|p2a: Froslass|76/263\n|-damage|p1a: Walking Wake|7/100|[from] item: Life Orb\n|\n|upkeep\n|turn|20\n|inactive|Time left: 300 sec this turn | 300 sec total\n|\n|t:|1783549221\n|-end|p1a: Walking Wake|Protosynthesis|[silent]\n|switch|p1a: Eelektross|Eelektross, L87, F|100/100\n|move|p2a: Froslass|Triple Axel|p1a: Eelektross\n|-damage|p1a: Eelektross|93/100\n|-damage|p1a: Eelektross|78/100\n|-damage|p1a: Eelektross|56/100\n|-hitcount|p1a: Eelektross|3\n|\n|upkeep\n|turn|21\n|inactive|Time left: 300 sec this turn | 300 sec total\n|\n|t:|1783549222\n|move|p2a: Froslass|Destiny Bond|p2a: Froslass\n|-singlemove|p2a: Froslass|Destiny Bond\n|move|p1a: Eelektross|Giga Drain|p2a: Froslass\n|-damage|p2a: Froslass|11/263\n|-heal|p1a: Eelektross|67/100|[from] drain|[of] p2a: Froslass\n|-start|p1a: Eelektross|Disable|Giga Drain|[from] ability: Cursed Body|[of] p2a: Froslass\n|\n|upkeep\n|turn|22\n|inactive|Time left: 300 sec this turn | 300 sec total\n|\n|t:|1783549223\n|move|p2a: Froslass|Triple Axel|p1a: Eelektross\n|-damage|p1a: Eelektross|59/100\n|-damage|p1a: Eelektross|46/100\n|-damage|p1a: Eelektross|25/100\n|-hitcount|p1a: Eelektross|3\n|move|p1a: Eelektross|U-turn|p2a: Froslass\n|-resisted|p2a: Froslass\n|-damage|p2a: Froslass|0 fnt\n|faint|p2a: Froslass\n|\n|t:|1783549224\n|switch|p1a: Walking Wake|Walking Wake, L79|7/100|[from] U-turn\n|\n|upkeep\n|inactive|Time left: 300 sec this turn | 300 sec total | 10 sec grace\n|\n|t:|1783549225\n|switch|p2a: Espeon|Espeon, L84, M|246/246\n|turn|23\n|inactive|Time left: 300 sec this turn | 300 sec total\n|\n|t:|1783549226\n|move|p2a: Espeon|Alluring Voice|p1a: Walking Wake\n|-supereffective|p1a: Walking Wake\n|-crit|p1a: Walking Wake\n|-damage|p1a: Walking Wake|0 fnt\n|faint|p1a: Walking Wake\n|-end|p1a: Walking Wake|Protosynthesis|[silent]\n|\n|upkeep\n|\n|t:|1783549227\n|switch|p1a: Eelektross|Eelektross, L87, F|25/100\n|turn|24\n|inactive|Time left: 300 sec this turn | 300 sec total\n|\n|t:|1783549228\n|-terastallize|p1a: Eelektross|Steel\n|move|p2a: Espeon|Alluring Voice|p1a: Eelektross\n|-resisted|p1a: Eelektross\n|-damage|p1a: Eelektross|12/100\n|move|p1a: Eelektross|Giga Drain|p2a: Espeon\n|-damage|p2a: Espeon|189/246\n|-heal|p1a: Eelektross|22/100|[from] drain|[of] p2a: Espeon\n|\n|upkeep\n|turn|25\n|inactive|Time left: 300 sec this turn | 300 sec total\n|\n|t:|1783549229\n|move|p2a: Espeon|Alluring Voice|p1a: Eelektross\n|-resisted|p1a: Eelektross\n|-damage|p1a: Eelektross|9/100\n|move|p1a: Eelektross|Giga Drain|p2a: Espeon\n|-damage|p2a: Espeon|129/246\n|-heal|p1a: Eelektross|19/100|[from] drain|[of] p2a: Espeon\n|\n|upkeep\n|turn|26\n|inactive|Time left: 300 sec this turn | 300 sec total\n|\n|t:|1783549231\n|move|p2a: Espeon|Alluring Voice|p1a: Eelektross\n|-resisted|p1a: Eelektross\n|-damage|p1a: Eelektross|5/100\n|move|p1a: Eelektross|Giga Drain|p2a: Espeon\n|-damage|p2a: Espeon|71/246\n|-heal|p1a: Eelektross|15/100|[from] drain|[of] p2a: Espeon\n|\n|upkeep\n|turn|27\n|inactive|Time left: 300 sec this turn | 300 sec total\n|\n|t:|1783549232\n|move|p2a: Espeon|Alluring Voice|p1a: Eelektross\n|-resisted|p1a: Eelektross\n|-damage|p1a: Eelektross|2/100\n|move|p1a: Eelektross|Discharge|p2a: Espeon\n|-damage|p2a: Espeon|0 fnt\n|faint|p2a: Espeon\n|\n|upkeep\n|inactive|Time left: 300 sec this turn | 300 sec total | 5 sec grace\n|\n|t:|1783549233\n|switch|p2a: Komala|Komala, L87, F|255/255\n|-ability|p2a: Komala|Comatose\n|turn|28\n|inactive|Time left: 300 sec this turn | 300 sec total\n|\n|t:|1783549234\n|move|p2a: Komala|Body Slam|p1a: Eelektross\n|-resisted|p1a: Eelektross\n|-damage|p1a: Eelektross|0 fnt\n|faint|p1a: Eelektross\n|\n|upkeep\n|\n|t:|1783549234\n|switch|p1a: Okidogi|Okidogi, L77, M|20/100\n|turn|29\n|inactive|Time left: 300 sec this turn | 300 sec total\n|\n|t:|1783549235\n|move|p2a: Komala|Body Slam|p1a: Okidogi\n|-damage|p1a: Okidogi|0 fnt\n|faint|p1a: Okidogi\n|\n|win|p0y8674073", "uploadtime": 1783549235, "views": 0, "rating": 0, "private": 0, "password": null, "_winner": "p0y8674073", "_our_name": "p0y8674073"}