{"id": "battle-gen9randombattle-2079", "formatid": "gen9randombattle", "format": "[Gen 9] Random Battle", "players": ["p0x2079b2fa", "p0y2079bd7c"], "log": "|init|battle\n|title|p0x2079b2fa vs. p0y2079bd7c\n|j|\u2606p0x2079b2fa\n|j|\u2606p0y2079bd7c\n|t:|1783564099\n|gametype|singles\n|player|p1|p0x2079b2fa|265|\n|player|p2|p0y2079bd7c|102|\n|gen|9\n|tier|[Gen 9] Random Battle\n|rule|Species Clause: Limit one of each Pok\u00e9mon\n|rule|HP Percentage Mod: HP is shown in percentages\n|rule|Sleep Clause Mod: Limit one foe put to sleep\n|rule|Illusion Level Mod: Illusion disguises the Pok\u00e9mon's true level\n|\n|t:|1783564099\n|teamsize|p1|6\n|teamsize|p2|6\n|start\n|switch|p1a: Grimmsnarl|Grimmsnarl, L83, M|100/100\n|switch|p2a: Medicham|Medicham, L86, F|243/243\n|turn|1\n|inactive|Battle timer is ON: inactive players will automatically lose when time's up. (requested by p0x2079b2fa)\n|inactive|Time left: 300 sec this turn | 300 sec total | 60 sec grace\n|inactive|p0y2079bd7c also wants the timer to be on.\n|\n|t:|1783564100\n|move|p1a: Grimmsnarl|Reflect|p1a: Grimmsnarl\n|-sidestart|p1: p0x2079b2fa|Reflect\n|move|p2a: Medicham|Poison Jab|p1a: Grimmsnarl\n|-supereffective|p1a: Grimmsnarl\n|-damage|p1a: Grimmsnarl|64/100\n|\n|upkeep\n|turn|2\n|inactive|Time left: 300 sec this turn | 300 sec total\n|\n|t:|1783564101\n|move|p2a: Medicham|Poison Jab|p1a: Grimmsnarl\n|-supereffective|p1a: Grimmsnarl\n|-damage|p1a: Grimmsnarl|27/100\n|move|p1a: Grimmsnarl|Spirit Break|p2a: Medicham\n|-supereffective|p2a: Medicham\n|-damage|p2a: Medicham|31/243\n|-unboost|p2a: Medicham|spa|1\n|\n|upkeep\n|turn|3\n|inactive|Time left: 300 sec this turn | 300 sec total\n|\n|t:|1783564102\n|move|p1a: Grimmsnarl|Light Screen|p1a: Grimmsnarl\n|-sidestart|p1: p0x2079b2fa|move: Light Screen\n|move|p2a: Medicham|Poison Jab|p1a: Grimmsnarl\n|-supereffective|p1a: Grimmsnarl\n|-damage|p1a: Grimmsnarl|0 fnt\n|faint|p1a: Grimmsnarl\n|\n|upkeep\n|\n|t:|1783564103\n|switch|p1a: Vivillon|Vivillon-Modern, L83, F|100/100\n|turn|4\n|inactive|Time left: 300 sec this turn | 300 sec total\n|\n|t:|1783564104\n|move|p2a: Medicham|Poison Jab|p1a: Vivillon\n|-damage|p1a: Vivillon|78/100\n|-status|p1a: Vivillon|psn\n|move|p1a: Vivillon|Quiver Dance|p1a: Vivillon\n|-boost|p1a: Vivillon|spa|1\n|-boost|p1a: Vivillon|spd|1\n|-boost|p1a: Vivillon|spe|1\n|\n|-damage|p1a: Vivillon|65/100 psn|[from] psn\n|upkeep\n|turn|5\n|inactive|Time left: 300 sec this turn | 300 sec total\n|\n|t:|1783564105\n|switch|p2a: Blissey|Blissey, L85, F|572/572\n|move|p1a: Vivillon|Quiver Dance|p1a: Vivillon\n|-boost|p1a: Vivillon|spa|1\n|-boost|p1a: Vivillon|spd|1\n|-boost|p1a: Vivillon|spe|1\n|\n|-damage|p1a: Vivillon|53/100 psn|[from] psn\n|upkeep\n|turn|6\n|inactive|Time left: 300 sec this turn | 300 sec total\n|\n|t:|1783564106\n|move|p1a: Vivillon|Hurricane|p2a: Blissey\n|-damage|p2a: Blissey|428/572\n|move|p2a: Blissey|Seismic Toss|p1a: Vivillon\n|-damage|p1a: Vivillon|21/100 psn\n|\n|-heal|p2a: Blissey|463/572|[from] item: Leftovers\n|-damage|p1a: Vivillon|9/100 psn|[from] psn\n|upkeep\n|turn|7\n|inactive|Time left: 300 sec this turn | 300 sec total\n|\n|t:|1783564107\n|switch|p1a: Ting-Lu|Ting-Lu, L78|100/100\n|-ability|p1a: Ting-Lu|Vessel of Ruin\n|move|p2a: Blissey|Seismic Toss|p1a: Ting-Lu\n|-damage|p1a: Ting-Lu|78/100\n|\n|-heal|p2a: Blissey|498/572|[from] item: Leftovers\n|upkeep\n|turn|8\n|inactive|Time left: 300 sec this turn | 300 sec total\n|\n|t:|1783564108\n|switch|p2a: Flamigo|Flamigo, L82, M|269/269\n|move|p1a: Ting-Lu|Earthquake|p2a: Flamigo\n|-immune|p2a: Flamigo\n|\n|-sideend|p1: p0x2079b2fa|Reflect\n|upkeep\n|turn|9\n|inactive|Time left: 300 sec this turn | 300 sec total\n|\n|t:|1783564110\n|move|p2a: Flamigo|Close Combat|p1a: Ting-Lu\n|-supereffective|p1a: Ting-Lu\n|-damage|p1a: Ting-Lu|1/100\n|-unboost|p2a: Flamigo|def|1\n|-unboost|p2a: Flamigo|spd|1\n|-damage|p2a: Flamigo|243/269|[from] item: Life Orb\n|move|p1a: Ting-Lu|Heavy Slam|p2a: Flamigo\n|-damage|p2a: Flamigo|102/269\n|\n|upkeep\n|turn|10\n|inactive|Time left: 300 sec this turn | 300 sec total\n|\n|t:|1783564111\n|move|p2a: Flamigo|Brave Bird|p1a: Ting-Lu\n|-damage|p1a: Ting-Lu|0 fnt\n|faint|p1a: Ting-Lu\n|-damage|p2a: Flamigo|101/269|[from] Recoil\n|-damage|p2a: Flamigo|75/269|[from] item: Life Orb\n|\n|-sideend|p1: p0x2079b2fa|move: Light Screen\n|upkeep\n|\n|t:|1783564112\n|switch|p1a: Salazzle|Salazzle, L83, F|100/100\n|turn|11\n|inactive|Time left: 300 sec this turn | 300 sec total\n|\n|t:|1783564112\n|switch|p2a: Palossand|Palossand, L89, F|296/296\n|move|p1a: Salazzle|Nasty Plot|p1a: Salazzle\n|-boost|p1a: Salazzle|spa|2\n|\n|upkeep\n|turn|12\n|inactive|Time left: 300 sec this turn | 300 sec total\n|\n|t:|1783564113\n|-terastallize|p1a: Salazzle|Grass\n|move|p1a: Salazzle|Tera Blast|p2a: Palossand|[anim] Tera Blast Grass\n|-supereffective|p2a: Palossand\n|-damage|p2a: Palossand|0 fnt\n|faint|p2a: Palossand\n|\n|upkeep\n|inactive|Time left: 300 sec this turn | 300 sec total | 5 sec grace\n|\n|t:|1783564114\n|switch|p2a: Medicham|Medicham, L86, F|31/243\n|turn|13\n|inactive|Time left: 300 sec this turn | 300 sec total\n|\n|t:|1783564115\n|switch|p1a: Vivillon|Vivillon-Modern, L83, F|9/100 psn\n|move|p2a: Medicham|Close Combat|p1a: Vivillon\n|-resisted|p1a: Vivillon\n|-damage|p1a: Vivillon|0 fnt\n|-unboost|p2a: Medicham|def|1\n|-unboost|p2a: Medicham|spd|1\n|faint|p1a: Vivillon\n|\n|upkeep\n|\n|t:|1783564116\n|switch|p1a: Appletun|Appletun, L92, M|100/100\n|turn|14\n|inactive|Time left: 300 sec this turn | 300 sec total\n|\n|t:|1783564117\n|move|p2a: Medicham|Close Combat|p1a: Appletun\n|-damage|p1a: Appletun|45/100\n|-unboost|p2a: Medicham|def|1\n|-unboost|p2a: Medicham|spd|1\n|move|p1a: Appletun|Dragon Pulse|p2a: Medicham\n|-damage|p2a: Medicham|0 fnt\n|faint|p2a: Medicham\n|\n|-heal|p1a: Appletun|51/100|[from] item: Leftovers\n|upkeep\n|inactive|Time left: 300 sec this turn | 300 sec total | 5 sec grace\n|\n|t:|1783564118\n|switch|p2a: Fezandipiti|Fezandipiti, L82, M|278/278\n|turn|15\n|inactive|Time left: 300 sec this turn | 300 sec total\n|\n|t:|1783564119\n|move|p2a: Fezandipiti|Gunk Shot|p1a: Appletun|[miss]\n|-miss|p2a: Fezandipiti|p1a: Appletun\n|move|p1a: Appletun|Recover|p1a: Appletun\n|-heal|p1a: Appletun|100/100\n|\n|upkeep\n|turn|16\n|inactive|Time left: 300 sec this turn | 300 sec total\n|\n|t:|1783564120\n|move|p2a: Fezandipiti|Gunk Shot|p1a: Appletun\n|-supereffective|p1a: Appletun\n|-damage|p1a: Appletun|36/100\n|-status|p1a: Appletun|psn\n|move|p1a: Appletun|Leech Seed|p2a: Fezandipiti\n|-start|p2a: Fezandipiti|move: Leech Seed\n|\n|-heal|p1a: Appletun|42/100 psn|[from] item: Leftovers\n|-damage|p2a: Fezandipiti|244/278|[from] Leech Seed|[of] p1a: Appletun\n|-heal|p1a: Appletun|52/100 psn|[silent]\n|-damage|p1a: Appletun|39/100 psn|[from] psn\n|upkeep\n|turn|17\n|inactive|Time left: 300 sec this turn | 300 sec total\n|\n|t:|1783564121\n|move|p2a: Fezandipiti|Moonblast|p1a: Appletun\n|-supereffective|p1a: Appletun\n|-damage|p1a: Appletun|0 fnt\n|faint|p1a: Appletun\n|\n|-heal|p2a: Fezandipiti|261/278|[from] item: Leftovers\n|upkeep\n|\n|t:|1783564122\n|switch|p1a: Illumise|Illumise, L91, F|100/100\n|turn|18\n|inactive|Time left: 300 sec this turn | 300 sec total\n|\n|t:|1783564123\n|move|p1a: Illumise|Thunder Wave|p2a: Fezandipiti\n|-status|p2a: Fezandipiti|par\n|move|p2a: Fezandipiti|Gunk Shot|p1a: Illumise|[miss]\n|-miss|p2a: Fezandipiti|p1a: Illumise\n|\n|-heal|p2a: Fezandipiti|278/278 par|[from] item: Leftovers\n|-damage|p2a: Fezandipiti|244/278 par|[from] Leech Seed|[of] p1a: Illumise\n|upkeep\n|turn|19\n|inactive|Time left: 300 sec this turn | 300 sec total\n|\n|t:|1783564124\n|move|p1a: Illumise|Bug Buzz|p2a: Fezandipiti\n|-resisted|p2a: Fezandipiti\n|-damage|p2a: Fezandipiti|226/278 par\n|move|p2a: Fezandipiti|Gunk Shot|p1a: Illumise\n|-crit|p1a: Illumise\n|-damage|p1a: Illumise|31/100\n|\n|-heal|p2a: Fezandipiti|243/278 par|[from] item: Leftovers\n|-damage|p2a: Fezandipiti|209/278 par|[from] Leech Seed|[of] p1a: Illumise\n|-heal|p1a: Illumise|44/100|[silent]\n|upkeep\n|turn|20\n|inactive|Time left: 300 sec this turn | 300 sec total\n|\n|t:|1783564126\n|switch|p2a: Blissey|Blissey, L85, F|498/572\n|move|p1a: Illumise|Roost|p1a: Illumise\n|-heal|p1a: Illumise|94/100\n|-singleturn|p1a: Illumise|move: Roost\n|\n|-heal|p2a: Blissey|533/572|[from] item: Leftovers\n|upkeep\n|turn|21\n|inactive|Time left: 300 sec this turn | 300 sec total\n|\n|t:|1783564127\n|switch|p1a: Salazzle|Salazzle, L83, F, tera:Grass|100/100\n|move|p2a: Blissey|Seismic Toss|p1a: Salazzle\n|-damage|p1a: Salazzle|66/100\n|\n|-heal|p2a: Blissey|568/572|[from] item: Leftovers\n|upkeep\n|turn|22\n|inactive|Time left: 300 sec this turn | 300 sec total\n|\n|t:|1783564128\n|move|p1a: Salazzle|Nasty Plot|p1a: Salazzle\n|-boost|p1a: Salazzle|spa|2\n|move|p2a: Blissey|Seismic Toss|p1a: Salazzle\n|-damage|p1a: Salazzle|32/100\n|\n|-heal|p2a: Blissey|572/572|[from] item: Leftovers\n|upkeep\n|turn|23\n|inactive|Time left: 300 sec this turn | 300 sec total\n|\n|t:|1783564129\n|switch|p1a: Illumise|Illumise, L91, F|94/100\n|move|p2a: Blissey|Seismic Toss|p1a: Illumise\n|-damage|p1a: Illumise|62/100\n|\n|upkeep\n|turn|24\n|inactive|Time left: 300 sec this turn | 300 sec total\n|\n|t:|1783564130\n|move|p1a: Illumise|Roost|p1a: Illumise\n|-heal|p1a: Illumise|100/100\n|-singleturn|p1a: Illumise|move: Roost\n|move|p2a: Blissey|Seismic Toss|p1a: Illumise\n|-damage|p1a: Illumise|69/100\n|\n|upkeep\n|turn|25\n|inactive|Time left: 300 sec this turn | 300 sec total\n|\n|t:|1783564131\n|move|p1a: Illumise|Roost|p1a: Illumise\n|-heal|p1a: Illumise|100/100\n|-singleturn|p1a: Illumise|move: Roost\n|move|p2a: Blissey|Heal Bell|p2a: Blissey\n|-activate|p2a: Blissey|move: Heal Bell\n|-curestatus|p2: Fezandipiti|par|[msg]\n|\n|upkeep\n|turn|26\n|inactive|Time left: 300 sec this turn | 300 sec total\n|\n|t:|1783564132\n|switch|p2a: Fezandipiti|Fezandipiti, L82, M|209/278\n|move|p1a: Illumise|Thunder Wave|p2a: Fezandipiti\n|-status|p2a: Fezandipiti|par\n|\n|-heal|p2a: Fezandipiti|226/278 par|[from] item: Leftovers\n|upkeep\n|turn|27\n|inactive|Time left: 300 sec this turn | 300 sec total\n|\n|t:|1783564133\n|move|p1a: Illumise|Bug Buzz|p2a: Fezandipiti\n|-resisted|p2a: Fezandipiti\n|-damage|p2a: Fezandipiti|209/278 par\n|cant|p2a: Fezandipiti|par\n|\n|-heal|p2a: Fezandipiti|226/278 par|[from] item: Leftovers\n|upkeep\n|turn|28\n|inactive|Time left: 300 sec this turn | 300 sec total\n|\n|t:|1783564134\n|move|p1a: Illumise|Bug Buzz|p2a: Fezandipiti\n|-resisted|p2a: Fezandipiti\n|-damage|p2a: Fezandipiti|208/278 par\n|move|p2a: Fezandipiti|Moonblast|p1a: Illumise\n|-damage|p1a: Illumise|73/100\n|\n|-heal|p2a: Fezandipiti|225/278 par|[from] item: Leftovers\n|upkeep\n|turn|29\n|inactive|Time left: 300 sec this turn | 300 sec total\n|\n|t:|1783564135\n|move|p1a: Illumise|Roost|p1a: Illumise\n|-heal|p1a: Illumise|100/100\n|-singleturn|p1a: Illumise|move: Roost\n|cant|p2a: Fezandipiti|par\n|\n|-heal|p2a: Fezandipiti|242/278 par|[from] item: Leftovers\n|upkeep\n|turn|30\n|inactive|Time left: 300 sec this turn | 300 sec total\n|\n|t:|1783564136\n|move|p1a: Illumise|Bug Buzz|p2a: Fezandipiti\n|-resisted|p2a: Fezandipiti\n|-crit|p2a: Fezandipiti\n|-damage|p2a: Fezandipiti|214/278 par\n|cant|p2a: Fezandipiti|par\n|\n|-heal|p2a: Fezandipiti|231/278 par|[from] item: Leftovers\n|upkeep\n|turn|31\n|inactive|Time left: 300 sec this turn | 300 sec total\n|\n|t:|1783564137\n|move|p1a: Illumise|Bug Buzz|p2a: Fezandipiti\n|-resisted|p2a: Fezandipiti\n|-damage|p2a: Fezandipiti|214/278 par\n|move|p2a: Fezandipiti|Moonblast|p1a: Illumise\n|-damage|p1a: Illumise|73/100\n|\n|-heal|p2a: Fezandipiti|231/278 par|[from] item: Leftovers\n|upkeep\n|turn|32\n|inactive|Time left: 300 sec this turn | 300 sec total\n|\n|t:|1783564138\n|move|p1a: Illumise|Roost|p1a: Illumise\n|-heal|p1a: Illumise|100/100\n|-singleturn|p1a: Illumise|move: Roost\n|cant|p2a: Fezandipiti|par\n|\n|-heal|p2a: Fezandipiti|248/278 par|[from] item: Leftovers\n|upkeep\n|turn|33\n|inactive|Time left: 300 sec this turn | 300 sec total\n|\n|t:|1783564139\n|move|p1a: Illumise|Bug Buzz|p2a: Fezandipiti\n|-resisted|p2a: Fezandipiti\n|-damage|p2a: Fezandipiti|230/278 par\n|move|p2a: Fezandipiti|Gunk Shot|p1a: Illumise\n|-damage|p1a: Illumise|54/100\n|\n|-heal|p2a: Fezandipiti|247/278 par|[from] item: Leftovers\n|upkeep\n|turn|34\n|inactive|Time left: 300 sec this turn | 300 sec total\n|\n|t:|1783564140\n|move|p1a: Illumise|Roost|p1a: Illumise\n|-heal|p1a: Illumise|100/100\n|-singleturn|p1a: Illumise|move: Roost\n|move|p2a: Fezandipiti|Gunk Shot|p1a: Illumise\n|-damage|p1a: Illumise|55/100\n|\n|-heal|p2a: Fezandipiti|264/278 par|[from] item: Leftovers\n|upkeep\n|turn|35\n|inactive|Time left: 300 sec this turn | 300 sec total\n|\n|t:|1783564141\n|move|p1a: Illumise|Roost|p1a: Illumise\n|-heal|p1a: Illumise|100/100\n|-singleturn|p1a: Illumise|move: Roost\n|move|p2a: Fezandipiti|Gunk Shot|p1a: Illumise\n|-damage|p1a: Illumise|53/100\n|-status|p1a: Illumise|psn\n|\n|-heal|p2a: Fezandipiti|278/278 par|[from] item: Leftovers\n|-damage|p1a: Illumise|40/100 psn|[from] psn\n|upkeep\n|turn|36\n|inactive|Time left: 300 sec this turn | 300 sec total\n|\n|t:|1783564142\n|-terastallize|p2a: Fezandipiti|Dark\n|move|p1a: Illumise|Roost|p1a: Illumise\n|-heal|p1a: Illumise|90/100 psn\n|-singleturn|p1a: Illumise|move: Roost\n|cant|p2a: Fezandipiti|par\n|\n|-damage|p1a: Illumise|78/100 psn|[from] psn\n|upkeep\n|turn|37\n|inactive|Time left: 300 sec this turn | 300 sec total\n|\n|t:|1783564143\n|switch|p2a: Blissey|Blissey, L85, F|572/572\n|move|p1a: Illumise|Bug Buzz|p2a: Blissey\n|-damage|p2a: Blissey|514/572\n|\n|-heal|p2a: Blissey|549/572|[from] item: Leftovers\n|-damage|p1a: Illumise|66/100 psn|[from] psn\n|upkeep\n|turn|38\n|inactive|Time left: 300 sec this turn | 300 sec total\n|\n|t:|1783564144\n|move|p1a: Illumise|Thunder Wave|p2a: Blissey\n|-status|p2a: Blissey|par\n|move|p2a: Blissey|Seismic Toss|p1a: Illumise\n|-damage|p1a: Illumise|34/100 psn\n|\n|-heal|p2a: Blissey|572/572 par|[from] item: Leftovers\n|-damage|p1a: Illumise|21/100 psn|[from] psn\n|upkeep\n|turn|39\n|inactive|Time left: 300 sec this turn | 300 sec total\n|\n|t:|1783564144\n|move|p1a: Illumise|Bug Buzz|p2a: Blissey\n|-damage|p2a: Blissey|512/572 par\n|move|p2a: Blissey|Seismic Toss|p1a: Illumise\n|-damage|p1a: Illumise|0 fnt\n|faint|p1a: Illumise\n|\n|-heal|p2a: Blissey|547/572 par|[from] item: Leftovers\n|upkeep\n|\n|t:|1783564145\n|switch|p1a: Salazzle|Salazzle, L83, F, tera:Grass|32/100\n|turn|40\n|inactive|Time left: 300 sec this turn | 300 sec total\n|\n|t:|1783564146\n|move|p1a: Salazzle|Tera Blast|p2a: Blissey|[anim] Tera Blast Grass\n|-damage|p2a: Blissey|484/572 par\n|move|p2a: Blissey|Seismic Toss|p1a: Salazzle\n|-damage|p1a: Salazzle|0 fnt\n|faint|p1a: Salazzle\n|\n|win|p0y2079bd7c", "uploadtime": 1783564146, "views": 0, "rating": 0, "private": 0, "password": null, "_winner": "p0y2079bd7c", "_our_name": "p0y2079bd7c"}