{"id": "battle-gen9randombattle-1656", "formatid": "gen9randombattle", "format": "[Gen 9] Random Battle", "players": ["p0x1656d3e1", "p0y1656240e"], "log": "|init|battle\n|title|p0x1656d3e1 vs. p0y1656240e\n|j|\u2606p0x1656d3e1\n|j|\u2606p0y1656240e\n|t:|1783558423\n|gametype|singles\n|player|p1|p0x1656d3e1|102|\n|player|p2|p0y1656240e|101|\n|gen|9\n|tier|[Gen 9] Random Battle\n|rule|Species Clause: Limit one of each Pok\u00e9mon\n|rule|HP Percentage Mod: HP is shown in percentages\n|rule|Sleep Clause Mod: Limit one foe put to sleep\n|rule|Illusion Level Mod: Illusion disguises the Pok\u00e9mon's true level\n|\n|t:|1783558423\n|teamsize|p1|6\n|teamsize|p2|6\n|start\n|switch|p1a: Eelektross|Eelektross, L87, M|290/290\n|switch|p2a: Tropius|Tropius, L91, M|100/100\n|turn|1\n|inactive|Battle timer is ON: inactive players will automatically lose when time's up. (requested by p0x1656d3e1)\n|inactive|p0y1656240e also wants the timer to be on.\n|\n|t:|1783558425\n|move|p2a: Tropius|Dragon Dance|p2a: Tropius\n|-boost|p2a: Tropius|atk|1\n|-boost|p2a: Tropius|spe|1\n|move|p1a: Eelektross|Coil|p1a: Eelektross\n|-boost|p1a: Eelektross|atk|1\n|-boost|p1a: Eelektross|def|1\n|-boost|p1a: Eelektross|accuracy|1\n|\n|upkeep\n|turn|2\n|inactive|Time left: 300 sec this turn | 300 sec total\n|\n|t:|1783558426\n|move|p2a: Tropius|Dragon Dance|p2a: Tropius\n|-boost|p2a: Tropius|atk|1\n|-boost|p2a: Tropius|spe|1\n|move|p1a: Eelektross|Fire Punch|p2a: Tropius\n|-supereffective|p2a: Tropius\n|-damage|p2a: Tropius|46/100\n|-enditem|p2a: Tropius|Sitrus Berry|[eat]\n|-heal|p2a: Tropius|71/100|[from] item: Sitrus Berry\n|\n|-item|p2a: Tropius|Sitrus Berry|[from] ability: Harvest\n|upkeep\n|turn|3\n|inactive|Time left: 300 sec this turn | 300 sec total\n|\n|t:|1783558427\n|move|p2a: Tropius|Leaf Blade|p1a: Eelektross\n|-damage|p1a: Eelektross|181/290\n|move|p1a: Eelektross|Coil|p1a: Eelektross\n|-boost|p1a: Eelektross|atk|1\n|-boost|p1a: Eelektross|def|1\n|-boost|p1a: Eelektross|accuracy|1\n|\n|-heal|p1a: Eelektross|199/290|[from] item: Leftovers\n|upkeep\n|turn|4\n|inactive|Time left: 300 sec this turn | 300 sec total\n|\n|t:|1783558428\n|-terastallize|p2a: Tropius|Ground\n|move|p2a: Tropius|Leaf Blade|p1a: Eelektross\n|-damage|p1a: Eelektross|117/290\n|move|p1a: Eelektross|Fire Punch|p2a: Tropius\n|-damage|p2a: Tropius|35/100\n|-enditem|p2a: Tropius|Sitrus Berry|[eat]\n|-heal|p2a: Tropius|60/100|[from] item: Sitrus Berry\n|\n|-heal|p1a: Eelektross|135/290|[from] item: Leftovers\n|upkeep\n|turn|5\n|inactive|Time left: 300 sec this turn | 300 sec total\n|\n|t:|1783558429\n|move|p2a: Tropius|Leaf Blade|p1a: Eelektross\n|-damage|p1a: Eelektross|47/290\n|move|p1a: Eelektross|Drain Punch|p2a: Tropius\n|-damage|p2a: Tropius|21/100\n|-heal|p1a: Eelektross|112/290|[from] drain|[of] p2a: Tropius\n|\n|-heal|p1a: Eelektross|130/290|[from] item: Leftovers\n|-item|p2a: Tropius|Sitrus Berry|[from] ability: Harvest\n|upkeep\n|-enditem|p2a: Tropius|Sitrus Berry|[eat]\n|-heal|p2a: Tropius|46/100|[from] item: Sitrus Berry\n|turn|6\n|inactive|Time left: 300 sec this turn | 300 sec total\n|\n|t:|1783558430\n|move|p2a: Tropius|Leaf Blade|p1a: Eelektross\n|-damage|p1a: Eelektross|45/290\n|move|p1a: Eelektross|Drain Punch|p2a: Tropius\n|-damage|p2a: Tropius|6/100\n|-heal|p1a: Eelektross|111/290|[from] drain|[of] p2a: Tropius\n|\n|-heal|p1a: Eelektross|129/290|[from] item: Leftovers\n|upkeep\n|turn|7\n|inactive|Time left: 300 sec this turn | 300 sec total\n|\n|t:|1783558431\n|move|p2a: Tropius|Leaf Blade|p1a: Eelektross\n|-damage|p1a: Eelektross|35/290\n|move|p1a: Eelektross|Drain Punch|p2a: Tropius\n|-damage|p2a: Tropius|0 fnt\n|-heal|p1a: Eelektross|44/290|[from] drain|[of] p2a: Tropius\n|faint|p2a: Tropius\n|\n|-heal|p1a: Eelektross|62/290|[from] item: Leftovers\n|upkeep\n|\n|t:|1783558432\n|switch|p2a: Gardevoir|Gardevoir, L83, F|100/100\n|-ability|p2a: Gardevoir|Levitate|Trace|[from] ability: Trace|[of] p1a: Eelektross\n|turn|8\n|inactive|Time left: 300 sec this turn | 300 sec total\n|\n|t:|1783558433\n|move|p2a: Gardevoir|Moonblast|p1a: Eelektross\n|-damage|p1a: Eelektross|0 fnt\n|faint|p1a: Eelektross\n|\n|upkeep\n|inactive|Time left: 300 sec this turn | 300 sec total | 5 sec grace\n|\n|t:|1783558434\n|switch|p1a: Kricketune|Kricketune, L99, M|312/312\n|turn|9\n|inactive|Time left: 300 sec this turn | 300 sec total\n|\n|t:|1783558435\n|move|p1a: Kricketune|Sticky Web|p2a: Gardevoir\n|-sidestart|p2: p0y1656240e|move: Sticky Web\n|move|p2a: Gardevoir|Moonblast|p1a: Kricketune\n|-damage|p1a: Kricketune|93/312\n|\n|upkeep\n|turn|10\n|inactive|Time left: 300 sec this turn | 300 sec total\n|\n|t:|1783558436\n|switch|p1a: Samurott|Samurott, L88, F|310/310\n|move|p2a: Gardevoir|Moonblast|p1a: Samurott\n|-damage|p1a: Samurott|172/310\n|\n|upkeep\n|turn|11\n|inactive|Time left: 300 sec this turn | 300 sec total\n|\n|t:|1783558437\n|move|p2a: Gardevoir|Moonblast|p1a: Samurott\n|-damage|p1a: Samurott|30/310\n|move|p1a: Samurott|Hydro Pump|p2a: Gardevoir\n|-damage|p2a: Gardevoir|36/100\n|\n|upkeep\n|turn|12\n|inactive|Time left: 300 sec this turn | 300 sec total\n|\n|t:|1783558438\n|move|p1a: Samurott|Aqua Jet|p2a: Gardevoir\n|-damage|p2a: Gardevoir|1/100\n|move|p2a: Gardevoir|Moonblast|p1a: Samurott\n|-damage|p1a: Samurott|0 fnt\n|faint|p1a: Samurott\n|\n|upkeep\n|inactive|Time left: 300 sec this turn | 300 sec total | 5 sec grace\n|\n|t:|1783558440\n|switch|p1a: Dipplin|Dipplin, L88, M|284/284\n|turn|13\n|inactive|Time left: 300 sec this turn | 300 sec total\n|\n|t:|1783558441\n|move|p1a: Dipplin|Sucker Punch|p2a: Gardevoir\n|-damage|p2a: Gardevoir|0 fnt\n|faint|p2a: Gardevoir\n|\n|upkeep\n|\n|t:|1783558442\n|switch|p2a: Hitmontop|Hitmontop, L88, M|100/100\n|-activate|p2a: Hitmontop|move: Sticky Web\n|-unboost|p2a: Hitmontop|spe|1\n|turn|14\n|inactive|Time left: 300 sec this turn | 300 sec total\n|\n|t:|1783558443\n|move|p1a: Dipplin|Giga Drain|p2a: Hitmontop\n|-damage|p2a: Hitmontop|71/100\n|move|p2a: Hitmontop|Rapid Spin|p1a: Dipplin\n|-damage|p1a: Dipplin|255/284\n|-boost|p2a: Hitmontop|spe|1\n|-sideend|p2: p0y1656240e|Sticky Web|[from] move: Rapid Spin|[of] p2a: Hitmontop\n|\n|-heal|p2a: Hitmontop|77/100|[from] item: Leftovers\n|upkeep\n|turn|15\n|inactive|Time left: 300 sec this turn | 300 sec total\n|\n|t:|1783558444\n|-terastallize|p1a: Dipplin|Steel\n|move|p2a: Hitmontop|Triple Axel|p1a: Dipplin\n|-resisted|p1a: Dipplin\n|-damage|p1a: Dipplin|248/284\n|-resisted|p1a: Dipplin\n|-damage|p1a: Dipplin|236/284\n|-resisted|p1a: Dipplin\n|-damage|p1a: Dipplin|216/284\n|-hitcount|p1a: Dipplin|3\n|move|p1a: Dipplin|Giga Drain|p2a: Hitmontop\n|-damage|p2a: Hitmontop|46/100\n|-heal|p1a: Dipplin|252/284|[from] drain|[of] p2a: Hitmontop\n|\n|-heal|p2a: Hitmontop|52/100|[from] item: Leftovers\n|upkeep\n|turn|16\n|inactive|Time left: 300 sec this turn | 300 sec total\n|\n|t:|1783558445\n|move|p2a: Hitmontop|Bulk Up|p2a: Hitmontop\n|-boost|p2a: Hitmontop|atk|1\n|-boost|p2a: Hitmontop|def|1\n|move|p1a: Dipplin|Giga Drain|p2a: Hitmontop\n|-damage|p2a: Hitmontop|19/100\n|-heal|p1a: Dipplin|284/284|[from] drain|[of] p2a: Hitmontop\n|\n|-heal|p2a: Hitmontop|25/100|[from] item: Leftovers\n|upkeep\n|turn|17\n|inactive|Time left: 300 sec this turn | 300 sec total\n|\n|t:|1783558447\n|move|p2a: Hitmontop|Close Combat|p1a: Dipplin\n|-supereffective|p1a: Dipplin\n|-damage|p1a: Dipplin|78/284\n|-unboost|p2a: Hitmontop|def|1\n|-unboost|p2a: Hitmontop|spd|1\n|move|p1a: Dipplin|Giga Drain|p2a: Hitmontop\n|-damage|p2a: Hitmontop|0 fnt\n|-heal|p1a: Dipplin|106/284|[from] drain|[of] p2a: Hitmontop\n|faint|p2a: Hitmontop\n|\n|upkeep\n|\n|t:|1783558448\n|switch|p2a: Ursaring|Ursaring, L84, F|100/100\n|turn|18\n|inactive|Time left: 300 sec this turn | 300 sec total\n|\n|t:|1783558449\n|move|p2a: Ursaring|Close Combat|p1a: Dipplin\n|-supereffective|p1a: Dipplin\n|-damage|p1a: Dipplin|0 fnt\n|-unboost|p2a: Ursaring|def|1\n|-unboost|p2a: Ursaring|spd|1\n|faint|p1a: Dipplin\n|\n|-status|p2a: Ursaring|tox|[from] item: Toxic Orb\n|upkeep\n|inactive|Time left: 300 sec this turn | 300 sec total | 5 sec grace\n|\n|t:|1783558450\n|switch|p1a: Tauros|Tauros, L82, M|257/257\n|turn|19\n|inactive|Time left: 300 sec this turn | 300 sec total\n|\n|t:|1783558451\n|switch|p2a: Iron Hands|Iron Hands, L79|100/100\n|move|p1a: Tauros|Close Combat|p2a: Iron Hands\n|-damage|p2a: Iron Hands|75/100\n|-unboost|p1a: Tauros|def|1\n|-unboost|p1a: Tauros|spd|1\n|-damage|p1a: Tauros|232/257|[from] item: Life Orb\n|\n|upkeep\n|turn|20\n|inactive|Time left: 300 sec this turn | 300 sec total\n|\n|t:|1783558452\n|switch|p1a: Incineroar|Incineroar, L82, F|290/290\n|-ability|p1a: Incineroar|Intimidate|boost\n|-unboost|p2a: Iron Hands|atk|1\n|move|p2a: Iron Hands|Drain Punch|p1a: Incineroar\n|-supereffective|p1a: Incineroar\n|-damage|p1a: Incineroar|168/290\n|-heal|p2a: Iron Hands|92/100|[from] drain|[of] p1a: Incineroar\n|\n|upkeep\n|turn|21\n|inactive|Time left: 300 sec this turn | 300 sec total\n|\n|t:|1783558453\n|move|p1a: Incineroar|Will-O-Wisp|p2a: Iron Hands|[miss]\n|-miss|p1a: Incineroar|p2a: Iron Hands\n|move|p2a: Iron Hands|Drain Punch|p1a: Incineroar\n|-supereffective|p1a: Incineroar\n|-damage|p1a: Incineroar|34/290\n|-heal|p2a: Iron Hands|100/100|[from] drain|[of] p1a: Incineroar\n|\n|upkeep\n|turn|22\n|inactive|Time left: 300 sec this turn | 300 sec total\n|\n|t:|1783558454\n|move|p1a: Incineroar|Will-O-Wisp|p2a: Iron Hands\n|-status|p2a: Iron Hands|brn\n|move|p2a: Iron Hands|Volt Switch|p1a: Incineroar\n|-damage|p1a: Incineroar|0 fnt\n|faint|p1a: Incineroar\n|\n|t:|1783558455\n|-end|p2a: Iron Hands|Quark Drive|[silent]\n|switch|p2a: Vigoroth|Vigoroth, L85, F|100/100|[from] Volt Switch\n|\n|upkeep\n|inactive|Time left: 300 sec this turn | 300 sec total | 10 sec grace\n|\n|t:|1783558456\n|switch|p1a: Tauros|Tauros, L82, M|232/257\n|turn|23\n|inactive|Time left: 300 sec this turn | 300 sec total\n|\n|t:|1783558457\n|move|p1a: Tauros|Body Slam|p2a: Vigoroth\n|-damage|p2a: Vigoroth|61/100\n|move|p2a: Vigoroth|Bulk Up|p2a: Vigoroth\n|-boost|p2a: Vigoroth|atk|1\n|-boost|p2a: Vigoroth|def|1\n|\n|upkeep\n|turn|24\n|inactive|Time left: 300 sec this turn | 300 sec total\n|\n|t:|1783558458\n|move|p1a: Tauros|Close Combat|p2a: Vigoroth\n|-supereffective|p2a: Vigoroth\n|-damage|p2a: Vigoroth|27/100\n|-unboost|p1a: Tauros|def|1\n|-unboost|p1a: Tauros|spd|1\n|-damage|p1a: Tauros|207/257|[from] item: Life Orb\n|move|p2a: Vigoroth|Slack Off|p2a: Vigoroth\n|-heal|p2a: Vigoroth|77/100\n|\n|upkeep\n|turn|25\n|inactive|Time left: 300 sec this turn | 300 sec total\n|\n|t:|1783558459\n|move|p1a: Tauros|Earthquake|p2a: Vigoroth\n|-damage|p2a: Vigoroth|60/100\n|-damage|p1a: Tauros|182/257|[from] item: Life Orb\n|move|p2a: Vigoroth|Body Slam|p1a: Tauros\n|-damage|p1a: Tauros|8/257\n|\n|upkeep\n|turn|26\n|inactive|Time left: 300 sec this turn | 300 sec total\n|\n|t:|1783558460\n|move|p1a: Tauros|Body Slam|p2a: Vigoroth\n|-damage|p2a: Vigoroth|35/100\n|move|p2a: Vigoroth|Body Slam|p1a: Tauros\n|-damage|p1a: Tauros|0 fnt\n|faint|p1a: Tauros\n|\n|upkeep\n|inactive|Time left: 300 sec this turn | 300 sec total | 5 sec grace\n|\n|t:|1783558461\n|switch|p1a: Kricketune|Kricketune, L99, M|93/312\n|turn|27\n|inactive|Time left: 300 sec this turn | 300 sec total\n|\n|t:|1783558462\n|move|p2a: Vigoroth|Knock Off|p1a: Kricketune\n|-damage|p1a: Kricketune|0 fnt\n|-enditem|p1a: Kricketune|Heavy-Duty Boots|[from] move: Knock Off|[of] p2a: Vigoroth\n|faint|p1a: Kricketune\n|\n|win|p0y1656240e", "uploadtime": 1783558462, "views": 0, "rating": 0, "private": 0, "password": null, "_winner": "p0y1656240e", "_our_name": "p0x1656d3e1"}