{"id": "battle-gen9randombattle-1605", "formatid": "gen9randombattle", "format": "[Gen 9] Random Battle", "players": ["p0x1605ffec", "p0y1605d7aa"], "log": "|init|battle\n|title|p0x1605ffec vs. p0y1605d7aa\n|j|\u2606p0x1605ffec\n|j|\u2606p0y1605d7aa\n|t:|1783557796\n|gametype|singles\n|player|p1|p0x1605ffec|1|\n|player|p2|p0y1605d7aa|169|\n|gen|9\n|tier|[Gen 9] Random Battle\n|rule|Species Clause: Limit one of each Pok\u00e9mon\n|rule|HP Percentage Mod: HP is shown in percentages\n|rule|Sleep Clause Mod: Limit one foe put to sleep\n|rule|Illusion Level Mod: Illusion disguises the Pok\u00e9mon's true level\n|\n|t:|1783557796\n|teamsize|p1|6\n|teamsize|p2|6\n|start\n|switch|p1a: Passimian|Passimian, L83, M|100/100\n|switch|p2a: Pyroar|Pyroar, L88, F|295/295\n|-ability|p2a: Pyroar|Unnerve\n|turn|1\n|inactive|Battle timer is ON: inactive players will automatically lose when time's up. (requested by p0y1605d7aa)\n|inactive|p0x1605ffec also wants the timer to be on.\n|\n|t:|1783557798\n|move|p2a: Pyroar|Will-O-Wisp|p1a: Passimian\n|-status|p1a: Passimian|brn\n|move|p1a: Passimian|Drain Punch|p2a: Pyroar\n|-supereffective|p2a: Pyroar\n|-damage|p2a: Pyroar|192/295\n|\n|-damage|p1a: Passimian|95/100 brn|[from] brn\n|upkeep\n|turn|2\n|inactive|Time left: 300 sec this turn | 300 sec total\n|\n|t:|1783557799\n|move|p2a: Pyroar|Work Up|p2a: Pyroar\n|-boost|p2a: Pyroar|atk|1\n|-boost|p2a: Pyroar|spa|1\n|move|p1a: Passimian|Drain Punch|p2a: Pyroar\n|-supereffective|p2a: Pyroar\n|-damage|p2a: Pyroar|96/295\n|-heal|p1a: Passimian|100/100 brn|[from] drain|[of] p2a: Pyroar\n|\n|-damage|p1a: Passimian|95/100 brn|[from] brn\n|upkeep\n|turn|3\n|inactive|Time left: 300 sec this turn | 300 sec total\n|\n|t:|1783557800\n|move|p2a: Pyroar|Fire Blast|p1a: Passimian|[miss]\n|-miss|p2a: Pyroar|p1a: Passimian\n|move|p1a: Passimian|Drain Punch|p2a: Pyroar\n|-supereffective|p2a: Pyroar\n|-damage|p2a: Pyroar|0 fnt\n|-heal|p1a: Passimian|100/100 brn|[from] drain|[of] p2a: Pyroar\n|faint|p2a: Pyroar\n|\n|-damage|p1a: Passimian|95/100 brn|[from] brn\n|upkeep\n|inactive|Time left: 300 sec this turn | 300 sec total | 5 sec grace\n|\n|t:|1783557801\n|switch|p2a: Groudon|Groudon, L72|263/263\n|-weather|SunnyDay|[from] ability: Drought|[of] p2a: Groudon\n|turn|4\n|inactive|Time left: 300 sec this turn | 300 sec total\n|\n|t:|1783557803\n|move|p1a: Passimian|Bulk Up|p1a: Passimian\n|-boost|p1a: Passimian|atk|1\n|-boost|p1a: Passimian|def|1\n|move|p2a: Groudon|Heat Crash|p1a: Passimian\n|-damage|p1a: Passimian|68/100 brn\n|\n|-weather|SunnyDay|[upkeep]\n|-heal|p1a: Passimian|74/100 brn|[from] item: Leftovers\n|-damage|p1a: Passimian|68/100 brn|[from] brn\n|upkeep\n|turn|5\n|inactive|Time left: 300 sec this turn | 300 sec total\n|\n|t:|1783557804\n|move|p1a: Passimian|Bulk Up|p1a: Passimian\n|-boost|p1a: Passimian|atk|1\n|-boost|p1a: Passimian|def|1\n|move|p2a: Groudon|Spikes|p1a: Passimian\n|-sidestart|p1: p0x1605ffec|Spikes\n|\n|-weather|SunnyDay|[upkeep]\n|-heal|p1a: Passimian|74/100 brn|[from] item: Leftovers\n|-damage|p1a: Passimian|68/100 brn|[from] brn\n|upkeep\n|turn|6\n|inactive|Time left: 300 sec this turn | 300 sec total\n|\n|t:|1783557805\n|move|p1a: Passimian|Knock Off|p2a: Groudon\n|-damage|p2a: Groudon|196/263\n|-enditem|p2a: Groudon|Leftovers|[from] move: Knock Off|[of] p1a: Passimian\n|move|p2a: Groudon|Spikes|p1a: Passimian\n|-sidestart|p1: p0x1605ffec|Spikes\n|\n|-weather|SunnyDay|[upkeep]\n|-heal|p1a: Passimian|74/100 brn|[from] item: Leftovers\n|-damage|p1a: Passimian|68/100 brn|[from] brn\n|upkeep\n|turn|7\n|inactive|Time left: 300 sec this turn | 300 sec total\n|\n|t:|1783557806\n|move|p1a: Passimian|Drain Punch|p2a: Groudon\n|-damage|p2a: Groudon|117/263\n|-heal|p1a: Passimian|81/100 brn|[from] drain|[of] p2a: Groudon\n|move|p2a: Groudon|Spikes|p1a: Passimian\n|-sidestart|p1: p0x1605ffec|Spikes\n|\n|-weather|SunnyDay|[upkeep]\n|-heal|p1a: Passimian|87/100 brn|[from] item: Leftovers\n|-damage|p1a: Passimian|81/100 brn|[from] brn\n|upkeep\n|turn|8\n|inactive|Time left: 300 sec this turn | 300 sec total\n|\n|t:|1783557807\n|move|p1a: Passimian|Drain Punch|p2a: Groudon\n|-damage|p2a: Groudon|40/263\n|-heal|p1a: Passimian|94/100 brn|[from] drain|[of] p2a: Groudon\n|move|p2a: Groudon|Precipice Blades|p1a: Passimian\n|-damage|p1a: Passimian|71/100 brn\n|\n|-weather|none\n|-heal|p1a: Passimian|77/100 brn|[from] item: Leftovers\n|-damage|p1a: Passimian|71/100 brn|[from] brn\n|upkeep\n|turn|9\n|inactive|Time left: 300 sec this turn | 300 sec total\n|\n|t:|1783557808\n|switch|p2a: Grumpig|Grumpig, L92, M|297/297\n|move|p1a: Passimian|Drain Punch|p2a: Grumpig\n|-resisted|p2a: Grumpig\n|-damage|p2a: Grumpig|246/297\n|-heal|p1a: Passimian|80/100 brn|[from] drain|[of] p2a: Grumpig\n|\n|-heal|p1a: Passimian|86/100 brn|[from] item: Leftovers\n|-damage|p1a: Passimian|80/100 brn|[from] brn\n|upkeep\n|turn|10\n|inactive|Time left: 300 sec this turn | 300 sec total\n|\n|t:|1783557809\n|move|p2a: Grumpig|Psychic|p1a: Passimian\n|-supereffective|p1a: Passimian\n|-damage|p1a: Passimian|0 fnt\n|faint|p1a: Passimian\n|\n|upkeep\n|\n|t:|1783557810\n|switch|p1a: Zapdos|Zapdos, L78|100/100\n|turn|11\n|inactive|Time left: 300 sec this turn | 300 sec total\n|\n|t:|1783557812\n|move|p2a: Grumpig|Psychic|p1a: Zapdos\n|-damage|p1a: Zapdos|62/100\n|move|p1a: Zapdos|Thunderbolt|p2a: Grumpig\n|-damage|p2a: Grumpig|165/297\n|\n|upkeep\n|turn|12\n|inactive|Time left: 300 sec this turn | 300 sec total\n|\n|t:|1783557813\n|move|p2a: Grumpig|Psychic|p1a: Zapdos\n|-damage|p1a: Zapdos|22/100\n|move|p1a: Zapdos|Roost|p1a: Zapdos\n|-heal|p1a: Zapdos|72/100\n|-singleturn|p1a: Zapdos|move: Roost\n|\n|upkeep\n|turn|13\n|inactive|Time left: 300 sec this turn | 300 sec total\n|\n|t:|1783557814\n|move|p2a: Grumpig|Psychic|p1a: Zapdos\n|-damage|p1a: Zapdos|30/100\n|move|p1a: Zapdos|Roost|p1a: Zapdos\n|-heal|p1a: Zapdos|80/100\n|-singleturn|p1a: Zapdos|move: Roost\n|\n|upkeep\n|turn|14\n|inactive|Time left: 300 sec this turn | 300 sec total\n|\n|t:|1783557815\n|move|p2a: Grumpig|Psychic|p1a: Zapdos\n|-damage|p1a: Zapdos|40/100\n|-unboost|p1a: Zapdos|spd|1\n|move|p1a: Zapdos|Roost|p1a: Zapdos\n|-heal|p1a: Zapdos|90/100\n|-singleturn|p1a: Zapdos|move: Roost\n|\n|upkeep\n|turn|15\n|inactive|Time left: 300 sec this turn | 300 sec total\n|\n|t:|1783557816\n|move|p2a: Grumpig|Psychic|p1a: Zapdos\n|-damage|p1a: Zapdos|22/100\n|move|p1a: Zapdos|Hurricane|p2a: Grumpig|[miss]\n|-miss|p1a: Zapdos|p2a: Grumpig\n|\n|upkeep\n|turn|16\n|inactive|Time left: 300 sec this turn | 300 sec total\n|\n|t:|1783557817\n|move|p2a: Grumpig|Psychic|p1a: Zapdos\n|-damage|p1a: Zapdos|0 fnt\n|faint|p1a: Zapdos\n|\n|upkeep\n|\n|t:|1783557819\n|switch|p1a: Whiscash|Whiscash, L88, M|100/100\n|-damage|p1a: Whiscash|76/100|[from] Spikes\n|turn|17\n|inactive|Time left: 300 sec this turn | 300 sec total\n|\n|t:|1783557820\n|move|p2a: Grumpig|Psychic|p1a: Whiscash\n|-damage|p1a: Whiscash|40/100\n|move|p1a: Whiscash|Dragon Dance|p1a: Whiscash\n|-boost|p1a: Whiscash|atk|1\n|-boost|p1a: Whiscash|spe|1\n|\n|upkeep\n|turn|18\n|inactive|Time left: 300 sec this turn | 300 sec total\n|\n|t:|1783557821\n|-terastallize|p1a: Whiscash|Steel\n|move|p2a: Grumpig|Psychic|p1a: Whiscash\n|-resisted|p1a: Whiscash\n|-damage|p1a: Whiscash|21/100\n|move|p1a: Whiscash|Dragon Dance|p1a: Whiscash\n|-boost|p1a: Whiscash|atk|1\n|-boost|p1a: Whiscash|spe|1\n|\n|upkeep\n|turn|19\n|inactive|Time left: 300 sec this turn | 300 sec total\n|\n|t:|1783557822\n|switch|p2a: Groudon|Groudon, L72|40/263\n|-weather|SunnyDay|[from] ability: Drought|[of] p2a: Groudon\n|move|p1a: Whiscash|Earthquake|p2a: Groudon\n|-damage|p2a: Groudon|0 fnt\n|faint|p2a: Groudon\n|-damage|p1a: Whiscash|11/100|[from] item: Life Orb\n|\n|-weather|SunnyDay|[upkeep]\n|upkeep\n|inactive|Time left: 300 sec this turn | 300 sec total | 5 sec grace\n|\n|t:|1783557823\n|switch|p2a: Dunsparce|Dunsparce, L86, F|312/312\n|turn|20\n|inactive|Time left: 300 sec this turn | 300 sec total\n|\n|t:|1783557824\n|move|p1a: Whiscash|Earthquake|p2a: Dunsparce\n|-damage|p2a: Dunsparce|113/312\n|-damage|p1a: Whiscash|1/100|[from] item: Life Orb\n|move|p2a: Dunsparce|Body Slam|p1a: Whiscash\n|-resisted|p1a: Whiscash\n|-damage|p1a: Whiscash|0 fnt\n|faint|p1a: Whiscash\n|\n|-weather|SunnyDay|[upkeep]\n|upkeep\n|\n|t:|1783557825\n|switch|p1a: Lilligant|Lilligant, L86, F|100/100\n|-damage|p1a: Lilligant|76/100|[from] Spikes\n|turn|21\n|inactive|Time left: 300 sec this turn | 300 sec total\n|\n|t:|1783557826\n|switch|p2a: Entei|Entei, L78|307/307\n|move|p1a: Lilligant|Quiver Dance|p1a: Lilligant\n|-boost|p1a: Lilligant|spa|1\n|-boost|p1a: Lilligant|spd|1\n|-boost|p1a: Lilligant|spe|1\n|\n|-weather|SunnyDay|[upkeep]\n|upkeep\n|turn|22\n|inactive|Time left: 300 sec this turn | 300 sec total\n|\n|t:|1783557827\n|move|p1a: Lilligant|Sleep Powder|p2a: Entei\n|-status|p2a: Entei|slp|[from] move: Sleep Powder\n|cant|p2a: Entei|slp\n|\n|-weather|SunnyDay|[upkeep]\n|upkeep\n|turn|23\n|inactive|Time left: 300 sec this turn | 300 sec total\n|\n|t:|1783557828\n|move|p1a: Lilligant|Quiver Dance|p1a: Lilligant\n|-boost|p1a: Lilligant|spa|1\n|-boost|p1a: Lilligant|spd|1\n|-boost|p1a: Lilligant|spe|1\n|-curestatus|p2a: Entei|slp|[msg]\n|move|p2a: Entei|Sacred Fire|p1a: Lilligant\n|-supereffective|p1a: Lilligant\n|-damage|p1a: Lilligant|0 fnt\n|faint|p1a: Lilligant\n|\n|-weather|none\n|upkeep\n|\n|t:|1783557829\n|switch|p1a: Entei|Entei, L78|100/100\n|-damage|p1a: Entei|76/100|[from] Spikes\n|turn|24\n|inactive|Time left: 300 sec this turn | 300 sec total\n|\n|t:|1783557830\n|move|p1a: Entei|Stomping Tantrum|p2a: Entei\n|-supereffective|p2a: Entei\n|-damage|p2a: Entei|125/307\n|move|p2a: Entei|Sacred Fire|p1a: Entei\n|-resisted|p1a: Entei\n|-damage|p1a: Entei|46/100\n|\n|upkeep\n|turn|25\n|inactive|Time left: 300 sec this turn | 300 sec total\n|\n|t:|1783557831\n|switch|p2a: Grumpig|Grumpig, L92, M|165/297\n|move|p1a: Entei|Stomping Tantrum|p2a: Grumpig\n|-damage|p2a: Grumpig|67/297\n|\n|upkeep\n|turn|26\n|inactive|Time left: 300 sec this turn | 300 sec total\n|\n|t:|1783557832\n|-terastallize|p2a: Grumpig|Psychic\n|move|p2a: Grumpig|Psychic|p1a: Entei\n|-damage|p1a: Entei|0 fnt\n|faint|p1a: Entei\n|\n|upkeep\n|\n|t:|1783557833\n|switch|p1a: Toxtricity|Toxtricity, L82, F|100/100\n|-damage|p1a: Toxtricity|76/100|[from] Spikes\n|turn|27\n|inactive|Time left: 300 sec this turn | 300 sec total\n|\n|t:|1783557834\n|move|p2a: Grumpig|Psychic|p1a: Toxtricity\n|-supereffective|p1a: Toxtricity\n|-damage|p1a: Toxtricity|0 fnt\n|faint|p1a: Toxtricity\n|\n|win|p0y1605d7aa", "uploadtime": 1783557834, "views": 0, "rating": 0, "private": 0, "password": null, "_winner": "p0y1605d7aa", "_our_name": "p0y1605d7aa"}