{"id": "battle-gen9randombattle-1168", "formatid": "gen9randombattle", "format": "[Gen 9] Random Battle", "players": ["p0x11683833", "p0y11680cea"], "log": "|init|battle\n|title|p0x11683833 vs. p0y11680cea\n|j|\u2606p0x11683833\n|j|\u2606p0y11680cea\n|t:|1783552660\n|gametype|singles\n|player|p1|p0x11683833|265|\n|player|p2|p0y11680cea|102|\n|gen|9\n|tier|[Gen 9] Random Battle\n|rule|Species Clause: Limit one of each Pok\u00e9mon\n|rule|HP Percentage Mod: HP is shown in percentages\n|rule|Sleep Clause Mod: Limit one foe put to sleep\n|rule|Illusion Level Mod: Illusion disguises the Pok\u00e9mon's true level\n|\n|t:|1783552660\n|teamsize|p1|6\n|teamsize|p2|6\n|start\n|switch|p1a: Rayquaza|Rayquaza, L72|270/270\n|switch|p2a: Primarina|Primarina, L83, M|100/100\n|-ability|p1a: Rayquaza|Air Lock\n|turn|1\n|inactive|Battle timer is ON: inactive players will automatically lose when time's up. (requested by p0y11680cea)\n|inactive|Time left: 300 sec this turn | 300 sec total | 60 sec grace\n|inactive|p0x11683833 also wants the timer to be on.\n|\n|t:|1783552661\n|switch|p1a: Greedent|Greedent, L86, M|347/347\n|move|p2a: Primarina|Moonblast|p1a: Greedent\n|-damage|p1a: Greedent|209/347\n|\n|upkeep\n|turn|2\n|inactive|Time left: 300 sec this turn | 300 sec total\n|\n|t:|1783552663\n|move|p2a: Primarina|Calm Mind|p2a: Primarina\n|-boost|p2a: Primarina|spa|1\n|-boost|p2a: Primarina|spd|1\n|move|p1a: Greedent|Swords Dance|p1a: Greedent\n|-boost|p1a: Greedent|atk|2\n|\n|upkeep\n|turn|3\n|inactive|Time left: 300 sec this turn | 300 sec total\n|\n|t:|1783552663\n|-terastallize|p2a: Primarina|Fairy\n|move|p2a: Primarina|Moonblast|p1a: Greedent\n|-damage|p1a: Greedent|0 fnt\n|faint|p1a: Greedent\n|\n|upkeep\n|inactive|Time left: 300 sec this turn | 300 sec total | 5 sec grace\n|\n|t:|1783552664\n|switch|p1a: Gumshoos|Gumshoos, L95, F|321/321\n|turn|4\n|inactive|Time left: 300 sec this turn | 300 sec total\n|\n|t:|1783552665\n|move|p2a: Primarina|Moonblast|p1a: Gumshoos\n|-damage|p1a: Gumshoos|13/321\n|move|p1a: Gumshoos|Double-Edge|p2a: Primarina\n|-damage|p2a: Primarina|0 fnt\n|faint|p2a: Primarina\n|-damage|p1a: Gumshoos|0 fnt|[from] Recoil\n|faint|p1a: Gumshoos\n|\n|upkeep\n|inactive|Time left: 300 sec this turn | 300 sec total | 5 sec grace\n|\n|t:|1783552666\n|switch|p2a: Diancie|Diancie, L82|100/100\n|switch|p1a: Polteageist|Polteageist, L78|222/222\n|turn|5\n|inactive|Time left: 300 sec this turn | 300 sec total\n|\n|t:|1783552667\n|move|p1a: Polteageist|Shell Smash|p1a: Polteageist\n|-unboost|p1a: Polteageist|def|1\n|-unboost|p1a: Polteageist|spd|1\n|-boost|p1a: Polteageist|atk|2\n|-boost|p1a: Polteageist|spa|2\n|-boost|p1a: Polteageist|spe|2\n|-enditem|p1a: Polteageist|White Herb\n|-clearnegativeboost|p1a: Polteageist|[silent]\n|move|p2a: Diancie|Diamond Storm|p1a: Polteageist\n|-damage|p1a: Polteageist|77/222\n|-boost|p2a: Diancie|def|2\n|-start|p2a: Diancie|Disable|Diamond Storm|[from] ability: Cursed Body|[of] p1a: Polteageist\n|\n|upkeep\n|turn|6\n|inactive|Time left: 300 sec this turn | 300 sec total\n|\n|t:|1783552668\n|switch|p2a: Mightyena|Mightyena, L96, M|100/100\n|-ability|p2a: Mightyena|Intimidate|boost\n|-unboost|p1a: Polteageist|atk|1\n|move|p1a: Polteageist|Stored Power|p2a: Mightyena\n|-immune|p2a: Mightyena\n|\n|upkeep\n|turn|7\n|inactive|Time left: 300 sec this turn | 300 sec total\n|\n|t:|1783552669\n|-terastallize|p1a: Polteageist|Fighting\n|move|p1a: Polteageist|Tera Blast|p2a: Mightyena|[anim] Tera Blast Fighting\n|-supereffective|p2a: Mightyena\n|-damage|p2a: Mightyena|0 fnt\n|faint|p2a: Mightyena\n|\n|upkeep\n|\n|t:|1783552669\n|switch|p2a: Diancie|Diancie, L82|100/100\n|turn|8\n|inactive|Time left: 300 sec this turn | 300 sec total\n|\n|t:|1783552670\n|move|p1a: Polteageist|Shadow Ball|p2a: Diancie\n|-damage|p2a: Diancie|38/100\n|move|p2a: Diancie|Draining Kiss|p1a: Polteageist\n|-supereffective|p1a: Polteageist\n|-damage|p1a: Polteageist|0 fnt\n|-heal|p2a: Diancie|65/100|[from] drain|[of] p1a: Polteageist\n|faint|p1a: Polteageist\n|\n|-heal|p2a: Diancie|71/100|[from] item: Leftovers\n|upkeep\n|inactive|Time left: 300 sec this turn | 300 sec total | 5 sec grace\n|\n|t:|1783552671\n|switch|p1a: Sylveon|Sylveon, L85, M|300/300\n|turn|9\n|inactive|Time left: 300 sec this turn | 300 sec total\n|\n|t:|1783552672\n|move|p1a: Sylveon|Hyper Voice|p2a: Diancie\n|-damage|p2a: Diancie|28/100\n|move|p2a: Diancie|Calm Mind|p2a: Diancie\n|-boost|p2a: Diancie|spa|1\n|-boost|p2a: Diancie|spd|1\n|\n|-heal|p2a: Diancie|34/100|[from] item: Leftovers\n|upkeep\n|turn|10\n|inactive|Time left: 300 sec this turn | 300 sec total\n|\n|t:|1783552672\n|move|p1a: Sylveon|Calm Mind|p1a: Sylveon\n|-boost|p1a: Sylveon|spa|1\n|-boost|p1a: Sylveon|spd|1\n|move|p2a: Diancie|Calm Mind|p2a: Diancie\n|-boost|p2a: Diancie|spa|1\n|-boost|p2a: Diancie|spd|1\n|\n|-heal|p2a: Diancie|40/100|[from] item: Leftovers\n|upkeep\n|turn|11\n|inactive|Time left: 300 sec this turn | 300 sec total\n|\n|t:|1783552673\n|move|p1a: Sylveon|Hyper Voice|p2a: Diancie\n|-crit|p2a: Diancie\n|-damage|p2a: Diancie|0 fnt\n|faint|p2a: Diancie\n|\n|upkeep\n|\n|t:|1783552674\n|switch|p2a: Mewtwo|Mewtwo, L72|100/100\n|-ability|p2a: Mewtwo|Unnerve\n|turn|12\n|inactive|Time left: 300 sec this turn | 300 sec total\n|\n|t:|1783552675\n|move|p2a: Mewtwo|Nasty Plot|p2a: Mewtwo\n|-boost|p2a: Mewtwo|spa|2\n|move|p1a: Sylveon|Hyper Voice|p2a: Mewtwo\n|-damage|p2a: Mewtwo|11/100\n|\n|upkeep\n|turn|13\n|inactive|Time left: 300 sec this turn | 300 sec total\n|\n|t:|1783552676\n|switch|p1a: Grimmsnarl|Grimmsnarl, L83, M|293/293\n|move|p2a: Mewtwo|Psystrike|p1a: Grimmsnarl\n|-immune|p1a: Grimmsnarl\n|\n|upkeep\n|turn|14\n|inactive|Time left: 300 sec this turn | 300 sec total\n|\n|t:|1783552677\n|move|p2a: Mewtwo|Fire Blast|p1a: Grimmsnarl\n|-damage|p1a: Grimmsnarl|45/293\n|-damage|p2a: Mewtwo|1/100|[from] item: Life Orb\n|move|p1a: Grimmsnarl|Spirit Break|p2a: Mewtwo\n|-damage|p2a: Mewtwo|0 fnt\n|faint|p2a: Mewtwo\n|\n|-heal|p1a: Grimmsnarl|63/293|[from] item: Leftovers\n|upkeep\n|\n|t:|1783552678\n|switch|p2a: Porygon-Z|Porygon-Z, L83|100/100\n|turn|15\n|inactive|Time left: 300 sec this turn | 300 sec total\n|\n|t:|1783552679\n|move|p1a: Grimmsnarl|Thunder Wave|p2a: Porygon-Z\n|-status|p2a: Porygon-Z|par\n|move|p2a: Porygon-Z|Nasty Plot|p2a: Porygon-Z\n|-boost|p2a: Porygon-Z|spa|2\n|\n|-heal|p1a: Grimmsnarl|81/293|[from] item: Leftovers\n|upkeep\n|turn|16\n|inactive|Time left: 300 sec this turn | 300 sec total\n|\n|t:|1783552680\n|move|p1a: Grimmsnarl|Spirit Break|p2a: Porygon-Z\n|-damage|p2a: Porygon-Z|57/100 par\n|-unboost|p2a: Porygon-Z|spa|1\n|cant|p2a: Porygon-Z|par\n|\n|-heal|p1a: Grimmsnarl|99/293|[from] item: Leftovers\n|upkeep\n|turn|17\n|inactive|Time left: 300 sec this turn | 300 sec total\n|\n|t:|1783552681\n|move|p1a: Grimmsnarl|Spirit Break|p2a: Porygon-Z\n|-damage|p2a: Porygon-Z|19/100 par\n|-unboost|p2a: Porygon-Z|spa|1\n|move|p2a: Porygon-Z|Tera Blast|p1a: Grimmsnarl\n|-damage|p1a: Grimmsnarl|0 fnt\n|faint|p1a: Grimmsnarl\n|-damage|p2a: Porygon-Z|9/100 par|[from] item: Life Orb\n|\n|upkeep\n|inactive|Time left: 300 sec this turn | 300 sec total | 5 sec grace\n|\n|t:|1783552682\n|switch|p1a: Rayquaza|Rayquaza, L72|270/270\n|-ability|p1a: Rayquaza|Air Lock\n|turn|18\n|inactive|Time left: 300 sec this turn | 300 sec total\n|\n|t:|1783552683\n|move|p1a: Rayquaza|Outrage|p2a: Porygon-Z\n|-damage|p2a: Porygon-Z|0 fnt\n|faint|p2a: Porygon-Z\n|\n|upkeep\n|\n|t:|1783552684\n|switch|p2a: Mew|Mew, L82|100/100\n|turn|19\n|inactive|Time left: 300 sec this turn | 300 sec total\n|\n|t:|1783552685\n|move|p2a: Mew|Swords Dance|p2a: Mew\n|-boost|p2a: Mew|atk|2\n|move|p1a: Rayquaza|Outrage|p2a: Mew|[from] lockedmove\n|-damage|p2a: Mew|59/100\n|\n|upkeep\n|turn|20\n|inactive|Time left: 300 sec this turn | 300 sec total\n|\n|t:|1783552687\n|move|p2a: Mew|Swords Dance|p2a: Mew\n|-boost|p2a: Mew|atk|2\n|move|p1a: Rayquaza|Outrage|p2a: Mew|[from] lockedmove\n|-crit|p2a: Mew\n|-damage|p2a: Mew|0 fnt\n|faint|p2a: Mew\n|-start|p1a: Rayquaza|confusion|[fatigue]\n|\n|win|p0x11683833", "uploadtime": 1783552687, "views": 0, "rating": 0, "private": 0, "password": null, "_winner": "p0x11683833", "_our_name": "p0x11683833"}