{"id": "battle-gen9randombattle-108", "formatid": "gen9randombattle", "format": "[Gen 9] Random Battle", "players": ["p0x108ac34", "p0y10824da"], "log": "|init|battle\n|title|p0x108ac34 vs. p0y10824da\n|j|\u2606p0x108ac34\n|j|\u2606p0y10824da\n|t:|1783535022\n|gametype|singles\n|player|p1|p0x108ac34|2|\n|player|p2|p0y10824da|101|\n|gen|9\n|tier|[Gen 9] Random Battle\n|rule|Species Clause: Limit one of each Pok\u00e9mon\n|rule|HP Percentage Mod: HP is shown in percentages\n|rule|Sleep Clause Mod: Limit one foe put to sleep\n|rule|Illusion Level Mod: Illusion disguises the Pok\u00e9mon's true level\n|\n|t:|1783535022\n|teamsize|p1|6\n|teamsize|p2|6\n|start\n|switch|p1a: Thundurus|Thundurus, L80, M|100/100\n|switch|p2a: Ceruledge|Ceruledge, L78, F|245/245\n|turn|1\n|inactive|Battle timer is ON: inactive players will automatically lose when time's up. (requested by p0x108ac34)\n|inactive|Time left: 300 sec this turn | 300 sec total | 60 sec grace\n|\n|t:|1783535023\n|switch|p1a: Tauros|Tauros-Paldea-Aqua, L81, M|100/100\n|-ability|p1a: Tauros|Intimidate|boost\n|-unboost|p2a: Ceruledge|atk|1\n|move|p2a: Ceruledge|Bitter Blade|p1a: Tauros\n|-resisted|p1a: Tauros\n|-damage|p1a: Tauros|89/100\n|\n|upkeep\n|turn|2\n|inactive|Time left: 300 sec this turn | 300 sec total\n|inactive|p0y10824da also wants the timer to be on.\n|\n|t:|1783535024\n|switch|p2a: Ampharos|Ampharos, L88, M|302/302\n|move|p1a: Tauros|Wave Crash|p2a: Ampharos\n|-damage|p2a: Ampharos|112/302\n|-damage|p1a: Tauros|64/100|[from] Recoil\n|\n|upkeep\n|turn|3\n|inactive|Time left: 300 sec this turn | 300 sec total\n|\n|t:|1783535025\n|switch|p2a: Toxicroak|Toxicroak, L84, M|277/277\n|move|p1a: Tauros|Wave Crash|p2a: Toxicroak\n|-immune|p2a: Toxicroak|[from] ability: Dry Skin\n|\n|upkeep\n|turn|4\n|inactive|Time left: 300 sec this turn | 300 sec total\n|\n|t:|1783535026\n|move|p1a: Tauros|Wave Crash|p2a: Toxicroak\n|-immune|p2a: Toxicroak|[from] ability: Dry Skin\n|move|p2a: Toxicroak|Gunk Shot|p1a: Tauros|[miss]\n|-miss|p2a: Toxicroak|p1a: Tauros\n|\n|upkeep\n|turn|5\n|inactive|Time left: 300 sec this turn | 300 sec total\n|\n|t:|1783535027\n|switch|p1a: Mamoswine|Mamoswine, L81, F|100/100\n|move|p2a: Toxicroak|Swords Dance|p2a: Toxicroak\n|-boost|p2a: Toxicroak|atk|2\n|\n|upkeep\n|turn|6\n|inactive|Time left: 300 sec this turn | 300 sec total\n|\n|t:|1783535028\n|switch|p1a: Thundurus|Thundurus, L80, M|100/100\n|move|p2a: Toxicroak|Close Combat|p1a: Thundurus\n|-resisted|p1a: Thundurus\n|-damage|p1a: Thundurus|18/100\n|-unboost|p2a: Toxicroak|def|1\n|-unboost|p2a: Toxicroak|spd|1\n|-damage|p2a: Toxicroak|250/277|[from] item: Life Orb\n|\n|upkeep\n|turn|7\n|inactive|Time left: 300 sec this turn | 300 sec total\n|\n|t:|1783535030\n|move|p1a: Thundurus|Thunderbolt|p2a: Toxicroak\n|-crit|p2a: Toxicroak\n|-damage|p2a: Toxicroak|0 fnt\n|faint|p2a: Toxicroak\n|\n|upkeep\n|inactive|Time left: 300 sec this turn | 300 sec total | 5 sec grace\n|\n|t:|1783535030\n|switch|p2a: Ampharos|Ampharos, L88, M|112/302\n|turn|8\n|inactive|Time left: 300 sec this turn | 300 sec total\n|\n|t:|1783535031\n|switch|p1a: Mamoswine|Mamoswine, L81, F|100/100\n|move|p2a: Ampharos|Volt Switch|p1a: Mamoswine\n|-immune|p1a: Mamoswine\n|\n|upkeep\n|turn|9\n|inactive|Time left: 300 sec this turn | 300 sec total\n|\n|t:|1783535032\n|switch|p2a: Lugia|Lugia, L73|275/275\n|move|p1a: Mamoswine|Earthquake|p2a: Lugia\n|-immune|p2a: Lugia\n|\n|upkeep\n|turn|10\n|inactive|Time left: 300 sec this turn | 300 sec total\n|\n|t:|1783535033\n|move|p2a: Lugia|Calm Mind|p2a: Lugia\n|-boost|p2a: Lugia|spa|1\n|-boost|p2a: Lugia|spd|1\n|move|p1a: Mamoswine|Icicle Crash|p2a: Lugia\n|-supereffective|p2a: Lugia\n|-damage|p2a: Lugia|161/275\n|-damage|p1a: Mamoswine|91/100|[from] item: Life Orb\n|\n|upkeep\n|turn|11\n|inactive|Time left: 300 sec this turn | 300 sec total\n|\n|t:|1783535034\n|move|p2a: Lugia|Recover|p2a: Lugia\n|-heal|p2a: Lugia|275/275\n|move|p1a: Mamoswine|Icicle Crash|p2a: Lugia\n|-supereffective|p2a: Lugia\n|-damage|p2a: Lugia|150/275\n|-damage|p1a: Mamoswine|81/100|[from] item: Life Orb\n|\n|upkeep\n|turn|12\n|inactive|Time left: 300 sec this turn | 300 sec total\n|\n|t:|1783535035\n|move|p2a: Lugia|Recover|p2a: Lugia\n|-heal|p2a: Lugia|275/275\n|move|p1a: Mamoswine|Icicle Crash|p2a: Lugia\n|-supereffective|p2a: Lugia\n|-damage|p2a: Lugia|154/275\n|-damage|p1a: Mamoswine|71/100|[from] item: Life Orb\n|\n|upkeep\n|turn|13\n|inactive|Time left: 300 sec this turn | 300 sec total\n|\n|t:|1783535036\n|move|p2a: Lugia|Recover|p2a: Lugia\n|-heal|p2a: Lugia|275/275\n|move|p1a: Mamoswine|Icicle Crash|p2a: Lugia\n|-supereffective|p2a: Lugia\n|-damage|p2a: Lugia|154/275\n|-damage|p1a: Mamoswine|61/100|[from] item: Life Orb\n|\n|upkeep\n|turn|14\n|inactive|Time left: 300 sec this turn | 300 sec total\n|\n|t:|1783535037\n|move|p2a: Lugia|Recover|p2a: Lugia\n|-heal|p2a: Lugia|275/275\n|move|p1a: Mamoswine|Icicle Crash|p2a: Lugia\n|-supereffective|p2a: Lugia\n|-damage|p2a: Lugia|166/275\n|-damage|p1a: Mamoswine|51/100|[from] item: Life Orb\n|\n|upkeep\n|turn|15\n|inactive|Time left: 300 sec this turn | 300 sec total\n|\n|t:|1783535038\n|move|p2a: Lugia|Recover|p2a: Lugia\n|-heal|p2a: Lugia|275/275\n|move|p1a: Mamoswine|Icicle Crash|p2a: Lugia|[miss]\n|-miss|p1a: Mamoswine|p2a: Lugia\n|\n|upkeep\n|turn|16\n|inactive|Time left: 300 sec this turn | 300 sec total\n|\n|t:|1783535039\n|switch|p1a: Toedscruel|Toedscruel, L87, M|100/100\n|move|p2a: Lugia|Aeroblast|p1a: Toedscruel\n|-supereffective|p1a: Toedscruel\n|-damage|p1a: Toedscruel|40/100\n|\n|-heal|p1a: Toedscruel|46/100|[from] item: Leftovers\n|upkeep\n|turn|17\n|inactive|Time left: 300 sec this turn | 300 sec total\n|\n|t:|1783535040\n|move|p2a: Lugia|Aeroblast|p1a: Toedscruel\n|-supereffective|p1a: Toedscruel\n|-crit|p1a: Toedscruel\n|-damage|p1a: Toedscruel|0 fnt\n|faint|p1a: Toedscruel\n|\n|upkeep\n|\n|t:|1783535041\n|switch|p1a: Lycanroc|Lycanroc, L86, M|100/100\n|turn|18\n|inactive|Time left: 300 sec this turn | 300 sec total\n|\n|t:|1783535042\n|move|p1a: Lycanroc|Swords Dance|p1a: Lycanroc\n|-boost|p1a: Lycanroc|atk|2\n|move|p2a: Lugia|Earth Power|p1a: Lycanroc\n|-supereffective|p1a: Lycanroc\n|-damage|p1a: Lycanroc|37/100\n|\n|upkeep\n|turn|19\n|inactive|Time left: 300 sec this turn | 300 sec total\n|\n|t:|1783535043\n|-terastallize|p2a: Lugia|Ground\n|move|p1a: Lycanroc|Stone Edge|p2a: Lugia\n|-resisted|p2a: Lugia\n|-damage|p2a: Lugia|210/275\n|-damage|p1a: Lycanroc|27/100|[from] item: Life Orb\n|move|p2a: Lugia|Earth Power|p1a: Lycanroc\n|-supereffective|p1a: Lycanroc\n|-damage|p1a: Lycanroc|0 fnt\n|faint|p1a: Lycanroc\n|\n|upkeep\n|\n|t:|1783535044\n|switch|p1a: Tauros|Tauros-Paldea-Aqua, L81, M|64/100\n|-ability|p1a: Tauros|Intimidate|boost\n|-unboost|p2a: Lugia|atk|1\n|turn|20\n|inactive|Time left: 300 sec this turn | 300 sec total\n|\n|t:|1783535045\n|switch|p2a: Phione|Phione, L91|293/293\n|move|p1a: Tauros|Wave Crash|p2a: Phione\n|-resisted|p2a: Phione\n|-damage|p2a: Phione|200/293\n|-damage|p1a: Tauros|52/100|[from] Recoil\n|\n|-heal|p2a: Phione|218/293|[from] item: Leftovers\n|upkeep\n|turn|21\n|inactive|Time left: 300 sec this turn | 300 sec total\n|\n|t:|1783535046\n|move|p1a: Tauros|Wave Crash|p2a: Phione\n|-resisted|p2a: Phione\n|-damage|p2a: Phione|125/293\n|-damage|p1a: Tauros|39/100|[from] Recoil\n|move|p2a: Phione|Scald|p1a: Tauros\n|-resisted|p1a: Tauros\n|-damage|p1a: Tauros|20/100\n|\n|-heal|p2a: Phione|143/293|[from] item: Leftovers\n|upkeep\n|turn|22\n|inactive|Time left: 300 sec this turn | 300 sec total\n|\n|t:|1783535047\n|move|p1a: Tauros|Wave Crash|p2a: Phione\n|-resisted|p2a: Phione\n|-damage|p2a: Phione|52/293\n|-damage|p1a: Tauros|8/100|[from] Recoil\n|move|p2a: Phione|Scald|p1a: Tauros\n|-resisted|p1a: Tauros\n|-damage|p1a: Tauros|0 fnt\n|faint|p1a: Tauros\n|\n|-heal|p2a: Phione|70/293|[from] item: Leftovers\n|upkeep\n|\n|t:|1783535048\n|switch|p1a: Breloom|Breloom, L83, M|100/100\n|turn|23\n|inactive|Time left: 300 sec this turn | 300 sec total\n|\n|t:|1783535049\n|move|p1a: Breloom|Mach Punch|p2a: Phione\n|-damage|p2a: Phione|0 fnt\n|faint|p2a: Phione\n|-damage|p1a: Breloom|91/100|[from] item: Life Orb\n|\n|upkeep\n|inactive|Time left: 300 sec this turn | 300 sec total | 5 sec grace\n|\n|t:|1783535050\n|switch|p2a: Lugia|Lugia, L73, tera:Ground|210/275\n|turn|24\n|inactive|Time left: 300 sec this turn | 300 sec total\n|\n|t:|1783535051\n|switch|p1a: Thundurus|Thundurus, L80, M|18/100\n|move|p2a: Lugia|Aeroblast|p1a: Thundurus\n|-resisted|p1a: Thundurus\n|-damage|p1a: Thundurus|0 fnt\n|faint|p1a: Thundurus\n|\n|upkeep\n|\n|t:|1783535052\n|switch|p1a: Mamoswine|Mamoswine, L81, F|51/100\n|turn|25\n|inactive|Time left: 300 sec this turn | 300 sec total\n|\n|t:|1783535053\n|move|p2a: Lugia|Aeroblast|p1a: Mamoswine\n|-damage|p1a: Mamoswine|14/100\n|move|p1a: Mamoswine|Icicle Crash|p2a: Lugia\n|-supereffective|p2a: Lugia\n|-damage|p2a: Lugia|0 fnt\n|faint|p2a: Lugia\n|-damage|p1a: Mamoswine|4/100|[from] item: Life Orb\n|\n|upkeep\n|inactive|Time left: 300 sec this turn | 300 sec total | 5 sec grace\n|\n|t:|1783535054\n|switch|p2a: Ceruledge|Ceruledge, L78, F|245/245\n|turn|26\n|inactive|Time left: 300 sec this turn | 300 sec total\n|\n|t:|1783535054\n|move|p2a: Ceruledge|Bitter Blade|p1a: Mamoswine\n|-supereffective|p1a: Mamoswine\n|-damage|p1a: Mamoswine|0 fnt\n|faint|p1a: Mamoswine\n|\n|upkeep\n|\n|t:|1783535055\n|switch|p1a: Breloom|Breloom, L83, M|91/100\n|turn|27\n|inactive|Time left: 300 sec this turn | 300 sec total\n|\n|t:|1783535056\n|-terastallize|p1a: Breloom|Fighting\n|move|p2a: Ceruledge|Bitter Blade|p1a: Breloom\n|-damage|p1a: Breloom|46/100\n|move|p1a: Breloom|Rock Tomb|p2a: Ceruledge\n|-supereffective|p2a: Ceruledge\n|-damage|p2a: Ceruledge|27/245\n|-unboost|p2a: Ceruledge|spe|1\n|-ability|p2a: Ceruledge|Weak Armor|boost\n|-unboost|p2a: Ceruledge|def|1\n|-boost|p2a: Ceruledge|spe|2\n|-damage|p1a: Breloom|36/100|[from] item: Life Orb\n|\n|upkeep\n|turn|28\n|inactive|Time left: 300 sec this turn | 300 sec total\n|\n|t:|1783535057\n|move|p1a: Breloom|Mach Punch|p2a: Ceruledge\n|-immune|p2a: Ceruledge\n|move|p2a: Ceruledge|Close Combat|p1a: Breloom\n|-damage|p1a: Breloom|0 fnt\n|-unboost|p2a: Ceruledge|def|1\n|-unboost|p2a: Ceruledge|spd|1\n|faint|p1a: Breloom\n|\n|win|p0y10824da", "uploadtime": 1783535057, "views": 0, "rating": 0, "private": 0, "password": null, "_winner": "p0y10824da", "_our_name": "p0y10824da"}