{"id": "battle-gen9randombattle-2839", "formatid": "gen9randombattle", "format": "[Gen 9] Random Battle", "players": ["p0x283991a2", "p0y28390ccb"], "log": "|init|battle\n|title|p0x283991a2 vs. p0y28390ccb\n|j|\u2606p0x283991a2\n|j|\u2606p0y28390ccb\n|t:|1783572697\n|gametype|singles\n|player|p1|p0x283991a2|170|\n|player|p2|p0y28390ccb|101|\n|gen|9\n|tier|[Gen 9] Random Battle\n|rule|Species Clause: Limit one of each Pok\u00e9mon\n|rule|HP Percentage Mod: HP is shown in percentages\n|rule|Sleep Clause Mod: Limit one foe put to sleep\n|rule|Illusion Level Mod: Illusion disguises the Pok\u00e9mon's true level\n|\n|t:|1783572697\n|teamsize|p1|6\n|teamsize|p2|6\n|start\n|switch|p1a: Swampert|Swampert, L83, M|302/302\n|switch|p2a: Slaking|Slaking, L84, M|100/100\n|turn|1\n|inactive|Battle timer is ON: inactive players will automatically lose when time's up. (requested by p0y28390ccb)\n|inactive|Time left: 300 sec this turn | 300 sec total | 60 sec grace\n|inactive|p0x283991a2 also wants the timer to be on.\n|\n|t:|1783572699\n|switch|p1a: Eiscue|Eiscue, L88, F|274/274\n|move|p2a: Slaking|Giga Impact|p1a: Eiscue\n|-activate|p1a: Eiscue|ability: Ice Face\n|-damage|p1a: Eiscue|274/274\n|-mustrecharge|p2a: Slaking\n|detailschange|p1a: Eiscue|Eiscue-Noice, L88, F\n|\n|upkeep\n|turn|2\n|inactive|Time left: 300 sec this turn | 300 sec total\n|\n|t:|1783572700\n|move|p1a: Eiscue|Belly Drum|p1a: Eiscue\n|-damage|p1a: Eiscue|137/274\n|-setboost|p1a: Eiscue|atk|6|[from] move: Belly Drum\n|-enditem|p1a: Eiscue|Sitrus Berry|[eat]\n|-heal|p1a: Eiscue|205/274|[from] item: Sitrus Berry\n|cant|p2a: Slaking|recharge\n|\n|upkeep\n|turn|3\n|inactive|Time left: 300 sec this turn | 300 sec total\n|\n|t:|1783572701\n|move|p1a: Eiscue|Iron Head|p2a: Slaking\n|-damage|p2a: Slaking|46/100\n|move|p2a: Slaking|Giga Impact|p1a: Eiscue|[miss]\n|-miss|p2a: Slaking|p1a: Eiscue\n|\n|upkeep\n|turn|4\n|inactive|Time left: 300 sec this turn | 300 sec total\n|\n|t:|1783572702\n|switch|p2a: Vaporeon|Vaporeon, L86, F|100/100\n|move|p1a: Eiscue|Ice Spinner|p2a: Vaporeon\n|-resisted|p2a: Vaporeon\n|-damage|p2a: Vaporeon|47/100\n|\n|-heal|p2a: Vaporeon|53/100|[from] item: Leftovers\n|upkeep\n|turn|5\n|inactive|Time left: 300 sec this turn | 300 sec total\n|\n|t:|1783572703\n|move|p2a: Vaporeon|Protect|p2a: Vaporeon\n|-singleturn|p2a: Vaporeon|Protect\n|move|p1a: Eiscue|Ice Spinner|p2a: Vaporeon\n|-activate|p2a: Vaporeon|move: Protect\n|\n|-heal|p2a: Vaporeon|59/100|[from] item: Leftovers\n|upkeep\n|turn|6\n|inactive|Time left: 300 sec this turn | 300 sec total\n|\n|t:|1783572704\n|move|p1a: Eiscue|Ice Spinner|p2a: Vaporeon\n|-resisted|p2a: Vaporeon\n|-damage|p2a: Vaporeon|2/100\n|move|p2a: Vaporeon|Haze|p2a: Vaporeon\n|-clearallboost\n|\n|-heal|p2a: Vaporeon|8/100|[from] item: Leftovers\n|upkeep\n|turn|7\n|inactive|Time left: 300 sec this turn | 300 sec total\n|\n|t:|1783572705\n|move|p1a: Eiscue|Ice Spinner|p2a: Vaporeon\n|-resisted|p2a: Vaporeon\n|-damage|p2a: Vaporeon|0 fnt\n|faint|p2a: Vaporeon\n|\n|upkeep\n|\n|t:|1783572706\n|switch|p2a: Slaking|Slaking, L84, M|46/100\n|turn|8\n|inactive|Time left: 300 sec this turn | 300 sec total\n|\n|t:|1783572707\n|move|p1a: Eiscue|Iron Head|p2a: Slaking\n|-damage|p2a: Slaking|34/100\n|cant|p2a: Slaking|flinch\n|\n|upkeep\n|turn|9\n|inactive|Time left: 300 sec this turn | 300 sec total\n|\n|t:|1783572708\n|move|p1a: Eiscue|Belly Drum|p1a: Eiscue\n|-damage|p1a: Eiscue|68/274\n|-setboost|p1a: Eiscue|atk|6|[from] move: Belly Drum\n|cant|p2a: Slaking|ability: Truant\n|\n|upkeep\n|turn|10\n|inactive|Time left: 300 sec this turn | 300 sec total\n|\n|t:|1783572709\n|move|p1a: Eiscue|Ice Spinner|p2a: Slaking\n|-damage|p2a: Slaking|0 fnt\n|faint|p2a: Slaking\n|\n|upkeep\n|\n|t:|1783572710\n|switch|p2a: Carbink|Carbink, L90|100/100\n|turn|11\n|inactive|Time left: 300 sec this turn | 300 sec total\n|\n|t:|1783572711\n|-terastallize|p2a: Carbink|Fighting\n|move|p1a: Eiscue|Iron Head|p2a: Carbink\n|-damage|p2a: Carbink|49/100\n|move|p2a: Carbink|Body Press|p1a: Eiscue\n|-supereffective|p1a: Eiscue\n|-damage|p1a: Eiscue|0 fnt\n|faint|p1a: Eiscue\n|\n|upkeep\n|inactive|Time left: 300 sec this turn | 300 sec total | 5 sec grace\n|\n|t:|1783572712\n|switch|p1a: Zekrom|Zekrom, L71|259/259\n|-ability|p1a: Zekrom|Teravolt\n|turn|12\n|inactive|Time left: 300 sec this turn | 300 sec total\n|\n|t:|1783572713\n|move|p1a: Zekrom|Dragon Dance|p1a: Zekrom\n|-boost|p1a: Zekrom|atk|1\n|-boost|p1a: Zekrom|spe|1\n|move|p2a: Carbink|Rest|p2a: Carbink\n|-status|p2a: Carbink|slp|[from] move: Rest\n|-heal|p2a: Carbink|100/100 slp|[silent]\n|-enditem|p2a: Carbink|Chesto Berry|[eat]\n|-curestatus|p2a: Carbink|slp|[msg]\n|\n|upkeep\n|turn|13\n|inactive|Time left: 300 sec this turn | 300 sec total\n|\n|t:|1783572714\n|move|p1a: Zekrom|Outrage|p2a: Carbink\n|-damage|p2a: Carbink|47/100\n|move|p2a: Carbink|Iron Defense|p2a: Carbink\n|-boost|p2a: Carbink|def|2\n|\n|upkeep\n|turn|14\n|inactive|Time left: 300 sec this turn | 300 sec total\n|\n|t:|1783572715\n|move|p1a: Zekrom|Outrage|p2a: Carbink|[from] lockedmove\n|-damage|p2a: Carbink|23/100\n|-start|p1a: Zekrom|confusion|[fatigue]\n|move|p2a: Carbink|Body Press|p1a: Zekrom\n|-damage|p1a: Zekrom|0 fnt\n|faint|p1a: Zekrom\n|\n|upkeep\n|inactive|Time left: 300 sec this turn | 300 sec total | 5 sec grace\n|\n|t:|1783572715\n|switch|p1a: Hypno|Hypno, L95, F|315/315\n|turn|15\n|inactive|Time left: 300 sec this turn | 300 sec total\n|\n|t:|1783572716\n|move|p1a: Hypno|Psychic Noise|p2a: Carbink\n|-supereffective|p2a: Carbink\n|-damage|p2a: Carbink|0 fnt\n|faint|p2a: Carbink\n|\n|upkeep\n|\n|t:|1783572717\n|switch|p2a: Kricketune|Kricketune, L99, F|100/100\n|turn|16\n|inactive|Time left: 300 sec this turn | 300 sec total\n|\n|t:|1783572718\n|switch|p1a: Hawlucha|Hawlucha, L80, F|256/256\n|move|p2a: Kricketune|Sticky Web|p1a: Hawlucha\n|-sidestart|p1: p0x283991a2|move: Sticky Web\n|\n|upkeep\n|turn|17\n|inactive|Time left: 300 sec this turn | 300 sec total\n|\n|t:|1783572719\n|switch|p2a: Raichu|Raichu, L88, F|100/100\n|move|p1a: Hawlucha|Swords Dance|p1a: Hawlucha\n|-boost|p1a: Hawlucha|atk|2\n|\n|upkeep\n|turn|18\n|inactive|Time left: 300 sec this turn | 300 sec total\n|\n|t:|1783572720\n|-terastallize|p1a: Hawlucha|Fighting\n|move|p2a: Raichu|Thunderbolt|p1a: Hawlucha\n|-damage|p1a: Hawlucha|87/256\n|-status|p1a: Hawlucha|par\n|-damage|p2a: Raichu|91/100|[from] item: Life Orb\n|move|p1a: Hawlucha|Close Combat|p2a: Raichu\n|-damage|p2a: Raichu|0 fnt\n|-unboost|p1a: Hawlucha|def|1\n|-unboost|p1a: Hawlucha|spd|1\n|faint|p2a: Raichu\n|-enditem|p1a: Hawlucha|White Herb\n|-clearnegativeboost|p1a: Hawlucha|[silent]\n|\n|upkeep\n|\n|t:|1783572721\n|switch|p2a: Kricketune|Kricketune, L99, F|100/100\n|turn|19\n|inactive|Time left: 300 sec this turn | 300 sec total\n|\n|t:|1783572722\n|switch|p2a: Magnezone|Magnezone, L85|100/100\n|cant|p1a: Hawlucha|par\n|\n|upkeep\n|turn|20\n|inactive|Time left: 300 sec this turn | 300 sec total\n|\n|t:|1783572723\n|switch|p2a: Kricketune|Kricketune, L99, F|100/100\n|move|p1a: Hawlucha|Close Combat|p2a: Kricketune\n|-resisted|p2a: Kricketune\n|-damage|p2a: Kricketune|43/100\n|-unboost|p1a: Hawlucha|def|1\n|-unboost|p1a: Hawlucha|spd|1\n|\n|upkeep\n|turn|21\n|inactive|Time left: 300 sec this turn | 300 sec total\n|\n|t:|1783572724\n|cant|p1a: Hawlucha|par\n|move|p2a: Kricketune|Pounce|p1a: Hawlucha\n|-resisted|p1a: Hawlucha\n|-damage|p1a: Hawlucha|0 fnt\n|faint|p1a: Hawlucha\n|\n|upkeep\n|inactive|Time left: 300 sec this turn | 300 sec total | 5 sec grace\n|\n|t:|1783572724\n|switch|p1a: Azumarill|Azumarill, L82, M|298/298\n|-activate|p1a: Azumarill|move: Sticky Web\n|-unboost|p1a: Azumarill|spe|1\n|turn|22\n|inactive|Time left: 300 sec this turn | 300 sec total\n|\n|t:|1783572725\n|move|p2a: Kricketune|Knock Off|p1a: Azumarill\n|-resisted|p1a: Azumarill\n|-damage|p1a: Azumarill|254/298\n|-enditem|p1a: Azumarill|Choice Band|[from] move: Knock Off|[of] p2a: Kricketune\n|move|p1a: Azumarill|Liquidation|p2a: Kricketune\n|-damage|p2a: Kricketune|2/100\n|-unboost|p2a: Kricketune|def|1\n|\n|upkeep\n|turn|23\n|inactive|Time left: 300 sec this turn | 300 sec total\n|\n|t:|1783572726\n|switch|p1a: Swampert|Swampert, L83, M|302/302\n|-activate|p1a: Swampert|move: Sticky Web\n|-unboost|p1a: Swampert|spe|1\n|move|p2a: Kricketune|Knock Off|p1a: Swampert\n|-crit|p1a: Swampert\n|-damage|p1a: Swampert|167/302\n|-enditem|p1a: Swampert|Leftovers|[from] move: Knock Off|[of] p2a: Kricketune\n|\n|upkeep\n|turn|24\n|inactive|Time left: 300 sec this turn | 300 sec total\n|\n|t:|1783572727\n|move|p2a: Kricketune|Pounce|p1a: Swampert\n|-damage|p1a: Swampert|68/302\n|-unboost|p1a: Swampert|spe|1\n|move|p1a: Swampert|Earthquake|p2a: Kricketune\n|-resisted|p2a: Kricketune\n|-damage|p2a: Kricketune|0 fnt\n|faint|p2a: Kricketune\n|\n|upkeep\n|\n|t:|1783572727\n|switch|p2a: Magnezone|Magnezone, L85|100/100\n|turn|25\n|inactive|Time left: 300 sec this turn | 300 sec total\n|\n|t:|1783572728\n|move|p2a: Magnezone|Body Press|p1a: Swampert\n|-damage|p1a: Swampert|0 fnt\n|faint|p1a: Swampert\n|\n|upkeep\n|inactive|Time left: 300 sec this turn | 300 sec total | 5 sec grace\n|\n|t:|1783572729\n|switch|p1a: Azumarill|Azumarill, L82, M|254/298\n|-activate|p1a: Azumarill|move: Sticky Web\n|-unboost|p1a: Azumarill|spe|1\n|turn|26\n|inactive|Time left: 300 sec this turn | 300 sec total\n|\n|t:|1783572729\n|move|p2a: Magnezone|Discharge|p1a: Azumarill\n|-supereffective|p1a: Azumarill\n|-damage|p1a: Azumarill|30/298\n|move|p1a: Azumarill|Superpower|p2a: Magnezone\n|-supereffective|p2a: Magnezone\n|-damage|p2a: Magnezone|42/100\n|-unboost|p1a: Azumarill|atk|1\n|-unboost|p1a: Azumarill|def|1\n|\n|upkeep\n|turn|27\n|inactive|Time left: 300 sec this turn | 300 sec total\n|\n|t:|1783572730\n|move|p1a: Azumarill|Aqua Jet|p2a: Magnezone\n|-damage|p2a: Magnezone|30/100\n|move|p2a: Magnezone|Flash Cannon|p1a: Azumarill\n|-damage|p1a: Azumarill|0 fnt\n|faint|p1a: Azumarill\n|\n|upkeep\n|inactive|Time left: 300 sec this turn | 300 sec total | 5 sec grace\n|\n|t:|1783572731\n|switch|p1a: Hypno|Hypno, L95, F|315/315\n|-activate|p1a: Hypno|move: Sticky Web\n|-unboost|p1a: Hypno|spe|1\n|turn|28\n|inactive|Time left: 300 sec this turn | 300 sec total\n|\n|t:|1783572732\n|move|p2a: Magnezone|Discharge|p1a: Hypno\n|-damage|p1a: Hypno|240/315\n|-status|p1a: Hypno|par\n|move|p1a: Hypno|Knock Off|p2a: Magnezone\n|-damage|p2a: Magnezone|6/100\n|-enditem|p2a: Magnezone|Assault Vest|[from] move: Knock Off|[of] p1a: Hypno\n|\n|-heal|p1a: Hypno|259/315 par|[from] item: Leftovers\n|upkeep\n|turn|29\n|inactive|Time left: 300 sec this turn | 300 sec total\n|\n|t:|1783572733\n|move|p2a: Magnezone|Volt Switch|p1a: Hypno\n|-damage|p1a: Hypno|181/315 par\n|move|p1a: Hypno|Psychic Noise|p2a: Magnezone\n|-resisted|p2a: Magnezone\n|-damage|p2a: Magnezone|0 fnt\n|faint|p2a: Magnezone\n|\n|win|p0x283991a2", "uploadtime": 1783572733, "views": 0, "rating": 0, "private": 0, "password": null, "_winner": "p0x283991a2", "_our_name": "p0x283991a2"}