{"id": "battle-gen9randombattle-1894", "formatid": "gen9randombattle", "format": "[Gen 9] Random Battle", "players": ["p0x18941952", "p0y1894d93d"], "log": "|init|battle\n|title|p0x18941952 vs. p0y1894d93d\n|j|\u2606p0x18941952\n|j|\u2606p0y1894d93d\n|t:|1783561925\n|gametype|singles\n|player|p1|p0x18941952|170|\n|player|p2|p0y1894d93d|169|\n|gen|9\n|tier|[Gen 9] Random Battle\n|rule|Species Clause: Limit one of each Pok\u00e9mon\n|rule|HP Percentage Mod: HP is shown in percentages\n|rule|Sleep Clause Mod: Limit one foe put to sleep\n|rule|Illusion Level Mod: Illusion disguises the Pok\u00e9mon's true level\n|\n|t:|1783561926\n|teamsize|p1|6\n|teamsize|p2|6\n|start\n|switch|p1a: Hitmontop|Hitmontop, L88, M|100/100\n|switch|p2a: Pachirisu|Pachirisu, L96, F|271/271\n|-ability|p1a: Hitmontop|Intimidate|boost\n|-unboost|p2a: Pachirisu|atk|1\n|turn|1\n|inactive|Battle timer is ON: inactive players will automatically lose when time's up. (requested by p0x18941952)\n|inactive|Time left: 300 sec this turn | 300 sec total | 60 sec grace\n|inactive|p0y1894d93d also wants the timer to be on.\n|\n|t:|1783561927\n|move|p2a: Pachirisu|Super Fang|p1a: Hitmontop|[miss]\n|-miss|p2a: Pachirisu|p1a: Hitmontop\n|move|p1a: Hitmontop|Close Combat|p2a: Pachirisu\n|-crit|p2a: Pachirisu\n|-damage|p2a: Pachirisu|55/271\n|-unboost|p1a: Hitmontop|def|1\n|-unboost|p1a: Hitmontop|spd|1\n|\n|upkeep\n|turn|2\n|inactive|Time left: 300 sec this turn | 300 sec total\n|\n|t:|1783561928\n|switch|p1a: Mightyena|Mightyena, L96, F|100/100\n|-ability|p1a: Mightyena|Intimidate|boost\n|-unboost|p2a: Pachirisu|atk|1\n|move|p2a: Pachirisu|Super Fang|p1a: Mightyena\n|-damage|p1a: Mightyena|50/100\n|\n|-heal|p1a: Mightyena|57/100|[from] item: Leftovers\n|upkeep\n|turn|3\n|inactive|Time left: 300 sec this turn | 300 sec total\n|\n|t:|1783561929\n|switch|p2a: Qwilfish|Qwilfish, L86, M|252/252\n|-ability|p2a: Qwilfish|Intimidate|boost\n|-unboost|p1a: Mightyena|atk|1\n|move|p1a: Mightyena|Sucker Punch||[still]\n|-fail|p1a: Mightyena\n|\n|-heal|p1a: Mightyena|63/100|[from] item: Leftovers\n|upkeep\n|turn|4\n|inactive|Time left: 300 sec this turn | 300 sec total\n|\n|t:|1783561930\n|switch|p1a: Toxicroak|Toxicroak, L84, F|100/100\n|move|p2a: Qwilfish|Toxic|p1a: Toxicroak\n|-immune|p1a: Toxicroak\n|\n|upkeep\n|turn|5\n|inactive|Time left: 300 sec this turn | 300 sec total\n|\n|t:|1783561931\n|switch|p2a: Malamar|Malamar, L82, M|275/275\n|move|p1a: Toxicroak|Swords Dance|p1a: Toxicroak\n|-boost|p1a: Toxicroak|atk|2\n|\n|upkeep\n|turn|6\n|inactive|Time left: 300 sec this turn | 300 sec total\n|\n|t:|1783561932\n|switch|p2a: Uxie|Uxie, L83|260/260\n|move|p1a: Toxicroak|Gunk Shot|p2a: Uxie\n|-damage|p2a: Uxie|0 fnt\n|faint|p2a: Uxie\n|-damage|p1a: Toxicroak|91/100|[from] item: Life Orb\n|\n|upkeep\n|inactive|Time left: 300 sec this turn | 300 sec total | 5 sec grace\n|\n|t:|1783561933\n|switch|p2a: Pachirisu|Pachirisu, L96, F|55/271\n|turn|7\n|inactive|Time left: 300 sec this turn | 300 sec total\n|\n|t:|1783561934\n|move|p2a: Pachirisu|Super Fang|p1a: Toxicroak\n|-damage|p1a: Toxicroak|46/100\n|move|p1a: Toxicroak|Earthquake|p2a: Pachirisu\n|-supereffective|p2a: Pachirisu\n|-damage|p2a: Pachirisu|0 fnt\n|faint|p2a: Pachirisu\n|-damage|p1a: Toxicroak|36/100|[from] item: Life Orb\n|\n|upkeep\n|inactive|Time left: 300 sec this turn | 300 sec total | 5 sec grace\n|\n|t:|1783561935\n|switch|p2a: Pikachu|Pikachu-Hoenn, L93, M|216/216\n|turn|8\n|inactive|Time left: 300 sec this turn | 300 sec total\n|\n|t:|1783561936\n|-terastallize|p1a: Toxicroak|Ground\n|move|p2a: Pikachu|Play Rough|p1a: Toxicroak|[miss]\n|-miss|p2a: Pikachu|p1a: Toxicroak\n|move|p1a: Toxicroak|Earthquake|p2a: Pikachu\n|-supereffective|p2a: Pikachu\n|-damage|p2a: Pikachu|0 fnt\n|faint|p2a: Pikachu\n|-damage|p1a: Toxicroak|26/100|[from] item: Life Orb\n|\n|upkeep\n|inactive|Time left: 300 sec this turn | 300 sec total | 5 sec grace\n|\n|t:|1783561937\n|switch|p2a: Keldeo|Keldeo-Resolute, L79|273/273\n|turn|9\n|inactive|Time left: 300 sec this turn | 300 sec total\n|\n|t:|1783561937\n|switch|p1a: Misdreavus|Misdreavus, L90, F|100/100\n|move|p2a: Keldeo|Secret Sword|p1a: Misdreavus\n|-immune|p1a: Misdreavus\n|\n|upkeep\n|turn|10\n|inactive|Time left: 300 sec this turn | 300 sec total\n|\n|t:|1783561938\n|move|p2a: Keldeo|Calm Mind|p2a: Keldeo\n|-boost|p2a: Keldeo|spa|1\n|-boost|p2a: Keldeo|spd|1\n|move|p1a: Misdreavus|Calm Mind|p1a: Misdreavus\n|-boost|p1a: Misdreavus|spa|1\n|-boost|p1a: Misdreavus|spd|1\n|\n|upkeep\n|turn|11\n|inactive|Time left: 300 sec this turn | 300 sec total\n|\n|t:|1783561939\n|move|p2a: Keldeo|Calm Mind|p2a: Keldeo\n|-boost|p2a: Keldeo|spa|1\n|-boost|p2a: Keldeo|spd|1\n|move|p1a: Misdreavus|Calm Mind|p1a: Misdreavus\n|-boost|p1a: Misdreavus|spa|1\n|-boost|p1a: Misdreavus|spd|1\n|\n|upkeep\n|turn|12\n|inactive|Time left: 300 sec this turn | 300 sec total\n|\n|t:|1783561940\n|move|p2a: Keldeo|Calm Mind|p2a: Keldeo\n|-boost|p2a: Keldeo|spa|1\n|-boost|p2a: Keldeo|spd|1\n|move|p1a: Misdreavus|Shadow Ball|p2a: Keldeo\n|-damage|p2a: Keldeo|203/273\n|\n|upkeep\n|turn|13\n|inactive|Time left: 300 sec this turn | 300 sec total\n|\n|t:|1783561940\n|move|p2a: Keldeo|Calm Mind|p2a: Keldeo\n|-boost|p2a: Keldeo|spa|1\n|-boost|p2a: Keldeo|spd|1\n|move|p1a: Misdreavus|Draining Kiss|p2a: Keldeo\n|-supereffective|p2a: Keldeo\n|-damage|p2a: Keldeo|151/273\n|\n|upkeep\n|turn|14\n|inactive|Time left: 300 sec this turn | 300 sec total\n|\n|t:|1783561941\n|move|p2a: Keldeo|Hydro Pump|p1a: Misdreavus|[miss]\n|-miss|p2a: Keldeo|p1a: Misdreavus\n|move|p1a: Misdreavus|Shadow Ball|p2a: Keldeo\n|-damage|p2a: Keldeo|88/273\n|\n|upkeep\n|turn|15\n|inactive|Time left: 300 sec this turn | 300 sec total\n|\n|t:|1783561942\n|move|p2a: Keldeo|Hydro Pump|p1a: Misdreavus\n|-damage|p1a: Misdreavus|42/100\n|-damage|p2a: Keldeo|61/273|[from] item: Life Orb\n|move|p1a: Misdreavus|Shadow Ball|p2a: Keldeo\n|-damage|p2a: Keldeo|3/273\n|\n|upkeep\n|turn|16\n|inactive|Time left: 300 sec this turn | 300 sec total\n|\n|t:|1783561943\n|switch|p1a: Toxicroak|Toxicroak, L84, F, tera:Ground|26/100\n|move|p2a: Keldeo|Hydro Pump|p1a: Toxicroak\n|-heal|p1a: Toxicroak|51/100|[from] ability: Dry Skin|[of] p2a: Keldeo\n|\n|upkeep\n|turn|17\n|inactive|Time left: 300 sec this turn | 300 sec total\n|\n|t:|1783561944\n|move|p2a: Keldeo|Secret Sword|p1a: Toxicroak\n|-damage|p1a: Toxicroak|0 fnt\n|faint|p1a: Toxicroak\n|-damage|p2a: Keldeo|0 fnt|[from] item: Life Orb\n|faint|p2a: Keldeo\n|\n|upkeep\n|inactive|Time left: 300 sec this turn | 300 sec total | 5 sec grace\n|\n|t:|1783561945\n|switch|p2a: Malamar|Malamar, L82, M|275/275\n|switch|p1a: Rotom|Rotom-Fan, L86|100/100\n|turn|18\n|inactive|Time left: 300 sec this turn | 300 sec total\n|\n|t:|1783561946\n|move|p1a: Rotom|Air Slash|p2a: Malamar\n|-damage|p2a: Malamar|175/275\n|move|p2a: Malamar|Superpower|p1a: Rotom\n|-resisted|p1a: Rotom\n|-damage|p1a: Rotom|87/100\n|-boost|p2a: Malamar|atk|1\n|-boost|p2a: Malamar|def|1\n|\n|upkeep\n|turn|19\n|inactive|Time left: 300 sec this turn | 300 sec total\n|\n|t:|1783561947\n|move|p1a: Rotom|Air Slash|p2a: Malamar|[miss]\n|-miss|p1a: Rotom|p2a: Malamar\n|move|p2a: Malamar|Rest|p2a: Malamar\n|-status|p2a: Malamar|slp|[from] move: Rest\n|-heal|p2a: Malamar|275/275 slp|[silent]\n|-enditem|p2a: Malamar|Chesto Berry|[eat]\n|-curestatus|p2a: Malamar|slp|[msg]\n|\n|upkeep\n|turn|20\n|inactive|Time left: 300 sec this turn | 300 sec total\n|\n|t:|1783561947\n|move|p1a: Rotom|Will-O-Wisp|p2a: Malamar\n|-status|p2a: Malamar|brn\n|move|p2a: Malamar|Knock Off|p1a: Rotom\n|-damage|p1a: Rotom|61/100\n|-enditem|p1a: Rotom|Heavy-Duty Boots|[from] move: Knock Off|[of] p2a: Malamar\n|\n|-damage|p2a: Malamar|258/275 brn|[from] brn\n|upkeep\n|turn|21\n|inactive|Time left: 300 sec this turn | 300 sec total\n|\n|t:|1783561949\n|move|p1a: Rotom|Thunderbolt|p2a: Malamar\n|-damage|p2a: Malamar|132/275 brn\n|move|p2a: Malamar|Rest|p2a: Malamar\n|-status|p2a: Malamar|slp|[from] move: Rest\n|-heal|p2a: Malamar|275/275 slp|[silent]\n|\n|upkeep\n|turn|22\n|inactive|Time left: 300 sec this turn | 300 sec total\n|\n|t:|1783561950\n|move|p1a: Rotom|Thunderbolt|p2a: Malamar\n|-damage|p2a: Malamar|152/275 slp\n|cant|p2a: Malamar|slp\n|\n|upkeep\n|turn|23\n|inactive|Time left: 300 sec this turn | 300 sec total\n|\n|t:|1783561951\n|move|p1a: Rotom|Thunderbolt|p2a: Malamar\n|-damage|p2a: Malamar|31/275 slp\n|cant|p2a: Malamar|slp\n|\n|upkeep\n|turn|24\n|inactive|Time left: 300 sec this turn | 300 sec total\n|\n|t:|1783561952\n|move|p1a: Rotom|Thunderbolt|p2a: Malamar\n|-damage|p2a: Malamar|0 fnt\n|faint|p2a: Malamar\n|\n|upkeep\n|inactive|Time left: 300 sec this turn | 300 sec total | 5 sec grace\n|\n|t:|1783561953\n|switch|p2a: Qwilfish|Qwilfish, L86, M|252/252\n|-ability|p2a: Qwilfish|Intimidate|boost\n|-unboost|p1a: Rotom|atk|1\n|turn|25\n|inactive|Time left: 300 sec this turn | 300 sec total\n|\n|t:|1783561953\n|-terastallize|p2a: Qwilfish|Grass\n|move|p1a: Rotom|Thunderbolt|p2a: Qwilfish\n|-resisted|p2a: Qwilfish\n|-damage|p2a: Qwilfish|177/252\n|move|p2a: Qwilfish|Gunk Shot|p1a: Rotom\n|-damage|p1a: Rotom|8/100\n|-status|p1a: Rotom|psn\n|\n|-damage|p1a: Rotom|0 fnt|[from] psn\n|faint|p1a: Rotom\n|upkeep\n|\n|t:|1783561954\n|switch|p1a: Kricketune|Kricketune, L99, F|100/100\n|turn|26\n|inactive|Time left: 300 sec this turn | 300 sec total\n|\n|t:|1783561955\n|move|p2a: Qwilfish|Pain Split|p1a: Kricketune\n|-sethp|p1a: Kricketune|79/100|[from] move: Pain Split|[silent]\n|-sethp|p2a: Qwilfish|244/252|[from] move: Pain Split\n|move|p1a: Kricketune|Pounce|p2a: Qwilfish\n|-supereffective|p2a: Qwilfish\n|-damage|p2a: Qwilfish|40/252\n|-unboost|p2a: Qwilfish|spe|1\n|\n|upkeep\n|turn|27\n|inactive|Time left: 300 sec this turn | 300 sec total\n|\n|t:|1783561956\n|move|p1a: Kricketune|Pounce|p2a: Qwilfish\n|-supereffective|p2a: Qwilfish\n|-damage|p2a: Qwilfish|0 fnt\n|faint|p2a: Qwilfish\n|\n|win|p0x18941952", "uploadtime": 1783561956, "views": 0, "rating": 0, "private": 0, "password": null, "_winner": "p0x18941952", "_our_name": "p0y1894d93d"}