{"id": "battle-gen9randombattle-2376", "formatid": "gen9randombattle", "format": "[Gen 9] Random Battle", "players": ["p0x2376b97d", "p0y2376c05a"], "log": "|init|battle\n|title|p0x2376b97d vs. p0y2376c05a\n|j|\u2606p0x2376b97d\n|j|\u2606p0y2376c05a\n|t:|1783567597\n|gametype|singles\n|player|p1|p0x2376b97d|1|\n|player|p2|p0y2376c05a|265|\n|gen|9\n|tier|[Gen 9] Random Battle\n|rule|Species Clause: Limit one of each Pok\u00e9mon\n|rule|HP Percentage Mod: HP is shown in percentages\n|rule|Sleep Clause Mod: Limit one foe put to sleep\n|rule|Illusion Level Mod: Illusion disguises the Pok\u00e9mon's true level\n|\n|t:|1783567597\n|teamsize|p1|6\n|teamsize|p2|6\n|start\n|switch|p1a: Hoopa|Hoopa-Unbound, L80|100/100\n|switch|p2a: Noivern|Noivern, L82, F|274/274\n|turn|1\n|inactive|Battle timer is ON: inactive players will automatically lose when time's up. (requested by p0x2376b97d)\n|inactive|Time left: 300 sec this turn | 300 sec total | 60 sec grace\n|inactive|p0y2376c05a also wants the timer to be on.\n|\n|t:|1783567598\n|move|p2a: Noivern|U-turn|p1a: Hoopa\n|-supereffective|p1a: Hoopa\n|-damage|p1a: Hoopa|23/100\n|inactive|Time left: 300 sec this turn | 300 sec total | 65 sec grace\n|\n|t:|1783567600\n|switch|p2a: Greedent|Greedent, L86, F|347/347|[from] U-turn\n|move|p1a: Hoopa|Psychic|p2a: Greedent\n|-damage|p2a: Greedent|203/347\n|\n|upkeep\n|turn|2\n|inactive|Time left: 300 sec this turn | 300 sec total\n|\n|t:|1783567601\n|move|p1a: Hoopa|Focus Blast|p2a: Greedent\n|-supereffective|p2a: Greedent\n|-damage|p2a: Greedent|0 fnt\n|faint|p2a: Greedent\n|\n|upkeep\n|inactive|Time left: 300 sec this turn | 300 sec total | 5 sec grace\n|\n|t:|1783567602\n|switch|p2a: Noivern|Noivern, L82, F|274/274\n|turn|3\n|inactive|Time left: 300 sec this turn | 300 sec total\n|\n|t:|1783567603\n|switch|p1a: Jirachi|Jirachi, L80|100/100\n|move|p2a: Noivern|Boomburst|p1a: Jirachi\n|-resisted|p1a: Jirachi\n|-damage|p1a: Jirachi|79/100\n|\n|-heal|p1a: Jirachi|85/100|[from] item: Leftovers\n|upkeep\n|turn|4\n|inactive|Time left: 300 sec this turn | 300 sec total\n|\n|t:|1783567604\n|move|p2a: Noivern|Boomburst|p1a: Jirachi\n|-resisted|p1a: Jirachi\n|-damage|p1a: Jirachi|62/100\n|move|p1a: Jirachi|Stealth Rock|p2a: Noivern\n|-sidestart|p2: p0y2376c05a|move: Stealth Rock\n|\n|-heal|p1a: Jirachi|68/100|[from] item: Leftovers\n|upkeep\n|turn|5\n|inactive|Time left: 300 sec this turn | 300 sec total\n|\n|t:|1783567605\n|move|p2a: Noivern|Boomburst|p1a: Jirachi\n|-resisted|p1a: Jirachi\n|-crit|p1a: Jirachi\n|-damage|p1a: Jirachi|36/100\n|move|p1a: Jirachi|Body Slam|p2a: Noivern\n|-damage|p2a: Noivern|216/274\n|-status|p2a: Noivern|par\n|\n|-heal|p1a: Jirachi|42/100|[from] item: Leftovers\n|upkeep\n|turn|6\n|inactive|Time left: 300 sec this turn | 300 sec total\n|\n|t:|1783567606\n|move|p1a: Jirachi|Iron Head|p2a: Noivern\n|-damage|p2a: Noivern|132/274 par\n|move|p2a: Noivern|Boomburst|p1a: Jirachi\n|-resisted|p1a: Jirachi\n|-damage|p1a: Jirachi|17/100\n|\n|-heal|p1a: Jirachi|23/100|[from] item: Leftovers\n|upkeep\n|turn|7\n|inactive|Time left: 300 sec this turn | 300 sec total\n|\n|t:|1783567607\n|move|p1a: Jirachi|Iron Head|p2a: Noivern\n|-damage|p2a: Noivern|36/274 par\n|move|p2a: Noivern|Boomburst|p1a: Jirachi\n|-resisted|p1a: Jirachi\n|-damage|p1a: Jirachi|0 fnt\n|faint|p1a: Jirachi\n|\n|upkeep\n|\n|t:|1783567608\n|switch|p1a: Muk|Muk-Alola, L82, F|100/100\n|turn|8\n|inactive|Time left: 300 sec this turn | 300 sec total\n|\n|t:|1783567609\n|move|p1a: Muk|Knock Off|p2a: Noivern\n|-damage|p2a: Noivern|0 fnt\n|-enditem|p2a: Noivern|Choice Specs|[from] move: Knock Off|[of] p1a: Muk\n|faint|p2a: Noivern\n|\n|upkeep\n|inactive|Time left: 300 sec this turn | 300 sec total | 5 sec grace\n|\n|t:|1783567610\n|switch|p2a: Kyurem|Kyurem, L77|319/319\n|-ability|p2a: Kyurem|Pressure\n|turn|9\n|inactive|Time left: 300 sec this turn | 300 sec total\n|\n|t:|1783567611\n|move|p2a: Kyurem|Outrage|p1a: Muk\n|-damage|p1a: Muk|48/100\n|move|p1a: Muk|Knock Off|p2a: Kyurem\n|-damage|p2a: Kyurem|214/319\n|-enditem|p2a: Kyurem|Heavy-Duty Boots|[from] move: Knock Off|[of] p1a: Muk\n|\n|upkeep\n|turn|10\n|inactive|Time left: 300 sec this turn | 300 sec total\n|\n|t:|1783567612\n|switch|p1a: Arcanine|Arcanine, L84, F|100/100\n|-ability|p1a: Arcanine|Intimidate|boost\n|-unboost|p2a: Kyurem|atk|1\n|move|p2a: Kyurem|Outrage|p1a: Arcanine|[from] lockedmove\n|-damage|p1a: Arcanine|67/100\n|-start|p2a: Kyurem|confusion|[fatigue]\n|\n|upkeep\n|turn|11\n|inactive|Time left: 300 sec this turn | 300 sec total\n|\n|t:|1783567613\n|move|p1a: Arcanine|Morning Sun|p1a: Arcanine\n|-heal|p1a: Arcanine|100/100\n|-activate|p2a: Kyurem|confusion\n|move|p2a: Kyurem|Earth Power|p1a: Arcanine\n|-supereffective|p1a: Arcanine\n|-damage|p1a: Arcanine|54/100\n|\n|upkeep\n|turn|12\n|inactive|Time left: 300 sec this turn | 300 sec total\n|\n|t:|1783567614\n|switch|p2a: Iron Moth|Iron Moth, L78|253/253\n|move|p1a: Arcanine|Morning Sun|p1a: Arcanine\n|-heal|p1a: Arcanine|100/100\n|\n|upkeep\n|turn|13\n|inactive|Time left: 300 sec this turn | 300 sec total\n|\n|t:|1783567615\n|switch|p1a: Muk|Muk-Alola, L82, F|48/100\n|move|p2a: Iron Moth|Sludge Wave|p1a: Muk\n|-resisted|p1a: Muk\n|-damage|p1a: Muk|37/100\n|\n|upkeep\n|turn|14\n|inactive|Time left: 300 sec this turn | 300 sec total\n|\n|t:|1783567616\n|move|p2a: Iron Moth|Fire Blast|p1a: Muk\n|-damage|p1a: Muk|10/100\n|move|p1a: Muk|Knock Off|p2a: Iron Moth\n|-damage|p2a: Iron Moth|103/253\n|-enditem|p2a: Iron Moth|Heavy-Duty Boots|[from] move: Knock Off|[of] p1a: Muk\n|\n|upkeep\n|turn|15\n|inactive|Time left: 300 sec this turn | 300 sec total\n|\n|t:|1783567617\n|move|p2a: Iron Moth|Sludge Wave|p1a: Muk\n|-resisted|p1a: Muk\n|-damage|p1a: Muk|0 fnt\n|faint|p1a: Muk\n|\n|upkeep\n|\n|t:|1783567618\n|switch|p1a: Sunflora|Sunflora, F|100/100\n|turn|16\n|inactive|Time left: 300 sec this turn | 300 sec total\n|\n|t:|1783567619\n|move|p2a: Iron Moth|Sludge Wave|p1a: Sunflora\n|-supereffective|p1a: Sunflora\n|-damage|p1a: Sunflora|41/100\n|move|p1a: Sunflora|Earth Power|p2a: Iron Moth\n|-supereffective|p2a: Iron Moth\n|-damage|p2a: Iron Moth|0 fnt\n|faint|p2a: Iron Moth\n|-end|p2a: Iron Moth|Quark Drive|[silent]\n|\n|upkeep\n|inactive|Time left: 300 sec this turn | 300 sec total | 5 sec grace\n|\n|t:|1783567620\n|switch|p2a: Shaymin|Shaymin, L82|298/298\n|-damage|p2a: Shaymin|261/298|[from] Stealth Rock\n|turn|17\n|inactive|Time left: 300 sec this turn | 300 sec total\n|\n|t:|1783567620\n|move|p2a: Shaymin|Air Slash|p1a: Sunflora\n|-supereffective|p1a: Sunflora\n|-damage|p1a: Sunflora|10/100\n|move|p1a: Sunflora|Earth Power|p2a: Shaymin\n|-resisted|p2a: Shaymin\n|-damage|p2a: Shaymin|197/298\n|\n|-heal|p2a: Shaymin|215/298|[from] item: Leftovers\n|upkeep\n|turn|18\n|inactive|Time left: 300 sec this turn | 300 sec total\n|\n|t:|1783567621\n|switch|p1a: Arcanine|Arcanine, L84, F|100/100\n|-ability|p1a: Arcanine|Intimidate|boost\n|-unboost|p2a: Shaymin|atk|1\n|move|p2a: Shaymin|Seed Flare|p1a: Arcanine\n|-resisted|p1a: Arcanine\n|-damage|p1a: Arcanine|77/100\n|-unboost|p1a: Arcanine|spd|2\n|\n|-heal|p2a: Shaymin|233/298|[from] item: Leftovers\n|upkeep\n|turn|19\n|inactive|Time left: 300 sec this turn | 300 sec total\n|\n|t:|1783567622\n|move|p2a: Shaymin|Air Slash|p1a: Arcanine\n|-damage|p1a: Arcanine|35/100\n|move|p1a: Arcanine|Flare Blitz|p2a: Shaymin\n|-supereffective|p2a: Shaymin\n|-damage|p2a: Shaymin|0 fnt\n|faint|p2a: Shaymin\n|-damage|p1a: Arcanine|8/100|[from] Recoil\n|\n|upkeep\n|inactive|Time left: 300 sec this turn | 300 sec total | 5 sec grace\n|\n|t:|1783567623\n|switch|p2a: Jolteon|Jolteon, L84, F|246/246\n|-damage|p2a: Jolteon|216/246|[from] Stealth Rock\n|turn|20\n|inactive|Time left: 300 sec this turn | 300 sec total\n|\n|t:|1783567623\n|switch|p1a: Venusaur|Venusaur, L84, M|100/100\n|move|p2a: Jolteon|Thunderbolt|p1a: Venusaur\n|-resisted|p1a: Venusaur\n|-damage|p1a: Venusaur|84/100\n|\n|-heal|p2a: Jolteon|231/246|[from] item: Leftovers\n|-heal|p1a: Venusaur|90/100|[from] item: Leftovers\n|upkeep\n|turn|21\n|inactive|Time left: 300 sec this turn | 300 sec total\n|\n|t:|1783567624\n|move|p2a: Jolteon|Calm Mind|p2a: Jolteon\n|-boost|p2a: Jolteon|spa|1\n|-boost|p2a: Jolteon|spd|1\n|move|p1a: Venusaur|Sludge Bomb|p2a: Jolteon\n|-damage|p2a: Jolteon|168/246\n|-status|p2a: Jolteon|psn\n|\n|-heal|p2a: Jolteon|183/246 psn|[from] item: Leftovers\n|-heal|p1a: Venusaur|96/100|[from] item: Leftovers\n|-damage|p2a: Jolteon|153/246 psn|[from] psn\n|upkeep\n|turn|22\n|inactive|Time left: 300 sec this turn | 300 sec total\n|\n|t:|1783567626\n|-terastallize|p2a: Jolteon|Ice\n|move|p2a: Jolteon|Tera Blast|p1a: Venusaur|[anim] Tera Blast Ice\n|-supereffective|p1a: Venusaur\n|-damage|p1a: Venusaur|3/100\n|move|p1a: Venusaur|Leech Seed|p2a: Jolteon\n|-start|p2a: Jolteon|move: Leech Seed\n|\n|-heal|p2a: Jolteon|168/246 psn|[from] item: Leftovers\n|-heal|p1a: Venusaur|10/100|[from] item: Leftovers\n|-damage|p2a: Jolteon|138/246 psn|[from] Leech Seed|[of] p1a: Venusaur\n|-heal|p1a: Venusaur|21/100|[silent]\n|-damage|p2a: Jolteon|108/246 psn|[from] psn\n|upkeep\n|turn|23\n|inactive|Time left: 300 sec this turn | 300 sec total\n|\n|t:|1783567627\n|move|p2a: Jolteon|Tera Blast|p1a: Venusaur|[anim] Tera Blast Ice\n|-supereffective|p1a: Venusaur\n|-damage|p1a: Venusaur|0 fnt\n|faint|p1a: Venusaur\n|\n|-heal|p2a: Jolteon|123/246 psn|[from] item: Leftovers\n|-damage|p2a: Jolteon|93/246 psn|[from] psn\n|upkeep\n|\n|t:|1783567628\n|switch|p1a: Hoopa|Hoopa-Unbound, L80|23/100\n|turn|24\n|inactive|Time left: 300 sec this turn | 300 sec total\n|\n|t:|1783567629\n|switch|p1a: Sunflora|Sunflora, F|10/100\n|move|p2a: Jolteon|Tera Blast|p1a: Sunflora|[anim] Tera Blast Ice\n|-supereffective|p1a: Sunflora\n|-damage|p1a: Sunflora|0 fnt\n|faint|p1a: Sunflora\n|\n|-heal|p2a: Jolteon|108/246 psn|[from] item: Leftovers\n|-damage|p2a: Jolteon|78/246 psn|[from] psn\n|upkeep\n|\n|t:|1783567630\n|switch|p1a: Hoopa|Hoopa-Unbound, L80|23/100\n|turn|25\n|inactive|Time left: 300 sec this turn | 300 sec total\n|\n|t:|1783567631\n|-terastallize|p1a: Hoopa|Fighting\n|move|p2a: Jolteon|Tera Blast|p1a: Hoopa|[anim] Tera Blast Ice\n|-crit|p1a: Hoopa\n|-damage|p1a: Hoopa|0 fnt\n|faint|p1a: Hoopa\n|\n|-heal|p2a: Jolteon|93/246 psn|[from] item: Leftovers\n|-damage|p2a: Jolteon|63/246 psn|[from] psn\n|upkeep\n|\n|t:|1783567632\n|switch|p1a: Arcanine|Arcanine, L84, F|8/100\n|-ability|p1a: Arcanine|Intimidate|boost\n|-unboost|p2a: Jolteon|atk|1\n|turn|26\n|inactive|Time left: 300 sec this turn | 300 sec total\n|\n|t:|1783567633\n|switch|p2a: Kyurem|Kyurem, L77|214/319\n|-damage|p2a: Kyurem|135/319|[from] Stealth Rock\n|-ability|p2a: Kyurem|Pressure\n|move|p1a: Arcanine|Morning Sun|p1a: Arcanine\n|-heal|p1a: Arcanine|58/100\n|\n|upkeep\n|turn|27\n|inactive|Time left: 300 sec this turn | 300 sec total\n|\n|t:|1783567634\n|move|p1a: Arcanine|Flare Blitz|p2a: Kyurem\n|-damage|p2a: Kyurem|0 fnt\n|faint|p2a: Kyurem\n|-damage|p1a: Arcanine|43/100|[from] Recoil\n|\n|upkeep\n|inactive|Time left: 300 sec this turn | 300 sec total | 5 sec grace\n|\n|t:|1783567635\n|switch|p2a: Jolteon|Jolteon, L84, F, tera:Ice|63/246 psn\n|-damage|p2a: Jolteon|2/246 psn|[from] Stealth Rock\n|turn|28\n|inactive|Time left: 300 sec this turn | 300 sec total\n|\n|t:|1783567635\n|move|p2a: Jolteon|Tera Blast|p1a: Arcanine|[anim] Tera Blast Ice\n|-resisted|p1a: Arcanine\n|-damage|p1a: Arcanine|25/100\n|move|p1a: Arcanine|Morning Sun|p1a: Arcanine\n|-heal|p1a: Arcanine|75/100\n|\n|-heal|p2a: Jolteon|17/246 psn|[from] item: Leftovers\n|-damage|p2a: Jolteon|0 fnt|[from] psn\n|faint|p2a: Jolteon\n|\n|win|p0x2376b97d", "uploadtime": 1783567635, "views": 0, "rating": 0, "private": 0, "password": null, "_winner": "p0x2376b97d", "_our_name": "p0y2376c05a"}