{"id": "battle-gen9randombattle-1317", "formatid": "gen9randombattle", "format": "[Gen 9] Random Battle", "players": ["p0x131710a5", "p0y131789e4"], "log": "|init|battle\n|title|p0x131710a5 vs. p0y131789e4\n|j|\u2606p0x131710a5\n|j|\u2606p0y131789e4\n|t:|1783555284\n|gametype|singles\n|player|p1|p0x131710a5|1|\n|player|p2|p0y131789e4|2|\n|gen|9\n|tier|[Gen 9] Random Battle\n|rule|Species Clause: Limit one of each Pok\u00e9mon\n|rule|HP Percentage Mod: HP is shown in percentages\n|rule|Sleep Clause Mod: Limit one foe put to sleep\n|rule|Illusion Level Mod: Illusion disguises the Pok\u00e9mon's true level\n|\n|t:|1783555284\n|teamsize|p1|6\n|teamsize|p2|6\n|start\n|switch|p1a: Grafaiai|Grafaiai, L86, M|249/249\n|switch|p2a: Goodra|Goodra, L85, M|100/100\n|turn|1\n|inactive|Battle timer is ON: inactive players will automatically lose when time's up. (requested by p0y131789e4)\n|inactive|Time left: 300 sec this turn | 300 sec total | 60 sec grace\n|inactive|p0x131710a5 also wants the timer to be on.\n|\n|t:|1783555286\n|move|p1a: Grafaiai|Swords Dance|p1a: Grafaiai\n|-boost|p1a: Grafaiai|atk|2\n|move|p2a: Goodra|Scald|p1a: Grafaiai\n|-damage|p1a: Grafaiai|175/249\n|\n|upkeep\n|turn|2\n|inactive|Time left: 300 sec this turn | 300 sec total\n|\n|t:|1783555287\n|move|p1a: Grafaiai|Gunk Shot|p2a: Goodra\n|-damage|p2a: Goodra|0 fnt\n|faint|p2a: Goodra\n|-damage|p1a: Grafaiai|151/249|[from] item: Life Orb\n|\n|upkeep\n|\n|t:|1783555288\n|switch|p2a: Barraskewda|Barraskewda, L81, F|100/100\n|turn|3\n|inactive|Time left: 300 sec this turn | 300 sec total\n|\n|t:|1783555289\n|switch|p1a: Vileplume|Vileplume, L85, F|266/266\n|move|p2a: Barraskewda|Waterfall|p1a: Vileplume\n|-resisted|p1a: Vileplume\n|-damage|p1a: Vileplume|194/266\n|\n|-heal|p1a: Vileplume|210/266|[from] item: Leftovers\n|upkeep\n|turn|4\n|inactive|Time left: 300 sec this turn | 300 sec total\n|\n|t:|1783555290\n|switch|p2a: Torterra|Torterra, L78, F|100/100\n|move|p1a: Vileplume|Sludge Bomb|p2a: Torterra\n|-damage|p2a: Torterra|53/100\n|-status|p2a: Torterra|psn\n|\n|-heal|p1a: Vileplume|226/266|[from] item: Leftovers\n|-damage|p2a: Torterra|41/100 psn|[from] psn\n|upkeep\n|turn|5\n|inactive|Time left: 300 sec this turn | 300 sec total\n|\n|t:|1783555291\n|switch|p2a: Grafaiai|Grafaiai, L86, M|100/100\n|move|p1a: Vileplume|Sludge Bomb|p2a: Grafaiai\n|-resisted|p2a: Grafaiai\n|-damage|p2a: Grafaiai|75/100\n|\n|-heal|p1a: Vileplume|242/266|[from] item: Leftovers\n|upkeep\n|turn|6\n|inactive|Time left: 300 sec this turn | 300 sec total\n|\n|t:|1783555292\n|move|p2a: Grafaiai|Gunk Shot|p1a: Vileplume\n|-damage|p1a: Vileplume|107/266\n|move|p1a: Vileplume|Strength Sap|p2a: Grafaiai\n|-unboost|p2a: Grafaiai|atk|1\n|-heal|p1a: Vileplume|266/266\n|\n|upkeep\n|turn|7\n|inactive|Time left: 300 sec this turn | 300 sec total\n|\n|t:|1783555293\n|move|p2a: Grafaiai|Parting Shot|p1a: Vileplume\n|-unboost|p1a: Vileplume|atk|1\n|-unboost|p1a: Vileplume|spa|1\n|\n|t:|1783555294\n|switch|p2a: Torterra|Torterra, L78, F|100/100|[from] Parting Shot\n|move|p1a: Vileplume|Giga Drain|p2a: Torterra\n|-damage|p2a: Torterra|60/100\n|replace|p2a: Zoroark|Zoroark-Hisui, L80, F\n|-end|p2a: Zoroark|Illusion\n|-hint|Illusion Level Mod is active, so this Pok\u00e9mon's true level was hidden.\n|\n|upkeep\n|turn|8\n|inactive|Time left: 300 sec this turn | 300 sec total\n|\n|t:|1783555295\n|move|p2a: Zoroark|Hyper Voice|p1a: Vileplume\n|-damage|p1a: Vileplume|100/266\n|move|p1a: Vileplume|Giga Drain|p2a: Zoroark\n|-damage|p2a: Zoroark|20/100\n|-heal|p1a: Vileplume|144/266|[from] drain|[of] p2a: Zoroark\n|\n|-heal|p1a: Vileplume|160/266|[from] item: Leftovers\n|upkeep\n|turn|9\n|inactive|Time left: 300 sec this turn | 300 sec total\n|\n|t:|1783555296\n|switch|p1a: Coalossal|Coalossal, L89, F|341/341\n|move|p2a: Zoroark|Hyper Voice|p1a: Coalossal\n|-resisted|p1a: Coalossal\n|-damage|p1a: Coalossal|270/341\n|\n|upkeep\n|turn|10\n|inactive|Time left: 300 sec this turn | 300 sec total\n|\n|t:|1783555297\n|move|p2a: Zoroark|Hyper Voice|p1a: Coalossal\n|-resisted|p1a: Coalossal\n|-damage|p1a: Coalossal|197/341\n|move|p1a: Coalossal|Stone Edge|p2a: Zoroark\n|-damage|p2a: Zoroark|0 fnt\n|faint|p2a: Zoroark\n|\n|upkeep\n|\n|t:|1783555298\n|switch|p2a: Mamoswine|Mamoswine, L81, F|100/100\n|turn|11\n|inactive|Time left: 300 sec this turn | 300 sec total\n|\n|t:|1783555299\n|switch|p1a: Articuno|Articuno, L86|295/295\n|-ability|p1a: Articuno|Pressure\n|move|p2a: Mamoswine|Earthquake|p1a: Articuno\n|-immune|p1a: Articuno\n|\n|upkeep\n|turn|12\n|inactive|Time left: 300 sec this turn | 300 sec total\n|\n|t:|1783555300\n|move|p1a: Articuno|Brave Bird|p2a: Mamoswine\n|-damage|p2a: Mamoswine|59/100\n|-damage|p1a: Articuno|252/295|[from] Recoil\n|move|p2a: Mamoswine|Stealth Rock|p1a: Articuno\n|-sidestart|p1: p0x131710a5|move: Stealth Rock\n|\n|upkeep\n|turn|13\n|inactive|Time left: 300 sec this turn | 300 sec total\n|\n|t:|1783555301\n|move|p1a: Articuno|Brave Bird|p2a: Mamoswine\n|-damage|p2a: Mamoswine|17/100\n|-damage|p1a: Articuno|209/295|[from] Recoil\n|move|p2a: Mamoswine|Icicle Crash|p1a: Articuno\n|-damage|p1a: Articuno|92/295\n|-damage|p2a: Mamoswine|7/100|[from] item: Life Orb\n|\n|upkeep\n|turn|14\n|inactive|Time left: 300 sec this turn | 300 sec total\n|\n|t:|1783555303\n|move|p1a: Articuno|Roost|p1a: Articuno\n|-heal|p1a: Articuno|240/295\n|-singleturn|p1a: Articuno|move: Roost\n|move|p2a: Mamoswine|Earthquake|p1a: Articuno\n|-damage|p1a: Articuno|87/295\n|-damage|p2a: Mamoswine|0 fnt|[from] item: Life Orb\n|faint|p2a: Mamoswine\n|\n|upkeep\n|\n|t:|1783555304\n|switch|p2a: Barraskewda|Barraskewda, L81, F|100/100\n|turn|15\n|inactive|Time left: 300 sec this turn | 300 sec total\n|\n|t:|1783555305\n|switch|p1a: Vileplume|Vileplume, L85, F|160/266\n|-damage|p1a: Vileplume|127/266|[from] Stealth Rock\n|move|p2a: Barraskewda|Waterfall|p1a: Vileplume\n|-resisted|p1a: Vileplume\n|-crit|p1a: Vileplume\n|-damage|p1a: Vileplume|26/266\n|\n|-heal|p1a: Vileplume|42/266|[from] item: Leftovers\n|upkeep\n|turn|16\n|inactive|Time left: 300 sec this turn | 300 sec total\n|\n|t:|1783555306\n|move|p2a: Barraskewda|Waterfall|p1a: Vileplume\n|-resisted|p1a: Vileplume\n|-damage|p1a: Vileplume|0 fnt\n|faint|p1a: Vileplume\n|\n|upkeep\n|inactive|Time left: 300 sec this turn | 300 sec total | 5 sec grace\n|\n|t:|1783555307\n|switch|p1a: Golduck|Golduck, L90, F|290/290\n|-damage|p1a: Golduck|254/290|[from] Stealth Rock\n|-ability|p1a: Golduck|Cloud Nine\n|turn|17\n|inactive|Time left: 300 sec this turn | 300 sec total\n|\n|t:|1783555308\n|move|p2a: Barraskewda|Waterfall|p1a: Golduck\n|-resisted|p1a: Golduck\n|-damage|p1a: Golduck|176/290\n|move|p1a: Golduck|Grass Knot|p2a: Barraskewda\n|-supereffective|p2a: Barraskewda\n|-damage|p2a: Barraskewda|15/100\n|-damage|p1a: Golduck|147/290|[from] item: Life Orb\n|\n|upkeep\n|turn|18\n|inactive|Time left: 300 sec this turn | 300 sec total\n|\n|t:|1783555309\n|move|p2a: Barraskewda|Waterfall|p1a: Golduck\n|-resisted|p1a: Golduck\n|-damage|p1a: Golduck|78/290\n|move|p1a: Golduck|Grass Knot|p2a: Barraskewda\n|-supereffective|p2a: Barraskewda\n|-damage|p2a: Barraskewda|0 fnt\n|faint|p2a: Barraskewda\n|-damage|p1a: Golduck|49/290|[from] item: Life Orb\n|\n|upkeep\n|\n|t:|1783555310\n|switch|p2a: Grafaiai|Grafaiai, L86, M|75/100\n|turn|19\n|inactive|Time left: 300 sec this turn | 300 sec total\n|\n|t:|1783555311\n|switch|p1a: Diancie|Diancie, L82|216/216\n|-damage|p1a: Diancie|189/216|[from] Stealth Rock\n|move|p2a: Grafaiai|Knock Off|p1a: Diancie\n|-resisted|p1a: Diancie\n|-damage|p1a: Diancie|166/216\n|-enditem|p1a: Diancie|Leftovers|[from] move: Knock Off|[of] p2a: Grafaiai\n|\n|upkeep\n|turn|20\n|inactive|Time left: 300 sec this turn | 300 sec total\n|\n|t:|1783555312\n|move|p2a: Grafaiai|Gunk Shot|p1a: Diancie\n|-damage|p1a: Diancie|79/216\n|-status|p1a: Diancie|psn\n|move|p1a: Diancie|Diamond Storm|p2a: Grafaiai\n|-damage|p2a: Grafaiai|23/100\n|\n|-damage|p1a: Diancie|52/216 psn|[from] psn\n|upkeep\n|turn|21\n|inactive|Time left: 300 sec this turn | 300 sec total\n|\n|t:|1783555313\n|move|p2a: Grafaiai|Gunk Shot|p1a: Diancie\n|-damage|p1a: Diancie|0 fnt\n|faint|p1a: Diancie\n|\n|upkeep\n|inactive|Time left: 300 sec this turn | 300 sec total | 5 sec grace\n|\n|t:|1783555314\n|switch|p1a: Grafaiai|Grafaiai, L86, M|151/249\n|-damage|p1a: Grafaiai|120/249|[from] Stealth Rock\n|turn|22\n|inactive|Time left: 300 sec this turn | 300 sec total\n|\n|t:|1783555315\n|-terastallize|p2a: Grafaiai|Dark\n|move|p1a: Grafaiai|Low Kick|p2a: Grafaiai\n|-supereffective|p2a: Grafaiai\n|-damage|p2a: Grafaiai|0 fnt\n|faint|p2a: Grafaiai\n|-damage|p1a: Grafaiai|96/249|[from] item: Life Orb\n|\n|upkeep\n|\n|t:|1783555316\n|switch|p2a: Torterra|Torterra, L78, F|41/100 psn\n|turn|23\n|inactive|Time left: 300 sec this turn | 300 sec total\n|\n|t:|1783555317\n|-terastallize|p1a: Grafaiai|Dark\n|move|p1a: Grafaiai|Low Kick|p2a: Torterra\n|-damage|p2a: Torterra|0 fnt\n|faint|p2a: Torterra\n|-damage|p1a: Grafaiai|72/249|[from] item: Life Orb\n|\n|win|p0x131710a5", "uploadtime": 1783555317, "views": 0, "rating": 0, "private": 0, "password": null, "_winner": "p0x131710a5", "_our_name": "p0x131710a5"}