{"id": "battle-gen9randombattle-1476", "formatid": "gen9randombattle", "format": "[Gen 9] Random Battle", "players": ["p0x147617b5", "p0y14769f09"], "log": "|init|battle\n|title|p0x147617b5 vs. p0y14769f09\n|j|\u2606p0x147617b5\n|j|\u2606p0y14769f09\n|t:|1783557180\n|gametype|singles\n|player|p1|p0x147617b5|102|\n|player|p2|p0y14769f09|265|\n|gen|9\n|tier|[Gen 9] Random Battle\n|rule|Species Clause: Limit one of each Pok\u00e9mon\n|rule|HP Percentage Mod: HP is shown in percentages\n|rule|Sleep Clause Mod: Limit one foe put to sleep\n|rule|Illusion Level Mod: Illusion disguises the Pok\u00e9mon's true level\n|\n|t:|1783557180\n|teamsize|p1|6\n|teamsize|p2|6\n|start\n|switch|p1a: Florges|Florges-Blue, L85, F|271/271\n|switch|p2a: Keldeo|Keldeo-Resolute, L79|100/100\n|turn|1\n|inactive|Battle timer is ON: inactive players will automatically lose when time's up. (requested by p0x147617b5)\n|\n|t:|1783557181\n|switch|p2a: Ogerpon|Ogerpon-Hearthflame, L74, F|100/100\n|-ability|p2a: Ogerpon|Mold Breaker\n|move|p1a: Florges|Moonblast|p2a: Ogerpon\n|-resisted|p2a: Ogerpon\n|-damage|p2a: Ogerpon|76/100\n|-unboost|p2a: Ogerpon|spa|1\n|\n|upkeep\n|turn|2\n|inactive|p0y14769f09 also wants the timer to be on.\n|inactive|Time left: 300 sec this turn | 300 sec total\n|\n|t:|1783557183\n|switch|p1a: Pelipper|Pelipper, L86, F|243/243\n|-weather|RainDance|[from] ability: Drizzle|[of] p1a: Pelipper\n|move|p2a: Ogerpon|Swords Dance|p2a: Ogerpon\n|-boost|p2a: Ogerpon|atk|2\n|\n|-weather|RainDance|[upkeep]\n|upkeep\n|turn|3\n|inactive|Time left: 300 sec this turn | 300 sec total\n|\n|t:|1783557184\n|move|p2a: Ogerpon|Horn Leech|p1a: Pelipper\n|-damage|p1a: Pelipper|90/243\n|-heal|p2a: Ogerpon|100/100|[from] drain|[of] p1a: Pelipper\n|move|p1a: Pelipper|Weather Ball|p2a: Ogerpon\n|-damage|p2a: Ogerpon|0 fnt\n|faint|p2a: Ogerpon\n|\n|-weather|RainDance|[upkeep]\n|upkeep\n|\n|t:|1783557184\n|switch|p2a: Palkia|Palkia-Origin, L72|100/100\n|-ability|p2a: Palkia|Pressure\n|turn|4\n|inactive|Time left: 300 sec this turn | 300 sec total\n|\n|t:|1783557185\n|switch|p1a: Florges|Florges-Blue, L85, F|271/271\n|move|p2a: Palkia|Hydro Pump|p1a: Florges\n|-damage|p1a: Florges|130/271\n|\n|-weather|RainDance|[upkeep]\n|-heal|p1a: Florges|146/271|[from] item: Leftovers\n|upkeep\n|turn|5\n|inactive|Time left: 300 sec this turn | 300 sec total\n|\n|t:|1783557186\n|move|p2a: Palkia|Hydro Pump|p1a: Florges\n|-damage|p1a: Florges|2/271\n|move|p1a: Florges|Moonblast|p2a: Palkia\n|-supereffective|p2a: Palkia\n|-damage|p2a: Palkia|11/100\n|\n|-weather|RainDance|[upkeep]\n|-heal|p1a: Florges|18/271|[from] item: Leftovers\n|upkeep\n|turn|6\n|inactive|Time left: 300 sec this turn | 300 sec total\n|\n|t:|1783557187\n|move|p2a: Palkia|Hydro Pump|p1a: Florges|[miss]\n|-miss|p2a: Palkia|p1a: Florges\n|move|p1a: Florges|Moonblast|p2a: Palkia\n|-supereffective|p2a: Palkia\n|-damage|p2a: Palkia|0 fnt\n|faint|p2a: Palkia\n|\n|-weather|none\n|-heal|p1a: Florges|34/271|[from] item: Leftovers\n|upkeep\n|\n|t:|1783557188\n|switch|p2a: Tornadus|Tornadus, L82, M|100/100\n|turn|7\n|inactive|Time left: 300 sec this turn | 300 sec total\n|\n|t:|1783557189\n|move|p1a: Florges|Protect|p1a: Florges\n|-singleturn|p1a: Florges|Protect\n|move|p2a: Tornadus|Bleakwind Storm|p1a: Florges\n|-activate|p1a: Florges|move: Protect\n|\n|-heal|p1a: Florges|50/271|[from] item: Leftovers\n|upkeep\n|turn|8\n|inactive|Time left: 300 sec this turn | 300 sec total\n|\n|t:|1783557190\n|move|p2a: Tornadus|Bleakwind Storm|p1a: Florges\n|-crit|p1a: Florges\n|-damage|p1a: Florges|0 fnt\n|faint|p1a: Florges\n|\n|upkeep\n|inactive|Time left: 300 sec this turn | 300 sec total | 5 sec grace\n|\n|t:|1783557192\n|switch|p1a: Iron Bundle|Iron Bundle, L78|215/215\n|turn|9\n|inactive|Time left: 300 sec this turn | 300 sec total\n|\n|t:|1783557193\n|move|p1a: Iron Bundle|Ice Beam|p2a: Tornadus\n|-supereffective|p2a: Tornadus\n|-damage|p2a: Tornadus|0 fnt\n|faint|p2a: Tornadus\n|\n|upkeep\n|\n|t:|1783557194\n|switch|p2a: Keldeo|Keldeo-Resolute, L79|100/100\n|turn|10\n|inactive|Time left: 300 sec this turn | 300 sec total\n|\n|t:|1783557195\n|-end|p1a: Iron Bundle|Quark Drive|[silent]\n|switch|p1a: Zebstrika|Zebstrika, L87, F|272/272\n|move|p2a: Keldeo|Hydro Pump|p1a: Zebstrika\n|-damage|p1a: Zebstrika|127/272\n|\n|upkeep\n|turn|11\n|inactive|Time left: 300 sec this turn | 300 sec total\n|\n|t:|1783557196\n|move|p2a: Keldeo|Hydro Pump|p1a: Zebstrika\n|-damage|p1a: Zebstrika|0 fnt\n|faint|p1a: Zebstrika\n|\n|upkeep\n|inactive|Time left: 300 sec this turn | 300 sec total | 5 sec grace\n|\n|t:|1783557197\n|switch|p1a: Iron Bundle|Iron Bundle, L78|215/215\n|turn|12\n|inactive|Time left: 300 sec this turn | 300 sec total\n|\n|t:|1783557198\n|move|p2a: Keldeo|Hydro Pump|p1a: Iron Bundle\n|-resisted|p1a: Iron Bundle\n|-damage|p1a: Iron Bundle|125/215\n|move|p1a: Iron Bundle|Freeze-Dry|p2a: Keldeo\n|-supereffective|p2a: Keldeo\n|-damage|p2a: Keldeo|16/100\n|\n|upkeep\n|turn|13\n|inactive|Time left: 300 sec this turn | 300 sec total\n|\n|t:|1783557199\n|move|p2a: Keldeo|Hydro Pump|p1a: Iron Bundle\n|-resisted|p1a: Iron Bundle\n|-damage|p1a: Iron Bundle|41/215\n|move|p1a: Iron Bundle|Freeze-Dry|p2a: Keldeo\n|-supereffective|p2a: Keldeo\n|-damage|p2a: Keldeo|0 fnt\n|faint|p2a: Keldeo\n|\n|upkeep\n|\n|t:|1783557200\n|switch|p2a: Orthworm|Orthworm, L88, M|100/100\n|turn|14\n|inactive|Time left: 300 sec this turn | 300 sec total\n|\n|t:|1783557201\n|move|p1a: Iron Bundle|Freeze-Dry|p2a: Orthworm\n|-resisted|p2a: Orthworm\n|-damage|p2a: Orthworm|70/100\n|move|p2a: Orthworm|Iron Tail|p1a: Iron Bundle\n|-damage|p1a: Iron Bundle|0 fnt\n|faint|p1a: Iron Bundle\n|-end|p1a: Iron Bundle|Quark Drive|[silent]\n|\n|upkeep\n|inactive|Time left: 300 sec this turn | 300 sec total | 5 sec grace\n|\n|t:|1783557202\n|switch|p1a: Pelipper|Pelipper, L86, F|90/243\n|-weather|RainDance|[from] ability: Drizzle|[of] p1a: Pelipper\n|turn|15\n|inactive|Time left: 300 sec this turn | 300 sec total\n|\n|t:|1783557203\n|switch|p2a: Whimsicott|Whimsicott, L84, M|100/100\n|move|p1a: Pelipper|Weather Ball|p2a: Whimsicott\n|-resisted|p2a: Whimsicott\n|-damage|p2a: Whimsicott|41/100\n|\n|-weather|RainDance|[upkeep]\n|-heal|p2a: Whimsicott|47/100|[from] item: Leftovers\n|upkeep\n|turn|16\n|inactive|Time left: 300 sec this turn | 300 sec total\n|\n|t:|1783557204\n|switch|p1a: Grafaiai|Grafaiai, L86, F|249/249\n|move|p2a: Whimsicott|Moonblast|p1a: Grafaiai\n|-resisted|p1a: Grafaiai\n|-damage|p1a: Grafaiai|202/249\n|\n|-weather|RainDance|[upkeep]\n|-heal|p2a: Whimsicott|53/100|[from] item: Leftovers\n|upkeep\n|turn|17\n|inactive|Time left: 300 sec this turn | 300 sec total\n|\n|t:|1783557204\n|move|p2a: Whimsicott|Substitute|p2a: Whimsicott\n|-start|p2a: Whimsicott|Substitute\n|-damage|p2a: Whimsicott|28/100\n|move|p1a: Grafaiai|Swords Dance|p1a: Grafaiai\n|-boost|p1a: Grafaiai|atk|2\n|\n|-weather|RainDance|[upkeep]\n|-heal|p2a: Whimsicott|34/100|[from] item: Leftovers\n|upkeep\n|turn|18\n|inactive|Time left: 300 sec this turn | 300 sec total\n|\n|t:|1783557205\n|move|p2a: Whimsicott|Leech Seed|p1a: Grafaiai|[miss]\n|-miss|p2a: Whimsicott|p1a: Grafaiai\n|move|p1a: Grafaiai|Knock Off|p2a: Whimsicott\n|-resisted|p2a: Whimsicott\n|-end|p2a: Whimsicott|Substitute\n|-damage|p1a: Grafaiai|178/249|[from] item: Life Orb\n|\n|-weather|RainDance|[upkeep]\n|-heal|p2a: Whimsicott|40/100|[from] item: Leftovers\n|upkeep\n|turn|19\n|inactive|Time left: 300 sec this turn | 300 sec total\n|\n|t:|1783557206\n|move|p2a: Whimsicott|Substitute|p2a: Whimsicott\n|-start|p2a: Whimsicott|Substitute\n|-damage|p2a: Whimsicott|15/100\n|move|p1a: Grafaiai|Knock Off|p2a: Whimsicott\n|-resisted|p2a: Whimsicott\n|-end|p2a: Whimsicott|Substitute\n|-damage|p1a: Grafaiai|154/249|[from] item: Life Orb\n|\n|-weather|none\n|-heal|p2a: Whimsicott|21/100|[from] item: Leftovers\n|upkeep\n|turn|20\n|inactive|Time left: 300 sec this turn | 300 sec total\n|\n|t:|1783557207\n|move|p2a: Whimsicott|Moonblast|p1a: Grafaiai\n|-resisted|p1a: Grafaiai\n|-damage|p1a: Grafaiai|109/249\n|move|p1a: Grafaiai|Knock Off|p2a: Whimsicott\n|-resisted|p2a: Whimsicott\n|-damage|p2a: Whimsicott|0 fnt\n|-enditem|p2a: Whimsicott|Leftovers|[from] move: Knock Off|[of] p1a: Grafaiai\n|faint|p2a: Whimsicott\n|-damage|p1a: Grafaiai|85/249|[from] item: Life Orb\n|\n|upkeep\n|\n|t:|1783557208\n|switch|p2a: Orthworm|Orthworm, L88, M|70/100\n|turn|21\n|inactive|Time left: 300 sec this turn | 300 sec total\n|\n|t:|1783557209\n|-terastallize|p1a: Grafaiai|Dark\n|-terastallize|p2a: Orthworm|Electric\n|move|p1a: Grafaiai|Knock Off|p2a: Orthworm\n|-damage|p2a: Orthworm|7/100\n|-enditem|p2a: Orthworm|Chesto Berry|[from] move: Knock Off|[of] p1a: Grafaiai\n|-damage|p1a: Grafaiai|61/249|[from] item: Life Orb\n|move|p2a: Orthworm|Rest|p2a: Orthworm\n|-status|p2a: Orthworm|slp|[from] move: Rest\n|-heal|p2a: Orthworm|100/100 slp|[silent]\n|\n|upkeep\n|turn|22\n|inactive|Time left: 300 sec this turn | 300 sec total\n|\n|t:|1783557210\n|move|p1a: Grafaiai|Low Kick|p2a: Orthworm\n|-damage|p2a: Orthworm|49/100 slp\n|-damage|p1a: Grafaiai|37/249|[from] item: Life Orb\n|cant|p2a: Orthworm|slp\n|\n|upkeep\n|turn|23\n|inactive|Time left: 300 sec this turn | 300 sec total\n|\n|t:|1783557210\n|move|p1a: Grafaiai|Low Kick|p2a: Orthworm\n|-damage|p2a: Orthworm|0 fnt\n|faint|p2a: Orthworm\n|-damage|p1a: Grafaiai|13/249|[from] item: Life Orb\n|\n|win|p0x147617b5", "uploadtime": 1783557210, "views": 0, "rating": 0, "private": 0, "password": null, "_winner": "p0x147617b5", "_our_name": "p0x147617b5"}