{"id": "battle-gen9randombattle-70", "formatid": "gen9randombattle", "format": "[Gen 9] Random Battle", "players": ["p0x070ef83", "p0y0702319"], "log": "|init|battle\n|title|p0x070ef83 vs. p0y0702319\n|j|\u2606p0x070ef83\n|j|\u2606p0y0702319\n|t:|1783534583\n|gametype|singles\n|player|p1|p0x070ef83|170|\n|player|p2|p0y0702319|102|\n|gen|9\n|tier|[Gen 9] Random Battle\n|rule|Species Clause: Limit one of each Pok\u00e9mon\n|rule|HP Percentage Mod: HP is shown in percentages\n|rule|Sleep Clause Mod: Limit one foe put to sleep\n|rule|Illusion Level Mod: Illusion disguises the Pok\u00e9mon's true level\n|\n|t:|1783534583\n|teamsize|p1|6\n|teamsize|p2|6\n|start\n|switch|p1a: Raichu|Raichu, L88, M|100/100\n|switch|p2a: Gastrodon|Gastrodon, L86, M|331/331\n|turn|1\n|inactive|Battle timer is ON: inactive players will automatically lose when time's up. (requested by p0x070ef83)\n|inactive|Time left: 300 sec this turn | 300 sec total | 60 sec grace\n|\n|t:|1783534585\n|switch|p1a: Cramorant|Cramorant, L86, F|100/100\n|move|p2a: Gastrodon|Earthquake|p1a: Cramorant\n|-immune|p1a: Cramorant\n|\n|upkeep\n|turn|2\n|inactive|Time left: 300 sec this turn | 300 sec total\n|inactive|p0y0702319 also wants the timer to be on.\n|\n|t:|1783534586\n|move|p1a: Cramorant|Brave Bird|p2a: Gastrodon\n|-damage|p2a: Gastrodon|189/331\n|-damage|p1a: Cramorant|82/100|[from] Recoil\n|move|p2a: Gastrodon|Stealth Rock|p1a: Cramorant\n|-sidestart|p1: p0x070ef83|move: Stealth Rock\n|\n|-heal|p2a: Gastrodon|209/331|[from] item: Leftovers\n|upkeep\n|turn|3\n|inactive|Time left: 300 sec this turn | 300 sec total\n|\n|t:|1783534587\n|move|p1a: Cramorant|Defog|p2a: Gastrodon\n|-unboost|p2a: Gastrodon|evasion|1\n|-sideend|p1: p0x070ef83|Stealth Rock|[from] move: Defog|[of] p1a: Cramorant\n|move|p2a: Gastrodon|Recover|p2a: Gastrodon\n|-heal|p2a: Gastrodon|331/331\n|\n|upkeep\n|turn|4\n|inactive|Time left: 300 sec this turn | 300 sec total\n|\n|t:|1783534588\n|move|p1a: Cramorant|Brave Bird|p2a: Gastrodon\n|-damage|p2a: Gastrodon|198/331\n|-damage|p1a: Cramorant|66/100|[from] Recoil\n|move|p2a: Gastrodon|Stealth Rock|p1a: Cramorant\n|-sidestart|p1: p0x070ef83|move: Stealth Rock\n|\n|-heal|p2a: Gastrodon|218/331|[from] item: Leftovers\n|upkeep\n|turn|5\n|inactive|Time left: 300 sec this turn | 300 sec total\n|\n|t:|1783534589\n|move|p1a: Cramorant|Defog|p2a: Gastrodon\n|-unboost|p2a: Gastrodon|evasion|1\n|-sideend|p1: p0x070ef83|Stealth Rock|[from] move: Defog|[of] p1a: Cramorant\n|move|p2a: Gastrodon|Recover|p2a: Gastrodon\n|-heal|p2a: Gastrodon|331/331\n|\n|upkeep\n|turn|6\n|inactive|Time left: 300 sec this turn | 300 sec total\n|\n|t:|1783534590\n|move|p1a: Cramorant|Roost|p1a: Cramorant\n|-heal|p1a: Cramorant|100/100\n|-singleturn|p1a: Cramorant|move: Roost\n|move|p2a: Gastrodon|Stealth Rock|p1a: Cramorant\n|-sidestart|p1: p0x070ef83|move: Stealth Rock\n|\n|upkeep\n|turn|7\n|inactive|Time left: 300 sec this turn | 300 sec total\n|\n|t:|1783534590\n|move|p1a: Cramorant|Defog|p2a: Gastrodon\n|-unboost|p2a: Gastrodon|evasion|1\n|-sideend|p1: p0x070ef83|Stealth Rock|[from] move: Defog|[of] p1a: Cramorant\n|move|p2a: Gastrodon|Surf|p1a: Cramorant\n|-resisted|p1a: Cramorant\n|-damage|p1a: Cramorant|82/100\n|\n|upkeep\n|turn|8\n|inactive|Time left: 300 sec this turn | 300 sec total\n|\n|t:|1783534591\n|move|p1a: Cramorant|Brave Bird|p2a: Gastrodon\n|-damage|p2a: Gastrodon|196/331\n|-damage|p1a: Cramorant|65/100|[from] Recoil\n|move|p2a: Gastrodon|Stealth Rock|p1a: Cramorant\n|-sidestart|p1: p0x070ef83|move: Stealth Rock\n|\n|-heal|p2a: Gastrodon|216/331|[from] item: Leftovers\n|upkeep\n|turn|9\n|inactive|Time left: 300 sec this turn | 300 sec total\n|\n|t:|1783534592\n|move|p1a: Cramorant|Roost|p1a: Cramorant\n|-heal|p1a: Cramorant|100/100\n|-singleturn|p1a: Cramorant|move: Roost\n|move|p2a: Gastrodon|Recover|p2a: Gastrodon\n|-heal|p2a: Gastrodon|331/331\n|\n|upkeep\n|turn|10\n|inactive|Time left: 300 sec this turn | 300 sec total\n|\n|t:|1783534593\n|move|p1a: Cramorant|Defog|p2a: Gastrodon\n|-unboost|p2a: Gastrodon|evasion|1\n|-sideend|p1: p0x070ef83|Stealth Rock|[from] move: Defog|[of] p1a: Cramorant\n|move|p2a: Gastrodon|Surf|p1a: Cramorant\n|-resisted|p1a: Cramorant\n|-damage|p1a: Cramorant|84/100\n|\n|upkeep\n|turn|11\n|inactive|Time left: 300 sec this turn | 300 sec total\n|\n|t:|1783534594\n|move|p1a: Cramorant|Brave Bird|p2a: Gastrodon\n|-damage|p2a: Gastrodon|186/331\n|-damage|p1a: Cramorant|66/100|[from] Recoil\n|move|p2a: Gastrodon|Stealth Rock|p1a: Cramorant\n|-sidestart|p1: p0x070ef83|move: Stealth Rock\n|\n|-heal|p2a: Gastrodon|206/331|[from] item: Leftovers\n|upkeep\n|turn|12\n|inactive|Time left: 300 sec this turn | 300 sec total\n|\n|t:|1783534595\n|move|p1a: Cramorant|Brave Bird|p2a: Gastrodon\n|-damage|p2a: Gastrodon|52/331\n|-damage|p1a: Cramorant|46/100|[from] Recoil\n|move|p2a: Gastrodon|Recover|p2a: Gastrodon\n|-heal|p2a: Gastrodon|218/331\n|\n|-heal|p2a: Gastrodon|238/331|[from] item: Leftovers\n|upkeep\n|turn|13\n|inactive|Time left: 300 sec this turn | 300 sec total\n|\n|t:|1783534595\n|move|p1a: Cramorant|Roost|p1a: Cramorant\n|-heal|p1a: Cramorant|96/100\n|-singleturn|p1a: Cramorant|move: Roost\n|move|p2a: Gastrodon|Earthquake|p1a: Cramorant\n|-damage|p1a: Cramorant|40/100\n|\n|-heal|p2a: Gastrodon|258/331|[from] item: Leftovers\n|upkeep\n|turn|14\n|inactive|Time left: 300 sec this turn | 300 sec total\n|\n|t:|1783534596\n|move|p1a: Cramorant|Roost|p1a: Cramorant\n|-heal|p1a: Cramorant|90/100\n|-singleturn|p1a: Cramorant|move: Roost\n|move|p2a: Gastrodon|Earthquake|p1a: Cramorant\n|-damage|p1a: Cramorant|41/100\n|\n|-heal|p2a: Gastrodon|278/331|[from] item: Leftovers\n|upkeep\n|turn|15\n|inactive|Time left: 300 sec this turn | 300 sec total\n|\n|t:|1783534597\n|move|p1a: Cramorant|Roost|p1a: Cramorant\n|-heal|p1a: Cramorant|91/100\n|-singleturn|p1a: Cramorant|move: Roost\n|move|p2a: Gastrodon|Earthquake|p1a: Cramorant\n|-damage|p1a: Cramorant|39/100\n|\n|-heal|p2a: Gastrodon|298/331|[from] item: Leftovers\n|upkeep\n|turn|16\n|inactive|Time left: 300 sec this turn | 300 sec total\n|\n|t:|1783534598\n|move|p1a: Cramorant|Roost|p1a: Cramorant\n|-heal|p1a: Cramorant|89/100\n|-singleturn|p1a: Cramorant|move: Roost\n|move|p2a: Gastrodon|Surf|p1a: Cramorant\n|-resisted|p1a: Cramorant\n|-damage|p1a: Cramorant|73/100\n|\n|-heal|p2a: Gastrodon|318/331|[from] item: Leftovers\n|upkeep\n|turn|17\n|inactive|Time left: 300 sec this turn | 300 sec total\n|\n|t:|1783534600\n|move|p1a: Cramorant|Defog|p2a: Gastrodon\n|-unboost|p2a: Gastrodon|evasion|1\n|-sideend|p1: p0x070ef83|Stealth Rock|[from] move: Defog|[of] p1a: Cramorant\n|move|p2a: Gastrodon|Earthquake|p1a: Cramorant\n|-immune|p1a: Cramorant\n|\n|-heal|p2a: Gastrodon|331/331|[from] item: Leftovers\n|upkeep\n|turn|18\n|inactive|Time left: 300 sec this turn | 300 sec total\n|\n|t:|1783534601\n|switch|p1a: Breloom|Breloom, L83, M|100/100\n|move|p2a: Gastrodon|Stealth Rock|p1a: Breloom\n|-sidestart|p1: p0x070ef83|move: Stealth Rock\n|\n|upkeep\n|turn|19\n|inactive|Time left: 300 sec this turn | 300 sec total\n|\n|t:|1783534602\n|switch|p2a: Chesnaught|Chesnaught, L84, F|285/285\n|move|p1a: Breloom|Swords Dance|p1a: Breloom\n|-boost|p1a: Breloom|atk|2\n|\n|upkeep\n|turn|20\n|inactive|Time left: 300 sec this turn | 300 sec total\n|\n|t:|1783534603\n|move|p1a: Breloom|Mach Punch|p2a: Chesnaught\n|-damage|p2a: Chesnaught|125/285\n|-damage|p1a: Breloom|91/100|[from] item: Life Orb\n|move|p2a: Chesnaught|Body Press|p1a: Breloom\n|-damage|p1a: Breloom|40/100\n|\n|-heal|p2a: Chesnaught|142/285|[from] item: Leftovers\n|upkeep\n|turn|21\n|inactive|Time left: 300 sec this turn | 300 sec total\n|\n|t:|1783534604\n|switch|p2a: Landorus|Landorus, L75, M|257/257\n|move|p1a: Breloom|Mach Punch|p2a: Landorus\n|-resisted|p2a: Landorus\n|-damage|p2a: Landorus|153/257\n|-damage|p1a: Breloom|31/100|[from] item: Life Orb\n|\n|upkeep\n|turn|22\n|inactive|Time left: 300 sec this turn | 300 sec total\n|\n|t:|1783534605\n|move|p1a: Breloom|Mach Punch|p2a: Landorus\n|-resisted|p2a: Landorus\n|-damage|p2a: Landorus|48/257\n|-damage|p1a: Breloom|21/100|[from] item: Life Orb\n|move|p2a: Landorus|Psychic|p1a: Breloom\n|-supereffective|p1a: Breloom\n|-damage|p1a: Breloom|0 fnt\n|faint|p1a: Breloom\n|\n|upkeep\n|\n|t:|1783534607\n|switch|p1a: Chi-Yu|Chi-Yu, L77|100/100\n|-ability|p1a: Chi-Yu|Beads of Ruin\n|turn|23\n|inactive|Time left: 300 sec this turn | 300 sec total\n|\n|t:|1783534608\n|switch|p2a: Gastrodon|Gastrodon, L86, M|331/331\n|move|p1a: Chi-Yu|Dark Pulse|p2a: Gastrodon\n|-damage|p2a: Gastrodon|204/331\n|\n|-heal|p2a: Gastrodon|224/331|[from] item: Leftovers\n|upkeep\n|turn|24\n|inactive|Time left: 300 sec this turn | 300 sec total\n|\n|t:|1783534609\n|switch|p1a: Cramorant|Cramorant, L86, F|73/100\n|move|p2a: Gastrodon|Earthquake|p1a: Cramorant\n|-immune|p1a: Cramorant\n|\n|-heal|p2a: Gastrodon|244/331|[from] item: Leftovers\n|upkeep\n|turn|25\n|inactive|Time left: 300 sec this turn | 300 sec total\n|\n|t:|1783534610\n|move|p1a: Cramorant|Brave Bird|p2a: Gastrodon\n|-damage|p2a: Gastrodon|108/331\n|-damage|p1a: Cramorant|56/100|[from] Recoil\n|move|p2a: Gastrodon|Recover|p2a: Gastrodon\n|-heal|p2a: Gastrodon|274/331\n|\n|-heal|p2a: Gastrodon|294/331|[from] item: Leftovers\n|upkeep\n|turn|26\n|inactive|Time left: 300 sec this turn | 300 sec total\n|\n|t:|1783534611\n|move|p1a: Cramorant|Roost|p1a: Cramorant\n|-heal|p1a: Cramorant|100/100\n|-singleturn|p1a: Cramorant|move: Roost\n|move|p2a: Gastrodon|Surf|p1a: Cramorant\n|-resisted|p1a: Cramorant\n|-damage|p1a: Cramorant|85/100\n|\n|-heal|p2a: Gastrodon|314/331|[from] item: Leftovers\n|upkeep\n|turn|27\n|inactive|Time left: 300 sec this turn | 300 sec total\n|\n|t:|1783534612\n|move|p1a: Cramorant|Defog|p2a: Gastrodon\n|-unboost|p2a: Gastrodon|evasion|1\n|-sideend|p1: p0x070ef83|Stealth Rock|[from] move: Defog|[of] p1a: Cramorant\n|move|p2a: Gastrodon|Surf|p1a: Cramorant\n|-resisted|p1a: Cramorant\n|-damage|p1a: Cramorant|67/100\n|\n|-heal|p2a: Gastrodon|331/331|[from] item: Leftovers\n|upkeep\n|turn|28\n|inactive|Time left: 300 sec this turn | 300 sec total\n|\n|t:|1783534613\n|move|p1a: Cramorant|Roost|p1a: Cramorant\n|-heal|p1a: Cramorant|100/100\n|-singleturn|p1a: Cramorant|move: Roost\n|move|p2a: Gastrodon|Earthquake|p1a: Cramorant\n|-damage|p1a: Cramorant|51/100\n|\n|upkeep\n|turn|29\n|inactive|Time left: 300 sec this turn | 300 sec total\n|\n|t:|1783534614\n|move|p1a: Cramorant|Brave Bird|p2a: Gastrodon\n|-damage|p2a: Gastrodon|177/331\n|-damage|p1a: Cramorant|31/100|[from] Recoil\n|move|p2a: Gastrodon|Surf|p1a: Cramorant\n|-resisted|p1a: Cramorant\n|-damage|p1a: Cramorant|14/100\n|\n|-heal|p2a: Gastrodon|197/331|[from] item: Leftovers\n|upkeep\n|turn|30\n|inactive|Time left: 300 sec this turn | 300 sec total\n|\n|t:|1783534616\n|move|p1a: Cramorant|Brave Bird|p2a: Gastrodon\n|-damage|p2a: Gastrodon|52/331\n|-damage|p1a: Cramorant|0 fnt|[from] Recoil\n|faint|p1a: Cramorant\n|move|p2a: Gastrodon|Recover|p2a: Gastrodon\n|-heal|p2a: Gastrodon|218/331\n|\n|-heal|p2a: Gastrodon|238/331|[from] item: Leftovers\n|upkeep\n|\n|t:|1783534617\n|switch|p1a: Overqwil|Overqwil, L82, F|100/100\n|-ability|p1a: Overqwil|Intimidate|boost\n|-unboost|p2a: Gastrodon|atk|1\n|turn|31\n|inactive|Time left: 300 sec this turn | 300 sec total\n|\n|t:|1783534618\n|move|p1a: Overqwil|Swords Dance|p1a: Overqwil\n|-boost|p1a: Overqwil|atk|2\n|move|p2a: Gastrodon|Surf|p1a: Overqwil\n|-damage|p1a: Overqwil|53/100\n|\n|-heal|p2a: Gastrodon|258/331|[from] item: Leftovers\n|upkeep\n|turn|32\n|inactive|Time left: 300 sec this turn | 300 sec total\n|\n|t:|1783534619\n|switch|p2a: Landorus|Landorus, L75, M|48/257\n|move|p1a: Overqwil|Crunch|p2a: Landorus\n|-damage|p2a: Landorus|0 fnt\n|faint|p2a: Landorus\n|-damage|p1a: Overqwil|44/100|[from] item: Life Orb\n|\n|upkeep\n|inactive|Time left: 300 sec this turn | 300 sec total | 5 sec grace\n|\n|t:|1783534620\n|switch|p2a: Spiritomb|Spiritomb, L89, F|234/234\n|turn|33\n|inactive|Time left: 300 sec this turn | 300 sec total\n|\n|t:|1783534621\n|move|p1a: Overqwil|Crunch|p2a: Spiritomb\n|-damage|p2a: Spiritomb|59/234\n|-damage|p1a: Overqwil|34/100|[from] item: Life Orb\n|move|p2a: Spiritomb|Foul Play|p1a: Overqwil\n|-resisted|p1a: Overqwil\n|-damage|p1a: Overqwil|0 fnt\n|faint|p1a: Overqwil\n|\n|-heal|p2a: Spiritomb|73/234|[from] item: Leftovers\n|upkeep\n|\n|t:|1783534622\n|switch|p1a: Chi-Yu|Chi-Yu, L77|100/100\n|-ability|p1a: Chi-Yu|Beads of Ruin\n|turn|34\n|inactive|Time left: 300 sec this turn | 300 sec total\n|\n|t:|1783534623\n|switch|p2a: Gastrodon|Gastrodon, L86, M|258/331\n|move|p1a: Chi-Yu|Nasty Plot|p1a: Chi-Yu\n|-boost|p1a: Chi-Yu|spa|2\n|\n|-heal|p2a: Gastrodon|278/331|[from] item: Leftovers\n|upkeep\n|turn|35\n|inactive|Time left: 300 sec this turn | 300 sec total\n|\n|t:|1783534624\n|move|p1a: Chi-Yu|Dark Pulse|p2a: Gastrodon\n|-damage|p2a: Gastrodon|19/331\n|move|p2a: Gastrodon|Earthquake|p1a: Chi-Yu\n|-supereffective|p1a: Chi-Yu\n|-damage|p1a: Chi-Yu|0 fnt\n|faint|p1a: Chi-Yu\n|\n|-heal|p2a: Gastrodon|39/331|[from] item: Leftovers\n|upkeep\n|\n|t:|1783534625\n|switch|p1a: Raichu|Raichu, L88, M|100/100\n|turn|36\n|inactive|Time left: 300 sec this turn | 300 sec total\n|\n|t:|1783534626\n|move|p1a: Raichu|Alluring Voice|p2a: Gastrodon\n|-crit|p2a: Gastrodon\n|-damage|p2a: Gastrodon|0 fnt\n|faint|p2a: Gastrodon\n|\n|upkeep\n|inactive|Time left: 300 sec this turn | 300 sec total | 5 sec grace\n|\n|t:|1783534627\n|switch|p2a: Frosmoth|Frosmoth, L82, F|249/249\n|turn|37\n|inactive|Time left: 300 sec this turn | 300 sec total\n|\n|t:|1783534628\n|move|p1a: Raichu|Alluring Voice|p2a: Frosmoth\n|-damage|p2a: Frosmoth|206/249\n|move|p2a: Frosmoth|Quiver Dance|p2a: Frosmoth\n|-boost|p2a: Frosmoth|spa|1\n|-boost|p2a: Frosmoth|spd|1\n|-boost|p2a: Frosmoth|spe|1\n|\n|upkeep\n|turn|38\n|inactive|Time left: 300 sec this turn | 300 sec total\n|\n|t:|1783534630\n|move|p1a: Raichu|Alluring Voice|p2a: Frosmoth\n|-damage|p2a: Frosmoth|174/249\n|move|p2a: Frosmoth|Quiver Dance|p2a: Frosmoth\n|-boost|p2a: Frosmoth|spa|1\n|-boost|p2a: Frosmoth|spd|1\n|-boost|p2a: Frosmoth|spe|1\n|\n|upkeep\n|turn|39\n|inactive|Time left: 300 sec this turn | 300 sec total\n|\n|t:|1783534631\n|move|p2a: Frosmoth|Bug Buzz|p1a: Raichu\n|-damage|p1a: Raichu|17/100\n|move|p1a: Raichu|Alluring Voice|p2a: Frosmoth\n|-damage|p2a: Frosmoth|150/249\n|\n|upkeep\n|turn|40\n|inactive|Time left: 300 sec this turn | 300 sec total\n|\n|t:|1783534633\n|move|p2a: Frosmoth|Ice Beam|p1a: Raichu\n|-damage|p1a: Raichu|0 fnt\n|faint|p1a: Raichu\n|\n|upkeep\n|\n|t:|1783534634\n|switch|p1a: Sandaconda|Sandaconda, L84, M|100/100\n|turn|41\n|inactive|Time left: 300 sec this turn | 300 sec total\n|\n|t:|1783534635\n|-terastallize|p2a: Frosmoth|Ground\n|-terastallize|p1a: Sandaconda|Water\n|move|p2a: Frosmoth|Ice Beam|p1a: Sandaconda\n|-resisted|p1a: Sandaconda\n|-damage|p1a: Sandaconda|55/100\n|move|p1a: Sandaconda|Glare|p2a: Frosmoth\n|-status|p2a: Frosmoth|par\n|\n|-heal|p1a: Sandaconda|61/100|[from] item: Leftovers\n|upkeep\n|turn|42\n|inactive|Time left: 300 sec this turn | 300 sec total\n|\n|t:|1783534636\n|move|p1a: Sandaconda|Rest|p1a: Sandaconda\n|-status|p1a: Sandaconda|slp|[from] move: Rest\n|-heal|p1a: Sandaconda|100/100 slp|[silent]\n|move|p2a: Frosmoth|Bug Buzz|p1a: Sandaconda\n|-damage|p1a: Sandaconda|0 fnt\n|faint|p1a: Sandaconda\n|\n|win|p0y0702319", "uploadtime": 1783534636, "views": 0, "rating": 0, "private": 0, "password": null, "_winner": "p0y0702319", "_our_name": "p0y0702319"}