{"id": "battle-gen9randombattle-2877", "formatid": "gen9randombattle", "format": "[Gen 9] Random Battle", "players": ["p0x2877b008", "p0y2877e8e5"], "log": "|init|battle\n|title|p0x2877b008 vs. p0y2877e8e5\n|j|\u2606p0x2877b008\n|j|\u2606p0y2877e8e5\n|t:|1783572189\n|gametype|singles\n|player|p1|p0x2877b008|101|\n|player|p2|p0y2877e8e5|266|\n|gen|9\n|tier|[Gen 9] Random Battle\n|rule|Species Clause: Limit one of each Pok\u00e9mon\n|rule|HP Percentage Mod: HP is shown in percentages\n|rule|Sleep Clause Mod: Limit one foe put to sleep\n|rule|Illusion Level Mod: Illusion disguises the Pok\u00e9mon's true level\n|\n|t:|1783572189\n|teamsize|p1|6\n|teamsize|p2|6\n|start\n|switch|p1a: Swanna|Swanna, L89, M|278/278\n|switch|p2a: Drifblim|Drifblim, L86, F|100/100\n|turn|1\n|inactive|Battle timer is ON: inactive players will automatically lose when time's up. (requested by p0x2877b008)\n|inactive|p0y2877e8e5 also wants the timer to be on.\n|\n|t:|1783572190\n|switch|p1a: Raikou|Raikou, L81|278/278\n|-ability|p1a: Raikou|Pressure\n|move|p2a: Drifblim|Strength Sap|p1a: Raikou\n|-unboost|p1a: Raikou|atk|1\n|\n|upkeep\n|turn|2\n|inactive|Time left: 300 sec this turn | 300 sec total\n|\n|t:|1783572191\n|switch|p2a: Conkeldurr|Conkeldurr, L80, M|100/100\n|move|p1a: Raikou|Thunderbolt|p2a: Conkeldurr\n|-damage|p2a: Conkeldurr|56/100\n|\n|-status|p2a: Conkeldurr|brn|[from] item: Flame Orb\n|upkeep\n|turn|3\n|inactive|Time left: 300 sec this turn | 300 sec total\n|\n|t:|1783572193\n|switch|p2a: Archaludon|Archaludon, L78, M|100/100\n|-terastallize|p1a: Raikou|Electric\n|move|p1a: Raikou|Thunderbolt|p2a: Archaludon\n|-resisted|p2a: Archaludon\n|-damage|p2a: Archaludon|65/100\n|-ability|p2a: Archaludon|Stamina|boost\n|-boost|p2a: Archaludon|def|1\n|\n|upkeep\n|turn|4\n|inactive|Time left: 300 sec this turn | 300 sec total\n|\n|t:|1783572194\n|move|p1a: Raikou|Volt Switch|p2a: Archaludon\n|-resisted|p2a: Archaludon\n|-damage|p2a: Archaludon|40/100\n|-ability|p2a: Archaludon|Stamina|boost\n|-boost|p2a: Archaludon|def|1\n|inactive|Time left: 300 sec this turn | 300 sec total | 5 sec grace\n|\n|t:|1783572195\n|switch|p1a: Bellossom|Bellossom, L84, F|263/263|[from] Volt Switch\n|move|p2a: Archaludon|Outrage|p1a: Bellossom\n|-damage|p1a: Bellossom|143/263\n|\n|-heal|p1a: Bellossom|159/263|[from] item: Leftovers\n|upkeep\n|turn|5\n|inactive|Time left: 300 sec this turn | 300 sec total\n|\n|t:|1783572196\n|move|p2a: Archaludon|Outrage|p1a: Bellossom|[from] lockedmove\n|-damage|p1a: Bellossom|57/263\n|-start|p2a: Archaludon|confusion|[fatigue]\n|-enditem|p2a: Archaludon|Lum Berry|[eat]\n|-end|p2a: Archaludon|confusion\n|move|p1a: Bellossom|Strength Sap|p2a: Archaludon\n|-unboost|p2a: Archaludon|atk|1\n|-heal|p1a: Bellossom|263/263\n|\n|upkeep\n|turn|6\n|inactive|Time left: 300 sec this turn | 300 sec total\n|\n|t:|1783572197\n|move|p2a: Archaludon|Swords Dance|p2a: Archaludon\n|-boost|p2a: Archaludon|atk|2\n|move|p1a: Bellossom|Quiver Dance|p1a: Bellossom\n|-boost|p1a: Bellossom|spa|1\n|-boost|p1a: Bellossom|spd|1\n|-boost|p1a: Bellossom|spe|1\n|\n|upkeep\n|turn|7\n|inactive|Time left: 300 sec this turn | 300 sec total\n|\n|t:|1783572198\n|move|p1a: Bellossom|Moonblast|p2a: Archaludon\n|-damage|p2a: Archaludon|0 fnt\n|faint|p2a: Archaludon\n|\n|upkeep\n|\n|t:|1783572199\n|switch|p2a: Drifblim|Drifblim, L86, F|100/100\n|turn|8\n|inactive|Time left: 300 sec this turn | 300 sec total\n|\n|t:|1783572200\n|move|p1a: Bellossom|Quiver Dance|p1a: Bellossom\n|-boost|p1a: Bellossom|spa|1\n|-boost|p1a: Bellossom|spd|1\n|-boost|p1a: Bellossom|spe|1\n|move|p2a: Drifblim|Calm Mind|p2a: Drifblim\n|-boost|p2a: Drifblim|spa|1\n|-boost|p2a: Drifblim|spd|1\n|\n|upkeep\n|turn|9\n|inactive|Time left: 300 sec this turn | 300 sec total\n|\n|t:|1783572200\n|move|p1a: Bellossom|Quiver Dance|p1a: Bellossom\n|-boost|p1a: Bellossom|spa|1\n|-boost|p1a: Bellossom|spd|1\n|-boost|p1a: Bellossom|spe|1\n|move|p2a: Drifblim|Calm Mind|p2a: Drifblim\n|-boost|p2a: Drifblim|spa|1\n|-boost|p2a: Drifblim|spd|1\n|\n|upkeep\n|turn|10\n|inactive|Time left: 300 sec this turn | 300 sec total\n|\n|t:|1783572201\n|move|p1a: Bellossom|Quiver Dance|p1a: Bellossom\n|-boost|p1a: Bellossom|spa|1\n|-boost|p1a: Bellossom|spd|1\n|-boost|p1a: Bellossom|spe|1\n|move|p2a: Drifblim|Strength Sap|p1a: Bellossom\n|-unboost|p1a: Bellossom|atk|1\n|\n|upkeep\n|turn|11\n|inactive|Time left: 300 sec this turn | 300 sec total\n|\n|t:|1783572202\n|move|p1a: Bellossom|Moonblast|p2a: Drifblim\n|-damage|p2a: Drifblim|66/100\n|-unboost|p2a: Drifblim|spa|1\n|move|p2a: Drifblim|Calm Mind|p2a: Drifblim\n|-boost|p2a: Drifblim|spa|1\n|-boost|p2a: Drifblim|spd|1\n|\n|upkeep\n|turn|12\n|inactive|Time left: 300 sec this turn | 300 sec total\n|\n|t:|1783572203\n|move|p1a: Bellossom|Moonblast|p2a: Drifblim\n|-damage|p2a: Drifblim|42/100\n|-enditem|p2a: Drifblim|Sitrus Berry|[eat]\n|-heal|p2a: Drifblim|67/100|[from] item: Sitrus Berry\n|move|p2a: Drifblim|Strength Sap|p1a: Bellossom\n|-unboost|p1a: Bellossom|atk|1\n|-heal|p2a: Drifblim|90/100\n|\n|upkeep\n|turn|13\n|inactive|Time left: 300 sec this turn | 300 sec total\n|\n|t:|1783572204\n|move|p1a: Bellossom|Moonblast|p2a: Drifblim\n|-damage|p2a: Drifblim|63/100\n|move|p2a: Drifblim|Calm Mind|p2a: Drifblim\n|-boost|p2a: Drifblim|spa|1\n|-boost|p2a: Drifblim|spd|1\n|\n|upkeep\n|turn|14\n|inactive|Time left: 300 sec this turn | 300 sec total\n|\n|t:|1783572205\n|move|p1a: Bellossom|Moonblast|p2a: Drifblim\n|-damage|p2a: Drifblim|39/100\n|-unboost|p2a: Drifblim|spa|1\n|move|p2a: Drifblim|Strength Sap|p1a: Bellossom\n|-unboost|p1a: Bellossom|atk|1\n|-heal|p2a: Drifblim|57/100\n|\n|upkeep\n|turn|15\n|inactive|Time left: 300 sec this turn | 300 sec total\n|\n|t:|1783572206\n|move|p1a: Bellossom|Moonblast|p2a: Drifblim\n|-damage|p2a: Drifblim|34/100\n|move|p2a: Drifblim|Calm Mind|p2a: Drifblim\n|-boost|p2a: Drifblim|spa|1\n|-boost|p2a: Drifblim|spd|1\n|\n|upkeep\n|turn|16\n|inactive|Time left: 300 sec this turn | 300 sec total\n|\n|t:|1783572207\n|move|p1a: Bellossom|Moonblast|p2a: Drifblim\n|-damage|p2a: Drifblim|16/100\n|-unboost|p2a: Drifblim|spa|1\n|move|p2a: Drifblim|Strength Sap|p1a: Bellossom\n|-unboost|p1a: Bellossom|atk|1\n|-heal|p2a: Drifblim|30/100\n|\n|upkeep\n|turn|17\n|inactive|Time left: 300 sec this turn | 300 sec total\n|\n|t:|1783572208\n|move|p1a: Bellossom|Moonblast|p2a: Drifblim\n|-damage|p2a: Drifblim|11/100\n|-unboost|p2a: Drifblim|spa|1\n|move|p2a: Drifblim|Strength Sap|p1a: Bellossom\n|-unboost|p1a: Bellossom|atk|1\n|-heal|p2a: Drifblim|23/100\n|\n|upkeep\n|turn|18\n|inactive|Time left: 300 sec this turn | 300 sec total\n|\n|t:|1783572209\n|move|p1a: Bellossom|Moonblast|p2a: Drifblim\n|-damage|p2a: Drifblim|3/100\n|-unboost|p2a: Drifblim|spa|1\n|move|p2a: Drifblim|Strength Sap|p1a: Bellossom\n|-unboost|p1a: Bellossom|atk|1\n|-heal|p2a: Drifblim|12/100\n|\n|upkeep\n|turn|19\n|inactive|Time left: 300 sec this turn | 300 sec total\n|\n|t:|1783572210\n|move|p1a: Bellossom|Moonblast|p2a: Drifblim\n|-damage|p2a: Drifblim|0 fnt\n|faint|p2a: Drifblim\n|\n|upkeep\n|\n|t:|1783572211\n|switch|p2a: Greninja|Greninja, L80, M|100/100\n|turn|20\n|inactive|Time left: 300 sec this turn | 300 sec total\n|\n|t:|1783572212\n|switch|p2a: Deoxys|Deoxys-Speed, L82|100/100\n|-ability|p2a: Deoxys|Pressure\n|move|p1a: Bellossom|Strength Sap|p2a: Deoxys\n|-unboost|p2a: Deoxys|atk|1\n|\n|upkeep\n|turn|21\n|inactive|Time left: 300 sec this turn | 300 sec total\n|\n|t:|1783572213\n|move|p1a: Bellossom|Giga Drain|p2a: Deoxys\n|-crit|p2a: Deoxys\n|-damage|p2a: Deoxys|0 fnt\n|faint|p2a: Deoxys\n|\n|upkeep\n|\n|t:|1783572214\n|switch|p2a: Greninja|Greninja, L80, M|100/100\n|turn|22\n|inactive|Time left: 300 sec this turn | 300 sec total\n|\n|t:|1783572215\n|move|p1a: Bellossom|Strength Sap|p2a: Greninja\n|-unboost|p2a: Greninja|atk|1\n|move|p2a: Greninja|Dark Pulse|p1a: Bellossom\n|-start|p2a: Greninja|typechange|Dark|[from] ability: Protean\n|-crit|p1a: Bellossom\n|-damage|p1a: Bellossom|95/263\n|\n|-heal|p1a: Bellossom|111/263|[from] item: Leftovers\n|upkeep\n|turn|23\n|inactive|Time left: 300 sec this turn | 300 sec total\n|\n|t:|1783572216\n|move|p1a: Bellossom|Giga Drain|p2a: Greninja\n|-damage|p2a: Greninja|0 fnt\n|-heal|p1a: Bellossom|234/263|[from] drain|[of] p2a: Greninja\n|faint|p2a: Greninja\n|\n|-heal|p1a: Bellossom|250/263|[from] item: Leftovers\n|upkeep\n|\n|t:|1783572217\n|switch|p2a: Conkeldurr|Conkeldurr, L80, M|56/100 brn\n|turn|24\n|inactive|Time left: 300 sec this turn | 300 sec total\n|\n|t:|1783572218\n|-terastallize|p2a: Conkeldurr|Normal\n|move|p2a: Conkeldurr|Mach Punch|p1a: Bellossom\n|-damage|p1a: Bellossom|183/263\n|move|p1a: Bellossom|Moonblast|p2a: Conkeldurr\n|-damage|p2a: Conkeldurr|0 fnt\n|faint|p2a: Conkeldurr\n|\n|-heal|p1a: Bellossom|199/263|[from] item: Leftovers\n|upkeep\n|\n|t:|1783572219\n|switch|p2a: Basculegion|Basculegion-F, L83, F|100/100\n|turn|25\n|inactive|Time left: 300 sec this turn | 300 sec total\n|\n|t:|1783572220\n|move|p1a: Bellossom|Giga Drain|p2a: Basculegion\n|-supereffective|p2a: Basculegion\n|-damage|p2a: Basculegion|0 fnt\n|-heal|p1a: Bellossom|263/263|[from] drain|[of] p2a: Basculegion\n|faint|p2a: Basculegion\n|\n|win|p0x2877b008", "uploadtime": 1783572220, "views": 0, "rating": 0, "private": 0, "password": null, "_winner": "p0x2877b008", "_our_name": "p0x2877b008"}