{"id": "battle-gen9randombattle-2182", "formatid": "gen9randombattle", "format": "[Gen 9] Random Battle", "players": ["p0x2182f0b6", "p0y2182e8a7"], "log": "|init|battle\n|title|p0x2182f0b6 vs. p0y2182e8a7\n|j|\u2606p0x2182f0b6\n|j|\u2606p0y2182e8a7\n|t:|1783565274\n|gametype|singles\n|player|p1|p0x2182f0b6|101|\n|player|p2|p0y2182e8a7|1|\n|gen|9\n|tier|[Gen 9] Random Battle\n|rule|Species Clause: Limit one of each Pok\u00e9mon\n|rule|HP Percentage Mod: HP is shown in percentages\n|rule|Sleep Clause Mod: Limit one foe put to sleep\n|rule|Illusion Level Mod: Illusion disguises the Pok\u00e9mon's true level\n|\n|t:|1783565274\n|teamsize|p1|6\n|teamsize|p2|6\n|start\n|switch|p1a: Qwilfish|Qwilfish-Hisui, L83, F|244/244\n|switch|p2a: Frosmoth|Frosmoth, L82, M|100/100\n|-ability|p1a: Qwilfish|Intimidate|boost\n|-unboost|p2a: Frosmoth|atk|1\n|turn|1\n|inactive|Battle timer is ON: inactive players will automatically lose when time's up. (requested by p0x2182f0b6)\n|\n|t:|1783565276\n|switch|p2a: Perrserker|Perrserker, L89, F|100/100\n|move|p1a: Qwilfish|Gunk Shot|p2a: Perrserker\n|-immune|p2a: Perrserker\n|\n|upkeep\n|turn|2\n|inactive|Time left: 300 sec this turn | 300 sec total\n|inactive|p0y2182e8a7 also wants the timer to be on.\n|\n|t:|1783565277\n|move|p1a: Qwilfish|Toxic Spikes|p2a: Perrserker\n|-sidestart|p2: p0y2182e8a7|move: Toxic Spikes\n|move|p2a: Perrserker|Iron Head|p1a: Qwilfish\n|-damage|p1a: Qwilfish|127/244\n|-damage|p2a: Perrserker|91/100|[from] item: Life Orb\n|\n|upkeep\n|turn|3\n|inactive|Time left: 300 sec this turn | 300 sec total\n|\n|t:|1783565278\n|move|p1a: Qwilfish|Toxic Spikes|p2a: Perrserker\n|-sidestart|p2: p0y2182e8a7|move: Toxic Spikes\n|move|p2a: Perrserker|Stealth Rock|p1a: Qwilfish\n|-sidestart|p1: p0x2182f0b6|move: Stealth Rock\n|\n|upkeep\n|turn|4\n|inactive|Time left: 300 sec this turn | 300 sec total\n|\n|t:|1783565279\n|switch|p1a: Torkoal|Torkoal, L88, M|266/266\n|-weather|SunnyDay|[from] ability: Drought|[of] p1a: Torkoal\n|move|p2a: Perrserker|Iron Head|p1a: Torkoal\n|-resisted|p1a: Torkoal\n|-damage|p1a: Torkoal|211/266\n|-damage|p2a: Perrserker|81/100|[from] item: Life Orb\n|\n|-weather|SunnyDay|[upkeep]\n|upkeep\n|turn|5\n|inactive|Time left: 300 sec this turn | 300 sec total\n|\n|t:|1783565280\n|move|p2a: Perrserker|Iron Head|p1a: Torkoal\n|-resisted|p1a: Torkoal\n|-damage|p1a: Torkoal|155/266\n|-damage|p2a: Perrserker|72/100|[from] item: Life Orb\n|move|p1a: Torkoal|Fire Blast|p2a: Perrserker|[miss]\n|-miss|p1a: Torkoal|p2a: Perrserker\n|\n|-weather|SunnyDay|[upkeep]\n|upkeep\n|turn|6\n|inactive|Time left: 300 sec this turn | 300 sec total\n|\n|t:|1783565281\n|-terastallize|p2a: Perrserker|Fighting\n|move|p2a: Perrserker|Close Combat|p1a: Torkoal\n|-damage|p1a: Torkoal|0 fnt\n|-unboost|p2a: Perrserker|def|1\n|-unboost|p2a: Perrserker|spd|1\n|faint|p1a: Torkoal\n|-damage|p2a: Perrserker|62/100|[from] item: Life Orb\n|\n|-weather|SunnyDay|[upkeep]\n|upkeep\n|inactive|Time left: 300 sec this turn | 300 sec total | 5 sec grace\n|\n|t:|1783565282\n|switch|p1a: Braviary|Braviary, L85, M|309/309\n|turn|7\n|inactive|Time left: 300 sec this turn | 300 sec total\n|\n|t:|1783565283\n|switch|p2a: Rotom|Rotom-Wash, L82|100/100\n|move|p1a: Braviary|Brave Bird|p2a: Rotom\n|-resisted|p2a: Rotom\n|-damage|p2a: Rotom|70/100\n|-damage|p1a: Braviary|288/309|[from] Recoil\n|\n|-weather|SunnyDay|[upkeep]\n|-heal|p2a: Rotom|76/100|[from] item: Leftovers\n|upkeep\n|turn|8\n|inactive|Time left: 300 sec this turn | 300 sec total\n|\n|t:|1783565285\n|switch|p1a: Jolteon|Jolteon, L84, F|246/246\n|move|p2a: Rotom|Discharge|p1a: Jolteon\n|-immune|p1a: Jolteon|[from] ability: Volt Absorb\n|\n|-weather|none\n|-heal|p2a: Rotom|82/100|[from] item: Leftovers\n|upkeep\n|turn|9\n|inactive|Time left: 300 sec this turn | 300 sec total\n|\n|t:|1783565286\n|move|p1a: Jolteon|Calm Mind|p1a: Jolteon\n|-boost|p1a: Jolteon|spa|1\n|-boost|p1a: Jolteon|spd|1\n|move|p2a: Rotom|Hydro Pump|p1a: Jolteon|[miss]\n|-miss|p2a: Rotom|p1a: Jolteon\n|\n|-heal|p2a: Rotom|88/100|[from] item: Leftovers\n|upkeep\n|turn|10\n|inactive|Time left: 300 sec this turn | 300 sec total\n|\n|t:|1783565287\n|move|p1a: Jolteon|Calm Mind|p1a: Jolteon\n|-boost|p1a: Jolteon|spa|1\n|-boost|p1a: Jolteon|spd|1\n|move|p2a: Rotom|Pain Split|p1a: Jolteon\n|-sethp|p1a: Jolteon|218/246|[from] move: Pain Split|[silent]\n|-sethp|p2a: Rotom|100/100|[from] move: Pain Split\n|\n|upkeep\n|turn|11\n|inactive|Time left: 300 sec this turn | 300 sec total\n|\n|t:|1783565288\n|switch|p2a: Frosmoth|Frosmoth, L82, M|100/100\n|move|p1a: Jolteon|Thunderbolt|p2a: Frosmoth\n|-damage|p2a: Frosmoth|58/100\n|\n|upkeep\n|turn|12\n|inactive|Time left: 300 sec this turn | 300 sec total\n|\n|t:|1783565289\n|move|p1a: Jolteon|Thunderbolt|p2a: Frosmoth\n|-damage|p2a: Frosmoth|16/100\n|move|p2a: Frosmoth|Bug Buzz|p1a: Jolteon\n|-damage|p1a: Jolteon|166/246\n|-unboost|p1a: Jolteon|spd|1\n|\n|upkeep\n|turn|13\n|inactive|Time left: 300 sec this turn | 300 sec total\n|\n|t:|1783565290\n|move|p1a: Jolteon|Thunderbolt|p2a: Frosmoth\n|-damage|p2a: Frosmoth|0 fnt\n|faint|p2a: Frosmoth\n|\n|upkeep\n|\n|t:|1783565291\n|switch|p2a: Dewgong|Dewgong, L94, F|100/100\n|-status|p2a: Dewgong|tox\n|turn|14\n|inactive|Time left: 300 sec this turn | 300 sec total\n|\n|t:|1783565292\n|move|p1a: Jolteon|Thunderbolt|p2a: Dewgong\n|-supereffective|p2a: Dewgong\n|-damage|p2a: Dewgong|27/100 tox\n|move|p2a: Dewgong|Flip Turn|p1a: Jolteon\n|-damage|p1a: Jolteon|84/246\n|\n|t:|1783565294\n|switch|p2a: Staraptor|Staraptor, L79, F|100/100|[from] Flip Turn\n|\n|upkeep\n|turn|15\n|inactive|Time left: 300 sec this turn | 300 sec total\n|\n|t:|1783565295\n|move|p2a: Staraptor|Quick Attack|p1a: Jolteon\n|-damage|p1a: Jolteon|0 fnt\n|faint|p1a: Jolteon\n|\n|upkeep\n|inactive|Time left: 300 sec this turn | 300 sec total | 5 sec grace\n|\n|t:|1783565296\n|switch|p1a: Tauros|Tauros-Paldea-Combat, L82, M|257/257\n|-damage|p1a: Tauros|241/257|[from] Stealth Rock\n|-ability|p1a: Tauros|Intimidate|boost\n|-unboost|p2a: Staraptor|atk|1\n|turn|16\n|inactive|Time left: 300 sec this turn | 300 sec total\n|\n|t:|1783565297\n|switch|p2a: Dewgong|Dewgong, L94, F|27/100 tox\n|move|p1a: Tauros|Bulk Up|p1a: Tauros\n|-boost|p1a: Tauros|atk|1\n|-boost|p1a: Tauros|def|1\n|\n|-damage|p2a: Dewgong|21/100 tox|[from] psn\n|upkeep\n|turn|17\n|inactive|Time left: 300 sec this turn | 300 sec total\n|\n|t:|1783565298\n|move|p1a: Tauros|Throat Chop|p2a: Dewgong\n|-damage|p2a: Dewgong|0 fnt\n|faint|p2a: Dewgong\n|-damage|p1a: Tauros|216/257|[from] item: Life Orb\n|\n|upkeep\n|\n|t:|1783565299\n|switch|p2a: Perrserker|Perrserker, L89, F, tera:Fighting|62/100\n|-status|p2a: Perrserker|tox\n|turn|18\n|inactive|Time left: 300 sec this turn | 300 sec total\n|\n|t:|1783565300\n|move|p1a: Tauros|Close Combat|p2a: Perrserker\n|-damage|p2a: Perrserker|0 fnt\n|-unboost|p1a: Tauros|def|1\n|-unboost|p1a: Tauros|spd|1\n|faint|p2a: Perrserker\n|-damage|p1a: Tauros|191/257|[from] item: Life Orb\n|\n|upkeep\n|\n|t:|1783565301\n|switch|p2a: Stonjourner|Stonjourner, L91, F|100/100\n|-status|p2a: Stonjourner|tox\n|turn|19\n|inactive|Time left: 300 sec this turn | 300 sec total\n|\n|t:|1783565302\n|move|p1a: Tauros|Close Combat|p2a: Stonjourner\n|-supereffective|p2a: Stonjourner\n|-damage|p2a: Stonjourner|5/100 tox\n|-unboost|p1a: Tauros|def|1\n|-unboost|p1a: Tauros|spd|1\n|-damage|p1a: Tauros|166/257|[from] item: Life Orb\n|move|p2a: Stonjourner|Earthquake|p1a: Tauros\n|-damage|p1a: Tauros|0 fnt\n|faint|p1a: Tauros\n|-damage|p2a: Stonjourner|0 fnt|[from] item: Life Orb\n|faint|p2a: Stonjourner\n|\n|upkeep\n|inactive|Time left: 300 sec this turn | 300 sec total | 5 sec grace\n|\n|t:|1783565303\n|switch|p1a: Suicune|Suicune, L82|298/298\n|switch|p2a: Rotom|Rotom-Wash, L82|100/100\n|-damage|p1a: Suicune|261/298|[from] Stealth Rock\n|-ability|p1a: Suicune|Pressure\n|turn|20\n|inactive|Time left: 300 sec this turn | 300 sec total\n|\n|t:|1783565304\n|move|p2a: Rotom|Discharge|p1a: Suicune\n|-supereffective|p1a: Suicune\n|-damage|p1a: Suicune|111/298\n|move|p1a: Suicune|Calm Mind|p1a: Suicune\n|-boost|p1a: Suicune|spa|1\n|-boost|p1a: Suicune|spd|1\n|\n|-heal|p1a: Suicune|129/298|[from] item: Leftovers\n|upkeep\n|turn|21\n|inactive|Time left: 300 sec this turn | 300 sec total\n|\n|t:|1783565305\n|-terastallize|p1a: Suicune|Dragon\n|move|p2a: Rotom|Discharge|p1a: Suicune\n|-resisted|p1a: Suicune\n|-damage|p1a: Suicune|103/298\n|move|p1a: Suicune|Scald|p2a: Rotom\n|-resisted|p2a: Rotom\n|-damage|p2a: Rotom|77/100\n|\n|-heal|p2a: Rotom|83/100|[from] item: Leftovers\n|-heal|p1a: Suicune|121/298|[from] item: Leftovers\n|upkeep\n|turn|22\n|inactive|Time left: 300 sec this turn | 300 sec total\n|\n|t:|1783565306\n|move|p2a: Rotom|Volt Switch|p1a: Suicune\n|-resisted|p1a: Suicune\n|-damage|p1a: Suicune|102/298\n|\n|t:|1783565307\n|switch|p2a: Staraptor|Staraptor, L79, F|100/100|[from] Volt Switch\n|move|p1a: Suicune|Scald|p2a: Staraptor\n|-damage|p2a: Staraptor|42/100\n|\n|-heal|p1a: Suicune|120/298|[from] item: Leftovers\n|upkeep\n|turn|23\n|inactive|Time left: 300 sec this turn | 300 sec total\n|\n|t:|1783565309\n|move|p2a: Staraptor|Brave Bird|p1a: Suicune\n|-damage|p1a: Suicune|0 fnt\n|faint|p1a: Suicune\n|-damage|p2a: Staraptor|27/100|[from] Recoil\n|\n|upkeep\n|inactive|Time left: 300 sec this turn | 300 sec total | 5 sec grace\n|\n|t:|1783565310\n|switch|p1a: Braviary|Braviary, L85, M|288/309\n|turn|24\n|inactive|Time left: 300 sec this turn | 300 sec total\n|\n|t:|1783565311\n|move|p2a: Staraptor|Brave Bird|p1a: Braviary\n|-damage|p1a: Braviary|41/309\n|-damage|p2a: Staraptor|0 fnt|[from] Recoil\n|faint|p2a: Staraptor\n|move|p1a: Braviary|Roost|p1a: Braviary\n|-heal|p1a: Braviary|196/309\n|-singleturn|p1a: Braviary|move: Roost\n|\n|upkeep\n|\n|t:|1783565311\n|switch|p2a: Rotom|Rotom-Wash, L82|83/100\n|turn|25\n|inactive|Time left: 300 sec this turn | 300 sec total\n|\n|t:|1783565312\n|move|p2a: Rotom|Discharge|p1a: Braviary\n|-supereffective|p1a: Braviary\n|-crit|p1a: Braviary\n|-damage|p1a: Braviary|0 fnt\n|faint|p1a: Braviary\n|\n|-heal|p2a: Rotom|89/100|[from] item: Leftovers\n|upkeep\n|inactive|Time left: 300 sec this turn | 300 sec total | 5 sec grace\n|\n|t:|1783565313\n|switch|p1a: Qwilfish|Qwilfish-Hisui, L83, F|127/244\n|-damage|p1a: Qwilfish|97/244|[from] Stealth Rock\n|-ability|p1a: Qwilfish|Intimidate|boost\n|-unboost|p2a: Rotom|atk|1\n|turn|26\n|inactive|Time left: 300 sec this turn | 300 sec total\n|\n|t:|1783565314\n|move|p1a: Qwilfish|Gunk Shot|p2a: Rotom|[miss]\n|-miss|p1a: Qwilfish|p2a: Rotom\n|move|p2a: Rotom|Hydro Pump|p1a: Qwilfish\n|-damage|p1a: Qwilfish|0 fnt\n|faint|p1a: Qwilfish\n|\n|win|p0y2182e8a7", "uploadtime": 1783565314, "views": 0, "rating": 0, "private": 0, "password": null, "_winner": "p0y2182e8a7", "_our_name": "p0x2182f0b6"}