{"id": "battle-gen9randombattle-534", "formatid": "gen9randombattle", "format": "[Gen 9] Random Battle", "players": ["p0x5342d84", "p0y534a72c"], "log": "|init|battle\n|title|p0x5342d84 vs. p0y534a72c\n|j|\u2606p0x5342d84\n|j|\u2606p0y534a72c\n|t:|1783545241\n|gametype|singles\n|player|p1|p0x5342d84|1|\n|player|p2|p0y534a72c|170|\n|gen|9\n|tier|[Gen 9] Random Battle\n|rule|Species Clause: Limit one of each Pok\u00e9mon\n|rule|HP Percentage Mod: HP is shown in percentages\n|rule|Sleep Clause Mod: Limit one foe put to sleep\n|rule|Illusion Level Mod: Illusion disguises the Pok\u00e9mon's true level\n|\n|t:|1783545241\n|teamsize|p1|6\n|teamsize|p2|6\n|start\n|switch|p1a: Lucario|Lucario, L84, F|100/100\n|switch|p2a: Ninetales|Ninetales, L85, F|263/263\n|-weather|SunnyDay|[from] ability: Drought|[of] p2a: Ninetales\n|turn|1\n|inactive|Battle timer is ON: inactive players will automatically lose when time's up. (requested by p0y534a72c)\n|inactive|p0x5342d84 also wants the timer to be on.\n|\n|t:|1783545243\n|switch|p1a: Walking Wake|Walking Wake, L79|100/100\n|-activate|p1a: Walking Wake|ability: Protosynthesis\n|-start|p1a: Walking Wake|protosynthesisspa\n|move|p2a: Ninetales|Fire Blast|p1a: Walking Wake|[miss]\n|-miss|p2a: Ninetales|p1a: Walking Wake\n|\n|-weather|SunnyDay|[upkeep]\n|upkeep\n|turn|2\n|inactive|Time left: 300 sec this turn | 300 sec total\n|\n|t:|1783545244\n|move|p2a: Ninetales|Nasty Plot|p2a: Ninetales\n|-boost|p2a: Ninetales|spa|2\n|move|p1a: Walking Wake|Hydro Steam|p2a: Ninetales\n|-supereffective|p2a: Ninetales\n|-damage|p2a: Ninetales|0 fnt\n|faint|p2a: Ninetales\n|-damage|p1a: Walking Wake|91/100|[from] item: Life Orb\n|\n|-weather|SunnyDay|[upkeep]\n|upkeep\n|inactive|Time left: 300 sec this turn | 300 sec total | 5 sec grace\n|\n|t:|1783545245\n|switch|p2a: Lugia|Lugia, L73|275/275\n|turn|3\n|inactive|Time left: 300 sec this turn | 300 sec total\n|\n|t:|1783545246\n|move|p1a: Walking Wake|Hydro Steam|p2a: Lugia\n|-damage|p2a: Lugia|193/275\n|-damage|p1a: Walking Wake|81/100|[from] item: Life Orb\n|move|p2a: Lugia|Calm Mind|p2a: Lugia\n|-boost|p2a: Lugia|spa|1\n|-boost|p2a: Lugia|spd|1\n|\n|-weather|SunnyDay|[upkeep]\n|upkeep\n|turn|4\n|inactive|Time left: 300 sec this turn | 300 sec total\n|\n|t:|1783545247\n|move|p1a: Walking Wake|Hydro Steam|p2a: Lugia\n|-damage|p2a: Lugia|76/275\n|-damage|p1a: Walking Wake|71/100|[from] item: Life Orb\n|move|p2a: Lugia|Recover|p2a: Lugia\n|-heal|p2a: Lugia|214/275\n|\n|-weather|SunnyDay|[upkeep]\n|upkeep\n|turn|5\n|inactive|Time left: 300 sec this turn | 300 sec total\n|\n|t:|1783545248\n|-end|p1a: Walking Wake|Protosynthesis|[silent]\n|switch|p1a: Golurk|Golurk, L87|100/100\n|move|p2a: Lugia|Recover|p2a: Lugia\n|-heal|p2a: Lugia|275/275\n|\n|-weather|none\n|upkeep\n|turn|6\n|inactive|Time left: 300 sec this turn | 300 sec total\n|\n|t:|1783545250\n|move|p2a: Lugia|Aeroblast|p1a: Golurk\n|-damage|p1a: Golurk|62/100\n|move|p1a: Golurk|Poltergeist|p2a: Lugia\n|-activate|p2a: Lugia|move: Poltergeist|Heavy-Duty Boots\n|-supereffective|p2a: Lugia\n|-damage|p2a: Lugia|95/275\n|\n|upkeep\n|turn|7\n|inactive|Time left: 300 sec this turn | 300 sec total\n|\n|t:|1783545251\n|move|p2a: Lugia|Aeroblast|p1a: Golurk\n|-damage|p1a: Golurk|24/100\n|move|p1a: Golurk|Poltergeist|p2a: Lugia\n|-activate|p2a: Lugia|move: Poltergeist|Heavy-Duty Boots\n|-supereffective|p2a: Lugia\n|-damage|p2a: Lugia|0 fnt\n|faint|p2a: Lugia\n|\n|upkeep\n|inactive|Time left: 300 sec this turn | 300 sec total | 5 sec grace\n|\n|t:|1783545252\n|switch|p2a: Sinistcha|Sinistcha-Masterpiece, L83|254/254\n|turn|8\n|inactive|Time left: 300 sec this turn | 300 sec total\n|\n|t:|1783545253\n|move|p2a: Sinistcha|Matcha Gotcha|p1a: Golurk\n|-supereffective|p1a: Golurk\n|-damage|p1a: Golurk|0 fnt\n|faint|p1a: Golurk\n|\n|upkeep\n|\n|t:|1783545254\n|switch|p1a: Vikavolt|Vikavolt, L83, M|100/100\n|turn|9\n|inactive|Time left: 300 sec this turn | 300 sec total\n|\n|t:|1783545255\n|move|p2a: Sinistcha|Calm Mind|p2a: Sinistcha\n|-boost|p2a: Sinistcha|spa|1\n|-boost|p2a: Sinistcha|spd|1\n|move|p1a: Vikavolt|Sticky Web|p2a: Sinistcha\n|-sidestart|p2: p0y534a72c|move: Sticky Web\n|\n|upkeep\n|turn|10\n|inactive|Time left: 300 sec this turn | 300 sec total\n|\n|t:|1783545256\n|move|p2a: Sinistcha|Shadow Ball|p1a: Vikavolt\n|-damage|p1a: Vikavolt|36/100\n|move|p1a: Vikavolt|Bug Buzz|p2a: Sinistcha\n|-damage|p2a: Sinistcha|161/254\n|\n|-heal|p2a: Sinistcha|176/254|[from] item: Leftovers\n|upkeep\n|turn|11\n|inactive|Time left: 300 sec this turn | 300 sec total\n|\n|t:|1783545258\n|switch|p1a: Lucario|Lucario, L84, F|100/100\n|move|p2a: Sinistcha|Shadow Ball|p1a: Lucario\n|-damage|p1a: Lucario|37/100\n|\n|-heal|p2a: Sinistcha|191/254|[from] item: Leftovers\n|upkeep\n|turn|12\n|inactive|Time left: 300 sec this turn | 300 sec total\n|\n|t:|1783545259\n|move|p1a: Lucario|Flash Cannon|p2a: Sinistcha\n|-damage|p2a: Sinistcha|97/254\n|-unboost|p2a: Sinistcha|spd|1\n|-damage|p1a: Lucario|27/100|[from] item: Life Orb\n|move|p2a: Sinistcha|Shadow Ball|p1a: Lucario\n|-damage|p1a: Lucario|0 fnt\n|faint|p1a: Lucario\n|\n|-heal|p2a: Sinistcha|112/254|[from] item: Leftovers\n|upkeep\n|\n|t:|1783545260\n|switch|p1a: Walking Wake|Walking Wake, L79|71/100\n|turn|13\n|inactive|Time left: 300 sec this turn | 300 sec total\n|\n|t:|1783545261\n|-terastallize|p1a: Walking Wake|Fire\n|move|p1a: Walking Wake|Flamethrower|p2a: Sinistcha\n|-supereffective|p2a: Sinistcha\n|-damage|p2a: Sinistcha|0 fnt\n|faint|p2a: Sinistcha\n|-damage|p1a: Walking Wake|61/100|[from] item: Life Orb\n|\n|upkeep\n|inactive|Time left: 300 sec this turn | 300 sec total | 5 sec grace\n|\n|t:|1783545262\n|switch|p2a: Mew|Mew, L82|298/298\n|-activate|p2a: Mew|move: Sticky Web\n|-unboost|p2a: Mew|spe|1\n|turn|14\n|inactive|Time left: 300 sec this turn | 300 sec total\n|\n|t:|1783545263\n|move|p1a: Walking Wake|Flamethrower|p2a: Mew\n|-damage|p2a: Mew|168/298\n|-damage|p1a: Walking Wake|52/100|[from] item: Life Orb\n|move|p2a: Mew|Earth Power|p1a: Walking Wake\n|-supereffective|p1a: Walking Wake\n|-damage|p1a: Walking Wake|0 fnt\n|faint|p1a: Walking Wake\n|-end|p1a: Walking Wake|Protosynthesis|[silent]\n|-damage|p2a: Mew|139/298|[from] item: Life Orb\n|\n|upkeep\n|\n|t:|1783545265\n|switch|p1a: Rampardos|Rampardos, L90, F|100/100\n|turn|15\n|inactive|Time left: 300 sec this turn | 300 sec total\n|\n|t:|1783545266\n|move|p1a: Rampardos|Earthquake|p2a: Mew\n|-damage|p2a: Mew|0 fnt\n|faint|p2a: Mew\n|-damage|p1a: Rampardos|91/100|[from] item: Life Orb\n|\n|upkeep\n|inactive|Time left: 300 sec this turn | 300 sec total | 5 sec grace\n|\n|t:|1783545267\n|switch|p2a: Mandibuzz|Mandibuzz, L85, F|326/326\n|turn|16\n|inactive|Time left: 300 sec this turn | 300 sec total\n|\n|t:|1783545268\n|move|p2a: Mandibuzz|Knock Off|p1a: Rampardos\n|-damage|p1a: Rampardos|62/100\n|-enditem|p1a: Rampardos|Life Orb|[from] move: Knock Off|[of] p2a: Mandibuzz\n|move|p1a: Rampardos|Rock Slide|p2a: Mandibuzz\n|-supereffective|p2a: Mandibuzz\n|-damage|p2a: Mandibuzz|0 fnt\n|faint|p2a: Mandibuzz\n|\n|upkeep\n|inactive|Time left: 300 sec this turn | 300 sec total | 5 sec grace\n|\n|t:|1783545269\n|switch|p2a: Toxapex|Toxapex, L82, F|216/216\n|-activate|p2a: Toxapex|move: Sticky Web\n|-unboost|p2a: Toxapex|spe|1\n|turn|17\n|inactive|Time left: 300 sec this turn | 300 sec total\n|\n|t:|1783545269\n|move|p1a: Rampardos|Earthquake|p2a: Toxapex\n|-supereffective|p2a: Toxapex\n|-damage|p2a: Toxapex|40/216\n|move|p2a: Toxapex|Recover|p2a: Toxapex\n|-heal|p2a: Toxapex|148/216\n|\n|-heal|p2a: Toxapex|161/216|[from] item: Leftovers\n|upkeep\n|turn|18\n|inactive|Time left: 300 sec this turn | 300 sec total\n|\n|t:|1783545270\n|-terastallize|p2a: Toxapex|Steel\n|move|p1a: Rampardos|Earthquake|p2a: Toxapex\n|-supereffective|p2a: Toxapex\n|-damage|p2a: Toxapex|0 fnt\n|faint|p2a: Toxapex\n|\n|win|p0x5342d84", "uploadtime": 1783545270, "views": 0, "rating": 0, "private": 0, "password": null, "_winner": "p0x5342d84", "_our_name": "p0y534a72c"}