{"id": "battle-gen9randombattle-631", "formatid": "gen9randombattle", "format": "[Gen 9] Random Battle", "players": ["p0x631bf20", "p0y631de19"], "log": "|init|battle\n|title|p0x631bf20 vs. p0y631de19\n|j|\u2606p0x631bf20\n|j|\u2606p0y631de19\n|t:|1783547132\n|gametype|singles\n|player|p1|p0x631bf20|102|\n|player|p2|p0y631de19|2|\n|gen|9\n|tier|[Gen 9] Random Battle\n|rule|Species Clause: Limit one of each Pok\u00e9mon\n|rule|HP Percentage Mod: HP is shown in percentages\n|rule|Sleep Clause Mod: Limit one foe put to sleep\n|rule|Illusion Level Mod: Illusion disguises the Pok\u00e9mon's true level\n|\n|t:|1783547132\n|teamsize|p1|6\n|teamsize|p2|6\n|start\n|switch|p1a: Dugtrio|Dugtrio-Alola, L84, M|196/196\n|switch|p2a: Politoed|Politoed, L88, M|100/100\n|-weather|RainDance|[from] ability: Drizzle|[of] p2a: Politoed\n|turn|1\n|inactive|Battle timer is ON: inactive players will automatically lose when time's up. (requested by p0y631de19)\n|inactive|Time left: 300 sec this turn | 300 sec total | 60 sec grace\n|inactive|p0x631bf20 also wants the timer to be on.\n|\n|t:|1783547134\n|switch|p1a: Komala|Komala, L87, F|255/255\n|-ability|p1a: Komala|Comatose\n|move|p2a: Politoed|Surf|p1a: Komala\n|-damage|p1a: Komala|162/255\n|\n|-weather|RainDance|[upkeep]\n|upkeep\n|turn|2\n|inactive|Time left: 300 sec this turn | 300 sec total\n|\n|t:|1783547135\n|move|p2a: Politoed|Surf|p1a: Komala\n|-damage|p1a: Komala|72/255\n|move|p1a: Komala|Rapid Spin|p2a: Politoed\n|-damage|p2a: Politoed|79/100\n|-boost|p1a: Komala|spe|1\n|\n|-weather|RainDance|[upkeep]\n|-heal|p2a: Politoed|85/100|[from] item: Leftovers\n|upkeep\n|turn|3\n|inactive|Time left: 300 sec this turn | 300 sec total\n|\n|t:|1783547136\n|move|p1a: Komala|Body Slam|p2a: Politoed\n|-damage|p2a: Politoed|45/100\n|move|p2a: Politoed|Surf|p1a: Komala\n|-damage|p1a: Komala|0 fnt\n|faint|p1a: Komala\n|\n|-weather|RainDance|[upkeep]\n|-heal|p2a: Politoed|50/100|[from] item: Leftovers\n|upkeep\n|inactive|Time left: 300 sec this turn | 300 sec total | 5 sec grace\n|\n|t:|1783547137\n|switch|p1a: Gumshoos|Gumshoos, L95, F|321/321\n|turn|4\n|inactive|Time left: 300 sec this turn | 300 sec total\n|\n|t:|1783547139\n|move|p2a: Politoed|Surf|p1a: Gumshoos\n|-damage|p1a: Gumshoos|161/321\n|move|p1a: Gumshoos|Knock Off|p2a: Politoed\n|-damage|p2a: Politoed|0 fnt\n|-enditem|p2a: Politoed|Leftovers|[from] move: Knock Off|[of] p1a: Gumshoos\n|faint|p2a: Politoed\n|\n|-weather|RainDance|[upkeep]\n|upkeep\n|\n|t:|1783547140\n|switch|p2a: Iron Valiant|Iron Valiant, L78|100/100\n|turn|5\n|inactive|Time left: 300 sec this turn | 300 sec total\n|\n|t:|1783547141\n|switch|p1a: Pecharunt|Pecharunt, L77|262/262\n|move|p2a: Iron Valiant|Close Combat|p1a: Pecharunt\n|-immune|p1a: Pecharunt\n|\n|-weather|none\n|upkeep\n|turn|6\n|inactive|Time left: 300 sec this turn | 300 sec total\n|\n|t:|1783547142\n|-end|p2a: Iron Valiant|Quark Drive|[silent]\n|switch|p2a: Squawkabilly|Squawkabilly, L85, F|100/100\n|move|p1a: Pecharunt|Malignant Chain|p2a: Squawkabilly\n|-damage|p2a: Squawkabilly|54/100\n|\n|-status|p2a: Squawkabilly|brn|[from] item: Flame Orb\n|upkeep\n|turn|7\n|inactive|Time left: 300 sec this turn | 300 sec total\n|\n|t:|1783547143\n|move|p2a: Squawkabilly|Protect|p2a: Squawkabilly\n|-singleturn|p2a: Squawkabilly|Protect\n|move|p1a: Pecharunt|Malignant Chain|p2a: Squawkabilly\n|-activate|p2a: Squawkabilly|move: Protect\n|\n|-damage|p2a: Squawkabilly|48/100 brn|[from] brn\n|upkeep\n|turn|8\n|inactive|Time left: 300 sec this turn | 300 sec total\n|\n|t:|1783547144\n|switch|p2a: Dusknoir|Dusknoir, L89, M|100/100\n|-item|p1a: Pecharunt|Leftovers|[from] ability: Frisk|[of] p2a: Dusknoir\n|move|p1a: Pecharunt|Malignant Chain|p2a: Dusknoir\n|-resisted|p2a: Dusknoir\n|-damage|p2a: Dusknoir|87/100\n|\n|-heal|p2a: Dusknoir|93/100|[from] item: Leftovers\n|upkeep\n|turn|9\n|inactive|Time left: 300 sec this turn | 300 sec total\n|\n|t:|1783547145\n|move|p1a: Pecharunt|Nasty Plot|p1a: Pecharunt\n|-boost|p1a: Pecharunt|spa|2\n|move|p2a: Dusknoir|Poltergeist|p1a: Pecharunt|[miss]\n|-miss|p2a: Dusknoir|p1a: Pecharunt\n|\n|-heal|p2a: Dusknoir|99/100|[from] item: Leftovers\n|upkeep\n|turn|10\n|inactive|Time left: 300 sec this turn | 300 sec total\n|\n|t:|1783547146\n|move|p1a: Pecharunt|Shadow Ball|p2a: Dusknoir\n|-supereffective|p2a: Dusknoir\n|-damage|p2a: Dusknoir|25/100\n|move|p2a: Dusknoir|Poltergeist|p1a: Pecharunt\n|-activate|p1a: Pecharunt|move: Poltergeist|Leftovers\n|-supereffective|p1a: Pecharunt\n|-damage|p1a: Pecharunt|82/262\n|\n|-heal|p1a: Pecharunt|98/262|[from] item: Leftovers\n|-heal|p2a: Dusknoir|31/100|[from] item: Leftovers\n|upkeep\n|turn|11\n|inactive|Time left: 300 sec this turn | 300 sec total\n|\n|t:|1783547147\n|move|p1a: Pecharunt|Shadow Ball|p2a: Dusknoir\n|-supereffective|p2a: Dusknoir\n|-damage|p2a: Dusknoir|0 fnt\n|faint|p2a: Dusknoir\n|\n|-heal|p1a: Pecharunt|114/262|[from] item: Leftovers\n|upkeep\n|\n|t:|1783547148\n|switch|p2a: Squawkabilly|Squawkabilly, L85, F|48/100 brn\n|turn|12\n|inactive|Time left: 300 sec this turn | 300 sec total\n|\n|t:|1783547149\n|switch|p1a: Dugtrio|Dugtrio-Alola, L84, M|196/196\n|move|p2a: Squawkabilly|Brave Bird|p1a: Dugtrio\n|-resisted|p1a: Dugtrio\n|-damage|p1a: Dugtrio|64/196\n|-ability|p1a: Dugtrio|Tangling Hair\n|-unboost|p2a: Squawkabilly|spe|1\n|-damage|p2a: Squawkabilly|32/100 brn|[from] Recoil\n|\n|-damage|p2a: Squawkabilly|26/100 brn|[from] brn\n|upkeep\n|turn|13\n|inactive|Time left: 300 sec this turn | 300 sec total\n|\n|t:|1783547150\n|switch|p2a: Electrode|Electrode-Hisui, L87|100/100\n|move|p1a: Dugtrio|Iron Head|p2a: Electrode\n|-resisted|p2a: Electrode\n|-damage|p2a: Electrode|73/100\n|-damage|p1a: Dugtrio|45/196|[from] item: Life Orb\n|\n|-heal|p2a: Electrode|79/100|[from] item: Leftovers\n|upkeep\n|turn|14\n|inactive|Time left: 300 sec this turn | 300 sec total\n|\n|t:|1783547151\n|switch|p1a: Okidogi|Okidogi, L77, M|262/262\n|move|p2a: Electrode|Giga Drain|p1a: Okidogi\n|-resisted|p1a: Okidogi\n|-damage|p1a: Okidogi|220/262\n|-heal|p2a: Electrode|87/100|[from] drain|[of] p1a: Okidogi\n|\n|-heal|p2a: Electrode|94/100|[from] item: Leftovers\n|-heal|p1a: Okidogi|236/262|[from] item: Leftovers\n|upkeep\n|turn|15\n|inactive|Time left: 300 sec this turn | 300 sec total\n|\n|t:|1783547152\n|move|p2a: Electrode|Substitute|p2a: Electrode\n|-start|p2a: Electrode|Substitute\n|-damage|p2a: Electrode|69/100\n|move|p1a: Okidogi|Gunk Shot|p2a: Electrode\n|-supereffective|p2a: Electrode\n|-end|p2a: Electrode|Substitute\n|\n|-heal|p2a: Electrode|75/100|[from] item: Leftovers\n|-heal|p1a: Okidogi|252/262|[from] item: Leftovers\n|upkeep\n|turn|16\n|inactive|Time left: 300 sec this turn | 300 sec total\n|\n|t:|1783547153\n|move|p2a: Electrode|Substitute|p2a: Electrode\n|-start|p2a: Electrode|Substitute\n|-damage|p2a: Electrode|50/100\n|move|p1a: Okidogi|Gunk Shot|p2a: Electrode\n|-supereffective|p2a: Electrode\n|-end|p2a: Electrode|Substitute\n|\n|-heal|p2a: Electrode|56/100|[from] item: Leftovers\n|-heal|p1a: Okidogi|262/262|[from] item: Leftovers\n|upkeep\n|turn|17\n|inactive|Time left: 300 sec this turn | 300 sec total\n|\n|t:|1783547154\n|move|p2a: Electrode|Substitute|p2a: Electrode\n|-start|p2a: Electrode|Substitute\n|-damage|p2a: Electrode|31/100\n|move|p1a: Okidogi|Gunk Shot|p2a: Electrode|[miss]\n|-miss|p1a: Okidogi|p2a: Electrode\n|\n|-heal|p2a: Electrode|37/100|[from] item: Leftovers\n|upkeep\n|turn|18\n|inactive|Time left: 300 sec this turn | 300 sec total\n|\n|t:|1783547155\n|move|p2a: Electrode|Leech Seed|p1a: Okidogi\n|-start|p1a: Okidogi|move: Leech Seed\n|move|p1a: Okidogi|Gunk Shot|p2a: Electrode\n|-supereffective|p2a: Electrode\n|-end|p2a: Electrode|Substitute\n|\n|-heal|p2a: Electrode|44/100|[from] item: Leftovers\n|-damage|p1a: Okidogi|230/262|[from] Leech Seed|[of] p2a: Electrode\n|-heal|p2a: Electrode|57/100|[silent]\n|upkeep\n|turn|19\n|inactive|Time left: 300 sec this turn | 300 sec total\n|\n|t:|1783547157\n|move|p2a: Electrode|Substitute|p2a: Electrode\n|-start|p2a: Electrode|Substitute\n|-damage|p2a: Electrode|32/100\n|move|p1a: Okidogi|Gunk Shot|p2a: Electrode\n|-supereffective|p2a: Electrode\n|-end|p2a: Electrode|Substitute\n|\n|-heal|p2a: Electrode|38/100|[from] item: Leftovers\n|-heal|p1a: Okidogi|246/262|[from] item: Leftovers\n|-damage|p1a: Okidogi|214/262|[from] Leech Seed|[of] p2a: Electrode\n|-heal|p2a: Electrode|51/100|[silent]\n|upkeep\n|turn|20\n|inactive|Time left: 300 sec this turn | 300 sec total\n|\n|t:|1783547158\n|move|p2a: Electrode|Thunderbolt|p1a: Okidogi\n|-damage|p1a: Okidogi|120/262\n|move|p1a: Okidogi|Gunk Shot|p2a: Electrode\n|-supereffective|p2a: Electrode\n|-damage|p2a: Electrode|0 fnt\n|faint|p2a: Electrode\n|\n|-heal|p1a: Okidogi|136/262|[from] item: Leftovers\n|upkeep\n|\n|t:|1783547159\n|switch|p2a: Cinccino|Cinccino, L83, F|100/100\n|turn|21\n|inactive|Time left: 300 sec this turn | 300 sec total\n|\n|t:|1783547160\n|switch|p1a: Pecharunt|Pecharunt, L77|114/262\n|move|p2a: Cinccino|Tail Slap|p1a: Pecharunt\n|-immune|p1a: Pecharunt\n|\n|-heal|p1a: Pecharunt|130/262|[from] item: Leftovers\n|upkeep\n|turn|22\n|inactive|Time left: 300 sec this turn | 300 sec total\n|\n|t:|1783547161\n|move|p2a: Cinccino|Tidy Up|p2a: Cinccino\n|-boost|p2a: Cinccino|atk|1\n|-boost|p2a: Cinccino|spe|1\n|move|p1a: Pecharunt|Malignant Chain|p2a: Cinccino\n|-damage|p2a: Cinccino|60/100\n|\n|-heal|p1a: Pecharunt|146/262|[from] item: Leftovers\n|upkeep\n|turn|23\n|inactive|Time left: 300 sec this turn | 300 sec total\n|\n|t:|1783547162\n|move|p2a: Cinccino|Triple Axel|p1a: Pecharunt\n|-damage|p1a: Pecharunt|125/262\n|-damage|p1a: Pecharunt|85/262\n|-crit|p1a: Pecharunt\n|-damage|p1a: Pecharunt|0 fnt\n|faint|p1a: Pecharunt\n|-hitcount|p1: Pecharunt|3\n|\n|upkeep\n|inactive|Time left: 300 sec this turn | 300 sec total | 5 sec grace\n|\n|t:|1783547163\n|switch|p1a: Okidogi|Okidogi, L77, M|136/262\n|turn|24\n|inactive|Time left: 300 sec this turn | 300 sec total\n|\n|t:|1783547164\n|switch|p1a: Dugtrio|Dugtrio-Alola, L84, M|45/196\n|move|p2a: Cinccino|Triple Axel|p1a: Dugtrio\n|-damage|p1a: Dugtrio|1/196\n|-ability|p1a: Dugtrio|Tangling Hair\n|-unboost|p2a: Cinccino|spe|1\n|-damage|p1a: Dugtrio|0 fnt\n|-ability|p1a: Dugtrio|Tangling Hair\n|-unboost|p2a: Cinccino|spe|1\n|faint|p1a: Dugtrio\n|-hitcount|p1: Dugtrio|2\n|\n|upkeep\n|inactive|Time left: 300 sec this turn | 300 sec total | 5 sec grace\n|\n|t:|1783547165\n|switch|p1a: Okidogi|Okidogi, L77, M|136/262\n|turn|25\n|inactive|Time left: 300 sec this turn | 300 sec total\n|\n|t:|1783547166\n|-terastallize|p2a: Cinccino|Grass\n|move|p1a: Okidogi|Drain Punch|p2a: Cinccino\n|-damage|p2a: Cinccino|19/100\n|-heal|p1a: Okidogi|189/262|[from] drain|[of] p2a: Cinccino\n|move|p2a: Cinccino|Tidy Up|p2a: Cinccino\n|-boost|p2a: Cinccino|atk|1\n|-boost|p2a: Cinccino|spe|1\n|\n|-heal|p1a: Okidogi|205/262|[from] item: Leftovers\n|upkeep\n|turn|26\n|inactive|Time left: 300 sec this turn | 300 sec total\n|\n|t:|1783547167\n|switch|p1a: Garchomp|Garchomp, L74, M|282/282\n|move|p2a: Cinccino|Triple Axel|p1a: Garchomp\n|-supereffective|p1a: Garchomp\n|-damage|p1a: Garchomp|102/282\n|-damage|p2a: Cinccino|7/100|[from] ability: Rough Skin|[of] p1a: Garchomp\n|-supereffective|p1a: Garchomp\n|-damage|p1a: Garchomp|0 fnt\n|-damage|p2a: Cinccino|0 fnt|[from] ability: Rough Skin|[of] p1a: Garchomp\n|faint|p1a: Garchomp\n|faint|p2a: Cinccino\n|-hitcount|p1: Garchomp|2\n|\n|upkeep\n|inactive|Time left: 300 sec this turn | 300 sec total | 5 sec grace\n|\n|t:|1783547168\n|switch|p2a: Squawkabilly|Squawkabilly, L85, F|26/100 brn\n|switch|p1a: Okidogi|Okidogi, L77, M|205/262\n|turn|27\n|inactive|Time left: 300 sec this turn | 300 sec total\n|\n|t:|1783547169\n|-terastallize|p1a: Okidogi|Dark\n|move|p2a: Squawkabilly|Facade|p1a: Okidogi\n|-crit|p1a: Okidogi\n|-damage|p1a: Okidogi|0 fnt\n|faint|p1a: Okidogi\n|\n|-damage|p2a: Squawkabilly|20/100 brn|[from] brn\n|upkeep\n|inactive|Time left: 300 sec this turn | 300 sec total | 5 sec grace\n|\n|t:|1783547169\n|switch|p1a: Gumshoos|Gumshoos, L95, F|161/321\n|turn|28\n|inactive|Time left: 300 sec this turn | 300 sec total\n|\n|t:|1783547170\n|move|p2a: Squawkabilly|Brave Bird|p1a: Gumshoos\n|-damage|p1a: Gumshoos|0 fnt\n|faint|p1a: Gumshoos\n|-damage|p2a: Squawkabilly|1/100 brn|[from] Recoil\n|\n|win|p0y631de19", "uploadtime": 1783547170, "views": 0, "rating": 0, "private": 0, "password": null, "_winner": "p0y631de19", "_our_name": "p0x631bf20"}