{"id": "battle-gen9randombattle-1617", "formatid": "gen9randombattle", "format": "[Gen 9] Random Battle", "players": ["p0x161777d0", "p0y16178e32"], "log": "|init|battle\n|title|p0x161777d0 vs. p0y16178e32\n|j|\u2606p0x161777d0\n|j|\u2606p0y16178e32\n|t:|1783557934\n|gametype|singles\n|player|p1|p0x161777d0|170|\n|player|p2|p0y16178e32|170|\n|gen|9\n|tier|[Gen 9] Random Battle\n|rule|Species Clause: Limit one of each Pok\u00e9mon\n|rule|HP Percentage Mod: HP is shown in percentages\n|rule|Sleep Clause Mod: Limit one foe put to sleep\n|rule|Illusion Level Mod: Illusion disguises the Pok\u00e9mon's true level\n|\n|t:|1783557934\n|teamsize|p1|6\n|teamsize|p2|6\n|start\n|switch|p1a: Lanturn|Lanturn, L89, F|100/100\n|switch|p2a: Chi-Yu|Chi-Yu, L77|211/211\n|-ability|p2a: Chi-Yu|Beads of Ruin\n|turn|1\n|inactive|Battle timer is ON: inactive players will automatically lose when time's up. (requested by p0y16178e32)\n|inactive|p0x161777d0 also wants the timer to be on.\n|\n|t:|1783557936\n|move|p2a: Chi-Yu|Nasty Plot|p2a: Chi-Yu\n|-boost|p2a: Chi-Yu|spa|2\n|move|p1a: Lanturn|Scald|p2a: Chi-Yu\n|-supereffective|p2a: Chi-Yu\n|-damage|p2a: Chi-Yu|79/211\n|\n|upkeep\n|turn|2\n|inactive|Time left: 300 sec this turn | 300 sec total\n|\n|t:|1783557938\n|move|p2a: Chi-Yu|Dark Pulse|p1a: Lanturn\n|-damage|p1a: Lanturn|36/100\n|move|p1a: Lanturn|Scald|p2a: Chi-Yu\n|-supereffective|p2a: Chi-Yu\n|-damage|p2a: Chi-Yu|0 fnt\n|faint|p2a: Chi-Yu\n|\n|-heal|p1a: Lanturn|42/100|[from] item: Leftovers\n|upkeep\n|inactive|Time left: 300 sec this turn | 300 sec total | 5 sec grace\n|\n|t:|1783557939\n|switch|p2a: Venomoth|Venomoth, L84, M|255/255\n|turn|3\n|inactive|Time left: 300 sec this turn | 300 sec total\n|\n|t:|1783557940\n|move|p2a: Venomoth|Quiver Dance|p2a: Venomoth\n|-boost|p2a: Venomoth|spa|1\n|-boost|p2a: Venomoth|spd|1\n|-boost|p2a: Venomoth|spe|1\n|move|p1a: Lanturn|Thunder Wave|p2a: Venomoth\n|-status|p2a: Venomoth|par\n|\n|-heal|p1a: Lanturn|48/100|[from] item: Leftovers\n|upkeep\n|turn|4\n|inactive|Time left: 300 sec this turn | 300 sec total\n|\n|t:|1783557941\n|move|p1a: Lanturn|Thunderbolt|p2a: Venomoth\n|-damage|p2a: Venomoth|183/255 par\n|move|p2a: Venomoth|Quiver Dance|p2a: Venomoth\n|-boost|p2a: Venomoth|spa|1\n|-boost|p2a: Venomoth|spd|1\n|-boost|p2a: Venomoth|spe|1\n|\n|-heal|p1a: Lanturn|54/100|[from] item: Leftovers\n|upkeep\n|turn|5\n|inactive|Time left: 300 sec this turn | 300 sec total\n|\n|t:|1783557942\n|switch|p1a: Mudsdale|Mudsdale, L83, F|100/100\n|cant|p2a: Venomoth|par\n|\n|upkeep\n|turn|6\n|inactive|Time left: 300 sec this turn | 300 sec total\n|\n|t:|1783557943\n|-terastallize|p1a: Mudsdale|Steel\n|move|p2a: Venomoth|Sleep Powder|p1a: Mudsdale\n|-status|p1a: Mudsdale|slp|[from] move: Sleep Powder\n|cant|p1a: Mudsdale|slp\n|\n|upkeep\n|turn|7\n|inactive|Time left: 300 sec this turn | 300 sec total\n|\n|t:|1783557944\n|move|p2a: Venomoth|Bug Buzz|p1a: Mudsdale\n|-resisted|p1a: Mudsdale\n|-damage|p1a: Mudsdale|35/100 slp\n|-ability|p1a: Mudsdale|Stamina|boost\n|-boost|p1a: Mudsdale|def|1\n|-curestatus|p1a: Mudsdale|slp|[msg]\n|move|p1a: Mudsdale|Heavy Slam|p2a: Venomoth\n|-damage|p2a: Venomoth|0 fnt\n|faint|p2a: Venomoth\n|\n|-heal|p1a: Mudsdale|41/100|[from] item: Leftovers\n|upkeep\n|inactive|Time left: 300 sec this turn | 300 sec total | 5 sec grace\n|\n|t:|1783557945\n|switch|p2a: Lucario|Lucario, L84, M|255/255\n|turn|8\n|inactive|Time left: 300 sec this turn | 300 sec total\n|\n|t:|1783557947\n|move|p2a: Lucario|Vacuum Wave|p1a: Mudsdale\n|-supereffective|p1a: Mudsdale\n|-damage|p1a: Mudsdale|1/100\n|-ability|p1a: Mudsdale|Stamina|boost\n|-boost|p1a: Mudsdale|def|1\n|-damage|p2a: Lucario|230/255|[from] item: Life Orb\n|move|p1a: Mudsdale|Earthquake|p2a: Lucario\n|-supereffective|p2a: Lucario\n|-damage|p2a: Lucario|0 fnt\n|faint|p2a: Lucario\n|\n|-heal|p1a: Mudsdale|7/100|[from] item: Leftovers\n|upkeep\n|inactive|Time left: 300 sec this turn | 300 sec total | 5 sec grace\n|\n|t:|1783557948\n|switch|p2a: Vigoroth|Vigoroth, L85, M|275/275\n|turn|9\n|inactive|Time left: 300 sec this turn | 300 sec total\n|\n|t:|1783557949\n|switch|p1a: Abomasnow|Abomasnow, L84, M|100/100\n|-weather|Snowscape|[from] ability: Snow Warning|[of] p1a: Abomasnow\n|move|p2a: Vigoroth|Earthquake|p1a: Abomasnow\n|-resisted|p1a: Abomasnow\n|-damage|p1a: Abomasnow|92/100\n|\n|-weather|Snowscape|[upkeep]\n|upkeep\n|turn|10\n|inactive|Time left: 300 sec this turn | 300 sec total\n|\n|t:|1783557950\n|move|p2a: Vigoroth|Bulk Up|p2a: Vigoroth\n|-boost|p2a: Vigoroth|atk|1\n|-boost|p2a: Vigoroth|def|1\n|move|p1a: Abomasnow|Aurora Veil|p1a: Abomasnow\n|-sidestart|p1: p0x161777d0|move: Aurora Veil\n|\n|-weather|Snowscape|[upkeep]\n|upkeep\n|turn|11\n|inactive|Time left: 300 sec this turn | 300 sec total\n|\n|t:|1783557951\n|move|p2a: Vigoroth|Bulk Up|p2a: Vigoroth\n|-boost|p2a: Vigoroth|atk|1\n|-boost|p2a: Vigoroth|def|1\n|move|p1a: Abomasnow|Blizzard|p2a: Vigoroth\n|-damage|p2a: Vigoroth|178/275\n|\n|-weather|Snowscape|[upkeep]\n|upkeep\n|turn|12\n|inactive|Time left: 300 sec this turn | 300 sec total\n|\n|t:|1783557952\n|move|p2a: Vigoroth|Slack Off|p2a: Vigoroth\n|-heal|p2a: Vigoroth|275/275\n|move|p1a: Abomasnow|Blizzard|p2a: Vigoroth\n|-damage|p2a: Vigoroth|176/275\n|\n|-weather|Snowscape|[upkeep]\n|upkeep\n|turn|13\n|inactive|Time left: 300 sec this turn | 300 sec total\n|\n|t:|1783557953\n|move|p2a: Vigoroth|Body Slam|p1a: Abomasnow\n|-damage|p1a: Abomasnow|71/100\n|move|p1a: Abomasnow|Blizzard|p2a: Vigoroth\n|-damage|p2a: Vigoroth|77/275\n|-status|p2a: Vigoroth|frz\n|\n|-weather|none\n|upkeep\n|turn|14\n|inactive|Time left: 300 sec this turn | 300 sec total\n|\n|t:|1783557954\n|cant|p2a: Vigoroth|frz\n|move|p1a: Abomasnow|Blizzard|p2a: Vigoroth|[miss]\n|-miss|p1a: Abomasnow|p2a: Vigoroth\n|\n|upkeep\n|turn|15\n|inactive|Time left: 300 sec this turn | 300 sec total\n|\n|t:|1783557955\n|-curestatus|p2a: Vigoroth|frz|[msg]\n|move|p2a: Vigoroth|Slack Off|p2a: Vigoroth\n|-heal|p2a: Vigoroth|215/275\n|move|p1a: Abomasnow|Blizzard|p2a: Vigoroth\n|-damage|p2a: Vigoroth|112/275\n|\n|upkeep\n|turn|16\n|inactive|Time left: 300 sec this turn | 300 sec total\n|\n|t:|1783557956\n|move|p2a: Vigoroth|Slack Off|p2a: Vigoroth\n|-heal|p2a: Vigoroth|250/275\n|move|p1a: Abomasnow|Blizzard|p2a: Vigoroth|[miss]\n|-miss|p1a: Abomasnow|p2a: Vigoroth\n|\n|upkeep\n|turn|17\n|inactive|Time left: 300 sec this turn | 300 sec total\n|\n|t:|1783557957\n|move|p2a: Vigoroth|Bulk Up|p2a: Vigoroth\n|-boost|p2a: Vigoroth|atk|1\n|-boost|p2a: Vigoroth|def|1\n|move|p1a: Abomasnow|Blizzard|p2a: Vigoroth\n|-damage|p2a: Vigoroth|144/275\n|\n|-sideend|p1: p0x161777d0|move: Aurora Veil\n|upkeep\n|turn|18\n|inactive|Time left: 300 sec this turn | 300 sec total\n|\n|t:|1783557959\n|switch|p1a: Mudsdale|Mudsdale, L83, F, tera:Steel|7/100\n|move|p2a: Vigoroth|Body Slam|p1a: Mudsdale\n|-resisted|p1a: Mudsdale\n|-damage|p1a: Mudsdale|0 fnt\n|faint|p1a: Mudsdale\n|\n|upkeep\n|\n|t:|1783557959\n|switch|p1a: Abomasnow|Abomasnow, L84, M|71/100\n|-weather|Snowscape|[from] ability: Snow Warning|[of] p1a: Abomasnow\n|turn|19\n|inactive|Time left: 300 sec this turn | 300 sec total\n|\n|t:|1783557961\n|move|p2a: Vigoroth|Body Slam|p1a: Abomasnow\n|-damage|p1a: Abomasnow|19/100\n|-status|p1a: Abomasnow|par\n|cant|p1a: Abomasnow|par\n|\n|-weather|Snowscape|[upkeep]\n|upkeep\n|turn|20\n|inactive|Time left: 300 sec this turn | 300 sec total\n|\n|t:|1783557962\n|move|p1a: Abomasnow|Ice Shard|p2a: Vigoroth\n|-damage|p2a: Vigoroth|132/275\n|move|p2a: Vigoroth|Body Slam|p1a: Abomasnow\n|-damage|p1a: Abomasnow|0 fnt\n|faint|p1a: Abomasnow\n|\n|-weather|Snowscape|[upkeep]\n|upkeep\n|\n|t:|1783557963\n|switch|p1a: Slither Wing|Slither Wing, L81|100/100\n|turn|21\n|inactive|Time left: 300 sec this turn | 300 sec total\n|\n|t:|1783557964\n|move|p2a: Vigoroth|Body Slam|p1a: Slither Wing\n|-damage|p1a: Slither Wing|20/100\n|move|p1a: Slither Wing|Will-O-Wisp|p2a: Vigoroth\n|-status|p2a: Vigoroth|brn\n|\n|-weather|Snowscape|[upkeep]\n|-damage|p2a: Vigoroth|115/275 brn|[from] brn\n|upkeep\n|turn|22\n|inactive|Time left: 300 sec this turn | 300 sec total\n|\n|t:|1783557965\n|move|p2a: Vigoroth|Body Slam|p1a: Slither Wing\n|-damage|p1a: Slither Wing|0 fnt\n|faint|p1a: Slither Wing\n|-end|p1a: Slither Wing|Protosynthesis|[silent]\n|\n|-weather|Snowscape|[upkeep]\n|-damage|p2a: Vigoroth|98/275 brn|[from] brn\n|upkeep\n|\n|t:|1783557966\n|switch|p1a: Chien-Pao|Chien-Pao, L72|100/100\n|-ability|p1a: Chien-Pao|Sword of Ruin\n|turn|23\n|inactive|Time left: 300 sec this turn | 300 sec total\n|\n|t:|1783557967\n|move|p1a: Chien-Pao|Swords Dance|p1a: Chien-Pao\n|-boost|p1a: Chien-Pao|atk|2\n|move|p2a: Vigoroth|Slack Off|p2a: Vigoroth\n|-heal|p2a: Vigoroth|236/275 brn\n|\n|-weather|none\n|-damage|p2a: Vigoroth|219/275 brn|[from] brn\n|upkeep\n|turn|24\n|inactive|Time left: 300 sec this turn | 300 sec total\n|\n|t:|1783557968\n|move|p1a: Chien-Pao|Icicle Crash|p2a: Vigoroth\n|-damage|p2a: Vigoroth|161/275 brn\n|move|p2a: Vigoroth|Body Slam|p1a: Chien-Pao\n|-damage|p1a: Chien-Pao|48/100\n|-status|p1a: Chien-Pao|par\n|\n|-damage|p2a: Vigoroth|144/275 brn|[from] brn\n|upkeep\n|turn|25\n|inactive|Time left: 300 sec this turn | 300 sec total\n|\n|t:|1783557969\n|move|p2a: Vigoroth|Body Slam|p1a: Chien-Pao\n|-damage|p1a: Chien-Pao|0 fnt\n|faint|p1a: Chien-Pao\n|\n|-damage|p2a: Vigoroth|127/275 brn|[from] brn\n|upkeep\n|\n|t:|1783557970\n|switch|p1a: Whiscash|Whiscash, L88, M|100/100\n|turn|26\n|inactive|Time left: 300 sec this turn | 300 sec total\n|\n|t:|1783557971\n|move|p2a: Vigoroth|Slack Off|p2a: Vigoroth\n|-heal|p2a: Vigoroth|265/275 brn\n|move|p1a: Whiscash|Dragon Dance|p1a: Whiscash\n|-boost|p1a: Whiscash|atk|1\n|-boost|p1a: Whiscash|spe|1\n|\n|-damage|p2a: Vigoroth|248/275 brn|[from] brn\n|upkeep\n|turn|27\n|inactive|Time left: 300 sec this turn | 300 sec total\n|\n|t:|1783557972\n|move|p1a: Whiscash|Dragon Dance|p1a: Whiscash\n|-boost|p1a: Whiscash|atk|1\n|-boost|p1a: Whiscash|spe|1\n|move|p2a: Vigoroth|Body Slam|p1a: Whiscash\n|-damage|p1a: Whiscash|65/100\n|-status|p1a: Whiscash|par\n|\n|-damage|p2a: Vigoroth|231/275 brn|[from] brn\n|upkeep\n|turn|28\n|inactive|Time left: 300 sec this turn | 300 sec total\n|\n|t:|1783557973\n|move|p2a: Vigoroth|Body Slam|p1a: Whiscash\n|-damage|p1a: Whiscash|31/100 par\n|move|p1a: Whiscash|Dragon Dance|p1a: Whiscash\n|-boost|p1a: Whiscash|atk|1\n|-boost|p1a: Whiscash|spe|1\n|\n|-damage|p2a: Vigoroth|214/275 brn|[from] brn\n|upkeep\n|turn|29\n|inactive|Time left: 300 sec this turn | 300 sec total\n|\n|t:|1783557974\n|-terastallize|p2a: Vigoroth|Ground\n|move|p2a: Vigoroth|Earthquake|p1a: Whiscash\n|-damage|p1a: Whiscash|0 fnt\n|faint|p1a: Whiscash\n|\n|-damage|p2a: Vigoroth|197/275 brn|[from] brn\n|upkeep\n|\n|t:|1783557975\n|switch|p1a: Lanturn|Lanturn, L89, F|54/100\n|turn|30\n|inactive|Time left: 300 sec this turn | 300 sec total\n|\n|t:|1783557975\n|move|p2a: Vigoroth|Earthquake|p1a: Lanturn\n|-supereffective|p1a: Lanturn\n|-damage|p1a: Lanturn|0 fnt\n|faint|p1a: Lanturn\n|\n|win|p0y16178e32", "uploadtime": 1783557975, "views": 0, "rating": 0, "private": 0, "password": null, "_winner": "p0y16178e32", "_our_name": "p0y16178e32"}