{"id": "battle-gen9randombattle-2542", "formatid": "gen9randombattle", "format": "[Gen 9] Random Battle", "players": ["p0x2542d141", "p0y25429214"], "log": "|init|battle\n|title|p0x2542d141 vs. p0y25429214\n|j|\u2606p0x2542d141\n|j|\u2606p0y25429214\n|t:|1783569400\n|gametype|singles\n|player|p1|p0x2542d141|2|\n|player|p2|p0y25429214|170|\n|gen|9\n|tier|[Gen 9] Random Battle\n|rule|Species Clause: Limit one of each Pok\u00e9mon\n|rule|HP Percentage Mod: HP is shown in percentages\n|rule|Sleep Clause Mod: Limit one foe put to sleep\n|rule|Illusion Level Mod: Illusion disguises the Pok\u00e9mon's true level\n|\n|t:|1783569400\n|teamsize|p1|6\n|teamsize|p2|6\n|start\n|switch|p1a: Sceptile|Sceptile, L87, M|264/264\n|switch|p2a: Krookodile|Krookodile, L79, M|100/100\n|-ability|p2a: Krookodile|Intimidate|boost\n|-unboost|p1a: Sceptile|atk|1\n|turn|1\n|inactive|Battle timer is ON: inactive players will automatically lose when time's up. (requested by p0x2542d141)\n|inactive|p0y25429214 also wants the timer to be on.\n|\n|t:|1783569401\n|move|p1a: Sceptile|Giga Drain|p2a: Krookodile\n|-supereffective|p2a: Krookodile\n|-damage|p2a: Krookodile|27/100\n|move|p2a: Krookodile|Stealth Rock|p1a: Sceptile\n|-sidestart|p1: p0x2542d141|move: Stealth Rock\n|\n|upkeep\n|turn|2\n|inactive|Time left: 300 sec this turn | 300 sec total\n|\n|t:|1783569403\n|switch|p2a: Tinkaton|Tinkaton, L82, F|100/100\n|-ability|p2a: Tinkaton|Mold Breaker\n|move|p1a: Sceptile|Giga Drain|p2a: Tinkaton\n|-resisted|p2a: Tinkaton\n|-damage|p2a: Tinkaton|87/100\n|\n|-heal|p2a: Tinkaton|93/100|[from] item: Leftovers\n|upkeep\n|turn|3\n|inactive|Time left: 300 sec this turn | 300 sec total\n|\n|t:|1783569404\n|move|p1a: Sceptile|Leech Seed|p2a: Tinkaton\n|-start|p2a: Tinkaton|move: Leech Seed\n|move|p2a: Tinkaton|Swords Dance|p2a: Tinkaton\n|-boost|p2a: Tinkaton|atk|2\n|\n|-heal|p2a: Tinkaton|99/100|[from] item: Leftovers\n|-damage|p2a: Tinkaton|87/100|[from] Leech Seed|[of] p1a: Sceptile\n|upkeep\n|turn|4\n|inactive|Time left: 300 sec this turn | 300 sec total\n|\n|t:|1783569404\n|switch|p1a: Volcanion|Volcanion, L79|256/256\n|move|p2a: Tinkaton|Gigaton Hammer|p1a: Volcanion\n|-resisted|p1a: Volcanion\n|-damage|p1a: Volcanion|198/256\n|\n|-heal|p2a: Tinkaton|93/100|[from] item: Leftovers\n|-damage|p2a: Tinkaton|80/100|[from] Leech Seed|[of] p1a: Volcanion\n|-heal|p1a: Volcanion|232/256|[silent]\n|upkeep\n|turn|5\n|inactive|Time left: 300 sec this turn | 300 sec total\n|\n|t:|1783569405\n|switch|p2a: Clawitzer|Clawitzer, L87, M|100/100\n|move|p1a: Volcanion|Steam Eruption|p2a: Clawitzer\n|-resisted|p2a: Clawitzer\n|-damage|p2a: Clawitzer|78/100\n|-status|p2a: Clawitzer|brn\n|\n|-damage|p2a: Clawitzer|72/100 brn|[from] brn\n|upkeep\n|turn|6\n|inactive|Time left: 300 sec this turn | 300 sec total\n|\n|t:|1783569406\n|move|p1a: Volcanion|Steam Eruption|p2a: Clawitzer\n|-resisted|p2a: Clawitzer\n|-damage|p2a: Clawitzer|47/100 brn\n|move|p2a: Clawitzer|Dark Pulse|p1a: Volcanion\n|-damage|p1a: Volcanion|72/256\n|\n|-damage|p2a: Clawitzer|41/100 brn|[from] brn\n|upkeep\n|turn|7\n|inactive|Time left: 300 sec this turn | 300 sec total\n|\n|t:|1783569407\n|move|p1a: Volcanion|Steam Eruption|p2a: Clawitzer\n|-resisted|p2a: Clawitzer\n|-damage|p2a: Clawitzer|17/100 brn\n|move|p2a: Clawitzer|Dark Pulse|p1a: Volcanion\n|-damage|p1a: Volcanion|0 fnt\n|faint|p1a: Volcanion\n|\n|-damage|p2a: Clawitzer|11/100 brn|[from] brn\n|upkeep\n|inactive|Time left: 300 sec this turn | 300 sec total | 5 sec grace\n|\n|t:|1783569409\n|switch|p1a: Braviary|Braviary, L85, M|309/309\n|turn|8\n|inactive|Time left: 300 sec this turn | 300 sec total\n|\n|t:|1783569410\n|move|p1a: Braviary|Brave Bird|p2a: Clawitzer\n|-damage|p2a: Clawitzer|0 fnt\n|faint|p2a: Clawitzer\n|-damage|p1a: Braviary|299/309|[from] Recoil\n|\n|upkeep\n|\n|t:|1783569410\n|switch|p2a: Veluza|Veluza, L85, F|100/100\n|turn|9\n|inactive|Time left: 300 sec this turn | 300 sec total\n|\n|t:|1783569411\n|move|p1a: Braviary|Bulk Up|p1a: Braviary\n|-boost|p1a: Braviary|atk|1\n|-boost|p1a: Braviary|def|1\n|move|p2a: Veluza|Psycho Cut|p1a: Braviary\n|-damage|p1a: Braviary|164/309\n|\n|upkeep\n|turn|10\n|inactive|Time left: 300 sec this turn | 300 sec total\n|\n|t:|1783569412\n|move|p1a: Braviary|Roost|p1a: Braviary\n|-heal|p1a: Braviary|309/309\n|-singleturn|p1a: Braviary|move: Roost\n|move|p2a: Veluza|Psycho Cut|p1a: Braviary\n|-damage|p1a: Braviary|182/309\n|\n|upkeep\n|turn|11\n|inactive|Time left: 300 sec this turn | 300 sec total\n|\n|t:|1783569413\n|move|p1a: Braviary|Roost|p1a: Braviary\n|-heal|p1a: Braviary|309/309\n|-singleturn|p1a: Braviary|move: Roost\n|move|p2a: Veluza|Psycho Cut|p1a: Braviary\n|-crit|p1a: Braviary\n|-damage|p1a: Braviary|27/309\n|\n|upkeep\n|turn|12\n|inactive|Time left: 300 sec this turn | 300 sec total\n|\n|t:|1783569414\n|move|p1a: Braviary|Roost|p1a: Braviary\n|-heal|p1a: Braviary|182/309\n|-singleturn|p1a: Braviary|move: Roost\n|move|p2a: Veluza|Psycho Cut|p1a: Braviary\n|-damage|p1a: Braviary|40/309\n|\n|upkeep\n|turn|13\n|inactive|Time left: 300 sec this turn | 300 sec total\n|\n|t:|1783569415\n|move|p1a: Braviary|Roost|p1a: Braviary\n|-heal|p1a: Braviary|195/309\n|-singleturn|p1a: Braviary|move: Roost\n|move|p2a: Veluza|Psycho Cut|p1a: Braviary\n|-damage|p1a: Braviary|68/309\n|\n|upkeep\n|turn|14\n|inactive|Time left: 300 sec this turn | 300 sec total\n|\n|t:|1783569416\n|move|p1a: Braviary|Roost|p1a: Braviary\n|-heal|p1a: Braviary|223/309\n|-singleturn|p1a: Braviary|move: Roost\n|move|p2a: Veluza|Psycho Cut|p1a: Braviary\n|-crit|p1a: Braviary\n|-damage|p1a: Braviary|0 fnt\n|faint|p1a: Braviary\n|\n|upkeep\n|inactive|Time left: 300 sec this turn | 300 sec total | 5 sec grace\n|\n|t:|1783569417\n|switch|p1a: Magnezone|Magnezone, L85|258/258\n|-damage|p1a: Magnezone|242/258|[from] Stealth Rock\n|turn|15\n|inactive|Time left: 300 sec this turn | 300 sec total\n|\n|t:|1783569418\n|switch|p2a: Krookodile|Krookodile, L79, M|27/100\n|-ability|p2a: Krookodile|Intimidate|boost\n|-unboost|p1a: Magnezone|atk|1\n|move|p1a: Magnezone|Thunderbolt|p2a: Krookodile\n|-immune|p2a: Krookodile\n|\n|-heal|p1a: Magnezone|258/258|[from] item: Leftovers\n|upkeep\n|turn|16\n|inactive|Time left: 300 sec this turn | 300 sec total\n|\n|t:|1783569419\n|switch|p1a: Sceptile|Sceptile, L87, M|264/264\n|-damage|p1a: Sceptile|231/264|[from] Stealth Rock\n|move|p2a: Krookodile|Earthquake|p1a: Sceptile\n|-resisted|p1a: Sceptile\n|-damage|p1a: Sceptile|145/264\n|-damage|p2a: Krookodile|17/100|[from] item: Life Orb\n|\n|-heal|p1a: Sceptile|161/264|[from] item: Leftovers\n|upkeep\n|turn|17\n|inactive|Time left: 300 sec this turn | 300 sec total\n|\n|t:|1783569420\n|switch|p2a: Tinkaton|Tinkaton, L82, F|80/100\n|-ability|p2a: Tinkaton|Mold Breaker\n|move|p1a: Sceptile|Giga Drain|p2a: Tinkaton\n|-resisted|p2a: Tinkaton\n|-damage|p2a: Tinkaton|66/100\n|-heal|p1a: Sceptile|181/264|[from] drain|[of] p2a: Tinkaton\n|\n|-heal|p1a: Sceptile|197/264|[from] item: Leftovers\n|-heal|p2a: Tinkaton|72/100|[from] item: Leftovers\n|upkeep\n|turn|18\n|inactive|Time left: 300 sec this turn | 300 sec total\n|\n|t:|1783569421\n|switch|p1a: Magnezone|Magnezone, L85|258/258\n|-damage|p1a: Magnezone|242/258|[from] Stealth Rock\n|move|p2a: Tinkaton|Swords Dance|p2a: Tinkaton\n|-boost|p2a: Tinkaton|atk|2\n|\n|-heal|p2a: Tinkaton|79/100|[from] item: Leftovers\n|-heal|p1a: Magnezone|258/258|[from] item: Leftovers\n|upkeep\n|turn|19\n|inactive|Time left: 300 sec this turn | 300 sec total\n|\n|t:|1783569422\n|move|p2a: Tinkaton|Knock Off|p1a: Magnezone\n|-damage|p1a: Magnezone|176/258\n|-enditem|p1a: Magnezone|Leftovers|[from] move: Knock Off|[of] p2a: Tinkaton\n|move|p1a: Magnezone|Iron Defense|p1a: Magnezone\n|-boost|p1a: Magnezone|def|2\n|\n|-heal|p2a: Tinkaton|85/100|[from] item: Leftovers\n|upkeep\n|turn|20\n|inactive|Time left: 300 sec this turn | 300 sec total\n|\n|t:|1783569423\n|move|p2a: Tinkaton|Play Rough|p1a: Magnezone\n|-resisted|p1a: Magnezone\n|-damage|p1a: Magnezone|149/258\n|move|p1a: Magnezone|Body Press|p2a: Tinkaton\n|-damage|p2a: Tinkaton|7/100\n|\n|-heal|p2a: Tinkaton|13/100|[from] item: Leftovers\n|upkeep\n|turn|21\n|inactive|Time left: 300 sec this turn | 300 sec total\n|\n|t:|1783569424\n|move|p2a: Tinkaton|Gigaton Hammer|p1a: Magnezone\n|-resisted|p1a: Magnezone\n|-damage|p1a: Magnezone|124/258\n|move|p1a: Magnezone|Flash Cannon|p2a: Tinkaton\n|-damage|p2a: Tinkaton|0 fnt\n|faint|p2a: Tinkaton\n|\n|upkeep\n|\n|t:|1783569425\n|switch|p2a: Krookodile|Krookodile, L79, M|17/100\n|-ability|p2a: Krookodile|Intimidate|boost\n|-unboost|p1a: Magnezone|atk|1\n|turn|22\n|inactive|Time left: 300 sec this turn | 300 sec total\n|\n|t:|1783569426\n|move|p2a: Krookodile|Earthquake|p1a: Magnezone\n|-supereffective|p1a: Magnezone\n|-damage|p1a: Magnezone|0 fnt\n|faint|p1a: Magnezone\n|-damage|p2a: Krookodile|7/100|[from] item: Life Orb\n|\n|upkeep\n|inactive|Time left: 300 sec this turn | 300 sec total | 5 sec grace\n|\n|t:|1783569427\n|switch|p1a: Sceptile|Sceptile, L87, M|197/264\n|-damage|p1a: Sceptile|164/264|[from] Stealth Rock\n|turn|23\n|inactive|Time left: 300 sec this turn | 300 sec total\n|\n|t:|1783569428\n|switch|p2a: Cobalion|Cobalion, L80|100/100\n|move|p1a: Sceptile|Giga Drain|p2a: Cobalion\n|-resisted|p2a: Cobalion\n|-damage|p2a: Cobalion|81/100\n|-heal|p1a: Sceptile|191/264|[from] drain|[of] p2a: Cobalion\n|\n|-heal|p1a: Sceptile|207/264|[from] item: Leftovers\n|-heal|p2a: Cobalion|88/100|[from] item: Leftovers\n|upkeep\n|turn|24\n|inactive|Time left: 300 sec this turn | 300 sec total\n|\n|t:|1783569429\n|move|p1a: Sceptile|Focus Blast|p2a: Cobalion\n|-supereffective|p2a: Cobalion\n|-damage|p2a: Cobalion|3/100\n|move|p2a: Cobalion|Body Press|p1a: Sceptile\n|-damage|p1a: Sceptile|83/264\n|\n|-heal|p1a: Sceptile|99/264|[from] item: Leftovers\n|-heal|p2a: Cobalion|9/100|[from] item: Leftovers\n|upkeep\n|turn|25\n|inactive|Time left: 300 sec this turn | 300 sec total\n|\n|t:|1783569431\n|move|p1a: Sceptile|Giga Drain|p2a: Cobalion\n|-resisted|p2a: Cobalion\n|-damage|p2a: Cobalion|0 fnt\n|-heal|p1a: Sceptile|111/264|[from] drain|[of] p2a: Cobalion\n|faint|p2a: Cobalion\n|\n|-heal|p1a: Sceptile|127/264|[from] item: Leftovers\n|upkeep\n|\n|t:|1783569432\n|switch|p2a: Froslass|Froslass, L87, F|100/100\n|turn|26\n|inactive|Time left: 300 sec this turn | 300 sec total\n|\n|t:|1783569432\n|-terastallize|p1a: Sceptile|Steel\n|move|p1a: Sceptile|Giga Drain|p2a: Froslass\n|-damage|p2a: Froslass|58/100\n|-heal|p1a: Sceptile|183/264|[from] drain|[of] p2a: Froslass\n|move|p2a: Froslass|Triple Axel|p1a: Sceptile\n|-resisted|p1a: Sceptile\n|-damage|p1a: Sceptile|171/264\n|-resisted|p1a: Sceptile\n|-damage|p1a: Sceptile|149/264\n|-resisted|p1a: Sceptile\n|-damage|p1a: Sceptile|114/264\n|-hitcount|p1a: Sceptile|3\n|\n|-heal|p1a: Sceptile|130/264|[from] item: Leftovers\n|upkeep\n|turn|27\n|inactive|Time left: 300 sec this turn | 300 sec total\n|\n|t:|1783569433\n|move|p1a: Sceptile|Giga Drain|p2a: Froslass\n|-damage|p2a: Froslass|20/100\n|-heal|p1a: Sceptile|180/264|[from] drain|[of] p2a: Froslass\n|move|p2a: Froslass|Poltergeist|p1a: Sceptile\n|-activate|p1a: Sceptile|move: Poltergeist|Leftovers\n|-damage|p1a: Sceptile|59/264\n|\n|-heal|p1a: Sceptile|75/264|[from] item: Leftovers\n|upkeep\n|turn|28\n|inactive|Time left: 300 sec this turn | 300 sec total\n|\n|t:|1783569435\n|switch|p2a: Krookodile|Krookodile, L79, M|7/100\n|-ability|p2a: Krookodile|Intimidate|boost\n|-unboost|p1a: Sceptile|atk|1\n|move|p1a: Sceptile|Giga Drain|p2a: Krookodile\n|-supereffective|p2a: Krookodile\n|-damage|p2a: Krookodile|0 fnt\n|-heal|p1a: Sceptile|84/264|[from] drain|[of] p2a: Krookodile\n|faint|p2a: Krookodile\n|\n|-heal|p1a: Sceptile|100/264|[from] item: Leftovers\n|upkeep\n|\n|t:|1783569436\n|switch|p2a: Veluza|Veluza, L85, F|100/100\n|turn|29\n|inactive|Time left: 300 sec this turn | 300 sec total\n|\n|t:|1783569437\n|-terastallize|p2a: Veluza|Water\n|move|p2a: Veluza|Aqua Jet|p1a: Sceptile\n|-damage|p1a: Sceptile|0 fnt\n|faint|p1a: Sceptile\n|\n|upkeep\n|inactive|Time left: 300 sec this turn | 300 sec total | 5 sec grace\n|\n|t:|1783569438\n|switch|p1a: Dachsbun|Dachsbun, L92, F|254/254\n|-damage|p1a: Dachsbun|223/254|[from] Stealth Rock\n|turn|30\n|inactive|Time left: 300 sec this turn | 300 sec total\n|\n|t:|1783569438\n|switch|p2a: Froslass|Froslass, L87, F|20/100\n|move|p1a: Dachsbun|Play Rough|p2a: Froslass\n|-damage|p2a: Froslass|0 fnt\n|-start|p1a: Dachsbun|Disable|Play Rough|[from] ability: Cursed Body|[of] p2a: Froslass\n|faint|p2a: Froslass\n|\n|-heal|p1a: Dachsbun|238/254|[from] item: Leftovers\n|upkeep\n|\n|t:|1783569439\n|switch|p2a: Veluza|Veluza, L85, F, tera:Water|100/100\n|turn|31\n|inactive|Time left: 300 sec this turn | 300 sec total\n|\n|t:|1783569440\n|move|p1a: Dachsbun|Yawn|p2a: Veluza\n|-start|p2a: Veluza|move: Yawn|[of] p1a: Dachsbun\n|move|p2a: Veluza|Aqua Cutter|p1a: Dachsbun\n|-damage|p1a: Dachsbun|46/254\n|\n|-heal|p1a: Dachsbun|61/254|[from] item: Leftovers\n|upkeep\n|turn|32\n|inactive|Time left: 300 sec this turn | 300 sec total\n|\n|t:|1783569441\n|move|p1a: Dachsbun|Yawn||[still]\n|-fail|p1a: Dachsbun\n|move|p2a: Veluza|Aqua Cutter|p1a: Dachsbun\n|-crit|p1a: Dachsbun\n|-damage|p1a: Dachsbun|0 fnt\n|faint|p1a: Dachsbun\n|\n|-end|p2a: Veluza|move: Yawn|[silent]\n|-status|p2a: Veluza|slp\n|upkeep\n|inactive|Time left: 300 sec this turn | 300 sec total | 5 sec grace\n|\n|t:|1783569442\n|switch|p1a: Dragalge|Dragalge, L88, F|258/258\n|-damage|p1a: Dragalge|226/258|[from] Stealth Rock\n|turn|33\n|inactive|Time left: 300 sec this turn | 300 sec total\n|\n|t:|1783569442\n|cant|p2a: Veluza|slp\n|move|p1a: Dragalge|Sludge Wave|p2a: Veluza\n|-damage|p2a: Veluza|42/100 slp\n|\n|-heal|p1a: Dragalge|242/258|[from] item: Leftovers\n|upkeep\n|turn|34\n|inactive|Time left: 300 sec this turn | 300 sec total\n|\n|t:|1783569443\n|cant|p2a: Veluza|slp\n|move|p1a: Dragalge|Sludge Wave|p2a: Veluza\n|-damage|p2a: Veluza|0 fnt\n|faint|p2a: Veluza\n|\n|win|p0x2542d141", "uploadtime": 1783569443, "views": 0, "rating": 0, "private": 0, "password": null, "_winner": "p0x2542d141", "_our_name": "p0x2542d141"}