{"id": "battle-gen9randombattle-500", "formatid": "gen9randombattle", "format": "[Gen 9] Random Battle", "players": ["p0x5007963", "p0y50023f1"], "log": "|init|battle\n|title|p0x5007963 vs. p0y50023f1\n|j|\u2606p0x5007963\n|j|\u2606p0y50023f1\n|t:|1783544838\n|gametype|singles\n|player|p1|p0x5007963|265|\n|player|p2|p0y50023f1|101|\n|gen|9\n|tier|[Gen 9] Random Battle\n|rule|Species Clause: Limit one of each Pok\u00e9mon\n|rule|HP Percentage Mod: HP is shown in percentages\n|rule|Sleep Clause Mod: Limit one foe put to sleep\n|rule|Illusion Level Mod: Illusion disguises the Pok\u00e9mon's true level\n|\n|t:|1783544838\n|teamsize|p1|6\n|teamsize|p2|6\n|start\n|switch|p1a: Ninetales|Ninetales, L85, M|263/263\n|switch|p2a: Metagross|Metagross, L79|100/100\n|-weather|SunnyDay|[from] ability: Drought|[of] p1a: Ninetales\n|turn|1\n|inactive|Battle timer is ON: inactive players will automatically lose when time's up. (requested by p0y50023f1)\n|inactive|Time left: 300 sec this turn | 300 sec total | 60 sec grace\n|inactive|p0x5007963 also wants the timer to be on.\n|\n|t:|1783544840\n|switch|p2a: Appletun|Appletun, L92, M, shiny|100/100\n|move|p1a: Ninetales|Fire Blast|p2a: Appletun\n|-damage|p2a: Appletun|78/100\n|\n|-weather|SunnyDay|[upkeep]\n|-heal|p2a: Appletun|85/100|[from] item: Leftovers\n|upkeep\n|turn|2\n|inactive|Time left: 300 sec this turn | 300 sec total\n|\n|t:|1783544842\n|move|p1a: Ninetales|Nasty Plot|p1a: Ninetales\n|-boost|p1a: Ninetales|spa|2\n|move|p2a: Appletun|Apple Acid|p1a: Ninetales\n|-resisted|p1a: Ninetales\n|-damage|p1a: Ninetales|218/263\n|-unboost|p1a: Ninetales|spd|1\n|\n|-weather|SunnyDay|[upkeep]\n|-heal|p2a: Appletun|91/100|[from] item: Leftovers\n|upkeep\n|turn|3\n|inactive|Time left: 300 sec this turn | 300 sec total\n|\n|t:|1783544843\n|move|p1a: Ninetales|Fire Blast|p2a: Appletun\n|-damage|p2a: Appletun|47/100\n|move|p2a: Appletun|Draco Meteor|p1a: Ninetales\n|-damage|p1a: Ninetales|0 fnt\n|-unboost|p2a: Appletun|spa|2\n|faint|p1a: Ninetales\n|\n|-weather|SunnyDay|[upkeep]\n|-heal|p2a: Appletun|53/100|[from] item: Leftovers\n|upkeep\n|inactive|Time left: 300 sec this turn | 300 sec total | 5 sec grace\n|\n|t:|1783544844\n|switch|p1a: Archaludon|Archaludon, L78, M|268/268\n|turn|4\n|inactive|Time left: 300 sec this turn | 300 sec total\n|\n|t:|1783544845\n|switch|p2a: Armarouge|Armarouge, L80, F|100/100\n|move|p1a: Archaludon|Swords Dance|p1a: Archaludon\n|-boost|p1a: Archaludon|atk|2\n|\n|-weather|SunnyDay|[upkeep]\n|upkeep\n|turn|5\n|inactive|Time left: 300 sec this turn | 300 sec total\n|\n|t:|1783544846\n|-terastallize|p1a: Archaludon|Ground\n|-terastallize|p2a: Armarouge|Fighting\n|move|p1a: Archaludon|Earthquake|p2a: Armarouge\n|-damage|p2a: Armarouge|35/100\n|-ability|p2a: Armarouge|Weak Armor|boost\n|-unboost|p2a: Armarouge|def|1\n|-boost|p2a: Armarouge|spe|2\n|move|p2a: Armarouge|Armor Cannon|p1a: Archaludon\n|-damage|p1a: Archaludon|0 fnt\n|-unboost|p2a: Armarouge|def|1\n|-unboost|p2a: Armarouge|spd|1\n|faint|p1a: Archaludon\n|\n|-weather|none\n|upkeep\n|inactive|Time left: 300 sec this turn | 300 sec total | 5 sec grace\n|\n|t:|1783544847\n|switch|p1a: Kyogre|Kyogre, L71|259/259\n|-weather|RainDance|[from] ability: Drizzle|[of] p1a: Kyogre\n|turn|6\n|inactive|Time left: 300 sec this turn | 300 sec total\n|\n|t:|1783544847\n|switch|p2a: Appletun|Appletun, L92, M, shiny|53/100\n|move|p1a: Kyogre|Water Spout|p2a: Appletun\n|-resisted|p2a: Appletun\n|-damage|p2a: Appletun|36/100\n|\n|-weather|RainDance|[upkeep]\n|-heal|p2a: Appletun|42/100|[from] item: Leftovers\n|upkeep\n|turn|7\n|inactive|Time left: 300 sec this turn | 300 sec total\n|\n|t:|1783544848\n|switch|p1a: Arbok|Arbok, L87, M|246/246\n|-ability|p1a: Arbok|Intimidate|boost\n|-unboost|p2a: Appletun|atk|1\n|move|p2a: Appletun|Recover|p2a: Appletun\n|-heal|p2a: Appletun|92/100\n|\n|-weather|RainDance|[upkeep]\n|-heal|p2a: Appletun|99/100|[from] item: Leftovers\n|upkeep\n|turn|8\n|inactive|Time left: 300 sec this turn | 300 sec total\n|\n|t:|1783544849\n|move|p1a: Arbok|Coil|p1a: Arbok\n|-boost|p1a: Arbok|atk|1\n|-boost|p1a: Arbok|def|1\n|-boost|p1a: Arbok|accuracy|1\n|move|p2a: Appletun|Draco Meteor|p1a: Arbok\n|-crit|p1a: Arbok\n|-damage|p1a: Arbok|0 fnt\n|-unboost|p2a: Appletun|spa|2\n|faint|p1a: Arbok\n|\n|-weather|RainDance|[upkeep]\n|-heal|p2a: Appletun|100/100|[from] item: Leftovers\n|upkeep\n|inactive|Time left: 300 sec this turn | 300 sec total | 5 sec grace\n|\n|t:|1783544850\n|switch|p1a: Cyclizar|Cyclizar, L84, M|255/255\n|turn|9\n|inactive|Time left: 300 sec this turn | 300 sec total\n|\n|t:|1783544851\n|switch|p2a: Metagross|Metagross, L79|100/100\n|move|p1a: Cyclizar|Shed Tail|p1a: Cyclizar\n|-start|p1a: Cyclizar|Substitute|[from] move: Shed Tail\n|-damage|p1a: Cyclizar|127/255\n|inactive|Time left: 300 sec this turn | 300 sec total | 5 sec grace\n|\n|t:|1783544852\n|switch|p1a: Sunflora|Sunflora, M|312/312|[from] Shed Tail\n|\n|-weather|RainDance|[upkeep]\n|upkeep\n|turn|10\n|inactive|Time left: 300 sec this turn | 300 sec total\n|\n|t:|1783544853\n|switch|p2a: Appletun|Appletun, L92, M, shiny|100/100\n|move|p1a: Sunflora|Weather Ball|p2a: Appletun\n|-resisted|p2a: Appletun\n|-damage|p2a: Appletun|85/100\n|-damage|p1a: Sunflora|281/312|[from] item: Life Orb\n|\n|-weather|none\n|-heal|p2a: Appletun|91/100|[from] item: Leftovers\n|upkeep\n|turn|11\n|inactive|Time left: 300 sec this turn | 300 sec total\n|\n|t:|1783544854\n|move|p1a: Sunflora|Sunny Day|p1a: Sunflora\n|-weather|SunnyDay\n|move|p2a: Appletun|Draco Meteor|p1a: Sunflora\n|-end|p1a: Sunflora|Substitute\n|-unboost|p2a: Appletun|spa|2\n|\n|-weather|SunnyDay|[upkeep]\n|-heal|p2a: Appletun|97/100|[from] item: Leftovers\n|upkeep\n|turn|12\n|inactive|Time left: 300 sec this turn | 300 sec total\n|\n|t:|1783544855\n|move|p1a: Sunflora|Weather Ball|p2a: Appletun\n|-damage|p2a: Appletun|71/100\n|-damage|p1a: Sunflora|250/312|[from] item: Life Orb\n|move|p2a: Appletun|Apple Acid|p1a: Sunflora\n|-resisted|p1a: Sunflora\n|-damage|p1a: Sunflora|228/312\n|-unboost|p1a: Sunflora|spd|1\n|\n|-weather|SunnyDay|[upkeep]\n|-heal|p2a: Appletun|77/100|[from] item: Leftovers\n|upkeep\n|turn|13\n|inactive|Time left: 300 sec this turn | 300 sec total\n|\n|t:|1783544857\n|move|p1a: Sunflora|Weather Ball|p2a: Appletun\n|-damage|p2a: Appletun|48/100\n|-damage|p1a: Sunflora|197/312|[from] item: Life Orb\n|move|p2a: Appletun|Apple Acid|p1a: Sunflora\n|-resisted|p1a: Sunflora\n|-damage|p1a: Sunflora|164/312\n|-unboost|p1a: Sunflora|spd|1\n|\n|-weather|SunnyDay|[upkeep]\n|-heal|p2a: Appletun|54/100|[from] item: Leftovers\n|upkeep\n|turn|14\n|inactive|Time left: 300 sec this turn | 300 sec total\n|\n|t:|1783544858\n|move|p1a: Sunflora|Weather Ball|p2a: Appletun\n|-crit|p2a: Appletun\n|-damage|p2a: Appletun|13/100\n|-damage|p1a: Sunflora|133/312|[from] item: Life Orb\n|move|p2a: Appletun|Recover|p2a: Appletun\n|-heal|p2a: Appletun|63/100\n|\n|-weather|SunnyDay|[upkeep]\n|-heal|p2a: Appletun|69/100|[from] item: Leftovers\n|upkeep\n|turn|15\n|inactive|Time left: 300 sec this turn | 300 sec total\n|\n|t:|1783544859\n|move|p1a: Sunflora|Weather Ball|p2a: Appletun\n|-damage|p2a: Appletun|42/100\n|-damage|p1a: Sunflora|102/312|[from] item: Life Orb\n|move|p2a: Appletun|Recover|p2a: Appletun\n|-heal|p2a: Appletun|92/100\n|\n|-weather|none\n|-heal|p2a: Appletun|99/100|[from] item: Leftovers\n|upkeep\n|turn|16\n|inactive|Time left: 300 sec this turn | 300 sec total\n|\n|t:|1783544860\n|switch|p1a: Kyogre|Kyogre, L71|259/259\n|-weather|RainDance|[from] ability: Drizzle|[of] p1a: Kyogre\n|move|p2a: Appletun|Draco Meteor|p1a: Kyogre\n|-damage|p1a: Kyogre|192/259\n|-unboost|p2a: Appletun|spa|2\n|\n|-weather|RainDance|[upkeep]\n|-heal|p2a: Appletun|100/100|[from] item: Leftovers\n|upkeep\n|turn|17\n|inactive|Time left: 300 sec this turn | 300 sec total\n|\n|t:|1783544861\n|move|p1a: Kyogre|Water Spout|p2a: Appletun\n|-resisted|p2a: Appletun\n|-damage|p2a: Appletun|88/100\n|move|p2a: Appletun|Apple Acid|p1a: Kyogre\n|-supereffective|p1a: Kyogre\n|-damage|p1a: Kyogre|136/259\n|-unboost|p1a: Kyogre|spd|1\n|\n|-weather|RainDance|[upkeep]\n|-heal|p2a: Appletun|95/100|[from] item: Leftovers\n|upkeep\n|turn|18\n|inactive|Time left: 300 sec this turn | 300 sec total\n|\n|t:|1783544862\n|move|p1a: Kyogre|Water Spout|p2a: Appletun\n|-resisted|p2a: Appletun\n|-damage|p2a: Appletun|86/100\n|move|p2a: Appletun|Draco Meteor|p1a: Kyogre\n|-damage|p1a: Kyogre|73/259\n|-unboost|p2a: Appletun|spa|2\n|\n|-weather|RainDance|[upkeep]\n|-heal|p2a: Appletun|92/100|[from] item: Leftovers\n|upkeep\n|turn|19\n|inactive|Time left: 300 sec this turn | 300 sec total\n|\n|t:|1783544863\n|switch|p2a: Armarouge|Armarouge, L80, F, tera:Fighting|35/100\n|move|p1a: Kyogre|Water Spout|p2a: Armarouge\n|-damage|p2a: Armarouge|4/100\n|\n|-weather|RainDance|[upkeep]\n|upkeep\n|turn|20\n|inactive|Time left: 300 sec this turn | 300 sec total\n|\n|t:|1783544865\n|switch|p2a: Appletun|Appletun, L92, M, shiny|92/100\n|move|p1a: Kyogre|Water Spout|p2a: Appletun\n|-resisted|p2a: Appletun\n|-damage|p2a: Appletun|87/100\n|\n|-weather|none\n|-heal|p2a: Appletun|94/100|[from] item: Leftovers\n|upkeep\n|turn|21\n|inactive|Time left: 300 sec this turn | 300 sec total\n|\n|t:|1783544866\n|switch|p1a: Sunflora|Sunflora, M|102/312\n|move|p2a: Appletun|Draco Meteor|p1a: Sunflora\n|-damage|p1a: Sunflora|0 fnt\n|-unboost|p2a: Appletun|spa|2\n|faint|p1a: Sunflora\n|\n|-heal|p2a: Appletun|99/100|[from] item: Leftovers\n|upkeep\n|inactive|Time left: 300 sec this turn | 300 sec total | 5 sec grace\n|\n|t:|1783544867\n|switch|p1a: Cyclizar|Cyclizar, L84, M|212/255\n|turn|22\n|inactive|Time left: 300 sec this turn | 300 sec total\n|\n|t:|1783544868\n|move|p1a: Cyclizar|Knock Off|p2a: Appletun\n|-damage|p2a: Appletun|80/100\n|-enditem|p2a: Appletun|Leftovers|[from] move: Knock Off|[of] p1a: Cyclizar\n|move|p2a: Appletun|Apple Acid|p1a: Cyclizar\n|-resisted|p1a: Cyclizar\n|-damage|p1a: Cyclizar|182/255\n|-unboost|p1a: Cyclizar|spd|1\n|\n|upkeep\n|turn|23\n|inactive|Time left: 300 sec this turn | 300 sec total\n|\n|t:|1783544869\n|move|p1a: Cyclizar|Shed Tail|p1a: Cyclizar\n|-start|p1a: Cyclizar|Substitute|[from] move: Shed Tail\n|-damage|p1a: Cyclizar|54/255\n|inactive|Time left: 300 sec this turn | 300 sec total | 5 sec grace\n|\n|t:|1783544870\n|switch|p1a: Kyogre|Kyogre, L71|73/259|[from] Shed Tail\n|-weather|RainDance|[from] ability: Drizzle|[of] p1a: Kyogre\n|move|p2a: Appletun|Apple Acid|p1a: Kyogre\n|-supereffective|p1a: Kyogre\n|-end|p1a: Kyogre|Substitute\n|\n|-weather|RainDance|[upkeep]\n|upkeep\n|turn|24\n|inactive|Time left: 300 sec this turn | 300 sec total\n|\n|t:|1783544871\n|move|p1a: Kyogre|Ice Beam|p2a: Appletun\n|-supereffective|p2a: Appletun\n|-damage|p2a: Appletun|45/100\n|move|p2a: Appletun|Apple Acid|p1a: Kyogre\n|-supereffective|p1a: Kyogre\n|-damage|p1a: Kyogre|0 fnt\n|faint|p1a: Kyogre\n|\n|-weather|RainDance|[upkeep]\n|upkeep\n|inactive|Time left: 300 sec this turn | 300 sec total | 5 sec grace\n|\n|t:|1783544872\n|switch|p1a: Cyclizar|Cyclizar, L84, M|139/255\n|turn|25\n|inactive|Time left: 300 sec this turn | 300 sec total\n|\n|t:|1783544873\n|move|p1a: Cyclizar|Draco Meteor|p2a: Appletun\n|-supereffective|p2a: Appletun\n|-damage|p2a: Appletun|0 fnt\n|-unboost|p1a: Cyclizar|spa|2\n|faint|p2a: Appletun\n|\n|-weather|RainDance|[upkeep]\n|upkeep\n|\n|t:|1783544874\n|switch|p2a: Metagross|Metagross, L79|100/100\n|turn|26\n|inactive|Time left: 300 sec this turn | 300 sec total\n|\n|t:|1783544876\n|move|p1a: Cyclizar|Shed Tail|p1a: Cyclizar\n|-fail|p1a: Cyclizar\n|move|p2a: Metagross|Heavy Slam|p1a: Cyclizar\n|-damage|p1a: Cyclizar|0 fnt\n|faint|p1a: Cyclizar\n|\n|win|p0y50023f1", "uploadtime": 1783544876, "views": 0, "rating": 0, "private": 0, "password": null, "_winner": "p0y50023f1", "_our_name": "p0x5007963"}