{"id": "battle-gen9randombattle-1732", "formatid": "gen9randombattle", "format": "[Gen 9] Random Battle", "players": ["p0x173239bd", "p0y17321006"], "log": "|init|battle\n|title|p0x173239bd vs. p0y17321006\n|j|\u2606p0x173239bd\n|j|\u2606p0y17321006\n|t:|1783559275\n|gametype|singles\n|player|p1|p0x173239bd|169|\n|player|p2|p0y17321006|265|\n|gen|9\n|tier|[Gen 9] Random Battle\n|rule|Species Clause: Limit one of each Pok\u00e9mon\n|rule|HP Percentage Mod: HP is shown in percentages\n|rule|Sleep Clause Mod: Limit one foe put to sleep\n|rule|Illusion Level Mod: Illusion disguises the Pok\u00e9mon's true level\n|\n|t:|1783559275\n|teamsize|p1|6\n|teamsize|p2|6\n|start\n|switch|p1a: Magcargo|Magcargo, L95, M|268/268\n|switch|p2a: Cramorant|Cramorant, L86, M|100/100\n|turn|1\n|inactive|Battle timer is ON: inactive players will automatically lose when time's up. (requested by p0x173239bd)\n|inactive|p0y17321006 also wants the timer to be on.\n|\n|t:|1783559277\n|switch|p1a: Pecharunt|Pecharunt, L77|262/262\n|move|p2a: Cramorant|Surf|p1a: Pecharunt\n|-formechange|p2a: Cramorant|Cramorant-Gulping|\n|-damage|p1a: Pecharunt|163/262\n|\n|-heal|p1a: Pecharunt|179/262|[from] item: Leftovers\n|upkeep\n|turn|2\n|inactive|Time left: 300 sec this turn | 300 sec total\n|\n|t:|1783559278\n|move|p2a: Cramorant|Surf|p1a: Pecharunt\n|-damage|p1a: Pecharunt|74/262\n|move|p1a: Pecharunt|Recover|p1a: Pecharunt\n|-heal|p1a: Pecharunt|205/262\n|\n|-heal|p1a: Pecharunt|221/262|[from] item: Leftovers\n|upkeep\n|turn|3\n|inactive|Time left: 300 sec this turn | 300 sec total\n|\n|t:|1783559279\n|move|p2a: Cramorant|Surf|p1a: Pecharunt\n|-crit|p1a: Pecharunt\n|-damage|p1a: Pecharunt|70/262\n|move|p1a: Pecharunt|Nasty Plot|p1a: Pecharunt\n|-boost|p1a: Pecharunt|spa|2\n|\n|-heal|p1a: Pecharunt|86/262|[from] item: Leftovers\n|upkeep\n|turn|4\n|inactive|Time left: 300 sec this turn | 300 sec total\n|\n|t:|1783559280\n|switch|p1a: Lanturn|Lanturn, L89, M|367/367\n|move|p2a: Cramorant|Surf|p1a: Lanturn\n|-resisted|p1a: Lanturn\n|-damage|p1a: Lanturn|317/367\n|\n|upkeep\n|turn|5\n|inactive|Time left: 300 sec this turn | 300 sec total\n|\n|t:|1783559282\n|switch|p2a: Arboliva|Arboliva, L91, M|100/100\n|move|p1a: Lanturn|Volt Switch|p2a: Arboliva\n|-resisted|p2a: Arboliva\n|-damage|p2a: Arboliva|91/100\n|-fieldstart|move: Grassy Terrain|[from] ability: Seed Sower|[of] p2a: Arboliva\n|inactive|Time left: 300 sec this turn | 300 sec total | 5 sec grace\n|\n|t:|1783559283\n|switch|p1a: Pecharunt|Pecharunt, L77|86/262|[from] Volt Switch\n|\n|-heal|p1a: Pecharunt|102/262|[from] Grassy Terrain\n|-heal|p1a: Pecharunt|118/262|[from] item: Leftovers\n|-heal|p2a: Arboliva|97/100|[from] Grassy Terrain\n|-heal|p2a: Arboliva|100/100|[from] item: Leftovers\n|upkeep\n|turn|6\n|inactive|Time left: 300 sec this turn | 300 sec total\n|\n|t:|1783559284\n|move|p1a: Pecharunt|Recover|p1a: Pecharunt\n|-heal|p1a: Pecharunt|249/262\n|move|p2a: Arboliva|Earth Power|p1a: Pecharunt\n|-supereffective|p1a: Pecharunt\n|-damage|p1a: Pecharunt|67/262\n|\n|-heal|p1a: Pecharunt|83/262|[from] Grassy Terrain\n|-heal|p1a: Pecharunt|99/262|[from] item: Leftovers\n|upkeep\n|turn|7\n|inactive|Time left: 300 sec this turn | 300 sec total\n|\n|t:|1783559285\n|move|p1a: Pecharunt|Recover|p1a: Pecharunt\n|-heal|p1a: Pecharunt|230/262\n|move|p2a: Arboliva|Earth Power|p1a: Pecharunt\n|-supereffective|p1a: Pecharunt\n|-damage|p1a: Pecharunt|40/262\n|\n|-heal|p1a: Pecharunt|56/262|[from] Grassy Terrain\n|-heal|p1a: Pecharunt|72/262|[from] item: Leftovers\n|upkeep\n|turn|8\n|inactive|Time left: 300 sec this turn | 300 sec total\n|\n|t:|1783559286\n|move|p1a: Pecharunt|Recover|p1a: Pecharunt\n|-heal|p1a: Pecharunt|203/262\n|move|p2a: Arboliva|Earth Power|p1a: Pecharunt\n|-supereffective|p1a: Pecharunt\n|-damage|p1a: Pecharunt|0 fnt\n|faint|p1a: Pecharunt\n|\n|upkeep\n|inactive|Time left: 300 sec this turn | 300 sec total | 5 sec grace\n|\n|t:|1783559287\n|switch|p1a: Snorlax|Snorlax, L82, M|397/397\n|turn|9\n|inactive|Time left: 300 sec this turn | 300 sec total\n|\n|t:|1783559288\n|move|p2a: Arboliva|Energy Ball|p1a: Snorlax\n|-damage|p1a: Snorlax|243/397\n|move|p1a: Snorlax|Curse|p1a: Snorlax\n|-unboost|p1a: Snorlax|spe|1\n|-boost|p1a: Snorlax|atk|1\n|-boost|p1a: Snorlax|def|1\n|\n|-heal|p1a: Snorlax|267/397|[from] Grassy Terrain\n|-heal|p1a: Snorlax|291/397|[from] item: Leftovers\n|-fieldend|move: Grassy Terrain\n|upkeep\n|turn|10\n|inactive|Time left: 300 sec this turn | 300 sec total\n|\n|t:|1783559289\n|move|p2a: Arboliva|Energy Ball|p1a: Snorlax\n|-damage|p1a: Snorlax|173/397\n|move|p1a: Snorlax|Body Slam|p2a: Arboliva\n|-damage|p2a: Arboliva|58/100\n|-fieldstart|move: Grassy Terrain|[from] ability: Seed Sower|[of] p2a: Arboliva\n|\n|-heal|p2a: Arboliva|64/100|[from] Grassy Terrain\n|-heal|p2a: Arboliva|70/100|[from] item: Leftovers\n|-heal|p1a: Snorlax|197/397|[from] Grassy Terrain\n|-heal|p1a: Snorlax|221/397|[from] item: Leftovers\n|upkeep\n|turn|11\n|inactive|Time left: 300 sec this turn | 300 sec total\n|\n|t:|1783559290\n|move|p2a: Arboliva|Energy Ball|p1a: Snorlax\n|-damage|p1a: Snorlax|59/397\n|move|p1a: Snorlax|Body Slam|p2a: Arboliva\n|-damage|p2a: Arboliva|27/100\n|-status|p2a: Arboliva|par\n|\n|-heal|p1a: Snorlax|83/397|[from] Grassy Terrain\n|-heal|p1a: Snorlax|107/397|[from] item: Leftovers\n|-heal|p2a: Arboliva|33/100 par|[from] Grassy Terrain\n|-heal|p2a: Arboliva|39/100 par|[from] item: Leftovers\n|upkeep\n|turn|12\n|inactive|Time left: 300 sec this turn | 300 sec total\n|\n|t:|1783559290\n|switch|p2a: Chandelure|Chandelure, L83, M|100/100\n|move|p1a: Snorlax|Body Slam|p2a: Chandelure\n|-immune|p2a: Chandelure\n|\n|-heal|p1a: Snorlax|131/397|[from] Grassy Terrain\n|-heal|p1a: Snorlax|155/397|[from] item: Leftovers\n|upkeep\n|turn|13\n|inactive|Time left: 300 sec this turn | 300 sec total\n|\n|t:|1783559291\n|move|p2a: Chandelure|Energy Ball|p1a: Snorlax\n|-damage|p1a: Snorlax|52/397\n|move|p1a: Snorlax|Crunch|p2a: Chandelure\n|-supereffective|p2a: Chandelure\n|-damage|p2a: Chandelure|27/100\n|\n|-heal|p2a: Chandelure|33/100|[from] Grassy Terrain\n|-heal|p1a: Snorlax|76/397|[from] Grassy Terrain\n|-heal|p1a: Snorlax|100/397|[from] item: Leftovers\n|upkeep\n|turn|14\n|inactive|Time left: 300 sec this turn | 300 sec total\n|\n|t:|1783559292\n|move|p2a: Chandelure|Energy Ball|p1a: Snorlax\n|-damage|p1a: Snorlax|11/397\n|move|p1a: Snorlax|Crunch|p2a: Chandelure\n|-supereffective|p2a: Chandelure\n|-damage|p2a: Chandelure|0 fnt\n|faint|p2a: Chandelure\n|\n|-heal|p1a: Snorlax|35/397|[from] Grassy Terrain\n|-heal|p1a: Snorlax|59/397|[from] item: Leftovers\n|-fieldend|move: Grassy Terrain\n|upkeep\n|\n|t:|1783559293\n|switch|p2a: Cramorant|Cramorant, L86, M|100/100\n|turn|15\n|inactive|Time left: 300 sec this turn | 300 sec total\n|\n|t:|1783559293\n|switch|p1a: Lanturn|Lanturn, L89, M|317/367\n|move|p2a: Cramorant|Surf|p1a: Lanturn\n|-formechange|p2a: Cramorant|Cramorant-Gulping|\n|-resisted|p1a: Lanturn\n|-damage|p1a: Lanturn|267/367\n|\n|upkeep\n|turn|16\n|inactive|Time left: 300 sec this turn | 300 sec total\n|\n|t:|1783559294\n|switch|p2a: Arboliva|Arboliva, L91, M|39/100 par\n|move|p1a: Lanturn|Volt Switch|p2a: Arboliva\n|-resisted|p2a: Arboliva\n|-damage|p2a: Arboliva|29/100 par\n|-fieldstart|move: Grassy Terrain|[from] ability: Seed Sower|[of] p2a: Arboliva\n|inactive|Time left: 300 sec this turn | 300 sec total | 5 sec grace\n|\n|t:|1783559295\n|switch|p1a: Mewtwo|Mewtwo, L72|272/272|[from] Volt Switch\n|-ability|p1a: Mewtwo|Unnerve\n|\n|-heal|p2a: Arboliva|36/100 par|[from] Grassy Terrain\n|-heal|p2a: Arboliva|42/100 par|[from] item: Leftovers\n|upkeep\n|turn|17\n|inactive|Time left: 300 sec this turn | 300 sec total\n|\n|t:|1783559296\n|switch|p2a: Morpeko|Morpeko, L88, M|100/100\n|move|p1a: Mewtwo|Psystrike|p2a: Morpeko\n|-immune|p2a: Morpeko\n|\n|-formechange|p2a: Morpeko|Morpeko-Hangry||[from] ability: Hunger Switch\n|upkeep\n|turn|18\n|inactive|Time left: 300 sec this turn | 300 sec total\n|\n|t:|1783559297\n|switch|p1a: Magcargo|Magcargo, L95, M|268/268\n|move|p2a: Morpeko|Aura Wheel|p1a: Magcargo\n|-damage|p1a: Magcargo|177/268\n|-boost|p2a: Morpeko|spe|1\n|\n|-heal|p1a: Magcargo|193/268|[from] Grassy Terrain\n|-formechange|p2a: Morpeko|Morpeko||[from] ability: Hunger Switch\n|upkeep\n|turn|19\n|inactive|Time left: 300 sec this turn | 300 sec total\n|\n|t:|1783559298\n|move|p2a: Morpeko|Aura Wheel|p1a: Magcargo\n|-damage|p1a: Magcargo|112/268\n|-boost|p2a: Morpeko|spe|1\n|move|p1a: Magcargo|Lava Plume|p2a: Morpeko\n|-damage|p2a: Morpeko|43/100\n|\n|-heal|p2a: Morpeko|49/100|[from] Grassy Terrain\n|-heal|p1a: Magcargo|128/268|[from] Grassy Terrain\n|-formechange|p2a: Morpeko|Morpeko-Hangry||[from] ability: Hunger Switch\n|upkeep\n|turn|20\n|inactive|Time left: 300 sec this turn | 300 sec total\n|\n|t:|1783559299\n|move|p2a: Morpeko|Parting Shot|p1a: Magcargo\n|-unboost|p1a: Magcargo|atk|1\n|-unboost|p1a: Magcargo|spa|1\n|\n|t:|1783559299\n|switch|p2a: Arboliva|Arboliva, L91, M|42/100 par|[from] Parting Shot\n|move|p1a: Magcargo|Lava Plume|p2a: Arboliva\n|-supereffective|p2a: Arboliva\n|-damage|p2a: Arboliva|5/100 par\n|\n|-heal|p1a: Magcargo|144/268|[from] Grassy Terrain\n|-heal|p2a: Arboliva|11/100 par|[from] Grassy Terrain\n|-heal|p2a: Arboliva|17/100 par|[from] item: Leftovers\n|-fieldend|move: Grassy Terrain\n|upkeep\n|turn|21\n|inactive|Time left: 300 sec this turn | 300 sec total\n|\n|t:|1783559301\n|move|p1a: Magcargo|Lava Plume|p2a: Arboliva\n|-supereffective|p2a: Arboliva\n|-damage|p2a: Arboliva|0 fnt\n|-fieldstart|move: Grassy Terrain|[from] ability: Seed Sower|[of] p2a: Arboliva\n|faint|p2a: Arboliva\n|\n|-heal|p1a: Magcargo|160/268|[from] Grassy Terrain\n|upkeep\n|\n|t:|1783559302\n|switch|p2a: Morpeko|Morpeko, L88, M|49/100\n|turn|22\n|inactive|Time left: 300 sec this turn | 300 sec total\n|\n|t:|1783559303\n|switch|p1a: Lanturn|Lanturn, L89, M|267/367\n|move|p2a: Morpeko|Aura Wheel|p1a: Lanturn\n|-heal|p1a: Lanturn|358/367|[from] ability: Volt Absorb|[of] p2a: Morpeko\n|\n|-heal|p2a: Morpeko|55/100|[from] Grassy Terrain\n|-heal|p1a: Lanturn|367/367|[from] Grassy Terrain\n|-formechange|p2a: Morpeko|Morpeko-Hangry||[from] ability: Hunger Switch\n|upkeep\n|turn|23\n|inactive|Time left: 300 sec this turn | 300 sec total\n|\n|t:|1783559304\n|move|p2a: Morpeko|Aura Wheel|p1a: Lanturn\n|-damage|p1a: Lanturn|210/367\n|-boost|p2a: Morpeko|spe|1\n|move|p1a: Lanturn|Scald|p2a: Morpeko\n|-damage|p2a: Morpeko|12/100\n|\n|-heal|p2a: Morpeko|18/100|[from] Grassy Terrain\n|-heal|p1a: Lanturn|232/367|[from] Grassy Terrain\n|-formechange|p2a: Morpeko|Morpeko||[from] ability: Hunger Switch\n|upkeep\n|turn|24\n|inactive|Time left: 300 sec this turn | 300 sec total\n|\n|t:|1783559305\n|move|p2a: Morpeko|Protect|p2a: Morpeko\n|-singleturn|p2a: Morpeko|Protect\n|move|p1a: Lanturn|Thunderbolt|p2a: Morpeko\n|-activate|p2a: Morpeko|move: Protect\n|\n|-heal|p2a: Morpeko|24/100|[from] Grassy Terrain\n|-heal|p1a: Lanturn|254/367|[from] Grassy Terrain\n|-formechange|p2a: Morpeko|Morpeko-Hangry||[from] ability: Hunger Switch\n|upkeep\n|turn|25\n|inactive|Time left: 300 sec this turn | 300 sec total\n|\n|t:|1783559306\n|move|p2a: Morpeko|Aura Wheel|p1a: Lanturn\n|-damage|p1a: Lanturn|89/367\n|-boost|p2a: Morpeko|spe|1\n|move|p1a: Lanturn|Scald|p2a: Morpeko\n|-damage|p2a: Morpeko|0 fnt\n|faint|p2a: Morpeko\n|\n|-heal|p1a: Lanturn|111/367|[from] Grassy Terrain\n|-fieldend|move: Grassy Terrain\n|upkeep\n|\n|t:|1783559307\n|switch|p2a: Oricorio|Oricorio, L84, M|100/100\n|turn|26\n|inactive|Time left: 300 sec this turn | 300 sec total\n|\n|t:|1783559308\n|move|p2a: Oricorio|Quiver Dance|p2a: Oricorio\n|-boost|p2a: Oricorio|spa|1\n|-boost|p2a: Oricorio|spd|1\n|-boost|p2a: Oricorio|spe|1\n|move|p1a: Lanturn|Scald|p2a: Oricorio\n|-supereffective|p2a: Oricorio\n|-crit|p2a: Oricorio\n|-damage|p2a: Oricorio|0 fnt\n|faint|p2a: Oricorio\n|\n|upkeep\n|\n|t:|1783559309\n|switch|p2a: Cramorant|Cramorant, L86, M|100/100\n|turn|27\n|inactive|Time left: 300 sec this turn | 300 sec total\n|\n|t:|1783559310\n|-terastallize|p2a: Cramorant|Ground\n|move|p2a: Cramorant|Surf|p1a: Lanturn\n|-formechange|p2a: Cramorant|Cramorant-Gulping|\n|-resisted|p1a: Lanturn\n|-damage|p1a: Lanturn|63/367\n|move|p1a: Lanturn|Thunderbolt|p2a: Cramorant\n|-immune|p2a: Cramorant\n|\n|upkeep\n|turn|28\n|inactive|Time left: 300 sec this turn | 300 sec total\n|\n|t:|1783559311\n|move|p2a: Cramorant|Brave Bird|p1a: Lanturn\n|-resisted|p1a: Lanturn\n|-damage|p1a: Lanturn|0 fnt\n|faint|p1a: Lanturn\n|-damage|p2a: Cramorant|92/100|[from] Recoil\n|\n|upkeep\n|inactive|Time left: 300 sec this turn | 300 sec total | 5 sec grace\n|\n|t:|1783559313\n|switch|p1a: Mewtwo|Mewtwo, L72|272/272\n|-ability|p1a: Mewtwo|Unnerve\n|turn|29\n|inactive|Time left: 300 sec this turn | 300 sec total\n|\n|t:|1783559314\n|-terastallize|p1a: Mewtwo|Psychic\n|move|p1a: Mewtwo|Psystrike|p2a: Cramorant\n|-damage|p2a: Cramorant|0 fnt\n|-damage|p1a: Mewtwo|204/272|[from] ability: Gulp Missile|[of] p2a: Cramorant\n|-unboost|p1a: Mewtwo|def|1\n|-formechange|p2a: Cramorant|Cramorant|\n|faint|p2a: Cramorant\n|-damage|p1a: Mewtwo|177/272|[from] item: Life Orb\n|\n|upkeep\n|\n|t:|1783559315\n|switch|p2a: Luvdisc|Luvdisc, F|100/100\n|turn|30\n|inactive|Time left: 300 sec this turn | 300 sec total\n|\n|t:|1783559316\n|move|p2a: Luvdisc|Substitute|p2a: Luvdisc\n|-start|p2a: Luvdisc|Substitute\n|-damage|p2a: Luvdisc|76/100\n|move|p1a: Mewtwo|Psystrike|p2a: Luvdisc\n|-end|p2a: Luvdisc|Substitute\n|-damage|p1a: Mewtwo|150/272|[from] item: Life Orb\n|\n|upkeep\n|turn|31\n|inactive|Time left: 300 sec this turn | 300 sec total\n|\n|t:|1783559317\n|move|p2a: Luvdisc|Substitute|p2a: Luvdisc\n|-start|p2a: Luvdisc|Substitute\n|-damage|p2a: Luvdisc|51/100\n|move|p1a: Mewtwo|Psystrike|p2a: Luvdisc\n|-end|p2a: Luvdisc|Substitute\n|-damage|p1a: Mewtwo|123/272|[from] item: Life Orb\n|\n|upkeep\n|turn|32\n|inactive|Time left: 300 sec this turn | 300 sec total\n|\n|t:|1783559318\n|switch|p1a: Smeargle|Smeargle, L95, F|258/258\n|move|p2a: Luvdisc|Substitute|p2a: Luvdisc\n|-start|p2a: Luvdisc|Substitute\n|-damage|p2a: Luvdisc|26/100\n|\n|upkeep\n|turn|33\n|inactive|Time left: 300 sec this turn | 300 sec total\n|\n|t:|1783559319\n|move|p2a: Luvdisc|Endeavor|p1a: Smeargle\n|-damage|p1a: Smeargle|64/258\n|move|p1a: Smeargle|Population Bomb|p2a: Luvdisc\n|-activate|p2a: Luvdisc|move: Substitute|[damage]\n|-activate|p2a: Luvdisc|move: Substitute|[damage]\n|-activate|p2a: Luvdisc|move: Substitute|[damage]\n|-end|p2a: Luvdisc|Substitute\n|-damage|p2a: Luvdisc|19/100\n|-damage|p2a: Luvdisc|11/100\n|-damage|p2a: Luvdisc|3/100\n|-damage|p2a: Luvdisc|0 fnt\n|faint|p2a: Luvdisc\n|-hitcount|p2: Luvdisc|8\n|\n|win|p0x173239bd", "uploadtime": 1783559319, "views": 0, "rating": 0, "private": 0, "password": null, "_winner": "p0x173239bd", "_our_name": "p0x173239bd"}