{"id": "battle-gen9randombattle-2587", "formatid": "gen9randombattle", "format": "[Gen 9] Random Battle", "players": ["p0x258756fa", "p0y2587069d"], "log": "|init|battle\n|title|p0x258756fa vs. p0y2587069d\n|j|\u2606p0x258756fa\n|j|\u2606p0y2587069d\n|t:|1783569874\n|gametype|singles\n|player|p1|p0x258756fa|102|\n|player|p2|p0y2587069d|169|\n|gen|9\n|tier|[Gen 9] Random Battle\n|rule|Species Clause: Limit one of each Pok\u00e9mon\n|rule|HP Percentage Mod: HP is shown in percentages\n|rule|Sleep Clause Mod: Limit one foe put to sleep\n|rule|Illusion Level Mod: Illusion disguises the Pok\u00e9mon's true level\n|\n|t:|1783569874\n|teamsize|p1|6\n|teamsize|p2|6\n|start\n|switch|p1a: Gallade|Gallade, L80, M|100/100\n|switch|p2a: Weezing|Weezing, L88, F|258/258\n|turn|1\n|inactive|Battle timer is ON: inactive players will automatically lose when time's up. (requested by p0x258756fa)\n|inactive|Time left: 300 sec this turn | 300 sec total | 60 sec grace\n|inactive|p0y2587069d also wants the timer to be on.\n|\n|t:|1783569876\n|move|p1a: Gallade|Psycho Cut|p2a: Weezing\n|-supereffective|p2a: Weezing\n|-crit|p2a: Weezing\n|-damage|p2a: Weezing|0 fnt\n|faint|p2a: Weezing\n|\n|upkeep\n|inactive|Time left: 300 sec this turn | 300 sec total | 65 sec grace\n|\n|t:|1783569877\n|switch|p2a: Necrozma|Necrozma-Dawn-Wings, L76|272/272\n|turn|2\n|inactive|Time left: 300 sec this turn | 300 sec total\n|\n|t:|1783569878\n|move|p1a: Gallade|Psycho Cut|p2a: Necrozma\n|-resisted|p2a: Necrozma\n|-damage|p2a: Necrozma|192/272\n|move|p2a: Necrozma|Moongeist Beam|p1a: Gallade\n|-supereffective|p1a: Gallade\n|-damage|p1a: Gallade|7/100\n|\n|-heal|p2a: Necrozma|209/272|[from] item: Leftovers\n|upkeep\n|turn|3\n|inactive|Time left: 300 sec this turn | 300 sec total\n|\n|t:|1783569880\n|move|p1a: Gallade|Psycho Cut|p2a: Necrozma\n|-resisted|p2a: Necrozma\n|-damage|p2a: Necrozma|126/272\n|move|p2a: Necrozma|Calm Mind|p2a: Necrozma\n|-boost|p2a: Necrozma|spa|1\n|-boost|p2a: Necrozma|spd|1\n|\n|-heal|p2a: Necrozma|143/272|[from] item: Leftovers\n|upkeep\n|turn|4\n|inactive|Time left: 300 sec this turn | 300 sec total\n|\n|t:|1783569881\n|move|p1a: Gallade|Psycho Cut|p2a: Necrozma\n|-resisted|p2a: Necrozma\n|-damage|p2a: Necrozma|48/272\n|move|p2a: Necrozma|Moonlight|p2a: Necrozma\n|-heal|p2a: Necrozma|184/272\n|\n|-heal|p2a: Necrozma|201/272|[from] item: Leftovers\n|upkeep\n|turn|5\n|inactive|Time left: 300 sec this turn | 300 sec total\n|\n|t:|1783569882\n|move|p1a: Gallade|Psycho Cut|p2a: Necrozma\n|-resisted|p2a: Necrozma\n|-damage|p2a: Necrozma|120/272\n|move|p2a: Necrozma|Photon Geyser|p1a: Gallade\n|-damage|p1a: Gallade|0 fnt\n|faint|p1a: Gallade\n|\n|-heal|p2a: Necrozma|137/272|[from] item: Leftovers\n|upkeep\n|\n|t:|1783569883\n|switch|p1a: Floatzel|Floatzel, L86, F|100/100\n|turn|6\n|inactive|Time left: 300 sec this turn | 300 sec total\n|\n|t:|1783569884\n|move|p1a: Floatzel|Wave Crash|p2a: Necrozma\n|-damage|p2a: Necrozma|0 fnt\n|faint|p2a: Necrozma\n|-damage|p1a: Floatzel|85/100|[from] Recoil\n|\n|upkeep\n|inactive|Time left: 300 sec this turn | 300 sec total | 5 sec grace\n|\n|t:|1783569885\n|switch|p2a: Gouging Fire|Gouging Fire, L74|277/277\n|turn|7\n|inactive|Time left: 300 sec this turn | 300 sec total\n|\n|t:|1783569886\n|move|p1a: Floatzel|Wave Crash|p2a: Gouging Fire\n|-damage|p2a: Gouging Fire|103/277\n|-damage|p1a: Floatzel|65/100|[from] Recoil\n|move|p2a: Gouging Fire|Dragon Dance|p2a: Gouging Fire\n|-boost|p2a: Gouging Fire|atk|1\n|-boost|p2a: Gouging Fire|spe|1\n|\n|upkeep\n|turn|8\n|inactive|Time left: 300 sec this turn | 300 sec total\n|\n|t:|1783569887\n|switch|p1a: Rhydon|Rhydon, L85, M|100/100\n|move|p2a: Gouging Fire|Outrage|p1a: Rhydon\n|-crit|p1a: Rhydon\n|-damage|p1a: Rhydon|62/100\n|\n|upkeep\n|turn|9\n|inactive|Time left: 300 sec this turn | 300 sec total\n|\n|t:|1783569888\n|-terastallize|p1a: Rhydon|Fairy\n|move|p2a: Gouging Fire|Outrage|p1a: Rhydon|[from] lockedmove\n|-immune|p1a: Rhydon\n|-start|p2a: Gouging Fire|confusion|[fatigue]\n|move|p1a: Rhydon|Earthquake|p2a: Gouging Fire\n|-supereffective|p2a: Gouging Fire\n|-damage|p2a: Gouging Fire|0 fnt\n|faint|p2a: Gouging Fire\n|-end|p2a: Gouging Fire|Protosynthesis|[silent]\n|\n|upkeep\n|inactive|Time left: 300 sec this turn | 300 sec total | 5 sec grace\n|\n|t:|1783569889\n|switch|p2a: Scovillain|Scovillain, L91, F|266/266\n|turn|10\n|inactive|Time left: 300 sec this turn | 300 sec total\n|\n|t:|1783569890\n|move|p2a: Scovillain|Flamethrower|p1a: Rhydon\n|-damage|p1a: Rhydon|25/100\n|move|p1a: Rhydon|Stone Edge|p2a: Scovillain\n|-supereffective|p2a: Scovillain\n|-damage|p2a: Scovillain|0 fnt\n|faint|p2a: Scovillain\n|\n|upkeep\n|inactive|Time left: 300 sec this turn | 300 sec total | 5 sec grace\n|\n|t:|1783569891\n|switch|p2a: Tinkaton|Tinkaton, L82, F|274/274\n|-ability|p2a: Tinkaton|Mold Breaker\n|turn|11\n|inactive|Time left: 300 sec this turn | 300 sec total\n|\n|t:|1783569892\n|move|p2a: Tinkaton|Gigaton Hammer|p1a: Rhydon\n|-supereffective|p1a: Rhydon\n|-damage|p1a: Rhydon|0 fnt\n|faint|p1a: Rhydon\n|\n|upkeep\n|\n|t:|1783569893\n|switch|p1a: Ursaluna|Ursaluna-Bloodmoon, L79, M|100/100\n|turn|12\n|inactive|Time left: 300 sec this turn | 300 sec total\n|\n|t:|1783569894\n|move|p2a: Tinkaton|Swords Dance|p2a: Tinkaton\n|-boost|p2a: Tinkaton|atk|2\n|move|p1a: Ursaluna|Earth Power|p2a: Tinkaton\n|-supereffective|p2a: Tinkaton\n|-damage|p2a: Tinkaton|76/274\n|\n|-heal|p2a: Tinkaton|93/274|[from] item: Leftovers\n|upkeep\n|turn|13\n|inactive|Time left: 300 sec this turn | 300 sec total\n|\n|t:|1783569895\n|-terastallize|p2a: Tinkaton|Steel\n|move|p2a: Tinkaton|Gigaton Hammer|p1a: Ursaluna\n|-damage|p1a: Ursaluna|0 fnt\n|faint|p1a: Ursaluna\n|\n|-heal|p2a: Tinkaton|110/274|[from] item: Leftovers\n|upkeep\n|\n|t:|1783569896\n|switch|p1a: Floatzel|Floatzel, L86, F|65/100\n|turn|14\n|inactive|Time left: 300 sec this turn | 300 sec total\n|\n|t:|1783569897\n|move|p2a: Tinkaton|Protect|p2a: Tinkaton\n|-singleturn|p2a: Tinkaton|Protect\n|move|p1a: Floatzel|Wave Crash|p2a: Tinkaton\n|-activate|p2a: Tinkaton|move: Protect\n|\n|-heal|p2a: Tinkaton|127/274|[from] item: Leftovers\n|upkeep\n|turn|15\n|inactive|Time left: 300 sec this turn | 300 sec total\n|\n|t:|1783569897\n|switch|p2a: Comfey|Comfey, L85, M|225/225\n|move|p1a: Floatzel|Wave Crash|p2a: Comfey\n|-damage|p2a: Comfey|29/225\n|-damage|p1a: Floatzel|42/100|[from] Recoil\n|\n|-heal|p2a: Comfey|43/225|[from] item: Leftovers\n|upkeep\n|turn|16\n|inactive|Time left: 300 sec this turn | 300 sec total\n|\n|t:|1783569898\n|move|p2a: Comfey|Giga Drain|p1a: Floatzel\n|-supereffective|p1a: Floatzel\n|-damage|p1a: Floatzel|0 fnt\n|-heal|p2a: Comfey|103/225|[from] drain|[of] p1a: Floatzel\n|faint|p1a: Floatzel\n|\n|-heal|p2a: Comfey|117/225|[from] item: Leftovers\n|upkeep\n|\n|t:|1783569899\n|switch|p1a: Rotom|Rotom-Fan, L86|100/100\n|turn|17\n|inactive|Time left: 300 sec this turn | 300 sec total\n|\n|t:|1783569900\n|move|p2a: Comfey|Calm Mind|p2a: Comfey\n|-boost|p2a: Comfey|spa|1\n|-boost|p2a: Comfey|spd|1\n|move|p1a: Rotom|Nasty Plot|p1a: Rotom\n|-boost|p1a: Rotom|spa|2\n|\n|-heal|p2a: Comfey|131/225|[from] item: Leftovers\n|upkeep\n|turn|18\n|inactive|Time left: 300 sec this turn | 300 sec total\n|\n|t:|1783569901\n|move|p2a: Comfey|Calm Mind|p2a: Comfey\n|-boost|p2a: Comfey|spa|1\n|-boost|p2a: Comfey|spd|1\n|move|p1a: Rotom|Thunderbolt|p2a: Comfey\n|-damage|p2a: Comfey|34/225\n|\n|-heal|p2a: Comfey|48/225|[from] item: Leftovers\n|upkeep\n|turn|19\n|inactive|Time left: 300 sec this turn | 300 sec total\n|\n|t:|1783569902\n|move|p2a: Comfey|Draining Kiss|p1a: Rotom\n|-damage|p1a: Rotom|67/100\n|-heal|p2a: Comfey|105/225|[from] drain|[of] p1a: Rotom\n|move|p1a: Rotom|Thunderbolt|p2a: Comfey\n|-damage|p2a: Comfey|14/225\n|\n|-heal|p2a: Comfey|28/225|[from] item: Leftovers\n|upkeep\n|turn|20\n|inactive|Time left: 300 sec this turn | 300 sec total\n|\n|t:|1783569903\n|move|p2a: Comfey|Draining Kiss|p1a: Rotom\n|-damage|p1a: Rotom|31/100\n|-heal|p2a: Comfey|89/225|[from] drain|[of] p1a: Rotom\n|move|p1a: Rotom|Thunderbolt|p2a: Comfey\n|-damage|p2a: Comfey|0 fnt\n|faint|p2a: Comfey\n|\n|upkeep\n|inactive|Time left: 300 sec this turn | 300 sec total | 5 sec grace\n|\n|t:|1783569904\n|switch|p2a: Tinkaton|Tinkaton, L82, F, tera:Steel|127/274\n|-ability|p2a: Tinkaton|Mold Breaker\n|turn|21\n|inactive|Time left: 300 sec this turn | 300 sec total\n|\n|t:|1783569905\n|move|p2a: Tinkaton|Gigaton Hammer|p1a: Rotom\n|-resisted|p1a: Rotom\n|-damage|p1a: Rotom|0 fnt\n|faint|p1a: Rotom\n|\n|-heal|p2a: Tinkaton|144/274|[from] item: Leftovers\n|upkeep\n|\n|t:|1783569906\n|switch|p1a: Glalie|Glalie, L96, M|100/100\n|turn|22\n|inactive|Time left: 300 sec this turn | 300 sec total\n|\n|t:|1783569907\n|move|p2a: Tinkaton|Protect|p2a: Tinkaton\n|-singleturn|p2a: Tinkaton|Protect\n|move|p1a: Glalie|Earthquake|p2a: Tinkaton\n|-activate|p2a: Tinkaton|move: Protect\n|\n|-heal|p2a: Tinkaton|161/274|[from] item: Leftovers\n|upkeep\n|turn|23\n|inactive|Time left: 300 sec this turn | 300 sec total\n|\n|t:|1783569908\n|move|p2a: Tinkaton|Protect||[still]\n|-fail|p2a: Tinkaton\n|move|p1a: Glalie|Earthquake|p2a: Tinkaton\n|-supereffective|p2a: Tinkaton\n|-damage|p2a: Tinkaton|0 fnt\n|faint|p2a: Tinkaton\n|\n|win|p0x258756fa", "uploadtime": 1783569908, "views": 0, "rating": 0, "private": 0, "password": null, "_winner": "p0x258756fa", "_our_name": "p0y2587069d"}