{"id": "battle-gen9randombattle-214", "formatid": "gen9randombattle", "format": "[Gen 9] Random Battle", "players": ["p0x21437e1", "p0y2140117"], "log": "|init|battle\n|title|p0x21437e1 vs. p0y2140117\n|j|\u2606p0x21437e1\n|j|\u2606p0y2140117\n|t:|1783536254\n|gametype|singles\n|player|p1|p0x21437e1|2|\n|player|p2|p0y2140117|170|\n|gen|9\n|tier|[Gen 9] Random Battle\n|rule|Species Clause: Limit one of each Pok\u00e9mon\n|rule|HP Percentage Mod: HP is shown in percentages\n|rule|Sleep Clause Mod: Limit one foe put to sleep\n|rule|Illusion Level Mod: Illusion disguises the Pok\u00e9mon's true level\n|\n|t:|1783536254\n|teamsize|p1|6\n|teamsize|p2|6\n|start\n|switch|p1a: Slowbro|Slowbro, L85, F|300/300\n|switch|p2a: Vaporeon|Vaporeon, L86, M|100/100\n|turn|1\n|inactive|Battle timer is ON: inactive players will automatically lose when time's up. (requested by p0x21437e1)\n|inactive|p0y2140117 also wants the timer to be on.\n|\n|t:|1783536255\n|move|p2a: Vaporeon|Scald|p1a: Slowbro\n|-resisted|p1a: Slowbro\n|-damage|p1a: Slowbro|246/300\n|-status|p1a: Slowbro|brn\n|move|p1a: Slowbro|Iron Defense|p1a: Slowbro\n|-boost|p1a: Slowbro|def|2\n|\n|-heal|p1a: Slowbro|264/300 brn|[from] item: Leftovers\n|-damage|p1a: Slowbro|246/300 brn|[from] brn\n|upkeep\n|turn|2\n|inactive|Time left: 300 sec this turn | 300 sec total\n|\n|t:|1783536257\n|move|p2a: Vaporeon|Ice Beam|p1a: Slowbro\n|-resisted|p1a: Slowbro\n|-damage|p1a: Slowbro|209/300 brn\n|move|p1a: Slowbro|Body Press|p2a: Vaporeon\n|-damage|p2a: Vaporeon|77/100\n|\n|-heal|p2a: Vaporeon|83/100|[from] item: Leftovers\n|-heal|p1a: Slowbro|227/300 brn|[from] item: Leftovers\n|-damage|p1a: Slowbro|209/300 brn|[from] brn\n|upkeep\n|turn|3\n|inactive|Time left: 300 sec this turn | 300 sec total\n|\n|t:|1783536258\n|move|p2a: Vaporeon|Scald|p1a: Slowbro\n|-resisted|p1a: Slowbro\n|-damage|p1a: Slowbro|155/300 brn\n|move|p1a: Slowbro|Body Press|p2a: Vaporeon\n|-damage|p2a: Vaporeon|58/100\n|\n|-heal|p2a: Vaporeon|64/100|[from] item: Leftovers\n|-heal|p1a: Slowbro|173/300 brn|[from] item: Leftovers\n|-damage|p1a: Slowbro|155/300 brn|[from] brn\n|upkeep\n|turn|4\n|inactive|Time left: 300 sec this turn | 300 sec total\n|\n|t:|1783536259\n|move|p2a: Vaporeon|Ice Beam|p1a: Slowbro\n|-resisted|p1a: Slowbro\n|-damage|p1a: Slowbro|119/300 brn\n|move|p1a: Slowbro|Slack Off|p1a: Slowbro\n|-heal|p1a: Slowbro|269/300 brn\n|\n|-heal|p2a: Vaporeon|70/100|[from] item: Leftovers\n|-heal|p1a: Slowbro|287/300 brn|[from] item: Leftovers\n|-damage|p1a: Slowbro|269/300 brn|[from] brn\n|upkeep\n|turn|5\n|inactive|Time left: 300 sec this turn | 300 sec total\n|\n|t:|1783536261\n|move|p2a: Vaporeon|Scald|p1a: Slowbro\n|-resisted|p1a: Slowbro\n|-damage|p1a: Slowbro|215/300 brn\n|move|p1a: Slowbro|Iron Defense|p1a: Slowbro\n|-boost|p1a: Slowbro|def|2\n|\n|-heal|p2a: Vaporeon|76/100|[from] item: Leftovers\n|-heal|p1a: Slowbro|233/300 brn|[from] item: Leftovers\n|-damage|p1a: Slowbro|215/300 brn|[from] brn\n|upkeep\n|turn|6\n|inactive|Time left: 300 sec this turn | 300 sec total\n|\n|t:|1783536262\n|move|p2a: Vaporeon|Wish|p2a: Vaporeon\n|move|p1a: Slowbro|Body Press|p2a: Vaporeon\n|-damage|p2a: Vaporeon|41/100\n|\n|-heal|p2a: Vaporeon|47/100|[from] item: Leftovers\n|-heal|p1a: Slowbro|233/300 brn|[from] item: Leftovers\n|-damage|p1a: Slowbro|215/300 brn|[from] brn\n|upkeep\n|turn|7\n|inactive|Time left: 300 sec this turn | 300 sec total\n|\n|t:|1783536263\n|move|p2a: Vaporeon|Protect|p2a: Vaporeon\n|-singleturn|p2a: Vaporeon|Protect\n|move|p1a: Slowbro|Slack Off|p1a: Slowbro\n|-heal|p1a: Slowbro|300/300 brn\n|\n|-heal|p2a: Vaporeon|97/100|[from] move: Wish|[wisher] Vaporeon\n|-heal|p2a: Vaporeon|100/100|[from] item: Leftovers\n|-damage|p1a: Slowbro|282/300 brn|[from] brn\n|upkeep\n|turn|8\n|inactive|Time left: 300 sec this turn | 300 sec total\n|\n|t:|1783536264\n|move|p2a: Vaporeon|Ice Beam|p1a: Slowbro\n|-resisted|p1a: Slowbro\n|-damage|p1a: Slowbro|242/300 brn\n|move|p1a: Slowbro|Body Press|p2a: Vaporeon\n|-damage|p2a: Vaporeon|65/100\n|\n|-heal|p2a: Vaporeon|71/100|[from] item: Leftovers\n|-heal|p1a: Slowbro|260/300 brn|[from] item: Leftovers\n|-damage|p1a: Slowbro|242/300 brn|[from] brn\n|upkeep\n|turn|9\n|inactive|Time left: 300 sec this turn | 300 sec total\n|\n|t:|1783536265\n|move|p2a: Vaporeon|Scald|p1a: Slowbro\n|-resisted|p1a: Slowbro\n|-damage|p1a: Slowbro|187/300 brn\n|move|p1a: Slowbro|Body Press|p2a: Vaporeon\n|-crit|p2a: Vaporeon\n|-damage|p2a: Vaporeon|22/100\n|\n|-heal|p2a: Vaporeon|29/100|[from] item: Leftovers\n|-heal|p1a: Slowbro|205/300 brn|[from] item: Leftovers\n|-damage|p1a: Slowbro|187/300 brn|[from] brn\n|upkeep\n|turn|10\n|inactive|Time left: 300 sec this turn | 300 sec total\n|\n|t:|1783536267\n|switch|p2a: Appletun|Appletun, L92, M|100/100\n|move|p1a: Slowbro|Body Press|p2a: Appletun\n|-damage|p2a: Appletun|75/100\n|\n|-heal|p2a: Appletun|81/100|[from] item: Leftovers\n|-heal|p1a: Slowbro|205/300 brn|[from] item: Leftovers\n|-damage|p1a: Slowbro|187/300 brn|[from] brn\n|upkeep\n|turn|11\n|inactive|Time left: 300 sec this turn | 300 sec total\n|\n|t:|1783536268\n|switch|p1a: Girafarig|Girafarig, L89, F|269/269\n|move|p2a: Appletun|Apple Acid|p1a: Girafarig\n|-ability|p1a: Girafarig|Sap Sipper|boost\n|-boost|p1a: Girafarig|atk|1\n|\n|-heal|p2a: Appletun|88/100|[from] item: Leftovers\n|upkeep\n|turn|12\n|inactive|Time left: 300 sec this turn | 300 sec total\n|\n|t:|1783536269\n|move|p1a: Girafarig|Nasty Plot|p1a: Girafarig\n|-boost|p1a: Girafarig|spa|2\n|move|p2a: Appletun|Dragon Pulse|p1a: Girafarig\n|-damage|p1a: Girafarig|184/269\n|\n|-heal|p2a: Appletun|94/100|[from] item: Leftovers\n|upkeep\n|turn|13\n|inactive|Time left: 300 sec this turn | 300 sec total\n|\n|t:|1783536270\n|move|p1a: Girafarig|Psychic|p2a: Appletun\n|-damage|p2a: Appletun|35/100\n|-unboost|p2a: Appletun|spd|1\n|move|p2a: Appletun|Dragon Tail|p1a: Girafarig\n|-damage|p1a: Girafarig|130/269\n|drag|p1a: Slowbro|Slowbro, L85, F|287/300 brn\n|\n|-heal|p2a: Appletun|41/100|[from] item: Leftovers\n|-heal|p1a: Slowbro|300/300 brn|[from] item: Leftovers\n|-damage|p1a: Slowbro|282/300 brn|[from] brn\n|upkeep\n|turn|14\n|inactive|Time left: 300 sec this turn | 300 sec total\n|\n|t:|1783536271\n|switch|p1a: Girafarig|Girafarig, L89, F|130/269\n|move|p2a: Appletun|Recover|p2a: Appletun\n|-heal|p2a: Appletun|91/100\n|\n|-heal|p2a: Appletun|97/100|[from] item: Leftovers\n|upkeep\n|turn|15\n|inactive|Time left: 300 sec this turn | 300 sec total\n|\n|t:|1783536272\n|move|p1a: Girafarig|Psychic|p2a: Appletun\n|-damage|p2a: Appletun|52/100\n|move|p2a: Appletun|Dragon Pulse|p1a: Girafarig\n|-damage|p1a: Girafarig|45/269\n|\n|-heal|p2a: Appletun|58/100|[from] item: Leftovers\n|upkeep\n|turn|16\n|inactive|Time left: 300 sec this turn | 300 sec total\n|\n|t:|1783536273\n|move|p1a: Girafarig|Psychic|p2a: Appletun\n|-crit|p2a: Appletun\n|-damage|p2a: Appletun|0 fnt\n|faint|p2a: Appletun\n|\n|upkeep\n|\n|t:|1783536274\n|switch|p2a: Kleavor|Kleavor, L78, F|100/100\n|turn|17\n|inactive|Time left: 300 sec this turn | 300 sec total\n|\n|t:|1783536275\n|move|p2a: Kleavor|Stone Axe|p1a: Girafarig\n|-damage|p1a: Girafarig|0 fnt\n|-sidestart|p1: p0x21437e1|move: Stealth Rock\n|faint|p1a: Girafarig\n|\n|upkeep\n|inactive|Time left: 300 sec this turn | 300 sec total | 5 sec grace\n|\n|t:|1783536276\n|switch|p1a: Magcargo|Magcargo, L95, F|268/268\n|turn|18\n|inactive|Time left: 300 sec this turn | 300 sec total\n|\n|t:|1783536277\n|switch|p2a: Vaporeon|Vaporeon, L86, M|29/100\n|move|p1a: Magcargo|Shell Smash|p1a: Magcargo\n|-unboost|p1a: Magcargo|def|1\n|-unboost|p1a: Magcargo|spd|1\n|-boost|p1a: Magcargo|atk|2\n|-boost|p1a: Magcargo|spa|2\n|-boost|p1a: Magcargo|spe|2\n|\n|-heal|p2a: Vaporeon|35/100|[from] item: Leftovers\n|upkeep\n|turn|19\n|inactive|Time left: 300 sec this turn | 300 sec total\n|\n|t:|1783536278\n|move|p2a: Vaporeon|Protect|p2a: Vaporeon\n|-singleturn|p2a: Vaporeon|Protect\n|move|p1a: Magcargo|Earth Power|p2a: Vaporeon\n|-activate|p2a: Vaporeon|move: Protect\n|\n|-heal|p2a: Vaporeon|41/100|[from] item: Leftovers\n|upkeep\n|turn|20\n|inactive|Time left: 300 sec this turn | 300 sec total\n|\n|t:|1783536279\n|-terastallize|p2a: Vaporeon|Ground\n|move|p1a: Magcargo|Power Gem|p2a: Vaporeon\n|-resisted|p2a: Vaporeon\n|-damage|p2a: Vaporeon|15/100\n|move|p2a: Vaporeon|Scald|p1a: Magcargo\n|-supereffective|p1a: Magcargo\n|-damage|p1a: Magcargo|0 fnt\n|faint|p1a: Magcargo\n|\n|-heal|p2a: Vaporeon|21/100|[from] item: Leftovers\n|upkeep\n|inactive|Time left: 300 sec this turn | 300 sec total | 5 sec grace\n|\n|t:|1783536280\n|switch|p1a: Magearna|Magearna, L77|250/250\n|-damage|p1a: Magearna|235/250|[from] Stealth Rock\n|turn|21\n|inactive|Time left: 300 sec this turn | 300 sec total\n|\n|t:|1783536281\n|move|p2a: Vaporeon|Scald|p1a: Magearna\n|-damage|p1a: Magearna|156/250\n|-status|p1a: Magearna|brn\n|move|p1a: Magearna|Shift Gear|p1a: Magearna\n|-boost|p1a: Magearna|spe|2\n|-boost|p1a: Magearna|atk|1\n|\n|-heal|p2a: Vaporeon|27/100|[from] item: Leftovers\n|-damage|p1a: Magearna|141/250 brn|[from] brn\n|upkeep\n|turn|22\n|inactive|Time left: 300 sec this turn | 300 sec total\n|\n|t:|1783536283\n|switch|p2a: Iron Leaves|Iron Leaves, L80|100/100\n|move|p1a: Magearna|Fleur Cannon|p2a: Iron Leaves\n|-damage|p2a: Iron Leaves|53/100\n|-unboost|p1a: Magearna|spa|2\n|\n|-damage|p1a: Magearna|126/250 brn|[from] brn\n|upkeep\n|turn|23\n|inactive|Time left: 300 sec this turn | 300 sec total\n|\n|t:|1783536284\n|move|p1a: Magearna|Iron Head|p2a: Iron Leaves\n|-damage|p2a: Iron Leaves|32/100\n|cant|p2a: Iron Leaves|flinch\n|\n|-damage|p1a: Magearna|111/250 brn|[from] brn\n|upkeep\n|turn|24\n|inactive|Time left: 300 sec this turn | 300 sec total\n|\n|t:|1783536285\n|switch|p1a: Donphan|Donphan, L84, M|288/288\n|-damage|p1a: Donphan|270/288|[from] Stealth Rock\n|move|p2a: Iron Leaves|Close Combat|p1a: Donphan\n|-damage|p1a: Donphan|175/288\n|-unboost|p2a: Iron Leaves|def|1\n|-unboost|p2a: Iron Leaves|spd|1\n|-damage|p2a: Iron Leaves|23/100|[from] item: Life Orb\n|\n|-heal|p1a: Donphan|193/288|[from] item: Leftovers\n|upkeep\n|turn|25\n|inactive|Time left: 300 sec this turn | 300 sec total\n|\n|t:|1783536286\n|-terastallize|p1a: Donphan|Dragon\n|move|p2a: Iron Leaves|Leaf Blade|p1a: Donphan\n|-resisted|p1a: Donphan\n|-damage|p1a: Donphan|135/288\n|-damage|p2a: Iron Leaves|13/100|[from] item: Life Orb\n|move|p1a: Donphan|Rapid Spin|p2a: Iron Leaves\n|-damage|p2a: Iron Leaves|0 fnt\n|-boost|p1a: Donphan|spe|1\n|-sideend|p1: p0x21437e1|Stealth Rock|[from] move: Rapid Spin|[of] p1a: Donphan\n|faint|p2a: Iron Leaves\n|-end|p2a: Iron Leaves|Quark Drive|[silent]\n|\n|-heal|p1a: Donphan|153/288|[from] item: Leftovers\n|upkeep\n|\n|t:|1783536287\n|switch|p2a: Froslass|Froslass, L87, F|100/100\n|turn|26\n|inactive|Time left: 300 sec this turn | 300 sec total\n|\n|t:|1783536288\n|switch|p1a: Slowbro|Slowbro, L85, F|300/300 brn\n|move|p2a: Froslass|Triple Axel|p1a: Slowbro\n|-resisted|p1a: Slowbro\n|-damage|p1a: Slowbro|292/300 brn\n|-resisted|p1a: Slowbro\n|-damage|p1a: Slowbro|274/300 brn\n|-resisted|p1a: Slowbro\n|-damage|p1a: Slowbro|250/300 brn\n|-hitcount|p1a: Slowbro|3\n|\n|-heal|p1a: Slowbro|268/300 brn|[from] item: Leftovers\n|-damage|p1a: Slowbro|250/300 brn|[from] brn\n|upkeep\n|turn|27\n|inactive|Time left: 300 sec this turn | 300 sec total\n|\n|t:|1783536289\n|move|p2a: Froslass|Poltergeist|p1a: Slowbro\n|-activate|p1a: Slowbro|move: Poltergeist|Leftovers\n|-supereffective|p1a: Slowbro\n|-damage|p1a: Slowbro|82/300 brn\n|move|p1a: Slowbro|Scald|p2a: Froslass\n|-damage|p2a: Froslass|65/100\n|-status|p2a: Froslass|brn\n|\n|-heal|p1a: Slowbro|100/300 brn|[from] item: Leftovers\n|-damage|p2a: Froslass|59/100 brn|[from] brn\n|-damage|p1a: Slowbro|82/300 brn|[from] brn\n|upkeep\n|turn|28\n|inactive|Time left: 300 sec this turn | 300 sec total\n|\n|t:|1783536290\n|switch|p1a: Donphan|Donphan, L84, M, tera:Dragon|153/288\n|move|p2a: Froslass|Poltergeist|p1a: Donphan\n|-activate|p1a: Donphan|move: Poltergeist|Leftovers\n|-damage|p1a: Donphan|111/288\n|\n|-heal|p1a: Donphan|129/288|[from] item: Leftovers\n|-damage|p2a: Froslass|53/100 brn|[from] brn\n|upkeep\n|turn|29\n|inactive|Time left: 300 sec this turn | 300 sec total\n|\n|t:|1783536291\n|move|p2a: Froslass|Will-O-Wisp|p1a: Donphan\n|-status|p1a: Donphan|brn\n|move|p1a: Donphan|Stealth Rock|p2a: Froslass\n|-sidestart|p2: p0y2140117|move: Stealth Rock\n|\n|-heal|p1a: Donphan|147/288 brn|[from] item: Leftovers\n|-damage|p2a: Froslass|47/100 brn|[from] brn\n|-damage|p1a: Donphan|129/288 brn|[from] brn\n|upkeep\n|turn|30\n|inactive|Time left: 300 sec this turn | 300 sec total\n|\n|t:|1783536292\n|switch|p1a: Slowbro|Slowbro, L85, F|182/300 brn\n|move|p2a: Froslass|Spikes|p1a: Slowbro\n|-sidestart|p1: p0x21437e1|Spikes\n|\n|-heal|p1a: Slowbro|200/300 brn|[from] item: Leftovers\n|-damage|p2a: Froslass|40/100 brn|[from] brn\n|-damage|p1a: Slowbro|182/300 brn|[from] brn\n|upkeep\n|turn|31\n|inactive|Time left: 300 sec this turn | 300 sec total\n|\n|t:|1783536293\n|move|p2a: Froslass|Spikes|p1a: Slowbro\n|-sidestart|p1: p0x21437e1|Spikes\n|move|p1a: Slowbro|Slack Off|p1a: Slowbro\n|-heal|p1a: Slowbro|300/300 brn\n|\n|-damage|p2a: Froslass|34/100 brn|[from] brn\n|-damage|p1a: Slowbro|282/300 brn|[from] brn\n|upkeep\n|turn|32\n|inactive|Time left: 300 sec this turn | 300 sec total\n|\n|t:|1783536294\n|move|p2a: Froslass|Spikes|p1a: Slowbro\n|-sidestart|p1: p0x21437e1|Spikes\n|move|p1a: Slowbro|Iron Defense|p1a: Slowbro\n|-boost|p1a: Slowbro|def|2\n|\n|-heal|p1a: Slowbro|300/300 brn|[from] item: Leftovers\n|-damage|p2a: Froslass|28/100 brn|[from] brn\n|-damage|p1a: Slowbro|282/300 brn|[from] brn\n|upkeep\n|turn|33\n|inactive|Time left: 300 sec this turn | 300 sec total\n|\n|t:|1783536295\n|move|p2a: Froslass|Poltergeist|p1a: Slowbro\n|-activate|p1a: Slowbro|move: Poltergeist|Leftovers\n|-supereffective|p1a: Slowbro\n|-damage|p1a: Slowbro|240/300 brn\n|move|p1a: Slowbro|Iron Defense|p1a: Slowbro\n|-boost|p1a: Slowbro|def|2\n|\n|-heal|p1a: Slowbro|258/300 brn|[from] item: Leftovers\n|-damage|p2a: Froslass|22/100 brn|[from] brn\n|-damage|p1a: Slowbro|240/300 brn|[from] brn\n|upkeep\n|turn|34\n|inactive|Time left: 300 sec this turn | 300 sec total\n|\n|t:|1783536296\n|switch|p2a: Vaporeon|Vaporeon, L86, M, tera:Ground|27/100\n|-damage|p2a: Vaporeon|21/100|[from] Stealth Rock\n|move|p1a: Slowbro|Scald|p2a: Vaporeon\n|-heal|p2a: Vaporeon|46/100|[from] ability: Water Absorb|[of] p1a: Slowbro\n|\n|-heal|p2a: Vaporeon|52/100|[from] item: Leftovers\n|-heal|p1a: Slowbro|258/300 brn|[from] item: Leftovers\n|-damage|p1a: Slowbro|240/300 brn|[from] brn\n|upkeep\n|turn|35\n|inactive|Time left: 300 sec this turn | 300 sec total\n|\n|t:|1783536297\n|move|p2a: Vaporeon|Wish|p2a: Vaporeon\n|move|p1a: Slowbro|Body Press|p2a: Vaporeon\n|-damage|p2a: Vaporeon|16/100\n|\n|-heal|p2a: Vaporeon|22/100|[from] item: Leftovers\n|-heal|p1a: Slowbro|258/300 brn|[from] item: Leftovers\n|-damage|p1a: Slowbro|240/300 brn|[from] brn\n|upkeep\n|turn|36\n|inactive|Time left: 300 sec this turn | 300 sec total\n|\n|t:|1783536298\n|move|p2a: Vaporeon|Protect|p2a: Vaporeon\n|-singleturn|p2a: Vaporeon|Protect\n|move|p1a: Slowbro|Body Press|p2a: Vaporeon\n|-activate|p2a: Vaporeon|move: Protect\n|\n|-heal|p2a: Vaporeon|72/100|[from] move: Wish|[wisher] Vaporeon\n|-heal|p2a: Vaporeon|78/100|[from] item: Leftovers\n|-heal|p1a: Slowbro|258/300 brn|[from] item: Leftovers\n|-damage|p1a: Slowbro|240/300 brn|[from] brn\n|upkeep\n|turn|37\n|inactive|Time left: 300 sec this turn | 300 sec total\n|\n|t:|1783536299\n|move|p2a: Vaporeon|Wish|p2a: Vaporeon\n|move|p1a: Slowbro|Body Press|p2a: Vaporeon\n|-damage|p2a: Vaporeon|41/100\n|\n|-heal|p2a: Vaporeon|47/100|[from] item: Leftovers\n|-heal|p1a: Slowbro|258/300 brn|[from] item: Leftovers\n|-damage|p1a: Slowbro|240/300 brn|[from] brn\n|upkeep\n|turn|38\n|inactive|Time left: 300 sec this turn | 300 sec total\n|\n|t:|1783536301\n|move|p2a: Vaporeon|Scald|p1a: Slowbro\n|-resisted|p1a: Slowbro\n|-damage|p1a: Slowbro|191/300 brn\n|move|p1a: Slowbro|Slack Off|p1a: Slowbro\n|-heal|p1a: Slowbro|300/300 brn\n|\n|-heal|p2a: Vaporeon|97/100|[from] move: Wish|[wisher] Vaporeon\n|-heal|p2a: Vaporeon|100/100|[from] item: Leftovers\n|-damage|p1a: Slowbro|282/300 brn|[from] brn\n|upkeep\n|turn|39\n|inactive|Time left: 300 sec this turn | 300 sec total\n|\n|t:|1783536302\n|move|p2a: Vaporeon|Scald|p1a: Slowbro\n|-resisted|p1a: Slowbro\n|-damage|p1a: Slowbro|227/300 brn\n|move|p1a: Slowbro|Body Press|p2a: Vaporeon\n|-damage|p2a: Vaporeon|69/100\n|\n|-heal|p2a: Vaporeon|75/100|[from] item: Leftovers\n|-heal|p1a: Slowbro|245/300 brn|[from] item: Leftovers\n|-damage|p1a: Slowbro|227/300 brn|[from] brn\n|upkeep\n|turn|40\n|inactive|Time left: 300 sec this turn | 300 sec total\n|\n|t:|1783536303\n|move|p2a: Vaporeon|Wish|p2a: Vaporeon\n|move|p1a: Slowbro|Slack Off|p1a: Slowbro\n|-heal|p1a: Slowbro|300/300 brn\n|\n|-heal|p2a: Vaporeon|81/100|[from] item: Leftovers\n|-damage|p1a: Slowbro|282/300 brn|[from] brn\n|upkeep\n|turn|41\n|inactive|Time left: 300 sec this turn | 300 sec total\n|\n|t:|1783536304\n|move|p2a: Vaporeon|Ice Beam|p1a: Slowbro\n|-resisted|p1a: Slowbro\n|-damage|p1a: Slowbro|241/300 brn\n|move|p1a: Slowbro|Body Press|p2a: Vaporeon\n|-damage|p2a: Vaporeon|45/100\n|\n|-heal|p2a: Vaporeon|95/100|[from] move: Wish|[wisher] Vaporeon\n|-heal|p2a: Vaporeon|100/100|[from] item: Leftovers\n|-heal|p1a: Slowbro|259/300 brn|[from] item: Leftovers\n|-damage|p1a: Slowbro|241/300 brn|[from] brn\n|upkeep\n|turn|42\n|inactive|Time left: 300 sec this turn | 300 sec total\n|\n|t:|1783536305\n|move|p2a: Vaporeon|Wish|p2a: Vaporeon\n|move|p1a: Slowbro|Slack Off|p1a: Slowbro\n|-heal|p1a: Slowbro|300/300 brn\n|\n|-damage|p1a: Slowbro|282/300 brn|[from] brn\n|upkeep\n|turn|43\n|inactive|Time left: 300 sec this turn | 300 sec total\n|\n|t:|1783536306\n|move|p2a: Vaporeon|Ice Beam|p1a: Slowbro\n|-resisted|p1a: Slowbro\n|-damage|p1a: Slowbro|242/300 brn\n|move|p1a: Slowbro|Slack Off|p1a: Slowbro\n|-heal|p1a: Slowbro|300/300 brn\n|\n|-damage|p1a: Slowbro|282/300 brn|[from] brn\n|upkeep\n|turn|44\n|inactive|Time left: 300 sec this turn | 300 sec total\n|\n|t:|1783536308\n|move|p2a: Vaporeon|Ice Beam|p1a: Slowbro\n|-resisted|p1a: Slowbro\n|-damage|p1a: Slowbro|242/300 brn\n|move|p1a: Slowbro|Body Press|p2a: Vaporeon\n|-damage|p2a: Vaporeon|64/100\n|\n|-heal|p2a: Vaporeon|70/100|[from] item: Leftovers\n|-heal|p1a: Slowbro|260/300 brn|[from] item: Leftovers\n|-damage|p1a: Slowbro|242/300 brn|[from] brn\n|upkeep\n|turn|45\n|inactive|Time left: 300 sec this turn | 300 sec total\n|\n|t:|1783536309\n|move|p2a: Vaporeon|Wish|p2a: Vaporeon\n|move|p1a: Slowbro|Body Press|p2a: Vaporeon\n|-damage|p2a: Vaporeon|36/100\n|\n|-heal|p2a: Vaporeon|42/100|[from] item: Leftovers\n|-heal|p1a: Slowbro|260/300 brn|[from] item: Leftovers\n|-damage|p1a: Slowbro|242/300 brn|[from] brn\n|upkeep\n|turn|46\n|inactive|Time left: 300 sec this turn | 300 sec total\n|\n|t:|1783536310\n|move|p2a: Vaporeon|Scald|p1a: Slowbro\n|-resisted|p1a: Slowbro\n|-damage|p1a: Slowbro|193/300 brn\n|move|p1a: Slowbro|Body Press|p2a: Vaporeon\n|-damage|p2a: Vaporeon|6/100\n|\n|-heal|p2a: Vaporeon|56/100|[from] move: Wish|[wisher] Vaporeon\n|-heal|p2a: Vaporeon|62/100|[from] item: Leftovers\n|-heal|p1a: Slowbro|211/300 brn|[from] item: Leftovers\n|-damage|p1a: Slowbro|193/300 brn|[from] brn\n|upkeep\n|turn|47\n|inactive|Time left: 300 sec this turn | 300 sec total\n|\n|t:|1783536311\n|move|p2a: Vaporeon|Wish|p2a: Vaporeon\n|move|p1a: Slowbro|Body Press|p2a: Vaporeon\n|-damage|p2a: Vaporeon|27/100\n|\n|-heal|p2a: Vaporeon|33/100|[from] item: Leftovers\n|-heal|p1a: Slowbro|211/300 brn|[from] item: Leftovers\n|-damage|p1a: Slowbro|193/300 brn|[from] brn\n|upkeep\n|turn|48\n|inactive|Time left: 300 sec this turn | 300 sec total\n|\n|t:|1783536312\n|move|p2a: Vaporeon|Protect|p2a: Vaporeon\n|-singleturn|p2a: Vaporeon|Protect\n|move|p1a: Slowbro|Body Press|p2a: Vaporeon\n|-activate|p2a: Vaporeon|move: Protect\n|\n|-heal|p2a: Vaporeon|83/100|[from] move: Wish|[wisher] Vaporeon\n|-heal|p2a: Vaporeon|90/100|[from] item: Leftovers\n|-heal|p1a: Slowbro|211/300 brn|[from] item: Leftovers\n|-damage|p1a: Slowbro|193/300 brn|[from] brn\n|upkeep\n|turn|49\n|inactive|Time left: 300 sec this turn | 300 sec total\n|\n|t:|1783536313\n|move|p2a: Vaporeon|Scald|p1a: Slowbro\n|-resisted|p1a: Slowbro\n|-damage|p1a: Slowbro|141/300 brn\n|move|p1a: Slowbro|Slack Off|p1a: Slowbro\n|-heal|p1a: Slowbro|291/300 brn\n|\n|-heal|p2a: Vaporeon|96/100|[from] item: Leftovers\n|-heal|p1a: Slowbro|300/300 brn|[from] item: Leftovers\n|-damage|p1a: Slowbro|282/300 brn|[from] brn\n|upkeep\n|turn|50\n|inactive|Time left: 300 sec this turn | 300 sec total\n|\n|t:|1783536314\n|move|p2a: Vaporeon|Scald|p1a: Slowbro\n|-resisted|p1a: Slowbro\n|-damage|p1a: Slowbro|231/300 brn\n|move|p1a: Slowbro|Scald|p2a: Vaporeon\n|-heal|p2a: Vaporeon|100/100|[from] ability: Water Absorb|[of] p1a: Slowbro\n|\n|-heal|p1a: Slowbro|249/300 brn|[from] item: Leftovers\n|-damage|p1a: Slowbro|231/300 brn|[from] brn\n|upkeep\n|turn|51\n|inactive|Time left: 300 sec this turn | 300 sec total\n|\n|t:|1783536315\n|move|p2a: Vaporeon|Scald|p1a: Slowbro\n|-resisted|p1a: Slowbro\n|-damage|p1a: Slowbro|177/300 brn\n|move|p1a: Slowbro|Scald|p2a: Vaporeon\n|-immune|p2a: Vaporeon|[from] ability: Water Absorb\n|\n|-heal|p1a: Slowbro|195/300 brn|[from] item: Leftovers\n|-damage|p1a: Slowbro|177/300 brn|[from] brn\n|upkeep\n|turn|52\n|inactive|Time left: 300 sec this turn | 300 sec total\n|\n|t:|1783536316\n|move|p2a: Vaporeon|Scald|p1a: Slowbro\n|-resisted|p1a: Slowbro\n|-damage|p1a: Slowbro|122/300 brn\n|move|p1a: Slowbro|Scald|p2a: Vaporeon\n|-immune|p2a: Vaporeon|[from] ability: Water Absorb\n|\n|-heal|p1a: Slowbro|140/300 brn|[from] item: Leftovers\n|-damage|p1a: Slowbro|122/300 brn|[from] brn\n|upkeep\n|turn|53\n|inactive|Time left: 300 sec this turn | 300 sec total\n|\n|t:|1783536317\n|switch|p1a: Donphan|Donphan, L84, M, tera:Dragon|129/288 brn\n|-damage|p1a: Donphan|57/288 brn|[from] Spikes\n|move|p2a: Vaporeon|Scald|p1a: Donphan\n|-resisted|p1a: Donphan\n|-damage|p1a: Donphan|0 fnt\n|faint|p1a: Donphan\n|\n|upkeep\n|inactive|Time left: 300 sec this turn | 300 sec total | 5 sec grace\n|\n|t:|1783536318\n|switch|p1a: Dewgong|Dewgong, L94, M|322/322\n|turn|54\n|inactive|Time left: 300 sec this turn | 300 sec total\n|\n|t:|1783536318\n|switch|p2a: Bisharp|Bisharp, L79, F|100/100\n|-damage|p2a: Bisharp|94/100|[from] Stealth Rock\n|move|p1a: Dewgong|Triple Axel|p2a: Bisharp\n|-resisted|p2a: Bisharp\n|-damage|p2a: Bisharp|91/100\n|-resisted|p2a: Bisharp\n|-damage|p2a: Bisharp|85/100\n|-resisted|p2a: Bisharp\n|-damage|p2a: Bisharp|76/100\n|-hitcount|p2a: Bisharp|3\n|\n|upkeep\n|turn|55\n|inactive|Time left: 300 sec this turn | 300 sec total\n|\n|t:|1783536319\n|move|p1a: Dewgong|Surf|p2a: Bisharp\n|-damage|p2a: Bisharp|41/100\n|move|p2a: Bisharp|Swords Dance|p2a: Bisharp\n|-boost|p2a: Bisharp|atk|2\n|\n|upkeep\n|turn|56\n|inactive|Time left: 300 sec this turn | 300 sec total\n|\n|t:|1783536320\n|move|p1a: Dewgong|Encore|p2a: Bisharp\n|-start|p2a: Bisharp|Encore\n|move|p2a: Bisharp|Swords Dance|p2a: Bisharp\n|-boost|p2a: Bisharp|atk|2\n|\n|upkeep\n|turn|57\n|inactive|Time left: 300 sec this turn | 300 sec total\n|\n|t:|1783536321\n|switch|p2a: Froslass|Froslass, L87, F|22/100 brn\n|-damage|p2a: Froslass|0 fnt|[from] Stealth Rock\n|faint|p2a: Froslass\n|move|p1a: Dewgong|Triple Axel|p2: Froslass|[notarget]\n|-fail|p1a: Dewgong\n|\n|upkeep\n|\n|t:|1783536322\n|switch|p2a: Kleavor|Kleavor, L78, F|100/100\n|-damage|p2a: Kleavor|76/100|[from] Stealth Rock\n|turn|58\n|inactive|Time left: 300 sec this turn | 300 sec total\n|\n|t:|1783536324\n|move|p2a: Kleavor|Stone Axe|p1a: Dewgong\n|-supereffective|p1a: Dewgong\n|-damage|p1a: Dewgong|92/322\n|-sidestart|p1: p0x21437e1|move: Stealth Rock\n|move|p1a: Dewgong|Surf|p2a: Kleavor\n|-supereffective|p2a: Kleavor\n|-damage|p2a: Kleavor|0 fnt\n|faint|p2a: Kleavor\n|\n|upkeep\n|\n|t:|1783536325\n|switch|p2a: Bisharp|Bisharp, L79, F|41/100\n|-damage|p2a: Bisharp|35/100|[from] Stealth Rock\n|turn|59\n|inactive|Time left: 300 sec this turn | 300 sec total\n|\n|t:|1783536326\n|move|p1a: Dewgong|Surf|p2a: Bisharp\n|-damage|p2a: Bisharp|3/100\n|move|p2a: Bisharp|Throat Chop|p1a: Dewgong\n|-damage|p1a: Dewgong|10/322\n|-start|p1a: Dewgong|Throat Chop|[silent]\n|\n|upkeep\n|turn|60\n|inactive|Time left: 300 sec this turn | 300 sec total\n|\n|t:|1783536327\n|move|p2a: Bisharp|Sucker Punch||[still]\n|-fail|p2a: Bisharp\n|move|p1a: Dewgong|Encore|p2a: Bisharp\n|-start|p2a: Bisharp|Encore\n|\n|-end|p1a: Dewgong|Throat Chop|[silent]\n|upkeep\n|turn|61\n|inactive|Time left: 300 sec this turn | 300 sec total\n|\n|t:|1783536328\n|move|p2a: Bisharp|Sucker Punch||[still]\n|-fail|p2a: Bisharp\n|move|p1a: Dewgong|Encore||[still]\n|-fail|p1a: Dewgong\n|\n|upkeep\n|turn|62\n|inactive|Time left: 300 sec this turn | 300 sec total\n|\n|t:|1783536328\n|switch|p1a: Slowbro|Slowbro, L85, F|222/300 brn\n|-damage|p1a: Slowbro|147/300 brn|[from] Spikes\n|-damage|p1a: Slowbro|110/300 brn|[from] Stealth Rock\n|move|p2a: Bisharp|Sucker Punch||[still]\n|-fail|p2a: Bisharp\n|\n|-heal|p1a: Slowbro|128/300 brn|[from] item: Leftovers\n|-damage|p1a: Slowbro|110/300 brn|[from] brn\n|upkeep\n|turn|63\n|inactive|Time left: 300 sec this turn | 300 sec total\n|\n|t:|1783536329\n|switch|p1a: Dewgong|Dewgong, L94, M|10/322\n|move|p2a: Bisharp|Sucker Punch||[still]\n|-fail|p2a: Bisharp\n|\n|-end|p2a: Bisharp|Encore\n|upkeep\n|turn|64\n|inactive|Time left: 300 sec this turn | 300 sec total\n|\n|t:|1783536330\n|move|p2a: Bisharp|Sucker Punch||[still]\n|-fail|p2a: Bisharp\n|move|p1a: Dewgong|Encore|p2a: Bisharp\n|-start|p2a: Bisharp|Encore\n|\n|upkeep\n|turn|65\n|inactive|Time left: 300 sec this turn | 300 sec total\n|\n|t:|1783536331\n|move|p2a: Bisharp|Sucker Punch||[still]\n|-fail|p2a: Bisharp\n|move|p1a: Dewgong|Encore||[still]\n|-fail|p1a: Dewgong\n|\n|upkeep\n|turn|66\n|inactive|Time left: 300 sec this turn | 300 sec total\n|\n|t:|1783536332\n|move|p2a: Bisharp|Sucker Punch||[still]\n|-fail|p2a: Bisharp\n|move|p1a: Dewgong|Encore||[still]\n|-fail|p1a: Dewgong\n|\n|upkeep\n|turn|67\n|inactive|Time left: 300 sec this turn | 300 sec total\n|\n|t:|1783536333\n|move|p2a: Bisharp|Sucker Punch||[still]\n|-fail|p2a: Bisharp\n|move|p1a: Dewgong|Encore||[still]\n|-fail|p1a: Dewgong\n|\n|-end|p2a: Bisharp|Encore\n|upkeep\n|turn|68\n|inactive|Time left: 300 sec this turn | 300 sec total\n|\n|t:|1783536334\n|switch|p2a: Vaporeon|Vaporeon, L86, M, tera:Ground|100/100\n|-damage|p2a: Vaporeon|94/100|[from] Stealth Rock\n|move|p1a: Dewgong|Encore||[still]\n|-fail|p1a: Dewgong\n|\n|-heal|p2a: Vaporeon|100/100|[from] item: Leftovers\n|upkeep\n|turn|69\n|inactive|Time left: 300 sec this turn | 300 sec total\n|\n|t:|1783536335\n|move|p1a: Dewgong|Triple Axel|p2a: Vaporeon\n|-supereffective|p2a: Vaporeon\n|-damage|p2a: Vaporeon|86/100\n|-hitcount|p2a: Vaporeon|1\n|move|p2a: Vaporeon|Scald|p1a: Dewgong\n|-resisted|p1a: Dewgong\n|-damage|p1a: Dewgong|0 fnt\n|faint|p1a: Dewgong\n|\n|-heal|p2a: Vaporeon|92/100|[from] item: Leftovers\n|upkeep\n|inactive|Time left: 300 sec this turn | 300 sec total | 5 sec grace\n|\n|t:|1783536336\n|switch|p1a: Magearna|Magearna, L77|111/250 brn\n|-damage|p1a: Magearna|49/250 brn|[from] Spikes\n|-damage|p1a: Magearna|34/250 brn|[from] Stealth Rock\n|turn|70\n|inactive|Time left: 300 sec this turn | 300 sec total\n|\n|t:|1783536337\n|move|p2a: Vaporeon|Scald|p1a: Magearna\n|-damage|p1a: Magearna|0 fnt\n|faint|p1a: Magearna\n|\n|-heal|p2a: Vaporeon|98/100|[from] item: Leftovers\n|upkeep\n|inactive|Time left: 300 sec this turn | 300 sec total | 5 sec grace\n|\n|t:|1783536338\n|switch|p1a: Slowbro|Slowbro, L85, F|210/300 brn\n|-damage|p1a: Slowbro|135/300 brn|[from] Spikes\n|-damage|p1a: Slowbro|98/300 brn|[from] Stealth Rock\n|turn|71\n|inactive|Time left: 300 sec this turn | 300 sec total\n|\n|t:|1783536339\n|move|p2a: Vaporeon|Scald|p1a: Slowbro\n|-resisted|p1a: Slowbro\n|-damage|p1a: Slowbro|47/300 brn\n|move|p1a: Slowbro|Iron Defense|p1a: Slowbro\n|-boost|p1a: Slowbro|def|2\n|\n|-heal|p2a: Vaporeon|100/100|[from] item: Leftovers\n|-heal|p1a: Slowbro|65/300 brn|[from] item: Leftovers\n|-damage|p1a: Slowbro|47/300 brn|[from] brn\n|upkeep\n|turn|72\n|inactive|Time left: 300 sec this turn | 300 sec total\n|\n|t:|1783536340\n|move|p2a: Vaporeon|Scald|p1a: Slowbro\n|-resisted|p1a: Slowbro\n|-damage|p1a: Slowbro|0 fnt\n|faint|p1a: Slowbro\n|\n|win|p0y2140117", "uploadtime": 1783536340, "views": 0, "rating": 0, "private": 0, "password": null, "_winner": "p0y2140117", "_our_name": "p0x21437e1"}