{"id": "battle-gen9randombattle-2860", "formatid": "gen9randombattle", "format": "[Gen 9] Random Battle", "players": ["p0x2860aad7", "p0y28601518"], "log": "|init|battle\n|title|p0x2860aad7 vs. p0y28601518\n|j|\u2606p0x2860aad7\n|j|\u2606p0y28601518\n|t:|1783571991\n|gametype|singles\n|player|p1|p0x2860aad7|1|\n|player|p2|p0y28601518|169|\n|gen|9\n|tier|[Gen 9] Random Battle\n|rule|Species Clause: Limit one of each Pok\u00e9mon\n|rule|HP Percentage Mod: HP is shown in percentages\n|rule|Sleep Clause Mod: Limit one foe put to sleep\n|rule|Illusion Level Mod: Illusion disguises the Pok\u00e9mon's true level\n|\n|t:|1783571991\n|teamsize|p1|6\n|teamsize|p2|6\n|start\n|switch|p1a: Pincurchin|Pincurchin, M|100/100\n|switch|p2a: Lucario|Lucario, L84, M|255/255\n|-fieldstart|move: Electric Terrain|[from] ability: Electric Surge|[of] p1a: Pincurchin\n|turn|1\n|inactive|Battle timer is ON: inactive players will automatically lose when time's up. (requested by p0y28601518)\n|inactive|p0x2860aad7 also wants the timer to be on.\n|\n|t:|1783571993\n|move|p2a: Lucario|Swords Dance|p2a: Lucario\n|-boost|p2a: Lucario|atk|2\n|move|p1a: Pincurchin|Zing Zap|p2a: Lucario\n|-damage|p2a: Lucario|57/255\n|\n|upkeep\n|turn|2\n|inactive|Time left: 300 sec this turn | 300 sec total\n|\n|t:|1783571994\n|switch|p1a: Exeggutor|Exeggutor, L89, F|100/100\n|move|p2a: Lucario|Close Combat|p1a: Exeggutor\n|-resisted|p1a: Exeggutor\n|-damage|p1a: Exeggutor|41/100\n|-unboost|p2a: Lucario|def|1\n|-unboost|p2a: Lucario|spd|1\n|-enditem|p1a: Exeggutor|Sitrus Berry|[eat]\n|-heal|p1a: Exeggutor|66/100|[from] item: Sitrus Berry\n|-damage|p2a: Lucario|32/255|[from] item: Life Orb\n|\n|-item|p1a: Exeggutor|Sitrus Berry|[from] ability: Harvest\n|upkeep\n|turn|3\n|inactive|Time left: 300 sec this turn | 300 sec total\n|\n|t:|1783571995\n|move|p2a: Lucario|Meteor Mash|p1a: Exeggutor\n|-damage|p1a: Exeggutor|0 fnt\n|faint|p1a: Exeggutor\n|-damage|p2a: Lucario|7/255|[from] item: Life Orb\n|\n|upkeep\n|\n|t:|1783571996\n|switch|p1a: Glalie|Glalie, L96, F|100/100\n|turn|4\n|inactive|Time left: 300 sec this turn | 300 sec total\n|\n|t:|1783571997\n|switch|p2a: Espathra|Espathra, L80, F|283/283\n|move|p1a: Glalie|Freeze-Dry|p2a: Espathra\n|-damage|p2a: Espathra|166/283\n|\n|upkeep\n|turn|5\n|inactive|Time left: 300 sec this turn | 300 sec total\n|\n|t:|1783571998\n|switch|p1a: Ting-Lu|Ting-Lu, L78|100/100\n|-ability|p1a: Ting-Lu|Vessel of Ruin\n|move|p2a: Espathra|Lumina Crash|p1a: Ting-Lu\n|-immune|p1a: Ting-Lu\n|\n|-fieldend|move: Electric Terrain\n|-ability|p2a: Espathra|Speed Boost|boost\n|-boost|p2a: Espathra|spe|1\n|upkeep\n|turn|6\n|inactive|Time left: 300 sec this turn | 300 sec total\n|\n|t:|1783571999\n|switch|p2a: Falinks|Falinks, L84|246/246\n|move|p1a: Ting-Lu|Stealth Rock|p2a: Falinks\n|-sidestart|p2: p0y28601518|move: Stealth Rock\n|\n|upkeep\n|turn|7\n|inactive|Time left: 300 sec this turn | 300 sec total\n|\n|t:|1783572000\n|move|p2a: Falinks|No Retreat|p2a: Falinks\n|-boost|p2a: Falinks|atk|1\n|-boost|p2a: Falinks|def|1\n|-boost|p2a: Falinks|spa|1\n|-boost|p2a: Falinks|spd|1\n|-boost|p2a: Falinks|spe|1\n|-start|p2a: Falinks|move: No Retreat\n|move|p1a: Ting-Lu|Ruination|p2a: Falinks\n|-damage|p2a: Falinks|123/246\n|\n|upkeep\n|turn|8\n|inactive|Time left: 300 sec this turn | 300 sec total\n|\n|t:|1783572001\n|-terastallize|p1a: Ting-Lu|Poison\n|move|p2a: Falinks|Knock Off|p1a: Ting-Lu\n|-damage|p1a: Ting-Lu|72/100\n|-enditem|p1a: Ting-Lu|Leftovers|[from] move: Knock Off|[of] p2a: Falinks\n|-damage|p2a: Falinks|99/246|[from] item: Life Orb\n|move|p1a: Ting-Lu|Earthquake|p2a: Falinks\n|-damage|p2a: Falinks|41/246\n|\n|upkeep\n|turn|9\n|inactive|Time left: 300 sec this turn | 300 sec total\n|\n|t:|1783572002\n|move|p2a: Falinks|Iron Head|p1a: Ting-Lu\n|-damage|p1a: Ting-Lu|47/100\n|-damage|p2a: Falinks|17/246|[from] item: Life Orb\n|move|p1a: Ting-Lu|Earthquake|p2a: Falinks\n|-damage|p2a: Falinks|0 fnt\n|faint|p2a: Falinks\n|\n|upkeep\n|inactive|Time left: 300 sec this turn | 300 sec total | 5 sec grace\n|\n|t:|1783572003\n|switch|p2a: Espathra|Espathra, L80, F|166/283\n|-damage|p2a: Espathra|131/283|[from] Stealth Rock\n|turn|10\n|inactive|Time left: 300 sec this turn | 300 sec total\n|\n|t:|1783572004\n|move|p2a: Espathra|Lumina Crash|p1a: Ting-Lu\n|-supereffective|p1a: Ting-Lu\n|-damage|p1a: Ting-Lu|0 fnt\n|faint|p1a: Ting-Lu\n|\n|-ability|p2a: Espathra|Speed Boost|boost\n|-boost|p2a: Espathra|spe|1\n|upkeep\n|\n|t:|1783572005\n|switch|p1a: Pincurchin|Pincurchin, M|100/100\n|-fieldstart|move: Electric Terrain|[from] ability: Electric Surge|[of] p1a: Pincurchin\n|turn|11\n|inactive|Time left: 300 sec this turn | 300 sec total\n|\n|t:|1783572006\n|move|p2a: Espathra|Lumina Crash|p1a: Pincurchin\n|-damage|p1a: Pincurchin|61/100\n|-unboost|p1a: Pincurchin|spd|2\n|move|p1a: Pincurchin|Zing Zap|p2a: Espathra\n|-damage|p2a: Espathra|0 fnt\n|faint|p2a: Espathra\n|\n|-heal|p1a: Pincurchin|67/100|[from] item: Leftovers\n|upkeep\n|inactive|Time left: 300 sec this turn | 300 sec total | 5 sec grace\n|\n|t:|1783572007\n|switch|p2a: Gardevoir|Gardevoir, L83, M|249/249\n|-damage|p2a: Gardevoir|218/249|[from] Stealth Rock\n|-ability|p2a: Gardevoir|Electric Surge|Trace|[from] ability: Trace|[of] p1a: Pincurchin\n|turn|12\n|inactive|Time left: 300 sec this turn | 300 sec total\n|\n|t:|1783572008\n|switch|p1a: Glalie|Glalie, L96, F|100/100\n|move|p2a: Gardevoir|Moonblast|p1a: Glalie\n|-damage|p1a: Glalie|66/100\n|\n|upkeep\n|turn|13\n|inactive|Time left: 300 sec this turn | 300 sec total\n|\n|t:|1783572009\n|move|p2a: Gardevoir|Moonblast|p1a: Glalie\n|-damage|p1a: Glalie|27/100\n|move|p1a: Glalie|Earthquake|p2a: Gardevoir\n|-damage|p2a: Gardevoir|115/249\n|\n|upkeep\n|turn|14\n|inactive|Time left: 300 sec this turn | 300 sec total\n|\n|t:|1783572010\n|move|p2a: Gardevoir|Moonblast|p1a: Glalie\n|-damage|p1a: Glalie|0 fnt\n|faint|p1a: Glalie\n|\n|upkeep\n|\n|t:|1783572011\n|switch|p1a: Pincurchin|Pincurchin, M|67/100\n|turn|15\n|inactive|Time left: 300 sec this turn | 300 sec total\n|\n|t:|1783572012\n|move|p2a: Gardevoir|Moonblast|p1a: Pincurchin\n|-damage|p1a: Pincurchin|23/100\n|move|p1a: Pincurchin|Recover|p1a: Pincurchin\n|-heal|p1a: Pincurchin|73/100\n|\n|-heal|p1a: Pincurchin|80/100|[from] item: Leftovers\n|-fieldend|move: Electric Terrain\n|upkeep\n|turn|16\n|inactive|Time left: 300 sec this turn | 300 sec total\n|\n|t:|1783572013\n|move|p2a: Gardevoir|Moonblast|p1a: Pincurchin\n|-damage|p1a: Pincurchin|42/100\n|move|p1a: Pincurchin|Zing Zap|p2a: Gardevoir\n|-damage|p2a: Gardevoir|0 fnt\n|faint|p2a: Gardevoir\n|\n|-heal|p1a: Pincurchin|49/100|[from] item: Leftovers\n|upkeep\n|inactive|Time left: 300 sec this turn | 300 sec total | 5 sec grace\n|\n|t:|1783572014\n|switch|p2a: Shiftry|Shiftry, L89, M|305/305\n|-damage|p2a: Shiftry|267/305|[from] Stealth Rock\n|turn|17\n|inactive|Time left: 300 sec this turn | 300 sec total\n|\n|t:|1783572015\n|move|p2a: Shiftry|Knock Off|p1a: Pincurchin\n|-damage|p1a: Pincurchin|2/100\n|-enditem|p1a: Pincurchin|Leftovers|[from] move: Knock Off|[of] p2a: Shiftry\n|-damage|p2a: Shiftry|237/305|[from] item: Life Orb\n|move|p1a: Pincurchin|Recover|p1a: Pincurchin\n|-heal|p1a: Pincurchin|52/100\n|\n|upkeep\n|turn|18\n|inactive|Time left: 300 sec this turn | 300 sec total\n|\n|t:|1783572016\n|move|p2a: Shiftry|Leaf Blade|p1a: Pincurchin\n|-damage|p1a: Pincurchin|9/100\n|-damage|p2a: Shiftry|207/305|[from] item: Life Orb\n|move|p1a: Pincurchin|Recover|p1a: Pincurchin\n|-heal|p1a: Pincurchin|59/100\n|\n|upkeep\n|turn|19\n|inactive|Time left: 300 sec this turn | 300 sec total\n|\n|t:|1783572017\n|move|p2a: Shiftry|Leaf Blade|p1a: Pincurchin\n|-damage|p1a: Pincurchin|17/100\n|-damage|p2a: Shiftry|177/305|[from] item: Life Orb\n|move|p1a: Pincurchin|Recover|p1a: Pincurchin\n|-heal|p1a: Pincurchin|67/100\n|\n|upkeep\n|turn|20\n|inactive|Time left: 300 sec this turn | 300 sec total\n|\n|t:|1783572018\n|move|p2a: Shiftry|Leaf Blade|p1a: Pincurchin\n|-damage|p1a: Pincurchin|26/100\n|-damage|p2a: Shiftry|147/305|[from] item: Life Orb\n|move|p1a: Pincurchin|Recover|p1a: Pincurchin\n|-heal|p1a: Pincurchin|76/100\n|\n|upkeep\n|turn|21\n|inactive|Time left: 300 sec this turn | 300 sec total\n|\n|t:|1783572019\n|move|p2a: Shiftry|Leaf Blade|p1a: Pincurchin\n|-damage|p1a: Pincurchin|31/100\n|-damage|p2a: Shiftry|117/305|[from] item: Life Orb\n|move|p1a: Pincurchin|Recover|p1a: Pincurchin\n|-heal|p1a: Pincurchin|81/100\n|\n|upkeep\n|turn|22\n|inactive|Time left: 300 sec this turn | 300 sec total\n|\n|t:|1783572020\n|move|p2a: Shiftry|Leaf Blade|p1a: Pincurchin\n|-damage|p1a: Pincurchin|39/100\n|-damage|p2a: Shiftry|87/305|[from] item: Life Orb\n|move|p1a: Pincurchin|Curse|p1a: Pincurchin\n|-unboost|p1a: Pincurchin|spe|1\n|-boost|p1a: Pincurchin|atk|1\n|-boost|p1a: Pincurchin|def|1\n|\n|upkeep\n|turn|23\n|inactive|Time left: 300 sec this turn | 300 sec total\n|\n|t:|1783572021\n|move|p2a: Shiftry|Leaf Blade|p1a: Pincurchin\n|-damage|p1a: Pincurchin|10/100\n|-damage|p2a: Shiftry|57/305|[from] item: Life Orb\n|move|p1a: Pincurchin|Recover|p1a: Pincurchin\n|-heal|p1a: Pincurchin|60/100\n|\n|upkeep\n|turn|24\n|inactive|Time left: 300 sec this turn | 300 sec total\n|\n|t:|1783572022\n|move|p2a: Shiftry|Leaf Blade|p1a: Pincurchin\n|-crit|p1a: Pincurchin\n|-damage|p1a: Pincurchin|0 fnt\n|faint|p1a: Pincurchin\n|-damage|p2a: Shiftry|27/305|[from] item: Life Orb\n|\n|upkeep\n|\n|t:|1783572023\n|switch|p1a: Staraptor|Staraptor, L79, M|100/100\n|turn|25\n|inactive|Time left: 300 sec this turn | 300 sec total\n|\n|t:|1783572024\n|move|p1a: Staraptor|Brave Bird|p2a: Shiftry\n|-supereffective|p2a: Shiftry\n|-damage|p2a: Shiftry|0 fnt\n|faint|p2a: Shiftry\n|-damage|p1a: Staraptor|97/100|[from] Recoil\n|\n|upkeep\n|inactive|Time left: 300 sec this turn | 300 sec total | 5 sec grace\n|\n|t:|1783572024\n|switch|p2a: Forretress|Forretress, L84, M|263/263\n|-damage|p2a: Forretress|231/263|[from] Stealth Rock\n|turn|26\n|inactive|Time left: 300 sec this turn | 300 sec total\n|\n|t:|1783572025\n|move|p1a: Staraptor|Brave Bird|p2a: Forretress\n|-damage|p2a: Forretress|75/263\n|-damage|p1a: Staraptor|78/100|[from] Recoil\n|move|p2a: Forretress|Thunder Wave|p1a: Staraptor\n|-status|p1a: Staraptor|par\n|\n|-heal|p2a: Forretress|91/263|[from] item: Leftovers\n|upkeep\n|turn|27\n|inactive|Time left: 300 sec this turn | 300 sec total\n|\n|t:|1783572026\n|-terastallize|p2a: Forretress|Water\n|move|p2a: Forretress|Iron Head|p1a: Staraptor\n|-damage|p1a: Staraptor|40/100 par\n|cant|p1a: Staraptor|flinch\n|\n|-heal|p2a: Forretress|107/263|[from] item: Leftovers\n|upkeep\n|turn|28\n|inactive|Time left: 300 sec this turn | 300 sec total\n|\n|t:|1783572027\n|move|p2a: Forretress|Iron Head|p1a: Staraptor\n|-damage|p1a: Staraptor|5/100 par\n|cant|p1a: Staraptor|par\n|\n|-heal|p2a: Forretress|123/263|[from] item: Leftovers\n|upkeep\n|turn|29\n|inactive|Time left: 300 sec this turn | 300 sec total\n|\n|t:|1783572028\n|move|p2a: Forretress|Rapid Spin|p1a: Staraptor\n|-damage|p1a: Staraptor|0 fnt\n|-boost|p2a: Forretress|spe|1\n|-sideend|p2: p0y28601518|Stealth Rock|[from] move: Rapid Spin|[of] p2a: Forretress\n|faint|p1a: Staraptor\n|\n|-heal|p2a: Forretress|139/263|[from] item: Leftovers\n|upkeep\n|\n|t:|1783572029\n|switch|p1a: Reshiram|Reshiram, L76|100/100\n|-ability|p1a: Reshiram|Turboblaze\n|turn|30\n|inactive|Time left: 300 sec this turn | 300 sec total\n|\n|t:|1783572030\n|move|p1a: Reshiram|Draco Meteor|p2a: Forretress\n|-damage|p2a: Forretress|0 fnt\n|-unboost|p1a: Reshiram|spa|2\n|faint|p2a: Forretress\n|\n|upkeep\n|inactive|Time left: 300 sec this turn | 300 sec total | 5 sec grace\n|\n|t:|1783572031\n|switch|p2a: Lucario|Lucario, L84, M|7/255\n|turn|31\n|inactive|Time left: 300 sec this turn | 300 sec total\n|\n|t:|1783572031\n|move|p2a: Lucario|Swords Dance|p2a: Lucario\n|-boost|p2a: Lucario|atk|2\n|move|p1a: Reshiram|Dragon Tail|p2a: Lucario\n|-resisted|p2a: Lucario\n|-damage|p2a: Lucario|0 fnt\n|faint|p2a: Lucario\n|\n|win|p0x2860aad7", "uploadtime": 1783572031, "views": 0, "rating": 0, "private": 0, "password": null, "_winner": "p0x2860aad7", "_our_name": "p0y28601518"}