{"id": "battle-gen9randombattle-353", "formatid": "gen9randombattle", "format": "[Gen 9] Random Battle", "players": ["p0x35317a2", "p0y353b39d"], "log": "|init|battle\n|title|p0x35317a2 vs. p0y353b39d\n|j|\u2606p0x35317a2\n|j|\u2606p0y353b39d\n|t:|1783543746\n|gametype|singles\n|player|p1|p0x35317a2|101|\n|player|p2|p0y353b39d|101|\n|gen|9\n|tier|[Gen 9] Random Battle\n|rule|Species Clause: Limit one of each Pok\u00e9mon\n|rule|HP Percentage Mod: HP is shown in percentages\n|rule|Sleep Clause Mod: Limit one foe put to sleep\n|rule|Illusion Level Mod: Illusion disguises the Pok\u00e9mon's true level\n|\n|t:|1783543746\n|teamsize|p1|6\n|teamsize|p2|6\n|start\n|switch|p1a: Oranguru|Oranguru, L92, M|100/100\n|switch|p2a: Zangoose|Zangoose, L85, M|263/263\n|turn|1\n|inactive|Battle timer is ON: inactive players will automatically lose when time's up. (requested by p0y353b39d)\n|inactive|p0x35317a2 also wants the timer to be on.\n|\n|t:|1783543748\n|move|p2a: Zangoose|Knock Off|p1a: Oranguru\n|-supereffective|p1a: Oranguru\n|-damage|p1a: Oranguru|52/100\n|-enditem|p1a: Oranguru|Leftovers|[from] move: Knock Off|[of] p2a: Zangoose\n|move|p1a: Oranguru|Focus Blast|p2a: Zangoose|[miss]\n|-miss|p1a: Oranguru|p2a: Zangoose\n|\n|-status|p2a: Zangoose|tox|[from] item: Toxic Orb\n|upkeep\n|turn|2\n|inactive|Time left: 300 sec this turn | 300 sec total\n|\n|t:|1783543749\n|switch|p1a: Flutter Mane|Flutter Mane, L74|100/100\n|move|p2a: Zangoose|Facade|p1a: Flutter Mane\n|-immune|p1a: Flutter Mane\n|\n|-damage|p2a: Zangoose|247/263 tox|[from] psn\n|upkeep\n|turn|3\n|inactive|Time left: 300 sec this turn | 300 sec total\n|\n|t:|1783543750\n|move|p1a: Flutter Mane|Moonblast|p2a: Zangoose\n|-damage|p2a: Zangoose|64/263 tox\n|move|p2a: Zangoose|Knock Off|p1a: Flutter Mane\n|-damage|p1a: Flutter Mane|3/100\n|-enditem|p1a: Flutter Mane|Choice Specs|[from] move: Knock Off|[of] p2a: Zangoose\n|\n|-damage|p2a: Zangoose|32/263 tox|[from] psn\n|upkeep\n|turn|4\n|inactive|Time left: 300 sec this turn | 300 sec total\n|\n|t:|1783543752\n|switch|p2a: Diancie|Diancie, L82|216/216\n|move|p1a: Flutter Mane|Mystical Fire|p2a: Diancie\n|-resisted|p2a: Diancie\n|-damage|p2a: Diancie|198/216\n|\n|-heal|p2a: Diancie|211/216|[from] item: Leftovers\n|upkeep\n|turn|5\n|inactive|Time left: 300 sec this turn | 300 sec total\n|\n|t:|1783543753\n|move|p1a: Flutter Mane|Shadow Ball|p2a: Diancie\n|-damage|p2a: Diancie|151/216\n|move|p2a: Diancie|Calm Mind|p2a: Diancie\n|-boost|p2a: Diancie|spa|1\n|-boost|p2a: Diancie|spd|1\n|\n|-heal|p2a: Diancie|164/216|[from] item: Leftovers\n|upkeep\n|turn|6\n|inactive|Time left: 300 sec this turn | 300 sec total\n|\n|t:|1783543754\n|move|p1a: Flutter Mane|Moonblast|p2a: Diancie\n|-damage|p2a: Diancie|115/216\n|move|p2a: Diancie|Diamond Storm|p1a: Flutter Mane\n|-damage|p1a: Flutter Mane|0 fnt\n|faint|p1a: Flutter Mane\n|-end|p1a: Flutter Mane|Protosynthesis|[silent]\n|\n|-heal|p2a: Diancie|128/216|[from] item: Leftovers\n|upkeep\n|\n|t:|1783543755\n|switch|p1a: Lycanroc|Lycanroc, L86, M|100/100\n|turn|7\n|inactive|Time left: 300 sec this turn | 300 sec total\n|\n|t:|1783543756\n|move|p1a: Lycanroc|Swords Dance|p1a: Lycanroc\n|-boost|p1a: Lycanroc|atk|2\n|move|p2a: Diancie|Earth Power|p1a: Lycanroc\n|-supereffective|p1a: Lycanroc\n|-damage|p1a: Lycanroc|16/100\n|\n|-heal|p2a: Diancie|141/216|[from] item: Leftovers\n|upkeep\n|turn|8\n|inactive|Time left: 300 sec this turn | 300 sec total\n|\n|t:|1783543758\n|switch|p2a: Golurk|Golurk, L87|297/297\n|move|p1a: Lycanroc|Stone Edge|p2a: Golurk\n|-resisted|p2a: Golurk\n|-damage|p2a: Golurk|124/297\n|-damage|p1a: Lycanroc|6/100|[from] item: Life Orb\n|\n|upkeep\n|turn|9\n|inactive|Time left: 300 sec this turn | 300 sec total\n|\n|t:|1783543759\n|move|p1a: Lycanroc|Stone Edge|p2a: Golurk\n|-resisted|p2a: Golurk\n|-damage|p2a: Golurk|0 fnt\n|faint|p2a: Golurk\n|-damage|p1a: Lycanroc|0 fnt|[from] item: Life Orb\n|faint|p1a: Lycanroc\n|\n|upkeep\n|inactive|Time left: 300 sec this turn | 300 sec total | 5 sec grace\n|\n|t:|1783543760\n|switch|p1a: Oranguru|Oranguru, L92, M|52/100\n|switch|p2a: Diancie|Diancie, L82|141/216\n|turn|10\n|inactive|Time left: 300 sec this turn | 300 sec total\n|\n|t:|1783543761\n|move|p1a: Oranguru|Nasty Plot|p1a: Oranguru\n|-boost|p1a: Oranguru|spa|2\n|move|p2a: Diancie|Diamond Storm|p1a: Oranguru|[miss]\n|-miss|p2a: Diancie|p1a: Oranguru\n|\n|-heal|p2a: Diancie|154/216|[from] item: Leftovers\n|upkeep\n|turn|11\n|inactive|Time left: 300 sec this turn | 300 sec total\n|\n|t:|1783543763\n|move|p1a: Oranguru|Psyshock|p2a: Diancie\n|-damage|p2a: Diancie|18/216\n|move|p2a: Diancie|Diamond Storm|p1a: Oranguru\n|-damage|p1a: Oranguru|19/100\n|\n|-heal|p2a: Diancie|31/216|[from] item: Leftovers\n|upkeep\n|turn|12\n|inactive|Time left: 300 sec this turn | 300 sec total\n|\n|t:|1783543764\n|move|p1a: Oranguru|Psyshock|p2a: Diancie\n|-damage|p2a: Diancie|0 fnt\n|faint|p2a: Diancie\n|\n|upkeep\n|inactive|Time left: 300 sec this turn | 300 sec total | 5 sec grace\n|\n|t:|1783543765\n|switch|p2a: Zangoose|Zangoose, L85, M|32/263 tox\n|turn|13\n|inactive|Time left: 300 sec this turn | 300 sec total\n|\n|t:|1783543766\n|move|p2a: Zangoose|Facade|p1a: Oranguru\n|-damage|p1a: Oranguru|0 fnt\n|faint|p1a: Oranguru\n|\n|-damage|p2a: Zangoose|16/263 tox|[from] psn\n|upkeep\n|\n|t:|1783543767\n|switch|p1a: Skuntank|Skuntank, L84, M|100/100\n|turn|14\n|inactive|Time left: 300 sec this turn | 300 sec total\n|\n|t:|1783543768\n|move|p1a: Skuntank|Sucker Punch|p2a: Zangoose\n|-crit|p2a: Zangoose\n|-damage|p2a: Zangoose|0 fnt\n|faint|p2a: Zangoose\n|\n|upkeep\n|inactive|Time left: 300 sec this turn | 300 sec total | 5 sec grace\n|\n|t:|1783543768\n|switch|p2a: Garganacl|Garganacl, L80, F|291/291\n|turn|15\n|inactive|Time left: 300 sec this turn | 300 sec total\n|\n|t:|1783543769\n|switch|p1a: Clefable|Clefable, L83, M|100/100\n|move|p2a: Garganacl|Salt Cure|p1a: Clefable\n|-damage|p1a: Clefable|86/100\n|-start|p1a: Clefable|Salt Cure\n|\n|upkeep\n|turn|16\n|inactive|Time left: 300 sec this turn | 300 sec total\n|\n|t:|1783543771\n|switch|p2a: Noctowl|Noctowl, L95, F|344/344\n|move|p1a: Clefable|Moonblast|p2a: Noctowl\n|-damage|p2a: Noctowl|241/344\n|\n|upkeep\n|turn|17\n|inactive|Time left: 300 sec this turn | 300 sec total\n|\n|t:|1783543772\n|move|p2a: Noctowl|Calm Mind|p2a: Noctowl\n|-boost|p2a: Noctowl|spa|1\n|-boost|p2a: Noctowl|spd|1\n|move|p1a: Clefable|Moonblast|p2a: Noctowl\n|-damage|p2a: Noctowl|175/344\n|\n|upkeep\n|turn|18\n|inactive|Time left: 300 sec this turn | 300 sec total\n|\n|t:|1783543773\n|switch|p1a: Skuntank|Skuntank, L84, M|100/100\n|move|p2a: Noctowl|Hyper Voice|p1a: Skuntank\n|-damage|p1a: Skuntank|58/100\n|\n|upkeep\n|turn|19\n|inactive|Time left: 300 sec this turn | 300 sec total\n|\n|t:|1783543774\n|-terastallize|p1a: Skuntank|Poison\n|move|p1a: Skuntank|Gunk Shot|p2a: Noctowl\n|-crit|p2a: Noctowl\n|-damage|p2a: Noctowl|0 fnt\n|faint|p2a: Noctowl\n|\n|upkeep\n|inactive|Time left: 300 sec this turn | 300 sec total | 5 sec grace\n|\n|t:|1783543775\n|switch|p2a: Garganacl|Garganacl, L80, F|291/291\n|turn|20\n|inactive|Time left: 300 sec this turn | 300 sec total\n|\n|t:|1783543776\n|switch|p1a: Clefable|Clefable, L83, M|86/100\n|move|p2a: Garganacl|Salt Cure|p1a: Clefable\n|-damage|p1a: Clefable|69/100\n|-start|p1a: Clefable|Salt Cure\n|\n|upkeep\n|turn|21\n|inactive|Time left: 300 sec this turn | 300 sec total\n|\n|t:|1783543777\n|move|p1a: Clefable|Moonblast|p2a: Garganacl\n|-damage|p2a: Garganacl|157/291\n|-unboost|p2a: Garganacl|spa|1\n|move|p2a: Garganacl|Salt Cure|p1a: Clefable\n|-damage|p1a: Clefable|51/100\n|\n|-heal|p2a: Garganacl|175/291|[from] item: Leftovers\n|upkeep\n|turn|22\n|inactive|Time left: 300 sec this turn | 300 sec total\n|\n|t:|1783543777\n|move|p1a: Clefable|Moonlight|p1a: Clefable\n|-heal|p1a: Clefable|100/100\n|move|p2a: Garganacl|Salt Cure|p1a: Clefable\n|-damage|p1a: Clefable|84/100\n|\n|-heal|p2a: Garganacl|193/291|[from] item: Leftovers\n|upkeep\n|turn|23\n|inactive|Time left: 300 sec this turn | 300 sec total\n|\n|t:|1783543778\n|move|p1a: Clefable|Moonblast|p2a: Garganacl\n|-damage|p2a: Garganacl|57/291\n|move|p2a: Garganacl|Recover|p2a: Garganacl\n|-heal|p2a: Garganacl|203/291\n|\n|-heal|p2a: Garganacl|221/291|[from] item: Leftovers\n|upkeep\n|turn|24\n|inactive|Time left: 300 sec this turn | 300 sec total\n|\n|t:|1783543779\n|move|p1a: Clefable|Moonblast|p2a: Garganacl\n|-damage|p2a: Garganacl|100/291\n|-unboost|p2a: Garganacl|spa|1\n|move|p2a: Garganacl|Recover|p2a: Garganacl\n|-heal|p2a: Garganacl|246/291\n|\n|-heal|p2a: Garganacl|264/291|[from] item: Leftovers\n|upkeep\n|turn|25\n|inactive|Time left: 300 sec this turn | 300 sec total\n|\n|t:|1783543780\n|switch|p2a: Scyther|Scyther, L82, M|249/249\n|move|p1a: Clefable|Moonblast|p2a: Scyther\n|-damage|p2a: Scyther|113/249\n|-unboost|p2a: Scyther|spa|1\n|\n|upkeep\n|turn|26\n|inactive|Time left: 300 sec this turn | 300 sec total\n|\n|t:|1783543781\n|move|p2a: Scyther|U-turn|p1a: Clefable\n|-resisted|p1a: Clefable\n|-damage|p1a: Clefable|69/100\n|inactive|Time left: 300 sec this turn | 300 sec total | 5 sec grace\n|\n|t:|1783543782\n|switch|p2a: Garganacl|Garganacl, L80, F|264/291|[from] U-turn\n|move|p1a: Clefable|Moonblast|p2a: Garganacl\n|-damage|p2a: Garganacl|143/291\n|-unboost|p2a: Garganacl|spa|1\n|\n|-heal|p2a: Garganacl|161/291|[from] item: Leftovers\n|upkeep\n|turn|27\n|inactive|Time left: 300 sec this turn | 300 sec total\n|\n|t:|1783543783\n|move|p1a: Clefable|Moonblast|p2a: Garganacl\n|-damage|p2a: Garganacl|32/291\n|move|p2a: Garganacl|Recover|p2a: Garganacl\n|-heal|p2a: Garganacl|178/291\n|\n|-heal|p2a: Garganacl|196/291|[from] item: Leftovers\n|upkeep\n|turn|28\n|inactive|Time left: 300 sec this turn | 300 sec total\n|\n|t:|1783543785\n|move|p1a: Clefable|Moonblast|p2a: Garganacl\n|-damage|p2a: Garganacl|60/291\n|-unboost|p2a: Garganacl|spa|1\n|move|p2a: Garganacl|Recover|p2a: Garganacl\n|-heal|p2a: Garganacl|206/291\n|\n|-heal|p2a: Garganacl|224/291|[from] item: Leftovers\n|upkeep\n|turn|29\n|inactive|Time left: 300 sec this turn | 300 sec total\n|\n|t:|1783543786\n|move|p1a: Clefable|Moonblast|p2a: Garganacl\n|-damage|p2a: Garganacl|91/291\n|-unboost|p2a: Garganacl|spa|1\n|move|p2a: Garganacl|Recover|p2a: Garganacl\n|-heal|p2a: Garganacl|237/291\n|\n|-heal|p2a: Garganacl|255/291|[from] item: Leftovers\n|upkeep\n|turn|30\n|inactive|Time left: 300 sec this turn | 300 sec total\n|\n|t:|1783543787\n|switch|p2a: Scyther|Scyther, L82, M|113/249\n|move|p1a: Clefable|Moonblast|p2a: Scyther\n|-damage|p2a: Scyther|0 fnt\n|faint|p2a: Scyther\n|\n|upkeep\n|inactive|Time left: 300 sec this turn | 300 sec total | 5 sec grace\n|\n|t:|1783543788\n|switch|p2a: Garganacl|Garganacl, L80, F|255/291\n|turn|31\n|inactive|Time left: 300 sec this turn | 300 sec total\n|\n|t:|1783543789\n|move|p2a: Garganacl|Protect|p2a: Garganacl\n|-singleturn|p2a: Garganacl|Protect\n|move|p1a: Clefable|Moonblast|p2a: Garganacl\n|-activate|p2a: Garganacl|move: Protect\n|\n|-heal|p2a: Garganacl|273/291|[from] item: Leftovers\n|upkeep\n|turn|32\n|inactive|Time left: 300 sec this turn | 300 sec total\n|\n|t:|1783543790\n|move|p1a: Clefable|Moonblast|p2a: Garganacl\n|-damage|p2a: Garganacl|137/291\n|-unboost|p2a: Garganacl|spa|1\n|move|p2a: Garganacl|Salt Cure|p1a: Clefable\n|-damage|p1a: Clefable|52/100\n|\n|-heal|p2a: Garganacl|155/291|[from] item: Leftovers\n|upkeep\n|turn|33\n|inactive|Time left: 300 sec this turn | 300 sec total\n|\n|t:|1783543792\n|move|p1a: Clefable|Moonblast|p2a: Garganacl\n|-damage|p2a: Garganacl|26/291\n|move|p2a: Garganacl|Recover|p2a: Garganacl\n|-heal|p2a: Garganacl|172/291\n|\n|-heal|p2a: Garganacl|190/291|[from] item: Leftovers\n|upkeep\n|turn|34\n|inactive|Time left: 300 sec this turn | 300 sec total\n|\n|t:|1783543793\n|move|p1a: Clefable|Moonlight|p1a: Clefable\n|-heal|p1a: Clefable|100/100\n|move|p2a: Garganacl|Recover|p2a: Garganacl\n|-heal|p2a: Garganacl|291/291\n|\n|upkeep\n|turn|35\n|inactive|Time left: 300 sec this turn | 300 sec total\n|\n|t:|1783543794\n|move|p1a: Clefable|Moonblast|p2a: Garganacl\n|-damage|p2a: Garganacl|161/291\n|move|p2a: Garganacl|Salt Cure|p1a: Clefable\n|-damage|p1a: Clefable|84/100\n|\n|-heal|p2a: Garganacl|179/291|[from] item: Leftovers\n|upkeep\n|turn|36\n|inactive|Time left: 300 sec this turn | 300 sec total\n|\n|t:|1783543796\n|move|p1a: Clefable|Moonblast|p2a: Garganacl\n|-damage|p2a: Garganacl|39/291\n|move|p2a: Garganacl|Recover|p2a: Garganacl\n|-heal|p2a: Garganacl|185/291\n|\n|-heal|p2a: Garganacl|203/291|[from] item: Leftovers\n|upkeep\n|turn|37\n|inactive|Time left: 300 sec this turn | 300 sec total\n|\n|t:|1783543797\n|move|p2a: Garganacl|Protect|p2a: Garganacl\n|-singleturn|p2a: Garganacl|Protect\n|move|p1a: Clefable|Moonblast|p2a: Garganacl\n|-activate|p2a: Garganacl|move: Protect\n|\n|-heal|p2a: Garganacl|221/291|[from] item: Leftovers\n|upkeep\n|turn|38\n|inactive|Time left: 300 sec this turn | 300 sec total\n|\n|t:|1783543798\n|move|p2a: Garganacl|Protect||[still]\n|-fail|p2a: Garganacl\n|move|p1a: Clefable|Moonblast|p2a: Garganacl\n|-damage|p2a: Garganacl|87/291\n|-unboost|p2a: Garganacl|spa|1\n|\n|-heal|p2a: Garganacl|105/291|[from] item: Leftovers\n|upkeep\n|turn|39\n|inactive|Time left: 300 sec this turn | 300 sec total\n|\n|t:|1783543799\n|move|p2a: Garganacl|Protect|p2a: Garganacl\n|-singleturn|p2a: Garganacl|Protect\n|move|p1a: Clefable|Moonblast|p2a: Garganacl\n|-activate|p2a: Garganacl|move: Protect\n|\n|-heal|p2a: Garganacl|123/291|[from] item: Leftovers\n|upkeep\n|turn|40\n|inactive|Time left: 300 sec this turn | 300 sec total\n|\n|t:|1783543800\n|move|p2a: Garganacl|Protect||[still]\n|-fail|p2a: Garganacl\n|move|p1a: Clefable|Moonblast|p2a: Garganacl\n|-crit|p2a: Garganacl\n|-damage|p2a: Garganacl|0 fnt\n|faint|p2a: Garganacl\n|\n|win|p0x35317a2", "uploadtime": 1783543800, "views": 0, "rating": 0, "private": 0, "password": null, "_winner": "p0x35317a2", "_our_name": "p0y353b39d"}