{"id": "battle-gen9randombattle-2745", "formatid": "gen9randombattle", "format": "[Gen 9] Random Battle", "players": ["p0x27452634", "p0y27457d2d"], "log": "|init|battle\n|title|p0x27452634 vs. p0y27457d2d\n|j|\u2606p0x27452634\n|j|\u2606p0y27457d2d\n|t:|1783570643\n|gametype|singles\n|player|p1|p0x27452634|265|\n|player|p2|p0y27457d2d|2|\n|gen|9\n|tier|[Gen 9] Random Battle\n|rule|Species Clause: Limit one of each Pok\u00e9mon\n|rule|HP Percentage Mod: HP is shown in percentages\n|rule|Sleep Clause Mod: Limit one foe put to sleep\n|rule|Illusion Level Mod: Illusion disguises the Pok\u00e9mon's true level\n|\n|t:|1783570643\n|teamsize|p1|6\n|teamsize|p2|6\n|start\n|switch|p1a: Greedent|Greedent, L86, M|100/100\n|switch|p2a: Slowbro|Slowbro, L85, M|300/300\n|turn|1\n|inactive|Battle timer is ON: inactive players will automatically lose when time's up. (requested by p0y27457d2d)\n|inactive|p0x27452634 also wants the timer to be on.\n|\n|t:|1783570644\n|move|p2a: Slowbro|Scald|p1a: Greedent\n|-damage|p1a: Greedent|71/100\n|move|p1a: Greedent|Swords Dance|p1a: Greedent\n|-boost|p1a: Greedent|atk|2\n|\n|upkeep\n|turn|2\n|inactive|Time left: 300 sec this turn | 300 sec total\n|\n|t:|1783570646\n|move|p2a: Slowbro|Scald|p1a: Greedent\n|-damage|p1a: Greedent|43/100\n|-status|p1a: Greedent|brn\n|-enditem|p1a: Greedent|Sitrus Berry|[eat]\n|-heal|p1a: Greedent|68/100 brn|[from] item: Sitrus Berry\n|-heal|p1a: Greedent|100/100 brn|[from] ability: Cheek Pouch\n|move|p1a: Greedent|Knock Off|p2a: Slowbro\n|-supereffective|p2a: Slowbro\n|-damage|p2a: Slowbro|187/300\n|-damage|p1a: Greedent|84/100 brn|[from] item: Rocky Helmet|[of] p2a: Slowbro\n|-enditem|p2a: Slowbro|Rocky Helmet|[from] move: Knock Off|[of] p1a: Greedent\n|\n|-damage|p1a: Greedent|78/100 brn|[from] brn\n|upkeep\n|turn|3\n|inactive|Time left: 300 sec this turn | 300 sec total\n|\n|t:|1783570647\n|switch|p2a: Incineroar|Incineroar, L82, M|290/290\n|-ability|p2a: Incineroar|Intimidate|boost\n|-unboost|p1a: Greedent|atk|1\n|move|p1a: Greedent|Swords Dance|p1a: Greedent\n|-boost|p1a: Greedent|atk|2\n|\n|-damage|p1a: Greedent|72/100 brn|[from] brn\n|upkeep\n|turn|4\n|inactive|Time left: 300 sec this turn | 300 sec total\n|\n|t:|1783570648\n|move|p2a: Incineroar|Swords Dance|p2a: Incineroar\n|-boost|p2a: Incineroar|atk|2\n|move|p1a: Greedent|Knock Off|p2a: Incineroar\n|-resisted|p2a: Incineroar\n|-damage|p2a: Incineroar|243/290\n|-enditem|p2a: Incineroar|Heavy-Duty Boots|[from] move: Knock Off|[of] p1a: Greedent\n|\n|-damage|p1a: Greedent|66/100 brn|[from] brn\n|upkeep\n|turn|5\n|inactive|Time left: 300 sec this turn | 300 sec total\n|\n|t:|1783570649\n|move|p2a: Incineroar|Flare Blitz|p1a: Greedent\n|-damage|p1a: Greedent|0 fnt\n|faint|p1a: Greedent\n|-damage|p2a: Incineroar|168/290|[from] Recoil\n|\n|upkeep\n|\n|t:|1783570650\n|switch|p1a: Klawf|Klawf, L90, F|100/100\n|turn|6\n|inactive|Time left: 300 sec this turn | 300 sec total\n|\n|t:|1783570651\n|-terastallize|p2a: Incineroar|Grass\n|move|p1a: Klawf|Stone Edge|p2a: Incineroar\n|-damage|p2a: Incineroar|0 fnt\n|faint|p2a: Incineroar\n|-damage|p1a: Klawf|91/100|[from] item: Life Orb\n|\n|upkeep\n|inactive|Time left: 300 sec this turn | 300 sec total | 5 sec grace\n|\n|t:|1783570651\n|switch|p2a: Serperior|Serperior, L79, F|248/248\n|turn|7\n|inactive|Time left: 300 sec this turn | 300 sec total\n|\n|t:|1783570652\n|switch|p1a: Kricketune|Kricketune, L99, F|100/100\n|move|p2a: Serperior|Leaf Storm|p1a: Kricketune\n|-resisted|p1a: Kricketune\n|-damage|p1a: Kricketune|81/100\n|-boost|p2a: Serperior|spa|2\n|\n|upkeep\n|turn|8\n|inactive|Time left: 300 sec this turn | 300 sec total\n|\n|t:|1783570653\n|move|p2a: Serperior|Leaf Storm|p1a: Kricketune|[miss]\n|-miss|p2a: Serperior|p1a: Kricketune\n|move|p1a: Kricketune|Sticky Web|p2a: Serperior\n|-sidestart|p2: p0y27457d2d|move: Sticky Web\n|\n|upkeep\n|turn|9\n|inactive|Time left: 300 sec this turn | 300 sec total\n|\n|t:|1783570654\n|move|p2a: Serperior|Leaf Storm|p1a: Kricketune\n|-resisted|p1a: Kricketune\n|-damage|p1a: Kricketune|40/100\n|-boost|p2a: Serperior|spa|2\n|move|p1a: Kricketune|Pounce|p2a: Serperior\n|-supereffective|p2a: Serperior\n|-damage|p2a: Serperior|50/248\n|-boost|p2a: Serperior|spe|1\n|\n|-heal|p2a: Serperior|65/248|[from] item: Leftovers\n|upkeep\n|turn|10\n|inactive|Time left: 300 sec this turn | 300 sec total\n|\n|t:|1783570655\n|switch|p1a: Charizard|Charizard, L85, M|100/100\n|move|p2a: Serperior|Leaf Storm|p1a: Charizard\n|-resisted|p1a: Charizard\n|-damage|p1a: Charizard|74/100\n|-boost|p2a: Serperior|spa|2\n|\n|-heal|p2a: Serperior|80/248|[from] item: Leftovers\n|upkeep\n|turn|11\n|inactive|Time left: 300 sec this turn | 300 sec total\n|\n|t:|1783570655\n|move|p2a: Serperior|Dragon Pulse|p1a: Charizard\n|-damage|p1a: Charizard|13/100\n|move|p1a: Charizard|Flare Blitz|p2a: Serperior\n|-supereffective|p2a: Serperior\n|-damage|p2a: Serperior|0 fnt\n|faint|p2a: Serperior\n|-damage|p1a: Charizard|4/100|[from] Recoil\n|\n|upkeep\n|inactive|Time left: 300 sec this turn | 300 sec total | 5 sec grace\n|\n|t:|1783570656\n|switch|p2a: Dragapult|Dragapult, L77, F|262/262\n|turn|12\n|inactive|Time left: 300 sec this turn | 300 sec total\n|\n|t:|1783570657\n|switch|p1a: Klawf|Klawf, L90, F|100/100\n|move|p2a: Dragapult|Dragon Darts|p1a: Klawf\n|-damage|p1a: Klawf|86/100\n|-anim|p2a: Dragapult|Dragon Darts|p1a: Klawf\n|-damage|p1a: Klawf|71/100\n|\n|upkeep\n|turn|13\n|inactive|Time left: 300 sec this turn | 300 sec total\n|\n|t:|1783570658\n|move|p2a: Dragapult|Will-O-Wisp|p1a: Klawf\n|-status|p1a: Klawf|brn\n|move|p1a: Klawf|Knock Off|p2a: Dragapult\n|-supereffective|p2a: Dragapult\n|-damage|p2a: Dragapult|139/262\n|-enditem|p2a: Dragapult|Heavy-Duty Boots|[from] move: Knock Off|[of] p1a: Klawf\n|-damage|p1a: Klawf|62/100 brn|[from] item: Life Orb\n|\n|-damage|p1a: Klawf|55/100 brn|[from] brn\n|upkeep\n|turn|14\n|inactive|Time left: 300 sec this turn | 300 sec total\n|\n|t:|1783570659\n|move|p2a: Dragapult|Hex|p1a: Klawf\n|-damage|p1a: Klawf|0 fnt\n|faint|p1a: Klawf\n|\n|upkeep\n|\n|t:|1783570660\n|switch|p1a: Minun|Minun, L95, F|100/100\n|turn|15\n|inactive|Time left: 300 sec this turn | 300 sec total\n|\n|t:|1783570661\n|move|p2a: Dragapult|Dragon Darts|p1a: Minun\n|-damage|p1a: Minun|77/100\n|-anim|p2a: Dragapult|Dragon Darts|p1a: Minun\n|-damage|p1a: Minun|49/100\n|move|p1a: Minun|Nasty Plot|p1a: Minun\n|-boost|p1a: Minun|spa|2\n|\n|upkeep\n|turn|16\n|inactive|Time left: 300 sec this turn | 300 sec total\n|\n|t:|1783570662\n|-terastallize|p1a: Minun|Fairy\n|move|p2a: Dragapult|Dragon Darts|p1a: Minun\n|-immune|p1a: Minun\n|move|p1a: Minun|Alluring Voice|p2a: Dragapult\n|-supereffective|p2a: Dragapult\n|-damage|p2a: Dragapult|0 fnt\n|faint|p2a: Dragapult\n|-damage|p1a: Minun|40/100|[from] item: Life Orb\n|\n|upkeep\n|inactive|Time left: 300 sec this turn | 300 sec total | 5 sec grace\n|\n|t:|1783570663\n|switch|p2a: Wugtrio|Wugtrio, L91, M|212/212\n|-activate|p2a: Wugtrio|move: Sticky Web\n|-unboost|p2a: Wugtrio|spe|1\n|turn|17\n|inactive|Time left: 300 sec this turn | 300 sec total\n|\n|t:|1783570664\n|move|p2a: Wugtrio|Aqua Jet|p1a: Minun\n|-damage|p1a: Minun|5/100\n|move|p1a: Minun|Thunderbolt|p2a: Wugtrio\n|-supereffective|p2a: Wugtrio\n|-damage|p2a: Wugtrio|0 fnt\n|faint|p2a: Wugtrio\n|-damage|p1a: Minun|0 fnt|[from] item: Life Orb\n|faint|p1a: Minun\n|\n|upkeep\n|inactive|Time left: 300 sec this turn | 300 sec total | 5 sec grace\n|\n|t:|1783570665\n|switch|p2a: Ariados|Ariados, L95, F|287/287\n|switch|p1a: Kricketune|Kricketune, L99, F|40/100\n|turn|18\n|inactive|Time left: 300 sec this turn | 300 sec total\n|\n|t:|1783570665\n|move|p1a: Kricketune|Knock Off|p2a: Ariados\n|-damage|p2a: Ariados|190/287\n|-enditem|p2a: Ariados|Heavy-Duty Boots|[from] move: Knock Off|[of] p1a: Kricketune\n|move|p2a: Ariados|Poison Jab|p1a: Kricketune\n|-damage|p1a: Kricketune|0 fnt\n|faint|p1a: Kricketune\n|\n|upkeep\n|\n|t:|1783570666\n|switch|p1a: Espeon|Espeon, L84, F|100/100\n|turn|19\n|inactive|Time left: 300 sec this turn | 300 sec total\n|\n|t:|1783570667\n|move|p2a: Ariados|Sucker Punch|p1a: Espeon\n|-supereffective|p1a: Espeon\n|-damage|p1a: Espeon|35/100\n|move|p1a: Espeon|Psyshock|p2a: Ariados\n|-supereffective|p2a: Ariados\n|-damage|p2a: Ariados|0 fnt\n|faint|p2a: Ariados\n|-damage|p1a: Espeon|26/100|[from] item: Life Orb\n|\n|upkeep\n|inactive|Time left: 300 sec this turn | 300 sec total | 5 sec grace\n|\n|t:|1783570668\n|switch|p2a: Slowbro|Slowbro, L85, M|287/300\n|-activate|p2a: Slowbro|move: Sticky Web\n|-unboost|p2a: Slowbro|spe|1\n|turn|20\n|inactive|Time left: 300 sec this turn | 300 sec total\n|\n|t:|1783570669\n|move|p1a: Espeon|Morning Sun|p1a: Espeon\n|-heal|p1a: Espeon|76/100\n|move|p2a: Slowbro|Scald|p1a: Espeon\n|-damage|p1a: Espeon|39/100\n|\n|upkeep\n|turn|21\n|inactive|Time left: 300 sec this turn | 300 sec total\n|\n|t:|1783570670\n|move|p1a: Espeon|Morning Sun|p1a: Espeon\n|-heal|p1a: Espeon|89/100\n|move|p2a: Slowbro|Calm Mind|p2a: Slowbro\n|-boost|p2a: Slowbro|spa|1\n|-boost|p2a: Slowbro|spd|1\n|\n|upkeep\n|turn|22\n|inactive|Time left: 300 sec this turn | 300 sec total\n|\n|t:|1783570671\n|move|p1a: Espeon|Calm Mind|p1a: Espeon\n|-boost|p1a: Espeon|spa|1\n|-boost|p1a: Espeon|spd|1\n|move|p2a: Slowbro|Calm Mind|p2a: Slowbro\n|-boost|p2a: Slowbro|spa|1\n|-boost|p2a: Slowbro|spd|1\n|\n|upkeep\n|turn|23\n|inactive|Time left: 300 sec this turn | 300 sec total\n|\n|t:|1783570672\n|move|p1a: Espeon|Calm Mind|p1a: Espeon\n|-boost|p1a: Espeon|spa|1\n|-boost|p1a: Espeon|spd|1\n|move|p2a: Slowbro|Psyshock|p1a: Espeon\n|-resisted|p1a: Espeon\n|-damage|p1a: Espeon|42/100\n|\n|upkeep\n|turn|24\n|inactive|Time left: 300 sec this turn | 300 sec total\n|\n|t:|1783570673\n|move|p1a: Espeon|Morning Sun|p1a: Espeon\n|-heal|p1a: Espeon|92/100\n|move|p2a: Slowbro|Psyshock|p1a: Espeon\n|-resisted|p1a: Espeon\n|-damage|p1a: Espeon|42/100\n|\n|upkeep\n|turn|25\n|inactive|Time left: 300 sec this turn | 300 sec total\n|\n|t:|1783570674\n|move|p1a: Espeon|Morning Sun|p1a: Espeon\n|-heal|p1a: Espeon|92/100\n|move|p2a: Slowbro|Psyshock|p1a: Espeon\n|-resisted|p1a: Espeon\n|-damage|p1a: Espeon|46/100\n|\n|upkeep\n|turn|26\n|inactive|Time left: 300 sec this turn | 300 sec total\n|\n|t:|1783570675\n|move|p1a: Espeon|Morning Sun|p1a: Espeon\n|-heal|p1a: Espeon|96/100\n|move|p2a: Slowbro|Psyshock|p1a: Espeon\n|-resisted|p1a: Espeon\n|-damage|p1a: Espeon|45/100\n|\n|upkeep\n|turn|27\n|inactive|Time left: 300 sec this turn | 300 sec total\n|\n|t:|1783570676\n|move|p1a: Espeon|Morning Sun|p1a: Espeon\n|-heal|p1a: Espeon|95/100\n|move|p2a: Slowbro|Psyshock|p1a: Espeon\n|-resisted|p1a: Espeon\n|-damage|p1a: Espeon|45/100\n|\n|upkeep\n|turn|28\n|inactive|Time left: 300 sec this turn | 300 sec total\n|\n|t:|1783570677\n|move|p1a: Espeon|Morning Sun|p1a: Espeon\n|-heal|p1a: Espeon|95/100\n|move|p2a: Slowbro|Psyshock|p1a: Espeon\n|-resisted|p1a: Espeon\n|-damage|p1a: Espeon|45/100\n|\n|upkeep\n|turn|29\n|inactive|Time left: 300 sec this turn | 300 sec total\n|\n|t:|1783570678\n|move|p1a: Espeon|Morning Sun|p1a: Espeon\n|-heal|p1a: Espeon|95/100\n|move|p2a: Slowbro|Psyshock|p1a: Espeon\n|-resisted|p1a: Espeon\n|-damage|p1a: Espeon|45/100\n|\n|upkeep\n|turn|30\n|inactive|Time left: 300 sec this turn | 300 sec total\n|\n|t:|1783570679\n|move|p1a: Espeon|Alluring Voice|p2a: Slowbro\n|-damage|p2a: Slowbro|183/300\n|-damage|p1a: Espeon|35/100|[from] item: Life Orb\n|move|p2a: Slowbro|Psyshock|p1a: Espeon\n|-resisted|p1a: Espeon\n|-damage|p1a: Espeon|0 fnt\n|faint|p1a: Espeon\n|\n|upkeep\n|\n|t:|1783570680\n|switch|p1a: Charizard|Charizard, L85, M|4/100\n|turn|31\n|inactive|Time left: 300 sec this turn | 300 sec total\n|\n|t:|1783570681\n|move|p1a: Charizard|Outrage|p2a: Slowbro\n|-damage|p2a: Slowbro|111/300\n|move|p2a: Slowbro|Scald|p1a: Charizard\n|-supereffective|p1a: Charizard\n|-damage|p1a: Charizard|0 fnt\n|faint|p1a: Charizard\n|\n|win|p0y27457d2d", "uploadtime": 1783570681, "views": 0, "rating": 0, "private": 0, "password": null, "_winner": "p0y27457d2d", "_our_name": "p0y27457d2d"}