{"id": "battle-gen9randombattle-2766", "formatid": "gen9randombattle", "format": "[Gen 9] Random Battle", "players": ["p0x27663045", "p0y27668c5e"], "log": "|init|battle\n|title|p0x27663045 vs. p0y27668c5e\n|j|\u2606p0x27663045\n|j|\u2606p0y27668c5e\n|t:|1783570869\n|gametype|singles\n|player|p1|p0x27663045|2|\n|player|p2|p0y27668c5e|266|\n|gen|9\n|tier|[Gen 9] Random Battle\n|rule|Species Clause: Limit one of each Pok\u00e9mon\n|rule|HP Percentage Mod: HP is shown in percentages\n|rule|Sleep Clause Mod: Limit one foe put to sleep\n|rule|Illusion Level Mod: Illusion disguises the Pok\u00e9mon's true level\n|\n|t:|1783570869\n|teamsize|p1|6\n|teamsize|p2|6\n|start\n|switch|p1a: Sandy Shocks|Sandy Shocks, L80|267/267\n|switch|p2a: Vikavolt|Vikavolt, L83, M|100/100\n|turn|1\n|inactive|Battle timer is ON: inactive players will automatically lose when time's up. (requested by p0x27663045)\n|inactive|p0y27668c5e also wants the timer to be on.\n|\n|t:|1783570870\n|move|p1a: Sandy Shocks|Stealth Rock|p2a: Vikavolt\n|-sidestart|p2: p0y27668c5e|move: Stealth Rock\n|move|p2a: Vikavolt|Sticky Web|p1a: Sandy Shocks\n|-sidestart|p1: p0x27663045|move: Sticky Web\n|\n|upkeep\n|turn|2\n|inactive|Time left: 300 sec this turn | 300 sec total\n|\n|t:|1783570871\n|move|p1a: Sandy Shocks|Spikes|p2a: Vikavolt\n|-sidestart|p2: p0y27668c5e|Spikes\n|move|p2a: Vikavolt|Bug Buzz|p1a: Sandy Shocks\n|-damage|p1a: Sandy Shocks|140/267\n|\n|-heal|p1a: Sandy Shocks|156/267|[from] item: Leftovers\n|upkeep\n|turn|3\n|inactive|Time left: 300 sec this turn | 300 sec total\n|\n|t:|1783570873\n|move|p1a: Sandy Shocks|Thunderbolt|p2a: Vikavolt\n|-resisted|p2a: Vikavolt\n|-damage|p2a: Vikavolt|78/100\n|move|p2a: Vikavolt|Bug Buzz|p1a: Sandy Shocks\n|-damage|p1a: Sandy Shocks|5/267\n|\n|-heal|p1a: Sandy Shocks|21/267|[from] item: Leftovers\n|upkeep\n|turn|4\n|inactive|Time left: 300 sec this turn | 300 sec total\n|\n|t:|1783570873\n|move|p1a: Sandy Shocks|Thunderbolt|p2a: Vikavolt\n|-resisted|p2a: Vikavolt\n|-damage|p2a: Vikavolt|56/100\n|move|p2a: Vikavolt|Bug Buzz|p1a: Sandy Shocks\n|-damage|p1a: Sandy Shocks|0 fnt\n|faint|p1a: Sandy Shocks\n|-end|p1a: Sandy Shocks|Protosynthesis|[silent]\n|\n|upkeep\n|inactive|Time left: 300 sec this turn | 300 sec total | 5 sec grace\n|\n|t:|1783570874\n|switch|p1a: Palkia|Palkia-Origin, L72|249/249\n|-activate|p1a: Palkia|move: Sticky Web\n|-unboost|p1a: Palkia|spe|1\n|-ability|p1a: Palkia|Pressure\n|turn|5\n|inactive|Time left: 300 sec this turn | 300 sec total\n|\n|t:|1783570875\n|switch|p2a: Slowbro|Slowbro-Galar, L87, M|100/100\n|-damage|p2a: Slowbro|88/100|[from] Stealth Rock\n|-damage|p2a: Slowbro|76/100|[from] Spikes\n|move|p1a: Palkia|Spacial Rend|p2a: Slowbro\n|-damage|p2a: Slowbro|43/100\n|\n|upkeep\n|turn|6\n|inactive|Time left: 300 sec this turn | 300 sec total\n|\n|t:|1783570876\n|move|p1a: Palkia|Spacial Rend|p2a: Slowbro\n|-damage|p2a: Slowbro|7/100\n|move|p2a: Slowbro|Shell Side Arm|p1a: Palkia|[anim] Shell Side Arm Physical\n|-damage|p1a: Palkia|146/249\n|-hint|Physical Shell Side Arm\n|\n|upkeep\n|turn|7\n|inactive|Time left: 300 sec this turn | 300 sec total\n|\n|t:|1783570877\n|switch|p2a: Brute Bonnet|Brute Bonnet, L80|100/100\n|-damage|p2a: Brute Bonnet|88/100|[from] Stealth Rock\n|-damage|p2a: Brute Bonnet|76/100|[from] Spikes\n|move|p1a: Palkia|Spacial Rend|p2a: Brute Bonnet\n|-crit|p2a: Brute Bonnet\n|-damage|p2a: Brute Bonnet|11/100\n|\n|-heal|p2a: Brute Bonnet|17/100|[from] item: Leftovers\n|upkeep\n|turn|8\n|inactive|Time left: 300 sec this turn | 300 sec total\n|\n|t:|1783570878\n|move|p2a: Brute Bonnet|Sucker Punch|p1a: Palkia\n|-damage|p1a: Palkia|53/249\n|move|p1a: Palkia|Spacial Rend|p2a: Brute Bonnet\n|-damage|p2a: Brute Bonnet|0 fnt\n|faint|p2a: Brute Bonnet\n|-end|p2a: Brute Bonnet|Protosynthesis|[silent]\n|\n|upkeep\n|\n|t:|1783570879\n|switch|p2a: Bellibolt|Bellibolt, L84, F|100/100\n|-damage|p2a: Bellibolt|88/100|[from] Stealth Rock\n|-damage|p2a: Bellibolt|75/100|[from] Spikes\n|turn|9\n|inactive|Time left: 300 sec this turn | 300 sec total\n|\n|t:|1783570880\n|move|p1a: Palkia|Hydro Pump|p2a: Bellibolt|[miss]\n|-miss|p1a: Palkia|p2a: Bellibolt\n|move|p2a: Bellibolt|Thunderbolt|p1a: Palkia\n|-damage|p1a: Palkia|0 fnt\n|faint|p1a: Palkia\n|\n|-heal|p2a: Bellibolt|82/100|[from] item: Leftovers\n|upkeep\n|inactive|Time left: 300 sec this turn | 300 sec total | 5 sec grace\n|\n|t:|1783570881\n|switch|p1a: Sawsbuck|Sawsbuck-Summer, L88, F|284/284\n|-activate|p1a: Sawsbuck|move: Sticky Web\n|-unboost|p1a: Sawsbuck|spe|1\n|turn|10\n|inactive|Time left: 300 sec this turn | 300 sec total\n|\n|t:|1783570882\n|move|p1a: Sawsbuck|Swords Dance|p1a: Sawsbuck\n|-boost|p1a: Sawsbuck|atk|2\n|move|p2a: Bellibolt|Slack Off|p2a: Bellibolt\n|-heal|p2a: Bellibolt|100/100\n|\n|upkeep\n|turn|11\n|inactive|Time left: 300 sec this turn | 300 sec total\n|\n|t:|1783570883\n|switch|p2a: Slowbro|Slowbro-Galar, L87, M|40/100\n|-damage|p2a: Slowbro|28/100|[from] Stealth Rock\n|-damage|p2a: Slowbro|15/100|[from] Spikes\n|move|p1a: Sawsbuck|Double-Edge|p2a: Slowbro\n|-damage|p2a: Slowbro|0 fnt\n|faint|p2a: Slowbro\n|-damage|p1a: Sawsbuck|269/284|[from] Recoil\n|-damage|p1a: Sawsbuck|241/284|[from] item: Life Orb\n|\n|upkeep\n|\n|t:|1783570883\n|switch|p2a: Froslass|Froslass, L87, F|100/100\n|-damage|p2a: Froslass|76/100|[from] Stealth Rock\n|-damage|p2a: Froslass|64/100|[from] Spikes\n|turn|12\n|inactive|Time left: 300 sec this turn | 300 sec total\n|\n|t:|1783570884\n|-terastallize|p1a: Sawsbuck|Normal\n|move|p2a: Froslass|Triple Axel|p1a: Sawsbuck\n|-damage|p1a: Sawsbuck|219/284\n|-damage|p1a: Sawsbuck|174/284\n|-damage|p1a: Sawsbuck|104/284\n|-hitcount|p1a: Sawsbuck|3\n|move|p1a: Sawsbuck|Horn Leech|p2a: Froslass\n|-damage|p2a: Froslass|0 fnt\n|-heal|p1a: Sawsbuck|187/284|[from] drain|[of] p2a: Froslass\n|faint|p2a: Froslass\n|-damage|p1a: Sawsbuck|159/284|[from] item: Life Orb\n|\n|upkeep\n|\n|t:|1783570885\n|switch|p2a: Walking Wake|Walking Wake, L79|100/100\n|-damage|p2a: Walking Wake|88/100|[from] Stealth Rock\n|-damage|p2a: Walking Wake|76/100|[from] Spikes\n|turn|13\n|inactive|Time left: 300 sec this turn | 300 sec total\n|\n|t:|1783570886\n|move|p2a: Walking Wake|Draco Meteor|p1a: Sawsbuck\n|-crit|p1a: Sawsbuck\n|-damage|p1a: Sawsbuck|0 fnt\n|-unboost|p2a: Walking Wake|spa|2\n|faint|p1a: Sawsbuck\n|-damage|p2a: Walking Wake|66/100|[from] item: Life Orb\n|\n|upkeep\n|inactive|Time left: 300 sec this turn | 300 sec total | 5 sec grace\n|\n|t:|1783570887\n|switch|p1a: Dusknoir|Dusknoir, L89, M|225/225\n|-activate|p1a: Dusknoir|move: Sticky Web\n|-unboost|p1a: Dusknoir|spe|1\n|-item|p2a: Walking Wake|Life Orb|[from] ability: Frisk|[of] p1a: Dusknoir\n|turn|14\n|inactive|Time left: 300 sec this turn | 300 sec total\n|\n|t:|1783570888\n|-end|p2a: Walking Wake|Protosynthesis|[silent]\n|switch|p2a: Vikavolt|Vikavolt, L83, M|56/100\n|move|p1a: Dusknoir|Poltergeist|p2a: Vikavolt\n|-activate|p2a: Vikavolt|move: Poltergeist|Heavy-Duty Boots\n|-damage|p2a: Vikavolt|0 fnt\n|faint|p2a: Vikavolt\n|\n|upkeep\n|\n|t:|1783570889\n|switch|p2a: Bellibolt|Bellibolt, L84, F|100/100\n|-damage|p2a: Bellibolt|88/100|[from] Stealth Rock\n|-damage|p2a: Bellibolt|75/100|[from] Spikes\n|turn|15\n|inactive|Time left: 300 sec this turn | 300 sec total\n|\n|t:|1783570890\n|move|p2a: Bellibolt|Thunderbolt|p1a: Dusknoir\n|-damage|p1a: Dusknoir|158/225\n|move|p1a: Dusknoir|Poltergeist|p2a: Bellibolt\n|-activate|p2a: Bellibolt|move: Poltergeist|Leftovers\n|-damage|p2a: Bellibolt|19/100\n|-start|p2a: Bellibolt|Charge|Poltergeist|[from] ability: Electromorphosis\n|\n|-heal|p2a: Bellibolt|25/100|[from] item: Leftovers\n|upkeep\n|turn|16\n|inactive|Time left: 300 sec this turn | 300 sec total\n|\n|t:|1783570891\n|move|p2a: Bellibolt|Slack Off|p2a: Bellibolt\n|-heal|p2a: Bellibolt|75/100\n|move|p1a: Dusknoir|Poltergeist|p2a: Bellibolt|[miss]\n|-miss|p1a: Dusknoir|p2a: Bellibolt\n|\n|-heal|p2a: Bellibolt|82/100|[from] item: Leftovers\n|upkeep\n|turn|17\n|inactive|Time left: 300 sec this turn | 300 sec total\n|\n|t:|1783570892\n|-terastallize|p2a: Bellibolt|Electric\n|move|p2a: Bellibolt|Thunderbolt|p1a: Dusknoir\n|-damage|p1a: Dusknoir|0 fnt\n|faint|p1a: Dusknoir\n|-end|p2a: Bellibolt|Charge|[silent]\n|\n|-heal|p2a: Bellibolt|88/100|[from] item: Leftovers\n|upkeep\n|inactive|Time left: 300 sec this turn | 300 sec total | 5 sec grace\n|\n|t:|1783570893\n|switch|p1a: Gogoat|Gogoat, L88, M|360/360\n|-activate|p1a: Gogoat|move: Sticky Web\n|-unboost|p1a: Gogoat|spe|1\n|turn|18\n|inactive|Time left: 300 sec this turn | 300 sec total\n|\n|t:|1783570894\n|move|p2a: Bellibolt|Toxic|p1a: Gogoat\n|-status|p1a: Gogoat|tox\n|move|p1a: Gogoat|Bulk Up|p1a: Gogoat\n|-boost|p1a: Gogoat|atk|1\n|-boost|p1a: Gogoat|def|1\n|\n|-heal|p2a: Bellibolt|94/100|[from] item: Leftovers\n|-damage|p1a: Gogoat|338/360 tox|[from] psn\n|upkeep\n|turn|19\n|inactive|Time left: 300 sec this turn | 300 sec total\n|\n|t:|1783570895\n|move|p2a: Bellibolt|Muddy Water|p1a: Gogoat\n|-resisted|p1a: Gogoat\n|-damage|p1a: Gogoat|306/360 tox\n|move|p1a: Gogoat|Bulk Up|p1a: Gogoat\n|-boost|p1a: Gogoat|atk|1\n|-boost|p1a: Gogoat|def|1\n|\n|-heal|p2a: Bellibolt|100/100|[from] item: Leftovers\n|-heal|p1a: Gogoat|328/360 tox|[from] item: Leftovers\n|-damage|p1a: Gogoat|284/360 tox|[from] psn\n|upkeep\n|turn|20\n|inactive|Time left: 300 sec this turn | 300 sec total\n|\n|t:|1783570896\n|move|p2a: Bellibolt|Muddy Water|p1a: Gogoat\n|-resisted|p1a: Gogoat\n|-damage|p1a: Gogoat|252/360 tox\n|-unboost|p1a: Gogoat|accuracy|1\n|move|p1a: Gogoat|Horn Leech|p2a: Bellibolt\n|-damage|p2a: Bellibolt|47/100\n|-heal|p1a: Gogoat|338/360 tox|[from] drain|[of] p2a: Bellibolt\n|-start|p2a: Bellibolt|Charge|Horn Leech|[from] ability: Electromorphosis\n|\n|-heal|p2a: Bellibolt|53/100|[from] item: Leftovers\n|-heal|p1a: Gogoat|360/360 tox|[from] item: Leftovers\n|-damage|p1a: Gogoat|294/360 tox|[from] psn\n|upkeep\n|turn|21\n|inactive|Time left: 300 sec this turn | 300 sec total\n|\n|t:|1783570897\n|move|p2a: Bellibolt|Slack Off|p2a: Bellibolt\n|-heal|p2a: Bellibolt|100/100\n|move|p1a: Gogoat|Horn Leech|p2a: Bellibolt\n|-damage|p2a: Bellibolt|47/100\n|-heal|p1a: Gogoat|360/360 tox|[from] drain|[of] p2a: Bellibolt\n|-start|p2a: Bellibolt|Charge|Horn Leech|[from] ability: Electromorphosis\n|\n|-heal|p2a: Bellibolt|53/100|[from] item: Leftovers\n|-damage|p1a: Gogoat|272/360 tox|[from] psn\n|upkeep\n|turn|22\n|inactive|Time left: 300 sec this turn | 300 sec total\n|\n|t:|1783570898\n|move|p2a: Bellibolt|Slack Off|p2a: Bellibolt\n|-heal|p2a: Bellibolt|100/100\n|move|p1a: Gogoat|Horn Leech|p2a: Bellibolt\n|-damage|p2a: Bellibolt|43/100\n|-heal|p1a: Gogoat|360/360 tox|[from] drain|[of] p2a: Bellibolt\n|-start|p2a: Bellibolt|Charge|Horn Leech|[from] ability: Electromorphosis\n|\n|-heal|p2a: Bellibolt|50/100|[from] item: Leftovers\n|-damage|p1a: Gogoat|250/360 tox|[from] psn\n|upkeep\n|turn|23\n|inactive|Time left: 300 sec this turn | 300 sec total\n|\n|t:|1783570899\n|move|p2a: Bellibolt|Slack Off|p2a: Bellibolt\n|-heal|p2a: Bellibolt|99/100\n|move|p1a: Gogoat|Horn Leech|p2a: Bellibolt\n|-damage|p2a: Bellibolt|42/100\n|-heal|p1a: Gogoat|342/360 tox|[from] drain|[of] p2a: Bellibolt\n|-start|p2a: Bellibolt|Charge|Horn Leech|[from] ability: Electromorphosis\n|\n|-heal|p2a: Bellibolt|48/100|[from] item: Leftovers\n|-heal|p1a: Gogoat|360/360 tox|[from] item: Leftovers\n|-damage|p1a: Gogoat|228/360 tox|[from] psn\n|upkeep\n|turn|24\n|inactive|Time left: 300 sec this turn | 300 sec total\n|\n|t:|1783570900\n|move|p2a: Bellibolt|Slack Off|p2a: Bellibolt\n|-heal|p2a: Bellibolt|98/100\n|move|p1a: Gogoat|Horn Leech|p2a: Bellibolt\n|-damage|p2a: Bellibolt|44/100\n|-heal|p1a: Gogoat|316/360 tox|[from] drain|[of] p2a: Bellibolt\n|-start|p2a: Bellibolt|Charge|Horn Leech|[from] ability: Electromorphosis\n|\n|-heal|p2a: Bellibolt|50/100|[from] item: Leftovers\n|-heal|p1a: Gogoat|338/360 tox|[from] item: Leftovers\n|-damage|p1a: Gogoat|184/360 tox|[from] psn\n|upkeep\n|turn|25\n|inactive|Time left: 300 sec this turn | 300 sec total\n|\n|t:|1783570901\n|move|p2a: Bellibolt|Slack Off|p2a: Bellibolt\n|-heal|p2a: Bellibolt|99/100\n|move|p1a: Gogoat|Horn Leech|p2a: Bellibolt\n|-damage|p2a: Bellibolt|45/100\n|-heal|p1a: Gogoat|273/360 tox|[from] drain|[of] p2a: Bellibolt\n|-start|p2a: Bellibolt|Charge|Horn Leech|[from] ability: Electromorphosis\n|\n|-heal|p2a: Bellibolt|51/100|[from] item: Leftovers\n|-heal|p1a: Gogoat|295/360 tox|[from] item: Leftovers\n|-damage|p1a: Gogoat|119/360 tox|[from] psn\n|upkeep\n|turn|26\n|inactive|Time left: 300 sec this turn | 300 sec total\n|\n|t:|1783570902\n|move|p2a: Bellibolt|Thunderbolt|p1a: Gogoat\n|-resisted|p1a: Gogoat\n|-damage|p1a: Gogoat|0 fnt\n|faint|p1a: Gogoat\n|-end|p2a: Bellibolt|Charge|[silent]\n|\n|-heal|p2a: Bellibolt|57/100|[from] item: Leftovers\n|upkeep\n|inactive|Time left: 300 sec this turn | 300 sec total | 5 sec grace\n|\n|t:|1783570903\n|switch|p1a: Glalie|Glalie, L96, F|309/309\n|turn|27\n|inactive|Time left: 300 sec this turn | 300 sec total\n|\n|t:|1783570904\n|move|p1a: Glalie|Earthquake|p2a: Bellibolt\n|-supereffective|p2a: Bellibolt\n|-damage|p2a: Bellibolt|11/100\n|-start|p2a: Bellibolt|Charge|Earthquake|[from] ability: Electromorphosis\n|move|p2a: Bellibolt|Slack Off|p2a: Bellibolt\n|-heal|p2a: Bellibolt|61/100\n|\n|-heal|p2a: Bellibolt|68/100|[from] item: Leftovers\n|upkeep\n|turn|28\n|inactive|Time left: 300 sec this turn | 300 sec total\n|\n|t:|1783570905\n|move|p1a: Glalie|Freeze-Dry|p2a: Bellibolt\n|-damage|p2a: Bellibolt|38/100\n|-start|p2a: Bellibolt|Charge|Freeze-Dry|[from] ability: Electromorphosis\n|move|p2a: Bellibolt|Thunderbolt|p1a: Glalie\n|-damage|p1a: Glalie|75/309\n|-end|p2a: Bellibolt|Charge|[silent]\n|\n|-heal|p2a: Bellibolt|45/100|[from] item: Leftovers\n|upkeep\n|turn|29\n|inactive|Time left: 300 sec this turn | 300 sec total\n|\n|t:|1783570906\n|move|p1a: Glalie|Freeze-Dry|p2a: Bellibolt\n|-damage|p2a: Bellibolt|19/100\n|-start|p2a: Bellibolt|Charge|Freeze-Dry|[from] ability: Electromorphosis\n|move|p2a: Bellibolt|Thunderbolt|p1a: Glalie\n|-damage|p1a: Glalie|0 fnt\n|faint|p1a: Glalie\n|-end|p2a: Bellibolt|Charge|[silent]\n|\n|win|p0y27668c5e", "uploadtime": 1783570906, "views": 0, "rating": 0, "private": 0, "password": null, "_winner": "p0y27668c5e", "_our_name": "p0x27663045"}