{"id": "battle-gen9randombattle-2800", "formatid": "gen9randombattle", "format": "[Gen 9] Random Battle", "players": ["p0x2800e444", "p0y2800f872"], "log": "|init|battle\n|title|p0x2800e444 vs. p0y2800f872\n|j|\u2606p0x2800e444\n|j|\u2606p0y2800f872\n|t:|1783571262\n|gametype|singles\n|player|p1|p0x2800e444|101|\n|player|p2|p0y2800f872|170|\n|gen|9\n|tier|[Gen 9] Random Battle\n|rule|Species Clause: Limit one of each Pok\u00e9mon\n|rule|HP Percentage Mod: HP is shown in percentages\n|rule|Sleep Clause Mod: Limit one foe put to sleep\n|rule|Illusion Level Mod: Illusion disguises the Pok\u00e9mon's true level\n|\n|t:|1783571262\n|teamsize|p1|6\n|teamsize|p2|6\n|start\n|switch|p1a: Iron Valiant|Iron Valiant, L78|244/244\n|switch|p2a: Toxtricity|Toxtricity, L82, M|100/100\n|turn|1\n|inactive|Battle timer is ON: inactive players will automatically lose when time's up. (requested by p0x2800e444)\n|inactive|p0y2800f872 also wants the timer to be on.\n|\n|t:|1783571263\n|move|p1a: Iron Valiant|Knock Off|p2a: Toxtricity\n|-damage|p2a: Toxtricity|55/100\n|-enditem|p2a: Toxtricity|Throat Spray|[from] move: Knock Off|[of] p1a: Iron Valiant\n|-damage|p1a: Iron Valiant|220/244|[from] item: Life Orb\n|move|p2a: Toxtricity|Boomburst|p1a: Iron Valiant\n|-damage|p1a: Iron Valiant|27/244\n|\n|upkeep\n|turn|2\n|inactive|Time left: 300 sec this turn | 300 sec total\n|\n|t:|1783571265\n|move|p1a: Iron Valiant|Close Combat|p2a: Toxtricity\n|-resisted|p2a: Toxtricity\n|-damage|p2a: Toxtricity|13/100\n|-unboost|p1a: Iron Valiant|def|1\n|-unboost|p1a: Iron Valiant|spd|1\n|-damage|p1a: Iron Valiant|3/244|[from] item: Life Orb\n|move|p2a: Toxtricity|Shift Gear|p2a: Toxtricity\n|-boost|p2a: Toxtricity|spe|2\n|-boost|p2a: Toxtricity|atk|1\n|\n|upkeep\n|turn|3\n|inactive|Time left: 300 sec this turn | 300 sec total\n|\n|t:|1783571266\n|move|p2a: Toxtricity|Overdrive|p1a: Iron Valiant\n|-damage|p1a: Iron Valiant|0 fnt\n|faint|p1a: Iron Valiant\n|-end|p1a: Iron Valiant|Quark Drive|[silent]\n|\n|upkeep\n|inactive|Time left: 300 sec this turn | 300 sec total | 5 sec grace\n|\n|t:|1783571267\n|switch|p1a: Infernape|Infernape, L82, F|259/259\n|turn|4\n|inactive|Time left: 300 sec this turn | 300 sec total\n|\n|t:|1783571268\n|move|p1a: Infernape|Mach Punch|p2a: Toxtricity\n|-resisted|p2a: Toxtricity\n|-damage|p2a: Toxtricity|0 fnt\n|faint|p2a: Toxtricity\n|\n|upkeep\n|\n|t:|1783571269\n|switch|p2a: Mabosstiff|Mabosstiff, L86, M|100/100\n|turn|5\n|inactive|Time left: 300 sec this turn | 300 sec total\n|\n|t:|1783571270\n|switch|p1a: Stonjourner|Stonjourner, L91, M|330/330\n|move|p2a: Mabosstiff|Psychic Fangs|p1a: Stonjourner\n|-damage|p1a: Stonjourner|176/330\n|\n|upkeep\n|turn|6\n|inactive|Time left: 300 sec this turn | 300 sec total\n|\n|t:|1783571272\n|move|p2a: Mabosstiff|Psychic Fangs|p1a: Stonjourner\n|-damage|p1a: Stonjourner|97/330\n|move|p1a: Stonjourner|Stone Edge|p2a: Mabosstiff|[miss]\n|-miss|p1a: Stonjourner|p2a: Mabosstiff\n|\n|upkeep\n|turn|7\n|inactive|Time left: 300 sec this turn | 300 sec total\n|\n|t:|1783571273\n|move|p2a: Mabosstiff|Psychic Fangs|p1a: Stonjourner\n|-damage|p1a: Stonjourner|17/330\n|move|p1a: Stonjourner|Stone Edge|p2a: Mabosstiff\n|-crit|p2a: Mabosstiff\n|-damage|p2a: Mabosstiff|0 fnt\n|faint|p2a: Mabosstiff\n|-damage|p1a: Stonjourner|0 fnt|[from] item: Life Orb\n|faint|p1a: Stonjourner\n|\n|upkeep\n|inactive|Time left: 300 sec this turn | 300 sec total | 5 sec grace\n|\n|t:|1783571274\n|switch|p2a: Mimikyu|Mimikyu, L79, F|100/100\n|switch|p1a: Venusaur|Venusaur, L84, F|272/272\n|turn|8\n|inactive|Time left: 300 sec this turn | 300 sec total\n|\n|t:|1783571275\n|move|p2a: Mimikyu|Swords Dance|p2a: Mimikyu\n|-boost|p2a: Mimikyu|atk|2\n|move|p1a: Venusaur|Sludge Bomb|p2a: Mimikyu\n|-activate|p2a: Mimikyu|ability: Disguise\n|-damage|p2a: Mimikyu|100/100\n|detailschange|p2a: Mimikyu|Mimikyu-Busted, L79, F\n|-damage|p2a: Mimikyu|88/100|[from] pokemon: Mimikyu-Busted\n|\n|upkeep\n|turn|9\n|inactive|Time left: 300 sec this turn | 300 sec total\n|\n|t:|1783571276\n|move|p2a: Mimikyu|Shadow Claw|p1a: Venusaur\n|-damage|p1a: Venusaur|108/272\n|-damage|p2a: Mimikyu|78/100|[from] item: Life Orb\n|move|p1a: Venusaur|Sludge Bomb|p2a: Mimikyu\n|-crit|p2a: Mimikyu\n|-damage|p2a: Mimikyu|10/100\n|\n|-heal|p1a: Venusaur|125/272|[from] item: Leftovers\n|upkeep\n|turn|10\n|inactive|Time left: 300 sec this turn | 300 sec total\n|\n|t:|1783571277\n|move|p2a: Mimikyu|Shadow Claw|p1a: Venusaur\n|-damage|p1a: Venusaur|0 fnt\n|faint|p1a: Venusaur\n|-damage|p2a: Mimikyu|0 fnt|[from] item: Life Orb\n|faint|p2a: Mimikyu\n|\n|upkeep\n|inactive|Time left: 300 sec this turn | 300 sec total | 5 sec grace\n|\n|t:|1783571279\n|switch|p2a: Iron Hands|Iron Hands, L79|100/100\n|switch|p1a: Dragapult|Dragapult, L77, M|262/262\n|turn|11\n|inactive|Time left: 300 sec this turn | 300 sec total\n|\n|t:|1783571280\n|move|p1a: Dragapult|Will-O-Wisp|p2a: Iron Hands\n|-status|p2a: Iron Hands|brn\n|move|p2a: Iron Hands|Heavy Slam|p1a: Dragapult\n|-damage|p1a: Dragapult|196/262\n|\n|-damage|p2a: Iron Hands|94/100 brn|[from] brn\n|upkeep\n|turn|12\n|inactive|Time left: 300 sec this turn | 300 sec total\n|\n|t:|1783571281\n|move|p1a: Dragapult|Dragon Darts|p2a: Iron Hands\n|-damage|p2a: Iron Hands|83/100 brn\n|-anim|p1a: Dragapult|Dragon Darts|p2a: Iron Hands\n|-damage|p2a: Iron Hands|70/100 brn\n|move|p2a: Iron Hands|Volt Switch|p1a: Dragapult\n|-resisted|p1a: Dragapult\n|-damage|p1a: Dragapult|172/262\n|\n|t:|1783571281\n|-end|p2a: Iron Hands|Quark Drive|[silent]\n|switch|p2a: Charizard|Charizard, L85, F|100/100|[from] Volt Switch\n|\n|upkeep\n|turn|13\n|inactive|Time left: 300 sec this turn | 300 sec total\n|\n|t:|1783571282\n|move|p1a: Dragapult|Dragon Darts|p2a: Charizard\n|-damage|p2a: Charizard|79/100\n|-anim|p1a: Dragapult|Dragon Darts|p2a: Charizard\n|-damage|p2a: Charizard|57/100\n|move|p2a: Charizard|Dragon Dance|p2a: Charizard\n|-boost|p2a: Charizard|atk|1\n|-boost|p2a: Charizard|spe|1\n|\n|upkeep\n|turn|14\n|inactive|Time left: 300 sec this turn | 300 sec total\n|\n|t:|1783571284\n|move|p2a: Charizard|Outrage|p1a: Dragapult\n|-supereffective|p1a: Dragapult\n|-damage|p1a: Dragapult|0 fnt\n|-start|p2a: Charizard|Disable|Outrage|[from] ability: Cursed Body|[of] p1a: Dragapult\n|faint|p1a: Dragapult\n|\n|upkeep\n|inactive|Time left: 300 sec this turn | 300 sec total | 5 sec grace\n|\n|t:|1783571285\n|switch|p1a: Phione|Phione, L91|293/293\n|turn|15\n|inactive|Time left: 300 sec this turn | 300 sec total\n|\n|t:|1783571285\n|-terastallize|p1a: Phione|Steel\n|cant|p2a: Charizard|Disable|Outrage\n|move|p1a: Phione|Scald|p2a: Charizard\n|-supereffective|p2a: Charizard\n|-damage|p2a: Charizard|0 fnt\n|faint|p2a: Charizard\n|\n|upkeep\n|\n|t:|1783571286\n|switch|p2a: Passimian|Passimian, L83, M|100/100\n|turn|16\n|inactive|Time left: 300 sec this turn | 300 sec total\n|\n|t:|1783571287\n|-terastallize|p2a: Passimian|Fighting\n|move|p2a: Passimian|Close Combat|p1a: Phione\n|-supereffective|p1a: Phione\n|-damage|p1a: Phione|0 fnt\n|-unboost|p2a: Passimian|def|1\n|-unboost|p2a: Passimian|spd|1\n|faint|p1a: Phione\n|\n|upkeep\n|inactive|Time left: 300 sec this turn | 300 sec total | 5 sec grace\n|\n|t:|1783571288\n|switch|p1a: Infernape|Infernape, L82, F|259/259\n|turn|17\n|inactive|Time left: 300 sec this turn | 300 sec total\n|\n|t:|1783571289\n|move|p2a: Passimian|Close Combat|p1a: Infernape\n|-damage|p1a: Infernape|7/259\n|-unboost|p2a: Passimian|def|1\n|-unboost|p2a: Passimian|spd|1\n|move|p1a: Infernape|Gunk Shot|p2a: Passimian\n|-damage|p2a: Passimian|17/100\n|-status|p2a: Passimian|psn\n|\n|-damage|p2a: Passimian|5/100 psn|[from] psn\n|upkeep\n|turn|18\n|inactive|Time left: 300 sec this turn | 300 sec total\n|\n|t:|1783571291\n|move|p2a: Passimian|Close Combat|p1a: Infernape\n|-damage|p1a: Infernape|0 fnt\n|-unboost|p2a: Passimian|def|1\n|-unboost|p2a: Passimian|spd|1\n|faint|p1a: Infernape\n|\n|win|p0y2800f872", "uploadtime": 1783571291, "views": 0, "rating": 0, "private": 0, "password": null, "_winner": "p0y2800f872", "_our_name": "p0x2800e444"}