{"id": "battle-gen9randombattle-1967", "formatid": "gen9randombattle", "format": "[Gen 9] Random Battle", "players": ["p0x1967ded2", "p0y196774ba"], "log": "|init|battle\n|title|p0x1967ded2 vs. p0y196774ba\n|j|\u2606p0x1967ded2\n|j|\u2606p0y196774ba\n|t:|1783562039\n|gametype|singles\n|player|p1|p0x1967ded2|1|\n|player|p2|p0y196774ba|2|\n|gen|9\n|tier|[Gen 9] Random Battle\n|rule|Species Clause: Limit one of each Pok\u00e9mon\n|rule|HP Percentage Mod: HP is shown in percentages\n|rule|Sleep Clause Mod: Limit one foe put to sleep\n|rule|Illusion Level Mod: Illusion disguises the Pok\u00e9mon's true level\n|\n|t:|1783562039\n|teamsize|p1|6\n|teamsize|p2|6\n|start\n|switch|p1a: Smeargle|Smeargle, L95, M|100/100\n|switch|p2a: Arceus|Arceus-Ice, L72|291/291\n|turn|1\n|inactive|Battle timer is ON: inactive players will automatically lose when time's up. (requested by p0y196774ba)\n|inactive|p0x1967ded2 also wants the timer to be on.\n|\n|t:|1783562041\n|move|p2a: Arceus|Judgment|p1a: Smeargle\n|-damage|p1a: Smeargle|37/100\n|move|p1a: Smeargle|Sticky Web|p2a: Arceus\n|-sidestart|p2: p0y196774ba|move: Sticky Web\n|\n|upkeep\n|turn|2\n|inactive|Time left: 300 sec this turn | 300 sec total\n|\n|t:|1783562041\n|switch|p1a: Weezing|Weezing, L88, M|100/100\n|move|p2a: Arceus|Judgment|p1a: Weezing\n|-damage|p1a: Weezing|49/100\n|\n|-heal|p1a: Weezing|55/100|[from] item: Leftovers\n|upkeep\n|turn|3\n|inactive|Time left: 300 sec this turn | 300 sec total\n|\n|t:|1783562043\n|move|p2a: Arceus|Calm Mind|p2a: Arceus\n|-boost|p2a: Arceus|spa|1\n|-boost|p2a: Arceus|spd|1\n|move|p1a: Weezing|Pain Split|p2a: Arceus\n|-sethp|p2a: Arceus|216/291|[from] move: Pain Split|[silent]\n|-sethp|p1a: Weezing|84/100|[from] move: Pain Split\n|\n|-heal|p1a: Weezing|90/100|[from] item: Leftovers\n|upkeep\n|turn|4\n|inactive|Time left: 300 sec this turn | 300 sec total\n|\n|t:|1783562044\n|move|p2a: Arceus|Judgment|p1a: Weezing\n|-damage|p1a: Weezing|16/100\n|move|p1a: Weezing|Gunk Shot|p2a: Arceus\n|-damage|p2a: Arceus|104/291\n|-status|p2a: Arceus|psn\n|\n|-heal|p1a: Weezing|22/100|[from] item: Leftovers\n|-damage|p2a: Arceus|68/291 psn|[from] psn\n|upkeep\n|turn|5\n|inactive|Time left: 300 sec this turn | 300 sec total\n|\n|t:|1783562045\n|move|p2a: Arceus|Judgment|p1a: Weezing\n|-damage|p1a: Weezing|0 fnt\n|faint|p1a: Weezing\n|\n|-damage|p2a: Arceus|32/291 psn|[from] psn\n|upkeep\n|\n|t:|1783562046\n|switch|p1a: Serperior|Serperior, L79, F|100/100\n|turn|6\n|inactive|Time left: 300 sec this turn | 300 sec total\n|\n|t:|1783562047\n|move|p1a: Serperior|Leaf Storm|p2a: Arceus\n|-damage|p2a: Arceus|0 fnt\n|-boost|p1a: Serperior|spa|2\n|faint|p2a: Arceus\n|\n|upkeep\n|inactive|Time left: 300 sec this turn | 300 sec total | 5 sec grace\n|\n|t:|1783562048\n|switch|p2a: Typhlosion|Typhlosion-Hisui, L83, F|257/257\n|-activate|p2a: Typhlosion|move: Sticky Web\n|-unboost|p2a: Typhlosion|spe|1\n|turn|7\n|inactive|Time left: 300 sec this turn | 300 sec total\n|\n|t:|1783562049\n|-terastallize|p1a: Serperior|Rock\n|move|p1a: Serperior|Tera Blast|p2a: Typhlosion|[anim] Tera Blast Rock\n|-supereffective|p2a: Typhlosion\n|-damage|p2a: Typhlosion|21/257\n|move|p2a: Typhlosion|Eruption|p1a: Serperior\n|-resisted|p1a: Serperior\n|-damage|p1a: Serperior|93/100\n|\n|-heal|p1a: Serperior|99/100|[from] item: Leftovers\n|upkeep\n|turn|8\n|inactive|Time left: 300 sec this turn | 300 sec total\n|\n|t:|1783562050\n|switch|p2a: Zapdos|Zapdos-Galar, L77|265/265\n|move|p1a: Serperior|Leaf Storm|p2a: Zapdos\n|-resisted|p2a: Zapdos\n|-damage|p2a: Zapdos|157/265\n|-boost|p1a: Serperior|spa|2\n|\n|-heal|p1a: Serperior|100/100|[from] item: Leftovers\n|upkeep\n|turn|9\n|inactive|Time left: 300 sec this turn | 300 sec total\n|\n|t:|1783562051\n|move|p2a: Zapdos|Close Combat|p1a: Serperior\n|-supereffective|p1a: Serperior\n|-damage|p1a: Serperior|0 fnt\n|-unboost|p2a: Zapdos|def|1\n|-unboost|p2a: Zapdos|spd|1\n|faint|p1a: Serperior\n|\n|upkeep\n|\n|t:|1783562052\n|switch|p1a: Thundurus|Thundurus-Therian, L80, M|100/100\n|turn|10\n|inactive|Time left: 300 sec this turn | 300 sec total\n|\n|t:|1783562053\n|switch|p2a: Typhlosion|Typhlosion-Hisui, L83, F|21/257\n|-activate|p2a: Typhlosion|move: Sticky Web\n|-unboost|p2a: Typhlosion|spe|1\n|move|p1a: Thundurus|Thunderbolt|p2a: Typhlosion\n|-damage|p2a: Typhlosion|0 fnt\n|faint|p2a: Typhlosion\n|\n|upkeep\n|inactive|Time left: 300 sec this turn | 300 sec total | 5 sec grace\n|\n|t:|1783562055\n|switch|p2a: Great Tusk|Great Tusk, L77|304/304\n|-activate|p2a: Great Tusk|move: Sticky Web\n|-unboost|p2a: Great Tusk|spe|1\n|-enditem|p2a: Great Tusk|Booster Energy\n|-activate|p2a: Great Tusk|ability: Protosynthesis|[fromitem]\n|-start|p2a: Great Tusk|protosynthesisatk\n|turn|11\n|inactive|Time left: 300 sec this turn | 300 sec total\n|\n|t:|1783562056\n|switch|p1a: Pecharunt|Pecharunt, L77|100/100\n|move|p2a: Great Tusk|Rapid Spin|p1a: Pecharunt\n|-immune|p1a: Pecharunt\n|\n|upkeep\n|turn|12\n|inactive|Time left: 300 sec this turn | 300 sec total\n|\n|t:|1783562057\n|move|p1a: Pecharunt|Shadow Ball|p2a: Great Tusk\n|-damage|p2a: Great Tusk|202/304\n|move|p2a: Great Tusk|Earthquake|p1a: Pecharunt\n|-supereffective|p1a: Pecharunt\n|-damage|p1a: Pecharunt|31/100\n|\n|-heal|p1a: Pecharunt|37/100|[from] item: Leftovers\n|upkeep\n|turn|13\n|inactive|Time left: 300 sec this turn | 300 sec total\n|\n|t:|1783562058\n|move|p1a: Pecharunt|Recover|p1a: Pecharunt\n|-heal|p1a: Pecharunt|87/100\n|move|p2a: Great Tusk|Earthquake|p1a: Pecharunt\n|-supereffective|p1a: Pecharunt\n|-damage|p1a: Pecharunt|5/100\n|\n|-heal|p1a: Pecharunt|11/100|[from] item: Leftovers\n|upkeep\n|turn|14\n|inactive|Time left: 300 sec this turn | 300 sec total\n|\n|t:|1783562059\n|move|p1a: Pecharunt|Shadow Ball|p2a: Great Tusk\n|-damage|p2a: Great Tusk|97/304\n|-unboost|p2a: Great Tusk|spd|1\n|move|p2a: Great Tusk|Earthquake|p1a: Pecharunt\n|-supereffective|p1a: Pecharunt\n|-damage|p1a: Pecharunt|0 fnt\n|faint|p1a: Pecharunt\n|\n|upkeep\n|\n|t:|1783562060\n|switch|p1a: Noivern|Noivern, L82, F|100/100\n|turn|15\n|inactive|Time left: 300 sec this turn | 300 sec total\n|\n|t:|1783562061\n|move|p1a: Noivern|Boomburst|p2a: Great Tusk\n|-damage|p2a: Great Tusk|0 fnt\n|faint|p2a: Great Tusk\n|-end|p2a: Great Tusk|Protosynthesis|[silent]\n|\n|upkeep\n|inactive|Time left: 300 sec this turn | 300 sec total | 5 sec grace\n|\n|t:|1783562062\n|switch|p2a: Azelf|Azelf, L82|257/257\n|turn|16\n|inactive|Time left: 300 sec this turn | 300 sec total\n|\n|t:|1783562062\n|move|p1a: Noivern|Boomburst|p2a: Azelf\n|-damage|p2a: Azelf|82/257\n|move|p2a: Azelf|Explosion|p1a: Noivern\n|-damage|p1a: Noivern|0 fnt\n|faint|p2a: Azelf\n|faint|p1a: Noivern\n|\n|upkeep\n|inactive|Time left: 300 sec this turn | 300 sec total | 5 sec grace\n|\n|t:|1783562064\n|switch|p1a: Thundurus|Thundurus-Therian, L80, M|100/100\n|switch|p2a: Meowstic|Meowstic-F, L89, F|277/277\n|-activate|p2a: Meowstic|move: Sticky Web\n|-unboost|p2a: Meowstic|spe|1\n|-ability|p2a: Meowstic|Competitive|boost\n|-boost|p2a: Meowstic|spa|2\n|turn|17\n|inactive|Time left: 300 sec this turn | 300 sec total\n|\n|t:|1783562064\n|-terastallize|p2a: Meowstic|Electric\n|move|p1a: Thundurus|Thunderbolt|p2a: Meowstic\n|-resisted|p2a: Meowstic\n|-damage|p2a: Meowstic|216/277\n|move|p2a: Meowstic|Psyshock|p1a: Thundurus\n|-damage|p1a: Thundurus|0 fnt\n|faint|p1a: Thundurus\n|-damage|p2a: Meowstic|189/277|[from] item: Life Orb\n|\n|upkeep\n|\n|t:|1783562065\n|switch|p1a: Smeargle|Smeargle, L95, M|37/100\n|turn|18\n|inactive|Time left: 300 sec this turn | 300 sec total\n|\n|t:|1783562066\n|move|p1a: Smeargle|Spore|p2a: Meowstic\n|-status|p2a: Meowstic|slp|[from] move: Spore\n|cant|p2a: Meowstic|slp\n|\n|upkeep\n|turn|19\n|inactive|Time left: 300 sec this turn | 300 sec total\n|\n|t:|1783562067\n|switch|p2a: Zapdos|Zapdos-Galar, L77|157/265\n|move|p1a: Smeargle|Ceaseless Edge|p2a: Zapdos\n|-resisted|p2a: Zapdos\n|-damage|p2a: Zapdos|145/265\n|-sidestart|p2: p0y196774ba|Spikes\n|\n|upkeep\n|turn|20\n|inactive|Time left: 300 sec this turn | 300 sec total\n|\n|t:|1783562068\n|move|p2a: Zapdos|Knock Off|p1a: Smeargle\n|-damage|p1a: Smeargle|0 fnt\n|-enditem|p1a: Smeargle|Focus Sash|[from] move: Knock Off|[of] p2a: Zapdos\n|faint|p1a: Smeargle\n|\n|win|p0y196774ba", "uploadtime": 1783562068, "views": 0, "rating": 0, "private": 0, "password": null, "_winner": "p0y196774ba", "_our_name": "p0y196774ba"}