{"id": "battle-gen9randombattle-1826", "formatid": "gen9randombattle", "format": "[Gen 9] Random Battle", "players": ["p0x1826e103", "p0y1826d322"], "log": "|init|battle\n|title|p0x1826e103 vs. p0y1826d322\n|j|\u2606p0x1826e103\n|j|\u2606p0y1826d322\n|t:|1783560379\n|gametype|singles\n|player|p1|p0x1826e103|2|\n|player|p2|p0y1826d322|101|\n|gen|9\n|tier|[Gen 9] Random Battle\n|rule|Species Clause: Limit one of each Pok\u00e9mon\n|rule|HP Percentage Mod: HP is shown in percentages\n|rule|Sleep Clause Mod: Limit one foe put to sleep\n|rule|Illusion Level Mod: Illusion disguises the Pok\u00e9mon's true level\n|\n|t:|1783560379\n|teamsize|p1|6\n|teamsize|p2|6\n|start\n|switch|p1a: Volcarona|Volcarona, L77, M|100/100\n|switch|p2a: Dondozo|Dondozo, L78, F|362/362\n|turn|1\n|inactive|Battle timer is ON: inactive players will automatically lose when time's up. (requested by p0y1826d322)\n|inactive|p0x1826e103 also wants the timer to be on.\n|\n|t:|1783560380\n|switch|p1a: Abomasnow|Abomasnow, L84, F|100/100\n|-weather|Snowscape|[from] ability: Snow Warning|[of] p1a: Abomasnow\n|move|p2a: Dondozo|Wave Crash|p1a: Abomasnow\n|-resisted|p1a: Abomasnow\n|-damage|p1a: Abomasnow|86/100\n|-damage|p2a: Dondozo|348/362|[from] Recoil\n|\n|-weather|Snowscape|[upkeep]\n|-heal|p2a: Dondozo|362/362|[from] item: Leftovers\n|upkeep\n|turn|2\n|inactive|Time left: 300 sec this turn | 300 sec total\n|\n|t:|1783560382\n|switch|p2a: Weavile|Weavile, L79, M|239/239\n|move|p1a: Abomasnow|Aurora Veil|p1a: Abomasnow\n|-sidestart|p1: p0x1826e103|move: Aurora Veil\n|\n|-weather|Snowscape|[upkeep]\n|upkeep\n|turn|3\n|inactive|Time left: 300 sec this turn | 300 sec total\n|\n|t:|1783560383\n|move|p2a: Weavile|Knock Off|p1a: Abomasnow\n|-damage|p1a: Abomasnow|65/100\n|-enditem|p1a: Abomasnow|Light Clay|[from] move: Knock Off|[of] p2a: Weavile\n|move|p1a: Abomasnow|Wood Hammer|p2a: Weavile\n|-damage|p2a: Weavile|128/239\n|-damage|p1a: Abomasnow|52/100|[from] Recoil\n|\n|-weather|Snowscape|[upkeep]\n|upkeep\n|turn|4\n|inactive|Time left: 300 sec this turn | 300 sec total\n|\n|t:|1783560384\n|move|p2a: Weavile|Knock Off|p1a: Abomasnow\n|-damage|p1a: Abomasnow|39/100\n|move|p1a: Abomasnow|Blizzard|p2a: Weavile\n|-resisted|p2a: Weavile\n|-damage|p2a: Weavile|68/239\n|\n|-weather|Snowscape|[upkeep]\n|upkeep\n|turn|5\n|inactive|Time left: 300 sec this turn | 300 sec total\n|\n|t:|1783560385\n|move|p2a: Weavile|Knock Off|p1a: Abomasnow\n|-damage|p1a: Abomasnow|26/100\n|move|p1a: Abomasnow|Wood Hammer|p2a: Weavile\n|-damage|p2a: Weavile|0 fnt\n|faint|p2a: Weavile\n|-damage|p1a: Abomasnow|18/100|[from] Recoil\n|\n|-weather|none\n|upkeep\n|inactive|Time left: 300 sec this turn | 300 sec total | 5 sec grace\n|\n|t:|1783560386\n|switch|p2a: Poliwrath|Poliwrath, L88, M|302/302\n|turn|6\n|inactive|Time left: 300 sec this turn | 300 sec total\n|\n|t:|1783560387\n|move|p2a: Poliwrath|Bulk Up|p2a: Poliwrath\n|-boost|p2a: Poliwrath|atk|1\n|-boost|p2a: Poliwrath|def|1\n|move|p1a: Abomasnow|Wood Hammer|p2a: Poliwrath\n|-supereffective|p2a: Poliwrath\n|-damage|p2a: Poliwrath|156/302\n|-damage|p1a: Abomasnow|1/100|[from] Recoil\n|\n|-heal|p2a: Poliwrath|174/302|[from] item: Leftovers\n|upkeep\n|turn|7\n|inactive|Time left: 300 sec this turn | 300 sec total\n|\n|t:|1783560388\n|move|p2a: Poliwrath|Bulk Up|p2a: Poliwrath\n|-boost|p2a: Poliwrath|atk|1\n|-boost|p2a: Poliwrath|def|1\n|move|p1a: Abomasnow|Wood Hammer|p2a: Poliwrath\n|-supereffective|p2a: Poliwrath\n|-damage|p2a: Poliwrath|54/302\n|-damage|p1a: Abomasnow|0 fnt|[from] Recoil\n|faint|p1a: Abomasnow\n|\n|-heal|p2a: Poliwrath|72/302|[from] item: Leftovers\n|upkeep\n|\n|t:|1783560389\n|switch|p1a: Iron Valiant|Iron Valiant, L78|100/100\n|turn|8\n|inactive|Time left: 300 sec this turn | 300 sec total\n|\n|t:|1783560390\n|move|p1a: Iron Valiant|Moonblast|p2a: Poliwrath\n|-supereffective|p2a: Poliwrath\n|-damage|p2a: Poliwrath|0 fnt\n|faint|p2a: Poliwrath\n|-damage|p1a: Iron Valiant|91/100|[from] item: Life Orb\n|\n|upkeep\n|inactive|Time left: 300 sec this turn | 300 sec total | 5 sec grace\n|\n|t:|1783560391\n|switch|p2a: Florges|Florges-Yellow, L85, F|271/271\n|turn|9\n|inactive|Time left: 300 sec this turn | 300 sec total\n|\n|t:|1783560392\n|-end|p1a: Iron Valiant|Quark Drive|[silent]\n|switch|p1a: Krookodile|Krookodile, L79, F|100/100\n|-ability|p1a: Krookodile|Intimidate|boost\n|-unboost|p2a: Florges|atk|1\n|move|p2a: Florges|Moonblast|p1a: Krookodile\n|-supereffective|p1a: Krookodile\n|-damage|p1a: Krookodile|52/100\n|\n|-sideend|p1: p0x1826e103|move: Aurora Veil\n|upkeep\n|turn|10\n|inactive|Time left: 300 sec this turn | 300 sec total\n|\n|t:|1783560394\n|move|p1a: Krookodile|Earthquake|p2a: Florges\n|-damage|p2a: Florges|88/271\n|-damage|p1a: Krookodile|42/100|[from] item: Life Orb\n|move|p2a: Florges|Moonblast|p1a: Krookodile\n|-supereffective|p1a: Krookodile\n|-damage|p1a: Krookodile|0 fnt\n|faint|p1a: Krookodile\n|\n|-heal|p2a: Florges|104/271|[from] item: Leftovers\n|upkeep\n|\n|t:|1783560395\n|switch|p1a: Gouging Fire|Gouging Fire, L74|100/100\n|turn|11\n|inactive|Time left: 300 sec this turn | 300 sec total\n|\n|t:|1783560396\n|switch|p2a: Dondozo|Dondozo, L78, F|362/362\n|move|p1a: Gouging Fire|Heat Crash|p2a: Dondozo\n|-resisted|p2a: Dondozo\n|-damage|p2a: Dondozo|337/362\n|\n|-heal|p2a: Dondozo|359/362|[from] item: Leftovers\n|upkeep\n|turn|12\n|inactive|Time left: 300 sec this turn | 300 sec total\n|\n|t:|1783560397\n|move|p1a: Gouging Fire|Dragon Dance|p1a: Gouging Fire\n|-boost|p1a: Gouging Fire|atk|1\n|-boost|p1a: Gouging Fire|spe|1\n|move|p2a: Dondozo|Wave Crash|p1a: Gouging Fire\n|-damage|p1a: Gouging Fire|62/100\n|-damage|p2a: Dondozo|323/362|[from] Recoil\n|\n|-heal|p2a: Dondozo|345/362|[from] item: Leftovers\n|upkeep\n|turn|13\n|inactive|Time left: 300 sec this turn | 300 sec total\n|\n|t:|1783560398\n|move|p1a: Gouging Fire|Dragon Dance|p1a: Gouging Fire\n|-boost|p1a: Gouging Fire|atk|1\n|-boost|p1a: Gouging Fire|spe|1\n|move|p2a: Dondozo|Wave Crash|p1a: Gouging Fire\n|-damage|p1a: Gouging Fire|23/100\n|-damage|p2a: Dondozo|309/362|[from] Recoil\n|\n|-heal|p2a: Dondozo|331/362|[from] item: Leftovers\n|upkeep\n|turn|14\n|inactive|Time left: 300 sec this turn | 300 sec total\n|\n|t:|1783560399\n|move|p1a: Gouging Fire|Morning Sun|p1a: Gouging Fire\n|-heal|p1a: Gouging Fire|72/100\n|move|p2a: Dondozo|Wave Crash|p1a: Gouging Fire\n|-damage|p1a: Gouging Fire|35/100\n|-damage|p2a: Dondozo|297/362|[from] Recoil\n|\n|-heal|p2a: Dondozo|319/362|[from] item: Leftovers\n|upkeep\n|turn|15\n|inactive|Time left: 300 sec this turn | 300 sec total\n|\n|t:|1783560400\n|move|p1a: Gouging Fire|Morning Sun|p1a: Gouging Fire\n|-heal|p1a: Gouging Fire|85/100\n|move|p2a: Dondozo|Curse|p2a: Dondozo\n|-unboost|p2a: Dondozo|spe|1\n|-boost|p2a: Dondozo|atk|1\n|-boost|p2a: Dondozo|def|1\n|\n|-heal|p2a: Dondozo|341/362|[from] item: Leftovers\n|upkeep\n|turn|16\n|inactive|Time left: 300 sec this turn | 300 sec total\n|\n|t:|1783560401\n|move|p1a: Gouging Fire|Dragon Dance|p1a: Gouging Fire\n|-boost|p1a: Gouging Fire|atk|1\n|-boost|p1a: Gouging Fire|spe|1\n|move|p2a: Dondozo|Wave Crash|p1a: Gouging Fire\n|-damage|p1a: Gouging Fire|30/100\n|-damage|p2a: Dondozo|291/362|[from] Recoil\n|\n|-heal|p2a: Dondozo|313/362|[from] item: Leftovers\n|upkeep\n|turn|17\n|inactive|Time left: 300 sec this turn | 300 sec total\n|\n|t:|1783560402\n|move|p1a: Gouging Fire|Morning Sun|p1a: Gouging Fire\n|-heal|p1a: Gouging Fire|80/100\n|move|p2a: Dondozo|Wave Crash|p1a: Gouging Fire\n|-damage|p1a: Gouging Fire|29/100\n|-damage|p2a: Dondozo|266/362|[from] Recoil\n|\n|-heal|p2a: Dondozo|288/362|[from] item: Leftovers\n|upkeep\n|turn|18\n|inactive|Time left: 300 sec this turn | 300 sec total\n|\n|t:|1783560404\n|move|p1a: Gouging Fire|Morning Sun|p1a: Gouging Fire\n|-heal|p1a: Gouging Fire|78/100\n|move|p2a: Dondozo|Wave Crash|p1a: Gouging Fire\n|-damage|p1a: Gouging Fire|24/100\n|-damage|p2a: Dondozo|238/362|[from] Recoil\n|\n|-heal|p2a: Dondozo|260/362|[from] item: Leftovers\n|upkeep\n|turn|19\n|inactive|Time left: 300 sec this turn | 300 sec total\n|\n|t:|1783560405\n|move|p1a: Gouging Fire|Morning Sun|p1a: Gouging Fire\n|-heal|p1a: Gouging Fire|74/100\n|move|p2a: Dondozo|Wave Crash|p1a: Gouging Fire\n|-damage|p1a: Gouging Fire|20/100\n|-damage|p2a: Dondozo|211/362|[from] Recoil\n|\n|-heal|p2a: Dondozo|233/362|[from] item: Leftovers\n|upkeep\n|turn|20\n|inactive|Time left: 300 sec this turn | 300 sec total\n|\n|t:|1783560406\n|move|p1a: Gouging Fire|Morning Sun|p1a: Gouging Fire\n|-heal|p1a: Gouging Fire|70/100\n|move|p2a: Dondozo|Wave Crash|p1a: Gouging Fire\n|-damage|p1a: Gouging Fire|18/100\n|-damage|p2a: Dondozo|185/362|[from] Recoil\n|\n|-heal|p2a: Dondozo|207/362|[from] item: Leftovers\n|upkeep\n|turn|21\n|inactive|Time left: 300 sec this turn | 300 sec total\n|\n|t:|1783560407\n|move|p1a: Gouging Fire|Morning Sun|p1a: Gouging Fire\n|-heal|p1a: Gouging Fire|68/100\n|move|p2a: Dondozo|Wave Crash|p1a: Gouging Fire\n|-damage|p1a: Gouging Fire|16/100\n|-damage|p2a: Dondozo|160/362|[from] Recoil\n|\n|-heal|p2a: Dondozo|182/362|[from] item: Leftovers\n|upkeep\n|turn|22\n|inactive|Time left: 300 sec this turn | 300 sec total\n|\n|t:|1783560408\n|move|p1a: Gouging Fire|Morning Sun|p1a: Gouging Fire\n|-heal|p1a: Gouging Fire|66/100\n|move|p2a: Dondozo|Wave Crash|p1a: Gouging Fire\n|-crit|p1a: Gouging Fire\n|-damage|p1a: Gouging Fire|0 fnt\n|faint|p1a: Gouging Fire\n|-end|p1a: Gouging Fire|Protosynthesis|[silent]\n|-damage|p2a: Dondozo|122/362|[from] Recoil\n|\n|-heal|p2a: Dondozo|144/362|[from] item: Leftovers\n|upkeep\n|\n|t:|1783560409\n|switch|p1a: Ursaluna|Ursaluna-Bloodmoon, L79, M|100/100\n|turn|23\n|inactive|Time left: 300 sec this turn | 300 sec total\n|\n|t:|1783560410\n|switch|p2a: Toucannon|Toucannon, L88, M|284/284\n|move|p1a: Ursaluna|Blood Moon|p2a: Toucannon\n|-damage|p2a: Toucannon|89/284\n|\n|upkeep\n|turn|24\n|inactive|Time left: 300 sec this turn | 300 sec total\n|\n|t:|1783560411\n|move|p2a: Toucannon|Boomburst|p1a: Ursaluna\n|-damage|p1a: Ursaluna|41/100\n|move|p1a: Ursaluna|Calm Mind|p1a: Ursaluna\n|-boost|p1a: Ursaluna|spa|1\n|-boost|p1a: Ursaluna|spd|1\n|\n|-heal|p1a: Ursaluna|47/100|[from] item: Leftovers\n|upkeep\n|turn|25\n|inactive|Time left: 300 sec this turn | 300 sec total\n|\n|t:|1783560412\n|move|p2a: Toucannon|Boomburst|p1a: Ursaluna\n|-damage|p1a: Ursaluna|9/100\n|move|p1a: Ursaluna|Moonlight|p1a: Ursaluna\n|-heal|p1a: Ursaluna|59/100\n|\n|-heal|p1a: Ursaluna|65/100|[from] item: Leftovers\n|upkeep\n|turn|26\n|inactive|Time left: 300 sec this turn | 300 sec total\n|\n|t:|1783560413\n|move|p2a: Toucannon|Boomburst|p1a: Ursaluna\n|-damage|p1a: Ursaluna|24/100\n|move|p1a: Ursaluna|Blood Moon|p2a: Toucannon\n|-damage|p2a: Toucannon|0 fnt\n|faint|p2a: Toucannon\n|\n|-heal|p1a: Ursaluna|30/100|[from] item: Leftovers\n|upkeep\n|inactive|Time left: 300 sec this turn | 300 sec total | 5 sec grace\n|\n|t:|1783560413\n|switch|p2a: Florges|Florges-Yellow, L85, F|104/271\n|turn|27\n|inactive|Time left: 300 sec this turn | 300 sec total\n|\n|t:|1783560414\n|-terastallize|p1a: Ursaluna|Poison\n|move|p2a: Florges|Moonblast|p1a: Ursaluna\n|-resisted|p1a: Ursaluna\n|-damage|p1a: Ursaluna|13/100\n|-unboost|p1a: Ursaluna|spa|1\n|move|p1a: Ursaluna|Moonlight|p1a: Ursaluna\n|-heal|p1a: Ursaluna|63/100\n|\n|-heal|p2a: Florges|120/271|[from] item: Leftovers\n|-heal|p1a: Ursaluna|70/100|[from] item: Leftovers\n|upkeep\n|turn|28\n|inactive|Time left: 300 sec this turn | 300 sec total\n|\n|t:|1783560415\n|move|p2a: Florges|Calm Mind|p2a: Florges\n|-boost|p2a: Florges|spa|1\n|-boost|p2a: Florges|spd|1\n|move|p1a: Ursaluna|Calm Mind|p1a: Ursaluna\n|-boost|p1a: Ursaluna|spa|1\n|-boost|p1a: Ursaluna|spd|1\n|\n|-heal|p2a: Florges|136/271|[from] item: Leftovers\n|-heal|p1a: Ursaluna|76/100|[from] item: Leftovers\n|upkeep\n|turn|29\n|inactive|Time left: 300 sec this turn | 300 sec total\n|\n|t:|1783560416\n|move|p2a: Florges|Calm Mind|p2a: Florges\n|-boost|p2a: Florges|spa|1\n|-boost|p2a: Florges|spd|1\n|move|p1a: Ursaluna|Calm Mind|p1a: Ursaluna\n|-boost|p1a: Ursaluna|spa|1\n|-boost|p1a: Ursaluna|spd|1\n|\n|-heal|p2a: Florges|152/271|[from] item: Leftovers\n|-heal|p1a: Ursaluna|82/100|[from] item: Leftovers\n|upkeep\n|turn|30\n|inactive|Time left: 300 sec this turn | 300 sec total\n|\n|t:|1783560417\n|move|p2a: Florges|Protect|p2a: Florges\n|-singleturn|p2a: Florges|Protect\n|move|p1a: Ursaluna|Blood Moon|p2a: Florges\n|-activate|p2a: Florges|move: Protect\n|\n|-heal|p2a: Florges|168/271|[from] item: Leftovers\n|-heal|p1a: Ursaluna|88/100|[from] item: Leftovers\n|upkeep\n|turn|31\n|inactive|Time left: 300 sec this turn | 300 sec total\n|\n|t:|1783560418\n|move|p2a: Florges|Calm Mind|p2a: Florges\n|-boost|p2a: Florges|spa|1\n|-boost|p2a: Florges|spd|1\n|move|p1a: Ursaluna|Calm Mind|p1a: Ursaluna\n|-boost|p1a: Ursaluna|spa|1\n|-boost|p1a: Ursaluna|spd|1\n|\n|-heal|p2a: Florges|184/271|[from] item: Leftovers\n|-heal|p1a: Ursaluna|94/100|[from] item: Leftovers\n|upkeep\n|turn|32\n|inactive|Time left: 300 sec this turn | 300 sec total\n|\n|t:|1783560419\n|move|p2a: Florges|Wish|p2a: Florges\n|move|p1a: Ursaluna|Blood Moon|p2a: Florges\n|-damage|p2a: Florges|79/271\n|\n|-heal|p2a: Florges|95/271|[from] item: Leftovers\n|-heal|p1a: Ursaluna|100/100|[from] item: Leftovers\n|upkeep\n|turn|33\n|inactive|Time left: 300 sec this turn | 300 sec total\n|\n|t:|1783560419\n|move|p2a: Florges|Calm Mind|p2a: Florges\n|-boost|p2a: Florges|spa|1\n|-boost|p2a: Florges|spd|1\n|move|p1a: Ursaluna|Earth Power|p2a: Florges\n|-damage|p2a: Florges|40/271\n|-unboost|p2a: Florges|spd|1\n|\n|-heal|p2a: Florges|175/271|[from] move: Wish|[wisher] Florges\n|-heal|p2a: Florges|191/271|[from] item: Leftovers\n|upkeep\n|turn|34\n|inactive|Time left: 300 sec this turn | 300 sec total\n|\n|t:|1783560420\n|move|p2a: Florges|Wish|p2a: Florges\n|move|p1a: Ursaluna|Blood Moon|p2a: Florges\n|-damage|p2a: Florges|79/271\n|\n|-heal|p2a: Florges|95/271|[from] item: Leftovers\n|upkeep\n|turn|35\n|inactive|Time left: 300 sec this turn | 300 sec total\n|\n|t:|1783560421\n|move|p2a: Florges|Moonblast|p1a: Ursaluna\n|-resisted|p1a: Ursaluna\n|-damage|p1a: Ursaluna|75/100\n|move|p1a: Ursaluna|Calm Mind|p1a: Ursaluna\n|-boost|p1a: Ursaluna|spa|1\n|-boost|p1a: Ursaluna|spd|1\n|\n|-heal|p2a: Florges|230/271|[from] move: Wish|[wisher] Florges\n|-heal|p2a: Florges|246/271|[from] item: Leftovers\n|-heal|p1a: Ursaluna|81/100|[from] item: Leftovers\n|upkeep\n|turn|36\n|inactive|Time left: 300 sec this turn | 300 sec total\n|\n|t:|1783560423\n|move|p2a: Florges|Moonblast|p1a: Ursaluna\n|-resisted|p1a: Ursaluna\n|-damage|p1a: Ursaluna|60/100\n|-unboost|p1a: Ursaluna|spa|1\n|move|p1a: Ursaluna|Blood Moon|p2a: Florges\n|-damage|p2a: Florges|147/271\n|\n|-heal|p2a: Florges|163/271|[from] item: Leftovers\n|-heal|p1a: Ursaluna|66/100|[from] item: Leftovers\n|upkeep\n|turn|37\n|inactive|Time left: 300 sec this turn | 300 sec total\n|\n|t:|1783560424\n|move|p2a: Florges|Wish|p2a: Florges\n|move|p1a: Ursaluna|Earth Power|p2a: Florges\n|-damage|p2a: Florges|87/271\n|\n|-heal|p2a: Florges|103/271|[from] item: Leftovers\n|-heal|p1a: Ursaluna|72/100|[from] item: Leftovers\n|upkeep\n|turn|38\n|inactive|Time left: 300 sec this turn | 300 sec total\n|\n|t:|1783560425\n|move|p2a: Florges|Protect|p2a: Florges\n|-singleturn|p2a: Florges|Protect\n|move|p1a: Ursaluna|Blood Moon|p2a: Florges\n|-activate|p2a: Florges|move: Protect\n|\n|-heal|p2a: Florges|238/271|[from] move: Wish|[wisher] Florges\n|-heal|p2a: Florges|254/271|[from] item: Leftovers\n|-heal|p1a: Ursaluna|78/100|[from] item: Leftovers\n|upkeep\n|turn|39\n|inactive|Time left: 300 sec this turn | 300 sec total\n|\n|t:|1783560426\n|move|p2a: Florges|Moonblast|p1a: Ursaluna\n|-resisted|p1a: Ursaluna\n|-damage|p1a: Ursaluna|58/100\n|move|p1a: Ursaluna|Earth Power|p2a: Florges\n|-damage|p2a: Florges|190/271\n|\n|-heal|p2a: Florges|206/271|[from] item: Leftovers\n|-heal|p1a: Ursaluna|64/100|[from] item: Leftovers\n|upkeep\n|turn|40\n|inactive|Time left: 300 sec this turn | 300 sec total\n|\n|t:|1783560427\n|move|p2a: Florges|Moonblast|p1a: Ursaluna\n|-resisted|p1a: Ursaluna\n|-damage|p1a: Ursaluna|44/100\n|-unboost|p1a: Ursaluna|spa|1\n|move|p1a: Ursaluna|Calm Mind|p1a: Ursaluna\n|-boost|p1a: Ursaluna|spa|1\n|-boost|p1a: Ursaluna|spd|1\n|\n|-heal|p2a: Florges|222/271|[from] item: Leftovers\n|-heal|p1a: Ursaluna|50/100|[from] item: Leftovers\n|upkeep\n|turn|41\n|inactive|Time left: 300 sec this turn | 300 sec total\n|\n|t:|1783560428\n|move|p2a: Florges|Moonblast|p1a: Ursaluna\n|-resisted|p1a: Ursaluna\n|-damage|p1a: Ursaluna|31/100\n|move|p1a: Ursaluna|Moonlight|p1a: Ursaluna\n|-heal|p1a: Ursaluna|81/100\n|\n|-heal|p2a: Florges|238/271|[from] item: Leftovers\n|-heal|p1a: Ursaluna|88/100|[from] item: Leftovers\n|upkeep\n|turn|42\n|inactive|Time left: 300 sec this turn | 300 sec total\n|\n|t:|1783560429\n|move|p2a: Florges|Calm Mind|p2a: Florges\n|-boost|p2a: Florges|spa|1\n|-boost|p2a: Florges|spd|1\n|move|p1a: Ursaluna|Earth Power|p2a: Florges\n|-damage|p2a: Florges|183/271\n|\n|-heal|p2a: Florges|199/271|[from] item: Leftovers\n|-heal|p1a: Ursaluna|94/100|[from] item: Leftovers\n|upkeep\n|turn|43\n|inactive|Time left: 300 sec this turn | 300 sec total\n|\n|t:|1783560430\n|move|p2a: Florges|Wish|p2a: Florges\n|move|p1a: Ursaluna|Calm Mind|p1a: Ursaluna\n|-boost|p1a: Ursaluna|spa|1\n|-boost|p1a: Ursaluna|spd|0\n|\n|-heal|p2a: Florges|215/271|[from] item: Leftovers\n|-heal|p1a: Ursaluna|99/100|[from] item: Leftovers\n|upkeep\n|turn|44\n|inactive|Time left: 300 sec this turn | 300 sec total\n|\n|t:|1783560431\n|move|p2a: Florges|Moonblast|p1a: Ursaluna\n|-resisted|p1a: Ursaluna\n|-damage|p1a: Ursaluna|76/100\n|move|p1a: Ursaluna|Calm Mind|p1a: Ursaluna\n|-boost|p1a: Ursaluna|spa|1\n|-boost|p1a: Ursaluna|spd|0\n|\n|-heal|p2a: Florges|271/271|[from] move: Wish|[wisher] Florges\n|-heal|p1a: Ursaluna|82/100|[from] item: Leftovers\n|upkeep\n|turn|45\n|inactive|Time left: 300 sec this turn | 300 sec total\n|\n|t:|1783560432\n|move|p2a: Florges|Moonblast|p1a: Ursaluna\n|-resisted|p1a: Ursaluna\n|-damage|p1a: Ursaluna|61/100\n|move|p1a: Ursaluna|Earth Power|p2a: Florges\n|-damage|p2a: Florges|189/271\n|\n|-heal|p2a: Florges|205/271|[from] item: Leftovers\n|-heal|p1a: Ursaluna|67/100|[from] item: Leftovers\n|upkeep\n|turn|46\n|inactive|Time left: 300 sec this turn | 300 sec total\n|\n|t:|1783560433\n|move|p2a: Florges|Moonblast|p1a: Ursaluna\n|-resisted|p1a: Ursaluna\n|-damage|p1a: Ursaluna|45/100\n|move|p1a: Ursaluna|Earth Power|p2a: Florges\n|-damage|p2a: Florges|126/271\n|\n|-heal|p2a: Florges|142/271|[from] item: Leftovers\n|-heal|p1a: Ursaluna|51/100|[from] item: Leftovers\n|upkeep\n|turn|47\n|inactive|Time left: 300 sec this turn | 300 sec total\n|\n|t:|1783560434\n|move|p2a: Florges|Protect|p2a: Florges\n|-singleturn|p2a: Florges|Protect\n|move|p1a: Ursaluna|Earth Power|p2a: Florges\n|-activate|p2a: Florges|move: Protect\n|\n|-heal|p2a: Florges|158/271|[from] item: Leftovers\n|-heal|p1a: Ursaluna|57/100|[from] item: Leftovers\n|upkeep\n|turn|48\n|inactive|Time left: 300 sec this turn | 300 sec total\n|\n|t:|1783560435\n|move|p2a: Florges|Wish|p2a: Florges\n|move|p1a: Ursaluna|Earth Power|p2a: Florges\n|-damage|p2a: Florges|73/271\n|\n|-heal|p2a: Florges|89/271|[from] item: Leftovers\n|-heal|p1a: Ursaluna|63/100|[from] item: Leftovers\n|upkeep\n|turn|49\n|inactive|Time left: 300 sec this turn | 300 sec total\n|\n|t:|1783560436\n|move|p2a: Florges|Protect|p2a: Florges\n|-singleturn|p2a: Florges|Protect\n|move|p1a: Ursaluna|Blood Moon|p2a: Florges\n|-activate|p2a: Florges|move: Protect\n|\n|-heal|p2a: Florges|224/271|[from] move: Wish|[wisher] Florges\n|-heal|p2a: Florges|240/271|[from] item: Leftovers\n|-heal|p1a: Ursaluna|70/100|[from] item: Leftovers\n|upkeep\n|turn|50\n|inactive|Time left: 300 sec this turn | 300 sec total\n|\n|t:|1783560437\n|move|p2a: Florges|Moonblast|p1a: Ursaluna\n|-resisted|p1a: Ursaluna\n|-damage|p1a: Ursaluna|46/100\n|-unboost|p1a: Ursaluna|spa|1\n|move|p1a: Ursaluna|Earth Power|p2a: Florges\n|-damage|p2a: Florges|173/271\n|\n|-heal|p2a: Florges|189/271|[from] item: Leftovers\n|-heal|p1a: Ursaluna|52/100|[from] item: Leftovers\n|upkeep\n|turn|51\n|inactive|Time left: 300 sec this turn | 300 sec total\n|\n|t:|1783560438\n|move|p2a: Florges|Moonblast|p1a: Ursaluna\n|-resisted|p1a: Ursaluna\n|-damage|p1a: Ursaluna|29/100\n|-unboost|p1a: Ursaluna|spa|1\n|move|p1a: Ursaluna|Earth Power|p2a: Florges\n|-damage|p2a: Florges|125/271\n|\n|-heal|p2a: Florges|141/271|[from] item: Leftovers\n|-heal|p1a: Ursaluna|35/100|[from] item: Leftovers\n|upkeep\n|turn|52\n|inactive|Time left: 300 sec this turn | 300 sec total\n|\n|t:|1783560439\n|move|p2a: Florges|Moonblast|p1a: Ursaluna\n|-resisted|p1a: Ursaluna\n|-damage|p1a: Ursaluna|13/100\n|move|p1a: Ursaluna|Moonlight|p1a: Ursaluna\n|-heal|p1a: Ursaluna|63/100\n|\n|-heal|p2a: Florges|157/271|[from] item: Leftovers\n|-heal|p1a: Ursaluna|69/100|[from] item: Leftovers\n|upkeep\n|turn|53\n|inactive|Time left: 300 sec this turn | 300 sec total\n|\n|t:|1783560440\n|move|p2a: Florges|Wish|p2a: Florges\n|move|p1a: Ursaluna|Earth Power|p2a: Florges\n|-damage|p2a: Florges|99/271\n|\n|-heal|p2a: Florges|115/271|[from] item: Leftovers\n|-heal|p1a: Ursaluna|75/100|[from] item: Leftovers\n|upkeep\n|turn|54\n|inactive|Time left: 300 sec this turn | 300 sec total\n|\n|t:|1783560441\n|move|p2a: Florges|Moonblast|p1a: Ursaluna\n|-resisted|p1a: Ursaluna\n|-damage|p1a: Ursaluna|53/100\n|-unboost|p1a: Ursaluna|spa|1\n|move|p1a: Ursaluna|Earth Power|p2a: Florges\n|-damage|p2a: Florges|67/271\n|\n|-heal|p2a: Florges|202/271|[from] move: Wish|[wisher] Florges\n|-heal|p2a: Florges|218/271|[from] item: Leftovers\n|-heal|p1a: Ursaluna|59/100|[from] item: Leftovers\n|upkeep\n|turn|55\n|inactive|Time left: 300 sec this turn | 300 sec total\n|\n|t:|1783560442\n|move|p2a: Florges|Moonblast|p1a: Ursaluna\n|-resisted|p1a: Ursaluna\n|-damage|p1a: Ursaluna|37/100\n|-unboost|p1a: Ursaluna|spa|1\n|move|p1a: Ursaluna|Moonlight|p1a: Ursaluna\n|-heal|p1a: Ursaluna|87/100\n|\n|-heal|p2a: Florges|234/271|[from] item: Leftovers\n|-heal|p1a: Ursaluna|93/100|[from] item: Leftovers\n|upkeep\n|turn|56\n|inactive|Time left: 300 sec this turn | 300 sec total\n|\n|t:|1783560443\n|move|p2a: Florges|Moonblast|p1a: Ursaluna\n|-resisted|p1a: Ursaluna\n|-damage|p1a: Ursaluna|72/100\n|move|p1a: Ursaluna|Calm Mind|p1a: Ursaluna\n|-boost|p1a: Ursaluna|spa|1\n|-boost|p1a: Ursaluna|spd|0\n|\n|-heal|p2a: Florges|250/271|[from] item: Leftovers\n|-heal|p1a: Ursaluna|78/100|[from] item: Leftovers\n|upkeep\n|turn|57\n|inactive|Time left: 300 sec this turn | 300 sec total\n|\n|t:|1783560444\n|move|p2a: Florges|Moonblast|p1a: Ursaluna\n|-resisted|p1a: Ursaluna\n|-damage|p1a: Ursaluna|55/100\n|-unboost|p1a: Ursaluna|spa|1\n|move|p1a: Ursaluna|Calm Mind|p1a: Ursaluna\n|-boost|p1a: Ursaluna|spa|1\n|-boost|p1a: Ursaluna|spd|0\n|\n|-heal|p2a: Florges|266/271|[from] item: Leftovers\n|-heal|p1a: Ursaluna|62/100|[from] item: Leftovers\n|upkeep\n|turn|58\n|inactive|Time left: 300 sec this turn | 300 sec total\n|\n|t:|1783560446\n|move|p2a: Florges|Moonblast|p1a: Ursaluna\n|-resisted|p1a: Ursaluna\n|-damage|p1a: Ursaluna|41/100\n|move|p1a: Ursaluna|Calm Mind|p1a: Ursaluna\n|-boost|p1a: Ursaluna|spa|1\n|-boost|p1a: Ursaluna|spd|0\n|\n|-heal|p2a: Florges|271/271|[from] item: Leftovers\n|-heal|p1a: Ursaluna|47/100|[from] item: Leftovers\n|upkeep\n|turn|59\n|inactive|Time left: 300 sec this turn | 300 sec total\n|\n|t:|1783560447\n|move|p2a: Florges|Moonblast|p1a: Ursaluna\n|-resisted|p1a: Ursaluna\n|-damage|p1a: Ursaluna|25/100\n|move|p1a: Ursaluna|Moonlight|p1a: Ursaluna\n|-heal|p1a: Ursaluna|75/100\n|\n|-heal|p1a: Ursaluna|81/100|[from] item: Leftovers\n|upkeep\n|turn|60\n|inactive|Time left: 300 sec this turn | 300 sec total\n|\n|t:|1783560448\n|move|p2a: Florges|Moonblast|p1a: Ursaluna\n|-resisted|p1a: Ursaluna\n|-damage|p1a: Ursaluna|61/100\n|move|p1a: Ursaluna|Calm Mind|p1a: Ursaluna\n|-boost|p1a: Ursaluna|spa|1\n|-boost|p1a: Ursaluna|spd|0\n|\n|-heal|p1a: Ursaluna|67/100|[from] item: Leftovers\n|upkeep\n|turn|61\n|inactive|Time left: 300 sec this turn | 300 sec total\n|\n|t:|1783560449\n|move|p2a: Florges|Moonblast|p1a: Ursaluna\n|-resisted|p1a: Ursaluna\n|-damage|p1a: Ursaluna|43/100\n|-unboost|p1a: Ursaluna|spa|1\n|move|p1a: Ursaluna|Earth Power|p2a: Florges\n|-damage|p2a: Florges|213/271\n|\n|-heal|p2a: Florges|229/271|[from] item: Leftovers\n|-heal|p1a: Ursaluna|49/100|[from] item: Leftovers\n|upkeep\n|turn|62\n|inactive|Time left: 300 sec this turn | 300 sec total\n|\n|t:|1783560450\n|move|p2a: Florges|Moonblast|p1a: Ursaluna\n|-resisted|p1a: Ursaluna\n|-damage|p1a: Ursaluna|28/100\n|move|p1a: Ursaluna|Moonlight|p1a: Ursaluna\n|-heal|p1a: Ursaluna|78/100\n|\n|-heal|p2a: Florges|245/271|[from] item: Leftovers\n|-heal|p1a: Ursaluna|84/100|[from] item: Leftovers\n|upkeep\n|turn|63\n|inactive|Time left: 300 sec this turn | 300 sec total\n|\n|t:|1783560451\n|move|p2a: Florges|Moonblast|p1a: Ursaluna\n|-resisted|p1a: Ursaluna\n|-damage|p1a: Ursaluna|63/100\n|move|p1a: Ursaluna|Calm Mind|p1a: Ursaluna\n|-boost|p1a: Ursaluna|spa|1\n|-boost|p1a: Ursaluna|spd|0\n|\n|-heal|p2a: Florges|261/271|[from] item: Leftovers\n|-heal|p1a: Ursaluna|69/100|[from] item: Leftovers\n|upkeep\n|turn|64\n|inactive|Time left: 300 sec this turn | 300 sec total\n|\n|t:|1783560452\n|move|p2a: Florges|Wish|p2a: Florges\n|move|p1a: Ursaluna|Earth Power|p2a: Florges\n|-damage|p2a: Florges|192/271\n|\n|-heal|p2a: Florges|208/271|[from] item: Leftovers\n|-heal|p1a: Ursaluna|75/100|[from] item: Leftovers\n|upkeep\n|turn|65\n|inactive|Time left: 300 sec this turn | 300 sec total\n|\n|t:|1783560452\n|move|p2a: Florges|Calm Mind|p2a: Florges\n|-boost|p2a: Florges|spa|1\n|-boost|p2a: Florges|spd|1\n|move|p1a: Ursaluna|Calm Mind|p1a: Ursaluna\n|-boost|p1a: Ursaluna|spa|1\n|-boost|p1a: Ursaluna|spd|0\n|\n|-heal|p2a: Florges|271/271|[from] move: Wish|[wisher] Florges\n|-heal|p1a: Ursaluna|81/100|[from] item: Leftovers\n|upkeep\n|turn|66\n|inactive|Time left: 300 sec this turn | 300 sec total\n|\n|t:|1783560453\n|move|p2a: Florges|Wish|p2a: Florges\n|move|p1a: Ursaluna|Calm Mind|p1a: Ursaluna\n|-boost|p1a: Ursaluna|spa|1\n|-boost|p1a: Ursaluna|spd|0\n|\n|-heal|p1a: Ursaluna|88/100|[from] item: Leftovers\n|upkeep\n|turn|67\n|inactive|Time left: 300 sec this turn | 300 sec total\n|\n|t:|1783560454\n|move|p2a: Florges|Wish||[still]\n|-fail|p2a: Florges\n|move|p1a: Ursaluna|Calm Mind|p1a: Ursaluna\n|-boost|p1a: Ursaluna|spa|0\n|-boost|p1a: Ursaluna|spd|0\n|\n|-heal|p1a: Ursaluna|94/100|[from] item: Leftovers\n|upkeep\n|turn|68\n|inactive|Time left: 300 sec this turn | 300 sec total\n|\n|t:|1783560455\n|move|p2a: Florges|Calm Mind|p2a: Florges\n|-boost|p2a: Florges|spa|0\n|-boost|p2a: Florges|spd|1\n|move|p1a: Ursaluna|Calm Mind|p1a: Ursaluna\n|-boost|p1a: Ursaluna|spa|0\n|-boost|p1a: Ursaluna|spd|0\n|\n|-heal|p1a: Ursaluna|99/100|[from] item: Leftovers\n|upkeep\n|turn|69\n|inactive|Time left: 300 sec this turn | 300 sec total\n|\n|t:|1783560456\n|move|p2a: Florges|Protect|p2a: Florges\n|-singleturn|p2a: Florges|Protect\n|move|p1a: Ursaluna|Calm Mind|p1a: Ursaluna\n|-boost|p1a: Ursaluna|spa|0\n|-boost|p1a: Ursaluna|spd|0\n|\n|-heal|p1a: Ursaluna|100/100|[from] item: Leftovers\n|upkeep\n|turn|70\n|inactive|Time left: 300 sec this turn | 300 sec total\n|\n|t:|1783560456\n|move|p2a: Florges|Wish|p2a: Florges\n|move|p1a: Ursaluna|Calm Mind|p1a: Ursaluna\n|-boost|p1a: Ursaluna|spa|0\n|-boost|p1a: Ursaluna|spd|0\n|\n|upkeep\n|turn|71\n|inactive|Time left: 300 sec this turn | 300 sec total\n|\n|t:|1783560457\n|move|p2a: Florges|Wish||[still]\n|-fail|p2a: Florges\n|move|p1a: Ursaluna|Calm Mind|p1a: Ursaluna\n|-boost|p1a: Ursaluna|spa|0\n|-boost|p1a: Ursaluna|spd|0\n|\n|upkeep\n|turn|72\n|inactive|Time left: 300 sec this turn | 300 sec total\n|\n|t:|1783560458\n|move|p2a: Florges|Protect|p2a: Florges\n|-singleturn|p2a: Florges|Protect\n|move|p1a: Ursaluna|Calm Mind|p1a: Ursaluna\n|-boost|p1a: Ursaluna|spa|0\n|-boost|p1a: Ursaluna|spd|0\n|\n|upkeep\n|turn|73\n|inactive|Time left: 300 sec this turn | 300 sec total\n|\n|t:|1783560459\n|move|p2a: Florges|Protect||[still]\n|-fail|p2a: Florges\n|move|p1a: Ursaluna|Earth Power|p2a: Florges\n|-damage|p2a: Florges|204/271\n|\n|-heal|p2a: Florges|220/271|[from] item: Leftovers\n|upkeep\n|turn|74\n|inactive|Time left: 300 sec this turn | 300 sec total\n|\n|t:|1783560460\n|move|p2a: Florges|Wish|p2a: Florges\n|move|p1a: Ursaluna|Calm Mind|p1a: Ursaluna\n|-boost|p1a: Ursaluna|spa|0\n|-boost|p1a: Ursaluna|spd|0\n|\n|-heal|p2a: Florges|236/271|[from] item: Leftovers\n|upkeep\n|turn|75\n|inactive|Time left: 300 sec this turn | 300 sec total\n|\n|t:|1783560461\n|move|p2a: Florges|Wish||[still]\n|-fail|p2a: Florges\n|move|p1a: Ursaluna|Calm Mind|p1a: Ursaluna\n|-boost|p1a: Ursaluna|spa|0\n|-boost|p1a: Ursaluna|spd|0\n|\n|-heal|p2a: Florges|271/271|[from] move: Wish|[wisher] Florges\n|upkeep\n|turn|76\n|inactive|Time left: 300 sec this turn | 300 sec total\n|\n|t:|1783560462\n|move|p2a: Florges|Calm Mind|p2a: Florges\n|-boost|p2a: Florges|spa|0\n|-boost|p2a: Florges|spd|0\n|move|p1a: Ursaluna|Calm Mind|p1a: Ursaluna\n|-boost|p1a: Ursaluna|spa|0\n|-boost|p1a: Ursaluna|spd|0\n|\n|upkeep\n|turn|77\n|inactive|Time left: 300 sec this turn | 300 sec total\n|\n|t:|1783560463\n|move|p2a: Florges|Calm Mind|p2a: Florges\n|-boost|p2a: Florges|spa|0\n|-boost|p2a: Florges|spd|0\n|move|p1a: Ursaluna|Calm Mind|p1a: Ursaluna\n|-boost|p1a: Ursaluna|spa|0\n|-boost|p1a: Ursaluna|spd|0\n|\n|upkeep\n|turn|78\n|inactive|Time left: 300 sec this turn | 300 sec total\n|\n|t:|1783560465\n|move|p2a: Florges|Calm Mind|p2a: Florges\n|-boost|p2a: Florges|spa|0\n|-boost|p2a: Florges|spd|0\n|move|p1a: Ursaluna|Calm Mind|p1a: Ursaluna\n|-boost|p1a: Ursaluna|spa|0\n|-boost|p1a: Ursaluna|spd|0\n|\n|upkeep\n|turn|79\n|inactive|Time left: 300 sec this turn | 300 sec total\n|\n|t:|1783560466\n|move|p2a: Florges|Calm Mind|p2a: Florges\n|-boost|p2a: Florges|spa|0\n|-boost|p2a: Florges|spd|0\n|move|p1a: Ursaluna|Calm Mind|p1a: Ursaluna\n|-boost|p1a: Ursaluna|spa|0\n|-boost|p1a: Ursaluna|spd|0\n|\n|upkeep\n|turn|80\n|inactive|Time left: 300 sec this turn | 300 sec total\n|\n|t:|1783560467\n|move|p2a: Florges|Wish|p2a: Florges\n|move|p1a: Ursaluna|Calm Mind|p1a: Ursaluna\n|-boost|p1a: Ursaluna|spa|0\n|-boost|p1a: Ursaluna|spd|0\n|\n|upkeep\n|turn|81\n|inactive|Time left: 300 sec this turn | 300 sec total\n|\n|t:|1783560468\n|move|p2a: Florges|Wish||[still]\n|-fail|p2a: Florges\n|move|p1a: Ursaluna|Calm Mind|p1a: Ursaluna\n|-boost|p1a: Ursaluna|spa|0\n|-boost|p1a: Ursaluna|spd|0\n|\n|upkeep\n|turn|82\n|inactive|Time left: 300 sec this turn | 300 sec total\n|\n|t:|1783560469\n|move|p2a: Florges|Calm Mind|p2a: Florges\n|-boost|p2a: Florges|spa|0\n|-boost|p2a: Florges|spd|0\n|move|p1a: Ursaluna|Calm Mind|p1a: Ursaluna\n|-boost|p1a: Ursaluna|spa|0\n|-boost|p1a: Ursaluna|spd|0\n|\n|upkeep\n|turn|83\n|inactive|Time left: 300 sec this turn | 300 sec total\n|\n|t:|1783560470\n|move|p2a: Florges|Wish|p2a: Florges\n|move|p1a: Ursaluna|Calm Mind|p1a: Ursaluna\n|-boost|p1a: Ursaluna|spa|0\n|-boost|p1a: Ursaluna|spd|0\n|\n|upkeep\n|turn|84\n|inactive|Time left: 300 sec this turn | 300 sec total\n|\n|t:|1783560471\n|move|p2a: Florges|Protect|p2a: Florges\n|-singleturn|p2a: Florges|Protect\n|move|p1a: Ursaluna|Calm Mind|p1a: Ursaluna\n|-boost|p1a: Ursaluna|spa|0\n|-boost|p1a: Ursaluna|spd|0\n|\n|upkeep\n|turn|85\n|inactive|Time left: 300 sec this turn | 300 sec total\n|\n|t:|1783560472\n|move|p2a: Florges|Calm Mind|p2a: Florges\n|-boost|p2a: Florges|spa|0\n|-boost|p2a: Florges|spd|0\n|move|p1a: Ursaluna|Moonlight|p1a: Ursaluna\n|-fail|p1a: Ursaluna|heal\n|\n|upkeep\n|turn|86\n|inactive|Time left: 300 sec this turn | 300 sec total\n|\n|t:|1783560473\n|move|p2a: Florges|Protect|p2a: Florges\n|-singleturn|p2a: Florges|Protect\n|move|p1a: Ursaluna|Earth Power|p2a: Florges\n|-activate|p2a: Florges|move: Protect\n|\n|upkeep\n|turn|87\n|inactive|Time left: 300 sec this turn | 300 sec total\n|\n|t:|1783560474\n|switch|p1a: Volcarona|Volcarona, L77, M|100/100\n|move|p2a: Florges|Protect||[still]\n|-fail|p2a: Florges\n|\n|upkeep\n|turn|88\n|inactive|Time left: 300 sec this turn | 300 sec total\n|\n|t:|1783560475\n|move|p2a: Florges|Protect|p2a: Florges\n|-singleturn|p2a: Florges|Protect\n|move|p1a: Volcarona|Quiver Dance|p1a: Volcarona\n|-boost|p1a: Volcarona|spa|1\n|-boost|p1a: Volcarona|spd|1\n|-boost|p1a: Volcarona|spe|1\n|\n|upkeep\n|turn|89\n|inactive|Time left: 300 sec this turn | 300 sec total\n|\n|t:|1783560476\n|move|p1a: Volcarona|Quiver Dance|p1a: Volcarona\n|-boost|p1a: Volcarona|spa|1\n|-boost|p1a: Volcarona|spd|1\n|-boost|p1a: Volcarona|spe|1\n|move|p2a: Florges|Calm Mind|p2a: Florges\n|-boost|p2a: Florges|spa|0\n|-boost|p2a: Florges|spd|0\n|\n|upkeep\n|turn|90\n|inactive|Time left: 300 sec this turn | 300 sec total\n|\n|t:|1783560477\n|move|p2a: Florges|Protect|p2a: Florges\n|-singleturn|p2a: Florges|Protect\n|move|p1a: Volcarona|Quiver Dance|p1a: Volcarona\n|-boost|p1a: Volcarona|spa|1\n|-boost|p1a: Volcarona|spd|1\n|-boost|p1a: Volcarona|spe|1\n|\n|upkeep\n|turn|91\n|inactive|Time left: 300 sec this turn | 300 sec total\n|\n|t:|1783560478\n|move|p1a: Volcarona|Quiver Dance|p1a: Volcarona\n|-boost|p1a: Volcarona|spa|1\n|-boost|p1a: Volcarona|spd|1\n|-boost|p1a: Volcarona|spe|1\n|move|p2a: Florges|Calm Mind|p2a: Florges\n|-boost|p2a: Florges|spa|0\n|-boost|p2a: Florges|spd|0\n|\n|upkeep\n|turn|92\n|inactive|Time left: 300 sec this turn | 300 sec total\n|\n|t:|1783560479\n|move|p1a: Volcarona|Bug Buzz|p2a: Florges\n|-resisted|p2a: Florges\n|-damage|p2a: Florges|246/271\n|move|p2a: Florges|Calm Mind|p2a: Florges\n|-boost|p2a: Florges|spa|0\n|-boost|p2a: Florges|spd|0\n|\n|-heal|p2a: Florges|262/271|[from] item: Leftovers\n|upkeep\n|turn|93\n|inactive|Time left: 300 sec this turn | 300 sec total\n|\n|t:|1783560481\n|move|p2a: Florges|Protect|p2a: Florges\n|-singleturn|p2a: Florges|Protect\n|move|p1a: Volcarona|Fire Blast|p2a: Florges\n|-activate|p2a: Florges|move: Protect\n|\n|-heal|p2a: Florges|271/271|[from] item: Leftovers\n|upkeep\n|turn|94\n|inactive|Time left: 300 sec this turn | 300 sec total\n|\n|t:|1783560482\n|move|p2a: Florges|Protect||[still]\n|-fail|p2a: Florges\n|move|p1a: Volcarona|Fire Blast|p2a: Florges\n|-damage|p2a: Florges|216/271\n|\n|-heal|p2a: Florges|232/271|[from] item: Leftovers\n|upkeep\n|turn|95\n|inactive|Time left: 300 sec this turn | 300 sec total\n|\n|t:|1783560483\n|move|p1a: Volcarona|Fire Blast|p2a: Florges\n|-damage|p2a: Florges|174/271\n|-status|p2a: Florges|brn\n|move|p2a: Florges|Calm Mind|p2a: Florges\n|-boost|p2a: Florges|spa|0\n|-boost|p2a: Florges|spd|0\n|\n|-heal|p2a: Florges|190/271 brn|[from] item: Leftovers\n|-damage|p2a: Florges|174/271 brn|[from] brn\n|upkeep\n|turn|96\n|inactive|Time left: 300 sec this turn | 300 sec total\n|\n|t:|1783560484\n|move|p1a: Volcarona|Fire Blast|p2a: Florges|[miss]\n|-miss|p1a: Volcarona|p2a: Florges\n|move|p2a: Florges|Calm Mind|p2a: Florges\n|-boost|p2a: Florges|spa|0\n|-boost|p2a: Florges|spd|0\n|\n|-heal|p2a: Florges|190/271 brn|[from] item: Leftovers\n|-damage|p2a: Florges|174/271 brn|[from] brn\n|upkeep\n|turn|97\n|inactive|Time left: 300 sec this turn | 300 sec total\n|\n|t:|1783560485\n|move|p2a: Florges|Protect|p2a: Florges\n|-singleturn|p2a: Florges|Protect\n|move|p1a: Volcarona|Bug Buzz|p2a: Florges\n|-activate|p2a: Florges|move: Protect\n|\n|-heal|p2a: Florges|190/271 brn|[from] item: Leftovers\n|-damage|p2a: Florges|174/271 brn|[from] brn\n|upkeep\n|turn|98\n|inactive|Time left: 300 sec this turn | 300 sec total\n|\n|t:|1783560486\n|move|p2a: Florges|Protect||[still]\n|-fail|p2a: Florges\n|move|p1a: Volcarona|Bug Buzz|p2a: Florges\n|-resisted|p2a: Florges\n|-damage|p2a: Florges|149/271 brn\n|\n|-heal|p2a: Florges|165/271 brn|[from] item: Leftovers\n|-damage|p2a: Florges|149/271 brn|[from] brn\n|upkeep\n|turn|99\n|inactive|Time left: 300 sec this turn | 300 sec total\n|\n|t:|1783560487\n|move|p1a: Volcarona|Bug Buzz|p2a: Florges\n|-resisted|p2a: Florges\n|-damage|p2a: Florges|125/271 brn\n|move|p2a: Florges|Calm Mind|p2a: Florges\n|-boost|p2a: Florges|spa|0\n|-boost|p2a: Florges|spd|0\n|\n|-heal|p2a: Florges|141/271 brn|[from] item: Leftovers\n|-damage|p2a: Florges|125/271 brn|[from] brn\n|upkeep\n|turn|100\n|inactive|Time left: 300 sec this turn | 300 sec total\n|\n|t:|1783560488\n|move|p1a: Volcarona|Bug Buzz|p2a: Florges\n|-resisted|p2a: Florges\n|-damage|p2a: Florges|101/271 brn\n|move|p2a: Florges|Calm Mind|p2a: Florges\n|-boost|p2a: Florges|spa|0\n|-boost|p2a: Florges|spd|0\n|\n|-heal|p2a: Florges|117/271 brn|[from] item: Leftovers\n|-damage|p2a: Florges|101/271 brn|[from] brn\n|upkeep\n|turn|101\n|inactive|Time left: 300 sec this turn | 300 sec total\n|\n|t:|1783560489\n|move|p1a: Volcarona|Bug Buzz|p2a: Florges\n|-resisted|p2a: Florges\n|-damage|p2a: Florges|77/271 brn\n|-unboost|p2a: Florges|spd|1\n|move|p2a: Florges|Calm Mind|p2a: Florges\n|-boost|p2a: Florges|spa|0\n|-boost|p2a: Florges|spd|1\n|\n|-heal|p2a: Florges|93/271 brn|[from] item: Leftovers\n|-damage|p2a: Florges|77/271 brn|[from] brn\n|upkeep\n|turn|102\n|inactive|Time left: 300 sec this turn | 300 sec total\n|\n|t:|1783560490\n|move|p1a: Volcarona|Bug Buzz|p2a: Florges\n|-resisted|p2a: Florges\n|-damage|p2a: Florges|52/271 brn\n|move|p2a: Florges|Calm Mind|p2a: Florges\n|-boost|p2a: Florges|spa|0\n|-boost|p2a: Florges|spd|0\n|\n|-heal|p2a: Florges|68/271 brn|[from] item: Leftovers\n|-damage|p2a: Florges|52/271 brn|[from] brn\n|upkeep\n|turn|103\n|inactive|Time left: 300 sec this turn | 300 sec total\n|\n|t:|1783560492\n|move|p1a: Volcarona|Bug Buzz|p2a: Florges\n|-resisted|p2a: Florges\n|-damage|p2a: Florges|28/271 brn\n|-unboost|p2a: Florges|spd|1\n|move|p2a: Florges|Calm Mind|p2a: Florges\n|-boost|p2a: Florges|spa|0\n|-boost|p2a: Florges|spd|1\n|\n|-heal|p2a: Florges|44/271 brn|[from] item: Leftovers\n|-damage|p2a: Florges|28/271 brn|[from] brn\n|upkeep\n|turn|104\n|inactive|Time left: 300 sec this turn | 300 sec total\n|\n|t:|1783560493\n|move|p1a: Volcarona|Quiver Dance|p1a: Volcarona\n|-boost|p1a: Volcarona|spa|1\n|-boost|p1a: Volcarona|spd|1\n|-boost|p1a: Volcarona|spe|1\n|move|p2a: Florges|Calm Mind|p2a: Florges\n|-boost|p2a: Florges|spa|0\n|-boost|p2a: Florges|spd|0\n|\n|-heal|p2a: Florges|44/271 brn|[from] item: Leftovers\n|-damage|p2a: Florges|28/271 brn|[from] brn\n|upkeep\n|turn|105\n|inactive|Time left: 300 sec this turn | 300 sec total\n|\n|t:|1783560494\n|move|p1a: Volcarona|Quiver Dance|p1a: Volcarona\n|-boost|p1a: Volcarona|spa|1\n|-boost|p1a: Volcarona|spd|1\n|-boost|p1a: Volcarona|spe|1\n|move|p2a: Florges|Calm Mind|p2a: Florges\n|-boost|p2a: Florges|spa|0\n|-boost|p2a: Florges|spd|0\n|\n|-heal|p2a: Florges|44/271 brn|[from] item: Leftovers\n|-damage|p2a: Florges|28/271 brn|[from] brn\n|upkeep\n|turn|106\n|inactive|Time left: 300 sec this turn | 300 sec total\n|\n|t:|1783560495\n|move|p1a: Volcarona|Quiver Dance|p1a: Volcarona\n|-boost|p1a: Volcarona|spa|0\n|-boost|p1a: Volcarona|spd|0\n|-boost|p1a: Volcarona|spe|0\n|move|p2a: Florges|Calm Mind|p2a: Florges\n|-boost|p2a: Florges|spa|0\n|-boost|p2a: Florges|spd|0\n|\n|-heal|p2a: Florges|44/271 brn|[from] item: Leftovers\n|-damage|p2a: Florges|28/271 brn|[from] brn\n|upkeep\n|turn|107\n|inactive|Time left: 300 sec this turn | 300 sec total\n|\n|t:|1783560496\n|move|p1a: Volcarona|Quiver Dance|p1a: Volcarona\n|-boost|p1a: Volcarona|spa|0\n|-boost|p1a: Volcarona|spd|0\n|-boost|p1a: Volcarona|spe|0\n|move|p2a: Florges|Calm Mind|p2a: Florges\n|-boost|p2a: Florges|spa|0\n|-boost|p2a: Florges|spd|0\n|\n|-heal|p2a: Florges|44/271 brn|[from] item: Leftovers\n|-damage|p2a: Florges|28/271 brn|[from] brn\n|upkeep\n|turn|108\n|inactive|Time left: 300 sec this turn | 300 sec total\n|\n|t:|1783560497\n|move|p1a: Volcarona|Quiver Dance|p1a: Volcarona\n|-boost|p1a: Volcarona|spa|0\n|-boost|p1a: Volcarona|spd|0\n|-boost|p1a: Volcarona|spe|0\n|move|p2a: Florges|Calm Mind|p2a: Florges\n|-boost|p2a: Florges|spa|0\n|-boost|p2a: Florges|spd|0\n|\n|-heal|p2a: Florges|44/271 brn|[from] item: Leftovers\n|-damage|p2a: Florges|28/271 brn|[from] brn\n|upkeep\n|turn|109\n|inactive|Time left: 300 sec this turn | 300 sec total\n|\n|t:|1783560498\n|move|p1a: Volcarona|Quiver Dance|p1a: Volcarona\n|-boost|p1a: Volcarona|spa|0\n|-boost|p1a: Volcarona|spd|0\n|-boost|p1a: Volcarona|spe|0\n|move|p2a: Florges|Calm Mind|p2a: Florges\n|-boost|p2a: Florges|spa|0\n|-boost|p2a: Florges|spd|0\n|\n|-heal|p2a: Florges|44/271 brn|[from] item: Leftovers\n|-damage|p2a: Florges|28/271 brn|[from] brn\n|upkeep\n|turn|110\n|inactive|Time left: 300 sec this turn | 300 sec total\n|\n|t:|1783560499\n|move|p1a: Volcarona|Quiver Dance|p1a: Volcarona\n|-boost|p1a: Volcarona|spa|0\n|-boost|p1a: Volcarona|spd|0\n|-boost|p1a: Volcarona|spe|0\n|move|p2a: Florges|Calm Mind|p2a: Florges\n|-boost|p2a: Florges|spa|0\n|-boost|p2a: Florges|spd|0\n|\n|-heal|p2a: Florges|44/271 brn|[from] item: Leftovers\n|-damage|p2a: Florges|28/271 brn|[from] brn\n|upkeep\n|turn|111\n|inactive|Time left: 300 sec this turn | 300 sec total\n|\n|t:|1783560500\n|move|p1a: Volcarona|Quiver Dance|p1a: Volcarona\n|-boost|p1a: Volcarona|spa|0\n|-boost|p1a: Volcarona|spd|0\n|-boost|p1a: Volcarona|spe|0\n|move|p2a: Florges|Calm Mind|p2a: Florges\n|-boost|p2a: Florges|spa|0\n|-boost|p2a: Florges|spd|0\n|\n|-heal|p2a: Florges|44/271 brn|[from] item: Leftovers\n|-damage|p2a: Florges|28/271 brn|[from] brn\n|upkeep\n|turn|112\n|inactive|Time left: 300 sec this turn | 300 sec total\n|\n|t:|1783560501\n|move|p1a: Volcarona|Quiver Dance|p1a: Volcarona\n|-boost|p1a: Volcarona|spa|0\n|-boost|p1a: Volcarona|spd|0\n|-boost|p1a: Volcarona|spe|0\n|move|p2a: Florges|Calm Mind|p2a: Florges\n|-boost|p2a: Florges|spa|0\n|-boost|p2a: Florges|spd|0\n|\n|-heal|p2a: Florges|44/271 brn|[from] item: Leftovers\n|-damage|p2a: Florges|28/271 brn|[from] brn\n|upkeep\n|turn|113\n|inactive|Time left: 300 sec this turn | 300 sec total\n|\n|t:|1783560502\n|move|p1a: Volcarona|Bug Buzz|p2a: Florges\n|-resisted|p2a: Florges\n|-damage|p2a: Florges|0 fnt\n|faint|p2a: Florges\n|\n|upkeep\n|inactive|Time left: 300 sec this turn | 300 sec total | 5 sec grace\n|\n|t:|1783560503\n|switch|p2a: Dondozo|Dondozo, L78, F|144/362\n|turn|114\n|inactive|Time left: 300 sec this turn | 300 sec total\n|\n|t:|1783560504\n|-terastallize|p2a: Dondozo|Dragon\n|move|p1a: Volcarona|Bug Buzz|p2a: Dondozo\n|-damage|p2a: Dondozo|15/362\n|-unboost|p2a: Dondozo|spd|1\n|move|p2a: Dondozo|Rest|p2a: Dondozo\n|-status|p2a: Dondozo|slp|[from] move: Rest\n|-heal|p2a: Dondozo|362/362 slp|[silent]\n|\n|upkeep\n|turn|115\n|inactive|Time left: 300 sec this turn | 300 sec total\n|\n|t:|1783560504\n|move|p1a: Volcarona|Bug Buzz|p2a: Dondozo\n|-damage|p2a: Dondozo|157/362 slp\n|cant|p2a: Dondozo|slp\n|move|p2a: Dondozo|Sleep Talk|p2a: Dondozo\n|move|p2a: Dondozo|Curse|p2a: Dondozo|[from] move: Sleep Talk\n|-unboost|p2a: Dondozo|spe|1\n|-boost|p2a: Dondozo|atk|1\n|-boost|p2a: Dondozo|def|1\n|\n|-heal|p2a: Dondozo|179/362 slp|[from] item: Leftovers\n|upkeep\n|turn|116\n|inactive|Time left: 300 sec this turn | 300 sec total\n|\n|t:|1783560505\n|switch|p2a: Kommo-o|Kommo-o, L77, F|242/242\n|move|p1a: Volcarona|Bug Buzz|p2a: Kommo-o\n|-immune|p2a: Kommo-o|[from] ability: Soundproof\n|\n|upkeep\n|turn|117\n|inactive|Time left: 300 sec this turn | 300 sec total\n|\n|t:|1783560506\n|switch|p2a: Dondozo|Dondozo, L78, F, tera:Dragon|179/362 slp\n|move|p1a: Volcarona|Tera Blast|p2a: Dondozo\n|-damage|p2a: Dondozo|96/362 slp\n|\n|-heal|p2a: Dondozo|118/362 slp|[from] item: Leftovers\n|upkeep\n|turn|118\n|inactive|Time left: 300 sec this turn | 300 sec total\n|\n|t:|1783560507\n|switch|p2a: Kommo-o|Kommo-o, L77, F|242/242\n|move|p1a: Volcarona|Bug Buzz|p2a: Kommo-o\n|-immune|p2a: Kommo-o|[from] ability: Soundproof\n|\n|upkeep\n|turn|119\n|inactive|Time left: 300 sec this turn | 300 sec total\n|\n|t:|1783560508\n|switch|p2a: Dondozo|Dondozo, L78, F, tera:Dragon|118/362 slp\n|move|p1a: Volcarona|Tera Blast|p2a: Dondozo\n|-damage|p2a: Dondozo|28/362 slp\n|\n|-heal|p2a: Dondozo|50/362 slp|[from] item: Leftovers\n|upkeep\n|turn|120\n|inactive|Time left: 300 sec this turn | 300 sec total\n|\n|t:|1783560509\n|move|p1a: Volcarona|Tera Blast|p2a: Dondozo\n|-damage|p2a: Dondozo|0 fnt\n|faint|p2a: Dondozo\n|\n|upkeep\n|inactive|Time left: 300 sec this turn | 300 sec total | 5 sec grace\n|\n|t:|1783560510\n|switch|p2a: Kommo-o|Kommo-o, L77, F|242/242\n|turn|121\n|inactive|Time left: 300 sec this turn | 300 sec total\n|\n|t:|1783560511\n|move|p1a: Volcarona|Tera Blast|p2a: Kommo-o\n|-damage|p2a: Kommo-o|11/242\n|move|p2a: Kommo-o|Scale Shot|p1a: Volcarona\n|-damage|p1a: Volcarona|88/100\n|-damage|p1a: Volcarona|76/100\n|-damage|p1a: Volcarona|64/100\n|-crit|p1a: Volcarona\n|-damage|p1a: Volcarona|45/100\n|-damage|p1a: Volcarona|33/100\n|-hitcount|p1a: Volcarona|5\n|-unboost|p2a: Kommo-o|def|1\n|-boost|p2a: Kommo-o|spe|1\n|\n|upkeep\n|turn|122\n|inactive|Time left: 300 sec this turn | 300 sec total\n|\n|t:|1783560512\n|move|p1a: Volcarona|Tera Blast|p2a: Kommo-o\n|-damage|p2a: Kommo-o|0 fnt\n|faint|p2a: Kommo-o\n|\n|win|p0x1826e103", "uploadtime": 1783560512, "views": 0, "rating": 0, "private": 0, "password": null, "_winner": "p0x1826e103", "_our_name": "p0y1826d322"}