{"id": "battle-gen9randombattle-860", "formatid": "gen9randombattle", "format": "[Gen 9] Random Battle", "players": ["p0x8603970", "p0y8606a21"], "log": "|init|battle\n|title|p0x8603970 vs. p0y8606a21\n|j|\u2606p0x8603970\n|j|\u2606p0y8606a21\n|t:|1783549108\n|gametype|singles\n|player|p1|p0x8603970|170|\n|player|p2|p0y8606a21|101|\n|gen|9\n|tier|[Gen 9] Random Battle\n|rule|Species Clause: Limit one of each Pok\u00e9mon\n|rule|HP Percentage Mod: HP is shown in percentages\n|rule|Sleep Clause Mod: Limit one foe put to sleep\n|rule|Illusion Level Mod: Illusion disguises the Pok\u00e9mon's true level\n|\n|t:|1783549108\n|teamsize|p1|6\n|teamsize|p2|6\n|start\n|switch|p1a: Lumineon|Lumineon, L93, M|100/100\n|switch|p2a: Kyurem|Kyurem, L77|319/319\n|-ability|p2a: Kyurem|Pressure\n|turn|1\n|inactive|Battle timer is ON: inactive players will automatically lose when time's up. (requested by p0y8606a21)\n|inactive|p0x8603970 also wants the timer to be on.\n|\n|t:|1783549109\n|move|p1a: Lumineon|U-turn|p2a: Kyurem\n|-crit|p2a: Kyurem\n|-damage|p2a: Kyurem|241/319\n|\n|t:|1783549110\n|switch|p1a: Wyrdeer|Wyrdeer, L87, F|100/100|[from] U-turn\n|-ability|p1a: Wyrdeer|Intimidate|boost\n|-unboost|p2a: Kyurem|atk|1\n|move|p2a: Kyurem|Freeze-Dry|p1a: Wyrdeer\n|-damage|p1a: Wyrdeer|75/100\n|\n|upkeep\n|turn|2\n|inactive|Time left: 300 sec this turn | 300 sec total\n|\n|t:|1783549111\n|move|p2a: Kyurem|Freeze-Dry|p1a: Wyrdeer\n|-damage|p1a: Wyrdeer|50/100\n|move|p1a: Wyrdeer|Body Slam|p2a: Kyurem\n|-damage|p2a: Kyurem|130/319\n|-status|p2a: Kyurem|par\n|\n|upkeep\n|turn|3\n|inactive|Time left: 300 sec this turn | 300 sec total\n|\n|t:|1783549112\n|move|p1a: Wyrdeer|Earthquake|p2a: Kyurem\n|-damage|p2a: Kyurem|50/319 par\n|cant|p2a: Kyurem|par\n|\n|upkeep\n|turn|4\n|inactive|Time left: 300 sec this turn | 300 sec total\n|\n|t:|1783549113\n|move|p1a: Wyrdeer|Body Slam|p2a: Kyurem\n|-damage|p2a: Kyurem|0 fnt\n|faint|p2a: Kyurem\n|\n|upkeep\n|inactive|Time left: 300 sec this turn | 300 sec total | 5 sec grace\n|\n|t:|1783549114\n|switch|p2a: Kricketune|Kricketune, L99, F|312/312\n|turn|5\n|inactive|Time left: 300 sec this turn | 300 sec total\n|\n|t:|1783549115\n|switch|p1a: Volcarona|Volcarona, L77, M|100/100\n|move|p2a: Kricketune|Sticky Web|p1a: Volcarona\n|-sidestart|p1: p0x8603970|move: Sticky Web\n|\n|upkeep\n|turn|6\n|inactive|Time left: 300 sec this turn | 300 sec total\n|\n|t:|1783549116\n|move|p1a: Volcarona|Fiery Dance|p2a: Kricketune\n|-supereffective|p2a: Kricketune\n|-damage|p2a: Kricketune|70/312\n|move|p2a: Kricketune|Knock Off|p1a: Volcarona\n|-damage|p1a: Volcarona|56/100\n|-enditem|p1a: Volcarona|Heavy-Duty Boots|[from] move: Knock Off|[of] p2a: Kricketune\n|\n|upkeep\n|turn|7\n|inactive|Time left: 300 sec this turn | 300 sec total\n|\n|t:|1783549117\n|switch|p2a: Hitmontop|Hitmontop, L88, M|231/231\n|-ability|p2a: Hitmontop|Intimidate|boost\n|-unboost|p1a: Volcarona|atk|1\n|move|p1a: Volcarona|Fiery Dance|p2a: Hitmontop\n|-damage|p2a: Hitmontop|183/231\n|-boost|p1a: Volcarona|spa|1\n|\n|upkeep\n|turn|8\n|inactive|Time left: 300 sec this turn | 300 sec total\n|\n|t:|1783549118\n|move|p1a: Volcarona|Fiery Dance|p2a: Hitmontop\n|-crit|p2a: Hitmontop\n|-damage|p2a: Hitmontop|62/231\n|-boost|p1a: Volcarona|spa|1\n|move|p2a: Hitmontop|Earthquake|p1a: Volcarona\n|-damage|p1a: Volcarona|16/100\n|\n|upkeep\n|turn|9\n|inactive|Time left: 300 sec this turn | 300 sec total\n|\n|t:|1783549119\n|move|p2a: Hitmontop|Sucker Punch|p1a: Volcarona\n|-damage|p1a: Volcarona|0 fnt\n|-status|p2a: Hitmontop|brn|[from] ability: Flame Body|[of] p1a: Volcarona\n|faint|p1a: Volcarona\n|\n|-damage|p2a: Hitmontop|48/231 brn|[from] brn\n|upkeep\n|\n|t:|1783549120\n|switch|p1a: Ribombee|Ribombee, L83, F|100/100\n|turn|10\n|inactive|Time left: 300 sec this turn | 300 sec total\n|\n|t:|1783549121\n|switch|p2a: Skarmory|Skarmory, L80, M|235/235\n|move|p1a: Ribombee|Sticky Web|p2a: Skarmory\n|-sidestart|p2: p0y8606a21|move: Sticky Web\n|\n|upkeep\n|turn|11\n|inactive|Time left: 300 sec this turn | 300 sec total\n|\n|t:|1783549122\n|move|p1a: Ribombee|U-turn|p2a: Skarmory\n|-resisted|p2a: Skarmory\n|-damage|p2a: Skarmory|226/235\n|\n|t:|1783549123\n|switch|p1a: Manaphy|Manaphy, L78|100/100|[from] U-turn\n|-activate|p1a: Manaphy|move: Sticky Web\n|-unboost|p1a: Manaphy|spe|1\n|move|p2a: Skarmory|Brave Bird|p1a: Manaphy\n|-damage|p1a: Manaphy|64/100\n|-damage|p2a: Skarmory|192/235|[from] Recoil\n|\n|-heal|p2a: Skarmory|206/235|[from] item: Leftovers\n|-heal|p1a: Manaphy|70/100|[from] item: Leftovers\n|upkeep\n|turn|12\n|inactive|Time left: 300 sec this turn | 300 sec total\n|\n|t:|1783549124\n|move|p2a: Skarmory|Body Press|p1a: Manaphy\n|-crit|p1a: Manaphy\n|-damage|p1a: Manaphy|34/100\n|move|p1a: Manaphy|Tail Glow|p1a: Manaphy\n|-boost|p1a: Manaphy|spa|3\n|\n|-heal|p2a: Skarmory|220/235|[from] item: Leftovers\n|-heal|p1a: Manaphy|40/100|[from] item: Leftovers\n|upkeep\n|turn|13\n|inactive|Time left: 300 sec this turn | 300 sec total\n|\n|t:|1783549125\n|switch|p2a: Hitmontop|Hitmontop, L88, M|48/231 brn\n|-activate|p2a: Hitmontop|move: Sticky Web\n|-unboost|p2a: Hitmontop|spe|1\n|-ability|p2a: Hitmontop|Intimidate|boost\n|-unboost|p1a: Manaphy|atk|1\n|move|p1a: Manaphy|Hydro Pump|p2a: Hitmontop|[miss]\n|-miss|p1a: Manaphy|p2a: Hitmontop\n|\n|-heal|p1a: Manaphy|46/100|[from] item: Leftovers\n|-damage|p2a: Hitmontop|34/231 brn|[from] brn\n|upkeep\n|turn|14\n|inactive|Time left: 300 sec this turn | 300 sec total\n|\n|t:|1783549126\n|move|p1a: Manaphy|Energy Ball|p2a: Hitmontop\n|-damage|p2a: Hitmontop|0 fnt\n|faint|p2a: Hitmontop\n|\n|-heal|p1a: Manaphy|52/100|[from] item: Leftovers\n|upkeep\n|inactive|Time left: 300 sec this turn | 300 sec total | 5 sec grace\n|\n|t:|1783549127\n|switch|p2a: Kricketune|Kricketune, L99, F|70/312\n|turn|15\n|inactive|Time left: 300 sec this turn | 300 sec total\n|\n|t:|1783549128\n|move|p2a: Kricketune|Pounce|p1a: Manaphy\n|-damage|p1a: Manaphy|16/100\n|-unboost|p1a: Manaphy|spe|1\n|move|p1a: Manaphy|Ice Beam|p2a: Kricketune\n|-damage|p2a: Kricketune|0 fnt\n|faint|p2a: Kricketune\n|\n|-heal|p1a: Manaphy|22/100|[from] item: Leftovers\n|upkeep\n|inactive|Time left: 300 sec this turn | 300 sec total | 5 sec grace\n|\n|t:|1783549129\n|switch|p2a: Urshifu|Urshifu, L74, M|270/270\n|-activate|p2a: Urshifu|move: Sticky Web\n|-unboost|p2a: Urshifu|spe|1\n|turn|16\n|inactive|Time left: 300 sec this turn | 300 sec total\n|\n|t:|1783549131\n|move|p2a: Urshifu|Wicked Blow|p1a: Manaphy\n|-crit|p1a: Manaphy\n|-damage|p1a: Manaphy|0 fnt\n|faint|p1a: Manaphy\n|\n|upkeep\n|\n|t:|1783549132\n|switch|p1a: Alcremie|Alcremie-Ruby-Swirl, L90, F|100/100\n|-activate|p1a: Alcremie|move: Sticky Web\n|-unboost|p1a: Alcremie|spe|1\n|turn|17\n|inactive|Time left: 300 sec this turn | 300 sec total\n|\n|t:|1783549133\n|switch|p2a: Skarmory|Skarmory, L80, M|220/235\n|move|p1a: Alcremie|Alluring Voice|p2a: Skarmory\n|-resisted|p2a: Skarmory\n|-damage|p2a: Skarmory|157/235\n|\n|-heal|p2a: Skarmory|171/235|[from] item: Leftovers\n|upkeep\n|turn|18\n|inactive|Time left: 300 sec this turn | 300 sec total\n|\n|t:|1783549134\n|move|p2a: Skarmory|Brave Bird|p1a: Alcremie\n|-damage|p1a: Alcremie|62/100\n|-damage|p2a: Skarmory|138/235|[from] Recoil\n|move|p1a: Alcremie|Calm Mind|p1a: Alcremie\n|-boost|p1a: Alcremie|spa|1\n|-boost|p1a: Alcremie|spd|1\n|\n|-heal|p2a: Skarmory|152/235|[from] item: Leftovers\n|-heal|p1a: Alcremie|69/100|[from] item: Leftovers\n|upkeep\n|turn|19\n|inactive|Time left: 300 sec this turn | 300 sec total\n|\n|t:|1783549135\n|move|p2a: Skarmory|Brave Bird|p1a: Alcremie\n|-damage|p1a: Alcremie|26/100\n|-damage|p2a: Skarmory|115/235|[from] Recoil\n|move|p1a: Alcremie|Alluring Voice|p2a: Skarmory\n|-resisted|p2a: Skarmory\n|-damage|p2a: Skarmory|11/235\n|\n|-heal|p2a: Skarmory|25/235|[from] item: Leftovers\n|-heal|p1a: Alcremie|32/100|[from] item: Leftovers\n|upkeep\n|turn|20\n|inactive|Time left: 300 sec this turn | 300 sec total\n|\n|t:|1783549136\n|move|p2a: Skarmory|Roost|p2a: Skarmory\n|-heal|p2a: Skarmory|143/235\n|-singleturn|p2a: Skarmory|move: Roost\n|move|p1a: Alcremie|Recover|p1a: Alcremie\n|-heal|p1a: Alcremie|83/100\n|\n|-heal|p2a: Skarmory|157/235|[from] item: Leftovers\n|-heal|p1a: Alcremie|89/100|[from] item: Leftovers\n|upkeep\n|turn|21\n|inactive|Time left: 300 sec this turn | 300 sec total\n|\n|t:|1783549137\n|move|p2a: Skarmory|Roost|p2a: Skarmory\n|-heal|p2a: Skarmory|235/235\n|-singleturn|p2a: Skarmory|move: Roost\n|move|p1a: Alcremie|Alluring Voice|p2a: Skarmory\n|-resisted|p2a: Skarmory\n|-damage|p2a: Skarmory|131/235\n|\n|-heal|p2a: Skarmory|145/235|[from] item: Leftovers\n|-heal|p1a: Alcremie|95/100|[from] item: Leftovers\n|upkeep\n|turn|22\n|inactive|Time left: 300 sec this turn | 300 sec total\n|\n|t:|1783549138\n|move|p2a: Skarmory|Roost|p2a: Skarmory\n|-heal|p2a: Skarmory|235/235\n|-singleturn|p2a: Skarmory|move: Roost\n|move|p1a: Alcremie|Alluring Voice|p2a: Skarmory\n|-resisted|p2a: Skarmory\n|-damage|p2a: Skarmory|128/235\n|\n|-heal|p2a: Skarmory|142/235|[from] item: Leftovers\n|-heal|p1a: Alcremie|100/100|[from] item: Leftovers\n|upkeep\n|turn|23\n|inactive|Time left: 300 sec this turn | 300 sec total\n|\n|t:|1783549140\n|move|p2a: Skarmory|Roost|p2a: Skarmory\n|-heal|p2a: Skarmory|235/235\n|-singleturn|p2a: Skarmory|move: Roost\n|move|p1a: Alcremie|Calm Mind|p1a: Alcremie\n|-boost|p1a: Alcremie|spa|1\n|-boost|p1a: Alcremie|spd|1\n|\n|upkeep\n|turn|24\n|inactive|Time left: 300 sec this turn | 300 sec total\n|\n|t:|1783549141\n|move|p2a: Skarmory|Stealth Rock|p1a: Alcremie\n|-sidestart|p1: p0x8603970|move: Stealth Rock\n|move|p1a: Alcremie|Alluring Voice|p2a: Skarmory\n|-resisted|p2a: Skarmory\n|-crit|p2a: Skarmory\n|-damage|p2a: Skarmory|34/235\n|\n|-heal|p2a: Skarmory|48/235|[from] item: Leftovers\n|upkeep\n|turn|25\n|inactive|Time left: 300 sec this turn | 300 sec total\n|\n|t:|1783549142\n|move|p2a: Skarmory|Roost|p2a: Skarmory\n|-heal|p2a: Skarmory|166/235\n|-singleturn|p2a: Skarmory|move: Roost\n|move|p1a: Alcremie|Alluring Voice|p2a: Skarmory\n|-resisted|p2a: Skarmory\n|-damage|p2a: Skarmory|38/235\n|\n|-heal|p2a: Skarmory|52/235|[from] item: Leftovers\n|upkeep\n|turn|26\n|inactive|Time left: 300 sec this turn | 300 sec total\n|\n|t:|1783549143\n|move|p2a: Skarmory|Roost|p2a: Skarmory\n|-heal|p2a: Skarmory|170/235\n|-singleturn|p2a: Skarmory|move: Roost\n|move|p1a: Alcremie|Alluring Voice|p2a: Skarmory\n|-resisted|p2a: Skarmory\n|-damage|p2a: Skarmory|32/235\n|\n|-heal|p2a: Skarmory|46/235|[from] item: Leftovers\n|upkeep\n|turn|27\n|inactive|Time left: 300 sec this turn | 300 sec total\n|\n|t:|1783549144\n|move|p2a: Skarmory|Roost|p2a: Skarmory\n|-heal|p2a: Skarmory|164/235\n|-singleturn|p2a: Skarmory|move: Roost\n|move|p1a: Alcremie|Alluring Voice|p2a: Skarmory\n|-resisted|p2a: Skarmory\n|-damage|p2a: Skarmory|21/235\n|\n|-heal|p2a: Skarmory|35/235|[from] item: Leftovers\n|upkeep\n|turn|28\n|inactive|Time left: 300 sec this turn | 300 sec total\n|\n|t:|1783549145\n|move|p2a: Skarmory|Roost|p2a: Skarmory\n|-heal|p2a: Skarmory|153/235\n|-singleturn|p2a: Skarmory|move: Roost\n|move|p1a: Alcremie|Alluring Voice|p2a: Skarmory\n|-resisted|p2a: Skarmory\n|-damage|p2a: Skarmory|25/235\n|\n|-heal|p2a: Skarmory|39/235|[from] item: Leftovers\n|upkeep\n|turn|29\n|inactive|Time left: 300 sec this turn | 300 sec total\n|\n|t:|1783549147\n|move|p2a: Skarmory|Brave Bird|p1a: Alcremie\n|-damage|p1a: Alcremie|60/100\n|-damage|p2a: Skarmory|4/235|[from] Recoil\n|move|p1a: Alcremie|Alluring Voice|p2a: Skarmory\n|-resisted|p2a: Skarmory\n|-damage|p2a: Skarmory|0 fnt\n|faint|p2a: Skarmory\n|\n|-heal|p1a: Alcremie|66/100|[from] item: Leftovers\n|upkeep\n|inactive|Time left: 300 sec this turn | 300 sec total | 5 sec grace\n|\n|t:|1783549148\n|switch|p2a: Hippowdon|Hippowdon, L82, F|311/311\n|-activate|p2a: Hippowdon|move: Sticky Web\n|-unboost|p2a: Hippowdon|spe|1\n|-weather|Sandstorm|[from] ability: Sand Stream|[of] p2a: Hippowdon\n|turn|30\n|inactive|Time left: 300 sec this turn | 300 sec total\n|\n|t:|1783549149\n|move|p1a: Alcremie|Alluring Voice|p2a: Hippowdon\n|-crit|p2a: Hippowdon\n|-damage|p2a: Hippowdon|0 fnt\n|faint|p2a: Hippowdon\n|\n|-weather|Sandstorm|[upkeep]\n|-damage|p1a: Alcremie|60/100|[from] Sandstorm\n|-heal|p1a: Alcremie|66/100|[from] item: Leftovers\n|upkeep\n|inactive|Time left: 300 sec this turn | 300 sec total | 5 sec grace\n|\n|t:|1783549149\n|switch|p2a: Urshifu|Urshifu, L74, M|270/270\n|-activate|p2a: Urshifu|move: Sticky Web\n|-unboost|p2a: Urshifu|spe|1\n|turn|31\n|inactive|Time left: 300 sec this turn | 300 sec total\n|\n|t:|1783549150\n|move|p2a: Urshifu|Wicked Blow|p1a: Alcremie\n|-resisted|p1a: Alcremie\n|-crit|p1a: Alcremie\n|-damage|p1a: Alcremie|28/100\n|move|p1a: Alcremie|Alluring Voice|p2a: Urshifu\n|-supereffective|p2a: Urshifu\n|-damage|p2a: Urshifu|0 fnt\n|faint|p2a: Urshifu\n|\n|win|p0x8603970", "uploadtime": 1783549150, "views": 0, "rating": 0, "private": 0, "password": null, "_winner": "p0x8603970", "_our_name": "p0y8606a21"}