{"id": "battle-gen9randombattle-306", "formatid": "gen9randombattle", "format": "[Gen 9] Random Battle", "players": ["p0x3067df4", "p0y306b245"], "log": "|init|battle\n|title|p0x3067df4 vs. p0y306b245\n|j|\u2606p0x3067df4\n|j|\u2606p0y306b245\n|t:|1783543134\n|gametype|singles\n|player|p1|p0x3067df4|1|\n|player|p2|p0y306b245|265|\n|gen|9\n|tier|[Gen 9] Random Battle\n|rule|Species Clause: Limit one of each Pok\u00e9mon\n|rule|HP Percentage Mod: HP is shown in percentages\n|rule|Sleep Clause Mod: Limit one foe put to sleep\n|rule|Illusion Level Mod: Illusion disguises the Pok\u00e9mon's true level\n|\n|t:|1783543134\n|teamsize|p1|6\n|teamsize|p2|6\n|start\n|switch|p1a: Koraidon|Koraidon, L64|100/100\n|switch|p2a: Clodsire|Clodsire, L81, F|343/343\n|-weather|SunnyDay|[from] ability: Orichalcum Pulse|[of] p1a: Koraidon\n|-activate|p1a: Koraidon|Orichalcum Pulse|[source]\n|turn|1\n|inactive|Battle timer is ON: inactive players will automatically lose when time's up. (requested by p0x3067df4)\n|inactive|Time left: 300 sec this turn | 300 sec total | 60 sec grace\n|inactive|p0y306b245 also wants the timer to be on.\n|\n|t:|1783543136\n|move|p1a: Koraidon|Outrage|p2a: Clodsire\n|-damage|p2a: Clodsire|60/343\n|move|p2a: Clodsire|Earthquake|p1a: Koraidon\n|-damage|p1a: Koraidon|67/100\n|\n|-weather|SunnyDay|[upkeep]\n|-heal|p2a: Clodsire|81/343|[from] item: Leftovers\n|upkeep\n|turn|2\n|inactive|Time left: 300 sec this turn | 300 sec total\n|\n|t:|1783543137\n|switch|p2a: Azumarill|Azumarill, L82, M, shiny|298/298\n|move|p1a: Koraidon|Outrage|p2a: Azumarill|[from] lockedmove\n|-immune|p2a: Azumarill\n|-start|p1a: Koraidon|confusion|[fatigue]\n|\n|-weather|SunnyDay|[upkeep]\n|upkeep\n|turn|3\n|inactive|Time left: 300 sec this turn | 300 sec total\n|\n|t:|1783543139\n|switch|p1a: Hatterene|Hatterene, L85, F|100/100\n|move|p2a: Azumarill|Play Rough|p1a: Hatterene\n|-damage|p1a: Hatterene|39/100\n|\n|-weather|SunnyDay|[upkeep]\n|-heal|p1a: Hatterene|45/100|[from] item: Leftovers\n|upkeep\n|turn|4\n|inactive|Time left: 300 sec this turn | 300 sec total\n|\n|t:|1783543140\n|switch|p1a: Swalot|Swalot, L90, F|100/100\n|move|p2a: Azumarill|Play Rough|p1a: Swalot\n|-resisted|p1a: Swalot\n|-damage|p1a: Swalot|75/100\n|\n|-weather|SunnyDay|[upkeep]\n|-heal|p1a: Swalot|81/100|[from] item: Leftovers\n|upkeep\n|turn|5\n|inactive|Time left: 300 sec this turn | 300 sec total\n|\n|t:|1783543141\n|move|p1a: Swalot|Sludge Bomb|p2a: Azumarill\n|-supereffective|p2a: Azumarill\n|-damage|p2a: Azumarill|116/298\n|move|p2a: Azumarill|Play Rough|p1a: Swalot\n|-resisted|p1a: Swalot\n|-damage|p1a: Swalot|55/100\n|\n|-weather|none\n|-heal|p1a: Swalot|61/100|[from] item: Leftovers\n|upkeep\n|turn|6\n|inactive|Time left: 300 sec this turn | 300 sec total\n|\n|t:|1783543143\n|move|p1a: Swalot|Sludge Bomb|p2a: Azumarill\n|-supereffective|p2a: Azumarill\n|-damage|p2a: Azumarill|0 fnt\n|faint|p2a: Azumarill\n|\n|-heal|p1a: Swalot|67/100|[from] item: Leftovers\n|upkeep\n|inactive|Time left: 300 sec this turn | 300 sec total | 5 sec grace\n|\n|t:|1783543144\n|switch|p2a: Cresselia|Cresselia, L80, F|323/323\n|turn|7\n|inactive|Time left: 300 sec this turn | 300 sec total\n|\n|t:|1783543145\n|move|p2a: Cresselia|Calm Mind|p2a: Cresselia\n|-boost|p2a: Cresselia|spa|1\n|-boost|p2a: Cresselia|spd|1\n|move|p1a: Swalot|Knock Off|p2a: Cresselia\n|-supereffective|p2a: Cresselia\n|-damage|p2a: Cresselia|213/323\n|-enditem|p2a: Cresselia|Leftovers|[from] move: Knock Off|[of] p1a: Swalot\n|\n|-heal|p1a: Swalot|74/100|[from] item: Leftovers\n|upkeep\n|turn|8\n|inactive|Time left: 300 sec this turn | 300 sec total\n|\n|t:|1783543146\n|move|p2a: Cresselia|Psyshock|p1a: Swalot\n|-supereffective|p1a: Swalot\n|-damage|p1a: Swalot|20/100\n|move|p1a: Swalot|Sludge Bomb|p2a: Cresselia\n|-damage|p2a: Cresselia|162/323\n|\n|-heal|p1a: Swalot|26/100|[from] item: Leftovers\n|upkeep\n|turn|9\n|inactive|Time left: 300 sec this turn | 300 sec total\n|\n|t:|1783543147\n|switch|p1a: Chi-Yu|Chi-Yu, L77|100/100\n|-ability|p1a: Chi-Yu|Beads of Ruin\n|move|p2a: Cresselia|Psyshock|p1a: Chi-Yu\n|-immune|p1a: Chi-Yu\n|\n|upkeep\n|turn|10\n|inactive|Time left: 300 sec this turn | 300 sec total\n|\n|t:|1783543149\n|move|p1a: Chi-Yu|Nasty Plot|p1a: Chi-Yu\n|-boost|p1a: Chi-Yu|spa|2\n|move|p2a: Cresselia|Moonlight|p2a: Cresselia\n|-heal|p2a: Cresselia|323/323\n|\n|upkeep\n|turn|11\n|inactive|Time left: 300 sec this turn | 300 sec total\n|\n|t:|1783543150\n|move|p1a: Chi-Yu|Dark Pulse|p2a: Cresselia\n|-supereffective|p2a: Cresselia\n|-damage|p2a: Cresselia|53/323\n|cant|p2a: Cresselia|flinch\n|\n|upkeep\n|turn|12\n|inactive|Time left: 300 sec this turn | 300 sec total\n|\n|t:|1783543151\n|move|p1a: Chi-Yu|Dark Pulse|p2a: Cresselia\n|-supereffective|p2a: Cresselia\n|-damage|p2a: Cresselia|0 fnt\n|faint|p2a: Cresselia\n|\n|upkeep\n|inactive|Time left: 300 sec this turn | 300 sec total | 5 sec grace\n|\n|t:|1783543152\n|switch|p2a: Zebstrika|Zebstrika, L87, M|272/272\n|turn|13\n|inactive|Time left: 300 sec this turn | 300 sec total\n|\n|t:|1783543153\n|switch|p1a: Bellossom|Bellossom, L84, F|100/100\n|move|p2a: Zebstrika|High Horsepower|p1a: Bellossom\n|-resisted|p1a: Bellossom\n|-damage|p1a: Bellossom|84/100\n|-damage|p2a: Zebstrika|245/272|[from] item: Life Orb\n|\n|-heal|p1a: Bellossom|90/100|[from] item: Leftovers\n|upkeep\n|turn|14\n|inactive|Time left: 300 sec this turn | 300 sec total\n|\n|t:|1783543154\n|move|p2a: Zebstrika|Overheat|p1a: Bellossom\n|-supereffective|p1a: Bellossom\n|-damage|p1a: Bellossom|11/100\n|-unboost|p2a: Zebstrika|spa|2\n|-damage|p2a: Zebstrika|218/272|[from] item: Life Orb\n|move|p1a: Bellossom|Quiver Dance|p1a: Bellossom\n|-boost|p1a: Bellossom|spa|1\n|-boost|p1a: Bellossom|spd|1\n|-boost|p1a: Bellossom|spe|1\n|\n|-heal|p1a: Bellossom|17/100|[from] item: Leftovers\n|upkeep\n|turn|15\n|inactive|Time left: 300 sec this turn | 300 sec total\n|\n|t:|1783543155\n|move|p2a: Zebstrika|Supercell Slam|p1a: Bellossom\n|-resisted|p1a: Bellossom\n|-damage|p1a: Bellossom|0 fnt\n|faint|p1a: Bellossom\n|-damage|p2a: Zebstrika|191/272|[from] item: Life Orb\n|\n|upkeep\n|\n|t:|1783543156\n|switch|p1a: Koraidon|Koraidon, L64|67/100\n|-weather|SunnyDay|[from] ability: Orichalcum Pulse|[of] p1a: Koraidon\n|-activate|p1a: Koraidon|Orichalcum Pulse|[source]\n|turn|16\n|inactive|Time left: 300 sec this turn | 300 sec total\n|\n|t:|1783543158\n|move|p2a: Zebstrika|Volt Switch|p1a: Koraidon\n|-resisted|p1a: Koraidon\n|-damage|p1a: Koraidon|55/100\n|-damage|p2a: Zebstrika|164/272|[from] item: Life Orb\n|inactive|Time left: 300 sec this turn | 300 sec total | 5 sec grace\n|\n|t:|1783543159\n|switch|p2a: Lugia|Lugia, L73|275/275|[from] Volt Switch\n|move|p1a: Koraidon|Outrage|p2a: Lugia\n|-damage|p2a: Lugia|200/275\n|\n|-weather|SunnyDay|[upkeep]\n|upkeep\n|turn|17\n|inactive|Time left: 300 sec this turn | 300 sec total\n|\n|t:|1783543160\n|-terastallize|p2a: Lugia|Steel\n|move|p1a: Koraidon|Outrage|p2a: Lugia|[from] lockedmove\n|-resisted|p2a: Lugia\n|-damage|p2a: Lugia|117/275\n|move|p2a: Lugia|Recover|p2a: Lugia\n|-heal|p2a: Lugia|255/275\n|\n|-weather|SunnyDay|[upkeep]\n|upkeep\n|turn|18\n|inactive|Time left: 300 sec this turn | 300 sec total\n|\n|t:|1783543161\n|move|p1a: Koraidon|Outrage|p2a: Lugia|[from] lockedmove\n|-resisted|p2a: Lugia\n|-damage|p2a: Lugia|175/275\n|-start|p1a: Koraidon|confusion|[fatigue]\n|move|p2a: Lugia|Aeroblast|p1a: Koraidon\n|-supereffective|p1a: Koraidon\n|-damage|p1a: Koraidon|0 fnt\n|faint|p1a: Koraidon\n|\n|-weather|SunnyDay|[upkeep]\n|upkeep\n|\n|t:|1783543162\n|switch|p1a: Chi-Yu|Chi-Yu, L77|100/100\n|-ability|p1a: Chi-Yu|Beads of Ruin\n|turn|19\n|inactive|Time left: 300 sec this turn | 300 sec total\n|\n|t:|1783543163\n|move|p2a: Lugia|Recover|p2a: Lugia\n|-heal|p2a: Lugia|275/275\n|move|p1a: Chi-Yu|Fire Blast|p2a: Lugia\n|-supereffective|p2a: Lugia\n|-damage|p2a: Lugia|100/275\n|\n|-weather|SunnyDay|[upkeep]\n|upkeep\n|turn|20\n|inactive|Time left: 300 sec this turn | 300 sec total\n|\n|t:|1783543164\n|move|p2a: Lugia|Earth Power|p1a: Chi-Yu\n|-supereffective|p1a: Chi-Yu\n|-damage|p1a: Chi-Yu|61/100\n|-unboost|p1a: Chi-Yu|spd|1\n|move|p1a: Chi-Yu|Nasty Plot|p1a: Chi-Yu\n|-boost|p1a: Chi-Yu|spa|2\n|\n|-weather|none\n|upkeep\n|turn|21\n|inactive|Time left: 300 sec this turn | 300 sec total\n|\n|t:|1783543164\n|move|p2a: Lugia|Aeroblast|p1a: Chi-Yu\n|-damage|p1a: Chi-Yu|10/100\n|move|p1a: Chi-Yu|Fire Blast|p2a: Lugia|[miss]\n|-miss|p1a: Chi-Yu|p2a: Lugia\n|\n|upkeep\n|turn|22\n|inactive|Time left: 300 sec this turn | 300 sec total\n|\n|t:|1783543165\n|switch|p1a: Hatterene|Hatterene, L85, F|45/100\n|move|p2a: Lugia|Aeroblast|p1a: Hatterene\n|-damage|p1a: Hatterene|17/100\n|\n|-heal|p1a: Hatterene|23/100|[from] item: Leftovers\n|upkeep\n|turn|23\n|inactive|Time left: 300 sec this turn | 300 sec total\n|\n|t:|1783543166\n|move|p2a: Lugia|Aeroblast|p1a: Hatterene\n|-damage|p1a: Hatterene|0 fnt\n|faint|p1a: Hatterene\n|\n|upkeep\n|\n|t:|1783543167\n|switch|p1a: Chansey|Chansey, L85, F|100/100\n|turn|24\n|inactive|Time left: 300 sec this turn | 300 sec total\n|\n|t:|1783543168\n|move|p2a: Lugia|Recover|p2a: Lugia\n|-heal|p2a: Lugia|238/275\n|move|p1a: Chansey|Seismic Toss|p2a: Lugia\n|-damage|p2a: Lugia|153/275\n|\n|upkeep\n|turn|25\n|inactive|Time left: 300 sec this turn | 300 sec total\n|\n|t:|1783543169\n|move|p2a: Lugia|Recover|p2a: Lugia\n|-heal|p2a: Lugia|275/275\n|move|p1a: Chansey|Seismic Toss|p2a: Lugia\n|-damage|p2a: Lugia|190/275\n|\n|upkeep\n|turn|26\n|inactive|Time left: 300 sec this turn | 300 sec total\n|\n|t:|1783543170\n|move|p2a: Lugia|Calm Mind|p2a: Lugia\n|-boost|p2a: Lugia|spa|1\n|-boost|p2a: Lugia|spd|1\n|move|p1a: Chansey|Seismic Toss|p2a: Lugia\n|-damage|p2a: Lugia|105/275\n|\n|upkeep\n|turn|27\n|inactive|Time left: 300 sec this turn | 300 sec total\n|\n|t:|1783543170\n|move|p2a: Lugia|Recover|p2a: Lugia\n|-heal|p2a: Lugia|243/275\n|move|p1a: Chansey|Seismic Toss|p2a: Lugia\n|-damage|p2a: Lugia|158/275\n|\n|upkeep\n|turn|28\n|inactive|Time left: 300 sec this turn | 300 sec total\n|\n|t:|1783543171\n|move|p2a: Lugia|Recover|p2a: Lugia\n|-heal|p2a: Lugia|275/275\n|move|p1a: Chansey|Seismic Toss|p2a: Lugia\n|-damage|p2a: Lugia|190/275\n|\n|upkeep\n|turn|29\n|inactive|Time left: 300 sec this turn | 300 sec total\n|\n|t:|1783543173\n|move|p2a: Lugia|Calm Mind|p2a: Lugia\n|-boost|p2a: Lugia|spa|1\n|-boost|p2a: Lugia|spd|1\n|move|p1a: Chansey|Seismic Toss|p2a: Lugia\n|-damage|p2a: Lugia|105/275\n|\n|upkeep\n|turn|30\n|inactive|Time left: 300 sec this turn | 300 sec total\n|\n|t:|1783543174\n|move|p2a: Lugia|Recover|p2a: Lugia\n|-heal|p2a: Lugia|243/275\n|move|p1a: Chansey|Seismic Toss|p2a: Lugia\n|-damage|p2a: Lugia|158/275\n|\n|upkeep\n|turn|31\n|inactive|Time left: 300 sec this turn | 300 sec total\n|\n|t:|1783543175\n|move|p2a: Lugia|Recover|p2a: Lugia\n|-heal|p2a: Lugia|275/275\n|move|p1a: Chansey|Seismic Toss|p2a: Lugia\n|-damage|p2a: Lugia|190/275\n|\n|upkeep\n|turn|32\n|inactive|Time left: 300 sec this turn | 300 sec total\n|\n|t:|1783543176\n|move|p2a: Lugia|Calm Mind|p2a: Lugia\n|-boost|p2a: Lugia|spa|1\n|-boost|p2a: Lugia|spd|1\n|move|p1a: Chansey|Seismic Toss|p2a: Lugia\n|-damage|p2a: Lugia|105/275\n|\n|upkeep\n|turn|33\n|inactive|Time left: 300 sec this turn | 300 sec total\n|\n|t:|1783543177\n|move|p2a: Lugia|Aeroblast|p1a: Chansey\n|-damage|p1a: Chansey|81/100\n|move|p1a: Chansey|Seismic Toss|p2a: Lugia\n|-damage|p2a: Lugia|20/275\n|\n|upkeep\n|turn|34\n|inactive|Time left: 300 sec this turn | 300 sec total\n|\n|t:|1783543178\n|move|p2a: Lugia|Earth Power|p1a: Chansey\n|-damage|p1a: Chansey|68/100\n|move|p1a: Chansey|Seismic Toss|p2a: Lugia\n|-damage|p2a: Lugia|0 fnt\n|faint|p2a: Lugia\n|\n|upkeep\n|inactive|Time left: 300 sec this turn | 300 sec total | 5 sec grace\n|\n|t:|1783543180\n|switch|p2a: Zebstrika|Zebstrika, L87, M|164/272\n|turn|35\n|inactive|Time left: 300 sec this turn | 300 sec total\n|\n|t:|1783543181\n|move|p2a: Zebstrika|Supercell Slam|p1a: Chansey\n|-damage|p1a: Chansey|11/100\n|-damage|p2a: Zebstrika|137/272|[from] item: Life Orb\n|move|p1a: Chansey|Soft-Boiled|p1a: Chansey\n|-heal|p1a: Chansey|61/100\n|\n|upkeep\n|turn|36\n|inactive|Time left: 300 sec this turn | 300 sec total\n|\n|t:|1783543182\n|switch|p1a: Chi-Yu|Chi-Yu, L77|10/100\n|-ability|p1a: Chi-Yu|Beads of Ruin\n|move|p2a: Zebstrika|Supercell Slam|p1a: Chi-Yu|[miss]\n|-miss|p2a: Zebstrika|p1a: Chi-Yu\n|-damage|p2a: Zebstrika|1/272|[from] supercellslam\n|\n|upkeep\n|turn|37\n|inactive|Time left: 300 sec this turn | 300 sec total\n|\n|t:|1783543183\n|switch|p1a: Swalot|Swalot, L90, F|26/100\n|move|p2a: Zebstrika|Supercell Slam|p1a: Swalot\n|-damage|p1a: Swalot|0 fnt\n|faint|p1a: Swalot\n|-damage|p2a: Zebstrika|0 fnt|[from] item: Life Orb\n|faint|p2a: Zebstrika\n|\n|upkeep\n|inactive|Time left: 300 sec this turn | 300 sec total | 5 sec grace\n|\n|t:|1783543184\n|switch|p2a: Thundurus|Thundurus, L80, M|258/258\n|switch|p1a: Chi-Yu|Chi-Yu, L77|10/100\n|-ability|p1a: Chi-Yu|Beads of Ruin\n|turn|38\n|inactive|Time left: 300 sec this turn | 300 sec total\n|\n|t:|1783543185\n|switch|p1a: Chansey|Chansey, L85, F|61/100\n|move|p2a: Thundurus|Tera Blast|p1a: Chansey\n|-damage|p1a: Chansey|55/100\n|\n|upkeep\n|turn|39\n|inactive|Time left: 300 sec this turn | 300 sec total\n|\n|t:|1783543187\n|move|p2a: Thundurus|Nasty Plot|p2a: Thundurus\n|-boost|p2a: Thundurus|spa|2\n|move|p1a: Chansey|Seismic Toss|p2a: Thundurus\n|-damage|p2a: Thundurus|173/258\n|\n|upkeep\n|turn|40\n|inactive|Time left: 300 sec this turn | 300 sec total\n|\n|t:|1783543188\n|move|p2a: Thundurus|Nasty Plot|p2a: Thundurus\n|-boost|p2a: Thundurus|spa|2\n|move|p1a: Chansey|Soft-Boiled|p1a: Chansey\n|-heal|p1a: Chansey|100/100\n|\n|upkeep\n|turn|41\n|inactive|Time left: 300 sec this turn | 300 sec total\n|\n|t:|1783543189\n|move|p2a: Thundurus|Focus Blast|p1a: Chansey\n|-supereffective|p1a: Chansey\n|-damage|p1a: Chansey|43/100\n|move|p1a: Chansey|Seismic Toss|p2a: Thundurus\n|-damage|p2a: Thundurus|88/258\n|\n|upkeep\n|turn|42\n|inactive|Time left: 300 sec this turn | 300 sec total\n|\n|t:|1783543192\n|move|p2a: Thundurus|Thunderbolt|p1a: Chansey\n|-damage|p1a: Chansey|11/100\n|-status|p1a: Chansey|par\n|move|p1a: Chansey|Soft-Boiled|p1a: Chansey\n|-heal|p1a: Chansey|61/100 par\n|\n|upkeep\n|turn|43\n|inactive|Time left: 300 sec this turn | 300 sec total\n|\n|t:|1783543193\n|move|p2a: Thundurus|Thunderbolt|p1a: Chansey\n|-damage|p1a: Chansey|27/100 par\n|cant|p1a: Chansey|par\n|\n|upkeep\n|turn|44\n|inactive|Time left: 300 sec this turn | 300 sec total\n|\n|t:|1783543194\n|-curestatus|p1a: Chansey|par|[from] ability: Natural Cure|[silent]\n|switch|p1a: Chi-Yu|Chi-Yu, L77|10/100\n|-ability|p1a: Chi-Yu|Beads of Ruin\n|move|p2a: Thundurus|Thunderbolt|p1a: Chi-Yu\n|-damage|p1a: Chi-Yu|0 fnt\n|faint|p1a: Chi-Yu\n|\n|upkeep\n|\n|t:|1783543196\n|switch|p1a: Chansey|Chansey, L85, F|27/100\n|turn|45\n|inactive|Time left: 300 sec this turn | 300 sec total\n|\n|t:|1783543197\n|-terastallize|p1a: Chansey|Dark\n|move|p2a: Thundurus|Thunderbolt|p1a: Chansey\n|-damage|p1a: Chansey|0 fnt\n|faint|p1a: Chansey\n|\n|win|p0y306b245", "uploadtime": 1783543197, "views": 0, "rating": 0, "private": 0, "password": null, "_winner": "p0y306b245", "_our_name": "p0y306b245"}