{"id": "battle-gen9randombattle-1602", "formatid": "gen9randombattle", "format": "[Gen 9] Random Battle", "players": ["p0x1601c882", "p0y1601be87"], "log": "|init|battle\n|title|p0x1601c882 vs. p0y1601be87\n|j|\u2606p0x1601c882\n|j|\u2606p0y1601be87\n|t:|1783557764\n|gametype|singles\n|player|p1|p0x1601c882|169|\n|player|p2|p0y1601be87|2|\n|gen|9\n|tier|[Gen 9] Random Battle\n|rule|Species Clause: Limit one of each Pok\u00e9mon\n|rule|HP Percentage Mod: HP is shown in percentages\n|rule|Sleep Clause Mod: Limit one foe put to sleep\n|rule|Illusion Level Mod: Illusion disguises the Pok\u00e9mon's true level\n|\n|t:|1783557764\n|teamsize|p1|6\n|teamsize|p2|6\n|start\n|switch|p1a: Sneasler|Sneasler, L74, M|100/100\n|switch|p2a: Vespiquen|Vespiquen, L99, F|299/299\n|-ability|p2a: Vespiquen|Pressure\n|turn|1\n|inactive|Battle timer is ON: inactive players will automatically lose when time's up. (requested by p0x1601c882)\n|inactive|Time left: 300 sec this turn | 300 sec total | 60 sec grace\n|inactive|p0y1601be87 also wants the timer to be on.\n|\n|t:|1783557766\n|move|p1a: Sneasler|Swords Dance|p1a: Sneasler\n|-boost|p1a: Sneasler|atk|2\n|move|p2a: Vespiquen|Air Slash|p1a: Sneasler\n|-supereffective|p1a: Sneasler\n|-damage|p1a: Sneasler|8/100\n|\n|upkeep\n|turn|2\n|inactive|Time left: 300 sec this turn | 300 sec total\n|\n|t:|1783557767\n|move|p1a: Sneasler|Gunk Shot|p2a: Vespiquen\n|-damage|p2a: Vespiquen|104/299\n|move|p2a: Vespiquen|U-turn|p1a: Sneasler\n|-resisted|p1a: Sneasler\n|-damage|p1a: Sneasler|0 fnt\n|faint|p1a: Sneasler\n|inactive|Time left: 300 sec this turn | 300 sec total | 5 sec grace\n|\n|t:|1783557768\n|switch|p2a: Entei|Entei, L78|307/307|[from] U-turn\n|\n|upkeep\n|\n|t:|1783557769\n|switch|p1a: Hydrapple|Hydrapple, L83, F|100/100\n|turn|3\n|inactive|Time left: 300 sec this turn | 300 sec total\n|\n|t:|1783557770\n|move|p2a: Entei|Sacred Fire|p1a: Hydrapple\n|-damage|p1a: Hydrapple|59/100\n|-status|p1a: Hydrapple|brn\n|move|p1a: Hydrapple|Earth Power|p2a: Entei\n|-supereffective|p2a: Entei\n|-damage|p2a: Entei|89/307\n|-damage|p1a: Hydrapple|49/100 brn|[from] item: Life Orb\n|\n|-damage|p1a: Hydrapple|43/100 brn|[from] brn\n|upkeep\n|turn|4\n|inactive|Time left: 300 sec this turn | 300 sec total\n|\n|t:|1783557771\n|switch|p1a: Umbreon|Umbreon, L84, F|100/100\n|move|p2a: Entei|Sacred Fire|p1a: Umbreon\n|-damage|p1a: Umbreon|53/100\n|-status|p1a: Umbreon|brn\n|-activate|p1a: Umbreon|ability: Synchronize\n|-immune|p2a: Entei\n|\n|-heal|p1a: Umbreon|59/100 brn|[from] item: Leftovers\n|-damage|p1a: Umbreon|53/100 brn|[from] brn\n|upkeep\n|turn|5\n|inactive|Time left: 300 sec this turn | 300 sec total\n|\n|t:|1783557772\n|move|p2a: Entei|Sacred Fire|p1a: Umbreon\n|-damage|p1a: Umbreon|5/100 brn\n|move|p1a: Umbreon|Wish|p1a: Umbreon\n|\n|-heal|p1a: Umbreon|11/100 brn|[from] item: Leftovers\n|-damage|p1a: Umbreon|5/100 brn|[from] brn\n|upkeep\n|turn|6\n|inactive|Time left: 300 sec this turn | 300 sec total\n|\n|t:|1783557773\n|move|p1a: Umbreon|Protect|p1a: Umbreon\n|-singleturn|p1a: Umbreon|Protect\n|move|p2a: Entei|Sacred Fire|p1a: Umbreon\n|-activate|p1a: Umbreon|move: Protect\n|\n|-heal|p1a: Umbreon|54/100 brn|[from] move: Wish|[wisher] Umbreon\n|-heal|p1a: Umbreon|60/100 brn|[from] item: Leftovers\n|-damage|p1a: Umbreon|54/100 brn|[from] brn\n|upkeep\n|turn|7\n|inactive|Time left: 300 sec this turn | 300 sec total\n|\n|t:|1783557774\n|move|p2a: Entei|Sacred Fire|p1a: Umbreon\n|-damage|p1a: Umbreon|10/100 brn\n|move|p1a: Umbreon|Wish|p1a: Umbreon\n|\n|-heal|p1a: Umbreon|16/100 brn|[from] item: Leftovers\n|-damage|p1a: Umbreon|10/100 brn|[from] brn\n|upkeep\n|turn|8\n|inactive|Time left: 300 sec this turn | 300 sec total\n|\n|t:|1783557775\n|move|p1a: Umbreon|Protect|p1a: Umbreon\n|-singleturn|p1a: Umbreon|Protect\n|move|p2a: Entei|Sacred Fire|p1a: Umbreon\n|-activate|p1a: Umbreon|move: Protect\n|\n|-heal|p1a: Umbreon|59/100 brn|[from] move: Wish|[wisher] Umbreon\n|-heal|p1a: Umbreon|65/100 brn|[from] item: Leftovers\n|-damage|p1a: Umbreon|59/100 brn|[from] brn\n|upkeep\n|turn|9\n|inactive|Time left: 300 sec this turn | 300 sec total\n|\n|t:|1783557776\n|move|p2a: Entei|Sacred Fire|p1a: Umbreon\n|-damage|p1a: Umbreon|15/100 brn\n|move|p1a: Umbreon|Toxic|p2a: Entei\n|-status|p2a: Entei|tox\n|\n|-heal|p1a: Umbreon|21/100 brn|[from] item: Leftovers\n|-damage|p2a: Entei|70/307 tox|[from] psn\n|-damage|p1a: Umbreon|15/100 brn|[from] brn\n|upkeep\n|turn|10\n|inactive|Time left: 300 sec this turn | 300 sec total\n|\n|t:|1783557777\n|move|p2a: Entei|Sacred Fire|p1a: Umbreon\n|-damage|p1a: Umbreon|0 fnt\n|faint|p1a: Umbreon\n|\n|-damage|p2a: Entei|32/307 tox|[from] psn\n|upkeep\n|\n|t:|1783557778\n|switch|p1a: Hydrapple|Hydrapple, L83, F|76/100 brn\n|turn|11\n|inactive|Time left: 300 sec this turn | 300 sec total\n|\n|t:|1783557779\n|switch|p2a: Vespiquen|Vespiquen, L99, F|104/299\n|-ability|p2a: Vespiquen|Pressure\n|move|p1a: Hydrapple|Nasty Plot|p1a: Hydrapple\n|-boost|p1a: Hydrapple|spa|2\n|\n|-damage|p1a: Hydrapple|70/100 brn|[from] brn\n|upkeep\n|turn|12\n|inactive|Time left: 300 sec this turn | 300 sec total\n|\n|t:|1783557780\n|-terastallize|p1a: Hydrapple|Steel\n|move|p2a: Vespiquen|Air Slash|p1a: Hydrapple\n|-resisted|p1a: Hydrapple\n|-damage|p1a: Hydrapple|53/100 brn\n|cant|p1a: Hydrapple|flinch\n|\n|-damage|p1a: Hydrapple|47/100 brn|[from] brn\n|upkeep\n|turn|13\n|inactive|Time left: 300 sec this turn | 300 sec total\n|\n|t:|1783557781\n|move|p2a: Vespiquen|Air Slash|p1a: Hydrapple\n|-resisted|p1a: Hydrapple\n|-damage|p1a: Hydrapple|29/100 brn\n|move|p1a: Hydrapple|Fickle Beam|p2a: Vespiquen|[anim] Fickle Beam All Out\n|-activate|p1a: Hydrapple|move: Fickle Beam\n|-damage|p2a: Vespiquen|0 fnt\n|faint|p2a: Vespiquen\n|-damage|p1a: Hydrapple|19/100 brn|[from] item: Life Orb\n|\n|-damage|p1a: Hydrapple|13/100 brn|[from] brn\n|upkeep\n|inactive|Time left: 300 sec this turn | 300 sec total | 5 sec grace\n|\n|t:|1783557782\n|switch|p2a: Entei|Entei, L78|32/307 tox\n|turn|14\n|inactive|Time left: 300 sec this turn | 300 sec total\n|\n|t:|1783557783\n|switch|p1a: Haxorus|Haxorus, L77, M|100/100\n|-ability|p1a: Haxorus|Mold Breaker\n|move|p2a: Entei|Stomping Tantrum|p1a: Haxorus\n|-damage|p1a: Haxorus|66/100\n|\n|-damage|p2a: Entei|13/307 tox|[from] psn\n|upkeep\n|turn|15\n|inactive|Time left: 300 sec this turn | 300 sec total\n|\n|t:|1783557784\n|switch|p1a: Wyrdeer|Wyrdeer, L87, M|100/100\n|-ability|p1a: Wyrdeer|Intimidate|boost\n|-fail|p2a: Entei|unboost|Attack|[from] ability: Inner Focus|[of] p2a: Entei\n|move|p2a: Entei|Stomping Tantrum|p1a: Wyrdeer\n|-damage|p1a: Wyrdeer|74/100\n|\n|-heal|p1a: Wyrdeer|81/100|[from] item: Leftovers\n|-damage|p2a: Entei|0 fnt|[from] psn\n|faint|p2a: Entei\n|upkeep\n|inactive|Time left: 300 sec this turn | 300 sec total | 5 sec grace\n|\n|t:|1783557785\n|switch|p2a: Ursaluna|Ursaluna-Bloodmoon, L79, M|308/308\n|turn|16\n|inactive|Time left: 300 sec this turn | 300 sec total\n|\n|t:|1783557786\n|move|p1a: Wyrdeer|Psychic Noise|p2a: Ursaluna\n|-damage|p2a: Ursaluna|191/308\n|-start|p2a: Ursaluna|move: Heal Block\n|move|p2a: Ursaluna|Calm Mind|p2a: Ursaluna\n|-boost|p2a: Ursaluna|spa|1\n|-boost|p2a: Ursaluna|spd|1\n|\n|-heal|p1a: Wyrdeer|87/100|[from] item: Leftovers\n|upkeep\n|turn|17\n|inactive|Time left: 300 sec this turn | 300 sec total\n|\n|t:|1783557787\n|move|p1a: Wyrdeer|Body Slam|p2a: Ursaluna\n|-damage|p2a: Ursaluna|104/308\n|move|p2a: Ursaluna|Blood Moon|p1a: Wyrdeer\n|-damage|p1a: Wyrdeer|5/100\n|\n|-heal|p1a: Wyrdeer|12/100|[from] item: Leftovers\n|-end|p2a: Ursaluna|move: Heal Block\n|upkeep\n|turn|18\n|inactive|Time left: 300 sec this turn | 300 sec total\n|\n|t:|1783557788\n|move|p2a: Ursaluna|Vacuum Wave|p1a: Wyrdeer\n|-damage|p1a: Wyrdeer|0 fnt\n|faint|p1a: Wyrdeer\n|\n|-heal|p2a: Ursaluna|123/308|[from] item: Leftovers\n|upkeep\n|\n|t:|1783557789\n|switch|p1a: Regice|Regice, L88|100/100\n|turn|19\n|inactive|Time left: 300 sec this turn | 300 sec total\n|\n|t:|1783557790\n|-terastallize|p2a: Ursaluna|Fighting\n|move|p1a: Regice|Ice Beam|p2a: Ursaluna\n|-damage|p2a: Ursaluna|21/308\n|move|p2a: Ursaluna|Moonlight|p2a: Ursaluna\n|-heal|p2a: Ursaluna|175/308\n|\n|-heal|p2a: Ursaluna|194/308|[from] item: Leftovers\n|upkeep\n|turn|20\n|inactive|Time left: 300 sec this turn | 300 sec total\n|\n|t:|1783557791\n|move|p1a: Regice|Ice Beam|p2a: Ursaluna\n|-damage|p2a: Ursaluna|101/308\n|move|p2a: Ursaluna|Calm Mind|p2a: Ursaluna\n|-boost|p2a: Ursaluna|spa|1\n|-boost|p2a: Ursaluna|spd|1\n|\n|-heal|p2a: Ursaluna|120/308|[from] item: Leftovers\n|upkeep\n|turn|21\n|inactive|Time left: 300 sec this turn | 300 sec total\n|\n|t:|1783557792\n|move|p1a: Regice|Ice Beam|p2a: Ursaluna\n|-damage|p2a: Ursaluna|42/308\n|move|p2a: Ursaluna|Moonlight|p2a: Ursaluna\n|-heal|p2a: Ursaluna|196/308\n|\n|-heal|p2a: Ursaluna|215/308|[from] item: Leftovers\n|upkeep\n|turn|22\n|inactive|Time left: 300 sec this turn | 300 sec total\n|\n|t:|1783557793\n|move|p1a: Regice|Ice Beam|p2a: Ursaluna\n|-damage|p2a: Ursaluna|148/308\n|move|p2a: Ursaluna|Blood Moon|p1a: Regice\n|-damage|p1a: Regice|38/100\n|\n|-heal|p2a: Ursaluna|167/308|[from] item: Leftovers\n|upkeep\n|turn|23\n|inactive|Time left: 300 sec this turn | 300 sec total\n|\n|t:|1783557794\n|move|p2a: Ursaluna|Vacuum Wave|p1a: Regice\n|-supereffective|p1a: Regice\n|-damage|p1a: Regice|6/100\n|move|p1a: Regice|Rest|p1a: Regice\n|-status|p1a: Regice|slp|[from] move: Rest\n|-heal|p1a: Regice|100/100 slp|[silent]\n|\n|-heal|p2a: Ursaluna|186/308|[from] item: Leftovers\n|upkeep\n|turn|24\n|inactive|Time left: 300 sec this turn | 300 sec total\n|\n|t:|1783557795\n|cant|p1a: Regice|slp\n|move|p1a: Regice|Sleep Talk|p1a: Regice\n|move|p1a: Regice|Ice Beam|p2a: Ursaluna|[from] move: Sleep Talk\n|-damage|p2a: Ursaluna|114/308\n|move|p2a: Ursaluna|Blood Moon|p1a: Regice\n|-damage|p1a: Regice|46/100 slp\n|\n|-heal|p2a: Ursaluna|133/308|[from] item: Leftovers\n|upkeep\n|turn|25\n|inactive|Time left: 300 sec this turn | 300 sec total\n|\n|t:|1783557796\n|cant|p1a: Regice|slp\n|move|p1a: Regice|Sleep Talk|p1a: Regice\n|move|p1a: Regice|Ice Beam|p2a: Ursaluna|[from] move: Sleep Talk\n|-damage|p2a: Ursaluna|61/308\n|move|p2a: Ursaluna|Moonlight|p2a: Ursaluna\n|-heal|p2a: Ursaluna|215/308\n|\n|-heal|p2a: Ursaluna|234/308|[from] item: Leftovers\n|upkeep\n|turn|26\n|inactive|Time left: 300 sec this turn | 300 sec total\n|\n|t:|1783557797\n|-curestatus|p1a: Regice|slp|[msg]\n|move|p1a: Regice|Ice Beam|p2a: Ursaluna\n|-damage|p2a: Ursaluna|164/308\n|move|p2a: Ursaluna|Blood Moon|p1a: Regice\n|-damage|p1a: Regice|0 fnt\n|faint|p1a: Regice\n|\n|-heal|p2a: Ursaluna|183/308|[from] item: Leftovers\n|upkeep\n|\n|t:|1783557798\n|switch|p1a: Hydrapple|Hydrapple, L83, F, tera:Steel|47/100 brn\n|turn|27\n|inactive|Time left: 300 sec this turn | 300 sec total\n|\n|t:|1783557799\n|switch|p1a: Haxorus|Haxorus, L77, M|66/100\n|-ability|p1a: Haxorus|Mold Breaker\n|move|p2a: Ursaluna|Vacuum Wave|p1a: Haxorus\n|-damage|p1a: Haxorus|12/100\n|\n|-heal|p2a: Ursaluna|202/308|[from] item: Leftovers\n|upkeep\n|turn|28\n|inactive|Time left: 300 sec this turn | 300 sec total\n|\n|t:|1783557800\n|switch|p1a: Hydrapple|Hydrapple, L83, F, tera:Steel|80/100 brn\n|move|p2a: Ursaluna|Vacuum Wave|p1a: Hydrapple\n|-supereffective|p1a: Hydrapple\n|-damage|p1a: Hydrapple|9/100 brn\n|\n|-heal|p2a: Ursaluna|221/308|[from] item: Leftovers\n|-damage|p1a: Hydrapple|3/100 brn|[from] brn\n|upkeep\n|turn|29\n|inactive|Time left: 300 sec this turn | 300 sec total\n|\n|t:|1783557801\n|switch|p1a: Haxorus|Haxorus, L77, M|12/100\n|-ability|p1a: Haxorus|Mold Breaker\n|move|p2a: Ursaluna|Vacuum Wave|p1a: Haxorus\n|-damage|p1a: Haxorus|0 fnt\n|faint|p1a: Haxorus\n|\n|-heal|p2a: Ursaluna|240/308|[from] item: Leftovers\n|upkeep\n|\n|t:|1783557802\n|switch|p1a: Hydrapple|Hydrapple, L83, F, tera:Steel|36/100 brn\n|turn|30\n|inactive|Time left: 300 sec this turn | 300 sec total\n|\n|t:|1783557803\n|move|p2a: Ursaluna|Blood Moon|p1a: Hydrapple\n|-resisted|p1a: Hydrapple\n|-damage|p1a: Hydrapple|0 fnt\n|faint|p1a: Hydrapple\n|\n|win|p0y1601be87", "uploadtime": 1783557803, "views": 0, "rating": 0, "private": 0, "password": null, "_winner": "p0y1601be87", "_our_name": "p0y1601be87"}