{"id": "battle-gen9randombattle-46", "formatid": "gen9randombattle", "format": "[Gen 9] Random Battle", "players": ["p0x0469527", "p0y0466a02"], "log": "|init|battle\n|title|p0x0469527 vs. p0y0466a02\n|j|\u2606p0x0469527\n|j|\u2606p0y0466a02\n|t:|1783534320\n|gametype|singles\n|player|p1|p0x0469527|2|\n|player|p2|p0y0466a02|170|\n|gen|9\n|tier|[Gen 9] Random Battle\n|rule|Species Clause: Limit one of each Pok\u00e9mon\n|rule|HP Percentage Mod: HP is shown in percentages\n|rule|Sleep Clause Mod: Limit one foe put to sleep\n|rule|Illusion Level Mod: Illusion disguises the Pok\u00e9mon's true level\n|\n|t:|1783534320\n|teamsize|p1|6\n|teamsize|p2|6\n|start\n|switch|p1a: Palkia|Palkia, L75|100/100\n|switch|p2a: Spiritomb|Spiritomb, L89, M|234/234\n|-ability|p1a: Palkia|Pressure\n|turn|1\n|inactive|Battle timer is ON: inactive players will automatically lose when time's up. (requested by p0y0466a02)\n|inactive|p0x0469527 also wants the timer to be on.\n|\n|t:|1783534322\n|move|p1a: Palkia|Hydro Pump|p2a: Spiritomb\n|-damage|p2a: Spiritomb|114/234\n|move|p2a: Spiritomb|Foul Play|p1a: Palkia\n|-damage|p1a: Palkia|67/100\n|\n|-heal|p2a: Spiritomb|128/234|[from] item: Leftovers\n|upkeep\n|turn|2\n|inactive|Time left: 300 sec this turn | 300 sec total\n|\n|t:|1783534323\n|move|p1a: Palkia|Hydro Pump|p2a: Spiritomb|[miss]\n|-miss|p1a: Palkia|p2a: Spiritomb\n|move|p2a: Spiritomb|Poltergeist|p1a: Palkia\n|-activate|p1a: Palkia|move: Poltergeist|Lustrous Orb\n|-damage|p1a: Palkia|16/100\n|\n|-heal|p2a: Spiritomb|142/234|[from] item: Leftovers\n|upkeep\n|turn|3\n|inactive|Time left: 300 sec this turn | 300 sec total\n|\n|t:|1783534324\n|move|p2a: Spiritomb|Shadow Sneak|p1a: Palkia\n|-damage|p1a: Palkia|0 fnt\n|faint|p1a: Palkia\n|\n|-heal|p2a: Spiritomb|156/234|[from] item: Leftovers\n|upkeep\n|\n|t:|1783534325\n|switch|p1a: Flamigo|Flamigo, L82, F|100/100\n|turn|4\n|inactive|Time left: 300 sec this turn | 300 sec total\n|\n|t:|1783534326\n|switch|p2a: Landorus|Landorus-Therian, L76, M|260/260\n|-ability|p2a: Landorus|Intimidate|boost\n|-fail|p1a: Flamigo|unboost|Attack|[from] ability: Scrappy|[of] p1a: Flamigo\n|move|p1a: Flamigo|Close Combat|p2a: Landorus\n|-resisted|p2a: Landorus\n|-damage|p2a: Landorus|140/260\n|-unboost|p1a: Flamigo|def|1\n|-unboost|p1a: Flamigo|spd|1\n|\n|-heal|p2a: Landorus|156/260|[from] item: Leftovers\n|upkeep\n|turn|5\n|inactive|Time left: 300 sec this turn | 300 sec total\n|\n|t:|1783534327\n|move|p1a: Flamigo|Close Combat|p2a: Landorus\n|-resisted|p2a: Landorus\n|-damage|p2a: Landorus|49/260\n|-unboost|p1a: Flamigo|def|1\n|-unboost|p1a: Flamigo|spd|1\n|move|p2a: Landorus|Stone Edge|p1a: Flamigo\n|-damage|p1a: Flamigo|33/100\n|\n|-heal|p2a: Landorus|65/260|[from] item: Leftovers\n|upkeep\n|turn|6\n|inactive|Time left: 300 sec this turn | 300 sec total\n|\n|t:|1783534328\n|move|p1a: Flamigo|Close Combat|p2a: Landorus\n|-resisted|p2a: Landorus\n|-damage|p2a: Landorus|0 fnt\n|-unboost|p1a: Flamigo|def|1\n|-unboost|p1a: Flamigo|spd|1\n|faint|p2a: Landorus\n|\n|upkeep\n|inactive|Time left: 300 sec this turn | 300 sec total | 5 sec grace\n|\n|t:|1783534329\n|switch|p2a: Tsareena|Tsareena, L87, F|267/267\n|turn|7\n|inactive|Time left: 300 sec this turn | 300 sec total\n|\n|t:|1783534330\n|move|p1a: Flamigo|Close Combat|p2a: Tsareena\n|-damage|p2a: Tsareena|98/267\n|-unboost|p1a: Flamigo|def|1\n|-unboost|p1a: Flamigo|spd|1\n|move|p2a: Tsareena|Knock Off|p1a: Flamigo\n|-resisted|p1a: Flamigo\n|-damage|p1a: Flamigo|0 fnt\n|-enditem|p1a: Flamigo|Choice Band|[from] move: Knock Off|[of] p2a: Tsareena\n|faint|p1a: Flamigo\n|\n|upkeep\n|\n|t:|1783534331\n|switch|p1a: Skeledirge|Skeledirge, L79, F|100/100\n|turn|8\n|inactive|Time left: 300 sec this turn | 300 sec total\n|\n|t:|1783534332\n|move|p2a: Tsareena|Knock Off|p1a: Skeledirge\n|-supereffective|p1a: Skeledirge\n|-damage|p1a: Skeledirge|14/100\n|-enditem|p1a: Skeledirge|Heavy-Duty Boots|[from] move: Knock Off|[of] p2a: Tsareena\n|move|p1a: Skeledirge|Torch Song|p2a: Tsareena\n|-supereffective|p2a: Tsareena\n|-damage|p2a: Tsareena|0 fnt\n|-boost|p1a: Skeledirge|spa|1\n|faint|p2a: Tsareena\n|\n|upkeep\n|inactive|Time left: 300 sec this turn | 300 sec total | 5 sec grace\n|\n|t:|1783534333\n|switch|p2a: Plusle|Plusle, L95, M|268/268\n|turn|9\n|inactive|Time left: 300 sec this turn | 300 sec total\n|\n|t:|1783534334\n|move|p2a: Plusle|Alluring Voice|p1a: Skeledirge\n|-resisted|p1a: Skeledirge\n|-damage|p1a: Skeledirge|0 fnt\n|faint|p1a: Skeledirge\n|-damage|p2a: Plusle|242/268|[from] item: Life Orb\n|\n|upkeep\n|\n|t:|1783534335\n|switch|p1a: Gumshoos|Gumshoos, L95, F|100/100\n|turn|10\n|inactive|Time left: 300 sec this turn | 300 sec total\n|\n|t:|1783534336\n|move|p2a: Plusle|Thunderbolt|p1a: Gumshoos\n|-damage|p1a: Gumshoos|47/100\n|-damage|p2a: Plusle|216/268|[from] item: Life Orb\n|move|p1a: Gumshoos|Earthquake|p2a: Plusle\n|-supereffective|p2a: Plusle\n|-damage|p2a: Plusle|0 fnt\n|faint|p2a: Plusle\n|\n|upkeep\n|inactive|Time left: 300 sec this turn | 300 sec total | 5 sec grace\n|\n|t:|1783534337\n|switch|p2a: Kommo-o|Kommo-o, L77, M|242/242\n|turn|11\n|inactive|Time left: 300 sec this turn | 300 sec total\n|\n|t:|1783534338\n|-terastallize|p1a: Gumshoos|Ground\n|move|p2a: Kommo-o|Swords Dance|p2a: Kommo-o\n|-boost|p2a: Kommo-o|atk|2\n|move|p1a: Gumshoos|Earthquake|p2a: Kommo-o\n|-damage|p2a: Kommo-o|0 fnt\n|faint|p2a: Kommo-o\n|\n|upkeep\n|inactive|Time left: 300 sec this turn | 300 sec total | 5 sec grace\n|\n|t:|1783534339\n|switch|p2a: Froslass|Froslass, L87, F|263/263\n|turn|12\n|inactive|Time left: 300 sec this turn | 300 sec total\n|\n|t:|1783534339\n|move|p2a: Froslass|Triple Axel|p1a: Gumshoos\n|-supereffective|p1a: Gumshoos\n|-damage|p1a: Gumshoos|32/100\n|-supereffective|p1a: Gumshoos\n|-damage|p1a: Gumshoos|4/100\n|-supereffective|p1a: Gumshoos\n|-damage|p1a: Gumshoos|0 fnt\n|faint|p1a: Gumshoos\n|-hitcount|p1: Gumshoos|3\n|\n|upkeep\n|\n|t:|1783534340\n|switch|p1a: Rotom|Rotom-Wash, L82|100/100\n|turn|13\n|inactive|Time left: 300 sec this turn | 300 sec total\n|\n|t:|1783534341\n|switch|p2a: Spiritomb|Spiritomb, L89, M|156/234\n|move|p1a: Rotom|Will-O-Wisp|p2a: Spiritomb\n|-status|p2a: Spiritomb|brn\n|\n|-heal|p2a: Spiritomb|170/234 brn|[from] item: Leftovers\n|-damage|p2a: Spiritomb|156/234 brn|[from] brn\n|upkeep\n|turn|14\n|inactive|Time left: 300 sec this turn | 300 sec total\n|\n|t:|1783534342\n|move|p1a: Rotom|Hydro Pump|p2a: Spiritomb\n|-damage|p2a: Spiritomb|68/234 brn\n|move|p2a: Spiritomb|Poltergeist|p1a: Rotom|[miss]\n|-miss|p2a: Spiritomb|p1a: Rotom\n|\n|-heal|p2a: Spiritomb|82/234 brn|[from] item: Leftovers\n|-damage|p2a: Spiritomb|68/234 brn|[from] brn\n|upkeep\n|turn|15\n|inactive|Time left: 300 sec this turn | 300 sec total\n|\n|t:|1783534343\n|move|p1a: Rotom|Discharge|p2a: Spiritomb\n|-damage|p2a: Spiritomb|0 fnt\n|faint|p2a: Spiritomb\n|\n|upkeep\n|inactive|Time left: 300 sec this turn | 300 sec total | 5 sec grace\n|\n|t:|1783534344\n|switch|p2a: Froslass|Froslass, L87, F|263/263\n|turn|16\n|inactive|Time left: 300 sec this turn | 300 sec total\n|\n|t:|1783534345\n|-terastallize|p2a: Froslass|Ghost\n|move|p2a: Froslass|Poltergeist|p1a: Rotom\n|-activate|p1a: Rotom|move: Poltergeist|Leftovers\n|-damage|p1a: Rotom|45/100\n|move|p1a: Rotom|Hydro Pump|p2a: Froslass|[miss]\n|-miss|p1a: Rotom|p2a: Froslass\n|\n|-heal|p1a: Rotom|51/100|[from] item: Leftovers\n|upkeep\n|turn|17\n|inactive|Time left: 300 sec this turn | 300 sec total\n|\n|t:|1783534345\n|move|p2a: Froslass|Poltergeist|p1a: Rotom\n|-activate|p1a: Rotom|move: Poltergeist|Leftovers\n|-damage|p1a: Rotom|0 fnt\n|faint|p1a: Rotom\n|\n|upkeep\n|\n|t:|1783534346\n|switch|p1a: Rhyperior|Rhyperior, L82, M|100/100\n|turn|18\n|inactive|Time left: 300 sec this turn | 300 sec total\n|\n|t:|1783534347\n|move|p2a: Froslass|Will-O-Wisp|p1a: Rhyperior\n|-status|p1a: Rhyperior|brn\n|move|p1a: Rhyperior|Earthquake|p2a: Froslass\n|-damage|p2a: Froslass|184/263\n|-start|p1a: Rhyperior|Disable|Earthquake|[from] ability: Cursed Body|[of] p2a: Froslass\n|\n|-damage|p1a: Rhyperior|94/100 brn|[from] brn\n|upkeep\n|turn|19\n|inactive|Time left: 300 sec this turn | 300 sec total\n|\n|t:|1783534348\n|move|p2a: Froslass|Poltergeist|p1a: Rhyperior\n|-activate|p1a: Rhyperior|move: Poltergeist|Weakness Policy\n|-damage|p1a: Rhyperior|61/100 brn\n|move|p1a: Rhyperior|Stone Edge|p2a: Froslass|[miss]\n|-miss|p1a: Rhyperior|p2a: Froslass\n|\n|-damage|p1a: Rhyperior|55/100 brn|[from] brn\n|upkeep\n|turn|20\n|inactive|Time left: 300 sec this turn | 300 sec total\n|\n|t:|1783534349\n|move|p2a: Froslass|Poltergeist|p1a: Rhyperior\n|-activate|p1a: Rhyperior|move: Poltergeist|Weakness Policy\n|-damage|p1a: Rhyperior|18/100 brn\n|move|p1a: Rhyperior|Stone Edge|p2a: Froslass\n|-damage|p2a: Froslass|105/263\n|\n|-damage|p1a: Rhyperior|12/100 brn|[from] brn\n|upkeep\n|turn|21\n|inactive|Time left: 300 sec this turn | 300 sec total\n|\n|t:|1783534350\n|move|p2a: Froslass|Triple Axel|p1a: Rhyperior\n|-supereffective|p1a: Rhyperior\n|-damage|p1a: Rhyperior|5/100 brn\n|-enditem|p1a: Rhyperior|Weakness Policy\n|-boost|p1a: Rhyperior|atk|2|[from] item: Weakness Policy\n|-boost|p1a: Rhyperior|spa|2|[from] item: Weakness Policy\n|-supereffective|p1a: Rhyperior\n|-damage|p1a: Rhyperior|0 fnt\n|faint|p1a: Rhyperior\n|-hitcount|p1: Rhyperior|2\n|\n|win|p0y0466a02", "uploadtime": 1783534350, "views": 0, "rating": 0, "private": 0, "password": null, "_winner": "p0y0466a02", "_our_name": "p0y0466a02"}