{"id": "battle-gen9randombattle-1666", "formatid": "gen9randombattle", "format": "[Gen 9] Random Battle", "players": ["p0x1666f857", "p0y166631ac"], "log": "|init|battle\n|title|p0x1666f857 vs. p0y166631ac\n|j|\u2606p0x1666f857\n|j|\u2606p0y166631ac\n|t:|1783558529\n|gametype|singles\n|player|p1|p0x1666f857|265|\n|player|p2|p0y166631ac|2|\n|gen|9\n|tier|[Gen 9] Random Battle\n|rule|Species Clause: Limit one of each Pok\u00e9mon\n|rule|HP Percentage Mod: HP is shown in percentages\n|rule|Sleep Clause Mod: Limit one foe put to sleep\n|rule|Illusion Level Mod: Illusion disguises the Pok\u00e9mon's true level\n|\n|t:|1783558529\n|teamsize|p1|6\n|teamsize|p2|6\n|start\n|switch|p1a: Meganium|Meganium, L90, F|100/100\n|switch|p2a: Malamar|Malamar, L82, F|275/275\n|turn|1\n|inactive|Battle timer is ON: inactive players will automatically lose when time's up. (requested by p0x1666f857)\n|inactive|Time left: 300 sec this turn | 300 sec total | 60 sec grace\n|inactive|p0y166631ac also wants the timer to be on.\n|\n|t:|1783558531\n|move|p1a: Meganium|Knock Off|p2a: Malamar\n|-crit|p2a: Malamar\n|-damage|p2a: Malamar|174/275\n|-enditem|p2a: Malamar|Chesto Berry|[from] move: Knock Off|[of] p1a: Meganium\n|move|p2a: Malamar|Superpower|p1a: Meganium\n|-damage|p1a: Meganium|79/100\n|-boost|p2a: Malamar|atk|1\n|-boost|p2a: Malamar|def|1\n|\n|-heal|p1a: Meganium|85/100|[from] item: Leftovers\n|upkeep\n|turn|2\n|inactive|Time left: 300 sec this turn | 300 sec total\n|\n|t:|1783558532\n|move|p1a: Meganium|Energy Ball|p2a: Malamar\n|-damage|p2a: Malamar|56/275\n|move|p2a: Malamar|Knock Off|p1a: Meganium\n|-damage|p1a: Meganium|41/100\n|-enditem|p1a: Meganium|Leftovers|[from] move: Knock Off|[of] p2a: Malamar\n|\n|upkeep\n|turn|3\n|inactive|Time left: 300 sec this turn | 300 sec total\n|\n|t:|1783558534\n|move|p1a: Meganium|Energy Ball|p2a: Malamar\n|-damage|p2a: Malamar|0 fnt\n|faint|p2a: Malamar\n|\n|upkeep\n|inactive|Time left: 300 sec this turn | 300 sec total | 5 sec grace\n|\n|t:|1783558535\n|switch|p2a: Emboar|Emboar, L84, F|322/322\n|turn|4\n|inactive|Time left: 300 sec this turn | 300 sec total\n|\n|t:|1783558536\n|move|p2a: Emboar|Flare Blitz|p1a: Meganium\n|-supereffective|p1a: Meganium\n|-damage|p1a: Meganium|0 fnt\n|faint|p1a: Meganium\n|-damage|p2a: Emboar|283/322|[from] Recoil\n|\n|upkeep\n|\n|t:|1783558537\n|switch|p1a: Swampert|Swampert, L83, M|100/100\n|turn|5\n|inactive|Time left: 300 sec this turn | 300 sec total\n|\n|t:|1783558538\n|switch|p2a: Cloyster|Cloyster, L80, F|211/211\n|move|p1a: Swampert|Earthquake|p2a: Cloyster\n|-crit|p2a: Cloyster\n|-damage|p2a: Cloyster|109/211\n|\n|upkeep\n|turn|6\n|inactive|Time left: 300 sec this turn | 300 sec total\n|\n|t:|1783558539\n|move|p2a: Cloyster|Shell Smash|p2a: Cloyster\n|-unboost|p2a: Cloyster|def|1\n|-unboost|p2a: Cloyster|spd|1\n|-boost|p2a: Cloyster|atk|2\n|-boost|p2a: Cloyster|spa|2\n|-boost|p2a: Cloyster|spe|2\n|-enditem|p2a: Cloyster|White Herb\n|-clearnegativeboost|p2a: Cloyster|[silent]\n|move|p1a: Swampert|Earthquake|p2a: Cloyster\n|-damage|p2a: Cloyster|39/211\n|\n|upkeep\n|turn|7\n|inactive|Time left: 300 sec this turn | 300 sec total\n|\n|t:|1783558540\n|-terastallize|p2a: Cloyster|Ice\n|move|p2a: Cloyster|Icicle Spear|p1a: Swampert\n|-damage|p1a: Swampert|79/100\n|-damage|p1a: Swampert|59/100\n|-damage|p1a: Swampert|39/100\n|-damage|p1a: Swampert|17/100\n|-damage|p1a: Swampert|0 fnt\n|faint|p1a: Swampert\n|-hitcount|p1: Swampert|5\n|\n|upkeep\n|\n|t:|1783558541\n|switch|p1a: Lucario|Lucario, L84, M|100/100\n|turn|8\n|inactive|Time left: 300 sec this turn | 300 sec total\n|\n|t:|1783558542\n|move|p1a: Lucario|Extreme Speed|p2a: Cloyster\n|-damage|p2a: Cloyster|0 fnt\n|faint|p2a: Cloyster\n|\n|upkeep\n|inactive|Time left: 300 sec this turn | 300 sec total | 5 sec grace\n|\n|t:|1783558543\n|switch|p2a: Emboar|Emboar, L84, F|283/322\n|turn|9\n|inactive|Time left: 300 sec this turn | 300 sec total\n|\n|t:|1783558544\n|move|p1a: Lucario|Extreme Speed|p2a: Emboar\n|-damage|p2a: Emboar|175/322\n|move|p2a: Emboar|Flare Blitz|p1a: Lucario\n|-supereffective|p1a: Lucario\n|-damage|p1a: Lucario|0 fnt\n|faint|p1a: Lucario\n|-damage|p2a: Emboar|91/322|[from] Recoil\n|\n|upkeep\n|\n|t:|1783558545\n|switch|p1a: Kommo-o|Kommo-o, L77, M|100/100\n|turn|10\n|inactive|Time left: 300 sec this turn | 300 sec total\n|\n|t:|1783558546\n|move|p2a: Emboar|Flare Blitz|p1a: Kommo-o\n|-resisted|p1a: Kommo-o\n|-damage|p1a: Kommo-o|67/100\n|-status|p1a: Kommo-o|brn\n|-damage|p2a: Emboar|64/322|[from] Recoil\n|move|p1a: Kommo-o|Clangorous Soul|p1a: Kommo-o\n|-boost|p1a: Kommo-o|atk|1\n|-boost|p1a: Kommo-o|def|1\n|-boost|p1a: Kommo-o|spa|1\n|-boost|p1a: Kommo-o|spd|1\n|-boost|p1a: Kommo-o|spe|1\n|-damage|p1a: Kommo-o|34/100 brn\n|-enditem|p1a: Kommo-o|Throat Spray\n|-boost|p1a: Kommo-o|spa|1|[from] item: Throat Spray\n|\n|-damage|p1a: Kommo-o|28/100 brn|[from] brn\n|upkeep\n|turn|11\n|inactive|Time left: 300 sec this turn | 300 sec total\n|\n|t:|1783558547\n|switch|p2a: Metagross|Metagross, L79|256/256\n|move|p1a: Kommo-o|Drain Punch|p2a: Metagross\n|-damage|p2a: Metagross|214/256\n|-heal|p1a: Kommo-o|37/100 brn|[from] drain|[of] p2a: Metagross\n|\n|-damage|p1a: Kommo-o|31/100 brn|[from] brn\n|upkeep\n|turn|12\n|inactive|Time left: 300 sec this turn | 300 sec total\n|\n|t:|1783558548\n|move|p1a: Kommo-o|Clanging Scales|p2a: Metagross\n|-resisted|p2a: Metagross\n|-damage|p2a: Metagross|103/256\n|-unboost|p1a: Kommo-o|def|1\n|move|p2a: Metagross|Heavy Slam|p1a: Kommo-o\n|-damage|p1a: Kommo-o|0 fnt\n|faint|p1a: Kommo-o\n|\n|upkeep\n|\n|t:|1783558549\n|switch|p1a: Moltres|Moltres-Galar, L79|100/100\n|turn|13\n|inactive|Time left: 300 sec this turn | 300 sec total\n|\n|t:|1783558551\n|switch|p2a: Emboar|Emboar, L84, F|64/322\n|move|p1a: Moltres|Fiery Wrath|p2a: Emboar\n|-resisted|p2a: Emboar\n|-damage|p2a: Emboar|13/322\n|\n|upkeep\n|turn|14\n|inactive|Time left: 300 sec this turn | 300 sec total\n|\n|t:|1783558552\n|move|p2a: Emboar|Head Smash|p1a: Moltres|[miss]\n|-miss|p2a: Emboar|p1a: Moltres\n|move|p1a: Moltres|Fiery Wrath|p2a: Emboar\n|-resisted|p2a: Emboar\n|-damage|p2a: Emboar|0 fnt\n|faint|p2a: Emboar\n|\n|upkeep\n|inactive|Time left: 300 sec this turn | 300 sec total | 5 sec grace\n|\n|t:|1783558553\n|switch|p2a: Crawdaunt|Crawdaunt, L84, F|243/243\n|turn|15\n|inactive|Time left: 300 sec this turn | 300 sec total\n|\n|t:|1783558554\n|move|p1a: Moltres|Hurricane|p2a: Crawdaunt\n|-damage|p2a: Crawdaunt|83/243\n|move|p2a: Crawdaunt|Dragon Dance|p2a: Crawdaunt\n|-boost|p2a: Crawdaunt|atk|1\n|-boost|p2a: Crawdaunt|spe|1\n|\n|upkeep\n|turn|16\n|inactive|Time left: 300 sec this turn | 300 sec total\n|\n|t:|1783558555\n|move|p2a: Crawdaunt|Crabhammer|p1a: Moltres\n|-damage|p1a: Moltres|0 fnt\n|faint|p1a: Moltres\n|-damage|p2a: Crawdaunt|59/243|[from] item: Life Orb\n|\n|upkeep\n|\n|t:|1783558556\n|switch|p1a: Houndoom|Houndoom, L87, M|100/100\n|turn|17\n|inactive|Time left: 300 sec this turn | 300 sec total\n|\n|t:|1783558557\n|-terastallize|p1a: Houndoom|Fire\n|move|p2a: Crawdaunt|Aqua Jet|p1a: Houndoom\n|-supereffective|p1a: Houndoom\n|-damage|p1a: Houndoom|0 fnt\n|faint|p1a: Houndoom\n|-damage|p2a: Crawdaunt|35/243|[from] item: Life Orb\n|\n|win|p0y166631ac", "uploadtime": 1783558557, "views": 0, "rating": 0, "private": 0, "password": null, "_winner": "p0y166631ac", "_our_name": "p0y166631ac"}