{"id": "battle-gen9randombattle-2477", "formatid": "gen9randombattle", "format": "[Gen 9] Random Battle", "players": ["p0x2477c2b2", "p0y24775af5"], "log": "|init|battle\n|title|p0x2477c2b2 vs. p0y24775af5\n|j|\u2606p0x2477c2b2\n|j|\u2606p0y24775af5\n|t:|1783568709\n|gametype|singles\n|player|p1|p0x2477c2b2|102|\n|player|p2|p0y24775af5|266|\n|gen|9\n|tier|[Gen 9] Random Battle\n|rule|Species Clause: Limit one of each Pok\u00e9mon\n|rule|HP Percentage Mod: HP is shown in percentages\n|rule|Sleep Clause Mod: Limit one foe put to sleep\n|rule|Illusion Level Mod: Illusion disguises the Pok\u00e9mon's true level\n|\n|t:|1783568709\n|teamsize|p1|6\n|teamsize|p2|6\n|start\n|switch|p1a: Scovillain|Scovillain, L91, F|100/100\n|switch|p2a: Tsareena|Tsareena, L87, F|267/267\n|turn|1\n|inactive|Battle timer is ON: inactive players will automatically lose when time's up. (requested by p0x2477c2b2)\n|inactive|Time left: 300 sec this turn | 300 sec total | 60 sec grace\n|\n|t:|1783568710\n|move|p1a: Scovillain|Flamethrower|p2a: Tsareena\n|-supereffective|p2a: Tsareena\n|-damage|p2a: Tsareena|63/267\n|-status|p2a: Tsareena|brn\n|move|p2a: Tsareena|High Jump Kick|p1a: Scovillain\n|-damage|p1a: Scovillain|66/100\n|\n|-heal|p1a: Scovillain|72/100|[from] item: Leftovers\n|-damage|p2a: Tsareena|47/267 brn|[from] brn\n|upkeep\n|turn|2\n|inactive|Time left: 300 sec this turn | 300 sec total\n|inactive|p0y24775af5 also wants the timer to be on.\n|\n|t:|1783568712\n|switch|p2a: Tyranitar|Tyranitar, L78, F|284/284\n|-weather|Sandstorm|[from] ability: Sand Stream|[of] p2a: Tyranitar\n|move|p1a: Scovillain|Flamethrower|p2a: Tyranitar\n|-resisted|p2a: Tyranitar\n|-damage|p2a: Tyranitar|247/284\n|\n|-weather|Sandstorm|[upkeep]\n|-damage|p1a: Scovillain|66/100|[from] Sandstorm\n|-heal|p1a: Scovillain|72/100|[from] item: Leftovers\n|upkeep\n|turn|3\n|inactive|Time left: 300 sec this turn | 300 sec total\n|\n|t:|1783568713\n|move|p1a: Scovillain|Substitute|p1a: Scovillain\n|-start|p1a: Scovillain|Substitute\n|-damage|p1a: Scovillain|47/100\n|move|p2a: Tyranitar|Knock Off|p1a: Scovillain\n|-end|p1a: Scovillain|Substitute\n|\n|-weather|Sandstorm|[upkeep]\n|-damage|p1a: Scovillain|41/100|[from] Sandstorm\n|-heal|p1a: Scovillain|47/100|[from] item: Leftovers\n|upkeep\n|turn|4\n|inactive|Time left: 300 sec this turn | 300 sec total\n|\n|t:|1783568714\n|move|p1a: Scovillain|Protect|p1a: Scovillain\n|-singleturn|p1a: Scovillain|Protect\n|move|p2a: Tyranitar|Knock Off|p1a: Scovillain\n|-activate|p1a: Scovillain|move: Protect\n|\n|-weather|Sandstorm|[upkeep]\n|-damage|p1a: Scovillain|41/100|[from] Sandstorm\n|-heal|p1a: Scovillain|47/100|[from] item: Leftovers\n|upkeep\n|turn|5\n|inactive|Time left: 300 sec this turn | 300 sec total\n|\n|t:|1783568715\n|switch|p1a: Dudunsparce|Dudunsparce, L83, F|100/100\n|move|p2a: Tyranitar|Knock Off|p1a: Dudunsparce\n|-damage|p1a: Dudunsparce|61/100\n|-ability|p1a: Dudunsparce|Rattled|boost\n|-boost|p1a: Dudunsparce|spe|1\n|-enditem|p1a: Dudunsparce|Leftovers|[from] move: Knock Off|[of] p2a: Tyranitar\n|\n|-weather|Sandstorm|[upkeep]\n|-damage|p1a: Dudunsparce|55/100|[from] Sandstorm\n|upkeep\n|turn|6\n|inactive|Time left: 300 sec this turn | 300 sec total\n|\n|t:|1783568716\n|move|p1a: Dudunsparce|Roost|p1a: Dudunsparce\n|-heal|p1a: Dudunsparce|100/100\n|-singleturn|p1a: Dudunsparce|move: Roost\n|move|p2a: Tyranitar|Dragon Dance|p2a: Tyranitar\n|-boost|p2a: Tyranitar|atk|1\n|-boost|p2a: Tyranitar|spe|1\n|\n|-weather|none\n|upkeep\n|turn|7\n|inactive|Time left: 300 sec this turn | 300 sec total\n|\n|t:|1783568717\n|move|p2a: Tyranitar|Dragon Dance|p2a: Tyranitar\n|-boost|p2a: Tyranitar|atk|1\n|-boost|p2a: Tyranitar|spe|1\n|move|p1a: Dudunsparce|Boomburst|p2a: Tyranitar\n|-resisted|p2a: Tyranitar\n|-damage|p2a: Tyranitar|177/284\n|\n|upkeep\n|turn|8\n|inactive|Time left: 300 sec this turn | 300 sec total\n|\n|t:|1783568718\n|move|p2a: Tyranitar|Stone Edge|p1a: Dudunsparce\n|-damage|p1a: Dudunsparce|23/100\n|move|p1a: Dudunsparce|Roost|p1a: Dudunsparce\n|-heal|p1a: Dudunsparce|73/100\n|-singleturn|p1a: Dudunsparce|move: Roost\n|\n|upkeep\n|turn|9\n|inactive|Time left: 300 sec this turn | 300 sec total\n|\n|t:|1783568720\n|move|p2a: Tyranitar|Stone Edge|p1a: Dudunsparce|[miss]\n|-miss|p2a: Tyranitar|p1a: Dudunsparce\n|move|p1a: Dudunsparce|Roost|p1a: Dudunsparce\n|-heal|p1a: Dudunsparce|100/100\n|-singleturn|p1a: Dudunsparce|move: Roost\n|\n|upkeep\n|turn|10\n|inactive|Time left: 300 sec this turn | 300 sec total\n|\n|t:|1783568721\n|move|p2a: Tyranitar|Stone Edge|p1a: Dudunsparce\n|-damage|p1a: Dudunsparce|29/100\n|move|p1a: Dudunsparce|Roost|p1a: Dudunsparce\n|-heal|p1a: Dudunsparce|80/100\n|-singleturn|p1a: Dudunsparce|move: Roost\n|\n|upkeep\n|turn|11\n|inactive|Time left: 300 sec this turn | 300 sec total\n|\n|t:|1783568722\n|move|p2a: Tyranitar|Stone Edge|p1a: Dudunsparce\n|-damage|p1a: Dudunsparce|5/100\n|move|p1a: Dudunsparce|Roost|p1a: Dudunsparce\n|-heal|p1a: Dudunsparce|55/100\n|-singleturn|p1a: Dudunsparce|move: Roost\n|\n|upkeep\n|turn|12\n|inactive|Time left: 300 sec this turn | 300 sec total\n|\n|t:|1783568723\n|move|p2a: Tyranitar|Stone Edge|p1a: Dudunsparce\n|-damage|p1a: Dudunsparce|0 fnt\n|faint|p1a: Dudunsparce\n|\n|upkeep\n|\n|t:|1783568724\n|switch|p1a: Malamar|Malamar, L82, F|100/100\n|turn|13\n|inactive|Time left: 300 sec this turn | 300 sec total\n|\n|t:|1783568725\n|-terastallize|p2a: Tyranitar|Rock\n|-terastallize|p1a: Malamar|Fighting\n|move|p2a: Tyranitar|Knock Off|p1a: Malamar\n|-resisted|p1a: Malamar\n|-damage|p1a: Malamar|55/100\n|-enditem|p1a: Malamar|Chesto Berry|[from] move: Knock Off|[of] p2a: Tyranitar\n|move|p1a: Malamar|Superpower|p2a: Tyranitar\n|-supereffective|p2a: Tyranitar\n|-damage|p2a: Tyranitar|0 fnt\n|-boost|p1a: Malamar|atk|1\n|-boost|p1a: Malamar|def|1\n|faint|p2a: Tyranitar\n|\n|upkeep\n|inactive|Time left: 300 sec this turn | 300 sec total | 5 sec grace\n|\n|t:|1783568726\n|switch|p2a: Flapple|Flapple, L88, M|266/266\n|turn|14\n|inactive|Time left: 300 sec this turn | 300 sec total\n|\n|t:|1783568728\n|move|p2a: Flapple|Outrage|p1a: Malamar\n|-damage|p1a: Malamar|0 fnt\n|faint|p1a: Malamar\n|\n|upkeep\n|\n|t:|1783568728\n|switch|p1a: Phione|Phione, L91|100/100\n|turn|15\n|inactive|Time left: 300 sec this turn | 300 sec total\n|\n|t:|1783568729\n|move|p1a: Phione|Ice Beam|p2a: Flapple\n|-supereffective|p2a: Flapple\n|-damage|p2a: Flapple|0 fnt\n|faint|p2a: Flapple\n|\n|upkeep\n|inactive|Time left: 300 sec this turn | 300 sec total | 5 sec grace\n|\n|t:|1783568730\n|switch|p2a: Necrozma|Necrozma-Dawn-Wings, L76|272/272\n|turn|16\n|inactive|Time left: 300 sec this turn | 300 sec total\n|\n|t:|1783568731\n|move|p1a: Phione|Scald|p2a: Necrozma\n|-damage|p2a: Necrozma|199/272\n|move|p2a: Necrozma|Calm Mind|p2a: Necrozma\n|-boost|p2a: Necrozma|spa|1\n|-boost|p2a: Necrozma|spd|1\n|\n|-heal|p2a: Necrozma|216/272|[from] item: Leftovers\n|upkeep\n|turn|17\n|inactive|Time left: 300 sec this turn | 300 sec total\n|\n|t:|1783568732\n|move|p1a: Phione|Ice Beam|p2a: Necrozma\n|-damage|p2a: Necrozma|181/272\n|move|p2a: Necrozma|Photon Geyser|p1a: Phione\n|-damage|p1a: Phione|35/100\n|\n|-heal|p1a: Phione|41/100|[from] item: Leftovers\n|-heal|p2a: Necrozma|198/272|[from] item: Leftovers\n|upkeep\n|turn|18\n|inactive|Time left: 300 sec this turn | 300 sec total\n|\n|t:|1783568733\n|move|p1a: Phione|Ice Beam|p2a: Necrozma\n|-damage|p2a: Necrozma|160/272\n|move|p2a: Necrozma|Photon Geyser|p1a: Phione\n|-damage|p1a: Phione|0 fnt\n|faint|p1a: Phione\n|\n|-heal|p2a: Necrozma|177/272|[from] item: Leftovers\n|upkeep\n|\n|t:|1783568734\n|switch|p1a: Veluza|Veluza, L85, F|100/100\n|turn|19\n|inactive|Time left: 300 sec this turn | 300 sec total\n|\n|t:|1783568735\n|switch|p2a: Oinkologne|Oinkologne, L92, M|352/352\n|move|p1a: Veluza|Night Slash|p2a: Oinkologne\n|-damage|p2a: Oinkologne|269/352\n|\n|-heal|p2a: Oinkologne|291/352|[from] item: Leftovers\n|upkeep\n|turn|20\n|inactive|Time left: 300 sec this turn | 300 sec total\n|\n|t:|1783568736\n|move|p2a: Oinkologne|Body Slam|p1a: Veluza\n|-damage|p1a: Veluza|57/100\n|-status|p1a: Veluza|par\n|move|p1a: Veluza|Psycho Cut|p2a: Oinkologne\n|-damage|p2a: Oinkologne|167/352\n|\n|-heal|p2a: Oinkologne|189/352|[from] item: Leftovers\n|upkeep\n|turn|21\n|inactive|Time left: 300 sec this turn | 300 sec total\n|\n|t:|1783568737\n|move|p2a: Oinkologne|Lash Out|p1a: Veluza\n|-supereffective|p1a: Veluza\n|-damage|p1a: Veluza|3/100 par\n|-enditem|p1a: Veluza|Sitrus Berry|[eat]\n|-heal|p1a: Veluza|28/100 par|[from] item: Sitrus Berry\n|cant|p1a: Veluza|par\n|\n|-heal|p2a: Oinkologne|211/352|[from] item: Leftovers\n|upkeep\n|turn|22\n|inactive|Time left: 300 sec this turn | 300 sec total\n|\n|t:|1783568738\n|move|p2a: Oinkologne|Body Slam|p1a: Veluza\n|-damage|p1a: Veluza|0 fnt\n|faint|p1a: Veluza\n|\n|-heal|p2a: Oinkologne|233/352|[from] item: Leftovers\n|upkeep\n|\n|t:|1783568739\n|switch|p1a: Scovillain|Scovillain, L91, F|47/100\n|turn|23\n|inactive|Time left: 300 sec this turn | 300 sec total\n|\n|t:|1783568739\n|move|p1a: Scovillain|Leech Seed|p2a: Oinkologne\n|-start|p2a: Oinkologne|move: Leech Seed\n|move|p2a: Oinkologne|Body Slam|p1a: Scovillain\n|-damage|p1a: Scovillain|0 fnt\n|faint|p1a: Scovillain\n|\n|-heal|p2a: Oinkologne|255/352|[from] item: Leftovers\n|upkeep\n|\n|t:|1783568740\n|switch|p1a: Kilowattrel|Kilowattrel, L83, M|100/100\n|turn|24\n|inactive|Time left: 300 sec this turn | 300 sec total\n|\n|t:|1783568741\n|switch|p2a: Tsareena|Tsareena, L87, F|47/267 brn\n|move|p1a: Kilowattrel|Hurricane|p2a: Tsareena|[miss]\n|-miss|p1a: Kilowattrel|p2a: Tsareena\n|\n|-damage|p2a: Tsareena|31/267 brn|[from] brn\n|upkeep\n|turn|25\n|inactive|Time left: 300 sec this turn | 300 sec total\n|\n|t:|1783568742\n|move|p1a: Kilowattrel|Hurricane|p2a: Tsareena\n|-supereffective|p2a: Tsareena\n|-damage|p2a: Tsareena|0 fnt\n|faint|p2a: Tsareena\n|\n|upkeep\n|inactive|Time left: 300 sec this turn | 300 sec total | 5 sec grace\n|\n|t:|1783568743\n|switch|p2a: Necrozma|Necrozma-Dawn-Wings, L76|177/272\n|turn|26\n|inactive|Time left: 300 sec this turn | 300 sec total\n|\n|t:|1783568744\n|move|p1a: Kilowattrel|Hurricane|p2a: Necrozma\n|-crit|p2a: Necrozma\n|-damage|p2a: Necrozma|32/272\n|move|p2a: Necrozma|Photon Geyser|p1a: Kilowattrel\n|-crit|p1a: Kilowattrel\n|-damage|p1a: Kilowattrel|5/100\n|\n|-heal|p2a: Necrozma|49/272|[from] item: Leftovers\n|upkeep\n|turn|27\n|inactive|Time left: 300 sec this turn | 300 sec total\n|\n|t:|1783568745\n|move|p1a: Kilowattrel|Thunderbolt|p2a: Necrozma\n|-damage|p2a: Necrozma|0 fnt\n|faint|p2a: Necrozma\n|\n|upkeep\n|inactive|Time left: 300 sec this turn | 300 sec total | 5 sec grace\n|\n|t:|1783568746\n|switch|p2a: Oinkologne|Oinkologne, L92, M|255/352\n|turn|28\n|inactive|Time left: 300 sec this turn | 300 sec total\n|\n|t:|1783568747\n|move|p1a: Kilowattrel|Hurricane|p2a: Oinkologne|[miss]\n|-miss|p1a: Kilowattrel|p2a: Oinkologne\n|move|p2a: Oinkologne|Body Slam|p1a: Kilowattrel\n|-damage|p1a: Kilowattrel|0 fnt\n|faint|p1a: Kilowattrel\n|\n|win|p0y24775af5", "uploadtime": 1783568747, "views": 0, "rating": 0, "private": 0, "password": null, "_winner": "p0y24775af5", "_our_name": "p0y24775af5"}