{"id": "battle-gen9randombattle-1445", "formatid": "gen9randombattle", "format": "[Gen 9] Random Battle", "players": ["p0x14454d45", "p0y144567ad"], "log": "|init|battle\n|title|p0x14454d45 vs. p0y144567ad\n|j|\u2606p0x14454d45\n|j|\u2606p0y144567ad\n|t:|1783555886\n|gametype|singles\n|player|p1|p0x14454d45|170|\n|player|p2|p0y144567ad|102|\n|gen|9\n|tier|[Gen 9] Random Battle\n|rule|Species Clause: Limit one of each Pok\u00e9mon\n|rule|HP Percentage Mod: HP is shown in percentages\n|rule|Sleep Clause Mod: Limit one foe put to sleep\n|rule|Illusion Level Mod: Illusion disguises the Pok\u00e9mon's true level\n|\n|t:|1783555886\n|teamsize|p1|6\n|teamsize|p2|6\n|start\n|switch|p1a: Dudunsparce|Dudunsparce-Three-Segment, L83, F|343/343\n|switch|p2a: Palossand|Palossand, L89, M|100/100\n|turn|1\n|inactive|Battle timer is ON: inactive players will automatically lose when time's up. (requested by p0y144567ad)\n|inactive|Time left: 300 sec this turn | 300 sec total | 60 sec grace\n|inactive|p0x14454d45 also wants the timer to be on.\n|\n|t:|1783555888\n|move|p1a: Dudunsparce|Calm Mind|p1a: Dudunsparce\n|-boost|p1a: Dudunsparce|spa|1\n|-boost|p1a: Dudunsparce|spd|1\n|move|p2a: Palossand|Sludge Bomb|p1a: Dudunsparce\n|-damage|p1a: Dudunsparce|284/343\n|-status|p1a: Dudunsparce|psn\n|\n|-heal|p1a: Dudunsparce|305/343 psn|[from] item: Leftovers\n|-damage|p1a: Dudunsparce|263/343 psn|[from] psn\n|upkeep\n|turn|2\n|inactive|Time left: 300 sec this turn | 300 sec total\n|\n|t:|1783555889\n|move|p1a: Dudunsparce|Calm Mind|p1a: Dudunsparce\n|-boost|p1a: Dudunsparce|spa|1\n|-boost|p1a: Dudunsparce|spd|1\n|move|p2a: Palossand|Earth Power|p1a: Dudunsparce\n|-damage|p1a: Dudunsparce|203/343 psn\n|\n|-heal|p1a: Dudunsparce|224/343 psn|[from] item: Leftovers\n|-damage|p1a: Dudunsparce|182/343 psn|[from] psn\n|upkeep\n|turn|3\n|inactive|Time left: 300 sec this turn | 300 sec total\n|\n|t:|1783555890\n|switch|p2a: Tinkaton|Tinkaton, L82, F|100/100\n|-ability|p2a: Tinkaton|Mold Breaker\n|move|p1a: Dudunsparce|Roost|p1a: Dudunsparce\n|-heal|p1a: Dudunsparce|343/343 psn\n|-singleturn|p1a: Dudunsparce|move: Roost\n|\n|-damage|p1a: Dudunsparce|301/343 psn|[from] psn\n|upkeep\n|turn|4\n|inactive|Time left: 300 sec this turn | 300 sec total\n|\n|t:|1783555891\n|move|p2a: Tinkaton|Gigaton Hammer|p1a: Dudunsparce\n|-damage|p1a: Dudunsparce|156/343 psn\n|move|p1a: Dudunsparce|Boomburst|p2a: Tinkaton\n|-resisted|p2a: Tinkaton\n|-damage|p2a: Tinkaton|57/100\n|\n|-heal|p2a: Tinkaton|63/100|[from] item: Leftovers\n|-heal|p1a: Dudunsparce|177/343 psn|[from] item: Leftovers\n|-damage|p1a: Dudunsparce|135/343 psn|[from] psn\n|upkeep\n|turn|5\n|inactive|Time left: 300 sec this turn | 300 sec total\n|\n|t:|1783555892\n|move|p2a: Tinkaton|Stealth Rock|p1a: Dudunsparce\n|-sidestart|p1: p0x14454d45|move: Stealth Rock\n|move|p1a: Dudunsparce|Roost|p1a: Dudunsparce\n|-heal|p1a: Dudunsparce|307/343 psn\n|-singleturn|p1a: Dudunsparce|move: Roost\n|\n|-heal|p2a: Tinkaton|69/100|[from] item: Leftovers\n|-heal|p1a: Dudunsparce|328/343 psn|[from] item: Leftovers\n|-damage|p1a: Dudunsparce|286/343 psn|[from] psn\n|upkeep\n|turn|6\n|inactive|Time left: 300 sec this turn | 300 sec total\n|\n|t:|1783555894\n|move|p2a: Tinkaton|Gigaton Hammer|p1a: Dudunsparce\n|-crit|p1a: Dudunsparce\n|-damage|p1a: Dudunsparce|52/343 psn\n|move|p1a: Dudunsparce|Boomburst|p2a: Tinkaton\n|-resisted|p2a: Tinkaton\n|-damage|p2a: Tinkaton|28/100\n|\n|-heal|p2a: Tinkaton|34/100|[from] item: Leftovers\n|-heal|p1a: Dudunsparce|73/343 psn|[from] item: Leftovers\n|-damage|p1a: Dudunsparce|31/343 psn|[from] psn\n|upkeep\n|turn|7\n|inactive|Time left: 300 sec this turn | 300 sec total\n|\n|t:|1783555895\n|move|p2a: Tinkaton|Knock Off|p1a: Dudunsparce\n|-damage|p1a: Dudunsparce|0 fnt\n|-enditem|p1a: Dudunsparce|Leftovers|[from] move: Knock Off|[of] p2a: Tinkaton\n|faint|p1a: Dudunsparce\n|\n|-heal|p2a: Tinkaton|40/100|[from] item: Leftovers\n|upkeep\n|inactive|Time left: 300 sec this turn | 300 sec total | 5 sec grace\n|\n|t:|1783555896\n|switch|p1a: Rotom|Rotom-Frost, L87|229/229\n|turn|8\n|inactive|Time left: 300 sec this turn | 300 sec total\n|\n|t:|1783555897\n|move|p2a: Tinkaton|Knock Off|p1a: Rotom\n|-damage|p1a: Rotom|181/229\n|-enditem|p1a: Rotom|Heavy-Duty Boots|[from] move: Knock Off|[of] p2a: Tinkaton\n|move|p1a: Rotom|Nasty Plot|p1a: Rotom\n|-boost|p1a: Rotom|spa|2\n|\n|-heal|p2a: Tinkaton|46/100|[from] item: Leftovers\n|upkeep\n|turn|9\n|inactive|Time left: 300 sec this turn | 300 sec total\n|\n|t:|1783555898\n|move|p2a: Tinkaton|Gigaton Hammer|p1a: Rotom\n|-damage|p1a: Rotom|67/229\n|move|p1a: Rotom|Thunderbolt|p2a: Tinkaton\n|-damage|p2a: Tinkaton|0 fnt\n|faint|p2a: Tinkaton\n|\n|upkeep\n|\n|t:|1783555899\n|switch|p2a: Grumpig|Grumpig, L92, M|100/100\n|turn|10\n|inactive|Time left: 300 sec this turn | 300 sec total\n|\n|t:|1783555900\n|move|p2a: Grumpig|Psychic|p1a: Rotom\n|-damage|p1a: Rotom|0 fnt\n|faint|p1a: Rotom\n|\n|upkeep\n|inactive|Time left: 300 sec this turn | 300 sec total | 5 sec grace\n|\n|t:|1783555901\n|switch|p1a: Volbeat|Volbeat, L90, M|263/263\n|turn|11\n|inactive|Time left: 300 sec this turn | 300 sec total\n|\n|t:|1783555902\n|move|p2a: Grumpig|Psychic|p1a: Volbeat\n|-damage|p1a: Volbeat|152/263\n|move|p1a: Volbeat|Lunge|p2a: Grumpig\n|-supereffective|p2a: Grumpig\n|-damage|p2a: Grumpig|41/100\n|-unboost|p2a: Grumpig|atk|1\n|\n|upkeep\n|turn|12\n|inactive|Time left: 300 sec this turn | 300 sec total\n|\n|t:|1783555903\n|move|p2a: Grumpig|Psychic|p1a: Volbeat\n|-damage|p1a: Volbeat|49/263\n|move|p1a: Volbeat|Lunge|p2a: Grumpig\n|-supereffective|p2a: Grumpig\n|-damage|p2a: Grumpig|0 fnt\n|faint|p2a: Grumpig\n|\n|upkeep\n|\n|t:|1783555904\n|switch|p2a: Scrafty|Scrafty, L83, F|100/100\n|turn|13\n|inactive|Time left: 300 sec this turn | 300 sec total\n|\n|t:|1783555904\n|move|p1a: Volbeat|Lunge|p2a: Scrafty\n|-damage|p2a: Scrafty|71/100\n|-unboost|p2a: Scrafty|atk|1\n|move|p2a: Scrafty|Knock Off|p1a: Volbeat\n|-damage|p1a: Volbeat|0 fnt\n|-enditem|p1a: Volbeat|Heavy-Duty Boots|[from] move: Knock Off|[of] p2a: Scrafty\n|faint|p1a: Volbeat\n|\n|-heal|p2a: Scrafty|77/100|[from] item: Leftovers\n|upkeep\n|inactive|Time left: 300 sec this turn | 300 sec total | 5 sec grace\n|\n|t:|1783555905\n|switch|p1a: Clodsire|Clodsire, L81, M|343/343\n|-damage|p1a: Clodsire|322/343|[from] Stealth Rock\n|turn|14\n|inactive|Time left: 300 sec this turn | 300 sec total\n|\n|t:|1783555906\n|move|p2a: Scrafty|Bulk Up|p2a: Scrafty\n|-boost|p2a: Scrafty|atk|1\n|-boost|p2a: Scrafty|def|1\n|move|p1a: Clodsire|Earthquake|p2a: Scrafty\n|-damage|p2a: Scrafty|49/100\n|\n|-heal|p2a: Scrafty|55/100|[from] item: Leftovers\n|-heal|p1a: Clodsire|343/343|[from] item: Leftovers\n|upkeep\n|turn|15\n|inactive|Time left: 300 sec this turn | 300 sec total\n|\n|t:|1783555907\n|move|p2a: Scrafty|Bulk Up|p2a: Scrafty\n|-boost|p2a: Scrafty|atk|1\n|-boost|p2a: Scrafty|def|1\n|move|p1a: Clodsire|Stealth Rock|p2a: Scrafty\n|-sidestart|p2: p0y144567ad|move: Stealth Rock\n|\n|-heal|p2a: Scrafty|61/100|[from] item: Leftovers\n|upkeep\n|turn|16\n|inactive|Time left: 300 sec this turn | 300 sec total\n|\n|t:|1783555908\n|move|p2a: Scrafty|Knock Off|p1a: Clodsire\n|-damage|p1a: Clodsire|217/343\n|-enditem|p1a: Clodsire|Leftovers|[from] move: Knock Off|[of] p2a: Scrafty\n|move|p1a: Clodsire|Earthquake|p2a: Scrafty\n|-damage|p2a: Scrafty|36/100\n|\n|-heal|p2a: Scrafty|42/100|[from] item: Leftovers\n|upkeep\n|turn|17\n|inactive|Time left: 300 sec this turn | 300 sec total\n|\n|t:|1783555910\n|move|p2a: Scrafty|Bulk Up|p2a: Scrafty\n|-boost|p2a: Scrafty|atk|1\n|-boost|p2a: Scrafty|def|1\n|move|p1a: Clodsire|Gunk Shot|p2a: Scrafty\n|-damage|p2a: Scrafty|11/100\n|\n|-heal|p2a: Scrafty|17/100|[from] item: Leftovers\n|upkeep\n|turn|18\n|inactive|Time left: 300 sec this turn | 300 sec total\n|\n|t:|1783555911\n|move|p2a: Scrafty|Rest|p2a: Scrafty\n|-status|p2a: Scrafty|slp|[from] move: Rest\n|-heal|p2a: Scrafty|100/100 slp|[silent]\n|move|p1a: Clodsire|Recover|p1a: Clodsire\n|-heal|p1a: Clodsire|343/343\n|\n|-activate|p2a: Scrafty|ability: Shed Skin\n|-curestatus|p2a: Scrafty|slp|[msg]\n|upkeep\n|turn|19\n|inactive|Time left: 300 sec this turn | 300 sec total\n|\n|t:|1783555912\n|move|p2a: Scrafty|Knock Off|p1a: Clodsire\n|-damage|p1a: Clodsire|259/343\n|move|p1a: Clodsire|Gunk Shot|p2a: Scrafty\n|-damage|p2a: Scrafty|70/100\n|\n|-heal|p2a: Scrafty|76/100|[from] item: Leftovers\n|upkeep\n|turn|20\n|inactive|Time left: 300 sec this turn | 300 sec total\n|\n|t:|1783555913\n|move|p2a: Scrafty|Knock Off|p1a: Clodsire\n|-damage|p1a: Clodsire|165/343\n|move|p1a: Clodsire|Recover|p1a: Clodsire\n|-heal|p1a: Clodsire|337/343\n|\n|-heal|p2a: Scrafty|82/100|[from] item: Leftovers\n|upkeep\n|turn|21\n|inactive|Time left: 300 sec this turn | 300 sec total\n|\n|t:|1783555914\n|move|p2a: Scrafty|Knock Off|p1a: Clodsire\n|-damage|p1a: Clodsire|253/343\n|move|p1a: Clodsire|Gunk Shot|p2a: Scrafty\n|-damage|p2a: Scrafty|51/100\n|\n|-heal|p2a: Scrafty|57/100|[from] item: Leftovers\n|upkeep\n|turn|22\n|inactive|Time left: 300 sec this turn | 300 sec total\n|\n|t:|1783555915\n|move|p2a: Scrafty|Drain Punch|p1a: Clodsire\n|-resisted|p1a: Clodsire\n|-damage|p1a: Clodsire|203/343\n|-heal|p2a: Scrafty|67/100|[from] drain|[of] p1a: Clodsire\n|move|p1a: Clodsire|Earthquake|p2a: Scrafty\n|-damage|p2a: Scrafty|41/100\n|\n|-heal|p2a: Scrafty|48/100|[from] item: Leftovers\n|upkeep\n|turn|23\n|inactive|Time left: 300 sec this turn | 300 sec total\n|\n|t:|1783555917\n|move|p2a: Scrafty|Rest|p2a: Scrafty\n|-status|p2a: Scrafty|slp|[from] move: Rest\n|-heal|p2a: Scrafty|100/100 slp|[silent]\n|move|p1a: Clodsire|Earthquake|p2a: Scrafty\n|-damage|p2a: Scrafty|71/100 slp\n|\n|-activate|p2a: Scrafty|ability: Shed Skin\n|-curestatus|p2a: Scrafty|slp|[msg]\n|-heal|p2a: Scrafty|77/100|[from] item: Leftovers\n|upkeep\n|turn|24\n|inactive|Time left: 300 sec this turn | 300 sec total\n|\n|t:|1783555918\n|move|p2a: Scrafty|Knock Off|p1a: Clodsire\n|-damage|p1a: Clodsire|113/343\n|move|p1a: Clodsire|Recover|p1a: Clodsire\n|-heal|p1a: Clodsire|285/343\n|\n|-heal|p2a: Scrafty|83/100|[from] item: Leftovers\n|upkeep\n|turn|25\n|inactive|Time left: 300 sec this turn | 300 sec total\n|\n|t:|1783555919\n|move|p2a: Scrafty|Knock Off|p1a: Clodsire\n|-damage|p1a: Clodsire|192/343\n|move|p1a: Clodsire|Recover|p1a: Clodsire\n|-heal|p1a: Clodsire|343/343\n|\n|-heal|p2a: Scrafty|89/100|[from] item: Leftovers\n|upkeep\n|turn|26\n|inactive|Time left: 300 sec this turn | 300 sec total\n|\n|t:|1783555920\n|move|p2a: Scrafty|Knock Off|p1a: Clodsire\n|-damage|p1a: Clodsire|261/343\n|move|p1a: Clodsire|Gunk Shot|p2a: Scrafty|[miss]\n|-miss|p1a: Clodsire|p2a: Scrafty\n|\n|-heal|p2a: Scrafty|96/100|[from] item: Leftovers\n|upkeep\n|turn|27\n|inactive|Time left: 300 sec this turn | 300 sec total\n|\n|t:|1783555921\n|move|p2a: Scrafty|Knock Off|p1a: Clodsire\n|-damage|p1a: Clodsire|179/343\n|move|p1a: Clodsire|Recover|p1a: Clodsire\n|-heal|p1a: Clodsire|343/343\n|\n|-heal|p2a: Scrafty|100/100|[from] item: Leftovers\n|upkeep\n|turn|28\n|inactive|Time left: 300 sec this turn | 300 sec total\n|\n|t:|1783555922\n|move|p2a: Scrafty|Knock Off|p1a: Clodsire\n|-damage|p1a: Clodsire|250/343\n|move|p1a: Clodsire|Gunk Shot|p2a: Scrafty\n|-damage|p2a: Scrafty|65/100\n|\n|-heal|p2a: Scrafty|71/100|[from] item: Leftovers\n|upkeep\n|turn|29\n|inactive|Time left: 300 sec this turn | 300 sec total\n|\n|t:|1783555924\n|move|p2a: Scrafty|Drain Punch|p1a: Clodsire\n|-resisted|p1a: Clodsire\n|-damage|p1a: Clodsire|203/343\n|-heal|p2a: Scrafty|81/100|[from] drain|[of] p1a: Clodsire\n|move|p1a: Clodsire|Gunk Shot|p2a: Scrafty|[miss]\n|-miss|p1a: Clodsire|p2a: Scrafty\n|\n|-heal|p2a: Scrafty|87/100|[from] item: Leftovers\n|upkeep\n|turn|30\n|inactive|Time left: 300 sec this turn | 300 sec total\n|\n|t:|1783555925\n|move|p2a: Scrafty|Knock Off|p1a: Clodsire\n|-damage|p1a: Clodsire|119/343\n|move|p1a: Clodsire|Recover|p1a: Clodsire\n|-heal|p1a: Clodsire|291/343\n|\n|-heal|p2a: Scrafty|93/100|[from] item: Leftovers\n|upkeep\n|turn|31\n|inactive|Time left: 300 sec this turn | 300 sec total\n|\n|t:|1783555926\n|move|p2a: Scrafty|Bulk Up|p2a: Scrafty\n|-boost|p2a: Scrafty|atk|1\n|-boost|p2a: Scrafty|def|1\n|move|p1a: Clodsire|Earthquake|p2a: Scrafty\n|-damage|p2a: Scrafty|64/100\n|\n|-heal|p2a: Scrafty|70/100|[from] item: Leftovers\n|upkeep\n|turn|32\n|inactive|Time left: 300 sec this turn | 300 sec total\n|\n|t:|1783555927\n|move|p2a: Scrafty|Knock Off|p1a: Clodsire\n|-crit|p1a: Clodsire\n|-damage|p1a: Clodsire|159/343\n|move|p1a: Clodsire|Earthquake|p2a: Scrafty\n|-damage|p2a: Scrafty|41/100\n|\n|-heal|p2a: Scrafty|48/100|[from] item: Leftovers\n|upkeep\n|turn|33\n|inactive|Time left: 300 sec this turn | 300 sec total\n|\n|t:|1783555928\n|move|p2a: Scrafty|Knock Off|p1a: Clodsire\n|-damage|p1a: Clodsire|77/343\n|move|p1a: Clodsire|Recover|p1a: Clodsire\n|-heal|p1a: Clodsire|249/343\n|\n|-heal|p2a: Scrafty|54/100|[from] item: Leftovers\n|upkeep\n|turn|34\n|inactive|Time left: 300 sec this turn | 300 sec total\n|\n|t:|1783555929\n|move|p2a: Scrafty|Drain Punch|p1a: Clodsire\n|-resisted|p1a: Clodsire\n|-damage|p1a: Clodsire|197/343\n|-heal|p2a: Scrafty|64/100|[from] drain|[of] p1a: Clodsire\n|move|p1a: Clodsire|Recover|p1a: Clodsire\n|-heal|p1a: Clodsire|343/343\n|\n|-heal|p2a: Scrafty|71/100|[from] item: Leftovers\n|upkeep\n|turn|35\n|inactive|Time left: 300 sec this turn | 300 sec total\n|\n|t:|1783555930\n|move|p2a: Scrafty|Drain Punch|p1a: Clodsire\n|-resisted|p1a: Clodsire\n|-damage|p1a: Clodsire|293/343\n|-heal|p2a: Scrafty|81/100|[from] drain|[of] p1a: Clodsire\n|move|p1a: Clodsire|Earthquake|p2a: Scrafty\n|-damage|p2a: Scrafty|52/100\n|\n|-heal|p2a: Scrafty|58/100|[from] item: Leftovers\n|upkeep\n|turn|36\n|inactive|Time left: 300 sec this turn | 300 sec total\n|\n|t:|1783555932\n|move|p2a: Scrafty|Knock Off|p1a: Clodsire\n|-damage|p1a: Clodsire|203/343\n|move|p1a: Clodsire|Earthquake|p2a: Scrafty\n|-damage|p2a: Scrafty|31/100\n|\n|-heal|p2a: Scrafty|37/100|[from] item: Leftovers\n|upkeep\n|turn|37\n|inactive|Time left: 300 sec this turn | 300 sec total\n|\n|t:|1783555933\n|move|p2a: Scrafty|Rest|p2a: Scrafty\n|-status|p2a: Scrafty|slp|[from] move: Rest\n|-heal|p2a: Scrafty|100/100 slp|[silent]\n|move|p1a: Clodsire|Earthquake|p2a: Scrafty\n|-damage|p2a: Scrafty|73/100 slp\n|\n|-activate|p2a: Scrafty|ability: Shed Skin\n|-curestatus|p2a: Scrafty|slp|[msg]\n|-heal|p2a: Scrafty|79/100|[from] item: Leftovers\n|upkeep\n|turn|38\n|inactive|Time left: 300 sec this turn | 300 sec total\n|\n|t:|1783555934\n|move|p2a: Scrafty|Knock Off|p1a: Clodsire\n|-damage|p1a: Clodsire|107/343\n|move|p1a: Clodsire|Gunk Shot|p2a: Scrafty\n|-damage|p2a: Scrafty|44/100\n|\n|-heal|p2a: Scrafty|50/100|[from] item: Leftovers\n|upkeep\n|turn|39\n|inactive|Time left: 300 sec this turn | 300 sec total\n|\n|t:|1783555936\n|move|p2a: Scrafty|Drain Punch|p1a: Clodsire\n|-resisted|p1a: Clodsire\n|-crit|p1a: Clodsire\n|-damage|p1a: Clodsire|32/343\n|-heal|p2a: Scrafty|66/100|[from] drain|[of] p1a: Clodsire\n|move|p1a: Clodsire|Gunk Shot|p2a: Scrafty\n|-damage|p2a: Scrafty|31/100\n|-status|p2a: Scrafty|psn\n|\n|-heal|p2a: Scrafty|37/100 psn|[from] item: Leftovers\n|-damage|p2a: Scrafty|25/100 psn|[from] psn\n|upkeep\n|turn|40\n|inactive|Time left: 300 sec this turn | 300 sec total\n|\n|t:|1783555937\n|move|p2a: Scrafty|Rest|p2a: Scrafty\n|-status|p2a: Scrafty|slp|[from] move: Rest\n|-heal|p2a: Scrafty|100/100 slp|[silent]\n|move|p1a: Clodsire|Earthquake|p2a: Scrafty\n|-damage|p2a: Scrafty|71/100 slp\n|\n|-heal|p2a: Scrafty|77/100 slp|[from] item: Leftovers\n|upkeep\n|turn|41\n|inactive|Time left: 300 sec this turn | 300 sec total\n|\n|t:|1783555938\n|switch|p1a: Carbink|Carbink, L90|236/236\n|-damage|p1a: Carbink|207/236|[from] Stealth Rock\n|cant|p2a: Scrafty|slp\n|\n|-heal|p2a: Scrafty|83/100 slp|[from] item: Leftovers\n|upkeep\n|turn|42\n|inactive|Time left: 300 sec this turn | 300 sec total\n|\n|t:|1783555939\n|-terastallize|p2a: Scrafty|Poison\n|cant|p2a: Scrafty|slp\n|move|p1a: Carbink|Moonblast|p2a: Scrafty\n|-resisted|p2a: Scrafty\n|-crit|p2a: Scrafty\n|-damage|p2a: Scrafty|63/100 slp\n|\n|-heal|p2a: Scrafty|69/100 slp|[from] item: Leftovers\n|upkeep\n|turn|43\n|inactive|Time left: 300 sec this turn | 300 sec total\n|\n|t:|1783555940\n|-curestatus|p2a: Scrafty|slp|[msg]\n|move|p2a: Scrafty|Drain Punch|p1a: Carbink\n|-damage|p1a: Carbink|96/236\n|-heal|p2a: Scrafty|92/100|[from] drain|[of] p1a: Carbink\n|move|p1a: Carbink|Iron Defense|p1a: Carbink\n|-boost|p1a: Carbink|def|2\n|\n|-heal|p2a: Scrafty|98/100|[from] item: Leftovers\n|upkeep\n|turn|44\n|inactive|Time left: 300 sec this turn | 300 sec total\n|\n|t:|1783555941\n|move|p2a: Scrafty|Knock Off|p1a: Carbink\n|-resisted|p1a: Carbink\n|-damage|p1a: Carbink|59/236\n|-enditem|p1a: Carbink|Chesto Berry|[from] move: Knock Off|[of] p2a: Scrafty\n|move|p1a: Carbink|Rest|p1a: Carbink\n|-status|p1a: Carbink|slp|[from] move: Rest\n|-heal|p1a: Carbink|236/236 slp|[silent]\n|\n|-heal|p2a: Scrafty|100/100|[from] item: Leftovers\n|upkeep\n|turn|45\n|inactive|Time left: 300 sec this turn | 300 sec total\n|\n|t:|1783555943\n|move|p2a: Scrafty|Drain Punch|p1a: Carbink\n|-damage|p1a: Carbink|179/236 slp\n|cant|p1a: Carbink|slp\n|\n|upkeep\n|turn|46\n|inactive|Time left: 300 sec this turn | 300 sec total\n|\n|t:|1783555944\n|move|p2a: Scrafty|Drain Punch|p1a: Carbink\n|-damage|p1a: Carbink|125/236 slp\n|cant|p1a: Carbink|slp\n|\n|upkeep\n|turn|47\n|inactive|Time left: 300 sec this turn | 300 sec total\n|\n|t:|1783555945\n|move|p2a: Scrafty|Drain Punch|p1a: Carbink\n|-damage|p1a: Carbink|70/236 slp\n|-curestatus|p1a: Carbink|slp|[msg]\n|move|p1a: Carbink|Iron Defense|p1a: Carbink\n|-boost|p1a: Carbink|def|2\n|\n|upkeep\n|turn|48\n|inactive|Time left: 300 sec this turn | 300 sec total\n|\n|t:|1783555946\n|move|p2a: Scrafty|Bulk Up|p2a: Scrafty\n|-boost|p2a: Scrafty|atk|1\n|-boost|p2a: Scrafty|def|1\n|move|p1a: Carbink|Rest|p1a: Carbink\n|-status|p1a: Carbink|slp|[from] move: Rest\n|-heal|p1a: Carbink|236/236 slp|[silent]\n|\n|upkeep\n|turn|49\n|inactive|Time left: 300 sec this turn | 300 sec total\n|\n|t:|1783555947\n|move|p2a: Scrafty|Drain Punch|p1a: Carbink\n|-damage|p1a: Carbink|185/236 slp\n|cant|p1a: Carbink|slp\n|\n|upkeep\n|turn|50\n|inactive|Time left: 300 sec this turn | 300 sec total\n|\n|t:|1783555948\n|move|p2a: Scrafty|Drain Punch|p1a: Carbink\n|-damage|p1a: Carbink|136/236 slp\n|cant|p1a: Carbink|slp\n|\n|upkeep\n|turn|51\n|inactive|Time left: 300 sec this turn | 300 sec total\n|\n|t:|1783555949\n|move|p2a: Scrafty|Drain Punch|p1a: Carbink\n|-damage|p1a: Carbink|90/236 slp\n|-curestatus|p1a: Carbink|slp|[msg]\n|move|p1a: Carbink|Rest|p1a: Carbink\n|-status|p1a: Carbink|slp|[from] move: Rest\n|-heal|p1a: Carbink|236/236 slp|[silent]\n|\n|upkeep\n|turn|52\n|inactive|Time left: 300 sec this turn | 300 sec total\n|\n|t:|1783555950\n|move|p2a: Scrafty|Drain Punch|p1a: Carbink\n|-damage|p1a: Carbink|191/236 slp\n|cant|p1a: Carbink|slp\n|\n|upkeep\n|turn|53\n|inactive|Time left: 300 sec this turn | 300 sec total\n|\n|t:|1783555951\n|move|p2a: Scrafty|Drain Punch|p1a: Carbink\n|-crit|p1a: Carbink\n|-damage|p1a: Carbink|0 fnt\n|faint|p1a: Carbink\n|\n|upkeep\n|inactive|Time left: 300 sec this turn | 300 sec total | 5 sec grace\n|\n|t:|1783555952\n|switch|p1a: Clodsire|Clodsire, L81, M|32/343\n|-damage|p1a: Clodsire|11/343|[from] Stealth Rock\n|turn|54\n|inactive|Time left: 300 sec this turn | 300 sec total\n|\n|t:|1783555953\n|move|p2a: Scrafty|Knock Off|p1a: Clodsire\n|-damage|p1a: Clodsire|0 fnt\n|faint|p1a: Clodsire\n|\n|upkeep\n|inactive|Time left: 300 sec this turn | 300 sec total | 5 sec grace\n|\n|t:|1783555954\n|switch|p1a: Altaria|Altaria, L89, F|278/278\n|turn|55\n|inactive|Time left: 300 sec this turn | 300 sec total\n|\n|t:|1783555955\n|-terastallize|p1a: Altaria|Steel\n|move|p1a: Altaria|Defog|p2a: Scrafty\n|-unboost|p2a: Scrafty|evasion|1\n|-sideend|p2: p0y144567ad|Stealth Rock|[from] move: Defog|[of] p1a: Altaria\n|-sideend|p1: p0x14454d45|Stealth Rock|[from] move: Defog|[of] p1a: Altaria\n|move|p2a: Scrafty|Knock Off|p1a: Altaria\n|-damage|p1a: Altaria|11/278\n|-enditem|p1a: Altaria|Heavy-Duty Boots|[from] move: Knock Off|[of] p2a: Scrafty\n|\n|upkeep\n|turn|56\n|inactive|Time left: 300 sec this turn | 300 sec total\n|\n|t:|1783555956\n|move|p1a: Altaria|Earthquake|p2a: Scrafty\n|-supereffective|p2a: Scrafty\n|-damage|p2a: Scrafty|89/100\n|move|p2a: Scrafty|Knock Off|p1a: Altaria\n|-damage|p1a: Altaria|0 fnt\n|faint|p1a: Altaria\n|\n|win|p0y144567ad", "uploadtime": 1783555956, "views": 0, "rating": 0, "private": 0, "password": null, "_winner": "p0y144567ad", "_our_name": "p0x14454d45"}