{"id": "battle-gen9randombattle-2895", "formatid": "gen9randombattle", "format": "[Gen 9] Random Battle", "players": ["p0x2895036d", "p0y289515e9"], "log": "|init|battle\n|title|p0x2895036d vs. p0y289515e9\n|j|\u2606p0x2895036d\n|j|\u2606p0y289515e9\n|t:|1783572380\n|gametype|singles\n|player|p1|p0x2895036d|170|\n|player|p2|p0y289515e9|2|\n|gen|9\n|tier|[Gen 9] Random Battle\n|rule|Species Clause: Limit one of each Pok\u00e9mon\n|rule|HP Percentage Mod: HP is shown in percentages\n|rule|Sleep Clause Mod: Limit one foe put to sleep\n|rule|Illusion Level Mod: Illusion disguises the Pok\u00e9mon's true level\n|\n|t:|1783572380\n|teamsize|p1|6\n|teamsize|p2|6\n|start\n|switch|p1a: Torkoal|Torkoal, L88, M|100/100\n|switch|p2a: Carbink|Carbink, L90|236/236\n|-weather|SunnyDay|[from] ability: Drought|[of] p1a: Torkoal\n|turn|1\n|inactive|Battle timer is ON: inactive players will automatically lose when time's up. (requested by p0x2895036d)\n|inactive|Time left: 300 sec this turn | 300 sec total | 60 sec grace\n|inactive|p0y289515e9 also wants the timer to be on.\n|\n|t:|1783572382\n|move|p2a: Carbink|Moonblast|p1a: Torkoal\n|-resisted|p1a: Torkoal\n|-damage|p1a: Torkoal|85/100\n|move|p1a: Torkoal|Solar Beam||[still]\n|-prepare|p1a: Torkoal|Solar Beam\n|-anim|p1a: Torkoal|Solar Beam|p2a: Carbink\n|-supereffective|p2a: Carbink\n|-damage|p2a: Carbink|132/236\n|\n|-weather|SunnyDay|[upkeep]\n|-heal|p2a: Carbink|146/236|[from] item: Leftovers\n|upkeep\n|turn|2\n|inactive|Time left: 300 sec this turn | 300 sec total\n|\n|t:|1783572383\n|move|p2a: Carbink|Iron Defense|p2a: Carbink\n|-boost|p2a: Carbink|def|2\n|move|p1a: Torkoal|Solar Beam||[still]\n|-prepare|p1a: Torkoal|Solar Beam\n|-anim|p1a: Torkoal|Solar Beam|p2a: Carbink\n|-supereffective|p2a: Carbink\n|-damage|p2a: Carbink|38/236\n|\n|-weather|SunnyDay|[upkeep]\n|-heal|p2a: Carbink|52/236|[from] item: Leftovers\n|upkeep\n|turn|3\n|inactive|Time left: 300 sec this turn | 300 sec total\n|\n|t:|1783572384\n|move|p2a: Carbink|Body Press|p1a: Torkoal\n|-crit|p1a: Torkoal\n|-damage|p1a: Torkoal|17/100\n|move|p1a: Torkoal|Solar Beam||[still]\n|-prepare|p1a: Torkoal|Solar Beam\n|-anim|p1a: Torkoal|Solar Beam|p2a: Carbink\n|-supereffective|p2a: Carbink\n|-damage|p2a: Carbink|0 fnt\n|faint|p2a: Carbink\n|\n|-weather|SunnyDay|[upkeep]\n|upkeep\n|inactive|Time left: 300 sec this turn | 300 sec total | 5 sec grace\n|\n|t:|1783572384\n|switch|p2a: Kyogre|Kyogre, L71|259/259\n|-weather|RainDance|[from] ability: Drizzle|[of] p2a: Kyogre\n|turn|4\n|inactive|Time left: 300 sec this turn | 300 sec total\n|\n|t:|1783572385\n|switch|p1a: Brute Bonnet|Brute Bonnet, L80|100/100\n|move|p2a: Kyogre|Origin Pulse|p1a: Brute Bonnet|[miss]\n|-miss|p2a: Kyogre|p1a: Brute Bonnet\n|\n|-weather|RainDance|[upkeep]\n|upkeep\n|turn|5\n|inactive|Time left: 300 sec this turn | 300 sec total\n|\n|t:|1783572386\n|move|p2a: Kyogre|Calm Mind|p2a: Kyogre\n|-boost|p2a: Kyogre|spa|1\n|-boost|p2a: Kyogre|spd|1\n|move|p1a: Brute Bonnet|Crunch|p2a: Kyogre\n|-damage|p2a: Kyogre|139/259\n|-unboost|p2a: Kyogre|def|1\n|\n|-weather|RainDance|[upkeep]\n|-heal|p2a: Kyogre|155/259|[from] item: Leftovers\n|upkeep\n|turn|6\n|inactive|Time left: 300 sec this turn | 300 sec total\n|\n|t:|1783572387\n|move|p2a: Kyogre|Ice Beam|p1a: Brute Bonnet\n|-supereffective|p1a: Brute Bonnet\n|-damage|p1a: Brute Bonnet|37/100\n|move|p1a: Brute Bonnet|Crunch|p2a: Kyogre\n|-damage|p2a: Kyogre|0 fnt\n|faint|p2a: Kyogre\n|\n|-weather|RainDance|[upkeep]\n|-heal|p1a: Brute Bonnet|43/100|[from] item: Leftovers\n|upkeep\n|inactive|Time left: 300 sec this turn | 300 sec total | 5 sec grace\n|\n|t:|1783572388\n|switch|p2a: Vivillon|Vivillon-Garden, L83, F|268/268\n|turn|7\n|inactive|Time left: 300 sec this turn | 300 sec total\n|\n|t:|1783572389\n|move|p2a: Vivillon|Hurricane|p1a: Brute Bonnet\n|-supereffective|p1a: Brute Bonnet\n|-damage|p1a: Brute Bonnet|0 fnt\n|faint|p1a: Brute Bonnet\n|-end|p1a: Brute Bonnet|Protosynthesis|[silent]\n|\n|-weather|RainDance|[upkeep]\n|upkeep\n|\n|t:|1783572390\n|switch|p1a: Zacian|Zacian, L69|100/100\n|-ability|p1a: Zacian|Intrepid Sword|boost\n|-boost|p1a: Zacian|atk|1\n|turn|8\n|inactive|Time left: 300 sec this turn | 300 sec total\n|\n|t:|1783572391\n|move|p1a: Zacian|Play Rough|p2a: Vivillon\n|-damage|p2a: Vivillon|4/268\n|move|p2a: Vivillon|Quiver Dance|p2a: Vivillon\n|-boost|p2a: Vivillon|spa|1\n|-boost|p2a: Vivillon|spd|1\n|-boost|p2a: Vivillon|spe|1\n|\n|-weather|none\n|upkeep\n|turn|9\n|inactive|Time left: 300 sec this turn | 300 sec total\n|\n|t:|1783572393\n|move|p2a: Vivillon|Sleep Powder|p1a: Zacian\n|-status|p1a: Zacian|slp|[from] move: Sleep Powder\n|cant|p1a: Zacian|slp\n|\n|upkeep\n|turn|10\n|inactive|Time left: 300 sec this turn | 300 sec total\n|\n|t:|1783572394\n|move|p2a: Vivillon|Hurricane|p1a: Zacian\n|-damage|p1a: Zacian|35/100 slp\n|-start|p1a: Zacian|confusion\n|cant|p1a: Zacian|slp\n|\n|upkeep\n|turn|11\n|inactive|Time left: 300 sec this turn | 300 sec total\n|\n|t:|1783572395\n|move|p2a: Vivillon|Hurricane|p1a: Zacian\n|-damage|p1a: Zacian|0 fnt\n|faint|p1a: Zacian\n|\n|upkeep\n|\n|t:|1783572396\n|switch|p1a: Hypno|Hypno, L95, M|100/100\n|turn|12\n|inactive|Time left: 300 sec this turn | 300 sec total\n|\n|t:|1783572397\n|move|p2a: Vivillon|Bug Buzz|p1a: Hypno\n|-supereffective|p1a: Hypno\n|-damage|p1a: Hypno|43/100\n|move|p1a: Hypno|Psychic Noise|p2a: Vivillon\n|-damage|p2a: Vivillon|0 fnt\n|faint|p2a: Vivillon\n|\n|-heal|p1a: Hypno|49/100|[from] item: Leftovers\n|upkeep\n|inactive|Time left: 300 sec this turn | 300 sec total | 5 sec grace\n|\n|t:|1783572398\n|switch|p2a: Spiritomb|Spiritomb, L89, F|234/234\n|turn|13\n|inactive|Time left: 300 sec this turn | 300 sec total\n|\n|t:|1783572399\n|-terastallize|p1a: Hypno|Dark\n|move|p1a: Hypno|Knock Off|p2a: Spiritomb\n|-damage|p2a: Spiritomb|140/234\n|-enditem|p2a: Spiritomb|Leftovers|[from] move: Knock Off|[of] p1a: Hypno\n|move|p2a: Spiritomb|Poltergeist|p1a: Hypno\n|-activate|p1a: Hypno|move: Poltergeist|Leftovers\n|-resisted|p1a: Hypno\n|-damage|p1a: Hypno|29/100\n|\n|-heal|p1a: Hypno|35/100|[from] item: Leftovers\n|upkeep\n|turn|14\n|inactive|Time left: 300 sec this turn | 300 sec total\n|\n|t:|1783572400\n|move|p1a: Hypno|Knock Off|p2a: Spiritomb\n|-damage|p2a: Spiritomb|82/234\n|move|p2a: Spiritomb|Toxic|p1a: Hypno\n|-status|p1a: Hypno|tox\n|\n|-heal|p1a: Hypno|41/100 tox|[from] item: Leftovers\n|-damage|p1a: Hypno|35/100 tox|[from] psn\n|upkeep\n|turn|15\n|inactive|Time left: 300 sec this turn | 300 sec total\n|\n|t:|1783572401\n|move|p1a: Hypno|Toxic|p2a: Spiritomb\n|-status|p2a: Spiritomb|tox\n|move|p2a: Spiritomb|Pain Split|p1a: Hypno\n|-sethp|p1a: Hypno|31/100 tox|[from] move: Pain Split|[silent]\n|-sethp|p2a: Spiritomb|96/234 tox|[from] move: Pain Split\n|\n|-heal|p1a: Hypno|37/100 tox|[from] item: Leftovers\n|-damage|p1a: Hypno|25/100 tox|[from] psn\n|-damage|p2a: Spiritomb|82/234 tox|[from] psn\n|upkeep\n|turn|16\n|inactive|Time left: 300 sec this turn | 300 sec total\n|\n|t:|1783572402\n|move|p1a: Hypno|Knock Off|p2a: Spiritomb\n|-damage|p2a: Spiritomb|24/234 tox\n|move|p2a: Spiritomb|Foul Play|p1a: Hypno\n|-resisted|p1a: Hypno\n|-damage|p1a: Hypno|8/100 tox\n|\n|-heal|p1a: Hypno|14/100 tox|[from] item: Leftovers\n|-damage|p1a: Hypno|0 fnt|[from] psn\n|faint|p1a: Hypno\n|-damage|p2a: Spiritomb|0 fnt|[from] psn\n|faint|p2a: Spiritomb\n|upkeep\n|inactive|Time left: 300 sec this turn | 300 sec total | 5 sec grace\n|\n|t:|1783572403\n|switch|p1a: Swampert|Swampert, L83, M|100/100\n|switch|p2a: Regigigas|Regigigas, L84|322/322\n|-start|p2a: Regigigas|ability: Slow Start\n|turn|17\n|inactive|Time left: 300 sec this turn | 300 sec total\n|\n|t:|1783572404\n|move|p1a: Swampert|Earthquake|p2a: Regigigas\n|-damage|p2a: Regigigas|228/322\n|move|p2a: Regigigas|Body Slam|p1a: Swampert\n|-damage|p1a: Swampert|78/100\n|\n|-heal|p1a: Swampert|84/100|[from] item: Leftovers\n|-heal|p2a: Regigigas|248/322|[from] item: Leftovers\n|upkeep\n|turn|18\n|inactive|Time left: 300 sec this turn | 300 sec total\n|\n|t:|1783572406\n|move|p1a: Swampert|Earthquake|p2a: Regigigas\n|-damage|p2a: Regigigas|149/322\n|move|p2a: Regigigas|Knock Off|p1a: Swampert\n|-damage|p1a: Swampert|68/100\n|-enditem|p1a: Swampert|Leftovers|[from] move: Knock Off|[of] p2a: Regigigas\n|\n|-heal|p2a: Regigigas|169/322|[from] item: Leftovers\n|upkeep\n|turn|19\n|inactive|Time left: 300 sec this turn | 300 sec total\n|\n|t:|1783572407\n|move|p1a: Swampert|Earthquake|p2a: Regigigas\n|-damage|p2a: Regigigas|79/322\n|move|p2a: Regigigas|Body Slam|p1a: Swampert\n|-damage|p1a: Swampert|47/100\n|\n|-heal|p2a: Regigigas|99/322|[from] item: Leftovers\n|upkeep\n|turn|20\n|inactive|Time left: 300 sec this turn | 300 sec total\n|\n|t:|1783572409\n|move|p1a: Swampert|Earthquake|p2a: Regigigas\n|-damage|p2a: Regigigas|0 fnt\n|faint|p2a: Regigigas\n|-end|p2a: Regigigas|Slow Start|[silent]\n|\n|upkeep\n|inactive|Time left: 300 sec this turn | 300 sec total | 5 sec grace\n|\n|t:|1783572410\n|switch|p2a: Uxie|Uxie, L83|260/260\n|turn|21\n|inactive|Time left: 300 sec this turn | 300 sec total\n|\n|t:|1783572411\n|switch|p1a: Grumpig|Grumpig, L92, F|100/100\n|move|p2a: Uxie|Psychic Noise|p1a: Grumpig\n|-resisted|p1a: Grumpig\n|-damage|p1a: Grumpig|92/100\n|-start|p1a: Grumpig|move: Heal Block\n|\n|upkeep\n|turn|22\n|inactive|Time left: 300 sec this turn | 300 sec total\n|\n|t:|1783572412\n|-terastallize|p2a: Uxie|Dark\n|move|p2a: Uxie|Knock Off|p1a: Grumpig\n|-supereffective|p1a: Grumpig\n|-damage|p1a: Grumpig|28/100\n|-enditem|p1a: Grumpig|Leftovers|[from] move: Knock Off|[of] p2a: Uxie\n|move|p1a: Grumpig|Nasty Plot|p1a: Grumpig\n|-boost|p1a: Grumpig|spa|2\n|\n|-end|p1a: Grumpig|move: Heal Block\n|upkeep\n|turn|23\n|inactive|Time left: 300 sec this turn | 300 sec total\n|\n|t:|1783572413\n|switch|p1a: Swampert|Swampert, L83, M|47/100\n|move|p2a: Uxie|Knock Off|p1a: Swampert\n|-damage|p1a: Swampert|28/100\n|\n|upkeep\n|turn|24\n|inactive|Time left: 300 sec this turn | 300 sec total\n|\n|t:|1783572414\n|move|p2a: Uxie|Knock Off|p1a: Swampert\n|-damage|p1a: Swampert|10/100\n|move|p1a: Swampert|Stealth Rock|p2a: Uxie\n|-sidestart|p2: p0y289515e9|move: Stealth Rock\n|\n|upkeep\n|turn|25\n|inactive|Time left: 300 sec this turn | 300 sec total\n|\n|t:|1783572415\n|move|p2a: Uxie|Knock Off|p1a: Swampert\n|-damage|p1a: Swampert|0 fnt\n|faint|p1a: Swampert\n|\n|upkeep\n|\n|t:|1783572416\n|switch|p1a: Grumpig|Grumpig, L92, F|28/100\n|turn|26\n|inactive|Time left: 300 sec this turn | 300 sec total\n|\n|t:|1783572417\n|switch|p1a: Torkoal|Torkoal, L88, M|17/100\n|-weather|SunnyDay|[from] ability: Drought|[of] p1a: Torkoal\n|move|p2a: Uxie|Knock Off|p1a: Torkoal\n|-damage|p1a: Torkoal|0 fnt\n|-enditem|p1a: Torkoal|Heavy-Duty Boots|[from] move: Knock Off|[of] p2a: Uxie\n|faint|p1a: Torkoal\n|\n|-weather|SunnyDay|[upkeep]\n|upkeep\n|\n|t:|1783572418\n|switch|p1a: Grumpig|Grumpig, L92, F|28/100\n|turn|27\n|inactive|Time left: 300 sec this turn | 300 sec total\n|\n|t:|1783572418\n|move|p2a: Uxie|Knock Off|p1a: Grumpig\n|-supereffective|p1a: Grumpig\n|-damage|p1a: Grumpig|0 fnt\n|faint|p1a: Grumpig\n|\n|win|p0y289515e9", "uploadtime": 1783572418, "views": 0, "rating": 0, "private": 0, "password": null, "_winner": "p0y289515e9", "_our_name": "p0y289515e9"}