{"id": "battle-gen9randombattle-970", "formatid": "gen9randombattle", "format": "[Gen 9] Random Battle", "players": ["p0x9706222", "p0y9709914"], "log": "|init|battle\n|title|p0x9706222 vs. p0y9709914\n|j|\u2606p0x9706222\n|j|\u2606p0y9709914\n|t:|1783550389\n|gametype|singles\n|player|p1|p0x9706222|170|\n|player|p2|p0y9709914|102|\n|gen|9\n|tier|[Gen 9] Random Battle\n|rule|Species Clause: Limit one of each Pok\u00e9mon\n|rule|HP Percentage Mod: HP is shown in percentages\n|rule|Sleep Clause Mod: Limit one foe put to sleep\n|rule|Illusion Level Mod: Illusion disguises the Pok\u00e9mon's true level\n|\n|t:|1783550389\n|teamsize|p1|6\n|teamsize|p2|6\n|start\n|switch|p1a: Spidops|Spidops, L96, F|271/271\n|switch|p2a: Carbink|Carbink, L90|100/100\n|turn|1\n|inactive|Battle timer is ON: inactive players will automatically lose when time's up. (requested by p0x9706222)\n|inactive|p0y9709914 also wants the timer to be on.\n|\n|t:|1783550390\n|move|p2a: Carbink|Moonblast|p1a: Spidops\n|-damage|p1a: Spidops|199/271\n|move|p1a: Spidops|Sticky Web|p2a: Carbink\n|-sidestart|p2: p0y9709914|move: Sticky Web\n|\n|upkeep\n|turn|2\n|inactive|Time left: 300 sec this turn | 300 sec total\n|\n|t:|1783550392\n|move|p2a: Carbink|Moonblast|p1a: Spidops\n|-damage|p1a: Spidops|132/271\n|move|p1a: Spidops|Knock Off|p2a: Carbink\n|-resisted|p2a: Carbink\n|-damage|p2a: Carbink|92/100\n|-enditem|p2a: Carbink|Leftovers|[from] move: Knock Off|[of] p1a: Spidops\n|\n|upkeep\n|turn|3\n|inactive|Time left: 300 sec this turn | 300 sec total\n|\n|t:|1783550393\n|move|p2a: Carbink|Moonblast|p1a: Spidops\n|-damage|p1a: Spidops|71/271\n|move|p1a: Spidops|Circle Throw|p2a: Carbink\n|-damage|p2a: Carbink|79/100\n|drag|p2a: Ho-Oh|Ho-Oh, L71|100/100\n|\n|upkeep\n|turn|4\n|inactive|Time left: 300 sec this turn | 300 sec total\n|\n|t:|1783550394\n|switch|p1a: Keldeo|Keldeo-Resolute, L79|273/273\n|move|p2a: Ho-Oh|Sacred Fire|p1a: Keldeo\n|-resisted|p1a: Keldeo\n|-damage|p1a: Keldeo|222/273\n|-status|p1a: Keldeo|brn\n|\n|-damage|p1a: Keldeo|205/273 brn|[from] brn\n|upkeep\n|turn|5\n|inactive|Time left: 300 sec this turn | 300 sec total\n|\n|t:|1783550396\n|move|p1a: Keldeo|Hydro Pump|p2a: Ho-Oh|[miss]\n|-miss|p1a: Keldeo|p2a: Ho-Oh\n|move|p2a: Ho-Oh|Brave Bird|p1a: Keldeo\n|-supereffective|p1a: Keldeo\n|-damage|p1a: Keldeo|0 fnt\n|faint|p1a: Keldeo\n|-damage|p2a: Ho-Oh|75/100|[from] Recoil\n|\n|upkeep\n|inactive|Time left: 300 sec this turn | 300 sec total | 5 sec grace\n|\n|t:|1783550397\n|switch|p1a: Lucario|Lucario, L84, F|255/255\n|turn|6\n|inactive|Time left: 300 sec this turn | 300 sec total\n|\n|t:|1783550398\n|move|p1a: Lucario|Stone Edge|p2a: Ho-Oh\n|-supereffective|p2a: Ho-Oh\n|-damage|p2a: Ho-Oh|0 fnt\n|faint|p2a: Ho-Oh\n|\n|upkeep\n|\n|t:|1783550399\n|switch|p2a: Granbull|Granbull, L88, F|100/100\n|-activate|p2a: Granbull|move: Sticky Web\n|-unboost|p2a: Granbull|spe|1\n|-ability|p2a: Granbull|Intimidate|boost\n|-unboost|p1a: Lucario|atk|1\n|turn|7\n|inactive|Time left: 300 sec this turn | 300 sec total\n|\n|t:|1783550400\n|switch|p1a: Bronzong|Bronzong, L88|261/261\n|move|p2a: Granbull|Play Rough|p1a: Bronzong\n|-resisted|p1a: Bronzong\n|-damage|p1a: Bronzong|211/261\n|\n|-heal|p1a: Bronzong|227/261|[from] item: Leftovers\n|upkeep\n|turn|8\n|inactive|Time left: 300 sec this turn | 300 sec total\n|\n|t:|1783550401\n|switch|p2a: Ceruledge|Ceruledge, L78, F|100/100\n|move|p1a: Bronzong|Stealth Rock|p2a: Ceruledge\n|-sidestart|p2: p0y9709914|move: Stealth Rock\n|\n|-heal|p1a: Bronzong|243/261|[from] item: Leftovers\n|upkeep\n|turn|9\n|inactive|Time left: 300 sec this turn | 300 sec total\n|\n|t:|1783550402\n|-terastallize|p1a: Bronzong|Electric\n|move|p2a: Ceruledge|Poltergeist|p1a: Bronzong|[miss]\n|-miss|p2a: Ceruledge|p1a: Bronzong\n|move|p1a: Bronzong|Earthquake|p2a: Ceruledge\n|-supereffective|p2a: Ceruledge\n|-damage|p2a: Ceruledge|34/100\n|-ability|p2a: Ceruledge|Weak Armor|boost\n|-unboost|p2a: Ceruledge|def|1\n|-boost|p2a: Ceruledge|spe|2\n|\n|-heal|p1a: Bronzong|259/261|[from] item: Leftovers\n|upkeep\n|turn|10\n|inactive|Time left: 300 sec this turn | 300 sec total\n|\n|t:|1783550402\n|switch|p2a: Granbull|Granbull, L88, F|100/100\n|-activate|p2a: Granbull|move: Sticky Web\n|-unboost|p2a: Granbull|spe|1\n|-damage|p2a: Granbull|88/100|[from] Stealth Rock\n|-ability|p2a: Granbull|Intimidate|boost\n|-unboost|p1a: Bronzong|atk|1\n|move|p1a: Bronzong|Earthquake|p2a: Granbull\n|-damage|p2a: Granbull|71/100\n|\n|-heal|p1a: Bronzong|261/261|[from] item: Leftovers\n|-heal|p2a: Granbull|77/100|[from] item: Leftovers\n|upkeep\n|turn|11\n|inactive|Time left: 300 sec this turn | 300 sec total\n|\n|t:|1783550403\n|move|p1a: Bronzong|Iron Head|p2a: Granbull\n|-supereffective|p2a: Granbull\n|-damage|p2a: Granbull|35/100\n|move|p2a: Granbull|Play Rough|p1a: Bronzong|[miss]\n|-miss|p2a: Granbull|p1a: Bronzong\n|\n|-heal|p2a: Granbull|41/100|[from] item: Leftovers\n|upkeep\n|turn|12\n|inactive|Time left: 300 sec this turn | 300 sec total\n|\n|t:|1783550404\n|move|p1a: Bronzong|Iron Head|p2a: Granbull\n|-supereffective|p2a: Granbull\n|-crit|p2a: Granbull\n|-damage|p2a: Granbull|0 fnt\n|faint|p2a: Granbull\n|\n|upkeep\n|\n|t:|1783550404\n|switch|p2a: Girafarig|Girafarig, L89, M|100/100\n|-activate|p2a: Girafarig|move: Sticky Web\n|-unboost|p2a: Girafarig|spe|1\n|-damage|p2a: Girafarig|88/100|[from] Stealth Rock\n|turn|13\n|inactive|Time left: 300 sec this turn | 300 sec total\n|\n|t:|1783550405\n|switch|p1a: Toucannon|Toucannon, L88, F|284/284\n|move|p2a: Girafarig|Nasty Plot|p2a: Girafarig\n|-boost|p2a: Girafarig|spa|2\n|\n|upkeep\n|turn|14\n|inactive|Time left: 300 sec this turn | 300 sec total\n|\n|t:|1783550406\n|move|p1a: Toucannon|U-turn|p2a: Girafarig\n|-supereffective|p2a: Girafarig\n|-damage|p2a: Girafarig|53/100\n|inactive|Time left: 300 sec this turn | 300 sec total | 5 sec grace\n|\n|t:|1783550406\n|switch|p1a: Lucario|Lucario, L84, F|255/255|[from] U-turn\n|move|p2a: Girafarig|Thunderbolt|p1a: Lucario\n|-damage|p1a: Lucario|91/255\n|\n|upkeep\n|turn|15\n|inactive|Time left: 300 sec this turn | 300 sec total\n|\n|t:|1783550407\n|switch|p2a: Ceruledge|Ceruledge, L78, F|34/100\n|move|p1a: Lucario|Close Combat|p2a: Ceruledge\n|-immune|p2a: Ceruledge\n|\n|upkeep\n|turn|16\n|inactive|Time left: 300 sec this turn | 300 sec total\n|\n|t:|1783550408\n|switch|p1a: Cyclizar|Cyclizar, L84, M|255/255\n|move|p2a: Ceruledge|Bitter Blade|p1a: Cyclizar\n|-resisted|p1a: Cyclizar\n|-damage|p1a: Cyclizar|193/255\n|-heal|p2a: Ceruledge|47/100|[from] drain|[of] p1a: Cyclizar\n|\n|upkeep\n|turn|17\n|inactive|Time left: 300 sec this turn | 300 sec total\n|\n|t:|1783550409\n|switch|p2a: Carbink|Carbink, L90|79/100\n|-activate|p2a: Carbink|move: Sticky Web\n|-fail|p2a: Carbink|unboost|[from] ability: Clear Body|[of] p2a: Carbink\n|-damage|p2a: Carbink|67/100|[from] Stealth Rock\n|move|p1a: Cyclizar|Knock Off|p2a: Carbink\n|-resisted|p2a: Carbink\n|-damage|p2a: Carbink|60/100\n|\n|upkeep\n|turn|18\n|inactive|Time left: 300 sec this turn | 300 sec total\n|\n|t:|1783550410\n|switch|p1a: Bronzong|Bronzong, L88, tera:Electric|261/261\n|move|p2a: Carbink|Iron Defense|p2a: Carbink\n|-boost|p2a: Carbink|def|2\n|\n|upkeep\n|turn|19\n|inactive|Time left: 300 sec this turn | 300 sec total\n|\n|t:|1783550411\n|move|p2a: Carbink|Body Press|p1a: Bronzong\n|-damage|p1a: Bronzong|117/261\n|move|p1a: Bronzong|Iron Head|p2a: Carbink\n|-supereffective|p2a: Carbink\n|-damage|p2a: Carbink|18/100\n|\n|-heal|p1a: Bronzong|133/261|[from] item: Leftovers\n|upkeep\n|turn|20\n|inactive|Time left: 300 sec this turn | 300 sec total\n|\n|t:|1783550412\n|switch|p1a: Spidops|Spidops, L96, F|71/271\n|move|p2a: Carbink|Body Press|p1a: Spidops\n|-resisted|p1a: Spidops\n|-damage|p1a: Spidops|0 fnt\n|faint|p1a: Spidops\n|\n|upkeep\n|inactive|Time left: 300 sec this turn | 300 sec total | 5 sec grace\n|\n|t:|1783550413\n|switch|p1a: Lucario|Lucario, L84, F|91/255\n|turn|21\n|inactive|Time left: 300 sec this turn | 300 sec total\n|\n|t:|1783550414\n|move|p1a: Lucario|Meteor Mash|p2a: Carbink\n|-supereffective|p2a: Carbink\n|-damage|p2a: Carbink|0 fnt\n|faint|p2a: Carbink\n|\n|upkeep\n|\n|t:|1783550415\n|switch|p2a: Ceruledge|Ceruledge, L78, F|47/100\n|turn|22\n|inactive|Time left: 300 sec this turn | 300 sec total\n|\n|t:|1783550416\n|switch|p1a: Cyclizar|Cyclizar, L84, M|255/255\n|move|p2a: Ceruledge|Bitter Blade|p1a: Cyclizar\n|-resisted|p1a: Cyclizar\n|-damage|p1a: Cyclizar|189/255\n|-heal|p2a: Ceruledge|60/100|[from] drain|[of] p1a: Cyclizar\n|\n|upkeep\n|turn|23\n|inactive|Time left: 300 sec this turn | 300 sec total\n|\n|t:|1783550417\n|switch|p2a: Girafarig|Girafarig, L89, M|53/100\n|-activate|p2a: Girafarig|move: Sticky Web\n|-unboost|p2a: Girafarig|spe|1\n|-damage|p2a: Girafarig|41/100|[from] Stealth Rock\n|move|p1a: Cyclizar|Knock Off|p2a: Girafarig\n|-supereffective|p2a: Girafarig\n|-damage|p2a: Girafarig|0 fnt\n|-enditem|p2a: Girafarig|Eviolite|[from] move: Knock Off|[of] p1a: Cyclizar\n|faint|p2a: Girafarig\n|\n|upkeep\n|\n|t:|1783550419\n|switch|p2a: Banette|Banette, L93, M|100/100\n|-activate|p2a: Banette|move: Sticky Web\n|-unboost|p2a: Banette|spe|1\n|-damage|p2a: Banette|88/100|[from] Stealth Rock\n|turn|24\n|inactive|Time left: 300 sec this turn | 300 sec total\n|\n|t:|1783550420\n|move|p1a: Cyclizar|Knock Off|p2a: Banette\n|-supereffective|p2a: Banette\n|-damage|p2a: Banette|28/100\n|-enditem|p2a: Banette|Life Orb|[from] move: Knock Off|[of] p1a: Cyclizar\n|move|p2a: Banette|Gunk Shot|p1a: Cyclizar\n|-damage|p1a: Cyclizar|48/255\n|\n|upkeep\n|turn|25\n|inactive|Time left: 300 sec this turn | 300 sec total\n|\n|t:|1783550421\n|switch|p2a: Ceruledge|Ceruledge, L78, F|60/100\n|move|p1a: Cyclizar|Knock Off|p2a: Ceruledge\n|-supereffective|p2a: Ceruledge\n|-damage|p2a: Ceruledge|0 fnt\n|-enditem|p2a: Ceruledge|Heavy-Duty Boots|[from] move: Knock Off|[of] p1a: Cyclizar\n|faint|p2a: Ceruledge\n|\n|upkeep\n|\n|t:|1783550422\n|switch|p2a: Banette|Banette, L93, M|28/100\n|-activate|p2a: Banette|move: Sticky Web\n|-unboost|p2a: Banette|spe|1\n|-damage|p2a: Banette|15/100|[from] Stealth Rock\n|turn|26\n|inactive|Time left: 300 sec this turn | 300 sec total\n|\n|t:|1783550423\n|move|p1a: Cyclizar|Knock Off|p2a: Banette\n|-supereffective|p2a: Banette\n|-damage|p2a: Banette|0 fnt\n|faint|p2a: Banette\n|\n|win|p0x9706222", "uploadtime": 1783550423, "views": 0, "rating": 0, "private": 0, "password": null, "_winner": "p0x9706222", "_our_name": "p0x9706222"}