{"id": "battle-gen9randombattle-682", "formatid": "gen9randombattle", "format": "[Gen 9] Random Battle", "players": ["p0x682f6df", "p0y6825a1c"], "log": "|init|battle\n|title|p0x682f6df vs. p0y6825a1c\n|j|\u2606p0x682f6df\n|j|\u2606p0y6825a1c\n|t:|1783547037\n|gametype|singles\n|player|p1|p0x682f6df|1|\n|player|p2|p0y6825a1c|170|\n|gen|9\n|tier|[Gen 9] Random Battle\n|rule|Species Clause: Limit one of each Pok\u00e9mon\n|rule|HP Percentage Mod: HP is shown in percentages\n|rule|Sleep Clause Mod: Limit one foe put to sleep\n|rule|Illusion Level Mod: Illusion disguises the Pok\u00e9mon's true level\n|\n|t:|1783547037\n|teamsize|p1|6\n|teamsize|p2|6\n|start\n|switch|p1a: Gothitelle|Gothitelle, L90, M|272/272\n|switch|p2a: Greninja|Greninja, L80, M|100/100\n|turn|1\n|inactive|Battle timer is ON: inactive players will automatically lose when time's up. (requested by p0y6825a1c)\n|inactive|Time left: 300 sec this turn | 300 sec total | 60 sec grace\n|inactive|p0x682f6df also wants the timer to be on.\n|\n|t:|1783547038\n|move|p2a: Greninja|Dark Pulse|p1a: Gothitelle\n|-supereffective|p1a: Gothitelle\n|-damage|p1a: Gothitelle|85/272\n|-damage|p2a: Greninja|91/100|[from] item: Life Orb\n|move|p1a: Gothitelle|Thunderbolt|p2a: Greninja\n|-supereffective|p2a: Greninja\n|-damage|p2a: Greninja|25/100\n|\n|-heal|p1a: Gothitelle|102/272|[from] item: Leftovers\n|upkeep\n|turn|2\n|inactive|Time left: 300 sec this turn | 300 sec total\n|\n|t:|1783547039\n|switch|p1a: Primarina|Primarina, L83, F|268/268\n|move|p2a: Greninja|Hydro Pump|p1a: Primarina\n|-resisted|p1a: Primarina\n|-damage|p1a: Primarina|204/268\n|-damage|p2a: Greninja|15/100|[from] item: Life Orb\n|\n|-heal|p1a: Primarina|220/268|[from] item: Leftovers\n|upkeep\n|turn|3\n|inactive|Time left: 300 sec this turn | 300 sec total\n|\n|t:|1783547040\n|move|p2a: Greninja|Gunk Shot|p1a: Primarina\n|-supereffective|p1a: Primarina\n|-damage|p1a: Primarina|0 fnt\n|faint|p1a: Primarina\n|-ability|p2a: Greninja|Battle Bond|boost\n|-boost|p2a: Greninja|atk|1\n|-boost|p2a: Greninja|spa|1\n|-boost|p2a: Greninja|spe|1\n|-activate|p2a: Greninja|ability: Battle Bond\n|-damage|p2a: Greninja|5/100|[from] item: Life Orb\n|\n|upkeep\n|inactive|Time left: 300 sec this turn | 300 sec total | 5 sec grace\n|\n|t:|1783547041\n|switch|p1a: Crawdaunt|Crawdaunt, L84, F|243/243\n|turn|4\n|inactive|Time left: 300 sec this turn | 300 sec total\n|\n|t:|1783547042\n|move|p1a: Crawdaunt|Aqua Jet|p2a: Greninja\n|-resisted|p2a: Greninja\n|-damage|p2a: Greninja|0 fnt\n|faint|p2a: Greninja\n|-damage|p1a: Crawdaunt|219/243|[from] item: Life Orb\n|\n|upkeep\n|\n|t:|1783547043\n|switch|p2a: Flamigo|Flamigo, L82, M|100/100\n|turn|5\n|inactive|Time left: 300 sec this turn | 300 sec total\n|\n|t:|1783547044\n|move|p2a: Flamigo|Close Combat|p1a: Crawdaunt\n|-supereffective|p1a: Crawdaunt\n|-damage|p1a: Crawdaunt|0 fnt\n|-unboost|p2a: Flamigo|def|1\n|-unboost|p2a: Flamigo|spd|1\n|faint|p1a: Crawdaunt\n|-damage|p2a: Flamigo|91/100|[from] item: Life Orb\n|\n|upkeep\n|inactive|Time left: 300 sec this turn | 300 sec total | 5 sec grace\n|\n|t:|1783547045\n|switch|p1a: Oricorio|Oricorio-Sensu, L85, F|266/266\n|turn|6\n|inactive|Time left: 300 sec this turn | 300 sec total\n|\n|t:|1783547046\n|switch|p2a: Basculin|Basculin, L86, F|100/100\n|move|p1a: Oricorio|Hurricane|p2a: Basculin\n|-damage|p2a: Basculin|35/100\n|\n|upkeep\n|turn|7\n|inactive|Time left: 300 sec this turn | 300 sec total\n|\n|t:|1783547047\n|switch|p1a: Ogerpon|Ogerpon, L80, F|259/259\n|move|p2a: Basculin|Wave Crash|p1a: Ogerpon\n|-resisted|p1a: Ogerpon\n|-damage|p1a: Ogerpon|113/259\n|-damage|p2a: Basculin|17/100|[from] Recoil\n|\n|-heal|p1a: Ogerpon|129/259|[from] item: Leftovers\n|upkeep\n|turn|8\n|inactive|Time left: 300 sec this turn | 300 sec total\n|\n|t:|1783547048\n|switch|p2a: Flamigo|Flamigo, L82, M|91/100\n|move|p1a: Ogerpon|Ivy Cudgel|p2a: Flamigo\n|-resisted|p2a: Flamigo\n|-damage|p2a: Flamigo|67/100\n|\n|-heal|p1a: Ogerpon|145/259|[from] item: Leftovers\n|upkeep\n|turn|9\n|inactive|Time left: 300 sec this turn | 300 sec total\n|\n|t:|1783547049\n|switch|p1a: Oricorio|Oricorio-Sensu, L85, F|266/266\n|move|p2a: Flamigo|Swords Dance|p2a: Flamigo\n|-boost|p2a: Flamigo|atk|2\n|-activate|p1a: Oricorio|ability: Dancer\n|move|p1a: Oricorio|Swords Dance|p1a: Oricorio|[from] ability: Dancer\n|-boost|p1a: Oricorio|atk|2\n|\n|upkeep\n|turn|10\n|inactive|Time left: 300 sec this turn | 300 sec total\n|\n|t:|1783547050\n|-terastallize|p2a: Flamigo|Steel\n|move|p1a: Oricorio|Hurricane|p2a: Flamigo|[miss]\n|-miss|p1a: Oricorio|p2a: Flamigo\n|move|p2a: Flamigo|Throat Chop|p1a: Oricorio\n|-supereffective|p1a: Oricorio\n|-damage|p1a: Oricorio|0 fnt\n|faint|p1a: Oricorio\n|-damage|p2a: Flamigo|58/100|[from] item: Life Orb\n|\n|upkeep\n|inactive|Time left: 300 sec this turn | 300 sec total | 5 sec grace\n|\n|t:|1783547051\n|switch|p1a: Ogerpon|Ogerpon, L80, F|145/259\n|turn|11\n|inactive|Time left: 300 sec this turn | 300 sec total\n|\n|t:|1783547052\n|move|p1a: Ogerpon|Superpower|p2a: Flamigo\n|-supereffective|p2a: Flamigo\n|-damage|p2a: Flamigo|0 fnt\n|-unboost|p1a: Ogerpon|atk|1\n|-unboost|p1a: Ogerpon|def|1\n|faint|p2a: Flamigo\n|\n|-heal|p1a: Ogerpon|161/259|[from] item: Leftovers\n|upkeep\n|\n|t:|1783547053\n|switch|p2a: Spectrier|Spectrier, L75|100/100\n|turn|12\n|inactive|Time left: 300 sec this turn | 300 sec total\n|\n|t:|1783547054\n|switch|p1a: Beartic|Beartic, L91, M|321/321\n|move|p2a: Spectrier|Nasty Plot|p2a: Spectrier\n|-boost|p2a: Spectrier|spa|2\n|\n|upkeep\n|turn|13\n|inactive|Time left: 300 sec this turn | 300 sec total\n|\n|t:|1783547055\n|move|p2a: Spectrier|Shadow Ball|p1a: Beartic\n|-damage|p1a: Beartic|86/321\n|-unboost|p1a: Beartic|spd|1\n|-damage|p2a: Spectrier|91/100|[from] item: Life Orb\n|move|p1a: Beartic|Icicle Crash|p2a: Spectrier\n|-damage|p2a: Spectrier|16/100\n|\n|upkeep\n|turn|14\n|inactive|Time left: 300 sec this turn | 300 sec total\n|\n|t:|1783547056\n|move|p2a: Spectrier|Draining Kiss|p1a: Beartic\n|-damage|p1a: Beartic|0 fnt\n|-heal|p2a: Spectrier|40/100|[from] drain|[of] p1a: Beartic\n|faint|p1a: Beartic\n|-ability|p2a: Spectrier|Grim Neigh|boost\n|-boost|p2a: Spectrier|spa|1\n|-damage|p2a: Spectrier|30/100|[from] item: Life Orb\n|\n|upkeep\n|inactive|Time left: 300 sec this turn | 300 sec total | 5 sec grace\n|\n|t:|1783547057\n|switch|p1a: Gothitelle|Gothitelle, L90, M|102/272\n|turn|15\n|inactive|Time left: 300 sec this turn | 300 sec total\n|\n|t:|1783547058\n|-terastallize|p1a: Gothitelle|Dark\n|move|p2a: Spectrier|Shadow Ball|p1a: Gothitelle\n|-resisted|p1a: Gothitelle\n|-damage|p1a: Gothitelle|0 fnt\n|faint|p1a: Gothitelle\n|-ability|p2a: Spectrier|Grim Neigh|boost\n|-boost|p2a: Spectrier|spa|1\n|-damage|p2a: Spectrier|20/100|[from] item: Life Orb\n|\n|upkeep\n|inactive|Time left: 300 sec this turn | 300 sec total | 5 sec grace\n|\n|t:|1783547060\n|switch|p1a: Ogerpon|Ogerpon, L80, F|161/259\n|turn|16\n|inactive|Time left: 300 sec this turn | 300 sec total\n|\n|t:|1783547060\n|move|p2a: Spectrier|Shadow Ball|p1a: Ogerpon\n|-damage|p1a: Ogerpon|0 fnt\n|faint|p1a: Ogerpon\n|-damage|p2a: Spectrier|10/100|[from] item: Life Orb\n|\n|win|p0y6825a1c", "uploadtime": 1783547061, "views": 0, "rating": 0, "private": 0, "password": null, "_winner": "p0y6825a1c", "_our_name": "p0x682f6df"}