{"id": "battle-gen9randombattle-2847", "formatid": "gen9randombattle", "format": "[Gen 9] Random Battle", "players": ["p0x284731aa", "p0y2847ddf4"], "log": "|init|battle\n|title|p0x284731aa vs. p0y2847ddf4\n|j|\u2606p0x284731aa\n|j|\u2606p0y2847ddf4\n|t:|1783571812\n|gametype|singles\n|player|p1|p0x284731aa|169|\n|player|p2|p0y2847ddf4|102|\n|gen|9\n|tier|[Gen 9] Random Battle\n|rule|Species Clause: Limit one of each Pok\u00e9mon\n|rule|HP Percentage Mod: HP is shown in percentages\n|rule|Sleep Clause Mod: Limit one foe put to sleep\n|rule|Illusion Level Mod: Illusion disguises the Pok\u00e9mon's true level\n|\n|t:|1783571812\n|teamsize|p1|6\n|teamsize|p2|6\n|start\n|switch|p1a: Camerupt|Camerupt, L91, F|100/100\n|switch|p2a: Crawdaunt|Crawdaunt, L84, M|243/243\n|turn|1\n|inactive|Battle timer is ON: inactive players will automatically lose when time's up. (requested by p0y2847ddf4)\n|inactive|p0x284731aa also wants the timer to be on.\n|\n|t:|1783571814\n|-terastallize|p1a: Camerupt|Grass\n|move|p2a: Crawdaunt|Crabhammer|p1a: Camerupt\n|-resisted|p1a: Camerupt\n|-damage|p1a: Camerupt|56/100\n|-damage|p2a: Crawdaunt|219/243|[from] item: Life Orb\n|move|p1a: Camerupt|Will-O-Wisp|p2a: Crawdaunt\n|-status|p2a: Crawdaunt|brn\n|\n|-heal|p1a: Camerupt|62/100|[from] item: Leftovers\n|-damage|p2a: Crawdaunt|204/243 brn|[from] brn\n|upkeep\n|turn|2\n|inactive|Time left: 300 sec this turn | 300 sec total\n|\n|t:|1783571815\n|move|p2a: Crawdaunt|Knock Off|p1a: Camerupt\n|-damage|p1a: Camerupt|23/100\n|-enditem|p1a: Camerupt|Leftovers|[from] move: Knock Off|[of] p2a: Crawdaunt\n|-damage|p2a: Crawdaunt|180/243 brn|[from] item: Life Orb\n|move|p1a: Camerupt|Stealth Rock|p2a: Crawdaunt\n|-sidestart|p2: p0y2847ddf4|move: Stealth Rock\n|\n|-damage|p2a: Crawdaunt|165/243 brn|[from] brn\n|upkeep\n|turn|3\n|inactive|Time left: 300 sec this turn | 300 sec total\n|\n|t:|1783571816\n|switch|p1a: Lugia|Lugia, L73|100/100\n|move|p2a: Crawdaunt|Knock Off|p1a: Lugia\n|-supereffective|p1a: Lugia\n|-damage|p1a: Lugia|65/100\n|-enditem|p1a: Lugia|Heavy-Duty Boots|[from] move: Knock Off|[of] p2a: Crawdaunt\n|-damage|p2a: Crawdaunt|141/243 brn|[from] item: Life Orb\n|\n|-damage|p2a: Crawdaunt|126/243 brn|[from] brn\n|upkeep\n|turn|4\n|inactive|Time left: 300 sec this turn | 300 sec total\n|\n|t:|1783571817\n|move|p1a: Lugia|Recover|p1a: Lugia\n|-heal|p1a: Lugia|100/100\n|move|p2a: Crawdaunt|Knock Off|p1a: Lugia\n|-supereffective|p1a: Lugia\n|-damage|p1a: Lugia|79/100\n|-damage|p2a: Crawdaunt|102/243 brn|[from] item: Life Orb\n|\n|-damage|p2a: Crawdaunt|87/243 brn|[from] brn\n|upkeep\n|turn|5\n|inactive|Time left: 300 sec this turn | 300 sec total\n|\n|t:|1783571818\n|move|p1a: Lugia|Aeroblast|p2a: Crawdaunt\n|-damage|p2a: Crawdaunt|0 fnt\n|faint|p2a: Crawdaunt\n|\n|upkeep\n|inactive|Time left: 300 sec this turn | 300 sec total | 5 sec grace\n|\n|t:|1783571819\n|switch|p2a: Pincurchin|Pincurchin, F|258/258\n|-damage|p2a: Pincurchin|226/258|[from] Stealth Rock\n|-fieldstart|move: Electric Terrain|[from] ability: Electric Surge|[of] p2a: Pincurchin\n|turn|6\n|inactive|Time left: 300 sec this turn | 300 sec total\n|\n|t:|1783571820\n|switch|p1a: Jolteon|Jolteon, L84, F|100/100\n|move|p2a: Pincurchin|Discharge|p1a: Jolteon\n|-immune|p1a: Jolteon|[from] ability: Volt Absorb\n|\n|-heal|p2a: Pincurchin|242/258|[from] item: Leftovers\n|upkeep\n|turn|7\n|inactive|Time left: 300 sec this turn | 300 sec total\n|\n|t:|1783571822\n|move|p1a: Jolteon|Thunderbolt|p2a: Pincurchin\n|-resisted|p2a: Pincurchin\n|-damage|p2a: Pincurchin|180/258\n|move|p2a: Pincurchin|Scald|p1a: Jolteon\n|-damage|p1a: Jolteon|70/100\n|-status|p1a: Jolteon|brn\n|\n|-heal|p1a: Jolteon|76/100 brn|[from] item: Leftovers\n|-heal|p2a: Pincurchin|196/258|[from] item: Leftovers\n|-damage|p1a: Jolteon|70/100 brn|[from] brn\n|upkeep\n|turn|8\n|inactive|Time left: 300 sec this turn | 300 sec total\n|\n|t:|1783571823\n|move|p1a: Jolteon|Calm Mind|p1a: Jolteon\n|-boost|p1a: Jolteon|spa|1\n|-boost|p1a: Jolteon|spd|1\n|move|p2a: Pincurchin|Spikes|p1a: Jolteon\n|-sidestart|p1: p0x284731aa|Spikes\n|\n|-heal|p1a: Jolteon|76/100 brn|[from] item: Leftovers\n|-heal|p2a: Pincurchin|212/258|[from] item: Leftovers\n|-damage|p1a: Jolteon|70/100 brn|[from] brn\n|upkeep\n|turn|9\n|inactive|Time left: 300 sec this turn | 300 sec total\n|\n|t:|1783571824\n|move|p1a: Jolteon|Thunderbolt|p2a: Pincurchin\n|-resisted|p2a: Pincurchin\n|-damage|p2a: Pincurchin|125/258\n|move|p2a: Pincurchin|Spikes|p1a: Jolteon\n|-sidestart|p1: p0x284731aa|Spikes\n|\n|-heal|p1a: Jolteon|76/100 brn|[from] item: Leftovers\n|-heal|p2a: Pincurchin|141/258|[from] item: Leftovers\n|-damage|p1a: Jolteon|70/100 brn|[from] brn\n|upkeep\n|turn|10\n|inactive|Time left: 300 sec this turn | 300 sec total\n|\n|t:|1783571825\n|move|p1a: Jolteon|Thunderbolt|p2a: Pincurchin\n|-resisted|p2a: Pincurchin\n|-damage|p2a: Pincurchin|57/258\n|move|p2a: Pincurchin|Recover|p2a: Pincurchin\n|-heal|p2a: Pincurchin|186/258\n|\n|-heal|p1a: Jolteon|76/100 brn|[from] item: Leftovers\n|-heal|p2a: Pincurchin|202/258|[from] item: Leftovers\n|-damage|p1a: Jolteon|70/100 brn|[from] brn\n|-fieldend|move: Electric Terrain\n|upkeep\n|turn|11\n|inactive|Time left: 300 sec this turn | 300 sec total\n|\n|t:|1783571826\n|move|p1a: Jolteon|Thunderbolt|p2a: Pincurchin\n|-resisted|p2a: Pincurchin\n|-damage|p2a: Pincurchin|129/258\n|move|p2a: Pincurchin|Scald|p1a: Jolteon\n|-damage|p1a: Jolteon|52/100 brn\n|\n|-heal|p1a: Jolteon|58/100 brn|[from] item: Leftovers\n|-heal|p2a: Pincurchin|145/258|[from] item: Leftovers\n|-damage|p1a: Jolteon|52/100 brn|[from] brn\n|upkeep\n|turn|12\n|inactive|Time left: 300 sec this turn | 300 sec total\n|\n|t:|1783571827\n|move|p1a: Jolteon|Calm Mind|p1a: Jolteon\n|-boost|p1a: Jolteon|spa|1\n|-boost|p1a: Jolteon|spd|1\n|move|p2a: Pincurchin|Recover|p2a: Pincurchin\n|-heal|p2a: Pincurchin|258/258\n|\n|-heal|p1a: Jolteon|58/100 brn|[from] item: Leftovers\n|-damage|p1a: Jolteon|52/100 brn|[from] brn\n|upkeep\n|turn|13\n|inactive|Time left: 300 sec this turn | 300 sec total\n|\n|t:|1783571828\n|switch|p2a: Snorlax|Snorlax, L82, F|397/397\n|-damage|p2a: Snorlax|348/397|[from] Stealth Rock\n|move|p1a: Jolteon|Thunderbolt|p2a: Snorlax\n|-damage|p2a: Snorlax|173/397\n|\n|-heal|p1a: Jolteon|58/100 brn|[from] item: Leftovers\n|-heal|p2a: Snorlax|197/397|[from] item: Leftovers\n|-damage|p1a: Jolteon|52/100 brn|[from] brn\n|upkeep\n|turn|14\n|inactive|Time left: 300 sec this turn | 300 sec total\n|\n|t:|1783571829\n|move|p1a: Jolteon|Thunderbolt|p2a: Snorlax\n|-damage|p2a: Snorlax|14/397\n|move|p2a: Snorlax|Body Slam|p1a: Jolteon\n|-damage|p1a: Jolteon|2/100 brn\n|\n|-heal|p1a: Jolteon|8/100 brn|[from] item: Leftovers\n|-heal|p2a: Snorlax|38/397|[from] item: Leftovers\n|-damage|p1a: Jolteon|2/100 brn|[from] brn\n|upkeep\n|turn|15\n|inactive|Time left: 300 sec this turn | 300 sec total\n|\n|t:|1783571830\n|move|p1a: Jolteon|Thunderbolt|p2a: Snorlax\n|-damage|p2a: Snorlax|0 fnt\n|faint|p2a: Snorlax\n|\n|-heal|p1a: Jolteon|8/100 brn|[from] item: Leftovers\n|-damage|p1a: Jolteon|2/100 brn|[from] brn\n|upkeep\n|inactive|Time left: 300 sec this turn | 300 sec total | 5 sec grace\n|\n|t:|1783571831\n|switch|p2a: Pincurchin|Pincurchin, F|258/258\n|-damage|p2a: Pincurchin|226/258|[from] Stealth Rock\n|-fieldstart|move: Electric Terrain|[from] ability: Electric Surge|[of] p2a: Pincurchin\n|turn|16\n|inactive|Time left: 300 sec this turn | 300 sec total\n|\n|t:|1783571832\n|move|p1a: Jolteon|Thunderbolt|p2a: Pincurchin\n|-resisted|p2a: Pincurchin\n|-damage|p2a: Pincurchin|116/258\n|move|p2a: Pincurchin|Recover|p2a: Pincurchin\n|-heal|p2a: Pincurchin|245/258\n|\n|-heal|p1a: Jolteon|8/100 brn|[from] item: Leftovers\n|-heal|p2a: Pincurchin|258/258|[from] item: Leftovers\n|-damage|p1a: Jolteon|2/100 brn|[from] brn\n|upkeep\n|turn|17\n|inactive|Time left: 300 sec this turn | 300 sec total\n|\n|t:|1783571833\n|move|p1a: Jolteon|Thunderbolt|p2a: Pincurchin\n|-resisted|p2a: Pincurchin\n|-damage|p2a: Pincurchin|147/258\n|move|p2a: Pincurchin|Recover|p2a: Pincurchin\n|-heal|p2a: Pincurchin|258/258\n|\n|-heal|p1a: Jolteon|8/100 brn|[from] item: Leftovers\n|-damage|p1a: Jolteon|2/100 brn|[from] brn\n|upkeep\n|turn|18\n|inactive|Time left: 300 sec this turn | 300 sec total\n|\n|t:|1783571834\n|move|p1a: Jolteon|Thunderbolt|p2a: Pincurchin\n|-resisted|p2a: Pincurchin\n|-damage|p2a: Pincurchin|135/258\n|move|p2a: Pincurchin|Recover|p2a: Pincurchin\n|-heal|p2a: Pincurchin|258/258\n|\n|-heal|p1a: Jolteon|8/100 brn|[from] item: Leftovers\n|-damage|p1a: Jolteon|2/100 brn|[from] brn\n|upkeep\n|turn|19\n|inactive|Time left: 300 sec this turn | 300 sec total\n|\n|t:|1783571835\n|move|p1a: Jolteon|Thunderbolt|p2a: Pincurchin\n|-resisted|p2a: Pincurchin\n|-crit|p2a: Pincurchin\n|-damage|p2a: Pincurchin|87/258\n|move|p2a: Pincurchin|Spikes|p1a: Jolteon\n|-sidestart|p1: p0x284731aa|Spikes\n|\n|-heal|p1a: Jolteon|8/100 brn|[from] item: Leftovers\n|-heal|p2a: Pincurchin|103/258|[from] item: Leftovers\n|-damage|p1a: Jolteon|2/100 brn|[from] brn\n|upkeep\n|turn|20\n|inactive|Time left: 300 sec this turn | 300 sec total\n|\n|t:|1783571836\n|move|p1a: Jolteon|Thunderbolt|p2a: Pincurchin\n|-resisted|p2a: Pincurchin\n|-damage|p2a: Pincurchin|0 fnt\n|faint|p2a: Pincurchin\n|\n|-heal|p1a: Jolteon|8/100 brn|[from] item: Leftovers\n|-damage|p1a: Jolteon|2/100 brn|[from] brn\n|-fieldend|move: Electric Terrain\n|upkeep\n|inactive|Time left: 300 sec this turn | 300 sec total | 5 sec grace\n|\n|t:|1783571837\n|switch|p2a: Fezandipiti|Fezandipiti, L82, M|278/278\n|-damage|p2a: Fezandipiti|244/278|[from] Stealth Rock\n|turn|21\n|inactive|Time left: 300 sec this turn | 300 sec total\n|\n|t:|1783571838\n|move|p1a: Jolteon|Thunderbolt|p2a: Fezandipiti\n|-damage|p2a: Fezandipiti|81/278\n|-status|p2a: Fezandipiti|par\n|move|p2a: Fezandipiti|Roost|p2a: Fezandipiti\n|-heal|p2a: Fezandipiti|220/278 par\n|-singleturn|p2a: Fezandipiti|move: Roost\n|\n|-heal|p1a: Jolteon|8/100 brn|[from] item: Leftovers\n|-heal|p2a: Fezandipiti|237/278 par|[from] item: Leftovers\n|-damage|p1a: Jolteon|2/100 brn|[from] brn\n|upkeep\n|turn|22\n|inactive|Time left: 300 sec this turn | 300 sec total\n|\n|t:|1783571839\n|move|p1a: Jolteon|Thunderbolt|p2a: Fezandipiti\n|-damage|p2a: Fezandipiti|83/278 par\n|move|p2a: Fezandipiti|Roost|p2a: Fezandipiti\n|-heal|p2a: Fezandipiti|222/278 par\n|-singleturn|p2a: Fezandipiti|move: Roost\n|\n|-heal|p1a: Jolteon|8/100 brn|[from] item: Leftovers\n|-heal|p2a: Fezandipiti|239/278 par|[from] item: Leftovers\n|-damage|p1a: Jolteon|2/100 brn|[from] brn\n|upkeep\n|turn|23\n|inactive|Time left: 300 sec this turn | 300 sec total\n|\n|t:|1783571840\n|move|p1a: Jolteon|Thunderbolt|p2a: Fezandipiti\n|-damage|p2a: Fezandipiti|88/278 par\n|move|p2a: Fezandipiti|Roost|p2a: Fezandipiti\n|-heal|p2a: Fezandipiti|227/278 par\n|-singleturn|p2a: Fezandipiti|move: Roost\n|\n|-heal|p1a: Jolteon|8/100 brn|[from] item: Leftovers\n|-heal|p2a: Fezandipiti|244/278 par|[from] item: Leftovers\n|-damage|p1a: Jolteon|2/100 brn|[from] brn\n|upkeep\n|turn|24\n|inactive|Time left: 300 sec this turn | 300 sec total\n|\n|t:|1783571841\n|move|p1a: Jolteon|Thunderbolt|p2a: Fezandipiti\n|-damage|p2a: Fezandipiti|94/278 par\n|move|p2a: Fezandipiti|Roost|p2a: Fezandipiti\n|-heal|p2a: Fezandipiti|233/278 par\n|-singleturn|p2a: Fezandipiti|move: Roost\n|\n|-heal|p1a: Jolteon|8/100 brn|[from] item: Leftovers\n|-heal|p2a: Fezandipiti|250/278 par|[from] item: Leftovers\n|-damage|p1a: Jolteon|2/100 brn|[from] brn\n|upkeep\n|turn|25\n|inactive|Time left: 300 sec this turn | 300 sec total\n|\n|t:|1783571842\n|move|p1a: Jolteon|Thunderbolt|p2a: Fezandipiti\n|-damage|p2a: Fezandipiti|91/278 par\n|move|p2a: Fezandipiti|Roost|p2a: Fezandipiti\n|-heal|p2a: Fezandipiti|230/278 par\n|-singleturn|p2a: Fezandipiti|move: Roost\n|\n|-heal|p1a: Jolteon|8/100 brn|[from] item: Leftovers\n|-heal|p2a: Fezandipiti|247/278 par|[from] item: Leftovers\n|-damage|p1a: Jolteon|2/100 brn|[from] brn\n|upkeep\n|turn|26\n|inactive|Time left: 300 sec this turn | 300 sec total\n|\n|t:|1783571843\n|move|p1a: Jolteon|Thunderbolt|p2a: Fezandipiti\n|-damage|p2a: Fezandipiti|94/278 par\n|move|p2a: Fezandipiti|Roost|p2a: Fezandipiti\n|-heal|p2a: Fezandipiti|233/278 par\n|-singleturn|p2a: Fezandipiti|move: Roost\n|\n|-heal|p1a: Jolteon|8/100 brn|[from] item: Leftovers\n|-heal|p2a: Fezandipiti|250/278 par|[from] item: Leftovers\n|-damage|p1a: Jolteon|2/100 brn|[from] brn\n|upkeep\n|turn|27\n|inactive|Time left: 300 sec this turn | 300 sec total\n|\n|t:|1783571844\n|move|p1a: Jolteon|Thunderbolt|p2a: Fezandipiti\n|-damage|p2a: Fezandipiti|90/278 par\n|move|p2a: Fezandipiti|Roost|p2a: Fezandipiti\n|-heal|p2a: Fezandipiti|229/278 par\n|-singleturn|p2a: Fezandipiti|move: Roost\n|\n|-heal|p1a: Jolteon|8/100 brn|[from] item: Leftovers\n|-heal|p2a: Fezandipiti|246/278 par|[from] item: Leftovers\n|-damage|p1a: Jolteon|2/100 brn|[from] brn\n|upkeep\n|turn|28\n|inactive|Time left: 300 sec this turn | 300 sec total\n|\n|t:|1783571845\n|move|p1a: Jolteon|Thunderbolt|p2a: Fezandipiti\n|-damage|p2a: Fezandipiti|74/278 par\n|move|p2a: Fezandipiti|Roost|p2a: Fezandipiti\n|-heal|p2a: Fezandipiti|213/278 par\n|-singleturn|p2a: Fezandipiti|move: Roost\n|\n|-heal|p1a: Jolteon|8/100 brn|[from] item: Leftovers\n|-heal|p2a: Fezandipiti|230/278 par|[from] item: Leftovers\n|-damage|p1a: Jolteon|2/100 brn|[from] brn\n|upkeep\n|turn|29\n|inactive|Time left: 300 sec this turn | 300 sec total\n|\n|t:|1783571846\n|move|p1a: Jolteon|Thunderbolt|p2a: Fezandipiti\n|-damage|p2a: Fezandipiti|68/278 par\n|move|p2a: Fezandipiti|Gunk Shot|p1a: Jolteon\n|-damage|p1a: Jolteon|0 fnt\n|faint|p1a: Jolteon\n|\n|-heal|p2a: Fezandipiti|85/278 par|[from] item: Leftovers\n|upkeep\n|\n|t:|1783571847\n|switch|p1a: Lugia|Lugia, L73|79/100\n|turn|30\n|inactive|Time left: 300 sec this turn | 300 sec total\n|\n|t:|1783571848\n|move|p1a: Lugia|Calm Mind|p1a: Lugia\n|-boost|p1a: Lugia|spa|1\n|-boost|p1a: Lugia|spd|1\n|move|p2a: Fezandipiti|Gunk Shot|p1a: Lugia\n|-damage|p1a: Lugia|46/100\n|-status|p1a: Lugia|tox|[from] ability: Toxic Chain|[of] p2a: Fezandipiti\n|\n|-heal|p2a: Fezandipiti|102/278 par|[from] item: Leftovers\n|-damage|p1a: Lugia|40/100 tox|[from] psn\n|upkeep\n|turn|31\n|inactive|Time left: 300 sec this turn | 300 sec total\n|\n|t:|1783571849\n|move|p1a: Lugia|Recover|p1a: Lugia\n|-heal|p1a: Lugia|90/100 tox\n|cant|p2a: Fezandipiti|par\n|\n|-heal|p2a: Fezandipiti|119/278 par|[from] item: Leftovers\n|-damage|p1a: Lugia|78/100 tox|[from] psn\n|upkeep\n|turn|32\n|inactive|Time left: 300 sec this turn | 300 sec total\n|\n|t:|1783571850\n|switch|p2a: Basculegion|Basculegion-F, L83, F|335/335\n|-damage|p2a: Basculegion|294/335|[from] Stealth Rock\n|move|p1a: Lugia|Psychic Noise|p2a: Basculegion\n|-damage|p2a: Basculegion|230/335\n|-start|p2a: Basculegion|move: Heal Block\n|\n|-damage|p1a: Lugia|59/100 tox|[from] psn\n|upkeep\n|turn|33\n|inactive|Time left: 300 sec this turn | 300 sec total\n|\n|t:|1783571851\n|move|p1a: Lugia|Recover|p1a: Lugia\n|-heal|p1a: Lugia|100/100 tox\n|move|p2a: Basculegion|Shadow Ball|p1a: Lugia\n|-supereffective|p1a: Lugia\n|-damage|p1a: Lugia|80/100 tox\n|\n|-damage|p1a: Lugia|55/100 tox|[from] psn\n|-end|p2a: Basculegion|move: Heal Block\n|upkeep\n|turn|34\n|inactive|Time left: 300 sec this turn | 300 sec total\n|\n|t:|1783571852\n|switch|p1a: Zangoose|Zangoose, L85, F|100/100\n|-damage|p1a: Zangoose|76/100|[from] Spikes\n|move|p2a: Basculegion|Shadow Ball|p1a: Zangoose\n|-immune|p1a: Zangoose\n|\n|-status|p1a: Zangoose|tox|[from] item: Toxic Orb\n|upkeep\n|turn|35\n|inactive|Time left: 300 sec this turn | 300 sec total\n|\n|t:|1783571853\n|switch|p2a: Annihilape|Annihilape, L76, M|292/292\n|-damage|p2a: Annihilape|274/292|[from] Stealth Rock\n|move|p1a: Zangoose|Knock Off|p2a: Annihilape\n|-damage|p2a: Annihilape|125/292\n|-enditem|p2a: Annihilape|Chesto Berry|[from] move: Knock Off|[of] p1a: Zangoose\n|\n|-damage|p1a: Zangoose|70/100 tox|[from] psn\n|upkeep\n|turn|36\n|inactive|Time left: 300 sec this turn | 300 sec total\n|\n|t:|1783571854\n|switch|p1a: Lugia|Lugia, L73|55/100 tox\n|move|p2a: Annihilape|Drain Punch|p1a: Lugia\n|-resisted|p1a: Lugia\n|-damage|p1a: Lugia|50/100 tox\n|-heal|p2a: Annihilape|133/292|[from] drain|[of] p1a: Lugia\n|\n|-damage|p1a: Lugia|43/100 tox|[from] psn\n|upkeep\n|turn|37\n|inactive|Time left: 300 sec this turn | 300 sec total\n|\n|t:|1783571855\n|switch|p2a: Basculegion|Basculegion-F, L83, F|230/335\n|-damage|p2a: Basculegion|189/335|[from] Stealth Rock\n|move|p1a: Lugia|Aeroblast|p2a: Basculegion\n|-damage|p2a: Basculegion|128/335\n|\n|-damage|p1a: Lugia|31/100 tox|[from] psn\n|upkeep\n|turn|38\n|inactive|Time left: 300 sec this turn | 300 sec total\n|\n|t:|1783571856\n|move|p1a: Lugia|Aeroblast|p2a: Basculegion\n|-damage|p2a: Basculegion|65/335\n|move|p2a: Basculegion|Shadow Ball|p1a: Lugia\n|-supereffective|p1a: Lugia\n|-damage|p1a: Lugia|0 fnt\n|faint|p1a: Lugia\n|\n|upkeep\n|\n|t:|1783571857\n|switch|p1a: Chien-Pao|Chien-Pao, L72|100/100\n|-ability|p1a: Chien-Pao|Sword of Ruin\n|turn|39\n|inactive|Time left: 300 sec this turn | 300 sec total\n|\n|t:|1783571858\n|switch|p2a: Fezandipiti|Fezandipiti, L82, M|119/278 par\n|-damage|p2a: Fezandipiti|85/278 par|[from] Stealth Rock\n|move|p1a: Chien-Pao|Throat Chop|p2a: Fezandipiti\n|-resisted|p2a: Fezandipiti\n|-damage|p2a: Fezandipiti|32/278 par\n|-start|p2a: Fezandipiti|Throat Chop|[silent]\n|\n|-heal|p2a: Fezandipiti|49/278 par|[from] item: Leftovers\n|upkeep\n|turn|40\n|inactive|Time left: 300 sec this turn | 300 sec total\n|\n|t:|1783571859\n|move|p1a: Chien-Pao|Icicle Crash|p2a: Fezandipiti\n|-damage|p2a: Fezandipiti|0 fnt\n|faint|p2a: Fezandipiti\n|\n|upkeep\n|inactive|Time left: 300 sec this turn | 300 sec total | 5 sec grace\n|\n|t:|1783571860\n|switch|p2a: Annihilape|Annihilape, L76, M|133/292\n|-damage|p2a: Annihilape|115/292|[from] Stealth Rock\n|turn|41\n|inactive|Time left: 300 sec this turn | 300 sec total\n|\n|t:|1783571861\n|move|p1a: Chien-Pao|Icicle Crash|p2a: Annihilape\n|-damage|p2a: Annihilape|0 fnt\n|faint|p2a: Annihilape\n|\n|upkeep\n|inactive|Time left: 300 sec this turn | 300 sec total | 5 sec grace\n|\n|t:|1783571861\n|switch|p2a: Basculegion|Basculegion-F, L83, F|65/335\n|-damage|p2a: Basculegion|24/335|[from] Stealth Rock\n|turn|42\n|inactive|Time left: 300 sec this turn | 300 sec total\n|\n|t:|1783571862\n|-terastallize|p2a: Basculegion|Water\n|move|p1a: Chien-Pao|Throat Chop|p2a: Basculegion\n|-damage|p2a: Basculegion|0 fnt\n|faint|p2a: Basculegion\n|\n|win|p0x284731aa", "uploadtime": 1783571862, "views": 0, "rating": 0, "private": 0, "password": null, "_winner": "p0x284731aa", "_our_name": "p0y2847ddf4"}