{"id": "battle-gen9randombattle-2643", "formatid": "gen9randombattle", "format": "[Gen 9] Random Battle", "players": ["p0x2643e127", "p0y26436a92"], "log": "|init|battle\n|title|p0x2643e127 vs. p0y26436a92\n|j|\u2606p0x2643e127\n|j|\u2606p0y26436a92\n|t:|1783570504\n|gametype|singles\n|player|p1|p0x2643e127|266|\n|player|p2|p0y26436a92|102|\n|gen|9\n|tier|[Gen 9] Random Battle\n|rule|Species Clause: Limit one of each Pok\u00e9mon\n|rule|HP Percentage Mod: HP is shown in percentages\n|rule|Sleep Clause Mod: Limit one foe put to sleep\n|rule|Illusion Level Mod: Illusion disguises the Pok\u00e9mon's true level\n|\n|t:|1783570504\n|teamsize|p1|6\n|teamsize|p2|6\n|start\n|switch|p1a: Walking Wake|Walking Wake, L79|286/286\n|switch|p2a: Poliwrath|Poliwrath, L88, F|100/100\n|turn|1\n|inactive|Battle timer is ON: inactive players will automatically lose when time's up. (requested by p0y26436a92)\n|inactive|Time left: 300 sec this turn | 300 sec total | 60 sec grace\n|inactive|p0x2643e127 also wants the timer to be on.\n|\n|t:|1783570505\n|move|p1a: Walking Wake|Flamethrower|p2a: Poliwrath\n|-resisted|p2a: Poliwrath\n|-damage|p2a: Poliwrath|86/100\n|-damage|p1a: Walking Wake|258/286|[from] item: Life Orb\n|move|p2a: Poliwrath|Knock Off|p1a: Walking Wake\n|-damage|p1a: Walking Wake|164/286\n|-enditem|p1a: Walking Wake|Life Orb|[from] move: Knock Off|[of] p2a: Poliwrath\n|-damage|p2a: Poliwrath|76/100|[from] item: Life Orb\n|\n|upkeep\n|turn|2\n|inactive|Time left: 300 sec this turn | 300 sec total\n|\n|t:|1783570506\n|move|p1a: Walking Wake|Draco Meteor|p2a: Poliwrath\n|-damage|p2a: Poliwrath|27/100\n|-unboost|p1a: Walking Wake|spa|2\n|move|p2a: Poliwrath|Close Combat|p1a: Walking Wake\n|-damage|p1a: Walking Wake|0 fnt\n|-unboost|p2a: Poliwrath|def|1\n|-unboost|p2a: Poliwrath|spd|1\n|faint|p1a: Walking Wake\n|-end|p1a: Walking Wake|Protosynthesis|[silent]\n|-damage|p2a: Poliwrath|17/100|[from] item: Life Orb\n|\n|upkeep\n|inactive|Time left: 300 sec this turn | 300 sec total | 5 sec grace\n|\n|t:|1783570507\n|switch|p1a: Basculin|Basculin, L86, M|261/261\n|turn|3\n|inactive|Time left: 300 sec this turn | 300 sec total\n|\n|t:|1783570508\n|switch|p2a: Cloyster|Cloyster, L80, F|100/100\n|move|p1a: Basculin|Wave Crash|p2a: Cloyster\n|-resisted|p2a: Cloyster\n|-damage|p2a: Cloyster|68/100\n|-damage|p1a: Basculin|238/261|[from] Recoil\n|\n|upkeep\n|turn|4\n|inactive|Time left: 300 sec this turn | 300 sec total\n|\n|t:|1783570510\n|move|p1a: Basculin|Wave Crash|p2a: Cloyster\n|-resisted|p2a: Cloyster\n|-damage|p2a: Cloyster|31/100\n|-damage|p1a: Basculin|213/261|[from] Recoil\n|move|p2a: Cloyster|Shell Smash|p2a: Cloyster\n|-unboost|p2a: Cloyster|def|1\n|-unboost|p2a: Cloyster|spd|1\n|-boost|p2a: Cloyster|atk|2\n|-boost|p2a: Cloyster|spa|2\n|-boost|p2a: Cloyster|spe|2\n|-enditem|p2a: Cloyster|White Herb\n|-clearnegativeboost|p2a: Cloyster|[silent]\n|\n|upkeep\n|turn|5\n|inactive|Time left: 300 sec this turn | 300 sec total\n|\n|t:|1783570511\n|-terastallize|p2a: Cloyster|Rock\n|move|p2a: Cloyster|Rock Blast|p1a: Basculin\n|-damage|p1a: Basculin|155/261\n|-damage|p1a: Basculin|101/261\n|-damage|p1a: Basculin|37/261\n|-damage|p1a: Basculin|0 fnt\n|faint|p1a: Basculin\n|-hitcount|p1: Basculin|4\n|\n|upkeep\n|inactive|Time left: 300 sec this turn | 300 sec total | 5 sec grace\n|\n|t:|1783570512\n|switch|p1a: Pecharunt|Pecharunt, L77|262/262\n|turn|6\n|inactive|Time left: 300 sec this turn | 300 sec total\n|\n|t:|1783570513\n|move|p2a: Cloyster|Icicle Spear|p1a: Pecharunt\n|-damage|p1a: Pecharunt|226/262\n|-damage|p1a: Pecharunt|195/262\n|-damage|p1a: Pecharunt|161/262\n|-damage|p1a: Pecharunt|125/262\n|-damage|p1a: Pecharunt|92/262\n|-hitcount|p1a: Pecharunt|5\n|move|p1a: Pecharunt|Shadow Ball|p2a: Cloyster\n|-damage|p2a: Cloyster|0 fnt\n|faint|p2a: Cloyster\n|\n|-heal|p1a: Pecharunt|108/262|[from] item: Leftovers\n|upkeep\n|\n|t:|1783570514\n|switch|p2a: Brambleghast|Brambleghast, L88, M|100/100\n|turn|7\n|inactive|Time left: 300 sec this turn | 300 sec total\n|\n|t:|1783570514\n|switch|p1a: Squawkabilly|Squawkabilly-Yellow, L89, M|291/291\n|move|p2a: Brambleghast|Poltergeist|p1a: Squawkabilly\n|-immune|p1a: Squawkabilly\n|\n|upkeep\n|turn|8\n|inactive|Time left: 300 sec this turn | 300 sec total\n|\n|t:|1783570515\n|switch|p2a: Deoxys|Deoxys-Defense, L84|100/100\n|-ability|p2a: Deoxys|Pressure\n|move|p1a: Squawkabilly|Brave Bird|p2a: Deoxys\n|-damage|p2a: Deoxys|16/100\n|-damage|p1a: Squawkabilly|229/291|[from] Recoil\n|\n|-heal|p2a: Deoxys|22/100|[from] item: Leftovers\n|upkeep\n|turn|9\n|inactive|Time left: 300 sec this turn | 300 sec total\n|\n|t:|1783570516\n|move|p1a: Squawkabilly|Brave Bird|p2a: Deoxys\n|-damage|p2a: Deoxys|0 fnt\n|faint|p2a: Deoxys\n|-damage|p1a: Squawkabilly|213/291|[from] Recoil\n|\n|upkeep\n|\n|t:|1783570517\n|switch|p2a: Poliwrath|Poliwrath, L88, F|17/100\n|turn|10\n|inactive|Time left: 300 sec this turn | 300 sec total\n|\n|t:|1783570517\n|move|p1a: Squawkabilly|Brave Bird|p2a: Poliwrath\n|-supereffective|p2a: Poliwrath\n|-damage|p2a: Poliwrath|0 fnt\n|faint|p2a: Poliwrath\n|-damage|p1a: Squawkabilly|197/291|[from] Recoil\n|\n|upkeep\n|\n|t:|1783570518\n|switch|p2a: Clodsire|Clodsire, L81, F|100/100\n|turn|11\n|inactive|Time left: 300 sec this turn | 300 sec total\n|\n|t:|1783570519\n|move|p1a: Squawkabilly|Brave Bird|p2a: Clodsire\n|-damage|p2a: Clodsire|0 fnt\n|faint|p2a: Clodsire\n|-damage|p1a: Squawkabilly|84/291|[from] Recoil\n|\n|upkeep\n|\n|t:|1783570520\n|switch|p2a: Alcremie|Alcremie-Ruby-Cream, L90, F|100/100\n|turn|12\n|inactive|Time left: 300 sec this turn | 300 sec total\n|\n|t:|1783570520\n|move|p1a: Squawkabilly|Brave Bird|p2a: Alcremie|[miss]\n|-miss|p1a: Squawkabilly|p2a: Alcremie\n|move|p2a: Alcremie|Alluring Voice|p1a: Squawkabilly\n|-damage|p1a: Squawkabilly|0 fnt\n|faint|p1a: Squawkabilly\n|\n|upkeep\n|inactive|Time left: 300 sec this turn | 300 sec total | 5 sec grace\n|\n|t:|1783570521\n|switch|p1a: Pecharunt|Pecharunt, L77|108/262\n|turn|13\n|inactive|Time left: 300 sec this turn | 300 sec total\n|\n|t:|1783570522\n|move|p1a: Pecharunt|Nasty Plot|p1a: Pecharunt\n|-boost|p1a: Pecharunt|spa|2\n|move|p2a: Alcremie|Calm Mind|p2a: Alcremie\n|-boost|p2a: Alcremie|spa|1\n|-boost|p2a: Alcremie|spd|1\n|\n|-heal|p1a: Pecharunt|124/262|[from] item: Leftovers\n|upkeep\n|turn|14\n|inactive|Time left: 300 sec this turn | 300 sec total\n|\n|t:|1783570523\n|move|p1a: Pecharunt|Malignant Chain|p2a: Alcremie\n|-supereffective|p2a: Alcremie\n|-damage|p2a: Alcremie|36/100\n|move|p2a: Alcremie|Alluring Voice|p1a: Pecharunt\n|-resisted|p1a: Pecharunt\n|-damage|p1a: Pecharunt|32/262\n|\n|-heal|p1a: Pecharunt|48/262|[from] item: Leftovers\n|-heal|p2a: Alcremie|42/100|[from] item: Leftovers\n|upkeep\n|turn|15\n|inactive|Time left: 300 sec this turn | 300 sec total\n|\n|t:|1783570524\n|move|p1a: Pecharunt|Malignant Chain|p2a: Alcremie\n|-supereffective|p2a: Alcremie\n|-damage|p2a: Alcremie|0 fnt\n|faint|p2a: Alcremie\n|\n|-heal|p1a: Pecharunt|64/262|[from] item: Leftovers\n|upkeep\n|\n|t:|1783570525\n|switch|p2a: Brambleghast|Brambleghast, L88, M|100/100\n|turn|16\n|inactive|Time left: 300 sec this turn | 300 sec total\n|\n|t:|1783570526\n|-terastallize|p1a: Pecharunt|Dark\n|move|p2a: Brambleghast|Substitute|p2a: Brambleghast\n|-start|p2a: Brambleghast|Substitute\n|-damage|p2a: Brambleghast|75/100\n|move|p1a: Pecharunt|Shadow Ball|p2a: Brambleghast\n|-supereffective|p2a: Brambleghast\n|-end|p2a: Brambleghast|Substitute\n|\n|-heal|p2a: Brambleghast|82/100|[from] item: Leftovers\n|-heal|p1a: Pecharunt|80/262|[from] item: Leftovers\n|upkeep\n|turn|17\n|inactive|Time left: 300 sec this turn | 300 sec total\n|\n|t:|1783570527\n|move|p2a: Brambleghast|Power Whip|p1a: Pecharunt\n|-damage|p1a: Pecharunt|0 fnt\n|faint|p1a: Pecharunt\n|\n|-heal|p2a: Brambleghast|88/100|[from] item: Leftovers\n|upkeep\n|inactive|Time left: 300 sec this turn | 300 sec total | 5 sec grace\n|\n|t:|1783570528\n|switch|p1a: Talonflame|Talonflame, L83, M|265/265\n|turn|18\n|inactive|Time left: 300 sec this turn | 300 sec total\n|\n|t:|1783570529\n|move|p1a: Talonflame|Brave Bird|p2a: Brambleghast\n|-supereffective|p2a: Brambleghast\n|-damage|p2a: Brambleghast|0 fnt\n|faint|p2a: Brambleghast\n|-damage|p1a: Talonflame|196/265|[from] Recoil\n|\n|win|p0x2643e127", "uploadtime": 1783570529, "views": 0, "rating": 0, "private": 0, "password": null, "_winner": "p0x2643e127", "_our_name": "p0x2643e127"}