{"id": "battle-gen9randombattle-1702", "formatid": "gen9randombattle", "format": "[Gen 9] Random Battle", "players": ["p0x170253ab", "p0y1702ebc3"], "log": "|init|battle\n|title|p0x170253ab vs. p0y1702ebc3\n|j|\u2606p0x170253ab\n|j|\u2606p0y1702ebc3\n|t:|1783559722\n|gametype|singles\n|player|p1|p0x170253ab|102|\n|player|p2|p0y1702ebc3|101|\n|gen|9\n|tier|[Gen 9] Random Battle\n|rule|Species Clause: Limit one of each Pok\u00e9mon\n|rule|HP Percentage Mod: HP is shown in percentages\n|rule|Sleep Clause Mod: Limit one foe put to sleep\n|rule|Illusion Level Mod: Illusion disguises the Pok\u00e9mon's true level\n|\n|t:|1783559722\n|teamsize|p1|6\n|teamsize|p2|6\n|start\n|switch|p1a: Volcanion|Volcanion, L79|100/100\n|switch|p2a: Mamoswine|Mamoswine, L81, M|311/311\n|turn|1\n|inactive|Battle timer is ON: inactive players will automatically lose when time's up. (requested by p0x170253ab)\n|inactive|Time left: 300 sec this turn | 300 sec total | 60 sec grace\n|inactive|p0y1702ebc3 also wants the timer to be on.\n|\n|t:|1783559724\n|switch|p1a: Conkeldurr|Conkeldurr, L80, M|100/100\n|move|p2a: Mamoswine|Earthquake|p1a: Conkeldurr\n|-damage|p1a: Conkeldurr|47/100\n|-damage|p2a: Mamoswine|280/311|[from] item: Life Orb\n|\n|-status|p1a: Conkeldurr|brn|[from] item: Flame Orb\n|upkeep\n|turn|2\n|inactive|Time left: 300 sec this turn | 300 sec total\n|\n|t:|1783559725\n|switch|p1a: Hariyama|Hariyama, L87, F|100/100\n|move|p2a: Mamoswine|Earthquake|p1a: Hariyama\n|-damage|p1a: Hariyama|50/100\n|-damage|p2a: Mamoswine|249/311|[from] item: Life Orb\n|\n|-status|p1a: Hariyama|brn|[from] item: Flame Orb\n|upkeep\n|turn|3\n|inactive|Time left: 300 sec this turn | 300 sec total\n|\n|t:|1783559726\n|move|p1a: Hariyama|Fake Out|p2a: Mamoswine\n|-crit|p2a: Mamoswine\n|-damage|p2a: Mamoswine|153/311\n|cant|p2a: Mamoswine|flinch\n|\n|-damage|p1a: Hariyama|44/100 brn|[from] brn\n|upkeep\n|turn|4\n|inactive|Time left: 300 sec this turn | 300 sec total\n|\n|t:|1783559727\n|switch|p1a: Rabsca|Rabsca, L91, M|100/100\n|move|p2a: Mamoswine|Earthquake|p1a: Rabsca\n|-resisted|p1a: Rabsca\n|-damage|p1a: Rabsca|75/100\n|-damage|p2a: Mamoswine|122/311|[from] item: Life Orb\n|\n|upkeep\n|turn|5\n|inactive|Time left: 300 sec this turn | 300 sec total\n|\n|t:|1783559728\n|move|p2a: Mamoswine|Icicle Crash|p1a: Rabsca\n|-damage|p1a: Rabsca|31/100\n|-damage|p2a: Mamoswine|91/311|[from] item: Life Orb\n|move|p1a: Rabsca|Psychic|p2a: Mamoswine\n|-damage|p2a: Mamoswine|0 fnt\n|faint|p2a: Mamoswine\n|\n|upkeep\n|inactive|Time left: 300 sec this turn | 300 sec total | 5 sec grace\n|\n|t:|1783559729\n|switch|p2a: Noivern|Noivern, L82, F|274/274\n|turn|6\n|inactive|Time left: 300 sec this turn | 300 sec total\n|\n|t:|1783559731\n|switch|p1a: Flareon|Flareon, L90, M|100/100\n|move|p2a: Noivern|Boomburst|p1a: Flareon\n|-damage|p1a: Flareon|56/100\n|\n|-status|p1a: Flareon|tox|[from] item: Toxic Orb\n|upkeep\n|turn|7\n|inactive|Time left: 300 sec this turn | 300 sec total\n|\n|t:|1783559732\n|switch|p1a: Greedent|Greedent, L86, F|100/100\n|-terastallize|p2a: Noivern|Normal\n|move|p2a: Noivern|Boomburst|p1a: Greedent\n|-crit|p1a: Greedent\n|-damage|p1a: Greedent|0 fnt\n|faint|p1a: Greedent\n|\n|upkeep\n|\n|t:|1783559733\n|switch|p1a: Hariyama|Hariyama, L87, F|44/100 brn\n|turn|8\n|inactive|Time left: 300 sec this turn | 300 sec total\n|\n|t:|1783559733\n|move|p1a: Hariyama|Fake Out|p2a: Noivern\n|-damage|p2a: Noivern|214/274\n|cant|p2a: Noivern|flinch\n|\n|-damage|p1a: Hariyama|38/100 brn|[from] brn\n|upkeep\n|turn|9\n|inactive|Time left: 300 sec this turn | 300 sec total\n|\n|t:|1783559734\n|switch|p1a: Rabsca|Rabsca, L91, M|31/100\n|move|p2a: Noivern|Boomburst|p1a: Rabsca\n|-damage|p1a: Rabsca|0 fnt\n|faint|p1a: Rabsca\n|\n|upkeep\n|\n|t:|1783559735\n|switch|p1a: Volcanion|Volcanion, L79|100/100\n|turn|10\n|inactive|Time left: 300 sec this turn | 300 sec total\n|\n|t:|1783559736\n|move|p2a: Noivern|Boomburst|p1a: Volcanion\n|-damage|p1a: Volcanion|17/100\n|move|p1a: Volcanion|Steam Eruption|p2a: Noivern\n|-damage|p2a: Noivern|64/274\n|-status|p2a: Noivern|brn\n|\n|-damage|p2a: Noivern|47/274 brn|[from] brn\n|upkeep\n|turn|11\n|inactive|Time left: 300 sec this turn | 300 sec total\n|\n|t:|1783559738\n|move|p2a: Noivern|Boomburst|p1a: Volcanion\n|-damage|p1a: Volcanion|0 fnt\n|faint|p1a: Volcanion\n|\n|-damage|p2a: Noivern|30/274 brn|[from] brn\n|upkeep\n|\n|t:|1783559738\n|switch|p1a: Flareon|Flareon, L90, M|56/100 tox\n|turn|12\n|inactive|Time left: 300 sec this turn | 300 sec total\n|\n|t:|1783559739\n|move|p1a: Flareon|Quick Attack|p2a: Noivern\n|-damage|p2a: Noivern|0 fnt\n|faint|p2a: Noivern\n|\n|-damage|p1a: Flareon|50/100 tox|[from] psn\n|upkeep\n|inactive|Time left: 300 sec this turn | 300 sec total | 5 sec grace\n|\n|t:|1783559740\n|switch|p2a: Quaquaval|Quaquaval, L79, M|264/264\n|turn|13\n|inactive|Time left: 300 sec this turn | 300 sec total\n|\n|t:|1783559741\n|-terastallize|p1a: Flareon|Normal\n|move|p2a: Quaquaval|Close Combat|p1a: Flareon\n|-supereffective|p1a: Flareon\n|-damage|p1a: Flareon|0 fnt\n|-unboost|p2a: Quaquaval|def|1\n|-unboost|p2a: Quaquaval|spd|1\n|faint|p1a: Flareon\n|-ability|p2a: Quaquaval|Moxie|boost\n|-boost|p2a: Quaquaval|atk|1\n|\n|upkeep\n|\n|t:|1783559742\n|switch|p1a: Hariyama|Hariyama, L87, F|38/100 brn\n|turn|14\n|inactive|Time left: 300 sec this turn | 300 sec total\n|\n|t:|1783559743\n|move|p1a: Hariyama|Fake Out|p2a: Quaquaval\n|-damage|p2a: Quaquaval|169/264\n|cant|p2a: Quaquaval|flinch\n|\n|-heal|p2a: Quaquaval|185/264|[from] item: Leftovers\n|-damage|p1a: Hariyama|32/100 brn|[from] brn\n|upkeep\n|turn|15\n|inactive|Time left: 300 sec this turn | 300 sec total\n|\n|t:|1783559744\n|switch|p1a: Conkeldurr|Conkeldurr, L80, M|47/100 brn\n|move|p2a: Quaquaval|Close Combat|p1a: Conkeldurr\n|-damage|p1a: Conkeldurr|0 fnt\n|-unboost|p2a: Quaquaval|def|1\n|-unboost|p2a: Quaquaval|spd|1\n|faint|p1a: Conkeldurr\n|-ability|p2a: Quaquaval|Moxie|boost\n|-boost|p2a: Quaquaval|atk|1\n|\n|-heal|p2a: Quaquaval|201/264|[from] item: Leftovers\n|upkeep\n|\n|t:|1783559745\n|switch|p1a: Hariyama|Hariyama, L87, F|32/100 brn\n|turn|16\n|inactive|Time left: 300 sec this turn | 300 sec total\n|\n|t:|1783559746\n|move|p1a: Hariyama|Fake Out|p2a: Quaquaval\n|-damage|p2a: Quaquaval|78/264\n|cant|p2a: Quaquaval|flinch\n|\n|-heal|p2a: Quaquaval|94/264|[from] item: Leftovers\n|-damage|p1a: Hariyama|26/100 brn|[from] brn\n|upkeep\n|turn|17\n|inactive|Time left: 300 sec this turn | 300 sec total\n|\n|t:|1783559747\n|move|p2a: Quaquaval|Aqua Step|p1a: Hariyama\n|-damage|p1a: Hariyama|0 fnt\n|-boost|p2a: Quaquaval|spe|1\n|faint|p1a: Hariyama\n|\n|win|p0y1702ebc3", "uploadtime": 1783559747, "views": 0, "rating": 0, "private": 0, "password": null, "_winner": "p0y1702ebc3", "_our_name": "p0y1702ebc3"}