{"id": "battle-gen9randombattle-2", "formatid": "gen9randombattle", "format": "[Gen 9] Random Battle", "players": ["p0x002ab06", "p0y00223bb"], "log": "|init|battle\n|title|p0x002ab06 vs. p0y00223bb\n|j|\u2606p0x002ab06\n|j|\u2606p0y00223bb\n|t:|1783539190\n|gametype|singles\n|player|p1|p0x002ab06|266|\n|player|p2|p0y00223bb|101|\n|gen|9\n|tier|[Gen 9] Random Battle\n|rule|Species Clause: Limit one of each Pok\u00e9mon\n|rule|HP Percentage Mod: HP is shown in percentages\n|rule|Sleep Clause Mod: Limit one foe put to sleep\n|rule|Illusion Level Mod: Illusion disguises the Pok\u00e9mon's true level\n|\n|t:|1783539190\n|teamsize|p1|6\n|teamsize|p2|6\n|start\n|switch|p1a: Probopass|Probopass, L91, F|257/257\n|switch|p2a: Munkidori|Munkidori, L79, M|100/100\n|turn|1\n|inactive|Battle timer is ON: inactive players will automatically lose when time's up. (requested by p0x002ab06)\n|inactive|p0y00223bb also wants the timer to be on.\n|\n|t:|1783539191\n|switch|p2a: Lurantis|Lurantis, L87, F|100/100\n|move|p1a: Probopass|Power Gem|p2a: Lurantis\n|-damage|p2a: Lurantis|71/100\n|\n|-heal|p2a: Lurantis|77/100|[from] item: Leftovers\n|upkeep\n|turn|2\n|inactive|Time left: 300 sec this turn | 300 sec total\n|\n|t:|1783539192\n|switch|p1a: Metagross|Metagross, L79|256/256\n|move|p2a: Lurantis|Superpower|p1a: Metagross\n|-damage|p1a: Metagross|185/256\n|-boost|p2a: Lurantis|atk|1\n|-boost|p2a: Lurantis|def|1\n|\n|-heal|p2a: Lurantis|83/100|[from] item: Leftovers\n|upkeep\n|turn|3\n|inactive|Time left: 300 sec this turn | 300 sec total\n|\n|t:|1783539194\n|move|p1a: Metagross|Heavy Slam|p2a: Lurantis\n|-damage|p2a: Lurantis|27/100\n|move|p2a: Lurantis|Superpower|p1a: Metagross\n|-damage|p1a: Metagross|81/256\n|-boost|p2a: Lurantis|atk|1\n|-boost|p2a: Lurantis|def|1\n|\n|-heal|p2a: Lurantis|33/100|[from] item: Leftovers\n|upkeep\n|turn|4\n|inactive|Time left: 300 sec this turn | 300 sec total\n|\n|t:|1783539195\n|move|p1a: Metagross|Heavy Slam|p2a: Lurantis\n|-damage|p2a: Lurantis|0 fnt\n|faint|p2a: Lurantis\n|\n|upkeep\n|\n|t:|1783539196\n|switch|p2a: Houndstone|Houndstone, L86, F|100/100\n|turn|5\n|inactive|Time left: 300 sec this turn | 300 sec total\n|\n|t:|1783539198\n|switch|p1a: Ting-Lu|Ting-Lu, L78|370/370\n|-ability|p1a: Ting-Lu|Vessel of Ruin\n|move|p2a: Houndstone|Poltergeist|p1a: Ting-Lu\n|-activate|p1a: Ting-Lu|move: Poltergeist|Leftovers\n|-resisted|p1a: Ting-Lu\n|-damage|p1a: Ting-Lu|322/370\n|\n|-heal|p1a: Ting-Lu|345/370|[from] item: Leftovers\n|upkeep\n|turn|6\n|inactive|Time left: 300 sec this turn | 300 sec total\n|\n|t:|1783539199\n|switch|p2a: Squawkabilly|Squawkabilly, L85, M|100/100\n|move|p1a: Ting-Lu|Spikes|p2a: Squawkabilly\n|-sidestart|p2: p0y00223bb|Spikes\n|\n|-heal|p1a: Ting-Lu|368/370|[from] item: Leftovers\n|-status|p2a: Squawkabilly|brn|[from] item: Flame Orb\n|upkeep\n|turn|7\n|inactive|Time left: 300 sec this turn | 300 sec total\n|\n|t:|1783539200\n|move|p2a: Squawkabilly|Facade|p1a: Ting-Lu\n|-damage|p1a: Ting-Lu|166/370\n|move|p1a: Ting-Lu|Heavy Slam|p2a: Squawkabilly\n|-damage|p2a: Squawkabilly|60/100 brn\n|\n|-heal|p1a: Ting-Lu|189/370|[from] item: Leftovers\n|-damage|p2a: Squawkabilly|54/100 brn|[from] brn\n|upkeep\n|turn|8\n|inactive|Time left: 300 sec this turn | 300 sec total\n|\n|t:|1783539201\n|move|p2a: Squawkabilly|Facade|p1a: Ting-Lu\n|-damage|p1a: Ting-Lu|0 fnt\n|faint|p1a: Ting-Lu\n|\n|-damage|p2a: Squawkabilly|48/100 brn|[from] brn\n|upkeep\n|inactive|Time left: 300 sec this turn | 300 sec total | 5 sec grace\n|\n|t:|1783539202\n|switch|p1a: Mienshao|Mienshao, L83, F|244/244\n|turn|9\n|inactive|Time left: 300 sec this turn | 300 sec total\n|\n|t:|1783539203\n|switch|p2a: Houndstone|Houndstone, L86, F|100/100\n|-damage|p2a: Houndstone|88/100|[from] Spikes\n|move|p1a: Mienshao|Knock Off|p2a: Houndstone\n|-supereffective|p2a: Houndstone\n|-damage|p2a: Houndstone|54/100\n|-enditem|p2a: Houndstone|Assault Vest|[from] move: Knock Off|[of] p1a: Mienshao\n|-damage|p1a: Mienshao|220/244|[from] item: Life Orb\n|\n|upkeep\n|turn|10\n|inactive|Time left: 300 sec this turn | 300 sec total\n|\n|t:|1783539204\n|switch|p1a: Probopass|Probopass, L91, F|257/257\n|move|p2a: Houndstone|Poltergeist|p1a: Probopass\n|-activate|p1a: Probopass|move: Poltergeist|Leftovers\n|-damage|p1a: Probopass|176/257\n|\n|-heal|p1a: Probopass|192/257|[from] item: Leftovers\n|upkeep\n|turn|11\n|inactive|Time left: 300 sec this turn | 300 sec total\n|\n|t:|1783539205\n|move|p2a: Houndstone|Body Press|p1a: Probopass\n|-supereffective|p1a: Probopass\n|-damage|p1a: Probopass|40/257\n|move|p1a: Probopass|Power Gem|p2a: Houndstone\n|-damage|p2a: Houndstone|25/100\n|\n|-heal|p1a: Probopass|56/257|[from] item: Leftovers\n|upkeep\n|turn|12\n|inactive|Time left: 300 sec this turn | 300 sec total\n|\n|t:|1783539206\n|switch|p1a: Tauros|Tauros-Paldea-Blaze, L81, M|252/252\n|move|p2a: Houndstone|Poltergeist|p1a: Tauros\n|-activate|p1a: Tauros|move: Poltergeist|Sitrus Berry\n|-damage|p1a: Tauros|132/252\n|\n|upkeep\n|turn|13\n|inactive|Time left: 300 sec this turn | 300 sec total\n|\n|t:|1783539207\n|move|p1a: Tauros|Raging Bull|p2a: Houndstone\n|-damage|p2a: Houndstone|0 fnt\n|faint|p2a: Houndstone\n|\n|upkeep\n|\n|t:|1783539208\n|switch|p2a: Diancie|Diancie, L82|100/100\n|-damage|p2a: Diancie|88/100|[from] Spikes\n|turn|14\n|inactive|Time left: 300 sec this turn | 300 sec total\n|\n|t:|1783539209\n|move|p1a: Tauros|Bulk Up|p1a: Tauros\n|-boost|p1a: Tauros|atk|1\n|-boost|p1a: Tauros|def|1\n|move|p2a: Diancie|Earth Power|p1a: Tauros\n|-supereffective|p1a: Tauros\n|-damage|p1a: Tauros|0 fnt\n|faint|p1a: Tauros\n|\n|upkeep\n|inactive|Time left: 300 sec this turn | 300 sec total | 5 sec grace\n|\n|t:|1783539210\n|switch|p1a: Metagross|Metagross, L79|81/256\n|turn|15\n|inactive|Time left: 300 sec this turn | 300 sec total\n|\n|t:|1783539211\n|-terastallize|p2a: Diancie|Fighting\n|move|p1a: Metagross|Heavy Slam|p2a: Diancie\n|-damage|p2a: Diancie|21/100\n|move|p2a: Diancie|Body Press|p1a: Metagross\n|-damage|p1a: Metagross|0 fnt\n|faint|p1a: Metagross\n|\n|upkeep\n|inactive|Time left: 300 sec this turn | 300 sec total | 5 sec grace\n|\n|t:|1783539212\n|switch|p1a: Mienshao|Mienshao, L83, F|244/244\n|turn|16\n|inactive|Time left: 300 sec this turn | 300 sec total\n|\n|t:|1783539213\n|move|p1a: Mienshao|Triple Axel|p2a: Diancie\n|-damage|p2a: Diancie|14/100\n|-damage|p2a: Diancie|0 fnt\n|faint|p2a: Diancie\n|-hitcount|p2: Diancie|2\n|-damage|p1a: Mienshao|220/244|[from] item: Life Orb\n|\n|upkeep\n|\n|t:|1783539214\n|switch|p2a: Munkidori|Munkidori, L79, M|100/100\n|-damage|p2a: Munkidori|88/100|[from] Spikes\n|turn|17\n|inactive|Time left: 300 sec this turn | 300 sec total\n|\n|t:|1783539215\n|move|p2a: Munkidori|Fake Out|p1a: Mienshao\n|-damage|p1a: Mienshao|192/244\n|cant|p1a: Mienshao|flinch\n|\n|upkeep\n|turn|18\n|inactive|Time left: 300 sec this turn | 300 sec total\n|\n|t:|1783539217\n|switch|p2a: Sunflora|Sunflora, F|100/100\n|-damage|p2a: Sunflora|88/100|[from] Spikes\n|move|p1a: Mienshao|Knock Off|p2a: Sunflora\n|-damage|p2a: Sunflora|48/100\n|-enditem|p2a: Sunflora|Life Orb|[from] move: Knock Off|[of] p1a: Mienshao\n|-damage|p1a: Mienshao|168/244|[from] item: Life Orb\n|\n|upkeep\n|turn|19\n|inactive|Time left: 300 sec this turn | 300 sec total\n|\n|t:|1783539218\n|move|p1a: Mienshao|Triple Axel|p2a: Sunflora\n|-supereffective|p2a: Sunflora\n|-damage|p2a: Sunflora|31/100\n|-supereffective|p2a: Sunflora\n|-damage|p2a: Sunflora|0 fnt\n|faint|p2a: Sunflora\n|-hitcount|p2: Sunflora|2\n|-damage|p1a: Mienshao|144/244|[from] item: Life Orb\n|\n|upkeep\n|\n|t:|1783539219\n|switch|p2a: Munkidori|Munkidori, L79, M|88/100\n|-damage|p2a: Munkidori|76/100|[from] Spikes\n|turn|20\n|inactive|Time left: 300 sec this turn | 300 sec total\n|\n|t:|1783539220\n|move|p2a: Munkidori|Fake Out|p1a: Mienshao\n|-damage|p1a: Mienshao|117/244\n|-status|p1a: Mienshao|tox|[from] ability: Toxic Chain|[of] p2a: Munkidori\n|cant|p1a: Mienshao|flinch\n|\n|-damage|p1a: Mienshao|102/244 tox|[from] psn\n|upkeep\n|turn|21\n|inactive|Time left: 300 sec this turn | 300 sec total\n|\n|t:|1783539221\n|-terastallize|p1a: Mienshao|Fighting\n|move|p1a: Mienshao|Knock Off|p2a: Munkidori\n|-supereffective|p2a: Munkidori\n|-damage|p2a: Munkidori|0 fnt\n|-enditem|p2a: Munkidori|Assault Vest|[from] move: Knock Off|[of] p1a: Mienshao\n|faint|p2a: Munkidori\n|-damage|p1a: Mienshao|78/244 tox|[from] item: Life Orb\n|\n|-damage|p1a: Mienshao|48/244 tox|[from] psn\n|upkeep\n|\n|t:|1783539222\n|switch|p2a: Squawkabilly|Squawkabilly, L85, M|48/100 brn\n|turn|22\n|inactive|Time left: 300 sec this turn | 300 sec total\n|\n|t:|1783539223\n|move|p2a: Squawkabilly|Protect|p2a: Squawkabilly\n|-singleturn|p2a: Squawkabilly|Protect\n|move|p1a: Mienshao|Knock Off|p2a: Squawkabilly\n|-activate|p2a: Squawkabilly|move: Protect\n|\n|-damage|p1a: Mienshao|3/244 tox|[from] psn\n|-damage|p2a: Squawkabilly|42/100 brn|[from] brn\n|upkeep\n|turn|23\n|inactive|Time left: 300 sec this turn | 300 sec total\n|\n|t:|1783539224\n|move|p2a: Squawkabilly|Quick Attack|p1a: Mienshao\n|-damage|p1a: Mienshao|0 fnt\n|faint|p1a: Mienshao\n|\n|-damage|p2a: Squawkabilly|35/100 brn|[from] brn\n|upkeep\n|inactive|Time left: 300 sec this turn | 300 sec total | 5 sec grace\n|\n|t:|1783539225\n|switch|p1a: Chansey|Chansey, L85, F|564/564\n|turn|24\n|inactive|Time left: 300 sec this turn | 300 sec total\n|\n|t:|1783539226\n|move|p2a: Squawkabilly|Facade|p1a: Chansey\n|-damage|p1a: Chansey|42/564\n|move|p1a: Chansey|Seismic Toss|p2a: Squawkabilly\n|-damage|p2a: Squawkabilly|5/100 brn\n|\n|-damage|p2a: Squawkabilly|0 fnt|[from] brn\n|faint|p2a: Squawkabilly\n|\n|win|p0x002ab06", "uploadtime": 1783539226, "views": 0, "rating": 0, "private": 0, "password": null, "_winner": "p0x002ab06", "_our_name": "p0x002ab06"}