{"id": "battle-gen9randombattle-86", "formatid": "gen9randombattle", "format": "[Gen 9] Random Battle", "players": ["p0x086aced", "p0y086f183"], "log": "|init|battle\n|title|p0x086aced vs. p0y086f183\n|j|\u2606p0x086aced\n|j|\u2606p0y086f183\n|t:|1783534779\n|gametype|singles\n|player|p1|p0x086aced|101|\n|player|p2|p0y086f183|265|\n|gen|9\n|tier|[Gen 9] Random Battle\n|rule|Species Clause: Limit one of each Pok\u00e9mon\n|rule|HP Percentage Mod: HP is shown in percentages\n|rule|Sleep Clause Mod: Limit one foe put to sleep\n|rule|Illusion Level Mod: Illusion disguises the Pok\u00e9mon's true level\n|\n|t:|1783534779\n|teamsize|p1|6\n|teamsize|p2|6\n|start\n|switch|p1a: Rillaboom|Rillaboom, L79, M|100/100\n|switch|p2a: Veluza|Veluza, L85, F|292/292\n|-fieldstart|move: Grassy Terrain|[from] ability: Grassy Surge|[of] p1a: Rillaboom\n|turn|1\n|inactive|Battle timer is ON: inactive players will automatically lose when time's up. (requested by p0y086f183)\n|inactive|p0x086aced also wants the timer to be on.\n|\n|t:|1783534781\n|switch|p2a: Wo-Chien|Wo-Chien, L83|277/277\n|-ability|p2a: Wo-Chien|Tablets of Ruin\n|move|p1a: Rillaboom|Wood Hammer|p2a: Wo-Chien\n|-resisted|p2a: Wo-Chien\n|-damage|p2a: Wo-Chien|193/277\n|-damage|p1a: Rillaboom|91/100|[from] Recoil\n|-damage|p1a: Rillaboom|81/100|[from] item: Life Orb\n|\n|-heal|p1a: Rillaboom|87/100|[from] Grassy Terrain\n|-heal|p2a: Wo-Chien|210/277|[from] Grassy Terrain\n|-heal|p2a: Wo-Chien|227/277|[from] item: Leftovers\n|upkeep\n|turn|2\n|inactive|Time left: 300 sec this turn | 300 sec total\n|\n|t:|1783534782\n|move|p1a: Rillaboom|Swords Dance|p1a: Rillaboom\n|-boost|p1a: Rillaboom|atk|2\n|move|p2a: Wo-Chien|Ruination|p1a: Rillaboom\n|-damage|p1a: Rillaboom|44/100\n|\n|-heal|p1a: Rillaboom|50/100|[from] Grassy Terrain\n|-heal|p2a: Wo-Chien|244/277|[from] Grassy Terrain\n|-heal|p2a: Wo-Chien|261/277|[from] item: Leftovers\n|upkeep\n|turn|3\n|inactive|Time left: 300 sec this turn | 300 sec total\n|\n|t:|1783534783\n|move|p1a: Rillaboom|Knock Off|p2a: Wo-Chien\n|-resisted|p2a: Wo-Chien\n|-damage|p2a: Wo-Chien|196/277\n|-enditem|p2a: Wo-Chien|Leftovers|[from] move: Knock Off|[of] p1a: Rillaboom\n|-damage|p1a: Rillaboom|40/100|[from] item: Life Orb\n|move|p2a: Wo-Chien|Knock Off|p1a: Rillaboom\n|-damage|p1a: Rillaboom|10/100\n|-enditem|p1a: Rillaboom|Life Orb|[from] move: Knock Off|[of] p2a: Wo-Chien\n|\n|-heal|p1a: Rillaboom|16/100|[from] Grassy Terrain\n|-heal|p2a: Wo-Chien|213/277|[from] Grassy Terrain\n|upkeep\n|turn|4\n|inactive|Time left: 300 sec this turn | 300 sec total\n|\n|t:|1783534784\n|move|p1a: Rillaboom|Wood Hammer|p2a: Wo-Chien\n|-resisted|p2a: Wo-Chien\n|-damage|p2a: Wo-Chien|92/277\n|-damage|p1a: Rillaboom|2/100|[from] Recoil\n|move|p2a: Wo-Chien|Knock Off|p1a: Rillaboom\n|-damage|p1a: Rillaboom|0 fnt\n|faint|p1a: Rillaboom\n|\n|-heal|p2a: Wo-Chien|109/277|[from] Grassy Terrain\n|upkeep\n|\n|t:|1783534785\n|switch|p1a: Rayquaza|Rayquaza, L72|100/100\n|-ability|p1a: Rayquaza|Air Lock\n|turn|5\n|inactive|Time left: 300 sec this turn | 300 sec total\n|\n|t:|1783534786\n|move|p1a: Rayquaza|Dragon Dance|p1a: Rayquaza\n|-boost|p1a: Rayquaza|atk|1\n|-boost|p1a: Rayquaza|spe|1\n|move|p2a: Wo-Chien|Ruination|p1a: Rayquaza\n|-damage|p1a: Rayquaza|50/100\n|\n|-heal|p2a: Wo-Chien|126/277|[from] Grassy Terrain\n|-fieldend|move: Grassy Terrain\n|upkeep\n|turn|6\n|inactive|Time left: 300 sec this turn | 300 sec total\n|\n|t:|1783534787\n|switch|p2a: Dedenne|Dedenne, L88, M|261/261\n|move|p1a: Rayquaza|Outrage|p2a: Dedenne\n|-immune|p2a: Dedenne\n|\n|upkeep\n|turn|7\n|inactive|Time left: 300 sec this turn | 300 sec total\n|\n|t:|1783534788\n|move|p1a: Rayquaza|Earthquake|p2a: Dedenne\n|-supereffective|p2a: Dedenne\n|-damage|p2a: Dedenne|0 fnt\n|faint|p2a: Dedenne\n|\n|upkeep\n|inactive|Time left: 300 sec this turn | 300 sec total | 5 sec grace\n|\n|t:|1783534789\n|switch|p2a: Wo-Chien|Wo-Chien, L83|126/277\n|-ability|p2a: Wo-Chien|Tablets of Ruin\n|turn|8\n|inactive|Time left: 300 sec this turn | 300 sec total\n|\n|t:|1783534790\n|move|p1a: Rayquaza|Outrage|p2a: Wo-Chien\n|-damage|p2a: Wo-Chien|0 fnt\n|faint|p2a: Wo-Chien\n|\n|upkeep\n|inactive|Time left: 300 sec this turn | 300 sec total | 5 sec grace\n|\n|t:|1783534791\n|switch|p2a: Veluza|Veluza, L85, F|292/292\n|turn|9\n|inactive|Time left: 300 sec this turn | 300 sec total\n|\n|t:|1783534792\n|move|p1a: Rayquaza|Outrage|p2a: Veluza|[from] lockedmove\n|-damage|p2a: Veluza|63/292\n|move|p2a: Veluza|Psycho Cut|p1a: Rayquaza\n|-crit|p1a: Rayquaza\n|-damage|p1a: Rayquaza|0 fnt\n|faint|p1a: Rayquaza\n|\n|upkeep\n|\n|t:|1783534792\n|switch|p1a: Necrozma|Necrozma-Dusk-Mane, L69|100/100\n|turn|10\n|inactive|Time left: 300 sec this turn | 300 sec total\n|\n|t:|1783534793\n|move|p2a: Veluza|Psycho Cut|p1a: Necrozma\n|-resisted|p1a: Necrozma\n|-damage|p1a: Necrozma|84/100\n|move|p1a: Necrozma|Dragon Dance|p1a: Necrozma\n|-boost|p1a: Necrozma|atk|1\n|-boost|p1a: Necrozma|spe|1\n|\n|upkeep\n|turn|11\n|inactive|Time left: 300 sec this turn | 300 sec total\n|\n|t:|1783534794\n|move|p1a: Necrozma|Dragon Dance|p1a: Necrozma\n|-boost|p1a: Necrozma|atk|1\n|-boost|p1a: Necrozma|spe|1\n|move|p2a: Veluza|Psycho Cut|p1a: Necrozma\n|-resisted|p1a: Necrozma\n|-damage|p1a: Necrozma|67/100\n|\n|upkeep\n|turn|12\n|inactive|Time left: 300 sec this turn | 300 sec total\n|\n|t:|1783534795\n|move|p1a: Necrozma|Sunsteel Strike|p2a: Veluza\n|-resisted|p2a: Veluza\n|-damage|p2a: Veluza|0 fnt\n|faint|p2a: Veluza\n|\n|upkeep\n|inactive|Time left: 300 sec this turn | 300 sec total | 5 sec grace\n|\n|t:|1783534796\n|switch|p2a: Grafaiai|Grafaiai, L86, M|249/249\n|turn|13\n|inactive|Time left: 300 sec this turn | 300 sec total\n|\n|t:|1783534797\n|move|p2a: Grafaiai|Parting Shot|p1a: Necrozma\n|-unboost|p1a: Necrozma|atk|1\n|-unboost|p1a: Necrozma|spa|1\n|inactive|Time left: 300 sec this turn | 300 sec total | 5 sec grace\n|\n|t:|1783534798\n|switch|p2a: Ditto|Ditto, L87|225/225|[from] Parting Shot\n|-transform|p2a: Ditto|p1a: Necrozma|[from] ability: Imposter\n|move|p1a: Necrozma|Sunsteel Strike|p2a: Ditto\n|-resisted|p2a: Ditto\n|-damage|p2a: Ditto|147/225\n|\n|upkeep\n|turn|14\n|inactive|Time left: 300 sec this turn | 300 sec total\n|\n|t:|1783534799\n|-terastallize|p1a: Necrozma|Water\n|move|p2a: Ditto|Sunsteel Strike|p1a: Necrozma\n|-resisted|p1a: Necrozma\n|-damage|p1a: Necrozma|32/100\n|move|p1a: Necrozma|Earthquake|p2a: Ditto\n|-supereffective|p2a: Ditto\n|-damage|p2a: Ditto|14/225\n|\n|upkeep\n|turn|15\n|inactive|Time left: 300 sec this turn | 300 sec total\n|\n|t:|1783534800\n|switch|p1a: Chandelure|Chandelure, L83, F|100/100\n|move|p2a: Ditto|Sunsteel Strike|p1a: Chandelure\n|-resisted|p1a: Chandelure\n|-damage|p1a: Chandelure|57/100\n|\n|-heal|p1a: Chandelure|63/100|[from] item: Leftovers\n|upkeep\n|turn|16\n|inactive|Time left: 300 sec this turn | 300 sec total\n|\n|t:|1783534801\n|move|p2a: Ditto|Sunsteel Strike|p1a: Chandelure\n|-resisted|p1a: Chandelure\n|-damage|p1a: Chandelure|20/100\n|move|p1a: Chandelure|Shadow Ball|p2a: Ditto\n|-supereffective|p2a: Ditto\n|-damage|p2a: Ditto|0 fnt\n|faint|p2a: Ditto\n|\n|-heal|p1a: Chandelure|26/100|[from] item: Leftovers\n|upkeep\n|inactive|Time left: 300 sec this turn | 300 sec total | 5 sec grace\n|\n|t:|1783534802\n|switch|p2a: Pikachu|Pikachu-Original, L93, M|216/216\n|turn|17\n|inactive|Time left: 300 sec this turn | 300 sec total\n|\n|t:|1783534803\n|switch|p1a: Snorlax|Snorlax, L82, F|100/100\n|move|p2a: Pikachu|Knock Off|p1a: Snorlax\n|-crit|p1a: Snorlax\n|-damage|p1a: Snorlax|42/100\n|-enditem|p1a: Snorlax|Leftovers|[from] move: Knock Off|[of] p2a: Pikachu\n|\n|upkeep\n|turn|18\n|inactive|Time left: 300 sec this turn | 300 sec total\n|\n|t:|1783534803\n|move|p2a: Pikachu|Volt Tackle|p1a: Snorlax\n|-crit|p1a: Snorlax\n|-damage|p1a: Snorlax|0 fnt\n|faint|p1a: Snorlax\n|-damage|p2a: Pikachu|161/216|[from] Recoil\n|\n|upkeep\n|\n|t:|1783534804\n|switch|p1a: Glalie|Glalie, L96, M|100/100\n|turn|19\n|inactive|Time left: 300 sec this turn | 300 sec total\n|\n|t:|1783534805\n|move|p2a: Pikachu|Volt Tackle|p1a: Glalie\n|-damage|p1a: Glalie|43/100\n|-damage|p2a: Pikachu|102/216|[from] Recoil\n|move|p1a: Glalie|Earthquake|p2a: Pikachu\n|-supereffective|p2a: Pikachu\n|-damage|p2a: Pikachu|0 fnt\n|faint|p2a: Pikachu\n|\n|upkeep\n|inactive|Time left: 300 sec this turn | 300 sec total | 5 sec grace\n|\n|t:|1783534806\n|switch|p2a: Grafaiai|Grafaiai, L86, M|249/249\n|turn|20\n|inactive|Time left: 300 sec this turn | 300 sec total\n|\n|t:|1783534807\n|-terastallize|p2a: Grafaiai|Dark\n|move|p2a: Grafaiai|Knock Off|p1a: Glalie\n|-damage|p1a: Glalie|8/100\n|-enditem|p1a: Glalie|Heavy-Duty Boots|[from] move: Knock Off|[of] p2a: Grafaiai\n|move|p1a: Glalie|Earthquake|p2a: Grafaiai\n|-damage|p2a: Grafaiai|156/249\n|\n|upkeep\n|turn|21\n|inactive|Time left: 300 sec this turn | 300 sec total\n|\n|t:|1783534808\n|move|p2a: Grafaiai|Knock Off|p1a: Glalie\n|-damage|p1a: Glalie|0 fnt\n|faint|p1a: Glalie\n|\n|upkeep\n|\n|t:|1783534809\n|switch|p1a: Chandelure|Chandelure, L83, F|26/100\n|turn|22\n|inactive|Time left: 300 sec this turn | 300 sec total\n|\n|t:|1783534810\n|move|p2a: Grafaiai|Gunk Shot|p1a: Chandelure\n|-resisted|p1a: Chandelure\n|-damage|p1a: Chandelure|0 fnt\n|faint|p1a: Chandelure\n|\n|upkeep\n|\n|t:|1783534810\n|switch|p1a: Necrozma|Necrozma-Dusk-Mane, L69, tera:Water|32/100\n|turn|23\n|inactive|Time left: 300 sec this turn | 300 sec total\n|\n|t:|1783534811\n|move|p2a: Grafaiai|Knock Off|p1a: Necrozma\n|-damage|p1a: Necrozma|0 fnt\n|-enditem|p1a: Necrozma|Weakness Policy|[from] move: Knock Off|[of] p2a: Grafaiai\n|faint|p1a: Necrozma\n|\n|win|p0y086f183", "uploadtime": 1783534811, "views": 0, "rating": 0, "private": 0, "password": null, "_winner": "p0y086f183", "_our_name": "p0y086f183"}