{"id": "battle-gen9randombattle-649", "formatid": "gen9randombattle", "format": "[Gen 9] Random Battle", "players": ["p0x6491fe9", "p0y649b992"], "log": "|init|battle\n|title|p0x6491fe9 vs. p0y649b992\n|j|\u2606p0x6491fe9\n|j|\u2606p0y649b992\n|t:|1783547348\n|gametype|singles\n|player|p1|p0x6491fe9|101|\n|player|p2|p0y649b992|2|\n|gen|9\n|tier|[Gen 9] Random Battle\n|rule|Species Clause: Limit one of each Pok\u00e9mon\n|rule|HP Percentage Mod: HP is shown in percentages\n|rule|Sleep Clause Mod: Limit one foe put to sleep\n|rule|Illusion Level Mod: Illusion disguises the Pok\u00e9mon's true level\n|\n|t:|1783547348\n|teamsize|p1|6\n|teamsize|p2|6\n|start\n|switch|p1a: Altaria|Altaria, L89, F|100/100\n|switch|p2a: Lunala|Lunala, L70|308/308\n|turn|1\n|inactive|Battle timer is ON: inactive players will automatically lose when time's up. (requested by p0y649b992)\n|inactive|p0x6491fe9 also wants the timer to be on.\n|\n|t:|1783547350\n|move|p1a: Altaria|Dragon Dance|p1a: Altaria\n|-boost|p1a: Altaria|atk|1\n|-boost|p1a: Altaria|spe|1\n|move|p2a: Lunala|Calm Mind|p2a: Lunala\n|-boost|p2a: Lunala|spa|1\n|-boost|p2a: Lunala|spd|1\n|\n|upkeep\n|turn|2\n|inactive|Time left: 300 sec this turn | 300 sec total\n|\n|t:|1783547351\n|move|p1a: Altaria|Dragon Dance|p1a: Altaria\n|-boost|p1a: Altaria|atk|1\n|-boost|p1a: Altaria|spe|1\n|move|p2a: Lunala|Moongeist Beam|p1a: Altaria\n|-damage|p1a: Altaria|55/100\n|\n|upkeep\n|turn|3\n|inactive|Time left: 300 sec this turn | 300 sec total\n|\n|t:|1783547352\n|move|p1a: Altaria|Roost|p1a: Altaria\n|-heal|p1a: Altaria|100/100\n|-singleturn|p1a: Altaria|move: Roost\n|move|p2a: Lunala|Moongeist Beam|p1a: Altaria\n|-damage|p1a: Altaria|57/100\n|\n|upkeep\n|turn|4\n|inactive|Time left: 300 sec this turn | 300 sec total\n|\n|t:|1783547353\n|move|p1a: Altaria|Roost|p1a: Altaria\n|-heal|p1a: Altaria|100/100\n|-singleturn|p1a: Altaria|move: Roost\n|move|p2a: Lunala|Moongeist Beam|p1a: Altaria\n|-damage|p1a: Altaria|54/100\n|\n|upkeep\n|turn|5\n|inactive|Time left: 300 sec this turn | 300 sec total\n|\n|t:|1783547354\n|move|p1a: Altaria|Roost|p1a: Altaria\n|-heal|p1a: Altaria|100/100\n|-singleturn|p1a: Altaria|move: Roost\n|move|p2a: Lunala|Moongeist Beam|p1a: Altaria\n|-damage|p1a: Altaria|55/100\n|\n|upkeep\n|turn|6\n|inactive|Time left: 300 sec this turn | 300 sec total\n|\n|t:|1783547355\n|move|p1a: Altaria|Roost|p1a: Altaria\n|-heal|p1a: Altaria|100/100\n|-singleturn|p1a: Altaria|move: Roost\n|move|p2a: Lunala|Moongeist Beam|p1a: Altaria\n|-damage|p1a: Altaria|55/100\n|\n|upkeep\n|turn|7\n|inactive|Time left: 300 sec this turn | 300 sec total\n|\n|t:|1783547356\n|move|p1a: Altaria|Roost|p1a: Altaria\n|-heal|p1a: Altaria|100/100\n|-singleturn|p1a: Altaria|move: Roost\n|move|p2a: Lunala|Moongeist Beam|p1a: Altaria\n|-damage|p1a: Altaria|54/100\n|\n|upkeep\n|turn|8\n|inactive|Time left: 300 sec this turn | 300 sec total\n|\n|t:|1783547357\n|move|p1a: Altaria|Roost|p1a: Altaria\n|-heal|p1a: Altaria|100/100\n|-singleturn|p1a: Altaria|move: Roost\n|move|p2a: Lunala|Moongeist Beam|p1a: Altaria\n|-damage|p1a: Altaria|58/100\n|\n|upkeep\n|turn|9\n|inactive|Time left: 300 sec this turn | 300 sec total\n|\n|t:|1783547358\n|move|p1a: Altaria|Roost|p1a: Altaria\n|-heal|p1a: Altaria|100/100\n|-singleturn|p1a: Altaria|move: Roost\n|move|p2a: Lunala|Psyshock|p1a: Altaria\n|-damage|p1a: Altaria|59/100\n|\n|upkeep\n|turn|10\n|inactive|Time left: 300 sec this turn | 300 sec total\n|\n|t:|1783547359\n|move|p1a: Altaria|Roost|p1a: Altaria\n|-heal|p1a: Altaria|100/100\n|-singleturn|p1a: Altaria|move: Roost\n|move|p2a: Lunala|Moongeist Beam|p1a: Altaria\n|-damage|p1a: Altaria|55/100\n|\n|upkeep\n|turn|11\n|inactive|Time left: 300 sec this turn | 300 sec total\n|\n|t:|1783547360\n|move|p1a: Altaria|Earthquake|p2a: Lunala\n|-damage|p2a: Lunala|230/308\n|move|p2a: Lunala|Psyshock|p1a: Altaria\n|-damage|p1a: Altaria|14/100\n|\n|-heal|p2a: Lunala|249/308|[from] item: Leftovers\n|upkeep\n|turn|12\n|inactive|Time left: 300 sec this turn | 300 sec total\n|\n|t:|1783547361\n|switch|p2a: Slaking|Slaking, L84, M|389/389\n|move|p1a: Altaria|Brave Bird|p2a: Slaking\n|-damage|p2a: Slaking|181/389\n|-damage|p1a: Altaria|0 fnt|[from] Recoil\n|faint|p1a: Altaria\n|\n|upkeep\n|\n|t:|1783547363\n|switch|p1a: Azelf|Azelf, L82|100/100\n|turn|13\n|inactive|Time left: 300 sec this turn | 300 sec total\n|\n|t:|1783547364\n|move|p2a: Slaking|Giga Impact|p1a: Azelf|[miss]\n|-miss|p2a: Slaking|p1a: Azelf\n|move|p1a: Azelf|Psychic|p2a: Slaking\n|-damage|p2a: Slaking|0 fnt\n|faint|p2a: Slaking\n|\n|upkeep\n|inactive|Time left: 300 sec this turn | 300 sec total | 5 sec grace\n|\n|t:|1783547365\n|switch|p2a: Falinks|Falinks, L84|246/246\n|turn|14\n|inactive|Time left: 300 sec this turn | 300 sec total\n|\n|t:|1783547366\n|-terastallize|p2a: Falinks|Dark\n|move|p1a: Azelf|Psychic|p2a: Falinks\n|-immune|p2a: Falinks\n|move|p2a: Falinks|No Retreat|p2a: Falinks\n|-boost|p2a: Falinks|atk|1\n|-boost|p2a: Falinks|def|1\n|-boost|p2a: Falinks|spa|1\n|-boost|p2a: Falinks|spd|1\n|-boost|p2a: Falinks|spe|1\n|-start|p2a: Falinks|move: No Retreat\n|\n|upkeep\n|turn|15\n|inactive|Time left: 300 sec this turn | 300 sec total\n|\n|t:|1783547367\n|switch|p1a: Dunsparce|Dunsparce, L86, F|100/100\n|move|p2a: Falinks|Knock Off|p1a: Dunsparce\n|-damage|p1a: Dunsparce|53/100\n|-enditem|p1a: Dunsparce|Eviolite|[from] move: Knock Off|[of] p2a: Falinks\n|-damage|p2a: Falinks|222/246|[from] item: Life Orb\n|\n|upkeep\n|turn|16\n|inactive|Time left: 300 sec this turn | 300 sec total\n|\n|t:|1783547369\n|move|p2a: Falinks|Knock Off|p1a: Dunsparce\n|-damage|p1a: Dunsparce|0 fnt\n|faint|p1a: Dunsparce\n|-damage|p2a: Falinks|198/246|[from] item: Life Orb\n|\n|upkeep\n|\n|t:|1783547370\n|switch|p1a: Iron Valiant|Iron Valiant, L78|100/100\n|turn|17\n|inactive|Time left: 300 sec this turn | 300 sec total\n|\n|t:|1783547371\n|move|p2a: Falinks|Iron Head|p1a: Iron Valiant\n|-supereffective|p1a: Iron Valiant\n|-damage|p1a: Iron Valiant|0 fnt\n|faint|p1a: Iron Valiant\n|-end|p1a: Iron Valiant|Quark Drive|[silent]\n|-damage|p2a: Falinks|174/246|[from] item: Life Orb\n|\n|upkeep\n|\n|t:|1783547372\n|switch|p1a: Rotom|Rotom-Wash, L82|100/100\n|turn|18\n|inactive|Time left: 300 sec this turn | 300 sec total\n|\n|t:|1783547373\n|move|p2a: Falinks|Close Combat|p1a: Rotom\n|-damage|p1a: Rotom|0 fnt\n|-unboost|p2a: Falinks|def|1\n|-unboost|p2a: Falinks|spd|1\n|faint|p1a: Rotom\n|-damage|p2a: Falinks|150/246|[from] item: Life Orb\n|\n|upkeep\n|\n|t:|1783547374\n|switch|p1a: Azelf|Azelf, L82|100/100\n|turn|19\n|inactive|Time left: 300 sec this turn | 300 sec total\n|\n|t:|1783547375\n|-terastallize|p1a: Azelf|Fire\n|move|p2a: Falinks|Knock Off|p1a: Azelf\n|-damage|p1a: Azelf|9/100\n|-enditem|p1a: Azelf|Choice Specs|[from] move: Knock Off|[of] p2a: Falinks\n|-damage|p2a: Falinks|126/246|[from] item: Life Orb\n|move|p1a: Azelf|Dazzling Gleam|p2a: Falinks\n|-supereffective|p2a: Falinks\n|-damage|p2a: Falinks|0 fnt\n|faint|p2a: Falinks\n|\n|upkeep\n|inactive|Time left: 300 sec this turn | 300 sec total | 5 sec grace\n|\n|t:|1783547376\n|switch|p2a: Lunala|Lunala, L70|249/308\n|turn|20\n|inactive|Time left: 300 sec this turn | 300 sec total\n|\n|t:|1783547377\n|move|p1a: Azelf|Fire Blast|p2a: Lunala|[miss]\n|-miss|p1a: Azelf|p2a: Lunala\n|move|p2a: Lunala|Calm Mind|p2a: Lunala\n|-boost|p2a: Lunala|spa|1\n|-boost|p2a: Lunala|spd|1\n|\n|-heal|p2a: Lunala|268/308|[from] item: Leftovers\n|upkeep\n|turn|21\n|inactive|Time left: 300 sec this turn | 300 sec total\n|\n|t:|1783547378\n|move|p1a: Azelf|Fire Blast|p2a: Lunala\n|-damage|p2a: Lunala|184/308\n|move|p2a: Lunala|Psyshock|p1a: Azelf\n|-damage|p1a: Azelf|0 fnt\n|faint|p1a: Azelf\n|\n|-heal|p2a: Lunala|203/308|[from] item: Leftovers\n|upkeep\n|\n|t:|1783547379\n|switch|p1a: Hitmontop|Hitmontop, L88, M|100/100\n|-ability|p1a: Hitmontop|Intimidate|boost\n|-unboost|p2a: Lunala|atk|1\n|turn|22\n|inactive|Time left: 300 sec this turn | 300 sec total\n|\n|t:|1783547380\n|move|p2a: Lunala|Psyshock|p1a: Hitmontop\n|-supereffective|p1a: Hitmontop\n|-damage|p1a: Hitmontop|12/100\n|move|p1a: Hitmontop|Stone Edge|p2a: Lunala\n|-damage|p2a: Lunala|105/308\n|\n|-heal|p2a: Lunala|124/308|[from] item: Leftovers\n|upkeep\n|turn|23\n|inactive|Time left: 300 sec this turn | 300 sec total\n|\n|t:|1783547381\n|move|p1a: Hitmontop|Sucker Punch|p2a: Lunala\n|-supereffective|p2a: Lunala\n|-damage|p2a: Lunala|0 fnt\n|faint|p2a: Lunala\n|\n|upkeep\n|inactive|Time left: 300 sec this turn | 300 sec total | 5 sec grace\n|\n|t:|1783547382\n|switch|p2a: Scyther|Scyther, L82, M|249/249\n|turn|24\n|inactive|Time left: 300 sec this turn | 300 sec total\n|\n|t:|1783547382\n|move|p1a: Hitmontop|Sucker Punch|p2a: Scyther\n|-damage|p2a: Scyther|190/249\n|move|p2a: Scyther|Bug Bite|p1a: Hitmontop\n|-resisted|p1a: Hitmontop\n|-damage|p1a: Hitmontop|0 fnt\n|faint|p1a: Hitmontop\n|\n|win|p0y649b992", "uploadtime": 1783547382, "views": 0, "rating": 0, "private": 0, "password": null, "_winner": "p0y649b992", "_our_name": "p0y649b992"}