{"id": "battle-gen9randombattle-50", "formatid": "gen9randombattle", "format": "[Gen 9] Random Battle", "players": ["p0x0503992", "p0y05044b0"], "log": "|init|battle\n|title|p0x0503992 vs. p0y05044b0\n|j|\u2606p0x0503992\n|j|\u2606p0y05044b0\n|t:|1783540022\n|gametype|singles\n|player|p1|p0x0503992|265|\n|player|p2|p0y05044b0|2|\n|gen|9\n|tier|[Gen 9] Random Battle\n|rule|Species Clause: Limit one of each Pok\u00e9mon\n|rule|HP Percentage Mod: HP is shown in percentages\n|rule|Sleep Clause Mod: Limit one foe put to sleep\n|rule|Illusion Level Mod: Illusion disguises the Pok\u00e9mon's true level\n|\n|t:|1783540022\n|teamsize|p1|6\n|teamsize|p2|6\n|start\n|switch|p1a: Iron Leaves|Iron Leaves, L80|275/275\n|switch|p2a: Gumshoos|Gumshoos, L95, F|100/100\n|turn|1\n|inactive|Battle timer is ON: inactive players will automatically lose when time's up. (requested by p0x0503992)\n|inactive|p0y05044b0 also wants the timer to be on.\n|\n|t:|1783540024\n|-terastallize|p1a: Iron Leaves|Fighting\n|move|p1a: Iron Leaves|Close Combat|p2a: Gumshoos\n|-supereffective|p2a: Gumshoos\n|-damage|p2a: Gumshoos|0 fnt\n|-unboost|p1a: Iron Leaves|def|1\n|-unboost|p1a: Iron Leaves|spd|1\n|faint|p2a: Gumshoos\n|-damage|p1a: Iron Leaves|248/275|[from] item: Life Orb\n|\n|upkeep\n|\n|t:|1783540025\n|switch|p2a: Lilligant|Lilligant, L86, F|100/100\n|turn|2\n|inactive|Time left: 300 sec this turn | 300 sec total\n|\n|t:|1783540026\n|-end|p1a: Iron Leaves|Quark Drive|[silent]\n|switch|p1a: Victreebel|Victreebel, L90, M|290/290\n|move|p2a: Lilligant|Quiver Dance|p2a: Lilligant\n|-boost|p2a: Lilligant|spa|1\n|-boost|p2a: Lilligant|spd|1\n|-boost|p2a: Lilligant|spe|1\n|\n|upkeep\n|turn|3\n|inactive|Time left: 300 sec this turn | 300 sec total\n|\n|t:|1783540028\n|move|p2a: Lilligant|Quiver Dance|p2a: Lilligant\n|-boost|p2a: Lilligant|spa|1\n|-boost|p2a: Lilligant|spd|1\n|-boost|p2a: Lilligant|spe|1\n|move|p1a: Victreebel|Sludge Wave|p2a: Lilligant\n|-supereffective|p2a: Lilligant\n|-damage|p2a: Lilligant|32/100\n|-damage|p1a: Victreebel|261/290|[from] item: Life Orb\n|\n|upkeep\n|turn|4\n|inactive|Time left: 300 sec this turn | 300 sec total\n|\n|t:|1783540029\n|move|p2a: Lilligant|Petal Dance|p1a: Victreebel\n|-resisted|p1a: Victreebel\n|-damage|p1a: Victreebel|152/290\n|-damage|p2a: Lilligant|22/100|[from] item: Life Orb\n|move|p1a: Victreebel|Sludge Wave|p2a: Lilligant\n|-supereffective|p2a: Lilligant\n|-damage|p2a: Lilligant|0 fnt\n|faint|p2a: Lilligant\n|-damage|p1a: Victreebel|123/290|[from] item: Life Orb\n|\n|upkeep\n|\n|t:|1783540031\n|switch|p2a: Sableye|Sableye, L88, F|100/100\n|turn|5\n|inactive|Time left: 300 sec this turn | 300 sec total\n|\n|t:|1783540032\n|move|p1a: Victreebel|Power Whip|p2a: Sableye\n|-damage|p2a: Sableye|2/100\n|-damage|p1a: Victreebel|94/290|[from] item: Life Orb\n|move|p2a: Sableye|Knock Off|p1a: Victreebel\n|-damage|p1a: Victreebel|0 fnt\n|-enditem|p1a: Victreebel|Life Orb|[from] move: Knock Off|[of] p2a: Sableye\n|faint|p1a: Victreebel\n|\n|-heal|p2a: Sableye|8/100|[from] item: Leftovers\n|upkeep\n|inactive|Time left: 300 sec this turn | 300 sec total | 5 sec grace\n|\n|t:|1783540033\n|switch|p1a: Minior|Minior-Yellow, L79|224/224\n|-formechange|p1a: Minior|Minior-Meteor||[from] ability: Shields Down\n|turn|6\n|inactive|Time left: 300 sec this turn | 300 sec total\n|\n|t:|1783540034\n|move|p2a: Sableye|Recover|p2a: Sableye\n|-heal|p2a: Sableye|59/100\n|move|p1a: Minior|Shell Smash|p1a: Minior\n|-unboost|p1a: Minior|def|1\n|-unboost|p1a: Minior|spd|1\n|-boost|p1a: Minior|atk|2\n|-boost|p1a: Minior|spa|2\n|-boost|p1a: Minior|spe|2\n|-enditem|p1a: Minior|White Herb\n|-clearnegativeboost|p1a: Minior|[silent]\n|\n|-heal|p2a: Sableye|65/100|[from] item: Leftovers\n|upkeep\n|turn|7\n|inactive|Time left: 300 sec this turn | 300 sec total\n|\n|t:|1783540035\n|move|p2a: Sableye|Encore|p1a: Minior\n|-start|p1a: Minior|Encore\n|move|p1a: Minior|Shell Smash|p1a: Minior\n|-unboost|p1a: Minior|def|1\n|-unboost|p1a: Minior|spd|1\n|-boost|p1a: Minior|atk|2\n|-boost|p1a: Minior|spa|2\n|-boost|p1a: Minior|spe|2\n|\n|-heal|p2a: Sableye|71/100|[from] item: Leftovers\n|upkeep\n|turn|8\n|inactive|Time left: 300 sec this turn | 300 sec total\n|\n|t:|1783540036\n|switch|p1a: Raikou|Raikou, L81|278/278\n|-ability|p1a: Raikou|Pressure\n|move|p2a: Sableye|Knock Off|p1a: Raikou\n|-damage|p1a: Raikou|170/278\n|-enditem|p1a: Raikou|Heavy-Duty Boots|[from] move: Knock Off|[of] p2a: Sableye\n|\n|-heal|p2a: Sableye|77/100|[from] item: Leftovers\n|upkeep\n|turn|9\n|inactive|Time left: 300 sec this turn | 300 sec total\n|\n|t:|1783540037\n|switch|p2a: Toedscruel|Toedscruel, L87, M|100/100\n|move|p1a: Raikou|Thunderbolt|p2a: Toedscruel\n|-immune|p2a: Toedscruel\n|\n|upkeep\n|turn|10\n|inactive|Time left: 300 sec this turn | 300 sec total\n|\n|t:|1783540038\n|switch|p1a: Minior|Minior-Yellow, L79|224/224\n|-formechange|p1a: Minior|Minior-Meteor||[from] ability: Shields Down\n|move|p2a: Toedscruel|Earth Power|p1a: Minior\n|-immune|p1a: Minior\n|\n|upkeep\n|turn|11\n|inactive|Time left: 300 sec this turn | 300 sec total\n|\n|t:|1783540040\n|switch|p2a: Magearna|Magearna-Original, L77|100/100\n|move|p1a: Minior|Acrobatics|p2a: Magearna\n|-resisted|p2a: Magearna\n|-damage|p2a: Magearna|88/100\n|\n|-heal|p2a: Magearna|94/100|[from] item: Leftovers\n|upkeep\n|turn|12\n|inactive|Time left: 300 sec this turn | 300 sec total\n|\n|t:|1783540041\n|switch|p1a: Raikou|Raikou, L81|170/278\n|-ability|p1a: Raikou|Pressure\n|move|p2a: Magearna|Flash Cannon|p1a: Raikou\n|-resisted|p1a: Raikou\n|-damage|p1a: Raikou|127/278\n|\n|-heal|p2a: Magearna|100/100|[from] item: Leftovers\n|upkeep\n|turn|13\n|inactive|Time left: 300 sec this turn | 300 sec total\n|\n|t:|1783540042\n|move|p1a: Raikou|Calm Mind|p1a: Raikou\n|-boost|p1a: Raikou|spa|1\n|-boost|p1a: Raikou|spd|1\n|move|p2a: Magearna|Aura Sphere|p1a: Raikou\n|-damage|p1a: Raikou|89/278\n|\n|upkeep\n|turn|14\n|inactive|Time left: 300 sec this turn | 300 sec total\n|\n|t:|1783540043\n|switch|p2a: Toedscruel|Toedscruel, L87, M|100/100\n|move|p1a: Raikou|Calm Mind|p1a: Raikou\n|-boost|p1a: Raikou|spa|1\n|-boost|p1a: Raikou|spd|1\n|\n|upkeep\n|turn|15\n|inactive|Time left: 300 sec this turn | 300 sec total\n|\n|t:|1783540044\n|move|p1a: Raikou|Scald|p2a: Toedscruel\n|-damage|p2a: Toedscruel|71/100\n|move|p2a: Toedscruel|Earth Power|p1a: Raikou\n|-supereffective|p1a: Raikou\n|-damage|p1a: Raikou|0 fnt\n|faint|p1a: Raikou\n|\n|-heal|p2a: Toedscruel|77/100|[from] item: Leftovers\n|upkeep\n|inactive|Time left: 300 sec this turn | 300 sec total | 5 sec grace\n|\n|t:|1783540045\n|switch|p1a: Minior|Minior-Yellow, L79|224/224\n|-formechange|p1a: Minior|Minior-Meteor||[from] ability: Shields Down\n|turn|16\n|inactive|Time left: 300 sec this turn | 300 sec total\n|\n|t:|1783540046\n|switch|p2a: Magearna|Magearna-Original, L77|100/100\n|move|p1a: Minior|Shell Smash|p1a: Minior\n|-unboost|p1a: Minior|def|1\n|-unboost|p1a: Minior|spd|1\n|-boost|p1a: Minior|atk|2\n|-boost|p1a: Minior|spa|2\n|-boost|p1a: Minior|spe|2\n|\n|upkeep\n|turn|17\n|inactive|Time left: 300 sec this turn | 300 sec total\n|\n|t:|1783540047\n|switch|p1a: Iron Leaves|Iron Leaves, L80, tera:Fighting|248/275\n|move|p2a: Magearna|Flash Cannon|p1a: Iron Leaves\n|-damage|p1a: Iron Leaves|164/275\n|\n|upkeep\n|turn|18\n|inactive|Time left: 300 sec this turn | 300 sec total\n|\n|t:|1783540048\n|move|p1a: Iron Leaves|Close Combat|p2a: Magearna\n|-damage|p2a: Magearna|29/100\n|-unboost|p1a: Iron Leaves|def|1\n|-unboost|p1a: Iron Leaves|spd|1\n|-damage|p1a: Iron Leaves|137/275|[from] item: Life Orb\n|move|p2a: Magearna|Fleur Cannon|p1a: Iron Leaves\n|-supereffective|p1a: Iron Leaves\n|-damage|p1a: Iron Leaves|0 fnt\n|-unboost|p2a: Magearna|spa|2\n|faint|p1a: Iron Leaves\n|-ability|p2a: Magearna|Soul-Heart|boost\n|-boost|p2a: Magearna|spa|1\n|-end|p1a: Iron Leaves|Quark Drive|[silent]\n|\n|-heal|p2a: Magearna|35/100|[from] item: Leftovers\n|upkeep\n|inactive|Time left: 300 sec this turn | 300 sec total | 5 sec grace\n|\n|t:|1783540048\n|switch|p1a: Minior|Minior-Yellow, L79|224/224\n|-formechange|p1a: Minior|Minior-Meteor||[from] ability: Shields Down\n|turn|19\n|inactive|Time left: 300 sec this turn | 300 sec total\n|\n|t:|1783540049\n|switch|p2a: Dondozo|Dondozo, L78, M|100/100\n|move|p1a: Minior|Shell Smash|p1a: Minior\n|-unboost|p1a: Minior|def|1\n|-unboost|p1a: Minior|spd|1\n|-boost|p1a: Minior|atk|2\n|-boost|p1a: Minior|spa|2\n|-boost|p1a: Minior|spe|2\n|\n|upkeep\n|turn|20\n|inactive|Time left: 300 sec this turn | 300 sec total\n|\n|t:|1783540050\n|move|p1a: Minior|Acrobatics|p2a: Dondozo\n|-damage|p2a: Dondozo|81/100\n|move|p2a: Dondozo|Wave Crash|p1a: Minior\n|-supereffective|p1a: Minior\n|-damage|p1a: Minior|6/224\n|-damage|p2a: Dondozo|62/100|[from] Recoil\n|\n|-heal|p2a: Dondozo|68/100|[from] item: Leftovers\n|-formechange|p1a: Minior|Minior-Yellow||[from] ability: Shields Down\n|upkeep\n|turn|21\n|inactive|Time left: 300 sec this turn | 300 sec total\n|\n|t:|1783540051\n|move|p1a: Minior|Acrobatics|p2a: Dondozo\n|-damage|p2a: Dondozo|42/100\n|move|p2a: Dondozo|Wave Crash|p1a: Minior\n|-supereffective|p1a: Minior\n|-damage|p1a: Minior|0 fnt\n|faint|p1a: Minior\n|-damage|p2a: Dondozo|41/100|[from] Recoil\n|\n|-heal|p2a: Dondozo|47/100|[from] item: Leftovers\n|upkeep\n|inactive|Time left: 300 sec this turn | 300 sec total | 5 sec grace\n|\n|t:|1783540052\n|switch|p1a: Sableye|Sableye, L88, M|231/231\n|turn|22\n|inactive|Time left: 300 sec this turn | 300 sec total\n|\n|t:|1783540053\n|move|p1a: Sableye|Knock Off|p2a: Dondozo\n|-damage|p2a: Dondozo|26/100\n|-enditem|p2a: Dondozo|Leftovers|[from] move: Knock Off|[of] p1a: Sableye\n|move|p2a: Dondozo|Rest|p2a: Dondozo\n|-status|p2a: Dondozo|slp|[from] move: Rest\n|-heal|p2a: Dondozo|100/100 slp|[silent]\n|\n|upkeep\n|turn|23\n|inactive|Time left: 300 sec this turn | 300 sec total\n|\n|t:|1783540054\n|move|p1a: Sableye|Knock Off|p2a: Dondozo\n|-damage|p2a: Dondozo|84/100 slp\n|cant|p2a: Dondozo|slp\n|move|p2a: Dondozo|Sleep Talk|p2a: Dondozo\n|move|p2a: Dondozo|Rest||[from] move: Sleep Talk|[still]\n|-fail|p2a: Dondozo\n|\n|upkeep\n|turn|24\n|inactive|Time left: 300 sec this turn | 300 sec total\n|\n|t:|1783540055\n|move|p1a: Sableye|Knock Off|p2a: Dondozo\n|-damage|p2a: Dondozo|67/100 slp\n|cant|p2a: Dondozo|slp\n|move|p2a: Dondozo|Sleep Talk|p2a: Dondozo\n|move|p2a: Dondozo|Wave Crash|p1a: Sableye|[from] move: Sleep Talk\n|-damage|p1a: Sableye|107/231\n|-damage|p2a: Dondozo|56/100 slp|[from] Recoil\n|\n|-heal|p1a: Sableye|121/231|[from] item: Leftovers\n|upkeep\n|turn|25\n|inactive|Time left: 300 sec this turn | 300 sec total\n|\n|t:|1783540056\n|move|p1a: Sableye|Recover|p1a: Sableye\n|-heal|p1a: Sableye|231/231\n|-curestatus|p2a: Dondozo|slp|[msg]\n|move|p2a: Dondozo|Wave Crash|p1a: Sableye\n|-damage|p1a: Sableye|111/231\n|-damage|p2a: Dondozo|45/100|[from] Recoil\n|\n|-heal|p1a: Sableye|125/231|[from] item: Leftovers\n|upkeep\n|turn|26\n|inactive|Time left: 300 sec this turn | 300 sec total\n|\n|t:|1783540057\n|move|p1a: Sableye|Recover|p1a: Sableye\n|-heal|p1a: Sableye|231/231\n|move|p2a: Dondozo|Wave Crash|p1a: Sableye\n|-damage|p1a: Sableye|113/231\n|-damage|p2a: Dondozo|34/100|[from] Recoil\n|\n|-heal|p1a: Sableye|127/231|[from] item: Leftovers\n|upkeep\n|turn|27\n|inactive|Time left: 300 sec this turn | 300 sec total\n|\n|t:|1783540058\n|move|p1a: Sableye|Recover|p1a: Sableye\n|-heal|p1a: Sableye|231/231\n|move|p2a: Dondozo|Wave Crash|p1a: Sableye\n|-damage|p1a: Sableye|99/231\n|-damage|p2a: Dondozo|22/100|[from] Recoil\n|\n|-heal|p1a: Sableye|113/231|[from] item: Leftovers\n|upkeep\n|turn|28\n|inactive|Time left: 300 sec this turn | 300 sec total\n|\n|t:|1783540059\n|move|p1a: Sableye|Recover|p1a: Sableye\n|-heal|p1a: Sableye|229/231\n|move|p2a: Dondozo|Rest|p2a: Dondozo\n|-status|p2a: Dondozo|slp|[from] move: Rest\n|-heal|p2a: Dondozo|100/100 slp|[silent]\n|\n|-heal|p1a: Sableye|231/231|[from] item: Leftovers\n|upkeep\n|turn|29\n|inactive|Time left: 300 sec this turn | 300 sec total\n|\n|t:|1783540060\n|move|p1a: Sableye|Knock Off|p2a: Dondozo\n|-damage|p2a: Dondozo|86/100 slp\n|cant|p2a: Dondozo|slp\n|move|p2a: Dondozo|Sleep Talk|p2a: Dondozo\n|move|p2a: Dondozo|Rest||[from] move: Sleep Talk|[still]\n|-fail|p2a: Dondozo\n|\n|upkeep\n|turn|30\n|inactive|Time left: 300 sec this turn | 300 sec total\n|\n|t:|1783540061\n|move|p1a: Sableye|Knock Off|p2a: Dondozo\n|-damage|p2a: Dondozo|70/100 slp\n|cant|p2a: Dondozo|slp\n|move|p2a: Dondozo|Sleep Talk|p2a: Dondozo\n|move|p2a: Dondozo|Curse|p2a: Dondozo|[from] move: Sleep Talk\n|-unboost|p2a: Dondozo|spe|1\n|-boost|p2a: Dondozo|atk|1\n|-boost|p2a: Dondozo|def|1\n|\n|upkeep\n|turn|31\n|inactive|Time left: 300 sec this turn | 300 sec total\n|\n|t:|1783540062\n|move|p1a: Sableye|Encore||[still]\n|-fail|p1a: Sableye\n|-curestatus|p2a: Dondozo|slp|[msg]\n|move|p2a: Dondozo|Wave Crash|p1a: Sableye\n|-damage|p1a: Sableye|42/231\n|-damage|p2a: Dondozo|53/100|[from] Recoil\n|\n|-heal|p1a: Sableye|56/231|[from] item: Leftovers\n|upkeep\n|turn|32\n|inactive|Time left: 300 sec this turn | 300 sec total\n|\n|t:|1783540063\n|move|p1a: Sableye|Thunder Wave|p2a: Dondozo\n|-status|p2a: Dondozo|par\n|move|p2a: Dondozo|Wave Crash|p1a: Sableye\n|-damage|p1a: Sableye|0 fnt\n|faint|p1a: Sableye\n|-damage|p2a: Dondozo|48/100 par|[from] Recoil\n|\n|upkeep\n|inactive|Time left: 300 sec this turn | 300 sec total | 5 sec grace\n|\n|t:|1783540064\n|switch|p1a: Ditto|Ditto, L87|225/225\n|-transform|p1a: Ditto|p2a: Dondozo|[from] ability: Imposter\n|turn|33\n|inactive|Time left: 300 sec this turn | 300 sec total\n|\n|t:|1783540065\n|switch|p2a: Toedscruel|Toedscruel, L87, M|77/100\n|move|p1a: Ditto|Sleep Talk||[still]\n|-fail|p1a: Ditto\n|\n|-heal|p2a: Toedscruel|83/100|[from] item: Leftovers\n|upkeep\n|turn|34\n|inactive|Time left: 300 sec this turn | 300 sec total\n|\n|t:|1783540066\n|-terastallize|p2a: Toedscruel|Water\n|move|p2a: Toedscruel|Leaf Storm|p1a: Ditto\n|-supereffective|p1a: Ditto\n|-damage|p1a: Ditto|0 fnt\n|-unboost|p2a: Toedscruel|spa|2\n|faint|p1a: Ditto\n|\n|win|p0y05044b0", "uploadtime": 1783540066, "views": 0, "rating": 0, "private": 0, "password": null, "_winner": "p0y05044b0", "_our_name": "p0x0503992"}