{"id": "battle-gen9randombattle-101", "formatid": "gen9randombattle", "format": "[Gen 9] Random Battle", "players": ["p0x102753c", "p0y10224f2"], "log": "|init|battle\n|title|p0x102753c vs. p0y10224f2\n|j|\u2606p0x102753c\n|j|\u2606p0y10224f2\n|t:|1783534946\n|gametype|singles\n|player|p1|p0x102753c|102|\n|player|p2|p0y10224f2|1|\n|gen|9\n|tier|[Gen 9] Random Battle\n|rule|Species Clause: Limit one of each Pok\u00e9mon\n|rule|HP Percentage Mod: HP is shown in percentages\n|rule|Sleep Clause Mod: Limit one foe put to sleep\n|rule|Illusion Level Mod: Illusion disguises the Pok\u00e9mon's true level\n|\n|t:|1783534946\n|teamsize|p1|6\n|teamsize|p2|6\n|start\n|switch|p1a: Ariados|Ariados, L95, F|287/287\n|switch|p2a: Cloyster|Cloyster, L80, M|100/100\n|turn|1\n|inactive|Battle timer is ON: inactive players will automatically lose when time's up. (requested by p0y10224f2)\n|inactive|Time left: 300 sec this turn | 300 sec total | 60 sec grace\n|inactive|p0x102753c also wants the timer to be on.\n|\n|t:|1783534948\n|move|p2a: Cloyster|Shell Smash|p2a: Cloyster\n|-unboost|p2a: Cloyster|def|1\n|-unboost|p2a: Cloyster|spd|1\n|-boost|p2a: Cloyster|atk|2\n|-boost|p2a: Cloyster|spa|2\n|-boost|p2a: Cloyster|spe|2\n|-enditem|p2a: Cloyster|White Herb\n|-clearnegativeboost|p2a: Cloyster|[silent]\n|move|p1a: Ariados|Sticky Web|p2a: Cloyster\n|-sidestart|p2: p0y10224f2|move: Sticky Web\n|\n|upkeep\n|turn|2\n|inactive|Time left: 300 sec this turn | 300 sec total\n|\n|t:|1783534949\n|switch|p1a: Probopass|Probopass, L91, M|257/257\n|move|p2a: Cloyster|Icicle Spear|p1a: Probopass\n|-resisted|p1a: Probopass\n|-damage|p1a: Probopass|241/257\n|-resisted|p1a: Probopass\n|-damage|p1a: Probopass|225/257\n|-resisted|p1a: Probopass\n|-damage|p1a: Probopass|209/257\n|-resisted|p1a: Probopass\n|-damage|p1a: Probopass|194/257\n|-resisted|p1a: Probopass\n|-damage|p1a: Probopass|178/257\n|-hitcount|p1a: Probopass|5\n|\n|-heal|p1a: Probopass|194/257|[from] item: Leftovers\n|upkeep\n|turn|3\n|inactive|Time left: 300 sec this turn | 300 sec total\n|\n|t:|1783534950\n|move|p2a: Cloyster|Hydro Pump|p1a: Probopass\n|-supereffective|p1a: Probopass\n|-damage|p1a: Probopass|0 fnt\n|faint|p1a: Probopass\n|\n|upkeep\n|inactive|Time left: 300 sec this turn | 300 sec total | 5 sec grace\n|\n|t:|1783534951\n|switch|p1a: Passimian|Passimian, L83, F|302/302\n|turn|4\n|inactive|Time left: 300 sec this turn | 300 sec total\n|\n|t:|1783534952\n|move|p2a: Cloyster|Icicle Spear|p1a: Passimian\n|-damage|p1a: Passimian|251/302\n|-damage|p1a: Passimian|199/302\n|-damage|p1a: Passimian|154/302\n|-damage|p1a: Passimian|103/302\n|-damage|p1a: Passimian|58/302\n|-hitcount|p1a: Passimian|5\n|move|p1a: Passimian|Close Combat|p2a: Cloyster\n|-supereffective|p2a: Cloyster\n|-damage|p2a: Cloyster|0 fnt\n|-unboost|p1a: Passimian|def|1\n|-unboost|p1a: Passimian|spd|1\n|faint|p2a: Cloyster\n|\n|upkeep\n|\n|t:|1783534953\n|switch|p2a: Giratina|Giratina-Origin, L72|100/100\n|turn|5\n|inactive|Time left: 300 sec this turn | 300 sec total\n|\n|t:|1783534954\n|switch|p1a: Spiritomb|Spiritomb, L89, M|234/234\n|move|p2a: Giratina|Defog|p1a: Spiritomb\n|-unboost|p1a: Spiritomb|evasion|1\n|-sideend|p2: p0y10224f2|Sticky Web|[from] move: Defog|[of] p2a: Giratina\n|\n|upkeep\n|turn|6\n|inactive|Time left: 300 sec this turn | 300 sec total\n|\n|t:|1783534955\n|move|p2a: Giratina|Will-O-Wisp|p1a: Spiritomb\n|-status|p1a: Spiritomb|brn\n|move|p1a: Spiritomb|Poltergeist|p2a: Giratina\n|-activate|p2a: Giratina|move: Poltergeist|Griseous Core\n|-supereffective|p2a: Giratina\n|-damage|p2a: Giratina|58/100\n|\n|-damage|p1a: Spiritomb|220/234 brn|[from] brn\n|upkeep\n|turn|7\n|inactive|Time left: 300 sec this turn | 300 sec total\n|\n|t:|1783534956\n|switch|p2a: Copperajah|Copperajah, L86, F|100/100\n|move|p1a: Spiritomb|Poltergeist|p2a: Copperajah\n|-activate|p2a: Copperajah|move: Poltergeist|Choice Band\n|-damage|p2a: Copperajah|80/100\n|\n|-heal|p1a: Spiritomb|234/234 brn|[from] item: Leftovers\n|-damage|p1a: Spiritomb|220/234 brn|[from] brn\n|upkeep\n|turn|8\n|inactive|Time left: 300 sec this turn | 300 sec total\n|\n|t:|1783534958\n|move|p1a: Spiritomb|Foul Play|p2a: Copperajah\n|-damage|p2a: Copperajah|56/100\n|move|p2a: Copperajah|Heavy Slam|p1a: Spiritomb\n|-damage|p1a: Spiritomb|9/234 brn\n|\n|-heal|p1a: Spiritomb|23/234 brn|[from] item: Leftovers\n|-damage|p1a: Spiritomb|9/234 brn|[from] brn\n|upkeep\n|turn|9\n|inactive|Time left: 300 sec this turn | 300 sec total\n|\n|t:|1783534959\n|move|p1a: Spiritomb|Pain Split|p2a: Copperajah\n|-sethp|p2a: Copperajah|29/100|[from] move: Pain Split|[silent]\n|-sethp|p1a: Spiritomb|100/234 brn|[from] move: Pain Split\n|move|p2a: Copperajah|Heavy Slam|p1a: Spiritomb\n|-damage|p1a: Spiritomb|0 fnt\n|faint|p1a: Spiritomb\n|\n|upkeep\n|inactive|Time left: 300 sec this turn | 300 sec total | 5 sec grace\n|\n|t:|1783534960\n|switch|p1a: Hydrapple|Hydrapple, L83, F|312/312\n|turn|10\n|inactive|Time left: 300 sec this turn | 300 sec total\n|\n|t:|1783534960\n|move|p1a: Hydrapple|Fickle Beam|p2a: Copperajah\n|-resisted|p2a: Copperajah\n|-damage|p2a: Copperajah|3/100\n|move|p2a: Copperajah|Heavy Slam|p1a: Hydrapple\n|-damage|p1a: Hydrapple|92/312\n|\n|upkeep\n|turn|11\n|inactive|Time left: 300 sec this turn | 300 sec total\n|\n|t:|1783534962\n|switch|p2a: Vespiquen|Vespiquen, L99, F|100/100\n|-ability|p2a: Vespiquen|Pressure\n|move|p1a: Hydrapple|Fickle Beam|p2a: Vespiquen\n|-damage|p2a: Vespiquen|62/100\n|\n|upkeep\n|turn|12\n|inactive|Time left: 300 sec this turn | 300 sec total\n|\n|t:|1783534963\n|switch|p1a: Passimian|Passimian, L83, F|58/302\n|move|p2a: Vespiquen|Air Slash|p1a: Passimian\n|-supereffective|p1a: Passimian\n|-damage|p1a: Passimian|0 fnt\n|faint|p1a: Passimian\n|\n|upkeep\n|inactive|Time left: 300 sec this turn | 300 sec total | 5 sec grace\n|\n|t:|1783534964\n|switch|p1a: Raichu|Raichu-Alola, L87, F|246/246\n|turn|13\n|inactive|Time left: 300 sec this turn | 300 sec total\n|\n|t:|1783534965\n|switch|p2a: Giratina|Giratina-Origin, L72|58/100\n|move|p1a: Raichu|Nasty Plot|p1a: Raichu\n|-boost|p1a: Raichu|spa|2\n|\n|upkeep\n|turn|14\n|inactive|Time left: 300 sec this turn | 300 sec total\n|\n|t:|1783534966\n|switch|p2a: Copperajah|Copperajah, L86, F|3/100\n|move|p1a: Raichu|Psyshock|p2a: Copperajah\n|-resisted|p2a: Copperajah\n|-damage|p2a: Copperajah|0 fnt\n|faint|p2a: Copperajah\n|-damage|p1a: Raichu|222/246|[from] item: Life Orb\n|\n|upkeep\n|\n|t:|1783534967\n|switch|p2a: Volbeat|Volbeat, L90, M|100/100\n|turn|15\n|inactive|Time left: 300 sec this turn | 300 sec total\n|\n|t:|1783534968\n|-terastallize|p1a: Raichu|Fighting\n|move|p1a: Raichu|Thunderbolt|p2a: Volbeat\n|-damage|p2a: Volbeat|14/100\n|-damage|p1a: Raichu|198/246|[from] item: Life Orb\n|move|p2a: Volbeat|U-turn|p1a: Raichu\n|-resisted|p1a: Raichu\n|-damage|p1a: Raichu|146/246\n|\n|t:|1783534969\n|switch|p2a: Arceus|Arceus-Water, L71|100/100|[from] U-turn\n|\n|upkeep\n|turn|16\n|inactive|Time left: 300 sec this turn | 300 sec total\n|\n|t:|1783534970\n|-terastallize|p2a: Arceus|Steel\n|move|p1a: Raichu|Thunderbolt|p2a: Arceus\n|-crit|p2a: Arceus\n|-damage|p2a: Arceus|0 fnt\n|faint|p2a: Arceus\n|-damage|p1a: Raichu|122/246|[from] item: Life Orb\n|\n|upkeep\n|\n|t:|1783534971\n|switch|p2a: Volbeat|Volbeat, L90, M|14/100\n|turn|17\n|inactive|Time left: 300 sec this turn | 300 sec total\n|\n|t:|1783534972\n|move|p2a: Volbeat|Thunder Wave|p1a: Raichu\n|-status|p1a: Raichu|par\n|cant|p1a: Raichu|par\n|\n|upkeep\n|turn|18\n|inactive|Time left: 300 sec this turn | 300 sec total\n|\n|t:|1783534973\n|move|p2a: Volbeat|Encore|p1a: Raichu\n|-start|p1a: Raichu|Encore\n|move|p1a: Raichu|Thunderbolt|p2a: Volbeat\n|-damage|p2a: Volbeat|0 fnt\n|faint|p2a: Volbeat\n|-damage|p1a: Raichu|98/246 par|[from] item: Life Orb\n|\n|upkeep\n|\n|t:|1783534975\n|switch|p2a: Vespiquen|Vespiquen, L99, F|62/100\n|-ability|p2a: Vespiquen|Pressure\n|turn|19\n|inactive|Time left: 300 sec this turn | 300 sec total\n|\n|t:|1783534976\n|move|p2a: Vespiquen|Air Slash|p1a: Raichu\n|-supereffective|p1a: Raichu\n|-damage|p1a: Raichu|0 fnt\n|faint|p1a: Raichu\n|\n|upkeep\n|inactive|Time left: 300 sec this turn | 300 sec total | 5 sec grace\n|\n|t:|1783534976\n|switch|p1a: Ariados|Ariados, L95, F|287/287\n|turn|20\n|inactive|Time left: 300 sec this turn | 300 sec total\n|\n|t:|1783534978\n|move|p2a: Vespiquen|Air Slash|p1a: Ariados\n|-supereffective|p1a: Ariados\n|-damage|p1a: Ariados|81/287\n|move|p1a: Ariados|Poison Jab|p2a: Vespiquen\n|-damage|p2a: Vespiquen|36/100\n|\n|upkeep\n|turn|21\n|inactive|Time left: 300 sec this turn | 300 sec total\n|\n|t:|1783534979\n|switch|p1a: Hydrapple|Hydrapple, L83, F|196/312\n|move|p2a: Vespiquen|Air Slash|p1a: Hydrapple\n|-supereffective|p1a: Hydrapple\n|-damage|p1a: Hydrapple|2/312\n|\n|upkeep\n|turn|22\n|inactive|Time left: 300 sec this turn | 300 sec total\n|\n|t:|1783534980\n|switch|p1a: Ariados|Ariados, L95, F|81/287\n|move|p2a: Vespiquen|Air Slash|p1a: Ariados\n|-supereffective|p1a: Ariados\n|-damage|p1a: Ariados|0 fnt\n|faint|p1a: Ariados\n|\n|upkeep\n|inactive|Time left: 300 sec this turn | 300 sec total | 5 sec grace\n|\n|t:|1783534980\n|switch|p1a: Hydrapple|Hydrapple, L83, F|106/312\n|turn|23\n|inactive|Time left: 300 sec this turn | 300 sec total\n|\n|t:|1783534981\n|move|p2a: Vespiquen|Air Slash|p1a: Hydrapple\n|-supereffective|p1a: Hydrapple\n|-damage|p1a: Hydrapple|0 fnt\n|faint|p1a: Hydrapple\n|\n|win|p0y10224f2", "uploadtime": 1783534981, "views": 0, "rating": 0, "private": 0, "password": null, "_winner": "p0y10224f2", "_our_name": "p0x102753c"}