{"id": "battle-gen9randombattle-2440", "formatid": "gen9randombattle", "format": "[Gen 9] Random Battle", "players": ["p0x2440114b", "p0y2440e863"], "log": "|init|battle\n|title|p0x2440114b vs. p0y2440e863\n|j|\u2606p0x2440114b\n|j|\u2606p0y2440e863\n|t:|1783568278\n|gametype|singles\n|player|p1|p0x2440114b|101|\n|player|p2|p0y2440e863|265|\n|gen|9\n|tier|[Gen 9] Random Battle\n|rule|Species Clause: Limit one of each Pok\u00e9mon\n|rule|HP Percentage Mod: HP is shown in percentages\n|rule|Sleep Clause Mod: Limit one foe put to sleep\n|rule|Illusion Level Mod: Illusion disguises the Pok\u00e9mon's true level\n|\n|t:|1783568278\n|teamsize|p1|6\n|teamsize|p2|6\n|start\n|switch|p1a: Infernape|Infernape, L82, F|259/259\n|switch|p2a: Dragalge|Dragalge, L88, F|100/100\n|turn|1\n|inactive|Battle timer is ON: inactive players will automatically lose when time's up. (requested by p0x2440114b)\n|inactive|p0y2440e863 also wants the timer to be on.\n|\n|t:|1783568279\n|move|p1a: Infernape|Knock Off|p2a: Dragalge\n|-damage|p2a: Dragalge|61/100\n|-enditem|p2a: Dragalge|Choice Specs|[from] move: Knock Off|[of] p1a: Infernape\n|move|p2a: Dragalge|Sludge Wave|p1a: Infernape\n|-damage|p1a: Infernape|77/259\n|\n|upkeep\n|turn|2\n|inactive|Time left: 300 sec this turn | 300 sec total\n|\n|t:|1783568281\n|switch|p1a: Mimikyu|Mimikyu, L79, F|216/216\n|move|p2a: Dragalge|Sludge Wave|p1a: Mimikyu\n|-activate|p1a: Mimikyu|ability: Disguise\n|-damage|p1a: Mimikyu|216/216\n|-status|p1a: Mimikyu|psn\n|detailschange|p1a: Mimikyu|Mimikyu-Busted, L79, F\n|-damage|p1a: Mimikyu|189/216 psn|[from] pokemon: Mimikyu-Busted\n|\n|-damage|p1a: Mimikyu|162/216 psn|[from] psn\n|upkeep\n|turn|3\n|inactive|Time left: 300 sec this turn | 300 sec total\n|\n|t:|1783568282\n|switch|p1a: Duraludon|Duraludon, L82, M|249/249\n|move|p2a: Dragalge|Sludge Wave|p1a: Duraludon\n|-immune|p1a: Duraludon\n|\n|upkeep\n|turn|4\n|inactive|Time left: 300 sec this turn | 300 sec total\n|\n|t:|1783568283\n|move|p1a: Duraludon|Draco Meteor|p2a: Dragalge\n|-supereffective|p2a: Dragalge\n|-damage|p2a: Dragalge|0 fnt\n|-unboost|p1a: Duraludon|spa|2\n|faint|p2a: Dragalge\n|\n|upkeep\n|\n|t:|1783568284\n|switch|p2a: Inteleon|Inteleon, L81, F|100/100\n|turn|5\n|inactive|Time left: 300 sec this turn | 300 sec total\n|\n|t:|1783568285\n|switch|p1a: Electrode|Electrode-Hisui, L87|246/246\n|move|p2a: Inteleon|Scald|p1a: Electrode\n|-resisted|p1a: Electrode\n|-damage|p1a: Electrode|175/246\n|\n|upkeep\n|turn|6\n|inactive|Time left: 300 sec this turn | 300 sec total\n|\n|t:|1783568286\n|switch|p2a: Rotom|Rotom-Frost, L87|100/100\n|move|p1a: Electrode|Giga Drain|p2a: Rotom\n|-damage|p2a: Rotom|66/100\n|-heal|p1a: Electrode|215/246|[from] drain|[of] p2a: Rotom\n|-damage|p1a: Electrode|191/246|[from] item: Life Orb\n|\n|upkeep\n|turn|7\n|inactive|Time left: 300 sec this turn | 300 sec total\n|\n|t:|1783568287\n|move|p1a: Electrode|Giga Drain|p2a: Rotom\n|-damage|p2a: Rotom|33/100\n|-heal|p1a: Electrode|229/246|[from] drain|[of] p2a: Rotom\n|-damage|p1a: Electrode|205/246|[from] item: Life Orb\n|move|p2a: Rotom|Blizzard|p1a: Electrode|[miss]\n|-miss|p2a: Rotom|p1a: Electrode\n|\n|upkeep\n|turn|8\n|inactive|Time left: 300 sec this turn | 300 sec total\n|\n|t:|1783568289\n|switch|p2a: Vespiquen|Vespiquen, L99, F|100/100\n|-ability|p2a: Vespiquen|Pressure\n|move|p1a: Electrode|Giga Drain|p2a: Vespiquen\n|-resisted|p2a: Vespiquen\n|-damage|p2a: Vespiquen|94/100\n|-heal|p1a: Electrode|215/246|[from] drain|[of] p2a: Vespiquen\n|-damage|p1a: Electrode|191/246|[from] item: Life Orb\n|\n|upkeep\n|turn|9\n|inactive|Time left: 300 sec this turn | 300 sec total\n|\n|t:|1783568290\n|move|p1a: Electrode|Thunderbolt|p2a: Vespiquen\n|-supereffective|p2a: Vespiquen\n|-damage|p2a: Vespiquen|33/100\n|-damage|p1a: Electrode|167/246|[from] item: Life Orb\n|move|p2a: Vespiquen|Hurricane|p1a: Electrode\n|-damage|p1a: Electrode|26/246\n|-start|p1a: Electrode|confusion\n|\n|upkeep\n|turn|10\n|inactive|Time left: 300 sec this turn | 300 sec total\n|\n|t:|1783568291\n|-activate|p1a: Electrode|confusion\n|move|p1a: Electrode|Volt Switch|p2a: Vespiquen\n|-supereffective|p2a: Vespiquen\n|-damage|p2a: Vespiquen|0 fnt\n|faint|p2a: Vespiquen\n|-damage|p1a: Electrode|2/246|[from] item: Life Orb\n|inactive|Time left: 300 sec this turn | 300 sec total | 5 sec grace\n|\n|t:|1783568292\n|switch|p1a: Infernape|Infernape, L82, F|77/259|[from] Volt Switch\n|\n|upkeep\n|\n|t:|1783568293\n|switch|p2a: Inteleon|Inteleon, L81, F|100/100\n|turn|11\n|inactive|Time left: 300 sec this turn | 300 sec total\n|\n|t:|1783568293\n|move|p1a: Infernape|Mach Punch|p2a: Inteleon\n|-damage|p2a: Inteleon|65/100\n|move|p2a: Inteleon|Scald|p1a: Infernape\n|-supereffective|p1a: Infernape\n|-damage|p1a: Infernape|0 fnt\n|faint|p1a: Infernape\n|\n|upkeep\n|inactive|Time left: 300 sec this turn | 300 sec total | 5 sec grace\n|\n|t:|1783568294\n|switch|p1a: Electrode|Electrode-Hisui, L87|2/246\n|turn|12\n|inactive|Time left: 300 sec this turn | 300 sec total\n|\n|t:|1783568295\n|switch|p2a: Chansey|Chansey, L85, F|100/100\n|move|p1a: Electrode|Giga Drain|p2a: Chansey\n|-damage|p2a: Chansey|90/100\n|-heal|p1a: Electrode|31/246|[from] drain|[of] p2a: Chansey\n|-damage|p1a: Electrode|7/246|[from] item: Life Orb\n|\n|upkeep\n|turn|13\n|inactive|Time left: 300 sec this turn | 300 sec total\n|\n|t:|1783568296\n|move|p1a: Electrode|Giga Drain|p2a: Chansey\n|-damage|p2a: Chansey|80/100\n|-heal|p1a: Electrode|37/246|[from] drain|[of] p2a: Chansey\n|-damage|p1a: Electrode|13/246|[from] item: Life Orb\n|move|p2a: Chansey|Soft-Boiled|p2a: Chansey\n|-heal|p2a: Chansey|100/100\n|\n|upkeep\n|turn|14\n|inactive|Time left: 300 sec this turn | 300 sec total\n|\n|t:|1783568297\n|switch|p1a: Entei|Entei, L78|307/307\n|move|p2a: Chansey|Seismic Toss|p1a: Entei\n|-damage|p1a: Entei|222/307\n|\n|upkeep\n|turn|15\n|inactive|Time left: 300 sec this turn | 300 sec total\n|\n|t:|1783568298\n|move|p1a: Entei|Sacred Fire|p2a: Chansey\n|-damage|p2a: Chansey|39/100\n|-status|p2a: Chansey|brn\n|move|p2a: Chansey|Seismic Toss|p1a: Entei\n|-damage|p1a: Entei|137/307\n|\n|-damage|p2a: Chansey|32/100 brn|[from] brn\n|upkeep\n|turn|16\n|inactive|Time left: 300 sec this turn | 300 sec total\n|\n|t:|1783568299\n|-curestatus|p2a: Chansey|brn|[from] ability: Natural Cure|[silent]\n|switch|p2a: Inteleon|Inteleon, L81, F|65/100\n|move|p1a: Entei|Sacred Fire|p2a: Inteleon\n|-resisted|p2a: Inteleon\n|-damage|p2a: Inteleon|23/100\n|-status|p2a: Inteleon|brn\n|\n|-damage|p2a: Inteleon|17/100 brn|[from] brn\n|upkeep\n|turn|17\n|inactive|Time left: 300 sec this turn | 300 sec total\n|\n|t:|1783568300\n|switch|p1a: Electrode|Electrode-Hisui, L87|13/246\n|move|p2a: Inteleon|Scald|p1a: Electrode\n|-resisted|p1a: Electrode\n|-crit|p1a: Electrode\n|-damage|p1a: Electrode|0 fnt\n|faint|p1a: Electrode\n|\n|-damage|p2a: Inteleon|11/100 brn|[from] brn\n|upkeep\n|inactive|Time left: 300 sec this turn | 300 sec total | 5 sec grace\n|\n|t:|1783568301\n|switch|p1a: Entei|Entei, L78|137/307\n|turn|18\n|inactive|Time left: 300 sec this turn | 300 sec total\n|\n|t:|1783568302\n|move|p1a: Entei|Extreme Speed|p2a: Inteleon\n|-damage|p2a: Inteleon|0 fnt\n|faint|p2a: Inteleon\n|\n|upkeep\n|\n|t:|1783568302\n|switch|p2a: Iron Boulder|Iron Boulder, L77|100/100\n|turn|19\n|inactive|Time left: 300 sec this turn | 300 sec total\n|\n|t:|1783568303\n|switch|p1a: Duraludon|Duraludon, L82, M|249/249\n|move|p2a: Iron Boulder|Swords Dance|p2a: Iron Boulder\n|-boost|p2a: Iron Boulder|atk|2\n|\n|upkeep\n|turn|20\n|inactive|Time left: 300 sec this turn | 300 sec total\n|\n|t:|1783568304\n|-terastallize|p2a: Iron Boulder|Fighting\n|move|p2a: Iron Boulder|Close Combat|p1a: Duraludon\n|-supereffective|p1a: Duraludon\n|-damage|p1a: Duraludon|0 fnt\n|-unboost|p2a: Iron Boulder|def|1\n|-unboost|p2a: Iron Boulder|spd|1\n|faint|p1a: Duraludon\n|-damage|p2a: Iron Boulder|91/100|[from] item: Life Orb\n|\n|upkeep\n|inactive|Time left: 300 sec this turn | 300 sec total | 5 sec grace\n|\n|t:|1783568305\n|switch|p1a: Great Tusk|Great Tusk, L77|304/304\n|-enditem|p1a: Great Tusk|Booster Energy\n|-activate|p1a: Great Tusk|ability: Protosynthesis|[fromitem]\n|-start|p1a: Great Tusk|protosynthesisatk\n|turn|21\n|inactive|Time left: 300 sec this turn | 300 sec total\n|\n|t:|1783568306\n|-terastallize|p1a: Great Tusk|Steel\n|move|p2a: Iron Boulder|Zen Headbutt|p1a: Great Tusk|[miss]\n|-miss|p2a: Iron Boulder|p1a: Great Tusk\n|move|p1a: Great Tusk|Close Combat|p2a: Iron Boulder\n|-damage|p2a: Iron Boulder|0 fnt\n|-unboost|p1a: Great Tusk|def|1\n|-unboost|p1a: Great Tusk|spd|1\n|faint|p2a: Iron Boulder\n|-end|p2a: Iron Boulder|Quark Drive|[silent]\n|\n|upkeep\n|\n|t:|1783568307\n|switch|p2a: Chansey|Chansey, L85, F|32/100\n|turn|22\n|inactive|Time left: 300 sec this turn | 300 sec total\n|\n|t:|1783568308\n|move|p1a: Great Tusk|Close Combat|p2a: Chansey\n|-supereffective|p2a: Chansey\n|-damage|p2a: Chansey|0 fnt\n|-unboost|p1a: Great Tusk|def|1\n|-unboost|p1a: Great Tusk|spd|1\n|faint|p2a: Chansey\n|\n|upkeep\n|\n|t:|1783568309\n|switch|p2a: Rotom|Rotom-Frost, L87|33/100\n|turn|23\n|inactive|Time left: 300 sec this turn | 300 sec total\n|\n|t:|1783568309\n|move|p2a: Rotom|Thunderbolt|p1a: Great Tusk\n|-damage|p1a: Great Tusk|0 fnt\n|faint|p1a: Great Tusk\n|-end|p1a: Great Tusk|Protosynthesis|[silent]\n|\n|upkeep\n|inactive|Time left: 300 sec this turn | 300 sec total | 5 sec grace\n|\n|t:|1783568310\n|switch|p1a: Entei|Entei, L78|137/307\n|turn|24\n|inactive|Time left: 300 sec this turn | 300 sec total\n|\n|t:|1783568311\n|move|p1a: Entei|Flare Blitz|p2a: Rotom\n|-supereffective|p2a: Rotom\n|-damage|p2a: Rotom|0 fnt\n|faint|p2a: Rotom\n|-damage|p1a: Entei|112/307|[from] Recoil\n|\n|win|p0x2440114b", "uploadtime": 1783568311, "views": 0, "rating": 0, "private": 0, "password": null, "_winner": "p0x2440114b", "_our_name": "p0x2440114b"}