{"id": "battle-gen9randombattle-2421", "formatid": "gen9randombattle", "format": "[Gen 9] Random Battle", "players": ["p0x2421236f", "p0y2421b4a7"], "log": "|init|battle\n|title|p0x2421236f vs. p0y2421b4a7\n|j|\u2606p0x2421236f\n|j|\u2606p0y2421b4a7\n|t:|1783568089\n|gametype|singles\n|player|p1|p0x2421236f|1|\n|player|p2|p0y2421b4a7|1|\n|gen|9\n|tier|[Gen 9] Random Battle\n|rule|Species Clause: Limit one of each Pok\u00e9mon\n|rule|HP Percentage Mod: HP is shown in percentages\n|rule|Sleep Clause Mod: Limit one foe put to sleep\n|rule|Illusion Level Mod: Illusion disguises the Pok\u00e9mon's true level\n|\n|t:|1783568089\n|teamsize|p1|6\n|teamsize|p2|6\n|start\n|switch|p1a: Emboar|Emboar, L84, F|100/100\n|switch|p2a: Zebstrika|Zebstrika, L87, M|272/272\n|turn|1\n|inactive|Battle timer is ON: inactive players will automatically lose when time's up. (requested by p0x2421236f)\n|inactive|Time left: 300 sec this turn | 300 sec total | 60 sec grace\n|\n|t:|1783568091\n|-terastallize|p2a: Zebstrika|Ground\n|move|p2a: Zebstrika|High Horsepower|p1a: Emboar\n|-supereffective|p1a: Emboar\n|-damage|p1a: Emboar|0 fnt\n|faint|p1a: Emboar\n|-damage|p2a: Zebstrika|245/272|[from] item: Life Orb\n|\n|upkeep\n|inactive|p0y2421b4a7 also wants the timer to be on.\n|\n|t:|1783568092\n|switch|p1a: Barraskewda|Barraskewda, L81, F|100/100\n|turn|2\n|inactive|Time left: 300 sec this turn | 300 sec total\n|\n|t:|1783568093\n|switch|p2a: Flapple|Flapple, L88, F|266/266\n|move|p1a: Barraskewda|Waterfall|p2a: Flapple\n|-resisted|p2a: Flapple\n|-damage|p2a: Flapple|227/266\n|\n|upkeep\n|turn|3\n|inactive|Time left: 300 sec this turn | 300 sec total\n|\n|t:|1783568094\n|move|p1a: Barraskewda|Waterfall|p2a: Flapple\n|-resisted|p2a: Flapple\n|-damage|p2a: Flapple|194/266\n|move|p2a: Flapple|Outrage|p1a: Barraskewda\n|-damage|p1a: Barraskewda|0 fnt\n|faint|p1a: Barraskewda\n|\n|upkeep\n|\n|t:|1783568095\n|switch|p1a: Ninetales|Ninetales, L85, F|100/100\n|-weather|SunnyDay|[from] ability: Drought|[of] p1a: Ninetales\n|turn|4\n|inactive|Time left: 300 sec this turn | 300 sec total\n|\n|t:|1783568096\n|move|p1a: Ninetales|Fire Blast|p2a: Flapple\n|-damage|p2a: Flapple|0 fnt\n|faint|p2a: Flapple\n|\n|-weather|SunnyDay|[upkeep]\n|upkeep\n|inactive|Time left: 300 sec this turn | 300 sec total | 5 sec grace\n|\n|t:|1783568097\n|switch|p2a: Tyranitar|Tyranitar, L78, F|284/284\n|-weather|Sandstorm|[from] ability: Sand Stream|[of] p2a: Tyranitar\n|turn|5\n|inactive|Time left: 300 sec this turn | 300 sec total\n|\n|t:|1783568098\n|switch|p1a: Keldeo|Keldeo-Resolute, L79|100/100\n|move|p2a: Tyranitar|Knock Off|p1a: Keldeo\n|-resisted|p1a: Keldeo\n|-crit|p1a: Keldeo\n|-damage|p1a: Keldeo|65/100\n|-ability|p1a: Keldeo|Justified|boost\n|-boost|p1a: Keldeo|atk|1\n|-enditem|p1a: Keldeo|Life Orb|[from] move: Knock Off|[of] p2a: Tyranitar\n|\n|-weather|Sandstorm|[upkeep]\n|-damage|p1a: Keldeo|59/100|[from] Sandstorm\n|upkeep\n|turn|6\n|inactive|Time left: 300 sec this turn | 300 sec total\n|\n|t:|1783568099\n|switch|p2a: Latias|Latias, L79, F|256/256\n|move|p1a: Keldeo|Hydro Pump|p2a: Latias|[miss]\n|-miss|p1a: Keldeo|p2a: Latias\n|\n|-weather|Sandstorm|[upkeep]\n|-damage|p2a: Latias|240/256|[from] Sandstorm\n|-damage|p1a: Keldeo|53/100|[from] Sandstorm\n|upkeep\n|turn|7\n|inactive|Time left: 300 sec this turn | 300 sec total\n|\n|t:|1783568100\n|switch|p1a: Porygon2|Porygon2, L81|100/100\n|-ability|p1a: Porygon2|Download|boost\n|-boost|p1a: Porygon2|atk|1\n|move|p2a: Latias|Psyshock|p1a: Porygon2\n|-crit|p1a: Porygon2\n|-damage|p1a: Porygon2|62/100\n|\n|-weather|Sandstorm|[upkeep]\n|-damage|p2a: Latias|224/256|[from] Sandstorm\n|-damage|p1a: Porygon2|56/100|[from] Sandstorm\n|upkeep\n|turn|8\n|inactive|Time left: 300 sec this turn | 300 sec total\n|\n|t:|1783568101\n|move|p2a: Latias|Calm Mind|p2a: Latias\n|-boost|p2a: Latias|spa|1\n|-boost|p2a: Latias|spd|1\n|move|p1a: Porygon2|Recover|p1a: Porygon2\n|-heal|p1a: Porygon2|100/100\n|\n|-weather|Sandstorm|[upkeep]\n|-damage|p2a: Latias|208/256|[from] Sandstorm\n|-damage|p1a: Porygon2|95/100|[from] Sandstorm\n|upkeep\n|turn|9\n|inactive|Time left: 300 sec this turn | 300 sec total\n|\n|t:|1783568102\n|move|p2a: Latias|Calm Mind|p2a: Latias\n|-boost|p2a: Latias|spa|1\n|-boost|p2a: Latias|spd|1\n|move|p1a: Porygon2|Shadow Ball|p2a: Latias\n|-supereffective|p2a: Latias\n|-damage|p2a: Latias|164/256\n|\n|-weather|none\n|upkeep\n|turn|10\n|inactive|Time left: 300 sec this turn | 300 sec total\n|\n|t:|1783568103\n|move|p2a: Latias|Psyshock|p1a: Porygon2\n|-damage|p1a: Porygon2|47/100\n|move|p1a: Porygon2|Thunder Wave|p2a: Latias|[miss]\n|-miss|p1a: Porygon2|p2a: Latias\n|\n|upkeep\n|turn|11\n|inactive|Time left: 300 sec this turn | 300 sec total\n|\n|t:|1783568104\n|move|p2a: Latias|Psyshock|p1a: Porygon2\n|-damage|p1a: Porygon2|0 fnt\n|faint|p1a: Porygon2\n|\n|upkeep\n|\n|t:|1783568104\n|switch|p1a: Ninetales|Ninetales, L85, F|100/100\n|-weather|SunnyDay|[from] ability: Drought|[of] p1a: Ninetales\n|turn|12\n|inactive|Time left: 300 sec this turn | 300 sec total\n|\n|t:|1783568106\n|move|p2a: Latias|Psyshock|p1a: Ninetales\n|-damage|p1a: Ninetales|14/100\n|move|p1a: Ninetales|Fire Blast|p2a: Latias\n|-resisted|p2a: Latias\n|-damage|p2a: Latias|134/256\n|\n|-weather|SunnyDay|[upkeep]\n|upkeep\n|turn|13\n|inactive|Time left: 300 sec this turn | 300 sec total\n|\n|t:|1783568107\n|move|p1a: Ninetales|Nasty Plot|p1a: Ninetales\n|-boost|p1a: Ninetales|spa|2\n|move|p2a: Latias|Recover|p2a: Latias\n|-heal|p2a: Latias|256/256\n|\n|-weather|SunnyDay|[upkeep]\n|upkeep\n|turn|14\n|inactive|Time left: 300 sec this turn | 300 sec total\n|\n|t:|1783568108\n|move|p1a: Ninetales|Solar Beam||[still]\n|-prepare|p1a: Ninetales|Solar Beam\n|-anim|p1a: Ninetales|Solar Beam|p2a: Latias\n|-resisted|p2a: Latias\n|-damage|p2a: Latias|223/256\n|move|p2a: Latias|Psyshock|p1a: Ninetales\n|-damage|p1a: Ninetales|0 fnt\n|faint|p1a: Ninetales\n|\n|-weather|SunnyDay|[upkeep]\n|upkeep\n|\n|t:|1783568108\n|switch|p1a: Vileplume|Vileplume, L85, M|100/100\n|turn|15\n|inactive|Time left: 300 sec this turn | 300 sec total\n|\n|t:|1783568109\n|switch|p1a: Keldeo|Keldeo-Resolute, L79|53/100\n|move|p2a: Latias|Psyshock|p1a: Keldeo\n|-supereffective|p1a: Keldeo\n|-damage|p1a: Keldeo|0 fnt\n|faint|p1a: Keldeo\n|\n|-weather|SunnyDay|[upkeep]\n|upkeep\n|\n|t:|1783568110\n|switch|p1a: Vileplume|Vileplume, L85, M|100/100\n|turn|16\n|inactive|Time left: 300 sec this turn | 300 sec total\n|\n|t:|1783568111\n|move|p2a: Latias|Draco Meteor|p1a: Vileplume\n|-damage|p1a: Vileplume|0 fnt\n|-unboost|p2a: Latias|spa|2\n|faint|p1a: Vileplume\n|\n|win|p0y2421b4a7", "uploadtime": 1783568111, "views": 0, "rating": 0, "private": 0, "password": null, "_winner": "p0y2421b4a7", "_our_name": "p0y2421b4a7"}