{"id": "battle-gen9randombattle-2209", "formatid": "gen9randombattle", "format": "[Gen 9] Random Battle", "players": ["p0x2209d880", "p0y2209b50b"], "log": "|init|battle\n|title|p0x2209d880 vs. p0y2209b50b\n|j|\u2606p0x2209d880\n|j|\u2606p0y2209b50b\n|t:|1783564664\n|gametype|singles\n|player|p1|p0x2209d880|101|\n|player|p2|p0y2209b50b|1|\n|gen|9\n|tier|[Gen 9] Random Battle\n|rule|Species Clause: Limit one of each Pok\u00e9mon\n|rule|HP Percentage Mod: HP is shown in percentages\n|rule|Sleep Clause Mod: Limit one foe put to sleep\n|rule|Illusion Level Mod: Illusion disguises the Pok\u00e9mon's true level\n|\n|t:|1783564664\n|teamsize|p1|6\n|teamsize|p2|6\n|start\n|switch|p1a: Carbink|Carbink, L90|236/236\n|switch|p2a: Electrode|Electrode, L92|100/100\n|turn|1\n|inactive|Battle timer is ON: inactive players will automatically lose when time's up. (requested by p0y2209b50b)\n|inactive|Time left: 300 sec this turn | 300 sec total | 60 sec grace\n|inactive|p0x2209d880 also wants the timer to be on.\n|\n|t:|1783564666\n|switch|p2a: Blastoise|Blastoise, L80, F|100/100\n|move|p1a: Carbink|Rock Polish|p1a: Carbink\n|-boost|p1a: Carbink|spe|2\n|\n|upkeep\n|turn|2\n|inactive|Time left: 300 sec this turn | 300 sec total\n|\n|t:|1783564667\n|move|p1a: Carbink|Iron Defense|p1a: Carbink\n|-boost|p1a: Carbink|def|2\n|move|p2a: Blastoise|Shell Smash|p2a: Blastoise\n|-unboost|p2a: Blastoise|def|1\n|-unboost|p2a: Blastoise|spd|1\n|-boost|p2a: Blastoise|atk|2\n|-boost|p2a: Blastoise|spa|2\n|-boost|p2a: Blastoise|spe|2\n|-enditem|p2a: Blastoise|White Herb\n|-clearnegativeboost|p2a: Blastoise|[silent]\n|\n|upkeep\n|turn|3\n|inactive|Time left: 300 sec this turn | 300 sec total\n|\n|t:|1783564668\n|-terastallize|p1a: Carbink|Fighting\n|move|p2a: Blastoise|Hydro Pump|p1a: Carbink|[miss]\n|-miss|p2a: Blastoise|p1a: Carbink\n|move|p1a: Carbink|Body Press|p2a: Blastoise\n|-damage|p2a: Blastoise|0 fnt\n|faint|p2a: Blastoise\n|\n|upkeep\n|\n|t:|1783564669\n|switch|p2a: Gyarados|Gyarados, L79, F|100/100\n|turn|4\n|inactive|Time left: 300 sec this turn | 300 sec total\n|\n|t:|1783564670\n|move|p1a: Carbink|Body Press|p2a: Gyarados\n|-resisted|p2a: Gyarados\n|-crit|p2a: Gyarados\n|-damage|p2a: Gyarados|22/100\n|move|p2a: Gyarados|Dragon Dance|p2a: Gyarados\n|-boost|p2a: Gyarados|atk|1\n|-boost|p2a: Gyarados|spe|1\n|\n|upkeep\n|turn|5\n|inactive|Time left: 300 sec this turn | 300 sec total\n|\n|t:|1783564671\n|move|p1a: Carbink|Body Press|p2a: Gyarados\n|-resisted|p2a: Gyarados\n|-damage|p2a: Gyarados|0 fnt\n|faint|p2a: Gyarados\n|\n|upkeep\n|\n|t:|1783564672\n|switch|p2a: Electrode|Electrode, L92|100/100\n|turn|6\n|inactive|Time left: 300 sec this turn | 300 sec total\n|\n|t:|1783564673\n|move|p2a: Electrode|Thunderbolt|p1a: Carbink\n|-damage|p1a: Carbink|172/236\n|move|p1a: Carbink|Body Press|p2a: Electrode\n|-damage|p2a: Electrode|0 fnt\n|faint|p2a: Electrode\n|\n|-heal|p1a: Carbink|186/236|[from] item: Leftovers\n|upkeep\n|\n|t:|1783564674\n|switch|p2a: Deoxys|Deoxys, L74|100/100\n|-ability|p2a: Deoxys|Pressure\n|turn|7\n|inactive|Time left: 300 sec this turn | 300 sec total\n|\n|t:|1783564675\n|move|p1a: Carbink|Body Press|p2a: Deoxys\n|-resisted|p2a: Deoxys\n|-damage|p2a: Deoxys|0 fnt\n|faint|p2a: Deoxys\n|\n|-heal|p1a: Carbink|200/236|[from] item: Leftovers\n|upkeep\n|\n|t:|1783564676\n|switch|p2a: Cinccino|Cinccino, L83, M|100/100\n|turn|8\n|inactive|Time left: 300 sec this turn | 300 sec total\n|\n|t:|1783564677\n|move|p1a: Carbink|Body Press|p2a: Cinccino\n|-supereffective|p2a: Cinccino\n|-damage|p2a: Cinccino|0 fnt\n|faint|p2a: Cinccino\n|\n|-heal|p1a: Carbink|214/236|[from] item: Leftovers\n|upkeep\n|\n|t:|1783564677\n|switch|p2a: Revavroom|Revavroom, L79, M|100/100\n|turn|9\n|inactive|Time left: 300 sec this turn | 300 sec total\n|\n|t:|1783564678\n|-terastallize|p2a: Revavroom|Ground\n|move|p1a: Carbink|Body Press|p2a: Revavroom\n|-damage|p2a: Revavroom|0 fnt\n|faint|p2a: Revavroom\n|\n|win|p0x2209d880", "uploadtime": 1783564678, "views": 0, "rating": 0, "private": 0, "password": null, "_winner": "p0x2209d880", "_our_name": "p0x2209d880"}