{"id": "battle-gen9randombattle-2837", "formatid": "gen9randombattle", "format": "[Gen 9] Random Battle", "players": ["p0x2837d1e2", "p0y2837c33b"], "log": "|init|battle\n|title|p0x2837d1e2 vs. p0y2837c33b\n|j|\u2606p0x2837d1e2\n|j|\u2606p0y2837c33b\n|t:|1783572682\n|gametype|singles\n|player|p1|p0x2837d1e2|102|\n|player|p2|p0y2837c33b|101|\n|gen|9\n|tier|[Gen 9] Random Battle\n|rule|Species Clause: Limit one of each Pok\u00e9mon\n|rule|HP Percentage Mod: HP is shown in percentages\n|rule|Sleep Clause Mod: Limit one foe put to sleep\n|rule|Illusion Level Mod: Illusion disguises the Pok\u00e9mon's true level\n|\n|t:|1783572682\n|teamsize|p1|6\n|teamsize|p2|6\n|start\n|switch|p1a: Heatran|Heatran, L79, M|273/273\n|switch|p2a: Grimmsnarl|Grimmsnarl, L83, M|100/100\n|-item|p1a: Heatran|Air Balloon\n|turn|1\n|inactive|Battle timer is ON: inactive players will automatically lose when time's up. (requested by p0x2837d1e2)\n|inactive|p0y2837c33b also wants the timer to be on.\n|\n|t:|1783572683\n|move|p2a: Grimmsnarl|Parting Shot|p1a: Heatran\n|-unboost|p1a: Heatran|atk|1\n|-unboost|p1a: Heatran|spa|1\n|\n|t:|1783572685\n|switch|p2a: Charizard|Charizard, L85, F|100/100|[from] Parting Shot\n|move|p1a: Heatran|Heavy Slam|p2a: Charizard\n|-resisted|p2a: Charizard\n|-damage|p2a: Charizard|88/100\n|\n|upkeep\n|turn|2\n|inactive|Time left: 300 sec this turn | 300 sec total\n|\n|t:|1783572686\n|switch|p1a: Lapras|Lapras, L87, M|368/368\n|move|p2a: Charizard|Dragon Dance|p2a: Charizard\n|-boost|p2a: Charizard|atk|1\n|-boost|p2a: Charizard|spe|1\n|\n|upkeep\n|turn|3\n|inactive|Time left: 300 sec this turn | 300 sec total\n|\n|t:|1783572687\n|move|p2a: Charizard|Outrage|p1a: Lapras\n|-damage|p1a: Lapras|242/368\n|move|p1a: Lapras|Sparkling Aria|p2a: Charizard\n|-supereffective|p2a: Charizard\n|-damage|p2a: Charizard|23/100\n|\n|upkeep\n|turn|4\n|inactive|Time left: 300 sec this turn | 300 sec total\n|\n|t:|1783572688\n|move|p2a: Charizard|Outrage|p1a: Lapras|[from] lockedmove\n|-damage|p1a: Lapras|112/368\n|move|p1a: Lapras|Freeze-Dry|p2a: Charizard\n|-damage|p2a: Charizard|0 fnt\n|faint|p2a: Charizard\n|\n|upkeep\n|\n|t:|1783572689\n|switch|p2a: Dodrio|Dodrio, L85, F|100/100\n|turn|5\n|inactive|Time left: 300 sec this turn | 300 sec total\n|\n|t:|1783572690\n|switch|p1a: Kingambit|Kingambit, L74, M|270/270\n|move|p2a: Dodrio|Double-Edge|p1a: Kingambit\n|-resisted|p1a: Kingambit\n|-damage|p1a: Kingambit|211/270\n|-damage|p2a: Dodrio|93/100|[from] Recoil\n|\n|-heal|p1a: Kingambit|227/270|[from] item: Leftovers\n|upkeep\n|turn|6\n|inactive|Time left: 300 sec this turn | 300 sec total\n|\n|t:|1783572691\n|move|p2a: Dodrio|Swords Dance|p2a: Dodrio\n|-boost|p2a: Dodrio|atk|2\n|move|p1a: Kingambit|Swords Dance|p1a: Kingambit\n|-boost|p1a: Kingambit|atk|2\n|\n|-heal|p1a: Kingambit|243/270|[from] item: Leftovers\n|upkeep\n|turn|7\n|inactive|Time left: 300 sec this turn | 300 sec total\n|\n|t:|1783572692\n|move|p2a: Dodrio|Drill Run|p1a: Kingambit\n|-supereffective|p1a: Kingambit\n|-damage|p1a: Kingambit|27/270\n|move|p1a: Kingambit|Iron Head|p2a: Dodrio\n|-damage|p2a: Dodrio|10/100\n|\n|-heal|p1a: Kingambit|43/270|[from] item: Leftovers\n|upkeep\n|turn|8\n|inactive|Time left: 300 sec this turn | 300 sec total\n|\n|t:|1783572693\n|move|p1a: Kingambit|Sucker Punch|p2a: Dodrio\n|-damage|p2a: Dodrio|0 fnt\n|faint|p2a: Dodrio\n|\n|-heal|p1a: Kingambit|59/270|[from] item: Leftovers\n|upkeep\n|\n|t:|1783572693\n|switch|p2a: Grimmsnarl|Grimmsnarl, L83, M|100/100\n|turn|9\n|inactive|Time left: 300 sec this turn | 300 sec total\n|\n|t:|1783572694\n|move|p1a: Kingambit|Sucker Punch|p2a: Grimmsnarl\n|-resisted|p2a: Grimmsnarl\n|-damage|p2a: Grimmsnarl|85/100\n|move|p2a: Grimmsnarl|Spirit Break|p1a: Kingambit\n|-damage|p1a: Kingambit|0 fnt\n|faint|p1a: Kingambit\n|-end|p1a: Kingambit|fallenundefined|[silent]\n|\n|-heal|p2a: Grimmsnarl|91/100|[from] item: Leftovers\n|upkeep\n|inactive|Time left: 300 sec this turn | 300 sec total | 5 sec grace\n|\n|t:|1783572695\n|switch|p1a: Basculin|Basculin-Blue-Striped, L86, F|261/261\n|turn|10\n|inactive|Time left: 300 sec this turn | 300 sec total\n|\n|t:|1783572696\n|move|p2a: Grimmsnarl|Parting Shot|p1a: Basculin\n|-unboost|p1a: Basculin|atk|1\n|-unboost|p1a: Basculin|spa|1\n|\n|t:|1783572697\n|switch|p2a: Leafeon|Leafeon, L88, M|100/100|[from] Parting Shot\n|move|p1a: Basculin|Wave Crash|p2a: Leafeon\n|-resisted|p2a: Leafeon\n|-crit|p2a: Leafeon\n|-damage|p2a: Leafeon|45/100\n|-damage|p1a: Basculin|213/261|[from] Recoil\n|\n|-heal|p2a: Leafeon|51/100|[from] item: Leftovers\n|upkeep\n|turn|11\n|inactive|Time left: 300 sec this turn | 300 sec total\n|\n|t:|1783572697\n|switch|p1a: Heatran|Heatran, L79, M|273/273\n|-item|p1a: Heatran|Air Balloon\n|move|p2a: Leafeon|Swords Dance|p2a: Leafeon\n|-boost|p2a: Leafeon|atk|2\n|\n|-heal|p2a: Leafeon|57/100|[from] item: Leftovers\n|upkeep\n|turn|12\n|inactive|Time left: 300 sec this turn | 300 sec total\n|\n|t:|1783572698\n|move|p2a: Leafeon|Substitute|p2a: Leafeon\n|-start|p2a: Leafeon|Substitute\n|-damage|p2a: Leafeon|32/100\n|move|p1a: Heatran|Magma Storm|p2a: Leafeon\n|-supereffective|p2a: Leafeon\n|-end|p2a: Leafeon|Substitute\n|\n|-heal|p2a: Leafeon|38/100|[from] item: Leftovers\n|upkeep\n|turn|13\n|inactive|Time left: 300 sec this turn | 300 sec total\n|\n|t:|1783572699\n|move|p2a: Leafeon|Leaf Blade|p1a: Heatran\n|-resisted|p1a: Heatran\n|-damage|p1a: Heatran|225/273\n|-enditem|p1a: Heatran|Air Balloon\n|move|p1a: Heatran|Magma Storm|p2a: Leafeon\n|-supereffective|p2a: Leafeon\n|-damage|p2a: Leafeon|0 fnt\n|faint|p2a: Leafeon\n|\n|upkeep\n|\n|t:|1783572700\n|switch|p2a: Dunsparce|Dunsparce, L86, F|100/100\n|turn|14\n|inactive|Time left: 300 sec this turn | 300 sec total\n|\n|t:|1783572701\n|switch|p1a: Sinistcha|Sinistcha-Masterpiece, L83|254/254\n|move|p2a: Dunsparce|Coil|p2a: Dunsparce\n|-boost|p2a: Dunsparce|atk|1\n|-boost|p2a: Dunsparce|def|1\n|-boost|p2a: Dunsparce|accuracy|1\n|\n|upkeep\n|turn|15\n|inactive|Time left: 300 sec this turn | 300 sec total\n|\n|t:|1783572702\n|move|p1a: Sinistcha|Calm Mind|p1a: Sinistcha\n|-boost|p1a: Sinistcha|spa|1\n|-boost|p1a: Sinistcha|spd|1\n|move|p2a: Dunsparce|Coil|p2a: Dunsparce\n|-boost|p2a: Dunsparce|atk|1\n|-boost|p2a: Dunsparce|def|1\n|-boost|p2a: Dunsparce|accuracy|1\n|\n|upkeep\n|turn|16\n|inactive|Time left: 300 sec this turn | 300 sec total\n|\n|t:|1783572703\n|move|p1a: Sinistcha|Calm Mind|p1a: Sinistcha\n|-boost|p1a: Sinistcha|spa|1\n|-boost|p1a: Sinistcha|spd|1\n|move|p2a: Dunsparce|Coil|p2a: Dunsparce\n|-boost|p2a: Dunsparce|atk|1\n|-boost|p2a: Dunsparce|def|1\n|-boost|p2a: Dunsparce|accuracy|1\n|\n|upkeep\n|turn|17\n|inactive|Time left: 300 sec this turn | 300 sec total\n|\n|t:|1783572705\n|move|p1a: Sinistcha|Matcha Gotcha|p2a: Dunsparce\n|-damage|p2a: Dunsparce|53/100\n|move|p2a: Dunsparce|Roost|p2a: Dunsparce\n|-heal|p2a: Dunsparce|100/100\n|-singleturn|p2a: Dunsparce|move: Roost\n|\n|upkeep\n|turn|18\n|inactive|Time left: 300 sec this turn | 300 sec total\n|\n|t:|1783572706\n|move|p1a: Sinistcha|Matcha Gotcha|p2a: Dunsparce\n|-crit|p2a: Dunsparce\n|-damage|p2a: Dunsparce|21/100\n|move|p2a: Dunsparce|Roost|p2a: Dunsparce\n|-heal|p2a: Dunsparce|71/100\n|-singleturn|p2a: Dunsparce|move: Roost\n|\n|upkeep\n|turn|19\n|inactive|Time left: 300 sec this turn | 300 sec total\n|\n|t:|1783572707\n|move|p1a: Sinistcha|Matcha Gotcha|p2a: Dunsparce|[miss]\n|-miss|p1a: Sinistcha|p2a: Dunsparce\n|move|p2a: Dunsparce|Roost|p2a: Dunsparce\n|-heal|p2a: Dunsparce|100/100\n|-singleturn|p2a: Dunsparce|move: Roost\n|\n|upkeep\n|turn|20\n|inactive|Time left: 300 sec this turn | 300 sec total\n|\n|t:|1783572708\n|move|p1a: Sinistcha|Matcha Gotcha|p2a: Dunsparce\n|-damage|p2a: Dunsparce|50/100\n|move|p2a: Dunsparce|Roost|p2a: Dunsparce\n|-heal|p2a: Dunsparce|99/100\n|-singleturn|p2a: Dunsparce|move: Roost\n|\n|upkeep\n|turn|21\n|inactive|Time left: 300 sec this turn | 300 sec total\n|\n|t:|1783572709\n|move|p1a: Sinistcha|Matcha Gotcha|p2a: Dunsparce\n|-damage|p2a: Dunsparce|47/100\n|move|p2a: Dunsparce|Roost|p2a: Dunsparce\n|-heal|p2a: Dunsparce|97/100\n|-singleturn|p2a: Dunsparce|move: Roost\n|\n|upkeep\n|turn|22\n|inactive|Time left: 300 sec this turn | 300 sec total\n|\n|t:|1783572710\n|move|p1a: Sinistcha|Matcha Gotcha|p2a: Dunsparce\n|-damage|p2a: Dunsparce|44/100\n|-status|p2a: Dunsparce|brn\n|move|p2a: Dunsparce|Roost|p2a: Dunsparce\n|-heal|p2a: Dunsparce|94/100 brn\n|-singleturn|p2a: Dunsparce|move: Roost\n|\n|-damage|p2a: Dunsparce|88/100 brn|[from] brn\n|upkeep\n|turn|23\n|inactive|Time left: 300 sec this turn | 300 sec total\n|\n|t:|1783572710\n|move|p1a: Sinistcha|Matcha Gotcha|p2a: Dunsparce|[miss]\n|-miss|p1a: Sinistcha|p2a: Dunsparce\n|move|p2a: Dunsparce|Roost|p2a: Dunsparce\n|-heal|p2a: Dunsparce|100/100 brn\n|-singleturn|p2a: Dunsparce|move: Roost\n|\n|-damage|p2a: Dunsparce|94/100 brn|[from] brn\n|upkeep\n|turn|24\n|inactive|Time left: 300 sec this turn | 300 sec total\n|\n|t:|1783572711\n|move|p1a: Sinistcha|Matcha Gotcha|p2a: Dunsparce|[miss]\n|-miss|p1a: Sinistcha|p2a: Dunsparce\n|move|p2a: Dunsparce|Roost|p2a: Dunsparce\n|-heal|p2a: Dunsparce|100/100 brn\n|-singleturn|p2a: Dunsparce|move: Roost\n|\n|-damage|p2a: Dunsparce|94/100 brn|[from] brn\n|upkeep\n|turn|25\n|inactive|Time left: 300 sec this turn | 300 sec total\n|\n|t:|1783572712\n|move|p1a: Sinistcha|Matcha Gotcha|p2a: Dunsparce\n|-damage|p2a: Dunsparce|46/100 brn\n|move|p2a: Dunsparce|Body Slam|p1a: Sinistcha\n|-immune|p1a: Sinistcha\n|\n|-damage|p2a: Dunsparce|40/100 brn|[from] brn\n|upkeep\n|turn|26\n|inactive|Time left: 300 sec this turn | 300 sec total\n|\n|t:|1783572713\n|move|p1a: Sinistcha|Matcha Gotcha|p2a: Dunsparce\n|-damage|p2a: Dunsparce|0 fnt\n|faint|p2a: Dunsparce\n|\n|upkeep\n|\n|t:|1783572714\n|switch|p2a: Grimmsnarl|Grimmsnarl, L83, M|91/100\n|turn|27\n|inactive|Time left: 300 sec this turn | 300 sec total\n|\n|t:|1783572715\n|move|p2a: Grimmsnarl|Thunder Wave|p1a: Sinistcha\n|-status|p1a: Sinistcha|par\n|move|p1a: Sinistcha|Matcha Gotcha|p2a: Grimmsnarl\n|-damage|p2a: Grimmsnarl|20/100\n|\n|-heal|p2a: Grimmsnarl|26/100|[from] item: Leftovers\n|upkeep\n|turn|28\n|inactive|Time left: 300 sec this turn | 300 sec total\n|\n|t:|1783572716\n|move|p2a: Grimmsnarl|Parting Shot|p1a: Sinistcha\n|-unboost|p1a: Sinistcha|atk|1\n|-unboost|p1a: Sinistcha|spa|1\n|\n|t:|1783572717\n|switch|p2a: Houndoom|Houndoom, L87, M|100/100|[from] Parting Shot\n|cant|p1a: Sinistcha|par\n|\n|upkeep\n|turn|29\n|inactive|Time left: 300 sec this turn | 300 sec total\n|\n|t:|1783572718\n|switch|p1a: Basculin|Basculin-Blue-Striped, L86, F|213/261\n|move|p2a: Houndoom|Dark Pulse|p1a: Basculin\n|-damage|p1a: Basculin|84/261\n|\n|upkeep\n|turn|30\n|inactive|Time left: 300 sec this turn | 300 sec total\n|\n|t:|1783572719\n|-terastallize|p1a: Basculin|Water\n|move|p1a: Basculin|Aqua Jet|p2a: Houndoom\n|-supereffective|p2a: Houndoom\n|-damage|p2a: Houndoom|0 fnt\n|faint|p2a: Houndoom\n|\n|upkeep\n|\n|t:|1783572720\n|switch|p2a: Grimmsnarl|Grimmsnarl, L83, M|26/100\n|turn|31\n|inactive|Time left: 300 sec this turn | 300 sec total\n|\n|t:|1783572721\n|move|p1a: Basculin|Aqua Jet|p2a: Grimmsnarl\n|-damage|p2a: Grimmsnarl|0 fnt\n|faint|p2a: Grimmsnarl\n|\n|win|p0x2837d1e2", "uploadtime": 1783572721, "views": 0, "rating": 0, "private": 0, "password": null, "_winner": "p0x2837d1e2", "_our_name": "p0x2837d1e2"}