{"id": "battle-gen9randombattle-2460", "formatid": "gen9randombattle", "format": "[Gen 9] Random Battle", "players": ["p0x2460b7a9", "p0y2460bd34"], "log": "|init|battle\n|title|p0x2460b7a9 vs. p0y2460bd34\n|j|\u2606p0x2460b7a9\n|j|\u2606p0y2460bd34\n|t:|1783568514\n|gametype|singles\n|player|p1|p0x2460b7a9|170|\n|player|p2|p0y2460bd34|266|\n|gen|9\n|tier|[Gen 9] Random Battle\n|rule|Species Clause: Limit one of each Pok\u00e9mon\n|rule|HP Percentage Mod: HP is shown in percentages\n|rule|Sleep Clause Mod: Limit one foe put to sleep\n|rule|Illusion Level Mod: Illusion disguises the Pok\u00e9mon's true level\n|\n|t:|1783568514\n|teamsize|p1|6\n|teamsize|p2|6\n|start\n|switch|p1a: Diancie|Diancie, L82|100/100\n|switch|p2a: Illumise|Illumise, L91, F|266/266\n|turn|1\n|inactive|Battle timer is ON: inactive players will automatically lose when time's up. (requested by p0y2460bd34)\n|inactive|p0x2460b7a9 also wants the timer to be on.\n|\n|t:|1783568516\n|switch|p2a: Gliscor|Gliscor, L76, F|239/239\n|move|p1a: Diancie|Diamond Storm|p2a: Gliscor\n|-damage|p2a: Gliscor|151/239\n|\n|-status|p2a: Gliscor|tox|[from] item: Toxic Orb\n|upkeep\n|turn|2\n|inactive|Time left: 300 sec this turn | 300 sec total\n|\n|t:|1783568518\n|move|p2a: Gliscor|Earthquake|p1a: Diancie\n|-supereffective|p1a: Diancie\n|-crit|p1a: Diancie\n|-damage|p1a: Diancie|20/100\n|move|p1a: Diancie|Diamond Storm|p2a: Gliscor\n|-damage|p2a: Gliscor|61/239 tox\n|\n|-heal|p1a: Diancie|26/100|[from] item: Leftovers\n|-heal|p2a: Gliscor|90/239 tox|[from] ability: Poison Heal\n|upkeep\n|turn|3\n|inactive|Time left: 300 sec this turn | 300 sec total\n|\n|t:|1783568519\n|switch|p1a: Vikavolt|Vikavolt, L83, M|100/100\n|move|p2a: Gliscor|Earthquake|p1a: Vikavolt\n|-immune|p1a: Vikavolt|[from] ability: Levitate\n|\n|-heal|p2a: Gliscor|119/239 tox|[from] ability: Poison Heal\n|upkeep\n|turn|4\n|inactive|Time left: 300 sec this turn | 300 sec total\n|\n|t:|1783568520\n|move|p2a: Gliscor|Knock Off|p1a: Vikavolt\n|-damage|p1a: Vikavolt|78/100\n|-enditem|p1a: Vikavolt|Heavy-Duty Boots|[from] move: Knock Off|[of] p2a: Gliscor\n|move|p1a: Vikavolt|Sticky Web|p2a: Gliscor\n|-sidestart|p2: p0y2460bd34|move: Sticky Web\n|\n|-heal|p2a: Gliscor|148/239 tox|[from] ability: Poison Heal\n|upkeep\n|turn|5\n|inactive|Time left: 300 sec this turn | 300 sec total\n|\n|t:|1783568521\n|move|p2a: Gliscor|Toxic Spikes|p1a: Vikavolt\n|-sidestart|p1: p0x2460b7a9|move: Toxic Spikes\n|move|p1a: Vikavolt|Energy Ball|p2a: Gliscor\n|-damage|p2a: Gliscor|36/239 tox\n|\n|-heal|p2a: Gliscor|65/239 tox|[from] ability: Poison Heal\n|upkeep\n|turn|6\n|inactive|Time left: 300 sec this turn | 300 sec total\n|\n|t:|1783568522\n|move|p2a: Gliscor|Protect|p2a: Gliscor\n|-singleturn|p2a: Gliscor|Protect\n|move|p1a: Vikavolt|Bug Buzz|p2a: Gliscor\n|-activate|p2a: Gliscor|move: Protect\n|\n|-heal|p2a: Gliscor|94/239 tox|[from] ability: Poison Heal\n|upkeep\n|turn|7\n|inactive|Time left: 300 sec this turn | 300 sec total\n|\n|t:|1783568524\n|move|p2a: Gliscor|Toxic Spikes|p1a: Vikavolt\n|-sidestart|p1: p0x2460b7a9|move: Toxic Spikes\n|move|p1a: Vikavolt|Energy Ball|p2a: Gliscor\n|-damage|p2a: Gliscor|0 fnt\n|faint|p2a: Gliscor\n|\n|upkeep\n|inactive|Time left: 300 sec this turn | 300 sec total | 5 sec grace\n|\n|t:|1783568525\n|switch|p2a: Emboar|Emboar, L84, M|322/322\n|-activate|p2a: Emboar|move: Sticky Web\n|-unboost|p2a: Emboar|spe|1\n|turn|8\n|inactive|Time left: 300 sec this turn | 300 sec total\n|\n|t:|1783568526\n|move|p1a: Vikavolt|Discharge|p2a: Emboar\n|-damage|p2a: Emboar|189/322\n|-status|p2a: Emboar|par\n|move|p2a: Emboar|Flare Blitz|p1a: Vikavolt\n|-supereffective|p1a: Vikavolt\n|-damage|p1a: Vikavolt|0 fnt\n|faint|p1a: Vikavolt\n|-damage|p2a: Emboar|121/322 par|[from] Recoil\n|\n|upkeep\n|\n|t:|1783568527\n|switch|p1a: Forretress|Forretress, L84, M|100/100\n|turn|9\n|inactive|Time left: 300 sec this turn | 300 sec total\n|\n|t:|1783568528\n|move|p1a: Forretress|Rapid Spin|p2a: Emboar\n|-damage|p2a: Emboar|76/322 par\n|-boost|p1a: Forretress|spe|1\n|-sideend|p1: p0x2460b7a9|Toxic Spikes|[from] move: Rapid Spin|[of] p1a: Forretress\n|cant|p2a: Emboar|par\n|\n|upkeep\n|turn|10\n|inactive|Time left: 300 sec this turn | 300 sec total\n|\n|t:|1783568529\n|move|p1a: Forretress|Body Press|p2a: Emboar\n|-damage|p2a: Emboar|0 fnt\n|faint|p2a: Emboar\n|\n|upkeep\n|inactive|Time left: 300 sec this turn | 300 sec total | 5 sec grace\n|\n|t:|1783568530\n|switch|p2a: Ampharos|Ampharos, L88, F|302/302\n|-activate|p2a: Ampharos|move: Sticky Web\n|-unboost|p2a: Ampharos|spe|1\n|turn|11\n|inactive|Time left: 300 sec this turn | 300 sec total\n|\n|t:|1783568531\n|move|p1a: Forretress|Iron Head|p2a: Ampharos\n|-resisted|p2a: Ampharos\n|-damage|p2a: Ampharos|262/302\n|cant|p2a: Ampharos|flinch\n|\n|upkeep\n|turn|12\n|inactive|Time left: 300 sec this turn | 300 sec total\n|\n|t:|1783568532\n|move|p1a: Forretress|Iron Head|p2a: Ampharos\n|-resisted|p2a: Ampharos\n|-damage|p2a: Ampharos|223/302\n|cant|p2a: Ampharos|flinch\n|\n|upkeep\n|turn|13\n|inactive|Time left: 300 sec this turn | 300 sec total\n|\n|t:|1783568533\n|move|p1a: Forretress|Body Press|p2a: Ampharos\n|-damage|p2a: Ampharos|143/302\n|move|p2a: Ampharos|Discharge|p1a: Forretress\n|-damage|p1a: Forretress|51/100\n|\n|-heal|p1a: Forretress|57/100|[from] item: Leftovers\n|upkeep\n|turn|14\n|inactive|Time left: 300 sec this turn | 300 sec total\n|\n|t:|1783568534\n|move|p1a: Forretress|Iron Head|p2a: Ampharos\n|-resisted|p2a: Ampharos\n|-damage|p2a: Ampharos|104/302\n|cant|p2a: Ampharos|flinch\n|\n|-heal|p1a: Forretress|63/100|[from] item: Leftovers\n|upkeep\n|turn|15\n|inactive|Time left: 300 sec this turn | 300 sec total\n|\n|t:|1783568535\n|move|p1a: Forretress|Iron Head|p2a: Ampharos\n|-resisted|p2a: Ampharos\n|-damage|p2a: Ampharos|65/302\n|-status|p1a: Forretress|par|[from] ability: Static|[of] p2a: Ampharos\n|move|p2a: Ampharos|Discharge|p1a: Forretress\n|-damage|p1a: Forretress|14/100 par\n|\n|-heal|p1a: Forretress|20/100 par|[from] item: Leftovers\n|upkeep\n|turn|16\n|inactive|Time left: 300 sec this turn | 300 sec total\n|\n|t:|1783568536\n|move|p2a: Ampharos|Discharge|p1a: Forretress\n|-damage|p1a: Forretress|0 fnt\n|faint|p1a: Forretress\n|\n|upkeep\n|\n|t:|1783568537\n|switch|p1a: Diancie|Diancie, L82|26/100\n|turn|17\n|inactive|Time left: 300 sec this turn | 300 sec total\n|\n|t:|1783568538\n|move|p1a: Diancie|Diamond Storm|p2a: Ampharos\n|-damage|p2a: Ampharos|0 fnt\n|-boost|p1a: Diancie|def|2\n|faint|p2a: Ampharos\n|\n|-heal|p1a: Diancie|32/100|[from] item: Leftovers\n|upkeep\n|inactive|Time left: 300 sec this turn | 300 sec total | 5 sec grace\n|\n|t:|1783568539\n|switch|p2a: Dusknoir|Dusknoir, L89, M|225/225\n|-activate|p2a: Dusknoir|move: Sticky Web\n|-unboost|p2a: Dusknoir|spe|1\n|-item|p1a: Diancie|Leftovers|[from] ability: Frisk|[of] p2a: Dusknoir\n|turn|18\n|inactive|Time left: 300 sec this turn | 300 sec total\n|\n|t:|1783568540\n|move|p1a: Diancie|Diamond Storm|p2a: Dusknoir\n|-damage|p2a: Dusknoir|161/225\n|move|p2a: Dusknoir|Poltergeist|p1a: Diancie\n|-activate|p1a: Diancie|move: Poltergeist|Leftovers\n|-damage|p1a: Diancie|12/100\n|\n|-heal|p1a: Diancie|18/100|[from] item: Leftovers\n|-heal|p2a: Dusknoir|175/225|[from] item: Leftovers\n|upkeep\n|turn|19\n|inactive|Time left: 300 sec this turn | 300 sec total\n|\n|t:|1783568541\n|move|p1a: Diancie|Draining Kiss|p2a: Dusknoir\n|-damage|p2a: Dusknoir|139/225\n|-heal|p1a: Diancie|31/100|[from] drain|[of] p2a: Dusknoir\n|move|p2a: Dusknoir|Poltergeist|p1a: Diancie\n|-activate|p1a: Diancie|move: Poltergeist|Leftovers\n|-damage|p1a: Diancie|8/100\n|\n|-heal|p1a: Diancie|14/100|[from] item: Leftovers\n|-heal|p2a: Dusknoir|153/225|[from] item: Leftovers\n|upkeep\n|turn|20\n|inactive|Time left: 300 sec this turn | 300 sec total\n|\n|t:|1783568542\n|move|p1a: Diancie|Draining Kiss|p2a: Dusknoir\n|-damage|p2a: Dusknoir|119/225\n|-heal|p1a: Diancie|26/100|[from] drain|[of] p2a: Dusknoir\n|move|p2a: Dusknoir|Poltergeist|p1a: Diancie\n|-activate|p1a: Diancie|move: Poltergeist|Leftovers\n|-damage|p1a: Diancie|6/100\n|\n|-heal|p1a: Diancie|12/100|[from] item: Leftovers\n|-heal|p2a: Dusknoir|133/225|[from] item: Leftovers\n|upkeep\n|turn|21\n|inactive|Time left: 300 sec this turn | 300 sec total\n|\n|t:|1783568543\n|move|p1a: Diancie|Draining Kiss|p2a: Dusknoir\n|-damage|p2a: Dusknoir|100/225\n|-heal|p1a: Diancie|24/100|[from] drain|[of] p2a: Dusknoir\n|move|p2a: Dusknoir|Poltergeist|p1a: Diancie\n|-activate|p1a: Diancie|move: Poltergeist|Leftovers\n|-damage|p1a: Diancie|4/100\n|\n|-heal|p1a: Diancie|10/100|[from] item: Leftovers\n|-heal|p2a: Dusknoir|114/225|[from] item: Leftovers\n|upkeep\n|turn|22\n|inactive|Time left: 300 sec this turn | 300 sec total\n|\n|t:|1783568544\n|move|p1a: Diancie|Draining Kiss|p2a: Dusknoir\n|-damage|p2a: Dusknoir|80/225\n|-heal|p1a: Diancie|22/100|[from] drain|[of] p2a: Dusknoir\n|move|p2a: Dusknoir|Poltergeist|p1a: Diancie\n|-activate|p1a: Diancie|move: Poltergeist|Leftovers\n|-damage|p1a: Diancie|2/100\n|\n|-heal|p1a: Diancie|8/100|[from] item: Leftovers\n|-heal|p2a: Dusknoir|94/225|[from] item: Leftovers\n|upkeep\n|turn|23\n|inactive|Time left: 300 sec this turn | 300 sec total\n|\n|t:|1783568545\n|move|p1a: Diancie|Draining Kiss|p2a: Dusknoir\n|-damage|p2a: Dusknoir|61/225\n|-heal|p1a: Diancie|19/100|[from] drain|[of] p2a: Dusknoir\n|move|p2a: Dusknoir|Poltergeist|p1a: Diancie\n|-activate|p1a: Diancie|move: Poltergeist|Leftovers\n|-damage|p1a: Diancie|0 fnt\n|faint|p1a: Diancie\n|\n|-heal|p2a: Dusknoir|75/225|[from] item: Leftovers\n|upkeep\n|\n|t:|1783568546\n|switch|p1a: Vigoroth|Vigoroth, L85, F|100/100\n|turn|24\n|inactive|Time left: 300 sec this turn | 300 sec total\n|\n|t:|1783568547\n|move|p1a: Vigoroth|Knock Off|p2a: Dusknoir\n|-supereffective|p2a: Dusknoir\n|-damage|p2a: Dusknoir|0 fnt\n|-enditem|p2a: Dusknoir|Leftovers|[from] move: Knock Off|[of] p1a: Vigoroth\n|faint|p2a: Dusknoir\n|\n|upkeep\n|inactive|Time left: 300 sec this turn | 300 sec total | 5 sec grace\n|\n|t:|1783568547\n|switch|p2a: Vespiquen|Vespiquen, L99, F|299/299\n|-ability|p2a: Vespiquen|Pressure\n|turn|25\n|inactive|Time left: 300 sec this turn | 300 sec total\n|\n|t:|1783568548\n|move|p1a: Vigoroth|Bulk Up|p1a: Vigoroth\n|-boost|p1a: Vigoroth|atk|1\n|-boost|p1a: Vigoroth|def|1\n|move|p2a: Vespiquen|Air Slash|p1a: Vigoroth\n|-damage|p1a: Vigoroth|68/100\n|\n|upkeep\n|turn|26\n|inactive|Time left: 300 sec this turn | 300 sec total\n|\n|t:|1783568549\n|move|p1a: Vigoroth|Bulk Up|p1a: Vigoroth\n|-boost|p1a: Vigoroth|atk|1\n|-boost|p1a: Vigoroth|def|1\n|move|p2a: Vespiquen|Air Slash|p1a: Vigoroth\n|-damage|p1a: Vigoroth|35/100\n|\n|upkeep\n|turn|27\n|inactive|Time left: 300 sec this turn | 300 sec total\n|\n|t:|1783568550\n|move|p1a: Vigoroth|Slack Off|p1a: Vigoroth\n|-heal|p1a: Vigoroth|85/100\n|move|p2a: Vespiquen|Air Slash|p1a: Vigoroth\n|-damage|p1a: Vigoroth|54/100\n|\n|upkeep\n|turn|28\n|inactive|Time left: 300 sec this turn | 300 sec total\n|\n|t:|1783568551\n|move|p1a: Vigoroth|Slack Off|p1a: Vigoroth\n|-heal|p1a: Vigoroth|100/100\n|move|p2a: Vespiquen|Air Slash|p1a: Vigoroth\n|-damage|p1a: Vigoroth|71/100\n|\n|upkeep\n|turn|29\n|inactive|Time left: 300 sec this turn | 300 sec total\n|\n|t:|1783568553\n|move|p1a: Vigoroth|Body Slam|p2a: Vespiquen\n|-damage|p2a: Vespiquen|169/299\n|-status|p2a: Vespiquen|par\n|move|p2a: Vespiquen|Air Slash|p1a: Vigoroth\n|-damage|p1a: Vigoroth|39/100\n|\n|upkeep\n|turn|30\n|inactive|Time left: 300 sec this turn | 300 sec total\n|\n|t:|1783568554\n|move|p1a: Vigoroth|Knock Off|p2a: Vespiquen\n|-damage|p2a: Vespiquen|79/299 par\n|-enditem|p2a: Vespiquen|Heavy-Duty Boots|[from] move: Knock Off|[of] p1a: Vigoroth\n|move|p2a: Vespiquen|Air Slash|p1a: Vigoroth\n|-damage|p1a: Vigoroth|7/100\n|\n|upkeep\n|turn|31\n|inactive|Time left: 300 sec this turn | 300 sec total\n|\n|t:|1783568555\n|move|p1a: Vigoroth|Slack Off|p1a: Vigoroth\n|-heal|p1a: Vigoroth|57/100\n|move|p2a: Vespiquen|Air Slash|p1a: Vigoroth\n|-damage|p1a: Vigoroth|25/100\n|\n|upkeep\n|turn|32\n|inactive|Time left: 300 sec this turn | 300 sec total\n|\n|t:|1783568556\n|move|p1a: Vigoroth|Slack Off|p1a: Vigoroth\n|-heal|p1a: Vigoroth|75/100\n|move|p2a: Vespiquen|Air Slash|p1a: Vigoroth|[miss]\n|-miss|p2a: Vespiquen|p1a: Vigoroth\n|\n|upkeep\n|turn|33\n|inactive|Time left: 300 sec this turn | 300 sec total\n|\n|t:|1783568557\n|-terastallize|p2a: Vespiquen|Steel\n|move|p1a: Vigoroth|Body Slam|p2a: Vespiquen\n|-resisted|p2a: Vespiquen\n|-damage|p2a: Vespiquen|22/299 par\n|move|p2a: Vespiquen|Roost|p2a: Vespiquen\n|-heal|p2a: Vespiquen|172/299 par\n|\n|upkeep\n|turn|34\n|inactive|Time left: 300 sec this turn | 300 sec total\n|\n|t:|1783568558\n|move|p1a: Vigoroth|Bulk Up|p1a: Vigoroth\n|-boost|p1a: Vigoroth|atk|1\n|-boost|p1a: Vigoroth|def|1\n|move|p2a: Vespiquen|Roost|p2a: Vespiquen\n|-heal|p2a: Vespiquen|299/299 par\n|\n|upkeep\n|turn|35\n|inactive|Time left: 300 sec this turn | 300 sec total\n|\n|t:|1783568559\n|move|p1a: Vigoroth|Bulk Up|p1a: Vigoroth\n|-boost|p1a: Vigoroth|atk|1\n|-boost|p1a: Vigoroth|def|1\n|move|p2a: Vespiquen|Air Slash|p1a: Vigoroth\n|-damage|p1a: Vigoroth|44/100\n|\n|upkeep\n|turn|36\n|inactive|Time left: 300 sec this turn | 300 sec total\n|\n|t:|1783568560\n|move|p1a: Vigoroth|Slack Off|p1a: Vigoroth\n|-heal|p1a: Vigoroth|95/100\n|move|p2a: Vespiquen|Air Slash|p1a: Vigoroth\n|-damage|p1a: Vigoroth|60/100\n|\n|upkeep\n|turn|37\n|inactive|Time left: 300 sec this turn | 300 sec total\n|\n|t:|1783568561\n|move|p1a: Vigoroth|Knock Off|p2a: Vespiquen\n|-damage|p2a: Vespiquen|212/299 par\n|move|p2a: Vespiquen|Air Slash|p1a: Vigoroth\n|-damage|p1a: Vigoroth|27/100\n|\n|upkeep\n|turn|38\n|inactive|Time left: 300 sec this turn | 300 sec total\n|\n|t:|1783568562\n|move|p1a: Vigoroth|Slack Off|p1a: Vigoroth\n|-heal|p1a: Vigoroth|78/100\n|cant|p2a: Vespiquen|par\n|\n|upkeep\n|turn|39\n|inactive|Time left: 300 sec this turn | 300 sec total\n|\n|t:|1783568563\n|move|p1a: Vigoroth|Knock Off|p2a: Vespiquen\n|-damage|p2a: Vespiquen|122/299 par\n|cant|p2a: Vespiquen|par\n|\n|upkeep\n|turn|40\n|inactive|Time left: 300 sec this turn | 300 sec total\n|\n|t:|1783568565\n|move|p1a: Vigoroth|Body Slam|p2a: Vespiquen\n|-resisted|p2a: Vespiquen\n|-damage|p2a: Vespiquen|34/299 par\n|move|p2a: Vespiquen|Roost|p2a: Vespiquen\n|-heal|p2a: Vespiquen|184/299 par\n|\n|upkeep\n|turn|41\n|inactive|Time left: 300 sec this turn | 300 sec total\n|\n|t:|1783568566\n|move|p1a: Vigoroth|Knock Off|p2a: Vespiquen\n|-damage|p2a: Vespiquen|86/299 par\n|cant|p2a: Vespiquen|par\n|\n|upkeep\n|turn|42\n|inactive|Time left: 300 sec this turn | 300 sec total\n|\n|t:|1783568567\n|move|p1a: Vigoroth|Knock Off|p2a: Vespiquen\n|-damage|p2a: Vespiquen|0 fnt\n|faint|p2a: Vespiquen\n|\n|upkeep\n|inactive|Time left: 300 sec this turn | 300 sec total | 5 sec grace\n|\n|t:|1783568568\n|switch|p2a: Illumise|Illumise, L91, F|266/266\n|turn|43\n|inactive|Time left: 300 sec this turn | 300 sec total\n|\n|t:|1783568569\n|move|p2a: Illumise|Thunder Wave|p1a: Vigoroth|[miss]\n|-miss|p2a: Illumise|p1a: Vigoroth\n|move|p1a: Vigoroth|Body Slam|p2a: Illumise\n|-damage|p2a: Illumise|29/266\n|-status|p2a: Illumise|par\n|\n|upkeep\n|turn|44\n|inactive|Time left: 300 sec this turn | 300 sec total\n|\n|t:|1783568570\n|-terastallize|p1a: Vigoroth|Ghost\n|cant|p2a: Illumise|par\n|move|p1a: Vigoroth|Body Slam|p2a: Illumise\n|-damage|p2a: Illumise|0 fnt\n|faint|p2a: Illumise\n|\n|win|p0x2460b7a9", "uploadtime": 1783568570, "views": 0, "rating": 0, "private": 0, "password": null, "_winner": "p0x2460b7a9", "_our_name": "p0y2460bd34"}