{"id": "battle-gen9randombattle-949", "formatid": "gen9randombattle", "format": "[Gen 9] Random Battle", "players": ["p0x9496141", "p0y949426d"], "log": "|init|battle\n|title|p0x9496141 vs. p0y949426d\n|j|\u2606p0x9496141\n|j|\u2606p0y949426d\n|t:|1783550154\n|gametype|singles\n|player|p1|p0x9496141|169|\n|player|p2|p0y949426d|169|\n|gen|9\n|tier|[Gen 9] Random Battle\n|rule|Species Clause: Limit one of each Pok\u00e9mon\n|rule|HP Percentage Mod: HP is shown in percentages\n|rule|Sleep Clause Mod: Limit one foe put to sleep\n|rule|Illusion Level Mod: Illusion disguises the Pok\u00e9mon's true level\n|\n|t:|1783550154\n|teamsize|p1|6\n|teamsize|p2|6\n|start\n|switch|p1a: Flygon|Flygon, L82, F|100/100\n|switch|p2a: Rayquaza|Rayquaza, L72|270/270\n|-ability|p2a: Rayquaza|Air Lock\n|turn|1\n|inactive|Battle timer is ON: inactive players will automatically lose when time's up. (requested by p0x9496141)\n|inactive|Time left: 300 sec this turn | 300 sec total | 60 sec grace\n|inactive|p0y949426d also wants the timer to be on.\n|\n|t:|1783550156\n|switch|p2a: Porygon2|Porygon2, L81|270/270\n|-ability|p2a: Porygon2|Download|boost\n|-boost|p2a: Porygon2|spa|1\n|move|p1a: Flygon|Outrage|p2a: Porygon2\n|-damage|p2a: Porygon2|183/270\n|\n|upkeep\n|turn|2\n|inactive|Time left: 300 sec this turn | 300 sec total\n|\n|t:|1783550157\n|move|p1a: Flygon|Outrage|p2a: Porygon2|[from] lockedmove\n|-damage|p2a: Porygon2|99/270\n|-start|p1a: Flygon|confusion|[fatigue]\n|move|p2a: Porygon2|Ice Beam|p1a: Flygon\n|-supereffective|p1a: Flygon\n|-damage|p1a: Flygon|0 fnt\n|faint|p1a: Flygon\n|\n|upkeep\n|\n|t:|1783550158\n|switch|p1a: Dragapult|Dragapult, L77, F|100/100\n|turn|3\n|inactive|Time left: 300 sec this turn | 300 sec total\n|\n|t:|1783550159\n|move|p1a: Dragapult|Draco Meteor|p2a: Porygon2\n|-damage|p2a: Porygon2|0 fnt\n|-unboost|p1a: Dragapult|spa|2\n|faint|p2a: Porygon2\n|\n|upkeep\n|inactive|Time left: 300 sec this turn | 300 sec total | 5 sec grace\n|\n|t:|1783550160\n|switch|p2a: Kyurem|Kyurem-White, L73|303/303\n|-ability|p2a: Kyurem|Turboblaze\n|turn|4\n|inactive|Time left: 300 sec this turn | 300 sec total\n|\n|t:|1783550161\n|switch|p1a: Mimikyu|Mimikyu, L79, M|100/100\n|move|p2a: Kyurem|Ice Beam|p1a: Mimikyu\n|-damage|p1a: Mimikyu|26/100\n|\n|upkeep\n|turn|5\n|inactive|Time left: 300 sec this turn | 300 sec total\n|\n|t:|1783550162\n|switch|p2a: Hippowdon|Hippowdon, L82, F|311/311\n|-weather|Sandstorm|[from] ability: Sand Stream|[of] p2a: Hippowdon\n|move|p1a: Mimikyu|Play Rough|p2a: Hippowdon\n|-damage|p2a: Hippowdon|225/311\n|-unboost|p2a: Hippowdon|atk|1\n|-damage|p1a: Mimikyu|10/100|[from] item: Rocky Helmet|[of] p2a: Hippowdon\n|-damage|p1a: Mimikyu|0 fnt|[from] item: Life Orb\n|faint|p1a: Mimikyu\n|\n|-weather|Sandstorm|[upkeep]\n|upkeep\n|\n|t:|1783550163\n|switch|p1a: Dragapult|Dragapult, L77, F|100/100\n|turn|6\n|inactive|Time left: 300 sec this turn | 300 sec total\n|\n|t:|1783550164\n|move|p1a: Dragapult|Draco Meteor|p2a: Hippowdon\n|-damage|p2a: Hippowdon|12/311\n|-unboost|p1a: Dragapult|spa|2\n|move|p2a: Hippowdon|Slack Off|p2a: Hippowdon\n|-heal|p2a: Hippowdon|168/311\n|\n|-weather|Sandstorm|[upkeep]\n|-damage|p1a: Dragapult|94/100|[from] Sandstorm\n|upkeep\n|turn|7\n|inactive|Time left: 300 sec this turn | 300 sec total\n|\n|t:|1783550165\n|switch|p1a: Squawkabilly|Squawkabilly, L85, F|100/100\n|move|p2a: Hippowdon|Slack Off|p2a: Hippowdon\n|-heal|p2a: Hippowdon|311/311\n|\n|-weather|Sandstorm|[upkeep]\n|-damage|p1a: Squawkabilly|94/100|[from] Sandstorm\n|-status|p1a: Squawkabilly|brn|[from] item: Flame Orb\n|upkeep\n|turn|8\n|inactive|Time left: 300 sec this turn | 300 sec total\n|\n|t:|1783550166\n|move|p1a: Squawkabilly|Facade|p2a: Hippowdon\n|-damage|p2a: Hippowdon|137/311\n|-damage|p1a: Squawkabilly|78/100 brn|[from] item: Rocky Helmet|[of] p2a: Hippowdon\n|move|p2a: Hippowdon|Stealth Rock|p1a: Squawkabilly\n|-sidestart|p1: p0x9496141|move: Stealth Rock\n|\n|-weather|Sandstorm|[upkeep]\n|-damage|p1a: Squawkabilly|72/100 brn|[from] Sandstorm\n|-damage|p1a: Squawkabilly|66/100 brn|[from] brn\n|upkeep\n|turn|9\n|inactive|Time left: 300 sec this turn | 300 sec total\n|\n|t:|1783550167\n|-terastallize|p2a: Hippowdon|Steel\n|move|p1a: Squawkabilly|Facade|p2a: Hippowdon\n|-resisted|p2a: Hippowdon\n|-damage|p2a: Hippowdon|50/311\n|-damage|p1a: Squawkabilly|49/100 brn|[from] item: Rocky Helmet|[of] p2a: Hippowdon\n|move|p2a: Hippowdon|Slack Off|p2a: Hippowdon\n|-heal|p2a: Hippowdon|206/311\n|\n|-weather|none\n|-damage|p1a: Squawkabilly|43/100 brn|[from] brn\n|upkeep\n|turn|10\n|inactive|Time left: 300 sec this turn | 300 sec total\n|\n|t:|1783550168\n|switch|p1a: Swampert|Swampert, L83, M|100/100\n|-damage|p1a: Swampert|95/100|[from] Stealth Rock\n|move|p2a: Hippowdon|Slack Off|p2a: Hippowdon\n|-heal|p2a: Hippowdon|311/311\n|\n|-heal|p1a: Swampert|100/100|[from] item: Leftovers\n|upkeep\n|turn|11\n|inactive|Time left: 300 sec this turn | 300 sec total\n|\n|t:|1783550169\n|switch|p2a: Kyurem|Kyurem-White, L73|303/303\n|-ability|p2a: Kyurem|Turboblaze\n|move|p1a: Swampert|Ice Beam|p2a: Kyurem\n|-damage|p2a: Kyurem|243/303\n|\n|upkeep\n|turn|12\n|inactive|Time left: 300 sec this turn | 300 sec total\n|\n|t:|1783550170\n|-terastallize|p1a: Swampert|Steel\n|move|p2a: Kyurem|Freeze-Dry|p1a: Swampert\n|-resisted|p1a: Swampert\n|-damage|p1a: Swampert|78/100\n|move|p1a: Swampert|Earthquake|p2a: Kyurem\n|-damage|p2a: Kyurem|110/303\n|\n|-heal|p1a: Swampert|84/100|[from] item: Leftovers\n|upkeep\n|turn|13\n|inactive|Time left: 300 sec this turn | 300 sec total\n|\n|t:|1783550171\n|move|p2a: Kyurem|Freeze-Dry|p1a: Swampert\n|-resisted|p1a: Swampert\n|-damage|p1a: Swampert|63/100\n|move|p1a: Swampert|Earthquake|p2a: Kyurem\n|-damage|p2a: Kyurem|0 fnt\n|faint|p2a: Kyurem\n|\n|-heal|p1a: Swampert|69/100|[from] item: Leftovers\n|upkeep\n|inactive|Time left: 300 sec this turn | 300 sec total | 5 sec grace\n|\n|t:|1783550172\n|switch|p2a: Rayquaza|Rayquaza, L72|270/270\n|-ability|p2a: Rayquaza|Air Lock\n|turn|14\n|inactive|Time left: 300 sec this turn | 300 sec total\n|\n|t:|1783550173\n|move|p2a: Rayquaza|Earthquake|p1a: Swampert\n|-supereffective|p1a: Swampert\n|-damage|p1a: Swampert|1/100\n|move|p1a: Swampert|Ice Beam|p2a: Rayquaza\n|-supereffective|p2a: Rayquaza\n|-damage|p2a: Rayquaza|6/270\n|\n|-heal|p1a: Swampert|7/100|[from] item: Leftovers\n|upkeep\n|turn|15\n|inactive|Time left: 300 sec this turn | 300 sec total\n|\n|t:|1783550175\n|move|p2a: Rayquaza|Earthquake|p1a: Swampert\n|-supereffective|p1a: Swampert\n|-damage|p1a: Swampert|0 fnt\n|faint|p1a: Swampert\n|\n|upkeep\n|\n|t:|1783550176\n|switch|p1a: Mienshao|Mienshao, L83, F|100/100\n|-damage|p1a: Mienshao|94/100|[from] Stealth Rock\n|turn|16\n|inactive|Time left: 300 sec this turn | 300 sec total\n|\n|t:|1783550177\n|switch|p2a: Spiritomb|Spiritomb, L89, M|234/234\n|move|p1a: Mienshao|Knock Off|p2a: Spiritomb\n|-damage|p2a: Spiritomb|171/234\n|-enditem|p2a: Spiritomb|Leftovers|[from] move: Knock Off|[of] p1a: Mienshao\n|\n|upkeep\n|turn|17\n|inactive|Time left: 300 sec this turn | 300 sec total\n|\n|t:|1783550178\n|move|p1a: Mienshao|Knock Off|p2a: Spiritomb\n|-damage|p2a: Spiritomb|124/234\n|move|p2a: Spiritomb|Foul Play|p1a: Mienshao\n|-resisted|p1a: Mienshao\n|-damage|p1a: Mienshao|61/100\n|\n|upkeep\n|turn|18\n|inactive|Time left: 300 sec this turn | 300 sec total\n|\n|t:|1783550179\n|move|p1a: Mienshao|U-turn|p2a: Spiritomb\n|-damage|p2a: Spiritomb|79/234\n|\n|t:|1783550180\n|switch|p1a: Squawkabilly|Squawkabilly, L85, F|43/100 brn|[from] U-turn\n|-damage|p1a: Squawkabilly|18/100 brn|[from] Stealth Rock\n|move|p2a: Spiritomb|Poltergeist|p1a: Squawkabilly\n|-immune|p1a: Squawkabilly\n|\n|-damage|p1a: Squawkabilly|12/100 brn|[from] brn\n|upkeep\n|turn|19\n|inactive|Time left: 300 sec this turn | 300 sec total\n|\n|t:|1783550181\n|move|p1a: Squawkabilly|Brave Bird|p2a: Spiritomb\n|-damage|p2a: Spiritomb|0 fnt\n|faint|p2a: Spiritomb\n|-damage|p1a: Squawkabilly|3/100 brn|[from] Recoil\n|\n|-damage|p1a: Squawkabilly|0 fnt|[from] brn\n|faint|p1a: Squawkabilly\n|upkeep\n|inactive|Time left: 300 sec this turn | 300 sec total | 5 sec grace\n|\n|t:|1783550182\n|switch|p1a: Mienshao|Mienshao, L83, F|94/100\n|switch|p2a: Girafarig|Girafarig, L89, F|269/269\n|-damage|p1a: Mienshao|88/100|[from] Stealth Rock\n|turn|20\n|inactive|Time left: 300 sec this turn | 300 sec total\n|\n|t:|1783550183\n|move|p1a: Mienshao|Fake Out|p2a: Girafarig\n|-damage|p2a: Girafarig|239/269\n|cant|p2a: Girafarig|flinch\n|\n|upkeep\n|turn|21\n|inactive|Time left: 300 sec this turn | 300 sec total\n|\n|t:|1783550184\n|move|p1a: Mienshao|Knock Off|p2a: Girafarig\n|-supereffective|p2a: Girafarig\n|-damage|p2a: Girafarig|103/269\n|-enditem|p2a: Girafarig|Eviolite|[from] move: Knock Off|[of] p1a: Mienshao\n|move|p2a: Girafarig|Psyshock|p1a: Mienshao\n|-supereffective|p1a: Mienshao\n|-damage|p1a: Mienshao|0 fnt\n|faint|p1a: Mienshao\n|\n|upkeep\n|\n|t:|1783550185\n|switch|p1a: Dragapult|Dragapult, L77, F|94/100\n|-damage|p1a: Dragapult|82/100|[from] Stealth Rock\n|turn|22\n|inactive|Time left: 300 sec this turn | 300 sec total\n|\n|t:|1783550186\n|move|p1a: Dragapult|Fire Blast|p2a: Girafarig\n|-damage|p2a: Girafarig|0 fnt\n|faint|p2a: Girafarig\n|\n|upkeep\n|inactive|Time left: 300 sec this turn | 300 sec total | 5 sec grace\n|\n|t:|1783550187\n|switch|p2a: Hippowdon|Hippowdon, L82, F, tera:Steel|311/311\n|-weather|Sandstorm|[from] ability: Sand Stream|[of] p2a: Hippowdon\n|turn|23\n|inactive|Time left: 300 sec this turn | 300 sec total\n|\n|t:|1783550188\n|move|p1a: Dragapult|Fire Blast|p2a: Hippowdon\n|-supereffective|p2a: Hippowdon\n|-damage|p2a: Hippowdon|85/311\n|move|p2a: Hippowdon|Earthquake|p1a: Dragapult\n|-damage|p1a: Dragapult|34/100\n|\n|-weather|Sandstorm|[upkeep]\n|-damage|p1a: Dragapult|28/100|[from] Sandstorm\n|upkeep\n|turn|24\n|inactive|Time left: 300 sec this turn | 300 sec total\n|\n|t:|1783550189\n|move|p1a: Dragapult|Fire Blast|p2a: Hippowdon\n|-supereffective|p2a: Hippowdon\n|-damage|p2a: Hippowdon|0 fnt\n|faint|p2a: Hippowdon\n|\n|-weather|Sandstorm|[upkeep]\n|-damage|p1a: Dragapult|21/100|[from] Sandstorm\n|upkeep\n|inactive|Time left: 300 sec this turn | 300 sec total | 5 sec grace\n|\n|t:|1783550190\n|switch|p2a: Rayquaza|Rayquaza, L72|6/270\n|-ability|p2a: Rayquaza|Air Lock\n|turn|25\n|inactive|Time left: 300 sec this turn | 300 sec total\n|\n|t:|1783550191\n|move|p1a: Dragapult|Fire Blast|p2a: Rayquaza\n|-resisted|p2a: Rayquaza\n|-damage|p2a: Rayquaza|0 fnt\n|faint|p2a: Rayquaza\n|\n|win|p0x9496141", "uploadtime": 1783550191, "views": 0, "rating": 0, "private": 0, "password": null, "_winner": "p0x9496141", "_our_name": "p0y949426d"}