{"id": "battle-gen9randombattle-5", "formatid": "gen9randombattle", "format": "[Gen 9] Random Battle", "players": ["p0x005abe5", "p0y00505b9"], "log": "|init|battle\n|title|p0x005abe5 vs. p0y00505b9\n|j|\u2606p0x005abe5\n|j|\u2606p0y00505b9\n|t:|1783539234\n|gametype|singles\n|player|p1|p0x005abe5|2|\n|player|p2|p0y00505b9|265|\n|gen|9\n|tier|[Gen 9] Random Battle\n|rule|Species Clause: Limit one of each Pok\u00e9mon\n|rule|HP Percentage Mod: HP is shown in percentages\n|rule|Sleep Clause Mod: Limit one foe put to sleep\n|rule|Illusion Level Mod: Illusion disguises the Pok\u00e9mon's true level\n|\n|t:|1783539234\n|teamsize|p1|6\n|teamsize|p2|6\n|start\n|switch|p1a: Toedscruel|Toedscruel, L87, F|281/281\n|switch|p2a: Ogerpon|Ogerpon-Hearthflame, L74, F|100/100\n|-ability|p2a: Ogerpon|Mold Breaker\n|turn|1\n|inactive|Battle timer is ON: inactive players will automatically lose when time's up. (requested by p0x005abe5)\n|inactive|p0y00505b9 also wants the timer to be on.\n|\n|t:|1783539235\n|switch|p1a: Inteleon|Inteleon, L81, M|246/246\n|move|p2a: Ogerpon|Ivy Cudgel|p1a: Inteleon|[anim] Ivy Cudgel Fire\n|-resisted|p1a: Inteleon\n|-damage|p1a: Inteleon|177/246\n|\n|upkeep\n|turn|2\n|inactive|Time left: 300 sec this turn | 300 sec total\n|\n|t:|1783539236\n|-terastallize|p1a: Inteleon|Water\n|move|p1a: Inteleon|Hydro Pump|p2a: Ogerpon\n|-damage|p2a: Ogerpon|0 fnt\n|faint|p2a: Ogerpon\n|\n|upkeep\n|\n|t:|1783539236\n|switch|p2a: Gyarados|Gyarados, L79, M|100/100\n|turn|3\n|inactive|Time left: 300 sec this turn | 300 sec total\n|\n|t:|1783539237\n|move|p1a: Inteleon|Hydro Pump|p2a: Gyarados|[miss]\n|-miss|p1a: Inteleon|p2a: Gyarados\n|move|p2a: Gyarados|Dragon Dance|p2a: Gyarados\n|-boost|p2a: Gyarados|atk|1\n|-boost|p2a: Gyarados|spe|1\n|\n|upkeep\n|turn|4\n|inactive|Time left: 300 sec this turn | 300 sec total\n|\n|t:|1783539238\n|move|p2a: Gyarados|Dragon Dance|p2a: Gyarados\n|-boost|p2a: Gyarados|atk|1\n|-boost|p2a: Gyarados|spe|1\n|move|p1a: Inteleon|Hydro Pump|p2a: Gyarados\n|-resisted|p2a: Gyarados\n|-damage|p2a: Gyarados|59/100\n|\n|upkeep\n|turn|5\n|inactive|Time left: 300 sec this turn | 300 sec total\n|\n|t:|1783539239\n|switch|p1a: Toedscruel|Toedscruel, L87, F|281/281\n|move|p2a: Gyarados|Earthquake|p1a: Toedscruel\n|-resisted|p1a: Toedscruel\n|-damage|p1a: Toedscruel|193/281\n|\n|-heal|p1a: Toedscruel|210/281|[from] item: Leftovers\n|upkeep\n|turn|6\n|inactive|Time left: 300 sec this turn | 300 sec total\n|\n|t:|1783539240\n|switch|p1a: Inteleon|Inteleon, L81, M, tera:Water|177/246\n|move|p2a: Gyarados|Waterfall|p1a: Inteleon\n|-resisted|p1a: Inteleon\n|-damage|p1a: Inteleon|58/246\n|\n|upkeep\n|turn|7\n|inactive|Time left: 300 sec this turn | 300 sec total\n|\n|t:|1783539241\n|move|p2a: Gyarados|Waterfall|p1a: Inteleon\n|-resisted|p1a: Inteleon\n|-damage|p1a: Inteleon|0 fnt\n|faint|p1a: Inteleon\n|-ability|p2a: Gyarados|Moxie|boost\n|-boost|p2a: Gyarados|atk|1\n|\n|upkeep\n|inactive|Time left: 300 sec this turn | 300 sec total | 5 sec grace\n|\n|t:|1783539242\n|switch|p1a: Cobalion|Cobalion, L80|277/277\n|turn|8\n|inactive|Time left: 300 sec this turn | 300 sec total\n|\n|t:|1783539244\n|switch|p1a: Toedscruel|Toedscruel, L87, F|210/281\n|move|p2a: Gyarados|Earthquake|p1a: Toedscruel\n|-resisted|p1a: Toedscruel\n|-damage|p1a: Toedscruel|101/281\n|\n|-heal|p1a: Toedscruel|118/281|[from] item: Leftovers\n|upkeep\n|turn|9\n|inactive|Time left: 300 sec this turn | 300 sec total\n|\n|t:|1783539245\n|move|p2a: Gyarados|Waterfall|p1a: Toedscruel\n|-damage|p1a: Toedscruel|0 fnt\n|faint|p1a: Toedscruel\n|-ability|p2a: Gyarados|Moxie|boost\n|-boost|p2a: Gyarados|atk|1\n|\n|upkeep\n|inactive|Time left: 300 sec this turn | 300 sec total | 5 sec grace\n|\n|t:|1783539246\n|switch|p1a: Gothitelle|Gothitelle, L90, M|272/272\n|turn|10\n|inactive|Time left: 300 sec this turn | 300 sec total\n|\n|t:|1783539247\n|move|p2a: Gyarados|Waterfall|p1a: Gothitelle\n|-damage|p1a: Gothitelle|23/272\n|move|p1a: Gothitelle|Psychic|p2a: Gyarados\n|-damage|p2a: Gyarados|21/100\n|\n|upkeep\n|turn|11\n|inactive|Time left: 300 sec this turn | 300 sec total\n|\n|t:|1783539248\n|move|p2a: Gyarados|Earthquake|p1a: Gothitelle\n|-damage|p1a: Gothitelle|0 fnt\n|faint|p1a: Gothitelle\n|-ability|p2a: Gyarados|Moxie|boost\n|-boost|p2a: Gyarados|atk|1\n|\n|upkeep\n|inactive|Time left: 300 sec this turn | 300 sec total | 5 sec grace\n|\n|t:|1783539249\n|switch|p1a: Pincurchin|Pincurchin, M|258/258\n|-fieldstart|move: Electric Terrain|[from] ability: Electric Surge|[of] p1a: Pincurchin\n|turn|12\n|inactive|Time left: 300 sec this turn | 300 sec total\n|\n|t:|1783539250\n|move|p2a: Gyarados|Earthquake|p1a: Pincurchin\n|-supereffective|p1a: Pincurchin\n|-damage|p1a: Pincurchin|0 fnt\n|faint|p1a: Pincurchin\n|-ability|p2a: Gyarados|Moxie|boost\n|-boost|p2a: Gyarados|atk|1\n|\n|upkeep\n|inactive|Time left: 300 sec this turn | 300 sec total | 5 sec grace\n|\n|t:|1783539251\n|switch|p1a: Flutter Mane|Flutter Mane, L74|203/203\n|turn|13\n|inactive|Time left: 300 sec this turn | 300 sec total\n|\n|t:|1783539252\n|move|p2a: Gyarados|Earthquake|p1a: Flutter Mane\n|-damage|p1a: Flutter Mane|0 fnt\n|faint|p1a: Flutter Mane\n|-end|p1a: Flutter Mane|Protosynthesis|[silent]\n|\n|upkeep\n|inactive|Time left: 300 sec this turn | 300 sec total | 5 sec grace\n|\n|t:|1783539253\n|switch|p1a: Cobalion|Cobalion, L80|277/277\n|turn|14\n|inactive|Time left: 300 sec this turn | 300 sec total\n|\n|t:|1783539253\n|-terastallize|p2a: Gyarados|Ground\n|move|p2a: Gyarados|Earthquake|p1a: Cobalion\n|-supereffective|p1a: Cobalion\n|-damage|p1a: Cobalion|0 fnt\n|faint|p1a: Cobalion\n|\n|win|p0y00505b9", "uploadtime": 1783539253, "views": 0, "rating": 0, "private": 0, "password": null, "_winner": "p0y00505b9", "_our_name": "p0x005abe5"}