{"id": "battle-gen9randombattle-644", "formatid": "gen9randombattle", "format": "[Gen 9] Random Battle", "players": ["p0x644ff13", "p0y6444671"], "log": "|init|battle\n|title|p0x644ff13 vs. p0y6444671\n|j|\u2606p0x644ff13\n|j|\u2606p0y6444671\n|t:|1783546573\n|gametype|singles\n|player|p1|p0x644ff13|169|\n|player|p2|p0y6444671|2|\n|gen|9\n|tier|[Gen 9] Random Battle\n|rule|Species Clause: Limit one of each Pok\u00e9mon\n|rule|HP Percentage Mod: HP is shown in percentages\n|rule|Sleep Clause Mod: Limit one foe put to sleep\n|rule|Illusion Level Mod: Illusion disguises the Pok\u00e9mon's true level\n|\n|t:|1783546573\n|teamsize|p1|6\n|teamsize|p2|6\n|start\n|switch|p1a: Mamoswine|Mamoswine, L81, M|100/100\n|switch|p2a: Eelektross|Eelektross, L87, F|290/290\n|turn|1\n|inactive|Battle timer is ON: inactive players will automatically lose when time's up. (requested by p0y6444671)\n|inactive|p0x644ff13 also wants the timer to be on.\n|\n|t:|1783546575\n|move|p1a: Mamoswine|Icicle Crash|p2a: Eelektross\n|-damage|p2a: Eelektross|144/290\n|-damage|p1a: Mamoswine|91/100|[from] item: Life Orb\n|move|p2a: Eelektross|Giga Drain|p1a: Mamoswine\n|-supereffective|p1a: Mamoswine\n|-damage|p1a: Mamoswine|42/100\n|-heal|p2a: Eelektross|220/290|[from] drain|[of] p1a: Mamoswine\n|\n|upkeep\n|turn|2\n|inactive|Time left: 300 sec this turn | 300 sec total\n|\n|t:|1783546576\n|move|p1a: Mamoswine|Icicle Crash|p2a: Eelektross\n|-damage|p2a: Eelektross|84/290\n|-damage|p1a: Mamoswine|32/100|[from] item: Life Orb\n|move|p2a: Eelektross|Giga Drain|p1a: Mamoswine\n|-supereffective|p1a: Mamoswine\n|-damage|p1a: Mamoswine|0 fnt\n|-heal|p2a: Eelektross|133/290|[from] drain|[of] p1a: Mamoswine\n|faint|p1a: Mamoswine\n|\n|upkeep\n|\n|t:|1783546577\n|switch|p1a: Pelipper|Pelipper, L86, F|100/100\n|-weather|RainDance|[from] ability: Drizzle|[of] p1a: Pelipper\n|turn|3\n|inactive|Time left: 300 sec this turn | 300 sec total\n|\n|t:|1783546579\n|move|p1a: Pelipper|Weather Ball|p2a: Eelektross\n|-damage|p2a: Eelektross|0 fnt\n|faint|p2a: Eelektross\n|\n|-weather|RainDance|[upkeep]\n|upkeep\n|inactive|Time left: 300 sec this turn | 300 sec total | 5 sec grace\n|\n|t:|1783546580\n|switch|p2a: Electivire|Electivire, L84, F|263/263\n|turn|4\n|inactive|Time left: 300 sec this turn | 300 sec total\n|\n|t:|1783546581\n|move|p2a: Electivire|Supercell Slam|p1a: Pelipper\n|-supereffective|p1a: Pelipper\n|-crit|p1a: Pelipper\n|-damage|p1a: Pelipper|0 fnt\n|faint|p1a: Pelipper\n|-damage|p2a: Electivire|237/263|[from] item: Life Orb\n|\n|-weather|RainDance|[upkeep]\n|upkeep\n|\n|t:|1783546582\n|switch|p1a: Gouging Fire|Gouging Fire, L74|100/100\n|turn|5\n|inactive|Time left: 300 sec this turn | 300 sec total\n|\n|t:|1783546583\n|move|p2a: Electivire|Bulk Up|p2a: Electivire\n|-boost|p2a: Electivire|atk|1\n|-boost|p2a: Electivire|def|1\n|move|p1a: Gouging Fire|Dragon Dance|p1a: Gouging Fire\n|-boost|p1a: Gouging Fire|atk|1\n|-boost|p1a: Gouging Fire|spe|1\n|\n|-weather|RainDance|[upkeep]\n|upkeep\n|turn|6\n|inactive|Time left: 300 sec this turn | 300 sec total\n|\n|t:|1783546584\n|-terastallize|p1a: Gouging Fire|Fairy\n|move|p1a: Gouging Fire|Outrage|p2a: Electivire\n|-damage|p2a: Electivire|98/263\n|move|p2a: Electivire|Earthquake|p1a: Gouging Fire\n|-damage|p1a: Gouging Fire|44/100\n|-damage|p2a: Electivire|72/263|[from] item: Life Orb\n|\n|-weather|RainDance|[upkeep]\n|upkeep\n|turn|7\n|inactive|Time left: 300 sec this turn | 300 sec total\n|\n|t:|1783546585\n|switch|p2a: Mightyena|Mightyena, L96, F|290/290\n|-ability|p2a: Mightyena|Intimidate|boost\n|-unboost|p1a: Gouging Fire|atk|1\n|move|p1a: Gouging Fire|Outrage|p2a: Mightyena|[from] lockedmove\n|-damage|p2a: Mightyena|172/290\n|\n|-weather|none\n|upkeep\n|turn|8\n|inactive|Time left: 300 sec this turn | 300 sec total\n|\n|t:|1783546587\n|-terastallize|p2a: Mightyena|Fairy\n|move|p1a: Gouging Fire|Outrage|p2a: Mightyena|[from] lockedmove\n|-immune|p2a: Mightyena\n|-start|p1a: Gouging Fire|confusion|[fatigue]\n|move|p2a: Mightyena|Poison Fang|p1a: Gouging Fire\n|-supereffective|p1a: Gouging Fire\n|-damage|p1a: Gouging Fire|17/100\n|-status|p1a: Gouging Fire|tox\n|\n|-damage|p1a: Gouging Fire|11/100 tox|[from] psn\n|upkeep\n|turn|9\n|inactive|Time left: 300 sec this turn | 300 sec total\n|\n|t:|1783546588\n|-end|p1a: Gouging Fire|Protosynthesis|[silent]\n|switch|p1a: Venomoth|Venomoth, L84, F|100/100\n|move|p2a: Mightyena|Play Rough|p1a: Venomoth\n|-resisted|p1a: Venomoth\n|-damage|p1a: Venomoth|72/100\n|\n|upkeep\n|turn|10\n|inactive|Time left: 300 sec this turn | 300 sec total\n|\n|t:|1783546589\n|move|p1a: Venomoth|Sludge Wave|p2a: Mightyena\n|-supereffective|p2a: Mightyena\n|-damage|p2a: Mightyena|26/290\n|move|p2a: Mightyena|Crunch|p1a: Venomoth\n|-damage|p1a: Venomoth|15/100\n|\n|upkeep\n|turn|11\n|inactive|Time left: 300 sec this turn | 300 sec total\n|\n|t:|1783546590\n|move|p2a: Mightyena|Sucker Punch|p1a: Venomoth\n|-damage|p1a: Venomoth|0 fnt\n|faint|p1a: Venomoth\n|\n|upkeep\n|\n|t:|1783546591\n|switch|p1a: Regigigas|Regigigas, L84|100/100\n|-start|p1a: Regigigas|ability: Slow Start\n|turn|12\n|inactive|Time left: 300 sec this turn | 300 sec total\n|\n|t:|1783546592\n|switch|p2a: Ursaluna|Ursaluna-Bloodmoon, L79, M|308/308\n|move|p1a: Regigigas|Knock Off|p2a: Ursaluna\n|-damage|p2a: Ursaluna|261/308\n|-enditem|p2a: Ursaluna|Leftovers|[from] move: Knock Off|[of] p1a: Regigigas\n|\n|upkeep\n|turn|13\n|inactive|Time left: 300 sec this turn | 300 sec total\n|\n|t:|1783546593\n|move|p2a: Ursaluna|Calm Mind|p2a: Ursaluna\n|-boost|p2a: Ursaluna|spa|1\n|-boost|p2a: Ursaluna|spd|1\n|move|p1a: Regigigas|Body Slam|p2a: Ursaluna\n|-damage|p2a: Ursaluna|204/308\n|\n|upkeep\n|turn|14\n|inactive|Time left: 300 sec this turn | 300 sec total\n|\n|t:|1783546595\n|move|p2a: Ursaluna|Calm Mind|p2a: Ursaluna\n|-boost|p2a: Ursaluna|spa|1\n|-boost|p2a: Ursaluna|spd|1\n|move|p1a: Regigigas|Body Slam|p2a: Ursaluna\n|-damage|p2a: Ursaluna|150/308\n|\n|upkeep\n|turn|15\n|inactive|Time left: 300 sec this turn | 300 sec total\n|\n|t:|1783546596\n|move|p2a: Ursaluna|Moonlight|p2a: Ursaluna\n|-heal|p2a: Ursaluna|304/308\n|move|p1a: Regigigas|Body Slam|p2a: Ursaluna\n|-damage|p2a: Ursaluna|244/308\n|-status|p2a: Ursaluna|par\n|\n|upkeep\n|turn|16\n|inactive|Time left: 300 sec this turn | 300 sec total\n|\n|t:|1783546597\n|switch|p1a: Gouging Fire|Gouging Fire, L74, tera:Fairy|11/100 tox\n|move|p2a: Ursaluna|Blood Moon|p1a: Gouging Fire\n|-damage|p1a: Gouging Fire|0 fnt\n|faint|p1a: Gouging Fire\n|-end|p1a: Gouging Fire|Protosynthesis|[silent]\n|\n|upkeep\n|\n|t:|1783546598\n|switch|p1a: Ambipom|Ambipom, L84, M|100/100\n|turn|17\n|inactive|Time left: 300 sec this turn | 300 sec total\n|\n|t:|1783546599\n|move|p1a: Ambipom|Fake Out|p2a: Ursaluna\n|-damage|p2a: Ursaluna|172/308 par\n|cant|p2a: Ursaluna|flinch\n|\n|upkeep\n|turn|18\n|inactive|Time left: 300 sec this turn | 300 sec total\n|\n|t:|1783546600\n|move|p1a: Ambipom|Low Kick|p2a: Ursaluna\n|-supereffective|p2a: Ursaluna\n|-damage|p2a: Ursaluna|32/308 par\n|cant|p2a: Ursaluna|par\n|\n|upkeep\n|turn|19\n|inactive|Time left: 300 sec this turn | 300 sec total\n|\n|t:|1783546601\n|move|p2a: Ursaluna|Vacuum Wave|p1a: Ambipom\n|-supereffective|p1a: Ambipom\n|-damage|p1a: Ambipom|40/100\n|move|p1a: Ambipom|Knock Off|p2a: Ursaluna\n|-damage|p2a: Ursaluna|0 fnt\n|faint|p2a: Ursaluna\n|\n|upkeep\n|inactive|Time left: 300 sec this turn | 300 sec total | 5 sec grace\n|\n|t:|1783546601\n|switch|p2a: Mightyena|Mightyena, L96, F, tera:Fairy|26/290\n|-ability|p2a: Mightyena|Intimidate|boost\n|-unboost|p1a: Ambipom|atk|1\n|turn|20\n|inactive|Time left: 300 sec this turn | 300 sec total\n|\n|t:|1783546602\n|switch|p1a: Regigigas|Regigigas, L84|100/100\n|-start|p1a: Regigigas|ability: Slow Start\n|move|p2a: Mightyena|Sucker Punch||[still]\n|-fail|p2a: Mightyena\n|\n|upkeep\n|turn|21\n|inactive|Time left: 300 sec this turn | 300 sec total\n|\n|t:|1783546603\n|move|p2a: Mightyena|Play Rough|p1a: Regigigas\n|-damage|p1a: Regigigas|68/100\n|move|p1a: Regigigas|Body Slam|p2a: Mightyena\n|-damage|p2a: Mightyena|0 fnt\n|faint|p2a: Mightyena\n|\n|-heal|p1a: Regigigas|74/100|[from] item: Leftovers\n|upkeep\n|inactive|Time left: 300 sec this turn | 300 sec total | 5 sec grace\n|\n|t:|1783546604\n|switch|p2a: Gengar|Gengar, L81, M|230/230\n|turn|22\n|inactive|Time left: 300 sec this turn | 300 sec total\n|\n|t:|1783546605\n|move|p2a: Gengar|Focus Blast|p1a: Regigigas|[miss]\n|-miss|p2a: Gengar|p1a: Regigigas\n|move|p1a: Regigigas|Knock Off|p2a: Gengar\n|-supereffective|p2a: Gengar\n|-damage|p2a: Gengar|82/230\n|-enditem|p2a: Gengar|Life Orb|[from] move: Knock Off|[of] p1a: Regigigas\n|\n|-heal|p1a: Regigigas|80/100|[from] item: Leftovers\n|upkeep\n|turn|23\n|inactive|Time left: 300 sec this turn | 300 sec total\n|\n|t:|1783546606\n|move|p2a: Gengar|Focus Blast|p1a: Regigigas\n|-supereffective|p1a: Regigigas\n|-damage|p1a: Regigigas|26/100\n|-unboost|p1a: Regigigas|spd|1\n|move|p1a: Regigigas|Knock Off|p2a: Gengar\n|-supereffective|p2a: Gengar\n|-damage|p2a: Gengar|0 fnt\n|faint|p2a: Gengar\n|\n|-heal|p1a: Regigigas|32/100|[from] item: Leftovers\n|upkeep\n|inactive|Time left: 300 sec this turn | 300 sec total | 5 sec grace\n|\n|t:|1783546607\n|switch|p2a: Terapagos|Terapagos, L77, F|265/265\n|-activate|p2a: Terapagos|ability: Tera Shift\n|detailschange|p2a: Terapagos|Terapagos-Terastal, L77, F\n|-heal|p2a: Terapagos|273/273|[silent]\n|turn|24\n|inactive|Time left: 300 sec this turn | 300 sec total\n|\n|t:|1783546608\n|switch|p1a: Ambipom|Ambipom, L84, M|40/100\n|move|p2a: Terapagos|Tera Starstorm|p1a: Ambipom\n|-damage|p1a: Ambipom|0 fnt\n|faint|p1a: Ambipom\n|\n|upkeep\n|\n|t:|1783546609\n|switch|p1a: Regigigas|Regigigas, L84|32/100\n|-start|p1a: Regigigas|ability: Slow Start\n|turn|25\n|inactive|Time left: 300 sec this turn | 300 sec total\n|\n|t:|1783546610\n|move|p2a: Terapagos|Calm Mind|p2a: Terapagos\n|-boost|p2a: Terapagos|spa|1\n|-boost|p2a: Terapagos|spd|1\n|move|p1a: Regigigas|Rest|p1a: Regigigas\n|-status|p1a: Regigigas|slp|[from] move: Rest\n|-heal|p1a: Regigigas|100/100 slp|[silent]\n|\n|upkeep\n|turn|26\n|inactive|Time left: 300 sec this turn | 300 sec total\n|\n|t:|1783546611\n|move|p2a: Terapagos|Calm Mind|p2a: Terapagos\n|-boost|p2a: Terapagos|spa|1\n|-boost|p2a: Terapagos|spd|1\n|cant|p1a: Regigigas|slp\n|move|p1a: Regigigas|Sleep Talk|p1a: Regigigas\n|move|p1a: Regigigas|Knock Off|p2a: Terapagos|[from] move: Sleep Talk\n|-activate|p2a: Terapagos|ability: Tera Shell\n|-resisted|p2a: Terapagos\n|-damage|p2a: Terapagos|249/273\n|-enditem|p2a: Terapagos|Chesto Berry|[from] move: Knock Off|[of] p1a: Regigigas\n|\n|upkeep\n|turn|27\n|inactive|Time left: 300 sec this turn | 300 sec total\n|\n|t:|1783546612\n|move|p2a: Terapagos|Tera Starstorm|p1a: Regigigas\n|-damage|p1a: Regigigas|41/100 slp\n|cant|p1a: Regigigas|slp\n|move|p1a: Regigigas|Sleep Talk|p1a: Regigigas\n|move|p1a: Regigigas|Knock Off|p2a: Terapagos|[from] move: Sleep Talk\n|-damage|p2a: Terapagos|215/273\n|\n|-heal|p1a: Regigigas|48/100 slp|[from] item: Leftovers\n|upkeep\n|turn|28\n|inactive|Time left: 300 sec this turn | 300 sec total\n|\n|t:|1783546613\n|move|p2a: Terapagos|Tera Starstorm|p1a: Regigigas\n|-damage|p1a: Regigigas|0 fnt\n|faint|p1a: Regigigas\n|-end|p1a: Regigigas|Slow Start|[silent]\n|\n|win|p0y6444671", "uploadtime": 1783546613, "views": 0, "rating": 0, "private": 0, "password": null, "_winner": "p0y6444671", "_our_name": "p0y6444671"}