{"id": "battle-gen9randombattle-104", "formatid": "gen9randombattle", "format": "[Gen 9] Random Battle", "players": ["p0x1042133", "p0y104fbe2"], "log": "|init|battle\n|title|p0x1042133 vs. p0y104fbe2\n|j|\u2606p0x1042133\n|j|\u2606p0y104fbe2\n|t:|1783540383\n|gametype|singles\n|player|p1|p0x1042133|2|\n|player|p2|p0y104fbe2|266|\n|gen|9\n|tier|[Gen 9] Random Battle\n|rule|Species Clause: Limit one of each Pok\u00e9mon\n|rule|HP Percentage Mod: HP is shown in percentages\n|rule|Sleep Clause Mod: Limit one foe put to sleep\n|rule|Illusion Level Mod: Illusion disguises the Pok\u00e9mon's true level\n|\n|t:|1783540383\n|teamsize|p1|6\n|teamsize|p2|6\n|start\n|switch|p1a: Azumarill|Azumarill, L82, M|298/298\n|switch|p2a: Basculegion|Basculegion-F, L83, F|100/100\n|turn|1\n|inactive|Battle timer is ON: inactive players will automatically lose when time's up. (requested by p0x1042133)\n|inactive|p0y104fbe2 also wants the timer to be on.\n|\n|t:|1783540385\n|move|p2a: Basculegion|Shadow Ball|p1a: Azumarill\n|-damage|p1a: Azumarill|166/298\n|move|p1a: Azumarill|Knock Off|p2a: Basculegion\n|-supereffective|p2a: Basculegion\n|-damage|p2a: Basculegion|16/100\n|-enditem|p2a: Basculegion|Assault Vest|[from] move: Knock Off|[of] p1a: Azumarill\n|\n|upkeep\n|turn|2\n|inactive|Time left: 300 sec this turn | 300 sec total\n|\n|t:|1783540386\n|move|p2a: Basculegion|Shadow Ball|p1a: Azumarill\n|-damage|p1a: Azumarill|34/298\n|move|p1a: Azumarill|Knock Off|p2a: Basculegion\n|-supereffective|p2a: Basculegion\n|-crit|p2a: Basculegion\n|-damage|p2a: Basculegion|0 fnt\n|faint|p2a: Basculegion\n|\n|upkeep\n|\n|t:|1783540387\n|switch|p2a: Ho-Oh|Ho-Oh, L71|100/100\n|turn|3\n|inactive|Time left: 300 sec this turn | 300 sec total\n|\n|t:|1783540388\n|switch|p1a: Cloyster|Cloyster, L80, M|211/211\n|move|p2a: Ho-Oh|Sacred Fire|p1a: Cloyster\n|-damage|p1a: Cloyster|156/211\n|\n|upkeep\n|turn|4\n|inactive|Time left: 300 sec this turn | 300 sec total\n|\n|t:|1783540390\n|move|p2a: Ho-Oh|Sacred Fire|p1a: Cloyster\n|-damage|p1a: Cloyster|98/211\n|move|p1a: Cloyster|Shell Smash|p1a: Cloyster\n|-unboost|p1a: Cloyster|def|1\n|-unboost|p1a: Cloyster|spd|1\n|-boost|p1a: Cloyster|atk|2\n|-boost|p1a: Cloyster|spa|2\n|-boost|p1a: Cloyster|spe|2\n|-enditem|p1a: Cloyster|White Herb\n|-clearnegativeboost|p1a: Cloyster|[silent]\n|\n|upkeep\n|turn|5\n|inactive|Time left: 300 sec this turn | 300 sec total\n|\n|t:|1783540391\n|switch|p2a: Registeel|Registeel, L81|100/100\n|move|p1a: Cloyster|Icicle Spear|p2a: Registeel\n|-resisted|p2a: Registeel\n|-damage|p2a: Registeel|94/100\n|-resisted|p2a: Registeel\n|-damage|p2a: Registeel|89/100\n|-resisted|p2a: Registeel\n|-damage|p2a: Registeel|82/100\n|-resisted|p2a: Registeel\n|-damage|p2a: Registeel|75/100\n|-resisted|p2a: Registeel\n|-damage|p2a: Registeel|69/100\n|-hitcount|p2a: Registeel|5\n|\n|-heal|p2a: Registeel|75/100|[from] item: Leftovers\n|upkeep\n|turn|6\n|inactive|Time left: 300 sec this turn | 300 sec total\n|\n|t:|1783540392\n|-terastallize|p2a: Registeel|Fighting\n|move|p1a: Cloyster|Icicle Spear|p2a: Registeel\n|-damage|p2a: Registeel|62/100\n|-damage|p2a: Registeel|50/100\n|-damage|p2a: Registeel|36/100\n|-damage|p2a: Registeel|23/100\n|-damage|p2a: Registeel|12/100\n|-hitcount|p2a: Registeel|5\n|move|p2a: Registeel|Body Press|p1a: Cloyster\n|-supereffective|p1a: Cloyster\n|-damage|p1a: Cloyster|0 fnt\n|faint|p1a: Cloyster\n|\n|-heal|p2a: Registeel|18/100|[from] item: Leftovers\n|upkeep\n|inactive|Time left: 300 sec this turn | 300 sec total | 5 sec grace\n|\n|t:|1783540393\n|switch|p1a: Armarouge|Armarouge, L80, F|267/267\n|turn|7\n|inactive|Time left: 300 sec this turn | 300 sec total\n|\n|t:|1783540394\n|switch|p2a: Ho-Oh|Ho-Oh, L71|100/100\n|move|p1a: Armarouge|Psyshock|p2a: Ho-Oh\n|-damage|p2a: Ho-Oh|40/100\n|\n|upkeep\n|turn|8\n|inactive|Time left: 300 sec this turn | 300 sec total\n|\n|t:|1783540394\n|switch|p2a: Urshifu|Urshifu, L74, F|100/100\n|move|p1a: Armarouge|Psyshock|p2a: Urshifu\n|-immune|p2a: Urshifu\n|\n|upkeep\n|turn|9\n|inactive|Time left: 300 sec this turn | 300 sec total\n|\n|t:|1783540395\n|switch|p1a: Meganium|Meganium, L90, M|290/290\n|move|p2a: Urshifu|Wicked Blow|p1a: Meganium\n|-crit|p1a: Meganium\n|-damage|p1a: Meganium|190/290\n|\n|-heal|p1a: Meganium|208/290|[from] item: Leftovers\n|upkeep\n|turn|10\n|inactive|Time left: 300 sec this turn | 300 sec total\n|\n|t:|1783540396\n|switch|p2a: Ho-Oh|Ho-Oh, L71|73/100\n|move|p1a: Meganium|Knock Off|p2a: Ho-Oh\n|-damage|p2a: Ho-Oh|45/100\n|-enditem|p2a: Ho-Oh|Heavy-Duty Boots|[from] move: Knock Off|[of] p1a: Meganium\n|\n|-heal|p1a: Meganium|226/290|[from] item: Leftovers\n|upkeep\n|turn|11\n|inactive|Time left: 300 sec this turn | 300 sec total\n|\n|t:|1783540397\n|move|p1a: Meganium|Leech Seed|p2a: Ho-Oh\n|-start|p2a: Ho-Oh|move: Leech Seed\n|move|p2a: Ho-Oh|Sacred Fire|p1a: Meganium\n|-supereffective|p1a: Meganium\n|-damage|p1a: Meganium|68/290\n|-status|p1a: Meganium|brn\n|\n|-heal|p1a: Meganium|86/290 brn|[from] item: Leftovers\n|-damage|p2a: Ho-Oh|33/100|[from] Leech Seed|[of] p1a: Meganium\n|-heal|p1a: Meganium|119/290 brn|[silent]\n|-damage|p1a: Meganium|101/290 brn|[from] brn\n|upkeep\n|turn|12\n|inactive|Time left: 300 sec this turn | 300 sec total\n|\n|t:|1783540398\n|switch|p2a: Mimikyu|Mimikyu, L79, F|100/100\n|move|p1a: Meganium|Synthesis|p1a: Meganium\n|-heal|p1a: Meganium|246/290 brn\n|\n|-heal|p1a: Meganium|264/290 brn|[from] item: Leftovers\n|-damage|p1a: Meganium|246/290 brn|[from] brn\n|upkeep\n|turn|13\n|inactive|Time left: 300 sec this turn | 300 sec total\n|\n|t:|1783540399\n|move|p2a: Mimikyu|Swords Dance|p2a: Mimikyu\n|-boost|p2a: Mimikyu|atk|2\n|move|p1a: Meganium|Leech Seed|p2a: Mimikyu\n|-start|p2a: Mimikyu|move: Leech Seed\n|\n|-heal|p1a: Meganium|264/290 brn|[from] item: Leftovers\n|-damage|p2a: Mimikyu|88/100|[from] Leech Seed|[of] p1a: Meganium\n|-heal|p1a: Meganium|290/290 brn|[silent]\n|-damage|p1a: Meganium|272/290 brn|[from] brn\n|upkeep\n|turn|14\n|inactive|Time left: 300 sec this turn | 300 sec total\n|\n|t:|1783540399\n|switch|p2a: Ho-Oh|Ho-Oh, L71|66/100\n|move|p1a: Meganium|Synthesis|p1a: Meganium\n|-heal|p1a: Meganium|290/290 brn\n|\n|-damage|p1a: Meganium|272/290 brn|[from] brn\n|upkeep\n|turn|15\n|inactive|Time left: 300 sec this turn | 300 sec total\n|\n|t:|1783540400\n|switch|p1a: Armarouge|Armarouge, L80, F|267/267\n|move|p2a: Ho-Oh|Sacred Fire|p1a: Armarouge\n|-resisted|p1a: Armarouge\n|-damage|p1a: Armarouge|225/267\n|-ability|p1a: Armarouge|Weak Armor|boost\n|-unboost|p1a: Armarouge|def|1\n|-boost|p1a: Armarouge|spe|2\n|\n|upkeep\n|turn|16\n|inactive|Time left: 300 sec this turn | 300 sec total\n|\n|t:|1783540401\n|switch|p2a: Registeel|Registeel, L81, tera:Fighting|18/100\n|move|p1a: Armarouge|Psyshock|p2a: Registeel\n|-supereffective|p2a: Registeel\n|-damage|p2a: Registeel|0 fnt\n|faint|p2a: Registeel\n|\n|upkeep\n|\n|t:|1783540402\n|switch|p2a: Electivire|Electivire, L84, M|100/100\n|turn|17\n|inactive|Time left: 300 sec this turn | 300 sec total\n|\n|t:|1783540403\n|move|p1a: Armarouge|Psyshock|p2a: Electivire\n|-damage|p2a: Electivire|35/100\n|move|p2a: Electivire|Knock Off|p1a: Armarouge\n|-supereffective|p1a: Armarouge\n|-damage|p1a: Armarouge|0 fnt\n|-enditem|p1a: Armarouge|Choice Specs|[from] move: Knock Off|[of] p2a: Electivire\n|faint|p1a: Armarouge\n|-damage|p2a: Electivire|25/100|[from] item: Life Orb\n|\n|upkeep\n|inactive|Time left: 300 sec this turn | 300 sec total | 5 sec grace\n|\n|t:|1783540404\n|switch|p1a: Torkoal|Torkoal, L88, F|266/266\n|-weather|SunnyDay|[from] ability: Drought|[of] p1a: Torkoal\n|turn|18\n|inactive|Time left: 300 sec this turn | 300 sec total\n|\n|t:|1783540405\n|switch|p2a: Ho-Oh|Ho-Oh, L71|99/100\n|move|p1a: Torkoal|Rapid Spin|p2a: Ho-Oh\n|-damage|p2a: Ho-Oh|83/100\n|-boost|p1a: Torkoal|spe|1\n|\n|-weather|SunnyDay|[upkeep]\n|upkeep\n|turn|19\n|inactive|Time left: 300 sec this turn | 300 sec total\n|\n|t:|1783540406\n|move|p2a: Ho-Oh|Earthquake|p1a: Torkoal\n|-supereffective|p1a: Torkoal\n|-damage|p1a: Torkoal|172/266\n|move|p1a: Torkoal|Rapid Spin|p2a: Ho-Oh\n|-damage|p2a: Ho-Oh|67/100\n|-boost|p1a: Torkoal|spe|1\n|\n|-weather|SunnyDay|[upkeep]\n|upkeep\n|turn|20\n|inactive|Time left: 300 sec this turn | 300 sec total\n|\n|t:|1783540407\n|move|p1a: Torkoal|Stealth Rock|p2a: Ho-Oh\n|-sidestart|p2: p0y104fbe2|move: Stealth Rock\n|move|p2a: Ho-Oh|Earthquake|p1a: Torkoal\n|-supereffective|p1a: Torkoal\n|-crit|p1a: Torkoal\n|-damage|p1a: Torkoal|54/266\n|\n|-weather|SunnyDay|[upkeep]\n|upkeep\n|turn|21\n|inactive|Time left: 300 sec this turn | 300 sec total\n|\n|t:|1783540408\n|move|p1a: Torkoal|Yawn|p2a: Ho-Oh\n|-start|p2a: Ho-Oh|move: Yawn|[of] p1a: Torkoal\n|move|p2a: Ho-Oh|Brave Bird|p1a: Torkoal\n|-damage|p1a: Torkoal|0 fnt\n|faint|p1a: Torkoal\n|-damage|p2a: Ho-Oh|60/100|[from] Recoil\n|\n|-weather|SunnyDay|[upkeep]\n|upkeep\n|inactive|Time left: 300 sec this turn | 300 sec total | 5 sec grace\n|\n|t:|1783540409\n|switch|p1a: Gardevoir|Gardevoir, L83, F|249/249\n|-ability|p1a: Gardevoir|Regenerator|Trace|[from] ability: Trace|[of] p2a: Ho-Oh\n|turn|22\n|inactive|Time left: 300 sec this turn | 300 sec total\n|\n|t:|1783540410\n|move|p1a: Gardevoir|Mystical Fire|p2a: Ho-Oh\n|-resisted|p2a: Ho-Oh\n|-damage|p2a: Ho-Oh|46/100\n|-unboost|p2a: Ho-Oh|spa|1\n|move|p2a: Ho-Oh|Sacred Fire|p1a: Gardevoir\n|-damage|p1a: Gardevoir|69/249\n|\n|-weather|none\n|-end|p2a: Ho-Oh|move: Yawn|[silent]\n|-status|p2a: Ho-Oh|slp\n|upkeep\n|turn|23\n|inactive|Time left: 300 sec this turn | 300 sec total\n|\n|t:|1783540411\n|switch|p2a: Mimikyu|Mimikyu, L79, F|88/100\n|-damage|p2a: Mimikyu|75/100|[from] Stealth Rock\n|move|p1a: Gardevoir|Mystical Fire|p2a: Mimikyu\n|-activate|p2a: Mimikyu|ability: Disguise\n|-damage|p2a: Mimikyu|75/100\n|-unboost|p2a: Mimikyu|spa|1\n|detailschange|p2a: Mimikyu|Mimikyu-Busted, L79, F\n|-damage|p2a: Mimikyu|63/100|[from] pokemon: Mimikyu-Busted\n|\n|upkeep\n|turn|24\n|inactive|Time left: 300 sec this turn | 300 sec total\n|\n|t:|1783540412\n|switch|p1a: Meganium|Meganium, L90, M|272/290 brn\n|move|p2a: Mimikyu|Shadow Sneak|p1a: Meganium\n|-damage|p1a: Meganium|232/290 brn\n|-damage|p2a: Mimikyu|53/100|[from] item: Life Orb\n|\n|-heal|p1a: Meganium|250/290 brn|[from] item: Leftovers\n|-damage|p1a: Meganium|232/290 brn|[from] brn\n|upkeep\n|turn|25\n|inactive|Time left: 300 sec this turn | 300 sec total\n|\n|t:|1783540414\n|move|p2a: Mimikyu|Swords Dance|p2a: Mimikyu\n|-boost|p2a: Mimikyu|atk|2\n|move|p1a: Meganium|Energy Ball|p2a: Mimikyu\n|-damage|p2a: Mimikyu|9/100\n|\n|-heal|p1a: Meganium|250/290 brn|[from] item: Leftovers\n|-damage|p1a: Meganium|232/290 brn|[from] brn\n|upkeep\n|turn|26\n|inactive|Time left: 300 sec this turn | 300 sec total\n|\n|t:|1783540415\n|move|p2a: Mimikyu|Drain Punch|p1a: Meganium\n|-damage|p1a: Meganium|138/290 brn\n|-heal|p2a: Mimikyu|31/100|[from] drain|[of] p1a: Meganium\n|-damage|p2a: Mimikyu|21/100|[from] item: Life Orb\n|move|p1a: Meganium|Synthesis|p1a: Meganium\n|-heal|p1a: Meganium|283/290 brn\n|\n|-heal|p1a: Meganium|290/290 brn|[from] item: Leftovers\n|-damage|p1a: Meganium|272/290 brn|[from] brn\n|upkeep\n|turn|27\n|inactive|Time left: 300 sec this turn | 300 sec total\n|\n|t:|1783540416\n|move|p2a: Mimikyu|Play Rough|p1a: Meganium\n|-damage|p1a: Meganium|89/290 brn\n|-damage|p2a: Mimikyu|11/100|[from] item: Life Orb\n|move|p1a: Meganium|Energy Ball|p2a: Mimikyu\n|-damage|p2a: Mimikyu|0 fnt\n|faint|p2a: Mimikyu\n|\n|-heal|p1a: Meganium|107/290 brn|[from] item: Leftovers\n|-damage|p1a: Meganium|89/290 brn|[from] brn\n|upkeep\n|\n|t:|1783540417\n|switch|p2a: Urshifu|Urshifu, L74, F|100/100\n|-damage|p2a: Urshifu|95/100|[from] Stealth Rock\n|turn|28\n|inactive|Time left: 300 sec this turn | 300 sec total\n|\n|t:|1783540417\n|move|p2a: Urshifu|Wicked Blow|p1a: Meganium\n|-crit|p1a: Meganium\n|-damage|p1a: Meganium|0 fnt\n|faint|p1a: Meganium\n|\n|upkeep\n|inactive|Time left: 300 sec this turn | 300 sec total | 5 sec grace\n|\n|t:|1783540418\n|switch|p1a: Gardevoir|Gardevoir, L83, F|152/249\n|-ability|p1a: Gardevoir|Unseen Fist|Trace|[from] ability: Trace|[of] p2a: Urshifu\n|turn|29\n|inactive|Time left: 300 sec this turn | 300 sec total\n|\n|t:|1783540419\n|switch|p2a: Ho-Oh|Ho-Oh, L71|80/100 slp\n|-damage|p2a: Ho-Oh|30/100 slp|[from] Stealth Rock\n|move|p1a: Gardevoir|Moonblast|p2a: Ho-Oh\n|-resisted|p2a: Ho-Oh\n|-damage|p2a: Ho-Oh|12/100 slp\n|-unboost|p2a: Ho-Oh|spa|1\n|\n|upkeep\n|turn|30\n|inactive|Time left: 300 sec this turn | 300 sec total\n|\n|t:|1783540420\n|move|p1a: Gardevoir|Moonblast|p2a: Ho-Oh\n|-resisted|p2a: Ho-Oh\n|-damage|p2a: Ho-Oh|0 fnt\n|faint|p2a: Ho-Oh\n|\n|upkeep\n|\n|t:|1783540422\n|switch|p2a: Urshifu|Urshifu, L74, F|95/100\n|-damage|p2a: Urshifu|89/100|[from] Stealth Rock\n|turn|31\n|inactive|Time left: 300 sec this turn | 300 sec total\n|\n|t:|1783540422\n|switch|p1a: Azumarill|Azumarill, L82, M|34/298\n|move|p2a: Urshifu|U-turn|p1a: Azumarill\n|-resisted|p1a: Azumarill\n|-damage|p1a: Azumarill|5/298\n|\n|t:|1783540423\n|switch|p2a: Electivire|Electivire, L84, M|25/100|[from] U-turn\n|-damage|p2a: Electivire|13/100|[from] Stealth Rock\n|\n|upkeep\n|turn|32\n|inactive|Time left: 300 sec this turn | 300 sec total\n|\n|t:|1783540424\n|switch|p2a: Urshifu|Urshifu, L74, F|89/100\n|-damage|p2a: Urshifu|83/100|[from] Stealth Rock\n|-terastallize|p1a: Azumarill|Water\n|move|p1a: Azumarill|Aqua Jet|p2a: Urshifu\n|-damage|p2a: Urshifu|42/100\n|\n|upkeep\n|turn|33\n|inactive|Time left: 300 sec this turn | 300 sec total\n|\n|t:|1783540425\n|move|p1a: Azumarill|Aqua Jet|p2a: Urshifu\n|-damage|p2a: Urshifu|2/100\n|move|p2a: Urshifu|Poison Jab|p1a: Azumarill\n|-damage|p1a: Azumarill|0 fnt\n|faint|p1a: Azumarill\n|\n|upkeep\n|inactive|Time left: 300 sec this turn | 300 sec total | 5 sec grace\n|\n|t:|1783540426\n|switch|p1a: Gardevoir|Gardevoir, L83, F|152/249\n|-ability|p1a: Gardevoir|Unseen Fist|Trace|[from] ability: Trace|[of] p2a: Urshifu\n|turn|34\n|inactive|Time left: 300 sec this turn | 300 sec total\n|\n|t:|1783540427\n|move|p2a: Urshifu|Poison Jab|p1a: Gardevoir\n|-supereffective|p1a: Gardevoir\n|-damage|p1a: Gardevoir|10/249\n|-status|p1a: Gardevoir|psn\n|move|p1a: Gardevoir|Mystical Fire|p2a: Urshifu\n|-damage|p2a: Urshifu|0 fnt\n|faint|p2a: Urshifu\n|\n|-damage|p1a: Gardevoir|0 fnt|[from] psn\n|faint|p1a: Gardevoir\n|\n|win|p0y104fbe2", "uploadtime": 1783540427, "views": 0, "rating": 0, "private": 0, "password": null, "_winner": "p0y104fbe2", "_our_name": "p0x1042133"}