{"id": "battle-gen9randombattle-2350", "formatid": "gen9randombattle", "format": "[Gen 9] Random Battle", "players": ["p0x23504e13", "p0y23504e0a"], "log": "|init|battle\n|title|p0x23504e13 vs. p0y23504e0a\n|j|\u2606p0x23504e13\n|j|\u2606p0y23504e0a\n|t:|1783567317\n|gametype|singles\n|player|p1|p0x23504e13|102|\n|player|p2|p0y23504e0a|2|\n|gen|9\n|tier|[Gen 9] Random Battle\n|rule|Species Clause: Limit one of each Pok\u00e9mon\n|rule|HP Percentage Mod: HP is shown in percentages\n|rule|Sleep Clause Mod: Limit one foe put to sleep\n|rule|Illusion Level Mod: Illusion disguises the Pok\u00e9mon's true level\n|\n|t:|1783567317\n|teamsize|p1|6\n|teamsize|p2|6\n|start\n|switch|p1a: Lilligant|Lilligant-Hisui, L79, F|240/240\n|switch|p2a: Gurdurr|Gurdurr, L85, F|100/100\n|turn|1\n|inactive|Battle timer is ON: inactive players will automatically lose when time's up. (requested by p0y23504e0a)\n|inactive|Time left: 300 sec this turn | 300 sec total | 60 sec grace\n|inactive|p0x23504e13 also wants the timer to be on.\n|\n|t:|1783567319\n|move|p1a: Lilligant|Victory Dance|p1a: Lilligant\n|-boost|p1a: Lilligant|atk|1\n|-boost|p1a: Lilligant|def|1\n|-boost|p1a: Lilligant|spe|1\n|move|p2a: Gurdurr|Bulk Up|p2a: Gurdurr\n|-boost|p2a: Gurdurr|atk|1\n|-boost|p2a: Gurdurr|def|1\n|\n|upkeep\n|turn|2\n|inactive|Time left: 300 sec this turn | 300 sec total\n|\n|t:|1783567320\n|move|p1a: Lilligant|Victory Dance|p1a: Lilligant\n|-boost|p1a: Lilligant|atk|1\n|-boost|p1a: Lilligant|def|1\n|-boost|p1a: Lilligant|spe|1\n|move|p2a: Gurdurr|Drain Punch|p1a: Lilligant\n|-damage|p1a: Lilligant|165/240\n|\n|upkeep\n|turn|3\n|inactive|Time left: 300 sec this turn | 300 sec total\n|\n|t:|1783567321\n|move|p1a: Lilligant|Leaf Blade|p2a: Gurdurr\n|-crit|p2a: Gurdurr\n|-damage|p2a: Gurdurr|0 fnt\n|faint|p2a: Gurdurr\n|-damage|p1a: Lilligant|141/240|[from] item: Life Orb\n|\n|upkeep\n|\n|t:|1783567322\n|switch|p2a: Zebstrika|Zebstrika, L87, F|100/100\n|turn|4\n|inactive|Time left: 300 sec this turn | 300 sec total\n|\n|t:|1783567323\n|move|p1a: Lilligant|Close Combat|p2a: Zebstrika\n|-damage|p2a: Zebstrika|0 fnt\n|-unboost|p1a: Lilligant|def|1\n|-unboost|p1a: Lilligant|spd|1\n|faint|p2a: Zebstrika\n|-damage|p1a: Lilligant|117/240|[from] item: Life Orb\n|\n|upkeep\n|\n|t:|1783567325\n|switch|p2a: Slither Wing|Slither Wing, L81|100/100\n|turn|5\n|inactive|Time left: 300 sec this turn | 300 sec total\n|\n|t:|1783567326\n|move|p1a: Lilligant|Close Combat|p2a: Slither Wing\n|-resisted|p2a: Slither Wing\n|-damage|p2a: Slither Wing|8/100\n|-unboost|p1a: Lilligant|def|1\n|-unboost|p1a: Lilligant|spd|1\n|-damage|p1a: Lilligant|93/240|[from] item: Life Orb\n|move|p2a: Slither Wing|Close Combat|p1a: Lilligant\n|-damage|p1a: Lilligant|0 fnt\n|-unboost|p2a: Slither Wing|def|1\n|-unboost|p2a: Slither Wing|spd|1\n|faint|p1a: Lilligant\n|\n|upkeep\n|inactive|Time left: 300 sec this turn | 300 sec total | 5 sec grace\n|\n|t:|1783567327\n|switch|p1a: Hatterene|Hatterene, L85, F|236/236\n|turn|6\n|inactive|Time left: 300 sec this turn | 300 sec total\n|\n|t:|1783567328\n|move|p2a: Slither Wing|U-turn|p1a: Hatterene\n|-damage|p1a: Hatterene|151/236\n|\n|t:|1783567329\n|-end|p2a: Slither Wing|Protosynthesis|[silent]\n|switch|p2a: Polteageist|Polteageist-Antique, L78|100/100|[from] U-turn\n|move|p1a: Hatterene|Calm Mind|p1a: Hatterene\n|-boost|p1a: Hatterene|spa|1\n|-boost|p1a: Hatterene|spd|1\n|\n|-heal|p1a: Hatterene|165/236|[from] item: Leftovers\n|upkeep\n|turn|7\n|inactive|Time left: 300 sec this turn | 300 sec total\n|\n|t:|1783567330\n|move|p2a: Polteageist|Shell Smash|p2a: Polteageist\n|-unboost|p2a: Polteageist|def|1\n|-unboost|p2a: Polteageist|spd|1\n|-boost|p2a: Polteageist|atk|2\n|-boost|p2a: Polteageist|spa|2\n|-boost|p2a: Polteageist|spe|2\n|-enditem|p2a: Polteageist|White Herb\n|-clearnegativeboost|p2a: Polteageist|[silent]\n|move|p1a: Hatterene|Draining Kiss|p2a: Polteageist\n|-damage|p2a: Polteageist|57/100\n|-heal|p1a: Hatterene|236/236|[from] drain|[of] p2a: Polteageist\n|-start|p1a: Hatterene|Disable|Draining Kiss|[from] ability: Cursed Body|[of] p2a: Polteageist\n|\n|upkeep\n|turn|8\n|inactive|Time left: 300 sec this turn | 300 sec total\n|\n|t:|1783567331\n|-terastallize|p1a: Hatterene|Fairy\n|move|p2a: Polteageist|Shadow Ball|p1a: Hatterene\n|-damage|p1a: Hatterene|116/236\n|move|p1a: Hatterene|Psychic|p2a: Polteageist\n|-crit|p2a: Polteageist\n|-damage|p2a: Polteageist|0 fnt\n|faint|p2a: Polteageist\n|\n|-heal|p1a: Hatterene|130/236|[from] item: Leftovers\n|upkeep\n|\n|t:|1783567332\n|switch|p2a: Crawdaunt|Crawdaunt, L84, F|100/100\n|turn|9\n|inactive|Time left: 300 sec this turn | 300 sec total\n|\n|t:|1783567333\n|move|p2a: Crawdaunt|Crabhammer|p1a: Hatterene\n|-damage|p1a: Hatterene|0 fnt\n|faint|p1a: Hatterene\n|-damage|p2a: Crawdaunt|91/100|[from] item: Life Orb\n|\n|upkeep\n|inactive|Time left: 300 sec this turn | 300 sec total | 5 sec grace\n|\n|t:|1783567334\n|switch|p1a: Falinks|Falinks, L84|246/246\n|turn|10\n|inactive|Time left: 300 sec this turn | 300 sec total\n|\n|t:|1783567335\n|move|p1a: Falinks|No Retreat|p1a: Falinks\n|-boost|p1a: Falinks|atk|1\n|-boost|p1a: Falinks|def|1\n|-boost|p1a: Falinks|spa|1\n|-boost|p1a: Falinks|spd|1\n|-boost|p1a: Falinks|spe|1\n|-start|p1a: Falinks|move: No Retreat\n|move|p2a: Crawdaunt|Crabhammer|p1a: Falinks\n|-crit|p1a: Falinks\n|-damage|p1a: Falinks|0 fnt\n|faint|p1a: Falinks\n|-damage|p2a: Crawdaunt|81/100|[from] item: Life Orb\n|\n|upkeep\n|inactive|Time left: 300 sec this turn | 300 sec total | 5 sec grace\n|\n|t:|1783567335\n|switch|p1a: Porygon-Z|Porygon-Z, L83|277/277\n|turn|11\n|inactive|Time left: 300 sec this turn | 300 sec total\n|\n|t:|1783567336\n|switch|p2a: Slither Wing|Slither Wing, L81|8/100\n|move|p1a: Porygon-Z|Tera Blast|p2a: Slither Wing\n|-damage|p2a: Slither Wing|0 fnt\n|faint|p2a: Slither Wing\n|-end|p2a: Slither Wing|Protosynthesis|[silent]\n|-damage|p1a: Porygon-Z|250/277|[from] item: Life Orb\n|\n|upkeep\n|\n|t:|1783567337\n|switch|p2a: Phione|Phione, L91|100/100\n|turn|12\n|inactive|Time left: 300 sec this turn | 300 sec total\n|\n|t:|1783567338\n|move|p2a: Phione|Scald|p1a: Porygon-Z\n|-damage|p1a: Porygon-Z|148/277\n|-status|p1a: Porygon-Z|brn\n|move|p1a: Porygon-Z|Tera Blast|p2a: Phione\n|-damage|p2a: Phione|31/100\n|-damage|p1a: Porygon-Z|121/277 brn|[from] item: Life Orb\n|\n|-heal|p2a: Phione|37/100|[from] item: Leftovers\n|-damage|p1a: Porygon-Z|104/277 brn|[from] brn\n|upkeep\n|turn|13\n|inactive|Time left: 300 sec this turn | 300 sec total\n|\n|t:|1783567339\n|-terastallize|p2a: Phione|Steel\n|move|p2a: Phione|Scald|p1a: Porygon-Z\n|-damage|p1a: Porygon-Z|1/277 brn\n|move|p1a: Porygon-Z|Tera Blast|p2a: Phione\n|-resisted|p2a: Phione\n|-damage|p2a: Phione|2/100\n|-damage|p1a: Porygon-Z|0 fnt|[from] item: Life Orb\n|faint|p1a: Porygon-Z\n|\n|-heal|p2a: Phione|8/100|[from] item: Leftovers\n|upkeep\n|inactive|Time left: 300 sec this turn | 300 sec total | 5 sec grace\n|\n|t:|1783567340\n|switch|p1a: Altaria|Altaria, L89, M|278/278\n|turn|14\n|inactive|Time left: 300 sec this turn | 300 sec total\n|\n|t:|1783567341\n|move|p2a: Phione|Rest|p2a: Phione\n|-status|p2a: Phione|slp|[from] move: Rest\n|-heal|p2a: Phione|100/100 slp|[silent]\n|move|p1a: Altaria|Dragon Dance|p1a: Altaria\n|-boost|p1a: Altaria|atk|1\n|-boost|p1a: Altaria|spe|1\n|\n|upkeep\n|turn|15\n|inactive|Time left: 300 sec this turn | 300 sec total\n|\n|t:|1783567342\n|move|p1a: Altaria|Dragon Dance|p1a: Altaria\n|-boost|p1a: Altaria|atk|1\n|-boost|p1a: Altaria|spe|1\n|cant|p2a: Phione|slp\n|move|p2a: Phione|Sleep Talk|p2a: Phione\n|move|p2a: Phione|Take Heart|p2a: Phione|[from] move: Sleep Talk\n|-boost|p2a: Phione|spa|1\n|-boost|p2a: Phione|spd|1\n|-curestatus|p2a: Phione|slp|[msg]\n|\n|upkeep\n|turn|16\n|inactive|Time left: 300 sec this turn | 300 sec total\n|\n|t:|1783567343\n|move|p1a: Altaria|Earthquake|p2a: Phione\n|-supereffective|p2a: Phione\n|-damage|p2a: Phione|11/100\n|move|p2a: Phione|Scald|p1a: Altaria\n|-resisted|p1a: Altaria\n|-damage|p1a: Altaria|229/278\n|\n|-heal|p2a: Phione|17/100|[from] item: Leftovers\n|upkeep\n|turn|17\n|inactive|Time left: 300 sec this turn | 300 sec total\n|\n|t:|1783567344\n|move|p1a: Altaria|Brave Bird|p2a: Phione\n|-resisted|p2a: Phione\n|-damage|p2a: Phione|0 fnt\n|faint|p2a: Phione\n|-damage|p1a: Altaria|213/278|[from] Recoil\n|\n|upkeep\n|\n|t:|1783567345\n|switch|p2a: Crawdaunt|Crawdaunt, L84, F|81/100\n|turn|18\n|inactive|Time left: 300 sec this turn | 300 sec total\n|\n|t:|1783567346\n|move|p1a: Altaria|Brave Bird|p2a: Crawdaunt\n|-damage|p2a: Crawdaunt|0 fnt\n|faint|p2a: Crawdaunt\n|-damage|p1a: Altaria|149/278|[from] Recoil\n|\n|win|p0x23504e13", "uploadtime": 1783567346, "views": 0, "rating": 0, "private": 0, "password": null, "_winner": "p0x23504e13", "_our_name": "p0x23504e13"}