{"id": "battle-gen9randombattle-239", "formatid": "gen9randombattle", "format": "[Gen 9] Random Battle", "players": ["p0x239b054", "p0y2399006"], "log": "|init|battle\n|title|p0x239b054 vs. p0y2399006\n|j|\u2606p0x239b054\n|j|\u2606p0y2399006\n|t:|1783536038\n|gametype|singles\n|player|p1|p0x239b054|102|\n|player|p2|p0y2399006|101|\n|gen|9\n|tier|[Gen 9] Random Battle\n|rule|Species Clause: Limit one of each Pok\u00e9mon\n|rule|HP Percentage Mod: HP is shown in percentages\n|rule|Sleep Clause Mod: Limit one foe put to sleep\n|rule|Illusion Level Mod: Illusion disguises the Pok\u00e9mon's true level\n|\n|t:|1783536038\n|teamsize|p1|6\n|teamsize|p2|6\n|start\n|switch|p1a: Urshifu|Urshifu-Rapid-Strike, L75, F|274/274\n|switch|p2a: Rillaboom|Rillaboom, L79, M|100/100\n|-fieldstart|move: Grassy Terrain|[from] ability: Grassy Surge|[of] p2a: Rillaboom\n|turn|1\n|inactive|Battle timer is ON: inactive players will automatically lose when time's up. (requested by p0x239b054)\n|inactive|p0y2399006 also wants the timer to be on.\n|\n|t:|1783536039\n|switch|p1a: Shaymin|Shaymin, L82|298/298\n|move|p2a: Rillaboom|Wood Hammer|p1a: Shaymin\n|-resisted|p1a: Shaymin\n|-damage|p1a: Shaymin|182/298\n|-damage|p2a: Rillaboom|87/100|[from] Recoil\n|\n|-heal|p1a: Shaymin|200/298|[from] Grassy Terrain\n|-heal|p1a: Shaymin|218/298|[from] item: Leftovers\n|-heal|p2a: Rillaboom|94/100|[from] Grassy Terrain\n|upkeep\n|turn|2\n|inactive|Time left: 300 sec this turn | 300 sec total\n|\n|t:|1783536041\n|move|p1a: Shaymin|Air Slash|p2a: Rillaboom\n|-supereffective|p2a: Rillaboom\n|-damage|p2a: Rillaboom|48/100\n|move|p2a: Rillaboom|Wood Hammer|p1a: Shaymin\n|-resisted|p1a: Shaymin\n|-damage|p1a: Shaymin|91/298\n|-damage|p2a: Rillaboom|34/100|[from] Recoil\n|\n|-heal|p1a: Shaymin|109/298|[from] Grassy Terrain\n|-heal|p1a: Shaymin|127/298|[from] item: Leftovers\n|-heal|p2a: Rillaboom|40/100|[from] Grassy Terrain\n|upkeep\n|turn|3\n|inactive|Time left: 300 sec this turn | 300 sec total\n|\n|t:|1783536042\n|switch|p2a: Flapple|Flapple, L88, F|100/100\n|move|p1a: Shaymin|Synthesis|p1a: Shaymin\n|-heal|p1a: Shaymin|276/298\n|\n|-heal|p1a: Shaymin|294/298|[from] Grassy Terrain\n|-heal|p1a: Shaymin|298/298|[from] item: Leftovers\n|upkeep\n|turn|4\n|inactive|Time left: 300 sec this turn | 300 sec total\n|\n|t:|1783536044\n|move|p1a: Shaymin|Air Slash|p2a: Flapple\n|-supereffective|p2a: Flapple\n|-damage|p2a: Flapple|54/100\n|move|p2a: Flapple|Dragon Dance|p2a: Flapple\n|-boost|p2a: Flapple|atk|1\n|-boost|p2a: Flapple|spe|1\n|\n|-heal|p2a: Flapple|60/100|[from] Grassy Terrain\n|upkeep\n|turn|5\n|inactive|Time left: 300 sec this turn | 300 sec total\n|\n|t:|1783536045\n|switch|p1a: Rhydon|Rhydon, L85, F|317/317\n|move|p2a: Flapple|Outrage|p1a: Rhydon\n|-damage|p1a: Rhydon|142/317\n|\n|-heal|p2a: Flapple|66/100|[from] Grassy Terrain\n|-heal|p1a: Rhydon|161/317|[from] Grassy Terrain\n|-fieldend|move: Grassy Terrain\n|upkeep\n|turn|6\n|inactive|Time left: 300 sec this turn | 300 sec total\n|\n|t:|1783536046\n|-terastallize|p1a: Rhydon|Fairy\n|move|p2a: Flapple|Outrage|p1a: Rhydon|[from] lockedmove\n|-immune|p1a: Rhydon\n|-start|p2a: Flapple|confusion|[fatigue]\n|-enditem|p2a: Flapple|Lum Berry|[eat]\n|-end|p2a: Flapple|confusion\n|move|p1a: Rhydon|Swords Dance|p1a: Rhydon\n|-boost|p1a: Rhydon|atk|2\n|\n|upkeep\n|turn|7\n|inactive|Time left: 300 sec this turn | 300 sec total\n|\n|t:|1783536047\n|move|p2a: Flapple|Grav Apple|p1a: Rhydon\n|-damage|p1a: Rhydon|41/317\n|-unboost|p1a: Rhydon|def|1\n|move|p1a: Rhydon|Stone Edge|p2a: Flapple\n|-damage|p2a: Flapple|0 fnt\n|faint|p2a: Flapple\n|\n|upkeep\n|\n|t:|1783536048\n|switch|p2a: Rillaboom|Rillaboom, L79, M|40/100\n|-fieldstart|move: Grassy Terrain|[from] ability: Grassy Surge|[of] p2a: Rillaboom\n|turn|8\n|inactive|Time left: 300 sec this turn | 300 sec total\n|\n|t:|1783536049\n|switch|p1a: Shaymin|Shaymin, L82|298/298\n|move|p2a: Rillaboom|Wood Hammer|p1a: Shaymin\n|-resisted|p1a: Shaymin\n|-damage|p1a: Shaymin|179/298\n|-damage|p2a: Rillaboom|27/100|[from] Recoil\n|\n|-heal|p1a: Shaymin|197/298|[from] Grassy Terrain\n|-heal|p1a: Shaymin|215/298|[from] item: Leftovers\n|-heal|p2a: Rillaboom|33/100|[from] Grassy Terrain\n|upkeep\n|turn|9\n|inactive|Time left: 300 sec this turn | 300 sec total\n|\n|t:|1783536049\n|switch|p2a: Raging Bolt|Raging Bolt, L78|100/100\n|-enditem|p2a: Raging Bolt|Booster Energy\n|-activate|p2a: Raging Bolt|ability: Protosynthesis|[fromitem]\n|-start|p2a: Raging Bolt|protosynthesisspa\n|move|p1a: Shaymin|Seed Flare|p2a: Raging Bolt\n|-resisted|p2a: Raging Bolt\n|-damage|p2a: Raging Bolt|75/100\n|-unboost|p2a: Raging Bolt|spd|2\n|\n|-heal|p1a: Shaymin|233/298|[from] Grassy Terrain\n|-heal|p1a: Shaymin|251/298|[from] item: Leftovers\n|-heal|p2a: Raging Bolt|82/100|[from] Grassy Terrain\n|upkeep\n|turn|10\n|inactive|Time left: 300 sec this turn | 300 sec total\n|\n|t:|1783536051\n|-end|p2a: Raging Bolt|Protosynthesis|[silent]\n|switch|p2a: Rillaboom|Rillaboom, L79, M|33/100\n|move|p1a: Shaymin|Earth Power|p2a: Rillaboom\n|-resisted|p2a: Rillaboom\n|-damage|p2a: Rillaboom|20/100\n|\n|-heal|p1a: Shaymin|269/298|[from] Grassy Terrain\n|-heal|p1a: Shaymin|287/298|[from] item: Leftovers\n|-heal|p2a: Rillaboom|26/100|[from] Grassy Terrain\n|upkeep\n|turn|11\n|inactive|Time left: 300 sec this turn | 300 sec total\n|\n|t:|1783536051\n|switch|p2a: Raging Bolt|Raging Bolt, L78|82/100\n|move|p1a: Shaymin|Seed Flare|p2a: Raging Bolt|[miss]\n|-miss|p1a: Shaymin|p2a: Raging Bolt\n|\n|-heal|p1a: Shaymin|298/298|[from] Grassy Terrain\n|-heal|p2a: Raging Bolt|88/100|[from] Grassy Terrain\n|upkeep\n|turn|12\n|inactive|Time left: 300 sec this turn | 300 sec total\n|\n|t:|1783536052\n|switch|p1a: Rhydon|Rhydon, L85, F, tera:Fairy|41/317\n|move|p2a: Raging Bolt|Calm Mind|p2a: Raging Bolt\n|-boost|p2a: Raging Bolt|spa|1\n|-boost|p2a: Raging Bolt|spd|1\n|\n|-heal|p2a: Raging Bolt|94/100|[from] Grassy Terrain\n|-heal|p1a: Rhydon|60/317|[from] Grassy Terrain\n|-fieldend|move: Grassy Terrain\n|upkeep\n|turn|13\n|inactive|Time left: 300 sec this turn | 300 sec total\n|\n|t:|1783536053\n|-end|p2a: Raging Bolt|Protosynthesis|[silent]\n|switch|p2a: Rillaboom|Rillaboom, L79, M|26/100\n|-fieldstart|move: Grassy Terrain|[from] ability: Grassy Surge|[of] p2a: Rillaboom\n|move|p1a: Rhydon|Earthquake|p2a: Rillaboom\n|-resisted|p2a: Rillaboom\n|-damage|p2a: Rillaboom|15/100\n|\n|-heal|p2a: Rillaboom|21/100|[from] Grassy Terrain\n|-heal|p1a: Rhydon|79/317|[from] Grassy Terrain\n|upkeep\n|turn|14\n|inactive|Time left: 300 sec this turn | 300 sec total\n|\n|t:|1783536054\n|switch|p1a: Shaymin|Shaymin, L82|298/298\n|move|p2a: Rillaboom|Wood Hammer|p1a: Shaymin\n|-resisted|p1a: Shaymin\n|-damage|p1a: Shaymin|169/298\n|-damage|p2a: Rillaboom|6/100|[from] Recoil\n|\n|-heal|p1a: Shaymin|187/298|[from] Grassy Terrain\n|-heal|p1a: Shaymin|205/298|[from] item: Leftovers\n|-heal|p2a: Rillaboom|12/100|[from] Grassy Terrain\n|upkeep\n|turn|15\n|inactive|Time left: 300 sec this turn | 300 sec total\n|\n|t:|1783536055\n|switch|p2a: Raging Bolt|Raging Bolt, L78|94/100\n|move|p1a: Shaymin|Seed Flare|p2a: Raging Bolt|[miss]\n|-miss|p1a: Shaymin|p2a: Raging Bolt\n|\n|-heal|p1a: Shaymin|223/298|[from] Grassy Terrain\n|-heal|p1a: Shaymin|241/298|[from] item: Leftovers\n|-heal|p2a: Raging Bolt|99/100|[from] Grassy Terrain\n|upkeep\n|turn|16\n|inactive|Time left: 300 sec this turn | 300 sec total\n|\n|t:|1783536056\n|move|p1a: Shaymin|Earth Power|p2a: Raging Bolt\n|-supereffective|p2a: Raging Bolt\n|-damage|p2a: Raging Bolt|57/100\n|-unboost|p2a: Raging Bolt|spd|1\n|move|p2a: Raging Bolt|Calm Mind|p2a: Raging Bolt\n|-boost|p2a: Raging Bolt|spa|1\n|-boost|p2a: Raging Bolt|spd|1\n|\n|-heal|p1a: Shaymin|259/298|[from] Grassy Terrain\n|-heal|p1a: Shaymin|277/298|[from] item: Leftovers\n|-heal|p2a: Raging Bolt|64/100|[from] Grassy Terrain\n|upkeep\n|turn|17\n|inactive|Time left: 300 sec this turn | 300 sec total\n|\n|t:|1783536057\n|switch|p1a: Rhydon|Rhydon, L85, F, tera:Fairy|79/317\n|move|p2a: Raging Bolt|Calm Mind|p2a: Raging Bolt\n|-boost|p2a: Raging Bolt|spa|1\n|-boost|p2a: Raging Bolt|spd|1\n|\n|-heal|p2a: Raging Bolt|70/100|[from] Grassy Terrain\n|-heal|p1a: Rhydon|98/317|[from] Grassy Terrain\n|-fieldend|move: Grassy Terrain\n|upkeep\n|turn|18\n|inactive|Time left: 300 sec this turn | 300 sec total\n|\n|t:|1783536058\n|move|p2a: Raging Bolt|Thunderclap|p1a: Rhydon\n|-ability|p1a: Rhydon|Lightning Rod|boost\n|-boost|p1a: Rhydon|spa|1\n|move|p1a: Rhydon|Earthquake|p2a: Raging Bolt\n|-supereffective|p2a: Raging Bolt\n|-damage|p2a: Raging Bolt|0 fnt\n|faint|p2a: Raging Bolt\n|-end|p2a: Raging Bolt|Protosynthesis|[silent]\n|\n|upkeep\n|\n|t:|1783536059\n|switch|p2a: Rillaboom|Rillaboom, L79, M|12/100\n|-fieldstart|move: Grassy Terrain|[from] ability: Grassy Surge|[of] p2a: Rillaboom\n|turn|19\n|inactive|Time left: 300 sec this turn | 300 sec total\n|\n|t:|1783536060\n|switch|p1a: Shaymin|Shaymin, L82|277/298\n|move|p2a: Rillaboom|Wood Hammer|p1a: Shaymin\n|-resisted|p1a: Shaymin\n|-damage|p1a: Shaymin|150/298\n|-damage|p2a: Rillaboom|0 fnt|[from] Recoil\n|faint|p2a: Rillaboom\n|\n|-heal|p1a: Shaymin|168/298|[from] Grassy Terrain\n|-heal|p1a: Shaymin|186/298|[from] item: Leftovers\n|upkeep\n|\n|t:|1783536061\n|switch|p2a: Klefki|Klefki, L84, M|100/100\n|turn|20\n|inactive|Time left: 300 sec this turn | 300 sec total\n|\n|t:|1783536062\n|move|p2a: Klefki|Spikes|p1a: Shaymin\n|-sidestart|p1: p0x239b054|Spikes\n|move|p1a: Shaymin|Seed Flare|p2a: Klefki\n|-resisted|p2a: Klefki\n|-damage|p2a: Klefki|68/100\n|\n|-heal|p1a: Shaymin|204/298|[from] Grassy Terrain\n|-heal|p1a: Shaymin|222/298|[from] item: Leftovers\n|-heal|p2a: Klefki|74/100|[from] Grassy Terrain\n|-heal|p2a: Klefki|80/100|[from] item: Leftovers\n|upkeep\n|turn|21\n|inactive|Time left: 300 sec this turn | 300 sec total\n|\n|t:|1783536063\n|move|p2a: Klefki|Spikes|p1a: Shaymin\n|-sidestart|p1: p0x239b054|Spikes\n|move|p1a: Shaymin|Seed Flare|p2a: Klefki|[miss]\n|-miss|p1a: Shaymin|p2a: Klefki\n|\n|-heal|p1a: Shaymin|240/298|[from] Grassy Terrain\n|-heal|p1a: Shaymin|258/298|[from] item: Leftovers\n|-heal|p2a: Klefki|86/100|[from] Grassy Terrain\n|-heal|p2a: Klefki|92/100|[from] item: Leftovers\n|upkeep\n|turn|22\n|inactive|Time left: 300 sec this turn | 300 sec total\n|\n|t:|1783536064\n|move|p2a: Klefki|Spikes|p1a: Shaymin\n|-sidestart|p1: p0x239b054|Spikes\n|move|p1a: Shaymin|Seed Flare|p2a: Klefki\n|-resisted|p2a: Klefki\n|-damage|p2a: Klefki|59/100\n|\n|-heal|p1a: Shaymin|276/298|[from] Grassy Terrain\n|-heal|p1a: Shaymin|294/298|[from] item: Leftovers\n|-heal|p2a: Klefki|65/100|[from] Grassy Terrain\n|-heal|p2a: Klefki|71/100|[from] item: Leftovers\n|upkeep\n|turn|23\n|inactive|Time left: 300 sec this turn | 300 sec total\n|\n|t:|1783536065\n|move|p2a: Klefki|Thunder Wave|p1a: Shaymin\n|-status|p1a: Shaymin|par\n|move|p1a: Shaymin|Seed Flare|p2a: Klefki\n|-resisted|p2a: Klefki\n|-damage|p2a: Klefki|38/100\n|-unboost|p2a: Klefki|spd|2\n|\n|-heal|p2a: Klefki|44/100|[from] Grassy Terrain\n|-heal|p2a: Klefki|50/100|[from] item: Leftovers\n|-heal|p1a: Shaymin|298/298 par|[from] Grassy Terrain\n|-fieldend|move: Grassy Terrain\n|upkeep\n|turn|24\n|inactive|Time left: 300 sec this turn | 300 sec total\n|\n|t:|1783536067\n|switch|p2a: Annihilape|Annihilape, L76, M|100/100\n|cant|p1a: Shaymin|par\n|\n|upkeep\n|turn|25\n|inactive|Time left: 300 sec this turn | 300 sec total\n|\n|t:|1783536068\n|-curestatus|p1a: Shaymin|par|[from] ability: Natural Cure|[silent]\n|switch|p1a: Articuno|Articuno, L86|295/295\n|-ability|p1a: Articuno|Pressure\n|move|p2a: Annihilape|Bulk Up|p2a: Annihilape\n|-boost|p2a: Annihilape|atk|1\n|-boost|p2a: Annihilape|def|1\n|\n|upkeep\n|turn|26\n|inactive|Time left: 300 sec this turn | 300 sec total\n|\n|t:|1783536069\n|move|p1a: Articuno|Brave Bird|p2a: Annihilape\n|-supereffective|p2a: Annihilape\n|-damage|p2a: Annihilape|38/100\n|-damage|p1a: Articuno|235/295|[from] Recoil\n|move|p2a: Annihilape|Drain Punch|p1a: Articuno\n|-damage|p1a: Articuno|135/295\n|-heal|p2a: Annihilape|55/100|[from] drain|[of] p1a: Articuno\n|\n|-heal|p2a: Annihilape|61/100|[from] item: Leftovers\n|upkeep\n|turn|27\n|inactive|Time left: 300 sec this turn | 300 sec total\n|\n|t:|1783536070\n|move|p1a: Articuno|Brave Bird|p2a: Annihilape\n|-supereffective|p2a: Annihilape\n|-damage|p2a: Annihilape|1/100\n|-damage|p1a: Articuno|77/295|[from] Recoil\n|move|p2a: Annihilape|Drain Punch|p1a: Articuno\n|-damage|p1a: Articuno|0 fnt\n|-heal|p2a: Annihilape|15/100|[from] drain|[of] p1a: Articuno\n|faint|p1a: Articuno\n|\n|-heal|p2a: Annihilape|21/100|[from] item: Leftovers\n|upkeep\n|inactive|Time left: 300 sec this turn | 300 sec total | 5 sec grace\n|\n|t:|1783536071\n|switch|p1a: Shaymin|Shaymin, L82|298/298\n|-damage|p1a: Shaymin|224/298|[from] Spikes\n|turn|28\n|inactive|Time left: 300 sec this turn | 300 sec total\n|\n|t:|1783536072\n|move|p1a: Shaymin|Earth Power|p2a: Annihilape\n|-damage|p2a: Annihilape|0 fnt\n|faint|p2a: Annihilape\n|\n|-heal|p1a: Shaymin|242/298|[from] item: Leftovers\n|upkeep\n|\n|t:|1783536073\n|switch|p2a: Electivire|Electivire, L84, F|100/100\n|turn|29\n|inactive|Time left: 300 sec this turn | 300 sec total\n|\n|t:|1783536074\n|move|p1a: Shaymin|Seed Flare|p2a: Electivire\n|-damage|p2a: Electivire|50/100\n|move|p2a: Electivire|Knock Off|p1a: Shaymin\n|-damage|p1a: Shaymin|147/298\n|-enditem|p1a: Shaymin|Leftovers|[from] move: Knock Off|[of] p2a: Electivire\n|-damage|p2a: Electivire|40/100|[from] item: Life Orb\n|\n|upkeep\n|turn|30\n|inactive|Time left: 300 sec this turn | 300 sec total\n|\n|t:|1783536075\n|-terastallize|p2a: Electivire|Ground\n|move|p1a: Shaymin|Earth Power|p2a: Electivire\n|-damage|p2a: Electivire|16/100\n|move|p2a: Electivire|Flamethrower|p1a: Shaymin\n|-supereffective|p1a: Shaymin\n|-damage|p1a: Shaymin|0 fnt\n|faint|p1a: Shaymin\n|-damage|p2a: Electivire|7/100|[from] item: Life Orb\n|\n|upkeep\n|inactive|Time left: 300 sec this turn | 300 sec total | 5 sec grace\n|\n|t:|1783536076\n|switch|p1a: Regirock|Regirock, L83|268/268\n|-damage|p1a: Regirock|201/268|[from] Spikes\n|turn|31\n|inactive|Time left: 300 sec this turn | 300 sec total\n|\n|t:|1783536077\n|move|p2a: Electivire|Earthquake|p1a: Regirock\n|-supereffective|p1a: Regirock\n|-damage|p1a: Regirock|29/268\n|-damage|p2a: Electivire|0 fnt|[from] item: Life Orb\n|faint|p2a: Electivire\n|move|p1a: Regirock|Iron Defense|p1a: Regirock\n|-boost|p1a: Regirock|def|2\n|\n|-heal|p1a: Regirock|45/268|[from] item: Leftovers\n|upkeep\n|\n|t:|1783536078\n|switch|p2a: Klefki|Klefki, L84, M|50/100\n|turn|32\n|inactive|Time left: 300 sec this turn | 300 sec total\n|\n|t:|1783536079\n|move|p2a: Klefki|Dazzling Gleam|p1a: Regirock\n|-damage|p1a: Regirock|0 fnt\n|faint|p1a: Regirock\n|\n|-heal|p2a: Klefki|56/100|[from] item: Leftovers\n|upkeep\n|inactive|Time left: 300 sec this turn | 300 sec total | 5 sec grace\n|\n|t:|1783536079\n|switch|p1a: Urshifu|Urshifu-Rapid-Strike, L75, F|274/274\n|-damage|p1a: Urshifu|206/274|[from] Spikes\n|turn|33\n|inactive|Time left: 300 sec this turn | 300 sec total\n|\n|t:|1783536080\n|move|p2a: Klefki|Thunder Wave|p1a: Urshifu\n|-status|p1a: Urshifu|par\n|move|p1a: Urshifu|Close Combat|p2a: Klefki\n|-damage|p2a: Klefki|0 fnt\n|-unboost|p1a: Urshifu|def|1\n|-unboost|p1a: Urshifu|spd|1\n|faint|p2a: Klefki\n|\n|win|p0x239b054", "uploadtime": 1783536080, "views": 0, "rating": 0, "private": 0, "password": null, "_winner": "p0x239b054", "_our_name": "p0x239b054"}