{"id": "battle-gen9randombattle-460", "formatid": "gen9randombattle", "format": "[Gen 9] Random Battle", "players": ["p0x46038fd", "p0y460e8f3"], "log": "|init|battle\n|title|p0x46038fd vs. p0y460e8f3\n|j|\u2606p0x46038fd\n|j|\u2606p0y460e8f3\n|t:|1783545109\n|gametype|singles\n|player|p1|p0x46038fd|169|\n|player|p2|p0y460e8f3|266|\n|gen|9\n|tier|[Gen 9] Random Battle\n|rule|Species Clause: Limit one of each Pok\u00e9mon\n|rule|HP Percentage Mod: HP is shown in percentages\n|rule|Sleep Clause Mod: Limit one foe put to sleep\n|rule|Illusion Level Mod: Illusion disguises the Pok\u00e9mon's true level\n|\n|t:|1783545109\n|teamsize|p1|6\n|teamsize|p2|6\n|start\n|switch|p1a: Conkeldurr|Conkeldurr, L80, F|100/100\n|switch|p2a: Tentacruel|Tentacruel, L84, F|272/272\n|turn|1\n|inactive|Battle timer is ON: inactive players will automatically lose when time's up. (requested by p0x46038fd)\n|inactive|Time left: 300 sec this turn | 300 sec total | 60 sec grace\n|inactive|p0y460e8f3 also wants the timer to be on.\n|\n|t:|1783545111\n|move|p2a: Tentacruel|Surf|p1a: Conkeldurr\n|-damage|p1a: Conkeldurr|62/100\n|move|p1a: Conkeldurr|Knock Off|p2a: Tentacruel\n|-damage|p2a: Tentacruel|174/272\n|-enditem|p2a: Tentacruel|Leftovers|[from] move: Knock Off|[of] p1a: Conkeldurr\n|\n|-status|p1a: Conkeldurr|brn|[from] item: Flame Orb\n|upkeep\n|turn|2\n|inactive|Time left: 300 sec this turn | 300 sec total\n|\n|t:|1783545112\n|move|p2a: Tentacruel|Surf|p1a: Conkeldurr\n|-damage|p1a: Conkeldurr|28/100 brn\n|move|p1a: Conkeldurr|Facade|p2a: Tentacruel\n|-damage|p2a: Tentacruel|0 fnt\n|faint|p2a: Tentacruel\n|\n|-damage|p1a: Conkeldurr|22/100 brn|[from] brn\n|upkeep\n|inactive|Time left: 300 sec this turn | 300 sec total | 5 sec grace\n|\n|t:|1783545113\n|switch|p2a: Oranguru|Oranguru, L92, F|315/315\n|turn|3\n|inactive|Time left: 300 sec this turn | 300 sec total\n|\n|t:|1783545114\n|switch|p1a: Tsareena|Tsareena, L87, F|100/100\n|move|p2a: Oranguru|Hyper Voice|p1a: Tsareena\n|-damage|p1a: Tsareena|48/100\n|\n|upkeep\n|turn|4\n|inactive|Time left: 300 sec this turn | 300 sec total\n|\n|t:|1783545115\n|move|p1a: Tsareena|Knock Off|p2a: Oranguru\n|-supereffective|p2a: Oranguru\n|-damage|p2a: Oranguru|159/315\n|-enditem|p2a: Oranguru|Choice Specs|[from] move: Knock Off|[of] p1a: Tsareena\n|move|p2a: Oranguru|Hyper Voice|p1a: Tsareena\n|-damage|p1a: Tsareena|14/100\n|\n|upkeep\n|turn|5\n|inactive|Time left: 300 sec this turn | 300 sec total\n|\n|t:|1783545116\n|move|p1a: Tsareena|Knock Off|p2a: Oranguru\n|-supereffective|p2a: Oranguru\n|-damage|p2a: Oranguru|53/315\n|move|p2a: Oranguru|Hyper Voice|p1a: Tsareena\n|-damage|p1a: Tsareena|0 fnt\n|faint|p1a: Tsareena\n|\n|upkeep\n|\n|t:|1783545117\n|switch|p1a: Cetitan|Cetitan, L82, F|100/100\n|turn|6\n|inactive|Time left: 300 sec this turn | 300 sec total\n|\n|t:|1783545118\n|switch|p2a: Drednaw|Drednaw, L81, F|278/278\n|move|p1a: Cetitan|Liquidation|p2a: Drednaw\n|-damage|p2a: Drednaw|173/278\n|\n|upkeep\n|turn|7\n|inactive|Time left: 300 sec this turn | 300 sec total\n|\n|t:|1783545120\n|move|p1a: Cetitan|Earthquake|p2a: Drednaw\n|-supereffective|p2a: Drednaw\n|-damage|p2a: Drednaw|0 fnt\n|faint|p2a: Drednaw\n|-damage|p1a: Cetitan|91/100|[from] item: Life Orb\n|\n|upkeep\n|inactive|Time left: 300 sec this turn | 300 sec total | 5 sec grace\n|\n|t:|1783545121\n|switch|p2a: Tauros|Tauros-Paldea-Combat, L82, M|257/257\n|-ability|p2a: Tauros|Intimidate|boost\n|-unboost|p1a: Cetitan|atk|1\n|turn|8\n|inactive|Time left: 300 sec this turn | 300 sec total\n|\n|t:|1783545122\n|switch|p1a: Virizion|Virizion, L82|100/100\n|move|p2a: Tauros|Bulk Up|p2a: Tauros\n|-boost|p2a: Tauros|atk|1\n|-boost|p2a: Tauros|def|1\n|\n|upkeep\n|turn|9\n|inactive|Time left: 300 sec this turn | 300 sec total\n|\n|t:|1783545123\n|move|p1a: Virizion|Close Combat|p2a: Tauros\n|-damage|p2a: Tauros|174/257\n|-unboost|p1a: Virizion|def|1\n|-unboost|p1a: Virizion|spd|1\n|-damage|p1a: Virizion|91/100|[from] item: Life Orb\n|move|p2a: Tauros|Close Combat|p1a: Virizion\n|-damage|p1a: Virizion|0 fnt\n|-unboost|p2a: Tauros|def|1\n|-unboost|p2a: Tauros|spd|1\n|faint|p1a: Virizion\n|-damage|p2a: Tauros|149/257|[from] item: Life Orb\n|\n|upkeep\n|\n|t:|1783545124\n|switch|p1a: Empoleon|Empoleon, L84, M|100/100\n|turn|10\n|inactive|Time left: 300 sec this turn | 300 sec total\n|\n|t:|1783545125\n|-terastallize|p1a: Empoleon|Flying\n|move|p2a: Tauros|Close Combat|p1a: Empoleon\n|-resisted|p1a: Empoleon\n|-damage|p1a: Empoleon|52/100\n|-unboost|p2a: Tauros|def|1\n|-unboost|p2a: Tauros|spd|1\n|-damage|p2a: Tauros|124/257|[from] item: Life Orb\n|move|p1a: Empoleon|Surf|p2a: Tauros\n|-damage|p2a: Tauros|0 fnt\n|faint|p2a: Tauros\n|\n|-heal|p1a: Empoleon|58/100|[from] item: Leftovers\n|upkeep\n|inactive|Time left: 300 sec this turn | 300 sec total | 5 sec grace\n|\n|t:|1783545126\n|switch|p2a: Delibird|Delibird, M|252/252\n|turn|11\n|inactive|Time left: 300 sec this turn | 300 sec total\n|\n|t:|1783545127\n|switch|p1a: Cetitan|Cetitan, L82, F|91/100\n|move|p2a: Delibird|Ice Spinner|p1a: Cetitan\n|-resisted|p1a: Cetitan\n|-damage|p1a: Cetitan|71/100\n|\n|upkeep\n|turn|12\n|inactive|Time left: 300 sec this turn | 300 sec total\n|\n|t:|1783545128\n|move|p2a: Delibird|Brave Bird|p1a: Cetitan\n|-damage|p1a: Cetitan|19/100\n|-damage|p2a: Delibird|180/252|[from] Recoil\n|move|p1a: Cetitan|Icicle Crash|p2a: Delibird\n|-damage|p2a: Delibird|0 fnt\n|faint|p2a: Delibird\n|\n|upkeep\n|inactive|Time left: 300 sec this turn | 300 sec total | 5 sec grace\n|\n|t:|1783545129\n|switch|p2a: Bellossom|Bellossom, L84, M|263/263\n|turn|13\n|inactive|Time left: 300 sec this turn | 300 sec total\n|\n|t:|1783545130\n|-terastallize|p2a: Bellossom|Poison\n|move|p1a: Cetitan|Icicle Crash|p2a: Bellossom\n|-damage|p2a: Bellossom|107/263\n|move|p2a: Bellossom|Quiver Dance|p2a: Bellossom\n|-boost|p2a: Bellossom|spa|1\n|-boost|p2a: Bellossom|spd|1\n|-boost|p2a: Bellossom|spe|1\n|\n|-heal|p2a: Bellossom|123/263|[from] item: Leftovers\n|upkeep\n|turn|14\n|inactive|Time left: 300 sec this turn | 300 sec total\n|\n|t:|1783545130\n|move|p1a: Cetitan|Ice Shard|p2a: Bellossom\n|-damage|p2a: Bellossom|71/263\n|-damage|p1a: Cetitan|9/100|[from] item: Life Orb\n|move|p2a: Bellossom|Strength Sap|p1a: Cetitan\n|-unboost|p1a: Cetitan|atk|1\n|-heal|p2a: Bellossom|263/263\n|\n|upkeep\n|turn|15\n|inactive|Time left: 300 sec this turn | 300 sec total\n|\n|t:|1783545131\n|switch|p1a: Blissey|Blissey, L85, F|100/100\n|move|p2a: Bellossom|Quiver Dance|p2a: Bellossom\n|-boost|p2a: Bellossom|spa|1\n|-boost|p2a: Bellossom|spd|1\n|-boost|p2a: Bellossom|spe|1\n|\n|upkeep\n|turn|16\n|inactive|Time left: 300 sec this turn | 300 sec total\n|\n|t:|1783545132\n|move|p2a: Bellossom|Quiver Dance|p2a: Bellossom\n|-boost|p2a: Bellossom|spa|1\n|-boost|p2a: Bellossom|spd|1\n|-boost|p2a: Bellossom|spe|1\n|move|p1a: Blissey|Thunder Wave|p2a: Bellossom\n|-status|p2a: Bellossom|par\n|\n|upkeep\n|turn|17\n|inactive|Time left: 300 sec this turn | 300 sec total\n|\n|t:|1783545133\n|cant|p2a: Bellossom|par\n|move|p1a: Blissey|Seismic Toss|p2a: Bellossom\n|-damage|p2a: Bellossom|178/263 par\n|\n|-heal|p2a: Bellossom|194/263 par|[from] item: Leftovers\n|upkeep\n|turn|18\n|inactive|Time left: 300 sec this turn | 300 sec total\n|\n|t:|1783545134\n|move|p2a: Bellossom|Quiver Dance|p2a: Bellossom\n|-boost|p2a: Bellossom|spa|1\n|-boost|p2a: Bellossom|spd|1\n|-boost|p2a: Bellossom|spe|1\n|move|p1a: Blissey|Seismic Toss|p2a: Bellossom\n|-damage|p2a: Bellossom|109/263 par\n|\n|-heal|p2a: Bellossom|125/263 par|[from] item: Leftovers\n|upkeep\n|turn|19\n|inactive|Time left: 300 sec this turn | 300 sec total\n|\n|t:|1783545135\n|move|p2a: Bellossom|Giga Drain|p1a: Blissey\n|-damage|p1a: Blissey|74/100\n|-heal|p2a: Bellossom|202/263 par|[from] drain|[of] p1a: Blissey\n|move|p1a: Blissey|Seismic Toss|p2a: Bellossom\n|-damage|p2a: Bellossom|117/263 par\n|\n|-heal|p2a: Bellossom|133/263 par|[from] item: Leftovers\n|-heal|p1a: Blissey|80/100|[from] item: Leftovers\n|upkeep\n|turn|20\n|inactive|Time left: 300 sec this turn | 300 sec total\n|\n|t:|1783545136\n|move|p2a: Bellossom|Giga Drain|p1a: Blissey\n|-damage|p1a: Blissey|52/100\n|-heal|p2a: Bellossom|213/263 par|[from] drain|[of] p1a: Blissey\n|move|p1a: Blissey|Seismic Toss|p2a: Bellossom\n|-damage|p2a: Bellossom|128/263 par\n|\n|-heal|p2a: Bellossom|144/263 par|[from] item: Leftovers\n|-heal|p1a: Blissey|58/100|[from] item: Leftovers\n|upkeep\n|turn|21\n|inactive|Time left: 300 sec this turn | 300 sec total\n|\n|t:|1783545137\n|move|p2a: Bellossom|Giga Drain|p1a: Blissey\n|-damage|p1a: Blissey|31/100\n|-heal|p2a: Bellossom|222/263 par|[from] drain|[of] p1a: Blissey\n|move|p1a: Blissey|Soft-Boiled|p1a: Blissey\n|-heal|p1a: Blissey|81/100\n|\n|-heal|p2a: Bellossom|238/263 par|[from] item: Leftovers\n|-heal|p1a: Blissey|87/100|[from] item: Leftovers\n|upkeep\n|turn|22\n|inactive|Time left: 300 sec this turn | 300 sec total\n|\n|t:|1783545138\n|move|p2a: Bellossom|Sludge Bomb|p1a: Blissey\n|-damage|p1a: Blissey|53/100\n|move|p1a: Blissey|Seismic Toss|p2a: Bellossom\n|-damage|p2a: Bellossom|153/263 par\n|\n|-heal|p2a: Bellossom|169/263 par|[from] item: Leftovers\n|-heal|p1a: Blissey|59/100|[from] item: Leftovers\n|upkeep\n|turn|23\n|inactive|Time left: 300 sec this turn | 300 sec total\n|\n|t:|1783545139\n|move|p2a: Bellossom|Sludge Bomb|p1a: Blissey\n|-damage|p1a: Blissey|25/100\n|-status|p1a: Blissey|psn\n|move|p1a: Blissey|Soft-Boiled|p1a: Blissey\n|-heal|p1a: Blissey|75/100 psn\n|\n|-heal|p2a: Bellossom|185/263 par|[from] item: Leftovers\n|-heal|p1a: Blissey|81/100 psn|[from] item: Leftovers\n|-damage|p1a: Blissey|69/100 psn|[from] psn\n|upkeep\n|turn|24\n|inactive|Time left: 300 sec this turn | 300 sec total\n|\n|t:|1783545140\n|move|p2a: Bellossom|Giga Drain|p1a: Blissey\n|-damage|p1a: Blissey|44/100 psn\n|-heal|p2a: Bellossom|257/263 par|[from] drain|[of] p1a: Blissey\n|move|p1a: Blissey|Soft-Boiled|p1a: Blissey\n|-heal|p1a: Blissey|94/100 psn\n|\n|-heal|p2a: Bellossom|263/263 par|[from] item: Leftovers\n|-heal|p1a: Blissey|99/100 psn|[from] item: Leftovers\n|-damage|p1a: Blissey|87/100 psn|[from] psn\n|upkeep\n|turn|25\n|inactive|Time left: 300 sec this turn | 300 sec total\n|\n|t:|1783545142\n|move|p2a: Bellossom|Sludge Bomb|p1a: Blissey\n|-damage|p1a: Blissey|56/100 psn\n|move|p1a: Blissey|Soft-Boiled|p1a: Blissey\n|-heal|p1a: Blissey|100/100 psn\n|\n|-damage|p1a: Blissey|88/100 psn|[from] psn\n|upkeep\n|turn|26\n|inactive|Time left: 300 sec this turn | 300 sec total\n|\n|t:|1783545143\n|move|p2a: Bellossom|Sludge Bomb|p1a: Blissey\n|-damage|p1a: Blissey|57/100 psn\n|move|p1a: Blissey|Soft-Boiled|p1a: Blissey\n|-heal|p1a: Blissey|100/100 psn\n|\n|-damage|p1a: Blissey|88/100 psn|[from] psn\n|upkeep\n|turn|27\n|inactive|Time left: 300 sec this turn | 300 sec total\n|\n|t:|1783545144\n|move|p2a: Bellossom|Sludge Bomb|p1a: Blissey\n|-damage|p1a: Blissey|57/100 psn\n|move|p1a: Blissey|Soft-Boiled|p1a: Blissey\n|-heal|p1a: Blissey|100/100 psn\n|\n|-damage|p1a: Blissey|88/100 psn|[from] psn\n|upkeep\n|turn|28\n|inactive|Time left: 300 sec this turn | 300 sec total\n|\n|t:|1783545145\n|move|p2a: Bellossom|Sludge Bomb|p1a: Blissey\n|-damage|p1a: Blissey|54/100 psn\n|move|p1a: Blissey|Soft-Boiled|p1a: Blissey\n|-heal|p1a: Blissey|100/100 psn\n|\n|-damage|p1a: Blissey|88/100 psn|[from] psn\n|upkeep\n|turn|29\n|inactive|Time left: 300 sec this turn | 300 sec total\n|\n|t:|1783545146\n|move|p2a: Bellossom|Sludge Bomb|p1a: Blissey\n|-damage|p1a: Blissey|55/100 psn\n|move|p1a: Blissey|Soft-Boiled|p1a: Blissey\n|-heal|p1a: Blissey|100/100 psn\n|\n|-damage|p1a: Blissey|88/100 psn|[from] psn\n|upkeep\n|turn|30\n|inactive|Time left: 300 sec this turn | 300 sec total\n|\n|t:|1783545147\n|cant|p2a: Bellossom|par\n|move|p1a: Blissey|Seismic Toss|p2a: Bellossom\n|-damage|p2a: Bellossom|178/263 par\n|\n|-heal|p2a: Bellossom|194/263 par|[from] item: Leftovers\n|-heal|p1a: Blissey|94/100 psn|[from] item: Leftovers\n|-damage|p1a: Blissey|82/100 psn|[from] psn\n|upkeep\n|turn|31\n|inactive|Time left: 300 sec this turn | 300 sec total\n|\n|t:|1783545148\n|move|p2a: Bellossom|Sludge Bomb|p1a: Blissey\n|-damage|p1a: Blissey|51/100 psn\n|move|p1a: Blissey|Seismic Toss|p2a: Bellossom\n|-damage|p2a: Bellossom|109/263 par\n|\n|-heal|p2a: Bellossom|125/263 par|[from] item: Leftovers\n|-heal|p1a: Blissey|57/100 psn|[from] item: Leftovers\n|-damage|p1a: Blissey|45/100 psn|[from] psn\n|upkeep\n|turn|32\n|inactive|Time left: 300 sec this turn | 300 sec total\n|\n|t:|1783545149\n|move|p2a: Bellossom|Giga Drain|p1a: Blissey\n|-crit|p1a: Blissey\n|-damage|p1a: Blissey|3/100 psn\n|-heal|p2a: Bellossom|244/263 par|[from] drain|[of] p1a: Blissey\n|move|p1a: Blissey|Seismic Toss|p2a: Bellossom\n|-damage|p2a: Bellossom|159/263 par\n|\n|-heal|p2a: Bellossom|175/263 par|[from] item: Leftovers\n|-heal|p1a: Blissey|10/100 psn|[from] item: Leftovers\n|-damage|p1a: Blissey|0 fnt|[from] psn\n|faint|p1a: Blissey\n|upkeep\n|\n|t:|1783545150\n|switch|p1a: Cetitan|Cetitan, L82, F|9/100\n|turn|33\n|inactive|Time left: 300 sec this turn | 300 sec total\n|\n|t:|1783545151\n|move|p2a: Bellossom|Sludge Bomb|p1a: Cetitan\n|-damage|p1a: Cetitan|0 fnt\n|faint|p1a: Cetitan\n|\n|-heal|p2a: Bellossom|191/263 par|[from] item: Leftovers\n|upkeep\n|\n|t:|1783545152\n|switch|p1a: Conkeldurr|Conkeldurr, L80, F|22/100 brn\n|turn|34\n|inactive|Time left: 300 sec this turn | 300 sec total\n|\n|t:|1783545153\n|cant|p2a: Bellossom|par\n|move|p1a: Conkeldurr|Facade|p2a: Bellossom\n|-damage|p2a: Bellossom|8/263 par\n|\n|-heal|p2a: Bellossom|24/263 par|[from] item: Leftovers\n|-damage|p1a: Conkeldurr|16/100 brn|[from] brn\n|upkeep\n|turn|35\n|inactive|Time left: 300 sec this turn | 300 sec total\n|\n|t:|1783545154\n|move|p1a: Conkeldurr|Mach Punch|p2a: Bellossom\n|-resisted|p2a: Bellossom\n|-damage|p2a: Bellossom|0 fnt\n|faint|p2a: Bellossom\n|\n|-damage|p1a: Conkeldurr|10/100 brn|[from] brn\n|upkeep\n|inactive|Time left: 300 sec this turn | 300 sec total | 5 sec grace\n|\n|t:|1783545155\n|switch|p2a: Oranguru|Oranguru, L92, F|53/315\n|turn|36\n|inactive|Time left: 300 sec this turn | 300 sec total\n|\n|t:|1783545156\n|move|p1a: Conkeldurr|Mach Punch|p2a: Oranguru\n|-damage|p2a: Oranguru|0 fnt\n|faint|p2a: Oranguru\n|\n|win|p0x46038fd", "uploadtime": 1783545156, "views": 0, "rating": 0, "private": 0, "password": null, "_winner": "p0x46038fd", "_our_name": "p0y460e8f3"}