{"id": "battle-gen9randombattle-1879", "formatid": "gen9randombattle", "format": "[Gen 9] Random Battle", "players": ["p0x1879b43e", "p0y1879a185"], "log": "|init|battle\n|title|p0x1879b43e vs. p0y1879a185\n|j|\u2606p0x1879b43e\n|j|\u2606p0y1879a185\n|t:|1783561756\n|gametype|singles\n|player|p1|p0x1879b43e|265|\n|player|p2|p0y1879a185|266|\n|gen|9\n|tier|[Gen 9] Random Battle\n|rule|Species Clause: Limit one of each Pok\u00e9mon\n|rule|HP Percentage Mod: HP is shown in percentages\n|rule|Sleep Clause Mod: Limit one foe put to sleep\n|rule|Illusion Level Mod: Illusion disguises the Pok\u00e9mon's true level\n|\n|t:|1783561756\n|teamsize|p1|6\n|teamsize|p2|6\n|start\n|switch|p1a: Vaporeon|Vaporeon, L86, M|100/100\n|switch|p2a: Ariados|Ariados, L95, M|287/287\n|turn|1\n|inactive|Battle timer is ON: inactive players will automatically lose when time's up. (requested by p0y1879a185)\n|inactive|p0x1879b43e also wants the timer to be on.\n|\n|t:|1783561757\n|move|p1a: Vaporeon|Scald|p2a: Ariados\n|-damage|p2a: Ariados|191/287\n|move|p2a: Ariados|Sticky Web|p1a: Vaporeon\n|-sidestart|p1: p0x1879b43e|move: Sticky Web\n|\n|upkeep\n|turn|2\n|inactive|Time left: 300 sec this turn | 300 sec total\n|\n|t:|1783561758\n|move|p1a: Vaporeon|Scald|p2a: Ariados\n|-damage|p2a: Ariados|92/287\n|move|p2a: Ariados|Megahorn|p1a: Vaporeon\n|-damage|p1a: Vaporeon|17/100\n|\n|-heal|p1a: Vaporeon|23/100|[from] item: Leftovers\n|upkeep\n|turn|3\n|inactive|Time left: 300 sec this turn | 300 sec total\n|\n|t:|1783561760\n|switch|p2a: Floatzel|Floatzel, L86, M|286/286\n|move|p1a: Vaporeon|Scald|p2a: Floatzel\n|-resisted|p2a: Floatzel\n|-damage|p2a: Floatzel|220/286\n|\n|-heal|p1a: Vaporeon|29/100|[from] item: Leftovers\n|upkeep\n|turn|4\n|inactive|Time left: 300 sec this turn | 300 sec total\n|\n|t:|1783561761\n|move|p2a: Floatzel|Crunch|p1a: Vaporeon\n|-damage|p1a: Vaporeon|0 fnt\n|faint|p1a: Vaporeon\n|\n|upkeep\n|\n|t:|1783561762\n|switch|p1a: Klawf|Klawf, L90, F|100/100\n|-activate|p1a: Klawf|move: Sticky Web\n|-unboost|p1a: Klawf|spe|1\n|turn|5\n|inactive|Time left: 300 sec this turn | 300 sec total\n|\n|t:|1783561763\n|move|p2a: Floatzel|Crunch|p1a: Klawf\n|-damage|p1a: Klawf|75/100\n|move|p1a: Klawf|Swords Dance|p1a: Klawf\n|-boost|p1a: Klawf|atk|2\n|\n|upkeep\n|turn|6\n|inactive|Time left: 300 sec this turn | 300 sec total\n|\n|t:|1783561764\n|switch|p2a: Passimian|Passimian, L83, M|302/302\n|move|p1a: Klawf|Stone Edge|p2a: Passimian|[miss]\n|-miss|p1a: Klawf|p2a: Passimian\n|\n|upkeep\n|turn|7\n|inactive|Time left: 300 sec this turn | 300 sec total\n|\n|t:|1783561765\n|-terastallize|p1a: Klawf|Ground\n|move|p2a: Passimian|Drain Punch|p1a: Klawf\n|-damage|p1a: Klawf|50/100\n|-ability|p1a: Klawf|Anger Shell|boost\n|-boost|p1a: Klawf|atk|1\n|-boost|p1a: Klawf|spa|1\n|-boost|p1a: Klawf|spe|1\n|-unboost|p1a: Klawf|def|1\n|-unboost|p1a: Klawf|spd|1\n|-enditem|p1a: Klawf|Sitrus Berry|[eat]\n|-heal|p1a: Klawf|75/100|[from] item: Sitrus Berry\n|move|p1a: Klawf|High Horsepower|p2a: Passimian\n|-damage|p2a: Passimian|19/302\n|\n|-heal|p2a: Passimian|37/302|[from] item: Leftovers\n|upkeep\n|turn|8\n|inactive|Time left: 300 sec this turn | 300 sec total\n|\n|t:|1783561766\n|move|p1a: Klawf|Knock Off|p2a: Passimian\n|-resisted|p2a: Passimian\n|-damage|p2a: Passimian|0 fnt\n|-enditem|p2a: Passimian|Leftovers|[from] move: Knock Off|[of] p1a: Klawf\n|faint|p2a: Passimian\n|\n|upkeep\n|inactive|Time left: 300 sec this turn | 300 sec total | 5 sec grace\n|\n|t:|1783561767\n|switch|p2a: Floatzel|Floatzel, L86, M|220/286\n|turn|9\n|inactive|Time left: 300 sec this turn | 300 sec total\n|\n|t:|1783561768\n|switch|p1a: Copperajah|Copperajah, L86, M|100/100\n|-activate|p1a: Copperajah|move: Sticky Web\n|-unboost|p1a: Copperajah|spe|1\n|move|p2a: Floatzel|Ice Spinner|p1a: Copperajah\n|-resisted|p1a: Copperajah\n|-damage|p1a: Copperajah|86/100\n|\n|upkeep\n|turn|10\n|inactive|Time left: 300 sec this turn | 300 sec total\n|\n|t:|1783561769\n|move|p2a: Floatzel|Ice Spinner|p1a: Copperajah\n|-resisted|p1a: Copperajah\n|-damage|p1a: Copperajah|71/100\n|move|p1a: Copperajah|Iron Head|p2a: Floatzel\n|-resisted|p2a: Floatzel\n|-damage|p2a: Floatzel|90/286\n|\n|upkeep\n|turn|11\n|inactive|Time left: 300 sec this turn | 300 sec total\n|\n|t:|1783561770\n|switch|p2a: Drifblim|Drifblim, L86, F|396/396\n|move|p1a: Copperajah|Iron Head|p2a: Drifblim\n|-damage|p2a: Drifblim|107/396\n|-enditem|p2a: Drifblim|Sitrus Berry|[eat]\n|-heal|p2a: Drifblim|206/396|[from] item: Sitrus Berry\n|\n|upkeep\n|turn|12\n|inactive|Time left: 300 sec this turn | 300 sec total\n|\n|t:|1783561771\n|move|p2a: Drifblim|Strength Sap|p1a: Copperajah\n|-unboost|p1a: Copperajah|atk|1\n|-heal|p2a: Drifblim|396/396\n|move|p1a: Copperajah|Iron Head|p2a: Drifblim\n|-damage|p2a: Drifblim|188/396\n|\n|upkeep\n|turn|13\n|inactive|Time left: 300 sec this turn | 300 sec total\n|\n|t:|1783561772\n|move|p2a: Drifblim|Strength Sap|p1a: Copperajah\n|-unboost|p1a: Copperajah|atk|1\n|-heal|p2a: Drifblim|370/396\n|move|p1a: Copperajah|Iron Head|p2a: Drifblim\n|-damage|p2a: Drifblim|230/396\n|\n|upkeep\n|turn|14\n|inactive|Time left: 300 sec this turn | 300 sec total\n|\n|t:|1783561773\n|move|p2a: Drifblim|Strength Sap|p1a: Copperajah\n|-unboost|p1a: Copperajah|atk|1\n|-heal|p2a: Drifblim|366/396\n|move|p1a: Copperajah|Stealth Rock|p2a: Drifblim\n|-sidestart|p2: p0y1879a185|move: Stealth Rock\n|\n|upkeep\n|turn|15\n|inactive|Time left: 300 sec this turn | 300 sec total\n|\n|t:|1783561774\n|switch|p1a: Espathra|Espathra, L80, M|100/100\n|-activate|p1a: Espathra|move: Sticky Web\n|-unboost|p1a: Espathra|spe|1\n|move|p2a: Drifblim|Calm Mind|p2a: Drifblim\n|-boost|p2a: Drifblim|spa|1\n|-boost|p2a: Drifblim|spd|1\n|\n|upkeep\n|turn|16\n|inactive|Time left: 300 sec this turn | 300 sec total\n|\n|t:|1783561775\n|switch|p1a: Copperajah|Copperajah, L86, M|71/100\n|-activate|p1a: Copperajah|move: Sticky Web\n|-unboost|p1a: Copperajah|spe|1\n|move|p2a: Drifblim|Shadow Ball|p1a: Copperajah\n|-damage|p1a: Copperajah|26/100\n|\n|upkeep\n|turn|17\n|inactive|Time left: 300 sec this turn | 300 sec total\n|\n|t:|1783561776\n|move|p2a: Drifblim|Shadow Ball|p1a: Copperajah\n|-damage|p1a: Copperajah|0 fnt\n|faint|p1a: Copperajah\n|\n|upkeep\n|\n|t:|1783561777\n|switch|p1a: Klawf|Klawf, L90, F, tera:Ground|75/100\n|-activate|p1a: Klawf|move: Sticky Web\n|-unboost|p1a: Klawf|spe|1\n|turn|18\n|inactive|Time left: 300 sec this turn | 300 sec total\n|\n|t:|1783561778\n|move|p2a: Drifblim|Air Slash|p1a: Klawf\n|-damage|p1a: Klawf|16/100\n|-ability|p1a: Klawf|Anger Shell|boost\n|-boost|p1a: Klawf|atk|1\n|-boost|p1a: Klawf|spa|1\n|-boost|p1a: Klawf|spe|1\n|-unboost|p1a: Klawf|def|1\n|-unboost|p1a: Klawf|spd|1\n|cant|p1a: Klawf|flinch\n|\n|upkeep\n|turn|19\n|inactive|Time left: 300 sec this turn | 300 sec total\n|\n|t:|1783561779\n|move|p2a: Drifblim|Shadow Ball|p1a: Klawf\n|-damage|p1a: Klawf|0 fnt\n|faint|p1a: Klawf\n|\n|upkeep\n|\n|t:|1783561780\n|switch|p1a: Regidrago|Regidrago, L77|100/100\n|-activate|p1a: Regidrago|move: Sticky Web\n|-unboost|p1a: Regidrago|spe|1\n|turn|20\n|inactive|Time left: 300 sec this turn | 300 sec total\n|\n|t:|1783561782\n|move|p2a: Drifblim|Shadow Ball|p1a: Regidrago\n|-damage|p1a: Regidrago|55/100\n|-unboost|p1a: Regidrago|spd|1\n|move|p1a: Regidrago|Dragon Dance|p1a: Regidrago\n|-boost|p1a: Regidrago|atk|1\n|-boost|p1a: Regidrago|spe|1\n|\n|upkeep\n|turn|21\n|inactive|Time left: 300 sec this turn | 300 sec total\n|\n|t:|1783561783\n|move|p2a: Drifblim|Shadow Ball|p1a: Regidrago\n|-crit|p1a: Regidrago\n|-damage|p1a: Regidrago|0 fnt\n|faint|p1a: Regidrago\n|\n|upkeep\n|\n|t:|1783561784\n|switch|p1a: Mew|Mew, L82|100/100\n|-activate|p1a: Mew|move: Sticky Web\n|-unboost|p1a: Mew|spe|1\n|turn|22\n|inactive|Time left: 300 sec this turn | 300 sec total\n|\n|t:|1783561785\n|move|p2a: Drifblim|Shadow Ball|p1a: Mew\n|-supereffective|p1a: Mew\n|-damage|p1a: Mew|20/100\n|move|p1a: Mew|Nasty Plot|p1a: Mew\n|-boost|p1a: Mew|spa|2\n|\n|upkeep\n|turn|23\n|inactive|Time left: 300 sec this turn | 300 sec total\n|\n|t:|1783561786\n|move|p2a: Drifblim|Shadow Ball|p1a: Mew\n|-supereffective|p1a: Mew\n|-damage|p1a: Mew|0 fnt\n|faint|p1a: Mew\n|\n|upkeep\n|\n|t:|1783561786\n|switch|p1a: Espathra|Espathra, L80, M|100/100\n|-activate|p1a: Espathra|move: Sticky Web\n|-unboost|p1a: Espathra|spe|1\n|turn|24\n|inactive|Time left: 300 sec this turn | 300 sec total\n|\n|t:|1783561787\n|-terastallize|p2a: Drifblim|Steel\n|move|p2a: Drifblim|Shadow Ball|p1a: Espathra\n|-supereffective|p1a: Espathra\n|-damage|p1a: Espathra|0 fnt\n|faint|p1a: Espathra\n|\n|win|p0y1879a185", "uploadtime": 1783561787, "views": 0, "rating": 0, "private": 0, "password": null, "_winner": "p0y1879a185", "_our_name": "p0y1879a185"}