{"id": "battle-gen9randombattle-2814", "formatid": "gen9randombattle", "format": "[Gen 9] Random Battle", "players": ["p0x28147ac3", "p0y2814890e"], "log": "|init|battle\n|title|p0x28147ac3 vs. p0y2814890e\n|j|\u2606p0x28147ac3\n|j|\u2606p0y2814890e\n|t:|1783572437\n|gametype|singles\n|player|p1|p0x28147ac3|266|\n|player|p2|p0y2814890e|2|\n|gen|9\n|tier|[Gen 9] Random Battle\n|rule|Species Clause: Limit one of each Pok\u00e9mon\n|rule|HP Percentage Mod: HP is shown in percentages\n|rule|Sleep Clause Mod: Limit one foe put to sleep\n|rule|Illusion Level Mod: Illusion disguises the Pok\u00e9mon's true level\n|\n|t:|1783572437\n|teamsize|p1|6\n|teamsize|p2|6\n|start\n|switch|p1a: Mew|Mew, L82|298/298\n|switch|p2a: Terrakion|Terrakion, L79|100/100\n|turn|1\n|inactive|Battle timer is ON: inactive players will automatically lose when time's up. (requested by p0x28147ac3)\n|inactive|p0y2814890e also wants the timer to be on.\n|\n|t:|1783572438\n|move|p2a: Terrakion|Stone Edge|p1a: Mew\n|-damage|p1a: Mew|133/298\n|move|p1a: Mew|Psychic Fangs|p2a: Terrakion\n|-supereffective|p2a: Terrakion\n|-damage|p2a: Terrakion|11/100\n|-damage|p1a: Mew|104/298|[from] item: Life Orb\n|\n|upkeep\n|turn|2\n|inactive|Time left: 300 sec this turn | 300 sec total\n|\n|t:|1783572439\n|switch|p1a: Kommo-o|Kommo-o, L77, F|242/242\n|move|p2a: Terrakion|Stone Edge|p1a: Kommo-o\n|-resisted|p1a: Kommo-o\n|-damage|p1a: Kommo-o|171/242\n|\n|upkeep\n|turn|3\n|inactive|Time left: 300 sec this turn | 300 sec total\n|\n|t:|1783572440\n|move|p2a: Terrakion|Stone Edge|p1a: Kommo-o\n|-resisted|p1a: Kommo-o\n|-crit|p1a: Kommo-o\n|-damage|p1a: Kommo-o|66/242\n|move|p1a: Kommo-o|Clangorous Soul||[still]\n|-fail|p1a: Kommo-o\n|\n|upkeep\n|turn|4\n|inactive|Time left: 300 sec this turn | 300 sec total\n|\n|t:|1783572441\n|switch|p1a: Quagsire|Quagsire, L84, F|297/297\n|move|p2a: Terrakion|Stone Edge|p1a: Quagsire\n|-resisted|p1a: Quagsire\n|-damage|p1a: Quagsire|211/297\n|\n|-heal|p1a: Quagsire|229/297|[from] item: Leftovers\n|upkeep\n|turn|5\n|inactive|Time left: 300 sec this turn | 300 sec total\n|\n|t:|1783572442\n|switch|p2a: Ariados|Ariados, L95, F|100/100\n|move|p1a: Quagsire|Ice Beam|p2a: Ariados\n|-damage|p2a: Ariados|84/100\n|\n|-heal|p1a: Quagsire|247/297|[from] item: Leftovers\n|upkeep\n|turn|6\n|inactive|Time left: 300 sec this turn | 300 sec total\n|\n|t:|1783572443\n|move|p2a: Ariados|Sticky Web|p1a: Quagsire\n|-sidestart|p1: p0x28147ac3|move: Sticky Web\n|move|p1a: Quagsire|Earthquake|p2a: Ariados\n|-damage|p2a: Ariados|46/100\n|\n|-heal|p1a: Quagsire|265/297|[from] item: Leftovers\n|upkeep\n|turn|7\n|inactive|Time left: 300 sec this turn | 300 sec total\n|\n|t:|1783572444\n|move|p2a: Ariados|Knock Off|p1a: Quagsire\n|-damage|p1a: Quagsire|183/297\n|-enditem|p1a: Quagsire|Leftovers|[from] move: Knock Off|[of] p2a: Ariados\n|move|p1a: Quagsire|Earthquake|p2a: Ariados\n|-damage|p2a: Ariados|12/100\n|\n|upkeep\n|turn|8\n|inactive|Time left: 300 sec this turn | 300 sec total\n|\n|t:|1783572445\n|move|p2a: Ariados|Megahorn|p1a: Quagsire\n|-damage|p1a: Quagsire|0 fnt\n|faint|p1a: Quagsire\n|\n|upkeep\n|inactive|Time left: 300 sec this turn | 300 sec total | 5 sec grace\n|\n|t:|1783572446\n|switch|p1a: Spidops|Spidops, L96, F|271/271\n|turn|9\n|inactive|Time left: 300 sec this turn | 300 sec total\n|\n|t:|1783572447\n|move|p2a: Ariados|Megahorn|p1a: Spidops\n|-damage|p1a: Spidops|87/271\n|move|p1a: Spidops|Sticky Web|p2a: Ariados\n|-sidestart|p2: p0y2814890e|move: Sticky Web\n|\n|upkeep\n|turn|10\n|inactive|Time left: 300 sec this turn | 300 sec total\n|\n|t:|1783572448\n|move|p2a: Ariados|Megahorn|p1a: Spidops\n|-damage|p1a: Spidops|0 fnt\n|faint|p1a: Spidops\n|\n|upkeep\n|inactive|Time left: 300 sec this turn | 300 sec total | 5 sec grace\n|\n|t:|1783572449\n|switch|p1a: Grumpig|Grumpig, L92, M|297/297\n|-activate|p1a: Grumpig|move: Sticky Web\n|-unboost|p1a: Grumpig|spe|1\n|turn|11\n|inactive|Time left: 300 sec this turn | 300 sec total\n|\n|t:|1783572450\n|switch|p2a: Incineroar|Incineroar, L82, F|100/100\n|-ability|p2a: Incineroar|Intimidate|boost\n|-unboost|p1a: Grumpig|atk|1\n|move|p1a: Grumpig|Shadow Ball|p2a: Incineroar\n|-resisted|p2a: Incineroar\n|-damage|p2a: Incineroar|89/100\n|\n|upkeep\n|turn|12\n|inactive|Time left: 300 sec this turn | 300 sec total\n|\n|t:|1783572451\n|switch|p1a: Kommo-o|Kommo-o, L77, F|66/242\n|-activate|p1a: Kommo-o|move: Sticky Web\n|-unboost|p1a: Kommo-o|spe|1\n|move|p2a: Incineroar|Knock Off|p1a: Kommo-o\n|-resisted|p1a: Kommo-o\n|-damage|p1a: Kommo-o|20/242\n|-enditem|p1a: Kommo-o|Throat Spray|[from] move: Knock Off|[of] p2a: Incineroar\n|\n|upkeep\n|turn|13\n|inactive|Time left: 300 sec this turn | 300 sec total\n|\n|t:|1783572452\n|move|p2a: Incineroar|Knock Off|p1a: Kommo-o\n|-resisted|p1a: Kommo-o\n|-crit|p1a: Kommo-o\n|-damage|p1a: Kommo-o|0 fnt\n|faint|p1a: Kommo-o\n|\n|upkeep\n|inactive|Time left: 300 sec this turn | 300 sec total | 5 sec grace\n|\n|t:|1783572453\n|switch|p1a: Dondozo|Dondozo, L78, F|362/362\n|-activate|p1a: Dondozo|move: Sticky Web\n|-unboost|p1a: Dondozo|spe|1\n|turn|14\n|inactive|Time left: 300 sec this turn | 300 sec total\n|\n|t:|1783572454\n|move|p2a: Incineroar|Knock Off|p1a: Dondozo\n|-damage|p1a: Dondozo|271/362\n|-enditem|p1a: Dondozo|Leftovers|[from] move: Knock Off|[of] p2a: Incineroar\n|move|p1a: Dondozo|Wave Crash|p2a: Incineroar\n|-supereffective|p2a: Incineroar\n|-damage|p2a: Incineroar|8/100\n|-damage|p1a: Dondozo|194/362|[from] Recoil\n|\n|upkeep\n|turn|15\n|inactive|Time left: 300 sec this turn | 300 sec total\n|\n|t:|1783572454\n|move|p2a: Incineroar|Knock Off|p1a: Dondozo\n|-crit|p1a: Dondozo\n|-damage|p1a: Dondozo|97/362\n|move|p1a: Dondozo|Wave Crash|p2a: Incineroar\n|-supereffective|p2a: Incineroar\n|-damage|p2a: Incineroar|0 fnt\n|faint|p2a: Incineroar\n|-damage|p1a: Dondozo|89/362|[from] Recoil\n|\n|upkeep\n|\n|t:|1783572455\n|switch|p2a: Terrakion|Terrakion, L79|11/100\n|-activate|p2a: Terrakion|move: Sticky Web\n|-unboost|p2a: Terrakion|spe|1\n|turn|16\n|inactive|Time left: 300 sec this turn | 300 sec total\n|\n|t:|1783572456\n|move|p2a: Terrakion|Earthquake|p1a: Dondozo\n|-damage|p1a: Dondozo|0 fnt\n|faint|p1a: Dondozo\n|\n|upkeep\n|inactive|Time left: 300 sec this turn | 300 sec total | 5 sec grace\n|\n|t:|1783572457\n|switch|p1a: Grumpig|Grumpig, L92, M|297/297\n|-activate|p1a: Grumpig|move: Sticky Web\n|-unboost|p1a: Grumpig|spe|1\n|turn|17\n|inactive|Time left: 300 sec this turn | 300 sec total\n|\n|t:|1783572458\n|move|p2a: Terrakion|Earthquake|p1a: Grumpig\n|-damage|p1a: Grumpig|171/297\n|move|p1a: Grumpig|Dazzling Gleam|p2a: Terrakion\n|-supereffective|p2a: Terrakion\n|-crit|p2a: Terrakion\n|-damage|p2a: Terrakion|0 fnt\n|faint|p2a: Terrakion\n|\n|-heal|p1a: Grumpig|189/297|[from] item: Leftovers\n|upkeep\n|\n|t:|1783572459\n|switch|p2a: Quagsire|Quagsire, L84, F|100/100\n|-activate|p2a: Quagsire|move: Sticky Web\n|-unboost|p2a: Quagsire|spe|1\n|turn|18\n|inactive|Time left: 300 sec this turn | 300 sec total\n|\n|t:|1783572460\n|move|p1a: Grumpig|Nasty Plot|p1a: Grumpig\n|-boost|p1a: Grumpig|spa|2\n|move|p2a: Quagsire|Earthquake|p1a: Grumpig\n|-damage|p1a: Grumpig|89/297\n|\n|-heal|p1a: Grumpig|107/297|[from] item: Leftovers\n|upkeep\n|turn|19\n|inactive|Time left: 300 sec this turn | 300 sec total\n|\n|t:|1783572461\n|move|p1a: Grumpig|Dazzling Gleam|p2a: Quagsire\n|-damage|p2a: Quagsire|72/100\n|move|p2a: Quagsire|Earthquake|p1a: Grumpig\n|-damage|p1a: Grumpig|0 fnt\n|faint|p1a: Grumpig\n|\n|-heal|p2a: Quagsire|78/100|[from] item: Leftovers\n|upkeep\n|inactive|Time left: 300 sec this turn | 300 sec total | 5 sec grace\n|\n|t:|1783572462\n|switch|p1a: Mew|Mew, L82|104/298\n|-activate|p1a: Mew|move: Sticky Web\n|-unboost|p1a: Mew|spe|1\n|turn|20\n|inactive|Time left: 300 sec this turn | 300 sec total\n|\n|t:|1783572463\n|-terastallize|p2a: Quagsire|Fairy\n|move|p1a: Mew|Swords Dance|p1a: Mew\n|-boost|p1a: Mew|atk|2\n|move|p2a: Quagsire|Earthquake|p1a: Mew\n|-damage|p1a: Mew|7/298\n|\n|-heal|p2a: Quagsire|84/100|[from] item: Leftovers\n|upkeep\n|turn|21\n|inactive|Time left: 300 sec this turn | 300 sec total\n|\n|t:|1783572465\n|move|p1a: Mew|Swords Dance|p1a: Mew\n|-boost|p1a: Mew|atk|2\n|move|p2a: Quagsire|Earthquake|p1a: Mew\n|-damage|p1a: Mew|0 fnt\n|faint|p1a: Mew\n|\n|win|p0y2814890e", "uploadtime": 1783572465, "views": 0, "rating": 0, "private": 0, "password": null, "_winner": "p0y2814890e", "_our_name": "p0x28147ac3"}