{"id": "battle-gen9randombattle-1448", "formatid": "gen9randombattle", "format": "[Gen 9] Random Battle", "players": ["p0x1448cc7a", "p0y1448d076"], "log": "|init|battle\n|title|p0x1448cc7a vs. p0y1448d076\n|j|\u2606p0x1448cc7a\n|j|\u2606p0y1448d076\n|t:|1783555923\n|gametype|singles\n|player|p1|p0x1448cc7a|170|\n|player|p2|p0y1448d076|170|\n|gen|9\n|tier|[Gen 9] Random Battle\n|rule|Species Clause: Limit one of each Pok\u00e9mon\n|rule|HP Percentage Mod: HP is shown in percentages\n|rule|Sleep Clause Mod: Limit one foe put to sleep\n|rule|Illusion Level Mod: Illusion disguises the Pok\u00e9mon's true level\n|\n|t:|1783555923\n|teamsize|p1|6\n|teamsize|p2|6\n|start\n|switch|p1a: Reshiram|Reshiram, L76|277/277\n|switch|p2a: Koraidon|Koraidon, L64|100/100\n|-weather|SunnyDay|[from] ability: Orichalcum Pulse|[of] p2a: Koraidon\n|-activate|p2a: Koraidon|Orichalcum Pulse|[source]\n|-ability|p1a: Reshiram|Turboblaze\n|turn|1\n|inactive|Battle timer is ON: inactive players will automatically lose when time's up. (requested by p0x1448cc7a)\n|inactive|p0y1448d076 also wants the timer to be on.\n|\n|t:|1783555925\n|move|p2a: Koraidon|Outrage|p1a: Reshiram\n|-supereffective|p1a: Reshiram\n|-damage|p1a: Reshiram|0 fnt\n|faint|p1a: Reshiram\n|\n|-weather|SunnyDay|[upkeep]\n|upkeep\n|inactive|Time left: 300 sec this turn | 300 sec total | 65 sec grace\n|\n|t:|1783555927\n|switch|p1a: Forretress|Forretress, L84, F|263/263\n|turn|2\n|inactive|Time left: 300 sec this turn | 300 sec total\n|\n|t:|1783555928\n|move|p2a: Koraidon|Outrage|p1a: Forretress|[from] lockedmove\n|-resisted|p1a: Forretress\n|-damage|p1a: Forretress|190/263\n|-start|p2a: Koraidon|confusion|[fatigue]\n|move|p1a: Forretress|Stealth Rock|p2a: Koraidon\n|-sidestart|p2: p0y1448d076|move: Stealth Rock\n|\n|-weather|SunnyDay|[upkeep]\n|-heal|p1a: Forretress|206/263|[from] item: Leftovers\n|upkeep\n|turn|3\n|inactive|Time left: 300 sec this turn | 300 sec total\n|\n|t:|1783555929\n|switch|p2a: Magmortar|Magmortar, L88, M|100/100\n|move|p1a: Forretress|Rapid Spin|p2a: Magmortar\n|-damage|p2a: Magmortar|86/100\n|-boost|p1a: Forretress|spe|1\n|-status|p1a: Forretress|brn|[from] ability: Flame Body|[of] p2a: Magmortar\n|\n|-weather|SunnyDay|[upkeep]\n|-heal|p1a: Forretress|222/263 brn|[from] item: Leftovers\n|-damage|p1a: Forretress|206/263 brn|[from] brn\n|upkeep\n|turn|4\n|inactive|Time left: 300 sec this turn | 300 sec total\n|\n|t:|1783555930\n|move|p2a: Magmortar|Fire Blast|p1a: Forretress\n|-supereffective|p1a: Forretress\n|-damage|p1a: Forretress|0 fnt\n|faint|p1a: Forretress\n|\n|-weather|SunnyDay|[upkeep]\n|upkeep\n|inactive|Time left: 300 sec this turn | 300 sec total | 5 sec grace\n|\n|t:|1783555932\n|switch|p1a: Mew|Mew, L82|298/298\n|turn|5\n|inactive|Time left: 300 sec this turn | 300 sec total\n|\n|t:|1783555933\n|move|p1a: Mew|Swords Dance|p1a: Mew\n|-boost|p1a: Mew|atk|2\n|move|p2a: Magmortar|Fire Blast|p1a: Mew\n|-damage|p1a: Mew|70/298\n|\n|-weather|none\n|upkeep\n|turn|6\n|inactive|Time left: 300 sec this turn | 300 sec total\n|\n|t:|1783555934\n|move|p1a: Mew|Psychic Fangs|p2a: Magmortar\n|-damage|p2a: Magmortar|0 fnt\n|faint|p2a: Magmortar\n|-damage|p1a: Mew|41/298|[from] item: Life Orb\n|\n|upkeep\n|\n|t:|1783555935\n|switch|p2a: Sceptile|Sceptile, L87, M|100/100\n|-damage|p2a: Sceptile|88/100|[from] Stealth Rock\n|turn|7\n|inactive|Time left: 300 sec this turn | 300 sec total\n|\n|t:|1783555937\n|move|p2a: Sceptile|Leaf Blade|p1a: Mew\n|-damage|p1a: Mew|0 fnt\n|faint|p1a: Mew\n|-damage|p2a: Sceptile|78/100|[from] item: Life Orb\n|\n|upkeep\n|inactive|Time left: 300 sec this turn | 300 sec total | 5 sec grace\n|\n|t:|1783555938\n|switch|p1a: Sandaconda|Sandaconda, L84, F|258/258\n|turn|8\n|inactive|Time left: 300 sec this turn | 300 sec total\n|\n|t:|1783555939\n|-terastallize|p1a: Sandaconda|Dragon\n|move|p2a: Sceptile|Swords Dance|p2a: Sceptile\n|-boost|p2a: Sceptile|atk|2\n|move|p1a: Sandaconda|Coil|p1a: Sandaconda\n|-boost|p1a: Sandaconda|atk|1\n|-boost|p1a: Sandaconda|def|1\n|-boost|p1a: Sandaconda|accuracy|1\n|\n|upkeep\n|turn|9\n|inactive|Time left: 300 sec this turn | 300 sec total\n|\n|t:|1783555940\n|move|p2a: Sceptile|Earthquake|p1a: Sandaconda\n|-damage|p1a: Sandaconda|172/258\n|-damage|p2a: Sceptile|68/100|[from] item: Life Orb\n|move|p1a: Sandaconda|Scale Shot|p2a: Sceptile\n|-damage|p2a: Sceptile|47/100\n|-damage|p2a: Sceptile|28/100\n|-damage|p2a: Sceptile|8/100\n|-damage|p2a: Sceptile|0 fnt\n|faint|p2a: Sceptile\n|-hitcount|p2: Sceptile|4\n|-unboost|p1a: Sandaconda|def|1\n|-boost|p1a: Sandaconda|spe|1\n|\n|upkeep\n|\n|t:|1783555941\n|switch|p2a: Gumshoos|Gumshoos, L95, M|100/100\n|-damage|p2a: Gumshoos|88/100|[from] Stealth Rock\n|turn|10\n|inactive|Time left: 300 sec this turn | 300 sec total\n|\n|t:|1783555942\n|move|p1a: Sandaconda|Coil|p1a: Sandaconda\n|-boost|p1a: Sandaconda|atk|1\n|-boost|p1a: Sandaconda|def|1\n|-boost|p1a: Sandaconda|accuracy|1\n|move|p2a: Gumshoos|Double-Edge|p1a: Sandaconda\n|-damage|p1a: Sandaconda|2/258\n|-damage|p2a: Gumshoos|71/100|[from] Recoil\n|\n|upkeep\n|turn|11\n|inactive|Time left: 300 sec this turn | 300 sec total\n|\n|t:|1783555943\n|move|p1a: Sandaconda|Earthquake|p2a: Gumshoos\n|-damage|p2a: Gumshoos|0 fnt\n|faint|p2a: Gumshoos\n|\n|upkeep\n|\n|t:|1783555944\n|switch|p2a: Sandy Shocks|Sandy Shocks, L80|100/100\n|-damage|p2a: Sandy Shocks|95/100|[from] Stealth Rock\n|turn|12\n|inactive|Time left: 300 sec this turn | 300 sec total\n|\n|t:|1783555945\n|-terastallize|p2a: Sandy Shocks|Grass\n|move|p1a: Sandaconda|Earthquake|p2a: Sandy Shocks\n|-resisted|p2a: Sandy Shocks\n|-damage|p2a: Sandy Shocks|54/100\n|move|p2a: Sandy Shocks|Thunderbolt|p1a: Sandaconda\n|-resisted|p1a: Sandaconda\n|-damage|p1a: Sandaconda|0 fnt\n|faint|p1a: Sandaconda\n|\n|-heal|p2a: Sandy Shocks|60/100|[from] item: Leftovers\n|upkeep\n|inactive|Time left: 300 sec this turn | 300 sec total | 5 sec grace\n|\n|t:|1783555946\n|switch|p1a: Zapdos|Zapdos, L78|268/268\n|turn|13\n|inactive|Time left: 300 sec this turn | 300 sec total\n|\n|t:|1783555947\n|-end|p2a: Sandy Shocks|Protosynthesis|[silent]\n|switch|p2a: Komala|Komala, L87, F|100/100\n|-damage|p2a: Komala|88/100|[from] Stealth Rock\n|-ability|p2a: Komala|Comatose\n|move|p1a: Zapdos|Heat Wave|p2a: Komala\n|-damage|p2a: Komala|71/100\n|\n|upkeep\n|turn|14\n|inactive|Time left: 300 sec this turn | 300 sec total\n|\n|t:|1783555948\n|move|p1a: Zapdos|Hurricane|p2a: Komala|[miss]\n|-miss|p1a: Zapdos|p2a: Komala\n|move|p2a: Komala|Rapid Spin|p1a: Zapdos\n|-damage|p1a: Zapdos|201/268\n|-boost|p2a: Komala|spe|1\n|-sideend|p2: p0y1448d076|Stealth Rock|[from] move: Rapid Spin|[of] p2a: Komala\n|\n|upkeep\n|turn|15\n|inactive|Time left: 300 sec this turn | 300 sec total\n|\n|t:|1783555949\n|move|p2a: Komala|Body Slam|p1a: Zapdos\n|-damage|p1a: Zapdos|89/268\n|move|p1a: Zapdos|Roost|p1a: Zapdos\n|-heal|p1a: Zapdos|223/268\n|-singleturn|p1a: Zapdos|move: Roost\n|\n|upkeep\n|turn|16\n|inactive|Time left: 300 sec this turn | 300 sec total\n|\n|t:|1783555951\n|move|p2a: Komala|Body Slam|p1a: Zapdos\n|-damage|p1a: Zapdos|100/268\n|move|p1a: Zapdos|Roost|p1a: Zapdos\n|-heal|p1a: Zapdos|234/268\n|-singleturn|p1a: Zapdos|move: Roost\n|\n|upkeep\n|turn|17\n|inactive|Time left: 300 sec this turn | 300 sec total\n|\n|t:|1783555951\n|move|p2a: Komala|Knock Off|p1a: Zapdos\n|-damage|p1a: Zapdos|144/268\n|-enditem|p1a: Zapdos|Heavy-Duty Boots|[from] move: Knock Off|[of] p2a: Komala\n|move|p1a: Zapdos|Roost|p1a: Zapdos\n|-heal|p1a: Zapdos|268/268\n|-singleturn|p1a: Zapdos|move: Roost\n|\n|upkeep\n|turn|18\n|inactive|Time left: 300 sec this turn | 300 sec total\n|\n|t:|1783555952\n|move|p2a: Komala|Body Slam|p1a: Zapdos\n|-damage|p1a: Zapdos|156/268\n|move|p1a: Zapdos|Hurricane|p2a: Komala\n|-damage|p2a: Komala|39/100\n|\n|upkeep\n|turn|19\n|inactive|Time left: 300 sec this turn | 300 sec total\n|\n|t:|1783555954\n|move|p2a: Komala|Body Slam|p1a: Zapdos\n|-damage|p1a: Zapdos|47/268\n|move|p1a: Zapdos|Roost|p1a: Zapdos\n|-heal|p1a: Zapdos|181/268\n|-singleturn|p1a: Zapdos|move: Roost\n|\n|upkeep\n|turn|20\n|inactive|Time left: 300 sec this turn | 300 sec total\n|\n|t:|1783555955\n|move|p2a: Komala|Body Slam|p1a: Zapdos\n|-damage|p1a: Zapdos|67/268\n|move|p1a: Zapdos|Roost|p1a: Zapdos\n|-heal|p1a: Zapdos|201/268\n|-singleturn|p1a: Zapdos|move: Roost\n|\n|upkeep\n|turn|21\n|inactive|Time left: 300 sec this turn | 300 sec total\n|\n|t:|1783555956\n|move|p2a: Komala|Body Slam|p1a: Zapdos\n|-damage|p1a: Zapdos|78/268\n|move|p1a: Zapdos|Roost|p1a: Zapdos\n|-heal|p1a: Zapdos|212/268\n|-singleturn|p1a: Zapdos|move: Roost\n|\n|upkeep\n|turn|22\n|inactive|Time left: 300 sec this turn | 300 sec total\n|\n|t:|1783555957\n|move|p2a: Komala|Body Slam|p1a: Zapdos\n|-damage|p1a: Zapdos|103/268\n|move|p1a: Zapdos|Roost|p1a: Zapdos\n|-heal|p1a: Zapdos|237/268\n|-singleturn|p1a: Zapdos|move: Roost\n|\n|upkeep\n|turn|23\n|inactive|Time left: 300 sec this turn | 300 sec total\n|\n|t:|1783555958\n|move|p2a: Komala|Body Slam|p1a: Zapdos\n|-damage|p1a: Zapdos|117/268\n|move|p1a: Zapdos|Roost|p1a: Zapdos\n|-heal|p1a: Zapdos|251/268\n|-singleturn|p1a: Zapdos|move: Roost\n|\n|upkeep\n|turn|24\n|inactive|Time left: 300 sec this turn | 300 sec total\n|\n|t:|1783555959\n|move|p2a: Komala|Body Slam|p1a: Zapdos\n|-damage|p1a: Zapdos|131/268\n|move|p1a: Zapdos|Discharge|p2a: Komala\n|-damage|p2a: Komala|18/100\n|\n|upkeep\n|turn|25\n|inactive|Time left: 300 sec this turn | 300 sec total\n|\n|t:|1783555960\n|move|p2a: Komala|Body Slam|p1a: Zapdos\n|-damage|p1a: Zapdos|19/268\n|move|p1a: Zapdos|Heat Wave|p2a: Komala\n|-damage|p2a: Komala|0 fnt\n|faint|p2a: Komala\n|\n|upkeep\n|\n|t:|1783555961\n|switch|p2a: Koraidon|Koraidon, L64|100/100\n|-weather|SunnyDay|[from] ability: Orichalcum Pulse|[of] p2a: Koraidon\n|-activate|p2a: Koraidon|Orichalcum Pulse|[source]\n|turn|26\n|inactive|Time left: 300 sec this turn | 300 sec total\n|\n|t:|1783555961\n|move|p2a: Koraidon|Outrage|p1a: Zapdos\n|-damage|p1a: Zapdos|0 fnt\n|faint|p1a: Zapdos\n|\n|-weather|SunnyDay|[upkeep]\n|upkeep\n|inactive|Time left: 300 sec this turn | 300 sec total | 5 sec grace\n|\n|t:|1783555962\n|switch|p1a: Seviper|Seviper, L93, F|287/287\n|turn|27\n|inactive|Time left: 300 sec this turn | 300 sec total\n|\n|t:|1783555963\n|move|p2a: Koraidon|Outrage|p1a: Seviper|[from] lockedmove\n|-damage|p1a: Seviper|74/287\n|-start|p2a: Koraidon|confusion|[fatigue]\n|move|p1a: Seviper|Earthquake|p2a: Koraidon\n|-damage|p2a: Koraidon|47/100\n|-damage|p1a: Seviper|46/287|[from] item: Life Orb\n|\n|-weather|SunnyDay|[upkeep]\n|upkeep\n|turn|28\n|inactive|Time left: 300 sec this turn | 300 sec total\n|\n|t:|1783555964\n|switch|p2a: Sandy Shocks|Sandy Shocks, L80, tera:Grass|60/100\n|-activate|p2a: Sandy Shocks|ability: Protosynthesis\n|-start|p2a: Sandy Shocks|protosynthesisspa\n|move|p1a: Seviper|Giga Drain|p2a: Sandy Shocks\n|-resisted|p2a: Sandy Shocks\n|-damage|p2a: Sandy Shocks|42/100\n|-heal|p1a: Seviper|70/287|[from] drain|[of] p2a: Sandy Shocks\n|-damage|p1a: Seviper|42/287|[from] item: Life Orb\n|\n|-weather|SunnyDay|[upkeep]\n|-heal|p2a: Sandy Shocks|48/100|[from] item: Leftovers\n|upkeep\n|turn|29\n|inactive|Time left: 300 sec this turn | 300 sec total\n|\n|t:|1783555964\n|move|p2a: Sandy Shocks|Earth Power|p1a: Seviper\n|-supereffective|p1a: Seviper\n|-damage|p1a: Seviper|0 fnt\n|faint|p1a: Seviper\n|\n|win|p0y1448d076", "uploadtime": 1783555965, "views": 0, "rating": 0, "private": 0, "password": null, "_winner": "p0y1448d076", "_our_name": "p0x1448cc7a"}