{"id": "battle-gen9randombattle-1370", "formatid": "gen9randombattle", "format": "[Gen 9] Random Battle", "players": ["p0x1370df0c", "p0y13704543"], "log": "|init|battle\n|title|p0x1370df0c vs. p0y13704543\n|j|\u2606p0x1370df0c\n|j|\u2606p0y13704543\n|t:|1783555023\n|gametype|singles\n|player|p1|p0x1370df0c|2|\n|player|p2|p0y13704543|266|\n|gen|9\n|tier|[Gen 9] Random Battle\n|rule|Species Clause: Limit one of each Pok\u00e9mon\n|rule|HP Percentage Mod: HP is shown in percentages\n|rule|Sleep Clause Mod: Limit one foe put to sleep\n|rule|Illusion Level Mod: Illusion disguises the Pok\u00e9mon's true level\n|\n|t:|1783555023\n|teamsize|p1|6\n|teamsize|p2|6\n|start\n|switch|p1a: Garganacl|Garganacl, L80, F|100/100\n|switch|p2a: Meowscarada|Meowscarada, L78, F|219/219\n|turn|1\n|inactive|Battle timer is ON: inactive players will automatically lose when time's up. (requested by p0x1370df0c)\n|inactive|Time left: 300 sec this turn | 300 sec total | 60 sec grace\n|inactive|p0y13704543 also wants the timer to be on.\n|\n|t:|1783555024\n|move|p2a: Meowscarada|Focus Blast|p1a: Garganacl|[miss]\n|-miss|p2a: Meowscarada|p1a: Garganacl\n|move|p1a: Garganacl|Stealth Rock|p2a: Meowscarada\n|-sidestart|p2: p0y13704543|move: Stealth Rock\n|\n|upkeep\n|turn|2\n|inactive|Time left: 300 sec this turn | 300 sec total\n|\n|t:|1783555025\n|switch|p1a: Spidops|Spidops, L96, F|100/100\n|move|p2a: Meowscarada|Focus Blast|p1a: Spidops|[miss]\n|-miss|p2a: Meowscarada|p1a: Spidops\n|\n|upkeep\n|turn|3\n|inactive|Time left: 300 sec this turn | 300 sec total\n|\n|t:|1783555026\n|move|p2a: Meowscarada|Poltergeist|p1a: Spidops\n|-activate|p1a: Spidops|move: Poltergeist|Heavy-Duty Boots\n|-damage|p1a: Spidops|57/100\n|-damage|p2a: Meowscarada|198/219|[from] item: Life Orb\n|move|p1a: Spidops|Sticky Web|p2a: Meowscarada\n|-sidestart|p2: p0y13704543|move: Sticky Web\n|\n|upkeep\n|turn|4\n|inactive|Time left: 300 sec this turn | 300 sec total\n|\n|t:|1783555027\n|move|p2a: Meowscarada|Poltergeist|p1a: Spidops\n|-activate|p1a: Spidops|move: Poltergeist|Heavy-Duty Boots\n|-damage|p1a: Spidops|15/100\n|-damage|p2a: Meowscarada|177/219|[from] item: Life Orb\n|move|p1a: Spidops|Knock Off|p2a: Meowscarada\n|-supereffective|p2a: Meowscarada\n|-damage|p2a: Meowscarada|0 fnt\n|replace|p2a: Zoroark|Zoroark-Hisui, L80, M\n|-end|p2a: Zoroark|Illusion\n|-hint|Illusion Level Mod is active, so this Pok\u00e9mon's true level was hidden.\n|-enditem|p2a: Zoroark|Life Orb|[from] move: Knock Off|[of] p1a: Spidops\n|faint|p2a: Zoroark\n|\n|upkeep\n|inactive|Time left: 300 sec this turn | 300 sec total | 5 sec grace\n|\n|t:|1783555028\n|switch|p2a: Meowscarada|Meowscarada, L78, F|247/247\n|-damage|p2a: Meowscarada|217/247|[from] Stealth Rock\n|-activate|p2a: Meowscarada|move: Sticky Web\n|-unboost|p2a: Meowscarada|spe|1\n|turn|5\n|inactive|Time left: 300 sec this turn | 300 sec total\n|\n|t:|1783555029\n|switch|p1a: Okidogi|Okidogi, L77, M|100/100\n|move|p2a: Meowscarada|Triple Axel|p1a: Okidogi\n|-start|p2a: Meowscarada|typechange|Ice|[from] ability: Protean\n|-damage|p1a: Okidogi|89/100\n|-damage|p1a: Okidogi|70/100\n|-damage|p1a: Okidogi|36/100\n|-hitcount|p1a: Okidogi|3\n|\n|upkeep\n|turn|6\n|inactive|Time left: 300 sec this turn | 300 sec total\n|\n|t:|1783555031\n|move|p1a: Okidogi|Drain Punch|p2a: Meowscarada\n|-supereffective|p2a: Meowscarada\n|-damage|p2a: Meowscarada|19/247\n|-heal|p1a: Okidogi|74/100|[from] drain|[of] p2a: Meowscarada\n|move|p2a: Meowscarada|Triple Axel|p1a: Okidogi\n|-damage|p1a: Okidogi|63/100\n|-damage|p1a: Okidogi|41/100\n|-damage|p1a: Okidogi|10/100\n|-hitcount|p1a: Okidogi|3\n|\n|upkeep\n|turn|7\n|inactive|Time left: 300 sec this turn | 300 sec total\n|\n|t:|1783555032\n|move|p1a: Okidogi|Knock Off|p2a: Meowscarada\n|-damage|p2a: Meowscarada|0 fnt\n|-enditem|p2a: Meowscarada|Choice Band|[from] move: Knock Off|[of] p1a: Okidogi\n|faint|p2a: Meowscarada\n|\n|upkeep\n|inactive|Time left: 300 sec this turn | 300 sec total | 5 sec grace\n|\n|t:|1783555033\n|switch|p2a: Inteleon|Inteleon, L81, M|246/246\n|-damage|p2a: Inteleon|216/246|[from] Stealth Rock\n|-activate|p2a: Inteleon|move: Sticky Web\n|-unboost|p2a: Inteleon|spe|1\n|turn|8\n|inactive|Time left: 300 sec this turn | 300 sec total\n|\n|t:|1783555034\n|move|p1a: Okidogi|Knock Off|p2a: Inteleon\n|-damage|p2a: Inteleon|130/246\n|-enditem|p2a: Inteleon|Choice Specs|[from] move: Knock Off|[of] p1a: Okidogi\n|move|p2a: Inteleon|Scald|p1a: Okidogi\n|-damage|p1a: Okidogi|0 fnt\n|faint|p1a: Okidogi\n|\n|upkeep\n|\n|t:|1783555035\n|switch|p1a: Floatzel|Floatzel, L86, M|100/100\n|turn|9\n|inactive|Time left: 300 sec this turn | 300 sec total\n|\n|t:|1783555036\n|move|p1a: Floatzel|Wave Crash|p2a: Inteleon\n|-resisted|p2a: Inteleon\n|-damage|p2a: Inteleon|0 fnt\n|faint|p2a: Inteleon\n|-damage|p1a: Floatzel|85/100|[from] Recoil\n|\n|upkeep\n|inactive|Time left: 300 sec this turn | 300 sec total | 5 sec grace\n|\n|t:|1783555037\n|switch|p2a: Iron Valiant|Iron Valiant, L78|244/244\n|-damage|p2a: Iron Valiant|229/244|[from] Stealth Rock\n|-activate|p2a: Iron Valiant|move: Sticky Web\n|-unboost|p2a: Iron Valiant|spe|1\n|turn|10\n|inactive|Time left: 300 sec this turn | 300 sec total\n|\n|t:|1783555038\n|move|p1a: Floatzel|Wave Crash|p2a: Iron Valiant\n|-damage|p2a: Iron Valiant|0 fnt\n|faint|p2a: Iron Valiant\n|-end|p2a: Iron Valiant|Quark Drive|[silent]\n|-damage|p1a: Floatzel|59/100|[from] Recoil\n|\n|upkeep\n|inactive|Time left: 300 sec this turn | 300 sec total | 5 sec grace\n|\n|t:|1783555039\n|switch|p2a: Ogerpon|Ogerpon-Hearthflame, L74, F|239/239\n|-damage|p2a: Ogerpon|180/239|[from] Stealth Rock\n|-activate|p2a: Ogerpon|move: Sticky Web\n|-unboost|p2a: Ogerpon|spe|1\n|-ability|p2a: Ogerpon|Mold Breaker\n|turn|11\n|inactive|Time left: 300 sec this turn | 300 sec total\n|\n|t:|1783555040\n|move|p1a: Floatzel|Wave Crash|p2a: Ogerpon\n|-damage|p2a: Ogerpon|0 fnt\n|faint|p2a: Ogerpon\n|-damage|p1a: Floatzel|38/100|[from] Recoil\n|\n|upkeep\n|inactive|Time left: 300 sec this turn | 300 sec total | 5 sec grace\n|\n|t:|1783555041\n|switch|p2a: Flutter Mane|Flutter Mane, L74|203/203\n|-damage|p2a: Flutter Mane|178/203|[from] Stealth Rock\n|-activate|p2a: Flutter Mane|move: Sticky Web\n|-unboost|p2a: Flutter Mane|spe|1\n|turn|12\n|inactive|Time left: 300 sec this turn | 300 sec total\n|\n|t:|1783555042\n|-terastallize|p1a: Floatzel|Water\n|-terastallize|p2a: Flutter Mane|Ghost\n|move|p1a: Floatzel|Wave Crash|p2a: Flutter Mane\n|-damage|p2a: Flutter Mane|0 fnt\n|faint|p2a: Flutter Mane\n|-end|p2a: Flutter Mane|Protosynthesis|[silent]\n|-damage|p1a: Floatzel|18/100|[from] Recoil\n|\n|win|p0x1370df0c", "uploadtime": 1783555042, "views": 0, "rating": 0, "private": 0, "password": null, "_winner": "p0x1370df0c", "_our_name": "p0y13704543"}