{"id": "battle-gen9randombattle-1717", "formatid": "gen9randombattle", "format": "[Gen 9] Random Battle", "players": ["p0x171747e0", "p0y1717ab9b"], "log": "|init|battle\n|title|p0x171747e0 vs. p0y1717ab9b\n|j|\u2606p0x171747e0\n|j|\u2606p0y1717ab9b\n|t:|1783559068\n|gametype|singles\n|player|p1|p0x171747e0|1|\n|player|p2|p0y1717ab9b|101|\n|gen|9\n|tier|[Gen 9] Random Battle\n|rule|Species Clause: Limit one of each Pok\u00e9mon\n|rule|HP Percentage Mod: HP is shown in percentages\n|rule|Sleep Clause Mod: Limit one foe put to sleep\n|rule|Illusion Level Mod: Illusion disguises the Pok\u00e9mon's true level\n|\n|t:|1783559068\n|teamsize|p1|6\n|teamsize|p2|6\n|start\n|switch|p1a: Iron Boulder|Iron Boulder, L77|265/265\n|switch|p2a: Ogerpon|Ogerpon-Wellspring, L76, F|100/100\n|turn|1\n|inactive|Battle timer is ON: inactive players will automatically lose when time's up. (requested by p0x171747e0)\n|\n|t:|1783559069\n|-end|p1a: Iron Boulder|Quark Drive|[silent]\n|switch|p1a: Overqwil|Overqwil, L82, M|274/274\n|-ability|p1a: Overqwil|Intimidate|boost\n|-unboost|p2a: Ogerpon|atk|1\n|move|p2a: Ogerpon|Ivy Cudgel|p1a: Overqwil|[anim] Ivy Cudgel Water\n|-damage|p1a: Overqwil|192/274\n|\n|upkeep\n|turn|2\n|inactive|Time left: 300 sec this turn | 300 sec total\n|inactive|p0y1717ab9b also wants the timer to be on.\n|\n|t:|1783559071\n|switch|p2a: Dragalge|Dragalge, L88, M|100/100\n|move|p1a: Overqwil|Gunk Shot|p2a: Dragalge\n|-resisted|p2a: Dragalge\n|-damage|p2a: Dragalge|73/100\n|\n|-heal|p2a: Dragalge|80/100|[from] item: Leftovers\n|upkeep\n|turn|3\n|inactive|Time left: 300 sec this turn | 300 sec total\n|\n|t:|1783559072\n|move|p1a: Overqwil|Scale Shot|p2a: Dragalge\n|-supereffective|p2a: Dragalge\n|-damage|p2a: Dragalge|66/100\n|-supereffective|p2a: Dragalge\n|-damage|p2a: Dragalge|51/100\n|-supereffective|p2a: Dragalge\n|-damage|p2a: Dragalge|37/100\n|-supereffective|p2a: Dragalge\n|-damage|p2a: Dragalge|22/100\n|-supereffective|p2a: Dragalge\n|-damage|p2a: Dragalge|7/100\n|-hitcount|p2a: Dragalge|5\n|-unboost|p1a: Overqwil|def|1\n|-boost|p1a: Overqwil|spe|1\n|move|p2a: Dragalge|Draco Meteor|p1a: Overqwil\n|-damage|p1a: Overqwil|0 fnt\n|-unboost|p2a: Dragalge|spa|2\n|faint|p1a: Overqwil\n|\n|-heal|p2a: Dragalge|13/100|[from] item: Leftovers\n|upkeep\n|inactive|Time left: 300 sec this turn | 300 sec total | 5 sec grace\n|\n|t:|1783559073\n|switch|p1a: Koraidon|Koraidon, L64|235/235\n|-weather|SunnyDay|[from] ability: Orichalcum Pulse|[of] p1a: Koraidon\n|-activate|p1a: Koraidon|Orichalcum Pulse|[source]\n|turn|4\n|inactive|Time left: 300 sec this turn | 300 sec total\n|\n|t:|1783559074\n|move|p1a: Koraidon|Outrage|p2a: Dragalge\n|-supereffective|p2a: Dragalge\n|-damage|p2a: Dragalge|0 fnt\n|faint|p2a: Dragalge\n|\n|-weather|SunnyDay|[upkeep]\n|upkeep\n|\n|t:|1783559075\n|switch|p2a: Ampharos|Ampharos, L88, F|100/100\n|turn|5\n|inactive|Time left: 300 sec this turn | 300 sec total\n|\n|t:|1783559076\n|-terastallize|p2a: Ampharos|Fairy\n|move|p1a: Koraidon|Outrage|p2a: Ampharos|[from] lockedmove\n|-immune|p2a: Ampharos\n|move|p2a: Ampharos|Dazzling Gleam|p1a: Koraidon\n|-supereffective|p1a: Koraidon\n|-damage|p1a: Koraidon|0 fnt\n|faint|p1a: Koraidon\n|\n|-weather|SunnyDay|[upkeep]\n|upkeep\n|inactive|Time left: 300 sec this turn | 300 sec total | 5 sec grace\n|\n|t:|1783559077\n|switch|p1a: Archaludon|Archaludon, L78, M|268/268\n|turn|6\n|inactive|Time left: 300 sec this turn | 300 sec total\n|\n|t:|1783559078\n|move|p1a: Archaludon|Iron Head|p2a: Ampharos\n|-supereffective|p2a: Ampharos\n|-damage|p2a: Ampharos|48/100\n|cant|p2a: Ampharos|flinch\n|\n|-weather|SunnyDay|[upkeep]\n|upkeep\n|turn|7\n|inactive|Time left: 300 sec this turn | 300 sec total\n|\n|t:|1783559079\n|switch|p2a: Gastrodon|Gastrodon-East, L86, M|100/100\n|move|p1a: Archaludon|Iron Head|p2a: Gastrodon\n|-resisted|p2a: Gastrodon\n|-damage|p2a: Gastrodon|88/100\n|\n|-weather|SunnyDay|[upkeep]\n|-heal|p2a: Gastrodon|94/100|[from] item: Leftovers\n|upkeep\n|turn|8\n|inactive|Time left: 300 sec this turn | 300 sec total\n|\n|t:|1783559080\n|move|p1a: Archaludon|Swords Dance|p1a: Archaludon\n|-boost|p1a: Archaludon|atk|2\n|move|p2a: Gastrodon|Earthquake|p1a: Archaludon\n|-supereffective|p1a: Archaludon\n|-damage|p1a: Archaludon|110/268\n|-ability|p1a: Archaludon|Stamina|boost\n|-boost|p1a: Archaludon|def|1\n|\n|-weather|none\n|-heal|p2a: Gastrodon|99/100|[from] item: Leftovers\n|upkeep\n|turn|9\n|inactive|Time left: 300 sec this turn | 300 sec total\n|\n|t:|1783559081\n|move|p1a: Archaludon|Outrage|p2a: Gastrodon\n|-damage|p2a: Gastrodon|21/100\n|move|p2a: Gastrodon|Earthquake|p1a: Archaludon\n|-supereffective|p1a: Archaludon\n|-damage|p1a: Archaludon|12/268\n|-ability|p1a: Archaludon|Stamina|boost\n|-boost|p1a: Archaludon|def|1\n|\n|-heal|p2a: Gastrodon|27/100|[from] item: Leftovers\n|upkeep\n|turn|10\n|inactive|Time left: 300 sec this turn | 300 sec total\n|\n|t:|1783559082\n|switch|p2a: Ampharos|Ampharos, L88, F, tera:Fairy|48/100\n|move|p1a: Archaludon|Outrage|p2a: Ampharos|[from] lockedmove\n|-immune|p2a: Ampharos\n|\n|upkeep\n|turn|11\n|inactive|Time left: 300 sec this turn | 300 sec total\n|\n|t:|1783559083\n|move|p1a: Archaludon|Iron Head|p2a: Ampharos\n|-supereffective|p2a: Ampharos\n|-damage|p2a: Ampharos|0 fnt\n|faint|p2a: Ampharos\n|\n|upkeep\n|\n|t:|1783559084\n|switch|p2a: Ogerpon|Ogerpon-Wellspring, L76, F|100/100\n|turn|12\n|inactive|Time left: 300 sec this turn | 300 sec total\n|\n|t:|1783559085\n|move|p2a: Ogerpon|Ivy Cudgel|p1a: Archaludon|[anim] Ivy Cudgel Water\n|-resisted|p1a: Archaludon\n|-damage|p1a: Archaludon|0 fnt\n|faint|p1a: Archaludon\n|\n|upkeep\n|inactive|Time left: 300 sec this turn | 300 sec total | 5 sec grace\n|\n|t:|1783559086\n|switch|p1a: Iron Boulder|Iron Boulder, L77|265/265\n|turn|13\n|inactive|Time left: 300 sec this turn | 300 sec total\n|\n|t:|1783559087\n|-terastallize|p1a: Iron Boulder|Fighting\n|move|p1a: Iron Boulder|Swords Dance|p1a: Iron Boulder\n|-boost|p1a: Iron Boulder|atk|2\n|move|p2a: Ogerpon|Ivy Cudgel|p1a: Iron Boulder|[anim] Ivy Cudgel Water\n|-damage|p1a: Iron Boulder|126/265\n|\n|upkeep\n|turn|14\n|inactive|Time left: 300 sec this turn | 300 sec total\n|\n|t:|1783559088\n|switch|p2a: Gastrodon|Gastrodon-East, L86, M|27/100\n|move|p1a: Iron Boulder|Mighty Cleave|p2a: Gastrodon\n|-resisted|p2a: Gastrodon\n|-damage|p2a: Gastrodon|0 fnt\n|faint|p2a: Gastrodon\n|-damage|p1a: Iron Boulder|100/265|[from] item: Life Orb\n|\n|upkeep\n|\n|t:|1783559089\n|switch|p2a: Zapdos|Zapdos-Galar, L77|100/100\n|turn|15\n|inactive|Time left: 300 sec this turn | 300 sec total\n|\n|t:|1783559090\n|move|p2a: Zapdos|Brave Bird|p1a: Iron Boulder\n|-supereffective|p1a: Iron Boulder\n|-damage|p1a: Iron Boulder|0 fnt\n|faint|p1a: Iron Boulder\n|-end|p1a: Iron Boulder|Quark Drive|[silent]\n|-damage|p2a: Zapdos|88/100|[from] Recoil\n|\n|upkeep\n|inactive|Time left: 300 sec this turn | 300 sec total | 5 sec grace\n|\n|t:|1783559092\n|switch|p1a: Landorus|Landorus, L75, M|257/257\n|turn|16\n|inactive|Time left: 300 sec this turn | 300 sec total\n|\n|t:|1783559093\n|move|p2a: Zapdos|Brave Bird|p1a: Landorus\n|-damage|p1a: Landorus|115/257\n|-damage|p2a: Zapdos|70/100|[from] Recoil\n|move|p1a: Landorus|Focus Blast|p2a: Zapdos\n|-resisted|p2a: Zapdos\n|-damage|p2a: Zapdos|44/100\n|\n|upkeep\n|turn|17\n|inactive|Time left: 300 sec this turn | 300 sec total\n|\n|t:|1783559094\n|switch|p1a: Alomomola|Alomomola, L87, F|429/429\n|move|p2a: Zapdos|Brave Bird|p1a: Alomomola\n|-crit|p1a: Alomomola\n|-damage|p1a: Alomomola|231/429\n|-damage|p2a: Zapdos|19/100|[from] Recoil\n|\n|upkeep\n|turn|18\n|inactive|Time left: 300 sec this turn | 300 sec total\n|\n|t:|1783559095\n|switch|p2a: Ogerpon|Ogerpon-Wellspring, L76, F|100/100\n|move|p1a: Alomomola|Wish|p1a: Alomomola\n|\n|upkeep\n|turn|19\n|inactive|Time left: 300 sec this turn | 300 sec total\n|\n|t:|1783559096\n|move|p1a: Alomomola|Protect|p1a: Alomomola\n|-singleturn|p1a: Alomomola|Protect\n|move|p2a: Ogerpon|Wood Hammer|p1a: Alomomola\n|-activate|p1a: Alomomola|move: Protect\n|\n|-heal|p1a: Alomomola|429/429|[from] move: Wish|[wisher] Alomomola\n|upkeep\n|turn|20\n|inactive|Time left: 300 sec this turn | 300 sec total\n|\n|t:|1783559097\n|move|p2a: Ogerpon|Wood Hammer|p1a: Alomomola\n|-supereffective|p1a: Alomomola\n|-damage|p1a: Alomomola|141/429\n|-damage|p2a: Ogerpon|62/100|[from] Recoil\n|move|p1a: Alomomola|Wish|p1a: Alomomola\n|\n|upkeep\n|turn|21\n|inactive|Time left: 300 sec this turn | 300 sec total\n|\n|t:|1783559098\n|move|p1a: Alomomola|Protect|p1a: Alomomola\n|-singleturn|p1a: Alomomola|Protect\n|move|p2a: Ogerpon|Wood Hammer|p1a: Alomomola\n|-activate|p1a: Alomomola|move: Protect\n|\n|-heal|p1a: Alomomola|355/429|[from] move: Wish|[wisher] Alomomola\n|upkeep\n|turn|22\n|inactive|Time left: 300 sec this turn | 300 sec total\n|\n|t:|1783559098\n|move|p2a: Ogerpon|Wood Hammer|p1a: Alomomola\n|-supereffective|p1a: Alomomola\n|-damage|p1a: Alomomola|31/429\n|-damage|p2a: Ogerpon|19/100|[from] Recoil\n|move|p1a: Alomomola|Wish|p1a: Alomomola\n|\n|upkeep\n|turn|23\n|inactive|Time left: 300 sec this turn | 300 sec total\n|\n|t:|1783559099\n|move|p1a: Alomomola|Protect|p1a: Alomomola\n|-singleturn|p1a: Alomomola|Protect\n|move|p2a: Ogerpon|Ivy Cudgel|p1a: Alomomola|[anim] Ivy Cudgel Water\n|-activate|p1a: Alomomola|move: Protect\n|\n|-heal|p1a: Alomomola|245/429|[from] move: Wish|[wisher] Alomomola\n|upkeep\n|turn|24\n|inactive|Time left: 300 sec this turn | 300 sec total\n|\n|t:|1783559100\n|switch|p1a: Landorus|Landorus, L75, M|115/257\n|move|p2a: Ogerpon|Wood Hammer|p1a: Landorus\n|-damage|p1a: Landorus|0 fnt\n|faint|p1a: Landorus\n|-damage|p2a: Ogerpon|3/100|[from] Recoil\n|\n|upkeep\n|inactive|Time left: 300 sec this turn | 300 sec total | 5 sec grace\n|\n|t:|1783559101\n|switch|p1a: Alomomola|Alomomola, L87, F|388/429\n|turn|25\n|inactive|Time left: 300 sec this turn | 300 sec total\n|\n|t:|1783559102\n|move|p2a: Ogerpon|Wood Hammer|p1a: Alomomola\n|-supereffective|p1a: Alomomola\n|-damage|p1a: Alomomola|100/429\n|-damage|p2a: Ogerpon|0 fnt|[from] Recoil\n|faint|p2a: Ogerpon\n|move|p1a: Alomomola|Wish|p1a: Alomomola\n|\n|upkeep\n|\n|t:|1783559103\n|switch|p2a: Pawmot|Pawmot, L80, M|100/100\n|turn|26\n|inactive|Time left: 300 sec this turn | 300 sec total\n|\n|t:|1783559104\n|move|p1a: Alomomola|Protect|p1a: Alomomola\n|-singleturn|p1a: Alomomola|Protect\n|move|p2a: Pawmot|Close Combat|p1a: Alomomola\n|-activate|p1a: Alomomola|move: Protect\n|\n|-heal|p1a: Alomomola|314/429|[from] move: Wish|[wisher] Alomomola\n|upkeep\n|turn|27\n|inactive|Time left: 300 sec this turn | 300 sec total\n|\n|t:|1783559105\n|move|p2a: Pawmot|Double Shock|p1a: Alomomola\n|-supereffective|p1a: Alomomola\n|-damage|p1a: Alomomola|0 fnt\n|-start|p2a: Pawmot|typechange|???/Fighting|[from] move: Double Shock\n|faint|p1a: Alomomola\n|-damage|p2a: Pawmot|91/100|[from] item: Life Orb\n|\n|win|p0y1717ab9b", "uploadtime": 1783559105, "views": 0, "rating": 0, "private": 0, "password": null, "_winner": "p0y1717ab9b", "_our_name": "p0x171747e0"}