{"id": "battle-gen9randombattle-1543", "formatid": "gen9randombattle", "format": "[Gen 9] Random Battle", "players": ["p0x15436eec", "p0y1543b408"], "log": "|init|battle\n|title|p0x15436eec vs. p0y1543b408\n|j|\u2606p0x15436eec\n|j|\u2606p0y1543b408\n|t:|1783557924\n|gametype|singles\n|player|p1|p0x15436eec|101|\n|player|p2|p0y1543b408|1|\n|gen|9\n|tier|[Gen 9] Random Battle\n|rule|Species Clause: Limit one of each Pok\u00e9mon\n|rule|HP Percentage Mod: HP is shown in percentages\n|rule|Sleep Clause Mod: Limit one foe put to sleep\n|rule|Illusion Level Mod: Illusion disguises the Pok\u00e9mon's true level\n|\n|t:|1783557924\n|teamsize|p1|6\n|teamsize|p2|6\n|start\n|switch|p1a: Camerupt|Camerupt, L91, F|275/275\n|switch|p2a: Metagross|Metagross, L79|100/100\n|turn|1\n|inactive|Battle timer is ON: inactive players will automatically lose when time's up. (requested by p0x15436eec)\n|\n|t:|1783557926\n|switch|p2a: Clawitzer|Clawitzer, L87, F|100/100\n|move|p1a: Camerupt|Earthquake|p2a: Clawitzer\n|-damage|p2a: Clawitzer|55/100\n|\n|upkeep\n|turn|2\n|inactive|Time left: 300 sec this turn | 300 sec total\n|inactive|p0y1543b408 also wants the timer to be on.\n|\n|t:|1783557927\n|switch|p1a: Pachirisu|Pachirisu, L96, F|271/271\n|move|p2a: Clawitzer|Water Pulse|p1a: Pachirisu\n|-damage|p1a: Pachirisu|198/271\n|\n|upkeep\n|turn|3\n|inactive|Time left: 300 sec this turn | 300 sec total\n|\n|t:|1783557928\n|move|p1a: Pachirisu|Thunderbolt|p2a: Clawitzer\n|-supereffective|p2a: Clawitzer\n|-damage|p2a: Clawitzer|16/100\n|-status|p2a: Clawitzer|par\n|move|p2a: Clawitzer|Water Pulse|p1a: Pachirisu\n|-damage|p1a: Pachirisu|128/271\n|\n|upkeep\n|turn|4\n|inactive|Time left: 300 sec this turn | 300 sec total\n|\n|t:|1783557929\n|move|p1a: Pachirisu|Thunderbolt|p2a: Clawitzer\n|-supereffective|p2a: Clawitzer\n|-damage|p2a: Clawitzer|0 fnt\n|faint|p2a: Clawitzer\n|\n|upkeep\n|\n|t:|1783557930\n|switch|p2a: Barraskewda|Barraskewda, L81, F|100/100\n|turn|5\n|inactive|Time left: 300 sec this turn | 300 sec total\n|\n|t:|1783557931\n|switch|p1a: Rillaboom|Rillaboom, L79, F|288/288\n|-fieldstart|move: Grassy Terrain|[from] ability: Grassy Surge|[of] p1a: Rillaboom\n|move|p2a: Barraskewda|Waterfall|p1a: Rillaboom\n|-resisted|p1a: Rillaboom\n|-damage|p1a: Rillaboom|211/288\n|\n|-heal|p1a: Rillaboom|229/288|[from] Grassy Terrain\n|upkeep\n|turn|6\n|inactive|Time left: 300 sec this turn | 300 sec total\n|\n|t:|1783557932\n|switch|p2a: Bombirdier|Bombirdier, L85, M|100/100\n|move|p1a: Rillaboom|Wood Hammer|p2a: Bombirdier\n|-resisted|p2a: Bombirdier\n|-damage|p2a: Bombirdier|45/100\n|-damage|p1a: Rillaboom|182/288|[from] Recoil\n|\n|-heal|p1a: Rillaboom|200/288|[from] Grassy Terrain\n|upkeep\n|turn|7\n|inactive|Time left: 300 sec this turn | 300 sec total\n|\n|t:|1783557933\n|switch|p1a: Porygon2|Porygon2, L81|270/270\n|-ability|p1a: Porygon2|Download|boost\n|-boost|p1a: Porygon2|spa|1\n|move|p2a: Bombirdier|Knock Off|p1a: Porygon2\n|-damage|p1a: Porygon2|188/270\n|-enditem|p1a: Porygon2|Eviolite|[from] move: Knock Off|[of] p2a: Bombirdier\n|\n|-heal|p1a: Porygon2|204/270|[from] Grassy Terrain\n|upkeep\n|turn|8\n|inactive|Time left: 300 sec this turn | 300 sec total\n|\n|t:|1783557934\n|move|p2a: Bombirdier|Roost|p2a: Bombirdier\n|-heal|p2a: Bombirdier|95/100\n|-singleturn|p2a: Bombirdier|move: Roost\n|move|p1a: Porygon2|Tri Attack|p2a: Bombirdier\n|-damage|p2a: Bombirdier|44/100\n|\n|-heal|p2a: Bombirdier|50/100|[from] Grassy Terrain\n|-heal|p1a: Porygon2|220/270|[from] Grassy Terrain\n|upkeep\n|turn|9\n|inactive|Time left: 300 sec this turn | 300 sec total\n|\n|t:|1783557935\n|move|p2a: Bombirdier|Roost|p2a: Bombirdier\n|-heal|p2a: Bombirdier|99/100\n|-singleturn|p2a: Bombirdier|move: Roost\n|move|p1a: Porygon2|Discharge|p2a: Bombirdier\n|-crit|p2a: Bombirdier\n|-damage|p2a: Bombirdier|54/100\n|\n|-heal|p2a: Bombirdier|60/100|[from] Grassy Terrain\n|-heal|p1a: Porygon2|236/270|[from] Grassy Terrain\n|-fieldend|move: Grassy Terrain\n|upkeep\n|turn|10\n|inactive|Time left: 300 sec this turn | 300 sec total\n|\n|t:|1783557936\n|move|p2a: Bombirdier|Stealth Rock|p1a: Porygon2\n|-sidestart|p1: p0x15436eec|move: Stealth Rock\n|move|p1a: Porygon2|Discharge|p2a: Bombirdier\n|-supereffective|p2a: Bombirdier\n|-damage|p2a: Bombirdier|0 fnt\n|faint|p2a: Bombirdier\n|\n|upkeep\n|\n|t:|1783557937\n|switch|p2a: Barraskewda|Barraskewda, L81, F|100/100\n|turn|11\n|inactive|Time left: 300 sec this turn | 300 sec total\n|\n|t:|1783557938\n|move|p2a: Barraskewda|Close Combat|p1a: Porygon2\n|-supereffective|p1a: Porygon2\n|-damage|p1a: Porygon2|0 fnt\n|-unboost|p2a: Barraskewda|def|1\n|-unboost|p2a: Barraskewda|spd|1\n|faint|p1a: Porygon2\n|\n|upkeep\n|inactive|Time left: 300 sec this turn | 300 sec total | 5 sec grace\n|\n|t:|1783557939\n|switch|p1a: Rillaboom|Rillaboom, L79, F|200/288\n|-damage|p1a: Rillaboom|164/288|[from] Stealth Rock\n|-fieldstart|move: Grassy Terrain|[from] ability: Grassy Surge|[of] p1a: Rillaboom\n|turn|12\n|inactive|Time left: 300 sec this turn | 300 sec total\n|\n|t:|1783557940\n|switch|p2a: Tropius|Tropius, L91, F|100/100\n|move|p1a: Rillaboom|High Horsepower|p2a: Tropius\n|-immune|p2a: Tropius\n|\n|-heal|p1a: Rillaboom|182/288|[from] Grassy Terrain\n|upkeep\n|turn|13\n|inactive|Time left: 300 sec this turn | 300 sec total\n|\n|t:|1783557941\n|switch|p1a: Excadrill|Excadrill, L79, F|303/303\n|-damage|p1a: Excadrill|294/303|[from] Stealth Rock\n|-ability|p1a: Excadrill|Mold Breaker\n|move|p2a: Tropius|Dragon Dance|p2a: Tropius\n|-boost|p2a: Tropius|atk|1\n|-boost|p2a: Tropius|spe|1\n|\n|-heal|p1a: Excadrill|303/303|[from] Grassy Terrain\n|upkeep\n|turn|14\n|inactive|Time left: 300 sec this turn | 300 sec total\n|\n|t:|1783557942\n|move|p2a: Tropius|Dragon Dance|p2a: Tropius\n|-boost|p2a: Tropius|atk|1\n|-boost|p2a: Tropius|spe|1\n|move|p1a: Excadrill|Rapid Spin|p2a: Tropius\n|-damage|p2a: Tropius|88/100\n|-boost|p1a: Excadrill|spe|1\n|-sideend|p1: p0x15436eec|Stealth Rock|[from] move: Rapid Spin|[of] p1a: Excadrill\n|\n|upkeep\n|turn|15\n|inactive|Time left: 300 sec this turn | 300 sec total\n|\n|t:|1783557944\n|move|p2a: Tropius|Leaf Blade|p1a: Excadrill\n|-damage|p1a: Excadrill|83/303\n|move|p1a: Excadrill|Rapid Spin|p2a: Tropius\n|-damage|p2a: Tropius|75/100\n|-boost|p1a: Excadrill|spe|1\n|\n|-heal|p1a: Excadrill|101/303|[from] Grassy Terrain\n|-heal|p1a: Excadrill|119/303|[from] item: Leftovers\n|upkeep\n|turn|16\n|inactive|Time left: 300 sec this turn | 300 sec total\n|\n|t:|1783557945\n|move|p1a: Excadrill|Iron Head|p2a: Tropius\n|-damage|p2a: Tropius|46/100\n|-enditem|p2a: Tropius|Sitrus Berry|[eat]\n|-heal|p2a: Tropius|71/100|[from] item: Sitrus Berry\n|move|p2a: Tropius|Leaf Blade|p1a: Excadrill\n|-damage|p1a: Excadrill|0 fnt\n|faint|p1a: Excadrill\n|\n|-fieldend|move: Grassy Terrain\n|-item|p2a: Tropius|Sitrus Berry|[from] ability: Harvest\n|upkeep\n|inactive|Time left: 300 sec this turn | 300 sec total | 5 sec grace\n|\n|t:|1783557946\n|switch|p1a: Camerupt|Camerupt, L91, F|275/275\n|turn|17\n|inactive|Time left: 300 sec this turn | 300 sec total\n|\n|t:|1783557947\n|-terastallize|p2a: Tropius|Ground\n|move|p2a: Tropius|Earthquake|p1a: Camerupt\n|-supereffective|p1a: Camerupt\n|-damage|p1a: Camerupt|0 fnt\n|faint|p1a: Camerupt\n|\n|upkeep\n|inactive|Time left: 300 sec this turn | 300 sec total | 5 sec grace\n|\n|t:|1783557947\n|switch|p1a: Rillaboom|Rillaboom, L79, F|182/288\n|-fieldstart|move: Grassy Terrain|[from] ability: Grassy Surge|[of] p1a: Rillaboom\n|turn|18\n|inactive|Time left: 300 sec this turn | 300 sec total\n|\n|t:|1783557948\n|move|p1a: Rillaboom|Grassy Glide|p2a: Tropius\n|-supereffective|p2a: Tropius\n|-damage|p2a: Tropius|3/100\n|-enditem|p2a: Tropius|Sitrus Berry|[eat]\n|-heal|p2a: Tropius|28/100|[from] item: Sitrus Berry\n|move|p2a: Tropius|Dual Wingbeat|p1a: Rillaboom\n|-supereffective|p1a: Rillaboom\n|-damage|p1a: Rillaboom|14/288\n|-supereffective|p1a: Rillaboom\n|-damage|p1a: Rillaboom|0 fnt\n|faint|p1a: Rillaboom\n|-hitcount|p1: Rillaboom|2\n|\n|-heal|p2a: Tropius|34/100|[from] Grassy Terrain\n|-item|p2a: Tropius|Sitrus Berry|[from] ability: Harvest\n|upkeep\n|-enditem|p2a: Tropius|Sitrus Berry|[eat]\n|-heal|p2a: Tropius|59/100|[from] item: Sitrus Berry\n|inactive|Time left: 300 sec this turn | 300 sec total | 5 sec grace\n|\n|t:|1783557949\n|switch|p1a: Sceptile|Sceptile, L87, M|264/264\n|turn|19\n|inactive|Time left: 300 sec this turn | 300 sec total\n|\n|t:|1783557950\n|-terastallize|p1a: Sceptile|Steel\n|move|p2a: Tropius|Dual Wingbeat|p1a: Sceptile\n|-resisted|p1a: Sceptile\n|-damage|p1a: Sceptile|219/264\n|-resisted|p1a: Sceptile\n|-damage|p1a: Sceptile|173/264\n|-hitcount|p1a: Sceptile|2\n|move|p1a: Sceptile|Leaf Storm|p2a: Tropius\n|-supereffective|p2a: Tropius\n|-damage|p2a: Tropius|0 fnt\n|-unboost|p1a: Sceptile|spa|2\n|faint|p2a: Tropius\n|-damage|p1a: Sceptile|147/264|[from] item: Life Orb\n|\n|-heal|p1a: Sceptile|163/264|[from] Grassy Terrain\n|upkeep\n|\n|t:|1783557951\n|switch|p2a: Barraskewda|Barraskewda, L81, F|100/100\n|turn|20\n|inactive|Time left: 300 sec this turn | 300 sec total\n|\n|t:|1783557952\n|switch|p1a: Pachirisu|Pachirisu, L96, F|128/271\n|move|p2a: Barraskewda|Close Combat|p1a: Pachirisu\n|-damage|p1a: Pachirisu|0 fnt\n|-unboost|p2a: Barraskewda|def|1\n|-unboost|p2a: Barraskewda|spd|1\n|faint|p1a: Pachirisu\n|\n|upkeep\n|inactive|Time left: 300 sec this turn | 300 sec total | 5 sec grace\n|\n|t:|1783557953\n|switch|p1a: Sceptile|Sceptile, L87, M, tera:Steel|163/264\n|turn|21\n|inactive|Time left: 300 sec this turn | 300 sec total\n|\n|t:|1783557953\n|move|p2a: Barraskewda|Close Combat|p1a: Sceptile\n|-supereffective|p1a: Sceptile\n|-damage|p1a: Sceptile|0 fnt\n|-unboost|p2a: Barraskewda|def|1\n|-unboost|p2a: Barraskewda|spd|1\n|faint|p1a: Sceptile\n|\n|win|p0y1543b408", "uploadtime": 1783557953, "views": 0, "rating": 0, "private": 0, "password": null, "_winner": "p0y1543b408", "_our_name": "p0x15436eec"}