{"id": "battle-gen9randombattle-865", "formatid": "gen9randombattle", "format": "[Gen 9] Random Battle", "players": ["p0x865293b", "p0y865c757"], "log": "|init|battle\n|title|p0x865293b vs. p0y865c757\n|j|\u2606p0x865293b\n|j|\u2606p0y865c757\n|t:|1783549933\n|gametype|singles\n|player|p1|p0x865293b|266|\n|player|p2|p0y865c757|266|\n|gen|9\n|tier|[Gen 9] Random Battle\n|rule|Species Clause: Limit one of each Pok\u00e9mon\n|rule|HP Percentage Mod: HP is shown in percentages\n|rule|Sleep Clause Mod: Limit one foe put to sleep\n|rule|Illusion Level Mod: Illusion disguises the Pok\u00e9mon's true level\n|\n|t:|1783549933\n|teamsize|p1|6\n|teamsize|p2|6\n|start\n|switch|p1a: Golurk|Golurk, L87|100/100\n|switch|p2a: Golurk|Golurk, L87|297/297\n|turn|1\n|inactive|Battle timer is ON: inactive players will automatically lose when time's up. (requested by p0y865c757)\n|inactive|p0x865293b also wants the timer to be on.\n|\n|t:|1783549935\n|move|p1a: Golurk|Poltergeist|p2a: Golurk\n|-activate|p2a: Golurk|move: Poltergeist|Life Orb\n|-supereffective|p2a: Golurk\n|-damage|p2a: Golurk|0 fnt\n|faint|p2a: Golurk\n|\n|upkeep\n|inactive|Time left: 300 sec this turn | 300 sec total | 65 sec grace\n|\n|t:|1783549936\n|switch|p2a: Terapagos|Terapagos, L77, F|265/265\n|-activate|p2a: Terapagos|ability: Tera Shift\n|detailschange|p2a: Terapagos|Terapagos-Terastal, L77, F\n|-heal|p2a: Terapagos|273/273|[silent]\n|turn|2\n|inactive|Time left: 300 sec this turn | 300 sec total\n|\n|t:|1783549937\n|move|p2a: Terapagos|Calm Mind|p2a: Terapagos\n|-boost|p2a: Terapagos|spa|1\n|-boost|p2a: Terapagos|spd|1\n|move|p1a: Golurk|Poltergeist|p2a: Terapagos\n|-immune|p2a: Terapagos\n|\n|upkeep\n|turn|3\n|inactive|Time left: 300 sec this turn | 300 sec total\n|\n|t:|1783549938\n|move|p2a: Terapagos|Tera Starstorm|p1a: Golurk\n|-immune|p1a: Golurk\n|move|p1a: Golurk|Poltergeist|p2a: Terapagos\n|-immune|p2a: Terapagos\n|\n|upkeep\n|turn|4\n|inactive|Time left: 300 sec this turn | 300 sec total\n|\n|t:|1783549939\n|move|p2a: Terapagos|Tera Starstorm|p1a: Golurk\n|-immune|p1a: Golurk\n|move|p1a: Golurk|Poltergeist|p2a: Terapagos\n|-immune|p2a: Terapagos\n|\n|upkeep\n|turn|5\n|inactive|Time left: 300 sec this turn | 300 sec total\n|\n|t:|1783549940\n|move|p2a: Terapagos|Earth Power|p1a: Golurk\n|-damage|p1a: Golurk|70/100\n|move|p1a: Golurk|Poltergeist|p2a: Terapagos\n|-immune|p2a: Terapagos\n|\n|upkeep\n|turn|6\n|inactive|Time left: 300 sec this turn | 300 sec total\n|\n|t:|1783549941\n|move|p2a: Terapagos|Tera Starstorm|p1a: Golurk\n|-immune|p1a: Golurk\n|move|p1a: Golurk|Poltergeist|p2a: Terapagos\n|-immune|p2a: Terapagos\n|\n|upkeep\n|turn|7\n|inactive|Time left: 300 sec this turn | 300 sec total\n|\n|t:|1783549942\n|move|p2a: Terapagos|Calm Mind|p2a: Terapagos\n|-boost|p2a: Terapagos|spa|1\n|-boost|p2a: Terapagos|spd|1\n|move|p1a: Golurk|Poltergeist|p2a: Terapagos\n|-immune|p2a: Terapagos\n|\n|upkeep\n|turn|8\n|inactive|Time left: 300 sec this turn | 300 sec total\n|\n|t:|1783549943\n|move|p2a: Terapagos|Tera Starstorm|p1a: Golurk\n|-immune|p1a: Golurk\n|move|p1a: Golurk|Poltergeist|p2a: Terapagos\n|-immune|p2a: Terapagos\n|\n|upkeep\n|turn|9\n|inactive|Time left: 300 sec this turn | 300 sec total\n|\n|t:|1783549944\n|move|p2a: Terapagos|Tera Starstorm|p1a: Golurk\n|-immune|p1a: Golurk\n|-activate|p1a: Golurk|move: Struggle\n|move|p1a: Golurk|Struggle|p2a: Terapagos\n|-damage|p2a: Terapagos|213/273\n|-damage|p1a: Golurk|45/100|[from] recoil\n|\n|upkeep\n|turn|10\n|inactive|Time left: 300 sec this turn | 300 sec total\n|\n|t:|1783549946\n|move|p2a: Terapagos|Tera Starstorm|p1a: Golurk\n|-immune|p1a: Golurk\n|-activate|p1a: Golurk|move: Struggle\n|move|p1a: Golurk|Struggle|p2a: Terapagos\n|-damage|p2a: Terapagos|153/273\n|-damage|p1a: Golurk|20/100|[from] recoil\n|\n|upkeep\n|turn|11\n|inactive|Time left: 300 sec this turn | 300 sec total\n|\n|t:|1783549947\n|move|p2a: Terapagos|Tera Starstorm|p1a: Golurk\n|-immune|p1a: Golurk\n|-activate|p1a: Golurk|move: Struggle\n|move|p1a: Golurk|Struggle|p2a: Terapagos\n|-damage|p2a: Terapagos|94/273\n|-damage|p1a: Golurk|0 fnt|[from] recoil\n|faint|p1a: Golurk\n|\n|upkeep\n|\n|t:|1783549948\n|switch|p1a: Bombirdier|Bombirdier, L85, F|100/100\n|turn|12\n|inactive|Time left: 300 sec this turn | 300 sec total\n|\n|t:|1783549949\n|switch|p2a: Zamazenta|Zamazenta-Crowned, L68|238/238\n|-ability|p2a: Zamazenta|Dauntless Shield|boost\n|-boost|p2a: Zamazenta|def|1\n|move|p1a: Bombirdier|Brave Bird|p2a: Zamazenta\n|-damage|p2a: Zamazenta|165/238\n|-damage|p1a: Bombirdier|91/100|[from] Recoil\n|\n|upkeep\n|turn|13\n|inactive|Time left: 300 sec this turn | 300 sec total\n|\n|t:|1783549950\n|move|p2a: Zamazenta|Body Press|p1a: Bombirdier\n|-damage|p1a: Bombirdier|44/100\n|move|p1a: Bombirdier|Roost|p1a: Bombirdier\n|-heal|p1a: Bombirdier|94/100\n|-singleturn|p1a: Bombirdier|move: Roost\n|\n|upkeep\n|turn|14\n|inactive|Time left: 300 sec this turn | 300 sec total\n|\n|t:|1783549951\n|move|p2a: Zamazenta|Body Press|p1a: Bombirdier\n|-damage|p1a: Bombirdier|49/100\n|move|p1a: Bombirdier|Roost|p1a: Bombirdier\n|-heal|p1a: Bombirdier|99/100\n|-singleturn|p1a: Bombirdier|move: Roost\n|\n|upkeep\n|turn|15\n|inactive|Time left: 300 sec this turn | 300 sec total\n|\n|t:|1783549953\n|switch|p1a: Swampert|Swampert, L83, M|100/100\n|move|p2a: Zamazenta|Body Press|p1a: Swampert\n|-damage|p1a: Swampert|60/100\n|\n|-heal|p1a: Swampert|66/100|[from] item: Leftovers\n|upkeep\n|turn|16\n|inactive|Time left: 300 sec this turn | 300 sec total\n|\n|t:|1783549954\n|move|p2a: Zamazenta|Body Press|p1a: Swampert\n|-damage|p1a: Swampert|28/100\n|move|p1a: Swampert|Earthquake|p2a: Zamazenta\n|-supereffective|p2a: Zamazenta\n|-damage|p2a: Zamazenta|37/238\n|\n|-heal|p1a: Swampert|34/100|[from] item: Leftovers\n|upkeep\n|turn|17\n|inactive|Time left: 300 sec this turn | 300 sec total\n|\n|t:|1783549955\n|-terastallize|p1a: Swampert|Poison\n|move|p2a: Zamazenta|Body Press|p1a: Swampert\n|-resisted|p1a: Swampert\n|-damage|p1a: Swampert|13/100\n|move|p1a: Swampert|Earthquake|p2a: Zamazenta\n|-supereffective|p2a: Zamazenta\n|-damage|p2a: Zamazenta|0 fnt\n|faint|p2a: Zamazenta\n|\n|-heal|p1a: Swampert|19/100|[from] item: Leftovers\n|upkeep\n|inactive|Time left: 300 sec this turn | 300 sec total | 5 sec grace\n|\n|t:|1783549957\n|switch|p2a: Tropius|Tropius, L91, F|328/328\n|turn|18\n|inactive|Time left: 300 sec this turn | 300 sec total\n|\n|t:|1783549958\n|move|p1a: Swampert|Stealth Rock|p2a: Tropius\n|-sidestart|p2: p0y865c757|move: Stealth Rock\n|move|p2a: Tropius|Dragon Dance|p2a: Tropius\n|-boost|p2a: Tropius|atk|1\n|-boost|p2a: Tropius|spe|1\n|\n|-heal|p1a: Swampert|25/100|[from] item: Leftovers\n|upkeep\n|turn|19\n|inactive|Time left: 300 sec this turn | 300 sec total\n|\n|t:|1783549959\n|switch|p1a: Dewgong|Dewgong, L94, F|100/100\n|move|p2a: Tropius|Dual Wingbeat|p1a: Dewgong|[miss]\n|-miss|p2a: Tropius|p1a: Dewgong\n|\n|upkeep\n|turn|20\n|inactive|Time left: 300 sec this turn | 300 sec total\n|\n|t:|1783549960\n|-terastallize|p2a: Tropius|Ground\n|move|p2a: Tropius|Earthquake|p1a: Dewgong\n|-damage|p1a: Dewgong|56/100\n|move|p1a: Dewgong|Ice Beam|p2a: Tropius\n|-supereffective|p2a: Tropius\n|-damage|p2a: Tropius|146/328\n|-enditem|p2a: Tropius|Sitrus Berry|[eat]\n|-heal|p2a: Tropius|228/328|[from] item: Sitrus Berry\n|\n|-item|p2a: Tropius|Sitrus Berry|[from] ability: Harvest\n|upkeep\n|turn|21\n|inactive|Time left: 300 sec this turn | 300 sec total\n|\n|t:|1783549961\n|switch|p1a: Bombirdier|Bombirdier, L85, F|99/100\n|move|p2a: Tropius|Dual Wingbeat|p1a: Bombirdier\n|-damage|p1a: Bombirdier|75/100\n|-crit|p1a: Bombirdier\n|-damage|p1a: Bombirdier|40/100\n|-hitcount|p1a: Bombirdier|2\n|\n|upkeep\n|turn|22\n|inactive|Time left: 300 sec this turn | 300 sec total\n|\n|t:|1783549962\n|move|p2a: Tropius|Dual Wingbeat|p1a: Bombirdier\n|-crit|p1a: Bombirdier\n|-damage|p1a: Bombirdier|6/100\n|-crit|p1a: Bombirdier\n|-damage|p1a: Bombirdier|0 fnt\n|faint|p1a: Bombirdier\n|-hitcount|p1: Bombirdier|2\n|\n|upkeep\n|\n|t:|1783549963\n|switch|p1a: Dewgong|Dewgong, L94, F|56/100\n|turn|23\n|inactive|Time left: 300 sec this turn | 300 sec total\n|\n|t:|1783549964\n|move|p2a: Tropius|Earthquake|p1a: Dewgong\n|-damage|p1a: Dewgong|14/100\n|move|p1a: Dewgong|Encore|p2a: Tropius\n|-start|p2a: Tropius|Encore\n|\n|upkeep\n|turn|24\n|inactive|Time left: 300 sec this turn | 300 sec total\n|\n|t:|1783549965\n|switch|p1a: Noivern|Noivern, L82, F|100/100\n|move|p2a: Tropius|Earthquake|p1a: Noivern\n|-immune|p1a: Noivern\n|\n|upkeep\n|turn|25\n|inactive|Time left: 300 sec this turn | 300 sec total\n|\n|t:|1783549966\n|move|p1a: Noivern|Hurricane|p2a: Tropius\n|-damage|p2a: Tropius|129/328\n|-enditem|p2a: Tropius|Sitrus Berry|[eat]\n|-heal|p2a: Tropius|211/328|[from] item: Sitrus Berry\n|move|p2a: Tropius|Earthquake|p1a: Noivern\n|-immune|p1a: Noivern\n|\n|upkeep\n|turn|26\n|inactive|Time left: 300 sec this turn | 300 sec total\n|\n|t:|1783549967\n|move|p1a: Noivern|Hurricane|p2a: Tropius\n|-damage|p2a: Tropius|112/328\n|-start|p2a: Tropius|confusion\n|-activate|p2a: Tropius|confusion\n|move|p2a: Tropius|Earthquake|p1a: Noivern\n|-immune|p1a: Noivern\n|\n|-end|p2a: Tropius|Encore\n|-item|p2a: Tropius|Sitrus Berry|[from] ability: Harvest\n|upkeep\n|-enditem|p2a: Tropius|Sitrus Berry|[eat]\n|-heal|p2a: Tropius|194/328|[from] item: Sitrus Berry\n|turn|27\n|inactive|Time left: 300 sec this turn | 300 sec total\n|\n|t:|1783549968\n|move|p1a: Noivern|Hurricane|p2a: Tropius\n|-damage|p2a: Tropius|89/328\n|-activate|p2a: Tropius|confusion\n|move|p2a: Tropius|Synthesis|p2a: Tropius\n|-heal|p2a: Tropius|253/328\n|\n|upkeep\n|turn|28\n|inactive|Time left: 300 sec this turn | 300 sec total\n|\n|t:|1783549968\n|switch|p1a: Ursaring|Ursaring, L84, F|100/100\n|-end|p2a: Tropius|confusion\n|move|p2a: Tropius|Synthesis|p2a: Tropius\n|-heal|p2a: Tropius|328/328\n|\n|-item|p2a: Tropius|Sitrus Berry|[from] ability: Harvest\n|upkeep\n|turn|29\n|inactive|Time left: 300 sec this turn | 300 sec total\n|\n|t:|1783549969\n|move|p2a: Tropius|Dragon Dance|p2a: Tropius\n|-boost|p2a: Tropius|atk|1\n|-boost|p2a: Tropius|spe|1\n|move|p1a: Ursaring|Body Slam|p2a: Tropius\n|-damage|p2a: Tropius|214/328\n|\n|upkeep\n|turn|30\n|inactive|Time left: 300 sec this turn | 300 sec total\n|\n|t:|1783549970\n|move|p2a: Tropius|Earthquake|p1a: Ursaring\n|-damage|p1a: Ursaring|55/100\n|move|p1a: Ursaring|Body Slam|p2a: Tropius\n|-damage|p2a: Tropius|102/328\n|-enditem|p2a: Tropius|Sitrus Berry|[eat]\n|-heal|p2a: Tropius|184/328|[from] item: Sitrus Berry\n|\n|upkeep\n|turn|31\n|inactive|Time left: 300 sec this turn | 300 sec total\n|\n|t:|1783549971\n|move|p2a: Tropius|Synthesis|p2a: Tropius\n|-heal|p2a: Tropius|328/328\n|move|p1a: Ursaring|Body Slam|p2a: Tropius\n|-damage|p2a: Tropius|226/328\n|\n|upkeep\n|turn|32\n|inactive|Time left: 300 sec this turn | 300 sec total\n|\n|t:|1783549972\n|move|p2a: Tropius|Dragon Dance|p2a: Tropius\n|-boost|p2a: Tropius|atk|1\n|-boost|p2a: Tropius|spe|1\n|move|p1a: Ursaring|Body Slam|p2a: Tropius\n|-damage|p2a: Tropius|106/328\n|-status|p2a: Tropius|par\n|\n|upkeep\n|turn|33\n|inactive|Time left: 300 sec this turn | 300 sec total\n|\n|t:|1783549973\n|move|p2a: Tropius|Synthesis|p2a: Tropius\n|-heal|p2a: Tropius|270/328 par\n|move|p1a: Ursaring|Body Slam|p2a: Tropius\n|-damage|p2a: Tropius|155/328 par\n|\n|-item|p2a: Tropius|Sitrus Berry|[from] ability: Harvest\n|upkeep\n|-enditem|p2a: Tropius|Sitrus Berry|[eat]\n|-heal|p2a: Tropius|237/328 par|[from] item: Sitrus Berry\n|turn|34\n|inactive|Time left: 300 sec this turn | 300 sec total\n|\n|t:|1783549974\n|move|p2a: Tropius|Earthquake|p1a: Ursaring\n|-damage|p1a: Ursaring|0 fnt\n|faint|p1a: Ursaring\n|\n|-item|p2a: Tropius|Sitrus Berry|[from] ability: Harvest\n|upkeep\n|\n|t:|1783549975\n|switch|p1a: Dewgong|Dewgong, L94, F|14/100\n|turn|35\n|inactive|Time left: 300 sec this turn | 300 sec total\n|\n|t:|1783549976\n|move|p1a: Dewgong|Encore|p2a: Tropius\n|-start|p2a: Tropius|Encore\n|move|p2a: Tropius|Earthquake|p1a: Dewgong\n|-damage|p1a: Dewgong|0 fnt\n|faint|p1a: Dewgong\n|\n|upkeep\n|\n|t:|1783549976\n|switch|p1a: Noivern|Noivern, L82, F|100/100\n|turn|36\n|inactive|Time left: 300 sec this turn | 300 sec total\n|\n|t:|1783549977\n|move|p1a: Noivern|Hurricane|p2a: Tropius\n|-damage|p2a: Tropius|125/328 par\n|-enditem|p2a: Tropius|Sitrus Berry|[eat]\n|-heal|p2a: Tropius|207/328 par|[from] item: Sitrus Berry\n|cant|p2a: Tropius|par\n|\n|-item|p2a: Tropius|Sitrus Berry|[from] ability: Harvest\n|upkeep\n|turn|37\n|inactive|Time left: 300 sec this turn | 300 sec total\n|\n|t:|1783549978\n|move|p1a: Noivern|Hurricane|p2a: Tropius\n|-damage|p2a: Tropius|107/328 par\n|-enditem|p2a: Tropius|Sitrus Berry|[eat]\n|-heal|p2a: Tropius|189/328 par|[from] item: Sitrus Berry\n|move|p2a: Tropius|Earthquake|p1a: Noivern\n|-immune|p1a: Noivern\n|\n|-end|p2a: Tropius|Encore\n|upkeep\n|turn|38\n|inactive|Time left: 300 sec this turn | 300 sec total\n|\n|t:|1783549979\n|move|p1a: Noivern|Hurricane|p2a: Tropius|[miss]\n|-miss|p1a: Noivern|p2a: Tropius\n|move|p2a: Tropius|Synthesis|p2a: Tropius\n|-heal|p2a: Tropius|328/328 par\n|\n|upkeep\n|turn|39\n|inactive|Time left: 300 sec this turn | 300 sec total\n|\n|t:|1783549981\n|move|p1a: Noivern|Hurricane|p2a: Tropius\n|-damage|p2a: Tropius|216/328 par\n|-start|p2a: Tropius|confusion\n|-activate|p2a: Tropius|confusion\n|-damage|p2a: Tropius|158/328 par|[from] confusion\n|\n|-item|p2a: Tropius|Sitrus Berry|[from] ability: Harvest\n|upkeep\n|-enditem|p2a: Tropius|Sitrus Berry|[eat]\n|-heal|p2a: Tropius|240/328 par|[from] item: Sitrus Berry\n|turn|40\n|inactive|Time left: 300 sec this turn | 300 sec total\n|\n|t:|1783549982\n|move|p1a: Noivern|Hurricane|p2a: Tropius\n|-damage|p2a: Tropius|146/328 par\n|-activate|p2a: Tropius|confusion\n|move|p2a: Tropius|Synthesis|p2a: Tropius\n|-heal|p2a: Tropius|310/328 par\n|\n|upkeep\n|turn|41\n|inactive|Time left: 300 sec this turn | 300 sec total\n|\n|t:|1783549983\n|switch|p1a: Swampert|Swampert, L83, M, tera:Poison|25/100\n|-end|p2a: Tropius|confusion\n|move|p2a: Tropius|Dual Wingbeat|p1a: Swampert\n|-damage|p1a: Swampert|0 fnt\n|faint|p1a: Swampert\n|-hitcount|p1: Swampert|1\n|\n|-item|p2a: Tropius|Sitrus Berry|[from] ability: Harvest\n|upkeep\n|\n|t:|1783549984\n|switch|p1a: Noivern|Noivern, L82, F|100/100\n|turn|42\n|inactive|Time left: 300 sec this turn | 300 sec total\n|\n|t:|1783549985\n|move|p1a: Noivern|Hurricane|p2a: Tropius|[miss]\n|-miss|p1a: Noivern|p2a: Tropius\n|move|p2a: Tropius|Dual Wingbeat|p1a: Noivern\n|-damage|p1a: Noivern|62/100\n|-damage|p1a: Noivern|26/100\n|-hitcount|p1a: Noivern|2\n|\n|upkeep\n|turn|43\n|inactive|Time left: 300 sec this turn | 300 sec total\n|\n|t:|1783549986\n|move|p1a: Noivern|Hurricane|p2a: Tropius\n|-damage|p2a: Tropius|201/328 par\n|-start|p2a: Tropius|confusion\n|-activate|p2a: Tropius|confusion\n|move|p2a: Tropius|Dual Wingbeat|p1a: Noivern\n|-damage|p1a: Noivern|0 fnt\n|faint|p1a: Noivern\n|-hitcount|p1: Noivern|1\n|\n|win|p0y865c757", "uploadtime": 1783549986, "views": 0, "rating": 0, "private": 0, "password": null, "_winner": "p0y865c757", "_our_name": "p0y865c757"}