{"id": "battle-gen9randombattle-308", "formatid": "gen9randombattle", "format": "[Gen 9] Random Battle", "players": ["p0x308178d", "p0y3081eb8"], "log": "|init|battle\n|title|p0x308178d vs. p0y3081eb8\n|j|\u2606p0x308178d\n|j|\u2606p0y3081eb8\n|t:|1783542642\n|gametype|singles\n|player|p1|p0x308178d|101|\n|player|p2|p0y3081eb8|170|\n|gen|9\n|tier|[Gen 9] Random Battle\n|rule|Species Clause: Limit one of each Pok\u00e9mon\n|rule|HP Percentage Mod: HP is shown in percentages\n|rule|Sleep Clause Mod: Limit one foe put to sleep\n|rule|Illusion Level Mod: Illusion disguises the Pok\u00e9mon's true level\n|\n|t:|1783542642\n|teamsize|p1|6\n|teamsize|p2|6\n|start\n|switch|p1a: Dipplin|Dipplin, L88, M|284/284\n|switch|p2a: Scream Tail|Scream Tail, L84|100/100\n|turn|1\n|inactive|Battle timer is ON: inactive players will automatically lose when time's up. (requested by p0x308178d)\n|inactive|p0y3081eb8 also wants the timer to be on.\n|\n|t:|1783542644\n|move|p2a: Scream Tail|Play Rough|p1a: Dipplin\n|-supereffective|p1a: Dipplin\n|-crit|p1a: Dipplin\n|-damage|p1a: Dipplin|168/284\n|move|p1a: Dipplin|Giga Drain|p2a: Scream Tail\n|-damage|p2a: Scream Tail|77/100\n|-heal|p1a: Dipplin|206/284|[from] drain|[of] p2a: Scream Tail\n|\n|-heal|p2a: Scream Tail|84/100|[from] item: Leftovers\n|upkeep\n|turn|2\n|inactive|Time left: 300 sec this turn | 300 sec total\n|\n|t:|1783542645\n|move|p2a: Scream Tail|Play Rough|p1a: Dipplin\n|-supereffective|p1a: Dipplin\n|-damage|p1a: Dipplin|132/284\n|-unboost|p1a: Dipplin|atk|1\n|move|p1a: Dipplin|Giga Drain|p2a: Scream Tail\n|-damage|p2a: Scream Tail|62/100\n|-heal|p1a: Dipplin|168/284|[from] drain|[of] p2a: Scream Tail\n|\n|-heal|p2a: Scream Tail|68/100|[from] item: Leftovers\n|upkeep\n|turn|3\n|inactive|Time left: 300 sec this turn | 300 sec total\n|\n|t:|1783542646\n|move|p2a: Scream Tail|Play Rough|p1a: Dipplin\n|-supereffective|p1a: Dipplin\n|-damage|p1a: Dipplin|84/284\n|move|p1a: Dipplin|Recover|p1a: Dipplin\n|-heal|p1a: Dipplin|226/284\n|\n|-heal|p2a: Scream Tail|74/100|[from] item: Leftovers\n|upkeep\n|turn|4\n|inactive|Time left: 300 sec this turn | 300 sec total\n|\n|t:|1783542647\n|switch|p1a: Girafarig|Girafarig, L89, F|269/269\n|move|p2a: Scream Tail|Play Rough|p1a: Girafarig\n|-damage|p1a: Girafarig|217/269\n|\n|-heal|p2a: Scream Tail|80/100|[from] item: Leftovers\n|upkeep\n|turn|5\n|inactive|Time left: 300 sec this turn | 300 sec total\n|\n|t:|1783542648\n|move|p2a: Scream Tail|Wish|p2a: Scream Tail\n|move|p1a: Girafarig|Nasty Plot|p1a: Girafarig\n|-boost|p1a: Girafarig|spa|2\n|\n|-heal|p2a: Scream Tail|86/100|[from] item: Leftovers\n|upkeep\n|turn|6\n|inactive|Time left: 300 sec this turn | 300 sec total\n|\n|t:|1783542649\n|move|p2a: Scream Tail|Encore|p1a: Girafarig\n|-start|p1a: Girafarig|Encore\n|move|p1a: Girafarig|Nasty Plot|p1a: Girafarig\n|-boost|p1a: Girafarig|spa|2\n|\n|-heal|p2a: Scream Tail|100/100|[from] move: Wish|[wisher] Scream Tail\n|upkeep\n|turn|7\n|inactive|Time left: 300 sec this turn | 300 sec total\n|\n|t:|1783542650\n|move|p2a: Scream Tail|Play Rough|p1a: Girafarig\n|-damage|p1a: Girafarig|159/269\n|move|p1a: Girafarig|Nasty Plot|p1a: Girafarig\n|-boost|p1a: Girafarig|spa|2\n|\n|upkeep\n|turn|8\n|inactive|Time left: 300 sec this turn | 300 sec total\n|\n|t:|1783542651\n|-end|p2a: Scream Tail|Protosynthesis|[silent]\n|switch|p2a: Yanmega|Yanmega, L82, F|100/100\n|move|p1a: Girafarig|Nasty Plot|p1a: Girafarig\n|-boost|p1a: Girafarig|spa|0\n|\n|-end|p1a: Girafarig|Encore\n|upkeep\n|turn|9\n|inactive|Time left: 300 sec this turn | 300 sec total\n|\n|t:|1783542652\n|-terastallize|p2a: Yanmega|Bug\n|-terastallize|p1a: Girafarig|Electric\n|move|p2a: Yanmega|Bug Buzz|p1a: Girafarig\n|-damage|p1a: Girafarig|5/269\n|move|p1a: Girafarig|Hyper Voice|p2a: Yanmega\n|-damage|p2a: Yanmega|0 fnt\n|faint|p2a: Yanmega\n|\n|upkeep\n|\n|t:|1783542653\n|switch|p2a: Indeedee|Indeedee-F, L90, F|100/100\n|-fieldstart|move: Psychic Terrain|[from] ability: Psychic Surge|[of] p2a: Indeedee\n|turn|10\n|inactive|Time left: 300 sec this turn | 300 sec total\n|\n|t:|1783542654\n|move|p2a: Indeedee|Psyshock|p1a: Girafarig\n|-damage|p1a: Girafarig|0 fnt\n|faint|p1a: Girafarig\n|\n|upkeep\n|inactive|Time left: 300 sec this turn | 300 sec total | 5 sec grace\n|\n|t:|1783542655\n|switch|p1a: Meowscarada|Meowscarada, L78, M|247/247\n|turn|11\n|inactive|Time left: 300 sec this turn | 300 sec total\n|\n|t:|1783542656\n|switch|p2a: Coalossal|Coalossal, L89, F|100/100\n|move|p1a: Meowscarada|Knock Off|p2a: Coalossal\n|-start|p1a: Meowscarada|typechange|Dark|[from] ability: Protean\n|-damage|p2a: Coalossal|70/100\n|-status|p1a: Meowscarada|brn|[from] ability: Flame Body|[of] p2a: Coalossal\n|-enditem|p2a: Coalossal|Heavy-Duty Boots|[from] move: Knock Off|[of] p1a: Meowscarada\n|\n|-damage|p1a: Meowscarada|232/247 brn|[from] brn\n|upkeep\n|turn|12\n|inactive|Time left: 300 sec this turn | 300 sec total\n|\n|t:|1783542657\n|move|p1a: Meowscarada|Knock Off|p2a: Coalossal\n|-damage|p2a: Coalossal|60/100\n|move|p2a: Coalossal|Rapid Spin|p1a: Meowscarada\n|-crit|p1a: Meowscarada\n|-damage|p1a: Meowscarada|168/247 brn\n|-boost|p2a: Coalossal|spe|1\n|\n|-damage|p1a: Meowscarada|153/247 brn|[from] brn\n|upkeep\n|turn|13\n|inactive|Time left: 300 sec this turn | 300 sec total\n|\n|t:|1783542659\n|switch|p1a: Sandslash|Sandslash, L89, M|278/278\n|move|p2a: Coalossal|Rapid Spin|p1a: Sandslash\n|-damage|p1a: Sandslash|250/278\n|-boost|p2a: Coalossal|spe|1\n|\n|upkeep\n|turn|14\n|inactive|Time left: 300 sec this turn | 300 sec total\n|\n|t:|1783542660\n|move|p2a: Coalossal|Will-O-Wisp|p1a: Sandslash\n|-status|p1a: Sandslash|brn\n|move|p1a: Sandslash|Earthquake|p2a: Coalossal\n|-supereffective|p2a: Coalossal\n|-damage|p2a: Coalossal|7/100\n|\n|-damage|p1a: Sandslash|233/278 brn|[from] brn\n|-fieldend|move: Psychic Terrain\n|upkeep\n|turn|15\n|inactive|Time left: 300 sec this turn | 300 sec total\n|\n|t:|1783542661\n|switch|p2a: Ting-Lu|Ting-Lu, L78|100/100\n|-ability|p2a: Ting-Lu|Vessel of Ruin\n|move|p1a: Sandslash|Knock Off|p2a: Ting-Lu\n|-resisted|p2a: Ting-Lu\n|-damage|p2a: Ting-Lu|96/100\n|-enditem|p2a: Ting-Lu|Leftovers|[from] move: Knock Off|[of] p1a: Sandslash\n|\n|-damage|p1a: Sandslash|216/278 brn|[from] brn\n|upkeep\n|turn|16\n|inactive|Time left: 300 sec this turn | 300 sec total\n|\n|t:|1783542662\n|move|p1a: Sandslash|Rapid Spin|p2a: Ting-Lu\n|-damage|p2a: Ting-Lu|92/100\n|-boost|p1a: Sandslash|spe|1\n|move|p2a: Ting-Lu|Stealth Rock|p1a: Sandslash\n|-sidestart|p1: p0x308178d|move: Stealth Rock\n|\n|-damage|p1a: Sandslash|199/278 brn|[from] brn\n|upkeep\n|turn|17\n|inactive|Time left: 300 sec this turn | 300 sec total\n|\n|t:|1783542663\n|move|p1a: Sandslash|Rapid Spin|p2a: Ting-Lu\n|-damage|p2a: Ting-Lu|88/100\n|-boost|p1a: Sandslash|spe|1\n|-sideend|p1: p0x308178d|Stealth Rock|[from] move: Rapid Spin|[of] p1a: Sandslash\n|move|p2a: Ting-Lu|Spikes|p1a: Sandslash\n|-sidestart|p1: p0x308178d|Spikes\n|\n|-damage|p1a: Sandslash|182/278 brn|[from] brn\n|upkeep\n|turn|18\n|inactive|Time left: 300 sec this turn | 300 sec total\n|\n|t:|1783542664\n|move|p1a: Sandslash|Rapid Spin|p2a: Ting-Lu\n|-damage|p2a: Ting-Lu|83/100\n|-boost|p1a: Sandslash|spe|1\n|-sideend|p1: p0x308178d|Spikes|[from] move: Rapid Spin|[of] p1a: Sandslash\n|move|p2a: Ting-Lu|Spikes|p1a: Sandslash\n|-sidestart|p1: p0x308178d|Spikes\n|\n|-damage|p1a: Sandslash|165/278 brn|[from] brn\n|upkeep\n|turn|19\n|inactive|Time left: 300 sec this turn | 300 sec total\n|\n|t:|1783542665\n|move|p1a: Sandslash|Rapid Spin|p2a: Ting-Lu\n|-damage|p2a: Ting-Lu|79/100\n|-boost|p1a: Sandslash|spe|1\n|-sideend|p1: p0x308178d|Spikes|[from] move: Rapid Spin|[of] p1a: Sandslash\n|move|p2a: Ting-Lu|Throat Chop|p1a: Sandslash\n|-damage|p1a: Sandslash|95/278 brn\n|-start|p1a: Sandslash|Throat Chop|[silent]\n|\n|-damage|p1a: Sandslash|78/278 brn|[from] brn\n|upkeep\n|turn|20\n|inactive|Time left: 300 sec this turn | 300 sec total\n|\n|t:|1783542667\n|move|p1a: Sandslash|Earthquake|p2a: Ting-Lu\n|-damage|p2a: Ting-Lu|65/100\n|move|p2a: Ting-Lu|Throat Chop|p1a: Sandslash\n|-damage|p1a: Sandslash|14/278 brn\n|\n|-damage|p1a: Sandslash|0 fnt|[from] brn\n|faint|p1a: Sandslash\n|upkeep\n|inactive|Time left: 300 sec this turn | 300 sec total | 5 sec grace\n|\n|t:|1783542668\n|switch|p1a: Dipplin|Dipplin, L88, M|226/284\n|turn|21\n|inactive|Time left: 300 sec this turn | 300 sec total\n|\n|t:|1783542669\n|switch|p2a: Scream Tail|Scream Tail, L84|100/100\n|move|p1a: Dipplin|Giga Drain|p2a: Scream Tail\n|-damage|p2a: Scream Tail|79/100\n|-heal|p1a: Dipplin|262/284|[from] drain|[of] p2a: Scream Tail\n|\n|-heal|p2a: Scream Tail|85/100|[from] item: Leftovers\n|upkeep\n|turn|22\n|inactive|Time left: 300 sec this turn | 300 sec total\n|\n|t:|1783542670\n|move|p2a: Scream Tail|Wish|p2a: Scream Tail\n|move|p1a: Dipplin|Giga Drain|p2a: Scream Tail\n|-damage|p2a: Scream Tail|63/100\n|-heal|p1a: Dipplin|284/284|[from] drain|[of] p2a: Scream Tail\n|\n|-heal|p2a: Scream Tail|69/100|[from] item: Leftovers\n|upkeep\n|turn|23\n|inactive|Time left: 300 sec this turn | 300 sec total\n|\n|t:|1783542671\n|move|p2a: Scream Tail|Play Rough|p1a: Dipplin\n|-supereffective|p1a: Dipplin\n|-damage|p1a: Dipplin|206/284\n|move|p1a: Dipplin|Giga Drain|p2a: Scream Tail\n|-damage|p2a: Scream Tail|50/100\n|-heal|p1a: Dipplin|238/284|[from] drain|[of] p2a: Scream Tail\n|\n|-heal|p2a: Scream Tail|99/100|[from] move: Wish|[wisher] Scream Tail\n|-heal|p2a: Scream Tail|100/100|[from] item: Leftovers\n|upkeep\n|turn|24\n|inactive|Time left: 300 sec this turn | 300 sec total\n|\n|t:|1783542672\n|move|p2a: Scream Tail|Play Rough|p1a: Dipplin\n|-supereffective|p1a: Dipplin\n|-damage|p1a: Dipplin|154/284\n|move|p1a: Dipplin|Giga Drain|p2a: Scream Tail\n|-damage|p2a: Scream Tail|80/100\n|-heal|p1a: Dipplin|187/284|[from] drain|[of] p2a: Scream Tail\n|\n|-heal|p2a: Scream Tail|87/100|[from] item: Leftovers\n|upkeep\n|turn|25\n|inactive|Time left: 300 sec this turn | 300 sec total\n|\n|t:|1783542673\n|move|p2a: Scream Tail|Play Rough|p1a: Dipplin\n|-supereffective|p1a: Dipplin\n|-damage|p1a: Dipplin|109/284\n|move|p1a: Dipplin|Recover|p1a: Dipplin\n|-heal|p1a: Dipplin|251/284\n|\n|-heal|p2a: Scream Tail|93/100|[from] item: Leftovers\n|upkeep\n|turn|26\n|inactive|Time left: 300 sec this turn | 300 sec total\n|\n|t:|1783542675\n|move|p2a: Scream Tail|Play Rough|p1a: Dipplin\n|-supereffective|p1a: Dipplin\n|-damage|p1a: Dipplin|167/284\n|move|p1a: Dipplin|Giga Drain|p2a: Scream Tail\n|-damage|p2a: Scream Tail|72/100\n|-heal|p1a: Dipplin|201/284|[from] drain|[of] p2a: Scream Tail\n|\n|-heal|p2a: Scream Tail|78/100|[from] item: Leftovers\n|upkeep\n|turn|27\n|inactive|Time left: 300 sec this turn | 300 sec total\n|\n|t:|1783542676\n|move|p2a: Scream Tail|Play Rough|p1a: Dipplin\n|-supereffective|p1a: Dipplin\n|-damage|p1a: Dipplin|123/284\n|move|p1a: Dipplin|Recover|p1a: Dipplin\n|-heal|p1a: Dipplin|265/284\n|\n|-heal|p2a: Scream Tail|84/100|[from] item: Leftovers\n|upkeep\n|turn|28\n|inactive|Time left: 300 sec this turn | 300 sec total\n|\n|t:|1783542677\n|move|p2a: Scream Tail|Wish|p2a: Scream Tail\n|move|p1a: Dipplin|Giga Drain|p2a: Scream Tail\n|-damage|p2a: Scream Tail|64/100\n|-heal|p1a: Dipplin|284/284|[from] drain|[of] p2a: Scream Tail\n|\n|-heal|p2a: Scream Tail|70/100|[from] item: Leftovers\n|upkeep\n|turn|29\n|inactive|Time left: 300 sec this turn | 300 sec total\n|\n|t:|1783542678\n|move|p2a: Scream Tail|Play Rough|p1a: Dipplin\n|-supereffective|p1a: Dipplin\n|-crit|p1a: Dipplin\n|-damage|p1a: Dipplin|164/284\n|move|p1a: Dipplin|Recover|p1a: Dipplin\n|-heal|p1a: Dipplin|284/284\n|\n|-heal|p2a: Scream Tail|100/100|[from] move: Wish|[wisher] Scream Tail\n|upkeep\n|turn|30\n|inactive|Time left: 300 sec this turn | 300 sec total\n|\n|t:|1783542679\n|move|p2a: Scream Tail|Play Rough|p1a: Dipplin\n|-supereffective|p1a: Dipplin\n|-damage|p1a: Dipplin|212/284\n|-unboost|p1a: Dipplin|atk|1\n|move|p1a: Dipplin|Giga Drain|p2a: Scream Tail\n|-damage|p2a: Scream Tail|79/100\n|-heal|p1a: Dipplin|247/284|[from] drain|[of] p2a: Scream Tail\n|\n|-heal|p2a: Scream Tail|85/100|[from] item: Leftovers\n|upkeep\n|turn|31\n|inactive|Time left: 300 sec this turn | 300 sec total\n|\n|t:|1783542680\n|move|p2a: Scream Tail|Play Rough|p1a: Dipplin\n|-supereffective|p1a: Dipplin\n|-damage|p1a: Dipplin|175/284\n|move|p1a: Dipplin|Giga Drain|p2a: Scream Tail\n|-damage|p2a: Scream Tail|65/100\n|-heal|p1a: Dipplin|208/284|[from] drain|[of] p2a: Scream Tail\n|\n|-heal|p2a: Scream Tail|71/100|[from] item: Leftovers\n|upkeep\n|turn|32\n|inactive|Time left: 300 sec this turn | 300 sec total\n|\n|t:|1783542681\n|move|p2a: Scream Tail|Wish|p2a: Scream Tail\n|move|p1a: Dipplin|Giga Drain|p2a: Scream Tail\n|-crit|p2a: Scream Tail\n|-damage|p2a: Scream Tail|40/100\n|-heal|p1a: Dipplin|260/284|[from] drain|[of] p2a: Scream Tail\n|\n|-heal|p2a: Scream Tail|46/100|[from] item: Leftovers\n|upkeep\n|turn|33\n|inactive|Time left: 300 sec this turn | 300 sec total\n|\n|t:|1783542682\n|switch|p1a: Zangoose|Zangoose, L85, M|263/263\n|move|p2a: Scream Tail|Play Rough|p1a: Zangoose\n|-damage|p1a: Zangoose|167/263\n|\n|-heal|p2a: Scream Tail|96/100|[from] move: Wish|[wisher] Scream Tail\n|-heal|p2a: Scream Tail|100/100|[from] item: Leftovers\n|-status|p1a: Zangoose|tox|[from] item: Toxic Orb\n|upkeep\n|turn|34\n|inactive|Time left: 300 sec this turn | 300 sec total\n|\n|t:|1783542683\n|move|p2a: Scream Tail|Play Rough|p1a: Zangoose\n|-crit|p1a: Zangoose\n|-damage|p1a: Zangoose|34/263 tox\n|move|p1a: Zangoose|Facade|p2a: Scream Tail\n|-damage|p2a: Scream Tail|30/100\n|\n|-heal|p2a: Scream Tail|36/100|[from] item: Leftovers\n|-damage|p1a: Zangoose|18/263 tox|[from] psn\n|upkeep\n|turn|35\n|inactive|Time left: 300 sec this turn | 300 sec total\n|\n|t:|1783542684\n|switch|p1a: Meowscarada|Meowscarada, L78, M|153/247 brn\n|move|p2a: Scream Tail|Wish|p2a: Scream Tail\n|\n|-heal|p2a: Scream Tail|42/100|[from] item: Leftovers\n|-damage|p1a: Meowscarada|138/247 brn|[from] brn\n|upkeep\n|turn|36\n|inactive|Time left: 300 sec this turn | 300 sec total\n|\n|t:|1783542685\n|move|p2a: Scream Tail|Protect|p2a: Scream Tail\n|-singleturn|p2a: Scream Tail|Protect\n|move|p1a: Meowscarada|Triple Axel|p2a: Scream Tail\n|-start|p1a: Meowscarada|typechange|Ice|[from] ability: Protean\n|-activate|p2a: Scream Tail|move: Protect\n|\n|-heal|p2a: Scream Tail|92/100|[from] move: Wish|[wisher] Scream Tail\n|-heal|p2a: Scream Tail|98/100|[from] item: Leftovers\n|-damage|p1a: Meowscarada|123/247 brn|[from] brn\n|upkeep\n|turn|37\n|inactive|Time left: 300 sec this turn | 300 sec total\n|\n|t:|1783542686\n|move|p1a: Meowscarada|Triple Axel|p2a: Scream Tail\n|-damage|p2a: Scream Tail|94/100\n|-damage|p2a: Scream Tail|86/100\n|-damage|p2a: Scream Tail|73/100\n|-hitcount|p2a: Scream Tail|3\n|move|p2a: Scream Tail|Wish|p2a: Scream Tail\n|\n|-heal|p2a: Scream Tail|79/100|[from] item: Leftovers\n|-damage|p1a: Meowscarada|108/247 brn|[from] brn\n|upkeep\n|turn|38\n|inactive|Time left: 300 sec this turn | 300 sec total\n|\n|t:|1783542687\n|move|p1a: Meowscarada|Triple Axel|p2a: Scream Tail\n|-damage|p2a: Scream Tail|75/100\n|-damage|p2a: Scream Tail|66/100\n|-damage|p2a: Scream Tail|52/100\n|-hitcount|p2a: Scream Tail|3\n|move|p2a: Scream Tail|Play Rough|p1a: Meowscarada\n|-damage|p1a: Meowscarada|21/247 brn\n|\n|-heal|p2a: Scream Tail|100/100|[from] move: Wish|[wisher] Scream Tail\n|-damage|p1a: Meowscarada|6/247 brn|[from] brn\n|upkeep\n|turn|39\n|inactive|Time left: 300 sec this turn | 300 sec total\n|\n|t:|1783542688\n|switch|p1a: Dipplin|Dipplin, L88, M|260/284\n|move|p2a: Scream Tail|Wish|p2a: Scream Tail\n|\n|upkeep\n|turn|40\n|inactive|Time left: 300 sec this turn | 300 sec total\n|\n|t:|1783542689\n|-end|p2a: Scream Tail|Protosynthesis|[silent]\n|switch|p2a: Ting-Lu|Ting-Lu, L78|65/100\n|-ability|p2a: Ting-Lu|Vessel of Ruin\n|move|p1a: Dipplin|Dragon Tail|p2a: Ting-Lu\n|-damage|p2a: Ting-Lu|51/100\n|drag|p2a: Scream Tail|Scream Tail, L84|100/100\n|\n|upkeep\n|turn|41\n|inactive|Time left: 300 sec this turn | 300 sec total\n|\n|t:|1783542690\n|move|p2a: Scream Tail|Wish|p2a: Scream Tail\n|move|p1a: Dipplin|Giga Drain|p2a: Scream Tail\n|-damage|p2a: Scream Tail|80/100\n|-heal|p1a: Dipplin|284/284|[from] drain|[of] p2a: Scream Tail\n|\n|-heal|p2a: Scream Tail|86/100|[from] item: Leftovers\n|upkeep\n|turn|42\n|inactive|Time left: 300 sec this turn | 300 sec total\n|\n|t:|1783542691\n|-end|p2a: Scream Tail|Protosynthesis|[silent]\n|switch|p2a: Ting-Lu|Ting-Lu, L78|51/100\n|-ability|p2a: Ting-Lu|Vessel of Ruin\n|move|p1a: Dipplin|Giga Drain|p2a: Ting-Lu\n|-supereffective|p2a: Ting-Lu\n|-damage|p2a: Ting-Lu|10/100\n|\n|-heal|p2a: Ting-Lu|55/100|[from] move: Wish|[wisher] Scream Tail\n|upkeep\n|turn|43\n|inactive|Time left: 300 sec this turn | 300 sec total\n|\n|t:|1783542692\n|move|p1a: Dipplin|Giga Drain|p2a: Ting-Lu\n|-supereffective|p2a: Ting-Lu\n|-damage|p2a: Ting-Lu|15/100\n|move|p2a: Ting-Lu|Stealth Rock|p1a: Dipplin\n|-sidestart|p1: p0x308178d|move: Stealth Rock\n|\n|upkeep\n|turn|44\n|inactive|Time left: 300 sec this turn | 300 sec total\n|\n|t:|1783542693\n|switch|p2a: Scream Tail|Scream Tail, L84|86/100\n|move|p1a: Dipplin|Giga Drain|p2a: Scream Tail\n|-damage|p2a: Scream Tail|64/100\n|\n|-heal|p2a: Scream Tail|70/100|[from] item: Leftovers\n|upkeep\n|turn|45\n|inactive|Time left: 300 sec this turn | 300 sec total\n|\n|t:|1783542694\n|move|p2a: Scream Tail|Wish|p2a: Scream Tail\n|move|p1a: Dipplin|Recover||[still]\n|-fail|p1a: Dipplin|heal\n|\n|-heal|p2a: Scream Tail|77/100|[from] item: Leftovers\n|upkeep\n|turn|46\n|inactive|Time left: 300 sec this turn | 300 sec total\n|\n|t:|1783542695\n|move|p2a: Scream Tail|Encore|p1a: Dipplin\n|-start|p1a: Dipplin|Encore\n|move|p1a: Dipplin|Recover||[still]\n|-fail|p1a: Dipplin|heal\n|\n|-heal|p2a: Scream Tail|100/100|[from] move: Wish|[wisher] Scream Tail\n|upkeep\n|turn|47\n|inactive|Time left: 300 sec this turn | 300 sec total\n|\n|t:|1783542696\n|-end|p2a: Scream Tail|Protosynthesis|[silent]\n|switch|p2a: Chi-Yu|Chi-Yu, L77|100/100\n|-ability|p2a: Chi-Yu|Beads of Ruin\n|switch|p1a: Dedenne|Dedenne, L88, M|261/261\n|-damage|p1a: Dedenne|229/261|[from] Stealth Rock\n|\n|upkeep\n|turn|48\n|inactive|Time left: 300 sec this turn | 300 sec total\n|\n|t:|1783542697\n|move|p1a: Dedenne|Nuzzle|p2a: Chi-Yu\n|-damage|p2a: Chi-Yu|91/100\n|-status|p2a: Chi-Yu|par\n|move|p2a: Chi-Yu|Fire Blast|p1a: Dedenne\n|-damage|p1a: Dedenne|45/261\n|-enditem|p1a: Dedenne|Sitrus Berry|[eat]\n|-heal|p1a: Dedenne|110/261|[from] item: Sitrus Berry\n|-heal|p1a: Dedenne|197/261|[from] ability: Cheek Pouch\n|\n|upkeep\n|turn|49\n|inactive|Time left: 300 sec this turn | 300 sec total\n|\n|t:|1783542698\n|move|p1a: Dedenne|Super Fang|p2a: Chi-Yu\n|-damage|p2a: Chi-Yu|46/100 par\n|move|p2a: Chi-Yu|Fire Blast|p1a: Dedenne|[miss]\n|-miss|p2a: Chi-Yu|p1a: Dedenne\n|\n|upkeep\n|turn|50\n|inactive|Time left: 300 sec this turn | 300 sec total\n|\n|t:|1783542699\n|move|p1a: Dedenne|Thunderbolt|p2a: Chi-Yu\n|-damage|p2a: Chi-Yu|10/100 par\n|move|p2a: Chi-Yu|Fire Blast|p1a: Dedenne\n|-damage|p1a: Dedenne|0 fnt\n|faint|p1a: Dedenne\n|\n|upkeep\n|inactive|Time left: 300 sec this turn | 300 sec total | 5 sec grace\n|\n|t:|1783542700\n|switch|p1a: Dipplin|Dipplin, L88, M|284/284\n|-damage|p1a: Dipplin|249/284|[from] Stealth Rock\n|turn|51\n|inactive|Time left: 300 sec this turn | 300 sec total\n|\n|t:|1783542701\n|switch|p2a: Scream Tail|Scream Tail, L84|100/100\n|move|p1a: Dipplin|Giga Drain|p2a: Scream Tail\n|-damage|p2a: Scream Tail|79/100\n|-heal|p1a: Dipplin|284/284|[from] drain|[of] p2a: Scream Tail\n|\n|-heal|p2a: Scream Tail|85/100|[from] item: Leftovers\n|upkeep\n|turn|52\n|inactive|Time left: 300 sec this turn | 300 sec total\n|\n|t:|1783542702\n|move|p2a: Scream Tail|Encore||[still]\n|-fail|p2a: Scream Tail\n|move|p1a: Dipplin|Dragon Tail|p2a: Scream Tail\n|-immune|p2a: Scream Tail\n|\n|-heal|p2a: Scream Tail|91/100|[from] item: Leftovers\n|upkeep\n|turn|53\n|inactive|Time left: 300 sec this turn | 300 sec total\n|\n|t:|1783542703\n|move|p2a: Scream Tail|Encore|p1a: Dipplin\n|-start|p1a: Dipplin|Encore\n|move|p1a: Dipplin|Dragon Tail|p2a: Scream Tail\n|-immune|p2a: Scream Tail\n|\n|-heal|p2a: Scream Tail|97/100|[from] item: Leftovers\n|upkeep\n|turn|54\n|inactive|Time left: 300 sec this turn | 300 sec total\n|\n|t:|1783542704\n|move|p2a: Scream Tail|Wish|p2a: Scream Tail\n|move|p1a: Dipplin|Dragon Tail|p2a: Scream Tail\n|-immune|p2a: Scream Tail\n|\n|-heal|p2a: Scream Tail|100/100|[from] item: Leftovers\n|upkeep\n|turn|55\n|inactive|Time left: 300 sec this turn | 300 sec total\n|\n|t:|1783542705\n|-end|p2a: Scream Tail|Protosynthesis|[silent]\n|switch|p2a: Indeedee|Indeedee-F, L90, F|100/100\n|-fieldstart|move: Psychic Terrain|[from] ability: Psychic Surge|[of] p2a: Indeedee\n|move|p1a: Dipplin|Dragon Tail|p2a: Indeedee\n|-damage|p2a: Indeedee|76/100\n|drag|p2a: Ting-Lu|Ting-Lu, L78|15/100\n|-ability|p2a: Ting-Lu|Vessel of Ruin\n|\n|-heal|p2a: Ting-Lu|60/100|[from] move: Wish|[wisher] Scream Tail\n|-end|p1a: Dipplin|Encore\n|upkeep\n|turn|56\n|inactive|Time left: 300 sec this turn | 300 sec total\n|\n|t:|1783542706\n|switch|p2a: Scream Tail|Scream Tail, L84|100/100\n|move|p1a: Dipplin|Dragon Pulse|p2a: Scream Tail\n|-immune|p2a: Scream Tail\n|\n|upkeep\n|turn|57\n|inactive|Time left: 300 sec this turn | 300 sec total\n|\n|t:|1783542707\n|move|p2a: Scream Tail|Wish|p2a: Scream Tail\n|move|p1a: Dipplin|Dragon Tail|p2a: Scream Tail\n|-immune|p2a: Scream Tail\n|\n|upkeep\n|turn|58\n|inactive|Time left: 300 sec this turn | 300 sec total\n|\n|t:|1783542708\n|-end|p2a: Scream Tail|Protosynthesis|[silent]\n|switch|p2a: Indeedee|Indeedee-F, L90, F|76/100\n|move|p1a: Dipplin|Dragon Pulse|p2a: Indeedee\n|-damage|p2a: Indeedee|45/100\n|\n|-heal|p2a: Indeedee|100/100|[from] move: Wish|[wisher] Scream Tail\n|upkeep\n|turn|59\n|inactive|Time left: 300 sec this turn | 300 sec total\n|\n|t:|1783542709\n|move|p2a: Indeedee|Dazzling Gleam|p1a: Dipplin\n|-supereffective|p1a: Dipplin\n|-crit|p1a: Dipplin\n|-damage|p1a: Dipplin|98/284\n|move|p1a: Dipplin|Dragon Pulse|p2a: Indeedee\n|-damage|p2a: Indeedee|70/100\n|\n|-fieldend|move: Psychic Terrain\n|upkeep\n|turn|60\n|inactive|Time left: 300 sec this turn | 300 sec total\n|\n|t:|1783542710\n|move|p2a: Indeedee|Dazzling Gleam|p1a: Dipplin\n|-supereffective|p1a: Dipplin\n|-damage|p1a: Dipplin|0 fnt\n|faint|p1a: Dipplin\n|\n|upkeep\n|inactive|Time left: 300 sec this turn | 300 sec total | 5 sec grace\n|\n|t:|1783542711\n|switch|p1a: Meowscarada|Meowscarada, L78, M|6/247 brn\n|-damage|p1a: Meowscarada|0 fnt|[from] Stealth Rock\n|faint|p1a: Meowscarada\n|inactive|Time left: 300 sec this turn | 300 sec total | 10 sec grace\n|\n|t:|1783542712\n|switch|p1a: Zangoose|Zangoose, L85, M|18/263 tox\n|-damage|p1a: Zangoose|0 fnt|[from] Stealth Rock\n|faint|p1a: Zangoose\n|\n|win|p0y3081eb8", "uploadtime": 1783542712, "views": 0, "rating": 0, "private": 0, "password": null, "_winner": "p0y3081eb8", "_our_name": "p0x308178d"}