{"id": "battle-gen9randombattle-1035", "formatid": "gen9randombattle", "format": "[Gen 9] Random Battle", "players": ["p0x1035ee10", "p0y1035124a"], "log": "|init|battle\n|title|p0x1035ee10 vs. p0y1035124a\n|j|\u2606p0x1035ee10\n|j|\u2606p0y1035124a\n|t:|1783551183\n|gametype|singles\n|player|p1|p0x1035ee10|169|\n|player|p2|p0y1035124a|1|\n|gen|9\n|tier|[Gen 9] Random Battle\n|rule|Species Clause: Limit one of each Pok\u00e9mon\n|rule|HP Percentage Mod: HP is shown in percentages\n|rule|Sleep Clause Mod: Limit one foe put to sleep\n|rule|Illusion Level Mod: Illusion disguises the Pok\u00e9mon's true level\n|\n|t:|1783551183\n|teamsize|p1|6\n|teamsize|p2|6\n|start\n|switch|p1a: Toxtricity|Toxtricity, L82, M|100/100\n|switch|p2a: Moltres|Moltres-Galar, L79|271/271\n|turn|1\n|inactive|Battle timer is ON: inactive players will automatically lose when time's up. (requested by p0x1035ee10)\n|inactive|Time left: 300 sec this turn | 300 sec total | 60 sec grace\n|inactive|p0y1035124a also wants the timer to be on.\n|\n|t:|1783551185\n|move|p1a: Toxtricity|Boomburst|p2a: Moltres\n|-damage|p2a: Moltres|154/271\n|move|p2a: Moltres|Fiery Wrath|p1a: Toxtricity\n|-damage|p1a: Toxtricity|60/100\n|\n|upkeep\n|turn|2\n|inactive|Time left: 300 sec this turn | 300 sec total\n|\n|t:|1783551186\n|switch|p2a: Electrode|Electrode-Hisui, L87|246/246\n|move|p1a: Toxtricity|Boomburst|p2a: Electrode\n|-immune|p2a: Electrode|[from] ability: Soundproof\n|\n|upkeep\n|turn|3\n|inactive|Time left: 300 sec this turn | 300 sec total\n|\n|t:|1783551187\n|move|p2a: Electrode|Leech Seed|p1a: Toxtricity\n|-start|p1a: Toxtricity|move: Leech Seed\n|move|p1a: Toxtricity|Boomburst|p2a: Electrode\n|-immune|p2a: Electrode|[from] ability: Soundproof\n|\n|-damage|p1a: Toxtricity|48/100|[from] Leech Seed|[of] p2a: Electrode\n|upkeep\n|turn|4\n|inactive|Time left: 300 sec this turn | 300 sec total\n|\n|t:|1783551188\n|switch|p1a: Trevenant|Trevenant, L89, F|100/100\n|move|p2a: Electrode|Thunderbolt|p1a: Trevenant\n|-resisted|p1a: Trevenant\n|-damage|p1a: Trevenant|86/100\n|\n|upkeep\n|turn|5\n|inactive|Time left: 300 sec this turn | 300 sec total\n|\n|t:|1783551190\n|move|p2a: Electrode|Substitute|p2a: Electrode\n|-start|p2a: Electrode|Substitute\n|-damage|p2a: Electrode|185/246\n|move|p1a: Trevenant|Poltergeist|p2a: Electrode\n|-activate|p2a: Electrode|move: Poltergeist|Leftovers\n|-end|p2a: Electrode|Substitute\n|-damage|p1a: Trevenant|76/100|[from] item: Life Orb\n|\n|-heal|p2a: Electrode|200/246|[from] item: Leftovers\n|upkeep\n|turn|6\n|inactive|Time left: 300 sec this turn | 300 sec total\n|\n|t:|1783551191\n|switch|p2a: Moltres|Moltres-Galar, L79|154/271\n|move|p1a: Trevenant|Poltergeist|p2a: Moltres|[miss]\n|-miss|p1a: Trevenant|p2a: Moltres\n|\n|upkeep\n|turn|7\n|inactive|Time left: 300 sec this turn | 300 sec total\n|\n|t:|1783551192\n|switch|p1a: Toxtricity|Toxtricity, L82, M|48/100\n|move|p2a: Moltres|Hurricane|p1a: Toxtricity|[miss]\n|-miss|p2a: Moltres|p1a: Toxtricity\n|\n|upkeep\n|turn|8\n|inactive|Time left: 300 sec this turn | 300 sec total\n|\n|t:|1783551193\n|move|p1a: Toxtricity|Overdrive|p2a: Moltres\n|-supereffective|p2a: Moltres\n|-damage|p2a: Moltres|0 fnt\n|faint|p2a: Moltres\n|\n|upkeep\n|inactive|Time left: 300 sec this turn | 300 sec total | 5 sec grace\n|\n|t:|1783551194\n|switch|p2a: Dugtrio|Dugtrio-Alola, L84, M|196/196\n|turn|9\n|inactive|Time left: 300 sec this turn | 300 sec total\n|\n|t:|1783551195\n|switch|p1a: Braviary|Braviary-Hisui, L85, M|100/100\n|move|p2a: Dugtrio|Stealth Rock|p1a: Braviary\n|-sidestart|p1: p0x1035ee10|move: Stealth Rock\n|\n|upkeep\n|turn|10\n|inactive|Time left: 300 sec this turn | 300 sec total\n|\n|t:|1783551196\n|move|p2a: Dugtrio|Iron Head|p1a: Braviary\n|-damage|p1a: Braviary|60/100\n|-damage|p2a: Dugtrio|177/196|[from] item: Life Orb\n|move|p1a: Braviary|Esper Wing|p2a: Dugtrio\n|-resisted|p2a: Dugtrio\n|-damage|p2a: Dugtrio|7/196\n|-boost|p1a: Braviary|spe|1\n|\n|upkeep\n|turn|11\n|inactive|Time left: 300 sec this turn | 300 sec total\n|\n|t:|1783551197\n|move|p2a: Dugtrio|Sucker Punch|p1a: Braviary\n|-supereffective|p1a: Braviary\n|-damage|p1a: Braviary|13/100\n|-damage|p2a: Dugtrio|0 fnt|[from] item: Life Orb\n|faint|p2a: Dugtrio\n|move|p1a: Braviary|Esper Wing|p2: Dugtrio|[notarget]\n|-fail|p1a: Braviary\n|\n|upkeep\n|inactive|Time left: 300 sec this turn | 300 sec total | 5 sec grace\n|\n|t:|1783551198\n|switch|p2a: Gothitelle|Gothitelle, L90, F|272/272\n|turn|12\n|inactive|Time left: 300 sec this turn | 300 sec total\n|\n|t:|1783551199\n|move|p2a: Gothitelle|Psychic|p1a: Braviary\n|-resisted|p1a: Braviary\n|-damage|p1a: Braviary|0 fnt\n|faint|p1a: Braviary\n|\n|upkeep\n|\n|t:|1783551200\n|switch|p1a: Trevenant|Trevenant, L89, F|76/100\n|-damage|p1a: Trevenant|64/100|[from] Stealth Rock\n|turn|13\n|inactive|Time left: 300 sec this turn | 300 sec total\n|\n|t:|1783551201\n|move|p2a: Gothitelle|Psychic|p1a: Trevenant\n|-damage|p1a: Trevenant|27/100\n|-unboost|p1a: Trevenant|spd|1\n|move|p1a: Trevenant|Poltergeist|p2a: Gothitelle\n|-activate|p2a: Gothitelle|move: Poltergeist|Choice Scarf\n|-supereffective|p2a: Gothitelle\n|-damage|p2a: Gothitelle|0 fnt\n|faint|p2a: Gothitelle\n|-damage|p1a: Trevenant|17/100|[from] item: Life Orb\n|\n|upkeep\n|inactive|Time left: 300 sec this turn | 300 sec total | 5 sec grace\n|\n|t:|1783551202\n|switch|p2a: Electrode|Electrode-Hisui, L87|200/246\n|turn|14\n|inactive|Time left: 300 sec this turn | 300 sec total\n|\n|t:|1783551203\n|switch|p1a: Duraludon|Duraludon, L82, M|100/100\n|-damage|p1a: Duraludon|94/100|[from] Stealth Rock\n|move|p2a: Electrode|Giga Drain|p1a: Duraludon\n|-resisted|p1a: Duraludon\n|-damage|p1a: Duraludon|86/100\n|-heal|p2a: Electrode|210/246|[from] drain|[of] p1a: Duraludon\n|\n|-heal|p2a: Electrode|225/246|[from] item: Leftovers\n|upkeep\n|turn|15\n|inactive|Time left: 300 sec this turn | 300 sec total\n|\n|t:|1783551205\n|move|p2a: Electrode|Leech Seed|p1a: Duraludon\n|-start|p1a: Duraludon|move: Leech Seed\n|move|p1a: Duraludon|Dragon Tail|p2a: Electrode\n|-damage|p2a: Electrode|152/246\n|drag|p2a: Feraligatr|Feraligatr, L79, F|264/264\n|\n|-damage|p1a: Duraludon|74/100|[from] Leech Seed|[of] p2a: Feraligatr\n|upkeep\n|turn|16\n|inactive|Time left: 300 sec this turn | 300 sec total\n|\n|t:|1783551206\n|switch|p1a: Volcanion|Volcanion, L79|100/100\n|move|p2a: Feraligatr|Dragon Dance|p2a: Feraligatr\n|-boost|p2a: Feraligatr|atk|1\n|-boost|p2a: Feraligatr|spe|1\n|\n|upkeep\n|turn|17\n|inactive|Time left: 300 sec this turn | 300 sec total\n|\n|t:|1783551207\n|move|p2a: Feraligatr|Dragon Dance|p2a: Feraligatr\n|-boost|p2a: Feraligatr|atk|1\n|-boost|p2a: Feraligatr|spe|1\n|move|p1a: Volcanion|Steam Eruption|p2a: Feraligatr\n|-resisted|p2a: Feraligatr\n|-damage|p2a: Feraligatr|192/264\n|\n|upkeep\n|turn|18\n|inactive|Time left: 300 sec this turn | 300 sec total\n|\n|t:|1783551208\n|move|p2a: Feraligatr|Trailblaze|p1a: Volcanion\n|-damage|p1a: Volcanion|65/100\n|move|p1a: Volcanion|Haze|p1a: Volcanion\n|-clearallboost\n|\n|upkeep\n|turn|19\n|inactive|Time left: 300 sec this turn | 300 sec total\n|\n|t:|1783551209\n|move|p2a: Feraligatr|Dragon Dance|p2a: Feraligatr\n|-boost|p2a: Feraligatr|atk|1\n|-boost|p2a: Feraligatr|spe|1\n|move|p1a: Volcanion|Flamethrower|p2a: Feraligatr\n|-resisted|p2a: Feraligatr\n|-damage|p2a: Feraligatr|129/264\n|\n|upkeep\n|turn|20\n|inactive|Time left: 300 sec this turn | 300 sec total\n|\n|t:|1783551210\n|move|p2a: Feraligatr|Dragon Dance|p2a: Feraligatr\n|-boost|p2a: Feraligatr|atk|1\n|-boost|p2a: Feraligatr|spe|1\n|move|p1a: Volcanion|Flamethrower|p2a: Feraligatr\n|-resisted|p2a: Feraligatr\n|-damage|p2a: Feraligatr|65/264\n|\n|upkeep\n|turn|21\n|inactive|Time left: 300 sec this turn | 300 sec total\n|\n|t:|1783551211\n|move|p2a: Feraligatr|Trailblaze|p1a: Volcanion\n|-damage|p1a: Volcanion|28/100\n|move|p1a: Volcanion|Steam Eruption|p2a: Feraligatr\n|-resisted|p2a: Feraligatr\n|-damage|p2a: Feraligatr|0 fnt\n|faint|p2a: Feraligatr\n|\n|upkeep\n|inactive|Time left: 300 sec this turn | 300 sec total | 5 sec grace\n|\n|t:|1783551211\n|switch|p2a: Electrode|Electrode-Hisui, L87|152/246\n|turn|22\n|inactive|Time left: 300 sec this turn | 300 sec total\n|\n|t:|1783551212\n|switch|p1a: Walking Wake|Walking Wake, L79|100/100\n|-damage|p1a: Walking Wake|88/100|[from] Stealth Rock\n|move|p2a: Electrode|Giga Drain|p1a: Walking Wake\n|-damage|p1a: Walking Wake|59/100\n|-heal|p2a: Electrode|194/246|[from] drain|[of] p1a: Walking Wake\n|\n|-heal|p2a: Electrode|209/246|[from] item: Leftovers\n|upkeep\n|turn|23\n|inactive|Time left: 300 sec this turn | 300 sec total\n|\n|t:|1783551213\n|move|p2a: Electrode|Substitute|p2a: Electrode\n|-start|p2a: Electrode|Substitute\n|-damage|p2a: Electrode|148/246\n|move|p1a: Walking Wake|Flamethrower|p2a: Electrode\n|-supereffective|p2a: Electrode\n|-end|p2a: Electrode|Substitute\n|\n|-heal|p2a: Electrode|163/246|[from] item: Leftovers\n|upkeep\n|turn|24\n|inactive|Time left: 300 sec this turn | 300 sec total\n|\n|t:|1783551213\n|-terastallize|p2a: Electrode|Poison\n|-terastallize|p1a: Walking Wake|Fire\n|move|p2a: Electrode|Giga Drain|p1a: Walking Wake\n|-resisted|p1a: Walking Wake\n|-damage|p1a: Walking Wake|45/100\n|-heal|p2a: Electrode|183/246|[from] drain|[of] p1a: Walking Wake\n|move|p1a: Walking Wake|Flamethrower|p2a: Electrode\n|-damage|p2a: Electrode|24/246\n|\n|-heal|p2a: Electrode|39/246|[from] item: Leftovers\n|upkeep\n|turn|25\n|inactive|Time left: 300 sec this turn | 300 sec total\n|\n|t:|1783551214\n|move|p2a: Electrode|Thunderbolt|p1a: Walking Wake\n|-damage|p1a: Walking Wake|9/100\n|-status|p1a: Walking Wake|par\n|move|p1a: Walking Wake|Flamethrower|p2a: Electrode\n|-damage|p2a: Electrode|0 fnt\n|faint|p2a: Electrode\n|\n|upkeep\n|inactive|Time left: 300 sec this turn | 300 sec total | 5 sec grace\n|\n|t:|1783551215\n|switch|p2a: Slither Wing|Slither Wing, L81|270/270\n|turn|26\n|inactive|Time left: 300 sec this turn | 300 sec total\n|\n|t:|1783551216\n|move|p2a: Slither Wing|Wild Charge|p1a: Walking Wake\n|-damage|p1a: Walking Wake|0 fnt\n|faint|p1a: Walking Wake\n|-end|p1a: Walking Wake|Protosynthesis|[silent]\n|-damage|p2a: Slither Wing|264/270|[from] Recoil\n|-damage|p2a: Slither Wing|237/270|[from] item: Life Orb\n|\n|upkeep\n|\n|t:|1783551216\n|switch|p1a: Duraludon|Duraludon, L82, M|74/100\n|-damage|p1a: Duraludon|68/100|[from] Stealth Rock\n|turn|27\n|inactive|Time left: 300 sec this turn | 300 sec total\n|\n|t:|1783551217\n|move|p2a: Slither Wing|First Impression||[still]\n|-hint|First Impression only works on your first turn out.\n|-fail|p2a: Slither Wing\n|move|p1a: Duraludon|Draco Meteor|p2a: Slither Wing\n|-damage|p2a: Slither Wing|99/270\n|-unboost|p1a: Duraludon|spa|2\n|\n|upkeep\n|turn|28\n|inactive|Time left: 300 sec this turn | 300 sec total\n|\n|t:|1783551218\n|move|p2a: Slither Wing|First Impression||[still]\n|-hint|First Impression only works on your first turn out.\n|-fail|p2a: Slither Wing\n|move|p1a: Duraludon|Draco Meteor|p2a: Slither Wing\n|-damage|p2a: Slither Wing|30/270\n|-unboost|p1a: Duraludon|spa|2\n|\n|upkeep\n|turn|29\n|inactive|Time left: 300 sec this turn | 300 sec total\n|\n|t:|1783551219\n|switch|p1a: Volcanion|Volcanion, L79|28/100\n|move|p2a: Slither Wing|First Impression||[still]\n|-hint|First Impression only works on your first turn out.\n|-fail|p2a: Slither Wing\n|\n|upkeep\n|turn|30\n|inactive|Time left: 300 sec this turn | 300 sec total\n|\n|t:|1783551220\n|move|p2a: Slither Wing|Close Combat|p1a: Volcanion\n|-damage|p1a: Volcanion|0 fnt\n|-unboost|p2a: Slither Wing|def|1\n|-unboost|p2a: Slither Wing|spd|1\n|faint|p1a: Volcanion\n|-damage|p2a: Slither Wing|3/270|[from] item: Life Orb\n|\n|upkeep\n|\n|t:|1783551221\n|switch|p1a: Duraludon|Duraludon, L82, M|68/100\n|-damage|p1a: Duraludon|62/100|[from] Stealth Rock\n|turn|31\n|inactive|Time left: 300 sec this turn | 300 sec total\n|\n|t:|1783551222\n|switch|p1a: Trevenant|Trevenant, L89, F|17/100\n|-damage|p1a: Trevenant|5/100|[from] Stealth Rock\n|move|p2a: Slither Wing|Close Combat|p1a: Trevenant\n|-immune|p1a: Trevenant\n|\n|upkeep\n|turn|32\n|inactive|Time left: 300 sec this turn | 300 sec total\n|\n|t:|1783551223\n|move|p2a: Slither Wing|Wild Charge|p1a: Trevenant\n|-resisted|p1a: Trevenant\n|-damage|p1a: Trevenant|0 fnt\n|faint|p1a: Trevenant\n|-damage|p2a: Slither Wing|0 fnt|[from] Recoil\n|faint|p2a: Slither Wing\n|-end|p2a: Slither Wing|Protosynthesis|[silent]\n|\n|win|p0x1035ee10", "uploadtime": 1783551223, "views": 0, "rating": 0, "private": 0, "password": null, "_winner": "p0x1035ee10", "_our_name": "p0y1035124a"}