{"id": "battle-gen9randombattle-1847", "formatid": "gen9randombattle", "format": "[Gen 9] Random Battle", "players": ["p0x1847db4b", "p0y1847a407"], "log": "|init|battle\n|title|p0x1847db4b vs. p0y1847a407\n|j|\u2606p0x1847db4b\n|j|\u2606p0y1847a407\n|t:|1783561402\n|gametype|singles\n|player|p1|p0x1847db4b|2|\n|player|p2|p0y1847a407|101|\n|gen|9\n|tier|[Gen 9] Random Battle\n|rule|Species Clause: Limit one of each Pok\u00e9mon\n|rule|HP Percentage Mod: HP is shown in percentages\n|rule|Sleep Clause Mod: Limit one foe put to sleep\n|rule|Illusion Level Mod: Illusion disguises the Pok\u00e9mon's true level\n|\n|t:|1783561402\n|teamsize|p1|6\n|teamsize|p2|6\n|start\n|switch|p1a: Carbink|Carbink, L90|100/100\n|switch|p2a: Gallade|Gallade, L80, M|240/240\n|turn|1\n|inactive|Battle timer is ON: inactive players will automatically lose when time's up. (requested by p0y1847a407)\n|inactive|p0x1847db4b also wants the timer to be on.\n|\n|t:|1783561403\n|move|p2a: Gallade|Leaf Blade|p1a: Carbink\n|-supereffective|p1a: Carbink\n|-damage|p1a: Carbink|43/100\n|move|p1a: Carbink|Moonblast|p2a: Gallade\n|-supereffective|p2a: Gallade\n|-damage|p2a: Gallade|114/240\n|-unboost|p2a: Gallade|spa|1\n|\n|upkeep\n|turn|2\n|inactive|Time left: 300 sec this turn | 300 sec total\n|\n|t:|1783561405\n|switch|p1a: Brambleghast|Brambleghast, L88, F|100/100\n|move|p2a: Gallade|Leaf Blade|p1a: Brambleghast\n|-resisted|p1a: Brambleghast\n|-damage|p1a: Brambleghast|77/100\n|\n|-heal|p1a: Brambleghast|83/100|[from] item: Leftovers\n|upkeep\n|turn|3\n|inactive|Time left: 300 sec this turn | 300 sec total\n|\n|t:|1783561406\n|switch|p2a: Wo-Chien|Wo-Chien, L83|277/277\n|-ability|p2a: Wo-Chien|Tablets of Ruin\n|move|p1a: Brambleghast|Power Whip|p2a: Wo-Chien\n|-resisted|p2a: Wo-Chien\n|-damage|p2a: Wo-Chien|223/277\n|\n|-heal|p1a: Brambleghast|90/100|[from] item: Leftovers\n|-heal|p2a: Wo-Chien|240/277|[from] item: Leftovers\n|upkeep\n|turn|4\n|inactive|Time left: 300 sec this turn | 300 sec total\n|\n|t:|1783561406\n|move|p1a: Brambleghast|Substitute|p1a: Brambleghast\n|-start|p1a: Brambleghast|Substitute\n|-damage|p1a: Brambleghast|65/100\n|move|p2a: Wo-Chien|Knock Off|p1a: Brambleghast\n|-supereffective|p1a: Brambleghast\n|-end|p1a: Brambleghast|Substitute\n|\n|-heal|p1a: Brambleghast|71/100|[from] item: Leftovers\n|-heal|p2a: Wo-Chien|257/277|[from] item: Leftovers\n|upkeep\n|turn|5\n|inactive|Time left: 300 sec this turn | 300 sec total\n|\n|t:|1783561407\n|move|p1a: Brambleghast|Substitute|p1a: Brambleghast\n|-start|p1a: Brambleghast|Substitute\n|-damage|p1a: Brambleghast|46/100\n|move|p2a: Wo-Chien|Knock Off|p1a: Brambleghast\n|-supereffective|p1a: Brambleghast\n|-end|p1a: Brambleghast|Substitute\n|\n|-heal|p1a: Brambleghast|52/100|[from] item: Leftovers\n|-heal|p2a: Wo-Chien|274/277|[from] item: Leftovers\n|upkeep\n|turn|6\n|inactive|Time left: 300 sec this turn | 300 sec total\n|\n|t:|1783561408\n|move|p1a: Brambleghast|Substitute|p1a: Brambleghast\n|-start|p1a: Brambleghast|Substitute\n|-damage|p1a: Brambleghast|27/100\n|move|p2a: Wo-Chien|Knock Off|p1a: Brambleghast\n|-supereffective|p1a: Brambleghast\n|-end|p1a: Brambleghast|Substitute\n|\n|-heal|p1a: Brambleghast|33/100|[from] item: Leftovers\n|-heal|p2a: Wo-Chien|277/277|[from] item: Leftovers\n|upkeep\n|turn|7\n|inactive|Time left: 300 sec this turn | 300 sec total\n|\n|t:|1783561409\n|move|p1a: Brambleghast|Substitute|p1a: Brambleghast\n|-start|p1a: Brambleghast|Substitute\n|-damage|p1a: Brambleghast|8/100\n|move|p2a: Wo-Chien|Knock Off|p1a: Brambleghast\n|-supereffective|p1a: Brambleghast\n|-end|p1a: Brambleghast|Substitute\n|\n|-heal|p1a: Brambleghast|15/100|[from] item: Leftovers\n|upkeep\n|turn|8\n|inactive|Time left: 300 sec this turn | 300 sec total\n|\n|t:|1783561410\n|switch|p1a: Carbink|Carbink, L90|43/100\n|move|p2a: Wo-Chien|Knock Off|p1a: Carbink\n|-resisted|p1a: Carbink\n|-damage|p1a: Carbink|31/100\n|-enditem|p1a: Carbink|Chesto Berry|[from] move: Knock Off|[of] p2a: Wo-Chien\n|\n|upkeep\n|turn|9\n|inactive|Time left: 300 sec this turn | 300 sec total\n|\n|t:|1783561411\n|move|p2a: Wo-Chien|Leech Seed|p1a: Carbink\n|-start|p1a: Carbink|move: Leech Seed\n|move|p1a: Carbink|Iron Defense|p1a: Carbink\n|-boost|p1a: Carbink|def|2\n|\n|-damage|p1a: Carbink|19/100|[from] Leech Seed|[of] p2a: Wo-Chien\n|upkeep\n|turn|10\n|inactive|Time left: 300 sec this turn | 300 sec total\n|\n|t:|1783561412\n|move|p2a: Wo-Chien|Protect|p2a: Wo-Chien\n|-singleturn|p2a: Wo-Chien|Protect\n|move|p1a: Carbink|Body Press|p2a: Wo-Chien\n|-activate|p2a: Wo-Chien|move: Protect\n|\n|-damage|p1a: Carbink|7/100|[from] Leech Seed|[of] p2a: Wo-Chien\n|upkeep\n|turn|11\n|inactive|Time left: 300 sec this turn | 300 sec total\n|\n|t:|1783561413\n|switch|p2a: Okidogi|Okidogi, L77, M|262/262\n|move|p1a: Carbink|Rest|p1a: Carbink\n|-status|p1a: Carbink|slp|[from] move: Rest\n|-heal|p1a: Carbink|100/100 slp|[silent]\n|\n|-damage|p1a: Carbink|88/100 slp|[from] Leech Seed|[of] p2a: Okidogi\n|upkeep\n|turn|12\n|inactive|Time left: 300 sec this turn | 300 sec total\n|\n|t:|1783561414\n|switch|p1a: Weezing|Weezing-Galar, L86, M|100/100\n|move|p2a: Okidogi|Knock Off|p1a: Weezing\n|-resisted|p1a: Weezing\n|-damage|p1a: Weezing|89/100\n|-enditem|p1a: Weezing|Leftovers|[from] move: Knock Off|[of] p2a: Okidogi\n|\n|upkeep\n|turn|13\n|inactive|Time left: 300 sec this turn | 300 sec total\n|\n|t:|1783561415\n|move|p2a: Okidogi|Gunk Shot|p1a: Weezing\n|-damage|p1a: Weezing|46/100\n|move|p1a: Weezing|Strange Steam|p2a: Okidogi\n|-damage|p2a: Okidogi|196/262\n|\n|upkeep\n|turn|14\n|inactive|Time left: 300 sec this turn | 300 sec total\n|\n|t:|1783561416\n|move|p2a: Okidogi|Gunk Shot|p1a: Weezing|[miss]\n|-miss|p2a: Okidogi|p1a: Weezing\n|move|p1a: Weezing|Strange Steam|p2a: Okidogi\n|-damage|p2a: Okidogi|123/262\n|-start|p2a: Okidogi|confusion\n|\n|upkeep\n|turn|15\n|inactive|Time left: 300 sec this turn | 300 sec total\n|\n|t:|1783561417\n|-activate|p2a: Okidogi|confusion\n|-damage|p2a: Okidogi|97/262|[from] confusion\n|move|p1a: Weezing|Gunk Shot|p2a: Okidogi\n|-resisted|p2a: Okidogi\n|-damage|p2a: Okidogi|37/262\n|\n|upkeep\n|turn|16\n|inactive|Time left: 300 sec this turn | 300 sec total\n|\n|t:|1783561418\n|switch|p2a: Lapras|Lapras, L87, M|368/368\n|move|p1a: Weezing|Gunk Shot|p2a: Lapras\n|-damage|p2a: Lapras|232/368\n|\n|upkeep\n|turn|17\n|inactive|Time left: 300 sec this turn | 300 sec total\n|\n|t:|1783561420\n|move|p2a: Lapras|Freeze-Dry|p1a: Weezing\n|-damage|p1a: Weezing|14/100\n|move|p1a: Weezing|Strange Steam|p2a: Lapras|[miss]\n|-miss|p1a: Weezing|p2a: Lapras\n|\n|upkeep\n|turn|18\n|inactive|Time left: 300 sec this turn | 300 sec total\n|\n|t:|1783561421\n|move|p2a: Lapras|Sparkling Aria|p1a: Weezing\n|-damage|p1a: Weezing|0 fnt\n|faint|p1a: Weezing\n|\n|upkeep\n|\n|t:|1783561422\n|switch|p1a: Brambleghast|Brambleghast, L88, F|15/100\n|turn|19\n|inactive|Time left: 300 sec this turn | 300 sec total\n|\n|t:|1783561423\n|switch|p2a: Wo-Chien|Wo-Chien, L83|277/277\n|-ability|p2a: Wo-Chien|Tablets of Ruin\n|move|p1a: Brambleghast|Power Whip|p2a: Wo-Chien|[miss]\n|-miss|p1a: Brambleghast|p2a: Wo-Chien\n|\n|-heal|p1a: Brambleghast|21/100|[from] item: Leftovers\n|upkeep\n|turn|20\n|inactive|Time left: 300 sec this turn | 300 sec total\n|\n|t:|1783561424\n|move|p1a: Brambleghast|Poltergeist|p2a: Wo-Chien\n|-activate|p2a: Wo-Chien|move: Poltergeist|Leftovers\n|-resisted|p2a: Wo-Chien\n|-damage|p2a: Wo-Chien|223/277\n|move|p2a: Wo-Chien|Knock Off|p1a: Brambleghast\n|-supereffective|p1a: Brambleghast\n|-damage|p1a: Brambleghast|0 fnt\n|-enditem|p1a: Brambleghast|Leftovers|[from] move: Knock Off|[of] p2a: Wo-Chien\n|faint|p1a: Brambleghast\n|\n|-heal|p2a: Wo-Chien|240/277|[from] item: Leftovers\n|upkeep\n|\n|t:|1783561424\n|switch|p1a: Klawf|Klawf, L90, M|100/100\n|turn|21\n|inactive|Time left: 300 sec this turn | 300 sec total\n|\n|t:|1783561425\n|move|p1a: Klawf|Swords Dance|p1a: Klawf\n|-boost|p1a: Klawf|atk|2\n|move|p2a: Wo-Chien|Ruination|p1a: Klawf\n|-damage|p1a: Klawf|50/100\n|-ability|p1a: Klawf|Anger Shell|boost\n|-boost|p1a: Klawf|atk|1\n|-boost|p1a: Klawf|spa|1\n|-boost|p1a: Klawf|spe|1\n|-unboost|p1a: Klawf|def|1\n|-unboost|p1a: Klawf|spd|1\n|\n|-heal|p2a: Wo-Chien|257/277|[from] item: Leftovers\n|upkeep\n|turn|22\n|inactive|Time left: 300 sec this turn | 300 sec total\n|\n|t:|1783561426\n|move|p1a: Klawf|Stone Edge|p2a: Wo-Chien\n|-damage|p2a: Wo-Chien|40/277\n|move|p2a: Wo-Chien|Leech Seed|p1a: Klawf\n|-start|p1a: Klawf|move: Leech Seed\n|\n|-heal|p2a: Wo-Chien|57/277|[from] item: Leftovers\n|-damage|p1a: Klawf|38/100|[from] Leech Seed|[of] p2a: Wo-Chien\n|-heal|p2a: Wo-Chien|91/277|[silent]\n|upkeep\n|turn|23\n|inactive|Time left: 300 sec this turn | 300 sec total\n|\n|t:|1783561428\n|move|p2a: Wo-Chien|Protect|p2a: Wo-Chien\n|-singleturn|p2a: Wo-Chien|Protect\n|move|p1a: Klawf|Stone Edge|p2a: Wo-Chien\n|-activate|p2a: Wo-Chien|move: Protect\n|\n|-heal|p2a: Wo-Chien|108/277|[from] item: Leftovers\n|-damage|p1a: Klawf|25/100|[from] Leech Seed|[of] p2a: Wo-Chien\n|-heal|p2a: Wo-Chien|142/277|[silent]\n|upkeep\n|turn|24\n|inactive|Time left: 300 sec this turn | 300 sec total\n|\n|t:|1783561429\n|move|p2a: Wo-Chien|Protect||[still]\n|-fail|p2a: Wo-Chien\n|move|p1a: Klawf|Stone Edge|p2a: Wo-Chien\n|-damage|p2a: Wo-Chien|0 fnt\n|faint|p2a: Wo-Chien\n|\n|upkeep\n|inactive|Time left: 300 sec this turn | 300 sec total | 5 sec grace\n|\n|t:|1783561429\n|switch|p2a: Houndstone|Houndstone, L86, F|264/264\n|turn|25\n|inactive|Time left: 300 sec this turn | 300 sec total\n|\n|t:|1783561431\n|-terastallize|p2a: Houndstone|Fighting\n|move|p1a: Klawf|Stone Edge|p2a: Houndstone\n|-resisted|p2a: Houndstone\n|-damage|p2a: Houndstone|125/264\n|move|p2a: Houndstone|Body Press|p1a: Klawf\n|-supereffective|p1a: Klawf\n|-damage|p1a: Klawf|0 fnt\n|faint|p1a: Klawf\n|\n|-heal|p2a: Houndstone|141/264|[from] item: Leftovers\n|upkeep\n|\n|t:|1783561432\n|switch|p1a: Sceptile|Sceptile, L87, F|100/100\n|turn|26\n|inactive|Time left: 300 sec this turn | 300 sec total\n|\n|t:|1783561432\n|-terastallize|p1a: Sceptile|Grass\n|move|p1a: Sceptile|Giga Drain|p2a: Houndstone\n|-damage|p2a: Houndstone|8/264\n|-damage|p1a: Sceptile|91/100|[from] item: Life Orb\n|move|p2a: Houndstone|Body Press|p1a: Sceptile\n|-damage|p1a: Sceptile|46/100\n|\n|-heal|p2a: Houndstone|24/264|[from] item: Leftovers\n|upkeep\n|turn|27\n|inactive|Time left: 300 sec this turn | 300 sec total\n|\n|t:|1783561434\n|move|p1a: Sceptile|Giga Drain|p2a: Houndstone\n|-damage|p2a: Houndstone|0 fnt\n|-heal|p1a: Sceptile|50/100|[from] drain|[of] p2a: Houndstone\n|faint|p2a: Houndstone\n|-damage|p1a: Sceptile|41/100|[from] item: Life Orb\n|\n|upkeep\n|inactive|Time left: 300 sec this turn | 300 sec total | 5 sec grace\n|\n|t:|1783561435\n|switch|p2a: Gallade|Gallade, L80, M|114/240\n|turn|28\n|inactive|Time left: 300 sec this turn | 300 sec total\n|\n|t:|1783561436\n|move|p2a: Gallade|Sacred Sword|p1a: Sceptile\n|-damage|p1a: Sceptile|0 fnt\n|faint|p1a: Sceptile\n|\n|upkeep\n|\n|t:|1783561437\n|switch|p1a: Carbink|Carbink, L90|88/100 slp\n|turn|29\n|inactive|Time left: 300 sec this turn | 300 sec total\n|\n|t:|1783561438\n|move|p2a: Gallade|Sacred Sword|p1a: Carbink\n|-damage|p1a: Carbink|48/100 slp\n|cant|p1a: Carbink|slp\n|\n|upkeep\n|turn|30\n|inactive|Time left: 300 sec this turn | 300 sec total\n|\n|t:|1783561439\n|move|p2a: Gallade|Sacred Sword|p1a: Carbink\n|-damage|p1a: Carbink|4/100 slp\n|cant|p1a: Carbink|slp\n|\n|upkeep\n|turn|31\n|inactive|Time left: 300 sec this turn | 300 sec total\n|\n|t:|1783561440\n|move|p2a: Gallade|Sacred Sword|p1a: Carbink\n|-damage|p1a: Carbink|0 fnt\n|faint|p1a: Carbink\n|\n|upkeep\n|\n|t:|1783561441\n|switch|p1a: Tauros|Tauros, L82, M|100/100\n|turn|32\n|inactive|Time left: 300 sec this turn | 300 sec total\n|\n|t:|1783561441\n|move|p2a: Gallade|Sacred Sword|p1a: Tauros\n|-supereffective|p1a: Tauros\n|-damage|p1a: Tauros|0 fnt\n|faint|p1a: Tauros\n|\n|win|p0y1847a407", "uploadtime": 1783561441, "views": 0, "rating": 0, "private": 0, "password": null, "_winner": "p0y1847a407", "_our_name": "p0y1847a407"}