{"id": "battle-gen9randombattle-359", "formatid": "gen9randombattle", "format": "[Gen 9] Random Battle", "players": ["p0x359e540", "p0y3596cf1"], "log": "|init|battle\n|title|p0x359e540 vs. p0y3596cf1\n|j|\u2606p0x359e540\n|j|\u2606p0y3596cf1\n|t:|1783543291\n|gametype|singles\n|player|p1|p0x359e540|265|\n|player|p2|p0y3596cf1|266|\n|gen|9\n|tier|[Gen 9] Random Battle\n|rule|Species Clause: Limit one of each Pok\u00e9mon\n|rule|HP Percentage Mod: HP is shown in percentages\n|rule|Sleep Clause Mod: Limit one foe put to sleep\n|rule|Illusion Level Mod: Illusion disguises the Pok\u00e9mon's true level\n|\n|t:|1783543291\n|teamsize|p1|6\n|teamsize|p2|6\n|start\n|switch|p1a: Noivern|Noivern, L82, M|100/100\n|switch|p2a: Zarude|Zarude, L77|288/288\n|turn|1\n|inactive|Battle timer is ON: inactive players will automatically lose when time's up. (requested by p0y3596cf1)\n|inactive|p0x359e540 also wants the timer to be on.\n|\n|t:|1783543293\n|switch|p2a: Luxray|Luxray, L88, F|284/284\n|-ability|p2a: Luxray|Intimidate|boost\n|-unboost|p1a: Noivern|atk|1\n|move|p1a: Noivern|Hurricane|p2a: Luxray|[miss]\n|-miss|p1a: Noivern|p2a: Luxray\n|\n|upkeep\n|turn|2\n|inactive|Time left: 300 sec this turn | 300 sec total\n|\n|t:|1783543294\n|switch|p1a: Galvantula|Galvantula, L82, M|100/100\n|move|p2a: Luxray|Wild Charge|p1a: Galvantula\n|-resisted|p1a: Galvantula\n|-damage|p1a: Galvantula|66/100\n|-damage|p2a: Luxray|262/284|[from] Recoil\n|\n|upkeep\n|turn|3\n|inactive|Time left: 300 sec this turn | 300 sec total\n|\n|t:|1783543295\n|move|p1a: Galvantula|Sticky Web|p2a: Luxray\n|-sidestart|p2: p0y3596cf1|move: Sticky Web\n|move|p2a: Luxray|Wild Charge|p1a: Galvantula\n|-resisted|p1a: Galvantula\n|-damage|p1a: Galvantula|33/100\n|-damage|p2a: Luxray|242/284|[from] Recoil\n|\n|upkeep\n|turn|4\n|inactive|Time left: 300 sec this turn | 300 sec total\n|\n|t:|1783543296\n|move|p1a: Galvantula|Thunder|p2a: Luxray\n|-resisted|p2a: Luxray\n|-damage|p2a: Luxray|206/284\n|move|p2a: Luxray|Wild Charge|p1a: Galvantula\n|-resisted|p1a: Galvantula\n|-damage|p1a: Galvantula|0 fnt\n|faint|p1a: Galvantula\n|-damage|p2a: Luxray|185/284|[from] Recoil\n|\n|upkeep\n|\n|t:|1783543297\n|switch|p1a: Falinks|Falinks, L84|100/100\n|turn|5\n|inactive|Time left: 300 sec this turn | 300 sec total\n|\n|t:|1783543298\n|move|p1a: Falinks|No Retreat|p1a: Falinks\n|-boost|p1a: Falinks|atk|1\n|-boost|p1a: Falinks|def|1\n|-boost|p1a: Falinks|spa|1\n|-boost|p1a: Falinks|spd|1\n|-boost|p1a: Falinks|spe|1\n|-start|p1a: Falinks|move: No Retreat\n|move|p2a: Luxray|Volt Switch|p1a: Falinks\n|-damage|p1a: Falinks|70/100\n|inactive|Time left: 300 sec this turn | 300 sec total | 5 sec grace\n|\n|t:|1783543299\n|switch|p2a: Kingdra|Kingdra, L84, M|263/263|[from] Volt Switch\n|-activate|p2a: Kingdra|move: Sticky Web\n|-unboost|p2a: Kingdra|spe|1\n|\n|upkeep\n|turn|6\n|inactive|Time left: 300 sec this turn | 300 sec total\n|\n|t:|1783543301\n|-terastallize|p1a: Falinks|Dark\n|move|p1a: Falinks|Knock Off|p2a: Kingdra\n|-damage|p2a: Kingdra|76/263\n|-enditem|p2a: Kingdra|Lum Berry|[from] move: Knock Off|[of] p1a: Falinks\n|-damage|p1a: Falinks|60/100|[from] item: Life Orb\n|move|p2a: Kingdra|Outrage|p1a: Falinks\n|-damage|p1a: Falinks|27/100\n|\n|upkeep\n|turn|7\n|inactive|Time left: 300 sec this turn | 300 sec total\n|\n|t:|1783543302\n|move|p1a: Falinks|Close Combat|p2a: Kingdra\n|-damage|p2a: Kingdra|0 fnt\n|-unboost|p1a: Falinks|def|1\n|-unboost|p1a: Falinks|spd|1\n|faint|p2a: Kingdra\n|-damage|p1a: Falinks|18/100|[from] item: Life Orb\n|\n|upkeep\n|inactive|Time left: 300 sec this turn | 300 sec total | 5 sec grace\n|\n|t:|1783543303\n|switch|p2a: Manaphy|Manaphy, L78|284/284\n|-activate|p2a: Manaphy|move: Sticky Web\n|-unboost|p2a: Manaphy|spe|1\n|turn|8\n|inactive|Time left: 300 sec this turn | 300 sec total\n|\n|t:|1783543304\n|move|p1a: Falinks|Knock Off|p2a: Manaphy\n|-damage|p2a: Manaphy|85/284\n|-enditem|p2a: Manaphy|Leftovers|[from] move: Knock Off|[of] p1a: Falinks\n|-damage|p1a: Falinks|8/100|[from] item: Life Orb\n|move|p2a: Manaphy|Energy Ball|p1a: Falinks\n|-damage|p1a: Falinks|0 fnt\n|faint|p1a: Falinks\n|\n|upkeep\n|\n|t:|1783543305\n|switch|p1a: Urshifu|Urshifu, L74, F|100/100\n|turn|9\n|inactive|Time left: 300 sec this turn | 300 sec total\n|\n|t:|1783543306\n|move|p1a: Urshifu|Swords Dance|p1a: Urshifu\n|-boost|p1a: Urshifu|atk|2\n|move|p2a: Manaphy|Hydro Pump|p1a: Urshifu\n|-damage|p1a: Urshifu|42/100\n|\n|upkeep\n|turn|10\n|inactive|Time left: 300 sec this turn | 300 sec total\n|\n|t:|1783543307\n|move|p1a: Urshifu|Wicked Blow|p2a: Manaphy\n|-crit|p2a: Manaphy\n|-damage|p2a: Manaphy|0 fnt\n|faint|p2a: Manaphy\n|-damage|p1a: Urshifu|32/100|[from] item: Life Orb\n|\n|upkeep\n|inactive|Time left: 300 sec this turn | 300 sec total | 5 sec grace\n|\n|t:|1783543308\n|switch|p2a: Cyclizar|Cyclizar, L84, F|255/255\n|turn|11\n|inactive|Time left: 300 sec this turn | 300 sec total\n|\n|t:|1783543309\n|move|p2a: Cyclizar|Draco Meteor|p1a: Urshifu\n|-damage|p1a: Urshifu|0 fnt\n|-unboost|p2a: Cyclizar|spa|2\n|faint|p1a: Urshifu\n|\n|upkeep\n|\n|t:|1783543310\n|switch|p1a: Cryogonal|Cryogonal, L89|100/100\n|turn|12\n|inactive|Time left: 300 sec this turn | 300 sec total\n|\n|t:|1783543311\n|move|p2a: Cyclizar|Rapid Spin|p1a: Cryogonal\n|-damage|p1a: Cryogonal|76/100\n|-boost|p2a: Cyclizar|spe|1\n|-sideend|p2: p0y3596cf1|Sticky Web|[from] move: Rapid Spin|[of] p2a: Cyclizar\n|move|p1a: Cryogonal|Ice Beam|p2a: Cyclizar\n|-supereffective|p2a: Cyclizar\n|-damage|p2a: Cyclizar|13/255\n|-status|p2a: Cyclizar|frz\n|\n|upkeep\n|turn|13\n|inactive|Time left: 300 sec this turn | 300 sec total\n|\n|t:|1783543312\n|switch|p2a: Luxray|Luxray, L88, F|185/284\n|-ability|p2a: Luxray|Intimidate|boost\n|-unboost|p1a: Cryogonal|atk|1\n|move|p1a: Cryogonal|Recover|p1a: Cryogonal\n|-heal|p1a: Cryogonal|100/100\n|\n|upkeep\n|turn|14\n|inactive|Time left: 300 sec this turn | 300 sec total\n|\n|t:|1783543313\n|move|p1a: Cryogonal|Ice Beam|p2a: Luxray\n|-damage|p2a: Luxray|112/284\n|move|p2a: Luxray|Throat Chop|p1a: Cryogonal\n|-damage|p1a: Cryogonal|67/100\n|-start|p1a: Cryogonal|Throat Chop|[silent]\n|\n|upkeep\n|turn|15\n|inactive|Time left: 300 sec this turn | 300 sec total\n|\n|t:|1783543314\n|move|p1a: Cryogonal|Ice Beam|p2a: Luxray\n|-damage|p2a: Luxray|34/284\n|move|p2a: Luxray|Throat Chop|p1a: Cryogonal\n|-damage|p1a: Cryogonal|34/100\n|\n|-end|p1a: Cryogonal|Throat Chop|[silent]\n|upkeep\n|turn|16\n|inactive|Time left: 300 sec this turn | 300 sec total\n|\n|t:|1783543315\n|move|p1a: Cryogonal|Ice Beam|p2a: Luxray\n|-damage|p2a: Luxray|0 fnt\n|faint|p2a: Luxray\n|\n|upkeep\n|inactive|Time left: 300 sec this turn | 300 sec total | 5 sec grace\n|\n|t:|1783543316\n|switch|p2a: Necrozma|Necrozma, L80|286/286\n|turn|17\n|inactive|Time left: 300 sec this turn | 300 sec total\n|\n|t:|1783543317\n|move|p1a: Cryogonal|Ice Beam|p2a: Necrozma\n|-damage|p2a: Necrozma|174/286\n|move|p2a: Necrozma|Swords Dance|p2a: Necrozma\n|-boost|p2a: Necrozma|atk|2\n|\n|upkeep\n|turn|18\n|inactive|Time left: 300 sec this turn | 300 sec total\n|\n|t:|1783543319\n|move|p1a: Cryogonal|Ice Beam|p2a: Necrozma\n|-damage|p2a: Necrozma|68/286\n|-status|p2a: Necrozma|frz\n|cant|p2a: Necrozma|frz\n|\n|upkeep\n|turn|19\n|inactive|Time left: 300 sec this turn | 300 sec total\n|\n|t:|1783543320\n|move|p1a: Cryogonal|Ice Beam|p2a: Necrozma\n|-damage|p2a: Necrozma|0 fnt\n|faint|p2a: Necrozma\n|\n|upkeep\n|inactive|Time left: 300 sec this turn | 300 sec total | 5 sec grace\n|\n|t:|1783543321\n|switch|p2a: Cyclizar|Cyclizar, L84, F|98/255 frz\n|turn|20\n|inactive|Time left: 300 sec this turn | 300 sec total\n|\n|t:|1783543322\n|switch|p2a: Zarude|Zarude, L77|288/288\n|move|p1a: Cryogonal|Ice Beam|p2a: Zarude\n|-supereffective|p2a: Zarude\n|-damage|p2a: Zarude|54/288\n|\n|upkeep\n|turn|21\n|inactive|Time left: 300 sec this turn | 300 sec total\n|\n|t:|1783543323\n|switch|p2a: Cyclizar|Cyclizar, L84, F|183/255 frz\n|move|p1a: Cryogonal|Ice Beam|p2a: Cyclizar\n|-supereffective|p2a: Cyclizar\n|-damage|p2a: Cyclizar|0 fnt\n|faint|p2a: Cyclizar\n|\n|upkeep\n|inactive|Time left: 300 sec this turn | 300 sec total | 5 sec grace\n|\n|t:|1783543324\n|switch|p2a: Zarude|Zarude, L77|54/288\n|turn|22\n|inactive|Time left: 300 sec this turn | 300 sec total\n|\n|t:|1783543324\n|move|p1a: Cryogonal|Ice Beam|p2a: Zarude\n|-supereffective|p2a: Zarude\n|-damage|p2a: Zarude|0 fnt\n|faint|p2a: Zarude\n|\n|win|p0x359e540", "uploadtime": 1783543324, "views": 0, "rating": 0, "private": 0, "password": null, "_winner": "p0x359e540", "_our_name": "p0y3596cf1"}