{"id": "battle-gen9randombattle-121", "formatid": "gen9randombattle", "format": "[Gen 9] Random Battle", "players": ["p0x121734e", "p0y121b970"], "log": "|init|battle\n|title|p0x121734e vs. p0y121b970\n|j|\u2606p0x121734e\n|j|\u2606p0y121b970\n|t:|1783540574\n|gametype|singles\n|player|p1|p0x121734e|265|\n|player|p2|p0y121b970|101|\n|gen|9\n|tier|[Gen 9] Random Battle\n|rule|Species Clause: Limit one of each Pok\u00e9mon\n|rule|HP Percentage Mod: HP is shown in percentages\n|rule|Sleep Clause Mod: Limit one foe put to sleep\n|rule|Illusion Level Mod: Illusion disguises the Pok\u00e9mon's true level\n|\n|t:|1783540574\n|teamsize|p1|6\n|teamsize|p2|6\n|start\n|switch|p1a: Kricketune|Kricketune, L99, F|100/100\n|switch|p2a: Chesnaught|Chesnaught, L84, F|285/285\n|turn|1\n|inactive|Battle timer is ON: inactive players will automatically lose when time's up. (requested by p0x121734e)\n|inactive|Time left: 300 sec this turn | 300 sec total | 60 sec grace\n|\n|t:|1783540576\n|move|p1a: Kricketune|Sticky Web|p2a: Chesnaught\n|-sidestart|p2: p0y121b970|move: Sticky Web\n|move|p2a: Chesnaught|Trailblaze|p1a: Kricketune\n|-resisted|p1a: Kricketune\n|-damage|p1a: Kricketune|88/100\n|-boost|p2a: Chesnaught|spe|1\n|\n|upkeep\n|turn|2\n|inactive|Time left: 300 sec this turn | 300 sec total\n|inactive|p0y121b970 also wants the timer to be on.\n|\n|t:|1783540577\n|move|p2a: Chesnaught|Trailblaze|p1a: Kricketune\n|-resisted|p1a: Kricketune\n|-damage|p1a: Kricketune|77/100\n|-boost|p2a: Chesnaught|spe|1\n|move|p1a: Kricketune|Pounce|p2a: Chesnaught\n|-crit|p2a: Chesnaught\n|-damage|p2a: Chesnaught|170/285\n|-unboost|p2a: Chesnaught|spe|1\n|\n|-heal|p2a: Chesnaught|187/285|[from] item: Leftovers\n|upkeep\n|turn|3\n|inactive|Time left: 300 sec this turn | 300 sec total\n|\n|t:|1783540578\n|move|p2a: Chesnaught|Iron Defense|p2a: Chesnaught\n|-boost|p2a: Chesnaught|def|2\n|move|p1a: Kricketune|Pounce|p2a: Chesnaught\n|-damage|p2a: Chesnaught|147/285\n|-unboost|p2a: Chesnaught|spe|1\n|\n|-heal|p2a: Chesnaught|164/285|[from] item: Leftovers\n|upkeep\n|turn|4\n|inactive|Time left: 300 sec this turn | 300 sec total\n|\n|t:|1783540580\n|move|p1a: Kricketune|Pounce|p2a: Chesnaught\n|-damage|p2a: Chesnaught|128/285\n|-unboost|p2a: Chesnaught|spe|1\n|move|p2a: Chesnaught|Body Press|p1a: Kricketune\n|-resisted|p1a: Kricketune\n|-damage|p1a: Kricketune|33/100\n|\n|-heal|p2a: Chesnaught|145/285|[from] item: Leftovers\n|upkeep\n|turn|5\n|inactive|Time left: 300 sec this turn | 300 sec total\n|\n|t:|1783540581\n|move|p1a: Kricketune|Pounce|p2a: Chesnaught\n|-damage|p2a: Chesnaught|109/285\n|-unboost|p2a: Chesnaught|spe|1\n|move|p2a: Chesnaught|Body Press|p1a: Kricketune\n|-resisted|p1a: Kricketune\n|-damage|p1a: Kricketune|0 fnt\n|faint|p1a: Kricketune\n|\n|-heal|p2a: Chesnaught|126/285|[from] item: Leftovers\n|upkeep\n|\n|t:|1783540581\n|switch|p1a: Noctowl|Noctowl, L95, F|100/100\n|turn|6\n|inactive|Time left: 300 sec this turn | 300 sec total\n|\n|t:|1783540582\n|move|p1a: Noctowl|Hurricane|p2a: Chesnaught|[miss]\n|-miss|p1a: Noctowl|p2a: Chesnaught\n|move|p2a: Chesnaught|Body Press|p1a: Noctowl\n|-damage|p1a: Noctowl|18/100\n|\n|-heal|p2a: Chesnaught|143/285|[from] item: Leftovers\n|upkeep\n|turn|7\n|inactive|Time left: 300 sec this turn | 300 sec total\n|\n|t:|1783540583\n|move|p1a: Noctowl|Hurricane|p2a: Chesnaught|[miss]\n|-miss|p1a: Noctowl|p2a: Chesnaught\n|move|p2a: Chesnaught|Body Press|p1a: Noctowl\n|-damage|p1a: Noctowl|0 fnt\n|faint|p1a: Noctowl\n|\n|-heal|p2a: Chesnaught|160/285|[from] item: Leftovers\n|upkeep\n|\n|t:|1783540584\n|switch|p1a: Dondozo|Dondozo, L78, M|100/100\n|turn|8\n|inactive|Time left: 300 sec this turn | 300 sec total\n|\n|t:|1783540585\n|move|p1a: Dondozo|Curse|p1a: Dondozo\n|-unboost|p1a: Dondozo|spe|1\n|-boost|p1a: Dondozo|atk|1\n|-boost|p1a: Dondozo|def|1\n|move|p2a: Chesnaught|Synthesis|p2a: Chesnaught\n|-heal|p2a: Chesnaught|285/285\n|\n|upkeep\n|turn|9\n|inactive|Time left: 300 sec this turn | 300 sec total\n|\n|t:|1783540586\n|move|p2a: Chesnaught|Trailblaze|p1a: Dondozo\n|-supereffective|p1a: Dondozo\n|-damage|p1a: Dondozo|82/100\n|-boost|p2a: Chesnaught|spe|1\n|move|p1a: Dondozo|Wave Crash|p2a: Chesnaught\n|-resisted|p2a: Chesnaught\n|-damage|p2a: Chesnaught|225/285\n|-damage|p1a: Dondozo|77/100|[from] Recoil\n|\n|-heal|p2a: Chesnaught|242/285|[from] item: Leftovers\n|-heal|p1a: Dondozo|83/100|[from] item: Leftovers\n|upkeep\n|turn|10\n|inactive|Time left: 300 sec this turn | 300 sec total\n|\n|t:|1783540587\n|move|p2a: Chesnaught|Trailblaze|p1a: Dondozo\n|-supereffective|p1a: Dondozo\n|-damage|p1a: Dondozo|65/100\n|-boost|p2a: Chesnaught|spe|1\n|move|p1a: Dondozo|Curse|p1a: Dondozo\n|-unboost|p1a: Dondozo|spe|1\n|-boost|p1a: Dondozo|atk|1\n|-boost|p1a: Dondozo|def|1\n|\n|-heal|p2a: Chesnaught|259/285|[from] item: Leftovers\n|-heal|p1a: Dondozo|71/100|[from] item: Leftovers\n|upkeep\n|turn|11\n|inactive|Time left: 300 sec this turn | 300 sec total\n|\n|t:|1783540588\n|move|p2a: Chesnaught|Trailblaze|p1a: Dondozo\n|-supereffective|p1a: Dondozo\n|-damage|p1a: Dondozo|57/100\n|-boost|p2a: Chesnaught|spe|1\n|move|p1a: Dondozo|Wave Crash|p2a: Chesnaught\n|-resisted|p2a: Chesnaught\n|-damage|p2a: Chesnaught|169/285\n|-damage|p1a: Dondozo|49/100|[from] Recoil\n|\n|-heal|p2a: Chesnaught|186/285|[from] item: Leftovers\n|-heal|p1a: Dondozo|55/100|[from] item: Leftovers\n|upkeep\n|turn|12\n|inactive|Time left: 300 sec this turn | 300 sec total\n|\n|t:|1783540588\n|move|p2a: Chesnaught|Synthesis|p2a: Chesnaught\n|-heal|p2a: Chesnaught|285/285\n|move|p1a: Dondozo|Wave Crash|p2a: Chesnaught\n|-resisted|p2a: Chesnaught\n|-damage|p2a: Chesnaught|204/285\n|-damage|p1a: Dondozo|47/100|[from] Recoil\n|\n|-heal|p2a: Chesnaught|221/285|[from] item: Leftovers\n|-heal|p1a: Dondozo|53/100|[from] item: Leftovers\n|upkeep\n|turn|13\n|inactive|Time left: 300 sec this turn | 300 sec total\n|\n|t:|1783540589\n|move|p2a: Chesnaught|Trailblaze|p1a: Dondozo\n|-supereffective|p1a: Dondozo\n|-damage|p1a: Dondozo|40/100\n|-boost|p2a: Chesnaught|spe|1\n|move|p1a: Dondozo|Wave Crash|p2a: Chesnaught\n|-resisted|p2a: Chesnaught\n|-damage|p2a: Chesnaught|128/285\n|-damage|p1a: Dondozo|31/100|[from] Recoil\n|\n|-heal|p2a: Chesnaught|145/285|[from] item: Leftovers\n|-heal|p1a: Dondozo|38/100|[from] item: Leftovers\n|upkeep\n|turn|14\n|inactive|Time left: 300 sec this turn | 300 sec total\n|\n|t:|1783540590\n|move|p2a: Chesnaught|Synthesis|p2a: Chesnaught\n|-heal|p2a: Chesnaught|285/285\n|move|p1a: Dondozo|Wave Crash|p2a: Chesnaught\n|-resisted|p2a: Chesnaught\n|-damage|p2a: Chesnaught|196/285\n|-damage|p1a: Dondozo|30/100|[from] Recoil\n|\n|-heal|p2a: Chesnaught|213/285|[from] item: Leftovers\n|-heal|p1a: Dondozo|36/100|[from] item: Leftovers\n|upkeep\n|turn|15\n|inactive|Time left: 300 sec this turn | 300 sec total\n|\n|t:|1783540591\n|move|p2a: Chesnaught|Trailblaze|p1a: Dondozo\n|-supereffective|p1a: Dondozo\n|-damage|p1a: Dondozo|20/100\n|-boost|p2a: Chesnaught|spe|1\n|move|p1a: Dondozo|Wave Crash|p2a: Chesnaught\n|-resisted|p2a: Chesnaught\n|-damage|p2a: Chesnaught|121/285\n|-damage|p1a: Dondozo|12/100|[from] Recoil\n|\n|-heal|p2a: Chesnaught|138/285|[from] item: Leftovers\n|-heal|p1a: Dondozo|18/100|[from] item: Leftovers\n|upkeep\n|turn|16\n|inactive|Time left: 300 sec this turn | 300 sec total\n|\n|t:|1783540592\n|move|p2a: Chesnaught|Synthesis|p2a: Chesnaught\n|-heal|p2a: Chesnaught|280/285\n|move|p1a: Dondozo|Rest|p1a: Dondozo\n|-status|p1a: Dondozo|slp|[from] move: Rest\n|-heal|p1a: Dondozo|100/100 slp|[silent]\n|\n|-heal|p2a: Chesnaught|285/285|[from] item: Leftovers\n|upkeep\n|turn|17\n|inactive|Time left: 300 sec this turn | 300 sec total\n|\n|t:|1783540593\n|move|p2a: Chesnaught|Trailblaze|p1a: Dondozo\n|-supereffective|p1a: Dondozo\n|-damage|p1a: Dondozo|86/100 slp\n|-boost|p2a: Chesnaught|spe|1\n|cant|p1a: Dondozo|slp\n|move|p1a: Dondozo|Sleep Talk|p1a: Dondozo\n|move|p1a: Dondozo|Wave Crash|p2a: Chesnaught|[from] move: Sleep Talk\n|-resisted|p2a: Chesnaught\n|-damage|p2a: Chesnaught|192/285\n|-damage|p1a: Dondozo|77/100 slp|[from] Recoil\n|\n|-heal|p2a: Chesnaught|209/285|[from] item: Leftovers\n|-heal|p1a: Dondozo|83/100 slp|[from] item: Leftovers\n|upkeep\n|turn|18\n|inactive|Time left: 300 sec this turn | 300 sec total\n|\n|t:|1783540594\n|move|p2a: Chesnaught|Body Press|p1a: Dondozo\n|-damage|p1a: Dondozo|70/100 slp\n|cant|p1a: Dondozo|slp\n|move|p1a: Dondozo|Sleep Talk|p1a: Dondozo\n|move|p1a: Dondozo|Curse|p1a: Dondozo|[from] move: Sleep Talk\n|-unboost|p1a: Dondozo|spe|1\n|-boost|p1a: Dondozo|atk|1\n|-boost|p1a: Dondozo|def|1\n|\n|-heal|p2a: Chesnaught|226/285|[from] item: Leftovers\n|-heal|p1a: Dondozo|76/100 slp|[from] item: Leftovers\n|upkeep\n|turn|19\n|inactive|Time left: 300 sec this turn | 300 sec total\n|\n|t:|1783540595\n|move|p2a: Chesnaught|Body Press|p1a: Dondozo\n|-damage|p1a: Dondozo|66/100 slp\n|-curestatus|p1a: Dondozo|slp|[msg]\n|move|p1a: Dondozo|Wave Crash|p2a: Chesnaught\n|-resisted|p2a: Chesnaught\n|-damage|p2a: Chesnaught|119/285\n|-damage|p1a: Dondozo|56/100|[from] Recoil\n|\n|-heal|p2a: Chesnaught|136/285|[from] item: Leftovers\n|-heal|p1a: Dondozo|62/100|[from] item: Leftovers\n|upkeep\n|turn|20\n|inactive|Time left: 300 sec this turn | 300 sec total\n|\n|t:|1783540596\n|move|p2a: Chesnaught|Synthesis|p2a: Chesnaught\n|-heal|p2a: Chesnaught|278/285\n|move|p1a: Dondozo|Wave Crash|p2a: Chesnaught\n|-resisted|p2a: Chesnaught\n|-damage|p2a: Chesnaught|167/285\n|-damage|p1a: Dondozo|52/100|[from] Recoil\n|\n|-heal|p2a: Chesnaught|184/285|[from] item: Leftovers\n|-heal|p1a: Dondozo|58/100|[from] item: Leftovers\n|upkeep\n|turn|21\n|inactive|Time left: 300 sec this turn | 300 sec total\n|\n|t:|1783540597\n|move|p2a: Chesnaught|Synthesis|p2a: Chesnaught\n|-heal|p2a: Chesnaught|285/285\n|move|p1a: Dondozo|Wave Crash|p2a: Chesnaught\n|-resisted|p2a: Chesnaught\n|-damage|p2a: Chesnaught|169/285\n|-damage|p1a: Dondozo|47/100|[from] Recoil\n|\n|-heal|p2a: Chesnaught|186/285|[from] item: Leftovers\n|-heal|p1a: Dondozo|54/100|[from] item: Leftovers\n|upkeep\n|turn|22\n|inactive|Time left: 300 sec this turn | 300 sec total\n|\n|t:|1783540598\n|move|p2a: Chesnaught|Synthesis|p2a: Chesnaught\n|-heal|p2a: Chesnaught|285/285\n|move|p1a: Dondozo|Wave Crash|p2a: Chesnaught\n|-resisted|p2a: Chesnaught\n|-damage|p2a: Chesnaught|184/285\n|-damage|p1a: Dondozo|44/100|[from] Recoil\n|\n|-heal|p2a: Chesnaught|201/285|[from] item: Leftovers\n|-heal|p1a: Dondozo|50/100|[from] item: Leftovers\n|upkeep\n|turn|23\n|inactive|Time left: 300 sec this turn | 300 sec total\n|\n|t:|1783540599\n|move|p2a: Chesnaught|Body Press|p1a: Dondozo\n|-damage|p1a: Dondozo|41/100\n|move|p1a: Dondozo|Wave Crash|p2a: Chesnaught\n|-resisted|p2a: Chesnaught\n|-damage|p2a: Chesnaught|92/285\n|-damage|p1a: Dondozo|31/100|[from] Recoil\n|\n|-heal|p2a: Chesnaught|109/285|[from] item: Leftovers\n|-heal|p1a: Dondozo|38/100|[from] item: Leftovers\n|upkeep\n|turn|24\n|inactive|Time left: 300 sec this turn | 300 sec total\n|\n|t:|1783540600\n|move|p2a: Chesnaught|Synthesis|p2a: Chesnaught\n|-heal|p2a: Chesnaught|251/285\n|move|p1a: Dondozo|Wave Crash|p2a: Chesnaught\n|-resisted|p2a: Chesnaught\n|-damage|p2a: Chesnaught|134/285\n|-damage|p1a: Dondozo|27/100|[from] Recoil\n|\n|-heal|p2a: Chesnaught|151/285|[from] item: Leftovers\n|-heal|p1a: Dondozo|33/100|[from] item: Leftovers\n|upkeep\n|turn|25\n|inactive|Time left: 300 sec this turn | 300 sec total\n|\n|t:|1783540602\n|move|p2a: Chesnaught|Body Press|p1a: Dondozo\n|-damage|p1a: Dondozo|23/100\n|move|p1a: Dondozo|Wave Crash|p2a: Chesnaught\n|-resisted|p2a: Chesnaught\n|-damage|p2a: Chesnaught|46/285\n|-damage|p1a: Dondozo|14/100|[from] Recoil\n|\n|-heal|p2a: Chesnaught|63/285|[from] item: Leftovers\n|-heal|p1a: Dondozo|20/100|[from] item: Leftovers\n|upkeep\n|turn|26\n|inactive|Time left: 300 sec this turn | 300 sec total\n|\n|t:|1783540603\n|move|p2a: Chesnaught|Trailblaze|p1a: Dondozo\n|-supereffective|p1a: Dondozo\n|-damage|p1a: Dondozo|8/100\n|-boost|p2a: Chesnaught|spe|1\n|move|p1a: Dondozo|Wave Crash|p2a: Chesnaught\n|-resisted|p2a: Chesnaught\n|-damage|p2a: Chesnaught|0 fnt\n|faint|p2a: Chesnaught\n|-damage|p1a: Dondozo|2/100|[from] Recoil\n|\n|-heal|p1a: Dondozo|9/100|[from] item: Leftovers\n|upkeep\n|inactive|Time left: 300 sec this turn | 300 sec total | 5 sec grace\n|\n|t:|1783540604\n|switch|p2a: Sunflora|Sunflora, M|312/312\n|-activate|p2a: Sunflora|move: Sticky Web\n|-unboost|p2a: Sunflora|spe|1\n|turn|27\n|inactive|Time left: 300 sec this turn | 300 sec total\n|\n|t:|1783540605\n|move|p2a: Sunflora|Earth Power|p1a: Dondozo\n|-damage|p1a: Dondozo|0 fnt\n|faint|p1a: Dondozo\n|\n|upkeep\n|\n|t:|1783540606\n|switch|p1a: Flygon|Flygon, L82, M|100/100\n|turn|28\n|inactive|Time left: 300 sec this turn | 300 sec total\n|\n|t:|1783540607\n|switch|p2a: Lunala|Lunala, L70|308/308\n|-activate|p2a: Lunala|move: Sticky Web\n|-unboost|p2a: Lunala|spe|1\n|move|p1a: Flygon|Dragon Dance|p1a: Flygon\n|-boost|p1a: Flygon|atk|1\n|-boost|p1a: Flygon|spe|1\n|\n|upkeep\n|turn|29\n|inactive|Time left: 300 sec this turn | 300 sec total\n|\n|t:|1783540608\n|move|p1a: Flygon|Outrage|p2a: Lunala\n|-damage|p2a: Lunala|209/308\n|move|p2a: Lunala|Moongeist Beam|p1a: Flygon\n|-damage|p1a: Flygon|61/100\n|\n|-heal|p2a: Lunala|228/308|[from] item: Leftovers\n|upkeep\n|turn|30\n|inactive|Time left: 300 sec this turn | 300 sec total\n|\n|t:|1783540610\n|-terastallize|p2a: Lunala|Fairy\n|move|p1a: Flygon|Outrage|p2a: Lunala|[from] lockedmove\n|-immune|p2a: Lunala\n|-start|p1a: Flygon|confusion|[fatigue]\n|-enditem|p1a: Flygon|Lum Berry|[eat]\n|-end|p1a: Flygon|confusion\n|move|p2a: Lunala|Calm Mind|p2a: Lunala\n|-boost|p2a: Lunala|spa|1\n|-boost|p2a: Lunala|spd|1\n|\n|-heal|p2a: Lunala|247/308|[from] item: Leftovers\n|upkeep\n|turn|31\n|inactive|Time left: 300 sec this turn | 300 sec total\n|\n|t:|1783540611\n|move|p1a: Flygon|Earthquake|p2a: Lunala\n|-damage|p2a: Lunala|67/308\n|move|p2a: Lunala|Moongeist Beam|p1a: Flygon\n|-damage|p1a: Flygon|0 fnt\n|faint|p1a: Flygon\n|\n|-heal|p2a: Lunala|86/308|[from] item: Leftovers\n|upkeep\n|\n|t:|1783540612\n|switch|p1a: Lokix|Lokix, L82, M|100/100\n|turn|32\n|inactive|Time left: 300 sec this turn | 300 sec total\n|\n|t:|1783540613\n|move|p1a: Lokix|First Impression|p2a: Lunala\n|-resisted|p2a: Lunala\n|-damage|p2a: Lunala|0 fnt\n|faint|p2a: Lunala\n|\n|upkeep\n|inactive|Time left: 300 sec this turn | 300 sec total | 5 sec grace\n|\n|t:|1783540614\n|switch|p2a: Manaphy|Manaphy, L78|284/284\n|-activate|p2a: Manaphy|move: Sticky Web\n|-unboost|p2a: Manaphy|spe|1\n|turn|33\n|inactive|Time left: 300 sec this turn | 300 sec total\n|\n|t:|1783540615\n|move|p1a: Lokix|U-turn|p2a: Manaphy\n|-damage|p2a: Manaphy|199/284\n|\n|t:|1783540616\n|switch|p1a: Houndstone|Houndstone, L86, M|100/100|[from] U-turn\n|move|p2a: Manaphy|Tail Glow|p2a: Manaphy\n|-boost|p2a: Manaphy|spa|3\n|\n|-heal|p2a: Manaphy|216/284|[from] item: Leftovers\n|upkeep\n|turn|34\n|inactive|Time left: 300 sec this turn | 300 sec total\n|\n|t:|1783540617\n|move|p1a: Houndstone|Poltergeist|p2a: Manaphy\n|-activate|p2a: Manaphy|move: Poltergeist|Leftovers\n|-crit|p2a: Manaphy\n|-damage|p2a: Manaphy|23/284\n|move|p2a: Manaphy|Surf|p1a: Houndstone\n|-damage|p1a: Houndstone|27/100\n|\n|-heal|p1a: Houndstone|33/100|[from] item: Leftovers\n|-heal|p2a: Manaphy|40/284|[from] item: Leftovers\n|upkeep\n|turn|35\n|inactive|Time left: 300 sec this turn | 300 sec total\n|\n|t:|1783540618\n|move|p1a: Houndstone|Body Press|p2a: Manaphy\n|-damage|p2a: Manaphy|0 fnt\n|faint|p2a: Manaphy\n|\n|-heal|p1a: Houndstone|39/100|[from] item: Leftovers\n|upkeep\n|inactive|Time left: 300 sec this turn | 300 sec total | 5 sec grace\n|\n|t:|1783540618\n|switch|p2a: Sunflora|Sunflora, M|312/312\n|-activate|p2a: Sunflora|move: Sticky Web\n|-unboost|p2a: Sunflora|spe|1\n|turn|36\n|inactive|Time left: 300 sec this turn | 300 sec total\n|\n|t:|1783540619\n|move|p1a: Houndstone|Poltergeist|p2a: Sunflora\n|-activate|p2a: Sunflora|move: Poltergeist|Choice Specs\n|-damage|p2a: Sunflora|173/312\n|move|p2a: Sunflora|Dazzling Gleam|p1a: Houndstone\n|-damage|p1a: Houndstone|0 fnt\n|faint|p1a: Houndstone\n|\n|upkeep\n|\n|t:|1783540620\n|switch|p1a: Lokix|Lokix, L82, M|100/100\n|turn|37\n|inactive|Time left: 300 sec this turn | 300 sec total\n|\n|t:|1783540621\n|move|p1a: Lokix|U-turn|p2a: Sunflora\n|-supereffective|p2a: Sunflora\n|-damage|p2a: Sunflora|0 fnt\n|faint|p2a: Sunflora\n|\n|upkeep\n|inactive|Time left: 300 sec this turn | 300 sec total | 5 sec grace\n|\n|t:|1783540622\n|switch|p2a: Camerupt|Camerupt, L91, F|275/275\n|-activate|p2a: Camerupt|move: Sticky Web\n|-unboost|p2a: Camerupt|spe|1\n|turn|38\n|inactive|Time left: 300 sec this turn | 300 sec total\n|\n|t:|1783540622\n|-terastallize|p1a: Lokix|Bug\n|move|p1a: Lokix|U-turn|p2a: Camerupt\n|-resisted|p2a: Camerupt\n|-damage|p2a: Camerupt|145/275\n|move|p2a: Camerupt|Overheat|p1a: Lokix\n|-supereffective|p1a: Lokix\n|-damage|p1a: Lokix|0 fnt\n|-unboost|p2a: Camerupt|spa|2\n|faint|p1a: Lokix\n|\n|win|p0y121b970", "uploadtime": 1783540623, "views": 0, "rating": 0, "private": 0, "password": null, "_winner": "p0y121b970", "_our_name": "p0y121b970"}