{"id": "battle-gen9randombattle-2431", "formatid": "gen9randombattle", "format": "[Gen 9] Random Battle", "players": ["p0x243177bc", "p0y243116fb"], "log": "|init|battle\n|title|p0x243177bc vs. p0y243116fb\n|j|\u2606p0x243177bc\n|j|\u2606p0y243116fb\n|t:|1783568204\n|gametype|singles\n|player|p1|p0x243177bc|169|\n|player|p2|p0y243116fb|101|\n|gen|9\n|tier|[Gen 9] Random Battle\n|rule|Species Clause: Limit one of each Pok\u00e9mon\n|rule|HP Percentage Mod: HP is shown in percentages\n|rule|Sleep Clause Mod: Limit one foe put to sleep\n|rule|Illusion Level Mod: Illusion disguises the Pok\u00e9mon's true level\n|\n|t:|1783568204\n|teamsize|p1|6\n|teamsize|p2|6\n|start\n|switch|p1a: Pachirisu|Pachirisu, L96, F|271/271\n|switch|p2a: Darkrai|Darkrai, L77|100/100\n|turn|1\n|inactive|Battle timer is ON: inactive players will automatically lose when time's up. (requested by p0y243116fb)\n|inactive|Time left: 300 sec this turn | 300 sec total | 60 sec grace\n|inactive|p0x243177bc also wants the timer to be on.\n|\n|t:|1783568205\n|move|p2a: Darkrai|Hypnosis|p1a: Pachirisu\n|-status|p1a: Pachirisu|slp|[from] move: Hypnosis\n|cant|p1a: Pachirisu|slp\n|\n|-damage|p1a: Pachirisu|238/271 slp|[from] ability: Bad Dreams|[of] p2a: Darkrai\n|upkeep\n|turn|2\n|inactive|Time left: 300 sec this turn | 300 sec total\n|\n|t:|1783568207\n|switch|p1a: Walking Wake|Walking Wake, L79|286/286\n|move|p2a: Darkrai|Nasty Plot|p2a: Darkrai\n|-boost|p2a: Darkrai|spa|2\n|\n|upkeep\n|turn|3\n|inactive|Time left: 300 sec this turn | 300 sec total\n|\n|t:|1783568208\n|move|p2a: Darkrai|Dark Pulse|p1a: Walking Wake\n|-damage|p1a: Walking Wake|12/286\n|-damage|p2a: Darkrai|91/100|[from] item: Life Orb\n|move|p1a: Walking Wake|Draco Meteor|p2a: Darkrai|[miss]\n|-miss|p1a: Walking Wake|p2a: Darkrai\n|\n|upkeep\n|turn|4\n|inactive|Time left: 300 sec this turn | 300 sec total\n|\n|t:|1783568208\n|move|p2a: Darkrai|Dark Pulse|p1a: Walking Wake\n|-damage|p1a: Walking Wake|0 fnt\n|faint|p1a: Walking Wake\n|-end|p1a: Walking Wake|Protosynthesis|[silent]\n|-damage|p2a: Darkrai|81/100|[from] item: Life Orb\n|\n|upkeep\n|inactive|Time left: 300 sec this turn | 300 sec total | 5 sec grace\n|\n|t:|1783568209\n|switch|p1a: Registeel|Registeel, L81|262/262\n|turn|5\n|inactive|Time left: 300 sec this turn | 300 sec total\n|\n|t:|1783568211\n|move|p2a: Darkrai|Dark Pulse|p1a: Registeel\n|-damage|p1a: Registeel|106/262\n|-damage|p2a: Darkrai|71/100|[from] item: Life Orb\n|move|p1a: Registeel|Body Press|p2a: Darkrai\n|-supereffective|p2a: Darkrai\n|-damage|p2a: Darkrai|8/100\n|\n|-heal|p1a: Registeel|122/262|[from] item: Leftovers\n|upkeep\n|turn|6\n|inactive|Time left: 300 sec this turn | 300 sec total\n|\n|t:|1783568212\n|move|p2a: Darkrai|Dark Pulse|p1a: Registeel\n|-damage|p1a: Registeel|0 fnt\n|faint|p1a: Registeel\n|-damage|p2a: Darkrai|0 fnt|[from] item: Life Orb\n|faint|p2a: Darkrai\n|\n|upkeep\n|inactive|Time left: 300 sec this turn | 300 sec total | 5 sec grace\n|\n|t:|1783568213\n|switch|p2a: Whiscash|Whiscash, L88, M|100/100\n|switch|p1a: Glaceon|Glaceon, L94, F|275/275\n|turn|7\n|inactive|Time left: 300 sec this turn | 300 sec total\n|\n|t:|1783568214\n|-terastallize|p2a: Whiscash|Steel\n|move|p1a: Glaceon|Freeze-Dry|p2a: Whiscash\n|-resisted|p2a: Whiscash\n|-damage|p2a: Whiscash|83/100\n|move|p2a: Whiscash|Dragon Dance|p2a: Whiscash\n|-boost|p2a: Whiscash|atk|1\n|-boost|p2a: Whiscash|spe|1\n|\n|upkeep\n|turn|8\n|inactive|Time left: 300 sec this turn | 300 sec total\n|\n|t:|1783568215\n|move|p2a: Whiscash|Dragon Dance|p2a: Whiscash\n|-boost|p2a: Whiscash|atk|1\n|-boost|p2a: Whiscash|spe|1\n|move|p1a: Glaceon|Wish|p1a: Glaceon\n|\n|upkeep\n|turn|9\n|inactive|Time left: 300 sec this turn | 300 sec total\n|\n|t:|1783568216\n|move|p2a: Whiscash|Dragon Dance|p2a: Whiscash\n|-boost|p2a: Whiscash|atk|1\n|-boost|p2a: Whiscash|spe|1\n|move|p1a: Glaceon|Calm Mind|p1a: Glaceon\n|-boost|p1a: Glaceon|spa|1\n|-boost|p1a: Glaceon|spd|1\n|\n|upkeep\n|turn|10\n|inactive|Time left: 300 sec this turn | 300 sec total\n|\n|t:|1783568218\n|move|p1a: Glaceon|Protect|p1a: Glaceon\n|-singleturn|p1a: Glaceon|Protect\n|move|p2a: Whiscash|Earthquake|p1a: Glaceon\n|-activate|p1a: Glaceon|move: Protect\n|\n|upkeep\n|turn|11\n|inactive|Time left: 300 sec this turn | 300 sec total\n|\n|t:|1783568219\n|move|p1a: Glaceon|Protect||[still]\n|-fail|p1a: Glaceon\n|move|p2a: Whiscash|Earthquake|p1a: Glaceon\n|-crit|p1a: Glaceon\n|-damage|p1a: Glaceon|0 fnt\n|faint|p1a: Glaceon\n|-damage|p2a: Whiscash|73/100|[from] item: Life Orb\n|\n|upkeep\n|inactive|Time left: 300 sec this turn | 300 sec total | 5 sec grace\n|\n|t:|1783568220\n|switch|p1a: Illumise|Illumise, L91, F|266/266\n|turn|12\n|inactive|Time left: 300 sec this turn | 300 sec total\n|\n|t:|1783568221\n|move|p1a: Illumise|Encore|p2a: Whiscash\n|-start|p2a: Whiscash|Encore\n|move|p2a: Whiscash|Earthquake|p1a: Illumise\n|-resisted|p1a: Illumise\n|-crit|p1a: Illumise\n|-damage|p1a: Illumise|0 fnt\n|faint|p1a: Illumise\n|-damage|p2a: Whiscash|63/100|[from] item: Life Orb\n|\n|upkeep\n|inactive|Time left: 300 sec this turn | 300 sec total | 5 sec grace\n|\n|t:|1783568222\n|switch|p1a: Pachirisu|Pachirisu, L96, F|238/271 slp\n|turn|13\n|inactive|Time left: 300 sec this turn | 300 sec total\n|\n|t:|1783568223\n|-terastallize|p1a: Pachirisu|Flying\n|move|p2a: Whiscash|Earthquake|p1a: Pachirisu\n|-immune|p1a: Pachirisu\n|cant|p1a: Pachirisu|slp\n|\n|upkeep\n|turn|14\n|inactive|Time left: 300 sec this turn | 300 sec total\n|\n|t:|1783568224\n|move|p2a: Whiscash|Earthquake|p1a: Pachirisu\n|-immune|p1a: Pachirisu\n|-curestatus|p1a: Pachirisu|slp|[msg]\n|move|p1a: Pachirisu|Encore||[still]\n|-fail|p1a: Pachirisu\n|\n|-end|p2a: Whiscash|Encore\n|upkeep\n|turn|15\n|inactive|Time left: 300 sec this turn | 300 sec total\n|\n|t:|1783568224\n|switch|p1a: Palafin|Palafin, L77, F|281/281\n|move|p2a: Whiscash|Liquidation|p1a: Palafin\n|-resisted|p1a: Palafin\n|-damage|p1a: Palafin|109/281\n|-unboost|p1a: Palafin|def|1\n|-damage|p2a: Whiscash|53/100|[from] item: Life Orb\n|\n|upkeep\n|turn|16\n|inactive|Time left: 300 sec this turn | 300 sec total\n|\n|t:|1783568225\n|move|p2a: Whiscash|Liquidation|p1a: Palafin\n|-resisted|p1a: Palafin\n|-damage|p1a: Palafin|0 fnt\n|faint|p1a: Palafin\n|-damage|p2a: Whiscash|44/100|[from] item: Life Orb\n|\n|upkeep\n|inactive|Time left: 300 sec this turn | 300 sec total | 5 sec grace\n|\n|t:|1783568226\n|switch|p1a: Pachirisu|Pachirisu, L96, F, tera:Flying|238/271\n|turn|17\n|inactive|Time left: 300 sec this turn | 300 sec total\n|\n|t:|1783568227\n|move|p2a: Whiscash|Liquidation|p1a: Pachirisu\n|-damage|p1a: Pachirisu|0 fnt\n|faint|p1a: Pachirisu\n|-damage|p2a: Whiscash|34/100|[from] item: Life Orb\n|\n|win|p0y243116fb", "uploadtime": 1783568227, "views": 0, "rating": 0, "private": 0, "password": null, "_winner": "p0y243116fb", "_our_name": "p0x243177bc"}