{"id": "battle-gen9randombattle-1183", "formatid": "gen9randombattle", "format": "[Gen 9] Random Battle", "players": ["p0x1183afba", "p0y11833474"], "log": "|init|battle\n|title|p0x1183afba vs. p0y11833474\n|j|\u2606p0x1183afba\n|j|\u2606p0y11833474\n|t:|1783553698\n|gametype|singles\n|player|p1|p0x1183afba|266|\n|player|p2|p0y11833474|102|\n|gen|9\n|tier|[Gen 9] Random Battle\n|rule|Species Clause: Limit one of each Pok\u00e9mon\n|rule|HP Percentage Mod: HP is shown in percentages\n|rule|Sleep Clause Mod: Limit one foe put to sleep\n|rule|Illusion Level Mod: Illusion disguises the Pok\u00e9mon's true level\n|\n|t:|1783553698\n|teamsize|p1|6\n|teamsize|p2|6\n|start\n|switch|p1a: Trevenant|Trevenant, L89, F|100/100\n|switch|p2a: Palafin|Palafin, L77, F|281/281\n|turn|1\n|inactive|Battle timer is ON: inactive players will automatically lose when time's up. (requested by p0y11833474)\n|inactive|p0x1183afba also wants the timer to be on.\n|\n|t:|1783553699\n|detailschange|p2a: Palafin|Palafin-Hero, L77, F\n|switch|p2a: Kricketune|Kricketune, L99, M|312/312\n|move|p1a: Trevenant|Poltergeist|p2a: Kricketune\n|-activate|p2a: Kricketune|move: Poltergeist|Heavy-Duty Boots\n|-damage|p2a: Kricketune|74/312\n|-damage|p1a: Trevenant|91/100|[from] item: Life Orb\n|\n|upkeep\n|turn|2\n|inactive|Time left: 300 sec this turn | 300 sec total\n|\n|t:|1783553701\n|move|p2a: Kricketune|Sticky Web|p1a: Trevenant\n|-sidestart|p1: p0x1183afba|move: Sticky Web\n|move|p1a: Trevenant|Poltergeist|p2a: Kricketune\n|-activate|p2a: Kricketune|move: Poltergeist|Heavy-Duty Boots\n|-damage|p2a: Kricketune|0 fnt\n|faint|p2a: Kricketune\n|-damage|p1a: Trevenant|81/100|[from] item: Life Orb\n|\n|upkeep\n|inactive|Time left: 300 sec this turn | 300 sec total | 5 sec grace\n|\n|t:|1783553702\n|switch|p2a: Heatran|Heatran, L79, M|273/273\n|-item|p2a: Heatran|Air Balloon\n|turn|3\n|inactive|Time left: 300 sec this turn | 300 sec total\n|\n|t:|1783553702\n|move|p2a: Heatran|Lava Plume|p1a: Trevenant\n|-supereffective|p1a: Trevenant\n|-damage|p1a: Trevenant|11/100\n|move|p1a: Trevenant|Drain Punch|p2a: Heatran\n|-supereffective|p2a: Heatran\n|-damage|p2a: Heatran|114/273\n|-heal|p1a: Trevenant|38/100|[from] drain|[of] p2a: Heatran\n|-enditem|p2a: Heatran|Air Balloon\n|-damage|p1a: Trevenant|29/100|[from] item: Life Orb\n|\n|upkeep\n|turn|4\n|inactive|Time left: 300 sec this turn | 300 sec total\n|\n|t:|1783553703\n|switch|p1a: Wyrdeer|Wyrdeer, L87, F|100/100\n|-activate|p1a: Wyrdeer|move: Sticky Web\n|-unboost|p1a: Wyrdeer|spe|1\n|-ability|p1a: Wyrdeer|Intimidate|boost\n|-unboost|p2a: Heatran|atk|1\n|move|p2a: Heatran|Lava Plume|p1a: Wyrdeer\n|-damage|p1a: Wyrdeer|68/100\n|\n|-heal|p1a: Wyrdeer|75/100|[from] item: Leftovers\n|upkeep\n|turn|5\n|inactive|Time left: 300 sec this turn | 300 sec total\n|\n|t:|1783553704\n|move|p2a: Heatran|Lava Plume|p1a: Wyrdeer\n|-damage|p1a: Wyrdeer|44/100\n|move|p1a: Wyrdeer|Earthquake|p2a: Heatran\n|-supereffective|p2a: Heatran\n|-crit|p2a: Heatran\n|-damage|p2a: Heatran|0 fnt\n|faint|p2a: Heatran\n|\n|-heal|p1a: Wyrdeer|50/100|[from] item: Leftovers\n|upkeep\n|inactive|Time left: 300 sec this turn | 300 sec total | 5 sec grace\n|\n|t:|1783553705\n|switch|p2a: Kyogre|Kyogre, L71|259/259\n|-weather|RainDance|[from] ability: Drizzle|[of] p2a: Kyogre\n|turn|6\n|inactive|Time left: 300 sec this turn | 300 sec total\n|\n|t:|1783553706\n|switch|p1a: Shaymin|Shaymin, L82|100/100\n|-activate|p1a: Shaymin|move: Sticky Web\n|-unboost|p1a: Shaymin|spe|1\n|move|p2a: Kyogre|Origin Pulse|p1a: Shaymin\n|-resisted|p1a: Shaymin\n|-crit|p1a: Shaymin\n|-damage|p1a: Shaymin|60/100\n|\n|-weather|RainDance|[upkeep]\n|-heal|p1a: Shaymin|66/100|[from] item: Leftovers\n|upkeep\n|turn|7\n|inactive|Time left: 300 sec this turn | 300 sec total\n|\n|t:|1783553707\n|move|p2a: Kyogre|Calm Mind|p2a: Kyogre\n|-boost|p2a: Kyogre|spa|1\n|-boost|p2a: Kyogre|spd|1\n|move|p1a: Shaymin|Seed Flare|p2a: Kyogre\n|-supereffective|p2a: Kyogre\n|-damage|p2a: Kyogre|133/259\n|\n|-weather|RainDance|[upkeep]\n|-heal|p2a: Kyogre|149/259|[from] item: Leftovers\n|-heal|p1a: Shaymin|72/100|[from] item: Leftovers\n|upkeep\n|turn|8\n|inactive|Time left: 300 sec this turn | 300 sec total\n|\n|t:|1783553708\n|move|p2a: Kyogre|Origin Pulse|p1a: Shaymin\n|-resisted|p1a: Shaymin\n|-damage|p1a: Shaymin|28/100\n|move|p1a: Shaymin|Seed Flare|p2a: Kyogre\n|-supereffective|p2a: Kyogre\n|-damage|p2a: Kyogre|11/259\n|-unboost|p2a: Kyogre|spd|2\n|\n|-weather|RainDance|[upkeep]\n|-heal|p2a: Kyogre|27/259|[from] item: Leftovers\n|-heal|p1a: Shaymin|34/100|[from] item: Leftovers\n|upkeep\n|turn|9\n|inactive|Time left: 300 sec this turn | 300 sec total\n|\n|t:|1783553709\n|move|p2a: Kyogre|Origin Pulse|p1a: Shaymin\n|-resisted|p1a: Shaymin\n|-damage|p1a: Shaymin|0 fnt\n|faint|p1a: Shaymin\n|\n|-weather|RainDance|[upkeep]\n|-heal|p2a: Kyogre|43/259|[from] item: Leftovers\n|upkeep\n|\n|t:|1783553710\n|switch|p1a: Solgaleo|Solgaleo, L74|100/100\n|-activate|p1a: Solgaleo|move: Sticky Web\n|-fail|p1a: Solgaleo|unboost|[from] ability: Full Metal Body|[of] p1a: Solgaleo\n|turn|10\n|inactive|Time left: 300 sec this turn | 300 sec total\n|\n|t:|1783553711\n|switch|p2a: Palafin|Palafin-Hero, L77, F|281/281\n|-activate|p2a: Palafin|ability: Zero to Hero\n|move|p1a: Solgaleo|Sunsteel Strike|p2a: Palafin\n|-resisted|p2a: Palafin\n|-damage|p2a: Palafin|227/281\n|\n|-weather|none\n|upkeep\n|turn|11\n|inactive|Time left: 300 sec this turn | 300 sec total\n|\n|t:|1783553713\n|move|p2a: Palafin|Wave Crash|p1a: Solgaleo\n|-damage|p1a: Solgaleo|26/100\n|-damage|p2a: Palafin|147/281|[from] Recoil\n|move|p1a: Solgaleo|Knock Off|p2a: Palafin\n|-damage|p2a: Palafin|75/281\n|-enditem|p2a: Palafin|Choice Band|[from] move: Knock Off|[of] p1a: Solgaleo\n|\n|upkeep\n|turn|12\n|inactive|Time left: 300 sec this turn | 300 sec total\n|\n|t:|1783553714\n|switch|p1a: Wyrdeer|Wyrdeer, L87, F|50/100\n|-activate|p1a: Wyrdeer|move: Sticky Web\n|-unboost|p1a: Wyrdeer|spe|1\n|-ability|p1a: Wyrdeer|Intimidate|boost\n|-unboost|p2a: Palafin|atk|1\n|move|p2a: Palafin|Wave Crash|p1a: Wyrdeer\n|-damage|p1a: Wyrdeer|14/100\n|-damage|p2a: Palafin|37/281|[from] Recoil\n|\n|-heal|p1a: Wyrdeer|20/100|[from] item: Leftovers\n|upkeep\n|turn|13\n|inactive|Time left: 300 sec this turn | 300 sec total\n|\n|t:|1783553715\n|move|p2a: Palafin|Wave Crash|p1a: Wyrdeer\n|-damage|p1a: Wyrdeer|0 fnt\n|faint|p1a: Wyrdeer\n|-damage|p2a: Palafin|16/281|[from] Recoil\n|\n|upkeep\n|\n|t:|1783553716\n|switch|p1a: Trevenant|Trevenant, L89, F|29/100\n|-activate|p1a: Trevenant|move: Sticky Web\n|-unboost|p1a: Trevenant|spe|1\n|turn|14\n|inactive|Time left: 300 sec this turn | 300 sec total\n|\n|t:|1783553717\n|move|p2a: Palafin|Wave Crash|p1a: Trevenant\n|-resisted|p1a: Trevenant\n|-damage|p1a: Trevenant|8/100\n|-damage|p2a: Palafin|0 fnt|[from] Recoil\n|faint|p2a: Palafin\n|move|p1a: Trevenant|Drain Punch|p2: Palafin|[notarget]\n|-fail|p1a: Trevenant\n|\n|upkeep\n|inactive|Time left: 300 sec this turn | 300 sec total | 5 sec grace\n|\n|t:|1783553718\n|switch|p2a: Kyogre|Kyogre, L71|43/259\n|-weather|RainDance|[from] ability: Drizzle|[of] p2a: Kyogre\n|turn|15\n|inactive|Time left: 300 sec this turn | 300 sec total\n|\n|t:|1783553719\n|move|p2a: Kyogre|Ice Beam|p1a: Trevenant\n|-supereffective|p1a: Trevenant\n|-damage|p1a: Trevenant|0 fnt\n|faint|p1a: Trevenant\n|\n|-weather|RainDance|[upkeep]\n|-heal|p2a: Kyogre|59/259|[from] item: Leftovers\n|upkeep\n|\n|t:|1783553720\n|switch|p1a: Grafaiai|Grafaiai, L86, M|100/100\n|-activate|p1a: Grafaiai|move: Sticky Web\n|-unboost|p1a: Grafaiai|spe|1\n|turn|16\n|inactive|Time left: 300 sec this turn | 300 sec total\n|\n|t:|1783553721\n|move|p2a: Kyogre|Origin Pulse|p1a: Grafaiai\n|-damage|p1a: Grafaiai|44/100\n|move|p1a: Grafaiai|Knock Off|p2a: Kyogre\n|-damage|p2a: Kyogre|0 fnt\n|-enditem|p2a: Kyogre|Leftovers|[from] move: Knock Off|[of] p1a: Grafaiai\n|faint|p2a: Kyogre\n|\n|-weather|RainDance|[upkeep]\n|upkeep\n|inactive|Time left: 300 sec this turn | 300 sec total | 5 sec grace\n|\n|t:|1783553722\n|switch|p2a: Haxorus|Haxorus, L77, F|244/244\n|-ability|p2a: Haxorus|Mold Breaker\n|turn|17\n|inactive|Time left: 300 sec this turn | 300 sec total\n|\n|t:|1783553723\n|move|p2a: Haxorus|Swords Dance|p2a: Haxorus\n|-boost|p2a: Haxorus|atk|2\n|move|p1a: Grafaiai|Gunk Shot|p2a: Haxorus\n|-damage|p2a: Haxorus|115/244\n|\n|-weather|RainDance|[upkeep]\n|upkeep\n|turn|18\n|inactive|Time left: 300 sec this turn | 300 sec total\n|\n|t:|1783553724\n|move|p2a: Haxorus|Scale Shot|p1a: Grafaiai|[miss]\n|-miss|p2a: Haxorus|p1a: Grafaiai\n|move|p1a: Grafaiai|Knock Off|p2a: Haxorus\n|-damage|p2a: Haxorus|40/244\n|-enditem|p2a: Haxorus|Loaded Dice|[from] move: Knock Off|[of] p1a: Grafaiai\n|\n|-weather|RainDance|[upkeep]\n|upkeep\n|turn|19\n|inactive|Time left: 300 sec this turn | 300 sec total\n|\n|t:|1783553725\n|switch|p1a: Solgaleo|Solgaleo, L74|26/100\n|-activate|p1a: Solgaleo|move: Sticky Web\n|-fail|p1a: Solgaleo|unboost|[from] ability: Full Metal Body|[of] p1a: Solgaleo\n|move|p2a: Haxorus|Scale Shot|p1a: Solgaleo\n|-resisted|p1a: Solgaleo\n|-damage|p1a: Solgaleo|16/100\n|-resisted|p1a: Solgaleo\n|-damage|p1a: Solgaleo|7/100\n|-resisted|p1a: Solgaleo\n|-damage|p1a: Solgaleo|0 fnt\n|faint|p1a: Solgaleo\n|-hitcount|p1: Solgaleo|3\n|-unboost|p2a: Haxorus|def|1\n|-boost|p2a: Haxorus|spe|1\n|\n|-weather|none\n|upkeep\n|\n|t:|1783553726\n|switch|p1a: Seviper|Seviper, L93, F|100/100\n|-activate|p1a: Seviper|move: Sticky Web\n|-unboost|p1a: Seviper|spe|1\n|turn|20\n|inactive|Time left: 300 sec this turn | 300 sec total\n|\n|t:|1783553727\n|-terastallize|p2a: Haxorus|Steel\n|-terastallize|p1a: Seviper|Dark\n|move|p2a: Haxorus|Iron Head|p1a: Seviper\n|-damage|p1a: Seviper|18/100\n|cant|p1a: Seviper|flinch\n|\n|upkeep\n|turn|21\n|inactive|Time left: 300 sec this turn | 300 sec total\n|\n|t:|1783553728\n|move|p2a: Haxorus|Close Combat|p1a: Seviper\n|-supereffective|p1a: Seviper\n|-crit|p1a: Seviper\n|-damage|p1a: Seviper|0 fnt\n|-unboost|p2a: Haxorus|def|1\n|-unboost|p2a: Haxorus|spd|1\n|faint|p1a: Seviper\n|\n|upkeep\n|\n|t:|1783553729\n|switch|p1a: Grafaiai|Grafaiai, L86, M|44/100\n|-activate|p1a: Grafaiai|move: Sticky Web\n|-unboost|p1a: Grafaiai|spe|1\n|turn|22\n|inactive|Time left: 300 sec this turn | 300 sec total\n|\n|t:|1783553730\n|move|p2a: Haxorus|Iron Head|p1a: Grafaiai\n|-damage|p1a: Grafaiai|0 fnt\n|faint|p1a: Grafaiai\n|\n|win|p0y11833474", "uploadtime": 1783553730, "views": 0, "rating": 0, "private": 0, "password": null, "_winner": "p0y11833474", "_our_name": "p0y11833474"}