{"id": "battle-gen9randombattle-622", "formatid": "gen9randombattle", "format": "[Gen 9] Random Battle", "players": ["p0x622edd9", "p0y622d9e7"], "log": "|init|battle\n|title|p0x622edd9 vs. p0y622d9e7\n|j|\u2606p0x622edd9\n|j|\u2606p0y622d9e7\n|t:|1783546341\n|gametype|singles\n|player|p1|p0x622edd9|265|\n|player|p2|p0y622d9e7|265|\n|gen|9\n|tier|[Gen 9] Random Battle\n|rule|Species Clause: Limit one of each Pok\u00e9mon\n|rule|HP Percentage Mod: HP is shown in percentages\n|rule|Sleep Clause Mod: Limit one foe put to sleep\n|rule|Illusion Level Mod: Illusion disguises the Pok\u00e9mon's true level\n|\n|t:|1783546341\n|teamsize|p1|6\n|teamsize|p2|6\n|start\n|switch|p1a: Palkia|Palkia, L75|259/259\n|switch|p2a: Conkeldurr|Conkeldurr, L80, M|100/100\n|-ability|p1a: Palkia|Pressure\n|turn|1\n|inactive|Battle timer is ON: inactive players will automatically lose when time's up. (requested by p0x622edd9)\n|inactive|p0y622d9e7 also wants the timer to be on.\n|\n|t:|1783546343\n|move|p1a: Palkia|Draco Meteor|p2a: Conkeldurr\n|-damage|p2a: Conkeldurr|0 fnt\n|-unboost|p1a: Palkia|spa|2\n|faint|p2a: Conkeldurr\n|\n|upkeep\n|\n|t:|1783546344\n|switch|p2a: Oricorio|Oricorio-Pa'u, L87, M|100/100\n|turn|2\n|inactive|Time left: 300 sec this turn | 300 sec total\n|\n|t:|1783546345\n|switch|p1a: Banette|Banette, L93, M|270/270\n|move|p2a: Oricorio|Quiver Dance|p2a: Oricorio\n|-boost|p2a: Oricorio|spa|1\n|-boost|p2a: Oricorio|spd|1\n|-boost|p2a: Oricorio|spe|1\n|\n|upkeep\n|turn|3\n|inactive|Time left: 300 sec this turn | 300 sec total\n|\n|t:|1783546346\n|-terastallize|p2a: Oricorio|Ground\n|move|p2a: Oricorio|Hurricane|p1a: Banette\n|-damage|p1a: Banette|57/270\n|move|p1a: Banette|Poltergeist|p2a: Oricorio\n|-activate|p2a: Oricorio|move: Poltergeist|Heavy-Duty Boots\n|-damage|p2a: Oricorio|9/100\n|-damage|p1a: Banette|30/270|[from] item: Life Orb\n|\n|upkeep\n|turn|4\n|inactive|Time left: 300 sec this turn | 300 sec total\n|\n|t:|1783546347\n|move|p1a: Banette|Shadow Sneak|p2a: Oricorio\n|-damage|p2a: Oricorio|0 fnt\n|faint|p2a: Oricorio\n|-damage|p1a: Banette|3/270|[from] item: Life Orb\n|\n|upkeep\n|\n|t:|1783546347\n|switch|p2a: Ogerpon|Ogerpon-Wellspring, L76, F|100/100\n|turn|5\n|inactive|Time left: 300 sec this turn | 300 sec total\n|\n|t:|1783546348\n|move|p1a: Banette|Shadow Sneak|p2a: Ogerpon\n|-damage|p2a: Ogerpon|67/100\n|-damage|p1a: Banette|0 fnt|[from] item: Life Orb\n|faint|p1a: Banette\n|move|p2a: Ogerpon|Knock Off|p1: Banette|[notarget]\n|-fail|p2a: Ogerpon\n|\n|upkeep\n|inactive|Time left: 300 sec this turn | 300 sec total | 5 sec grace\n|\n|t:|1783546349\n|switch|p1a: Maushold|Maushold-Four, L76|238/238\n|turn|6\n|inactive|Time left: 300 sec this turn | 300 sec total\n|\n|t:|1783546350\n|switch|p2a: Diancie|Diancie, L82|100/100\n|move|p1a: Maushold|Population Bomb|p2a: Diancie\n|-resisted|p2a: Diancie\n|-damage|p2a: Diancie|96/100\n|-resisted|p2a: Diancie\n|-damage|p2a: Diancie|93/100\n|-resisted|p2a: Diancie\n|-damage|p2a: Diancie|89/100\n|-resisted|p2a: Diancie\n|-damage|p2a: Diancie|86/100\n|-resisted|p2a: Diancie\n|-damage|p2a: Diancie|82/100\n|-resisted|p2a: Diancie\n|-damage|p2a: Diancie|79/100\n|-resisted|p2a: Diancie\n|-damage|p2a: Diancie|75/100\n|-resisted|p2a: Diancie\n|-damage|p2a: Diancie|72/100\n|-resisted|p2a: Diancie\n|-damage|p2a: Diancie|69/100\n|-resisted|p2a: Diancie\n|-damage|p2a: Diancie|65/100\n|-hitcount|p2a: Diancie|10\n|\n|-heal|p2a: Diancie|71/100|[from] item: Leftovers\n|upkeep\n|turn|7\n|inactive|Time left: 300 sec this turn | 300 sec total\n|\n|t:|1783546350\n|switch|p1a: Palkia|Palkia, L75|259/259\n|-ability|p1a: Palkia|Pressure\n|move|p2a: Diancie|Diamond Storm|p1a: Palkia\n|-crit|p1a: Palkia\n|-damage|p1a: Palkia|117/259\n|\n|-heal|p2a: Diancie|77/100|[from] item: Leftovers\n|upkeep\n|turn|8\n|inactive|Time left: 300 sec this turn | 300 sec total\n|\n|t:|1783546351\n|switch|p2a: Chansey|Chansey, L85, F|100/100\n|move|p1a: Palkia|Hydro Pump|p2a: Chansey\n|-damage|p2a: Chansey|79/100\n|\n|upkeep\n|turn|9\n|inactive|Time left: 300 sec this turn | 300 sec total\n|\n|t:|1783546352\n|switch|p1a: Maushold|Maushold-Four, L76|238/238\n|move|p2a: Chansey|Stealth Rock|p1a: Maushold\n|-sidestart|p1: p0x622edd9|move: Stealth Rock\n|\n|upkeep\n|turn|10\n|inactive|Time left: 300 sec this turn | 300 sec total\n|\n|t:|1783546353\n|switch|p2a: Diancie|Diancie, L82|77/100\n|move|p1a: Maushold|Population Bomb|p2a: Diancie\n|-resisted|p2a: Diancie\n|-damage|p2a: Diancie|74/100\n|-resisted|p2a: Diancie\n|-damage|p2a: Diancie|70/100\n|-resisted|p2a: Diancie\n|-damage|p2a: Diancie|66/100\n|-resisted|p2a: Diancie\n|-damage|p2a: Diancie|62/100\n|-resisted|p2a: Diancie\n|-crit|p2a: Diancie\n|-damage|p2a: Diancie|57/100\n|-resisted|p2a: Diancie\n|-damage|p2a: Diancie|53/100\n|-resisted|p2a: Diancie\n|-damage|p2a: Diancie|50/100\n|-resisted|p2a: Diancie\n|-damage|p2a: Diancie|46/100\n|-resisted|p2a: Diancie\n|-damage|p2a: Diancie|43/100\n|-resisted|p2a: Diancie\n|-damage|p2a: Diancie|39/100\n|-hitcount|p2a: Diancie|10\n|\n|-heal|p2a: Diancie|45/100|[from] item: Leftovers\n|upkeep\n|turn|11\n|inactive|Time left: 300 sec this turn | 300 sec total\n|\n|t:|1783546354\n|move|p1a: Maushold|Population Bomb|p2a: Diancie\n|-resisted|p2a: Diancie\n|-damage|p2a: Diancie|42/100\n|-resisted|p2a: Diancie\n|-damage|p2a: Diancie|38/100\n|-resisted|p2a: Diancie\n|-damage|p2a: Diancie|35/100\n|-resisted|p2a: Diancie\n|-damage|p2a: Diancie|31/100\n|-resisted|p2a: Diancie\n|-damage|p2a: Diancie|27/100\n|-resisted|p2a: Diancie\n|-damage|p2a: Diancie|24/100\n|-resisted|p2a: Diancie\n|-damage|p2a: Diancie|20/100\n|-resisted|p2a: Diancie\n|-damage|p2a: Diancie|17/100\n|-resisted|p2a: Diancie\n|-damage|p2a: Diancie|13/100\n|-resisted|p2a: Diancie\n|-damage|p2a: Diancie|10/100\n|-hitcount|p2a: Diancie|10\n|move|p2a: Diancie|Diamond Storm|p1a: Maushold\n|-damage|p1a: Maushold|94/238\n|-boost|p2a: Diancie|def|2\n|\n|-heal|p2a: Diancie|16/100|[from] item: Leftovers\n|upkeep\n|turn|12\n|inactive|Time left: 300 sec this turn | 300 sec total\n|\n|t:|1783546355\n|move|p1a: Maushold|Population Bomb|p2a: Diancie\n|-resisted|p2a: Diancie\n|-damage|p2a: Diancie|14/100\n|-resisted|p2a: Diancie\n|-damage|p2a: Diancie|13/100\n|-resisted|p2a: Diancie\n|-damage|p2a: Diancie|11/100\n|-resisted|p2a: Diancie\n|-damage|p2a: Diancie|9/100\n|-resisted|p2a: Diancie\n|-damage|p2a: Diancie|7/100\n|-resisted|p2a: Diancie\n|-damage|p2a: Diancie|5/100\n|-resisted|p2a: Diancie\n|-damage|p2a: Diancie|3/100\n|-resisted|p2a: Diancie\n|-damage|p2a: Diancie|2/100\n|-resisted|p2a: Diancie\n|-damage|p2a: Diancie|0 fnt\n|faint|p2a: Diancie\n|-hitcount|p2: Diancie|9\n|\n|upkeep\n|\n|t:|1783546356\n|switch|p2a: Vaporeon|Vaporeon, L86, F|100/100\n|turn|13\n|inactive|Time left: 300 sec this turn | 300 sec total\n|\n|t:|1783546356\n|move|p1a: Maushold|Population Bomb|p2a: Vaporeon\n|-damage|p2a: Vaporeon|93/100\n|-damage|p2a: Vaporeon|85/100\n|-damage|p2a: Vaporeon|78/100\n|-damage|p2a: Vaporeon|69/100\n|-damage|p2a: Vaporeon|61/100\n|-damage|p2a: Vaporeon|54/100\n|-damage|p2a: Vaporeon|46/100\n|-damage|p2a: Vaporeon|38/100\n|-damage|p2a: Vaporeon|31/100\n|-hitcount|p2a: Vaporeon|9\n|move|p2a: Vaporeon|Scald|p1a: Maushold\n|-damage|p1a: Maushold|0 fnt\n|faint|p1a: Maushold\n|\n|-heal|p2a: Vaporeon|37/100|[from] item: Leftovers\n|upkeep\n|inactive|Time left: 300 sec this turn | 300 sec total | 5 sec grace\n|\n|t:|1783546357\n|switch|p1a: Trevenant|Trevenant, L89, M|296/296\n|-damage|p1a: Trevenant|259/296|[from] Stealth Rock\n|turn|14\n|inactive|Time left: 300 sec this turn | 300 sec total\n|\n|t:|1783546358\n|move|p2a: Vaporeon|Protect|p2a: Vaporeon\n|-singleturn|p2a: Vaporeon|Protect\n|move|p1a: Trevenant|Poltergeist|p2a: Vaporeon\n|-activate|p2a: Vaporeon|move: Protect\n|\n|-heal|p2a: Vaporeon|43/100|[from] item: Leftovers\n|upkeep\n|turn|15\n|inactive|Time left: 300 sec this turn | 300 sec total\n|\n|t:|1783546359\n|move|p2a: Vaporeon|Wish|p2a: Vaporeon\n|move|p1a: Trevenant|Poltergeist|p2a: Vaporeon\n|-activate|p2a: Vaporeon|move: Poltergeist|Leftovers\n|-crit|p2a: Vaporeon\n|-damage|p2a: Vaporeon|0 fnt\n|faint|p2a: Vaporeon\n|\n|upkeep\n|\n|t:|1783546360\n|switch|p2a: Ogerpon|Ogerpon-Wellspring, L76, F|67/100\n|turn|16\n|inactive|Time left: 300 sec this turn | 300 sec total\n|\n|t:|1783546361\n|move|p2a: Ogerpon|Horn Leech|p1a: Trevenant\n|-resisted|p1a: Trevenant\n|-damage|p1a: Trevenant|210/296\n|-heal|p2a: Ogerpon|77/100|[from] drain|[of] p1a: Trevenant\n|move|p1a: Trevenant|Poltergeist|p2a: Ogerpon|[miss]\n|-miss|p1a: Trevenant|p2a: Ogerpon\n|\n|-heal|p2a: Ogerpon|100/100|[from] move: Wish|[wisher] Vaporeon\n|upkeep\n|turn|17\n|inactive|Time left: 300 sec this turn | 300 sec total\n|\n|t:|1783546363\n|move|p2a: Ogerpon|Knock Off|p1a: Trevenant\n|-supereffective|p1a: Trevenant\n|-damage|p1a: Trevenant|42/296\n|-enditem|p1a: Trevenant|Sitrus Berry|[from] move: Knock Off|[of] p2a: Ogerpon\n|move|p1a: Trevenant|Poltergeist|p2a: Ogerpon\n|-activate|p2a: Ogerpon|move: Poltergeist|Wellspring Mask\n|-damage|p2a: Ogerpon|39/100\n|\n|upkeep\n|turn|18\n|inactive|Time left: 300 sec this turn | 300 sec total\n|\n|t:|1783546364\n|move|p1a: Trevenant|Protect|p1a: Trevenant\n|-singleturn|p1a: Trevenant|Protect\n|move|p2a: Ogerpon|Horn Leech|p1a: Trevenant\n|-activate|p1a: Trevenant|move: Protect\n|\n|upkeep\n|turn|19\n|inactive|Time left: 300 sec this turn | 300 sec total\n|\n|t:|1783546365\n|switch|p1a: Dachsbun|Dachsbun, L92, F|254/254\n|-damage|p1a: Dachsbun|223/254|[from] Stealth Rock\n|move|p2a: Ogerpon|Horn Leech|p1a: Dachsbun\n|-damage|p1a: Dachsbun|159/254\n|-heal|p2a: Ogerpon|52/100|[from] drain|[of] p1a: Dachsbun\n|\n|-heal|p1a: Dachsbun|174/254|[from] item: Leftovers\n|upkeep\n|turn|20\n|inactive|Time left: 300 sec this turn | 300 sec total\n|\n|t:|1783546366\n|move|p1a: Dachsbun|Play Rough|p2a: Ogerpon\n|-damage|p2a: Ogerpon|7/100\n|move|p2a: Ogerpon|Horn Leech|p1a: Dachsbun\n|-damage|p1a: Dachsbun|110/254\n|-heal|p2a: Ogerpon|20/100|[from] drain|[of] p1a: Dachsbun\n|\n|-heal|p1a: Dachsbun|125/254|[from] item: Leftovers\n|upkeep\n|turn|21\n|inactive|Time left: 300 sec this turn | 300 sec total\n|\n|t:|1783546367\n|move|p1a: Dachsbun|Play Rough|p2a: Ogerpon\n|-damage|p2a: Ogerpon|0 fnt\n|faint|p2a: Ogerpon\n|\n|-heal|p1a: Dachsbun|140/254|[from] item: Leftovers\n|upkeep\n|\n|t:|1783546368\n|switch|p2a: Chansey|Chansey, L85, F|79/100\n|turn|22\n|inactive|Time left: 300 sec this turn | 300 sec total\n|\n|t:|1783546369\n|switch|p1a: Trevenant|Trevenant, L89, M|42/296\n|-damage|p1a: Trevenant|5/296|[from] Stealth Rock\n|move|p2a: Chansey|Thunder Wave|p1a: Trevenant\n|-status|p1a: Trevenant|par\n|\n|upkeep\n|turn|23\n|inactive|Time left: 300 sec this turn | 300 sec total\n|\n|t:|1783546370\n|move|p2a: Chansey|Soft-Boiled|p2a: Chansey\n|-heal|p2a: Chansey|100/100\n|move|p1a: Trevenant|Drain Punch|p2a: Chansey\n|-supereffective|p2a: Chansey\n|-damage|p2a: Chansey|43/100\n|-heal|p1a: Trevenant|168/296 par|[from] drain|[of] p2a: Chansey\n|\n|upkeep\n|turn|24\n|inactive|Time left: 300 sec this turn | 300 sec total\n|\n|t:|1783546371\n|-terastallize|p1a: Trevenant|Fighting\n|move|p2a: Chansey|Soft-Boiled|p2a: Chansey\n|-heal|p2a: Chansey|93/100\n|move|p1a: Trevenant|Drain Punch|p2a: Chansey\n|-supereffective|p2a: Chansey\n|-damage|p2a: Chansey|18/100\n|-heal|p1a: Trevenant|296/296 par|[from] drain|[of] p2a: Chansey\n|\n|upkeep\n|turn|25\n|inactive|Time left: 300 sec this turn | 300 sec total\n|\n|t:|1783546372\n|move|p2a: Chansey|Soft-Boiled|p2a: Chansey\n|-heal|p2a: Chansey|68/100\n|move|p1a: Trevenant|Drain Punch|p2a: Chansey\n|-supereffective|p2a: Chansey\n|-damage|p2a: Chansey|0 fnt\n|faint|p2a: Chansey\n|\n|win|p0x622edd9", "uploadtime": 1783546372, "views": 0, "rating": 0, "private": 0, "password": null, "_winner": "p0x622edd9", "_our_name": "p0x622edd9"}