{"id": "battle-gen9randombattle-247", "formatid": "gen9randombattle", "format": "[Gen 9] Random Battle", "players": ["p0x247234c", "p0y2470266"], "log": "|init|battle\n|title|p0x247234c vs. p0y2470266\n|j|\u2606p0x247234c\n|j|\u2606p0y2470266\n|t:|1783541959\n|gametype|singles\n|player|p1|p0x247234c|101|\n|player|p2|p0y2470266|266|\n|gen|9\n|tier|[Gen 9] Random Battle\n|rule|Species Clause: Limit one of each Pok\u00e9mon\n|rule|HP Percentage Mod: HP is shown in percentages\n|rule|Sleep Clause Mod: Limit one foe put to sleep\n|rule|Illusion Level Mod: Illusion disguises the Pok\u00e9mon's true level\n|\n|t:|1783541959\n|teamsize|p1|6\n|teamsize|p2|6\n|start\n|switch|p1a: Alcremie|Alcremie-Matcha-Cream, L90, F|100/100\n|switch|p2a: Mightyena|Mightyena, L96, F|290/290\n|-ability|p2a: Mightyena|Intimidate|boost\n|-unboost|p1a: Alcremie|atk|1\n|turn|1\n|inactive|Battle timer is ON: inactive players will automatically lose when time's up. (requested by p0y2470266)\n|inactive|p0x247234c also wants the timer to be on.\n|\n|t:|1783541961\n|move|p2a: Mightyena|Crunch|p1a: Alcremie\n|-resisted|p1a: Alcremie\n|-damage|p1a: Alcremie|81/100\n|-unboost|p1a: Alcremie|def|1\n|move|p1a: Alcremie|Alluring Voice|p2a: Mightyena\n|-supereffective|p2a: Mightyena\n|-damage|p2a: Mightyena|132/290\n|\n|-heal|p1a: Alcremie|87/100|[from] item: Leftovers\n|upkeep\n|turn|2\n|inactive|Time left: 300 sec this turn | 300 sec total\n|\n|t:|1783541963\n|move|p2a: Mightyena|Poison Fang|p1a: Alcremie\n|-supereffective|p1a: Alcremie\n|-damage|p1a: Alcremie|34/100\n|move|p1a: Alcremie|Alluring Voice|p2a: Mightyena\n|-supereffective|p2a: Mightyena\n|-crit|p2a: Mightyena\n|-damage|p2a: Mightyena|0 fnt\n|faint|p2a: Mightyena\n|\n|-heal|p1a: Alcremie|40/100|[from] item: Leftovers\n|upkeep\n|inactive|Time left: 300 sec this turn | 300 sec total | 5 sec grace\n|\n|t:|1783541964\n|switch|p2a: Crabominable|Crabominable, L90, F|321/321\n|turn|3\n|inactive|Time left: 300 sec this turn | 300 sec total\n|\n|t:|1783541965\n|move|p1a: Alcremie|Alluring Voice|p2a: Crabominable\n|-supereffective|p2a: Crabominable\n|-damage|p2a: Crabominable|147/321\n|move|p2a: Crabominable|Drain Punch|p1a: Alcremie\n|-resisted|p1a: Alcremie\n|-damage|p1a: Alcremie|0 fnt\n|-heal|p2a: Crabominable|199/321|[from] drain|[of] p1a: Alcremie\n|faint|p1a: Alcremie\n|\n|upkeep\n|\n|t:|1783541966\n|switch|p1a: Articuno|Articuno-Galar, L84|100/100\n|turn|4\n|inactive|Time left: 300 sec this turn | 300 sec total\n|\n|t:|1783541967\n|move|p1a: Articuno|Hurricane|p2a: Crabominable|[miss]\n|-miss|p1a: Articuno|p2a: Crabominable\n|move|p2a: Crabominable|Ice Hammer|p1a: Articuno\n|-supereffective|p1a: Articuno\n|-damage|p1a: Articuno|0 fnt\n|-unboost|p2a: Crabominable|spe|1\n|faint|p1a: Articuno\n|\n|upkeep\n|\n|t:|1783541968\n|switch|p1a: Primarina|Primarina, L83, M|100/100\n|turn|5\n|inactive|Time left: 300 sec this turn | 300 sec total\n|\n|t:|1783541969\n|switch|p2a: Jirachi|Jirachi, L80|291/291\n|move|p1a: Primarina|Calm Mind|p1a: Primarina\n|-boost|p1a: Primarina|spa|1\n|-boost|p1a: Primarina|spd|1\n|\n|upkeep\n|turn|6\n|inactive|Time left: 300 sec this turn | 300 sec total\n|\n|t:|1783541970\n|move|p2a: Jirachi|Iron Head|p1a: Primarina\n|-damage|p1a: Primarina|63/100\n|cant|p1a: Primarina|flinch\n|\n|-heal|p1a: Primarina|69/100|[from] item: Leftovers\n|upkeep\n|turn|7\n|inactive|Time left: 300 sec this turn | 300 sec total\n|\n|t:|1783541971\n|move|p2a: Jirachi|Iron Head|p1a: Primarina\n|-damage|p1a: Primarina|33/100\n|move|p1a: Primarina|Sparkling Aria|p2a: Jirachi\n|-damage|p2a: Jirachi|51/291\n|\n|-heal|p2a: Jirachi|69/291|[from] item: Leftovers\n|-heal|p1a: Primarina|39/100|[from] item: Leftovers\n|upkeep\n|turn|8\n|inactive|Time left: 300 sec this turn | 300 sec total\n|\n|t:|1783541972\n|move|p2a: Jirachi|Iron Head|p1a: Primarina\n|-damage|p1a: Primarina|3/100\n|move|p1a: Primarina|Sparkling Aria|p2a: Jirachi\n|-damage|p2a: Jirachi|0 fnt\n|faint|p2a: Jirachi\n|\n|-heal|p1a: Primarina|9/100|[from] item: Leftovers\n|upkeep\n|inactive|Time left: 300 sec this turn | 300 sec total | 5 sec grace\n|\n|t:|1783541973\n|switch|p2a: Hoopa|Hoopa, L85|275/275\n|turn|9\n|inactive|Time left: 300 sec this turn | 300 sec total\n|\n|t:|1783541974\n|move|p2a: Hoopa|Psychic|p1a: Primarina\n|-damage|p1a: Primarina|0 fnt\n|faint|p1a: Primarina\n|\n|upkeep\n|\n|t:|1783541975\n|switch|p1a: Vespiquen|Vespiquen, L99, F|100/100\n|-ability|p1a: Vespiquen|Pressure\n|turn|10\n|inactive|Time left: 300 sec this turn | 300 sec total\n|\n|t:|1783541976\n|move|p2a: Hoopa|Psychic|p1a: Vespiquen\n|-damage|p1a: Vespiquen|61/100\n|move|p1a: Vespiquen|Toxic Spikes|p2a: Hoopa\n|-sidestart|p2: p0y2470266|move: Toxic Spikes\n|\n|upkeep\n|turn|11\n|inactive|Time left: 300 sec this turn | 300 sec total\n|\n|t:|1783541976\n|move|p2a: Hoopa|Psychic|p1a: Vespiquen\n|-damage|p1a: Vespiquen|27/100\n|move|p1a: Vespiquen|Roost|p1a: Vespiquen\n|-heal|p1a: Vespiquen|77/100\n|-singleturn|p1a: Vespiquen|move: Roost\n|\n|upkeep\n|turn|12\n|inactive|Time left: 300 sec this turn | 300 sec total\n|\n|t:|1783541977\n|move|p2a: Hoopa|Psychic|p1a: Vespiquen\n|-damage|p1a: Vespiquen|42/100\n|move|p1a: Vespiquen|Roost|p1a: Vespiquen\n|-heal|p1a: Vespiquen|92/100\n|-singleturn|p1a: Vespiquen|move: Roost\n|\n|upkeep\n|turn|13\n|inactive|Time left: 300 sec this turn | 300 sec total\n|\n|t:|1783541978\n|move|p2a: Hoopa|Psychic|p1a: Vespiquen\n|-damage|p1a: Vespiquen|54/100\n|move|p1a: Vespiquen|Spikes|p2a: Hoopa\n|-sidestart|p2: p0y2470266|Spikes\n|\n|upkeep\n|turn|14\n|inactive|Time left: 300 sec this turn | 300 sec total\n|\n|t:|1783541979\n|move|p2a: Hoopa|Psychic|p1a: Vespiquen\n|-damage|p1a: Vespiquen|20/100\n|move|p1a: Vespiquen|Roost|p1a: Vespiquen\n|-heal|p1a: Vespiquen|70/100\n|-singleturn|p1a: Vespiquen|move: Roost\n|\n|upkeep\n|turn|15\n|inactive|Time left: 300 sec this turn | 300 sec total\n|\n|t:|1783541980\n|move|p2a: Hoopa|Psychic|p1a: Vespiquen\n|-damage|p1a: Vespiquen|31/100\n|-unboost|p1a: Vespiquen|spd|1\n|move|p1a: Vespiquen|Roost|p1a: Vespiquen\n|-heal|p1a: Vespiquen|81/100\n|-singleturn|p1a: Vespiquen|move: Roost\n|\n|upkeep\n|turn|16\n|inactive|Time left: 300 sec this turn | 300 sec total\n|\n|t:|1783541982\n|move|p2a: Hoopa|Psychic|p1a: Vespiquen\n|-damage|p1a: Vespiquen|25/100\n|move|p1a: Vespiquen|Roost|p1a: Vespiquen\n|-heal|p1a: Vespiquen|75/100\n|-singleturn|p1a: Vespiquen|move: Roost\n|\n|upkeep\n|turn|17\n|inactive|Time left: 300 sec this turn | 300 sec total\n|\n|t:|1783541983\n|switch|p1a: Azelf|Azelf, L82|100/100\n|move|p2a: Hoopa|Psychic|p1a: Azelf\n|-resisted|p1a: Azelf\n|-damage|p1a: Azelf|66/100\n|\n|upkeep\n|turn|18\n|inactive|Time left: 300 sec this turn | 300 sec total\n|\n|t:|1783541984\n|-activate|p2a: Hoopa|move: Struggle\n|move|p2a: Hoopa|Struggle|p1a: Azelf\n|-damage|p1a: Azelf|51/100\n|-damage|p2a: Hoopa|206/275|[from] recoil\n|move|p1a: Azelf|Nasty Plot|p1a: Azelf\n|-boost|p1a: Azelf|spa|2\n|\n|upkeep\n|turn|19\n|inactive|Time left: 300 sec this turn | 300 sec total\n|\n|t:|1783541985\n|-activate|p2a: Hoopa|move: Struggle\n|move|p2a: Hoopa|Struggle|p1a: Azelf\n|-damage|p1a: Azelf|36/100\n|-damage|p2a: Hoopa|137/275|[from] recoil\n|move|p1a: Azelf|Nasty Plot|p1a: Azelf\n|-boost|p1a: Azelf|spa|2\n|\n|upkeep\n|turn|20\n|inactive|Time left: 300 sec this turn | 300 sec total\n|\n|t:|1783541986\n|-activate|p2a: Hoopa|move: Struggle\n|move|p2a: Hoopa|Struggle|p1a: Azelf\n|-damage|p1a: Azelf|22/100\n|-damage|p2a: Hoopa|68/275|[from] recoil\n|move|p1a: Azelf|Nasty Plot|p1a: Azelf\n|-boost|p1a: Azelf|spa|2\n|\n|upkeep\n|turn|21\n|inactive|Time left: 300 sec this turn | 300 sec total\n|\n|t:|1783541987\n|-activate|p2a: Hoopa|move: Struggle\n|move|p2a: Hoopa|Struggle|p1a: Azelf\n|-damage|p1a: Azelf|6/100\n|-damage|p2a: Hoopa|0 fnt|[from] recoil\n|faint|p2a: Hoopa\n|move|p1a: Azelf|Nasty Plot|p1a: Azelf\n|-boost|p1a: Azelf|spa|0\n|\n|upkeep\n|inactive|Time left: 300 sec this turn | 300 sec total | 5 sec grace\n|\n|t:|1783541988\n|switch|p2a: Crawdaunt|Crawdaunt, L84, F|243/243\n|-status|p2a: Crawdaunt|psn\n|-damage|p2a: Crawdaunt|213/243 psn|[from] Spikes\n|turn|22\n|inactive|Time left: 300 sec this turn | 300 sec total\n|\n|t:|1783541989\n|move|p2a: Crawdaunt|Aqua Jet|p1a: Azelf\n|-damage|p1a: Azelf|0 fnt\n|faint|p1a: Azelf\n|\n|-damage|p2a: Crawdaunt|183/243 psn|[from] psn\n|upkeep\n|\n|t:|1783541990\n|switch|p1a: Vileplume|Vileplume, L85, M|100/100\n|turn|23\n|inactive|Time left: 300 sec this turn | 300 sec total\n|\n|t:|1783541991\n|switch|p2a: Crabominable|Crabominable, L90, F|199/321\n|-status|p2a: Crabominable|psn\n|-damage|p2a: Crabominable|159/321 psn|[from] Spikes\n|move|p1a: Vileplume|Sludge Bomb|p2a: Crabominable\n|-damage|p2a: Crabominable|72/321 psn\n|\n|-damage|p2a: Crabominable|32/321 psn|[from] psn\n|upkeep\n|turn|24\n|inactive|Time left: 300 sec this turn | 300 sec total\n|\n|t:|1783541992\n|move|p1a: Vileplume|Giga Drain|p2a: Crabominable\n|-crit|p2a: Crabominable\n|-damage|p2a: Crabominable|0 fnt\n|faint|p2a: Crabominable\n|\n|upkeep\n|inactive|Time left: 300 sec this turn | 300 sec total | 5 sec grace\n|\n|t:|1783541993\n|switch|p2a: Crawdaunt|Crawdaunt, L84, F|183/243 psn\n|-damage|p2a: Crawdaunt|153/243 psn|[from] Spikes\n|turn|25\n|inactive|Time left: 300 sec this turn | 300 sec total\n|\n|t:|1783541994\n|move|p2a: Crawdaunt|Knock Off|p1a: Vileplume\n|-damage|p1a: Vileplume|8/100\n|-enditem|p1a: Vileplume|Leftovers|[from] move: Knock Off|[of] p2a: Crawdaunt\n|move|p1a: Vileplume|Giga Drain|p2a: Crawdaunt\n|-supereffective|p2a: Crawdaunt\n|-damage|p2a: Crawdaunt|0 fnt\n|-heal|p1a: Vileplume|37/100|[from] drain|[of] p2a: Crawdaunt\n|faint|p2a: Crawdaunt\n|\n|upkeep\n|inactive|Time left: 300 sec this turn | 300 sec total | 5 sec grace\n|\n|t:|1783541995\n|switch|p2a: Phione|Phione, L91|293/293\n|-status|p2a: Phione|psn\n|-damage|p2a: Phione|257/293 psn|[from] Spikes\n|turn|26\n|inactive|Time left: 300 sec this turn | 300 sec total\n|\n|t:|1783541996\n|-terastallize|p1a: Vileplume|Steel\n|move|p2a: Phione|Ice Beam|p1a: Vileplume\n|-resisted|p1a: Vileplume\n|-damage|p1a: Vileplume|26/100\n|move|p1a: Vileplume|Strength Sap|p2a: Phione\n|-unboost|p2a: Phione|atk|1\n|-heal|p1a: Vileplume|82/100\n|\n|-heal|p2a: Phione|275/293 psn|[from] item: Leftovers\n|-damage|p2a: Phione|239/293 psn|[from] psn\n|upkeep\n|turn|27\n|inactive|Time left: 300 sec this turn | 300 sec total\n|\n|t:|1783541997\n|-terastallize|p2a: Phione|Steel\n|move|p2a: Phione|Scald|p1a: Vileplume\n|-damage|p1a: Vileplume|54/100\n|move|p1a: Vileplume|Leech Seed|p2a: Phione|[miss]\n|-miss|p1a: Vileplume|p2a: Phione\n|\n|-heal|p2a: Phione|257/293 psn|[from] item: Leftovers\n|-damage|p2a: Phione|221/293 psn|[from] psn\n|upkeep\n|turn|28\n|inactive|Time left: 300 sec this turn | 300 sec total\n|\n|t:|1783541998\n|move|p2a: Phione|Scald|p1a: Vileplume\n|-damage|p1a: Vileplume|21/100\n|move|p1a: Vileplume|Leech Seed|p2a: Phione\n|-start|p2a: Phione|move: Leech Seed\n|\n|-heal|p2a: Phione|239/293 psn|[from] item: Leftovers\n|-damage|p2a: Phione|203/293 psn|[from] Leech Seed|[of] p1a: Vileplume\n|-heal|p1a: Vileplume|34/100|[silent]\n|-damage|p2a: Phione|167/293 psn|[from] psn\n|upkeep\n|turn|29\n|inactive|Time left: 300 sec this turn | 300 sec total\n|\n|t:|1783541999\n|move|p2a: Phione|Scald|p1a: Vileplume\n|-damage|p1a: Vileplume|3/100\n|move|p1a: Vileplume|Giga Drain|p2a: Phione\n|-resisted|p2a: Phione\n|-damage|p2a: Phione|123/293 psn\n|-heal|p1a: Vileplume|11/100|[from] drain|[of] p2a: Phione\n|\n|-heal|p2a: Phione|141/293 psn|[from] item: Leftovers\n|-damage|p2a: Phione|105/293 psn|[from] Leech Seed|[of] p1a: Vileplume\n|-heal|p1a: Vileplume|25/100|[silent]\n|-damage|p2a: Phione|69/293 psn|[from] psn\n|upkeep\n|turn|30\n|inactive|Time left: 300 sec this turn | 300 sec total\n|\n|t:|1783542000\n|move|p2a: Phione|Grass Knot|p1a: Vileplume\n|-resisted|p1a: Vileplume\n|-damage|p1a: Vileplume|20/100\n|move|p1a: Vileplume|Strength Sap|p2a: Phione\n|-unboost|p2a: Phione|atk|1\n|-heal|p1a: Vileplume|57/100\n|\n|-heal|p2a: Phione|87/293 psn|[from] item: Leftovers\n|-damage|p2a: Phione|51/293 psn|[from] Leech Seed|[of] p1a: Vileplume\n|-heal|p1a: Vileplume|71/100|[silent]\n|-damage|p2a: Phione|15/293 psn|[from] psn\n|upkeep\n|turn|31\n|inactive|Time left: 300 sec this turn | 300 sec total\n|\n|t:|1783542001\n|move|p2a: Phione|Take Heart|p2a: Phione\n|-boost|p2a: Phione|spa|1\n|-boost|p2a: Phione|spd|1\n|-curestatus|p2a: Phione|psn|[msg]\n|move|p1a: Vileplume|Sludge Bomb|p2a: Phione\n|-immune|p2a: Phione\n|\n|-heal|p2a: Phione|33/293|[from] item: Leftovers\n|-damage|p2a: Phione|0 fnt|[from] Leech Seed|[of] p1a: Vileplume\n|-heal|p1a: Vileplume|83/100|[silent]\n|faint|p2a: Phione\n|\n|win|p0x247234c", "uploadtime": 1783542001, "views": 0, "rating": 0, "private": 0, "password": null, "_winner": "p0x247234c", "_our_name": "p0y2470266"}