{"id": "battle-gen9randombattle-2767", "formatid": "gen9randombattle", "format": "[Gen 9] Random Battle", "players": ["p0x27677ce2", "p0y27678744"], "log": "|init|battle\n|title|p0x27677ce2 vs. p0y27678744\n|j|\u2606p0x27677ce2\n|j|\u2606p0y27678744\n|t:|1783570881\n|gametype|singles\n|player|p1|p0x27677ce2|1|\n|player|p2|p0y27678744|265|\n|gen|9\n|tier|[Gen 9] Random Battle\n|rule|Species Clause: Limit one of each Pok\u00e9mon\n|rule|HP Percentage Mod: HP is shown in percentages\n|rule|Sleep Clause Mod: Limit one foe put to sleep\n|rule|Illusion Level Mod: Illusion disguises the Pok\u00e9mon's true level\n|\n|t:|1783570881\n|teamsize|p1|6\n|teamsize|p2|6\n|start\n|switch|p1a: Electrode|Electrode, L92|100/100\n|switch|p2a: Armarouge|Armarouge, L80, F|267/267\n|turn|1\n|inactive|Battle timer is ON: inactive players will automatically lose when time's up. (requested by p0y27678744)\n|inactive|p0x27677ce2 also wants the timer to be on.\n|\n|t:|1783570882\n|move|p1a: Electrode|Volt Switch|p2a: Armarouge\n|-damage|p2a: Armarouge|158/267\n|-damage|p1a: Electrode|90/100|[from] item: Life Orb\n|\n|t:|1783570883\n|switch|p1a: Coalossal|Coalossal, L89, F|100/100|[from] Volt Switch\n|move|p2a: Armarouge|Meteor Beam||[still]\n|-prepare|p2a: Armarouge|Meteor Beam\n|-boost|p2a: Armarouge|spa|1\n|-enditem|p2a: Armarouge|Power Herb\n|-anim|p2a: Armarouge|Meteor Beam|p1a: Coalossal\n|-supereffective|p1a: Coalossal\n|-damage|p1a: Coalossal|28/100\n|\n|upkeep\n|turn|2\n|inactive|Time left: 300 sec this turn | 300 sec total\n|\n|t:|1783570884\n|move|p2a: Armarouge|Psyshock|p1a: Coalossal\n|-crit|p1a: Coalossal\n|-damage|p1a: Coalossal|0 fnt\n|faint|p1a: Coalossal\n|\n|upkeep\n|\n|t:|1783570885\n|switch|p1a: Zebstrika|Zebstrika, L87, F|100/100\n|turn|3\n|inactive|Time left: 300 sec this turn | 300 sec total\n|\n|t:|1783570887\n|move|p1a: Zebstrika|High Horsepower|p2a: Armarouge\n|-supereffective|p2a: Armarouge\n|-damage|p2a: Armarouge|0 fnt\n|faint|p2a: Armarouge\n|-damage|p1a: Zebstrika|91/100|[from] item: Life Orb\n|\n|upkeep\n|inactive|Time left: 300 sec this turn | 300 sec total | 5 sec grace\n|\n|t:|1783570888\n|switch|p2a: Gumshoos|Gumshoos, L95, F|321/321\n|turn|4\n|inactive|Time left: 300 sec this turn | 300 sec total\n|\n|t:|1783570889\n|move|p1a: Zebstrika|Volt Switch|p2a: Gumshoos\n|-damage|p2a: Gumshoos|220/321\n|-damage|p1a: Zebstrika|81/100|[from] item: Life Orb\n|\n|t:|1783570890\n|switch|p1a: Mandibuzz|Mandibuzz, L85, F|100/100|[from] Volt Switch\n|move|p2a: Gumshoos|Double-Edge|p1a: Mandibuzz\n|-damage|p1a: Mandibuzz|0 fnt\n|faint|p1a: Mandibuzz\n|-damage|p2a: Gumshoos|112/321|[from] Recoil\n|\n|upkeep\n|\n|t:|1783570891\n|switch|p1a: Zacian|Zacian, L69|100/100\n|-ability|p1a: Zacian|Intrepid Sword|boost\n|-boost|p1a: Zacian|atk|1\n|turn|5\n|inactive|Time left: 300 sec this turn | 300 sec total\n|\n|t:|1783570892\n|switch|p2a: Suicune|Suicune, L82|298/298\n|-ability|p2a: Suicune|Pressure\n|move|p1a: Zacian|Play Rough|p2a: Suicune\n|-damage|p2a: Suicune|177/298\n|-damage|p1a: Zacian|91/100|[from] item: Life Orb\n|\n|-heal|p2a: Suicune|195/298|[from] item: Leftovers\n|upkeep\n|turn|6\n|inactive|Time left: 300 sec this turn | 300 sec total\n|\n|t:|1783570893\n|move|p1a: Zacian|Swords Dance|p1a: Zacian\n|-boost|p1a: Zacian|atk|2\n|move|p2a: Suicune|Scald|p1a: Zacian\n|-damage|p1a: Zacian|59/100\n|\n|-heal|p2a: Suicune|213/298|[from] item: Leftovers\n|upkeep\n|turn|7\n|inactive|Time left: 300 sec this turn | 300 sec total\n|\n|t:|1783570894\n|move|p1a: Zacian|Play Rough|p2a: Suicune\n|-damage|p2a: Suicune|22/298\n|-damage|p1a: Zacian|49/100|[from] item: Life Orb\n|move|p2a: Suicune|Scald|p1a: Zacian\n|-damage|p1a: Zacian|20/100\n|\n|-heal|p2a: Suicune|40/298|[from] item: Leftovers\n|upkeep\n|turn|8\n|inactive|Time left: 300 sec this turn | 300 sec total\n|\n|t:|1783570895\n|move|p1a: Zacian|Play Rough|p2a: Suicune\n|-damage|p2a: Suicune|0 fnt\n|faint|p2a: Suicune\n|-damage|p1a: Zacian|10/100|[from] item: Life Orb\n|\n|upkeep\n|inactive|Time left: 300 sec this turn | 300 sec total | 5 sec grace\n|\n|t:|1783570896\n|switch|p2a: Barraskewda|Barraskewda, L81, F|231/231\n|turn|9\n|inactive|Time left: 300 sec this turn | 300 sec total\n|\n|t:|1783570897\n|move|p2a: Barraskewda|Waterfall|p1a: Zacian\n|-damage|p1a: Zacian|0 fnt\n|faint|p1a: Zacian\n|\n|upkeep\n|\n|t:|1783570898\n|switch|p1a: Electrode|Electrode, L92|90/100\n|turn|10\n|inactive|Time left: 300 sec this turn | 300 sec total\n|\n|t:|1783570899\n|switch|p2a: Magnezone|Magnezone, L85|258/258\n|move|p1a: Electrode|Thunderbolt|p2a: Magnezone\n|-resisted|p2a: Magnezone\n|-damage|p2a: Magnezone|216/258\n|-damage|p1a: Electrode|80/100|[from] item: Life Orb\n|\n|upkeep\n|turn|11\n|inactive|Time left: 300 sec this turn | 300 sec total\n|\n|t:|1783570900\n|move|p1a: Electrode|Thunderbolt|p2a: Magnezone\n|-resisted|p2a: Magnezone\n|-damage|p2a: Magnezone|176/258\n|-damage|p1a: Electrode|70/100|[from] item: Life Orb\n|move|p2a: Magnezone|Thunderbolt|p1a: Electrode\n|-resisted|p1a: Electrode\n|-damage|p1a: Electrode|40/100\n|\n|upkeep\n|turn|12\n|inactive|Time left: 300 sec this turn | 300 sec total\n|\n|t:|1783570901\n|move|p1a: Electrode|Volt Switch|p2a: Magnezone\n|-resisted|p2a: Magnezone\n|-damage|p2a: Magnezone|142/258\n|-damage|p1a: Electrode|30/100|[from] item: Life Orb\n|\n|t:|1783570902\n|switch|p1a: Zebstrika|Zebstrika, L87, F|81/100|[from] Volt Switch\n|move|p2a: Magnezone|Body Press|p1a: Zebstrika\n|-damage|p1a: Zebstrika|45/100\n|\n|upkeep\n|turn|13\n|inactive|Time left: 300 sec this turn | 300 sec total\n|\n|t:|1783570903\n|move|p1a: Zebstrika|High Horsepower|p2a: Magnezone\n|-supereffective|p2a: Magnezone\n|-damage|p2a: Magnezone|0 fnt\n|faint|p2a: Magnezone\n|-damage|p1a: Zebstrika|35/100|[from] item: Life Orb\n|\n|upkeep\n|inactive|Time left: 300 sec this turn | 300 sec total | 5 sec grace\n|\n|t:|1783570904\n|switch|p2a: Barraskewda|Barraskewda, L81, F|231/231\n|turn|14\n|inactive|Time left: 300 sec this turn | 300 sec total\n|\n|t:|1783570905\n|move|p2a: Barraskewda|Flip Turn|p1a: Zebstrika\n|-damage|p1a: Zebstrika|0 fnt\n|faint|p1a: Zebstrika\n|inactive|Time left: 300 sec this turn | 300 sec total | 5 sec grace\n|\n|t:|1783570906\n|switch|p2a: Sudowoodo|Sudowoodo, L94, M|284/284|[from] Flip Turn\n|\n|upkeep\n|\n|t:|1783570907\n|switch|p1a: Volbeat|Volbeat, L90, M|100/100\n|turn|15\n|inactive|Time left: 300 sec this turn | 300 sec total\n|\n|t:|1783570908\n|-terastallize|p1a: Volbeat|Steel\n|move|p1a: Volbeat|Lunge|p2a: Sudowoodo\n|-damage|p2a: Sudowoodo|227/284\n|-unboost|p2a: Sudowoodo|atk|1\n|move|p2a: Sudowoodo|Head Smash|p1a: Volbeat\n|-resisted|p1a: Volbeat\n|-damage|p1a: Volbeat|63/100\n|\n|upkeep\n|turn|16\n|inactive|Time left: 300 sec this turn | 300 sec total\n|\n|t:|1783570909\n|switch|p2a: Gumshoos|Gumshoos, L95, F|112/321\n|move|p1a: Volbeat|Lunge|p2a: Gumshoos\n|-damage|p2a: Gumshoos|19/321\n|-unboost|p2a: Gumshoos|atk|1\n|\n|upkeep\n|turn|17\n|inactive|Time left: 300 sec this turn | 300 sec total\n|\n|t:|1783570909\n|-terastallize|p2a: Gumshoos|Ground\n|move|p1a: Volbeat|Lunge|p2a: Gumshoos\n|-damage|p2a: Gumshoos|0 fnt\n|faint|p2a: Gumshoos\n|\n|upkeep\n|inactive|Time left: 300 sec this turn | 300 sec total | 5 sec grace\n|\n|t:|1783570910\n|switch|p2a: Sudowoodo|Sudowoodo, L94, M|227/284\n|turn|18\n|inactive|Time left: 300 sec this turn | 300 sec total\n|\n|t:|1783570911\n|move|p1a: Volbeat|Thunder Wave|p2a: Sudowoodo\n|-status|p2a: Sudowoodo|par\n|cant|p2a: Sudowoodo|par\n|\n|upkeep\n|turn|19\n|inactive|Time left: 300 sec this turn | 300 sec total\n|\n|t:|1783570911\n|switch|p1a: Electrode|Electrode, L92|30/100\n|move|p2a: Sudowoodo|Earthquake|p1a: Electrode\n|-supereffective|p1a: Electrode\n|-damage|p1a: Electrode|0 fnt\n|faint|p1a: Electrode\n|\n|upkeep\n|\n|t:|1783570912\n|switch|p1a: Volbeat|Volbeat, L90, M, tera:Steel|63/100\n|turn|20\n|inactive|Time left: 300 sec this turn | 300 sec total\n|\n|t:|1783570913\n|move|p1a: Volbeat|Lunge|p2a: Sudowoodo\n|-damage|p2a: Sudowoodo|172/284 par\n|-unboost|p2a: Sudowoodo|atk|1\n|move|p2a: Sudowoodo|Earthquake|p1a: Volbeat\n|-supereffective|p1a: Volbeat\n|-damage|p1a: Volbeat|0 fnt\n|faint|p1a: Volbeat\n|\n|win|p0y27678744", "uploadtime": 1783570913, "views": 0, "rating": 0, "private": 0, "password": null, "_winner": "p0y27678744", "_our_name": "p0y27678744"}