{"id": "battle-gen9randombattle-211", "formatid": "gen9randombattle", "format": "[Gen 9] Random Battle", "players": ["p0x2110560", "p0y2119ec4"], "log": "|init|battle\n|title|p0x2110560 vs. p0y2119ec4\n|j|\u2606p0x2110560\n|j|\u2606p0y2119ec4\n|t:|1783535713\n|gametype|singles\n|player|p1|p0x2110560|101|\n|player|p2|p0y2119ec4|265|\n|gen|9\n|tier|[Gen 9] Random Battle\n|rule|Species Clause: Limit one of each Pok\u00e9mon\n|rule|HP Percentage Mod: HP is shown in percentages\n|rule|Sleep Clause Mod: Limit one foe put to sleep\n|rule|Illusion Level Mod: Illusion disguises the Pok\u00e9mon's true level\n|\n|t:|1783535713\n|teamsize|p1|6\n|teamsize|p2|6\n|start\n|switch|p1a: Vigoroth|Vigoroth, L85, M|275/275\n|switch|p2a: Gogoat|Gogoat, L88, M|100/100\n|turn|1\n|inactive|Battle timer is ON: inactive players will automatically lose when time's up. (requested by p0y2119ec4)\n|inactive|Time left: 300 sec this turn | 300 sec total | 60 sec grace\n|inactive|p0x2110560 also wants the timer to be on.\n|\n|t:|1783535714\n|switch|p2a: Hariyama|Hariyama, L87, M|100/100\n|move|p1a: Vigoroth|Bulk Up|p1a: Vigoroth\n|-boost|p1a: Vigoroth|atk|1\n|-boost|p1a: Vigoroth|def|1\n|\n|-status|p2a: Hariyama|brn|[from] item: Flame Orb\n|upkeep\n|turn|2\n|inactive|Time left: 300 sec this turn | 300 sec total\n|\n|t:|1783535715\n|move|p1a: Vigoroth|Bulk Up|p1a: Vigoroth\n|-boost|p1a: Vigoroth|atk|1\n|-boost|p1a: Vigoroth|def|1\n|move|p2a: Hariyama|Knock Off|p1a: Vigoroth\n|-damage|p1a: Vigoroth|232/275\n|-enditem|p1a: Vigoroth|Eviolite|[from] move: Knock Off|[of] p2a: Hariyama\n|\n|-damage|p2a: Hariyama|94/100 brn|[from] brn\n|upkeep\n|turn|3\n|inactive|Time left: 300 sec this turn | 300 sec total\n|\n|t:|1783535716\n|move|p1a: Vigoroth|Bulk Up|p1a: Vigoroth\n|-boost|p1a: Vigoroth|atk|1\n|-boost|p1a: Vigoroth|def|1\n|move|p2a: Hariyama|Close Combat|p1a: Vigoroth\n|-supereffective|p1a: Vigoroth\n|-damage|p1a: Vigoroth|16/275\n|-unboost|p2a: Hariyama|def|1\n|-unboost|p2a: Hariyama|spd|1\n|\n|-damage|p2a: Hariyama|88/100 brn|[from] brn\n|upkeep\n|turn|4\n|inactive|Time left: 300 sec this turn | 300 sec total\n|\n|t:|1783535717\n|switch|p2a: Gengar|Gengar, L81, F|100/100\n|move|p1a: Vigoroth|Body Slam|p2a: Gengar\n|-immune|p2a: Gengar\n|\n|upkeep\n|turn|5\n|inactive|Time left: 300 sec this turn | 300 sec total\n|\n|t:|1783535718\n|move|p2a: Gengar|Sludge Wave|p1a: Vigoroth\n|-damage|p1a: Vigoroth|0 fnt\n|faint|p1a: Vigoroth\n|-damage|p2a: Gengar|90/100|[from] item: Life Orb\n|\n|upkeep\n|inactive|Time left: 300 sec this turn | 300 sec total | 5 sec grace\n|\n|t:|1783535719\n|switch|p1a: Grafaiai|Grafaiai, L86, M|249/249\n|turn|6\n|inactive|Time left: 300 sec this turn | 300 sec total\n|\n|t:|1783535720\n|move|p1a: Grafaiai|Knock Off|p2a: Gengar\n|-supereffective|p2a: Gengar\n|-damage|p2a: Gengar|0 fnt\n|-enditem|p2a: Gengar|Life Orb|[from] move: Knock Off|[of] p1a: Grafaiai\n|faint|p2a: Gengar\n|-damage|p1a: Grafaiai|225/249|[from] item: Life Orb\n|\n|upkeep\n|\n|t:|1783535721\n|switch|p2a: Hariyama|Hariyama, L87, M|88/100 brn\n|turn|7\n|inactive|Time left: 300 sec this turn | 300 sec total\n|\n|t:|1783535722\n|move|p1a: Grafaiai|Gunk Shot|p2a: Hariyama|[miss]\n|-miss|p1a: Grafaiai|p2a: Hariyama\n|move|p2a: Hariyama|Facade|p1a: Grafaiai\n|-damage|p1a: Grafaiai|0 fnt\n|faint|p1a: Grafaiai\n|\n|-damage|p2a: Hariyama|82/100 brn|[from] brn\n|upkeep\n|inactive|Time left: 300 sec this turn | 300 sec total | 5 sec grace\n|\n|t:|1783535723\n|switch|p1a: Swanna|Swanna, L89, M|278/278\n|turn|8\n|inactive|Time left: 300 sec this turn | 300 sec total\n|\n|t:|1783535724\n|-terastallize|p2a: Hariyama|Normal\n|move|p1a: Swanna|Brave Bird|p2a: Hariyama\n|-damage|p2a: Hariyama|38/100 brn\n|-damage|p1a: Swanna|221/278|[from] Recoil\n|move|p2a: Hariyama|Facade|p1a: Swanna\n|-damage|p1a: Swanna|0 fnt\n|faint|p1a: Swanna\n|\n|-damage|p2a: Hariyama|32/100 brn|[from] brn\n|upkeep\n|inactive|Time left: 300 sec this turn | 300 sec total | 5 sec grace\n|\n|t:|1783535726\n|switch|p1a: Skuntank|Skuntank, L84, F|310/310\n|turn|9\n|inactive|Time left: 300 sec this turn | 300 sec total\n|\n|t:|1783535727\n|switch|p2a: Probopass|Probopass, L91, F|100/100\n|move|p1a: Skuntank|Gunk Shot|p2a: Probopass\n|-immune|p2a: Probopass\n|\n|upkeep\n|turn|10\n|inactive|Time left: 300 sec this turn | 300 sec total\n|\n|t:|1783535728\n|move|p1a: Skuntank|Knock Off|p2a: Probopass\n|-damage|p2a: Probopass|77/100\n|-enditem|p2a: Probopass|Chesto Berry|[from] move: Knock Off|[of] p1a: Skuntank\n|move|p2a: Probopass|Body Press|p1a: Skuntank\n|-damage|p1a: Skuntank|197/310\n|\n|upkeep\n|turn|11\n|inactive|Time left: 300 sec this turn | 300 sec total\n|\n|t:|1783535729\n|switch|p1a: Gastrodon|Gastrodon, L86, F|331/331\n|move|p2a: Probopass|Body Press|p1a: Gastrodon\n|-damage|p1a: Gastrodon|217/331\n|\n|-heal|p1a: Gastrodon|237/331|[from] item: Leftovers\n|upkeep\n|turn|12\n|inactive|Time left: 300 sec this turn | 300 sec total\n|\n|t:|1783535730\n|switch|p2a: Gogoat|Gogoat, L88, M|100/100\n|move|p1a: Gastrodon|Earthquake|p2a: Gogoat\n|-resisted|p2a: Gogoat\n|-damage|p2a: Gogoat|84/100\n|\n|-heal|p2a: Gogoat|90/100|[from] item: Leftovers\n|-heal|p1a: Gastrodon|257/331|[from] item: Leftovers\n|upkeep\n|turn|13\n|inactive|Time left: 300 sec this turn | 300 sec total\n|\n|t:|1783535731\n|-terastallize|p1a: Gastrodon|Poison\n|move|p2a: Gogoat|Horn Leech|p1a: Gastrodon\n|-resisted|p1a: Gastrodon\n|-damage|p1a: Gastrodon|208/331\n|-heal|p2a: Gogoat|97/100|[from] drain|[of] p1a: Gastrodon\n|move|p1a: Gastrodon|Sludge Bomb|p2a: Gogoat\n|-supereffective|p2a: Gogoat\n|-damage|p2a: Gogoat|46/100\n|\n|-heal|p2a: Gogoat|52/100|[from] item: Leftovers\n|-heal|p1a: Gastrodon|228/331|[from] item: Leftovers\n|upkeep\n|turn|14\n|inactive|Time left: 300 sec this turn | 300 sec total\n|\n|t:|1783535732\n|move|p2a: Gogoat|Milk Drink|p2a: Gogoat\n|-heal|p2a: Gogoat|100/100\n|move|p1a: Gastrodon|Sludge Bomb|p2a: Gogoat\n|-supereffective|p2a: Gogoat\n|-damage|p2a: Gogoat|44/100\n|-status|p2a: Gogoat|psn\n|\n|-heal|p2a: Gogoat|50/100 psn|[from] item: Leftovers\n|-heal|p1a: Gastrodon|248/331|[from] item: Leftovers\n|-damage|p2a: Gogoat|37/100 psn|[from] psn\n|upkeep\n|turn|15\n|inactive|Time left: 300 sec this turn | 300 sec total\n|\n|t:|1783535733\n|move|p2a: Gogoat|Milk Drink|p2a: Gogoat\n|-heal|p2a: Gogoat|87/100 psn\n|move|p1a: Gastrodon|Sludge Bomb|p2a: Gogoat\n|-supereffective|p2a: Gogoat\n|-damage|p2a: Gogoat|29/100 psn\n|\n|-heal|p2a: Gogoat|35/100 psn|[from] item: Leftovers\n|-heal|p1a: Gastrodon|268/331|[from] item: Leftovers\n|-damage|p2a: Gogoat|23/100 psn|[from] psn\n|upkeep\n|turn|16\n|inactive|Time left: 300 sec this turn | 300 sec total\n|\n|t:|1783535734\n|move|p2a: Gogoat|Milk Drink|p2a: Gogoat\n|-heal|p2a: Gogoat|73/100 psn\n|move|p1a: Gastrodon|Sludge Bomb|p2a: Gogoat\n|-supereffective|p2a: Gogoat\n|-damage|p2a: Gogoat|22/100 psn\n|\n|-heal|p2a: Gogoat|28/100 psn|[from] item: Leftovers\n|-heal|p1a: Gastrodon|288/331|[from] item: Leftovers\n|-damage|p2a: Gogoat|16/100 psn|[from] psn\n|upkeep\n|turn|17\n|inactive|Time left: 300 sec this turn | 300 sec total\n|\n|t:|1783535735\n|move|p2a: Gogoat|Milk Drink|p2a: Gogoat\n|-heal|p2a: Gogoat|66/100 psn\n|move|p1a: Gastrodon|Sludge Bomb|p2a: Gogoat\n|-supereffective|p2a: Gogoat\n|-damage|p2a: Gogoat|14/100 psn\n|\n|-heal|p2a: Gogoat|20/100 psn|[from] item: Leftovers\n|-heal|p1a: Gastrodon|308/331|[from] item: Leftovers\n|-damage|p2a: Gogoat|7/100 psn|[from] psn\n|upkeep\n|turn|18\n|inactive|Time left: 300 sec this turn | 300 sec total\n|\n|t:|1783535736\n|move|p2a: Gogoat|Milk Drink|p2a: Gogoat\n|-heal|p2a: Gogoat|57/100 psn\n|move|p1a: Gastrodon|Sludge Bomb|p2a: Gogoat\n|-supereffective|p2a: Gogoat\n|-damage|p2a: Gogoat|0 fnt\n|faint|p2a: Gogoat\n|\n|-heal|p1a: Gastrodon|328/331|[from] item: Leftovers\n|upkeep\n|\n|t:|1783535737\n|switch|p2a: Hariyama|Hariyama, L87, M, tera:Normal|32/100 brn\n|turn|19\n|inactive|Time left: 300 sec this turn | 300 sec total\n|\n|t:|1783535738\n|move|p2a: Hariyama|Facade|p1a: Gastrodon\n|-damage|p1a: Gastrodon|0 fnt\n|faint|p1a: Gastrodon\n|\n|-damage|p2a: Hariyama|26/100 brn|[from] brn\n|upkeep\n|inactive|Time left: 300 sec this turn | 300 sec total | 5 sec grace\n|\n|t:|1783535739\n|switch|p1a: Kilowattrel|Kilowattrel, L83, F|252/252\n|turn|20\n|inactive|Time left: 300 sec this turn | 300 sec total\n|\n|t:|1783535740\n|switch|p2a: Probopass|Probopass, L91, F|77/100\n|move|p1a: Kilowattrel|Discharge|p2a: Probopass\n|-damage|p2a: Probopass|54/100\n|-status|p2a: Probopass|par\n|\n|upkeep\n|turn|21\n|inactive|Time left: 300 sec this turn | 300 sec total\n|\n|t:|1783535741\n|move|p1a: Kilowattrel|Discharge|p2a: Probopass\n|-damage|p2a: Probopass|34/100 par\n|cant|p2a: Probopass|par\n|\n|upkeep\n|turn|22\n|inactive|Time left: 300 sec this turn | 300 sec total\n|\n|t:|1783535743\n|move|p1a: Kilowattrel|Discharge|p2a: Probopass\n|-damage|p2a: Probopass|12/100 par\n|move|p2a: Probopass|Power Gem|p1a: Kilowattrel\n|-supereffective|p1a: Kilowattrel\n|-damage|p1a: Kilowattrel|22/252\n|\n|upkeep\n|turn|23\n|inactive|Time left: 300 sec this turn | 300 sec total\n|\n|t:|1783535744\n|switch|p2a: Kilowattrel|Kilowattrel, L83, M|100/100\n|move|p1a: Kilowattrel|Discharge|p2a: Kilowattrel\n|-immune|p2a: Kilowattrel|[from] ability: Volt Absorb\n|\n|upkeep\n|turn|24\n|inactive|Time left: 300 sec this turn | 300 sec total\n|\n|t:|1783535745\n|move|p2a: Kilowattrel|Hurricane|p1a: Kilowattrel\n|-resisted|p1a: Kilowattrel\n|-damage|p1a: Kilowattrel|0 fnt\n|faint|p1a: Kilowattrel\n|\n|upkeep\n|inactive|Time left: 300 sec this turn | 300 sec total | 5 sec grace\n|\n|t:|1783535746\n|switch|p1a: Skuntank|Skuntank, L84, F|197/310\n|turn|25\n|inactive|Time left: 300 sec this turn | 300 sec total\n|\n|t:|1783535747\n|move|p2a: Kilowattrel|Hurricane|p1a: Skuntank\n|-damage|p1a: Skuntank|86/310\n|-start|p1a: Skuntank|confusion\n|-activate|p1a: Skuntank|confusion\n|move|p1a: Skuntank|Gunk Shot|p2a: Kilowattrel\n|-damage|p2a: Kilowattrel|33/100\n|\n|upkeep\n|turn|26\n|inactive|Time left: 300 sec this turn | 300 sec total\n|\n|t:|1783535748\n|-activate|p1a: Skuntank|confusion\n|move|p1a: Skuntank|Sucker Punch|p2a: Kilowattrel\n|-damage|p2a: Kilowattrel|0 fnt\n|faint|p2a: Kilowattrel\n|\n|upkeep\n|\n|t:|1783535749\n|switch|p2a: Hariyama|Hariyama, L87, M, tera:Normal|26/100 brn\n|turn|27\n|inactive|Time left: 300 sec this turn | 300 sec total\n|\n|t:|1783535750\n|move|p2a: Hariyama|Fake Out|p1a: Skuntank\n|-damage|p1a: Skuntank|0 fnt\n|-damage|p2a: Hariyama|1/100 brn|[from] ability: Aftermath|[of] p1a: Skuntank\n|faint|p1a: Skuntank\n|\n|win|p0y2119ec4", "uploadtime": 1783535750, "views": 0, "rating": 0, "private": 0, "password": null, "_winner": "p0y2119ec4", "_our_name": "p0x2110560"}