{"id": "battle-gen9randombattle-857", "formatid": "gen9randombattle", "format": "[Gen 9] Random Battle", "players": ["p0x85795c2", "p0y8578b98"], "log": "|init|battle\n|title|p0x85795c2 vs. p0y8578b98\n|j|\u2606p0x85795c2\n|j|\u2606p0y8578b98\n|t:|1783549826\n|gametype|singles\n|player|p1|p0x85795c2|266|\n|player|p2|p0y8578b98|2|\n|gen|9\n|tier|[Gen 9] Random Battle\n|rule|Species Clause: Limit one of each Pok\u00e9mon\n|rule|HP Percentage Mod: HP is shown in percentages\n|rule|Sleep Clause Mod: Limit one foe put to sleep\n|rule|Illusion Level Mod: Illusion disguises the Pok\u00e9mon's true level\n|\n|t:|1783549826\n|teamsize|p1|6\n|teamsize|p2|6\n|start\n|switch|p1a: Corviknight|Corviknight, L80, M|100/100\n|switch|p2a: Chansey|Chansey, L85, F|564/564\n|-ability|p1a: Corviknight|Pressure\n|turn|1\n|inactive|Battle timer is ON: inactive players will automatically lose when time's up. (requested by p0y8578b98)\n|inactive|p0x85795c2 also wants the timer to be on.\n|\n|t:|1783549827\n|switch|p2a: Rhydon|Rhydon, L85, F|317/317\n|move|p1a: Corviknight|Brave Bird|p2a: Rhydon\n|-resisted|p2a: Rhydon\n|-damage|p2a: Rhydon|289/317\n|-damage|p1a: Corviknight|97/100|[from] Recoil\n|\n|-heal|p1a: Corviknight|100/100|[from] item: Leftovers\n|upkeep\n|turn|2\n|inactive|Time left: 300 sec this turn | 300 sec total\n|\n|t:|1783549828\n|move|p1a: Corviknight|Brave Bird|p2a: Rhydon\n|-resisted|p2a: Rhydon\n|-damage|p2a: Rhydon|259/317\n|-damage|p1a: Corviknight|97/100|[from] Recoil\n|move|p2a: Rhydon|Swords Dance|p2a: Rhydon\n|-boost|p2a: Rhydon|atk|2\n|\n|-heal|p1a: Corviknight|100/100|[from] item: Leftovers\n|upkeep\n|turn|3\n|inactive|Time left: 300 sec this turn | 300 sec total\n|\n|t:|1783549830\n|move|p1a: Corviknight|Roost||[still]\n|-fail|p1a: Corviknight|heal\n|move|p2a: Rhydon|Stone Edge|p1a: Corviknight\n|-damage|p1a: Corviknight|7/100\n|\n|-heal|p1a: Corviknight|14/100|[from] item: Leftovers\n|upkeep\n|turn|4\n|inactive|Time left: 300 sec this turn | 300 sec total\n|\n|t:|1783549830\n|move|p1a: Corviknight|Roost|p1a: Corviknight\n|-heal|p1a: Corviknight|64/100\n|-singleturn|p1a: Corviknight|move: Roost\n|move|p2a: Rhydon|Stone Edge|p1a: Corviknight|[miss]\n|-miss|p2a: Rhydon|p1a: Corviknight\n|\n|-heal|p1a: Corviknight|70/100|[from] item: Leftovers\n|upkeep\n|turn|5\n|inactive|Time left: 300 sec this turn | 300 sec total\n|\n|t:|1783549831\n|move|p1a: Corviknight|Brave Bird|p2a: Rhydon\n|-resisted|p2a: Rhydon\n|-damage|p2a: Rhydon|229/317\n|-damage|p1a: Corviknight|66/100|[from] Recoil\n|move|p2a: Rhydon|Stone Edge|p1a: Corviknight\n|-damage|p1a: Corviknight|0 fnt\n|faint|p1a: Corviknight\n|\n|upkeep\n|\n|t:|1783549832\n|switch|p1a: Glimmora|Glimmora, L75, M|100/100\n|turn|6\n|inactive|Time left: 300 sec this turn | 300 sec total\n|\n|t:|1783549833\n|move|p1a: Glimmora|Energy Ball|p2a: Rhydon\n|-supereffective|p2a: Rhydon\n|-damage|p2a: Rhydon|0 fnt\n|faint|p2a: Rhydon\n|\n|upkeep\n|inactive|Time left: 300 sec this turn | 300 sec total | 5 sec grace\n|\n|t:|1783549834\n|switch|p2a: Lunala|Lunala, L70|308/308\n|turn|7\n|inactive|Time left: 300 sec this turn | 300 sec total\n|\n|t:|1783549836\n|move|p2a: Lunala|Calm Mind|p2a: Lunala\n|-boost|p2a: Lunala|spa|1\n|-boost|p2a: Lunala|spd|1\n|move|p1a: Glimmora|Meteor Beam||[still]\n|-prepare|p1a: Glimmora|Meteor Beam\n|-boost|p1a: Glimmora|spa|1\n|-enditem|p1a: Glimmora|Power Herb\n|-anim|p1a: Glimmora|Meteor Beam|p2a: Lunala\n|-damage|p2a: Lunala|244/308\n|\n|-heal|p2a: Lunala|263/308|[from] item: Leftovers\n|upkeep\n|turn|8\n|inactive|Time left: 300 sec this turn | 300 sec total\n|\n|t:|1783549837\n|switch|p1a: Rillaboom|Rillaboom, L79, F|100/100\n|-fieldstart|move: Grassy Terrain|[from] ability: Grassy Surge|[of] p1a: Rillaboom\n|move|p2a: Lunala|Moongeist Beam|p1a: Rillaboom\n|-damage|p1a: Rillaboom|32/100\n|\n|-heal|p1a: Rillaboom|39/100|[from] Grassy Terrain\n|-heal|p2a: Lunala|282/308|[from] Grassy Terrain\n|-heal|p2a: Lunala|301/308|[from] item: Leftovers\n|upkeep\n|turn|9\n|inactive|Time left: 300 sec this turn | 300 sec total\n|\n|t:|1783549838\n|move|p1a: Rillaboom|Wood Hammer|p2a: Lunala\n|-damage|p2a: Lunala|0 fnt\n|faint|p2a: Lunala\n|-damage|p1a: Rillaboom|4/100|[from] Recoil\n|\n|-heal|p1a: Rillaboom|11/100|[from] Grassy Terrain\n|upkeep\n|inactive|Time left: 300 sec this turn | 300 sec total | 5 sec grace\n|\n|t:|1783549839\n|switch|p2a: Kingdra|Kingdra, L84, M|263/263\n|turn|10\n|inactive|Time left: 300 sec this turn | 300 sec total\n|\n|t:|1783549840\n|move|p2a: Kingdra|Wave Crash|p1a: Rillaboom\n|-resisted|p1a: Rillaboom\n|-damage|p1a: Rillaboom|0 fnt\n|faint|p1a: Rillaboom\n|-damage|p2a: Kingdra|253/263|[from] Recoil\n|\n|-heal|p2a: Kingdra|263/263|[from] Grassy Terrain\n|upkeep\n|\n|t:|1783549841\n|switch|p1a: Meowstic|Meowstic-F, L89, F|100/100\n|turn|11\n|inactive|Time left: 300 sec this turn | 300 sec total\n|\n|t:|1783549842\n|move|p1a: Meowstic|Nasty Plot|p1a: Meowstic\n|-boost|p1a: Meowstic|spa|2\n|move|p2a: Kingdra|Dragon Dance|p2a: Kingdra\n|-boost|p2a: Kingdra|atk|1\n|-boost|p2a: Kingdra|spe|1\n|\n|upkeep\n|turn|12\n|inactive|Time left: 300 sec this turn | 300 sec total\n|\n|t:|1783549843\n|-terastallize|p2a: Kingdra|Steel\n|move|p2a: Kingdra|Outrage|p1a: Meowstic\n|-damage|p1a: Meowstic|25/100\n|move|p1a: Meowstic|Psychic|p2a: Kingdra\n|-resisted|p2a: Kingdra\n|-damage|p2a: Kingdra|149/263\n|-damage|p1a: Meowstic|16/100|[from] item: Life Orb\n|\n|-heal|p2a: Kingdra|165/263|[from] Grassy Terrain\n|-heal|p1a: Meowstic|22/100|[from] Grassy Terrain\n|-fieldend|move: Grassy Terrain\n|upkeep\n|turn|13\n|inactive|Time left: 300 sec this turn | 300 sec total\n|\n|t:|1783549844\n|-terastallize|p1a: Meowstic|Fairy\n|move|p2a: Kingdra|Outrage|p1a: Meowstic|[from] lockedmove\n|-immune|p1a: Meowstic\n|-start|p2a: Kingdra|confusion|[fatigue]\n|-enditem|p2a: Kingdra|Lum Berry|[eat]\n|-end|p2a: Kingdra|confusion\n|move|p1a: Meowstic|Nasty Plot|p1a: Meowstic\n|-boost|p1a: Meowstic|spa|2\n|\n|upkeep\n|turn|14\n|inactive|Time left: 300 sec this turn | 300 sec total\n|\n|t:|1783549845\n|switch|p1a: Goodra|Goodra-Hisui, L82, M, shiny|100/100\n|move|p2a: Kingdra|Iron Head|p1a: Goodra\n|-resisted|p1a: Goodra\n|-damage|p1a: Goodra|77/100\n|\n|upkeep\n|turn|15\n|inactive|Time left: 300 sec this turn | 300 sec total\n|\n|t:|1783549846\n|move|p2a: Kingdra|Outrage|p1a: Goodra\n|-damage|p1a: Goodra|13/100\n|move|p1a: Goodra|Earthquake|p2a: Kingdra\n|-supereffective|p2a: Kingdra\n|-damage|p2a: Kingdra|35/263\n|\n|upkeep\n|turn|16\n|inactive|Time left: 300 sec this turn | 300 sec total\n|\n|t:|1783549847\n|switch|p1a: Meowstic|Meowstic-F, L89, F, tera:Fairy|22/100\n|move|p2a: Kingdra|Outrage|p1a: Meowstic|[from] lockedmove\n|-immune|p1a: Meowstic\n|\n|upkeep\n|turn|17\n|inactive|Time left: 300 sec this turn | 300 sec total\n|\n|t:|1783549848\n|move|p2a: Kingdra|Iron Head|p1a: Meowstic\n|-supereffective|p1a: Meowstic\n|-damage|p1a: Meowstic|0 fnt\n|faint|p1a: Meowstic\n|\n|upkeep\n|\n|t:|1783549849\n|switch|p1a: Swanna|Swanna, L89, M|100/100\n|turn|18\n|inactive|Time left: 300 sec this turn | 300 sec total\n|\n|t:|1783549849\n|move|p2a: Kingdra|Outrage|p1a: Swanna\n|-damage|p1a: Swanna|15/100\n|move|p1a: Swanna|Brave Bird|p2a: Kingdra\n|-resisted|p2a: Kingdra\n|-damage|p2a: Kingdra|0 fnt\n|faint|p2a: Kingdra\n|-damage|p1a: Swanna|11/100|[from] Recoil\n|\n|upkeep\n|inactive|Time left: 300 sec this turn | 300 sec total | 5 sec grace\n|\n|t:|1783549850\n|switch|p2a: Toucannon|Toucannon, L88, M|284/284\n|turn|19\n|inactive|Time left: 300 sec this turn | 300 sec total\n|\n|t:|1783549851\n|move|p1a: Swanna|Roost|p1a: Swanna\n|-heal|p1a: Swanna|61/100\n|-singleturn|p1a: Swanna|move: Roost\n|move|p2a: Toucannon|Boomburst|p1a: Swanna\n|-damage|p1a: Swanna|7/100\n|\n|upkeep\n|turn|20\n|inactive|Time left: 300 sec this turn | 300 sec total\n|\n|t:|1783549852\n|move|p1a: Swanna|Knock Off|p2a: Toucannon\n|-damage|p2a: Toucannon|211/284\n|-enditem|p2a: Toucannon|Heavy-Duty Boots|[from] move: Knock Off|[of] p1a: Swanna\n|move|p2a: Toucannon|Boomburst|p1a: Swanna\n|-damage|p1a: Swanna|0 fnt\n|faint|p1a: Swanna\n|\n|upkeep\n|\n|t:|1783549853\n|switch|p1a: Glimmora|Glimmora, L75, M|100/100\n|turn|21\n|inactive|Time left: 300 sec this turn | 300 sec total\n|\n|t:|1783549854\n|switch|p2a: Sudowoodo|Sudowoodo, L94, M|284/284\n|move|p1a: Glimmora|Meteor Beam||[still]\n|-prepare|p1a: Glimmora|Meteor Beam\n|-boost|p1a: Glimmora|spa|1\n|\n|upkeep\n|turn|22\n|inactive|Time left: 300 sec this turn | 300 sec total\n|\n|t:|1783549855\n|move|p1a: Glimmora|Meteor Beam|p2a: Sudowoodo|[from] lockedmove\n|-damage|p2a: Sudowoodo|59/284\n|move|p2a: Sudowoodo|Earthquake|p1a: Glimmora\n|-supereffective|p1a: Glimmora\n|-damage|p1a: Glimmora|0 fnt\n|-activate|p1a: Glimmora|ability: Toxic Debris\n|-sidestart|p2: p0y8578b98|move: Toxic Spikes\n|faint|p1a: Glimmora\n|\n|-heal|p2a: Sudowoodo|76/284|[from] item: Leftovers\n|upkeep\n|\n|t:|1783549856\n|switch|p1a: Goodra|Goodra-Hisui, L82, M, shiny|13/100\n|turn|23\n|inactive|Time left: 300 sec this turn | 300 sec total\n|\n|t:|1783549857\n|move|p1a: Goodra|Hydro Pump|p2a: Sudowoodo\n|-supereffective|p2a: Sudowoodo\n|-damage|p2a: Sudowoodo|0 fnt\n|faint|p2a: Sudowoodo\n|\n|upkeep\n|inactive|Time left: 300 sec this turn | 300 sec total | 5 sec grace\n|\n|t:|1783549858\n|switch|p2a: Chansey|Chansey, L85, F|564/564\n|-status|p2a: Chansey|psn\n|turn|24\n|inactive|Time left: 300 sec this turn | 300 sec total\n|\n|t:|1783549859\n|move|p1a: Goodra|Heavy Slam|p2a: Chansey\n|-damage|p2a: Chansey|299/564 psn\n|move|p2a: Chansey|Seismic Toss|p1a: Goodra\n|-damage|p1a: Goodra|0 fnt\n|faint|p1a: Goodra\n|\n|win|p0y8578b98", "uploadtime": 1783549859, "views": 0, "rating": 0, "private": 0, "password": null, "_winner": "p0y8578b98", "_our_name": "p0y8578b98"}