{"id": "battle-gen9randombattle-631", "formatid": "gen9randombattle", "format": "[Gen 9] Random Battle", "players": ["p0x631bcb7", "p0y631a0da"], "log": "|init|battle\n|title|p0x631bcb7 vs. p0y631a0da\n|j|\u2606p0x631bcb7\n|j|\u2606p0y631a0da\n|t:|1783546443\n|gametype|singles\n|player|p1|p0x631bcb7|266|\n|player|p2|p0y631a0da|265|\n|gen|9\n|tier|[Gen 9] Random Battle\n|rule|Species Clause: Limit one of each Pok\u00e9mon\n|rule|HP Percentage Mod: HP is shown in percentages\n|rule|Sleep Clause Mod: Limit one foe put to sleep\n|rule|Illusion Level Mod: Illusion disguises the Pok\u00e9mon's true level\n|\n|t:|1783546443\n|teamsize|p1|6\n|teamsize|p2|6\n|start\n|switch|p1a: Whiscash|Whiscash, L88, F|100/100\n|switch|p2a: Azelf|Azelf, L82|257/257\n|turn|1\n|inactive|Battle timer is ON: inactive players will automatically lose when time's up. (requested by p0x631bcb7)\n|inactive|Time left: 300 sec this turn | 300 sec total | 60 sec grace\n|inactive|p0y631a0da also wants the timer to be on.\n|\n|t:|1783546445\n|move|p2a: Azelf|Nasty Plot|p2a: Azelf\n|-boost|p2a: Azelf|spa|2\n|move|p1a: Whiscash|Dragon Dance|p1a: Whiscash\n|-boost|p1a: Whiscash|atk|1\n|-boost|p1a: Whiscash|spe|1\n|\n|upkeep\n|turn|2\n|inactive|Time left: 300 sec this turn | 300 sec total\n|\n|t:|1783546446\n|move|p2a: Azelf|Psychic|p1a: Whiscash\n|-crit|p1a: Whiscash\n|-damage|p1a: Whiscash|0 fnt\n|faint|p1a: Whiscash\n|-damage|p2a: Azelf|232/257|[from] item: Life Orb\n|\n|upkeep\n|\n|t:|1783546447\n|switch|p1a: Klawf|Klawf, L90, F|100/100\n|turn|3\n|inactive|Time left: 300 sec this turn | 300 sec total\n|\n|t:|1783546448\n|move|p2a: Azelf|Psychic|p1a: Klawf\n|-damage|p1a: Klawf|0 fnt\n|faint|p1a: Klawf\n|-damage|p2a: Azelf|207/257|[from] item: Life Orb\n|\n|upkeep\n|\n|t:|1783546449\n|switch|p1a: Regidrago|Regidrago, L77|100/100\n|turn|4\n|inactive|Time left: 300 sec this turn | 300 sec total\n|\n|t:|1783546450\n|move|p2a: Azelf|Psychic|p1a: Regidrago\n|-damage|p1a: Regidrago|0 fnt\n|faint|p1a: Regidrago\n|-damage|p2a: Azelf|182/257|[from] item: Life Orb\n|\n|upkeep\n|\n|t:|1783546451\n|switch|p1a: Articuno|Articuno, L86|100/100\n|-ability|p1a: Articuno|Pressure\n|turn|5\n|inactive|Time left: 300 sec this turn | 300 sec total\n|\n|t:|1783546452\n|move|p2a: Azelf|Fire Blast|p1a: Articuno|[miss]\n|-miss|p2a: Azelf|p1a: Articuno\n|move|p1a: Articuno|Brave Bird|p2a: Azelf\n|-damage|p2a: Azelf|23/257\n|-damage|p1a: Articuno|83/100|[from] Recoil\n|\n|upkeep\n|turn|6\n|inactive|Time left: 300 sec this turn | 300 sec total\n|\n|t:|1783546453\n|move|p2a: Azelf|Fire Blast|p1a: Articuno\n|-supereffective|p1a: Articuno\n|-damage|p1a: Articuno|0 fnt\n|faint|p1a: Articuno\n|-damage|p2a: Azelf|0 fnt|[from] item: Life Orb\n|faint|p2a: Azelf\n|\n|upkeep\n|inactive|Time left: 300 sec this turn | 300 sec total | 5 sec grace\n|\n|t:|1783546454\n|switch|p2a: Toucannon|Toucannon, L88, M|284/284\n|switch|p1a: Gengar|Gengar, L81, M|100/100\n|turn|7\n|inactive|Time left: 300 sec this turn | 300 sec total\n|\n|t:|1783546454\n|-singleturn|p2a: Toucannon|move: Beak Blast\n|move|p1a: Gengar|Nasty Plot|p1a: Gengar\n|-boost|p1a: Gengar|spa|2\n|move|p2a: Toucannon|Beak Blast|p1a: Gengar\n|-damage|p1a: Gengar|15/100\n|\n|upkeep\n|turn|8\n|inactive|Time left: 300 sec this turn | 300 sec total\n|\n|t:|1783546456\n|-terastallize|p2a: Toucannon|Steel\n|-singleturn|p2a: Toucannon|move: Beak Blast\n|move|p1a: Gengar|Sludge Wave|p2a: Toucannon\n|-immune|p2a: Toucannon\n|move|p2a: Toucannon|Beak Blast|p1a: Gengar\n|-damage|p1a: Gengar|0 fnt\n|-start|p2a: Toucannon|Disable|Beak Blast|[from] ability: Cursed Body|[of] p1a: Gengar\n|faint|p1a: Gengar\n|\n|upkeep\n|\n|t:|1783546456\n|switch|p1a: Breloom|Breloom, L83, M|100/100\n|turn|9\n|inactive|Time left: 300 sec this turn | 300 sec total\n|\n|t:|1783546457\n|move|p1a: Breloom|Spore|p2a: Toucannon\n|-status|p2a: Toucannon|slp|[from] move: Spore\n|cant|p2a: Toucannon|slp\n|\n|upkeep\n|turn|10\n|inactive|Time left: 300 sec this turn | 300 sec total\n|\n|t:|1783546458\n|switch|p2a: Ribombee|Ribombee, L83, F|235/235\n|move|p1a: Breloom|Rock Tomb|p2a: Ribombee\n|-supereffective|p2a: Ribombee\n|-damage|p2a: Ribombee|0 fnt\n|faint|p2a: Ribombee\n|-damage|p1a: Breloom|91/100|[from] item: Life Orb\n|\n|upkeep\n|inactive|Time left: 300 sec this turn | 300 sec total | 5 sec grace\n|\n|t:|1783546459\n|switch|p2a: Cinderace|Cinderace, L77, F|249/249\n|turn|11\n|inactive|Time left: 300 sec this turn | 300 sec total\n|\n|t:|1783546460\n|-terastallize|p1a: Breloom|Fighting\n|move|p1a: Breloom|Mach Punch|p2a: Cinderace\n|-damage|p2a: Cinderace|77/249\n|-damage|p1a: Breloom|81/100|[from] item: Life Orb\n|move|p2a: Cinderace|High Jump Kick|p1a: Breloom\n|-start|p2a: Cinderace|typechange|Fighting|[from] ability: Libero\n|-damage|p1a: Breloom|22/100\n|\n|upkeep\n|turn|12\n|inactive|Time left: 300 sec this turn | 300 sec total\n|\n|t:|1783546461\n|move|p1a: Breloom|Mach Punch|p2a: Cinderace\n|-damage|p2a: Cinderace|0 fnt\n|faint|p2a: Cinderace\n|-damage|p1a: Breloom|12/100|[from] item: Life Orb\n|\n|upkeep\n|inactive|Time left: 300 sec this turn | 300 sec total | 5 sec grace\n|\n|t:|1783546462\n|switch|p2a: Wo-Chien|Wo-Chien, L83|277/277\n|-ability|p2a: Wo-Chien|Tablets of Ruin\n|turn|13\n|inactive|Time left: 300 sec this turn | 300 sec total\n|\n|t:|1783546463\n|move|p1a: Breloom|Mach Punch|p2a: Wo-Chien\n|-supereffective|p2a: Wo-Chien\n|-damage|p2a: Wo-Chien|90/277\n|-damage|p1a: Breloom|3/100|[from] item: Life Orb\n|move|p2a: Wo-Chien|Knock Off|p1a: Breloom\n|-resisted|p1a: Breloom\n|-damage|p1a: Breloom|0 fnt\n|-enditem|p1a: Breloom|Life Orb|[from] move: Knock Off|[of] p2a: Wo-Chien\n|faint|p1a: Breloom\n|\n|win|p0y631a0da", "uploadtime": 1783546463, "views": 0, "rating": 0, "private": 0, "password": null, "_winner": "p0y631a0da", "_our_name": "p0y631a0da"}