{"id": "battle-gen9randombattle-225", "formatid": "gen9randombattle", "format": "[Gen 9] Random Battle", "players": ["p0x22579eb", "p0y2254bfb"], "log": "|init|battle\n|title|p0x22579eb vs. p0y2254bfb\n|j|\u2606p0x22579eb\n|j|\u2606p0y2254bfb\n|t:|1783535849\n|gametype|singles\n|player|p1|p0x22579eb|2|\n|player|p2|p0y2254bfb|170|\n|gen|9\n|tier|[Gen 9] Random Battle\n|rule|Species Clause: Limit one of each Pok\u00e9mon\n|rule|HP Percentage Mod: HP is shown in percentages\n|rule|Sleep Clause Mod: Limit one foe put to sleep\n|rule|Illusion Level Mod: Illusion disguises the Pok\u00e9mon's true level\n|\n|t:|1783535849\n|teamsize|p1|6\n|teamsize|p2|6\n|start\n|switch|p1a: Hydreigon|Hydreigon, L79, F|275/275\n|switch|p2a: Whimsicott|Whimsicott, L84, M|100/100\n|turn|1\n|inactive|Battle timer is ON: inactive players will automatically lose when time's up. (requested by p0y2254bfb)\n|inactive|Time left: 300 sec this turn | 300 sec total | 60 sec grace\n|inactive|p0x22579eb also wants the timer to be on.\n|\n|t:|1783535851\n|move|p1a: Hydreigon|Fire Blast|p2a: Whimsicott|[miss]\n|-miss|p1a: Hydreigon|p2a: Whimsicott\n|move|p2a: Whimsicott|Moonblast|p1a: Hydreigon\n|-supereffective|p1a: Hydreigon\n|-damage|p1a: Hydreigon|0 fnt\n|faint|p1a: Hydreigon\n|\n|upkeep\n|inactive|Time left: 300 sec this turn | 300 sec total | 65 sec grace\n|\n|t:|1783535852\n|switch|p1a: Calyrex|Calyrex-Ice, L72|263/263\n|-ability|p1a: Calyrex|As One\n|-ability|p1a: Calyrex|Unnerve\n|turn|2\n|inactive|Time left: 300 sec this turn | 300 sec total\n|\n|t:|1783535853\n|move|p2a: Whimsicott|Substitute|p2a: Whimsicott\n|-start|p2a: Whimsicott|Substitute\n|-damage|p2a: Whimsicott|76/100\n|move|p1a: Calyrex|Glacial Lance|p2a: Whimsicott\n|-supereffective|p2a: Whimsicott\n|-end|p2a: Whimsicott|Substitute\n|\n|-heal|p2a: Whimsicott|82/100|[from] item: Leftovers\n|upkeep\n|turn|3\n|inactive|Time left: 300 sec this turn | 300 sec total\n|\n|t:|1783535854\n|move|p2a: Whimsicott|Substitute|p2a: Whimsicott\n|-start|p2a: Whimsicott|Substitute\n|-damage|p2a: Whimsicott|57/100\n|move|p1a: Calyrex|Glacial Lance|p2a: Whimsicott\n|-supereffective|p2a: Whimsicott\n|-end|p2a: Whimsicott|Substitute\n|\n|-heal|p2a: Whimsicott|63/100|[from] item: Leftovers\n|upkeep\n|turn|4\n|inactive|Time left: 300 sec this turn | 300 sec total\n|\n|t:|1783535855\n|move|p2a: Whimsicott|Substitute|p2a: Whimsicott\n|-start|p2a: Whimsicott|Substitute\n|-damage|p2a: Whimsicott|38/100\n|move|p1a: Calyrex|Glacial Lance|p2a: Whimsicott\n|-supereffective|p2a: Whimsicott\n|-end|p2a: Whimsicott|Substitute\n|\n|-heal|p2a: Whimsicott|44/100|[from] item: Leftovers\n|upkeep\n|turn|5\n|inactive|Time left: 300 sec this turn | 300 sec total\n|\n|t:|1783535857\n|move|p2a: Whimsicott|Substitute|p2a: Whimsicott\n|-start|p2a: Whimsicott|Substitute\n|-damage|p2a: Whimsicott|19/100\n|move|p1a: Calyrex|Glacial Lance|p2a: Whimsicott\n|-supereffective|p2a: Whimsicott\n|-crit|p2a: Whimsicott\n|-end|p2a: Whimsicott|Substitute\n|\n|-heal|p2a: Whimsicott|25/100|[from] item: Leftovers\n|upkeep\n|turn|6\n|inactive|Time left: 300 sec this turn | 300 sec total\n|\n|t:|1783535858\n|move|p2a: Whimsicott|Leech Seed|p1a: Calyrex\n|-start|p1a: Calyrex|move: Leech Seed\n|move|p1a: Calyrex|Glacial Lance|p2a: Whimsicott\n|-supereffective|p2a: Whimsicott\n|-damage|p2a: Whimsicott|0 fnt\n|faint|p2a: Whimsicott\n|-ability|p1a: Calyrex|Chilling Neigh|boost\n|-boost|p1a: Calyrex|atk|1\n|\n|upkeep\n|\n|t:|1783535859\n|switch|p2a: Malamar|Malamar, L82, F|100/100\n|turn|7\n|inactive|Time left: 300 sec this turn | 300 sec total\n|\n|t:|1783535860\n|move|p2a: Malamar|Superpower|p1a: Calyrex\n|-damage|p1a: Calyrex|205/263\n|-boost|p2a: Malamar|atk|1\n|-boost|p2a: Malamar|def|1\n|move|p1a: Calyrex|Glacial Lance|p2a: Malamar\n|-crit|p2a: Malamar\n|-damage|p2a: Malamar|0 fnt\n|faint|p2a: Malamar\n|-ability|p1a: Calyrex|Chilling Neigh|boost\n|-boost|p1a: Calyrex|atk|1\n|\n|upkeep\n|\n|t:|1783535861\n|switch|p2a: Pikachu|Pikachu-Sinnoh, L93, M|100/100\n|turn|8\n|inactive|Time left: 300 sec this turn | 300 sec total\n|\n|t:|1783535863\n|move|p2a: Pikachu|Fake Out|p1a: Calyrex\n|-damage|p1a: Calyrex|171/263\n|cant|p1a: Calyrex|flinch\n|\n|-damage|p1a: Calyrex|139/263|[from] Leech Seed|[of] p2a: Pikachu\n|upkeep\n|turn|9\n|inactive|Time left: 300 sec this turn | 300 sec total\n|\n|t:|1783535864\n|move|p2a: Pikachu|Volt Tackle|p1a: Calyrex\n|-damage|p1a: Calyrex|0 fnt\n|faint|p1a: Calyrex\n|-damage|p2a: Pikachu|79/100|[from] Recoil\n|\n|upkeep\n|inactive|Time left: 300 sec this turn | 300 sec total | 5 sec grace\n|\n|t:|1783535865\n|switch|p1a: Klawf|Klawf, L90, F|272/272\n|turn|10\n|inactive|Time left: 300 sec this turn | 300 sec total\n|\n|t:|1783535866\n|-terastallize|p2a: Pikachu|Water\n|move|p1a: Klawf|Knock Off|p2a: Pikachu\n|-damage|p2a: Pikachu|25/100\n|-enditem|p2a: Pikachu|Light Ball|[from] move: Knock Off|[of] p1a: Klawf\n|move|p2a: Pikachu|Surf|p1a: Klawf\n|-supereffective|p1a: Klawf\n|-damage|p1a: Klawf|84/272\n|\n|upkeep\n|turn|11\n|inactive|Time left: 300 sec this turn | 300 sec total\n|\n|t:|1783535867\n|switch|p2a: Amoonguss|Amoonguss, L82, F|100/100\n|move|p1a: Klawf|Knock Off|p2a: Amoonguss\n|-damage|p2a: Amoonguss|68/100\n|-enditem|p2a: Amoonguss|Leftovers|[from] move: Knock Off|[of] p1a: Klawf\n|\n|upkeep\n|turn|12\n|inactive|Time left: 300 sec this turn | 300 sec total\n|\n|t:|1783535868\n|switch|p1a: Skarmory|Skarmory, L80, F|235/235\n|move|p2a: Amoonguss|Giga Drain|p1a: Skarmory\n|-resisted|p1a: Skarmory\n|-damage|p1a: Skarmory|214/235\n|-heal|p2a: Amoonguss|72/100|[from] drain|[of] p1a: Skarmory\n|\n|-heal|p1a: Skarmory|228/235|[from] item: Leftovers\n|upkeep\n|turn|13\n|inactive|Time left: 300 sec this turn | 300 sec total\n|\n|t:|1783535869\n|switch|p2a: Arbok|Arbok, L87, M|100/100\n|-ability|p2a: Arbok|Intimidate|boost\n|-unboost|p1a: Skarmory|atk|1\n|move|p1a: Skarmory|Brave Bird|p2a: Arbok\n|-damage|p2a: Arbok|70/100\n|-damage|p1a: Skarmory|203/235|[from] Recoil\n|\n|-heal|p1a: Skarmory|217/235|[from] item: Leftovers\n|upkeep\n|turn|14\n|inactive|Time left: 300 sec this turn | 300 sec total\n|\n|t:|1783535870\n|switch|p2a: Amoonguss|Amoonguss, L82, F|100/100\n|move|p1a: Skarmory|Stealth Rock|p2a: Amoonguss\n|-sidestart|p2: p0y2254bfb|move: Stealth Rock\n|\n|-heal|p1a: Skarmory|231/235|[from] item: Leftovers\n|upkeep\n|turn|15\n|inactive|Time left: 300 sec this turn | 300 sec total\n|\n|t:|1783535871\n|move|p1a: Skarmory|Brave Bird|p2a: Amoonguss\n|-supereffective|p2a: Amoonguss\n|-damage|p2a: Amoonguss|49/100\n|-damage|p1a: Skarmory|177/235|[from] Recoil\n|move|p2a: Amoonguss|Spore|p1a: Skarmory\n|-status|p1a: Skarmory|slp|[from] move: Spore\n|\n|-heal|p1a: Skarmory|191/235 slp|[from] item: Leftovers\n|upkeep\n|turn|16\n|inactive|Time left: 300 sec this turn | 300 sec total\n|\n|t:|1783535873\n|switch|p1a: Solgaleo|Solgaleo, L74|325/325\n|move|p2a: Amoonguss|Giga Drain|p1a: Solgaleo\n|-resisted|p1a: Solgaleo\n|-damage|p1a: Solgaleo|290/325\n|-heal|p2a: Amoonguss|55/100|[from] drain|[of] p1a: Solgaleo\n|\n|-heal|p1a: Solgaleo|310/325|[from] item: Leftovers\n|upkeep\n|turn|17\n|inactive|Time left: 300 sec this turn | 300 sec total\n|\n|t:|1783535874\n|switch|p2a: Goodra|Goodra, L85, M|100/100\n|-damage|p2a: Goodra|88/100|[from] Stealth Rock\n|move|p1a: Solgaleo|Sunsteel Strike|p2a: Goodra\n|-damage|p2a: Goodra|48/100\n|\n|-heal|p1a: Solgaleo|325/325|[from] item: Leftovers\n|upkeep\n|turn|18\n|inactive|Time left: 300 sec this turn | 300 sec total\n|\n|t:|1783535875\n|move|p1a: Solgaleo|Sunsteel Strike|p2a: Goodra\n|-damage|p2a: Goodra|7/100\n|move|p2a: Goodra|Knock Off|p1a: Solgaleo\n|-supereffective|p1a: Solgaleo\n|-damage|p1a: Solgaleo|185/325\n|-enditem|p1a: Solgaleo|Leftovers|[from] move: Knock Off|[of] p2a: Goodra\n|\n|upkeep\n|turn|19\n|inactive|Time left: 300 sec this turn | 300 sec total\n|\n|t:|1783535876\n|move|p1a: Solgaleo|Earthquake|p2a: Goodra\n|-damage|p2a: Goodra|0 fnt\n|faint|p2a: Goodra\n|\n|upkeep\n|\n|t:|1783535877\n|switch|p2a: Arbok|Arbok, L87, M|70/100\n|-damage|p2a: Arbok|58/100|[from] Stealth Rock\n|-ability|p2a: Arbok|Intimidate|boost\n|-fail|p1a: Solgaleo|unboost|[from] ability: Full Metal Body|[of] p1a: Solgaleo\n|turn|20\n|inactive|Time left: 300 sec this turn | 300 sec total\n|\n|t:|1783535878\n|move|p2a: Arbok|Earthquake|p1a: Solgaleo\n|-supereffective|p1a: Solgaleo\n|-damage|p1a: Solgaleo|0 fnt\n|faint|p1a: Solgaleo\n|-damage|p2a: Arbok|48/100|[from] item: Life Orb\n|\n|upkeep\n|inactive|Time left: 300 sec this turn | 300 sec total | 5 sec grace\n|\n|t:|1783535879\n|switch|p1a: Klawf|Klawf, L90, F|174/272\n|turn|21\n|inactive|Time left: 300 sec this turn | 300 sec total\n|\n|t:|1783535881\n|switch|p2a: Amoonguss|Amoonguss, L82, F|88/100\n|-damage|p2a: Amoonguss|76/100|[from] Stealth Rock\n|move|p1a: Klawf|Stone Edge|p2a: Amoonguss\n|-crit|p2a: Amoonguss\n|-damage|p2a: Amoonguss|6/100\n|\n|upkeep\n|turn|22\n|inactive|Time left: 300 sec this turn | 300 sec total\n|\n|t:|1783535882\n|move|p1a: Klawf|Stone Edge|p2a: Amoonguss\n|-damage|p2a: Amoonguss|0 fnt\n|faint|p2a: Amoonguss\n|\n|upkeep\n|\n|t:|1783535883\n|switch|p2a: Pikachu|Pikachu-Sinnoh, L93, M, tera:Water|25/100\n|-damage|p2a: Pikachu|13/100|[from] Stealth Rock\n|turn|23\n|inactive|Time left: 300 sec this turn | 300 sec total\n|\n|t:|1783535884\n|move|p2a: Pikachu|Fake Out|p1a: Klawf\n|-resisted|p1a: Klawf\n|-damage|p1a: Klawf|165/272\n|cant|p1a: Klawf|flinch\n|\n|upkeep\n|turn|24\n|inactive|Time left: 300 sec this turn | 300 sec total\n|\n|t:|1783535885\n|move|p1a: Klawf|Stone Edge|p2a: Pikachu\n|-damage|p2a: Pikachu|0 fnt\n|faint|p2a: Pikachu\n|\n|upkeep\n|\n|t:|1783535886\n|switch|p2a: Arbok|Arbok, L87, M|48/100\n|-damage|p2a: Arbok|36/100|[from] Stealth Rock\n|-ability|p2a: Arbok|Intimidate|boost\n|-unboost|p1a: Klawf|atk|1\n|turn|25\n|inactive|Time left: 300 sec this turn | 300 sec total\n|\n|t:|1783535887\n|move|p1a: Klawf|Stone Edge|p2a: Arbok\n|-damage|p2a: Arbok|0 fnt\n|faint|p2a: Arbok\n|\n|win|p0x22579eb", "uploadtime": 1783535887, "views": 0, "rating": 0, "private": 0, "password": null, "_winner": "p0x22579eb", "_our_name": "p0x22579eb"}