{"id": "battle-gen9randombattle-2515", "formatid": "gen9randombattle", "format": "[Gen 9] Random Battle", "players": ["p0x25152a07", "p0y25150830"], "log": "|init|battle\n|title|p0x25152a07 vs. p0y25150830\n|j|\u2606p0x25152a07\n|j|\u2606p0y25150830\n|t:|1783569127\n|gametype|singles\n|player|p1|p0x25152a07|1|\n|player|p2|p0y25150830|266|\n|gen|9\n|tier|[Gen 9] Random Battle\n|rule|Species Clause: Limit one of each Pok\u00e9mon\n|rule|HP Percentage Mod: HP is shown in percentages\n|rule|Sleep Clause Mod: Limit one foe put to sleep\n|rule|Illusion Level Mod: Illusion disguises the Pok\u00e9mon's true level\n|\n|t:|1783569127\n|teamsize|p1|6\n|teamsize|p2|6\n|start\n|switch|p1a: Blastoise|Blastoise, L80, F|258/258\n|switch|p2a: Regigigas|Regigigas, L84|100/100\n|-start|p2a: Regigigas|ability: Slow Start\n|turn|1\n|inactive|Battle timer is ON: inactive players will automatically lose when time's up. (requested by p0y25150830)\n|inactive|Time left: 300 sec this turn | 300 sec total | 60 sec grace\n|inactive|p0x25152a07 also wants the timer to be on.\n|\n|t:|1783569129\n|move|p1a: Blastoise|Shell Smash|p1a: Blastoise\n|-unboost|p1a: Blastoise|def|1\n|-unboost|p1a: Blastoise|spd|1\n|-boost|p1a: Blastoise|atk|2\n|-boost|p1a: Blastoise|spa|2\n|-boost|p1a: Blastoise|spe|2\n|-enditem|p1a: Blastoise|White Herb\n|-clearnegativeboost|p1a: Blastoise|[silent]\n|move|p2a: Regigigas|Body Slam|p1a: Blastoise\n|-damage|p1a: Blastoise|189/258\n|\n|upkeep\n|turn|2\n|inactive|Time left: 300 sec this turn | 300 sec total\n|\n|t:|1783569130\n|move|p1a: Blastoise|Earthquake|p2a: Regigigas\n|-damage|p2a: Regigigas|68/100\n|move|p2a: Regigigas|Body Slam|p1a: Blastoise\n|-damage|p1a: Blastoise|120/258\n|\n|-heal|p2a: Regigigas|74/100|[from] item: Leftovers\n|upkeep\n|turn|3\n|inactive|Time left: 300 sec this turn | 300 sec total\n|\n|t:|1783569131\n|move|p1a: Blastoise|Hydro Pump|p2a: Regigigas\n|-damage|p2a: Regigigas|19/100\n|move|p2a: Regigigas|Body Slam|p1a: Blastoise\n|-damage|p1a: Blastoise|53/258\n|-status|p1a: Blastoise|par\n|\n|-heal|p2a: Regigigas|26/100|[from] item: Leftovers\n|upkeep\n|turn|4\n|inactive|Time left: 300 sec this turn | 300 sec total\n|\n|t:|1783569132\n|cant|p1a: Blastoise|par\n|move|p2a: Regigigas|Body Slam|p1a: Blastoise\n|-damage|p1a: Blastoise|0 fnt\n|faint|p1a: Blastoise\n|\n|-heal|p2a: Regigigas|32/100|[from] item: Leftovers\n|upkeep\n|inactive|Time left: 300 sec this turn | 300 sec total | 5 sec grace\n|\n|t:|1783569133\n|switch|p1a: Umbreon|Umbreon, L84, M|297/297\n|turn|5\n|inactive|Time left: 300 sec this turn | 300 sec total\n|\n|t:|1783569134\n|switch|p2a: Incineroar|Incineroar, L82, F|100/100\n|-ability|p2a: Incineroar|Intimidate|boost\n|-unboost|p1a: Umbreon|atk|1\n|move|p1a: Umbreon|Foul Play|p2a: Incineroar\n|-resisted|p2a: Incineroar\n|-damage|p2a: Incineroar|82/100\n|\n|upkeep\n|turn|6\n|inactive|Time left: 300 sec this turn | 300 sec total\n|\n|t:|1783569135\n|move|p1a: Umbreon|Toxic|p2a: Incineroar\n|-status|p2a: Incineroar|tox\n|move|p2a: Incineroar|Knock Off|p1a: Umbreon\n|-resisted|p1a: Umbreon\n|-damage|p1a: Umbreon|250/297\n|-enditem|p1a: Umbreon|Leftovers|[from] move: Knock Off|[of] p2a: Incineroar\n|\n|-damage|p2a: Incineroar|76/100 tox|[from] psn\n|upkeep\n|turn|7\n|inactive|Time left: 300 sec this turn | 300 sec total\n|\n|t:|1783569136\n|move|p1a: Umbreon|Foul Play|p2a: Incineroar\n|-resisted|p2a: Incineroar\n|-damage|p2a: Incineroar|56/100 tox\n|move|p2a: Incineroar|Flare Blitz|p1a: Umbreon\n|-damage|p1a: Umbreon|141/297\n|-damage|p2a: Incineroar|44/100 tox|[from] Recoil\n|\n|-damage|p2a: Incineroar|31/100 tox|[from] psn\n|upkeep\n|turn|8\n|inactive|Time left: 300 sec this turn | 300 sec total\n|\n|t:|1783569137\n|move|p1a: Umbreon|Wish|p1a: Umbreon\n|move|p2a: Incineroar|Flare Blitz|p1a: Umbreon\n|-damage|p1a: Umbreon|24/297\n|-damage|p2a: Incineroar|18/100 tox|[from] Recoil\n|\n|-damage|p2a: Incineroar|0 fnt|[from] psn\n|faint|p2a: Incineroar\n|upkeep\n|\n|t:|1783569138\n|switch|p2a: Kyogre|Kyogre, L71|100/100\n|-weather|RainDance|[from] ability: Drizzle|[of] p2a: Kyogre\n|turn|9\n|inactive|Time left: 300 sec this turn | 300 sec total\n|\n|t:|1783569139\n|move|p1a: Umbreon|Protect|p1a: Umbreon\n|-singleturn|p1a: Umbreon|Protect\n|move|p2a: Kyogre|Water Spout|p1a: Umbreon\n|-activate|p1a: Umbreon|move: Protect\n|\n|-weather|RainDance|[upkeep]\n|-heal|p1a: Umbreon|172/297|[from] move: Wish|[wisher] Umbreon\n|upkeep\n|turn|10\n|inactive|Time left: 300 sec this turn | 300 sec total\n|\n|t:|1783569140\n|move|p2a: Kyogre|Water Spout|p1a: Umbreon\n|-damage|p1a: Umbreon|6/297\n|move|p1a: Umbreon|Toxic|p2a: Kyogre\n|-status|p2a: Kyogre|tox\n|\n|-weather|RainDance|[upkeep]\n|-damage|p2a: Kyogre|94/100 tox|[from] psn\n|upkeep\n|turn|11\n|inactive|Time left: 300 sec this turn | 300 sec total\n|\n|t:|1783569141\n|move|p2a: Kyogre|Water Spout|p1a: Umbreon\n|-damage|p1a: Umbreon|0 fnt\n|faint|p1a: Umbreon\n|\n|-weather|RainDance|[upkeep]\n|-damage|p2a: Kyogre|82/100 tox|[from] psn\n|upkeep\n|inactive|Time left: 300 sec this turn | 300 sec total | 5 sec grace\n|\n|t:|1783569142\n|switch|p1a: Raikou|Raikou, L81|278/278\n|-ability|p1a: Raikou|Pressure\n|turn|12\n|inactive|Time left: 300 sec this turn | 300 sec total\n|\n|t:|1783569143\n|move|p2a: Kyogre|Water Spout|p1a: Raikou\n|-damage|p1a: Raikou|104/278\n|move|p1a: Raikou|Thunderbolt|p2a: Kyogre\n|-supereffective|p2a: Kyogre\n|-damage|p2a: Kyogre|19/100 tox\n|\n|-weather|RainDance|[upkeep]\n|-heal|p1a: Raikou|121/278|[from] item: Leftovers\n|-damage|p2a: Kyogre|0 fnt|[from] psn\n|faint|p2a: Kyogre\n|upkeep\n|\n|t:|1783569143\n|switch|p2a: Ursaring|Ursaring, L84, M|100/100\n|turn|13\n|inactive|Time left: 300 sec this turn | 300 sec total\n|\n|t:|1783569144\n|move|p1a: Raikou|Thunderbolt|p2a: Ursaring\n|-damage|p2a: Ursaring|75/100\n|move|p2a: Ursaring|Body Slam|p1a: Raikou\n|-damage|p1a: Raikou|0 fnt\n|faint|p1a: Raikou\n|\n|-weather|none\n|upkeep\n|inactive|Time left: 300 sec this turn | 300 sec total | 5 sec grace\n|\n|t:|1783569145\n|switch|p1a: Girafarig|Girafarig, L89, M|269/269\n|turn|14\n|inactive|Time left: 300 sec this turn | 300 sec total\n|\n|t:|1783569146\n|move|p1a: Girafarig|Nasty Plot|p1a: Girafarig\n|-boost|p1a: Girafarig|spa|2\n|move|p2a: Ursaring|Body Slam|p1a: Girafarig\n|-damage|p1a: Girafarig|178/269\n|\n|upkeep\n|turn|15\n|inactive|Time left: 300 sec this turn | 300 sec total\n|\n|t:|1783569147\n|move|p1a: Girafarig|Psyshock|p2a: Ursaring\n|-damage|p2a: Ursaring|25/100\n|move|p2a: Ursaring|Body Slam|p1a: Girafarig\n|-damage|p1a: Girafarig|93/269\n|\n|upkeep\n|turn|16\n|inactive|Time left: 300 sec this turn | 300 sec total\n|\n|t:|1783569147\n|switch|p2a: Lunala|Lunala, L70|100/100\n|move|p1a: Girafarig|Psyshock|p2a: Lunala\n|-resisted|p2a: Lunala\n|-damage|p2a: Lunala|85/100\n|\n|-heal|p2a: Lunala|91/100|[from] item: Leftovers\n|upkeep\n|turn|17\n|inactive|Time left: 300 sec this turn | 300 sec total\n|\n|t:|1783569148\n|move|p1a: Girafarig|Shadow Ball|p2a: Lunala\n|-supereffective|p2a: Lunala\n|-damage|p2a: Lunala|0 fnt\n|faint|p2a: Lunala\n|\n|upkeep\n|\n|t:|1783569149\n|switch|p2a: Tentacruel|Tentacruel, L84, F|100/100\n|turn|18\n|inactive|Time left: 300 sec this turn | 300 sec total\n|\n|t:|1783569150\n|-terastallize|p2a: Tentacruel|Flying\n|move|p2a: Tentacruel|Knock Off|p1a: Girafarig\n|-supereffective|p1a: Girafarig\n|-damage|p1a: Girafarig|0 fnt\n|-enditem|p1a: Girafarig|Eviolite|[from] move: Knock Off|[of] p2a: Tentacruel\n|faint|p1a: Girafarig\n|\n|upkeep\n|inactive|Time left: 300 sec this turn | 300 sec total | 5 sec grace\n|\n|t:|1783569150\n|switch|p1a: Pawmot|Pawmot, L80, M|243/243\n|turn|19\n|inactive|Time left: 300 sec this turn | 300 sec total\n|\n|t:|1783569151\n|move|p2a: Tentacruel|Sludge Bomb|p1a: Pawmot\n|-damage|p1a: Pawmot|123/243\n|-status|p1a: Pawmot|psn\n|move|p1a: Pawmot|Double Shock|p2a: Tentacruel\n|-supereffective|p2a: Tentacruel\n|-damage|p2a: Tentacruel|0 fnt\n|-start|p1a: Pawmot|typechange|???/Fighting|[from] move: Double Shock\n|faint|p2a: Tentacruel\n|-damage|p1a: Pawmot|99/243 psn|[from] item: Life Orb\n|\n|-damage|p1a: Pawmot|69/243 psn|[from] psn\n|upkeep\n|\n|t:|1783569152\n|switch|p2a: Regigigas|Regigigas, L84|32/100\n|-start|p2a: Regigigas|ability: Slow Start\n|turn|20\n|inactive|Time left: 300 sec this turn | 300 sec total\n|\n|t:|1783569153\n|move|p2a: Regigigas|Protect|p2a: Regigigas\n|-singleturn|p2a: Regigigas|Protect\n|move|p1a: Pawmot|Close Combat|p2a: Regigigas\n|-activate|p2a: Regigigas|move: Protect\n|\n|-heal|p2a: Regigigas|38/100|[from] item: Leftovers\n|-damage|p1a: Pawmot|39/243 psn|[from] psn\n|upkeep\n|turn|21\n|inactive|Time left: 300 sec this turn | 300 sec total\n|\n|t:|1783569154\n|move|p2a: Regigigas|Protect||[still]\n|-fail|p2a: Regigigas\n|move|p1a: Pawmot|Close Combat|p2a: Regigigas\n|-supereffective|p2a: Regigigas\n|-damage|p2a: Regigigas|0 fnt\n|-unboost|p1a: Pawmot|def|1\n|-unboost|p1a: Pawmot|spd|1\n|faint|p2a: Regigigas\n|-end|p2a: Regigigas|Slow Start|[silent]\n|-damage|p1a: Pawmot|15/243 psn|[from] item: Life Orb\n|\n|-damage|p1a: Pawmot|0 fnt|[from] psn\n|faint|p1a: Pawmot\n|upkeep\n|inactive|Time left: 300 sec this turn | 300 sec total | 5 sec grace\n|\n|t:|1783569155\n|switch|p2a: Ursaring|Ursaring, L84, M|25/100\n|switch|p1a: Froslass|Froslass, L87, F|263/263\n|turn|22\n|inactive|Time left: 300 sec this turn | 300 sec total\n|\n|t:|1783569155\n|-terastallize|p1a: Froslass|Ice\n|move|p1a: Froslass|Triple Axel|p2a: Ursaring\n|-damage|p2a: Ursaring|18/100\n|-damage|p2a: Ursaring|3/100\n|-damage|p2a: Ursaring|0 fnt\n|faint|p2a: Ursaring\n|-hitcount|p2: Ursaring|3\n|\n|win|p0x25152a07", "uploadtime": 1783569155, "views": 0, "rating": 0, "private": 0, "password": null, "_winner": "p0x25152a07", "_our_name": "p0x25152a07"}