{"id": "battle-gen9randombattle-484", "formatid": "gen9randombattle", "format": "[Gen 9] Random Battle", "players": ["p0x4842e15", "p0y484440e"], "log": "|init|battle\n|title|p0x4842e15 vs. p0y484440e\n|j|\u2606p0x4842e15\n|j|\u2606p0y484440e\n|t:|1783545399\n|gametype|singles\n|player|p1|p0x4842e15|170|\n|player|p2|p0y484440e|266|\n|gen|9\n|tier|[Gen 9] Random Battle\n|rule|Species Clause: Limit one of each Pok\u00e9mon\n|rule|HP Percentage Mod: HP is shown in percentages\n|rule|Sleep Clause Mod: Limit one foe put to sleep\n|rule|Illusion Level Mod: Illusion disguises the Pok\u00e9mon's true level\n|\n|t:|1783545399\n|teamsize|p1|6\n|teamsize|p2|6\n|start\n|switch|p1a: Empoleon|Empoleon, L84, F|278/278\n|switch|p2a: Miraidon|Miraidon, L65|100/100\n|-fieldstart|move: Electric Terrain|[from] ability: Hadron Engine|[of] p2a: Miraidon\n|turn|1\n|inactive|Battle timer is ON: inactive players will automatically lose when time's up. (requested by p0y484440e)\n|inactive|Time left: 300 sec this turn | 300 sec total | 60 sec grace\n|inactive|p0x4842e15 also wants the timer to be on.\n|\n|t:|1783545401\n|switch|p1a: Golurk|Golurk, L87|297/297\n|move|p2a: Miraidon|Electro Drift|p1a: Golurk\n|-immune|p1a: Golurk\n|\n|upkeep\n|turn|2\n|inactive|Time left: 300 sec this turn | 300 sec total\n|\n|t:|1783545402\n|switch|p2a: Scyther|Scyther, L82, M|100/100\n|move|p1a: Golurk|Poltergeist|p2a: Scyther\n|-activate|p2a: Scyther|move: Poltergeist|Heavy-Duty Boots\n|-damage|p2a: Scyther|17/100\n|-damage|p1a: Golurk|268/297|[from] item: Life Orb\n|\n|upkeep\n|turn|3\n|inactive|Time left: 300 sec this turn | 300 sec total\n|\n|t:|1783545403\n|move|p2a: Scyther|Dual Wingbeat|p1a: Golurk\n|-damage|p1a: Golurk|198/297\n|-damage|p1a: Golurk|123/297\n|-hitcount|p1a: Golurk|2\n|move|p1a: Golurk|Poltergeist|p2a: Scyther\n|-activate|p2a: Scyther|move: Poltergeist|Heavy-Duty Boots\n|-damage|p2a: Scyther|0 fnt\n|faint|p2a: Scyther\n|-damage|p1a: Golurk|94/297|[from] item: Life Orb\n|\n|upkeep\n|\n|t:|1783545404\n|switch|p2a: Hoopa|Hoopa-Unbound, L80|100/100\n|turn|4\n|inactive|Time left: 300 sec this turn | 300 sec total\n|\n|t:|1783545406\n|move|p2a: Hoopa|Hyperspace Fury|p1a: Golurk\n|-supereffective|p1a: Golurk\n|-crit|p1a: Golurk\n|-damage|p1a: Golurk|0 fnt\n|-unboost|p2a: Hoopa|def|1\n|faint|p1a: Golurk\n|\n|upkeep\n|inactive|Time left: 300 sec this turn | 300 sec total | 5 sec grace\n|\n|t:|1783545407\n|switch|p1a: Carbink|Carbink, L90|236/236\n|turn|5\n|inactive|Time left: 300 sec this turn | 300 sec total\n|\n|t:|1783545408\n|switch|p2a: Oinkologne|Oinkologne-F, L92, F|100/100\n|move|p1a: Carbink|Body Press|p2a: Oinkologne\n|-supereffective|p2a: Oinkologne\n|-damage|p2a: Oinkologne|41/100\n|\n|-heal|p2a: Oinkologne|47/100|[from] item: Leftovers\n|-fieldend|move: Electric Terrain\n|upkeep\n|turn|6\n|inactive|Time left: 300 sec this turn | 300 sec total\n|\n|t:|1783545409\n|move|p2a: Oinkologne|Rest|p2a: Oinkologne\n|-status|p2a: Oinkologne|slp|[from] move: Rest\n|-heal|p2a: Oinkologne|100/100 slp|[silent]\n|move|p1a: Carbink|Body Press|p2a: Oinkologne\n|-supereffective|p2a: Oinkologne\n|-damage|p2a: Oinkologne|48/100 slp\n|\n|-heal|p2a: Oinkologne|54/100 slp|[from] item: Leftovers\n|upkeep\n|turn|7\n|inactive|Time left: 300 sec this turn | 300 sec total\n|\n|t:|1783545410\n|cant|p2a: Oinkologne|slp\n|move|p2a: Oinkologne|Sleep Talk|p2a: Oinkologne\n|move|p2a: Oinkologne|Rest||[from] move: Sleep Talk|[still]\n|-fail|p2a: Oinkologne\n|move|p1a: Carbink|Body Press|p2a: Oinkologne\n|-supereffective|p2a: Oinkologne\n|-damage|p2a: Oinkologne|2/100 slp\n|\n|-heal|p2a: Oinkologne|8/100 slp|[from] item: Leftovers\n|upkeep\n|turn|8\n|inactive|Time left: 300 sec this turn | 300 sec total\n|\n|t:|1783545412\n|cant|p2a: Oinkologne|slp\n|move|p2a: Oinkologne|Sleep Talk|p2a: Oinkologne\n|move|p2a: Oinkologne|Body Slam|p1a: Carbink|[from] move: Sleep Talk\n|-resisted|p1a: Carbink\n|-damage|p1a: Carbink|206/236\n|-status|p1a: Carbink|par\n|move|p1a: Carbink|Body Press|p2a: Oinkologne\n|-supereffective|p2a: Oinkologne\n|-damage|p2a: Oinkologne|0 fnt\n|faint|p2a: Oinkologne\n|\n|upkeep\n|\n|t:|1783545413\n|switch|p2a: Miraidon|Miraidon, L65|100/100\n|-fieldstart|move: Electric Terrain|[from] ability: Hadron Engine|[of] p2a: Miraidon\n|turn|9\n|inactive|Time left: 300 sec this turn | 300 sec total\n|\n|t:|1783545414\n|switch|p1a: Appletun|Appletun, L92, M|352/352\n|move|p2a: Miraidon|Electro Drift|p1a: Appletun\n|-resisted|p1a: Appletun\n|-damage|p1a: Appletun|295/352\n|\n|-heal|p1a: Appletun|317/352|[from] item: Leftovers\n|upkeep\n|turn|10\n|inactive|Time left: 300 sec this turn | 300 sec total\n|\n|t:|1783545415\n|switch|p2a: Hoopa|Hoopa-Unbound, L80|100/100\n|move|p1a: Appletun|Dragon Tail|p2a: Hoopa\n|-crit|p2a: Hoopa\n|-damage|p2a: Hoopa|45/100\n|drag|p2a: Baxcalibur|Baxcalibur, L75, F|100/100\n|\n|-heal|p1a: Appletun|339/352|[from] item: Leftovers\n|upkeep\n|turn|11\n|inactive|Time left: 300 sec this turn | 300 sec total\n|\n|t:|1783545416\n|-terastallize|p1a: Appletun|Steel\n|move|p2a: Baxcalibur|Icicle Crash|p1a: Appletun\n|-resisted|p1a: Appletun\n|-damage|p1a: Appletun|314/352\n|move|p1a: Appletun|Draco Meteor|p2a: Baxcalibur\n|-supereffective|p2a: Baxcalibur\n|-damage|p2a: Baxcalibur|0 fnt\n|-unboost|p1a: Appletun|spa|2\n|faint|p2a: Baxcalibur\n|\n|-heal|p1a: Appletun|336/352|[from] item: Leftovers\n|upkeep\n|\n|t:|1783545417\n|switch|p2a: Hoopa|Hoopa-Unbound, L80|45/100\n|turn|12\n|inactive|Time left: 300 sec this turn | 300 sec total\n|\n|t:|1783545418\n|move|p2a: Hoopa|Drain Punch|p1a: Appletun\n|-supereffective|p1a: Appletun\n|-damage|p1a: Appletun|138/352\n|-heal|p2a: Hoopa|83/100|[from] drain|[of] p1a: Appletun\n|move|p1a: Appletun|Dragon Tail|p2a: Hoopa\n|-damage|p2a: Hoopa|47/100\n|drag|p2a: Miraidon|Miraidon, L65|100/100\n|-activate|p2a: Miraidon|ability: Hadron Engine\n|\n|-heal|p1a: Appletun|160/352|[from] item: Leftovers\n|upkeep\n|turn|13\n|inactive|Time left: 300 sec this turn | 300 sec total\n|\n|t:|1783545419\n|switch|p1a: Miraidon|Miraidon, L65|238/238\n|-activate|p1a: Miraidon|ability: Hadron Engine\n|move|p2a: Miraidon|Electro Drift|p1a: Miraidon\n|-resisted|p1a: Miraidon\n|-damage|p1a: Miraidon|184/238\n|\n|-fieldend|move: Electric Terrain\n|upkeep\n|turn|14\n|inactive|Time left: 300 sec this turn | 300 sec total\n|\n|t:|1783545420\n|switch|p2a: Probopass|Probopass, L91, F|100/100\n|move|p1a: Miraidon|Draco Meteor|p2a: Probopass\n|-resisted|p2a: Probopass\n|-damage|p2a: Probopass|81/100\n|-unboost|p1a: Miraidon|spa|2\n|\n|-heal|p2a: Probopass|87/100|[from] item: Leftovers\n|upkeep\n|turn|15\n|inactive|Time left: 300 sec this turn | 300 sec total\n|\n|t:|1783545421\n|switch|p1a: Lunala|Lunala, L70|308/308\n|move|p2a: Probopass|Iron Defense|p2a: Probopass\n|-boost|p2a: Probopass|def|2\n|\n|-heal|p2a: Probopass|93/100|[from] item: Leftovers\n|upkeep\n|turn|16\n|inactive|Time left: 300 sec this turn | 300 sec total\n|\n|t:|1783545422\n|switch|p2a: Hoopa|Hoopa-Unbound, L80|47/100\n|move|p1a: Lunala|Calm Mind|p1a: Lunala\n|-boost|p1a: Lunala|spa|1\n|-boost|p1a: Lunala|spd|1\n|\n|upkeep\n|turn|17\n|inactive|Time left: 300 sec this turn | 300 sec total\n|\n|t:|1783545422\n|move|p1a: Lunala|Moongeist Beam|p2a: Hoopa\n|-damage|p2a: Hoopa|2/100\n|move|p2a: Hoopa|Hyperspace Fury|p1a: Lunala\n|-supereffective|p1a: Lunala\n|-damage|p1a: Lunala|0 fnt\n|-unboost|p2a: Hoopa|def|1\n|faint|p1a: Lunala\n|\n|upkeep\n|inactive|Time left: 300 sec this turn | 300 sec total | 5 sec grace\n|\n|t:|1783545423\n|switch|p1a: Miraidon|Miraidon, L65|184/238\n|-fieldstart|move: Electric Terrain|[from] ability: Hadron Engine|[of] p1a: Miraidon\n|turn|18\n|inactive|Time left: 300 sec this turn | 300 sec total\n|\n|t:|1783545424\n|move|p1a: Miraidon|Electro Drift|p2a: Hoopa\n|-damage|p2a: Hoopa|0 fnt\n|faint|p2a: Hoopa\n|\n|upkeep\n|\n|t:|1783545425\n|switch|p2a: Miraidon|Miraidon, L65|100/100\n|-activate|p2a: Miraidon|ability: Hadron Engine\n|turn|19\n|inactive|Time left: 300 sec this turn | 300 sec total\n|\n|t:|1783545426\n|move|p2a: Miraidon|Electro Drift|p1a: Miraidon\n|-resisted|p1a: Miraidon\n|-damage|p1a: Miraidon|131/238\n|move|p1a: Miraidon|Electro Drift|p2a: Miraidon\n|-resisted|p2a: Miraidon\n|-damage|p2a: Miraidon|77/100\n|\n|upkeep\n|turn|20\n|inactive|Time left: 300 sec this turn | 300 sec total\n|\n|t:|1783545428\n|move|p2a: Miraidon|Electro Drift|p1a: Miraidon\n|-resisted|p1a: Miraidon\n|-damage|p1a: Miraidon|71/238\n|move|p1a: Miraidon|Electro Drift|p2a: Miraidon\n|-resisted|p2a: Miraidon\n|-damage|p2a: Miraidon|56/100\n|\n|upkeep\n|turn|21\n|inactive|Time left: 300 sec this turn | 300 sec total\n|\n|t:|1783545429\n|move|p2a: Miraidon|Electro Drift|p1a: Miraidon\n|-resisted|p1a: Miraidon\n|-damage|p1a: Miraidon|10/238\n|move|p1a: Miraidon|Electro Drift|p2a: Miraidon\n|-resisted|p2a: Miraidon\n|-damage|p2a: Miraidon|30/100\n|\n|upkeep\n|turn|22\n|inactive|Time left: 300 sec this turn | 300 sec total\n|\n|t:|1783545430\n|move|p1a: Miraidon|Electro Drift|p2a: Miraidon\n|-resisted|p2a: Miraidon\n|-damage|p2a: Miraidon|6/100\n|move|p2a: Miraidon|Electro Drift|p1a: Miraidon\n|-resisted|p1a: Miraidon\n|-damage|p1a: Miraidon|0 fnt\n|faint|p1a: Miraidon\n|\n|-fieldend|move: Electric Terrain\n|upkeep\n|inactive|Time left: 300 sec this turn | 300 sec total | 5 sec grace\n|\n|t:|1783545431\n|switch|p1a: Carbink|Carbink, L90|206/236 par\n|turn|23\n|inactive|Time left: 300 sec this turn | 300 sec total\n|\n|t:|1783545432\n|switch|p2a: Probopass|Probopass, L91, F|93/100\n|move|p1a: Carbink|Rest|p1a: Carbink\n|-status|p1a: Carbink|slp|[from] move: Rest\n|-heal|p1a: Carbink|236/236 slp|[silent]\n|-enditem|p1a: Carbink|Chesto Berry|[eat]\n|-curestatus|p1a: Carbink|slp|[msg]\n|\n|-heal|p2a: Probopass|99/100|[from] item: Leftovers\n|upkeep\n|turn|24\n|inactive|Time left: 300 sec this turn | 300 sec total\n|\n|t:|1783545433\n|-terastallize|p2a: Probopass|Fighting\n|move|p1a: Carbink|Body Press|p2a: Probopass\n|-damage|p2a: Probopass|78/100\n|move|p2a: Probopass|Flash Cannon|p1a: Carbink\n|-supereffective|p1a: Carbink\n|-damage|p1a: Carbink|28/236\n|\n|-heal|p2a: Probopass|84/100|[from] item: Leftovers\n|upkeep\n|turn|25\n|inactive|Time left: 300 sec this turn | 300 sec total\n|\n|t:|1783545434\n|move|p1a: Carbink|Rest|p1a: Carbink\n|-status|p1a: Carbink|slp|[from] move: Rest\n|-heal|p1a: Carbink|236/236 slp|[silent]\n|move|p2a: Probopass|Body Press|p1a: Carbink\n|-damage|p1a: Carbink|155/236 slp\n|\n|-heal|p2a: Probopass|90/100|[from] item: Leftovers\n|upkeep\n|turn|26\n|inactive|Time left: 300 sec this turn | 300 sec total\n|\n|t:|1783545436\n|switch|p1a: Appletun|Appletun, L92, M, tera:Steel|160/352\n|move|p2a: Probopass|Body Press|p1a: Appletun\n|-supereffective|p1a: Appletun\n|-damage|p1a: Appletun|0 fnt\n|faint|p1a: Appletun\n|\n|-heal|p2a: Probopass|96/100|[from] item: Leftovers\n|upkeep\n|inactive|Time left: 300 sec this turn | 300 sec total | 5 sec grace\n|\n|t:|1783545437\n|switch|p1a: Carbink|Carbink, L90|155/236 slp\n|turn|27\n|inactive|Time left: 300 sec this turn | 300 sec total\n|\n|t:|1783545438\n|switch|p1a: Empoleon|Empoleon, L84, F|278/278\n|move|p2a: Probopass|Flash Cannon|p1a: Empoleon\n|-resisted|p1a: Empoleon\n|-damage|p1a: Empoleon|260/278\n|\n|-heal|p1a: Empoleon|277/278|[from] item: Leftovers\n|-heal|p2a: Probopass|100/100|[from] item: Leftovers\n|upkeep\n|turn|28\n|inactive|Time left: 300 sec this turn | 300 sec total\n|\n|t:|1783545439\n|move|p1a: Empoleon|Flip Turn|p2a: Probopass\n|-damage|p2a: Probopass|86/100\n|inactive|Time left: 300 sec this turn | 300 sec total | 5 sec grace\n|\n|t:|1783545440\n|switch|p1a: Carbink|Carbink, L90|155/236 slp|[from] Flip Turn\n|move|p2a: Probopass|Body Press|p1a: Carbink\n|-damage|p1a: Carbink|74/236 slp\n|\n|-heal|p2a: Probopass|92/100|[from] item: Leftovers\n|upkeep\n|turn|29\n|inactive|Time left: 300 sec this turn | 300 sec total\n|\n|t:|1783545441\n|cant|p1a: Carbink|slp\n|move|p2a: Probopass|Body Press|p1a: Carbink\n|-damage|p1a: Carbink|0 fnt\n|faint|p1a: Carbink\n|\n|-heal|p2a: Probopass|99/100|[from] item: Leftovers\n|upkeep\n|inactive|Time left: 300 sec this turn | 300 sec total | 5 sec grace\n|\n|t:|1783545441\n|switch|p1a: Empoleon|Empoleon, L84, F|277/278\n|turn|30\n|inactive|Time left: 300 sec this turn | 300 sec total\n|\n|t:|1783545442\n|move|p1a: Empoleon|Flip Turn|p2a: Probopass\n|-damage|p2a: Probopass|83/100\n|move|p2a: Probopass|Body Press|p1a: Empoleon\n|-supereffective|p1a: Empoleon\n|-damage|p1a: Empoleon|13/278\n|\n|-heal|p1a: Empoleon|30/278|[from] item: Leftovers\n|-heal|p2a: Probopass|90/100|[from] item: Leftovers\n|upkeep\n|turn|31\n|inactive|Time left: 300 sec this turn | 300 sec total\n|\n|t:|1783545443\n|move|p1a: Empoleon|Roost|p1a: Empoleon\n|-heal|p1a: Empoleon|169/278\n|-singleturn|p1a: Empoleon|move: Roost\n|move|p2a: Probopass|Body Press|p1a: Empoleon\n|-supereffective|p1a: Empoleon\n|-damage|p1a: Empoleon|0 fnt\n|faint|p1a: Empoleon\n|\n|win|p0y484440e", "uploadtime": 1783545443, "views": 0, "rating": 0, "private": 0, "password": null, "_winner": "p0y484440e", "_our_name": "p0x4842e15"}