{"id": "battle-gen9randombattle-2263", "formatid": "gen9randombattle", "format": "[Gen 9] Random Battle", "players": ["p0x22630839", "p0y2263f5d2"], "log": "|init|battle\n|title|p0x22630839 vs. p0y2263f5d2\n|j|\u2606p0x22630839\n|j|\u2606p0y2263f5d2\n|t:|1783566224\n|gametype|singles\n|player|p1|p0x22630839|102|\n|player|p2|p0y2263f5d2|2|\n|gen|9\n|tier|[Gen 9] Random Battle\n|rule|Species Clause: Limit one of each Pok\u00e9mon\n|rule|HP Percentage Mod: HP is shown in percentages\n|rule|Sleep Clause Mod: Limit one foe put to sleep\n|rule|Illusion Level Mod: Illusion disguises the Pok\u00e9mon's true level\n|\n|t:|1783566224\n|teamsize|p1|6\n|teamsize|p2|6\n|start\n|switch|p1a: Gliscor|Gliscor, L76, F|100/100\n|switch|p2a: Fezandipiti|Fezandipiti, L82, M|278/278\n|turn|1\n|inactive|Battle timer is ON: inactive players will automatically lose when time's up. (requested by p0x22630839)\n|inactive|Time left: 300 sec this turn | 300 sec total | 60 sec grace\n|inactive|p0y2263f5d2 also wants the timer to be on.\n|\n|t:|1783566226\n|switch|p2a: Brambleghast|Brambleghast, L88, F|240/240\n|move|p1a: Gliscor|Earthquake|p2a: Brambleghast\n|-resisted|p2a: Brambleghast\n|-damage|p2a: Brambleghast|190/240\n|\n|-heal|p2a: Brambleghast|205/240|[from] item: Leftovers\n|-status|p1a: Gliscor|tox|[from] item: Toxic Orb\n|upkeep\n|turn|2\n|inactive|Time left: 300 sec this turn | 300 sec total\n|\n|t:|1783566227\n|move|p2a: Brambleghast|Leech Seed|p1a: Gliscor\n|-start|p1a: Gliscor|move: Leech Seed\n|move|p1a: Gliscor|Knock Off|p2a: Brambleghast\n|-supereffective|p2a: Brambleghast\n|-damage|p2a: Brambleghast|83/240\n|-enditem|p2a: Brambleghast|Leftovers|[from] move: Knock Off|[of] p1a: Gliscor\n|\n|-damage|p1a: Gliscor|88/100 tox|[from] Leech Seed|[of] p2a: Brambleghast\n|-heal|p2a: Brambleghast|112/240|[silent]\n|-heal|p1a: Gliscor|100/100 tox|[from] ability: Poison Heal\n|upkeep\n|turn|3\n|inactive|Time left: 300 sec this turn | 300 sec total\n|\n|t:|1783566228\n|switch|p1a: Spidops|Spidops, L96, M|100/100\n|move|p2a: Brambleghast|Poltergeist|p1a: Spidops\n|-activate|p1a: Spidops|move: Poltergeist|Heavy-Duty Boots\n|-damage|p1a: Spidops|53/100\n|\n|upkeep\n|turn|4\n|inactive|Time left: 300 sec this turn | 300 sec total\n|\n|t:|1783566229\n|move|p2a: Brambleghast|Poltergeist|p1a: Spidops\n|-activate|p1a: Spidops|move: Poltergeist|Heavy-Duty Boots\n|-crit|p1a: Spidops\n|-damage|p1a: Spidops|0 fnt\n|faint|p1a: Spidops\n|\n|upkeep\n|\n|t:|1783566230\n|switch|p1a: Iron Bundle|Iron Bundle, L78|100/100\n|turn|5\n|inactive|Time left: 300 sec this turn | 300 sec total\n|\n|t:|1783566230\n|switch|p2a: Glaceon|Glaceon, L94, M|275/275\n|move|p1a: Iron Bundle|Ice Beam|p2a: Glaceon\n|-resisted|p2a: Glaceon\n|-damage|p2a: Glaceon|216/275\n|\n|upkeep\n|turn|6\n|inactive|Time left: 300 sec this turn | 300 sec total\n|\n|t:|1783566231\n|-end|p1a: Iron Bundle|Quark Drive|[silent]\n|switch|p1a: Indeedee|Indeedee-F, L90, F|100/100\n|-fieldstart|move: Psychic Terrain|[from] ability: Psychic Surge|[of] p1a: Indeedee\n|move|p2a: Glaceon|Freeze-Dry|p1a: Indeedee\n|-damage|p1a: Indeedee|67/100\n|\n|upkeep\n|turn|7\n|inactive|Time left: 300 sec this turn | 300 sec total\n|\n|t:|1783566232\n|move|p1a: Indeedee|Psychic|p2a: Glaceon\n|-damage|p2a: Glaceon|60/275\n|-damage|p1a: Indeedee|57/100|[from] item: Life Orb\n|move|p2a: Glaceon|Freeze-Dry|p1a: Indeedee\n|-damage|p1a: Indeedee|20/100\n|-status|p1a: Indeedee|frz\n|\n|upkeep\n|turn|8\n|inactive|Time left: 300 sec this turn | 300 sec total\n|\n|t:|1783566233\n|cant|p1a: Indeedee|frz\n|move|p2a: Glaceon|Freeze-Dry|p1a: Indeedee\n|-damage|p1a: Indeedee|0 fnt\n|faint|p1a: Indeedee\n|\n|upkeep\n|\n|t:|1783566234\n|switch|p1a: Iron Bundle|Iron Bundle, L78|100/100\n|turn|9\n|inactive|Time left: 300 sec this turn | 300 sec total\n|\n|t:|1783566235\n|move|p1a: Iron Bundle|Ice Beam|p2a: Glaceon\n|-resisted|p2a: Glaceon\n|-damage|p2a: Glaceon|0 fnt\n|faint|p2a: Glaceon\n|\n|upkeep\n|inactive|Time left: 300 sec this turn | 300 sec total | 5 sec grace\n|\n|t:|1783566235\n|switch|p2a: Delphox|Delphox, L84, M|263/263\n|turn|10\n|inactive|Time left: 300 sec this turn | 300 sec total\n|\n|t:|1783566236\n|move|p1a: Iron Bundle|Ice Beam|p2a: Delphox\n|-resisted|p2a: Delphox\n|-damage|p2a: Delphox|193/263\n|move|p2a: Delphox|Fire Blast|p1a: Iron Bundle|[miss]\n|-miss|p2a: Delphox|p1a: Iron Bundle\n|\n|-fieldend|move: Psychic Terrain\n|upkeep\n|turn|11\n|inactive|Time left: 300 sec this turn | 300 sec total\n|\n|t:|1783566238\n|move|p1a: Iron Bundle|Ice Beam|p2a: Delphox\n|-resisted|p2a: Delphox\n|-damage|p2a: Delphox|126/263\n|move|p2a: Delphox|Fire Blast|p1a: Iron Bundle|[miss]\n|-miss|p2a: Delphox|p1a: Iron Bundle\n|\n|upkeep\n|turn|12\n|inactive|Time left: 300 sec this turn | 300 sec total\n|\n|t:|1783566239\n|move|p1a: Iron Bundle|Ice Beam|p2a: Delphox\n|-resisted|p2a: Delphox\n|-damage|p2a: Delphox|59/263\n|move|p2a: Delphox|Fire Blast|p1a: Iron Bundle\n|-damage|p1a: Iron Bundle|0 fnt\n|faint|p1a: Iron Bundle\n|-end|p1a: Iron Bundle|Quark Drive|[silent]\n|\n|upkeep\n|\n|t:|1783566240\n|switch|p1a: Staraptor|Staraptor, L79, F|100/100\n|turn|13\n|inactive|Time left: 300 sec this turn | 300 sec total\n|\n|t:|1783566241\n|move|p1a: Staraptor|Quick Attack|p2a: Delphox\n|-damage|p2a: Delphox|0 fnt\n|faint|p2a: Delphox\n|\n|upkeep\n|inactive|Time left: 300 sec this turn | 300 sec total | 5 sec grace\n|\n|t:|1783566242\n|switch|p2a: Brambleghast|Brambleghast, L88, F|112/240\n|turn|14\n|inactive|Time left: 300 sec this turn | 300 sec total\n|\n|t:|1783566243\n|move|p1a: Staraptor|Quick Attack|p2a: Brambleghast\n|-immune|p2a: Brambleghast\n|move|p2a: Brambleghast|Leech Seed|p1a: Staraptor\n|-start|p1a: Staraptor|move: Leech Seed\n|\n|-damage|p1a: Staraptor|88/100|[from] Leech Seed|[of] p2a: Brambleghast\n|-heal|p2a: Brambleghast|144/240|[silent]\n|upkeep\n|turn|15\n|inactive|Time left: 300 sec this turn | 300 sec total\n|\n|t:|1783566244\n|switch|p1a: Gliscor|Gliscor, L76, F|100/100 tox\n|move|p2a: Brambleghast|Power Whip|p1a: Gliscor\n|-damage|p1a: Gliscor|42/100 tox\n|\n|-heal|p1a: Gliscor|54/100 tox|[from] ability: Poison Heal\n|upkeep\n|turn|16\n|inactive|Time left: 300 sec this turn | 300 sec total\n|\n|t:|1783566245\n|move|p1a: Gliscor|Protect|p1a: Gliscor\n|-singleturn|p1a: Gliscor|Protect\n|move|p2a: Brambleghast|Power Whip|p1a: Gliscor\n|-activate|p1a: Gliscor|move: Protect\n|\n|-heal|p1a: Gliscor|66/100 tox|[from] ability: Poison Heal\n|upkeep\n|turn|17\n|inactive|Time left: 300 sec this turn | 300 sec total\n|\n|t:|1783566246\n|move|p2a: Brambleghast|Power Whip|p1a: Gliscor|[miss]\n|-miss|p2a: Brambleghast|p1a: Gliscor\n|move|p1a: Gliscor|Toxic|p2a: Brambleghast\n|-status|p2a: Brambleghast|tox\n|\n|-damage|p2a: Brambleghast|129/240 tox|[from] psn\n|-heal|p1a: Gliscor|78/100 tox|[from] ability: Poison Heal\n|upkeep\n|turn|18\n|inactive|Time left: 300 sec this turn | 300 sec total\n|\n|t:|1783566247\n|move|p1a: Gliscor|Protect|p1a: Gliscor\n|-singleturn|p1a: Gliscor|Protect\n|move|p2a: Brambleghast|Power Whip|p1a: Gliscor\n|-activate|p1a: Gliscor|move: Protect\n|\n|-damage|p2a: Brambleghast|99/240 tox|[from] psn\n|-heal|p1a: Gliscor|90/100 tox|[from] ability: Poison Heal\n|upkeep\n|turn|19\n|inactive|Time left: 300 sec this turn | 300 sec total\n|\n|t:|1783566248\n|move|p2a: Brambleghast|Power Whip|p1a: Gliscor\n|-damage|p1a: Gliscor|29/100 tox\n|move|p1a: Gliscor|Knock Off|p2a: Brambleghast\n|-supereffective|p2a: Brambleghast\n|-damage|p2a: Brambleghast|17/240 tox\n|\n|-damage|p2a: Brambleghast|0 fnt|[from] psn\n|faint|p2a: Brambleghast\n|-heal|p1a: Gliscor|41/100 tox|[from] ability: Poison Heal\n|upkeep\n|inactive|Time left: 300 sec this turn | 300 sec total | 5 sec grace\n|\n|t:|1783566249\n|switch|p2a: Scizor|Scizor, L79, F|240/240\n|turn|20\n|inactive|Time left: 300 sec this turn | 300 sec total\n|\n|t:|1783566250\n|move|p2a: Scizor|Bullet Punch|p1a: Gliscor\n|-damage|p1a: Gliscor|3/100 tox\n|move|p1a: Gliscor|Knock Off|p2a: Scizor\n|-damage|p2a: Scizor|187/240\n|-enditem|p2a: Scizor|Choice Band|[from] move: Knock Off|[of] p1a: Gliscor\n|\n|-heal|p1a: Gliscor|15/100 tox|[from] ability: Poison Heal\n|upkeep\n|turn|21\n|inactive|Time left: 300 sec this turn | 300 sec total\n|\n|t:|1783566251\n|switch|p1a: Sandslash|Sandslash, L89, M|100/100\n|move|p2a: Scizor|Bullet Punch|p1a: Sandslash\n|-damage|p1a: Sandslash|79/100\n|\n|-heal|p1a: Sandslash|85/100|[from] item: Leftovers\n|upkeep\n|turn|22\n|inactive|Time left: 300 sec this turn | 300 sec total\n|\n|t:|1783566252\n|move|p1a: Sandslash|Swords Dance|p1a: Sandslash\n|-boost|p1a: Sandslash|atk|2\n|move|p2a: Scizor|Knock Off|p1a: Sandslash\n|-damage|p1a: Sandslash|63/100\n|-enditem|p1a: Sandslash|Leftovers|[from] move: Knock Off|[of] p2a: Scizor\n|\n|upkeep\n|turn|23\n|inactive|Time left: 300 sec this turn | 300 sec total\n|\n|t:|1783566253\n|-terastallize|p2a: Scizor|Steel\n|move|p2a: Scizor|Bullet Punch|p1a: Sandslash\n|-crit|p1a: Sandslash\n|-damage|p1a: Sandslash|20/100\n|move|p1a: Sandslash|Earthquake|p2a: Scizor\n|-supereffective|p2a: Scizor\n|-damage|p2a: Scizor|0 fnt\n|faint|p2a: Scizor\n|\n|upkeep\n|inactive|Time left: 300 sec this turn | 300 sec total | 5 sec grace\n|\n|t:|1783566254\n|switch|p2a: Fezandipiti|Fezandipiti, L82, M|278/278\n|turn|24\n|inactive|Time left: 300 sec this turn | 300 sec total\n|\n|t:|1783566256\n|-terastallize|p1a: Sandslash|Steel\n|move|p2a: Fezandipiti|Moonblast|p1a: Sandslash\n|-resisted|p1a: Sandslash\n|-damage|p1a: Sandslash|4/100\n|move|p1a: Sandslash|Earthquake|p2a: Fezandipiti\n|-supereffective|p2a: Fezandipiti\n|-damage|p2a: Fezandipiti|0 fnt\n|faint|p2a: Fezandipiti\n|\n|upkeep\n|inactive|Time left: 300 sec this turn | 300 sec total | 5 sec grace\n|\n|t:|1783566257\n|switch|p2a: Pachirisu|Pachirisu, L96, F|271/271\n|turn|25\n|inactive|Time left: 300 sec this turn | 300 sec total\n|\n|t:|1783566258\n|switch|p1a: Gliscor|Gliscor, L76, F|15/100 tox\n|move|p2a: Pachirisu|Thunderbolt|p1a: Gliscor\n|-immune|p1a: Gliscor\n|\n|-heal|p1a: Gliscor|27/100 tox|[from] ability: Poison Heal\n|upkeep\n|turn|26\n|inactive|Time left: 300 sec this turn | 300 sec total\n|\n|t:|1783566259\n|move|p2a: Pachirisu|Super Fang|p1a: Gliscor\n|-damage|p1a: Gliscor|14/100 tox\n|move|p1a: Gliscor|Earthquake|p2a: Pachirisu\n|-supereffective|p2a: Pachirisu\n|-damage|p2a: Pachirisu|85/271\n|\n|-heal|p1a: Gliscor|26/100 tox|[from] ability: Poison Heal\n|upkeep\n|turn|27\n|inactive|Time left: 300 sec this turn | 300 sec total\n|\n|t:|1783566260\n|move|p2a: Pachirisu|Thunderbolt|p1a: Gliscor\n|-immune|p1a: Gliscor\n|move|p1a: Gliscor|Earthquake|p2a: Pachirisu\n|-supereffective|p2a: Pachirisu\n|-damage|p2a: Pachirisu|0 fnt\n|faint|p2a: Pachirisu\n|\n|win|p0x22630839", "uploadtime": 1783566260, "views": 0, "rating": 0, "private": 0, "password": null, "_winner": "p0x22630839", "_our_name": "p0y2263f5d2"}