{"id": "battle-gen9randombattle-775", "formatid": "gen9randombattle", "format": "[Gen 9] Random Battle", "players": ["p0x7753dbc", "p0y7751dde"], "log": "|init|battle\n|title|p0x7753dbc vs. p0y7751dde\n|j|\u2606p0x7753dbc\n|j|\u2606p0y7751dde\n|t:|1783548112\n|gametype|singles\n|player|p1|p0x7753dbc|1|\n|player|p2|p0y7751dde|266|\n|gen|9\n|tier|[Gen 9] Random Battle\n|rule|Species Clause: Limit one of each Pok\u00e9mon\n|rule|HP Percentage Mod: HP is shown in percentages\n|rule|Sleep Clause Mod: Limit one foe put to sleep\n|rule|Illusion Level Mod: Illusion disguises the Pok\u00e9mon's true level\n|\n|t:|1783548112\n|teamsize|p1|6\n|teamsize|p2|6\n|start\n|switch|p1a: Moltres|Moltres-Galar, L79|100/100\n|switch|p2a: Garchomp|Garchomp, L74, M|282/282\n|turn|1\n|inactive|Battle timer is ON: inactive players will automatically lose when time's up. (requested by p0x7753dbc)\n|inactive|Time left: 300 sec this turn | 300 sec total | 60 sec grace\n|\n|t:|1783548114\n|move|p2a: Garchomp|Swords Dance|p2a: Garchomp\n|-boost|p2a: Garchomp|atk|2\n|move|p1a: Moltres|Agility|p1a: Moltres\n|-boost|p1a: Moltres|spe|2\n|\n|upkeep\n|turn|2\n|inactive|Time left: 300 sec this turn | 300 sec total\n|inactive|p0y7751dde also wants the timer to be on.\n|\n|t:|1783548115\n|move|p1a: Moltres|Fiery Wrath|p2a: Garchomp\n|-damage|p2a: Garchomp|186/282\n|cant|p2a: Garchomp|flinch\n|\n|upkeep\n|turn|3\n|inactive|Time left: 300 sec this turn | 300 sec total\n|\n|t:|1783548116\n|move|p1a: Moltres|Nasty Plot|p1a: Moltres\n|-boost|p1a: Moltres|spa|2\n|move|p2a: Garchomp|Stone Edge|p1a: Moltres\n|-supereffective|p1a: Moltres\n|-crit|p1a: Moltres\n|-damage|p1a: Moltres|0 fnt\n|faint|p1a: Moltres\n|\n|upkeep\n|\n|t:|1783548116\n|switch|p1a: Deoxys|Deoxys-Speed, L82|100/100\n|-ability|p1a: Deoxys|Pressure\n|turn|4\n|inactive|Time left: 300 sec this turn | 300 sec total\n|\n|t:|1783548117\n|move|p1a: Deoxys|Psycho Boost|p2a: Garchomp\n|-damage|p2a: Garchomp|0 fnt\n|-unboost|p1a: Deoxys|spa|2\n|faint|p2a: Garchomp\n|-damage|p1a: Deoxys|91/100|[from] item: Life Orb\n|\n|upkeep\n|inactive|Time left: 300 sec this turn | 300 sec total | 5 sec grace\n|\n|t:|1783548118\n|switch|p2a: Revavroom|Revavroom, L79, M|256/256\n|turn|5\n|inactive|Time left: 300 sec this turn | 300 sec total\n|\n|t:|1783548120\n|switch|p1a: Pincurchin|Pincurchin, F|100/100\n|-fieldstart|move: Electric Terrain|[from] ability: Electric Surge|[of] p1a: Pincurchin\n|move|p2a: Revavroom|Shift Gear|p2a: Revavroom\n|-boost|p2a: Revavroom|spe|2\n|-boost|p2a: Revavroom|atk|1\n|\n|upkeep\n|turn|6\n|inactive|Time left: 300 sec this turn | 300 sec total\n|\n|t:|1783548121\n|-terastallize|p1a: Pincurchin|Water\n|move|p2a: Revavroom|Gunk Shot|p1a: Pincurchin\n|-damage|p1a: Pincurchin|20/100\n|-status|p1a: Pincurchin|psn\n|-damage|p2a: Revavroom|231/256|[from] item: Life Orb\n|move|p1a: Pincurchin|Scald|p2a: Revavroom\n|-damage|p2a: Revavroom|89/256\n|-status|p2a: Revavroom|brn\n|\n|-heal|p1a: Pincurchin|26/100 psn|[from] item: Leftovers\n|-damage|p1a: Pincurchin|14/100 psn|[from] psn\n|-damage|p2a: Revavroom|73/256 brn|[from] brn\n|upkeep\n|turn|7\n|inactive|Time left: 300 sec this turn | 300 sec total\n|\n|t:|1783548122\n|move|p2a: Revavroom|Gunk Shot|p1a: Pincurchin\n|-damage|p1a: Pincurchin|0 fnt\n|faint|p1a: Pincurchin\n|-damage|p2a: Revavroom|48/256 brn|[from] item: Life Orb\n|\n|-damage|p2a: Revavroom|32/256 brn|[from] brn\n|upkeep\n|\n|t:|1783548123\n|switch|p1a: Slither Wing|Slither Wing, L81|100/100\n|turn|8\n|inactive|Time left: 300 sec this turn | 300 sec total\n|\n|t:|1783548124\n|move|p2a: Revavroom|Gunk Shot|p1a: Slither Wing\n|-damage|p1a: Slither Wing|45/100\n|-damage|p2a: Revavroom|7/256 brn|[from] item: Life Orb\n|move|p1a: Slither Wing|U-turn|p2a: Revavroom\n|-resisted|p2a: Revavroom\n|-damage|p2a: Revavroom|0 fnt\n|faint|p2a: Revavroom\n|\n|t:|1783548125\n|-end|p1a: Slither Wing|Protosynthesis|[silent]\n|switch|p1a: Oinkologne|Oinkologne-F, L92, F|100/100|[from] U-turn\n|\n|upkeep\n|inactive|Time left: 300 sec this turn | 300 sec total | 10 sec grace\n|\n|t:|1783548126\n|switch|p2a: Mismagius|Mismagius, L86, M|243/243\n|turn|9\n|inactive|Time left: 300 sec this turn | 300 sec total\n|\n|t:|1783548127\n|move|p2a: Mismagius|Nasty Plot|p2a: Mismagius\n|-boost|p2a: Mismagius|spa|2\n|move|p1a: Oinkologne|Curse|p1a: Oinkologne\n|-unboost|p1a: Oinkologne|spe|1\n|-boost|p1a: Oinkologne|atk|1\n|-boost|p1a: Oinkologne|def|1\n|\n|-fieldend|move: Electric Terrain\n|upkeep\n|turn|10\n|inactive|Time left: 300 sec this turn | 300 sec total\n|\n|t:|1783548128\n|move|p2a: Mismagius|Nasty Plot|p2a: Mismagius\n|-boost|p2a: Mismagius|spa|2\n|move|p1a: Oinkologne|Body Slam|p2a: Mismagius\n|-immune|p2a: Mismagius\n|\n|upkeep\n|turn|11\n|inactive|Time left: 300 sec this turn | 300 sec total\n|\n|t:|1783548129\n|move|p2a: Mismagius|Mystical Fire|p1a: Oinkologne\n|-damage|p1a: Oinkologne|47/100\n|-unboost|p1a: Oinkologne|spa|1\n|-damage|p2a: Mismagius|219/243|[from] item: Life Orb\n|move|p1a: Oinkologne|Curse|p1a: Oinkologne\n|-unboost|p1a: Oinkologne|spe|1\n|-boost|p1a: Oinkologne|atk|1\n|-boost|p1a: Oinkologne|def|1\n|\n|-heal|p1a: Oinkologne|53/100|[from] item: Leftovers\n|upkeep\n|turn|12\n|inactive|Time left: 300 sec this turn | 300 sec total\n|\n|t:|1783548130\n|move|p2a: Mismagius|Dazzling Gleam|p1a: Oinkologne\n|-damage|p1a: Oinkologne|0 fnt\n|faint|p1a: Oinkologne\n|-damage|p2a: Mismagius|195/243|[from] item: Life Orb\n|\n|upkeep\n|\n|t:|1783548131\n|switch|p1a: Deoxys|Deoxys-Speed, L82|91/100\n|-ability|p1a: Deoxys|Pressure\n|turn|13\n|inactive|Time left: 300 sec this turn | 300 sec total\n|\n|t:|1783548132\n|move|p1a: Deoxys|Psycho Boost|p2a: Mismagius\n|-damage|p2a: Mismagius|27/243\n|-unboost|p1a: Deoxys|spa|2\n|-damage|p1a: Deoxys|81/100|[from] item: Life Orb\n|move|p2a: Mismagius|Shadow Ball|p1a: Deoxys\n|-supereffective|p1a: Deoxys\n|-damage|p1a: Deoxys|0 fnt\n|faint|p1a: Deoxys\n|-damage|p2a: Mismagius|3/243|[from] item: Life Orb\n|\n|upkeep\n|\n|t:|1783548133\n|switch|p1a: Slither Wing|Slither Wing, L81|45/100\n|turn|14\n|inactive|Time left: 300 sec this turn | 300 sec total\n|\n|t:|1783548134\n|move|p2a: Mismagius|Shadow Ball|p1a: Slither Wing\n|-damage|p1a: Slither Wing|0 fnt\n|faint|p1a: Slither Wing\n|-end|p1a: Slither Wing|Protosynthesis|[silent]\n|-damage|p2a: Mismagius|0 fnt|[from] item: Life Orb\n|faint|p2a: Mismagius\n|\n|upkeep\n|inactive|Time left: 300 sec this turn | 300 sec total | 5 sec grace\n|\n|t:|1783548135\n|switch|p2a: Virizion|Virizion, L82|283/283\n|switch|p1a: Gallade|Gallade, L80, M|100/100\n|turn|15\n|inactive|Time left: 300 sec this turn | 300 sec total\n|\n|t:|1783548136\n|move|p2a: Virizion|Leaf Blade|p1a: Gallade\n|-damage|p1a: Gallade|45/100\n|-damage|p2a: Virizion|255/283|[from] item: Life Orb\n|move|p1a: Gallade|Agility|p1a: Gallade\n|-boost|p1a: Gallade|spe|2\n|\n|upkeep\n|turn|16\n|inactive|Time left: 300 sec this turn | 300 sec total\n|\n|t:|1783548137\n|move|p1a: Gallade|Psycho Cut|p2a: Virizion\n|-supereffective|p2a: Virizion\n|-damage|p2a: Virizion|0 fnt\n|faint|p2a: Virizion\n|-damage|p1a: Gallade|35/100|[from] item: Life Orb\n|\n|upkeep\n|inactive|Time left: 300 sec this turn | 300 sec total | 5 sec grace\n|\n|t:|1783548138\n|switch|p2a: Empoleon|Empoleon, L84, F|278/278\n|turn|17\n|inactive|Time left: 300 sec this turn | 300 sec total\n|\n|t:|1783548139\n|-terastallize|p2a: Empoleon|Grass\n|move|p1a: Gallade|Sacred Sword|p2a: Empoleon\n|-damage|p2a: Empoleon|74/278\n|-damage|p1a: Gallade|25/100|[from] item: Life Orb\n|move|p2a: Empoleon|Surf|p1a: Gallade\n|-damage|p1a: Gallade|0 fnt\n|faint|p1a: Gallade\n|\n|win|p0y7751dde", "uploadtime": 1783548139, "views": 0, "rating": 0, "private": 0, "password": null, "_winner": "p0y7751dde", "_our_name": "p0y7751dde"}