{"id": "battle-gen9randombattle-2577", "formatid": "gen9randombattle", "format": "[Gen 9] Random Battle", "players": ["p0x2577739e", "p0y25772b85"], "log": "|init|battle\n|title|p0x2577739e vs. p0y25772b85\n|j|\u2606p0x2577739e\n|j|\u2606p0y25772b85\n|t:|1783568845\n|gametype|singles\n|player|p1|p0x2577739e|2|\n|player|p2|p0y25772b85|265|\n|gen|9\n|tier|[Gen 9] Random Battle\n|rule|Species Clause: Limit one of each Pok\u00e9mon\n|rule|HP Percentage Mod: HP is shown in percentages\n|rule|Sleep Clause Mod: Limit one foe put to sleep\n|rule|Illusion Level Mod: Illusion disguises the Pok\u00e9mon's true level\n|\n|t:|1783568845\n|teamsize|p1|6\n|teamsize|p2|6\n|start\n|switch|p1a: Mudsdale|Mudsdale, L83, F|100/100\n|switch|p2a: Swalot|Swalot, L90, F|326/326\n|turn|1\n|inactive|Battle timer is ON: inactive players will automatically lose when time's up. (requested by p0x2577739e)\n|inactive|Time left: 300 sec this turn | 300 sec total | 60 sec grace\n|inactive|p0y25772b85 also wants the timer to be on.\n|\n|t:|1783568847\n|switch|p2a: Hariyama|Hariyama, L87, M|392/392\n|move|p1a: Mudsdale|Earthquake|p2a: Hariyama\n|-damage|p2a: Hariyama|230/392\n|\n|-status|p2a: Hariyama|brn|[from] item: Flame Orb\n|upkeep\n|turn|2\n|inactive|Time left: 300 sec this turn | 300 sec total\n|\n|t:|1783568847\n|-terastallize|p2a: Hariyama|Normal\n|move|p2a: Hariyama|Facade|p1a: Mudsdale\n|-damage|p1a: Mudsdale|10/100\n|-ability|p1a: Mudsdale|Stamina|boost\n|-boost|p1a: Mudsdale|def|1\n|move|p1a: Mudsdale|Earthquake|p2a: Hariyama\n|-damage|p2a: Hariyama|64/392 brn\n|\n|-heal|p1a: Mudsdale|16/100|[from] item: Leftovers\n|-damage|p2a: Hariyama|40/392 brn|[from] brn\n|upkeep\n|turn|3\n|inactive|Time left: 300 sec this turn | 300 sec total\n|\n|t:|1783568848\n|move|p2a: Hariyama|Close Combat|p1a: Mudsdale\n|-damage|p1a: Mudsdale|0 fnt\n|-unboost|p2a: Hariyama|def|1\n|-unboost|p2a: Hariyama|spd|1\n|faint|p1a: Mudsdale\n|\n|-damage|p2a: Hariyama|16/392 brn|[from] brn\n|upkeep\n|\n|t:|1783568849\n|switch|p1a: Regidrago|Regidrago, L77|100/100\n|turn|4\n|inactive|Time left: 300 sec this turn | 300 sec total\n|\n|t:|1783568850\n|switch|p2a: Dewgong|Dewgong, L94, M|322/322\n|-terastallize|p1a: Regidrago|Dragon\n|move|p1a: Regidrago|Outrage|p2a: Dewgong\n|-crit|p2a: Dewgong\n|-damage|p2a: Dewgong|0 fnt\n|faint|p2a: Dewgong\n|\n|upkeep\n|inactive|Time left: 300 sec this turn | 300 sec total | 5 sec grace\n|\n|t:|1783568851\n|switch|p2a: Swalot|Swalot, L90, F|326/326\n|turn|5\n|inactive|Time left: 300 sec this turn | 300 sec total\n|\n|t:|1783568852\n|move|p2a: Swalot|Protect|p2a: Swalot\n|-singleturn|p2a: Swalot|Protect\n|move|p1a: Regidrago|Outrage|p2a: Swalot|[from] lockedmove\n|-activate|p2a: Swalot|move: Protect\n|\n|upkeep\n|turn|6\n|inactive|Time left: 300 sec this turn | 300 sec total\n|\n|t:|1783568853\n|move|p1a: Regidrago|Outrage|p2a: Swalot\n|-damage|p2a: Swalot|106/326\n|move|p2a: Swalot|Sludge Bomb|p1a: Regidrago\n|-damage|p1a: Regidrago|69/100\n|\n|-heal|p2a: Swalot|126/326|[from] item: Leftovers\n|upkeep\n|turn|7\n|inactive|Time left: 300 sec this turn | 300 sec total\n|\n|t:|1783568854\n|move|p1a: Regidrago|Outrage|p2a: Swalot|[from] lockedmove\n|-damage|p2a: Swalot|0 fnt\n|faint|p2a: Swalot\n|-start|p1a: Regidrago|confusion|[fatigue]\n|\n|upkeep\n|inactive|Time left: 300 sec this turn | 300 sec total | 5 sec grace\n|\n|t:|1783568854\n|switch|p2a: Toedscruel|Toedscruel, L87, M|281/281\n|turn|8\n|inactive|Time left: 300 sec this turn | 300 sec total\n|\n|t:|1783568855\n|-activate|p1a: Regidrago|confusion\n|-damage|p1a: Regidrago|60/100|[from] confusion\n|move|p2a: Toedscruel|Earth Power|p1a: Regidrago\n|-damage|p1a: Regidrago|26/100\n|\n|upkeep\n|turn|9\n|inactive|Time left: 300 sec this turn | 300 sec total\n|\n|t:|1783568856\n|-activate|p1a: Regidrago|confusion\n|-damage|p1a: Regidrago|17/100|[from] confusion\n|move|p2a: Toedscruel|Earth Power|p1a: Regidrago\n|-damage|p1a: Regidrago|0 fnt\n|faint|p1a: Regidrago\n|\n|upkeep\n|\n|t:|1783568857\n|switch|p1a: Passimian|Passimian, L83, M|100/100\n|turn|10\n|inactive|Time left: 300 sec this turn | 300 sec total\n|\n|t:|1783568858\n|move|p2a: Toedscruel|Giga Drain|p1a: Passimian\n|-damage|p1a: Passimian|67/100\n|move|p1a: Passimian|Bulk Up|p1a: Passimian\n|-boost|p1a: Passimian|atk|1\n|-boost|p1a: Passimian|def|1\n|\n|-heal|p1a: Passimian|73/100|[from] item: Leftovers\n|upkeep\n|turn|11\n|inactive|Time left: 300 sec this turn | 300 sec total\n|\n|t:|1783568859\n|move|p1a: Passimian|Drain Punch|p2a: Toedscruel\n|-damage|p2a: Toedscruel|106/281\n|-heal|p1a: Passimian|100/100|[from] drain|[of] p2a: Toedscruel\n|move|p2a: Toedscruel|Toxic|p1a: Passimian\n|-status|p1a: Passimian|tox\n|\n|-heal|p2a: Toedscruel|123/281|[from] item: Leftovers\n|-damage|p1a: Passimian|95/100 tox|[from] psn\n|upkeep\n|turn|12\n|inactive|Time left: 300 sec this turn | 300 sec total\n|\n|t:|1783568861\n|move|p2a: Toedscruel|Giga Drain|p1a: Passimian\n|-damage|p1a: Passimian|61/100 tox\n|-heal|p2a: Toedscruel|174/281|[from] drain|[of] p1a: Passimian\n|move|p1a: Passimian|Drain Punch|p2a: Toedscruel\n|-damage|p2a: Toedscruel|3/281\n|-heal|p1a: Passimian|89/100 tox|[from] drain|[of] p2a: Toedscruel\n|\n|-heal|p2a: Toedscruel|20/281|[from] item: Leftovers\n|-heal|p1a: Passimian|95/100 tox|[from] item: Leftovers\n|-damage|p1a: Passimian|83/100 tox|[from] psn\n|upkeep\n|turn|13\n|inactive|Time left: 300 sec this turn | 300 sec total\n|\n|t:|1783568862\n|move|p2a: Toedscruel|Giga Drain|p1a: Passimian\n|-damage|p1a: Passimian|51/100 tox\n|-heal|p2a: Toedscruel|68/281|[from] drain|[of] p1a: Passimian\n|move|p1a: Passimian|Drain Punch|p2a: Toedscruel\n|-damage|p2a: Toedscruel|0 fnt\n|-heal|p1a: Passimian|63/100 tox|[from] drain|[of] p2a: Toedscruel\n|faint|p2a: Toedscruel\n|\n|-heal|p1a: Passimian|69/100 tox|[from] item: Leftovers\n|-damage|p1a: Passimian|51/100 tox|[from] psn\n|upkeep\n|inactive|Time left: 300 sec this turn | 300 sec total | 5 sec grace\n|\n|t:|1783568863\n|switch|p2a: Kingdra|Kingdra, L84, F|263/263\n|turn|14\n|inactive|Time left: 300 sec this turn | 300 sec total\n|\n|t:|1783568864\n|move|p2a: Kingdra|Dragon Dance|p2a: Kingdra\n|-boost|p2a: Kingdra|atk|1\n|-boost|p2a: Kingdra|spe|1\n|move|p1a: Passimian|Drain Punch|p2a: Kingdra\n|-damage|p2a: Kingdra|125/263\n|-heal|p1a: Passimian|74/100 tox|[from] drain|[of] p2a: Kingdra\n|\n|-heal|p1a: Passimian|80/100 tox|[from] item: Leftovers\n|-damage|p1a: Passimian|56/100 tox|[from] psn\n|upkeep\n|turn|15\n|inactive|Time left: 300 sec this turn | 300 sec total\n|\n|t:|1783568865\n|move|p2a: Kingdra|Iron Head|p1a: Passimian\n|-damage|p1a: Passimian|39/100 tox\n|move|p1a: Passimian|Drain Punch|p2a: Kingdra\n|-crit|p2a: Kingdra\n|-damage|p2a: Kingdra|0 fnt\n|-heal|p1a: Passimian|59/100 tox|[from] drain|[of] p2a: Kingdra\n|faint|p2a: Kingdra\n|\n|-heal|p1a: Passimian|65/100 tox|[from] item: Leftovers\n|-damage|p1a: Passimian|36/100 tox|[from] psn\n|upkeep\n|inactive|Time left: 300 sec this turn | 300 sec total | 5 sec grace\n|\n|t:|1783568866\n|switch|p2a: Hariyama|Hariyama, L87, M, tera:Normal|16/392 brn\n|turn|16\n|inactive|Time left: 300 sec this turn | 300 sec total\n|\n|t:|1783568867\n|move|p1a: Passimian|Drain Punch|p2a: Hariyama\n|-supereffective|p2a: Hariyama\n|-damage|p2a: Hariyama|0 fnt\n|-heal|p1a: Passimian|38/100 tox|[from] drain|[of] p2a: Hariyama\n|faint|p2a: Hariyama\n|\n|-heal|p1a: Passimian|44/100 tox|[from] item: Leftovers\n|-damage|p1a: Passimian|8/100 tox|[from] psn\n|upkeep\n|inactive|Time left: 300 sec this turn | 300 sec total | 5 sec grace\n|\n|t:|1783568868\n|switch|p2a: Haxorus|Haxorus, L77, M|244/244\n|-ability|p2a: Haxorus|Mold Breaker\n|turn|17\n|inactive|Time left: 300 sec this turn | 300 sec total\n|\n|t:|1783568869\n|move|p2a: Haxorus|Earthquake|p1a: Passimian\n|-damage|p1a: Passimian|0 fnt\n|faint|p1a: Passimian\n|\n|upkeep\n|\n|t:|1783568870\n|switch|p1a: Golem|Golem, L87, M|100/100\n|turn|18\n|inactive|Time left: 300 sec this turn | 300 sec total\n|\n|t:|1783568871\n|move|p2a: Haxorus|Iron Head|p1a: Golem\n|-supereffective|p1a: Golem\n|-damage|p1a: Golem|65/100\n|move|p1a: Golem|Earthquake|p2a: Haxorus\n|-damage|p2a: Haxorus|111/244\n|\n|upkeep\n|turn|19\n|inactive|Time left: 300 sec this turn | 300 sec total\n|\n|t:|1783568872\n|move|p2a: Haxorus|Iron Head|p1a: Golem\n|-supereffective|p1a: Golem\n|-damage|p1a: Golem|32/100\n|move|p1a: Golem|Explosion|p2a: Haxorus\n|-damage|p2a: Haxorus|0 fnt\n|faint|p1a: Golem\n|faint|p2a: Haxorus\n|\n|win|p0x2577739e", "uploadtime": 1783568872, "views": 0, "rating": 0, "private": 0, "password": null, "_winner": "p0x2577739e", "_our_name": "p0y25772b85"}