{"id": "battle-gen9randombattle-1982", "formatid": "gen9randombattle", "format": "[Gen 9] Random Battle", "players": ["p0x1982892b", "p0y198283ed"], "log": "|init|battle\n|title|p0x1982892b vs. p0y198283ed\n|j|\u2606p0x1982892b\n|j|\u2606p0y198283ed\n|t:|1783562201\n|gametype|singles\n|player|p1|p0x1982892b|101|\n|player|p2|p0y198283ed|265|\n|gen|9\n|tier|[Gen 9] Random Battle\n|rule|Species Clause: Limit one of each Pok\u00e9mon\n|rule|HP Percentage Mod: HP is shown in percentages\n|rule|Sleep Clause Mod: Limit one foe put to sleep\n|rule|Illusion Level Mod: Illusion disguises the Pok\u00e9mon's true level\n|\n|t:|1783562201\n|teamsize|p1|6\n|teamsize|p2|6\n|start\n|switch|p1a: Komala|Komala, L87, F|255/255\n|switch|p2a: Scovillain|Scovillain, L91, F|100/100\n|-ability|p1a: Komala|Comatose\n|turn|1\n|inactive|Battle timer is ON: inactive players will automatically lose when time's up. (requested by p0x1982892b)\n|inactive|p0y198283ed also wants the timer to be on.\n|\n|t:|1783562202\n|switch|p2a: Yanmega|Yanmega, L82, F|100/100\n|move|p1a: Komala|Rapid Spin|p2a: Yanmega\n|-damage|p2a: Yanmega|76/100\n|-boost|p1a: Komala|spe|1\n|\n|upkeep\n|turn|2\n|inactive|Time left: 300 sec this turn | 300 sec total\n|\n|t:|1783562203\n|move|p2a: Yanmega|Protect|p2a: Yanmega\n|-singleturn|p2a: Yanmega|Protect\n|move|p1a: Komala|Body Slam|p2a: Yanmega\n|-activate|p2a: Yanmega|move: Protect\n|\n|-ability|p2a: Yanmega|Speed Boost|boost\n|-boost|p2a: Yanmega|spe|1\n|upkeep\n|turn|3\n|inactive|Time left: 300 sec this turn | 300 sec total\n|\n|t:|1783562204\n|move|p2a: Yanmega|Air Slash|p1a: Komala\n|-damage|p1a: Komala|203/255\n|move|p1a: Komala|Body Slam|p2a: Yanmega\n|-damage|p2a: Yanmega|38/100\n|-status|p2a: Yanmega|par\n|\n|-ability|p2a: Yanmega|Speed Boost|boost\n|-boost|p2a: Yanmega|spe|1\n|upkeep\n|turn|4\n|inactive|Time left: 300 sec this turn | 300 sec total\n|\n|t:|1783562205\n|move|p2a: Yanmega|Protect|p2a: Yanmega\n|-singleturn|p2a: Yanmega|Protect\n|move|p1a: Komala|Body Slam|p2a: Yanmega\n|-activate|p2a: Yanmega|move: Protect\n|\n|-ability|p2a: Yanmega|Speed Boost|boost\n|-boost|p2a: Yanmega|spe|1\n|upkeep\n|turn|5\n|inactive|Time left: 300 sec this turn | 300 sec total\n|\n|t:|1783562206\n|move|p2a: Yanmega|Air Slash|p1a: Komala\n|-damage|p1a: Komala|152/255\n|move|p1a: Komala|Body Slam|p2a: Yanmega\n|-damage|p2a: Yanmega|0 fnt\n|faint|p2a: Yanmega\n|\n|upkeep\n|\n|t:|1783562207\n|switch|p2a: Rampardos|Rampardos, L90, M|100/100\n|turn|6\n|inactive|Time left: 300 sec this turn | 300 sec total\n|\n|t:|1783562208\n|switch|p1a: Scrafty|Scrafty, L83, M|244/244\n|-ability|p1a: Scrafty|Intimidate|boost\n|-unboost|p2a: Rampardos|atk|1\n|move|p2a: Rampardos|Zen Headbutt|p1a: Scrafty\n|-immune|p1a: Scrafty\n|\n|upkeep\n|turn|7\n|inactive|Time left: 300 sec this turn | 300 sec total\n|\n|t:|1783562209\n|switch|p2a: Toxtricity|Toxtricity, L82, M|100/100\n|move|p1a: Scrafty|Dragon Dance|p1a: Scrafty\n|-boost|p1a: Scrafty|atk|1\n|-boost|p1a: Scrafty|spe|1\n|\n|upkeep\n|turn|8\n|inactive|Time left: 300 sec this turn | 300 sec total\n|\n|t:|1783562210\n|move|p1a: Scrafty|Knock Off|p2a: Toxtricity\n|-damage|p2a: Toxtricity|38/100\n|-enditem|p2a: Toxtricity|Throat Spray|[from] move: Knock Off|[of] p1a: Scrafty\n|move|p2a: Toxtricity|Shift Gear|p2a: Toxtricity\n|-boost|p2a: Toxtricity|spe|2\n|-boost|p2a: Toxtricity|atk|1\n|\n|upkeep\n|turn|9\n|inactive|Time left: 300 sec this turn | 300 sec total\n|\n|t:|1783562211\n|move|p2a: Toxtricity|Gunk Shot|p1a: Scrafty\n|-damage|p1a: Scrafty|97/244\n|move|p1a: Scrafty|Knock Off|p2a: Toxtricity\n|-damage|p2a: Toxtricity|0 fnt\n|faint|p2a: Toxtricity\n|\n|-heal|p1a: Scrafty|112/244|[from] item: Leftovers\n|upkeep\n|\n|t:|1783562211\n|switch|p2a: Rampardos|Rampardos, L90, M|100/100\n|turn|10\n|inactive|Time left: 300 sec this turn | 300 sec total\n|\n|t:|1783562212\n|-terastallize|p2a: Rampardos|Fire\n|move|p1a: Scrafty|Drain Punch|p2a: Rampardos\n|-damage|p2a: Rampardos|54/100\n|-heal|p1a: Scrafty|186/244|[from] drain|[of] p2a: Rampardos\n|move|p2a: Rampardos|Fire Punch|p1a: Scrafty\n|-damage|p1a: Scrafty|0 fnt\n|faint|p1a: Scrafty\n|\n|upkeep\n|inactive|Time left: 300 sec this turn | 300 sec total | 5 sec grace\n|\n|t:|1783562213\n|switch|p1a: Rampardos|Rampardos, L90, F|321/321\n|turn|11\n|inactive|Time left: 300 sec this turn | 300 sec total\n|\n|t:|1783562214\n|move|p1a: Rampardos|Rock Slide|p2a: Rampardos\n|-supereffective|p2a: Rampardos\n|-damage|p2a: Rampardos|0 fnt\n|faint|p2a: Rampardos\n|\n|upkeep\n|\n|t:|1783562215\n|switch|p2a: Scovillain|Scovillain, L91, F|100/100\n|turn|12\n|inactive|Time left: 300 sec this turn | 300 sec total\n|\n|t:|1783562216\n|move|p1a: Rampardos|Rock Slide|p2a: Scovillain\n|-supereffective|p2a: Scovillain\n|-damage|p2a: Scovillain|0 fnt\n|faint|p2a: Scovillain\n|\n|upkeep\n|\n|t:|1783562217\n|switch|p2a: Grafaiai|Grafaiai, L86, F|100/100\n|turn|13\n|inactive|Time left: 300 sec this turn | 300 sec total\n|\n|t:|1783562218\n|move|p2a: Grafaiai|Swords Dance|p2a: Grafaiai\n|-boost|p2a: Grafaiai|atk|2\n|move|p1a: Rampardos|Rock Slide|p2a: Grafaiai\n|-damage|p2a: Grafaiai|10/100\n|\n|upkeep\n|turn|14\n|inactive|Time left: 300 sec this turn | 300 sec total\n|\n|t:|1783562219\n|move|p2a: Grafaiai|Knock Off|p1a: Rampardos\n|-damage|p1a: Rampardos|91/321\n|-enditem|p1a: Rampardos|Choice Scarf|[from] move: Knock Off|[of] p2a: Grafaiai\n|-damage|p2a: Grafaiai|0 fnt|[from] item: Life Orb\n|faint|p2a: Grafaiai\n|move|p1a: Rampardos|Rock Slide|p2: Grafaiai|[notarget]\n|-fail|p1a: Rampardos\n|\n|upkeep\n|\n|t:|1783562220\n|switch|p2a: Maushold|Maushold-Four, L76|100/100\n|turn|15\n|inactive|Time left: 300 sec this turn | 300 sec total\n|\n|t:|1783562220\n|-terastallize|p1a: Rampardos|Rock\n|move|p2a: Maushold|Population Bomb|p1a: Rampardos\n|-resisted|p1a: Rampardos\n|-damage|p1a: Rampardos|78/321\n|-resisted|p1a: Rampardos\n|-crit|p1a: Rampardos\n|-damage|p1a: Rampardos|56/321\n|-resisted|p1a: Rampardos\n|-damage|p1a: Rampardos|43/321\n|-resisted|p1a: Rampardos\n|-damage|p1a: Rampardos|28/321\n|-resisted|p1a: Rampardos\n|-damage|p1a: Rampardos|13/321\n|-resisted|p1a: Rampardos\n|-damage|p1a: Rampardos|0 fnt\n|faint|p1a: Rampardos\n|-hitcount|p1: Rampardos|6\n|\n|upkeep\n|inactive|Time left: 300 sec this turn | 300 sec total | 5 sec grace\n|\n|t:|1783562221\n|switch|p1a: Golurk|Golurk, L87|297/297\n|turn|16\n|inactive|Time left: 300 sec this turn | 300 sec total\n|\n|t:|1783562222\n|move|p2a: Maushold|Bite|p1a: Golurk\n|-supereffective|p1a: Golurk\n|-damage|p1a: Golurk|211/297\n|move|p1a: Golurk|Earthquake|p2a: Maushold\n|-damage|p2a: Maushold|0 fnt\n|faint|p2a: Maushold\n|\n|win|p0x1982892b", "uploadtime": 1783562222, "views": 0, "rating": 0, "private": 0, "password": null, "_winner": "p0x1982892b", "_our_name": "p0x1982892b"}