{"id": "battle-gen9randombattle-854", "formatid": "gen9randombattle", "format": "[Gen 9] Random Battle", "players": ["p0x854e387", "p0y8543dd5"], "log": "|init|battle\n|title|p0x854e387 vs. p0y8543dd5\n|j|\u2606p0x854e387\n|j|\u2606p0y8543dd5\n|t:|1783549052\n|gametype|singles\n|player|p1|p0x854e387|2|\n|player|p2|p0y8543dd5|1|\n|gen|9\n|tier|[Gen 9] Random Battle\n|rule|Species Clause: Limit one of each Pok\u00e9mon\n|rule|HP Percentage Mod: HP is shown in percentages\n|rule|Sleep Clause Mod: Limit one foe put to sleep\n|rule|Illusion Level Mod: Illusion disguises the Pok\u00e9mon's true level\n|\n|t:|1783549052\n|teamsize|p1|6\n|teamsize|p2|6\n|start\n|switch|p1a: Iron Thorns|Iron Thorns, L83|100/100\n|switch|p2a: Toxtricity|Toxtricity, L82, F|257/257\n|turn|1\n|inactive|Battle timer is ON: inactive players will automatically lose when time's up. (requested by p0y8543dd5)\n|inactive|p0x854e387 also wants the timer to be on.\n|\n|t:|1783549053\n|move|p2a: Toxtricity|Volt Switch|p1a: Iron Thorns\n|-resisted|p1a: Iron Thorns\n|-damage|p1a: Iron Thorns|86/100\n|inactive|Time left: 300 sec this turn | 300 sec total | 65 sec grace\n|\n|t:|1783549055\n|switch|p2a: Bisharp|Bisharp, L79, M|232/232|[from] Volt Switch\n|move|p1a: Iron Thorns|Earthquake|p2a: Bisharp\n|-supereffective|p2a: Bisharp\n|-damage|p2a: Bisharp|108/232\n|\n|upkeep\n|turn|2\n|inactive|Time left: 300 sec this turn | 300 sec total\n|\n|t:|1783549056\n|switch|p2a: Vaporeon|Vaporeon, L86, F|364/364\n|move|p1a: Iron Thorns|Earthquake|p2a: Vaporeon\n|-damage|p2a: Vaporeon|244/364\n|\n|-heal|p2a: Vaporeon|266/364|[from] item: Leftovers\n|upkeep\n|turn|3\n|inactive|Time left: 300 sec this turn | 300 sec total\n|\n|t:|1783549057\n|-end|p1a: Iron Thorns|Quark Drive|[silent]\n|switch|p1a: Serperior|Serperior, L79, F|100/100\n|move|p2a: Vaporeon|Scald|p1a: Serperior\n|-resisted|p1a: Serperior\n|-damage|p1a: Serperior|81/100\n|-status|p1a: Serperior|brn\n|\n|-heal|p1a: Serperior|87/100 brn|[from] item: Leftovers\n|-heal|p2a: Vaporeon|288/364|[from] item: Leftovers\n|-damage|p1a: Serperior|81/100 brn|[from] brn\n|upkeep\n|turn|4\n|inactive|Time left: 300 sec this turn | 300 sec total\n|\n|t:|1783549057\n|move|p2a: Vaporeon|Protect|p2a: Vaporeon\n|-singleturn|p2a: Vaporeon|Protect\n|move|p1a: Serperior|Leaf Storm|p2a: Vaporeon\n|-activate|p2a: Vaporeon|move: Protect\n|\n|-heal|p1a: Serperior|87/100 brn|[from] item: Leftovers\n|-heal|p2a: Vaporeon|310/364|[from] item: Leftovers\n|-damage|p1a: Serperior|81/100 brn|[from] brn\n|upkeep\n|turn|5\n|inactive|Time left: 300 sec this turn | 300 sec total\n|\n|t:|1783549058\n|move|p1a: Serperior|Leaf Storm|p2a: Vaporeon|[miss]\n|-miss|p1a: Serperior|p2a: Vaporeon\n|move|p2a: Vaporeon|Calm Mind|p2a: Vaporeon\n|-boost|p2a: Vaporeon|spa|1\n|-boost|p2a: Vaporeon|spd|1\n|\n|-heal|p1a: Serperior|87/100 brn|[from] item: Leftovers\n|-heal|p2a: Vaporeon|332/364|[from] item: Leftovers\n|-damage|p1a: Serperior|81/100 brn|[from] brn\n|upkeep\n|turn|6\n|inactive|Time left: 300 sec this turn | 300 sec total\n|\n|t:|1783549059\n|move|p1a: Serperior|Leaf Storm|p2a: Vaporeon|[miss]\n|-miss|p1a: Serperior|p2a: Vaporeon\n|move|p2a: Vaporeon|Scald|p1a: Serperior\n|-resisted|p1a: Serperior\n|-crit|p1a: Serperior\n|-damage|p1a: Serperior|35/100 brn\n|\n|-heal|p1a: Serperior|41/100 brn|[from] item: Leftovers\n|-heal|p2a: Vaporeon|354/364|[from] item: Leftovers\n|-damage|p1a: Serperior|35/100 brn|[from] brn\n|upkeep\n|turn|7\n|inactive|Time left: 300 sec this turn | 300 sec total\n|\n|t:|1783549060\n|move|p1a: Serperior|Substitute|p1a: Serperior\n|-start|p1a: Serperior|Substitute\n|-damage|p1a: Serperior|10/100 brn\n|move|p2a: Vaporeon|Scald|p1a: Serperior\n|-resisted|p1a: Serperior\n|-end|p1a: Serperior|Substitute\n|\n|-heal|p1a: Serperior|16/100 brn|[from] item: Leftovers\n|-heal|p2a: Vaporeon|364/364|[from] item: Leftovers\n|-damage|p1a: Serperior|10/100 brn|[from] brn\n|upkeep\n|turn|8\n|inactive|Time left: 300 sec this turn | 300 sec total\n|\n|t:|1783549061\n|move|p1a: Serperior|Leaf Storm|p2a: Vaporeon\n|-supereffective|p2a: Vaporeon\n|-damage|p2a: Vaporeon|232/364\n|-boost|p1a: Serperior|spa|2\n|move|p2a: Vaporeon|Scald|p1a: Serperior\n|-resisted|p1a: Serperior\n|-damage|p1a: Serperior|0 fnt\n|faint|p1a: Serperior\n|\n|-heal|p2a: Vaporeon|254/364|[from] item: Leftovers\n|upkeep\n|\n|t:|1783549061\n|switch|p1a: Iron Thorns|Iron Thorns, L83|86/100\n|turn|9\n|inactive|Time left: 300 sec this turn | 300 sec total\n|\n|t:|1783549062\n|move|p2a: Vaporeon|Protect|p2a: Vaporeon\n|-singleturn|p2a: Vaporeon|Protect\n|move|p1a: Iron Thorns|Wild Charge|p2a: Vaporeon\n|-activate|p2a: Vaporeon|move: Protect\n|\n|-heal|p2a: Vaporeon|276/364|[from] item: Leftovers\n|upkeep\n|turn|10\n|inactive|Time left: 300 sec this turn | 300 sec total\n|\n|t:|1783549063\n|-terastallize|p2a: Vaporeon|Poison\n|move|p1a: Iron Thorns|Wild Charge|p2a: Vaporeon\n|-damage|p2a: Vaporeon|113/364\n|-damage|p1a: Iron Thorns|72/100|[from] Recoil\n|move|p2a: Vaporeon|Scald|p1a: Iron Thorns\n|-supereffective|p1a: Iron Thorns\n|-damage|p1a: Iron Thorns|0 fnt\n|faint|p1a: Iron Thorns\n|-end|p1a: Iron Thorns|Quark Drive|[silent]\n|\n|-heal|p2a: Vaporeon|135/364|[from] item: Leftovers\n|upkeep\n|\n|t:|1783549064\n|switch|p1a: Mewtwo|Mewtwo, L72|100/100\n|-ability|p1a: Mewtwo|Pressure\n|turn|11\n|inactive|Time left: 300 sec this turn | 300 sec total\n|\n|t:|1783549065\n|move|p2a: Vaporeon|Protect|p2a: Vaporeon\n|-singleturn|p2a: Vaporeon|Protect\n|move|p1a: Mewtwo|Psystrike|p2a: Vaporeon\n|-activate|p2a: Vaporeon|move: Protect\n|\n|-heal|p2a: Vaporeon|157/364|[from] item: Leftovers\n|upkeep\n|turn|12\n|inactive|Time left: 300 sec this turn | 300 sec total\n|\n|t:|1783549066\n|move|p1a: Mewtwo|Psystrike|p2a: Vaporeon\n|-supereffective|p2a: Vaporeon\n|-damage|p2a: Vaporeon|0 fnt\n|faint|p2a: Vaporeon\n|-damage|p1a: Mewtwo|91/100|[from] item: Life Orb\n|\n|upkeep\n|inactive|Time left: 300 sec this turn | 300 sec total | 5 sec grace\n|\n|t:|1783549067\n|switch|p2a: Malamar|Malamar, L82, F|275/275\n|turn|13\n|inactive|Time left: 300 sec this turn | 300 sec total\n|\n|t:|1783549068\n|-terastallize|p1a: Mewtwo|Fire\n|move|p1a: Mewtwo|Nasty Plot|p1a: Mewtwo\n|-boost|p1a: Mewtwo|spa|2\n|move|p2a: Malamar|Knock Off|p1a: Mewtwo\n|-damage|p1a: Mewtwo|50/100\n|-enditem|p1a: Mewtwo|Life Orb|[from] move: Knock Off|[of] p2a: Malamar\n|\n|upkeep\n|turn|14\n|inactive|Time left: 300 sec this turn | 300 sec total\n|\n|t:|1783549069\n|move|p1a: Mewtwo|Fire Blast|p2a: Malamar\n|-damage|p2a: Malamar|0 fnt\n|faint|p2a: Malamar\n|\n|upkeep\n|inactive|Time left: 300 sec this turn | 300 sec total | 5 sec grace\n|\n|t:|1783549071\n|switch|p2a: Toxtricity|Toxtricity, L82, F|257/257\n|turn|15\n|inactive|Time left: 300 sec this turn | 300 sec total\n|\n|t:|1783549072\n|move|p2a: Toxtricity|Boomburst|p1a: Mewtwo\n|-damage|p1a: Mewtwo|0 fnt\n|faint|p1a: Mewtwo\n|\n|upkeep\n|\n|t:|1783549073\n|switch|p1a: Raikou|Raikou, L81|100/100\n|-ability|p1a: Raikou|Pressure\n|turn|16\n|inactive|Time left: 300 sec this turn | 300 sec total\n|\n|t:|1783549074\n|move|p2a: Toxtricity|Boomburst|p1a: Raikou\n|-damage|p1a: Raikou|55/100\n|move|p1a: Raikou|Calm Mind|p1a: Raikou\n|-boost|p1a: Raikou|spa|1\n|-boost|p1a: Raikou|spd|1\n|\n|-heal|p1a: Raikou|61/100|[from] item: Leftovers\n|upkeep\n|turn|17\n|inactive|Time left: 300 sec this turn | 300 sec total\n|\n|t:|1783549075\n|move|p2a: Toxtricity|Boomburst|p1a: Raikou\n|-damage|p1a: Raikou|31/100\n|move|p1a: Raikou|Scald|p2a: Toxtricity\n|-damage|p2a: Toxtricity|154/257\n|\n|-heal|p1a: Raikou|37/100|[from] item: Leftovers\n|upkeep\n|turn|18\n|inactive|Time left: 300 sec this turn | 300 sec total\n|\n|t:|1783549076\n|move|p2a: Toxtricity|Boomburst|p1a: Raikou\n|-damage|p1a: Raikou|9/100\n|move|p1a: Raikou|Scald|p2a: Toxtricity\n|-damage|p2a: Toxtricity|49/257\n|\n|-heal|p1a: Raikou|15/100|[from] item: Leftovers\n|upkeep\n|turn|19\n|inactive|Time left: 300 sec this turn | 300 sec total\n|\n|t:|1783549077\n|move|p2a: Toxtricity|Boomburst|p1a: Raikou\n|-damage|p1a: Raikou|0 fnt\n|faint|p1a: Raikou\n|\n|upkeep\n|\n|t:|1783549078\n|switch|p1a: Mandibuzz|Mandibuzz, L85, F|100/100\n|turn|20\n|inactive|Time left: 300 sec this turn | 300 sec total\n|\n|t:|1783549079\n|move|p2a: Toxtricity|Boomburst|p1a: Mandibuzz\n|-damage|p1a: Mandibuzz|58/100\n|move|p1a: Mandibuzz|Knock Off|p2a: Toxtricity\n|-damage|p2a: Toxtricity|0 fnt\n|-enditem|p2a: Toxtricity|Choice Scarf|[from] move: Knock Off|[of] p1a: Mandibuzz\n|faint|p2a: Toxtricity\n|\n|upkeep\n|inactive|Time left: 300 sec this turn | 300 sec total | 5 sec grace\n|\n|t:|1783549080\n|switch|p2a: Palafin|Palafin, L77, M|281/281\n|turn|21\n|inactive|Time left: 300 sec this turn | 300 sec total\n|\n|t:|1783549081\n|move|p2a: Palafin|Bulk Up|p2a: Palafin\n|-boost|p2a: Palafin|atk|1\n|-boost|p2a: Palafin|def|1\n|move|p1a: Mandibuzz|Knock Off|p2a: Palafin\n|-damage|p2a: Palafin|208/281\n|-enditem|p2a: Palafin|Leftovers|[from] move: Knock Off|[of] p1a: Mandibuzz\n|\n|upkeep\n|turn|22\n|inactive|Time left: 300 sec this turn | 300 sec total\n|\n|t:|1783549082\n|move|p2a: Palafin|Bulk Up|p2a: Palafin\n|-boost|p2a: Palafin|atk|1\n|-boost|p2a: Palafin|def|1\n|move|p1a: Mandibuzz|Toxic|p2a: Palafin\n|-status|p2a: Palafin|tox\n|\n|-damage|p2a: Palafin|191/281 tox|[from] psn\n|upkeep\n|turn|23\n|inactive|Time left: 300 sec this turn | 300 sec total\n|\n|t:|1783549083\n|move|p2a: Palafin|Ice Punch|p1a: Mandibuzz\n|-supereffective|p1a: Mandibuzz\n|-damage|p1a: Mandibuzz|18/100\n|move|p1a: Mandibuzz|Roost|p1a: Mandibuzz\n|-heal|p1a: Mandibuzz|68/100\n|-singleturn|p1a: Mandibuzz|move: Roost\n|\n|-damage|p2a: Palafin|157/281 tox|[from] psn\n|upkeep\n|turn|24\n|inactive|Time left: 300 sec this turn | 300 sec total\n|\n|t:|1783549085\n|move|p2a: Palafin|Ice Punch|p1a: Mandibuzz\n|-supereffective|p1a: Mandibuzz\n|-damage|p1a: Mandibuzz|29/100\n|move|p1a: Mandibuzz|Roost|p1a: Mandibuzz\n|-heal|p1a: Mandibuzz|79/100\n|-singleturn|p1a: Mandibuzz|move: Roost\n|\n|-damage|p2a: Palafin|106/281 tox|[from] psn\n|upkeep\n|turn|25\n|inactive|Time left: 300 sec this turn | 300 sec total\n|\n|t:|1783549085\n|move|p2a: Palafin|Ice Punch|p1a: Mandibuzz\n|-supereffective|p1a: Mandibuzz\n|-damage|p1a: Mandibuzz|41/100\n|move|p1a: Mandibuzz|Roost|p1a: Mandibuzz\n|-heal|p1a: Mandibuzz|91/100\n|-singleturn|p1a: Mandibuzz|move: Roost\n|\n|-damage|p2a: Palafin|38/281 tox|[from] psn\n|upkeep\n|turn|26\n|inactive|Time left: 300 sec this turn | 300 sec total\n|\n|t:|1783549086\n|move|p2a: Palafin|Ice Punch|p1a: Mandibuzz\n|-supereffective|p1a: Mandibuzz\n|-damage|p1a: Mandibuzz|54/100\n|move|p1a: Mandibuzz|Roost|p1a: Mandibuzz\n|-heal|p1a: Mandibuzz|100/100\n|-singleturn|p1a: Mandibuzz|move: Roost\n|\n|-damage|p2a: Palafin|0 fnt|[from] psn\n|faint|p2a: Palafin\n|upkeep\n|inactive|Time left: 300 sec this turn | 300 sec total | 5 sec grace\n|\n|t:|1783549087\n|switch|p2a: Bisharp|Bisharp, L79, M|108/232\n|turn|27\n|inactive|Time left: 300 sec this turn | 300 sec total\n|\n|t:|1783549088\n|switch|p1a: Incineroar|Incineroar, L82, M|100/100\n|-ability|p1a: Incineroar|Intimidate|boost\n|-unboost|p2a: Bisharp|atk|1\n|-ability|p2a: Bisharp|Defiant|boost\n|-boost|p2a: Bisharp|atk|2\n|move|p2a: Bisharp|Iron Head|p1a: Incineroar\n|-resisted|p1a: Incineroar\n|-damage|p1a: Incineroar|76/100\n|\n|upkeep\n|turn|28\n|inactive|Time left: 300 sec this turn | 300 sec total\n|\n|t:|1783549089\n|move|p2a: Bisharp|Iron Head|p1a: Incineroar\n|-resisted|p1a: Incineroar\n|-damage|p1a: Incineroar|52/100\n|move|p1a: Incineroar|Flare Blitz|p2a: Bisharp\n|-supereffective|p2a: Bisharp\n|-damage|p2a: Bisharp|0 fnt\n|faint|p2a: Bisharp\n|-damage|p1a: Incineroar|39/100|[from] Recoil\n|\n|upkeep\n|inactive|Time left: 300 sec this turn | 300 sec total | 5 sec grace\n|\n|t:|1783549090\n|switch|p2a: Seviper|Seviper, L93, F|287/287\n|turn|29\n|inactive|Time left: 300 sec this turn | 300 sec total\n|\n|t:|1783549091\n|switch|p1a: Mandibuzz|Mandibuzz, L85, F|100/100\n|move|p2a: Seviper|Gunk Shot|p1a: Mandibuzz\n|-damage|p1a: Mandibuzz|42/100\n|-damage|p2a: Seviper|259/287|[from] item: Life Orb\n|\n|upkeep\n|turn|30\n|inactive|Time left: 300 sec this turn | 300 sec total\n|\n|t:|1783549092\n|move|p1a: Mandibuzz|Roost|p1a: Mandibuzz\n|-heal|p1a: Mandibuzz|92/100\n|-singleturn|p1a: Mandibuzz|move: Roost\n|move|p2a: Seviper|Gunk Shot|p1a: Mandibuzz\n|-damage|p1a: Mandibuzz|33/100\n|-damage|p2a: Seviper|231/287|[from] item: Life Orb\n|\n|upkeep\n|turn|31\n|inactive|Time left: 300 sec this turn | 300 sec total\n|\n|t:|1783549094\n|move|p1a: Mandibuzz|Roost|p1a: Mandibuzz\n|-heal|p1a: Mandibuzz|83/100\n|-singleturn|p1a: Mandibuzz|move: Roost\n|move|p2a: Seviper|Giga Drain|p1a: Mandibuzz\n|-damage|p1a: Mandibuzz|60/100\n|-heal|p2a: Seviper|268/287|[from] drain|[of] p1a: Mandibuzz\n|-damage|p2a: Seviper|240/287|[from] item: Life Orb\n|\n|upkeep\n|turn|32\n|inactive|Time left: 300 sec this turn | 300 sec total\n|\n|t:|1783549095\n|switch|p1a: Incineroar|Incineroar, L82, M|39/100\n|-ability|p1a: Incineroar|Intimidate|boost\n|-unboost|p2a: Seviper|atk|1\n|move|p2a: Seviper|Flamethrower|p1a: Incineroar\n|-resisted|p1a: Incineroar\n|-crit|p1a: Incineroar\n|-damage|p1a: Incineroar|13/100\n|-damage|p2a: Seviper|212/287|[from] item: Life Orb\n|\n|upkeep\n|turn|33\n|inactive|Time left: 300 sec this turn | 300 sec total\n|\n|t:|1783549095\n|move|p2a: Seviper|Flamethrower|p1a: Incineroar\n|-resisted|p1a: Incineroar\n|-damage|p1a: Incineroar|0 fnt\n|faint|p1a: Incineroar\n|-damage|p2a: Seviper|184/287|[from] item: Life Orb\n|\n|upkeep\n|\n|t:|1783549096\n|switch|p1a: Mandibuzz|Mandibuzz, L85, F|60/100\n|turn|34\n|inactive|Time left: 300 sec this turn | 300 sec total\n|\n|t:|1783549097\n|move|p1a: Mandibuzz|Knock Off|p2a: Seviper\n|-damage|p2a: Seviper|97/287\n|-enditem|p2a: Seviper|Life Orb|[from] move: Knock Off|[of] p1a: Mandibuzz\n|move|p2a: Seviper|Gunk Shot|p1a: Mandibuzz\n|-damage|p1a: Mandibuzz|30/100\n|\n|upkeep\n|turn|35\n|inactive|Time left: 300 sec this turn | 300 sec total\n|\n|t:|1783549098\n|move|p1a: Mandibuzz|Brave Bird|p2a: Seviper\n|-damage|p2a: Seviper|0 fnt\n|faint|p2a: Seviper\n|-damage|p1a: Mandibuzz|20/100|[from] Recoil\n|\n|win|p0x854e387", "uploadtime": 1783549098, "views": 0, "rating": 0, "private": 0, "password": null, "_winner": "p0x854e387", "_our_name": "p0y8543dd5"}