{"id": "battle-gen9randombattle-51", "formatid": "gen9randombattle", "format": "[Gen 9] Random Battle", "players": ["p0x0519c9d", "p0y05154bb"], "log": "|init|battle\n|title|p0x0519c9d vs. p0y05154bb\n|j|\u2606p0x0519c9d\n|j|\u2606p0y05154bb\n|t:|1783539777\n|gametype|singles\n|player|p1|p0x0519c9d|101|\n|player|p2|p0y05154bb|1|\n|gen|9\n|tier|[Gen 9] Random Battle\n|rule|Species Clause: Limit one of each Pok\u00e9mon\n|rule|HP Percentage Mod: HP is shown in percentages\n|rule|Sleep Clause Mod: Limit one foe put to sleep\n|rule|Illusion Level Mod: Illusion disguises the Pok\u00e9mon's true level\n|\n|t:|1783539777\n|teamsize|p1|6\n|teamsize|p2|6\n|start\n|switch|p1a: Wyrdeer|Wyrdeer, L87, F|100/100\n|switch|p2a: Entei|Entei, L78|307/307\n|-ability|p1a: Wyrdeer|Intimidate|boost\n|-fail|p2a: Entei|unboost|Attack|[from] ability: Inner Focus|[of] p2a: Entei\n|turn|1\n|inactive|Battle timer is ON: inactive players will automatically lose when time's up. (requested by p0x0519c9d)\n|inactive|Time left: 300 sec this turn | 300 sec total | 60 sec grace\n|inactive|p0y05154bb also wants the timer to be on.\n|\n|t:|1783539779\n|move|p2a: Entei|Sacred Fire|p1a: Wyrdeer\n|-damage|p1a: Wyrdeer|49/100\n|-status|p1a: Wyrdeer|brn\n|move|p1a: Wyrdeer|Earthquake|p2a: Entei\n|-supereffective|p2a: Entei\n|-damage|p2a: Entei|215/307\n|\n|-damage|p1a: Wyrdeer|43/100 brn|[from] brn\n|upkeep\n|turn|2\n|inactive|Time left: 300 sec this turn | 300 sec total\n|\n|t:|1783539781\n|switch|p1a: Raging Bolt|Raging Bolt, L78|100/100\n|move|p2a: Entei|Sacred Fire|p1a: Raging Bolt\n|-resisted|p1a: Raging Bolt\n|-crit|p1a: Raging Bolt\n|-damage|p1a: Raging Bolt|64/100\n|\n|-heal|p1a: Raging Bolt|70/100|[from] item: Leftovers\n|upkeep\n|turn|3\n|inactive|Time left: 300 sec this turn | 300 sec total\n|\n|t:|1783539782\n|move|p2a: Entei|Sacred Fire|p1a: Raging Bolt\n|-resisted|p1a: Raging Bolt\n|-damage|p1a: Raging Bolt|44/100\n|-status|p1a: Raging Bolt|brn\n|move|p1a: Raging Bolt|Thunderbolt|p2a: Entei\n|-damage|p2a: Entei|88/307\n|-status|p2a: Entei|par\n|\n|-heal|p1a: Raging Bolt|50/100 brn|[from] item: Leftovers\n|-damage|p1a: Raging Bolt|44/100 brn|[from] brn\n|upkeep\n|turn|4\n|inactive|Time left: 300 sec this turn | 300 sec total\n|\n|t:|1783539783\n|switch|p2a: Hitmonlee|Hitmonlee, L85, M|223/223\n|move|p1a: Raging Bolt|Thunderbolt|p2a: Hitmonlee\n|-damage|p2a: Hitmonlee|127/223\n|\n|-heal|p1a: Raging Bolt|50/100 brn|[from] item: Leftovers\n|-damage|p1a: Raging Bolt|44/100 brn|[from] brn\n|upkeep\n|turn|5\n|inactive|Time left: 300 sec this turn | 300 sec total\n|\n|t:|1783539784\n|-end|p1a: Raging Bolt|Protosynthesis|[silent]\n|switch|p1a: Houndstone|Houndstone, L86, F|100/100\n|move|p2a: Hitmonlee|High Jump Kick|p1a: Houndstone\n|-immune|p1a: Houndstone\n|-damage|p2a: Hitmonlee|16/223|[from] highjumpkick\n|\n|upkeep\n|turn|6\n|inactive|Time left: 300 sec this turn | 300 sec total\n|\n|t:|1783539785\n|move|p2a: Hitmonlee|High Jump Kick|p1a: Houndstone\n|-immune|p1a: Houndstone\n|-damage|p2a: Hitmonlee|0 fnt|[from] highjumpkick\n|faint|p2a: Hitmonlee\n|move|p1a: Houndstone|Poltergeist|p2: Hitmonlee|[notarget]\n|-fail|p1a: Houndstone\n|\n|upkeep\n|inactive|Time left: 300 sec this turn | 300 sec total | 5 sec grace\n|\n|t:|1783539786\n|switch|p2a: Minior|Minior-Orange, L79|224/224\n|-formechange|p2a: Minior|Minior-Meteor||[from] ability: Shields Down\n|turn|7\n|inactive|Time left: 300 sec this turn | 300 sec total\n|\n|t:|1783539787\n|move|p1a: Houndstone|Poltergeist|p2a: Minior\n|-activate|p2a: Minior|move: Poltergeist|White Herb\n|-damage|p2a: Minior|101/224\n|move|p2a: Minior|Shell Smash|p2a: Minior\n|-unboost|p2a: Minior|def|1\n|-unboost|p2a: Minior|spd|1\n|-boost|p2a: Minior|atk|2\n|-boost|p2a: Minior|spa|2\n|-boost|p2a: Minior|spe|2\n|-enditem|p2a: Minior|White Herb\n|-clearnegativeboost|p2a: Minior|[silent]\n|\n|-formechange|p2a: Minior|Minior-Orange||[from] ability: Shields Down\n|upkeep\n|turn|8\n|inactive|Time left: 300 sec this turn | 300 sec total\n|\n|t:|1783539788\n|move|p2a: Minior|Acrobatics|p1a: Houndstone\n|-damage|p1a: Houndstone|66/100\n|move|p1a: Houndstone|Body Press|p2a: Minior\n|-damage|p2a: Minior|14/224\n|\n|upkeep\n|turn|9\n|inactive|Time left: 300 sec this turn | 300 sec total\n|\n|t:|1783539789\n|move|p1a: Houndstone|Shadow Sneak|p2a: Minior\n|-damage|p2a: Minior|0 fnt\n|faint|p2a: Minior\n|\n|upkeep\n|inactive|Time left: 300 sec this turn | 300 sec total | 5 sec grace\n|\n|t:|1783539790\n|switch|p2a: Entei|Entei, L78|88/307 par\n|turn|10\n|inactive|Time left: 300 sec this turn | 300 sec total\n|\n|t:|1783539791\n|move|p1a: Houndstone|Poltergeist|p2a: Entei\n|-activate|p2a: Entei|move: Poltergeist|Choice Band\n|-damage|p2a: Entei|0 fnt\n|faint|p2a: Entei\n|\n|upkeep\n|inactive|Time left: 300 sec this turn | 300 sec total | 5 sec grace\n|\n|t:|1783539792\n|switch|p2a: Quaquaval|Quaquaval, L79, M|264/264\n|turn|11\n|inactive|Time left: 300 sec this turn | 300 sec total\n|\n|t:|1783539793\n|move|p2a: Quaquaval|Swords Dance|p2a: Quaquaval\n|-boost|p2a: Quaquaval|atk|2\n|move|p1a: Houndstone|Play Rough|p2a: Quaquaval|[miss]\n|-miss|p1a: Houndstone|p2a: Quaquaval\n|\n|upkeep\n|turn|12\n|inactive|Time left: 300 sec this turn | 300 sec total\n|\n|t:|1783539794\n|move|p2a: Quaquaval|Aqua Step|p1a: Houndstone\n|-crit|p1a: Houndstone\n|-damage|p1a: Houndstone|9/100\n|-boost|p2a: Quaquaval|spe|1\n|-damage|p2a: Quaquaval|238/264|[from] item: Life Orb\n|move|p1a: Houndstone|Play Rough|p2a: Quaquaval\n|-supereffective|p2a: Quaquaval\n|-damage|p2a: Quaquaval|92/264\n|\n|upkeep\n|turn|13\n|inactive|Time left: 300 sec this turn | 300 sec total\n|\n|t:|1783539795\n|move|p1a: Houndstone|Shadow Sneak|p2a: Quaquaval\n|-damage|p2a: Quaquaval|40/264\n|move|p2a: Quaquaval|Aqua Step|p1a: Houndstone\n|-damage|p1a: Houndstone|0 fnt\n|-boost|p2a: Quaquaval|spe|1\n|faint|p1a: Houndstone\n|-ability|p2a: Quaquaval|Moxie|boost\n|-boost|p2a: Quaquaval|atk|1\n|-damage|p2a: Quaquaval|14/264|[from] item: Life Orb\n|\n|upkeep\n|\n|t:|1783539796\n|switch|p1a: Wyrdeer|Wyrdeer, L87, F|43/100 brn\n|-ability|p1a: Wyrdeer|Intimidate|boost\n|-unboost|p2a: Quaquaval|atk|1\n|turn|14\n|inactive|Time left: 300 sec this turn | 300 sec total\n|\n|t:|1783539797\n|switch|p2a: Kingambit|Kingambit, L74, M|270/270\n|-activate|p2a: Kingambit|ability: Supreme Overlord\n|-start|p2a: Kingambit|fallen3|[silent]\n|move|p1a: Wyrdeer|Psychic Noise|p2a: Kingambit\n|-immune|p2a: Kingambit\n|\n|-damage|p1a: Wyrdeer|36/100 brn|[from] brn\n|upkeep\n|turn|15\n|inactive|Time left: 300 sec this turn | 300 sec total\n|\n|t:|1783539798\n|switch|p1a: Krookodile|Krookodile, L79, M|100/100\n|-ability|p1a: Krookodile|Intimidate|boost\n|-unboost|p2a: Kingambit|atk|1\n|move|p2a: Kingambit|Swords Dance|p2a: Kingambit\n|-boost|p2a: Kingambit|atk|2\n|\n|upkeep\n|turn|16\n|inactive|Time left: 300 sec this turn | 300 sec total\n|\n|t:|1783539799\n|-terastallize|p2a: Kingambit|Dark\n|move|p1a: Krookodile|Earthquake|p2a: Kingambit\n|-damage|p2a: Kingambit|144/270\n|-damage|p1a: Krookodile|90/100|[from] item: Life Orb\n|move|p2a: Kingambit|Swords Dance|p2a: Kingambit\n|-boost|p2a: Kingambit|atk|2\n|\n|-heal|p2a: Kingambit|160/270|[from] item: Leftovers\n|upkeep\n|turn|17\n|inactive|Time left: 300 sec this turn | 300 sec total\n|\n|t:|1783539800\n|move|p2a: Kingambit|Sucker Punch|p1a: Krookodile\n|-resisted|p1a: Krookodile\n|-damage|p1a: Krookodile|28/100\n|move|p1a: Krookodile|Earthquake|p2a: Kingambit\n|-damage|p2a: Kingambit|30/270\n|-damage|p1a: Krookodile|18/100|[from] item: Life Orb\n|\n|-heal|p2a: Kingambit|46/270|[from] item: Leftovers\n|upkeep\n|turn|18\n|inactive|Time left: 300 sec this turn | 300 sec total\n|\n|t:|1783539801\n|move|p2a: Kingambit|Sucker Punch||[still]\n|-fail|p2a: Kingambit\n|move|p1a: Krookodile|Stealth Rock|p2a: Kingambit\n|-sidestart|p2: p0y05154bb|move: Stealth Rock\n|\n|-heal|p2a: Kingambit|62/270|[from] item: Leftovers\n|upkeep\n|turn|19\n|inactive|Time left: 300 sec this turn | 300 sec total\n|\n|t:|1783539802\n|switch|p1a: Wyrdeer|Wyrdeer, L87, F|36/100 brn\n|-ability|p1a: Wyrdeer|Intimidate|boost\n|-unboost|p2a: Kingambit|atk|1\n|move|p2a: Kingambit|Sucker Punch||[still]\n|-fail|p2a: Kingambit\n|\n|-heal|p2a: Kingambit|78/270|[from] item: Leftovers\n|-damage|p1a: Wyrdeer|30/100 brn|[from] brn\n|upkeep\n|turn|20\n|inactive|Time left: 300 sec this turn | 300 sec total\n|\n|t:|1783539803\n|move|p2a: Kingambit|Sucker Punch|p1a: Wyrdeer\n|-supereffective|p1a: Wyrdeer\n|-damage|p1a: Wyrdeer|0 fnt\n|faint|p1a: Wyrdeer\n|\n|-heal|p2a: Kingambit|94/270|[from] item: Leftovers\n|upkeep\n|\n|t:|1783539804\n|switch|p1a: Raging Bolt|Raging Bolt, L78|44/100 brn\n|turn|21\n|inactive|Time left: 300 sec this turn | 300 sec total\n|\n|t:|1783539805\n|move|p1a: Raging Bolt|Thunderclap|p2a: Kingambit\n|-damage|p2a: Kingambit|3/270\n|move|p2a: Kingambit|Sucker Punch||[still]\n|-fail|p2a: Kingambit\n|\n|-heal|p1a: Raging Bolt|50/100 brn|[from] item: Leftovers\n|-heal|p2a: Kingambit|19/270|[from] item: Leftovers\n|-damage|p1a: Raging Bolt|44/100 brn|[from] brn\n|upkeep\n|turn|22\n|inactive|Time left: 300 sec this turn | 300 sec total\n|\n|t:|1783539806\n|move|p1a: Raging Bolt|Thunderclap||[still]\n|-fail|p1a: Raging Bolt\n|move|p2a: Kingambit|Swords Dance|p2a: Kingambit\n|-boost|p2a: Kingambit|atk|2\n|\n|-heal|p1a: Raging Bolt|50/100 brn|[from] item: Leftovers\n|-heal|p2a: Kingambit|35/270|[from] item: Leftovers\n|-damage|p1a: Raging Bolt|44/100 brn|[from] brn\n|upkeep\n|turn|23\n|inactive|Time left: 300 sec this turn | 300 sec total\n|\n|t:|1783539807\n|move|p1a: Raging Bolt|Thunderclap||[still]\n|-fail|p1a: Raging Bolt\n|move|p2a: Kingambit|Swords Dance|p2a: Kingambit\n|-boost|p2a: Kingambit|atk|2\n|\n|-heal|p1a: Raging Bolt|50/100 brn|[from] item: Leftovers\n|-heal|p2a: Kingambit|51/270|[from] item: Leftovers\n|-damage|p1a: Raging Bolt|44/100 brn|[from] brn\n|upkeep\n|turn|24\n|inactive|Time left: 300 sec this turn | 300 sec total\n|\n|t:|1783539808\n|move|p1a: Raging Bolt|Thunderclap|p2a: Kingambit\n|-damage|p2a: Kingambit|0 fnt\n|faint|p2a: Kingambit\n|-end|p2a: Kingambit|fallen3|[silent]\n|\n|-heal|p1a: Raging Bolt|50/100 brn|[from] item: Leftovers\n|-damage|p1a: Raging Bolt|44/100 brn|[from] brn\n|upkeep\n|inactive|Time left: 300 sec this turn | 300 sec total | 5 sec grace\n|\n|t:|1783539809\n|switch|p2a: Regice|Regice, L88|284/284\n|turn|25\n|inactive|Time left: 300 sec this turn | 300 sec total\n|\n|t:|1783539810\n|move|p1a: Raging Bolt|Thunderbolt|p2a: Regice\n|-damage|p2a: Regice|232/284\n|move|p2a: Regice|Ice Beam|p1a: Raging Bolt\n|-supereffective|p1a: Raging Bolt\n|-damage|p1a: Raging Bolt|0 fnt\n|faint|p1a: Raging Bolt\n|-end|p1a: Raging Bolt|Protosynthesis|[silent]\n|\n|upkeep\n|\n|t:|1783539811\n|switch|p1a: Krookodile|Krookodile, L79, M|18/100\n|-ability|p1a: Krookodile|Intimidate|boost\n|-fail|p2a: Regice|unboost|[from] ability: Clear Body|[of] p2a: Regice\n|turn|26\n|inactive|Time left: 300 sec this turn | 300 sec total\n|\n|t:|1783539812\n|move|p1a: Krookodile|Knock Off|p2a: Regice\n|-damage|p2a: Regice|103/284\n|-enditem|p2a: Regice|Heavy-Duty Boots|[from] move: Knock Off|[of] p1a: Krookodile\n|-damage|p1a: Krookodile|8/100|[from] item: Life Orb\n|move|p2a: Regice|Rest|p2a: Regice\n|-status|p2a: Regice|slp|[from] move: Rest\n|-heal|p2a: Regice|284/284 slp|[silent]\n|\n|upkeep\n|turn|27\n|inactive|Time left: 300 sec this turn | 300 sec total\n|\n|t:|1783539812\n|move|p1a: Krookodile|Earthquake|p2a: Regice\n|-damage|p2a: Regice|170/284 slp\n|-damage|p1a: Krookodile|0 fnt|[from] item: Life Orb\n|faint|p1a: Krookodile\n|cant|p2a: Regice|slp\n|\n|upkeep\n|\n|t:|1783539813\n|switch|p1a: Dugtrio|Dugtrio, L84, M|100/100\n|turn|28\n|inactive|Time left: 300 sec this turn | 300 sec total\n|\n|t:|1783539814\n|-terastallize|p1a: Dugtrio|Ground\n|move|p1a: Dugtrio|Earthquake|p2a: Regice\n|-damage|p2a: Regice|0 fnt\n|faint|p2a: Regice\n|-damage|p1a: Dugtrio|91/100|[from] item: Life Orb\n|\n|upkeep\n|inactive|Time left: 300 sec this turn | 300 sec total | 5 sec grace\n|\n|t:|1783539815\n|switch|p2a: Quaquaval|Quaquaval, L79, M|14/264\n|-damage|p2a: Quaquaval|0 fnt|[from] Stealth Rock\n|faint|p2a: Quaquaval\n|\n|win|p0x0519c9d", "uploadtime": 1783539815, "views": 0, "rating": 0, "private": 0, "password": null, "_winner": "p0x0519c9d", "_our_name": "p0y05154bb"}