{"id": "battle-gen9randombattle-1969", "formatid": "gen9randombattle", "format": "[Gen 9] Random Battle", "players": ["p0x1969e8de", "p0y19697ec9"], "log": "|init|battle\n|title|p0x1969e8de vs. p0y19697ec9\n|j|\u2606p0x1969e8de\n|j|\u2606p0y19697ec9\n|t:|1783562066\n|gametype|singles\n|player|p1|p0x1969e8de|1|\n|player|p2|p0y19697ec9|1|\n|gen|9\n|tier|[Gen 9] Random Battle\n|rule|Species Clause: Limit one of each Pok\u00e9mon\n|rule|HP Percentage Mod: HP is shown in percentages\n|rule|Sleep Clause Mod: Limit one foe put to sleep\n|rule|Illusion Level Mod: Illusion disguises the Pok\u00e9mon's true level\n|\n|t:|1783562066\n|teamsize|p1|6\n|teamsize|p2|6\n|start\n|switch|p1a: Basculegion|Basculegion-F, L83, F|335/335\n|switch|p2a: Gyarados|Gyarados, L79, F|100/100\n|turn|1\n|inactive|Battle timer is ON: inactive players will automatically lose when time's up. (requested by p0x1969e8de)\n|inactive|p0y19697ec9 also wants the timer to be on.\n|\n|t:|1783562067\n|move|p1a: Basculegion|Shadow Ball|p2a: Gyarados\n|-damage|p2a: Gyarados|38/100\n|move|p2a: Gyarados|Dragon Dance|p2a: Gyarados\n|-boost|p2a: Gyarados|atk|1\n|-boost|p2a: Gyarados|spe|1\n|\n|upkeep\n|turn|2\n|inactive|Time left: 300 sec this turn | 300 sec total\n|\n|t:|1783562068\n|move|p2a: Gyarados|Waterfall|p1a: Basculegion\n|-resisted|p1a: Basculegion\n|-damage|p1a: Basculegion|249/335\n|move|p1a: Basculegion|Shadow Ball|p2a: Gyarados\n|-damage|p2a: Gyarados|0 fnt\n|faint|p2a: Gyarados\n|\n|upkeep\n|\n|t:|1783562069\n|switch|p2a: Ludicolo|Ludicolo, L90, F|100/100\n|turn|3\n|inactive|Time left: 300 sec this turn | 300 sec total\n|\n|t:|1783562070\n|switch|p1a: Venomoth|Venomoth, L84, M|255/255\n|move|p2a: Ludicolo|Giga Drain|p1a: Venomoth\n|-resisted|p1a: Venomoth\n|-damage|p1a: Venomoth|218/255\n|\n|upkeep\n|turn|4\n|inactive|Time left: 300 sec this turn | 300 sec total\n|\n|t:|1783562071\n|switch|p2a: Salamence|Salamence, L77, F|100/100\n|-ability|p2a: Salamence|Intimidate|boost\n|-unboost|p1a: Venomoth|atk|1\n|move|p1a: Venomoth|Quiver Dance|p1a: Venomoth\n|-boost|p1a: Venomoth|spa|1\n|-boost|p1a: Venomoth|spd|1\n|-boost|p1a: Venomoth|spe|1\n|\n|upkeep\n|turn|5\n|inactive|Time left: 300 sec this turn | 300 sec total\n|\n|t:|1783562071\n|move|p1a: Venomoth|Sleep Powder|p2a: Salamence\n|-status|p2a: Salamence|slp|[from] move: Sleep Powder\n|cant|p2a: Salamence|slp\n|\n|upkeep\n|turn|6\n|inactive|Time left: 300 sec this turn | 300 sec total\n|\n|t:|1783562072\n|switch|p2a: Bastiodon|Bastiodon, L89, F|100/100\n|move|p1a: Venomoth|Bug Buzz|p2a: Bastiodon\n|-immune|p2a: Bastiodon|[from] ability: Soundproof\n|\n|upkeep\n|turn|7\n|inactive|Time left: 300 sec this turn | 300 sec total\n|\n|t:|1783562073\n|move|p1a: Venomoth|Quiver Dance|p1a: Venomoth\n|-boost|p1a: Venomoth|spa|1\n|-boost|p1a: Venomoth|spd|1\n|-boost|p1a: Venomoth|spe|1\n|move|p2a: Bastiodon|Iron Defense|p2a: Bastiodon\n|-boost|p2a: Bastiodon|def|2\n|\n|upkeep\n|turn|8\n|inactive|Time left: 300 sec this turn | 300 sec total\n|\n|t:|1783562073\n|move|p1a: Venomoth|Quiver Dance|p1a: Venomoth\n|-boost|p1a: Venomoth|spa|1\n|-boost|p1a: Venomoth|spd|1\n|-boost|p1a: Venomoth|spe|1\n|move|p2a: Bastiodon|Body Press|p1a: Venomoth\n|-resisted|p1a: Venomoth\n|-damage|p1a: Venomoth|159/255\n|\n|upkeep\n|turn|9\n|inactive|Time left: 300 sec this turn | 300 sec total\n|\n|t:|1783562074\n|move|p1a: Venomoth|Quiver Dance|p1a: Venomoth\n|-boost|p1a: Venomoth|spa|1\n|-boost|p1a: Venomoth|spd|1\n|-boost|p1a: Venomoth|spe|1\n|move|p2a: Bastiodon|Body Press|p1a: Venomoth\n|-resisted|p1a: Venomoth\n|-damage|p1a: Venomoth|93/255\n|\n|upkeep\n|turn|10\n|inactive|Time left: 300 sec this turn | 300 sec total\n|\n|t:|1783562075\n|move|p1a: Venomoth|Sludge Wave|p2a: Bastiodon\n|-immune|p2a: Bastiodon\n|move|p2a: Bastiodon|Body Press|p1a: Venomoth\n|-resisted|p1a: Venomoth\n|-damage|p1a: Venomoth|33/255\n|\n|upkeep\n|turn|11\n|inactive|Time left: 300 sec this turn | 300 sec total\n|\n|t:|1783562075\n|move|p1a: Venomoth|Sludge Wave|p2a: Bastiodon\n|-immune|p2a: Bastiodon\n|move|p2a: Bastiodon|Foul Play|p1a: Venomoth\n|-damage|p1a: Venomoth|0 fnt\n|faint|p1a: Venomoth\n|\n|upkeep\n|inactive|Time left: 300 sec this turn | 300 sec total | 5 sec grace\n|\n|t:|1783562076\n|switch|p1a: Basculegion|Basculegion-F, L83, F|249/335\n|turn|12\n|inactive|Time left: 300 sec this turn | 300 sec total\n|\n|t:|1783562077\n|switch|p2a: Ludicolo|Ludicolo, L90, F|100/100\n|move|p1a: Basculegion|Hydro Pump|p2a: Ludicolo\n|-resisted|p2a: Ludicolo\n|-damage|p2a: Ludicolo|82/100\n|\n|upkeep\n|turn|13\n|inactive|Time left: 300 sec this turn | 300 sec total\n|\n|t:|1783562078\n|switch|p1a: Lunala|Lunala, L70|308/308\n|move|p2a: Ludicolo|Giga Drain|p1a: Lunala\n|-damage|p1a: Lunala|245/308\n|-heal|p2a: Ludicolo|93/100|[from] drain|[of] p1a: Lunala\n|\n|-heal|p1a: Lunala|264/308|[from] item: Leftovers\n|upkeep\n|turn|14\n|inactive|Time left: 300 sec this turn | 300 sec total\n|\n|t:|1783562079\n|move|p2a: Ludicolo|Giga Drain|p1a: Lunala\n|-damage|p1a: Lunala|123/308\n|-heal|p2a: Ludicolo|100/100|[from] drain|[of] p1a: Lunala\n|move|p1a: Lunala|Calm Mind|p1a: Lunala\n|-boost|p1a: Lunala|spa|1\n|-boost|p1a: Lunala|spd|1\n|\n|-heal|p1a: Lunala|142/308|[from] item: Leftovers\n|upkeep\n|turn|15\n|inactive|Time left: 300 sec this turn | 300 sec total\n|\n|t:|1783562080\n|move|p1a: Lunala|Moonlight|p1a: Lunala\n|-heal|p1a: Lunala|296/308\n|move|p2a: Ludicolo|Giga Drain|p1a: Lunala\n|-damage|p1a: Lunala|211/308\n|\n|-heal|p1a: Lunala|230/308|[from] item: Leftovers\n|upkeep\n|turn|16\n|inactive|Time left: 300 sec this turn | 300 sec total\n|\n|t:|1783562081\n|move|p1a: Lunala|Moongeist Beam|p2a: Ludicolo\n|-damage|p2a: Ludicolo|53/100\n|move|p2a: Ludicolo|Giga Drain|p1a: Lunala\n|-damage|p1a: Lunala|148/308\n|-heal|p2a: Ludicolo|67/100|[from] drain|[of] p1a: Lunala\n|\n|-heal|p1a: Lunala|167/308|[from] item: Leftovers\n|upkeep\n|turn|17\n|inactive|Time left: 300 sec this turn | 300 sec total\n|\n|t:|1783562082\n|move|p2a: Ludicolo|Giga Drain|p1a: Lunala\n|-damage|p1a: Lunala|82/308\n|-heal|p2a: Ludicolo|82/100|[from] drain|[of] p1a: Lunala\n|move|p1a: Lunala|Moonlight|p1a: Lunala\n|-heal|p1a: Lunala|236/308\n|\n|-heal|p1a: Lunala|255/308|[from] item: Leftovers\n|upkeep\n|turn|18\n|inactive|Time left: 300 sec this turn | 300 sec total\n|\n|t:|1783562083\n|move|p1a: Lunala|Calm Mind|p1a: Lunala\n|-boost|p1a: Lunala|spa|1\n|-boost|p1a: Lunala|spd|1\n|move|p2a: Ludicolo|Giga Drain|p1a: Lunala\n|-damage|p1a: Lunala|185/308\n|-heal|p2a: Ludicolo|94/100|[from] drain|[of] p1a: Lunala\n|\n|-heal|p1a: Lunala|204/308|[from] item: Leftovers\n|upkeep\n|turn|19\n|inactive|Time left: 300 sec this turn | 300 sec total\n|\n|t:|1783562084\n|move|p2a: Ludicolo|Giga Drain|p1a: Lunala\n|-damage|p1a: Lunala|135/308\n|-heal|p2a: Ludicolo|100/100|[from] drain|[of] p1a: Lunala\n|move|p1a: Lunala|Moongeist Beam|p2a: Ludicolo\n|-damage|p2a: Ludicolo|45/100\n|\n|-heal|p1a: Lunala|154/308|[from] item: Leftovers\n|upkeep\n|turn|20\n|inactive|Time left: 300 sec this turn | 300 sec total\n|\n|t:|1783562085\n|move|p1a: Lunala|Moongeist Beam|p2a: Ludicolo\n|-damage|p2a: Ludicolo|0 fnt\n|faint|p2a: Ludicolo\n|\n|-heal|p1a: Lunala|173/308|[from] item: Leftovers\n|upkeep\n|\n|t:|1783562086\n|switch|p2a: Oinkologne|Oinkologne, L92, M|100/100\n|turn|21\n|inactive|Time left: 300 sec this turn | 300 sec total\n|\n|t:|1783562087\n|move|p1a: Lunala|Moonlight|p1a: Lunala\n|-heal|p1a: Lunala|308/308\n|move|p2a: Oinkologne|Lash Out|p1a: Lunala\n|-supereffective|p1a: Lunala\n|-damage|p1a: Lunala|168/308\n|\n|-heal|p1a: Lunala|187/308|[from] item: Leftovers\n|upkeep\n|turn|22\n|inactive|Time left: 300 sec this turn | 300 sec total\n|\n|t:|1783562088\n|move|p1a: Lunala|Moonlight|p1a: Lunala\n|-heal|p1a: Lunala|308/308\n|move|p2a: Oinkologne|Lash Out|p1a: Lunala\n|-supereffective|p1a: Lunala\n|-damage|p1a: Lunala|162/308\n|\n|-heal|p1a: Lunala|181/308|[from] item: Leftovers\n|upkeep\n|turn|23\n|inactive|Time left: 300 sec this turn | 300 sec total\n|\n|t:|1783562089\n|move|p1a: Lunala|Moonlight|p1a: Lunala\n|-heal|p1a: Lunala|308/308\n|move|p2a: Oinkologne|Lash Out|p1a: Lunala\n|-supereffective|p1a: Lunala\n|-damage|p1a: Lunala|146/308\n|\n|-heal|p1a: Lunala|165/308|[from] item: Leftovers\n|upkeep\n|turn|24\n|inactive|Time left: 300 sec this turn | 300 sec total\n|\n|t:|1783562090\n|move|p1a: Lunala|Moonlight|p1a: Lunala\n|-heal|p1a: Lunala|308/308\n|move|p2a: Oinkologne|Lash Out|p1a: Lunala\n|-supereffective|p1a: Lunala\n|-damage|p1a: Lunala|158/308\n|\n|-heal|p1a: Lunala|177/308|[from] item: Leftovers\n|upkeep\n|turn|25\n|inactive|Time left: 300 sec this turn | 300 sec total\n|\n|t:|1783562091\n|move|p1a: Lunala|Moonlight|p1a: Lunala\n|-heal|p1a: Lunala|308/308\n|move|p2a: Oinkologne|Lash Out|p1a: Lunala\n|-supereffective|p1a: Lunala\n|-damage|p1a: Lunala|154/308\n|\n|-heal|p1a: Lunala|173/308|[from] item: Leftovers\n|upkeep\n|turn|26\n|inactive|Time left: 300 sec this turn | 300 sec total\n|\n|t:|1783562092\n|move|p1a: Lunala|Moonlight|p1a: Lunala\n|-heal|p1a: Lunala|308/308\n|move|p2a: Oinkologne|Lash Out|p1a: Lunala\n|-supereffective|p1a: Lunala\n|-damage|p1a: Lunala|146/308\n|\n|-heal|p1a: Lunala|165/308|[from] item: Leftovers\n|upkeep\n|turn|27\n|inactive|Time left: 300 sec this turn | 300 sec total\n|\n|t:|1783562093\n|move|p1a: Lunala|Psyshock|p2a: Oinkologne\n|-damage|p2a: Oinkologne|56/100\n|move|p2a: Oinkologne|Lash Out|p1a: Lunala\n|-supereffective|p1a: Lunala\n|-damage|p1a: Lunala|0 fnt\n|faint|p1a: Lunala\n|\n|-heal|p2a: Oinkologne|62/100|[from] item: Leftovers\n|upkeep\n|inactive|Time left: 300 sec this turn | 300 sec total | 5 sec grace\n|\n|t:|1783562094\n|switch|p1a: Basculegion|Basculegion-F, L83, F|249/335\n|turn|28\n|inactive|Time left: 300 sec this turn | 300 sec total\n|\n|t:|1783562095\n|move|p1a: Basculegion|Hydro Pump|p2a: Oinkologne\n|-damage|p2a: Oinkologne|0 fnt\n|faint|p2a: Oinkologne\n|\n|upkeep\n|\n|t:|1783562096\n|switch|p2a: Salamence|Salamence, L77, F|100/100 slp\n|-ability|p2a: Salamence|Intimidate|boost\n|-unboost|p1a: Basculegion|atk|1\n|turn|29\n|inactive|Time left: 300 sec this turn | 300 sec total\n|\n|t:|1783562097\n|cant|p2a: Salamence|slp\n|move|p1a: Basculegion|Hydro Pump|p2a: Salamence\n|-resisted|p2a: Salamence\n|-damage|p2a: Salamence|54/100 slp\n|\n|upkeep\n|turn|30\n|inactive|Time left: 300 sec this turn | 300 sec total\n|\n|t:|1783562098\n|cant|p2a: Salamence|slp\n|move|p1a: Basculegion|Hydro Pump|p2a: Salamence\n|-resisted|p2a: Salamence\n|-damage|p2a: Salamence|2/100 slp\n|\n|upkeep\n|turn|31\n|inactive|Time left: 300 sec this turn | 300 sec total\n|\n|t:|1783562099\n|-curestatus|p2a: Salamence|slp|[msg]\n|move|p2a: Salamence|Outrage|p1a: Basculegion\n|-damage|p1a: Basculegion|78/335\n|move|p1a: Basculegion|Hydro Pump|p2a: Salamence\n|-resisted|p2a: Salamence\n|-damage|p2a: Salamence|0 fnt\n|faint|p2a: Salamence\n|\n|upkeep\n|\n|t:|1783562100\n|switch|p2a: Ribombee|Ribombee, L83, F|100/100\n|turn|32\n|inactive|Time left: 300 sec this turn | 300 sec total\n|\n|t:|1783562101\n|move|p2a: Ribombee|Sticky Web|p1a: Basculegion\n|-sidestart|p1: p0x1969e8de|move: Sticky Web\n|move|p1a: Basculegion|Hydro Pump|p2a: Ribombee\n|-damage|p2a: Ribombee|0 fnt\n|faint|p2a: Ribombee\n|\n|upkeep\n|\n|t:|1783562102\n|switch|p2a: Bastiodon|Bastiodon, L89, F|100/100\n|turn|33\n|inactive|Time left: 300 sec this turn | 300 sec total\n|\n|t:|1783562103\n|-terastallize|p2a: Bastiodon|Fighting\n|move|p1a: Basculegion|Hydro Pump|p2a: Bastiodon\n|-crit|p2a: Bastiodon\n|-damage|p2a: Bastiodon|11/100\n|move|p2a: Bastiodon|Rest|p2a: Bastiodon\n|-status|p2a: Bastiodon|slp|[from] move: Rest\n|-heal|p2a: Bastiodon|100/100 slp|[silent]\n|-enditem|p2a: Bastiodon|Chesto Berry|[eat]\n|-curestatus|p2a: Bastiodon|slp|[msg]\n|\n|upkeep\n|turn|34\n|inactive|Time left: 300 sec this turn | 300 sec total\n|\n|t:|1783562104\n|move|p1a: Basculegion|Hydro Pump|p2a: Bastiodon|[miss]\n|-miss|p1a: Basculegion|p2a: Bastiodon\n|move|p2a: Bastiodon|Iron Defense|p2a: Bastiodon\n|-boost|p2a: Bastiodon|def|2\n|\n|upkeep\n|turn|35\n|inactive|Time left: 300 sec this turn | 300 sec total\n|\n|t:|1783562105\n|-activate|p1a: Basculegion|move: Struggle\n|move|p1a: Basculegion|Struggle|p2a: Bastiodon\n|-damage|p2a: Bastiodon|98/100\n|-damage|p1a: Basculegion|0 fnt|[from] recoil\n|faint|p1a: Basculegion\n|move|p2a: Bastiodon|Body Press|p1: Basculegion|[notarget]\n|-fail|p2a: Bastiodon\n|\n|upkeep\n|inactive|Time left: 300 sec this turn | 300 sec total | 5 sec grace\n|\n|t:|1783562105\n|switch|p1a: Clefable|Clefable, L83, F|293/293\n|-activate|p1a: Clefable|move: Sticky Web\n|-unboost|p1a: Clefable|spe|1\n|turn|36\n|inactive|Time left: 300 sec this turn | 300 sec total\n|\n|t:|1783562106\n|-terastallize|p1a: Clefable|Poison\n|move|p2a: Bastiodon|Body Press|p1a: Clefable\n|-resisted|p1a: Clefable\n|-damage|p1a: Clefable|127/293\n|move|p1a: Clefable|Moonblast|p2a: Bastiodon\n|-supereffective|p2a: Bastiodon\n|-damage|p2a: Bastiodon|27/100\n|\n|upkeep\n|turn|37\n|inactive|Time left: 300 sec this turn | 300 sec total\n|\n|t:|1783562108\n|move|p2a: Bastiodon|Body Press|p1a: Clefable\n|-resisted|p1a: Clefable\n|-damage|p1a: Clefable|0 fnt\n|faint|p1a: Clefable\n|\n|upkeep\n|inactive|Time left: 300 sec this turn | 300 sec total | 5 sec grace\n|\n|t:|1783562108\n|switch|p1a: Ludicolo|Ludicolo, L90, M|290/290\n|-activate|p1a: Ludicolo|move: Sticky Web\n|-unboost|p1a: Ludicolo|spe|1\n|turn|38\n|inactive|Time left: 300 sec this turn | 300 sec total\n|\n|t:|1783562109\n|move|p1a: Ludicolo|Giga Drain|p2a: Bastiodon\n|-damage|p2a: Bastiodon|0 fnt\n|faint|p2a: Bastiodon\n|-damage|p1a: Ludicolo|261/290|[from] item: Life Orb\n|\n|win|p0x1969e8de", "uploadtime": 1783562109, "views": 0, "rating": 0, "private": 0, "password": null, "_winner": "p0x1969e8de", "_our_name": "p0x1969e8de"}