{"id": "battle-gen9randombattle-2910", "formatid": "gen9randombattle", "format": "[Gen 9] Random Battle", "players": ["p0x2910fe68", "p0y2910d7d3"], "log": "|init|battle\n|title|p0x2910fe68 vs. p0y2910d7d3\n|j|\u2606p0x2910fe68\n|j|\u2606p0y2910d7d3\n|t:|1783573496\n|gametype|singles\n|player|p1|p0x2910fe68|102|\n|player|p2|p0y2910d7d3|170|\n|gen|9\n|tier|[Gen 9] Random Battle\n|rule|Species Clause: Limit one of each Pok\u00e9mon\n|rule|HP Percentage Mod: HP is shown in percentages\n|rule|Sleep Clause Mod: Limit one foe put to sleep\n|rule|Illusion Level Mod: Illusion disguises the Pok\u00e9mon's true level\n|\n|t:|1783573496\n|teamsize|p1|6\n|teamsize|p2|6\n|start\n|switch|p1a: Noctowl|Noctowl, L95, M|100/100\n|switch|p2a: Rotom|Rotom-Heat, L83|219/219\n|turn|1\n|inactive|Battle timer is ON: inactive players will automatically lose when time's up. (requested by p0y2910d7d3)\n|inactive|p0x2910fe68 also wants the timer to be on.\n|\n|t:|1783573498\n|move|p2a: Rotom|Discharge|p1a: Noctowl\n|-supereffective|p1a: Noctowl\n|-damage|p1a: Noctowl|55/100\n|move|p1a: Noctowl|Hyper Voice|p2a: Rotom\n|-damage|p2a: Rotom|128/219\n|\n|upkeep\n|turn|2\n|inactive|Time left: 300 sec this turn | 300 sec total\n|\n|t:|1783573499\n|move|p2a: Rotom|Discharge|p1a: Noctowl\n|-supereffective|p1a: Noctowl\n|-damage|p1a: Noctowl|8/100\n|-status|p1a: Noctowl|par\n|move|p1a: Noctowl|Roost|p1a: Noctowl\n|-heal|p1a: Noctowl|58/100 par\n|-singleturn|p1a: Noctowl|move: Roost\n|\n|upkeep\n|turn|3\n|inactive|Time left: 300 sec this turn | 300 sec total\n|\n|t:|1783573500\n|move|p2a: Rotom|Discharge|p1a: Noctowl\n|-supereffective|p1a: Noctowl\n|-damage|p1a: Noctowl|16/100 par\n|move|p1a: Noctowl|Roost|p1a: Noctowl\n|-heal|p1a: Noctowl|66/100 par\n|-singleturn|p1a: Noctowl|move: Roost\n|\n|upkeep\n|turn|4\n|inactive|Time left: 300 sec this turn | 300 sec total\n|\n|t:|1783573501\n|move|p2a: Rotom|Discharge|p1a: Noctowl\n|-supereffective|p1a: Noctowl\n|-damage|p1a: Noctowl|21/100 par\n|move|p1a: Noctowl|Roost|p1a: Noctowl\n|-heal|p1a: Noctowl|71/100 par\n|-singleturn|p1a: Noctowl|move: Roost\n|\n|upkeep\n|turn|5\n|inactive|Time left: 300 sec this turn | 300 sec total\n|\n|t:|1783573502\n|move|p2a: Rotom|Discharge|p1a: Noctowl\n|-supereffective|p1a: Noctowl\n|-damage|p1a: Noctowl|31/100 par\n|cant|p1a: Noctowl|par\n|\n|upkeep\n|turn|6\n|inactive|Time left: 300 sec this turn | 300 sec total\n|\n|t:|1783573503\n|move|p2a: Rotom|Discharge|p1a: Noctowl\n|-supereffective|p1a: Noctowl\n|-crit|p1a: Noctowl\n|-damage|p1a: Noctowl|0 fnt\n|faint|p1a: Noctowl\n|\n|upkeep\n|\n|t:|1783573504\n|switch|p1a: Lunala|Lunala, L70|100/100\n|turn|7\n|inactive|Time left: 300 sec this turn | 300 sec total\n|\n|t:|1783573505\n|move|p2a: Rotom|Pain Split|p1a: Lunala\n|-sethp|p1a: Lunala|71/100|[from] move: Pain Split|[silent]\n|-sethp|p2a: Rotom|218/219|[from] move: Pain Split\n|move|p1a: Lunala|Calm Mind|p1a: Lunala\n|-boost|p1a: Lunala|spa|1\n|-boost|p1a: Lunala|spd|1\n|\n|-heal|p1a: Lunala|77/100|[from] item: Leftovers\n|upkeep\n|turn|8\n|inactive|Time left: 300 sec this turn | 300 sec total\n|\n|t:|1783573506\n|switch|p2a: Rampardos|Rampardos, L90, F|321/321\n|move|p1a: Lunala|Moongeist Beam|p2a: Rampardos\n|-damage|p2a: Rampardos|114/321\n|\n|-heal|p1a: Lunala|84/100|[from] item: Leftovers\n|upkeep\n|turn|9\n|inactive|Time left: 300 sec this turn | 300 sec total\n|\n|t:|1783573508\n|move|p2a: Rampardos|Head Smash|p1a: Lunala\n|-damage|p1a: Lunala|0 fnt\n|faint|p1a: Lunala\n|-damage|p2a: Rampardos|0 fnt|[from] Recoil\n|faint|p2a: Rampardos\n|\n|upkeep\n|inactive|Time left: 300 sec this turn | 300 sec total | 5 sec grace\n|\n|t:|1783573509\n|switch|p1a: Houndstone|Houndstone, L86, M|100/100\n|switch|p2a: Pelipper|Pelipper, L86, F|243/243\n|-weather|RainDance|[from] ability: Drizzle|[of] p2a: Pelipper\n|turn|10\n|inactive|Time left: 300 sec this turn | 300 sec total\n|\n|t:|1783573510\n|move|p1a: Houndstone|Poltergeist|p2a: Pelipper\n|-activate|p2a: Pelipper|move: Poltergeist|Choice Specs\n|-damage|p2a: Pelipper|86/243\n|move|p2a: Pelipper|Weather Ball|p1a: Houndstone\n|-damage|p1a: Houndstone|19/100\n|\n|-weather|RainDance|[upkeep]\n|upkeep\n|turn|11\n|inactive|Time left: 300 sec this turn | 300 sec total\n|\n|t:|1783573511\n|move|p1a: Houndstone|Poltergeist|p2a: Pelipper\n|-activate|p2a: Pelipper|move: Poltergeist|Choice Specs\n|-damage|p2a: Pelipper|0 fnt\n|faint|p2a: Pelipper\n|\n|-weather|RainDance|[upkeep]\n|upkeep\n|inactive|Time left: 300 sec this turn | 300 sec total | 5 sec grace\n|\n|t:|1783573512\n|switch|p2a: Lilligant|Lilligant, L86, F|261/261\n|turn|12\n|inactive|Time left: 300 sec this turn | 300 sec total\n|\n|t:|1783573513\n|move|p2a: Lilligant|Giga Drain|p1a: Houndstone\n|-damage|p1a: Houndstone|0 fnt\n|faint|p1a: Houndstone\n|-damage|p2a: Lilligant|235/261|[from] item: Life Orb\n|\n|-weather|RainDance|[upkeep]\n|upkeep\n|\n|t:|1783573514\n|switch|p1a: Muk|Muk-Alola, L82, M|100/100\n|turn|13\n|inactive|Time left: 300 sec this turn | 300 sec total\n|\n|t:|1783573515\n|move|p2a: Lilligant|Sleep Powder|p1a: Muk\n|-status|p1a: Muk|slp|[from] move: Sleep Powder\n|cant|p1a: Muk|slp\n|\n|-weather|RainDance|[upkeep]\n|upkeep\n|turn|14\n|inactive|Time left: 300 sec this turn | 300 sec total\n|\n|t:|1783573516\n|move|p2a: Lilligant|Quiver Dance|p2a: Lilligant\n|-boost|p2a: Lilligant|spa|1\n|-boost|p2a: Lilligant|spd|1\n|-boost|p2a: Lilligant|spe|1\n|cant|p1a: Muk|slp\n|\n|-weather|none\n|upkeep\n|turn|15\n|inactive|Time left: 300 sec this turn | 300 sec total\n|\n|t:|1783573517\n|move|p2a: Lilligant|Quiver Dance|p2a: Lilligant\n|-boost|p2a: Lilligant|spa|1\n|-boost|p2a: Lilligant|spd|1\n|-boost|p2a: Lilligant|spe|1\n|-curestatus|p1a: Muk|slp|[msg]\n|move|p1a: Muk|Poison Jab|p2a: Lilligant\n|-supereffective|p2a: Lilligant\n|-damage|p2a: Lilligant|37/261\n|\n|upkeep\n|turn|16\n|inactive|Time left: 300 sec this turn | 300 sec total\n|\n|t:|1783573518\n|move|p2a: Lilligant|Sleep Powder|p1a: Muk\n|-status|p1a: Muk|slp|[from] move: Sleep Powder\n|cant|p1a: Muk|slp\n|\n|upkeep\n|turn|17\n|inactive|Time left: 300 sec this turn | 300 sec total\n|\n|t:|1783573519\n|move|p2a: Lilligant|Giga Drain|p1a: Muk\n|-resisted|p1a: Muk\n|-damage|p1a: Muk|75/100 slp\n|-heal|p2a: Lilligant|76/261|[from] drain|[of] p1a: Muk\n|-damage|p2a: Lilligant|50/261|[from] item: Life Orb\n|-curestatus|p1a: Muk|slp|[msg]\n|move|p1a: Muk|Ice Punch|p2a: Lilligant\n|-supereffective|p2a: Lilligant\n|-damage|p2a: Lilligant|0 fnt\n|faint|p2a: Lilligant\n|\n|upkeep\n|inactive|Time left: 300 sec this turn | 300 sec total | 5 sec grace\n|\n|t:|1783573520\n|switch|p2a: Rotom|Rotom-Heat, L83|218/219\n|turn|18\n|inactive|Time left: 300 sec this turn | 300 sec total\n|\n|t:|1783573521\n|move|p2a: Rotom|Will-O-Wisp|p1a: Muk\n|-status|p1a: Muk|brn\n|move|p1a: Muk|Knock Off|p2a: Rotom\n|-damage|p2a: Rotom|175/219\n|-status|p2a: Rotom|psn|[from] ability: Poison Touch|[of] p1a: Muk\n|-enditem|p2a: Rotom|Heavy-Duty Boots|[from] move: Knock Off|[of] p1a: Muk\n|\n|-damage|p2a: Rotom|148/219 psn|[from] psn\n|-damage|p1a: Muk|69/100 brn|[from] brn\n|upkeep\n|turn|19\n|inactive|Time left: 300 sec this turn | 300 sec total\n|\n|t:|1783573522\n|switch|p2a: Volcarona|Volcarona, L77, M|257/257\n|move|p1a: Muk|Knock Off|p2a: Volcarona\n|-damage|p2a: Volcarona|185/257\n|-enditem|p2a: Volcarona|Heavy-Duty Boots|[from] move: Knock Off|[of] p1a: Muk\n|\n|-damage|p1a: Muk|63/100 brn|[from] brn\n|upkeep\n|turn|20\n|inactive|Time left: 300 sec this turn | 300 sec total\n|\n|t:|1783573523\n|move|p2a: Volcarona|Quiver Dance|p2a: Volcarona\n|-boost|p2a: Volcarona|spa|1\n|-boost|p2a: Volcarona|spd|1\n|-boost|p2a: Volcarona|spe|1\n|move|p1a: Muk|Poison Jab|p2a: Volcarona\n|-damage|p2a: Volcarona|130/257\n|\n|-damage|p1a: Muk|57/100 brn|[from] brn\n|upkeep\n|turn|21\n|inactive|Time left: 300 sec this turn | 300 sec total\n|\n|t:|1783573525\n|move|p2a: Volcarona|Morning Sun|p2a: Volcarona\n|-heal|p2a: Volcarona|257/257\n|move|p1a: Muk|Poison Jab|p2a: Volcarona\n|-damage|p2a: Volcarona|198/257\n|\n|-damage|p1a: Muk|50/100 brn|[from] brn\n|upkeep\n|turn|22\n|inactive|Time left: 300 sec this turn | 300 sec total\n|\n|t:|1783573526\n|switch|p1a: Entei|Entei, L78|100/100\n|move|p2a: Volcarona|Quiver Dance|p2a: Volcarona\n|-boost|p2a: Volcarona|spa|1\n|-boost|p2a: Volcarona|spd|1\n|-boost|p2a: Volcarona|spe|1\n|\n|upkeep\n|turn|23\n|inactive|Time left: 300 sec this turn | 300 sec total\n|\n|t:|1783573527\n|-terastallize|p2a: Volcarona|Fire\n|move|p2a: Volcarona|Fire Blast|p1a: Entei\n|-resisted|p1a: Entei\n|-damage|p1a: Entei|37/100\n|move|p1a: Entei|Flare Blitz|p2a: Volcarona\n|-resisted|p2a: Volcarona\n|-damage|p2a: Volcarona|64/257\n|-damage|p1a: Entei|22/100|[from] Recoil\n|\n|upkeep\n|turn|24\n|inactive|Time left: 300 sec this turn | 300 sec total\n|\n|t:|1783573528\n|move|p2a: Volcarona|Morning Sun|p2a: Volcarona\n|-heal|p2a: Volcarona|192/257\n|move|p1a: Entei|Flare Blitz|p2a: Volcarona\n|-resisted|p2a: Volcarona\n|-damage|p2a: Volcarona|75/257\n|-damage|p1a: Entei|10/100|[from] Recoil\n|\n|upkeep\n|turn|25\n|inactive|Time left: 300 sec this turn | 300 sec total\n|\n|t:|1783573529\n|switch|p1a: Muk|Muk-Alola, L82, M|50/100 brn\n|move|p2a: Volcarona|Morning Sun|p2a: Volcarona\n|-heal|p2a: Volcarona|203/257\n|\n|-damage|p1a: Muk|44/100 brn|[from] brn\n|upkeep\n|turn|26\n|inactive|Time left: 300 sec this turn | 300 sec total\n|\n|t:|1783573530\n|move|p2a: Volcarona|Fire Blast|p1a: Muk\n|-damage|p1a: Muk|0 fnt\n|faint|p1a: Muk\n|\n|upkeep\n|\n|t:|1783573531\n|switch|p1a: Entei|Entei, L78|10/100\n|turn|27\n|inactive|Time left: 300 sec this turn | 300 sec total\n|\n|t:|1783573532\n|-terastallize|p1a: Entei|Normal\n|move|p1a: Entei|Extreme Speed|p2a: Volcarona\n|-damage|p2a: Volcarona|35/257\n|move|p2a: Volcarona|Bug Buzz|p1a: Entei\n|-damage|p1a: Entei|0 fnt\n|faint|p1a: Entei\n|\n|upkeep\n|\n|t:|1783573533\n|switch|p1a: Jolteon|Jolteon, L84, M|100/100\n|turn|28\n|inactive|Time left: 300 sec this turn | 300 sec total\n|\n|t:|1783573534\n|move|p2a: Volcarona|Bug Buzz|p1a: Jolteon\n|-damage|p1a: Jolteon|0 fnt\n|faint|p1a: Jolteon\n|\n|win|p0y2910d7d3", "uploadtime": 1783573534, "views": 0, "rating": 0, "private": 0, "password": null, "_winner": "p0y2910d7d3", "_our_name": "p0y2910d7d3"}