{"id": "battle-gen9randombattle-1541", "formatid": "gen9randombattle", "format": "[Gen 9] Random Battle", "players": ["p0x154192ac", "p0y1541630e"], "log": "|init|battle\n|title|p0x154192ac vs. p0y1541630e\n|j|\u2606p0x154192ac\n|j|\u2606p0y1541630e\n|t:|1783557015\n|gametype|singles\n|player|p1|p0x154192ac|170|\n|player|p2|p0y1541630e|102|\n|gen|9\n|tier|[Gen 9] Random Battle\n|rule|Species Clause: Limit one of each Pok\u00e9mon\n|rule|HP Percentage Mod: HP is shown in percentages\n|rule|Sleep Clause Mod: Limit one foe put to sleep\n|rule|Illusion Level Mod: Illusion disguises the Pok\u00e9mon's true level\n|\n|t:|1783557015\n|teamsize|p1|6\n|teamsize|p2|6\n|start\n|switch|p1a: Espeon|Espeon, L84, F|100/100\n|switch|p2a: Vileplume|Vileplume, L85, F|266/266\n|turn|1\n|inactive|Battle timer is ON: inactive players will automatically lose when time's up. (requested by p0x154192ac)\n|inactive|Time left: 300 sec this turn | 300 sec total | 60 sec grace\n|inactive|p0y1541630e also wants the timer to be on.\n|\n|t:|1783557017\n|move|p1a: Espeon|Psychic|p2a: Vileplume\n|-supereffective|p2a: Vileplume\n|-damage|p2a: Vileplume|0 fnt\n|faint|p2a: Vileplume\n|\n|upkeep\n|inactive|Time left: 300 sec this turn | 300 sec total | 65 sec grace\n|\n|t:|1783557018\n|switch|p2a: Comfey|Comfey, L85, F|225/225\n|turn|2\n|inactive|Time left: 300 sec this turn | 300 sec total\n|\n|t:|1783557020\n|move|p1a: Espeon|Psychic|p2a: Comfey\n|-damage|p2a: Comfey|75/225\n|move|p2a: Comfey|Calm Mind|p2a: Comfey\n|-boost|p2a: Comfey|spa|1\n|-boost|p2a: Comfey|spd|1\n|\n|-heal|p2a: Comfey|89/225|[from] item: Leftovers\n|upkeep\n|turn|3\n|inactive|Time left: 300 sec this turn | 300 sec total\n|\n|t:|1783557021\n|move|p2a: Comfey|Draining Kiss|p1a: Espeon\n|-damage|p1a: Espeon|73/100\n|-heal|p2a: Comfey|139/225|[from] drain|[of] p1a: Espeon\n|move|p1a: Espeon|Psychic|p2a: Comfey\n|-damage|p2a: Comfey|37/225\n|\n|-heal|p2a: Comfey|51/225|[from] item: Leftovers\n|upkeep\n|turn|4\n|inactive|Time left: 300 sec this turn | 300 sec total\n|\n|t:|1783557022\n|move|p2a: Comfey|Draining Kiss|p1a: Espeon\n|-damage|p1a: Espeon|44/100\n|-heal|p2a: Comfey|106/225|[from] drain|[of] p1a: Espeon\n|move|p1a: Espeon|Psychic|p2a: Comfey\n|-damage|p2a: Comfey|6/225\n|\n|-heal|p2a: Comfey|20/225|[from] item: Leftovers\n|upkeep\n|turn|5\n|inactive|Time left: 300 sec this turn | 300 sec total\n|\n|t:|1783557023\n|move|p2a: Comfey|Draining Kiss|p1a: Espeon\n|-damage|p1a: Espeon|13/100\n|-heal|p2a: Comfey|76/225|[from] drain|[of] p1a: Espeon\n|move|p1a: Espeon|Psychic|p2a: Comfey\n|-damage|p2a: Comfey|0 fnt\n|faint|p2a: Comfey\n|\n|upkeep\n|inactive|Time left: 300 sec this turn | 300 sec total | 5 sec grace\n|\n|t:|1783557024\n|switch|p2a: Manaphy|Manaphy, L78|284/284\n|turn|6\n|inactive|Time left: 300 sec this turn | 300 sec total\n|\n|t:|1783557025\n|move|p1a: Espeon|Psychic|p2a: Manaphy\n|-damage|p2a: Manaphy|94/284\n|move|p2a: Manaphy|Tail Glow|p2a: Manaphy\n|-boost|p2a: Manaphy|spa|3\n|\n|-heal|p2a: Manaphy|111/284|[from] item: Leftovers\n|upkeep\n|turn|7\n|inactive|Time left: 300 sec this turn | 300 sec total\n|\n|t:|1783557026\n|move|p1a: Espeon|Psychic|p2a: Manaphy\n|-damage|p2a: Manaphy|0 fnt\n|faint|p2a: Manaphy\n|\n|upkeep\n|inactive|Time left: 300 sec this turn | 300 sec total | 5 sec grace\n|\n|t:|1783557027\n|switch|p2a: Serperior|Serperior, L79, M|248/248\n|turn|8\n|inactive|Time left: 300 sec this turn | 300 sec total\n|\n|t:|1783557028\n|-terastallize|p1a: Espeon|Psychic\n|move|p1a: Espeon|Psychic|p2a: Serperior\n|-damage|p2a: Serperior|4/248\n|-boost|p2a: Serperior|spd|1\n|move|p2a: Serperior|Leaf Storm|p1a: Espeon\n|-damage|p1a: Espeon|0 fnt\n|-boost|p2a: Serperior|spa|2\n|faint|p1a: Espeon\n|\n|-heal|p2a: Serperior|19/248|[from] item: Leftovers\n|upkeep\n|\n|t:|1783557029\n|switch|p1a: Okidogi|Okidogi, L77, M|100/100\n|turn|9\n|inactive|Time left: 300 sec this turn | 300 sec total\n|\n|t:|1783557030\n|move|p2a: Serperior|Leaf Storm|p1a: Okidogi\n|-resisted|p1a: Okidogi\n|-damage|p1a: Okidogi|58/100\n|-boost|p2a: Serperior|spa|2\n|move|p1a: Okidogi|Knock Off|p2a: Serperior\n|-damage|p2a: Serperior|0 fnt\n|-enditem|p2a: Serperior|Leftovers|[from] move: Knock Off|[of] p1a: Okidogi\n|faint|p2a: Serperior\n|\n|-heal|p1a: Okidogi|64/100|[from] item: Leftovers\n|upkeep\n|inactive|Time left: 300 sec this turn | 300 sec total | 5 sec grace\n|\n|t:|1783557031\n|switch|p2a: Kommo-o|Kommo-o, L77, M|242/242\n|turn|10\n|inactive|Time left: 300 sec this turn | 300 sec total\n|\n|t:|1783557032\n|move|p2a: Kommo-o|Clangorous Soul|p2a: Kommo-o\n|-boost|p2a: Kommo-o|atk|1\n|-boost|p2a: Kommo-o|def|1\n|-boost|p2a: Kommo-o|spa|1\n|-boost|p2a: Kommo-o|spd|1\n|-boost|p2a: Kommo-o|spe|1\n|-damage|p2a: Kommo-o|163/242\n|-enditem|p2a: Kommo-o|Throat Spray\n|-boost|p2a: Kommo-o|spa|1|[from] item: Throat Spray\n|move|p1a: Okidogi|Gunk Shot|p2a: Kommo-o\n|-damage|p2a: Kommo-o|90/242\n|\n|-heal|p1a: Okidogi|70/100|[from] item: Leftovers\n|upkeep\n|turn|11\n|inactive|Time left: 300 sec this turn | 300 sec total\n|\n|t:|1783557034\n|move|p2a: Kommo-o|Clanging Scales|p1a: Okidogi\n|-damage|p1a: Okidogi|0 fnt\n|faint|p1a: Okidogi\n|-unboost|p2a: Kommo-o|def|1\n|\n|upkeep\n|\n|t:|1783557035\n|switch|p1a: Overqwil|Overqwil, L82, M|100/100\n|-ability|p1a: Overqwil|Intimidate|boost\n|-unboost|p2a: Kommo-o|atk|1\n|turn|12\n|inactive|Time left: 300 sec this turn | 300 sec total\n|\n|t:|1783557036\n|move|p2a: Kommo-o|Clanging Scales|p1a: Overqwil\n|-damage|p1a: Overqwil|11/100\n|-unboost|p2a: Kommo-o|def|1\n|move|p1a: Overqwil|Gunk Shot|p2a: Kommo-o\n|-damage|p2a: Kommo-o|0 fnt\n|faint|p2a: Kommo-o\n|-damage|p1a: Overqwil|1/100|[from] item: Life Orb\n|\n|upkeep\n|inactive|Time left: 300 sec this turn | 300 sec total | 5 sec grace\n|\n|t:|1783557037\n|switch|p2a: Fezandipiti|Fezandipiti, L82, M|278/278\n|turn|13\n|inactive|Time left: 300 sec this turn | 300 sec total\n|\n|t:|1783557038\n|switch|p1a: Registeel|Registeel, L81|100/100\n|move|p2a: Fezandipiti|Moonblast|p1a: Registeel\n|-resisted|p1a: Registeel\n|-damage|p1a: Registeel|90/100\n|\n|-heal|p1a: Registeel|96/100|[from] item: Leftovers\n|upkeep\n|turn|14\n|inactive|Time left: 300 sec this turn | 300 sec total\n|\n|t:|1783557039\n|move|p2a: Fezandipiti|Moonblast|p1a: Registeel\n|-resisted|p1a: Registeel\n|-damage|p1a: Registeel|87/100\n|move|p1a: Registeel|Iron Head|p2a: Fezandipiti\n|-supereffective|p2a: Fezandipiti\n|-damage|p2a: Fezandipiti|146/278\n|\n|-heal|p2a: Fezandipiti|163/278|[from] item: Leftovers\n|-heal|p1a: Registeel|93/100|[from] item: Leftovers\n|upkeep\n|turn|15\n|inactive|Time left: 300 sec this turn | 300 sec total\n|\n|t:|1783557040\n|move|p2a: Fezandipiti|Roost|p2a: Fezandipiti\n|-heal|p2a: Fezandipiti|278/278\n|-singleturn|p2a: Fezandipiti|move: Roost\n|move|p1a: Registeel|Iron Head|p2a: Fezandipiti\n|-supereffective|p2a: Fezandipiti\n|-damage|p2a: Fezandipiti|144/278\n|\n|-heal|p2a: Fezandipiti|161/278|[from] item: Leftovers\n|-heal|p1a: Registeel|99/100|[from] item: Leftovers\n|upkeep\n|turn|16\n|inactive|Time left: 300 sec this turn | 300 sec total\n|\n|t:|1783557041\n|move|p2a: Fezandipiti|Roost|p2a: Fezandipiti\n|-heal|p2a: Fezandipiti|278/278\n|-singleturn|p2a: Fezandipiti|move: Roost\n|move|p1a: Registeel|Iron Head|p2a: Fezandipiti\n|-supereffective|p2a: Fezandipiti\n|-damage|p2a: Fezandipiti|138/278\n|\n|-heal|p2a: Fezandipiti|155/278|[from] item: Leftovers\n|-heal|p1a: Registeel|100/100|[from] item: Leftovers\n|upkeep\n|turn|17\n|inactive|Time left: 300 sec this turn | 300 sec total\n|\n|t:|1783557042\n|move|p2a: Fezandipiti|Roost|p2a: Fezandipiti\n|-heal|p2a: Fezandipiti|278/278\n|-singleturn|p2a: Fezandipiti|move: Roost\n|move|p1a: Registeel|Iron Head|p2a: Fezandipiti\n|-supereffective|p2a: Fezandipiti\n|-damage|p2a: Fezandipiti|146/278\n|\n|-heal|p2a: Fezandipiti|163/278|[from] item: Leftovers\n|upkeep\n|turn|18\n|inactive|Time left: 300 sec this turn | 300 sec total\n|\n|t:|1783557044\n|move|p2a: Fezandipiti|Roost|p2a: Fezandipiti\n|-heal|p2a: Fezandipiti|278/278\n|-singleturn|p2a: Fezandipiti|move: Roost\n|move|p1a: Registeel|Iron Head|p2a: Fezandipiti\n|-supereffective|p2a: Fezandipiti\n|-damage|p2a: Fezandipiti|140/278\n|\n|-heal|p2a: Fezandipiti|157/278|[from] item: Leftovers\n|upkeep\n|turn|19\n|inactive|Time left: 300 sec this turn | 300 sec total\n|\n|t:|1783557045\n|move|p2a: Fezandipiti|Roost|p2a: Fezandipiti\n|-heal|p2a: Fezandipiti|278/278\n|-singleturn|p2a: Fezandipiti|move: Roost\n|move|p1a: Registeel|Iron Head|p2a: Fezandipiti\n|-supereffective|p2a: Fezandipiti\n|-damage|p2a: Fezandipiti|146/278\n|\n|-heal|p2a: Fezandipiti|163/278|[from] item: Leftovers\n|upkeep\n|turn|20\n|inactive|Time left: 300 sec this turn | 300 sec total\n|\n|t:|1783557046\n|move|p2a: Fezandipiti|Roost|p2a: Fezandipiti\n|-heal|p2a: Fezandipiti|278/278\n|-singleturn|p2a: Fezandipiti|move: Roost\n|move|p1a: Registeel|Iron Head|p2a: Fezandipiti\n|-supereffective|p2a: Fezandipiti\n|-damage|p2a: Fezandipiti|144/278\n|\n|-heal|p2a: Fezandipiti|161/278|[from] item: Leftovers\n|upkeep\n|turn|21\n|inactive|Time left: 300 sec this turn | 300 sec total\n|\n|t:|1783557047\n|move|p2a: Fezandipiti|Roost|p2a: Fezandipiti\n|-heal|p2a: Fezandipiti|278/278\n|-singleturn|p2a: Fezandipiti|move: Roost\n|move|p1a: Registeel|Iron Head|p2a: Fezandipiti\n|-supereffective|p2a: Fezandipiti\n|-damage|p2a: Fezandipiti|132/278\n|\n|-heal|p2a: Fezandipiti|149/278|[from] item: Leftovers\n|upkeep\n|turn|22\n|inactive|Time left: 300 sec this turn | 300 sec total\n|\n|t:|1783557048\n|-terastallize|p2a: Fezandipiti|Water\n|move|p2a: Fezandipiti|Roost|p2a: Fezandipiti\n|-heal|p2a: Fezandipiti|278/278\n|move|p1a: Registeel|Iron Head|p2a: Fezandipiti\n|-resisted|p2a: Fezandipiti\n|-damage|p2a: Fezandipiti|243/278\n|\n|-heal|p2a: Fezandipiti|260/278|[from] item: Leftovers\n|upkeep\n|turn|23\n|inactive|Time left: 300 sec this turn | 300 sec total\n|\n|t:|1783557049\n|switch|p1a: Overqwil|Overqwil, L82, M|1/100\n|-ability|p1a: Overqwil|Intimidate|boost\n|-unboost|p2a: Fezandipiti|atk|1\n|move|p2a: Fezandipiti|Moonblast|p1a: Overqwil\n|-damage|p1a: Overqwil|0 fnt\n|faint|p1a: Overqwil\n|\n|-heal|p2a: Fezandipiti|277/278|[from] item: Leftovers\n|upkeep\n|\n|t:|1783557050\n|switch|p1a: Ludicolo|Ludicolo, L90, F|100/100\n|turn|24\n|inactive|Time left: 300 sec this turn | 300 sec total\n|\n|t:|1783557050\n|move|p2a: Fezandipiti|Moonblast|p1a: Ludicolo\n|-damage|p1a: Ludicolo|80/100\n|move|p1a: Ludicolo|Leaf Storm|p2a: Fezandipiti\n|-supereffective|p2a: Fezandipiti\n|-damage|p2a: Fezandipiti|0 fnt\n|-unboost|p1a: Ludicolo|spa|2\n|faint|p2a: Fezandipiti\n|\n|win|p0x154192ac", "uploadtime": 1783557050, "views": 0, "rating": 0, "private": 0, "password": null, "_winner": "p0x154192ac", "_our_name": "p0y1541630e"}