{"id": "battle-gen9randombattle-2598", "formatid": "gen9randombattle", "format": "[Gen 9] Random Battle", "players": ["p0x25983840", "p0y2598b1d0"], "log": "|init|battle\n|title|p0x25983840 vs. p0y2598b1d0\n|j|\u2606p0x25983840\n|j|\u2606p0y2598b1d0\n|t:|1783569986\n|gametype|singles\n|player|p1|p0x25983840|266|\n|player|p2|p0y2598b1d0|2|\n|gen|9\n|tier|[Gen 9] Random Battle\n|rule|Species Clause: Limit one of each Pok\u00e9mon\n|rule|HP Percentage Mod: HP is shown in percentages\n|rule|Sleep Clause Mod: Limit one foe put to sleep\n|rule|Illusion Level Mod: Illusion disguises the Pok\u00e9mon's true level\n|\n|t:|1783569986\n|teamsize|p1|6\n|teamsize|p2|6\n|start\n|switch|p1a: Conkeldurr|Conkeldurr, L80, F|299/299\n|switch|p2a: Hippowdon|Hippowdon, L82, F|100/100\n|-weather|Sandstorm|[from] ability: Sand Stream|[of] p2a: Hippowdon\n|turn|1\n|inactive|Battle timer is ON: inactive players will automatically lose when time's up. (requested by p0y2598b1d0)\n|inactive|Time left: 300 sec this turn | 300 sec total | 60 sec grace\n|\n|t:|1783569987\n|move|p2a: Hippowdon|Earthquake|p1a: Conkeldurr\n|-damage|p1a: Conkeldurr|185/299\n|move|p1a: Conkeldurr|Knock Off|p2a: Hippowdon\n|-damage|p2a: Hippowdon|80/100\n|-enditem|p2a: Hippowdon|Leftovers|[from] move: Knock Off|[of] p1a: Conkeldurr\n|\n|-weather|Sandstorm|[upkeep]\n|-damage|p1a: Conkeldurr|167/299|[from] Sandstorm\n|-status|p1a: Conkeldurr|brn|[from] item: Flame Orb\n|upkeep\n|turn|2\n|inactive|Time left: 300 sec this turn | 300 sec total\n|inactive|p0x25983840 also wants the timer to be on.\n|\n|t:|1783569988\n|move|p2a: Hippowdon|Earthquake|p1a: Conkeldurr\n|-damage|p1a: Conkeldurr|47/299 brn\n|move|p1a: Conkeldurr|Close Combat|p2a: Hippowdon\n|-damage|p2a: Hippowdon|14/100\n|-unboost|p1a: Conkeldurr|def|1\n|-unboost|p1a: Conkeldurr|spd|1\n|\n|-weather|Sandstorm|[upkeep]\n|-damage|p1a: Conkeldurr|29/299 brn|[from] Sandstorm\n|-damage|p1a: Conkeldurr|11/299 brn|[from] brn\n|upkeep\n|turn|3\n|inactive|Time left: 300 sec this turn | 300 sec total\n|\n|t:|1783569989\n|switch|p1a: Oranguru|Oranguru, L92, F|315/315\n|move|p2a: Hippowdon|Slack Off|p2a: Hippowdon\n|-heal|p2a: Hippowdon|64/100\n|\n|-weather|Sandstorm|[upkeep]\n|-damage|p1a: Oranguru|296/315|[from] Sandstorm\n|-heal|p1a: Oranguru|315/315|[from] item: Leftovers\n|upkeep\n|turn|4\n|inactive|Time left: 300 sec this turn | 300 sec total\n|\n|t:|1783569990\n|move|p1a: Oranguru|Nasty Plot|p1a: Oranguru\n|-boost|p1a: Oranguru|spa|2\n|move|p2a: Hippowdon|Slack Off|p2a: Hippowdon\n|-heal|p2a: Hippowdon|100/100\n|\n|-weather|Sandstorm|[upkeep]\n|-damage|p1a: Oranguru|296/315|[from] Sandstorm\n|-heal|p1a: Oranguru|315/315|[from] item: Leftovers\n|upkeep\n|turn|5\n|inactive|Time left: 300 sec this turn | 300 sec total\n|\n|t:|1783569991\n|move|p1a: Oranguru|Psyshock|p2a: Hippowdon\n|-damage|p2a: Hippowdon|53/100\n|move|p2a: Hippowdon|Whirlwind|p1a: Oranguru\n|drag|p1a: Zekrom|Zekrom, L71|259/259\n|-ability|p1a: Zekrom|Teravolt\n|\n|-weather|none\n|upkeep\n|turn|6\n|inactive|Time left: 300 sec this turn | 300 sec total\n|\n|t:|1783569993\n|move|p1a: Zekrom|Outrage|p2a: Hippowdon\n|-damage|p2a: Hippowdon|21/100\n|move|p2a: Hippowdon|Earthquake|p1a: Zekrom\n|-supereffective|p1a: Zekrom\n|-damage|p1a: Zekrom|61/259\n|\n|-heal|p1a: Zekrom|77/259|[from] item: Leftovers\n|upkeep\n|turn|7\n|inactive|Time left: 300 sec this turn | 300 sec total\n|\n|t:|1783569994\n|switch|p2a: Whimsicott|Whimsicott, L84, M|100/100\n|move|p1a: Zekrom|Outrage|p2a: Whimsicott|[from] lockedmove\n|-immune|p2a: Whimsicott\n|-start|p1a: Zekrom|confusion|[fatigue]\n|\n|-heal|p1a: Zekrom|93/259|[from] item: Leftovers\n|upkeep\n|turn|8\n|inactive|Time left: 300 sec this turn | 300 sec total\n|\n|t:|1783569995\n|switch|p1a: Araquanid|Araquanid, L82, F|246/246\n|move|p2a: Whimsicott|Moonblast|p1a: Araquanid\n|-damage|p1a: Araquanid|183/246\n|\n|upkeep\n|turn|9\n|inactive|Time left: 300 sec this turn | 300 sec total\n|\n|t:|1783569997\n|move|p2a: Whimsicott|Leech Seed|p1a: Araquanid\n|-start|p1a: Araquanid|move: Leech Seed\n|move|p1a: Araquanid|Sticky Web|p2a: Whimsicott\n|-sidestart|p2: p0y2598b1d0|move: Sticky Web\n|\n|-damage|p1a: Araquanid|153/246|[from] Leech Seed|[of] p2a: Whimsicott\n|upkeep\n|turn|10\n|inactive|Time left: 300 sec this turn | 300 sec total\n|\n|t:|1783569998\n|switch|p1a: Oranguru|Oranguru, L92, F|315/315\n|move|p2a: Whimsicott|Moonblast|p1a: Oranguru\n|-damage|p1a: Oranguru|248/315\n|\n|-heal|p1a: Oranguru|267/315|[from] item: Leftovers\n|upkeep\n|turn|11\n|inactive|Time left: 300 sec this turn | 300 sec total\n|\n|t:|1783569999\n|move|p2a: Whimsicott|Leech Seed|p1a: Oranguru|[miss]\n|-miss|p2a: Whimsicott|p1a: Oranguru\n|move|p1a: Oranguru|Nasty Plot|p1a: Oranguru\n|-boost|p1a: Oranguru|spa|2\n|\n|-heal|p1a: Oranguru|286/315|[from] item: Leftovers\n|upkeep\n|turn|12\n|inactive|Time left: 300 sec this turn | 300 sec total\n|\n|t:|1783570000\n|move|p2a: Whimsicott|Encore|p1a: Oranguru\n|-start|p1a: Oranguru|Encore\n|move|p1a: Oranguru|Nasty Plot|p1a: Oranguru\n|-boost|p1a: Oranguru|spa|2\n|\n|-heal|p1a: Oranguru|305/315|[from] item: Leftovers\n|upkeep\n|turn|13\n|inactive|Time left: 300 sec this turn | 300 sec total\n|\n|t:|1783570001\n|switch|p2a: Galvantula|Galvantula, L82, F|100/100\n|move|p1a: Oranguru|Nasty Plot|p1a: Oranguru\n|-boost|p1a: Oranguru|spa|2\n|\n|-heal|p1a: Oranguru|315/315|[from] item: Leftovers\n|upkeep\n|turn|14\n|inactive|Time left: 300 sec this turn | 300 sec total\n|\n|t:|1783570002\n|move|p2a: Galvantula|Sticky Web|p1a: Oranguru\n|-sidestart|p1: p0x25983840|move: Sticky Web\n|move|p1a: Oranguru|Nasty Plot|p1a: Oranguru\n|-boost|p1a: Oranguru|spa|0\n|\n|-end|p1a: Oranguru|Encore\n|upkeep\n|turn|15\n|inactive|Time left: 300 sec this turn | 300 sec total\n|\n|t:|1783570003\n|switch|p2a: Hippowdon|Hippowdon, L82, F|21/100\n|-activate|p2a: Hippowdon|move: Sticky Web\n|-unboost|p2a: Hippowdon|spe|1\n|-weather|Sandstorm|[from] ability: Sand Stream|[of] p2a: Hippowdon\n|move|p1a: Oranguru|Psyshock|p2a: Hippowdon\n|-damage|p2a: Hippowdon|0 fnt\n|faint|p2a: Hippowdon\n|\n|-weather|Sandstorm|[upkeep]\n|-damage|p1a: Oranguru|296/315|[from] Sandstorm\n|-heal|p1a: Oranguru|315/315|[from] item: Leftovers\n|upkeep\n|\n|t:|1783570004\n|switch|p2a: Whimsicott|Whimsicott, L84, M|100/100\n|-activate|p2a: Whimsicott|move: Sticky Web\n|-unboost|p2a: Whimsicott|spe|1\n|turn|16\n|inactive|Time left: 300 sec this turn | 300 sec total\n|\n|t:|1783570005\n|move|p2a: Whimsicott|Substitute|p2a: Whimsicott\n|-start|p2a: Whimsicott|Substitute\n|-damage|p2a: Whimsicott|76/100\n|move|p1a: Oranguru|Psyshock|p2a: Whimsicott\n|-end|p2a: Whimsicott|Substitute\n|\n|-weather|Sandstorm|[upkeep]\n|-damage|p1a: Oranguru|296/315|[from] Sandstorm\n|-damage|p2a: Whimsicott|70/100|[from] Sandstorm\n|-heal|p1a: Oranguru|315/315|[from] item: Leftovers\n|-heal|p2a: Whimsicott|76/100|[from] item: Leftovers\n|upkeep\n|turn|17\n|inactive|Time left: 300 sec this turn | 300 sec total\n|\n|t:|1783570006\n|move|p2a: Whimsicott|Substitute|p2a: Whimsicott\n|-start|p2a: Whimsicott|Substitute\n|-damage|p2a: Whimsicott|51/100\n|move|p1a: Oranguru|Psyshock|p2a: Whimsicott\n|-end|p2a: Whimsicott|Substitute\n|\n|-weather|Sandstorm|[upkeep]\n|-damage|p1a: Oranguru|296/315|[from] Sandstorm\n|-damage|p2a: Whimsicott|45/100|[from] Sandstorm\n|-heal|p1a: Oranguru|315/315|[from] item: Leftovers\n|-heal|p2a: Whimsicott|51/100|[from] item: Leftovers\n|upkeep\n|turn|18\n|inactive|Time left: 300 sec this turn | 300 sec total\n|\n|t:|1783570007\n|move|p2a: Whimsicott|Substitute|p2a: Whimsicott\n|-start|p2a: Whimsicott|Substitute\n|-damage|p2a: Whimsicott|26/100\n|move|p1a: Oranguru|Psyshock|p2a: Whimsicott\n|-end|p2a: Whimsicott|Substitute\n|\n|-weather|Sandstorm|[upkeep]\n|-damage|p1a: Oranguru|296/315|[from] Sandstorm\n|-damage|p2a: Whimsicott|20/100|[from] Sandstorm\n|-heal|p1a: Oranguru|315/315|[from] item: Leftovers\n|-heal|p2a: Whimsicott|26/100|[from] item: Leftovers\n|upkeep\n|turn|19\n|inactive|Time left: 300 sec this turn | 300 sec total\n|\n|t:|1783570008\n|move|p2a: Whimsicott|Substitute|p2a: Whimsicott\n|-start|p2a: Whimsicott|Substitute\n|-damage|p2a: Whimsicott|1/100\n|move|p1a: Oranguru|Psyshock|p2a: Whimsicott\n|-end|p2a: Whimsicott|Substitute\n|\n|-weather|none\n|-heal|p2a: Whimsicott|7/100|[from] item: Leftovers\n|upkeep\n|turn|20\n|inactive|Time left: 300 sec this turn | 300 sec total\n|\n|t:|1783570009\n|move|p2a: Whimsicott|Leech Seed|p1a: Oranguru\n|-start|p1a: Oranguru|move: Leech Seed\n|move|p1a: Oranguru|Psyshock|p2a: Whimsicott\n|-damage|p2a: Whimsicott|0 fnt\n|faint|p2a: Whimsicott\n|\n|upkeep\n|\n|t:|1783570010\n|switch|p2a: Galvantula|Galvantula, L82, F|100/100\n|turn|21\n|inactive|Time left: 300 sec this turn | 300 sec total\n|\n|t:|1783570011\n|move|p2a: Galvantula|Thunder|p1a: Oranguru\n|-damage|p1a: Oranguru|234/315\n|move|p1a: Oranguru|Psyshock|p2a: Galvantula\n|-damage|p2a: Galvantula|0 fnt\n|faint|p2a: Galvantula\n|\n|-heal|p1a: Oranguru|253/315|[from] item: Leftovers\n|upkeep\n|\n|t:|1783570012\n|switch|p2a: Arceus|Arceus-Dragon, L71|100/100\n|-activate|p2a: Arceus|move: Sticky Web\n|-unboost|p2a: Arceus|spe|1\n|turn|22\n|inactive|Time left: 300 sec this turn | 300 sec total\n|\n|t:|1783570013\n|move|p1a: Oranguru|Psyshock|p2a: Arceus\n|-damage|p2a: Arceus|0 fnt\n|faint|p2a: Arceus\n|\n|-heal|p1a: Oranguru|272/315|[from] item: Leftovers\n|upkeep\n|\n|t:|1783570014\n|switch|p2a: Chandelure|Chandelure, L83, F|100/100\n|turn|23\n|inactive|Time left: 300 sec this turn | 300 sec total\n|\n|t:|1783570015\n|move|p2a: Chandelure|Calm Mind|p2a: Chandelure\n|-boost|p2a: Chandelure|spa|1\n|-boost|p2a: Chandelure|spd|1\n|move|p1a: Oranguru|Psyshock|p2a: Chandelure\n|-damage|p2a: Chandelure|0 fnt\n|faint|p2a: Chandelure\n|\n|-heal|p1a: Oranguru|291/315|[from] item: Leftovers\n|upkeep\n|\n|t:|1783570016\n|switch|p2a: Misdreavus|Misdreavus, L90, F|100/100\n|turn|24\n|inactive|Time left: 300 sec this turn | 300 sec total\n|\n|t:|1783570017\n|move|p2a: Misdreavus|Will-O-Wisp|p1a: Oranguru\n|-status|p1a: Oranguru|brn\n|move|p1a: Oranguru|Psyshock|p2a: Misdreavus\n|-crit|p2a: Misdreavus\n|-damage|p2a: Misdreavus|0 fnt\n|faint|p2a: Misdreavus\n|\n|win|p0x25983840", "uploadtime": 1783570017, "views": 0, "rating": 0, "private": 0, "password": null, "_winner": "p0x25983840", "_our_name": "p0x25983840"}