{"id": "battle-gen9randombattle-1638", "formatid": "gen9randombattle", "format": "[Gen 9] Random Battle", "players": ["p0x1638bb74", "p0y1638f218"], "log": "|init|battle\n|title|p0x1638bb74 vs. p0y1638f218\n|j|\u2606p0x1638bb74\n|j|\u2606p0y1638f218\n|t:|1783558224\n|gametype|singles\n|player|p1|p0x1638bb74|1|\n|player|p2|p0y1638f218|170|\n|gen|9\n|tier|[Gen 9] Random Battle\n|rule|Species Clause: Limit one of each Pok\u00e9mon\n|rule|HP Percentage Mod: HP is shown in percentages\n|rule|Sleep Clause Mod: Limit one foe put to sleep\n|rule|Illusion Level Mod: Illusion disguises the Pok\u00e9mon's true level\n|\n|t:|1783558224\n|teamsize|p1|6\n|teamsize|p2|6\n|start\n|switch|p1a: Trevenant|Trevenant, L89, M|296/296\n|switch|p2a: Perrserker|Perrserker, L89, F|100/100\n|turn|1\n|inactive|Battle timer is ON: inactive players will automatically lose when time's up. (requested by p0x1638bb74)\n|inactive|p0y1638f218 also wants the timer to be on.\n|\n|t:|1783558225\n|move|p1a: Trevenant|Will-O-Wisp|p2a: Perrserker\n|-status|p2a: Perrserker|brn\n|move|p2a: Perrserker|Knock Off|p1a: Trevenant\n|-supereffective|p1a: Trevenant\n|-damage|p1a: Trevenant|110/296\n|-enditem|p1a: Trevenant|Life Orb|[from] move: Knock Off|[of] p2a: Perrserker\n|\n|-damage|p2a: Perrserker|95/100 brn|[from] brn\n|upkeep\n|turn|2\n|inactive|Time left: 300 sec this turn | 300 sec total\n|\n|t:|1783558226\n|move|p1a: Trevenant|Horn Leech|p2a: Perrserker\n|-resisted|p2a: Perrserker\n|-damage|p2a: Perrserker|80/100 brn\n|-heal|p1a: Trevenant|129/296|[from] drain|[of] p2a: Perrserker\n|move|p2a: Perrserker|Knock Off|p1a: Trevenant\n|-supereffective|p1a: Trevenant\n|-damage|p1a: Trevenant|20/296\n|\n|-damage|p2a: Perrserker|74/100 brn|[from] brn\n|upkeep\n|turn|3\n|inactive|Time left: 300 sec this turn | 300 sec total\n|\n|t:|1783558227\n|move|p1a: Trevenant|Poltergeist|p2a: Perrserker\n|-activate|p2a: Perrserker|move: Poltergeist|Choice Band\n|-damage|p2a: Perrserker|29/100 brn\n|move|p2a: Perrserker|Knock Off|p1a: Trevenant\n|-supereffective|p1a: Trevenant\n|-damage|p1a: Trevenant|0 fnt\n|faint|p1a: Trevenant\n|\n|-damage|p2a: Perrserker|23/100 brn|[from] brn\n|upkeep\n|inactive|Time left: 300 sec this turn | 300 sec total | 5 sec grace\n|\n|t:|1783558228\n|switch|p1a: Samurott|Samurott-Hisui, L77, M|265/265\n|turn|4\n|inactive|Time left: 300 sec this turn | 300 sec total\n|\n|t:|1783558230\n|switch|p2a: Scrafty|Scrafty, L83, M|100/100\n|-ability|p2a: Scrafty|Intimidate|boost\n|-unboost|p1a: Samurott|atk|1\n|move|p1a: Samurott|Ceaseless Edge|p2a: Scrafty\n|-resisted|p2a: Scrafty\n|-damage|p2a: Scrafty|93/100\n|-sidestart|p2: p0y1638f218|Spikes\n|\n|-heal|p2a: Scrafty|99/100|[from] item: Leftovers\n|upkeep\n|turn|5\n|inactive|Time left: 300 sec this turn | 300 sec total\n|\n|t:|1783558231\n|move|p1a: Samurott|Ceaseless Edge|p2a: Scrafty\n|-resisted|p2a: Scrafty\n|-damage|p2a: Scrafty|92/100\n|-sidestart|p2: p0y1638f218|Spikes\n|move|p2a: Scrafty|Dragon Dance|p2a: Scrafty\n|-boost|p2a: Scrafty|atk|1\n|-boost|p2a: Scrafty|spe|1\n|\n|-heal|p2a: Scrafty|98/100|[from] item: Leftovers\n|upkeep\n|turn|6\n|inactive|Time left: 300 sec this turn | 300 sec total\n|\n|t:|1783558232\n|switch|p1a: Torkoal|Torkoal, L88, M|266/266\n|-weather|SunnyDay|[from] ability: Drought|[of] p1a: Torkoal\n|move|p2a: Scrafty|Dragon Dance|p2a: Scrafty\n|-boost|p2a: Scrafty|atk|1\n|-boost|p2a: Scrafty|spe|1\n|\n|-weather|SunnyDay|[upkeep]\n|-heal|p2a: Scrafty|100/100|[from] item: Leftovers\n|upkeep\n|turn|7\n|inactive|Time left: 300 sec this turn | 300 sec total\n|\n|t:|1783558233\n|move|p2a: Scrafty|Knock Off|p1a: Torkoal\n|-damage|p1a: Torkoal|146/266\n|-enditem|p1a: Torkoal|Heavy-Duty Boots|[from] move: Knock Off|[of] p2a: Scrafty\n|move|p1a: Torkoal|Lava Plume|p2a: Scrafty\n|-damage|p2a: Scrafty|60/100\n|-status|p2a: Scrafty|brn\n|\n|-weather|SunnyDay|[upkeep]\n|-heal|p2a: Scrafty|66/100 brn|[from] item: Leftovers\n|-damage|p2a: Scrafty|60/100 brn|[from] brn\n|upkeep\n|turn|8\n|inactive|Time left: 300 sec this turn | 300 sec total\n|\n|t:|1783558234\n|move|p2a: Scrafty|Drain Punch|p1a: Torkoal\n|-damage|p1a: Torkoal|99/266\n|-heal|p2a: Scrafty|70/100 brn|[from] drain|[of] p1a: Torkoal\n|move|p1a: Torkoal|Lava Plume|p2a: Scrafty\n|-damage|p2a: Scrafty|28/100 brn\n|\n|-weather|SunnyDay|[upkeep]\n|-heal|p2a: Scrafty|34/100 brn|[from] item: Leftovers\n|-damage|p2a: Scrafty|28/100 brn|[from] brn\n|upkeep\n|turn|9\n|inactive|Time left: 300 sec this turn | 300 sec total\n|\n|t:|1783558236\n|move|p2a: Scrafty|Drain Punch|p1a: Torkoal\n|-damage|p1a: Torkoal|54/266\n|-heal|p2a: Scrafty|37/100 brn|[from] drain|[of] p1a: Torkoal\n|move|p1a: Torkoal|Lava Plume|p2a: Scrafty\n|-damage|p2a: Scrafty|0 fnt\n|faint|p2a: Scrafty\n|\n|-weather|SunnyDay|[upkeep]\n|upkeep\n|\n|t:|1783558236\n|switch|p2a: Moltres|Moltres-Galar, L79|100/100\n|turn|10\n|inactive|Time left: 300 sec this turn | 300 sec total\n|\n|t:|1783558238\n|move|p2a: Moltres|Nasty Plot|p2a: Moltres\n|-boost|p2a: Moltres|spa|2\n|move|p1a: Torkoal|Stealth Rock|p2a: Moltres\n|-sidestart|p2: p0y1638f218|move: Stealth Rock\n|\n|-weather|none\n|upkeep\n|turn|11\n|inactive|Time left: 300 sec this turn | 300 sec total\n|\n|t:|1783558239\n|switch|p1a: Regice|Regice, L88|284/284\n|move|p2a: Moltres|Fiery Wrath|p1a: Regice\n|-damage|p1a: Regice|194/284\n|\n|upkeep\n|turn|12\n|inactive|Time left: 300 sec this turn | 300 sec total\n|\n|t:|1783558240\n|move|p2a: Moltres|Fiery Wrath|p1a: Regice\n|-damage|p1a: Regice|104/284\n|move|p1a: Regice|Ice Beam|p2a: Moltres\n|-supereffective|p2a: Moltres\n|-damage|p2a: Moltres|38/100\n|-enditem|p2a: Moltres|Weakness Policy\n|-boost|p2a: Moltres|atk|2|[from] item: Weakness Policy\n|-boost|p2a: Moltres|spa|2|[from] item: Weakness Policy\n|-ability|p2a: Moltres|Berserk|boost\n|-boost|p2a: Moltres|spa|1\n|\n|upkeep\n|turn|13\n|inactive|Time left: 300 sec this turn | 300 sec total\n|\n|t:|1783558241\n|move|p2a: Moltres|Fiery Wrath|p1a: Regice\n|-damage|p1a: Regice|0 fnt\n|faint|p1a: Regice\n|\n|upkeep\n|inactive|Time left: 300 sec this turn | 300 sec total | 5 sec grace\n|\n|t:|1783558242\n|switch|p1a: Iron Boulder|Iron Boulder, L77|265/265\n|turn|14\n|inactive|Time left: 300 sec this turn | 300 sec total\n|\n|t:|1783558243\n|move|p1a: Iron Boulder|Close Combat|p2a: Moltres\n|-damage|p2a: Moltres|0 fnt\n|-unboost|p1a: Iron Boulder|def|1\n|-unboost|p1a: Iron Boulder|spd|1\n|faint|p2a: Moltres\n|-damage|p1a: Iron Boulder|239/265|[from] item: Life Orb\n|\n|upkeep\n|\n|t:|1783558244\n|switch|p2a: Flapple|Flapple, L88, F|100/100\n|-damage|p2a: Flapple|84/100|[from] Spikes\n|-damage|p2a: Flapple|72/100|[from] Stealth Rock\n|turn|15\n|inactive|Time left: 300 sec this turn | 300 sec total\n|\n|t:|1783558245\n|move|p1a: Iron Boulder|Mighty Cleave|p2a: Flapple\n|-damage|p2a: Flapple|23/100\n|-damage|p1a: Iron Boulder|213/265|[from] item: Life Orb\n|move|p2a: Flapple|Outrage|p1a: Iron Boulder\n|-damage|p1a: Iron Boulder|0 fnt\n|faint|p1a: Iron Boulder\n|-end|p1a: Iron Boulder|Quark Drive|[silent]\n|\n|upkeep\n|inactive|Time left: 300 sec this turn | 300 sec total | 5 sec grace\n|\n|t:|1783558246\n|switch|p1a: Samurott|Samurott-Hisui, L77, M|265/265\n|turn|16\n|inactive|Time left: 300 sec this turn | 300 sec total\n|\n|t:|1783558247\n|move|p1a: Samurott|Ceaseless Edge|p2a: Flapple|[miss]\n|-miss|p1a: Samurott|p2a: Flapple\n|move|p2a: Flapple|Outrage|p1a: Samurott|[from] lockedmove\n|-damage|p1a: Samurott|18/265\n|\n|upkeep\n|turn|17\n|inactive|Time left: 300 sec this turn | 300 sec total\n|\n|t:|1783558248\n|move|p1a: Samurott|Ceaseless Edge|p2a: Flapple|[miss]\n|-miss|p1a: Samurott|p2a: Flapple\n|move|p2a: Flapple|Outrage|p1a: Samurott|[from] lockedmove\n|-damage|p1a: Samurott|0 fnt\n|faint|p1a: Samurott\n|-start|p2a: Flapple|confusion|[fatigue]\n|\n|upkeep\n|inactive|Time left: 300 sec this turn | 300 sec total | 5 sec grace\n|\n|t:|1783558249\n|switch|p1a: Orthworm|Orthworm, L88, M|266/266\n|turn|18\n|inactive|Time left: 300 sec this turn | 300 sec total\n|\n|t:|1783558251\n|-activate|p2a: Flapple|confusion\n|-damage|p2a: Flapple|8/100|[from] confusion\n|move|p1a: Orthworm|Coil|p1a: Orthworm\n|-boost|p1a: Orthworm|atk|1\n|-boost|p1a: Orthworm|def|1\n|-boost|p1a: Orthworm|accuracy|1\n|\n|upkeep\n|turn|19\n|inactive|Time left: 300 sec this turn | 300 sec total\n|\n|t:|1783558252\n|-activate|p2a: Flapple|confusion\n|-damage|p2a: Flapple|0 fnt|[from] confusion\n|faint|p2a: Flapple\n|move|p1a: Orthworm|Coil|p1a: Orthworm\n|-boost|p1a: Orthworm|atk|1\n|-boost|p1a: Orthworm|def|1\n|-boost|p1a: Orthworm|accuracy|1\n|\n|upkeep\n|\n|t:|1783558253\n|switch|p2a: Ribombee|Ribombee, L83, F|100/100\n|turn|20\n|inactive|Time left: 300 sec this turn | 300 sec total\n|\n|t:|1783558254\n|switch|p2a: Perrserker|Perrserker, L89, F|23/100 brn\n|-damage|p2a: Perrserker|6/100 brn|[from] Spikes\n|-damage|p2a: Perrserker|0 fnt|[from] Stealth Rock\n|faint|p2a: Perrserker\n|move|p1a: Orthworm|Iron Tail|p2: Perrserker|[notarget]\n|-fail|p1a: Orthworm\n|\n|upkeep\n|\n|t:|1783558255\n|switch|p2a: Ribombee|Ribombee, L83, F|100/100\n|turn|21\n|inactive|Time left: 300 sec this turn | 300 sec total\n|\n|t:|1783558256\n|move|p2a: Ribombee|Stun Spore|p1a: Orthworm\n|-status|p1a: Orthworm|par\n|cant|p1a: Orthworm|par\n|\n|upkeep\n|turn|22\n|inactive|Time left: 300 sec this turn | 300 sec total\n|\n|t:|1783558257\n|move|p2a: Ribombee|Sticky Web|p1a: Orthworm\n|-sidestart|p1: p0x1638bb74|move: Sticky Web\n|move|p1a: Orthworm|Iron Tail|p2a: Ribombee\n|-supereffective|p2a: Ribombee\n|-damage|p2a: Ribombee|0 fnt\n|faint|p2a: Ribombee\n|\n|upkeep\n|\n|t:|1783558258\n|switch|p2a: Sudowoodo|Sudowoodo, L94, M|100/100\n|-damage|p2a: Sudowoodo|84/100|[from] Spikes\n|-damage|p2a: Sudowoodo|72/100|[from] Stealth Rock\n|turn|23\n|inactive|Time left: 300 sec this turn | 300 sec total\n|\n|t:|1783558259\n|-terastallize|p2a: Sudowoodo|Rock\n|move|p2a: Sudowoodo|Earthquake|p1a: Orthworm\n|-immune|p1a: Orthworm|[from] ability: Earth Eater\n|move|p1a: Orthworm|Body Press|p2a: Sudowoodo\n|-supereffective|p2a: Sudowoodo\n|-crit|p2a: Sudowoodo\n|-damage|p2a: Sudowoodo|0 fnt\n|faint|p2a: Sudowoodo\n|\n|win|p0x1638bb74", "uploadtime": 1783558259, "views": 0, "rating": 0, "private": 0, "password": null, "_winner": "p0x1638bb74", "_our_name": "p0x1638bb74"}