{"id": "battle-gen9randombattle-1144", "formatid": "gen9randombattle", "format": "[Gen 9] Random Battle", "players": ["p0x11448c04", "p0y1144e39c"], "log": "|init|battle\n|title|p0x11448c04 vs. p0y1144e39c\n|j|\u2606p0x11448c04\n|j|\u2606p0y1144e39c\n|t:|1783552399\n|gametype|singles\n|player|p1|p0x11448c04|170|\n|player|p2|p0y1144e39c|101|\n|gen|9\n|tier|[Gen 9] Random Battle\n|rule|Species Clause: Limit one of each Pok\u00e9mon\n|rule|HP Percentage Mod: HP is shown in percentages\n|rule|Sleep Clause Mod: Limit one foe put to sleep\n|rule|Illusion Level Mod: Illusion disguises the Pok\u00e9mon's true level\n|\n|t:|1783552399\n|teamsize|p1|6\n|teamsize|p2|6\n|start\n|switch|p1a: Sinistcha|Sinistcha-Masterpiece, L83|100/100\n|switch|p2a: Wyrdeer|Wyrdeer, L87, F|321/321\n|-ability|p2a: Wyrdeer|Intimidate|boost\n|-unboost|p1a: Sinistcha|atk|1\n|turn|1\n|inactive|Battle timer is ON: inactive players will automatically lose when time's up. (requested by p0x11448c04)\n|inactive|Time left: 300 sec this turn | 300 sec total | 60 sec grace\n|inactive|p0y1144e39c also wants the timer to be on.\n|\n|t:|1783552400\n|move|p1a: Sinistcha|Calm Mind|p1a: Sinistcha\n|-boost|p1a: Sinistcha|spa|1\n|-boost|p1a: Sinistcha|spd|1\n|move|p2a: Wyrdeer|Psychic Noise|p1a: Sinistcha\n|-damage|p1a: Sinistcha|76/100\n|-start|p1a: Sinistcha|move: Heal Block\n|\n|upkeep\n|turn|2\n|inactive|Time left: 300 sec this turn | 300 sec total\n|\n|t:|1783552401\n|move|p1a: Sinistcha|Calm Mind|p1a: Sinistcha\n|-boost|p1a: Sinistcha|spa|1\n|-boost|p1a: Sinistcha|spd|1\n|move|p2a: Wyrdeer|Psychic Noise|p1a: Sinistcha\n|-damage|p1a: Sinistcha|57/100\n|\n|-end|p1a: Sinistcha|move: Heal Block\n|upkeep\n|turn|3\n|inactive|Time left: 300 sec this turn | 300 sec total\n|\n|t:|1783552402\n|move|p1a: Sinistcha|Matcha Gotcha|p2a: Wyrdeer\n|-damage|p2a: Wyrdeer|173/321\n|-heal|p1a: Sinistcha|86/100|[from] drain|[of] p2a: Wyrdeer\n|move|p2a: Wyrdeer|Psychic Noise|p1a: Sinistcha\n|-damage|p1a: Sinistcha|68/100\n|-start|p1a: Sinistcha|move: Heal Block\n|\n|upkeep\n|turn|4\n|inactive|Time left: 300 sec this turn | 300 sec total\n|\n|t:|1783552403\n|move|p1a: Sinistcha|Calm Mind|p1a: Sinistcha\n|-boost|p1a: Sinistcha|spa|1\n|-boost|p1a: Sinistcha|spd|1\n|move|p2a: Wyrdeer|Megahorn|p1a: Sinistcha\n|-damage|p1a: Sinistcha|34/100\n|\n|-end|p1a: Sinistcha|move: Heal Block\n|upkeep\n|turn|5\n|inactive|Time left: 300 sec this turn | 300 sec total\n|\n|t:|1783552404\n|switch|p2a: Zebstrika|Zebstrika, L87, M|272/272\n|move|p1a: Sinistcha|Matcha Gotcha|p2a: Zebstrika\n|-ability|p2a: Zebstrika|Sap Sipper|boost\n|-boost|p2a: Zebstrika|atk|1\n|\n|-heal|p1a: Sinistcha|40/100|[from] item: Leftovers\n|upkeep\n|turn|6\n|inactive|Time left: 300 sec this turn | 300 sec total\n|\n|t:|1783552405\n|move|p2a: Zebstrika|Supercell Slam|p1a: Sinistcha\n|-resisted|p1a: Sinistcha\n|-damage|p1a: Sinistcha|2/100\n|-damage|p2a: Zebstrika|245/272|[from] item: Life Orb\n|move|p1a: Sinistcha|Shadow Ball|p2a: Zebstrika\n|-damage|p2a: Zebstrika|0 fnt\n|faint|p2a: Zebstrika\n|\n|-heal|p1a: Sinistcha|8/100|[from] item: Leftovers\n|upkeep\n|inactive|Time left: 300 sec this turn | 300 sec total | 5 sec grace\n|\n|t:|1783552406\n|switch|p2a: Necrozma|Necrozma, L80|286/286\n|turn|7\n|inactive|Time left: 300 sec this turn | 300 sec total\n|\n|t:|1783552407\n|move|p2a: Necrozma|Photon Geyser|p1a: Sinistcha\n|-crit|p1a: Sinistcha\n|-damage|p1a: Sinistcha|0 fnt\n|faint|p1a: Sinistcha\n|\n|upkeep\n|\n|t:|1783552407\n|switch|p1a: Polteageist|Polteageist, L78|100/100\n|turn|8\n|inactive|Time left: 300 sec this turn | 300 sec total\n|\n|t:|1783552408\n|move|p2a: Necrozma|Calm Mind|p2a: Necrozma\n|-boost|p2a: Necrozma|spa|1\n|-boost|p2a: Necrozma|spd|1\n|move|p1a: Polteageist|Shell Smash|p1a: Polteageist\n|-unboost|p1a: Polteageist|def|1\n|-unboost|p1a: Polteageist|spd|1\n|-boost|p1a: Polteageist|atk|2\n|-boost|p1a: Polteageist|spa|2\n|-boost|p1a: Polteageist|spe|2\n|-enditem|p1a: Polteageist|White Herb\n|-clearnegativeboost|p1a: Polteageist|[silent]\n|\n|upkeep\n|turn|9\n|inactive|Time left: 300 sec this turn | 300 sec total\n|\n|t:|1783552409\n|-terastallize|p2a: Necrozma|Steel\n|move|p1a: Polteageist|Shadow Ball|p2a: Necrozma\n|-damage|p2a: Necrozma|148/286\n|move|p2a: Necrozma|Photon Geyser|p1a: Polteageist\n|-damage|p1a: Polteageist|26/100\n|-start|p2a: Necrozma|Disable|Photon Geyser|[from] ability: Cursed Body|[of] p1a: Polteageist\n|\n|-heal|p2a: Necrozma|165/286|[from] item: Leftovers\n|upkeep\n|turn|10\n|inactive|Time left: 300 sec this turn | 300 sec total\n|\n|t:|1783552410\n|move|p1a: Polteageist|Strength Sap|p2a: Necrozma\n|-unboost|p2a: Necrozma|atk|1\n|-heal|p1a: Polteageist|100/100\n|move|p2a: Necrozma|Heat Wave|p1a: Polteageist\n|-damage|p1a: Polteageist|58/100\n|\n|-heal|p2a: Necrozma|182/286|[from] item: Leftovers\n|upkeep\n|turn|11\n|inactive|Time left: 300 sec this turn | 300 sec total\n|\n|t:|1783552411\n|-terastallize|p1a: Polteageist|Fighting\n|move|p1a: Polteageist|Tera Blast|p2a: Necrozma|[anim] Tera Blast Fighting\n|-supereffective|p2a: Necrozma\n|-crit|p2a: Necrozma\n|-damage|p2a: Necrozma|0 fnt\n|faint|p2a: Necrozma\n|\n|upkeep\n|inactive|Time left: 300 sec this turn | 300 sec total | 5 sec grace\n|\n|t:|1783552412\n|switch|p2a: Wyrdeer|Wyrdeer, L87, F|173/321\n|-ability|p2a: Wyrdeer|Intimidate|boost\n|-unboost|p1a: Polteageist|atk|1\n|turn|12\n|inactive|Time left: 300 sec this turn | 300 sec total\n|\n|t:|1783552413\n|move|p1a: Polteageist|Strength Sap|p2a: Wyrdeer\n|-unboost|p2a: Wyrdeer|atk|1\n|-heal|p1a: Polteageist|100/100\n|move|p2a: Wyrdeer|Psychic Noise|p1a: Polteageist\n|-supereffective|p1a: Polteageist\n|-damage|p1a: Polteageist|30/100\n|-start|p1a: Polteageist|move: Heal Block\n|\n|upkeep\n|turn|13\n|inactive|Time left: 300 sec this turn | 300 sec total\n|\n|t:|1783552414\n|move|p1a: Polteageist|Tera Blast|p2a: Wyrdeer|[anim] Tera Blast Fighting\n|-damage|p2a: Wyrdeer|40/321\n|move|p2a: Wyrdeer|Psychic Noise|p1a: Polteageist\n|-supereffective|p1a: Polteageist\n|-damage|p1a: Polteageist|0 fnt\n|faint|p1a: Polteageist\n|\n|upkeep\n|\n|t:|1783552415\n|switch|p1a: Suicune|Suicune, L82|100/100\n|-ability|p1a: Suicune|Pressure\n|turn|14\n|inactive|Time left: 300 sec this turn | 300 sec total\n|\n|t:|1783552417\n|switch|p2a: Revavroom|Revavroom, L79, F|256/256\n|move|p1a: Suicune|Calm Mind|p1a: Suicune\n|-boost|p1a: Suicune|spa|1\n|-boost|p1a: Suicune|spd|1\n|\n|upkeep\n|turn|15\n|inactive|Time left: 300 sec this turn | 300 sec total\n|\n|t:|1783552417\n|switch|p2a: Brute Bonnet|Brute Bonnet, L80|309/309\n|move|p1a: Suicune|Scald|p2a: Brute Bonnet\n|-resisted|p2a: Brute Bonnet\n|-damage|p2a: Brute Bonnet|251/309\n|-status|p2a: Brute Bonnet|brn\n|\n|-heal|p2a: Brute Bonnet|270/309 brn|[from] item: Leftovers\n|-damage|p2a: Brute Bonnet|251/309 brn|[from] brn\n|upkeep\n|turn|16\n|inactive|Time left: 300 sec this turn | 300 sec total\n|\n|t:|1783552418\n|move|p1a: Suicune|Substitute|p1a: Suicune\n|-start|p1a: Suicune|Substitute\n|-damage|p1a: Suicune|76/100\n|move|p2a: Brute Bonnet|Spore||[still]\n|-fail|p2a: Brute Bonnet\n|\n|-heal|p1a: Suicune|82/100|[from] item: Leftovers\n|-heal|p2a: Brute Bonnet|270/309 brn|[from] item: Leftovers\n|-damage|p2a: Brute Bonnet|251/309 brn|[from] brn\n|upkeep\n|turn|17\n|inactive|Time left: 300 sec this turn | 300 sec total\n|\n|t:|1783552419\n|move|p1a: Suicune|Calm Mind|p1a: Suicune\n|-boost|p1a: Suicune|spa|1\n|-boost|p1a: Suicune|spd|1\n|move|p2a: Brute Bonnet|Seed Bomb|p1a: Suicune\n|-supereffective|p1a: Suicune\n|-end|p1a: Suicune|Substitute\n|\n|-heal|p1a: Suicune|88/100|[from] item: Leftovers\n|-heal|p2a: Brute Bonnet|270/309 brn|[from] item: Leftovers\n|-damage|p2a: Brute Bonnet|251/309 brn|[from] brn\n|upkeep\n|turn|18\n|inactive|Time left: 300 sec this turn | 300 sec total\n|\n|t:|1783552420\n|move|p1a: Suicune|Substitute|p1a: Suicune\n|-start|p1a: Suicune|Substitute\n|-damage|p1a: Suicune|63/100\n|move|p2a: Brute Bonnet|Spore||[still]\n|-fail|p2a: Brute Bonnet\n|\n|-heal|p1a: Suicune|69/100|[from] item: Leftovers\n|-heal|p2a: Brute Bonnet|270/309 brn|[from] item: Leftovers\n|-damage|p2a: Brute Bonnet|251/309 brn|[from] brn\n|upkeep\n|turn|19\n|inactive|Time left: 300 sec this turn | 300 sec total\n|\n|t:|1783552421\n|move|p1a: Suicune|Calm Mind|p1a: Suicune\n|-boost|p1a: Suicune|spa|1\n|-boost|p1a: Suicune|spd|1\n|move|p2a: Brute Bonnet|Seed Bomb|p1a: Suicune\n|-supereffective|p1a: Suicune\n|-end|p1a: Suicune|Substitute\n|\n|-heal|p1a: Suicune|75/100|[from] item: Leftovers\n|-heal|p2a: Brute Bonnet|270/309 brn|[from] item: Leftovers\n|-damage|p2a: Brute Bonnet|251/309 brn|[from] brn\n|upkeep\n|turn|20\n|inactive|Time left: 300 sec this turn | 300 sec total\n|\n|t:|1783552422\n|move|p1a: Suicune|Ice Beam|p2a: Brute Bonnet\n|-supereffective|p2a: Brute Bonnet\n|-damage|p2a: Brute Bonnet|0 fnt\n|faint|p2a: Brute Bonnet\n|-end|p2a: Brute Bonnet|Protosynthesis|[silent]\n|\n|-heal|p1a: Suicune|81/100|[from] item: Leftovers\n|upkeep\n|inactive|Time left: 300 sec this turn | 300 sec total | 5 sec grace\n|\n|t:|1783552423\n|switch|p2a: Wyrdeer|Wyrdeer, L87, F|40/321\n|-ability|p2a: Wyrdeer|Intimidate|boost\n|-unboost|p1a: Suicune|atk|1\n|turn|21\n|inactive|Time left: 300 sec this turn | 300 sec total\n|\n|t:|1783552424\n|switch|p2a: Phione|Phione, L91|293/293\n|move|p1a: Suicune|Scald|p2a: Phione\n|-resisted|p2a: Phione\n|-damage|p2a: Phione|201/293\n|\n|-heal|p2a: Phione|219/293|[from] item: Leftovers\n|-heal|p1a: Suicune|87/100|[from] item: Leftovers\n|upkeep\n|turn|22\n|inactive|Time left: 300 sec this turn | 300 sec total\n|\n|t:|1783552425\n|move|p2a: Phione|Scald|p1a: Suicune\n|-resisted|p1a: Suicune\n|-damage|p1a: Suicune|82/100\n|move|p1a: Suicune|Scald|p2a: Phione\n|-resisted|p2a: Phione\n|-damage|p2a: Phione|132/293\n|\n|-heal|p2a: Phione|150/293|[from] item: Leftovers\n|-heal|p1a: Suicune|88/100|[from] item: Leftovers\n|upkeep\n|turn|23\n|inactive|Time left: 300 sec this turn | 300 sec total\n|\n|t:|1783552426\n|move|p2a: Phione|Rest|p2a: Phione\n|-status|p2a: Phione|slp|[from] move: Rest\n|-heal|p2a: Phione|293/293 slp|[silent]\n|move|p1a: Suicune|Scald|p2a: Phione\n|-resisted|p2a: Phione\n|-damage|p2a: Phione|206/293 slp\n|\n|-heal|p2a: Phione|224/293 slp|[from] item: Leftovers\n|-heal|p1a: Suicune|94/100|[from] item: Leftovers\n|upkeep\n|turn|24\n|inactive|Time left: 300 sec this turn | 300 sec total\n|\n|t:|1783552427\n|cant|p2a: Phione|slp\n|move|p1a: Suicune|Scald|p2a: Phione\n|-resisted|p2a: Phione\n|-damage|p2a: Phione|132/293 slp\n|\n|-heal|p2a: Phione|150/293 slp|[from] item: Leftovers\n|-heal|p1a: Suicune|99/100|[from] item: Leftovers\n|upkeep\n|turn|25\n|inactive|Time left: 300 sec this turn | 300 sec total\n|\n|t:|1783552428\n|cant|p2a: Phione|slp\n|move|p1a: Suicune|Scald|p2a: Phione\n|-resisted|p2a: Phione\n|-damage|p2a: Phione|57/293 slp\n|\n|-heal|p2a: Phione|75/293 slp|[from] item: Leftovers\n|-heal|p1a: Suicune|100/100|[from] item: Leftovers\n|upkeep\n|turn|26\n|inactive|Time left: 300 sec this turn | 300 sec total\n|\n|t:|1783552429\n|-curestatus|p2a: Phione|slp|[msg]\n|move|p2a: Phione|Rest|p2a: Phione\n|-status|p2a: Phione|slp|[from] move: Rest\n|-heal|p2a: Phione|293/293 slp|[silent]\n|move|p1a: Suicune|Scald|p2a: Phione\n|-resisted|p2a: Phione\n|-damage|p2a: Phione|198/293 slp\n|\n|-heal|p2a: Phione|216/293 slp|[from] item: Leftovers\n|upkeep\n|turn|27\n|inactive|Time left: 300 sec this turn | 300 sec total\n|\n|t:|1783552430\n|cant|p2a: Phione|slp\n|move|p1a: Suicune|Scald|p2a: Phione\n|-resisted|p2a: Phione\n|-damage|p2a: Phione|121/293 slp\n|\n|-heal|p2a: Phione|139/293 slp|[from] item: Leftovers\n|upkeep\n|turn|28\n|inactive|Time left: 300 sec this turn | 300 sec total\n|\n|t:|1783552431\n|cant|p2a: Phione|slp\n|move|p1a: Suicune|Scald|p2a: Phione\n|-resisted|p2a: Phione\n|-damage|p2a: Phione|43/293 slp\n|\n|-heal|p2a: Phione|61/293 slp|[from] item: Leftovers\n|upkeep\n|turn|29\n|inactive|Time left: 300 sec this turn | 300 sec total\n|\n|t:|1783552432\n|-curestatus|p2a: Phione|slp|[msg]\n|move|p2a: Phione|Rest|p2a: Phione\n|-status|p2a: Phione|slp|[from] move: Rest\n|-heal|p2a: Phione|293/293 slp|[silent]\n|move|p1a: Suicune|Substitute|p1a: Suicune\n|-start|p1a: Suicune|Substitute\n|-damage|p1a: Suicune|76/100\n|\n|-heal|p1a: Suicune|82/100|[from] item: Leftovers\n|upkeep\n|turn|30\n|inactive|Time left: 300 sec this turn | 300 sec total\n|\n|t:|1783552433\n|cant|p2a: Phione|slp\n|move|p2a: Phione|Sleep Talk|p2a: Phione\n|move|p2a: Phione|Rest||[from] move: Sleep Talk|[still]\n|-fail|p2a: Phione\n|move|p1a: Suicune|Scald|p2a: Phione\n|-resisted|p2a: Phione\n|-damage|p2a: Phione|193/293 slp\n|\n|-heal|p2a: Phione|211/293 slp|[from] item: Leftovers\n|-heal|p1a: Suicune|88/100|[from] item: Leftovers\n|upkeep\n|turn|31\n|inactive|Time left: 300 sec this turn | 300 sec total\n|\n|t:|1783552434\n|cant|p2a: Phione|slp\n|move|p1a: Suicune|Scald|p2a: Phione\n|-resisted|p2a: Phione\n|-damage|p2a: Phione|119/293 slp\n|\n|-heal|p2a: Phione|137/293 slp|[from] item: Leftovers\n|-heal|p1a: Suicune|94/100|[from] item: Leftovers\n|upkeep\n|turn|32\n|inactive|Time left: 300 sec this turn | 300 sec total\n|\n|t:|1783552435\n|-curestatus|p2a: Phione|slp|[msg]\n|move|p2a: Phione|Rest|p2a: Phione\n|-status|p2a: Phione|slp|[from] move: Rest\n|-heal|p2a: Phione|293/293 slp|[silent]\n|move|p1a: Suicune|Scald|p2a: Phione\n|-resisted|p2a: Phione\n|-damage|p2a: Phione|198/293 slp\n|\n|-heal|p2a: Phione|216/293 slp|[from] item: Leftovers\n|-heal|p1a: Suicune|99/100|[from] item: Leftovers\n|upkeep\n|turn|33\n|inactive|Time left: 300 sec this turn | 300 sec total\n|\n|t:|1783552436\n|cant|p2a: Phione|slp\n|move|p1a: Suicune|Scald|p2a: Phione\n|-resisted|p2a: Phione\n|-damage|p2a: Phione|126/293 slp\n|\n|-heal|p2a: Phione|144/293 slp|[from] item: Leftovers\n|-heal|p1a: Suicune|100/100|[from] item: Leftovers\n|upkeep\n|turn|34\n|inactive|Time left: 300 sec this turn | 300 sec total\n|\n|t:|1783552437\n|cant|p2a: Phione|slp\n|move|p1a: Suicune|Scald|p2a: Phione\n|-resisted|p2a: Phione\n|-damage|p2a: Phione|46/293 slp\n|\n|-heal|p2a: Phione|64/293 slp|[from] item: Leftovers\n|upkeep\n|turn|35\n|inactive|Time left: 300 sec this turn | 300 sec total\n|\n|t:|1783552438\n|-curestatus|p2a: Phione|slp|[msg]\n|move|p2a: Phione|Rest|p2a: Phione\n|-status|p2a: Phione|slp|[from] move: Rest\n|-heal|p2a: Phione|293/293 slp|[silent]\n|move|p1a: Suicune|Scald|p2a: Phione\n|-resisted|p2a: Phione\n|-damage|p2a: Phione|197/293 slp\n|\n|-heal|p2a: Phione|215/293 slp|[from] item: Leftovers\n|upkeep\n|turn|36\n|inactive|Time left: 300 sec this turn | 300 sec total\n|\n|t:|1783552439\n|cant|p2a: Phione|slp\n|move|p1a: Suicune|Scald|p2a: Phione\n|-resisted|p2a: Phione\n|-damage|p2a: Phione|125/293 slp\n|\n|-heal|p2a: Phione|143/293 slp|[from] item: Leftovers\n|upkeep\n|turn|37\n|inactive|Time left: 300 sec this turn | 300 sec total\n|\n|t:|1783552440\n|cant|p2a: Phione|slp\n|move|p1a: Suicune|Scald|p2a: Phione\n|-resisted|p2a: Phione\n|-damage|p2a: Phione|47/293 slp\n|\n|-heal|p2a: Phione|65/293 slp|[from] item: Leftovers\n|upkeep\n|turn|38\n|inactive|Time left: 300 sec this turn | 300 sec total\n|\n|t:|1783552442\n|-curestatus|p2a: Phione|slp|[msg]\n|move|p2a: Phione|Rest|p2a: Phione\n|-status|p2a: Phione|slp|[from] move: Rest\n|-heal|p2a: Phione|293/293 slp|[silent]\n|move|p1a: Suicune|Scald|p2a: Phione\n|-resisted|p2a: Phione\n|-damage|p2a: Phione|201/293 slp\n|\n|-heal|p2a: Phione|219/293 slp|[from] item: Leftovers\n|upkeep\n|turn|39\n|inactive|Time left: 300 sec this turn | 300 sec total\n|\n|t:|1783552443\n|cant|p2a: Phione|slp\n|move|p2a: Phione|Sleep Talk|p2a: Phione\n|move|p2a: Phione|Take Heart|p2a: Phione|[from] move: Sleep Talk\n|-boost|p2a: Phione|spa|1\n|-boost|p2a: Phione|spd|1\n|-curestatus|p2a: Phione|slp|[msg]\n|move|p1a: Suicune|Scald|p2a: Phione\n|-resisted|p2a: Phione\n|-damage|p2a: Phione|157/293\n|-status|p2a: Phione|brn\n|\n|-heal|p2a: Phione|175/293 brn|[from] item: Leftovers\n|-damage|p2a: Phione|157/293 brn|[from] brn\n|upkeep\n|turn|40\n|inactive|Time left: 300 sec this turn | 300 sec total\n|\n|t:|1783552444\n|move|p2a: Phione|Rest|p2a: Phione\n|-status|p2a: Phione|slp|[from] move: Rest\n|-heal|p2a: Phione|293/293 slp|[silent]\n|move|p1a: Suicune|Scald|p2a: Phione\n|-resisted|p2a: Phione\n|-damage|p2a: Phione|232/293 slp\n|\n|-heal|p2a: Phione|250/293 slp|[from] item: Leftovers\n|upkeep\n|turn|41\n|inactive|Time left: 300 sec this turn | 300 sec total\n|\n|t:|1783552445\n|cant|p2a: Phione|slp\n|move|p1a: Suicune|Calm Mind|p1a: Suicune\n|-boost|p1a: Suicune|spa|1\n|-boost|p1a: Suicune|spd|1\n|\n|-heal|p2a: Phione|268/293 slp|[from] item: Leftovers\n|upkeep\n|turn|42\n|inactive|Time left: 300 sec this turn | 300 sec total\n|\n|t:|1783552446\n|cant|p2a: Phione|slp\n|move|p1a: Suicune|Scald|p2a: Phione\n|-resisted|p2a: Phione\n|-damage|p2a: Phione|191/293 slp\n|\n|-heal|p2a: Phione|209/293 slp|[from] item: Leftovers\n|upkeep\n|turn|43\n|inactive|Time left: 300 sec this turn | 300 sec total\n|\n|t:|1783552447\n|-curestatus|p2a: Phione|slp|[msg]\n|move|p2a: Phione|Scald|p1a: Suicune\n|-resisted|p1a: Suicune\n|-activate|p1a: Suicune|move: Substitute|[damage]\n|move|p1a: Suicune|Scald|p2a: Phione\n|-resisted|p2a: Phione\n|-damage|p2a: Phione|137/293\n|\n|-heal|p2a: Phione|155/293|[from] item: Leftovers\n|upkeep\n|turn|44\n|inactive|Time left: 300 sec this turn | 300 sec total\n|\n|t:|1783552448\n|move|p2a: Phione|Rest|p2a: Phione\n|-status|p2a: Phione|slp|[from] move: Rest\n|-heal|p2a: Phione|293/293 slp|[silent]\n|move|p1a: Suicune|Scald|p2a: Phione\n|-resisted|p2a: Phione\n|-damage|p2a: Phione|213/293 slp\n|\n|-heal|p2a: Phione|231/293 slp|[from] item: Leftovers\n|upkeep\n|turn|45\n|inactive|Time left: 300 sec this turn | 300 sec total\n|\n|t:|1783552449\n|cant|p2a: Phione|slp\n|move|p1a: Suicune|Ice Beam|p2a: Phione\n|-resisted|p2a: Phione\n|-damage|p2a: Phione|179/293 slp\n|\n|-heal|p2a: Phione|197/293 slp|[from] item: Leftovers\n|upkeep\n|turn|46\n|inactive|Time left: 300 sec this turn | 300 sec total\n|\n|t:|1783552450\n|cant|p2a: Phione|slp\n|move|p2a: Phione|Sleep Talk|p2a: Phione\n|move|p2a: Phione|Take Heart|p2a: Phione|[from] move: Sleep Talk\n|-boost|p2a: Phione|spa|1\n|-boost|p2a: Phione|spd|1\n|-curestatus|p2a: Phione|slp|[msg]\n|move|p1a: Suicune|Ice Beam|p2a: Phione\n|-resisted|p2a: Phione\n|-damage|p2a: Phione|157/293\n|\n|-heal|p2a: Phione|175/293|[from] item: Leftovers\n|upkeep\n|turn|47\n|inactive|Time left: 300 sec this turn | 300 sec total\n|\n|t:|1783552452\n|move|p2a: Phione|Scald|p1a: Suicune\n|-resisted|p1a: Suicune\n|-activate|p1a: Suicune|move: Substitute|[damage]\n|move|p1a: Suicune|Ice Beam|p2a: Phione\n|-resisted|p2a: Phione\n|-damage|p2a: Phione|135/293\n|\n|-heal|p2a: Phione|153/293|[from] item: Leftovers\n|upkeep\n|turn|48\n|inactive|Time left: 300 sec this turn | 300 sec total\n|\n|t:|1783552453\n|move|p2a: Phione|Sleep Talk||[still]\n|-fail|p2a: Phione\n|move|p1a: Suicune|Calm Mind|p1a: Suicune\n|-boost|p1a: Suicune|spa|1\n|-boost|p1a: Suicune|spd|1\n|\n|-heal|p2a: Phione|171/293|[from] item: Leftovers\n|upkeep\n|turn|49\n|inactive|Time left: 300 sec this turn | 300 sec total\n|\n|t:|1783552454\n|move|p2a: Phione|Sleep Talk||[still]\n|-fail|p2a: Phione\n|move|p1a: Suicune|Ice Beam|p2a: Phione\n|-resisted|p2a: Phione\n|-damage|p2a: Phione|124/293\n|\n|-heal|p2a: Phione|142/293|[from] item: Leftovers\n|upkeep\n|turn|50\n|inactive|Time left: 300 sec this turn | 300 sec total\n|\n|t:|1783552455\n|move|p2a: Phione|Sleep Talk||[still]\n|-fail|p2a: Phione\n|move|p1a: Suicune|Ice Beam|p2a: Phione\n|-resisted|p2a: Phione\n|-damage|p2a: Phione|91/293\n|\n|-heal|p2a: Phione|109/293|[from] item: Leftovers\n|upkeep\n|turn|51\n|inactive|Time left: 300 sec this turn | 300 sec total\n|\n|t:|1783552456\n|move|p2a: Phione|Scald|p1a: Suicune\n|-resisted|p1a: Suicune\n|-activate|p1a: Suicune|move: Substitute|[damage]\n|move|p1a: Suicune|Ice Beam|p2a: Phione\n|-resisted|p2a: Phione\n|-damage|p2a: Phione|61/293\n|\n|-heal|p2a: Phione|79/293|[from] item: Leftovers\n|upkeep\n|turn|52\n|inactive|Time left: 300 sec this turn | 300 sec total\n|\n|t:|1783552457\n|move|p2a: Phione|Take Heart|p2a: Phione\n|-boost|p2a: Phione|spa|1\n|-boost|p2a: Phione|spd|1\n|move|p1a: Suicune|Ice Beam|p2a: Phione\n|-resisted|p2a: Phione\n|-damage|p2a: Phione|42/293\n|\n|-heal|p2a: Phione|60/293|[from] item: Leftovers\n|upkeep\n|turn|53\n|inactive|Time left: 300 sec this turn | 300 sec total\n|\n|t:|1783552458\n|move|p2a: Phione|Take Heart|p2a: Phione\n|-boost|p2a: Phione|spa|1\n|-boost|p2a: Phione|spd|1\n|move|p1a: Suicune|Ice Beam|p2a: Phione\n|-resisted|p2a: Phione\n|-damage|p2a: Phione|26/293\n|-status|p2a: Phione|frz\n|\n|-heal|p2a: Phione|44/293 frz|[from] item: Leftovers\n|upkeep\n|turn|54\n|inactive|Time left: 300 sec this turn | 300 sec total\n|\n|t:|1783552459\n|cant|p2a: Phione|frz\n|move|p1a: Suicune|Ice Beam|p2a: Phione\n|-resisted|p2a: Phione\n|-damage|p2a: Phione|13/293 frz\n|\n|-heal|p2a: Phione|31/293 frz|[from] item: Leftovers\n|upkeep\n|turn|55\n|inactive|Time left: 300 sec this turn | 300 sec total\n|\n|t:|1783552460\n|-curestatus|p2a: Phione|frz|[msg]\n|move|p2a: Phione|Sleep Talk||[still]\n|-fail|p2a: Phione\n|move|p1a: Suicune|Ice Beam|p2a: Phione\n|-resisted|p2a: Phione\n|-damage|p2a: Phione|0 fnt\n|faint|p2a: Phione\n|\n|upkeep\n|inactive|Time left: 300 sec this turn | 300 sec total | 5 sec grace\n|\n|t:|1783552461\n|switch|p2a: Revavroom|Revavroom, L79, F|256/256\n|turn|56\n|inactive|Time left: 300 sec this turn | 300 sec total\n|\n|t:|1783552462\n|switch|p2a: Wyrdeer|Wyrdeer, L87, F|40/321\n|-ability|p2a: Wyrdeer|Intimidate|boost\n|-immune|p1a: Suicune\n|move|p1a: Suicune|Scald|p2a: Wyrdeer\n|-damage|p2a: Wyrdeer|0 fnt\n|faint|p2a: Wyrdeer\n|\n|upkeep\n|inactive|Time left: 300 sec this turn | 300 sec total | 5 sec grace\n|\n|t:|1783552463\n|switch|p2a: Revavroom|Revavroom, L79, F|256/256\n|turn|57\n|inactive|Time left: 300 sec this turn | 300 sec total\n|\n|t:|1783552463\n|move|p2a: Revavroom|High Horsepower|p1a: Suicune\n|-end|p1a: Suicune|Substitute\n|-damage|p2a: Revavroom|231/256|[from] item: Life Orb\n|move|p1a: Suicune|Ice Beam|p2a: Revavroom\n|-resisted|p2a: Revavroom\n|-damage|p2a: Revavroom|113/256\n|\n|upkeep\n|turn|58\n|inactive|Time left: 300 sec this turn | 300 sec total\n|\n|t:|1783552464\n|move|p2a: Revavroom|Iron Head|p1a: Suicune\n|-resisted|p1a: Suicune\n|-damage|p1a: Suicune|84/100\n|-damage|p2a: Revavroom|88/256|[from] item: Life Orb\n|move|p1a: Suicune|Ice Beam|p2a: Revavroom\n|-resisted|p2a: Revavroom\n|-damage|p2a: Revavroom|0 fnt\n|faint|p2a: Revavroom\n|\n|win|p0x11448c04", "uploadtime": 1783552464, "views": 0, "rating": 0, "private": 0, "password": null, "_winner": "p0x11448c04", "_our_name": "p0y1144e39c"}