{"id": "battle-gen9randombattle-2812", "formatid": "gen9randombattle", "format": "[Gen 9] Random Battle", "players": ["p0x281202b9", "p0y2812600f"], "log": "|init|battle\n|title|p0x281202b9 vs. p0y2812600f\n|j|\u2606p0x281202b9\n|j|\u2606p0y2812600f\n|t:|1783571406\n|gametype|singles\n|player|p1|p0x281202b9|2|\n|player|p2|p0y2812600f|1|\n|gen|9\n|tier|[Gen 9] Random Battle\n|rule|Species Clause: Limit one of each Pok\u00e9mon\n|rule|HP Percentage Mod: HP is shown in percentages\n|rule|Sleep Clause Mod: Limit one foe put to sleep\n|rule|Illusion Level Mod: Illusion disguises the Pok\u00e9mon's true level\n|\n|t:|1783571406\n|teamsize|p1|6\n|teamsize|p2|6\n|start\n|switch|p1a: Moltres|Moltres-Galar, L79|271/271\n|switch|p2a: Bellossom|Bellossom, L84, F|100/100\n|turn|1\n|inactive|Battle timer is ON: inactive players will automatically lose when time's up. (requested by p0x281202b9)\n|\n|t:|1783571408\n|move|p1a: Moltres|Nasty Plot|p1a: Moltres\n|-boost|p1a: Moltres|spa|2\n|move|p2a: Bellossom|Quiver Dance|p2a: Bellossom\n|-boost|p2a: Bellossom|spa|1\n|-boost|p2a: Bellossom|spd|1\n|-boost|p2a: Bellossom|spe|1\n|\n|upkeep\n|turn|2\n|inactive|Time left: 300 sec this turn | 300 sec total\n|inactive|p0y2812600f also wants the timer to be on.\n|\n|t:|1783571409\n|move|p2a: Bellossom|Quiver Dance|p2a: Bellossom\n|-boost|p2a: Bellossom|spa|1\n|-boost|p2a: Bellossom|spd|1\n|-boost|p2a: Bellossom|spe|1\n|move|p1a: Moltres|Hurricane|p2a: Bellossom\n|-supereffective|p2a: Bellossom\n|-damage|p2a: Bellossom|31/100\n|\n|-heal|p2a: Bellossom|37/100|[from] item: Leftovers\n|upkeep\n|turn|3\n|inactive|Time left: 300 sec this turn | 300 sec total\n|\n|t:|1783571410\n|move|p2a: Bellossom|Strength Sap|p1a: Moltres\n|-unboost|p1a: Moltres|atk|1\n|-heal|p2a: Bellossom|90/100\n|move|p1a: Moltres|Hurricane|p2a: Bellossom|[miss]\n|-miss|p1a: Moltres|p2a: Bellossom\n|\n|-heal|p2a: Bellossom|96/100|[from] item: Leftovers\n|upkeep\n|turn|4\n|inactive|Time left: 300 sec this turn | 300 sec total\n|\n|t:|1783571411\n|switch|p1a: Toxapex|Toxapex, L82, M|216/216\n|move|p2a: Bellossom|Quiver Dance|p2a: Bellossom\n|-boost|p2a: Bellossom|spa|1\n|-boost|p2a: Bellossom|spd|1\n|-boost|p2a: Bellossom|spe|1\n|\n|-heal|p2a: Bellossom|100/100|[from] item: Leftovers\n|upkeep\n|turn|5\n|inactive|Time left: 300 sec this turn | 300 sec total\n|\n|t:|1783571412\n|move|p2a: Bellossom|Giga Drain|p1a: Toxapex\n|-damage|p1a: Toxapex|75/216\n|move|p1a: Toxapex|Haze|p1a: Toxapex\n|-clearallboost\n|\n|upkeep\n|turn|6\n|inactive|Time left: 300 sec this turn | 300 sec total\n|\n|t:|1783571413\n|move|p2a: Bellossom|Quiver Dance|p2a: Bellossom\n|-boost|p2a: Bellossom|spa|1\n|-boost|p2a: Bellossom|spd|1\n|-boost|p2a: Bellossom|spe|1\n|move|p1a: Toxapex|Recover|p1a: Toxapex\n|-heal|p1a: Toxapex|183/216\n|\n|upkeep\n|turn|7\n|inactive|Time left: 300 sec this turn | 300 sec total\n|\n|t:|1783571414\n|move|p2a: Bellossom|Quiver Dance|p2a: Bellossom\n|-boost|p2a: Bellossom|spa|1\n|-boost|p2a: Bellossom|spd|1\n|-boost|p2a: Bellossom|spe|1\n|move|p1a: Toxapex|Haze|p1a: Toxapex\n|-clearallboost\n|\n|upkeep\n|turn|8\n|inactive|Time left: 300 sec this turn | 300 sec total\n|\n|t:|1783571415\n|move|p2a: Bellossom|Quiver Dance|p2a: Bellossom\n|-boost|p2a: Bellossom|spa|1\n|-boost|p2a: Bellossom|spd|1\n|-boost|p2a: Bellossom|spe|1\n|move|p1a: Toxapex|Toxic|p2a: Bellossom\n|-status|p2a: Bellossom|tox\n|\n|-damage|p2a: Bellossom|94/100 tox|[from] psn\n|upkeep\n|turn|9\n|inactive|Time left: 300 sec this turn | 300 sec total\n|\n|t:|1783571416\n|move|p2a: Bellossom|Giga Drain|p1a: Toxapex\n|-damage|p1a: Toxapex|102/216\n|-heal|p2a: Bellossom|100/100 tox|[from] drain|[of] p1a: Toxapex\n|move|p1a: Toxapex|Haze|p1a: Toxapex\n|-clearallboost\n|\n|-damage|p2a: Bellossom|88/100 tox|[from] psn\n|upkeep\n|turn|10\n|inactive|Time left: 300 sec this turn | 300 sec total\n|\n|t:|1783571417\n|move|p2a: Bellossom|Quiver Dance|p2a: Bellossom\n|-boost|p2a: Bellossom|spa|1\n|-boost|p2a: Bellossom|spd|1\n|-boost|p2a: Bellossom|spe|1\n|move|p1a: Toxapex|Recover|p1a: Toxapex\n|-heal|p1a: Toxapex|210/216\n|\n|-heal|p2a: Bellossom|94/100 tox|[from] item: Leftovers\n|-damage|p2a: Bellossom|76/100 tox|[from] psn\n|upkeep\n|turn|11\n|inactive|Time left: 300 sec this turn | 300 sec total\n|\n|t:|1783571418\n|move|p2a: Bellossom|Strength Sap|p1a: Toxapex\n|-unboost|p1a: Toxapex|atk|1\n|-heal|p2a: Bellossom|100/100 tox\n|move|p1a: Toxapex|Haze|p1a: Toxapex\n|-clearallboost\n|\n|-damage|p2a: Bellossom|76/100 tox|[from] psn\n|upkeep\n|turn|12\n|inactive|Time left: 300 sec this turn | 300 sec total\n|\n|t:|1783571418\n|switch|p2a: Bisharp|Bisharp, L79, M|100/100\n|move|p1a: Toxapex|Toxic|p2a: Bisharp\n|-immune|p2a: Bisharp\n|\n|upkeep\n|turn|13\n|inactive|Time left: 300 sec this turn | 300 sec total\n|\n|t:|1783571420\n|move|p2a: Bisharp|Stealth Rock|p1a: Toxapex\n|-sidestart|p1: p0x281202b9|move: Stealth Rock\n|move|p1a: Toxapex|Liquidation|p2a: Bisharp\n|-damage|p2a: Bisharp|84/100\n|\n|upkeep\n|turn|14\n|inactive|Time left: 300 sec this turn | 300 sec total\n|\n|t:|1783571420\n|switch|p2a: Bellossom|Bellossom, L84, F|76/100 tox\n|move|p1a: Toxapex|Liquidation|p2a: Bellossom\n|-resisted|p2a: Bellossom\n|-damage|p2a: Bellossom|66/100 tox\n|\n|-heal|p2a: Bellossom|72/100 tox|[from] item: Leftovers\n|-damage|p2a: Bellossom|66/100 tox|[from] psn\n|upkeep\n|turn|15\n|inactive|Time left: 300 sec this turn | 300 sec total\n|\n|t:|1783571422\n|move|p2a: Bellossom|Strength Sap|p1a: Toxapex\n|-unboost|p1a: Toxapex|atk|1\n|-heal|p2a: Bellossom|100/100 tox\n|move|p1a: Toxapex|Liquidation|p2a: Bellossom\n|-resisted|p2a: Bellossom\n|-damage|p2a: Bellossom|94/100 tox\n|\n|-heal|p2a: Bellossom|99/100 tox|[from] item: Leftovers\n|-damage|p2a: Bellossom|88/100 tox|[from] psn\n|upkeep\n|turn|16\n|inactive|Time left: 300 sec this turn | 300 sec total\n|\n|t:|1783571423\n|move|p2a: Bellossom|Quiver Dance|p2a: Bellossom\n|-boost|p2a: Bellossom|spa|1\n|-boost|p2a: Bellossom|spd|1\n|-boost|p2a: Bellossom|spe|1\n|move|p1a: Toxapex|Haze|p1a: Toxapex\n|-clearallboost\n|\n|-heal|p2a: Bellossom|94/100 tox|[from] item: Leftovers\n|-damage|p2a: Bellossom|75/100 tox|[from] psn\n|upkeep\n|turn|17\n|inactive|Time left: 300 sec this turn | 300 sec total\n|\n|t:|1783571424\n|move|p2a: Bellossom|Strength Sap|p1a: Toxapex\n|-unboost|p1a: Toxapex|atk|1\n|-heal|p2a: Bellossom|100/100 tox\n|move|p1a: Toxapex|Liquidation|p2a: Bellossom\n|-resisted|p2a: Bellossom\n|-damage|p2a: Bellossom|94/100 tox\n|\n|-heal|p2a: Bellossom|99/100 tox|[from] item: Leftovers\n|-damage|p2a: Bellossom|75/100 tox|[from] psn\n|upkeep\n|turn|18\n|inactive|Time left: 300 sec this turn | 300 sec total\n|\n|t:|1783571425\n|switch|p2a: Slaking|Slaking, L84, M|100/100\n|switch|p1a: Tsareena|Tsareena, L87, F|267/267\n|\n|upkeep\n|turn|19\n|inactive|Time left: 300 sec this turn | 300 sec total\n|\n|t:|1783571426\n|switch|p1a: Lunala|Lunala, L70|308/308\n|-damage|p1a: Lunala|270/308|[from] Stealth Rock\n|move|p2a: Slaking|Giga Impact|p1a: Lunala\n|-immune|p1a: Lunala\n|\n|-heal|p1a: Lunala|289/308|[from] item: Leftovers\n|upkeep\n|turn|20\n|inactive|Time left: 300 sec this turn | 300 sec total\n|\n|t:|1783571427\n|switch|p2a: Dipplin|Dipplin, L88, F|100/100\n|move|p1a: Lunala|Calm Mind|p1a: Lunala\n|-boost|p1a: Lunala|spa|1\n|-boost|p1a: Lunala|spd|1\n|\n|-heal|p1a: Lunala|308/308|[from] item: Leftovers\n|upkeep\n|turn|21\n|inactive|Time left: 300 sec this turn | 300 sec total\n|\n|t:|1783571428\n|move|p1a: Lunala|Calm Mind|p1a: Lunala\n|-boost|p1a: Lunala|spa|1\n|-boost|p1a: Lunala|spd|1\n|move|p2a: Dipplin|Dragon Tail|p1a: Lunala\n|-damage|p1a: Lunala|272/308\n|drag|p1a: Tsareena|Tsareena, L87, F|267/267\n|\n|upkeep\n|turn|22\n|inactive|Time left: 300 sec this turn | 300 sec total\n|\n|t:|1783571429\n|move|p1a: Tsareena|Power Whip|p2a: Dipplin\n|-resisted|p2a: Dipplin\n|-damage|p2a: Dipplin|93/100\n|move|p2a: Dipplin|Dragon Tail|p1a: Tsareena\n|-damage|p1a: Tsareena|213/267\n|drag|p1a: Lunala|Lunala, L70|272/308\n|-damage|p1a: Lunala|234/308|[from] Stealth Rock\n|\n|-heal|p1a: Lunala|253/308|[from] item: Leftovers\n|upkeep\n|turn|23\n|inactive|Time left: 300 sec this turn | 300 sec total\n|\n|t:|1783571430\n|move|p1a: Lunala|Moonlight|p1a: Lunala\n|-heal|p1a: Lunala|308/308\n|move|p2a: Dipplin|Giga Drain|p1a: Lunala\n|-damage|p1a: Lunala|264/308\n|-heal|p2a: Dipplin|100/100|[from] drain|[of] p1a: Lunala\n|\n|-heal|p1a: Lunala|283/308|[from] item: Leftovers\n|upkeep\n|turn|24\n|inactive|Time left: 300 sec this turn | 300 sec total\n|\n|t:|1783571432\n|move|p1a: Lunala|Calm Mind|p1a: Lunala\n|-boost|p1a: Lunala|spa|1\n|-boost|p1a: Lunala|spd|1\n|move|p2a: Dipplin|Dragon Tail|p1a: Lunala\n|-damage|p1a: Lunala|211/308\n|drag|p1a: Moltres|Moltres-Galar, L79|271/271\n|-damage|p1a: Moltres|204/271|[from] Stealth Rock\n|\n|upkeep\n|turn|25\n|inactive|Time left: 300 sec this turn | 300 sec total\n|\n|t:|1783571432\n|move|p1a: Moltres|Nasty Plot|p1a: Moltres\n|-boost|p1a: Moltres|spa|2\n|move|p2a: Dipplin|Dragon Tail|p1a: Moltres\n|-crit|p1a: Moltres\n|-damage|p1a: Moltres|101/271\n|-ability|p1a: Moltres|Berserk|boost\n|-boost|p1a: Moltres|spa|1\n|drag|p1a: Toxapex|Toxapex, L82, M|216/216\n|-damage|p1a: Toxapex|189/216|[from] Stealth Rock\n|\n|upkeep\n|turn|26\n|inactive|Time left: 300 sec this turn | 300 sec total\n|\n|t:|1783571434\n|move|p2a: Dipplin|Dragon Pulse|p1a: Toxapex\n|-damage|p1a: Toxapex|122/216\n|move|p1a: Toxapex|Toxic|p2a: Dipplin\n|-status|p2a: Dipplin|tox\n|\n|-damage|p2a: Dipplin|95/100 tox|[from] psn\n|upkeep\n|turn|27\n|inactive|Time left: 300 sec this turn | 300 sec total\n|\n|t:|1783571434\n|move|p2a: Dipplin|Dragon Pulse|p1a: Toxapex\n|-damage|p1a: Toxapex|49/216\n|move|p1a: Toxapex|Recover|p1a: Toxapex\n|-heal|p1a: Toxapex|157/216\n|\n|-damage|p2a: Dipplin|83/100 tox|[from] psn\n|upkeep\n|turn|28\n|inactive|Time left: 300 sec this turn | 300 sec total\n|\n|t:|1783571435\n|switch|p1a: Tsareena|Tsareena, L87, F|213/267\n|move|p2a: Dipplin|Dragon Pulse|p1a: Tsareena\n|-damage|p1a: Tsareena|123/267\n|\n|-damage|p2a: Dipplin|65/100 tox|[from] psn\n|upkeep\n|turn|29\n|inactive|Time left: 300 sec this turn | 300 sec total\n|\n|t:|1783571436\n|switch|p2a: Slaking|Slaking, L84, M|100/100\n|move|p1a: Tsareena|Synthesis|p1a: Tsareena\n|-heal|p1a: Tsareena|256/267\n|\n|upkeep\n|turn|30\n|inactive|Time left: 300 sec this turn | 300 sec total\n|\n|t:|1783571437\n|switch|p1a: Lunala|Lunala, L70|211/308\n|-damage|p1a: Lunala|173/308|[from] Stealth Rock\n|move|p2a: Slaking|Giga Impact|p1a: Lunala\n|-immune|p1a: Lunala\n|\n|-heal|p1a: Lunala|192/308|[from] item: Leftovers\n|upkeep\n|turn|31\n|inactive|Time left: 300 sec this turn | 300 sec total\n|\n|t:|1783571438\n|switch|p2a: Bisharp|Bisharp, L79, M|84/100\n|move|p1a: Lunala|Moonlight|p1a: Lunala\n|-heal|p1a: Lunala|308/308\n|\n|upkeep\n|turn|32\n|inactive|Time left: 300 sec this turn | 300 sec total\n|\n|t:|1783571439\n|move|p1a: Lunala|Calm Mind|p1a: Lunala\n|-boost|p1a: Lunala|spa|1\n|-boost|p1a: Lunala|spd|1\n|move|p2a: Bisharp|Throat Chop|p1a: Lunala\n|-supereffective|p1a: Lunala\n|-damage|p1a: Lunala|104/308\n|-start|p1a: Lunala|Throat Chop|[silent]\n|\n|-heal|p1a: Lunala|123/308|[from] item: Leftovers\n|upkeep\n|turn|33\n|inactive|Time left: 300 sec this turn | 300 sec total\n|\n|t:|1783571439\n|-terastallize|p1a: Lunala|Dark\n|move|p1a: Lunala|Moonlight|p1a: Lunala\n|-heal|p1a: Lunala|277/308\n|move|p2a: Bisharp|Throat Chop|p1a: Lunala\n|-resisted|p1a: Lunala\n|-damage|p1a: Lunala|224/308\n|\n|-heal|p1a: Lunala|243/308|[from] item: Leftovers\n|-end|p1a: Lunala|Throat Chop|[silent]\n|upkeep\n|turn|34\n|inactive|Time left: 300 sec this turn | 300 sec total\n|\n|t:|1783571440\n|switch|p2a: Slaking|Slaking, L84, M|100/100\n|move|p1a: Lunala|Moonlight|p1a: Lunala\n|-heal|p1a: Lunala|308/308\n|\n|upkeep\n|turn|35\n|inactive|Time left: 300 sec this turn | 300 sec total\n|\n|t:|1783571441\n|move|p2a: Slaking|Giga Impact|p1a: Lunala\n|-damage|p1a: Lunala|170/308\n|-mustrecharge|p2a: Slaking\n|move|p1a: Lunala|Moonlight|p1a: Lunala\n|-heal|p1a: Lunala|308/308\n|\n|upkeep\n|turn|36\n|inactive|Time left: 300 sec this turn | 300 sec total\n|\n|t:|1783571442\n|cant|p2a: Slaking|recharge\n|move|p1a: Lunala|Psyshock|p2a: Slaking\n|-damage|p2a: Slaking|71/100\n|\n|upkeep\n|turn|37\n|inactive|Time left: 300 sec this turn | 300 sec total\n|\n|t:|1783571443\n|move|p2a: Slaking|Giga Impact|p1a: Lunala\n|-damage|p1a: Lunala|180/308\n|-mustrecharge|p2a: Slaking\n|move|p1a: Lunala|Moonlight|p1a: Lunala\n|-heal|p1a: Lunala|308/308\n|\n|upkeep\n|turn|38\n|inactive|Time left: 300 sec this turn | 300 sec total\n|\n|t:|1783571444\n|cant|p2a: Slaking|recharge\n|move|p1a: Lunala|Psyshock|p2a: Slaking\n|-damage|p2a: Slaking|44/100\n|\n|upkeep\n|turn|39\n|inactive|Time left: 300 sec this turn | 300 sec total\n|\n|t:|1783571445\n|move|p2a: Slaking|Giga Impact|p1a: Lunala\n|-damage|p1a: Lunala|180/308\n|-mustrecharge|p2a: Slaking\n|move|p1a: Lunala|Psyshock|p2a: Slaking\n|-damage|p2a: Slaking|18/100\n|\n|-heal|p1a: Lunala|199/308|[from] item: Leftovers\n|upkeep\n|turn|40\n|inactive|Time left: 300 sec this turn | 300 sec total\n|\n|t:|1783571446\n|cant|p2a: Slaking|recharge\n|move|p1a: Lunala|Psyshock|p2a: Slaking\n|-damage|p2a: Slaking|0 fnt\n|faint|p2a: Slaking\n|\n|-heal|p1a: Lunala|218/308|[from] item: Leftovers\n|upkeep\n|\n|t:|1783571447\n|switch|p2a: Koraidon|Koraidon, L64|100/100\n|-weather|SunnyDay|[from] ability: Orichalcum Pulse|[of] p2a: Koraidon\n|-activate|p2a: Koraidon|Orichalcum Pulse|[source]\n|turn|41\n|inactive|Time left: 300 sec this turn | 300 sec total\n|\n|t:|1783571448\n|switch|p1a: Toxapex|Toxapex, L82, M|216/216\n|-damage|p1a: Toxapex|189/216|[from] Stealth Rock\n|move|p2a: Koraidon|Collision Course|p1a: Toxapex\n|-resisted|p1a: Toxapex\n|-damage|p1a: Toxapex|156/216\n|-damage|p2a: Koraidon|84/100|[from] item: Rocky Helmet|[of] p1a: Toxapex\n|\n|-weather|SunnyDay|[upkeep]\n|upkeep\n|turn|42\n|inactive|Time left: 300 sec this turn | 300 sec total\n|\n|t:|1783571449\n|move|p2a: Koraidon|Swords Dance|p2a: Koraidon\n|-boost|p2a: Koraidon|atk|2\n|move|p1a: Toxapex|Toxic|p2a: Koraidon\n|-status|p2a: Koraidon|tox\n|\n|-weather|SunnyDay|[upkeep]\n|-damage|p2a: Koraidon|78/100 tox|[from] psn\n|upkeep\n|turn|43\n|inactive|Time left: 300 sec this turn | 300 sec total\n|\n|t:|1783571450\n|move|p2a: Koraidon|Scale Shot|p1a: Toxapex\n|-damage|p1a: Toxapex|119/216\n|-damage|p1a: Toxapex|82/216\n|-damage|p1a: Toxapex|48/216\n|-damage|p1a: Toxapex|11/216\n|-damage|p1a: Toxapex|0 fnt\n|faint|p1a: Toxapex\n|-hitcount|p1: Toxapex|5\n|-unboost|p2a: Koraidon|def|1\n|-boost|p2a: Koraidon|spe|1\n|\n|-weather|SunnyDay|[upkeep]\n|-damage|p2a: Koraidon|66/100 tox|[from] psn\n|upkeep\n|inactive|Time left: 300 sec this turn | 300 sec total | 5 sec grace\n|\n|t:|1783571451\n|switch|p1a: Tsareena|Tsareena, L87, F|256/267\n|turn|44\n|inactive|Time left: 300 sec this turn | 300 sec total\n|\n|t:|1783571452\n|move|p2a: Koraidon|Flare Blitz|p1a: Tsareena\n|-supereffective|p1a: Tsareena\n|-damage|p1a: Tsareena|0 fnt\n|faint|p1a: Tsareena\n|-damage|p2a: Koraidon|30/100 tox|[from] Recoil\n|\n|-weather|SunnyDay|[upkeep]\n|-damage|p2a: Koraidon|12/100 tox|[from] psn\n|upkeep\n|inactive|Time left: 300 sec this turn | 300 sec total | 5 sec grace\n|\n|t:|1783571453\n|switch|p1a: Moltres|Moltres-Galar, L79|101/271\n|-damage|p1a: Moltres|34/271|[from] Stealth Rock\n|turn|45\n|inactive|Time left: 300 sec this turn | 300 sec total\n|\n|t:|1783571454\n|move|p2a: Koraidon|Flare Blitz|p1a: Moltres\n|-damage|p1a: Moltres|0 fnt\n|faint|p1a: Moltres\n|-damage|p2a: Koraidon|8/100 tox|[from] Recoil\n|\n|-weather|none\n|-damage|p2a: Koraidon|0 fnt|[from] psn\n|faint|p2a: Koraidon\n|upkeep\n|inactive|Time left: 300 sec this turn | 300 sec total | 5 sec grace\n|\n|t:|1783571455\n|switch|p2a: Cinccino|Cinccino, L83, M|100/100\n|switch|p1a: Lunala|Lunala, L70, tera:Dark|218/308\n|-damage|p1a: Lunala|180/308|[from] Stealth Rock\n|turn|46\n|inactive|Time left: 300 sec this turn | 300 sec total\n|\n|t:|1783571456\n|move|p2a: Cinccino|Tail Slap|p1a: Lunala\n|-damage|p1a: Lunala|132/308\n|-damage|p1a: Lunala|87/308\n|-damage|p1a: Lunala|39/308\n|-damage|p1a: Lunala|0 fnt\n|faint|p1a: Lunala\n|-hitcount|p1: Lunala|4\n|\n|upkeep\n|inactive|Time left: 300 sec this turn | 300 sec total | 5 sec grace\n|\n|t:|1783571457\n|switch|p1a: Oinkologne|Oinkologne-F, L92, F|361/361\n|-damage|p1a: Oinkologne|316/361|[from] Stealth Rock\n|turn|47\n|inactive|Time left: 300 sec this turn | 300 sec total\n|\n|t:|1783571458\n|move|p2a: Cinccino|U-turn|p1a: Oinkologne\n|-damage|p1a: Oinkologne|259/361\n|\n|t:|1783571459\n|switch|p2a: Bellossom|Bellossom, L84, F|75/100 tox|[from] U-turn\n|move|p1a: Oinkologne|Body Slam|p2a: Bellossom\n|-damage|p2a: Bellossom|42/100 tox\n|\n|-heal|p1a: Oinkologne|281/361|[from] item: Leftovers\n|-heal|p2a: Bellossom|48/100 tox|[from] item: Leftovers\n|-damage|p2a: Bellossom|42/100 tox|[from] psn\n|upkeep\n|turn|48\n|inactive|Time left: 300 sec this turn | 300 sec total\n|\n|t:|1783571460\n|move|p1a: Oinkologne|Curse|p1a: Oinkologne\n|-unboost|p1a: Oinkologne|spe|1\n|-boost|p1a: Oinkologne|atk|1\n|-boost|p1a: Oinkologne|def|1\n|move|p2a: Bellossom|Strength Sap|p1a: Oinkologne\n|-unboost|p1a: Oinkologne|atk|1\n|-heal|p2a: Bellossom|100/100 tox\n|\n|-heal|p1a: Oinkologne|303/361|[from] item: Leftovers\n|-damage|p2a: Bellossom|88/100 tox|[from] psn\n|upkeep\n|turn|49\n|inactive|Time left: 300 sec this turn | 300 sec total\n|\n|t:|1783571461\n|move|p2a: Bellossom|Quiver Dance|p2a: Bellossom\n|-boost|p2a: Bellossom|spa|1\n|-boost|p2a: Bellossom|spd|1\n|-boost|p2a: Bellossom|spe|1\n|move|p1a: Oinkologne|Curse|p1a: Oinkologne\n|-unboost|p1a: Oinkologne|spe|1\n|-boost|p1a: Oinkologne|atk|1\n|-boost|p1a: Oinkologne|def|1\n|\n|-heal|p2a: Bellossom|94/100 tox|[from] item: Leftovers\n|-heal|p1a: Oinkologne|325/361|[from] item: Leftovers\n|-damage|p2a: Bellossom|76/100 tox|[from] psn\n|upkeep\n|turn|50\n|inactive|Time left: 300 sec this turn | 300 sec total\n|\n|t:|1783571462\n|move|p2a: Bellossom|Strength Sap|p1a: Oinkologne\n|-unboost|p1a: Oinkologne|atk|1\n|-heal|p2a: Bellossom|100/100 tox\n|move|p1a: Oinkologne|Body Slam|p2a: Bellossom\n|-damage|p2a: Bellossom|63/100 tox\n|\n|-heal|p2a: Bellossom|69/100 tox|[from] item: Leftovers\n|-heal|p1a: Oinkologne|347/361|[from] item: Leftovers\n|-damage|p2a: Bellossom|45/100 tox|[from] psn\n|upkeep\n|turn|51\n|inactive|Time left: 300 sec this turn | 300 sec total\n|\n|t:|1783571463\n|move|p2a: Bellossom|Strength Sap|p1a: Oinkologne\n|-unboost|p1a: Oinkologne|atk|1\n|-heal|p2a: Bellossom|100/100 tox\n|move|p1a: Oinkologne|Body Slam|p2a: Bellossom\n|-damage|p2a: Bellossom|74/100 tox\n|\n|-heal|p2a: Bellossom|80/100 tox|[from] item: Leftovers\n|-heal|p1a: Oinkologne|361/361|[from] item: Leftovers\n|-damage|p2a: Bellossom|50/100 tox|[from] psn\n|upkeep\n|turn|52\n|inactive|Time left: 300 sec this turn | 300 sec total\n|\n|t:|1783571464\n|move|p2a: Bellossom|Strength Sap|p1a: Oinkologne\n|-unboost|p1a: Oinkologne|atk|1\n|-heal|p2a: Bellossom|100/100 tox\n|move|p1a: Oinkologne|Body Slam|p2a: Bellossom\n|-damage|p2a: Bellossom|82/100 tox\n|\n|-heal|p2a: Bellossom|88/100 tox|[from] item: Leftovers\n|-damage|p2a: Bellossom|51/100 tox|[from] psn\n|upkeep\n|turn|53\n|inactive|Time left: 300 sec this turn | 300 sec total\n|\n|t:|1783571465\n|switch|p1a: Palkia|Palkia, L75|259/259\n|-damage|p1a: Palkia|227/259|[from] Stealth Rock\n|-ability|p1a: Palkia|Pressure\n|move|p2a: Bellossom|Giga Drain|p1a: Palkia\n|-damage|p1a: Palkia|133/259\n|-heal|p2a: Bellossom|69/100 tox|[from] drain|[of] p1a: Palkia\n|\n|-heal|p2a: Bellossom|75/100 tox|[from] item: Leftovers\n|-damage|p2a: Bellossom|33/100 tox|[from] psn\n|upkeep\n|turn|54\n|inactive|Time left: 300 sec this turn | 300 sec total\n|\n|t:|1783571466\n|move|p2a: Bellossom|Strength Sap|p1a: Palkia\n|-unboost|p1a: Palkia|atk|1\n|-heal|p2a: Bellossom|100/100 tox\n|move|p1a: Palkia|Hydro Pump|p2a: Bellossom|[miss]\n|-miss|p1a: Palkia|p2a: Bellossom\n|\n|-damage|p2a: Bellossom|52/100 tox|[from] psn\n|upkeep\n|turn|55\n|inactive|Time left: 300 sec this turn | 300 sec total\n|\n|t:|1783571466\n|switch|p1a: Oinkologne|Oinkologne-F, L92, F|361/361\n|-damage|p1a: Oinkologne|316/361|[from] Stealth Rock\n|move|p2a: Bellossom|Strength Sap|p1a: Oinkologne\n|-unboost|p1a: Oinkologne|atk|1\n|-heal|p2a: Bellossom|100/100 tox\n|\n|-heal|p1a: Oinkologne|338/361|[from] item: Leftovers\n|-damage|p2a: Bellossom|46/100 tox|[from] psn\n|upkeep\n|turn|56\n|inactive|Time left: 300 sec this turn | 300 sec total\n|\n|t:|1783571467\n|switch|p2a: Dipplin|Dipplin, L88, F|65/100 tox\n|move|p1a: Oinkologne|Curse|p1a: Oinkologne\n|-unboost|p1a: Oinkologne|spe|1\n|-boost|p1a: Oinkologne|atk|1\n|-boost|p1a: Oinkologne|def|1\n|\n|-heal|p1a: Oinkologne|360/361|[from] item: Leftovers\n|-damage|p2a: Dipplin|59/100 tox|[from] psn\n|upkeep\n|turn|57\n|inactive|Time left: 300 sec this turn | 300 sec total\n|\n|t:|1783571468\n|move|p1a: Oinkologne|Body Slam|p2a: Dipplin\n|-damage|p2a: Dipplin|40/100 tox\n|move|p2a: Dipplin|Dragon Tail|p1a: Oinkologne\n|-crit|p1a: Oinkologne\n|-damage|p1a: Oinkologne|257/361\n|drag|p1a: Palkia|Palkia, L75|133/259\n|-damage|p1a: Palkia|101/259|[from] Stealth Rock\n|-ability|p1a: Palkia|Pressure\n|\n|-damage|p2a: Dipplin|28/100 tox|[from] psn\n|upkeep\n|turn|58\n|inactive|Time left: 300 sec this turn | 300 sec total\n|\n|t:|1783571469\n|switch|p1a: Oinkologne|Oinkologne-F, L92, F|257/361\n|-damage|p1a: Oinkologne|212/361|[from] Stealth Rock\n|move|p2a: Dipplin|Dragon Tail|p1a: Oinkologne\n|-damage|p1a: Oinkologne|149/361\n|drag|p1a: Palkia|Palkia, L75|101/259\n|-damage|p1a: Palkia|69/259|[from] Stealth Rock\n|-ability|p1a: Palkia|Pressure\n|\n|-damage|p2a: Dipplin|10/100 tox|[from] psn\n|upkeep\n|turn|59\n|inactive|Time left: 300 sec this turn | 300 sec total\n|\n|t:|1783571470\n|move|p1a: Palkia|Fire Blast|p2a: Dipplin|[miss]\n|-miss|p1a: Palkia|p2a: Dipplin\n|move|p2a: Dipplin|Dragon Tail|p1a: Palkia\n|-supereffective|p1a: Palkia\n|-damage|p1a: Palkia|0 fnt\n|faint|p1a: Palkia\n|\n|-damage|p2a: Dipplin|0 fnt|[from] psn\n|faint|p2a: Dipplin\n|upkeep\n|inactive|Time left: 300 sec this turn | 300 sec total | 5 sec grace\n|\n|t:|1783571471\n|switch|p1a: Oinkologne|Oinkologne-F, L92, F|149/361\n|switch|p2a: Cinccino|Cinccino, L83, M|100/100\n|-damage|p1a: Oinkologne|104/361|[from] Stealth Rock\n|turn|60\n|inactive|Time left: 300 sec this turn | 300 sec total\n|\n|t:|1783571472\n|move|p2a: Cinccino|Bullet Seed|p1a: Oinkologne\n|-damage|p1a: Oinkologne|76/361\n|-damage|p1a: Oinkologne|47/361\n|-damage|p1a: Oinkologne|21/361\n|-damage|p1a: Oinkologne|0 fnt\n|faint|p1a: Oinkologne\n|-hitcount|p1: Oinkologne|4\n|\n|win|p0y2812600f", "uploadtime": 1783571472, "views": 0, "rating": 0, "private": 0, "password": null, "_winner": "p0y2812600f", "_our_name": "p0x281202b9"}