{"id": "battle-gen9randombattle-2174", "formatid": "gen9randombattle", "format": "[Gen 9] Random Battle", "players": ["p0x2174f5e6", "p0y217461dd"], "log": "|init|battle\n|title|p0x2174f5e6 vs. p0y217461dd\n|j|\u2606p0x2174f5e6\n|j|\u2606p0y217461dd\n|t:|1783565179\n|gametype|singles\n|player|p1|p0x2174f5e6|2|\n|player|p2|p0y217461dd|265|\n|gen|9\n|tier|[Gen 9] Random Battle\n|rule|Species Clause: Limit one of each Pok\u00e9mon\n|rule|HP Percentage Mod: HP is shown in percentages\n|rule|Sleep Clause Mod: Limit one foe put to sleep\n|rule|Illusion Level Mod: Illusion disguises the Pok\u00e9mon's true level\n|\n|t:|1783565179\n|teamsize|p1|6\n|teamsize|p2|6\n|start\n|switch|p1a: Donphan|Donphan, L84, F|100/100\n|switch|p2a: Mewtwo|Mewtwo, L72|272/272\n|-ability|p2a: Mewtwo|Unnerve\n|turn|1\n|inactive|Battle timer is ON: inactive players will automatically lose when time's up. (requested by p0y217461dd)\n|inactive|p0x2174f5e6 also wants the timer to be on.\n|\n|t:|1783565181\n|move|p2a: Mewtwo|Nasty Plot|p2a: Mewtwo\n|-boost|p2a: Mewtwo|spa|2\n|move|p1a: Donphan|Earthquake|p2a: Mewtwo\n|-damage|p2a: Mewtwo|124/272\n|\n|upkeep\n|turn|2\n|inactive|Time left: 300 sec this turn | 300 sec total\n|\n|t:|1783565182\n|move|p2a: Mewtwo|Psystrike|p1a: Donphan\n|-damage|p1a: Donphan|18/100\n|-damage|p2a: Mewtwo|97/272|[from] item: Life Orb\n|move|p1a: Donphan|Earthquake|p2a: Mewtwo\n|-damage|p2a: Mewtwo|0 fnt\n|faint|p2a: Mewtwo\n|\n|upkeep\n|inactive|Time left: 300 sec this turn | 300 sec total | 5 sec grace\n|\n|t:|1783565183\n|switch|p2a: Meganium|Meganium, L90, M|290/290\n|turn|3\n|inactive|Time left: 300 sec this turn | 300 sec total\n|\n|t:|1783565184\n|switch|p1a: Conkeldurr|Conkeldurr, L80, M|100/100\n|move|p2a: Meganium|Swords Dance|p2a: Meganium\n|-boost|p2a: Meganium|atk|2\n|\n|-status|p1a: Conkeldurr|brn|[from] item: Flame Orb\n|upkeep\n|turn|4\n|inactive|Time left: 300 sec this turn | 300 sec total\n|\n|t:|1783565186\n|switch|p1a: Vespiquen|Vespiquen, L99, F|100/100\n|-ability|p1a: Vespiquen|Pressure\n|move|p2a: Meganium|Petal Blizzard|p1a: Vespiquen\n|-resisted|p1a: Vespiquen\n|-damage|p1a: Vespiquen|87/100\n|\n|upkeep\n|turn|5\n|inactive|Time left: 300 sec this turn | 300 sec total\n|\n|t:|1783565187\n|move|p2a: Meganium|Swords Dance|p2a: Meganium\n|-boost|p2a: Meganium|atk|2\n|move|p1a: Vespiquen|Air Slash|p2a: Meganium\n|-supereffective|p2a: Meganium\n|-crit|p2a: Meganium\n|-damage|p2a: Meganium|44/290\n|\n|-heal|p2a: Meganium|62/290|[from] item: Leftovers\n|upkeep\n|turn|6\n|inactive|Time left: 300 sec this turn | 300 sec total\n|\n|t:|1783565187\n|-terastallize|p2a: Meganium|Steel\n|move|p2a: Meganium|Knock Off|p1a: Vespiquen\n|-damage|p1a: Vespiquen|34/100\n|-enditem|p1a: Vespiquen|Heavy-Duty Boots|[from] move: Knock Off|[of] p2a: Meganium\n|move|p1a: Vespiquen|Air Slash|p2a: Meganium\n|-resisted|p2a: Meganium\n|-damage|p2a: Meganium|23/290\n|\n|-heal|p2a: Meganium|41/290|[from] item: Leftovers\n|upkeep\n|turn|7\n|inactive|Time left: 300 sec this turn | 300 sec total\n|\n|t:|1783565189\n|move|p2a: Meganium|Knock Off|p1a: Vespiquen\n|-damage|p1a: Vespiquen|0 fnt\n|faint|p1a: Vespiquen\n|\n|-heal|p2a: Meganium|59/290|[from] item: Leftovers\n|upkeep\n|\n|t:|1783565190\n|switch|p1a: Staraptor|Staraptor, L79, F|100/100\n|turn|8\n|inactive|Time left: 300 sec this turn | 300 sec total\n|\n|t:|1783565191\n|move|p1a: Staraptor|Brave Bird|p2a: Meganium\n|-resisted|p2a: Meganium\n|-damage|p2a: Meganium|0 fnt\n|faint|p2a: Meganium\n|-damage|p1a: Staraptor|93/100|[from] Recoil\n|\n|upkeep\n|inactive|Time left: 300 sec this turn | 300 sec total | 5 sec grace\n|\n|t:|1783565191\n|switch|p2a: Raikou|Raikou, L81|278/278\n|-ability|p2a: Raikou|Pressure\n|turn|9\n|inactive|Time left: 300 sec this turn | 300 sec total\n|\n|t:|1783565192\n|switch|p1a: Conkeldurr|Conkeldurr, L80, M|100/100 brn\n|move|p2a: Raikou|Scald|p1a: Conkeldurr\n|-damage|p1a: Conkeldurr|74/100 brn\n|\n|-damage|p1a: Conkeldurr|68/100 brn|[from] brn\n|upkeep\n|turn|10\n|inactive|Time left: 300 sec this turn | 300 sec total\n|\n|t:|1783565194\n|move|p2a: Raikou|Volt Switch|p1a: Conkeldurr\n|-damage|p1a: Conkeldurr|35/100 brn\n|inactive|Time left: 300 sec this turn | 300 sec total | 5 sec grace\n|\n|t:|1783565195\n|switch|p2a: Mesprit|Mesprit, L85|275/275|[from] Volt Switch\n|move|p1a: Conkeldurr|Close Combat|p2a: Mesprit\n|-resisted|p2a: Mesprit\n|-damage|p2a: Mesprit|169/275\n|-unboost|p1a: Conkeldurr|def|1\n|-unboost|p1a: Conkeldurr|spd|1\n|\n|-heal|p2a: Mesprit|186/275|[from] item: Leftovers\n|-damage|p1a: Conkeldurr|29/100 brn|[from] brn\n|upkeep\n|turn|11\n|inactive|Time left: 300 sec this turn | 300 sec total\n|\n|t:|1783565196\n|switch|p1a: Electrode|Electrode, L92|100/100\n|move|p2a: Mesprit|Psychic Noise|p1a: Electrode\n|-damage|p1a: Electrode|65/100\n|-start|p1a: Electrode|move: Heal Block\n|\n|-heal|p2a: Mesprit|203/275|[from] item: Leftovers\n|upkeep\n|turn|12\n|inactive|Time left: 300 sec this turn | 300 sec total\n|\n|t:|1783565197\n|move|p1a: Electrode|Foul Play|p2a: Mesprit\n|-supereffective|p2a: Mesprit\n|-damage|p2a: Mesprit|75/275\n|move|p2a: Mesprit|Stealth Rock|p1a: Electrode\n|-sidestart|p1: p0x2174f5e6|move: Stealth Rock\n|\n|-heal|p2a: Mesprit|92/275|[from] item: Leftovers\n|-end|p1a: Electrode|move: Heal Block\n|upkeep\n|turn|13\n|inactive|Time left: 300 sec this turn | 300 sec total\n|\n|t:|1783565198\n|switch|p2a: Raikou|Raikou, L81|278/278\n|-ability|p2a: Raikou|Pressure\n|move|p1a: Electrode|Foul Play|p2a: Raikou\n|-damage|p2a: Raikou|224/278\n|\n|-heal|p1a: Electrode|72/100|[from] item: Leftovers\n|upkeep\n|turn|14\n|inactive|Time left: 300 sec this turn | 300 sec total\n|\n|t:|1783565199\n|move|p1a: Electrode|Foul Play|p2a: Raikou\n|-damage|p2a: Raikou|166/278\n|move|p2a: Raikou|Scald|p1a: Electrode\n|-damage|p1a: Electrode|47/100\n|-status|p1a: Electrode|brn\n|\n|-heal|p1a: Electrode|54/100 brn|[from] item: Leftovers\n|-damage|p1a: Electrode|47/100 brn|[from] brn\n|upkeep\n|turn|15\n|inactive|Time left: 300 sec this turn | 300 sec total\n|\n|t:|1783565200\n|move|p1a: Electrode|Foul Play|p2a: Raikou\n|-crit|p2a: Raikou\n|-damage|p2a: Raikou|126/278\n|move|p2a: Raikou|Scald|p1a: Electrode\n|-damage|p1a: Electrode|26/100 brn\n|\n|-heal|p1a: Electrode|32/100 brn|[from] item: Leftovers\n|-damage|p1a: Electrode|26/100 brn|[from] brn\n|upkeep\n|turn|16\n|inactive|Time left: 300 sec this turn | 300 sec total\n|\n|t:|1783565201\n|move|p1a: Electrode|Thunderbolt|p2a: Raikou\n|-resisted|p2a: Raikou\n|-damage|p2a: Raikou|78/278\n|move|p2a: Raikou|Scald|p1a: Electrode\n|-damage|p1a: Electrode|3/100 brn\n|\n|-heal|p1a: Electrode|9/100 brn|[from] item: Leftovers\n|-damage|p1a: Electrode|3/100 brn|[from] brn\n|upkeep\n|turn|17\n|inactive|Time left: 300 sec this turn | 300 sec total\n|\n|t:|1783565203\n|move|p1a: Electrode|Thunderbolt|p2a: Raikou\n|-resisted|p2a: Raikou\n|-damage|p2a: Raikou|35/278\n|move|p2a: Raikou|Calm Mind|p2a: Raikou\n|-boost|p2a: Raikou|spa|1\n|-boost|p2a: Raikou|spd|1\n|\n|-heal|p1a: Electrode|9/100 brn|[from] item: Leftovers\n|-damage|p1a: Electrode|3/100 brn|[from] brn\n|upkeep\n|turn|18\n|inactive|Time left: 300 sec this turn | 300 sec total\n|\n|t:|1783565204\n|move|p1a: Electrode|Foul Play|p2a: Raikou\n|-damage|p2a: Raikou|6/278\n|move|p2a: Raikou|Scald|p1a: Electrode\n|-damage|p1a: Electrode|0 fnt\n|faint|p1a: Electrode\n|\n|upkeep\n|\n|t:|1783565205\n|switch|p1a: Donphan|Donphan, L84, F|18/100\n|-damage|p1a: Donphan|12/100|[from] Stealth Rock\n|turn|19\n|inactive|Time left: 300 sec this turn | 300 sec total\n|\n|t:|1783565206\n|move|p1a: Donphan|Ice Shard|p2a: Raikou\n|-damage|p2a: Raikou|0 fnt\n|faint|p2a: Raikou\n|\n|upkeep\n|inactive|Time left: 300 sec this turn | 300 sec total | 5 sec grace\n|\n|t:|1783565207\n|switch|p2a: Arceus|Arceus-Steel, L70|284/284\n|turn|20\n|inactive|Time left: 300 sec this turn | 300 sec total\n|\n|t:|1783565208\n|move|p2a: Arceus|Judgment|p1a: Donphan\n|-damage|p1a: Donphan|0 fnt\n|faint|p1a: Donphan\n|\n|upkeep\n|\n|t:|1783565209\n|switch|p1a: Sneasler|Sneasler, L74, F|100/100\n|-damage|p1a: Sneasler|94/100|[from] Stealth Rock\n|turn|21\n|inactive|Time left: 300 sec this turn | 300 sec total\n|\n|t:|1783565210\n|-terastallize|p1a: Sneasler|Fighting\n|move|p1a: Sneasler|Close Combat|p2a: Arceus\n|-supereffective|p2a: Arceus\n|-damage|p2a: Arceus|0 fnt\n|-unboost|p1a: Sneasler|def|1\n|-unboost|p1a: Sneasler|spd|1\n|faint|p2a: Arceus\n|\n|upkeep\n|inactive|Time left: 300 sec this turn | 300 sec total | 5 sec grace\n|\n|t:|1783565211\n|switch|p2a: Mesprit|Mesprit, L85|92/275\n|turn|22\n|inactive|Time left: 300 sec this turn | 300 sec total\n|\n|t:|1783565212\n|move|p1a: Sneasler|Close Combat|p2a: Mesprit\n|-resisted|p2a: Mesprit\n|-damage|p2a: Mesprit|0 fnt\n|-unboost|p1a: Sneasler|def|1\n|-unboost|p1a: Sneasler|spd|1\n|faint|p2a: Mesprit\n|\n|upkeep\n|inactive|Time left: 300 sec this turn | 300 sec total | 5 sec grace\n|\n|t:|1783565213\n|switch|p2a: Garganacl|Garganacl, L80, M|291/291\n|turn|23\n|inactive|Time left: 300 sec this turn | 300 sec total\n|\n|t:|1783565214\n|move|p2a: Garganacl|Protect|p2a: Garganacl\n|-singleturn|p2a: Garganacl|Protect\n|move|p1a: Sneasler|Close Combat|p2a: Garganacl\n|-activate|p2a: Garganacl|move: Protect\n|\n|upkeep\n|turn|24\n|inactive|Time left: 300 sec this turn | 300 sec total\n|\n|t:|1783565215\n|move|p1a: Sneasler|Close Combat|p2a: Garganacl\n|-supereffective|p2a: Garganacl\n|-damage|p2a: Garganacl|0 fnt\n|-unboost|p1a: Sneasler|def|1\n|-unboost|p1a: Sneasler|spd|1\n|faint|p2a: Garganacl\n|\n|win|p0x2174f5e6", "uploadtime": 1783565215, "views": 0, "rating": 0, "private": 0, "password": null, "_winner": "p0x2174f5e6", "_our_name": "p0y217461dd"}