{"id": "battle-gen9randombattle-369", "formatid": "gen9randombattle", "format": "[Gen 9] Random Battle", "players": ["p0x369071d", "p0y369ee78"], "log": "|init|battle\n|title|p0x369071d vs. p0y369ee78\n|j|\u2606p0x369071d\n|j|\u2606p0y369ee78\n|t:|1783543945\n|gametype|singles\n|player|p1|p0x369071d|101|\n|player|p2|p0y369ee78|169|\n|gen|9\n|tier|[Gen 9] Random Battle\n|rule|Species Clause: Limit one of each Pok\u00e9mon\n|rule|HP Percentage Mod: HP is shown in percentages\n|rule|Sleep Clause Mod: Limit one foe put to sleep\n|rule|Illusion Level Mod: Illusion disguises the Pok\u00e9mon's true level\n|\n|t:|1783543945\n|teamsize|p1|6\n|teamsize|p2|6\n|start\n|switch|p1a: Rampardos|Rampardos, L90, M|100/100\n|switch|p2a: Charizard|Charizard, L85, F|271/271\n|turn|1\n|inactive|Battle timer is ON: inactive players will automatically lose when time's up. (requested by p0x369071d)\n|inactive|Time left: 300 sec this turn | 300 sec total | 60 sec grace\n|inactive|p0y369ee78 also wants the timer to be on.\n|\n|t:|1783543947\n|move|p2a: Charizard|Earthquake|p1a: Rampardos\n|-supereffective|p1a: Rampardos\n|-damage|p1a: Rampardos|51/100\n|move|p1a: Rampardos|Rock Slide|p2a: Charizard\n|-supereffective|p2a: Charizard\n|-damage|p2a: Charizard|0 fnt\n|faint|p2a: Charizard\n|\n|upkeep\n|inactive|Time left: 300 sec this turn | 300 sec total | 65 sec grace\n|\n|t:|1783543948\n|switch|p2a: Klawf|Klawf, L90, F|272/272\n|turn|2\n|inactive|Time left: 300 sec this turn | 300 sec total\n|\n|t:|1783543949\n|switch|p1a: Bellossom|Bellossom, L84, M|100/100\n|move|p2a: Klawf|High Horsepower|p1a: Bellossom\n|-resisted|p1a: Bellossom\n|-damage|p1a: Bellossom|86/100\n|\n|-heal|p1a: Bellossom|92/100|[from] item: Leftovers\n|upkeep\n|turn|3\n|inactive|Time left: 300 sec this turn | 300 sec total\n|\n|t:|1783543950\n|move|p2a: Klawf|High Horsepower|p1a: Bellossom\n|-resisted|p1a: Bellossom\n|-damage|p1a: Bellossom|78/100\n|move|p1a: Bellossom|Quiver Dance|p1a: Bellossom\n|-boost|p1a: Bellossom|spa|1\n|-boost|p1a: Bellossom|spd|1\n|-boost|p1a: Bellossom|spe|1\n|\n|-heal|p1a: Bellossom|85/100|[from] item: Leftovers\n|upkeep\n|turn|4\n|inactive|Time left: 300 sec this turn | 300 sec total\n|\n|t:|1783543951\n|switch|p2a: Banette|Banette, L93, M|270/270\n|move|p1a: Bellossom|Quiver Dance|p1a: Bellossom\n|-boost|p1a: Bellossom|spa|1\n|-boost|p1a: Bellossom|spd|1\n|-boost|p1a: Bellossom|spe|1\n|\n|-heal|p1a: Bellossom|91/100|[from] item: Leftovers\n|upkeep\n|turn|5\n|inactive|Time left: 300 sec this turn | 300 sec total\n|\n|t:|1783543952\n|-terastallize|p2a: Banette|Ghost\n|move|p1a: Bellossom|Strength Sap|p2a: Banette\n|-unboost|p2a: Banette|atk|1\n|-heal|p1a: Bellossom|100/100\n|move|p2a: Banette|Poltergeist|p1a: Bellossom\n|-activate|p1a: Bellossom|move: Poltergeist|Leftovers\n|-damage|p1a: Bellossom|29/100\n|-damage|p2a: Banette|243/270|[from] item: Life Orb\n|\n|-heal|p1a: Bellossom|35/100|[from] item: Leftovers\n|upkeep\n|turn|6\n|inactive|Time left: 300 sec this turn | 300 sec total\n|\n|t:|1783543953\n|move|p1a: Bellossom|Strength Sap|p2a: Banette\n|-unboost|p2a: Banette|atk|1\n|-heal|p1a: Bellossom|100/100\n|move|p2a: Banette|Poltergeist|p1a: Bellossom\n|-activate|p1a: Bellossom|move: Poltergeist|Leftovers\n|-damage|p1a: Bellossom|51/100\n|-damage|p2a: Banette|216/270|[from] item: Life Orb\n|\n|-heal|p1a: Bellossom|57/100|[from] item: Leftovers\n|upkeep\n|turn|7\n|inactive|Time left: 300 sec this turn | 300 sec total\n|\n|t:|1783543954\n|move|p1a: Bellossom|Giga Drain|p2a: Banette\n|-damage|p2a: Banette|30/270\n|-heal|p1a: Bellossom|93/100|[from] drain|[of] p2a: Banette\n|move|p2a: Banette|Thunder Wave|p1a: Bellossom\n|-status|p1a: Bellossom|par\n|\n|-heal|p1a: Bellossom|99/100 par|[from] item: Leftovers\n|upkeep\n|turn|8\n|inactive|Time left: 300 sec this turn | 300 sec total\n|\n|t:|1783543955\n|move|p2a: Banette|Poltergeist|p1a: Bellossom\n|-activate|p1a: Bellossom|move: Poltergeist|Leftovers\n|-damage|p1a: Bellossom|51/100 par\n|-damage|p2a: Banette|3/270|[from] item: Life Orb\n|move|p1a: Bellossom|Giga Drain|p2a: Banette\n|-damage|p2a: Banette|0 fnt\n|-heal|p1a: Bellossom|52/100 par|[from] drain|[of] p2a: Banette\n|faint|p2a: Banette\n|\n|-heal|p1a: Bellossom|58/100 par|[from] item: Leftovers\n|upkeep\n|inactive|Time left: 300 sec this turn | 300 sec total | 5 sec grace\n|\n|t:|1783543956\n|switch|p2a: Arceus|Arceus-Water, L71|288/288\n|turn|9\n|inactive|Time left: 300 sec this turn | 300 sec total\n|\n|t:|1783543957\n|move|p2a: Arceus|Calm Mind|p2a: Arceus\n|-boost|p2a: Arceus|spa|1\n|-boost|p2a: Arceus|spd|1\n|cant|p1a: Bellossom|par\n|\n|-heal|p1a: Bellossom|64/100 par|[from] item: Leftovers\n|upkeep\n|turn|10\n|inactive|Time left: 300 sec this turn | 300 sec total\n|\n|t:|1783543958\n|move|p2a: Arceus|Calm Mind|p2a: Arceus\n|-boost|p2a: Arceus|spa|1\n|-boost|p2a: Arceus|spd|1\n|move|p1a: Bellossom|Giga Drain|p2a: Arceus\n|-supereffective|p2a: Arceus\n|-damage|p2a: Arceus|156/288\n|-heal|p1a: Bellossom|89/100 par|[from] drain|[of] p2a: Arceus\n|\n|-heal|p1a: Bellossom|95/100 par|[from] item: Leftovers\n|upkeep\n|turn|11\n|inactive|Time left: 300 sec this turn | 300 sec total\n|\n|t:|1783543959\n|move|p2a: Arceus|Recover|p2a: Arceus\n|-heal|p2a: Arceus|288/288\n|move|p1a: Bellossom|Giga Drain|p2a: Arceus\n|-supereffective|p2a: Arceus\n|-damage|p2a: Arceus|144/288\n|-heal|p1a: Bellossom|100/100 par|[from] drain|[of] p2a: Arceus\n|\n|upkeep\n|turn|12\n|inactive|Time left: 300 sec this turn | 300 sec total\n|\n|t:|1783543961\n|move|p2a: Arceus|Recover|p2a: Arceus\n|-heal|p2a: Arceus|288/288\n|move|p1a: Bellossom|Giga Drain|p2a: Arceus\n|-supereffective|p2a: Arceus\n|-damage|p2a: Arceus|156/288\n|\n|upkeep\n|turn|13\n|inactive|Time left: 300 sec this turn | 300 sec total\n|\n|t:|1783543962\n|move|p2a: Arceus|Recover|p2a: Arceus\n|-heal|p2a: Arceus|288/288\n|move|p1a: Bellossom|Giga Drain|p2a: Arceus\n|-supereffective|p2a: Arceus\n|-damage|p2a: Arceus|150/288\n|\n|upkeep\n|turn|14\n|inactive|Time left: 300 sec this turn | 300 sec total\n|\n|t:|1783543963\n|move|p2a: Arceus|Recover|p2a: Arceus\n|-heal|p2a: Arceus|288/288\n|cant|p1a: Bellossom|par\n|\n|upkeep\n|turn|15\n|inactive|Time left: 300 sec this turn | 300 sec total\n|\n|t:|1783543964\n|move|p2a: Arceus|Calm Mind|p2a: Arceus\n|-boost|p2a: Arceus|spa|1\n|-boost|p2a: Arceus|spd|1\n|move|p1a: Bellossom|Quiver Dance|p1a: Bellossom\n|-boost|p1a: Bellossom|spa|1\n|-boost|p1a: Bellossom|spd|1\n|-boost|p1a: Bellossom|spe|1\n|\n|upkeep\n|turn|16\n|inactive|Time left: 300 sec this turn | 300 sec total\n|\n|t:|1783543965\n|move|p2a: Arceus|Calm Mind|p2a: Arceus\n|-boost|p2a: Arceus|spa|1\n|-boost|p2a: Arceus|spd|1\n|move|p1a: Bellossom|Giga Drain|p2a: Arceus\n|-supereffective|p2a: Arceus\n|-damage|p2a: Arceus|172/288\n|\n|upkeep\n|turn|17\n|inactive|Time left: 300 sec this turn | 300 sec total\n|\n|t:|1783543966\n|move|p2a: Arceus|Recover|p2a: Arceus\n|-heal|p2a: Arceus|288/288\n|move|p1a: Bellossom|Giga Drain|p2a: Arceus\n|-supereffective|p2a: Arceus\n|-damage|p2a: Arceus|174/288\n|\n|upkeep\n|turn|18\n|inactive|Time left: 300 sec this turn | 300 sec total\n|\n|t:|1783543967\n|move|p2a: Arceus|Recover|p2a: Arceus\n|-heal|p2a: Arceus|288/288\n|move|p1a: Bellossom|Giga Drain|p2a: Arceus\n|-supereffective|p2a: Arceus\n|-damage|p2a: Arceus|178/288\n|\n|upkeep\n|turn|19\n|inactive|Time left: 300 sec this turn | 300 sec total\n|\n|t:|1783543968\n|move|p2a: Arceus|Recover|p2a: Arceus\n|-heal|p2a: Arceus|288/288\n|move|p1a: Bellossom|Giga Drain|p2a: Arceus\n|-supereffective|p2a: Arceus\n|-damage|p2a: Arceus|178/288\n|\n|upkeep\n|turn|20\n|inactive|Time left: 300 sec this turn | 300 sec total\n|\n|t:|1783543969\n|move|p2a: Arceus|Calm Mind|p2a: Arceus\n|-boost|p2a: Arceus|spa|1\n|-boost|p2a: Arceus|spd|1\n|cant|p1a: Bellossom|par\n|\n|upkeep\n|turn|21\n|inactive|Time left: 300 sec this turn | 300 sec total\n|\n|t:|1783543970\n|move|p2a: Arceus|Ice Beam|p1a: Bellossom\n|-supereffective|p1a: Bellossom\n|-damage|p1a: Bellossom|46/100 par\n|move|p1a: Bellossom|Giga Drain|p2a: Arceus\n|-supereffective|p2a: Arceus\n|-damage|p2a: Arceus|74/288\n|-heal|p1a: Bellossom|66/100 par|[from] drain|[of] p2a: Arceus\n|\n|-heal|p1a: Bellossom|72/100 par|[from] item: Leftovers\n|upkeep\n|turn|22\n|inactive|Time left: 300 sec this turn | 300 sec total\n|\n|t:|1783543971\n|move|p2a: Arceus|Recover|p2a: Arceus\n|-heal|p2a: Arceus|218/288\n|cant|p1a: Bellossom|par\n|\n|-heal|p1a: Bellossom|78/100 par|[from] item: Leftovers\n|upkeep\n|turn|23\n|inactive|Time left: 300 sec this turn | 300 sec total\n|\n|t:|1783543972\n|move|p2a: Arceus|Ice Beam|p1a: Bellossom\n|-supereffective|p1a: Bellossom\n|-damage|p1a: Bellossom|25/100 par\n|cant|p1a: Bellossom|par\n|\n|-heal|p1a: Bellossom|31/100 par|[from] item: Leftovers\n|upkeep\n|turn|24\n|inactive|Time left: 300 sec this turn | 300 sec total\n|\n|t:|1783543974\n|-terastallize|p1a: Bellossom|Fairy\n|move|p2a: Arceus|Ice Beam|p1a: Bellossom\n|-damage|p1a: Bellossom|5/100 par\n|move|p1a: Bellossom|Strength Sap|p2a: Arceus\n|-unboost|p2a: Arceus|atk|1\n|-heal|p1a: Bellossom|72/100 par\n|\n|-heal|p1a: Bellossom|78/100 par|[from] item: Leftovers\n|upkeep\n|turn|25\n|inactive|Time left: 300 sec this turn | 300 sec total\n|\n|t:|1783543975\n|move|p2a: Arceus|Judgment|p1a: Bellossom\n|-damage|p1a: Bellossom|26/100 par\n|move|p1a: Bellossom|Strength Sap|p2a: Arceus\n|-unboost|p2a: Arceus|atk|1\n|-heal|p1a: Bellossom|70/100 par\n|\n|-heal|p1a: Bellossom|77/100 par|[from] item: Leftovers\n|upkeep\n|turn|26\n|inactive|Time left: 300 sec this turn | 300 sec total\n|\n|t:|1783543976\n|move|p2a: Arceus|Judgment|p1a: Bellossom\n|-damage|p1a: Bellossom|21/100 par\n|move|p1a: Bellossom|Strength Sap|p2a: Arceus\n|-unboost|p2a: Arceus|atk|1\n|-heal|p1a: Bellossom|54/100 par\n|\n|-heal|p1a: Bellossom|61/100 par|[from] item: Leftovers\n|upkeep\n|turn|27\n|inactive|Time left: 300 sec this turn | 300 sec total\n|\n|t:|1783543977\n|move|p2a: Arceus|Judgment|p1a: Bellossom\n|-damage|p1a: Bellossom|4/100 par\n|move|p1a: Bellossom|Giga Drain|p2a: Arceus\n|-supereffective|p2a: Arceus\n|-damage|p2a: Arceus|122/288\n|-heal|p1a: Bellossom|23/100 par|[from] drain|[of] p2a: Arceus\n|\n|-heal|p1a: Bellossom|29/100 par|[from] item: Leftovers\n|upkeep\n|turn|28\n|inactive|Time left: 300 sec this turn | 300 sec total\n|\n|t:|1783543978\n|move|p2a: Arceus|Judgment|p1a: Bellossom\n|-damage|p1a: Bellossom|0 fnt\n|faint|p1a: Bellossom\n|\n|upkeep\n|\n|t:|1783543979\n|switch|p1a: Goodra|Goodra, L85, M|100/100\n|turn|29\n|inactive|Time left: 300 sec this turn | 300 sec total\n|\n|t:|1783543980\n|move|p2a: Arceus|Ice Beam|p1a: Goodra\n|-supereffective|p1a: Goodra\n|-damage|p1a: Goodra|46/100\n|move|p1a: Goodra|Power Whip|p2a: Arceus\n|-supereffective|p2a: Arceus\n|-damage|p2a: Arceus|0 fnt\n|faint|p2a: Arceus\n|\n|upkeep\n|inactive|Time left: 300 sec this turn | 300 sec total | 5 sec grace\n|\n|t:|1783543982\n|switch|p2a: Klawf|Klawf, L90, F|272/272\n|turn|30\n|inactive|Time left: 300 sec this turn | 300 sec total\n|\n|t:|1783543983\n|move|p2a: Klawf|Stone Edge|p1a: Goodra|[miss]\n|-miss|p2a: Klawf|p1a: Goodra\n|move|p1a: Goodra|Draco Meteor|p2a: Klawf\n|-damage|p2a: Klawf|83/272\n|-unboost|p1a: Goodra|spa|2\n|\n|upkeep\n|turn|31\n|inactive|Time left: 300 sec this turn | 300 sec total\n|\n|t:|1783543984\n|switch|p1a: Zangoose|Zangoose, L85, M|100/100\n|move|p2a: Klawf|Stone Edge|p1a: Zangoose|[miss]\n|-miss|p2a: Klawf|p1a: Zangoose\n|\n|-status|p1a: Zangoose|tox|[from] item: Toxic Orb\n|upkeep\n|turn|32\n|inactive|Time left: 300 sec this turn | 300 sec total\n|\n|t:|1783543985\n|move|p2a: Klawf|Stone Edge|p1a: Zangoose\n|-damage|p1a: Zangoose|42/100 tox\n|move|p1a: Zangoose|Knock Off|p2a: Klawf\n|-damage|p2a: Klawf|0 fnt\n|-enditem|p2a: Klawf|Choice Scarf|[from] move: Knock Off|[of] p1a: Zangoose\n|faint|p2a: Klawf\n|\n|-damage|p1a: Zangoose|36/100 tox|[from] psn\n|upkeep\n|inactive|Time left: 300 sec this turn | 300 sec total | 5 sec grace\n|\n|t:|1783543986\n|switch|p2a: Walking Wake|Walking Wake, L79|286/286\n|turn|33\n|inactive|Time left: 300 sec this turn | 300 sec total\n|\n|t:|1783543987\n|switch|p1a: Goodra|Goodra, L85, M|46/100\n|move|p2a: Walking Wake|Draco Meteor|p1a: Goodra\n|-supereffective|p1a: Goodra\n|-damage|p1a: Goodra|0 fnt\n|-unboost|p2a: Walking Wake|spa|2\n|faint|p1a: Goodra\n|\n|upkeep\n|\n|t:|1783543988\n|switch|p1a: Rampardos|Rampardos, L90, M|51/100\n|turn|34\n|inactive|Time left: 300 sec this turn | 300 sec total\n|\n|t:|1783543988\n|move|p2a: Walking Wake|Draco Meteor|p1a: Rampardos\n|-damage|p1a: Rampardos|1/100\n|-unboost|p2a: Walking Wake|spa|2\n|move|p1a: Rampardos|Rock Slide|p2a: Walking Wake\n|-damage|p2a: Walking Wake|25/286\n|\n|upkeep\n|turn|35\n|inactive|Time left: 300 sec this turn | 300 sec total\n|\n|t:|1783543989\n|move|p2a: Walking Wake|Draco Meteor|p1a: Rampardos\n|-crit|p1a: Rampardos\n|-damage|p1a: Rampardos|0 fnt\n|-unboost|p2a: Walking Wake|spa|2\n|faint|p1a: Rampardos\n|\n|upkeep\n|\n|t:|1783543990\n|switch|p1a: Wugtrio|Wugtrio, L91, F|100/100\n|turn|36\n|inactive|Time left: 300 sec this turn | 300 sec total\n|\n|t:|1783543991\n|move|p1a: Wugtrio|Liquidation|p2a: Walking Wake\n|-resisted|p2a: Walking Wake\n|-damage|p2a: Walking Wake|0 fnt\n|faint|p2a: Walking Wake\n|-end|p2a: Walking Wake|Protosynthesis|[silent]\n|\n|upkeep\n|inactive|Time left: 300 sec this turn | 300 sec total | 5 sec grace\n|\n|t:|1783543991\n|switch|p2a: Palossand|Palossand, L89, M|296/296\n|turn|37\n|inactive|Time left: 300 sec this turn | 300 sec total\n|\n|t:|1783543992\n|switch|p1a: Zangoose|Zangoose, L85, M|36/100 tox\n|move|p2a: Palossand|Shore Up|p2a: Palossand\n|-fail|p2a: Palossand|heal\n|\n|-damage|p1a: Zangoose|30/100 tox|[from] psn\n|upkeep\n|turn|38\n|inactive|Time left: 300 sec this turn | 300 sec total\n|\n|t:|1783543993\n|move|p1a: Zangoose|Knock Off|p2a: Palossand\n|-supereffective|p2a: Palossand\n|-damage|p2a: Palossand|118/296\n|-enditem|p2a: Palossand|Leftovers|[from] move: Knock Off|[of] p1a: Zangoose\n|move|p2a: Palossand|Shore Up|p2a: Palossand\n|-heal|p2a: Palossand|266/296\n|\n|-damage|p1a: Zangoose|18/100 tox|[from] psn\n|upkeep\n|turn|39\n|inactive|Time left: 300 sec this turn | 300 sec total\n|\n|t:|1783543994\n|move|p1a: Zangoose|Knock Off|p2a: Palossand\n|-supereffective|p2a: Palossand\n|-damage|p2a: Palossand|136/296\n|move|p2a: Palossand|Shore Up|p2a: Palossand\n|-heal|p2a: Palossand|284/296\n|\n|-damage|p1a: Zangoose|0 fnt|[from] psn\n|faint|p1a: Zangoose\n|upkeep\n|\n|t:|1783543994\n|switch|p1a: Wugtrio|Wugtrio, L91, F|100/100\n|turn|40\n|inactive|Time left: 300 sec this turn | 300 sec total\n|\n|t:|1783543995\n|move|p1a: Wugtrio|Throat Chop|p2a: Palossand\n|-supereffective|p2a: Palossand\n|-damage|p2a: Palossand|132/296\n|-start|p2a: Palossand|Throat Chop|[silent]\n|move|p2a: Palossand|Shore Up|p2a: Palossand\n|-heal|p2a: Palossand|280/296\n|\n|upkeep\n|turn|41\n|inactive|Time left: 300 sec this turn | 300 sec total\n|\n|t:|1783543996\n|move|p1a: Wugtrio|Throat Chop|p2a: Palossand\n|-supereffective|p2a: Palossand\n|-damage|p2a: Palossand|130/296\n|move|p2a: Palossand|Shore Up|p2a: Palossand\n|-heal|p2a: Palossand|278/296\n|\n|-end|p2a: Palossand|Throat Chop|[silent]\n|upkeep\n|turn|42\n|inactive|Time left: 300 sec this turn | 300 sec total\n|\n|t:|1783543997\n|move|p1a: Wugtrio|Throat Chop|p2a: Palossand\n|-supereffective|p2a: Palossand\n|-damage|p2a: Palossand|120/296\n|-start|p2a: Palossand|Throat Chop|[silent]\n|move|p2a: Palossand|Shore Up|p2a: Palossand\n|-heal|p2a: Palossand|268/296\n|\n|upkeep\n|turn|43\n|inactive|Time left: 300 sec this turn | 300 sec total\n|\n|t:|1783543998\n|move|p1a: Wugtrio|Throat Chop|p2a: Palossand\n|-supereffective|p2a: Palossand\n|-crit|p2a: Palossand\n|-damage|p2a: Palossand|24/296\n|move|p2a: Palossand|Shore Up|p2a: Palossand\n|-heal|p2a: Palossand|172/296\n|\n|-end|p2a: Palossand|Throat Chop|[silent]\n|upkeep\n|turn|44\n|inactive|Time left: 300 sec this turn | 300 sec total\n|\n|t:|1783543999\n|move|p1a: Wugtrio|Throat Chop|p2a: Palossand\n|-supereffective|p2a: Palossand\n|-damage|p2a: Palossand|18/296\n|-start|p2a: Palossand|Throat Chop|[silent]\n|move|p2a: Palossand|Shore Up|p2a: Palossand\n|-heal|p2a: Palossand|166/296\n|\n|upkeep\n|turn|45\n|inactive|Time left: 300 sec this turn | 300 sec total\n|\n|t:|1783544000\n|move|p1a: Wugtrio|Throat Chop|p2a: Palossand\n|-supereffective|p2a: Palossand\n|-damage|p2a: Palossand|0 fnt\n|faint|p2a: Palossand\n|\n|win|p0x369071d", "uploadtime": 1783544000, "views": 0, "rating": 0, "private": 0, "password": null, "_winner": "p0x369071d", "_our_name": "p0y369ee78"}