{"id": "battle-gen9randombattle-1800", "formatid": "gen9randombattle", "format": "[Gen 9] Random Battle", "players": ["p0x18007437", "p0y18006e8c"], "log": "|init|battle\n|title|p0x18007437 vs. p0y18006e8c\n|j|\u2606p0x18007437\n|j|\u2606p0y18006e8c\n|t:|1783560854\n|gametype|singles\n|player|p1|p0x18007437|266|\n|player|p2|p0y18006e8c|169|\n|gen|9\n|tier|[Gen 9] Random Battle\n|rule|Species Clause: Limit one of each Pok\u00e9mon\n|rule|HP Percentage Mod: HP is shown in percentages\n|rule|Sleep Clause Mod: Limit one foe put to sleep\n|rule|Illusion Level Mod: Illusion disguises the Pok\u00e9mon's true level\n|\n|t:|1783560854\n|teamsize|p1|6\n|teamsize|p2|6\n|start\n|switch|p1a: Lucario|Lucario, L84, M|100/100\n|switch|p2a: Cobalion|Cobalion, L80|277/277\n|turn|1\n|inactive|Battle timer is ON: inactive players will automatically lose when time's up. (requested by p0y18006e8c)\n|inactive|p0x18007437 also wants the timer to be on.\n|\n|t:|1783560856\n|move|p2a: Cobalion|Body Press|p1a: Lucario\n|-supereffective|p1a: Lucario\n|-damage|p1a: Lucario|15/100\n|move|p1a: Lucario|Close Combat|p2a: Cobalion\n|-supereffective|p2a: Cobalion\n|-damage|p2a: Cobalion|0 fnt\n|-unboost|p1a: Lucario|def|1\n|-unboost|p1a: Lucario|spd|1\n|faint|p2a: Cobalion\n|-damage|p1a: Lucario|5/100|[from] item: Life Orb\n|\n|upkeep\n|inactive|Time left: 300 sec this turn | 300 sec total | 65 sec grace\n|\n|t:|1783560857\n|switch|p2a: Arceus|Arceus-Ghost, L69|280/280\n|turn|2\n|inactive|Time left: 300 sec this turn | 300 sec total\n|\n|t:|1783560859\n|move|p2a: Arceus|Calm Mind|p2a: Arceus\n|-boost|p2a: Arceus|spa|1\n|-boost|p2a: Arceus|spd|1\n|move|p1a: Lucario|Close Combat|p2a: Arceus\n|-immune|p2a: Arceus\n|\n|upkeep\n|turn|3\n|inactive|Time left: 300 sec this turn | 300 sec total\n|\n|t:|1783560860\n|move|p2a: Arceus|Calm Mind|p2a: Arceus\n|-boost|p2a: Arceus|spa|1\n|-boost|p2a: Arceus|spd|1\n|move|p1a: Lucario|Swords Dance|p1a: Lucario\n|-boost|p1a: Lucario|atk|2\n|\n|upkeep\n|turn|4\n|inactive|Time left: 300 sec this turn | 300 sec total\n|\n|t:|1783560861\n|move|p2a: Arceus|Focus Blast|p1a: Lucario|[miss]\n|-miss|p2a: Arceus|p1a: Lucario\n|move|p1a: Lucario|Swords Dance|p1a: Lucario\n|-boost|p1a: Lucario|atk|2\n|\n|upkeep\n|turn|5\n|inactive|Time left: 300 sec this turn | 300 sec total\n|\n|t:|1783560861\n|move|p2a: Arceus|Focus Blast|p1a: Lucario\n|-supereffective|p1a: Lucario\n|-damage|p1a: Lucario|0 fnt\n|faint|p1a: Lucario\n|\n|upkeep\n|\n|t:|1783560862\n|switch|p1a: Swampert|Swampert, L83, M|100/100\n|turn|6\n|inactive|Time left: 300 sec this turn | 300 sec total\n|\n|t:|1783560863\n|move|p2a: Arceus|Judgment|p1a: Swampert\n|-damage|p1a: Swampert|38/100\n|move|p1a: Swampert|Roar|p2a: Arceus\n|drag|p2a: Skuntank|Skuntank, L84, M|310/310\n|\n|-heal|p1a: Swampert|44/100|[from] item: Leftovers\n|upkeep\n|turn|7\n|inactive|Time left: 300 sec this turn | 300 sec total\n|\n|t:|1783560865\n|move|p2a: Skuntank|Knock Off|p1a: Swampert\n|-damage|p1a: Swampert|12/100\n|-enditem|p1a: Swampert|Leftovers|[from] move: Knock Off|[of] p2a: Skuntank\n|move|p1a: Swampert|Earthquake|p2a: Skuntank\n|-supereffective|p2a: Skuntank\n|-crit|p2a: Skuntank\n|-damage|p2a: Skuntank|0 fnt\n|faint|p2a: Skuntank\n|\n|upkeep\n|inactive|Time left: 300 sec this turn | 300 sec total | 5 sec grace\n|\n|t:|1783560866\n|switch|p2a: Flareon|Flareon, L90, F|263/263\n|turn|8\n|inactive|Time left: 300 sec this turn | 300 sec total\n|\n|t:|1783560867\n|switch|p1a: Kleavor|Kleavor, L78, M|100/100\n|move|p2a: Flareon|Flare Blitz|p1a: Kleavor\n|-damage|p1a: Kleavor|17/100\n|-status|p1a: Kleavor|brn\n|-damage|p2a: Flareon|197/263|[from] Recoil\n|\n|-damage|p1a: Kleavor|11/100 brn|[from] brn\n|-status|p2a: Flareon|tox|[from] item: Toxic Orb\n|upkeep\n|turn|9\n|inactive|Time left: 300 sec this turn | 300 sec total\n|\n|t:|1783560868\n|move|p1a: Kleavor|Stone Axe|p2a: Flareon\n|-supereffective|p2a: Flareon\n|-damage|p2a: Flareon|53/263 tox\n|-sidestart|p2: p0y18006e8c|move: Stealth Rock\n|move|p2a: Flareon|Trailblaze|p1a: Kleavor\n|-damage|p1a: Kleavor|0 fnt\n|-boost|p2a: Flareon|spe|1\n|faint|p1a: Kleavor\n|\n|-damage|p2a: Flareon|37/263 tox|[from] psn\n|upkeep\n|\n|t:|1783560869\n|switch|p1a: Lokix|Lokix, L82, M|100/100\n|turn|10\n|inactive|Time left: 300 sec this turn | 300 sec total\n|\n|t:|1783560870\n|move|p1a: Lokix|Sucker Punch||[still]\n|-fail|p1a: Lokix\n|move|p2a: Flareon|Will-O-Wisp|p1a: Lokix\n|-status|p1a: Lokix|brn\n|\n|-damage|p2a: Flareon|5/263 tox|[from] psn\n|-damage|p1a: Lokix|95/100 brn|[from] brn\n|upkeep\n|turn|11\n|inactive|Time left: 300 sec this turn | 300 sec total\n|\n|t:|1783560871\n|move|p1a: Lokix|Sucker Punch|p2a: Flareon\n|-damage|p2a: Flareon|0 fnt\n|faint|p2a: Flareon\n|-damage|p1a: Lokix|85/100 brn|[from] item: Life Orb\n|\n|-damage|p1a: Lokix|79/100 brn|[from] brn\n|upkeep\n|inactive|Time left: 300 sec this turn | 300 sec total | 5 sec grace\n|\n|t:|1783560872\n|switch|p2a: Lokix|Lokix, L82, F|251/251\n|-damage|p2a: Lokix|189/251|[from] Stealth Rock\n|turn|12\n|inactive|Time left: 300 sec this turn | 300 sec total\n|\n|t:|1783560873\n|move|p1a: Lokix|Leech Life|p2a: Lokix\n|-supereffective|p2a: Lokix\n|-damage|p2a: Lokix|75/251\n|-heal|p1a: Lokix|100/100 brn|[from] drain|[of] p2a: Lokix\n|-damage|p1a: Lokix|91/100 brn|[from] item: Life Orb\n|move|p2a: Lokix|Leech Life|p1a: Lokix\n|-supereffective|p1a: Lokix\n|-damage|p1a: Lokix|0 fnt\n|-heal|p2a: Lokix|188/251|[from] drain|[of] p1a: Lokix\n|faint|p1a: Lokix\n|-damage|p2a: Lokix|163/251|[from] item: Life Orb\n|\n|upkeep\n|\n|t:|1783560874\n|switch|p1a: Furret|Furret, L94, F|100/100\n|-item|p2a: Lokix|Life Orb|[from] ability: Frisk|[of] p1a: Furret\n|turn|13\n|inactive|Time left: 300 sec this turn | 300 sec total\n|\n|t:|1783560875\n|switch|p2a: Arceus|Arceus-Ghost, L69|280/280\n|-damage|p2a: Arceus|245/280|[from] Stealth Rock\n|move|p1a: Furret|Double-Edge|p2a: Arceus\n|-immune|p2a: Arceus\n|\n|upkeep\n|turn|14\n|inactive|Time left: 300 sec this turn | 300 sec total\n|\n|t:|1783560876\n|move|p1a: Furret|Tidy Up|p1a: Furret\n|-sideend|p2: p0y18006e8c|Stealth Rock\n|-activate|p1a: Furret|move: Tidy Up\n|-boost|p1a: Furret|atk|1\n|-boost|p1a: Furret|spe|1\n|move|p2a: Arceus|Calm Mind|p2a: Arceus\n|-boost|p2a: Arceus|spa|1\n|-boost|p2a: Arceus|spd|1\n|\n|upkeep\n|turn|15\n|inactive|Time left: 300 sec this turn | 300 sec total\n|\n|t:|1783560877\n|move|p1a: Furret|Tidy Up|p1a: Furret\n|-boost|p1a: Furret|atk|1\n|-boost|p1a: Furret|spe|1\n|move|p2a: Arceus|Focus Blast|p1a: Furret\n|-supereffective|p1a: Furret\n|-damage|p1a: Furret|13/100\n|\n|upkeep\n|turn|16\n|inactive|Time left: 300 sec this turn | 300 sec total\n|\n|t:|1783560878\n|move|p1a: Furret|Knock Off|p2a: Arceus\n|-supereffective|p2a: Arceus\n|-damage|p2a: Arceus|0 fnt\n|faint|p2a: Arceus\n|-damage|p1a: Furret|3/100|[from] item: Life Orb\n|\n|upkeep\n|inactive|Time left: 300 sec this turn | 300 sec total | 5 sec grace\n|\n|t:|1783560879\n|switch|p2a: Lokix|Lokix, L82, F|163/251\n|turn|17\n|inactive|Time left: 300 sec this turn | 300 sec total\n|\n|t:|1783560879\n|move|p2a: Lokix|Sucker Punch|p1a: Furret\n|-damage|p1a: Furret|0 fnt\n|faint|p1a: Furret\n|-damage|p2a: Lokix|138/251|[from] item: Life Orb\n|\n|upkeep\n|\n|t:|1783560880\n|switch|p1a: Camerupt|Camerupt, L91, F|100/100\n|turn|18\n|inactive|Time left: 300 sec this turn | 300 sec total\n|\n|t:|1783560881\n|-terastallize|p2a: Lokix|Dark\n|move|p2a: Lokix|Knock Off|p1a: Camerupt\n|-damage|p1a: Camerupt|34/100\n|-enditem|p1a: Camerupt|Leftovers|[from] move: Knock Off|[of] p2a: Lokix\n|-damage|p2a: Lokix|113/251|[from] item: Life Orb\n|move|p1a: Camerupt|Will-O-Wisp|p2a: Lokix\n|-status|p2a: Lokix|brn\n|\n|-damage|p2a: Lokix|98/251 brn|[from] brn\n|upkeep\n|turn|19\n|inactive|Time left: 300 sec this turn | 300 sec total\n|\n|t:|1783560882\n|-terastallize|p1a: Camerupt|Water\n|move|p2a: Lokix|Knock Off|p1a: Camerupt\n|-damage|p1a: Camerupt|9/100\n|-damage|p2a: Lokix|73/251 brn|[from] item: Life Orb\n|move|p1a: Camerupt|Earthquake|p2a: Lokix\n|-damage|p2a: Lokix|0 fnt\n|faint|p2a: Lokix\n|\n|upkeep\n|inactive|Time left: 300 sec this turn | 300 sec total | 5 sec grace\n|\n|t:|1783560883\n|switch|p2a: Hypno|Hypno, L95, M|315/315\n|turn|20\n|inactive|Time left: 300 sec this turn | 300 sec total\n|\n|t:|1783560884\n|move|p2a: Hypno|Psychic Noise|p1a: Camerupt\n|-damage|p1a: Camerupt|0 fnt\n|faint|p1a: Camerupt\n|\n|upkeep\n|\n|t:|1783560885\n|switch|p1a: Swampert|Swampert, L83, M|12/100\n|turn|21\n|inactive|Time left: 300 sec this turn | 300 sec total\n|\n|t:|1783560886\n|move|p2a: Hypno|Psychic Noise|p1a: Swampert\n|-damage|p1a: Swampert|0 fnt\n|faint|p1a: Swampert\n|\n|win|p0y18006e8c", "uploadtime": 1783560886, "views": 0, "rating": 0, "private": 0, "password": null, "_winner": "p0y18006e8c", "_our_name": "p0y18006e8c"}