{"id": "battle-gen9randombattle-1591", "formatid": "gen9randombattle", "format": "[Gen 9] Random Battle", "players": ["p0x1591548f", "p0y15914572"], "log": "|init|battle\n|title|p0x1591548f vs. p0y15914572\n|j|\u2606p0x1591548f\n|j|\u2606p0y15914572\n|t:|1783558421\n|gametype|singles\n|player|p1|p0x1591548f|102|\n|player|p2|p0y15914572|1|\n|gen|9\n|tier|[Gen 9] Random Battle\n|rule|Species Clause: Limit one of each Pok\u00e9mon\n|rule|HP Percentage Mod: HP is shown in percentages\n|rule|Sleep Clause Mod: Limit one foe put to sleep\n|rule|Illusion Level Mod: Illusion disguises the Pok\u00e9mon's true level\n|\n|t:|1783558421\n|teamsize|p1|6\n|teamsize|p2|6\n|start\n|switch|p1a: Klawf|Klawf, L90, F|272/272\n|switch|p2a: Registeel|Registeel, L81|100/100\n|turn|1\n|inactive|Battle timer is ON: inactive players will automatically lose when time's up. (requested by p0y15914572)\n|inactive|Time left: 300 sec this turn | 300 sec total | 60 sec grace\n|inactive|p0x1591548f also wants the timer to be on.\n|\n|t:|1783558422\n|move|p1a: Klawf|High Horsepower|p2a: Registeel\n|-supereffective|p2a: Registeel\n|-damage|p2a: Registeel|50/100\n|move|p2a: Registeel|Iron Defense|p2a: Registeel\n|-boost|p2a: Registeel|def|2\n|\n|upkeep\n|turn|2\n|inactive|Time left: 300 sec this turn | 300 sec total\n|\n|t:|1783558424\n|switch|p1a: Slowking|Slowking, L88, F|310/310\n|move|p2a: Registeel|Body Press|p1a: Slowking\n|-resisted|p1a: Slowking\n|-damage|p1a: Slowking|229/310\n|\n|-heal|p1a: Slowking|248/310|[from] item: Leftovers\n|upkeep\n|turn|3\n|inactive|Time left: 300 sec this turn | 300 sec total\n|\n|t:|1783558425\n|move|p2a: Registeel|Rest|p2a: Registeel\n|-status|p2a: Registeel|slp|[from] move: Rest\n|-heal|p2a: Registeel|100/100 slp|[silent]\n|-enditem|p2a: Registeel|Chesto Berry|[eat]\n|-curestatus|p2a: Registeel|slp|[msg]\n|move|p1a: Slowking|Scald|p2a: Registeel\n|-crit|p2a: Registeel\n|-damage|p2a: Registeel|66/100\n|-status|p2a: Registeel|brn\n|\n|-heal|p1a: Slowking|267/310|[from] item: Leftovers\n|-damage|p2a: Registeel|60/100 brn|[from] brn\n|upkeep\n|turn|4\n|inactive|Time left: 300 sec this turn | 300 sec total\n|\n|t:|1783558426\n|move|p2a: Registeel|Rest|p2a: Registeel\n|-status|p2a: Registeel|slp|[from] move: Rest\n|-heal|p2a: Registeel|100/100 slp|[silent]\n|move|p1a: Slowking|Scald|p2a: Registeel\n|-crit|p2a: Registeel\n|-damage|p2a: Registeel|65/100 slp\n|\n|-heal|p1a: Slowking|286/310|[from] item: Leftovers\n|upkeep\n|turn|5\n|inactive|Time left: 300 sec this turn | 300 sec total\n|\n|t:|1783558427\n|cant|p2a: Registeel|slp\n|move|p1a: Slowking|Scald|p2a: Registeel\n|-damage|p2a: Registeel|38/100 slp\n|\n|-heal|p1a: Slowking|305/310|[from] item: Leftovers\n|upkeep\n|turn|6\n|inactive|Time left: 300 sec this turn | 300 sec total\n|\n|t:|1783558428\n|cant|p2a: Registeel|slp\n|move|p1a: Slowking|Scald|p2a: Registeel\n|-crit|p2a: Registeel\n|-damage|p2a: Registeel|0 fnt\n|faint|p2a: Registeel\n|\n|-heal|p1a: Slowking|310/310|[from] item: Leftovers\n|upkeep\n|\n|t:|1783558430\n|switch|p2a: Mimikyu|Mimikyu, L79, F|100/100\n|turn|7\n|inactive|Time left: 300 sec this turn | 300 sec total\n|\n|t:|1783558431\n|move|p2a: Mimikyu|Swords Dance|p2a: Mimikyu\n|-boost|p2a: Mimikyu|atk|2\n|move|p1a: Slowking|Thunder Wave|p2a: Mimikyu|[miss]\n|-miss|p1a: Slowking|p2a: Mimikyu\n|\n|upkeep\n|turn|8\n|inactive|Time left: 300 sec this turn | 300 sec total\n|\n|t:|1783558432\n|move|p2a: Mimikyu|Shadow Claw|p1a: Slowking\n|-supereffective|p1a: Slowking\n|-damage|p1a: Slowking|0 fnt\n|faint|p1a: Slowking\n|-damage|p2a: Mimikyu|91/100|[from] item: Life Orb\n|\n|upkeep\n|inactive|Time left: 300 sec this turn | 300 sec total | 5 sec grace\n|\n|t:|1783558433\n|switch|p1a: Arceus|Arceus-Bug, L73|295/295\n|turn|9\n|inactive|Time left: 300 sec this turn | 300 sec total\n|\n|t:|1783558434\n|move|p1a: Arceus|Calm Mind|p1a: Arceus\n|-boost|p1a: Arceus|spa|1\n|-boost|p1a: Arceus|spd|1\n|move|p2a: Mimikyu|Play Rough|p1a: Arceus\n|-damage|p1a: Arceus|99/295\n|-damage|p2a: Mimikyu|81/100|[from] item: Life Orb\n|\n|upkeep\n|turn|10\n|inactive|Time left: 300 sec this turn | 300 sec total\n|\n|t:|1783558435\n|move|p1a: Arceus|Recover|p1a: Arceus\n|-heal|p1a: Arceus|247/295\n|move|p2a: Mimikyu|Shadow Claw|p1a: Arceus\n|-damage|p1a: Arceus|101/295\n|-damage|p2a: Mimikyu|71/100|[from] item: Life Orb\n|\n|upkeep\n|turn|11\n|inactive|Time left: 300 sec this turn | 300 sec total\n|\n|t:|1783558436\n|move|p1a: Arceus|Recover|p1a: Arceus\n|-heal|p1a: Arceus|249/295\n|move|p2a: Mimikyu|Play Rough|p1a: Arceus|[miss]\n|-miss|p2a: Mimikyu|p1a: Arceus\n|\n|upkeep\n|turn|12\n|inactive|Time left: 300 sec this turn | 300 sec total\n|\n|t:|1783558437\n|-terastallize|p1a: Arceus|Fire\n|move|p1a: Arceus|Judgment|p2a: Mimikyu\n|-activate|p2a: Mimikyu|ability: Disguise\n|-damage|p2a: Mimikyu|71/100\n|detailschange|p2a: Mimikyu|Mimikyu-Busted, L79, F\n|-damage|p2a: Mimikyu|59/100|[from] pokemon: Mimikyu-Busted\n|move|p2a: Mimikyu|Play Rough|p1a: Arceus\n|-resisted|p1a: Arceus\n|-damage|p1a: Arceus|148/295\n|-damage|p2a: Mimikyu|49/100|[from] item: Life Orb\n|\n|upkeep\n|turn|13\n|inactive|Time left: 300 sec this turn | 300 sec total\n|\n|t:|1783558437\n|move|p2a: Mimikyu|Shadow Sneak|p1a: Arceus\n|-damage|p1a: Arceus|69/295\n|-damage|p2a: Mimikyu|39/100|[from] item: Life Orb\n|move|p1a: Arceus|Fire Blast|p2a: Mimikyu\n|-damage|p2a: Mimikyu|0 fnt\n|faint|p2a: Mimikyu\n|\n|upkeep\n|\n|t:|1783558438\n|switch|p2a: Kingdra|Kingdra, L84, M|100/100\n|turn|14\n|inactive|Time left: 300 sec this turn | 300 sec total\n|\n|t:|1783558439\n|move|p1a: Arceus|Judgment|p2a: Kingdra\n|-damage|p2a: Kingdra|43/100\n|move|p2a: Kingdra|Dragon Dance|p2a: Kingdra\n|-boost|p2a: Kingdra|atk|1\n|-boost|p2a: Kingdra|spe|1\n|\n|upkeep\n|turn|15\n|inactive|Time left: 300 sec this turn | 300 sec total\n|\n|t:|1783558440\n|move|p2a: Kingdra|Outrage|p1a: Arceus\n|-damage|p1a: Arceus|0 fnt\n|faint|p1a: Arceus\n|\n|upkeep\n|inactive|Time left: 300 sec this turn | 300 sec total | 5 sec grace\n|\n|t:|1783558440\n|switch|p1a: Brambleghast|Brambleghast, L88, M|240/240\n|turn|16\n|inactive|Time left: 300 sec this turn | 300 sec total\n|\n|t:|1783558441\n|move|p2a: Kingdra|Outrage|p1a: Brambleghast|[from] lockedmove\n|-damage|p1a: Brambleghast|14/240\n|move|p1a: Brambleghast|Strength Sap|p2a: Kingdra\n|-unboost|p2a: Kingdra|atk|1\n|-heal|p1a: Brambleghast|240/240\n|\n|upkeep\n|turn|17\n|inactive|Time left: 300 sec this turn | 300 sec total\n|\n|t:|1783558442\n|move|p2a: Kingdra|Outrage|p1a: Brambleghast|[from] lockedmove\n|-damage|p1a: Brambleghast|102/240\n|-start|p2a: Kingdra|confusion|[fatigue]\n|-enditem|p2a: Kingdra|Lum Berry|[eat]\n|-end|p2a: Kingdra|confusion\n|move|p1a: Brambleghast|Strength Sap|p2a: Kingdra\n|-unboost|p2a: Kingdra|atk|1\n|-heal|p1a: Brambleghast|240/240\n|\n|upkeep\n|turn|18\n|inactive|Time left: 300 sec this turn | 300 sec total\n|\n|t:|1783558443\n|switch|p2a: Squawkabilly|Squawkabilly-Blue, L85, M|100/100\n|move|p1a: Brambleghast|Power Whip|p2a: Squawkabilly\n|-resisted|p2a: Squawkabilly\n|-damage|p2a: Squawkabilly|61/100\n|\n|-status|p2a: Squawkabilly|brn|[from] item: Flame Orb\n|upkeep\n|turn|19\n|inactive|Time left: 300 sec this turn | 300 sec total\n|\n|t:|1783558444\n|move|p1a: Brambleghast|Power Whip|p2a: Squawkabilly\n|-resisted|p2a: Squawkabilly\n|-damage|p2a: Squawkabilly|16/100 brn\n|move|p2a: Squawkabilly|Brave Bird|p1a: Brambleghast\n|-supereffective|p1a: Brambleghast\n|-damage|p1a: Brambleghast|0 fnt\n|faint|p1a: Brambleghast\n|-damage|p2a: Squawkabilly|0 fnt|[from] Recoil\n|faint|p2a: Squawkabilly\n|\n|upkeep\n|inactive|Time left: 300 sec this turn | 300 sec total | 5 sec grace\n|\n|t:|1783558445\n|switch|p1a: Breloom|Breloom, L83, M|235/235\n|switch|p2a: Ursaluna|Ursaluna-Bloodmoon, L79, M|100/100\n|turn|20\n|inactive|Time left: 300 sec this turn | 300 sec total\n|\n|t:|1783558446\n|switch|p2a: Vileplume|Vileplume, L85, F|100/100\n|move|p1a: Breloom|Spore|p2a: Vileplume\n|-immune|p2a: Vileplume\n|\n|upkeep\n|turn|21\n|inactive|Time left: 300 sec this turn | 300 sec total\n|\n|t:|1783558447\n|switch|p1a: Klawf|Klawf, L90, F|272/272\n|move|p2a: Vileplume|Sludge Bomb|p1a: Klawf\n|-resisted|p1a: Klawf\n|-damage|p1a: Klawf|203/272\n|-status|p1a: Klawf|psn\n|\n|-damage|p1a: Klawf|169/272 psn|[from] psn\n|upkeep\n|turn|22\n|inactive|Time left: 300 sec this turn | 300 sec total\n|\n|t:|1783558448\n|switch|p1a: Breloom|Breloom, L83, M|235/235\n|move|p2a: Vileplume|Giga Drain|p1a: Breloom\n|-resisted|p1a: Breloom\n|-damage|p1a: Breloom|179/235\n|\n|upkeep\n|turn|23\n|inactive|Time left: 300 sec this turn | 300 sec total\n|\n|t:|1783558449\n|switch|p1a: Klawf|Klawf, L90, F|169/272 psn\n|move|p2a: Vileplume|Sludge Bomb|p1a: Klawf\n|-resisted|p1a: Klawf\n|-damage|p1a: Klawf|92/272 psn\n|-ability|p1a: Klawf|Anger Shell|boost\n|-boost|p1a: Klawf|atk|1\n|-boost|p1a: Klawf|spa|1\n|-boost|p1a: Klawf|spe|1\n|-unboost|p1a: Klawf|def|1\n|-unboost|p1a: Klawf|spd|1\n|\n|-damage|p1a: Klawf|58/272 psn|[from] psn\n|upkeep\n|turn|24\n|inactive|Time left: 300 sec this turn | 300 sec total\n|\n|t:|1783558450\n|move|p1a: Klawf|Stone Edge|p2a: Vileplume\n|-damage|p2a: Vileplume|34/100\n|move|p2a: Vileplume|Giga Drain|p1a: Klawf\n|-supereffective|p1a: Klawf\n|-crit|p1a: Klawf\n|-damage|p1a: Klawf|0 fnt\n|-heal|p2a: Vileplume|45/100|[from] drain|[of] p1a: Klawf\n|faint|p1a: Klawf\n|\n|-heal|p2a: Vileplume|51/100|[from] item: Leftovers\n|upkeep\n|inactive|Time left: 300 sec this turn | 300 sec total | 5 sec grace\n|\n|t:|1783558451\n|switch|p1a: Basculin|Basculin, L86, F|261/261\n|turn|25\n|inactive|Time left: 300 sec this turn | 300 sec total\n|\n|t:|1783558451\n|move|p1a: Basculin|Wave Crash|p2a: Vileplume\n|-resisted|p2a: Vileplume\n|-damage|p2a: Vileplume|2/100\n|-damage|p1a: Basculin|218/261|[from] Recoil\n|move|p2a: Vileplume|Giga Drain|p1a: Basculin\n|-supereffective|p1a: Basculin\n|-damage|p1a: Basculin|0 fnt\n|-heal|p2a: Vileplume|43/100|[from] drain|[of] p1a: Basculin\n|faint|p1a: Basculin\n|\n|-heal|p2a: Vileplume|49/100|[from] item: Leftovers\n|upkeep\n|inactive|Time left: 300 sec this turn | 300 sec total | 5 sec grace\n|\n|t:|1783558452\n|switch|p1a: Breloom|Breloom, L83, M|179/235\n|turn|26\n|inactive|Time left: 300 sec this turn | 300 sec total\n|\n|t:|1783558453\n|move|p1a: Breloom|Mach Punch|p2a: Vileplume\n|-resisted|p2a: Vileplume\n|-damage|p2a: Vileplume|30/100\n|-damage|p1a: Breloom|156/235|[from] item: Life Orb\n|move|p2a: Vileplume|Sludge Bomb|p1a: Breloom\n|-supereffective|p1a: Breloom\n|-damage|p1a: Breloom|0 fnt\n|faint|p1a: Breloom\n|\n|win|p0y15914572", "uploadtime": 1783558453, "views": 0, "rating": 0, "private": 0, "password": null, "_winner": "p0y15914572", "_our_name": "p0x1591548f"}