{"id": "battle-gen9randombattle-2132", "formatid": "gen9randombattle", "format": "[Gen 9] Random Battle", "players": ["p0x2132e5de", "p0y21325e54"], "log": "|init|battle\n|title|p0x2132e5de vs. p0y21325e54\n|j|\u2606p0x2132e5de\n|j|\u2606p0y21325e54\n|t:|1783564683\n|gametype|singles\n|player|p1|p0x2132e5de|266|\n|player|p2|p0y21325e54|266|\n|gen|9\n|tier|[Gen 9] Random Battle\n|rule|Species Clause: Limit one of each Pok\u00e9mon\n|rule|HP Percentage Mod: HP is shown in percentages\n|rule|Sleep Clause Mod: Limit one foe put to sleep\n|rule|Illusion Level Mod: Illusion disguises the Pok\u00e9mon's true level\n|\n|t:|1783564683\n|teamsize|p1|6\n|teamsize|p2|6\n|start\n|switch|p1a: Tentacruel|Tentacruel, L84, M|100/100\n|switch|p2a: Mesprit|Mesprit, L85|275/275\n|turn|1\n|inactive|Battle timer is ON: inactive players will automatically lose when time's up. (requested by p0y21325e54)\n|inactive|p0x2132e5de also wants the timer to be on.\n|\n|t:|1783564684\n|move|p1a: Tentacruel|Sludge Bomb|p2a: Mesprit\n|-damage|p2a: Mesprit|205/275\n|move|p2a: Mesprit|Psychic Noise|p1a: Tentacruel\n|-supereffective|p1a: Tentacruel\n|-damage|p1a: Tentacruel|47/100\n|-start|p1a: Tentacruel|move: Heal Block\n|\n|-heal|p2a: Mesprit|222/275|[from] item: Leftovers\n|upkeep\n|turn|2\n|inactive|Time left: 300 sec this turn | 300 sec total\n|\n|t:|1783564685\n|switch|p1a: Espathra|Espathra, L80, M|100/100\n|move|p2a: Mesprit|Psychic Noise|p1a: Espathra\n|-resisted|p1a: Espathra\n|-damage|p1a: Espathra|78/100\n|-start|p1a: Espathra|move: Heal Block\n|\n|-heal|p2a: Mesprit|239/275|[from] item: Leftovers\n|upkeep\n|turn|3\n|inactive|Time left: 300 sec this turn | 300 sec total\n|\n|t:|1783564686\n|move|p1a: Espathra|Substitute|p1a: Espathra\n|-start|p1a: Espathra|Substitute\n|-damage|p1a: Espathra|53/100\n|move|p2a: Mesprit|U-turn|p1a: Espathra\n|-supereffective|p1a: Espathra\n|-end|p1a: Espathra|Substitute\n|inactive|Time left: 300 sec this turn | 300 sec total | 5 sec grace\n|\n|t:|1783564687\n|switch|p2a: Furret|Furret, L94, F|312/312|[from] U-turn\n|-item|p1a: Espathra|Leftovers|[from] ability: Frisk|[of] p2a: Furret\n|\n|-end|p1a: Espathra|move: Heal Block\n|-ability|p1a: Espathra|Speed Boost|boost\n|-boost|p1a: Espathra|spe|1\n|upkeep\n|turn|4\n|inactive|Time left: 300 sec this turn | 300 sec total\n|\n|t:|1783564688\n|move|p1a: Espathra|Substitute|p1a: Espathra\n|-start|p1a: Espathra|Substitute\n|-damage|p1a: Espathra|28/100\n|move|p2a: Furret|Tidy Up|p2a: Furret\n|-end|p1a: Espathra|Substitute\n|-activate|p2a: Furret|move: Tidy Up\n|-boost|p2a: Furret|atk|1\n|-boost|p2a: Furret|spe|1\n|\n|-heal|p1a: Espathra|34/100|[from] item: Leftovers\n|-ability|p1a: Espathra|Speed Boost|boost\n|-boost|p1a: Espathra|spe|1\n|upkeep\n|turn|5\n|inactive|Time left: 300 sec this turn | 300 sec total\n|\n|t:|1783564689\n|move|p1a: Espathra|Substitute|p1a: Espathra\n|-start|p1a: Espathra|Substitute\n|-damage|p1a: Espathra|10/100\n|move|p2a: Furret|Double-Edge|p1a: Espathra\n|-end|p1a: Espathra|Substitute\n|-damage|p2a: Furret|289/312|[from] Recoil|[of] p1a: Espathra\n|-damage|p2a: Furret|258/312|[from] item: Life Orb\n|\n|-heal|p1a: Espathra|16/100|[from] item: Leftovers\n|-ability|p1a: Espathra|Speed Boost|boost\n|-boost|p1a: Espathra|spe|1\n|upkeep\n|turn|6\n|inactive|Time left: 300 sec this turn | 300 sec total\n|\n|t:|1783564690\n|move|p1a: Espathra|Stored Power|p2a: Furret\n|-damage|p2a: Furret|156/312\n|move|p2a: Furret|Brick Break|p1a: Espathra\n|-resisted|p1a: Espathra\n|-damage|p1a: Espathra|0 fnt\n|faint|p1a: Espathra\n|-damage|p2a: Furret|125/312|[from] item: Life Orb\n|\n|upkeep\n|\n|t:|1783564690\n|switch|p1a: Electrode|Electrode-Hisui, L87|100/100\n|turn|7\n|inactive|Time left: 300 sec this turn | 300 sec total\n|\n|t:|1783564692\n|move|p2a: Furret|Double-Edge|p1a: Electrode\n|-damage|p1a: Electrode|0 fnt\n|faint|p1a: Electrode\n|-damage|p2a: Furret|44/312|[from] Recoil\n|-damage|p2a: Furret|13/312|[from] item: Life Orb\n|\n|upkeep\n|\n|t:|1783564693\n|switch|p1a: Tentacruel|Tentacruel, L84, M|47/100\n|turn|8\n|inactive|Time left: 300 sec this turn | 300 sec total\n|\n|t:|1783564694\n|move|p2a: Furret|Double-Edge|p1a: Tentacruel\n|-damage|p1a: Tentacruel|0 fnt\n|faint|p1a: Tentacruel\n|-damage|p2a: Furret|0 fnt|[from] Recoil\n|faint|p2a: Furret\n|\n|upkeep\n|inactive|Time left: 300 sec this turn | 300 sec total | 5 sec grace\n|\n|t:|1783564695\n|switch|p2a: Morpeko|Morpeko, L88, F|245/245\n|switch|p1a: Zacian|Zacian, L69|100/100\n|-ability|p1a: Zacian|Intrepid Sword|boost\n|-boost|p1a: Zacian|atk|1\n|turn|9\n|inactive|Time left: 300 sec this turn | 300 sec total\n|\n|t:|1783564696\n|-terastallize|p2a: Morpeko|Electric\n|move|p1a: Zacian|Play Rough|p2a: Morpeko\n|-damage|p2a: Morpeko|58/245\n|-damage|p1a: Zacian|91/100|[from] item: Life Orb\n|move|p2a: Morpeko|Aura Wheel|p1a: Zacian\n|-damage|p1a: Zacian|23/100\n|-boost|p2a: Morpeko|spe|1\n|\n|upkeep\n|turn|10\n|inactive|Time left: 300 sec this turn | 300 sec total\n|\n|t:|1783564697\n|move|p2a: Morpeko|Aura Wheel|p1a: Zacian\n|-damage|p1a: Zacian|0 fnt\n|-boost|p2a: Morpeko|spe|1\n|faint|p1a: Zacian\n|\n|upkeep\n|\n|t:|1783564698\n|switch|p1a: Ho-Oh|Ho-Oh, L71|100/100\n|turn|11\n|inactive|Time left: 300 sec this turn | 300 sec total\n|\n|t:|1783564699\n|-terastallize|p1a: Ho-Oh|Ground\n|move|p2a: Morpeko|Aura Wheel|p1a: Ho-Oh\n|-immune|p1a: Ho-Oh\n|move|p1a: Ho-Oh|Sacred Fire|p2a: Morpeko\n|-damage|p2a: Morpeko|0 fnt\n|faint|p2a: Morpeko\n|\n|upkeep\n|inactive|Time left: 300 sec this turn | 300 sec total | 5 sec grace\n|\n|t:|1783564700\n|switch|p2a: Iron Hands|Iron Hands, L79|373/373\n|turn|12\n|inactive|Time left: 300 sec this turn | 300 sec total\n|\n|t:|1783564701\n|move|p1a: Ho-Oh|Sacred Fire|p2a: Iron Hands\n|-damage|p2a: Iron Hands|291/373\n|-status|p2a: Iron Hands|brn\n|move|p2a: Iron Hands|Swords Dance|p2a: Iron Hands\n|-boost|p2a: Iron Hands|atk|2\n|\n|-heal|p2a: Iron Hands|314/373 brn|[from] item: Leftovers\n|-damage|p2a: Iron Hands|291/373 brn|[from] brn\n|upkeep\n|turn|13\n|inactive|Time left: 300 sec this turn | 300 sec total\n|\n|t:|1783564702\n|move|p1a: Ho-Oh|Earthquake|p2a: Iron Hands\n|-supereffective|p2a: Iron Hands\n|-damage|p2a: Iron Hands|121/373 brn\n|move|p2a: Iron Hands|Ice Punch|p1a: Ho-Oh\n|-supereffective|p1a: Ho-Oh\n|-crit|p1a: Ho-Oh\n|-damage|p1a: Ho-Oh|14/100\n|\n|-heal|p2a: Iron Hands|144/373 brn|[from] item: Leftovers\n|-damage|p2a: Iron Hands|121/373 brn|[from] brn\n|upkeep\n|turn|14\n|inactive|Time left: 300 sec this turn | 300 sec total\n|\n|t:|1783564704\n|move|p1a: Ho-Oh|Earthquake|p2a: Iron Hands\n|-supereffective|p2a: Iron Hands\n|-damage|p2a: Iron Hands|0 fnt\n|faint|p2a: Iron Hands\n|-end|p2a: Iron Hands|Quark Drive|[silent]\n|\n|upkeep\n|inactive|Time left: 300 sec this turn | 300 sec total | 5 sec grace\n|\n|t:|1783564705\n|switch|p2a: Mesprit|Mesprit, L85|239/275\n|turn|15\n|inactive|Time left: 300 sec this turn | 300 sec total\n|\n|t:|1783564706\n|switch|p1a: Drifblim|Drifblim, L86, M|100/100\n|move|p2a: Mesprit|Psychic Noise|p1a: Drifblim\n|-damage|p1a: Drifblim|72/100\n|-start|p1a: Drifblim|move: Heal Block\n|\n|-heal|p2a: Mesprit|256/275|[from] item: Leftovers\n|upkeep\n|turn|16\n|inactive|Time left: 300 sec this turn | 300 sec total\n|\n|t:|1783564707\n|move|p1a: Drifblim|Shadow Ball|p2a: Mesprit\n|-supereffective|p2a: Mesprit\n|-damage|p2a: Mesprit|110/275\n|move|p2a: Mesprit|Thunder Wave|p1a: Drifblim\n|-status|p1a: Drifblim|par\n|\n|-heal|p2a: Mesprit|127/275|[from] item: Leftovers\n|-end|p1a: Drifblim|move: Heal Block\n|upkeep\n|turn|17\n|inactive|Time left: 300 sec this turn | 300 sec total\n|\n|t:|1783564708\n|move|p2a: Mesprit|Psychic Noise|p1a: Drifblim\n|-damage|p1a: Drifblim|40/100 par\n|-start|p1a: Drifblim|move: Heal Block\n|cant|p1a: Drifblim|move: Heal Block|Strength Sap\n|\n|-heal|p2a: Mesprit|144/275|[from] item: Leftovers\n|upkeep\n|turn|18\n|inactive|Time left: 300 sec this turn | 300 sec total\n|\n|t:|1783564710\n|move|p2a: Mesprit|Psychic Noise|p1a: Drifblim\n|-damage|p1a: Drifblim|7/100 par\n|cant|p1a: Drifblim|par\n|\n|-heal|p2a: Mesprit|161/275|[from] item: Leftovers\n|-end|p1a: Drifblim|move: Heal Block\n|upkeep\n|-enditem|p1a: Drifblim|Sitrus Berry|[eat]\n|-heal|p1a: Drifblim|32/100 par|[from] item: Sitrus Berry\n|turn|19\n|inactive|Time left: 300 sec this turn | 300 sec total\n|\n|t:|1783564711\n|move|p1a: Drifblim|Strength Sap|p2a: Mesprit\n|-unboost|p2a: Mesprit|atk|1\n|-heal|p1a: Drifblim|89/100 par\n|move|p2a: Mesprit|Psychic Noise|p1a: Drifblim\n|-damage|p1a: Drifblim|57/100 par\n|-start|p1a: Drifblim|move: Heal Block\n|\n|-heal|p2a: Mesprit|178/275|[from] item: Leftovers\n|upkeep\n|turn|20\n|inactive|Time left: 300 sec this turn | 300 sec total\n|\n|t:|1783564712\n|move|p1a: Drifblim|Shadow Ball|p2a: Mesprit\n|-supereffective|p2a: Mesprit\n|-damage|p2a: Mesprit|40/275\n|move|p2a: Mesprit|U-turn|p1a: Drifblim\n|-resisted|p1a: Drifblim\n|-damage|p1a: Drifblim|54/100 par\n|inactive|Time left: 300 sec this turn | 300 sec total | 5 sec grace\n|\n|t:|1783564713\n|switch|p2a: Lumineon|Lumineon, L93, F|279/279|[from] U-turn\n|\n|-end|p1a: Drifblim|move: Heal Block\n|upkeep\n|turn|21\n|inactive|Time left: 300 sec this turn | 300 sec total\n|\n|t:|1783564714\n|move|p2a: Lumineon|Ice Beam|p1a: Drifblim\n|-supereffective|p1a: Drifblim\n|-damage|p1a: Drifblim|0 fnt\n|faint|p1a: Drifblim\n|-damage|p2a: Lumineon|252/279|[from] item: Life Orb\n|\n|upkeep\n|\n|t:|1783564714\n|switch|p1a: Ho-Oh|Ho-Oh, L71, tera:Ground|47/100\n|turn|22\n|inactive|Time left: 300 sec this turn | 300 sec total\n|\n|t:|1783564715\n|move|p2a: Lumineon|Hydro Pump|p1a: Ho-Oh\n|-supereffective|p1a: Ho-Oh\n|-damage|p1a: Ho-Oh|0 fnt\n|faint|p1a: Ho-Oh\n|-damage|p2a: Lumineon|225/279|[from] item: Life Orb\n|\n|win|p0y21325e54", "uploadtime": 1783564715, "views": 0, "rating": 0, "private": 0, "password": null, "_winner": "p0y21325e54", "_our_name": "p0y21325e54"}