{"id": "battle-gen9randombattle-1840", "formatid": "gen9randombattle", "format": "[Gen 9] Random Battle", "players": ["p0x18400b69", "p0y18407fbc"], "log": "|init|battle\n|title|p0x18400b69 vs. p0y18407fbc\n|j|\u2606p0x18400b69\n|j|\u2606p0y18407fbc\n|t:|1783561290\n|gametype|singles\n|player|p1|p0x18400b69|265|\n|player|p2|p0y18407fbc|265|\n|gen|9\n|tier|[Gen 9] Random Battle\n|rule|Species Clause: Limit one of each Pok\u00e9mon\n|rule|HP Percentage Mod: HP is shown in percentages\n|rule|Sleep Clause Mod: Limit one foe put to sleep\n|rule|Illusion Level Mod: Illusion disguises the Pok\u00e9mon's true level\n|\n|t:|1783561290\n|teamsize|p1|6\n|teamsize|p2|6\n|start\n|switch|p1a: Salamence|Salamence, L77, F|100/100\n|switch|p2a: Kyurem|Kyurem-Black, L71|295/295\n|-ability|p2a: Kyurem|Teravolt\n|turn|1\n|inactive|Battle timer is ON: inactive players will automatically lose when time's up. (requested by p0x18400b69)\n|inactive|Time left: 300 sec this turn | 300 sec total | 60 sec grace\n|inactive|p0y18407fbc also wants the timer to be on.\n|\n|t:|1783561291\n|-terastallize|p2a: Kyurem|Ground\n|move|p1a: Salamence|Outrage|p2a: Kyurem\n|-damage|p2a: Kyurem|138/295\n|move|p2a: Kyurem|Icicle Spear|p1a: Salamence\n|-supereffective|p1a: Salamence\n|-damage|p1a: Salamence|46/100\n|-supereffective|p1a: Salamence\n|-damage|p1a: Salamence|0 fnt\n|faint|p1a: Salamence\n|-hitcount|p1: Salamence|2\n|\n|upkeep\n|\n|t:|1783561293\n|switch|p1a: Typhlosion|Typhlosion, L84, M|100/100\n|turn|2\n|inactive|Time left: 300 sec this turn | 300 sec total\n|\n|t:|1783561294\n|switch|p2a: Incineroar|Incineroar, L82, M|290/290\n|-ability|p2a: Incineroar|Intimidate|boost\n|-unboost|p1a: Typhlosion|atk|1\n|move|p1a: Typhlosion|Eruption|p2a: Incineroar\n|-resisted|p2a: Incineroar\n|-damage|p2a: Incineroar|151/290\n|\n|upkeep\n|turn|3\n|inactive|Time left: 300 sec this turn | 300 sec total\n|\n|t:|1783561295\n|move|p1a: Typhlosion|Eruption|p2a: Incineroar\n|-resisted|p2a: Incineroar\n|-damage|p2a: Incineroar|13/290\n|move|p2a: Incineroar|Knock Off|p1a: Typhlosion\n|-damage|p1a: Typhlosion|54/100\n|-enditem|p1a: Typhlosion|Choice Specs|[from] move: Knock Off|[of] p2a: Incineroar\n|\n|upkeep\n|turn|4\n|inactive|Time left: 300 sec this turn | 300 sec total\n|\n|t:|1783561296\n|move|p1a: Typhlosion|Fire Blast|p2a: Incineroar\n|-resisted|p2a: Incineroar\n|-damage|p2a: Incineroar|0 fnt\n|faint|p2a: Incineroar\n|\n|upkeep\n|inactive|Time left: 300 sec this turn | 300 sec total | 5 sec grace\n|\n|t:|1783561297\n|switch|p2a: Mudsdale|Mudsdale, L83, M|302/302\n|turn|5\n|inactive|Time left: 300 sec this turn | 300 sec total\n|\n|t:|1783561299\n|switch|p1a: Greedent|Greedent, L86, M|100/100\n|move|p2a: Mudsdale|Earthquake|p1a: Greedent\n|-damage|p1a: Greedent|68/100\n|\n|upkeep\n|turn|6\n|inactive|Time left: 300 sec this turn | 300 sec total\n|\n|t:|1783561300\n|move|p2a: Mudsdale|Earthquake|p1a: Greedent\n|-damage|p1a: Greedent|32/100\n|-enditem|p1a: Greedent|Sitrus Berry|[eat]\n|-heal|p1a: Greedent|57/100|[from] item: Sitrus Berry\n|-heal|p1a: Greedent|90/100|[from] ability: Cheek Pouch\n|move|p1a: Greedent|Swords Dance|p1a: Greedent\n|-boost|p1a: Greedent|atk|2\n|\n|upkeep\n|turn|7\n|inactive|Time left: 300 sec this turn | 300 sec total\n|\n|t:|1783561301\n|move|p1a: Greedent|Body Slam|p2a: Mudsdale\n|-damage|p2a: Mudsdale|146/302\n|-ability|p2a: Mudsdale|Stamina|boost\n|-boost|p2a: Mudsdale|def|1\n|move|p2a: Mudsdale|Roar|p1a: Greedent\n|drag|p1a: Chandelure|Chandelure, L83, M|100/100\n|\n|-heal|p2a: Mudsdale|164/302|[from] item: Leftovers\n|upkeep\n|turn|8\n|inactive|Time left: 300 sec this turn | 300 sec total\n|\n|t:|1783561302\n|move|p1a: Chandelure|Fire Blast|p2a: Mudsdale\n|-damage|p2a: Mudsdale|11/302\n|-status|p2a: Mudsdale|brn\n|-ability|p2a: Mudsdale|Stamina|boost\n|-boost|p2a: Mudsdale|def|1\n|move|p2a: Mudsdale|Earthquake|p1a: Chandelure\n|-supereffective|p1a: Chandelure\n|-damage|p1a: Chandelure|50/100\n|\n|-heal|p2a: Mudsdale|29/302 brn|[from] item: Leftovers\n|-damage|p2a: Mudsdale|11/302 brn|[from] brn\n|upkeep\n|turn|9\n|inactive|Time left: 300 sec this turn | 300 sec total\n|\n|t:|1783561303\n|move|p1a: Chandelure|Shadow Ball|p2a: Mudsdale\n|-damage|p2a: Mudsdale|0 fnt\n|faint|p2a: Mudsdale\n|\n|upkeep\n|inactive|Time left: 300 sec this turn | 300 sec total | 5 sec grace\n|\n|t:|1783561304\n|switch|p2a: Hitmonlee|Hitmonlee, L85, M|223/223\n|turn|10\n|inactive|Time left: 300 sec this turn | 300 sec total\n|\n|t:|1783561305\n|switch|p1a: Ogerpon|Ogerpon-Wellspring, L76, F|100/100\n|move|p2a: Hitmonlee|Knock Off|p1a: Ogerpon\n|-damage|p1a: Ogerpon|58/100\n|\n|upkeep\n|turn|11\n|inactive|Time left: 300 sec this turn | 300 sec total\n|\n|t:|1783561306\n|switch|p2a: Magnezone|Magnezone, L85|258/258\n|move|p1a: Ogerpon|Ivy Cudgel|p2a: Magnezone|[anim] Ivy Cudgel Water\n|-crit|p2a: Magnezone\n|-damage|p2a: Magnezone|98/258\n|\n|upkeep\n|turn|12\n|inactive|Time left: 300 sec this turn | 300 sec total\n|\n|t:|1783561307\n|move|p1a: Ogerpon|Ivy Cudgel|p2a: Magnezone|[anim] Ivy Cudgel Water\n|-damage|p2a: Magnezone|0 fnt\n|faint|p2a: Magnezone\n|\n|upkeep\n|inactive|Time left: 300 sec this turn | 300 sec total | 5 sec grace\n|\n|t:|1783561307\n|switch|p2a: Hawlucha|Hawlucha, L80, F|256/256\n|turn|13\n|inactive|Time left: 300 sec this turn | 300 sec total\n|\n|t:|1783561308\n|move|p2a: Hawlucha|Swords Dance|p2a: Hawlucha\n|-boost|p2a: Hawlucha|atk|2\n|move|p1a: Ogerpon|Ivy Cudgel|p2a: Hawlucha|[anim] Ivy Cudgel Water\n|-damage|p2a: Hawlucha|108/256\n|\n|upkeep\n|turn|14\n|inactive|Time left: 300 sec this turn | 300 sec total\n|\n|t:|1783561309\n|switch|p1a: Chandelure|Chandelure, L83, M|50/100\n|move|p2a: Hawlucha|Close Combat|p1a: Chandelure\n|-immune|p1a: Chandelure\n|\n|upkeep\n|turn|15\n|inactive|Time left: 300 sec this turn | 300 sec total\n|\n|t:|1783561310\n|switch|p1a: Greedent|Greedent, L86, M|90/100\n|move|p2a: Hawlucha|Brave Bird|p1a: Greedent\n|-damage|p1a: Greedent|32/100\n|-damage|p2a: Hawlucha|41/256|[from] Recoil\n|\n|upkeep\n|turn|16\n|inactive|Time left: 300 sec this turn | 300 sec total\n|\n|t:|1783561311\n|-terastallize|p1a: Greedent|Ghost\n|move|p2a: Hawlucha|Close Combat|p1a: Greedent\n|-immune|p1a: Greedent\n|move|p1a: Greedent|Body Slam|p2a: Hawlucha\n|-damage|p2a: Hawlucha|0 fnt\n|faint|p2a: Hawlucha\n|\n|upkeep\n|inactive|Time left: 300 sec this turn | 300 sec total | 5 sec grace\n|\n|t:|1783561312\n|switch|p2a: Kyurem|Kyurem-Black, L71, tera:Ground|138/295\n|-ability|p2a: Kyurem|Teravolt\n|turn|17\n|inactive|Time left: 300 sec this turn | 300 sec total\n|\n|t:|1783561313\n|move|p2a: Kyurem|Scale Shot|p1a: Greedent\n|-damage|p1a: Greedent|24/100\n|-damage|p1a: Greedent|15/100\n|-damage|p1a: Greedent|7/100\n|-damage|p1a: Greedent|0 fnt\n|faint|p1a: Greedent\n|-hitcount|p1: Greedent|4\n|-unboost|p2a: Kyurem|def|1\n|-boost|p2a: Kyurem|spe|1\n|\n|upkeep\n|\n|t:|1783561314\n|switch|p1a: Dialga|Dialga, L73|100/100\n|-ability|p1a: Dialga|Pressure\n|turn|18\n|inactive|Time left: 300 sec this turn | 300 sec total\n|\n|t:|1783561315\n|move|p2a: Kyurem|Tera Blast|p1a: Dialga|[anim] Tera Blast Ground\n|-supereffective|p1a: Dialga\n|-damage|p1a: Dialga|32/100\n|move|p1a: Dialga|Draco Meteor|p2a: Kyurem|[miss]\n|-miss|p1a: Dialga|p2a: Kyurem\n|\n|-heal|p1a: Dialga|38/100|[from] item: Leftovers\n|upkeep\n|turn|19\n|inactive|Time left: 300 sec this turn | 300 sec total\n|\n|t:|1783561316\n|switch|p1a: Ogerpon|Ogerpon-Wellspring, L76, F|58/100\n|move|p2a: Kyurem|Tera Blast|p1a: Ogerpon|[anim] Tera Blast Ground\n|-resisted|p1a: Ogerpon\n|-damage|p1a: Ogerpon|35/100\n|\n|upkeep\n|turn|20\n|inactive|Time left: 300 sec this turn | 300 sec total\n|\n|t:|1783561317\n|switch|p1a: Typhlosion|Typhlosion, L84, M|54/100\n|move|p2a: Kyurem|Icicle Spear|p1a: Typhlosion\n|-resisted|p1a: Typhlosion\n|-damage|p1a: Typhlosion|48/100\n|-resisted|p1a: Typhlosion\n|-damage|p1a: Typhlosion|42/100\n|-resisted|p1a: Typhlosion\n|-damage|p1a: Typhlosion|36/100\n|-resisted|p1a: Typhlosion\n|-damage|p1a: Typhlosion|29/100\n|-hitcount|p1a: Typhlosion|4\n|\n|upkeep\n|turn|21\n|inactive|Time left: 300 sec this turn | 300 sec total\n|\n|t:|1783561318\n|move|p2a: Kyurem|Tera Blast|p1a: Typhlosion|[anim] Tera Blast Ground\n|-supereffective|p1a: Typhlosion\n|-damage|p1a: Typhlosion|0 fnt\n|faint|p1a: Typhlosion\n|\n|upkeep\n|\n|t:|1783561319\n|switch|p1a: Dialga|Dialga, L73|38/100\n|-ability|p1a: Dialga|Pressure\n|turn|22\n|inactive|Time left: 300 sec this turn | 300 sec total\n|\n|t:|1783561320\n|move|p2a: Kyurem|Icicle Spear|p1a: Dialga\n|-damage|p1a: Dialga|28/100\n|-damage|p1a: Dialga|17/100\n|-damage|p1a: Dialga|7/100\n|-damage|p1a: Dialga|0 fnt\n|faint|p1a: Dialga\n|-hitcount|p1: Dialga|4\n|\n|upkeep\n|\n|t:|1783561321\n|switch|p1a: Chandelure|Chandelure, L83, M|50/100\n|turn|23\n|inactive|Time left: 300 sec this turn | 300 sec total\n|\n|t:|1783561322\n|switch|p1a: Ogerpon|Ogerpon-Wellspring, L76, F|35/100\n|move|p2a: Kyurem|Scale Shot|p1a: Ogerpon\n|-crit|p1a: Ogerpon\n|-damage|p1a: Ogerpon|12/100\n|-damage|p1a: Ogerpon|0 fnt\n|faint|p1a: Ogerpon\n|-hitcount|p1: Ogerpon|2\n|-unboost|p2a: Kyurem|def|1\n|-boost|p2a: Kyurem|spe|1\n|\n|upkeep\n|\n|t:|1783561323\n|switch|p1a: Chandelure|Chandelure, L83, M|50/100\n|turn|24\n|inactive|Time left: 300 sec this turn | 300 sec total\n|\n|t:|1783561324\n|move|p2a: Kyurem|Tera Blast|p1a: Chandelure|[anim] Tera Blast Ground\n|-supereffective|p1a: Chandelure\n|-damage|p1a: Chandelure|0 fnt\n|faint|p1a: Chandelure\n|\n|win|p0y18407fbc", "uploadtime": 1783561324, "views": 0, "rating": 0, "private": 0, "password": null, "_winner": "p0y18407fbc", "_our_name": "p0y18407fbc"}