{"id": "battle-gen9randombattle-831", "formatid": "gen9randombattle", "format": "[Gen 9] Random Battle", "players": ["p0x831d7b5", "p0y831a5e9"], "log": "|init|battle\n|title|p0x831d7b5 vs. p0y831a5e9\n|j|\u2606p0x831d7b5\n|j|\u2606p0y831a5e9\n|t:|1783549536\n|gametype|singles\n|player|p1|p0x831d7b5|169|\n|player|p2|p0y831a5e9|2|\n|gen|9\n|tier|[Gen 9] Random Battle\n|rule|Species Clause: Limit one of each Pok\u00e9mon\n|rule|HP Percentage Mod: HP is shown in percentages\n|rule|Sleep Clause Mod: Limit one foe put to sleep\n|rule|Illusion Level Mod: Illusion disguises the Pok\u00e9mon's true level\n|\n|t:|1783549536\n|teamsize|p1|6\n|teamsize|p2|6\n|start\n|switch|p1a: Bastiodon|Bastiodon, L89, M|100/100\n|switch|p2a: Salazzle|Salazzle, L83, F|249/249\n|turn|1\n|inactive|Battle timer is ON: inactive players will automatically lose when time's up. (requested by p0x831d7b5)\n|inactive|Time left: 300 sec this turn | 300 sec total | 60 sec grace\n|inactive|p0y831a5e9 also wants the timer to be on.\n|\n|t:|1783549537\n|move|p2a: Salazzle|Nasty Plot|p2a: Salazzle\n|-boost|p2a: Salazzle|spa|2\n|move|p1a: Bastiodon|Body Press|p2a: Salazzle\n|-resisted|p2a: Salazzle\n|-damage|p2a: Salazzle|183/249\n|\n|upkeep\n|turn|2\n|inactive|Time left: 300 sec this turn | 300 sec total\n|\n|t:|1783549538\n|move|p2a: Salazzle|Fire Blast|p1a: Bastiodon\n|-damage|p1a: Bastiodon|31/100\n|move|p1a: Bastiodon|Body Press|p2a: Salazzle\n|-resisted|p2a: Salazzle\n|-damage|p2a: Salazzle|116/249\n|\n|upkeep\n|turn|3\n|inactive|Time left: 300 sec this turn | 300 sec total\n|\n|t:|1783549539\n|move|p2a: Salazzle|Fire Blast|p1a: Bastiodon\n|-damage|p1a: Bastiodon|0 fnt\n|faint|p1a: Bastiodon\n|\n|upkeep\n|\n|t:|1783549540\n|switch|p1a: Chi-Yu|Chi-Yu, L77|100/100\n|-ability|p1a: Chi-Yu|Beads of Ruin\n|turn|4\n|inactive|Time left: 300 sec this turn | 300 sec total\n|\n|t:|1783549541\n|move|p2a: Salazzle|Sludge Wave|p1a: Chi-Yu\n|-damage|p1a: Chi-Yu|8/100\n|move|p1a: Chi-Yu|Psychic|p2a: Salazzle\n|-supereffective|p2a: Salazzle\n|-damage|p2a: Salazzle|0 fnt\n|faint|p2a: Salazzle\n|\n|upkeep\n|inactive|Time left: 300 sec this turn | 300 sec total | 5 sec grace\n|\n|t:|1783549542\n|switch|p2a: Virizion|Virizion, L82|283/283\n|turn|5\n|inactive|Time left: 300 sec this turn | 300 sec total\n|\n|t:|1783549542\n|move|p2a: Virizion|Leaf Blade|p1a: Chi-Yu\n|-resisted|p1a: Chi-Yu\n|-damage|p1a: Chi-Yu|0 fnt\n|faint|p1a: Chi-Yu\n|-damage|p2a: Virizion|255/283|[from] item: Life Orb\n|\n|upkeep\n|\n|t:|1783549543\n|switch|p1a: Toxapex|Toxapex, L82, F|100/100\n|turn|6\n|inactive|Time left: 300 sec this turn | 300 sec total\n|\n|t:|1783549544\n|move|p2a: Virizion|Swords Dance|p2a: Virizion\n|-boost|p2a: Virizion|atk|2\n|move|p1a: Toxapex|Toxic|p2a: Virizion\n|-status|p2a: Virizion|tox\n|\n|-damage|p2a: Virizion|238/283 tox|[from] psn\n|upkeep\n|turn|7\n|inactive|Time left: 300 sec this turn | 300 sec total\n|\n|t:|1783549545\n|move|p2a: Virizion|Leaf Blade|p1a: Toxapex\n|-damage|p1a: Toxapex|37/100\n|-damage|p2a: Virizion|191/283 tox|[from] item: Rocky Helmet|[of] p1a: Toxapex\n|-damage|p2a: Virizion|163/283 tox|[from] item: Life Orb\n|move|p1a: Toxapex|Haze|p1a: Toxapex\n|-clearallboost\n|\n|-damage|p2a: Virizion|129/283 tox|[from] psn\n|upkeep\n|turn|8\n|inactive|Time left: 300 sec this turn | 300 sec total\n|\n|t:|1783549546\n|switch|p2a: Golurk|Golurk, L87|297/297\n|move|p1a: Toxapex|Recover|p1a: Toxapex\n|-heal|p1a: Toxapex|87/100\n|\n|upkeep\n|turn|9\n|inactive|Time left: 300 sec this turn | 300 sec total\n|\n|t:|1783549547\n|switch|p1a: Hydreigon|Hydreigon, L79, F|100/100\n|move|p2a: Golurk|Poltergeist|p1a: Hydreigon\n|-activate|p1a: Hydreigon|move: Poltergeist|Life Orb\n|-resisted|p1a: Hydreigon\n|-damage|p1a: Hydreigon|57/100\n|\n|upkeep\n|turn|10\n|inactive|Time left: 300 sec this turn | 300 sec total\n|\n|t:|1783549548\n|move|p1a: Hydreigon|Nasty Plot|p1a: Hydreigon\n|-boost|p1a: Hydreigon|spa|2\n|move|p2a: Golurk|Poltergeist|p1a: Hydreigon\n|-activate|p1a: Hydreigon|move: Poltergeist|Life Orb\n|-resisted|p1a: Hydreigon\n|-damage|p1a: Hydreigon|17/100\n|\n|upkeep\n|turn|11\n|inactive|Time left: 300 sec this turn | 300 sec total\n|\n|t:|1783549549\n|switch|p2a: Virizion|Virizion, L82|129/283 tox\n|move|p1a: Hydreigon|Draco Meteor|p2a: Virizion\n|-damage|p2a: Virizion|0 fnt\n|-unboost|p1a: Hydreigon|spa|2\n|faint|p2a: Virizion\n|-damage|p1a: Hydreigon|7/100|[from] item: Life Orb\n|\n|upkeep\n|inactive|Time left: 300 sec this turn | 300 sec total | 5 sec grace\n|\n|t:|1783549550\n|switch|p2a: Flapple|Flapple, L88, M|266/266\n|turn|12\n|inactive|Time left: 300 sec this turn | 300 sec total\n|\n|t:|1783549551\n|move|p2a: Flapple|Sucker Punch|p1a: Hydreigon\n|-resisted|p1a: Hydreigon\n|-damage|p1a: Hydreigon|0 fnt\n|faint|p1a: Hydreigon\n|\n|upkeep\n|\n|t:|1783549552\n|switch|p1a: Vivillon|Vivillon-Continental, L83, M|100/100\n|turn|13\n|inactive|Time left: 300 sec this turn | 300 sec total\n|\n|t:|1783549553\n|-terastallize|p2a: Flapple|Steel\n|move|p1a: Vivillon|Sleep Powder|p2a: Flapple\n|-status|p2a: Flapple|slp|[from] move: Sleep Powder\n|-enditem|p2a: Flapple|Lum Berry|[eat]\n|-curestatus|p2a: Flapple|slp|[msg]\n|move|p2a: Flapple|Outrage|p1a: Vivillon\n|-damage|p1a: Vivillon|0 fnt\n|faint|p1a: Vivillon\n|\n|upkeep\n|\n|t:|1783549554\n|switch|p1a: Toxapex|Toxapex, L82, F|100/100\n|turn|14\n|inactive|Time left: 300 sec this turn | 300 sec total\n|\n|t:|1783549556\n|-terastallize|p1a: Toxapex|Fairy\n|move|p2a: Flapple|Outrage|p1a: Toxapex|[from] lockedmove\n|-immune|p1a: Toxapex\n|move|p1a: Toxapex|Liquidation|p2a: Flapple\n|-damage|p2a: Flapple|203/266\n|\n|upkeep\n|turn|15\n|inactive|Time left: 300 sec this turn | 300 sec total\n|\n|t:|1783549557\n|move|p2a: Flapple|Grav Apple|p1a: Toxapex\n|-damage|p1a: Toxapex|56/100\n|-unboost|p1a: Toxapex|def|1\n|move|p1a: Toxapex|Liquidation|p2a: Flapple\n|-damage|p2a: Flapple|137/266\n|\n|upkeep\n|turn|16\n|inactive|Time left: 300 sec this turn | 300 sec total\n|\n|t:|1783549558\n|switch|p1a: Kleavor|Kleavor, L78, F|100/100\n|move|p2a: Flapple|Grav Apple|p1a: Kleavor|[miss]\n|-miss|p2a: Flapple|p1a: Kleavor\n|\n|upkeep\n|turn|17\n|inactive|Time left: 300 sec this turn | 300 sec total\n|\n|t:|1783549559\n|move|p1a: Kleavor|Swords Dance|p1a: Kleavor\n|-boost|p1a: Kleavor|atk|2\n|move|p2a: Flapple|Dragon Dance|p2a: Flapple\n|-boost|p2a: Flapple|atk|1\n|-boost|p2a: Flapple|spe|1\n|\n|upkeep\n|turn|18\n|inactive|Time left: 300 sec this turn | 300 sec total\n|\n|t:|1783549560\n|move|p2a: Flapple|Grav Apple|p1a: Kleavor\n|-damage|p1a: Kleavor|4/100\n|-unboost|p1a: Kleavor|def|1\n|move|p1a: Kleavor|Swords Dance|p1a: Kleavor\n|-boost|p1a: Kleavor|atk|2\n|\n|upkeep\n|turn|19\n|inactive|Time left: 300 sec this turn | 300 sec total\n|\n|t:|1783549561\n|move|p2a: Flapple|Grav Apple|p1a: Kleavor\n|-damage|p1a: Kleavor|0 fnt\n|faint|p1a: Kleavor\n|\n|upkeep\n|\n|t:|1783549562\n|switch|p1a: Toxapex|Toxapex, L82, F, tera:Fairy|89/100\n|turn|20\n|inactive|Time left: 300 sec this turn | 300 sec total\n|\n|t:|1783549563\n|move|p2a: Flapple|Grav Apple|p1a: Toxapex|[miss]\n|-miss|p2a: Flapple|p1a: Toxapex\n|move|p1a: Toxapex|Haze|p1a: Toxapex\n|-clearallboost\n|\n|upkeep\n|turn|21\n|inactive|Time left: 300 sec this turn | 300 sec total\n|\n|t:|1783549564\n|move|p2a: Flapple|Grav Apple|p1a: Toxapex\n|-damage|p1a: Toxapex|38/100\n|-unboost|p1a: Toxapex|def|1\n|move|p1a: Toxapex|Liquidation|p2a: Flapple\n|-damage|p2a: Flapple|74/266\n|\n|upkeep\n|turn|22\n|inactive|Time left: 300 sec this turn | 300 sec total\n|\n|t:|1783549565\n|move|p2a: Flapple|Grav Apple|p1a: Toxapex\n|-crit|p1a: Toxapex\n|-damage|p1a: Toxapex|0 fnt\n|faint|p1a: Toxapex\n|\n|win|p0y831a5e9", "uploadtime": 1783549565, "views": 0, "rating": 0, "private": 0, "password": null, "_winner": "p0y831a5e9", "_our_name": "p0y831a5e9"}