{"id": "battle-gen9randombattle-186", "formatid": "gen9randombattle", "format": "[Gen 9] Random Battle", "players": ["p0x186612c", "p0y1865888"], "log": "|init|battle\n|title|p0x186612c vs. p0y1865888\n|j|\u2606p0x186612c\n|j|\u2606p0y1865888\n|t:|1783535393\n|gametype|singles\n|player|p1|p0x186612c|1|\n|player|p2|p0y1865888|102|\n|gen|9\n|tier|[Gen 9] Random Battle\n|rule|Species Clause: Limit one of each Pok\u00e9mon\n|rule|HP Percentage Mod: HP is shown in percentages\n|rule|Sleep Clause Mod: Limit one foe put to sleep\n|rule|Illusion Level Mod: Illusion disguises the Pok\u00e9mon's true level\n|\n|t:|1783535393\n|teamsize|p1|6\n|teamsize|p2|6\n|start\n|switch|p1a: Koraidon|Koraidon, L64|100/100\n|switch|p2a: Malamar|Malamar, L82, F|275/275\n|-weather|SunnyDay|[from] ability: Orichalcum Pulse|[of] p1a: Koraidon\n|-activate|p1a: Koraidon|Orichalcum Pulse|[source]\n|turn|1\n|inactive|Battle timer is ON: inactive players will automatically lose when time's up. (requested by p0y1865888)\n|inactive|p0x186612c also wants the timer to be on.\n|\n|t:|1783535395\n|move|p1a: Koraidon|Outrage|p2a: Malamar\n|-damage|p2a: Malamar|76/275\n|move|p2a: Malamar|Superpower|p1a: Koraidon\n|-crit|p1a: Koraidon\n|-damage|p1a: Koraidon|44/100\n|-boost|p2a: Malamar|atk|1\n|-boost|p2a: Malamar|def|1\n|\n|-weather|SunnyDay|[upkeep]\n|-heal|p2a: Malamar|93/275|[from] item: Leftovers\n|upkeep\n|turn|2\n|inactive|Time left: 300 sec this turn | 300 sec total\n|\n|t:|1783535396\n|switch|p2a: Mew|Mew, L82|298/298\n|move|p1a: Koraidon|Outrage|p2a: Mew|[from] lockedmove\n|-damage|p2a: Mew|106/298\n|-start|p1a: Koraidon|confusion|[fatigue]\n|\n|-weather|SunnyDay|[upkeep]\n|-heal|p2a: Mew|124/298|[from] item: Leftovers\n|upkeep\n|turn|3\n|inactive|Time left: 300 sec this turn | 300 sec total\n|\n|t:|1783535398\n|-activate|p1a: Koraidon|confusion\n|move|p1a: Koraidon|Outrage|p2a: Mew\n|-damage|p2a: Mew|0 fnt\n|faint|p2a: Mew\n|\n|-weather|SunnyDay|[upkeep]\n|upkeep\n|inactive|Time left: 300 sec this turn | 300 sec total | 5 sec grace\n|\n|t:|1783535399\n|switch|p2a: Noivern|Noivern, L82, F|274/274\n|turn|4\n|inactive|Time left: 300 sec this turn | 300 sec total\n|\n|t:|1783535400\n|move|p2a: Noivern|Boomburst|p1a: Koraidon\n|-damage|p1a: Koraidon|0 fnt\n|faint|p1a: Koraidon\n|\n|-weather|SunnyDay|[upkeep]\n|upkeep\n|\n|t:|1783535401\n|switch|p1a: Cresselia|Cresselia, L80, F|100/100\n|turn|5\n|inactive|Time left: 300 sec this turn | 300 sec total\n|\n|t:|1783535402\n|switch|p2a: Luxray|Luxray, L88, M|283/283\n|move|p1a: Cresselia|Calm Mind|p1a: Cresselia\n|-boost|p1a: Cresselia|spa|1\n|-boost|p1a: Cresselia|spd|1\n|\n|-weather|none\n|-status|p2a: Luxray|brn|[from] item: Flame Orb\n|upkeep\n|turn|6\n|inactive|Time left: 300 sec this turn | 300 sec total\n|\n|t:|1783535403\n|move|p1a: Cresselia|Psyshock|p2a: Luxray\n|-damage|p2a: Luxray|184/283 brn\n|move|p2a: Luxray|Facade|p1a: Cresselia\n|-damage|p1a: Cresselia|52/100\n|\n|-heal|p1a: Cresselia|58/100|[from] item: Leftovers\n|-damage|p2a: Luxray|167/283 brn|[from] brn\n|upkeep\n|turn|7\n|inactive|Time left: 300 sec this turn | 300 sec total\n|\n|t:|1783535404\n|move|p1a: Cresselia|Psyshock|p2a: Luxray\n|-damage|p2a: Luxray|71/283 brn\n|move|p2a: Luxray|Facade|p1a: Cresselia\n|-damage|p1a: Cresselia|3/100\n|\n|-heal|p1a: Cresselia|9/100|[from] item: Leftovers\n|-damage|p2a: Luxray|54/283 brn|[from] brn\n|upkeep\n|turn|8\n|inactive|Time left: 300 sec this turn | 300 sec total\n|\n|t:|1783535406\n|switch|p2a: Noivern|Noivern, L82, F|274/274\n|move|p1a: Cresselia|Moonblast|p2a: Noivern\n|-supereffective|p2a: Noivern\n|-damage|p2a: Noivern|90/274\n|-unboost|p2a: Noivern|spa|1\n|\n|-heal|p1a: Cresselia|16/100|[from] item: Leftovers\n|upkeep\n|turn|9\n|inactive|Time left: 300 sec this turn | 300 sec total\n|\n|t:|1783535407\n|move|p2a: Noivern|Draco Meteor|p1a: Cresselia\n|-damage|p1a: Cresselia|0 fnt\n|-unboost|p2a: Noivern|spa|2\n|faint|p1a: Cresselia\n|\n|upkeep\n|\n|t:|1783535408\n|switch|p1a: Torterra|Torterra, L78, M|100/100\n|turn|10\n|inactive|Time left: 300 sec this turn | 300 sec total\n|\n|t:|1783535409\n|move|p2a: Noivern|Draco Meteor|p1a: Torterra\n|-damage|p1a: Torterra|71/100\n|-unboost|p2a: Noivern|spa|2\n|move|p1a: Torterra|Shell Smash|p1a: Torterra\n|-unboost|p1a: Torterra|def|1\n|-unboost|p1a: Torterra|spd|1\n|-boost|p1a: Torterra|atk|2\n|-boost|p1a: Torterra|spa|2\n|-boost|p1a: Torterra|spe|2\n|\n|upkeep\n|turn|11\n|inactive|Time left: 300 sec this turn | 300 sec total\n|\n|t:|1783535410\n|move|p1a: Torterra|Rock Blast|p2a: Noivern\n|-supereffective|p2a: Noivern\n|-damage|p2a: Noivern|18/274\n|-supereffective|p2a: Noivern\n|-damage|p2a: Noivern|0 fnt\n|faint|p2a: Noivern\n|-hitcount|p2: Noivern|2\n|\n|upkeep\n|inactive|Time left: 300 sec this turn | 300 sec total | 5 sec grace\n|\n|t:|1783535411\n|switch|p2a: Oricorio|Oricorio, L84, F|263/263\n|turn|12\n|inactive|Time left: 300 sec this turn | 300 sec total\n|\n|t:|1783535412\n|-terastallize|p2a: Oricorio|Ground\n|move|p1a: Torterra|Rock Blast|p2a: Oricorio|[miss]\n|-miss|p1a: Torterra|p2a: Oricorio\n|move|p2a: Oricorio|Hurricane|p1a: Torterra\n|-supereffective|p1a: Torterra\n|-damage|p1a: Torterra|0 fnt\n|faint|p1a: Torterra\n|\n|upkeep\n|\n|t:|1783535413\n|switch|p1a: Ambipom|Ambipom, L84, M|100/100\n|turn|13\n|inactive|Time left: 300 sec this turn | 300 sec total\n|\n|t:|1783535414\n|move|p1a: Ambipom|Triple Axel|p2a: Oricorio\n|-supereffective|p2a: Oricorio\n|-damage|p2a: Oricorio|187/263\n|-supereffective|p2a: Oricorio\n|-damage|p2a: Oricorio|37/263\n|-supereffective|p2a: Oricorio\n|-damage|p2a: Oricorio|0 fnt\n|faint|p2a: Oricorio\n|-hitcount|p2: Oricorio|3\n|\n|upkeep\n|inactive|Time left: 300 sec this turn | 300 sec total | 5 sec grace\n|\n|t:|1783535415\n|switch|p2a: Malamar|Malamar, L82, F|93/275\n|turn|14\n|inactive|Time left: 300 sec this turn | 300 sec total\n|\n|t:|1783535416\n|move|p1a: Ambipom|Triple Axel|p2a: Malamar\n|-damage|p2a: Malamar|58/275\n|-damage|p2a: Malamar|0 fnt\n|faint|p2a: Malamar\n|-hitcount|p2: Malamar|2\n|\n|upkeep\n|inactive|Time left: 300 sec this turn | 300 sec total | 5 sec grace\n|\n|t:|1783535417\n|switch|p2a: Luxray|Luxray, L88, M|54/283 brn\n|turn|15\n|inactive|Time left: 300 sec this turn | 300 sec total\n|\n|t:|1783535418\n|move|p1a: Ambipom|Triple Axel|p2a: Luxray\n|-damage|p2a: Luxray|19/283 brn\n|-damage|p2a: Luxray|0 fnt\n|faint|p2a: Luxray\n|-hitcount|p2: Luxray|2\n|\n|upkeep\n|inactive|Time left: 300 sec this turn | 300 sec total | 5 sec grace\n|\n|t:|1783535419\n|switch|p2a: Sandy Shocks|Sandy Shocks, L80|267/267\n|turn|16\n|inactive|Time left: 300 sec this turn | 300 sec total\n|\n|t:|1783535420\n|-terastallize|p1a: Ambipom|Ice\n|move|p1a: Ambipom|Triple Axel|p2a: Sandy Shocks\n|-supereffective|p2a: Sandy Shocks\n|-damage|p2a: Sandy Shocks|175/267\n|-supereffective|p2a: Sandy Shocks\n|-damage|p2a: Sandy Shocks|0 fnt\n|faint|p2a: Sandy Shocks\n|-end|p2a: Sandy Shocks|Protosynthesis|[silent]\n|-hitcount|p2: Sandy Shocks|2\n|\n|win|p0x186612c", "uploadtime": 1783535420, "views": 0, "rating": 0, "private": 0, "password": null, "_winner": "p0x186612c", "_our_name": "p0y1865888"}