{"id": "battle-gen9randombattle-2298", "formatid": "gen9randombattle", "format": "[Gen 9] Random Battle", "players": ["p0x2298b3ee", "p0y2298c4da"], "log": "|init|battle\n|title|p0x2298b3ee vs. p0y2298c4da\n|j|\u2606p0x2298b3ee\n|j|\u2606p0y2298c4da\n|t:|1783566656\n|gametype|singles\n|player|p1|p0x2298b3ee|170|\n|player|p2|p0y2298c4da|266|\n|gen|9\n|tier|[Gen 9] Random Battle\n|rule|Species Clause: Limit one of each Pok\u00e9mon\n|rule|HP Percentage Mod: HP is shown in percentages\n|rule|Sleep Clause Mod: Limit one foe put to sleep\n|rule|Illusion Level Mod: Illusion disguises the Pok\u00e9mon's true level\n|\n|t:|1783566656\n|teamsize|p1|6\n|teamsize|p2|6\n|start\n|switch|p1a: Dewgong|Dewgong, L94, F|100/100\n|switch|p2a: Breloom|Breloom, L83, M|235/235\n|turn|1\n|inactive|Battle timer is ON: inactive players will automatically lose when time's up. (requested by p0x2298b3ee)\n|inactive|Time left: 300 sec this turn | 300 sec total | 60 sec grace\n|inactive|p0y2298c4da also wants the timer to be on.\n|\n|t:|1783566657\n|-terastallize|p2a: Breloom|Fighting\n|move|p1a: Dewgong|Ice Beam|p2a: Breloom\n|-damage|p2a: Breloom|121/235\n|move|p2a: Breloom|Bullet Seed|p1a: Dewgong\n|-supereffective|p1a: Dewgong\n|-damage|p1a: Dewgong|59/100\n|-supereffective|p1a: Dewgong\n|-damage|p1a: Dewgong|23/100\n|-supereffective|p1a: Dewgong\n|-damage|p1a: Dewgong|0 fnt\n|faint|p1a: Dewgong\n|-hitcount|p1: Dewgong|3\n|-damage|p2a: Breloom|98/235|[from] item: Life Orb\n|\n|upkeep\n|\n|t:|1783566658\n|switch|p1a: Spiritomb|Spiritomb, L89, M|100/100\n|turn|2\n|inactive|Time left: 300 sec this turn | 300 sec total\n|\n|t:|1783566660\n|move|p2a: Breloom|Spore|p1a: Spiritomb\n|-status|p1a: Spiritomb|slp|[from] move: Spore\n|cant|p1a: Spiritomb|slp\n|\n|upkeep\n|turn|3\n|inactive|Time left: 300 sec this turn | 300 sec total\n|\n|t:|1783566661\n|move|p2a: Breloom|Rock Tomb|p1a: Spiritomb\n|-damage|p1a: Spiritomb|65/100 slp\n|-unboost|p1a: Spiritomb|spe|1\n|-damage|p2a: Breloom|75/235|[from] item: Life Orb\n|-curestatus|p1a: Spiritomb|slp|[msg]\n|move|p1a: Spiritomb|Poltergeist|p2a: Breloom\n|-activate|p2a: Breloom|move: Poltergeist|Life Orb\n|-crit|p2a: Breloom\n|-damage|p2a: Breloom|0 fnt\n|faint|p2a: Breloom\n|\n|upkeep\n|inactive|Time left: 300 sec this turn | 300 sec total | 5 sec grace\n|\n|t:|1783566662\n|switch|p2a: Yanmega|Yanmega, L82, F|275/275\n|turn|4\n|inactive|Time left: 300 sec this turn | 300 sec total\n|\n|t:|1783566663\n|move|p2a: Yanmega|Air Slash|p1a: Spiritomb\n|-damage|p1a: Spiritomb|35/100\n|move|p1a: Spiritomb|Poltergeist|p2a: Yanmega\n|-activate|p2a: Yanmega|move: Poltergeist|Heavy-Duty Boots\n|-damage|p2a: Yanmega|89/275\n|\n|-ability|p2a: Yanmega|Speed Boost|boost\n|-boost|p2a: Yanmega|spe|1\n|upkeep\n|turn|5\n|inactive|Time left: 300 sec this turn | 300 sec total\n|\n|t:|1783566664\n|move|p2a: Yanmega|Bug Buzz|p1a: Spiritomb\n|-damage|p1a: Spiritomb|0 fnt\n|faint|p1a: Spiritomb\n|\n|-ability|p2a: Yanmega|Speed Boost|boost\n|-boost|p2a: Yanmega|spe|1\n|upkeep\n|\n|t:|1783566665\n|switch|p1a: Arceus|Arceus-Ghost, L69|100/100\n|turn|6\n|inactive|Time left: 300 sec this turn | 300 sec total\n|\n|t:|1783566666\n|move|p2a: Yanmega|Protect|p2a: Yanmega\n|-singleturn|p2a: Yanmega|Protect\n|move|p1a: Arceus|Judgment|p2a: Yanmega\n|-activate|p2a: Yanmega|move: Protect\n|\n|-ability|p2a: Yanmega|Speed Boost|boost\n|-boost|p2a: Yanmega|spe|1\n|upkeep\n|turn|7\n|inactive|Time left: 300 sec this turn | 300 sec total\n|\n|t:|1783566666\n|move|p2a: Yanmega|Air Slash|p1a: Arceus\n|-damage|p1a: Arceus|69/100\n|move|p1a: Arceus|Judgment|p2a: Yanmega\n|-damage|p2a: Yanmega|0 fnt\n|faint|p2a: Yanmega\n|\n|upkeep\n|inactive|Time left: 300 sec this turn | 300 sec total | 5 sec grace\n|\n|t:|1783566667\n|switch|p2a: Braviary|Braviary-Hisui, L85, M|326/326\n|turn|8\n|inactive|Time left: 300 sec this turn | 300 sec total\n|\n|t:|1783566668\n|move|p1a: Arceus|Judgment|p2a: Braviary\n|-supereffective|p2a: Braviary\n|-damage|p2a: Braviary|72/326\n|move|p2a: Braviary|Esper Wing|p1a: Arceus\n|-crit|p1a: Arceus\n|-damage|p1a: Arceus|0 fnt\n|-boost|p2a: Braviary|spe|1\n|faint|p1a: Arceus\n|\n|upkeep\n|\n|t:|1783566669\n|switch|p1a: Hippowdon|Hippowdon, L82, F|100/100\n|-weather|Sandstorm|[from] ability: Sand Stream|[of] p1a: Hippowdon\n|turn|9\n|inactive|Time left: 300 sec this turn | 300 sec total\n|\n|t:|1783566670\n|move|p2a: Braviary|Esper Wing|p1a: Hippowdon\n|-damage|p1a: Hippowdon|41/100\n|-boost|p2a: Braviary|spe|1\n|move|p1a: Hippowdon|Stone Edge|p2a: Braviary\n|-supereffective|p2a: Braviary\n|-damage|p2a: Braviary|0 fnt\n|faint|p2a: Braviary\n|\n|-weather|Sandstorm|[upkeep]\n|-heal|p1a: Hippowdon|47/100|[from] item: Leftovers\n|upkeep\n|inactive|Time left: 300 sec this turn | 300 sec total | 5 sec grace\n|\n|t:|1783566671\n|switch|p2a: Alomomola|Alomomola, L87, F|429/429\n|turn|10\n|inactive|Time left: 300 sec this turn | 300 sec total\n|\n|t:|1783566672\n|move|p2a: Alomomola|Scald|p1a: Hippowdon\n|-supereffective|p1a: Hippowdon\n|-damage|p1a: Hippowdon|10/100\n|move|p1a: Hippowdon|Slack Off|p1a: Hippowdon\n|-heal|p1a: Hippowdon|60/100\n|\n|-weather|Sandstorm|[upkeep]\n|-damage|p2a: Alomomola|403/429|[from] Sandstorm\n|-heal|p1a: Hippowdon|66/100|[from] item: Leftovers\n|upkeep\n|turn|11\n|inactive|Time left: 300 sec this turn | 300 sec total\n|\n|t:|1783566673\n|move|p2a: Alomomola|Scald|p1a: Hippowdon\n|-supereffective|p1a: Hippowdon\n|-damage|p1a: Hippowdon|30/100\n|move|p1a: Hippowdon|Slack Off|p1a: Hippowdon\n|-heal|p1a: Hippowdon|80/100\n|\n|-weather|Sandstorm|[upkeep]\n|-damage|p2a: Alomomola|377/429|[from] Sandstorm\n|-heal|p1a: Hippowdon|86/100|[from] item: Leftovers\n|upkeep\n|turn|12\n|inactive|Time left: 300 sec this turn | 300 sec total\n|\n|t:|1783566674\n|switch|p1a: Ursaring|Ursaring, L84, M|100/100\n|move|p2a: Alomomola|Scald|p1a: Ursaring\n|-damage|p1a: Ursaring|88/100\n|-status|p1a: Ursaring|brn\n|\n|-weather|Sandstorm|[upkeep]\n|-damage|p2a: Alomomola|351/429|[from] Sandstorm\n|-damage|p1a: Ursaring|82/100 brn|[from] Sandstorm\n|-damage|p1a: Ursaring|75/100 brn|[from] brn\n|upkeep\n|turn|13\n|inactive|Time left: 300 sec this turn | 300 sec total\n|\n|t:|1783566675\n|move|p2a: Alomomola|Flip Turn|p1a: Ursaring\n|-damage|p1a: Ursaring|62/100 brn\n|inactive|Time left: 300 sec this turn | 300 sec total | 5 sec grace\n|\n|t:|1783566676\n|switch|p2a: Munkidori|Munkidori, L79, M|269/269|[from] Flip Turn\n|move|p1a: Ursaring|Body Slam|p2a: Munkidori\n|-damage|p2a: Munkidori|44/269\n|\n|-weather|none\n|-damage|p1a: Ursaring|55/100 brn|[from] brn\n|upkeep\n|turn|14\n|inactive|Time left: 300 sec this turn | 300 sec total\n|\n|t:|1783566677\n|move|p2a: Munkidori|Psychic Noise|p1a: Ursaring\n|-damage|p1a: Ursaring|31/100 brn\n|-start|p1a: Ursaring|move: Heal Block\n|move|p1a: Ursaring|Body Slam|p2a: Munkidori\n|-damage|p2a: Munkidori|0 fnt\n|faint|p2a: Munkidori\n|\n|-damage|p1a: Ursaring|25/100 brn|[from] brn\n|upkeep\n|inactive|Time left: 300 sec this turn | 300 sec total | 5 sec grace\n|\n|t:|1783566678\n|switch|p2a: Alomomola|Alomomola, L87, F|429/429\n|turn|15\n|inactive|Time left: 300 sec this turn | 300 sec total\n|\n|t:|1783566679\n|switch|p1a: Hippowdon|Hippowdon, L82, F|86/100\n|-weather|Sandstorm|[from] ability: Sand Stream|[of] p1a: Hippowdon\n|move|p2a: Alomomola|Scald|p1a: Hippowdon\n|-supereffective|p1a: Hippowdon\n|-damage|p1a: Hippowdon|47/100\n|\n|-weather|Sandstorm|[upkeep]\n|-damage|p2a: Alomomola|403/429|[from] Sandstorm\n|-heal|p1a: Hippowdon|53/100|[from] item: Leftovers\n|upkeep\n|turn|16\n|inactive|Time left: 300 sec this turn | 300 sec total\n|\n|t:|1783566680\n|move|p2a: Alomomola|Scald|p1a: Hippowdon\n|-supereffective|p1a: Hippowdon\n|-damage|p1a: Hippowdon|12/100\n|move|p1a: Hippowdon|Slack Off|p1a: Hippowdon\n|-heal|p1a: Hippowdon|63/100\n|\n|-weather|Sandstorm|[upkeep]\n|-damage|p2a: Alomomola|377/429|[from] Sandstorm\n|-heal|p1a: Hippowdon|69/100|[from] item: Leftovers\n|upkeep\n|turn|17\n|inactive|Time left: 300 sec this turn | 300 sec total\n|\n|t:|1783566681\n|move|p2a: Alomomola|Scald|p1a: Hippowdon\n|-supereffective|p1a: Hippowdon\n|-damage|p1a: Hippowdon|28/100\n|move|p1a: Hippowdon|Slack Off|p1a: Hippowdon\n|-heal|p1a: Hippowdon|78/100\n|\n|-weather|Sandstorm|[upkeep]\n|-damage|p2a: Alomomola|351/429|[from] Sandstorm\n|-heal|p1a: Hippowdon|84/100|[from] item: Leftovers\n|upkeep\n|turn|18\n|inactive|Time left: 300 sec this turn | 300 sec total\n|\n|t:|1783566682\n|move|p2a: Alomomola|Scald|p1a: Hippowdon\n|-supereffective|p1a: Hippowdon\n|-damage|p1a: Hippowdon|43/100\n|move|p1a: Hippowdon|Slack Off|p1a: Hippowdon\n|-heal|p1a: Hippowdon|93/100\n|\n|-weather|Sandstorm|[upkeep]\n|-damage|p2a: Alomomola|325/429|[from] Sandstorm\n|-heal|p1a: Hippowdon|99/100|[from] item: Leftovers\n|upkeep\n|turn|19\n|inactive|Time left: 300 sec this turn | 300 sec total\n|\n|t:|1783566684\n|move|p2a: Alomomola|Scald|p1a: Hippowdon\n|-supereffective|p1a: Hippowdon\n|-damage|p1a: Hippowdon|65/100\n|-status|p1a: Hippowdon|brn\n|move|p1a: Hippowdon|Curse|p1a: Hippowdon\n|-unboost|p1a: Hippowdon|spe|1\n|-boost|p1a: Hippowdon|atk|1\n|-boost|p1a: Hippowdon|def|1\n|\n|-weather|none\n|-heal|p1a: Hippowdon|71/100 brn|[from] item: Leftovers\n|-damage|p1a: Hippowdon|65/100 brn|[from] brn\n|upkeep\n|turn|20\n|inactive|Time left: 300 sec this turn | 300 sec total\n|\n|t:|1783566685\n|move|p2a: Alomomola|Scald|p1a: Hippowdon\n|-supereffective|p1a: Hippowdon\n|-damage|p1a: Hippowdon|28/100 brn\n|move|p1a: Hippowdon|Slack Off|p1a: Hippowdon\n|-heal|p1a: Hippowdon|78/100 brn\n|\n|-heal|p1a: Hippowdon|84/100 brn|[from] item: Leftovers\n|-damage|p1a: Hippowdon|78/100 brn|[from] brn\n|upkeep\n|turn|21\n|inactive|Time left: 300 sec this turn | 300 sec total\n|\n|t:|1783566686\n|move|p2a: Alomomola|Wish|p2a: Alomomola\n|move|p1a: Hippowdon|Slack Off|p1a: Hippowdon\n|-heal|p1a: Hippowdon|100/100 brn\n|\n|-damage|p1a: Hippowdon|94/100 brn|[from] brn\n|upkeep\n|turn|22\n|inactive|Time left: 300 sec this turn | 300 sec total\n|\n|t:|1783566687\n|move|p2a: Alomomola|Scald|p1a: Hippowdon\n|-supereffective|p1a: Hippowdon\n|-damage|p1a: Hippowdon|55/100 brn\n|move|p1a: Hippowdon|Curse|p1a: Hippowdon\n|-unboost|p1a: Hippowdon|spe|1\n|-boost|p1a: Hippowdon|atk|1\n|-boost|p1a: Hippowdon|def|1\n|\n|-heal|p2a: Alomomola|429/429|[from] move: Wish|[wisher] Alomomola\n|-heal|p1a: Hippowdon|61/100 brn|[from] item: Leftovers\n|-damage|p1a: Hippowdon|55/100 brn|[from] brn\n|upkeep\n|turn|23\n|inactive|Time left: 300 sec this turn | 300 sec total\n|\n|t:|1783566688\n|move|p2a: Alomomola|Scald|p1a: Hippowdon\n|-supereffective|p1a: Hippowdon\n|-damage|p1a: Hippowdon|14/100 brn\n|move|p1a: Hippowdon|Slack Off|p1a: Hippowdon\n|-heal|p1a: Hippowdon|64/100 brn\n|\n|-heal|p1a: Hippowdon|70/100 brn|[from] item: Leftovers\n|-damage|p1a: Hippowdon|64/100 brn|[from] brn\n|upkeep\n|turn|24\n|inactive|Time left: 300 sec this turn | 300 sec total\n|\n|t:|1783566689\n|move|p2a: Alomomola|Scald|p1a: Hippowdon\n|-supereffective|p1a: Hippowdon\n|-crit|p1a: Hippowdon\n|-damage|p1a: Hippowdon|11/100 brn\n|move|p1a: Hippowdon|Stone Edge|p2a: Alomomola\n|-crit|p2a: Alomomola\n|-damage|p2a: Alomomola|303/429\n|\n|-heal|p1a: Hippowdon|18/100 brn|[from] item: Leftovers\n|-damage|p1a: Hippowdon|11/100 brn|[from] brn\n|upkeep\n|turn|25\n|inactive|Time left: 300 sec this turn | 300 sec total\n|\n|t:|1783566690\n|move|p2a: Alomomola|Flip Turn|p1a: Hippowdon\n|-supereffective|p1a: Hippowdon\n|-damage|p1a: Hippowdon|0 fnt\n|faint|p1a: Hippowdon\n|inactive|Time left: 300 sec this turn | 300 sec total | 5 sec grace\n|\n|t:|1783566691\n|switch|p2a: Snorlax|Snorlax, L82, M|397/397|[from] Flip Turn\n|\n|upkeep\n|\n|t:|1783566692\n|switch|p1a: Gliscor|Gliscor, L76, F|100/100\n|turn|26\n|inactive|Time left: 300 sec this turn | 300 sec total\n|\n|t:|1783566692\n|move|p1a: Gliscor|Substitute|p1a: Gliscor\n|-start|p1a: Gliscor|Substitute\n|-damage|p1a: Gliscor|76/100\n|move|p2a: Snorlax|Curse|p2a: Snorlax\n|-unboost|p2a: Snorlax|spe|1\n|-boost|p2a: Snorlax|atk|1\n|-boost|p2a: Snorlax|def|1\n|\n|-status|p1a: Gliscor|tox|[from] item: Toxic Orb\n|upkeep\n|turn|27\n|inactive|Time left: 300 sec this turn | 300 sec total\n|\n|t:|1783566693\n|move|p1a: Gliscor|Toxic|p2a: Snorlax\n|-status|p2a: Snorlax|tox\n|move|p2a: Snorlax|Body Slam|p1a: Gliscor\n|-end|p1a: Gliscor|Substitute\n|\n|-heal|p1a: Gliscor|88/100 tox|[from] ability: Poison Heal\n|-damage|p2a: Snorlax|373/397 tox|[from] psn\n|upkeep\n|turn|28\n|inactive|Time left: 300 sec this turn | 300 sec total\n|\n|t:|1783566694\n|move|p1a: Gliscor|Substitute|p1a: Gliscor\n|-start|p1a: Gliscor|Substitute\n|-damage|p1a: Gliscor|63/100 tox\n|move|p2a: Snorlax|Body Slam|p1a: Gliscor\n|-end|p1a: Gliscor|Substitute\n|\n|-heal|p1a: Gliscor|75/100 tox|[from] ability: Poison Heal\n|-damage|p2a: Snorlax|325/397 tox|[from] psn\n|upkeep\n|turn|29\n|inactive|Time left: 300 sec this turn | 300 sec total\n|\n|t:|1783566695\n|move|p1a: Gliscor|Protect|p1a: Gliscor\n|-singleturn|p1a: Gliscor|Protect\n|move|p2a: Snorlax|Rest|p2a: Snorlax\n|-status|p2a: Snorlax|slp|[from] move: Rest\n|-heal|p2a: Snorlax|397/397 slp|[silent]\n|-enditem|p2a: Snorlax|Chesto Berry|[eat]\n|-curestatus|p2a: Snorlax|slp|[msg]\n|\n|-heal|p1a: Gliscor|88/100 tox|[from] ability: Poison Heal\n|upkeep\n|turn|30\n|inactive|Time left: 300 sec this turn | 300 sec total\n|\n|t:|1783566696\n|move|p1a: Gliscor|Toxic|p2a: Snorlax\n|-status|p2a: Snorlax|tox\n|move|p2a: Snorlax|Body Slam|p1a: Gliscor\n|-damage|p1a: Gliscor|40/100 tox\n|\n|-heal|p1a: Gliscor|52/100 tox|[from] ability: Poison Heal\n|-damage|p2a: Snorlax|373/397 tox|[from] psn\n|upkeep\n|turn|31\n|inactive|Time left: 300 sec this turn | 300 sec total\n|\n|t:|1783566697\n|move|p1a: Gliscor|Protect|p1a: Gliscor\n|-singleturn|p1a: Gliscor|Protect\n|move|p2a: Snorlax|Body Slam|p1a: Gliscor\n|-activate|p1a: Gliscor|move: Protect\n|\n|-heal|p1a: Gliscor|64/100 tox|[from] ability: Poison Heal\n|-damage|p2a: Snorlax|325/397 tox|[from] psn\n|upkeep\n|turn|32\n|inactive|Time left: 300 sec this turn | 300 sec total\n|\n|t:|1783566698\n|move|p1a: Gliscor|Protect|p1a: Gliscor\n|-singleturn|p1a: Gliscor|Protect\n|move|p2a: Snorlax|Body Slam|p1a: Gliscor\n|-activate|p1a: Gliscor|move: Protect\n|\n|-heal|p1a: Gliscor|76/100 tox|[from] ability: Poison Heal\n|-damage|p2a: Snorlax|253/397 tox|[from] psn\n|upkeep\n|turn|33\n|inactive|Time left: 300 sec this turn | 300 sec total\n|\n|t:|1783566699\n|move|p1a: Gliscor|Substitute|p1a: Gliscor\n|-start|p1a: Gliscor|Substitute\n|-damage|p1a: Gliscor|52/100 tox\n|move|p2a: Snorlax|Rest|p2a: Snorlax\n|-status|p2a: Snorlax|slp|[from] move: Rest\n|-heal|p2a: Snorlax|397/397 slp|[silent]\n|\n|-heal|p1a: Gliscor|64/100 tox|[from] ability: Poison Heal\n|upkeep\n|turn|34\n|inactive|Time left: 300 sec this turn | 300 sec total\n|\n|t:|1783566700\n|move|p1a: Gliscor|Earthquake|p2a: Snorlax\n|-damage|p2a: Snorlax|324/397 slp\n|cant|p2a: Snorlax|slp\n|\n|-heal|p1a: Gliscor|76/100 tox|[from] ability: Poison Heal\n|upkeep\n|turn|35\n|inactive|Time left: 300 sec this turn | 300 sec total\n|\n|t:|1783566701\n|move|p1a: Gliscor|Earthquake|p2a: Snorlax\n|-damage|p2a: Snorlax|246/397 slp\n|cant|p2a: Snorlax|slp\n|\n|-heal|p1a: Gliscor|88/100 tox|[from] ability: Poison Heal\n|upkeep\n|turn|36\n|inactive|Time left: 300 sec this turn | 300 sec total\n|\n|t:|1783566702\n|move|p1a: Gliscor|Earthquake|p2a: Snorlax\n|-damage|p2a: Snorlax|168/397 slp\n|-curestatus|p2a: Snorlax|slp|[msg]\n|move|p2a: Snorlax|Body Slam|p1a: Gliscor\n|-crit|p1a: Gliscor\n|-end|p1a: Gliscor|Substitute\n|\n|-heal|p1a: Gliscor|99/100 tox|[from] ability: Poison Heal\n|upkeep\n|turn|37\n|inactive|Time left: 300 sec this turn | 300 sec total\n|\n|t:|1783566703\n|move|p1a: Gliscor|Substitute|p1a: Gliscor\n|-start|p1a: Gliscor|Substitute\n|-damage|p1a: Gliscor|75/100 tox\n|move|p2a: Snorlax|Rest|p2a: Snorlax\n|-status|p2a: Snorlax|slp|[from] move: Rest\n|-heal|p2a: Snorlax|397/397 slp|[silent]\n|\n|-heal|p1a: Gliscor|88/100 tox|[from] ability: Poison Heal\n|upkeep\n|turn|38\n|inactive|Time left: 300 sec this turn | 300 sec total\n|\n|t:|1783566704\n|move|p1a: Gliscor|Earthquake|p2a: Snorlax\n|-damage|p2a: Snorlax|325/397 slp\n|cant|p2a: Snorlax|slp\n|\n|-heal|p1a: Gliscor|99/100 tox|[from] ability: Poison Heal\n|upkeep\n|turn|39\n|inactive|Time left: 300 sec this turn | 300 sec total\n|\n|t:|1783566705\n|move|p1a: Gliscor|Earthquake|p2a: Snorlax\n|-damage|p2a: Snorlax|258/397 slp\n|cant|p2a: Snorlax|slp\n|\n|-heal|p1a: Gliscor|100/100 tox|[from] ability: Poison Heal\n|upkeep\n|turn|40\n|inactive|Time left: 300 sec this turn | 300 sec total\n|\n|t:|1783566706\n|move|p1a: Gliscor|Earthquake|p2a: Snorlax\n|-damage|p2a: Snorlax|179/397 slp\n|-curestatus|p2a: Snorlax|slp|[msg]\n|move|p2a: Snorlax|Body Slam|p1a: Gliscor\n|-end|p1a: Gliscor|Substitute\n|\n|upkeep\n|turn|41\n|inactive|Time left: 300 sec this turn | 300 sec total\n|\n|t:|1783566707\n|move|p1a: Gliscor|Toxic|p2a: Snorlax\n|-status|p2a: Snorlax|tox\n|move|p2a: Snorlax|Rest|p2a: Snorlax\n|-status|p2a: Snorlax|slp|[from] move: Rest\n|-heal|p2a: Snorlax|397/397 slp|[silent]\n|\n|upkeep\n|turn|42\n|inactive|Time left: 300 sec this turn | 300 sec total\n|\n|t:|1783566708\n|move|p1a: Gliscor|Substitute|p1a: Gliscor\n|-start|p1a: Gliscor|Substitute\n|-damage|p1a: Gliscor|76/100 tox\n|cant|p2a: Snorlax|slp\n|\n|-heal|p1a: Gliscor|88/100 tox|[from] ability: Poison Heal\n|upkeep\n|turn|43\n|inactive|Time left: 300 sec this turn | 300 sec total\n|\n|t:|1783566709\n|move|p1a: Gliscor|Earthquake|p2a: Snorlax\n|-damage|p2a: Snorlax|321/397 slp\n|cant|p2a: Snorlax|slp\n|\n|-heal|p1a: Gliscor|99/100 tox|[from] ability: Poison Heal\n|upkeep\n|turn|44\n|inactive|Time left: 300 sec this turn | 300 sec total\n|\n|t:|1783566710\n|move|p1a: Gliscor|Protect|p1a: Gliscor\n|-singleturn|p1a: Gliscor|Protect\n|-curestatus|p2a: Snorlax|slp|[msg]\n|move|p2a: Snorlax|Body Slam|p1a: Gliscor\n|-activate|p1a: Gliscor|move: Protect\n|\n|-heal|p1a: Gliscor|100/100 tox|[from] ability: Poison Heal\n|upkeep\n|turn|45\n|inactive|Time left: 300 sec this turn | 300 sec total\n|\n|t:|1783566711\n|move|p1a: Gliscor|Toxic|p2a: Snorlax\n|-status|p2a: Snorlax|tox\n|move|p2a: Snorlax|Body Slam|p1a: Gliscor\n|-end|p1a: Gliscor|Substitute\n|\n|-damage|p2a: Snorlax|297/397 tox|[from] psn\n|upkeep\n|turn|46\n|inactive|Time left: 300 sec this turn | 300 sec total\n|\n|t:|1783566712\n|move|p1a: Gliscor|Substitute|p1a: Gliscor\n|-start|p1a: Gliscor|Substitute\n|-damage|p1a: Gliscor|76/100 tox\n|move|p2a: Snorlax|Rest|p2a: Snorlax\n|-status|p2a: Snorlax|slp|[from] move: Rest\n|-heal|p2a: Snorlax|397/397 slp|[silent]\n|\n|-heal|p1a: Gliscor|88/100 tox|[from] ability: Poison Heal\n|upkeep\n|turn|47\n|inactive|Time left: 300 sec this turn | 300 sec total\n|\n|t:|1783566713\n|move|p1a: Gliscor|Earthquake|p2a: Snorlax\n|-damage|p2a: Snorlax|327/397 slp\n|cant|p2a: Snorlax|slp\n|\n|-heal|p1a: Gliscor|99/100 tox|[from] ability: Poison Heal\n|upkeep\n|turn|48\n|inactive|Time left: 300 sec this turn | 300 sec total\n|\n|t:|1783566714\n|move|p1a: Gliscor|Earthquake|p2a: Snorlax\n|-damage|p2a: Snorlax|246/397 slp\n|cant|p2a: Snorlax|slp\n|\n|-heal|p1a: Gliscor|100/100 tox|[from] ability: Poison Heal\n|upkeep\n|turn|49\n|inactive|Time left: 300 sec this turn | 300 sec total\n|\n|t:|1783566715\n|move|p1a: Gliscor|Protect|p1a: Gliscor\n|-singleturn|p1a: Gliscor|Protect\n|-curestatus|p2a: Snorlax|slp|[msg]\n|move|p2a: Snorlax|Body Slam|p1a: Gliscor\n|-activate|p1a: Gliscor|move: Protect\n|\n|upkeep\n|turn|50\n|inactive|Time left: 300 sec this turn | 300 sec total\n|\n|t:|1783566716\n|move|p1a: Gliscor|Toxic|p2a: Snorlax\n|-status|p2a: Snorlax|tox\n|move|p2a: Snorlax|Rest|p2a: Snorlax\n|-status|p2a: Snorlax|slp|[from] move: Rest\n|-heal|p2a: Snorlax|397/397 slp|[silent]\n|\n|upkeep\n|turn|51\n|inactive|Time left: 300 sec this turn | 300 sec total\n|\n|t:|1783566717\n|move|p1a: Gliscor|Earthquake|p2a: Snorlax\n|-damage|p2a: Snorlax|322/397 slp\n|cant|p2a: Snorlax|slp\n|\n|upkeep\n|turn|52\n|inactive|Time left: 300 sec this turn | 300 sec total\n|\n|t:|1783566718\n|move|p1a: Gliscor|Earthquake|p2a: Snorlax\n|-damage|p2a: Snorlax|250/397 slp\n|cant|p2a: Snorlax|slp\n|\n|upkeep\n|turn|53\n|inactive|Time left: 300 sec this turn | 300 sec total\n|\n|t:|1783566719\n|move|p1a: Gliscor|Protect|p1a: Gliscor\n|-singleturn|p1a: Gliscor|Protect\n|-curestatus|p2a: Snorlax|slp|[msg]\n|move|p2a: Snorlax|Body Slam|p1a: Gliscor\n|-activate|p1a: Gliscor|move: Protect\n|\n|upkeep\n|turn|54\n|inactive|Time left: 300 sec this turn | 300 sec total\n|\n|t:|1783566720\n|move|p1a: Gliscor|Toxic|p2a: Snorlax\n|-status|p2a: Snorlax|tox\n|move|p2a: Snorlax|Rest|p2a: Snorlax\n|-status|p2a: Snorlax|slp|[from] move: Rest\n|-heal|p2a: Snorlax|397/397 slp|[silent]\n|\n|upkeep\n|turn|55\n|inactive|Time left: 300 sec this turn | 300 sec total\n|\n|t:|1783566722\n|move|p1a: Gliscor|Earthquake|p2a: Snorlax\n|-damage|p2a: Snorlax|319/397 slp\n|cant|p2a: Snorlax|slp\n|\n|upkeep\n|turn|56\n|inactive|Time left: 300 sec this turn | 300 sec total\n|\n|t:|1783566723\n|move|p1a: Gliscor|Earthquake|p2a: Snorlax\n|-damage|p2a: Snorlax|252/397 slp\n|cant|p2a: Snorlax|slp\n|\n|upkeep\n|turn|57\n|inactive|Time left: 300 sec this turn | 300 sec total\n|\n|t:|1783566724\n|move|p1a: Gliscor|Protect|p1a: Gliscor\n|-singleturn|p1a: Gliscor|Protect\n|-curestatus|p2a: Snorlax|slp|[msg]\n|move|p2a: Snorlax|Body Slam|p1a: Gliscor\n|-activate|p1a: Gliscor|move: Protect\n|\n|upkeep\n|turn|58\n|inactive|Time left: 300 sec this turn | 300 sec total\n|\n|t:|1783566725\n|move|p1a: Gliscor|Toxic|p2a: Snorlax\n|-status|p2a: Snorlax|tox\n|move|p2a: Snorlax|Rest|p2a: Snorlax\n|-status|p2a: Snorlax|slp|[from] move: Rest\n|-heal|p2a: Snorlax|397/397 slp|[silent]\n|\n|upkeep\n|turn|59\n|inactive|Time left: 300 sec this turn | 300 sec total\n|\n|t:|1783566726\n|move|p1a: Gliscor|Earthquake|p2a: Snorlax\n|-damage|p2a: Snorlax|330/397 slp\n|cant|p2a: Snorlax|slp\n|\n|upkeep\n|turn|60\n|inactive|Time left: 300 sec this turn | 300 sec total\n|\n|t:|1783566727\n|move|p1a: Gliscor|Earthquake|p2a: Snorlax\n|-damage|p2a: Snorlax|255/397 slp\n|cant|p2a: Snorlax|slp\n|\n|upkeep\n|turn|61\n|inactive|Time left: 300 sec this turn | 300 sec total\n|\n|t:|1783566728\n|move|p1a: Gliscor|Earthquake|p2a: Snorlax\n|-damage|p2a: Snorlax|179/397 slp\n|-curestatus|p2a: Snorlax|slp|[msg]\n|move|p2a: Snorlax|Body Slam|p1a: Gliscor\n|-end|p1a: Gliscor|Substitute\n|\n|upkeep\n|turn|62\n|inactive|Time left: 300 sec this turn | 300 sec total\n|\n|t:|1783566729\n|move|p1a: Gliscor|Toxic|p2a: Snorlax\n|-status|p2a: Snorlax|tox\n|move|p2a: Snorlax|Body Slam|p1a: Gliscor\n|-damage|p1a: Gliscor|55/100 tox\n|\n|-heal|p1a: Gliscor|67/100 tox|[from] ability: Poison Heal\n|-damage|p2a: Snorlax|155/397 tox|[from] psn\n|upkeep\n|turn|63\n|inactive|Time left: 300 sec this turn | 300 sec total\n|\n|t:|1783566730\n|switch|p2a: Alomomola|Alomomola, L87, F|429/429\n|move|p1a: Gliscor|Protect||[still]\n|-fail|p1a: Gliscor\n|\n|-heal|p1a: Gliscor|79/100 tox|[from] ability: Poison Heal\n|upkeep\n|turn|64\n|inactive|Time left: 300 sec this turn | 300 sec total\n|\n|t:|1783566732\n|move|p1a: Gliscor|Protect|p1a: Gliscor\n|-singleturn|p1a: Gliscor|Protect\n|move|p2a: Alomomola|Scald|p1a: Gliscor\n|-activate|p1a: Gliscor|move: Protect\n|\n|-heal|p1a: Gliscor|91/100 tox|[from] ability: Poison Heal\n|upkeep\n|turn|65\n|inactive|Time left: 300 sec this turn | 300 sec total\n|\n|t:|1783566733\n|move|p1a: Gliscor|Substitute|p1a: Gliscor\n|-start|p1a: Gliscor|Substitute\n|-damage|p1a: Gliscor|67/100 tox\n|move|p2a: Alomomola|Flip Turn|p1a: Gliscor\n|-supereffective|p1a: Gliscor\n|-end|p1a: Gliscor|Substitute\n|inactive|Time left: 300 sec this turn | 300 sec total | 5 sec grace\n|\n|t:|1783566734\n|switch|p2a: Snorlax|Snorlax, L82, M|155/397 tox|[from] Flip Turn\n|\n|-heal|p1a: Gliscor|79/100 tox|[from] ability: Poison Heal\n|-damage|p2a: Snorlax|131/397 tox|[from] psn\n|upkeep\n|turn|66\n|inactive|Time left: 300 sec this turn | 300 sec total\n|\n|t:|1783566735\n|move|p1a: Gliscor|Protect|p1a: Gliscor\n|-singleturn|p1a: Gliscor|Protect\n|move|p2a: Snorlax|Body Slam|p1a: Gliscor\n|-activate|p1a: Gliscor|move: Protect\n|\n|-heal|p1a: Gliscor|91/100 tox|[from] ability: Poison Heal\n|-damage|p2a: Snorlax|83/397 tox|[from] psn\n|upkeep\n|turn|67\n|inactive|Time left: 300 sec this turn | 300 sec total\n|\n|t:|1783566736\n|move|p1a: Gliscor|Substitute|p1a: Gliscor\n|-start|p1a: Gliscor|Substitute\n|-damage|p1a: Gliscor|66/100 tox\n|move|p2a: Snorlax|Body Slam|p1a: Gliscor\n|-end|p1a: Gliscor|Substitute\n|\n|-heal|p1a: Gliscor|78/100 tox|[from] ability: Poison Heal\n|-damage|p2a: Snorlax|11/397 tox|[from] psn\n|upkeep\n|turn|68\n|inactive|Time left: 300 sec this turn | 300 sec total\n|\n|t:|1783566737\n|move|p1a: Gliscor|Protect|p1a: Gliscor\n|-singleturn|p1a: Gliscor|Protect\n|move|p2a: Snorlax|Body Slam|p1a: Gliscor\n|-activate|p1a: Gliscor|move: Protect\n|\n|-heal|p1a: Gliscor|90/100 tox|[from] ability: Poison Heal\n|-damage|p2a: Snorlax|0 fnt|[from] psn\n|faint|p2a: Snorlax\n|upkeep\n|inactive|Time left: 300 sec this turn | 300 sec total | 5 sec grace\n|\n|t:|1783566738\n|switch|p2a: Alomomola|Alomomola, L87, F|429/429\n|turn|69\n|inactive|Time left: 300 sec this turn | 300 sec total\n|\n|t:|1783566738\n|-terastallize|p1a: Gliscor|Water\n|move|p1a: Gliscor|Toxic|p2a: Alomomola\n|-status|p2a: Alomomola|tox\n|move|p2a: Alomomola|Scald|p1a: Gliscor\n|-resisted|p1a: Gliscor\n|-damage|p1a: Gliscor|78/100 tox\n|\n|-heal|p1a: Gliscor|90/100 tox|[from] ability: Poison Heal\n|-damage|p2a: Alomomola|403/429 tox|[from] psn\n|upkeep\n|turn|70\n|inactive|Time left: 300 sec this turn | 300 sec total\n|\n|t:|1783566739\n|move|p1a: Gliscor|Substitute|p1a: Gliscor\n|-start|p1a: Gliscor|Substitute\n|-damage|p1a: Gliscor|65/100 tox\n|move|p2a: Alomomola|Scald|p1a: Gliscor\n|-resisted|p1a: Gliscor\n|-activate|p1a: Gliscor|move: Substitute|[damage]\n|\n|-heal|p1a: Gliscor|77/100 tox|[from] ability: Poison Heal\n|-damage|p2a: Alomomola|351/429 tox|[from] psn\n|upkeep\n|turn|71\n|inactive|Time left: 300 sec this turn | 300 sec total\n|\n|t:|1783566740\n|move|p1a: Gliscor|Substitute|p1a: Gliscor\n|-fail|p1a: Gliscor|move: Substitute\n|move|p2a: Alomomola|Wish|p2a: Alomomola\n|\n|-heal|p1a: Gliscor|90/100 tox|[from] ability: Poison Heal\n|-damage|p2a: Alomomola|273/429 tox|[from] psn\n|upkeep\n|turn|72\n|inactive|Time left: 300 sec this turn | 300 sec total\n|\n|t:|1783566741\n|move|p1a: Gliscor|Substitute|p1a: Gliscor\n|-fail|p1a: Gliscor|move: Substitute\n|move|p2a: Alomomola|Flip Turn|p1a: Gliscor\n|-resisted|p1a: Gliscor\n|-activate|p1a: Gliscor|move: Substitute|[damage]\n|\n|-heal|p2a: Alomomola|429/429 tox|[from] move: Wish|[wisher] Alomomola\n|-heal|p1a: Gliscor|100/100 tox|[from] ability: Poison Heal\n|-damage|p2a: Alomomola|325/429 tox|[from] psn\n|upkeep\n|turn|73\n|inactive|Time left: 300 sec this turn | 300 sec total\n|\n|t:|1783566742\n|move|p1a: Gliscor|Substitute|p1a: Gliscor\n|-fail|p1a: Gliscor|move: Substitute\n|move|p2a: Alomomola|Wish|p2a: Alomomola\n|\n|-damage|p2a: Alomomola|195/429 tox|[from] psn\n|upkeep\n|turn|74\n|inactive|Time left: 300 sec this turn | 300 sec total\n|\n|t:|1783566743\n|move|p1a: Gliscor|Substitute|p1a: Gliscor\n|-fail|p1a: Gliscor|move: Substitute\n|move|p2a: Alomomola|Scald|p1a: Gliscor\n|-resisted|p1a: Gliscor\n|-end|p1a: Gliscor|Substitute\n|\n|-heal|p2a: Alomomola|409/429 tox|[from] move: Wish|[wisher] Alomomola\n|-damage|p2a: Alomomola|253/429 tox|[from] psn\n|upkeep\n|turn|75\n|inactive|Time left: 300 sec this turn | 300 sec total\n|\n|t:|1783566744\n|switch|p1a: Ursaring|Ursaring, L84, M|25/100 brn\n|move|p2a: Alomomola|Wish|p2a: Alomomola\n|\n|-damage|p2a: Alomomola|71/429 tox|[from] psn\n|-damage|p1a: Ursaring|19/100 brn|[from] brn\n|upkeep\n|turn|76\n|inactive|Time left: 300 sec this turn | 300 sec total\n|\n|t:|1783566744\n|switch|p1a: Gliscor|Gliscor, L76, F, tera:Water|100/100 tox\n|move|p2a: Alomomola|Wish||[still]\n|-fail|p2a: Alomomola\n|\n|-heal|p2a: Alomomola|285/429 tox|[from] move: Wish|[wisher] Alomomola\n|-damage|p2a: Alomomola|77/429 tox|[from] psn\n|upkeep\n|turn|77\n|inactive|Time left: 300 sec this turn | 300 sec total\n|\n|t:|1783566745\n|move|p1a: Gliscor|Substitute|p1a: Gliscor\n|-start|p1a: Gliscor|Substitute\n|-damage|p1a: Gliscor|76/100 tox\n|move|p2a: Alomomola|Flip Turn|p1a: Gliscor\n|-resisted|p1a: Gliscor\n|-activate|p1a: Gliscor|move: Substitute|[damage]\n|\n|-heal|p1a: Gliscor|88/100 tox|[from] ability: Poison Heal\n|-damage|p2a: Alomomola|0 fnt|[from] psn\n|faint|p2a: Alomomola\n|\n|win|p0x2298b3ee", "uploadtime": 1783566745, "views": 0, "rating": 0, "private": 0, "password": null, "_winner": "p0x2298b3ee", "_our_name": "p0y2298c4da"}