{"id": "battle-gen9randombattle-2400", "formatid": "gen9randombattle", "format": "[Gen 9] Random Battle", "players": ["p0x24000506", "p0y2400e9a5"], "log": "|init|battle\n|title|p0x24000506 vs. p0y2400e9a5\n|j|\u2606p0x24000506\n|j|\u2606p0y2400e9a5\n|t:|1783567842\n|gametype|singles\n|player|p1|p0x24000506|170|\n|player|p2|p0y2400e9a5|170|\n|gen|9\n|tier|[Gen 9] Random Battle\n|rule|Species Clause: Limit one of each Pok\u00e9mon\n|rule|HP Percentage Mod: HP is shown in percentages\n|rule|Sleep Clause Mod: Limit one foe put to sleep\n|rule|Illusion Level Mod: Illusion disguises the Pok\u00e9mon's true level\n|\n|t:|1783567842\n|teamsize|p1|6\n|teamsize|p2|6\n|start\n|switch|p1a: Jumpluff|Jumpluff, L87, F|100/100\n|switch|p2a: Solgaleo|Solgaleo, L74|325/325\n|turn|1\n|inactive|Battle timer is ON: inactive players will automatically lose when time's up. (requested by p0x24000506)\n|inactive|Time left: 300 sec this turn | 300 sec total | 60 sec grace\n|inactive|p0y2400e9a5 also wants the timer to be on.\n|\n|t:|1783567843\n|move|p1a: Jumpluff|Sleep Powder|p2a: Solgaleo\n|-status|p2a: Solgaleo|slp|[from] move: Sleep Powder\n|cant|p2a: Solgaleo|slp\n|\n|upkeep\n|turn|2\n|inactive|Time left: 300 sec this turn | 300 sec total\n|\n|t:|1783567845\n|move|p1a: Jumpluff|Acrobatics|p2a: Solgaleo\n|-resisted|p2a: Solgaleo\n|-damage|p2a: Solgaleo|285/325 slp\n|cant|p2a: Solgaleo|slp\n|\n|-heal|p2a: Solgaleo|305/325 slp|[from] item: Leftovers\n|upkeep\n|turn|3\n|inactive|Time left: 300 sec this turn | 300 sec total\n|\n|t:|1783567846\n|move|p1a: Jumpluff|U-turn|p2a: Solgaleo\n|-damage|p2a: Solgaleo|273/325 slp\n|\n|t:|1783567847\n|switch|p1a: Dondozo|Dondozo, L78, M|100/100|[from] U-turn\n|-curestatus|p2a: Solgaleo|slp|[msg]\n|move|p2a: Solgaleo|Sunsteel Strike|p1a: Dondozo\n|-resisted|p1a: Dondozo\n|-damage|p1a: Dondozo|87/100\n|\n|-heal|p2a: Solgaleo|293/325|[from] item: Leftovers\n|-heal|p1a: Dondozo|93/100|[from] item: Leftovers\n|upkeep\n|turn|4\n|inactive|Time left: 300 sec this turn | 300 sec total\n|\n|t:|1783567848\n|move|p2a: Solgaleo|Sunsteel Strike|p1a: Dondozo\n|-resisted|p1a: Dondozo\n|-damage|p1a: Dondozo|79/100\n|move|p1a: Dondozo|Curse|p1a: Dondozo\n|-unboost|p1a: Dondozo|spe|1\n|-boost|p1a: Dondozo|atk|1\n|-boost|p1a: Dondozo|def|1\n|\n|-heal|p2a: Solgaleo|313/325|[from] item: Leftovers\n|-heal|p1a: Dondozo|85/100|[from] item: Leftovers\n|upkeep\n|turn|5\n|inactive|Time left: 300 sec this turn | 300 sec total\n|\n|t:|1783567849\n|switch|p2a: Hydrapple|Hydrapple, L83, M|312/312\n|move|p1a: Dondozo|Wave Crash|p2a: Hydrapple\n|-resisted|p2a: Hydrapple\n|-damage|p2a: Hydrapple|276/312\n|-damage|p1a: Dondozo|82/100|[from] Recoil\n|\n|-heal|p2a: Hydrapple|295/312|[from] item: Leftovers\n|-heal|p1a: Dondozo|88/100|[from] item: Leftovers\n|upkeep\n|turn|6\n|inactive|Time left: 300 sec this turn | 300 sec total\n|\n|t:|1783567851\n|move|p2a: Hydrapple|Nasty Plot|p2a: Hydrapple\n|-boost|p2a: Hydrapple|spa|2\n|move|p1a: Dondozo|Wave Crash|p2a: Hydrapple\n|-resisted|p2a: Hydrapple\n|-crit|p2a: Hydrapple\n|-damage|p2a: Hydrapple|240/312\n|-damage|p1a: Dondozo|83/100|[from] Recoil\n|\n|-heal|p2a: Hydrapple|259/312|[from] item: Leftovers\n|-heal|p1a: Dondozo|89/100|[from] item: Leftovers\n|upkeep\n|turn|7\n|inactive|Time left: 300 sec this turn | 300 sec total\n|\n|t:|1783567852\n|move|p2a: Hydrapple|Fickle Beam|p1a: Dondozo|[anim] Fickle Beam All Out\n|-activate|p2a: Hydrapple|move: Fickle Beam\n|-damage|p1a: Dondozo|10/100\n|move|p1a: Dondozo|Sleep Talk||[still]\n|-fail|p1a: Dondozo\n|\n|-heal|p2a: Hydrapple|278/312|[from] item: Leftovers\n|-heal|p1a: Dondozo|16/100|[from] item: Leftovers\n|upkeep\n|turn|8\n|inactive|Time left: 300 sec this turn | 300 sec total\n|\n|t:|1783567853\n|move|p2a: Hydrapple|Giga Drain|p1a: Dondozo\n|-supereffective|p1a: Dondozo\n|-damage|p1a: Dondozo|0 fnt\n|-heal|p2a: Hydrapple|307/312|[from] drain|[of] p1a: Dondozo\n|faint|p1a: Dondozo\n|\n|-heal|p2a: Hydrapple|312/312|[from] item: Leftovers\n|upkeep\n|\n|t:|1783567854\n|switch|p1a: Dragalge|Dragalge, L88, M|100/100\n|turn|9\n|inactive|Time left: 300 sec this turn | 300 sec total\n|\n|t:|1783567855\n|-terastallize|p2a: Hydrapple|Steel\n|move|p1a: Dragalge|Sludge Wave|p2a: Hydrapple\n|-immune|p2a: Hydrapple\n|move|p2a: Hydrapple|Fickle Beam|p1a: Dragalge\n|-supereffective|p1a: Dragalge\n|-damage|p1a: Dragalge|31/100\n|\n|upkeep\n|turn|10\n|inactive|Time left: 300 sec this turn | 300 sec total\n|\n|t:|1783567856\n|-terastallize|p1a: Dragalge|Fighting\n|move|p1a: Dragalge|Focus Blast|p2a: Hydrapple|[miss]\n|-miss|p1a: Dragalge|p2a: Hydrapple\n|move|p2a: Hydrapple|Fickle Beam|p1a: Dragalge\n|-damage|p1a: Dragalge|0 fnt\n|faint|p1a: Dragalge\n|\n|upkeep\n|\n|t:|1783567857\n|switch|p1a: Jumpluff|Jumpluff, L87, F|100/100\n|turn|11\n|inactive|Time left: 300 sec this turn | 300 sec total\n|\n|t:|1783567858\n|move|p1a: Jumpluff|Sleep Powder|p2a: Hydrapple\n|-status|p2a: Hydrapple|slp|[from] move: Sleep Powder\n|cant|p2a: Hydrapple|slp\n|\n|upkeep\n|turn|12\n|inactive|Time left: 300 sec this turn | 300 sec total\n|\n|t:|1783567859\n|switch|p1a: Raikou|Raikou, L81|100/100\n|-ability|p1a: Raikou|Pressure\n|cant|p2a: Hydrapple|slp\n|\n|upkeep\n|turn|13\n|inactive|Time left: 300 sec this turn | 300 sec total\n|\n|t:|1783567860\n|move|p1a: Raikou|Calm Mind|p1a: Raikou\n|-boost|p1a: Raikou|spa|1\n|-boost|p1a: Raikou|spd|1\n|-curestatus|p2a: Hydrapple|slp|[msg]\n|move|p2a: Hydrapple|Fickle Beam|p1a: Raikou\n|-damage|p1a: Raikou|53/100\n|\n|upkeep\n|turn|14\n|inactive|Time left: 300 sec this turn | 300 sec total\n|\n|t:|1783567861\n|move|p1a: Raikou|Thunderbolt|p2a: Hydrapple\n|-damage|p2a: Hydrapple|147/312\n|move|p2a: Hydrapple|Giga Drain|p1a: Raikou\n|-damage|p1a: Raikou|7/100\n|-heal|p2a: Hydrapple|210/312|[from] drain|[of] p1a: Raikou\n|\n|-heal|p2a: Hydrapple|229/312|[from] item: Leftovers\n|upkeep\n|turn|15\n|inactive|Time left: 300 sec this turn | 300 sec total\n|\n|t:|1783567862\n|move|p1a: Raikou|Thunderbolt|p2a: Hydrapple\n|-damage|p2a: Hydrapple|73/312\n|move|p2a: Hydrapple|Fickle Beam|p1a: Raikou|[anim] Fickle Beam All Out\n|-activate|p2a: Hydrapple|move: Fickle Beam\n|-damage|p1a: Raikou|0 fnt\n|faint|p1a: Raikou\n|\n|-heal|p2a: Hydrapple|92/312|[from] item: Leftovers\n|upkeep\n|\n|t:|1783567863\n|switch|p1a: Hydreigon|Hydreigon, L79, M|100/100\n|turn|16\n|inactive|Time left: 300 sec this turn | 300 sec total\n|\n|t:|1783567864\n|switch|p2a: Urshifu|Urshifu, L74, F|270/270\n|move|p1a: Hydreigon|Dark Pulse|p2a: Urshifu\n|-resisted|p2a: Urshifu\n|-damage|p2a: Urshifu|223/270\n|\n|upkeep\n|turn|17\n|inactive|Time left: 300 sec this turn | 300 sec total\n|\n|t:|1783567865\n|move|p1a: Hydreigon|Dark Pulse|p2a: Urshifu\n|-resisted|p2a: Urshifu\n|-damage|p2a: Urshifu|177/270\n|cant|p2a: Urshifu|flinch\n|\n|upkeep\n|turn|18\n|inactive|Time left: 300 sec this turn | 300 sec total\n|\n|t:|1783567867\n|move|p1a: Hydreigon|Dark Pulse|p2a: Urshifu\n|-resisted|p2a: Urshifu\n|-damage|p2a: Urshifu|128/270\n|move|p2a: Urshifu|Close Combat|p1a: Hydreigon\n|-supereffective|p1a: Hydreigon\n|-damage|p1a: Hydreigon|0 fnt\n|-unboost|p2a: Urshifu|def|1\n|-unboost|p2a: Urshifu|spd|1\n|faint|p1a: Hydreigon\n|\n|upkeep\n|\n|t:|1783567868\n|switch|p1a: Tauros|Tauros, L82, M|100/100\n|turn|19\n|inactive|Time left: 300 sec this turn | 300 sec total\n|\n|t:|1783567869\n|switch|p2a: Hydrapple|Hydrapple, L83, M, tera:Steel|196/312\n|move|p1a: Tauros|Body Slam|p2a: Hydrapple\n|-resisted|p2a: Hydrapple\n|-damage|p2a: Hydrapple|138/312\n|\n|-heal|p2a: Hydrapple|157/312|[from] item: Leftovers\n|upkeep\n|turn|20\n|inactive|Time left: 300 sec this turn | 300 sec total\n|\n|t:|1783567870\n|switch|p2a: Yanmega|Yanmega, L82, M|275/275\n|move|p1a: Tauros|Close Combat|p2a: Yanmega\n|-resisted|p2a: Yanmega\n|-damage|p2a: Yanmega|248/275\n|-unboost|p1a: Tauros|def|1\n|-unboost|p1a: Tauros|spd|1\n|-damage|p1a: Tauros|91/100|[from] item: Life Orb\n|\n|upkeep\n|turn|21\n|inactive|Time left: 300 sec this turn | 300 sec total\n|\n|t:|1783567870\n|switch|p1a: Jumpluff|Jumpluff, L87, F|100/100\n|move|p2a: Yanmega|Air Slash|p1a: Jumpluff\n|-supereffective|p1a: Jumpluff\n|-damage|p1a: Jumpluff|16/100\n|\n|upkeep\n|turn|22\n|inactive|Time left: 300 sec this turn | 300 sec total\n|\n|t:|1783567871\n|move|p1a: Jumpluff|Sleep Powder|p2a: Yanmega\n|-status|p2a: Yanmega|slp|[from] move: Sleep Powder\n|cant|p2a: Yanmega|slp\n|\n|upkeep\n|turn|23\n|inactive|Time left: 300 sec this turn | 300 sec total\n|\n|t:|1783567872\n|move|p1a: Jumpluff|Strength Sap|p2a: Yanmega\n|-unboost|p2a: Yanmega|atk|1\n|-heal|p1a: Jumpluff|79/100\n|cant|p2a: Yanmega|slp\n|\n|upkeep\n|turn|24\n|inactive|Time left: 300 sec this turn | 300 sec total\n|\n|t:|1783567873\n|switch|p2a: Hydrapple|Hydrapple, L83, M, tera:Steel|261/312\n|move|p1a: Jumpluff|Acrobatics|p2a: Hydrapple\n|-resisted|p2a: Hydrapple\n|-damage|p2a: Hydrapple|229/312\n|\n|-heal|p2a: Hydrapple|248/312|[from] item: Leftovers\n|upkeep\n|turn|25\n|inactive|Time left: 300 sec this turn | 300 sec total\n|\n|t:|1783567874\n|move|p1a: Jumpluff|Strength Sap|p2a: Hydrapple\n|-unboost|p2a: Hydrapple|atk|1\n|-heal|p1a: Jumpluff|100/100\n|move|p2a: Hydrapple|Nasty Plot|p2a: Hydrapple\n|-boost|p2a: Hydrapple|spa|2\n|\n|-heal|p2a: Hydrapple|267/312|[from] item: Leftovers\n|upkeep\n|turn|26\n|inactive|Time left: 300 sec this turn | 300 sec total\n|\n|t:|1783567875\n|move|p1a: Jumpluff|Strength Sap|p2a: Hydrapple\n|-unboost|p2a: Hydrapple|atk|1\n|move|p2a: Hydrapple|Nasty Plot|p2a: Hydrapple\n|-boost|p2a: Hydrapple|spa|2\n|\n|-heal|p2a: Hydrapple|286/312|[from] item: Leftovers\n|upkeep\n|turn|27\n|inactive|Time left: 300 sec this turn | 300 sec total\n|\n|t:|1783567875\n|move|p1a: Jumpluff|Sleep Powder|p2a: Hydrapple\n|-message|Sleep Clause Mod activated.\n|-hint|Sleep Clause Mod prevents players from putting more than one of their opponent's Pok\u00e9mon to sleep at a time\n|move|p2a: Hydrapple|Fickle Beam|p1a: Jumpluff|[anim] Fickle Beam All Out\n|-activate|p2a: Hydrapple|move: Fickle Beam\n|-damage|p1a: Jumpluff|0 fnt\n|faint|p1a: Jumpluff\n|\n|-heal|p2a: Hydrapple|305/312|[from] item: Leftovers\n|upkeep\n|\n|t:|1783567876\n|switch|p1a: Tauros|Tauros, L82, M|91/100\n|turn|28\n|inactive|Time left: 300 sec this turn | 300 sec total\n|\n|t:|1783567877\n|move|p1a: Tauros|Zen Headbutt|p2a: Hydrapple\n|-resisted|p2a: Hydrapple\n|-damage|p2a: Hydrapple|263/312\n|move|p2a: Hydrapple|Giga Drain|p1a: Tauros\n|-damage|p1a: Tauros|0 fnt\n|-heal|p2a: Hydrapple|312/312|[from] drain|[of] p1a: Tauros\n|faint|p1a: Tauros\n|\n|win|p0y2400e9a5", "uploadtime": 1783567877, "views": 0, "rating": 0, "private": 0, "password": null, "_winner": "p0y2400e9a5", "_our_name": "p0y2400e9a5"}