{"id": "battle-gen9randombattle-173", "formatid": "gen9randombattle", "format": "[Gen 9] Random Battle", "players": ["p0x173297a", "p0y17390f5"], "log": "|init|battle\n|title|p0x173297a vs. p0y17390f5\n|j|\u2606p0x173297a\n|j|\u2606p0y17390f5\n|t:|1783541132\n|gametype|singles\n|player|p1|p0x173297a|102|\n|player|p2|p0y17390f5|169|\n|gen|9\n|tier|[Gen 9] Random Battle\n|rule|Species Clause: Limit one of each Pok\u00e9mon\n|rule|HP Percentage Mod: HP is shown in percentages\n|rule|Sleep Clause Mod: Limit one foe put to sleep\n|rule|Illusion Level Mod: Illusion disguises the Pok\u00e9mon's true level\n|\n|t:|1783541132\n|teamsize|p1|6\n|teamsize|p2|6\n|start\n|switch|p1a: Raging Bolt|Raging Bolt, L78|323/323\n|switch|p2a: Samurott|Samurott-Hisui, L77, M|100/100\n|turn|1\n|inactive|Battle timer is ON: inactive players will automatically lose when time's up. (requested by p0x173297a)\n|inactive|p0y17390f5 also wants the timer to be on.\n|\n|t:|1783541133\n|switch|p2a: Torterra|Torterra, L78, F|100/100\n|move|p1a: Raging Bolt|Thunderbolt|p2a: Torterra\n|-immune|p2a: Torterra\n|\n|upkeep\n|turn|2\n|inactive|Time left: 300 sec this turn | 300 sec total\n|\n|t:|1783541134\n|-end|p1a: Raging Bolt|Protosynthesis|[silent]\n|switch|p1a: Sunflora|Sunflora, M|312/312\n|move|p2a: Torterra|Shell Smash|p2a: Torterra\n|-unboost|p2a: Torterra|def|1\n|-unboost|p2a: Torterra|spd|1\n|-boost|p2a: Torterra|atk|2\n|-boost|p2a: Torterra|spa|2\n|-boost|p2a: Torterra|spe|2\n|\n|upkeep\n|turn|3\n|inactive|Time left: 300 sec this turn | 300 sec total\n|\n|t:|1783541135\n|move|p2a: Torterra|Rock Blast|p1a: Sunflora\n|-damage|p1a: Sunflora|275/312\n|-damage|p1a: Sunflora|237/312\n|-damage|p1a: Sunflora|196/312\n|-damage|p1a: Sunflora|158/312\n|-damage|p1a: Sunflora|121/312\n|-hitcount|p1a: Sunflora|5\n|move|p1a: Sunflora|Leaf Storm|p2a: Torterra\n|-damage|p2a: Torterra|0 fnt\n|-unboost|p1a: Sunflora|spa|2\n|faint|p2a: Torterra\n|\n|upkeep\n|\n|t:|1783541136\n|switch|p2a: Samurott|Samurott-Hisui, L77, M|100/100\n|turn|4\n|inactive|Time left: 300 sec this turn | 300 sec total\n|\n|t:|1783541137\n|move|p2a: Samurott|Ceaseless Edge|p1a: Sunflora\n|-damage|p1a: Sunflora|0 fnt\n|-sidestart|p1: p0x173297a|Spikes\n|faint|p1a: Sunflora\n|\n|upkeep\n|inactive|Time left: 300 sec this turn | 300 sec total | 5 sec grace\n|\n|t:|1783541138\n|switch|p1a: Torkoal|Torkoal, L88, F|266/266\n|-weather|SunnyDay|[from] ability: Drought|[of] p1a: Torkoal\n|turn|5\n|inactive|Time left: 300 sec this turn | 300 sec total\n|\n|t:|1783541139\n|move|p2a: Samurott|Ceaseless Edge|p1a: Torkoal\n|-damage|p1a: Torkoal|170/266\n|-sidestart|p1: p0x173297a|Spikes\n|move|p1a: Torkoal|Rapid Spin|p2a: Samurott\n|-damage|p2a: Samurott|84/100\n|-boost|p1a: Torkoal|spe|1\n|-sideend|p1: p0x173297a|Spikes|[from] move: Rapid Spin|[of] p1a: Torkoal\n|\n|-weather|SunnyDay|[upkeep]\n|upkeep\n|turn|6\n|inactive|Time left: 300 sec this turn | 300 sec total\n|\n|t:|1783541141\n|move|p2a: Samurott|Ceaseless Edge|p1a: Torkoal\n|-damage|p1a: Torkoal|85/266\n|-sidestart|p1: p0x173297a|Spikes\n|move|p1a: Torkoal|Solar Beam||[still]\n|-prepare|p1a: Torkoal|Solar Beam\n|-anim|p1a: Torkoal|Solar Beam|p2a: Samurott\n|-supereffective|p2a: Samurott\n|-damage|p2a: Samurott|0 fnt\n|faint|p2a: Samurott\n|\n|-weather|SunnyDay|[upkeep]\n|upkeep\n|\n|t:|1783541142\n|switch|p2a: Stonjourner|Stonjourner, L91, F|100/100\n|turn|7\n|inactive|Time left: 300 sec this turn | 300 sec total\n|\n|t:|1783541143\n|move|p2a: Stonjourner|Stone Edge|p1a: Torkoal\n|-supereffective|p1a: Torkoal\n|-damage|p1a: Torkoal|0 fnt\n|faint|p1a: Torkoal\n|-damage|p2a: Stonjourner|90/100|[from] item: Life Orb\n|\n|-weather|SunnyDay|[upkeep]\n|upkeep\n|inactive|Time left: 300 sec this turn | 300 sec total | 5 sec grace\n|\n|t:|1783541144\n|switch|p1a: Raging Bolt|Raging Bolt, L78|323/323\n|-damage|p1a: Raging Bolt|283/323|[from] Spikes\n|-activate|p1a: Raging Bolt|ability: Protosynthesis\n|-start|p1a: Raging Bolt|protosynthesisspa\n|turn|8\n|inactive|Time left: 300 sec this turn | 300 sec total\n|\n|t:|1783541145\n|move|p2a: Stonjourner|Earthquake|p1a: Raging Bolt\n|-supereffective|p1a: Raging Bolt\n|-damage|p1a: Raging Bolt|0 fnt\n|faint|p1a: Raging Bolt\n|-end|p1a: Raging Bolt|Protosynthesis|[silent]\n|-damage|p2a: Stonjourner|80/100|[from] item: Life Orb\n|\n|-weather|SunnyDay|[upkeep]\n|upkeep\n|inactive|Time left: 300 sec this turn | 300 sec total | 5 sec grace\n|\n|t:|1783541146\n|switch|p1a: Haxorus|Haxorus, L77, F|244/244\n|-damage|p1a: Haxorus|214/244|[from] Spikes\n|-ability|p1a: Haxorus|Mold Breaker\n|turn|9\n|inactive|Time left: 300 sec this turn | 300 sec total\n|\n|t:|1783541147\n|move|p1a: Haxorus|Iron Head|p2a: Stonjourner\n|-supereffective|p2a: Stonjourner\n|-damage|p2a: Stonjourner|54/100\n|move|p2a: Stonjourner|Stone Edge|p1a: Haxorus|[miss]\n|-miss|p2a: Stonjourner|p1a: Haxorus\n|\n|-weather|none\n|upkeep\n|turn|10\n|inactive|Time left: 300 sec this turn | 300 sec total\n|\n|t:|1783541148\n|move|p1a: Haxorus|Swords Dance|p1a: Haxorus\n|-boost|p1a: Haxorus|atk|2\n|move|p2a: Stonjourner|Stone Edge|p1a: Haxorus|[miss]\n|-miss|p2a: Stonjourner|p1a: Haxorus\n|\n|upkeep\n|turn|11\n|inactive|Time left: 300 sec this turn | 300 sec total\n|\n|t:|1783541149\n|move|p1a: Haxorus|Iron Head|p2a: Stonjourner\n|-supereffective|p2a: Stonjourner\n|-damage|p2a: Stonjourner|3/100\n|move|p2a: Stonjourner|Earthquake|p1a: Haxorus\n|-damage|p1a: Haxorus|78/244\n|-damage|p2a: Stonjourner|0 fnt|[from] item: Life Orb\n|faint|p2a: Stonjourner\n|\n|upkeep\n|\n|t:|1783541150\n|switch|p2a: Sceptile|Sceptile, L87, M|100/100\n|turn|12\n|inactive|Time left: 300 sec this turn | 300 sec total\n|\n|t:|1783541151\n|move|p2a: Sceptile|Focus Blast|p1a: Haxorus\n|-damage|p1a: Haxorus|0 fnt\n|faint|p1a: Haxorus\n|\n|upkeep\n|inactive|Time left: 300 sec this turn | 300 sec total | 5 sec grace\n|\n|t:|1783541152\n|switch|p1a: Gholdengo|Gholdengo, L77|261/261\n|-damage|p1a: Gholdengo|229/261|[from] Spikes\n|turn|13\n|inactive|Time left: 300 sec this turn | 300 sec total\n|\n|t:|1783541153\n|switch|p2a: Ampharos|Ampharos, L88, F|100/100\n|move|p1a: Gholdengo|Nasty Plot|p1a: Gholdengo\n|-boost|p1a: Gholdengo|spa|2\n|\n|-heal|p1a: Gholdengo|245/261|[from] item: Leftovers\n|upkeep\n|turn|14\n|inactive|Time left: 300 sec this turn | 300 sec total\n|\n|t:|1783541154\n|move|p1a: Gholdengo|Shadow Ball|p2a: Ampharos\n|-damage|p2a: Ampharos|59/100\n|move|p2a: Ampharos|Dragon Tail|p1a: Gholdengo\n|-resisted|p1a: Gholdengo\n|-damage|p1a: Gholdengo|225/261\n|drag|p1a: Slither Wing|Slither Wing, L81|270/270\n|-damage|p1a: Slither Wing|237/270|[from] Spikes\n|-enditem|p1a: Slither Wing|Booster Energy\n|-activate|p1a: Slither Wing|ability: Protosynthesis|[fromitem]\n|-start|p1a: Slither Wing|protosynthesisatk\n|\n|upkeep\n|turn|15\n|inactive|Time left: 300 sec this turn | 300 sec total\n|\n|t:|1783541155\n|-terastallize|p2a: Ampharos|Fairy\n|move|p1a: Slither Wing|Close Combat|p2a: Ampharos\n|-resisted|p2a: Ampharos\n|-damage|p2a: Ampharos|27/100\n|-unboost|p1a: Slither Wing|def|1\n|-unboost|p1a: Slither Wing|spd|1\n|move|p2a: Ampharos|Dazzling Gleam|p1a: Slither Wing\n|-supereffective|p1a: Slither Wing\n|-damage|p1a: Slither Wing|0 fnt\n|faint|p1a: Slither Wing\n|-end|p1a: Slither Wing|Protosynthesis|[silent]\n|\n|upkeep\n|inactive|Time left: 300 sec this turn | 300 sec total | 5 sec grace\n|\n|t:|1783541156\n|switch|p1a: Gholdengo|Gholdengo, L77|225/261\n|-damage|p1a: Gholdengo|193/261|[from] Spikes\n|turn|16\n|inactive|Time left: 300 sec this turn | 300 sec total\n|\n|t:|1783541157\n|move|p1a: Gholdengo|Nasty Plot|p1a: Gholdengo\n|-boost|p1a: Gholdengo|spa|2\n|move|p2a: Ampharos|Discharge|p1a: Gholdengo\n|-damage|p1a: Gholdengo|73/261\n|-status|p1a: Gholdengo|par\n|\n|-heal|p1a: Gholdengo|89/261 par|[from] item: Leftovers\n|upkeep\n|turn|17\n|inactive|Time left: 300 sec this turn | 300 sec total\n|\n|t:|1783541158\n|move|p2a: Ampharos|Discharge|p1a: Gholdengo\n|-damage|p1a: Gholdengo|0 fnt\n|faint|p1a: Gholdengo\n|\n|win|p0y17390f5", "uploadtime": 1783541158, "views": 0, "rating": 0, "private": 0, "password": null, "_winner": "p0y17390f5", "_our_name": "p0x173297a"}