{"id": "battle-gen9randombattle-1017", "formatid": "gen9randombattle", "format": "[Gen 9] Random Battle", "players": ["p0x10170401", "p0y101706c1"], "log": "|init|battle\n|title|p0x10170401 vs. p0y101706c1\n|j|\u2606p0x10170401\n|j|\u2606p0y101706c1\n|t:|1783551699\n|gametype|singles\n|player|p1|p0x10170401|170|\n|player|p2|p0y101706c1|2|\n|gen|9\n|tier|[Gen 9] Random Battle\n|rule|Species Clause: Limit one of each Pok\u00e9mon\n|rule|HP Percentage Mod: HP is shown in percentages\n|rule|Sleep Clause Mod: Limit one foe put to sleep\n|rule|Illusion Level Mod: Illusion disguises the Pok\u00e9mon's true level\n|\n|t:|1783551699\n|teamsize|p1|6\n|teamsize|p2|6\n|start\n|switch|p1a: Falinks|Falinks, L84|246/246\n|switch|p2a: Arboliva|Arboliva, L91, F|100/100\n|turn|1\n|inactive|Battle timer is ON: inactive players will automatically lose when time's up. (requested by p0x10170401)\n|inactive|p0y101706c1 also wants the timer to be on.\n|\n|t:|1783551700\n|switch|p2a: Conkeldurr|Conkeldurr, L80, M|100/100\n|move|p1a: Falinks|No Retreat|p1a: Falinks\n|-boost|p1a: Falinks|atk|1\n|-boost|p1a: Falinks|def|1\n|-boost|p1a: Falinks|spa|1\n|-boost|p1a: Falinks|spd|1\n|-boost|p1a: Falinks|spe|1\n|-start|p1a: Falinks|move: No Retreat\n|\n|-status|p2a: Conkeldurr|brn|[from] item: Flame Orb\n|upkeep\n|turn|2\n|inactive|Time left: 300 sec this turn | 300 sec total\n|\n|t:|1783551701\n|move|p1a: Falinks|Iron Head|p2a: Conkeldurr\n|-damage|p2a: Conkeldurr|66/100 brn\n|-damage|p1a: Falinks|222/246|[from] item: Life Orb\n|move|p2a: Conkeldurr|Close Combat|p1a: Falinks\n|-damage|p1a: Falinks|74/246\n|-unboost|p2a: Conkeldurr|def|1\n|-unboost|p2a: Conkeldurr|spd|1\n|\n|-damage|p2a: Conkeldurr|60/100 brn|[from] brn\n|upkeep\n|turn|3\n|inactive|Time left: 300 sec this turn | 300 sec total\n|\n|t:|1783551702\n|move|p2a: Conkeldurr|Mach Punch|p1a: Falinks\n|-damage|p1a: Falinks|20/246\n|move|p1a: Falinks|Close Combat|p2a: Conkeldurr\n|-damage|p2a: Conkeldurr|0 fnt\n|-unboost|p1a: Falinks|def|1\n|-unboost|p1a: Falinks|spd|1\n|faint|p2a: Conkeldurr\n|-damage|p1a: Falinks|0 fnt|[from] item: Life Orb\n|faint|p1a: Falinks\n|\n|upkeep\n|inactive|Time left: 300 sec this turn | 300 sec total | 5 sec grace\n|\n|t:|1783551703\n|switch|p1a: Pelipper|Pelipper, L86, M|243/243\n|switch|p2a: Bellossom|Bellossom, L84, F|100/100\n|-weather|RainDance|[from] ability: Drizzle|[of] p1a: Pelipper\n|turn|4\n|inactive|Time left: 300 sec this turn | 300 sec total\n|\n|t:|1783551704\n|move|p1a: Pelipper|Hurricane|p2a: Bellossom\n|-supereffective|p2a: Bellossom\n|-damage|p2a: Bellossom|0 fnt\n|faint|p2a: Bellossom\n|\n|-weather|RainDance|[upkeep]\n|upkeep\n|\n|t:|1783551705\n|switch|p2a: Enamorus|Enamorus, L79, F|100/100\n|turn|5\n|inactive|Time left: 300 sec this turn | 300 sec total\n|\n|t:|1783551706\n|move|p2a: Enamorus|Moonblast|p1a: Pelipper\n|-damage|p1a: Pelipper|105/243\n|move|p1a: Pelipper|Hurricane|p2a: Enamorus\n|-damage|p2a: Enamorus|19/100\n|\n|-weather|RainDance|[upkeep]\n|upkeep\n|turn|6\n|inactive|Time left: 300 sec this turn | 300 sec total\n|\n|t:|1783551707\n|switch|p1a: Pachirisu|Pachirisu, L96, M|271/271\n|move|p2a: Enamorus|Moonblast|p1a: Pachirisu\n|-damage|p1a: Pachirisu|202/271\n|\n|-weather|RainDance|[upkeep]\n|upkeep\n|turn|7\n|inactive|Time left: 300 sec this turn | 300 sec total\n|\n|t:|1783551709\n|move|p1a: Pachirisu|Thunderbolt|p2a: Enamorus\n|-supereffective|p2a: Enamorus\n|-crit|p2a: Enamorus\n|-damage|p2a: Enamorus|0 fnt\n|faint|p2a: Enamorus\n|\n|-weather|RainDance|[upkeep]\n|upkeep\n|\n|t:|1783551710\n|switch|p2a: Piloswine|Piloswine, L85, M|100/100\n|turn|8\n|inactive|Time left: 300 sec this turn | 300 sec total\n|\n|t:|1783551711\n|move|p1a: Pachirisu|Super Fang|p2a: Piloswine\n|-damage|p2a: Piloswine|51/100\n|move|p2a: Piloswine|Icicle Crash|p1a: Pachirisu\n|-damage|p1a: Pachirisu|108/271\n|\n|-weather|none\n|upkeep\n|turn|9\n|inactive|Time left: 300 sec this turn | 300 sec total\n|\n|t:|1783551712\n|switch|p1a: Pelipper|Pelipper, L86, M|105/243\n|-weather|RainDance|[from] ability: Drizzle|[of] p1a: Pelipper\n|move|p2a: Piloswine|Stealth Rock|p1a: Pelipper\n|-sidestart|p1: p0x10170401|move: Stealth Rock\n|\n|-weather|RainDance|[upkeep]\n|upkeep\n|turn|10\n|inactive|Time left: 300 sec this turn | 300 sec total\n|\n|t:|1783551713\n|move|p1a: Pelipper|Hurricane|p2a: Piloswine\n|-damage|p2a: Piloswine|1/100\n|move|p2a: Piloswine|Icicle Crash|p1a: Pelipper\n|-damage|p1a: Pelipper|26/243\n|\n|-weather|RainDance|[upkeep]\n|upkeep\n|turn|11\n|inactive|Time left: 300 sec this turn | 300 sec total\n|\n|t:|1783551714\n|move|p1a: Pelipper|Hurricane|p2a: Piloswine\n|-damage|p2a: Piloswine|0 fnt\n|faint|p2a: Piloswine\n|\n|-weather|RainDance|[upkeep]\n|upkeep\n|\n|t:|1783551715\n|switch|p2a: Arboliva|Arboliva, L91, F|100/100\n|turn|12\n|inactive|Time left: 300 sec this turn | 300 sec total\n|\n|t:|1783551716\n|move|p2a: Arboliva|Protect|p2a: Arboliva\n|-singleturn|p2a: Arboliva|Protect\n|move|p1a: Pelipper|Hurricane|p2a: Arboliva\n|-activate|p2a: Arboliva|move: Protect\n|\n|-weather|RainDance|[upkeep]\n|upkeep\n|turn|13\n|inactive|Time left: 300 sec this turn | 300 sec total\n|\n|t:|1783551717\n|move|p1a: Pelipper|Hurricane|p2a: Arboliva\n|-supereffective|p2a: Arboliva\n|-crit|p2a: Arboliva\n|-damage|p2a: Arboliva|0 fnt\n|faint|p2a: Arboliva\n|\n|-weather|none\n|upkeep\n|\n|t:|1783551718\n|switch|p2a: Camerupt|Camerupt, L91, F|100/100\n|turn|14\n|inactive|Time left: 300 sec this turn | 300 sec total\n|\n|t:|1783551719\n|-terastallize|p2a: Camerupt|Water\n|move|p1a: Pelipper|Hurricane|p2a: Camerupt\n|-damage|p2a: Camerupt|32/100\n|move|p2a: Camerupt|Earthquake|p1a: Pelipper\n|-immune|p1a: Pelipper\n|\n|-heal|p2a: Camerupt|39/100|[from] item: Leftovers\n|upkeep\n|turn|15\n|inactive|Time left: 300 sec this turn | 300 sec total\n|\n|t:|1783551720\n|move|p1a: Pelipper|Hurricane|p2a: Camerupt\n|-damage|p2a: Camerupt|0 fnt\n|faint|p2a: Camerupt\n|\n|win|p0x10170401", "uploadtime": 1783551720, "views": 0, "rating": 0, "private": 0, "password": null, "_winner": "p0x10170401", "_our_name": "p0x10170401"}