{"id": "battle-gen9randombattle-2336", "formatid": "gen9randombattle", "format": "[Gen 9] Random Battle", "players": ["p0x2336f6ef", "p0y2336655a"], "log": "|init|battle\n|title|p0x2336f6ef vs. p0y2336655a\n|j|\u2606p0x2336f6ef\n|j|\u2606p0y2336655a\n|t:|1783567110\n|gametype|singles\n|player|p1|p0x2336f6ef|2|\n|player|p2|p0y2336655a|102|\n|gen|9\n|tier|[Gen 9] Random Battle\n|rule|Species Clause: Limit one of each Pok\u00e9mon\n|rule|HP Percentage Mod: HP is shown in percentages\n|rule|Sleep Clause Mod: Limit one foe put to sleep\n|rule|Illusion Level Mod: Illusion disguises the Pok\u00e9mon's true level\n|\n|t:|1783567110\n|teamsize|p1|6\n|teamsize|p2|6\n|start\n|switch|p1a: Froslass|Froslass, L87, F|263/263\n|switch|p2a: Leafeon|Leafeon, L88, F|100/100\n|turn|1\n|inactive|Battle timer is ON: inactive players will automatically lose when time's up. (requested by p0y2336655a)\n|inactive|Time left: 300 sec this turn | 300 sec total | 60 sec grace\n|inactive|p0x2336f6ef also wants the timer to be on.\n|\n|t:|1783567111\n|switch|p1a: Avalugg|Avalugg, L88, F|310/310\n|move|p2a: Leafeon|Knock Off|p1a: Avalugg\n|-damage|p1a: Avalugg|248/310\n|-enditem|p1a: Avalugg|Heavy-Duty Boots|[from] move: Knock Off|[of] p2a: Leafeon\n|-damage|p2a: Leafeon|91/100|[from] item: Life Orb\n|\n|upkeep\n|turn|2\n|inactive|Time left: 300 sec this turn | 300 sec total\n|\n|t:|1783567113\n|move|p2a: Leafeon|Swords Dance|p2a: Leafeon\n|-boost|p2a: Leafeon|atk|2\n|move|p1a: Avalugg|Body Press|p2a: Leafeon\n|-damage|p2a: Leafeon|64/100\n|\n|upkeep\n|turn|3\n|inactive|Time left: 300 sec this turn | 300 sec total\n|\n|t:|1783567114\n|move|p2a: Leafeon|Swords Dance|p2a: Leafeon\n|-boost|p2a: Leafeon|atk|2\n|move|p1a: Avalugg|Avalanche|p2a: Leafeon\n|-supereffective|p2a: Leafeon\n|-damage|p2a: Leafeon|17/100\n|\n|upkeep\n|turn|4\n|inactive|Time left: 300 sec this turn | 300 sec total\n|\n|t:|1783567115\n|move|p2a: Leafeon|Leaf Blade|p1a: Avalugg\n|-damage|p1a: Avalugg|5/310\n|-damage|p2a: Leafeon|7/100|[from] item: Life Orb\n|move|p1a: Avalugg|Avalanche|p2a: Leafeon\n|-supereffective|p2a: Leafeon\n|-damage|p2a: Leafeon|0 fnt\n|faint|p2a: Leafeon\n|\n|upkeep\n|\n|t:|1783567116\n|switch|p2a: Iron Thorns|Iron Thorns, L83|100/100\n|-enditem|p2a: Iron Thorns|Booster Energy\n|-activate|p2a: Iron Thorns|ability: Quark Drive|[fromitem]\n|-start|p2a: Iron Thorns|quarkdriveatk\n|turn|5\n|inactive|Time left: 300 sec this turn | 300 sec total\n|\n|t:|1783567117\n|move|p2a: Iron Thorns|Earthquake|p1a: Avalugg\n|-damage|p1a: Avalugg|0 fnt\n|faint|p1a: Avalugg\n|\n|upkeep\n|inactive|Time left: 300 sec this turn | 300 sec total | 5 sec grace\n|\n|t:|1783567118\n|switch|p1a: Tauros|Tauros-Paldea-Combat, L82, M|257/257\n|-ability|p1a: Tauros|Intimidate|boost\n|-unboost|p2a: Iron Thorns|atk|1\n|turn|6\n|inactive|Time left: 300 sec this turn | 300 sec total\n|\n|t:|1783567119\n|-terastallize|p2a: Iron Thorns|Grass\n|move|p1a: Tauros|Close Combat|p2a: Iron Thorns\n|-damage|p2a: Iron Thorns|41/100\n|-unboost|p1a: Tauros|def|1\n|-unboost|p1a: Tauros|spd|1\n|move|p2a: Iron Thorns|Dragon Dance|p2a: Iron Thorns\n|-boost|p2a: Iron Thorns|atk|1\n|-boost|p2a: Iron Thorns|spe|1\n|\n|upkeep\n|turn|7\n|inactive|Time left: 300 sec this turn | 300 sec total\n|\n|t:|1783567120\n|move|p2a: Iron Thorns|Wild Charge|p1a: Tauros\n|-damage|p1a: Tauros|28/257\n|-damage|p2a: Iron Thorns|22/100|[from] Recoil\n|move|p1a: Tauros|Close Combat|p2a: Iron Thorns\n|-damage|p2a: Iron Thorns|0 fnt\n|-unboost|p1a: Tauros|def|1\n|-unboost|p1a: Tauros|spd|1\n|faint|p2a: Iron Thorns\n|-end|p2a: Iron Thorns|Quark Drive|[silent]\n|\n|upkeep\n|\n|t:|1783567121\n|switch|p2a: Darkrai|Darkrai, L77|100/100\n|turn|8\n|inactive|Time left: 300 sec this turn | 300 sec total\n|\n|t:|1783567122\n|switch|p1a: Mimikyu|Mimikyu, L79, M|216/216\n|move|p2a: Darkrai|Dark Pulse|p1a: Mimikyu\n|-activate|p1a: Mimikyu|ability: Disguise\n|-damage|p1a: Mimikyu|216/216\n|detailschange|p1a: Mimikyu|Mimikyu-Busted, L79, M\n|-damage|p1a: Mimikyu|189/216|[from] pokemon: Mimikyu-Busted\n|-damage|p2a: Darkrai|91/100|[from] item: Life Orb\n|\n|upkeep\n|turn|9\n|inactive|Time left: 300 sec this turn | 300 sec total\n|\n|t:|1783567123\n|move|p2a: Darkrai|Hypnosis|p1a: Mimikyu\n|-status|p1a: Mimikyu|slp|[from] move: Hypnosis\n|cant|p1a: Mimikyu|slp\n|\n|-damage|p1a: Mimikyu|162/216 slp|[from] ability: Bad Dreams|[of] p2a: Darkrai\n|upkeep\n|turn|10\n|inactive|Time left: 300 sec this turn | 300 sec total\n|\n|t:|1783567124\n|move|p2a: Darkrai|Dark Pulse|p1a: Mimikyu\n|-damage|p1a: Mimikyu|52/216 slp\n|-damage|p2a: Darkrai|81/100|[from] item: Life Orb\n|cant|p1a: Mimikyu|slp\n|\n|-damage|p1a: Mimikyu|25/216 slp|[from] ability: Bad Dreams|[of] p2a: Darkrai\n|upkeep\n|turn|11\n|inactive|Time left: 300 sec this turn | 300 sec total\n|\n|t:|1783567125\n|move|p2a: Darkrai|Dark Pulse|p1a: Mimikyu\n|-damage|p1a: Mimikyu|0 fnt\n|faint|p1a: Mimikyu\n|-damage|p2a: Darkrai|71/100|[from] item: Life Orb\n|\n|upkeep\n|inactive|Time left: 300 sec this turn | 300 sec total | 5 sec grace\n|\n|t:|1783567126\n|switch|p1a: Meloetta|Meloetta, L82|298/298\n|turn|12\n|inactive|Time left: 300 sec this turn | 300 sec total\n|\n|t:|1783567127\n|move|p2a: Darkrai|Hypnosis|p1a: Meloetta\n|-status|p1a: Meloetta|slp|[from] move: Hypnosis\n|cant|p1a: Meloetta|slp\n|\n|-damage|p1a: Meloetta|261/298 slp|[from] ability: Bad Dreams|[of] p2a: Darkrai\n|upkeep\n|turn|13\n|inactive|Time left: 300 sec this turn | 300 sec total\n|\n|t:|1783567128\n|move|p2a: Darkrai|Nasty Plot|p2a: Darkrai\n|-boost|p2a: Darkrai|spa|2\n|cant|p1a: Meloetta|slp\n|\n|-damage|p1a: Meloetta|224/298 slp|[from] ability: Bad Dreams|[of] p2a: Darkrai\n|upkeep\n|turn|14\n|inactive|Time left: 300 sec this turn | 300 sec total\n|\n|t:|1783567129\n|-terastallize|p1a: Meloetta|Fighting\n|move|p2a: Darkrai|Dark Pulse|p1a: Meloetta\n|-resisted|p1a: Meloetta\n|-damage|p1a: Meloetta|138/298 slp\n|-damage|p2a: Darkrai|61/100|[from] item: Life Orb\n|-curestatus|p1a: Meloetta|slp|[msg]\n|move|p1a: Meloetta|Hyper Voice|p2a: Darkrai\n|-damage|p2a: Darkrai|0 fnt\n|faint|p2a: Darkrai\n|\n|upkeep\n|\n|t:|1783567130\n|switch|p2a: Honchkrow|Honchkrow, L86, M|100/100\n|turn|15\n|inactive|Time left: 300 sec this turn | 300 sec total\n|\n|t:|1783567131\n|move|p1a: Meloetta|Hyper Voice|p2a: Honchkrow\n|-damage|p2a: Honchkrow|18/100\n|move|p2a: Honchkrow|Brave Bird|p1a: Meloetta\n|-supereffective|p1a: Meloetta\n|-damage|p1a: Meloetta|0 fnt\n|faint|p1a: Meloetta\n|-ability|p2a: Honchkrow|Moxie|boost\n|-boost|p2a: Honchkrow|atk|1\n|-damage|p2a: Honchkrow|4/100|[from] Recoil\n|\n|upkeep\n|inactive|Time left: 300 sec this turn | 300 sec total | 5 sec grace\n|\n|t:|1783567132\n|switch|p1a: Tauros|Tauros-Paldea-Combat, L82, M|28/257\n|-ability|p1a: Tauros|Intimidate|boost\n|-unboost|p2a: Honchkrow|atk|1\n|turn|16\n|inactive|Time left: 300 sec this turn | 300 sec total\n|\n|t:|1783567133\n|switch|p1a: Skarmory|Skarmory, L80, F|235/235\n|move|p2a: Honchkrow|Sucker Punch||[still]\n|-fail|p2a: Honchkrow\n|\n|upkeep\n|turn|17\n|inactive|Time left: 300 sec this turn | 300 sec total\n|\n|t:|1783567134\n|move|p2a: Honchkrow|Heat Wave|p1a: Skarmory\n|-supereffective|p1a: Skarmory\n|-damage|p1a: Skarmory|49/235\n|move|p1a: Skarmory|Body Press|p2a: Honchkrow\n|-damage|p2a: Honchkrow|0 fnt\n|faint|p2a: Honchkrow\n|\n|upkeep\n|\n|t:|1783567135\n|switch|p2a: Minun|Minun, L95, F|100/100\n|turn|18\n|inactive|Time left: 300 sec this turn | 300 sec total\n|\n|t:|1783567136\n|move|p2a: Minun|Nasty Plot|p2a: Minun\n|-boost|p2a: Minun|spa|2\n|move|p1a: Skarmory|Body Press|p2a: Minun\n|-damage|p2a: Minun|69/100\n|\n|upkeep\n|turn|19\n|inactive|Time left: 300 sec this turn | 300 sec total\n|\n|t:|1783567137\n|move|p2a: Minun|Thunderbolt|p1a: Skarmory\n|-supereffective|p1a: Skarmory\n|-damage|p1a: Skarmory|0 fnt\n|faint|p1a: Skarmory\n|-damage|p2a: Minun|59/100|[from] item: Life Orb\n|\n|upkeep\n|inactive|Time left: 300 sec this turn | 300 sec total | 5 sec grace\n|\n|t:|1783567137\n|switch|p1a: Tauros|Tauros-Paldea-Combat, L82, M|28/257\n|-ability|p1a: Tauros|Intimidate|boost\n|-unboost|p2a: Minun|atk|1\n|turn|20\n|inactive|Time left: 300 sec this turn | 300 sec total\n|\n|t:|1783567138\n|move|p2a: Minun|Grass Knot|p1a: Tauros\n|-damage|p1a: Tauros|0 fnt\n|faint|p1a: Tauros\n|-damage|p2a: Minun|49/100|[from] item: Life Orb\n|\n|upkeep\n|inactive|Time left: 300 sec this turn | 300 sec total | 5 sec grace\n|\n|t:|1783567139\n|switch|p1a: Froslass|Froslass, L87, F|263/263\n|turn|21\n|inactive|Time left: 300 sec this turn | 300 sec total\n|\n|t:|1783567140\n|move|p1a: Froslass|Triple Axel|p2a: Minun\n|-damage|p2a: Minun|40/100\n|-damage|p2a: Minun|20/100\n|-damage|p2a: Minun|0 fnt\n|faint|p2a: Minun\n|-hitcount|p2: Minun|3\n|\n|upkeep\n|\n|t:|1783567141\n|switch|p2a: Cetitan|Cetitan, L82, F|100/100\n|turn|22\n|inactive|Time left: 300 sec this turn | 300 sec total\n|\n|t:|1783567142\n|move|p1a: Froslass|Poltergeist|p2a: Cetitan\n|-activate|p2a: Cetitan|move: Poltergeist|Sitrus Berry\n|-damage|p2a: Cetitan|69/100\n|move|p2a: Cetitan|Belly Drum|p2a: Cetitan\n|-damage|p2a: Cetitan|19/100\n|-setboost|p2a: Cetitan|atk|6|[from] move: Belly Drum\n|-enditem|p2a: Cetitan|Sitrus Berry|[eat]\n|-heal|p2a: Cetitan|44/100|[from] item: Sitrus Berry\n|\n|upkeep\n|turn|23\n|inactive|Time left: 300 sec this turn | 300 sec total\n|\n|t:|1783567143\n|move|p1a: Froslass|Destiny Bond|p1a: Froslass\n|-singlemove|p1a: Froslass|Destiny Bond\n|move|p2a: Cetitan|Ice Spinner|p1a: Froslass\n|-resisted|p1a: Froslass\n|-damage|p1a: Froslass|44/263\n|\n|upkeep\n|turn|24\n|inactive|Time left: 300 sec this turn | 300 sec total\n|\n|t:|1783567144\n|move|p1a: Froslass|Destiny Bond||[still]\n|-fail|p1a: Froslass\n|move|p2a: Cetitan|Ice Spinner|p1a: Froslass\n|-resisted|p1a: Froslass\n|-damage|p1a: Froslass|0 fnt\n|faint|p1a: Froslass\n|\n|win|p0y2336655a", "uploadtime": 1783567144, "views": 0, "rating": 0, "private": 0, "password": null, "_winner": "p0y2336655a", "_our_name": "p0x2336f6ef"}