{"id": "battle-gen9randombattle-1065", "formatid": "gen9randombattle", "format": "[Gen 9] Random Battle", "players": ["p0x1065af3c", "p0y10652464"], "log": "|init|battle\n|title|p0x1065af3c vs. p0y10652464\n|j|\u2606p0x1065af3c\n|j|\u2606p0y10652464\n|t:|1783551529\n|gametype|singles\n|player|p1|p0x1065af3c|102|\n|player|p2|p0y10652464|2|\n|gen|9\n|tier|[Gen 9] Random Battle\n|rule|Species Clause: Limit one of each Pok\u00e9mon\n|rule|HP Percentage Mod: HP is shown in percentages\n|rule|Sleep Clause Mod: Limit one foe put to sleep\n|rule|Illusion Level Mod: Illusion disguises the Pok\u00e9mon's true level\n|\n|t:|1783551529\n|teamsize|p1|6\n|teamsize|p2|6\n|start\n|switch|p1a: Zarude|Zarude, L77|100/100\n|switch|p2a: Flutter Mane|Flutter Mane, L74|203/203\n|turn|1\n|inactive|Battle timer is ON: inactive players will automatically lose when time's up. (requested by p0x1065af3c)\n|inactive|Time left: 300 sec this turn | 300 sec total | 60 sec grace\n|inactive|p0y10652464 also wants the timer to be on.\n|\n|t:|1783551530\n|move|p2a: Flutter Mane|Moonblast|p1a: Zarude\n|-supereffective|p1a: Zarude\n|-damage|p1a: Zarude|13/100\n|-damage|p2a: Flutter Mane|183/203|[from] item: Life Orb\n|move|p1a: Zarude|Knock Off|p2a: Flutter Mane\n|-crit|p2a: Flutter Mane\n|-damage|p2a: Flutter Mane|0 fnt\n|-enditem|p2a: Flutter Mane|Life Orb|[from] move: Knock Off|[of] p1a: Zarude\n|faint|p2a: Flutter Mane\n|-end|p2a: Flutter Mane|Protosynthesis|[silent]\n|\n|upkeep\n|inactive|Time left: 300 sec this turn | 300 sec total | 65 sec grace\n|\n|t:|1783551531\n|switch|p2a: Ambipom|Ambipom, L84, F|219/219\n|turn|2\n|inactive|Time left: 300 sec this turn | 300 sec total\n|\n|t:|1783551532\n|move|p2a: Ambipom|Hyper Voice|p1a: Zarude\n|-damage|p1a: Zarude|0 fnt\n|faint|p1a: Zarude\n|\n|upkeep\n|\n|t:|1783551533\n|switch|p1a: Ludicolo|Ludicolo, L90, F|100/100\n|turn|3\n|inactive|Time left: 300 sec this turn | 300 sec total\n|\n|t:|1783551534\n|move|p2a: Ambipom|Hyper Voice|p1a: Ludicolo\n|-crit|p1a: Ludicolo\n|-damage|p1a: Ludicolo|29/100\n|move|p1a: Ludicolo|Hydro Pump|p2a: Ambipom|[miss]\n|-miss|p1a: Ludicolo|p2a: Ambipom\n|\n|upkeep\n|turn|4\n|inactive|Time left: 300 sec this turn | 300 sec total\n|\n|t:|1783551535\n|move|p2a: Ambipom|Hyper Voice|p1a: Ludicolo\n|-damage|p1a: Ludicolo|0 fnt\n|faint|p1a: Ludicolo\n|\n|upkeep\n|\n|t:|1783551536\n|switch|p1a: Mamoswine|Mamoswine, L81, F|100/100\n|turn|5\n|inactive|Time left: 300 sec this turn | 300 sec total\n|\n|t:|1783551538\n|move|p2a: Ambipom|Hyper Voice|p1a: Mamoswine\n|-damage|p1a: Mamoswine|32/100\n|move|p1a: Mamoswine|Earthquake|p2a: Ambipom\n|-damage|p2a: Ambipom|0 fnt\n|replace|p2a: Zoroark|Zoroark-Hisui, L80, F\n|-end|p2a: Zoroark|Illusion\n|-hint|Illusion Level Mod is active, so this Pok\u00e9mon's true level was hidden.\n|faint|p2a: Zoroark\n|\n|upkeep\n|inactive|Time left: 300 sec this turn | 300 sec total | 5 sec grace\n|\n|t:|1783551539\n|switch|p2a: Espathra|Espathra, L80, F|283/283\n|turn|6\n|inactive|Time left: 300 sec this turn | 300 sec total\n|\n|t:|1783551540\n|switch|p1a: Chimecho|Chimecho, L93, M|100/100\n|move|p2a: Espathra|Lumina Crash|p1a: Chimecho\n|-resisted|p1a: Chimecho\n|-damage|p1a: Chimecho|83/100\n|-unboost|p1a: Chimecho|spd|2\n|\n|-heal|p1a: Chimecho|89/100|[from] item: Leftovers\n|-ability|p2a: Espathra|Speed Boost|boost\n|-boost|p2a: Espathra|spe|1\n|upkeep\n|turn|7\n|inactive|Time left: 300 sec this turn | 300 sec total\n|\n|t:|1783551541\n|move|p2a: Espathra|Lumina Crash|p1a: Chimecho\n|-resisted|p1a: Chimecho\n|-damage|p1a: Chimecho|51/100\n|-unboost|p1a: Chimecho|spd|2\n|move|p1a: Chimecho|Dazzling Gleam|p2a: Espathra\n|-damage|p2a: Espathra|184/283\n|\n|-heal|p1a: Chimecho|57/100|[from] item: Leftovers\n|-ability|p2a: Espathra|Speed Boost|boost\n|-boost|p2a: Espathra|spe|1\n|upkeep\n|turn|8\n|inactive|Time left: 300 sec this turn | 300 sec total\n|\n|t:|1783551543\n|switch|p1a: Mamoswine|Mamoswine, L81, F|32/100\n|move|p2a: Espathra|Lumina Crash|p1a: Mamoswine\n|-damage|p1a: Mamoswine|0 fnt\n|faint|p1a: Mamoswine\n|\n|-ability|p2a: Espathra|Speed Boost|boost\n|-boost|p2a: Espathra|spe|1\n|upkeep\n|\n|t:|1783551544\n|switch|p1a: Politoed|Politoed, L88, F|100/100\n|-weather|RainDance|[from] ability: Drizzle|[of] p1a: Politoed\n|turn|9\n|inactive|Time left: 300 sec this turn | 300 sec total\n|\n|t:|1783551545\n|move|p2a: Espathra|Lumina Crash|p1a: Politoed\n|-damage|p1a: Politoed|67/100\n|-unboost|p1a: Politoed|spd|2\n|move|p1a: Politoed|Surf|p2a: Espathra\n|-damage|p2a: Espathra|0 fnt\n|faint|p2a: Espathra\n|\n|-weather|RainDance|[upkeep]\n|upkeep\n|inactive|Time left: 300 sec this turn | 300 sec total | 5 sec grace\n|\n|t:|1783551546\n|switch|p2a: Vespiquen|Vespiquen, L99, F|299/299\n|-ability|p2a: Vespiquen|Pressure\n|turn|10\n|inactive|Time left: 300 sec this turn | 300 sec total\n|\n|t:|1783551547\n|switch|p1a: Kyurem|Kyurem-White, L73|100/100\n|-ability|p1a: Kyurem|Turboblaze\n|move|p2a: Vespiquen|Hurricane|p1a: Kyurem\n|-damage|p1a: Kyurem|55/100\n|\n|-weather|RainDance|[upkeep]\n|upkeep\n|turn|11\n|inactive|Time left: 300 sec this turn | 300 sec total\n|\n|t:|1783551548\n|-terastallize|p2a: Vespiquen|Steel\n|move|p1a: Kyurem|Ice Beam|p2a: Vespiquen\n|-resisted|p2a: Vespiquen\n|-damage|p2a: Vespiquen|253/299\n|move|p2a: Vespiquen|Hurricane|p1a: Kyurem\n|-damage|p1a: Kyurem|6/100\n|-start|p1a: Kyurem|confusion\n|\n|-weather|RainDance|[upkeep]\n|upkeep\n|turn|12\n|inactive|Time left: 300 sec this turn | 300 sec total\n|\n|t:|1783551549\n|-activate|p1a: Kyurem|confusion\n|move|p1a: Kyurem|Ice Beam|p2a: Vespiquen\n|-resisted|p2a: Vespiquen\n|-damage|p2a: Vespiquen|210/299\n|move|p2a: Vespiquen|Hurricane|p1a: Kyurem\n|-damage|p1a: Kyurem|0 fnt\n|faint|p1a: Kyurem\n|\n|-weather|RainDance|[upkeep]\n|upkeep\n|\n|t:|1783551550\n|switch|p1a: Chimecho|Chimecho, L93, M|57/100\n|turn|13\n|inactive|Time left: 300 sec this turn | 300 sec total\n|\n|t:|1783551551\n|-terastallize|p1a: Chimecho|Electric\n|move|p1a: Chimecho|Recover|p1a: Chimecho\n|-heal|p1a: Chimecho|100/100\n|move|p2a: Vespiquen|Hurricane|p1a: Chimecho\n|-resisted|p1a: Chimecho\n|-damage|p1a: Chimecho|79/100\n|\n|-weather|none\n|-heal|p1a: Chimecho|85/100|[from] item: Leftovers\n|upkeep\n|turn|14\n|inactive|Time left: 300 sec this turn | 300 sec total\n|\n|t:|1783551553\n|move|p1a: Chimecho|Recover|p1a: Chimecho\n|-heal|p1a: Chimecho|100/100\n|move|p2a: Vespiquen|Toxic|p1a: Chimecho\n|-status|p1a: Chimecho|tox\n|\n|-damage|p1a: Chimecho|94/100 tox|[from] psn\n|upkeep\n|turn|15\n|inactive|Time left: 300 sec this turn | 300 sec total\n|\n|t:|1783551554\n|move|p1a: Chimecho|Calm Mind|p1a: Chimecho\n|-boost|p1a: Chimecho|spa|1\n|-boost|p1a: Chimecho|spd|1\n|move|p2a: Vespiquen|Roost|p2a: Vespiquen\n|-heal|p2a: Vespiquen|299/299\n|\n|-heal|p1a: Chimecho|100/100 tox|[from] item: Leftovers\n|-damage|p1a: Chimecho|88/100 tox|[from] psn\n|upkeep\n|turn|16\n|inactive|Time left: 300 sec this turn | 300 sec total\n|\n|t:|1783551555\n|move|p1a: Chimecho|Calm Mind|p1a: Chimecho\n|-boost|p1a: Chimecho|spa|1\n|-boost|p1a: Chimecho|spd|1\n|move|p2a: Vespiquen|Hurricane|p1a: Chimecho\n|-resisted|p1a: Chimecho\n|-damage|p1a: Chimecho|77/100 tox\n|\n|-heal|p1a: Chimecho|83/100 tox|[from] item: Leftovers\n|-damage|p1a: Chimecho|65/100 tox|[from] psn\n|upkeep\n|turn|17\n|inactive|Time left: 300 sec this turn | 300 sec total\n|\n|t:|1783551556\n|switch|p2a: Ambipom|Ambipom, L84, F|263/263\n|move|p1a: Chimecho|Recover|p1a: Chimecho\n|-heal|p1a: Chimecho|100/100 tox\n|\n|-damage|p1a: Chimecho|76/100 tox|[from] psn\n|upkeep\n|turn|18\n|inactive|Time left: 300 sec this turn | 300 sec total\n|\n|t:|1783551557\n|move|p2a: Ambipom|Fake Out|p1a: Chimecho\n|-damage|p1a: Chimecho|49/100 tox\n|cant|p1a: Chimecho|flinch\n|\n|-heal|p1a: Chimecho|56/100 tox|[from] item: Leftovers\n|-damage|p1a: Chimecho|25/100 tox|[from] psn\n|upkeep\n|turn|19\n|inactive|Time left: 300 sec this turn | 300 sec total\n|\n|t:|1783551558\n|move|p2a: Ambipom|U-turn|p1a: Chimecho\n|-damage|p1a: Chimecho|9/100 tox\n|inactive|Time left: 300 sec this turn | 300 sec total | 5 sec grace\n|\n|t:|1783551560\n|switch|p2a: Vespiquen|Vespiquen, L99, F, tera:Steel|299/299|[from] U-turn\n|-ability|p2a: Vespiquen|Pressure\n|move|p1a: Chimecho|Psyshock|p2a: Vespiquen\n|-resisted|p2a: Vespiquen\n|-damage|p2a: Vespiquen|224/299\n|\n|-heal|p1a: Chimecho|15/100 tox|[from] item: Leftovers\n|-damage|p1a: Chimecho|0 fnt|[from] psn\n|faint|p1a: Chimecho\n|upkeep\n|\n|t:|1783551560\n|switch|p1a: Politoed|Politoed, L88, F|67/100\n|-weather|RainDance|[from] ability: Drizzle|[of] p1a: Politoed\n|turn|20\n|inactive|Time left: 300 sec this turn | 300 sec total\n|\n|t:|1783551561\n|move|p1a: Politoed|Rest|p1a: Politoed\n|-status|p1a: Politoed|slp|[from] move: Rest\n|-heal|p1a: Politoed|100/100 slp|[silent]\n|-enditem|p1a: Politoed|Chesto Berry|[eat]\n|-curestatus|p1a: Politoed|slp|[msg]\n|move|p2a: Vespiquen|Hurricane|p1a: Politoed\n|-damage|p1a: Politoed|64/100\n|\n|-weather|RainDance|[upkeep]\n|upkeep\n|turn|21\n|inactive|Time left: 300 sec this turn | 300 sec total\n|\n|t:|1783551563\n|move|p1a: Politoed|Surf|p2a: Vespiquen\n|-damage|p2a: Vespiquen|121/299\n|move|p2a: Vespiquen|Hurricane|p1a: Politoed\n|-damage|p1a: Politoed|28/100\n|-start|p1a: Politoed|confusion\n|\n|-weather|RainDance|[upkeep]\n|upkeep\n|turn|22\n|inactive|Time left: 300 sec this turn | 300 sec total\n|\n|t:|1783551564\n|-activate|p1a: Politoed|confusion\n|move|p1a: Politoed|Rest|p1a: Politoed\n|-status|p1a: Politoed|slp|[from] move: Rest\n|-heal|p1a: Politoed|100/100 slp|[silent]\n|move|p2a: Vespiquen|Hurricane|p1a: Politoed\n|-damage|p1a: Politoed|60/100 slp\n|\n|-weather|RainDance|[upkeep]\n|upkeep\n|turn|23\n|inactive|Time left: 300 sec this turn | 300 sec total\n|\n|t:|1783551565\n|cant|p1a: Politoed|slp\n|move|p2a: Vespiquen|Hurricane|p1a: Politoed\n|-damage|p1a: Politoed|17/100 slp\n|\n|-weather|RainDance|[upkeep]\n|upkeep\n|turn|24\n|inactive|Time left: 300 sec this turn | 300 sec total\n|\n|t:|1783551566\n|cant|p1a: Politoed|slp\n|move|p2a: Vespiquen|Hurricane|p1a: Politoed\n|-damage|p1a: Politoed|0 fnt\n|faint|p1a: Politoed\n|\n|win|p0y10652464", "uploadtime": 1783551566, "views": 0, "rating": 0, "private": 0, "password": null, "_winner": "p0y10652464", "_our_name": "p0y10652464"}