{"id": "battle-gen9randombattle-2806", "formatid": "gen9randombattle", "format": "[Gen 9] Random Battle", "players": ["p0x28069bcb", "p0y2806d305"], "log": "|init|battle\n|title|p0x28069bcb vs. p0y2806d305\n|j|\u2606p0x28069bcb\n|j|\u2606p0y2806d305\n|t:|1783571355\n|gametype|singles\n|player|p1|p0x28069bcb|102|\n|player|p2|p0y2806d305|101|\n|gen|9\n|tier|[Gen 9] Random Battle\n|rule|Species Clause: Limit one of each Pok\u00e9mon\n|rule|HP Percentage Mod: HP is shown in percentages\n|rule|Sleep Clause Mod: Limit one foe put to sleep\n|rule|Illusion Level Mod: Illusion disguises the Pok\u00e9mon's true level\n|\n|t:|1783571355\n|teamsize|p1|6\n|teamsize|p2|6\n|start\n|switch|p1a: Ampharos|Ampharos, L88, F|302/302\n|switch|p2a: Illumise|Illumise, L91, F|100/100\n|turn|1\n|inactive|Battle timer is ON: inactive players will automatically lose when time's up. (requested by p0x28069bcb)\n|inactive|p0y2806d305 also wants the timer to be on.\n|\n|t:|1783571356\n|switch|p2a: Flutter Mane|Flutter Mane, L74|100/100\n|move|p1a: Ampharos|Thunderbolt|p2a: Flutter Mane\n|-damage|p2a: Flutter Mane|50/100\n|\n|upkeep\n|turn|2\n|inactive|Time left: 300 sec this turn | 300 sec total\n|\n|t:|1783571357\n|move|p2a: Flutter Mane|Moonblast|p1a: Ampharos\n|-damage|p1a: Ampharos|203/302\n|-unboost|p1a: Ampharos|spa|1\n|move|p1a: Ampharos|Thunderbolt|p2a: Flutter Mane\n|-damage|p2a: Flutter Mane|18/100\n|\n|upkeep\n|turn|3\n|inactive|Time left: 300 sec this turn | 300 sec total\n|\n|t:|1783571358\n|move|p2a: Flutter Mane|Moonblast|p1a: Ampharos\n|-damage|p1a: Ampharos|113/302\n|-unboost|p1a: Ampharos|spa|1\n|move|p1a: Ampharos|Volt Switch|p2a: Flutter Mane\n|-damage|p2a: Flutter Mane|0 fnt\n|faint|p2a: Flutter Mane\n|-end|p2a: Flutter Mane|Protosynthesis|[silent]\n|inactive|Time left: 300 sec this turn | 300 sec total | 5 sec grace\n|\n|t:|1783571358\n|switch|p1a: Baxcalibur|Baxcalibur, L75, F|295/295|[from] Volt Switch\n|\n|upkeep\n|\n|t:|1783571359\n|switch|p2a: Roaring Moon|Roaring Moon, L72|100/100\n|-enditem|p2a: Roaring Moon|Booster Energy\n|-activate|p2a: Roaring Moon|ability: Protosynthesis|[fromitem]\n|-start|p2a: Roaring Moon|protosynthesisatk\n|turn|4\n|inactive|Time left: 300 sec this turn | 300 sec total\n|\n|t:|1783571359\n|-terastallize|p1a: Baxcalibur|Ground\n|move|p2a: Roaring Moon|Outrage|p1a: Baxcalibur\n|-damage|p1a: Baxcalibur|111/295\n|move|p1a: Baxcalibur|Icicle Spear|p2a: Roaring Moon\n|-supereffective|p2a: Roaring Moon\n|-damage|p2a: Roaring Moon|69/100\n|-supereffective|p2a: Roaring Moon\n|-damage|p2a: Roaring Moon|38/100\n|-supereffective|p2a: Roaring Moon\n|-damage|p2a: Roaring Moon|9/100\n|-supereffective|p2a: Roaring Moon\n|-damage|p2a: Roaring Moon|0 fnt\n|faint|p2a: Roaring Moon\n|-end|p2a: Roaring Moon|Protosynthesis|[silent]\n|-hitcount|p2: Roaring Moon|4\n|\n|upkeep\n|\n|t:|1783571360\n|switch|p2a: Orthworm|Orthworm, L88, M|100/100\n|turn|5\n|inactive|Time left: 300 sec this turn | 300 sec total\n|\n|t:|1783571361\n|move|p1a: Baxcalibur|Swords Dance|p1a: Baxcalibur\n|-boost|p1a: Baxcalibur|atk|2\n|move|p2a: Orthworm|Coil|p2a: Orthworm\n|-boost|p2a: Orthworm|atk|1\n|-boost|p2a: Orthworm|def|1\n|-boost|p2a: Orthworm|accuracy|1\n|\n|upkeep\n|turn|6\n|inactive|Time left: 300 sec this turn | 300 sec total\n|\n|t:|1783571362\n|move|p1a: Baxcalibur|Scale Shot|p2a: Orthworm\n|-resisted|p2a: Orthworm\n|-damage|p2a: Orthworm|95/100\n|-resisted|p2a: Orthworm\n|-damage|p2a: Orthworm|91/100\n|-resisted|p2a: Orthworm\n|-damage|p2a: Orthworm|85/100\n|-resisted|p2a: Orthworm\n|-damage|p2a: Orthworm|80/100\n|-resisted|p2a: Orthworm\n|-damage|p2a: Orthworm|75/100\n|-hitcount|p2a: Orthworm|5\n|-unboost|p1a: Baxcalibur|def|1\n|-boost|p1a: Baxcalibur|spe|1\n|move|p2a: Orthworm|Body Press|p1a: Baxcalibur\n|-damage|p1a: Baxcalibur|0 fnt\n|faint|p1a: Baxcalibur\n|\n|upkeep\n|inactive|Time left: 300 sec this turn | 300 sec total | 5 sec grace\n|\n|t:|1783571363\n|switch|p1a: Gallade|Gallade, L80, M|240/240\n|turn|7\n|inactive|Time left: 300 sec this turn | 300 sec total\n|\n|t:|1783571364\n|move|p1a: Gallade|Sacred Sword|p2a: Orthworm\n|-supereffective|p2a: Orthworm\n|-damage|p2a: Orthworm|1/100\n|move|p2a: Orthworm|Rest|p2a: Orthworm\n|-status|p2a: Orthworm|slp|[from] move: Rest\n|-heal|p2a: Orthworm|100/100 slp|[silent]\n|-enditem|p2a: Orthworm|Chesto Berry|[eat]\n|-curestatus|p2a: Orthworm|slp|[msg]\n|\n|upkeep\n|turn|8\n|inactive|Time left: 300 sec this turn | 300 sec total\n|\n|t:|1783571365\n|-terastallize|p2a: Orthworm|Electric\n|move|p1a: Gallade|Sacred Sword|p2a: Orthworm\n|-damage|p2a: Orthworm|61/100\n|move|p2a: Orthworm|Coil|p2a: Orthworm\n|-boost|p2a: Orthworm|atk|1\n|-boost|p2a: Orthworm|def|1\n|-boost|p2a: Orthworm|accuracy|1\n|\n|upkeep\n|turn|9\n|inactive|Time left: 300 sec this turn | 300 sec total\n|\n|t:|1783571366\n|switch|p1a: Meganium|Meganium, L90, F|290/290\n|move|p2a: Orthworm|Body Press|p1a: Meganium\n|-damage|p1a: Meganium|145/290\n|\n|-heal|p1a: Meganium|163/290|[from] item: Leftovers\n|upkeep\n|turn|10\n|inactive|Time left: 300 sec this turn | 300 sec total\n|\n|t:|1783571368\n|move|p1a: Meganium|Energy Ball|p2a: Orthworm\n|-damage|p2a: Orthworm|12/100\n|move|p2a: Orthworm|Iron Tail|p1a: Meganium\n|-damage|p1a: Meganium|0 fnt\n|faint|p1a: Meganium\n|\n|upkeep\n|inactive|Time left: 300 sec this turn | 300 sec total | 5 sec grace\n|\n|t:|1783571369\n|switch|p1a: Gallade|Gallade, L80, M|240/240\n|turn|11\n|inactive|Time left: 300 sec this turn | 300 sec total\n|\n|t:|1783571370\n|move|p1a: Gallade|Sacred Sword|p2a: Orthworm\n|-damage|p2a: Orthworm|0 fnt\n|faint|p2a: Orthworm\n|\n|upkeep\n|\n|t:|1783571371\n|switch|p2a: Illumise|Illumise, L91, F|100/100\n|turn|12\n|inactive|Time left: 300 sec this turn | 300 sec total\n|\n|t:|1783571372\n|move|p1a: Gallade|Sacred Sword|p2a: Illumise\n|-resisted|p2a: Illumise\n|-damage|p2a: Illumise|71/100\n|move|p2a: Illumise|Bug Buzz|p1a: Gallade\n|-damage|p1a: Gallade|168/240\n|\n|upkeep\n|turn|13\n|inactive|Time left: 300 sec this turn | 300 sec total\n|\n|t:|1783571373\n|move|p1a: Gallade|Sacred Sword|p2a: Illumise\n|-resisted|p2a: Illumise\n|-damage|p2a: Illumise|40/100\n|move|p2a: Illumise|Bug Buzz|p1a: Gallade\n|-damage|p1a: Gallade|87/240\n|\n|upkeep\n|turn|14\n|inactive|Time left: 300 sec this turn | 300 sec total\n|\n|t:|1783571374\n|move|p2a: Illumise|Roost|p2a: Illumise\n|-heal|p2a: Illumise|90/100\n|-singleturn|p2a: Illumise|move: Roost\n|move|p1a: Gallade|Sacred Sword|p2a: Illumise\n|-resisted|p2a: Illumise\n|-damage|p2a: Illumise|57/100\n|\n|upkeep\n|turn|15\n|inactive|Time left: 300 sec this turn | 300 sec total\n|\n|t:|1783571375\n|move|p2a: Illumise|Roost|p2a: Illumise\n|-heal|p2a: Illumise|100/100\n|-singleturn|p2a: Illumise|move: Roost\n|move|p1a: Gallade|Sacred Sword|p2a: Illumise\n|-resisted|p2a: Illumise\n|-damage|p2a: Illumise|67/100\n|\n|upkeep\n|turn|16\n|inactive|Time left: 300 sec this turn | 300 sec total\n|\n|t:|1783571376\n|move|p1a: Gallade|Sacred Sword|p2a: Illumise\n|-resisted|p2a: Illumise\n|-crit|p2a: Illumise\n|-damage|p2a: Illumise|22/100\n|move|p2a: Illumise|Bug Buzz|p1a: Gallade\n|-damage|p1a: Gallade|2/240\n|\n|upkeep\n|turn|17\n|inactive|Time left: 300 sec this turn | 300 sec total\n|\n|t:|1783571377\n|move|p2a: Illumise|Roost|p2a: Illumise\n|-heal|p2a: Illumise|72/100\n|-singleturn|p2a: Illumise|move: Roost\n|move|p1a: Gallade|Sacred Sword|p2a: Illumise\n|-resisted|p2a: Illumise\n|-damage|p2a: Illumise|43/100\n|\n|upkeep\n|turn|18\n|inactive|Time left: 300 sec this turn | 300 sec total\n|\n|t:|1783571378\n|move|p2a: Illumise|Roost|p2a: Illumise\n|-heal|p2a: Illumise|93/100\n|-singleturn|p2a: Illumise|move: Roost\n|move|p1a: Gallade|Sacred Sword|p2a: Illumise\n|-resisted|p2a: Illumise\n|-damage|p2a: Illumise|59/100\n|\n|upkeep\n|turn|19\n|inactive|Time left: 300 sec this turn | 300 sec total\n|\n|t:|1783571379\n|move|p2a: Illumise|Roost|p2a: Illumise\n|-heal|p2a: Illumise|100/100\n|-singleturn|p2a: Illumise|move: Roost\n|move|p1a: Gallade|Sacred Sword|p2a: Illumise\n|-resisted|p2a: Illumise\n|-damage|p2a: Illumise|67/100\n|\n|upkeep\n|turn|20\n|inactive|Time left: 300 sec this turn | 300 sec total\n|\n|t:|1783571380\n|move|p1a: Gallade|Sacred Sword|p2a: Illumise\n|-resisted|p2a: Illumise\n|-damage|p2a: Illumise|35/100\n|move|p2a: Illumise|Bug Buzz|p1a: Gallade\n|-damage|p1a: Gallade|0 fnt\n|faint|p1a: Gallade\n|\n|upkeep\n|inactive|Time left: 300 sec this turn | 300 sec total | 5 sec grace\n|\n|t:|1783571381\n|switch|p1a: Morpeko|Morpeko, L88, M|245/245\n|turn|21\n|inactive|Time left: 300 sec this turn | 300 sec total\n|\n|t:|1783571382\n|switch|p2a: Gurdurr|Gurdurr, L85, M|100/100\n|move|p1a: Morpeko|Aura Wheel|p2a: Gurdurr\n|-damage|p2a: Gurdurr|70/100\n|-boost|p1a: Morpeko|spe|1\n|\n|-formechange|p1a: Morpeko|Morpeko-Hangry||[from] ability: Hunger Switch\n|upkeep\n|turn|22\n|inactive|Time left: 300 sec this turn | 300 sec total\n|\n|t:|1783571383\n|switch|p1a: Dachsbun|Dachsbun, L92, F|254/254\n|move|p2a: Gurdurr|Drain Punch|p1a: Dachsbun\n|-resisted|p1a: Dachsbun\n|-damage|p1a: Dachsbun|222/254\n|-heal|p2a: Gurdurr|76/100|[from] drain|[of] p1a: Dachsbun\n|\n|-heal|p1a: Dachsbun|237/254|[from] item: Leftovers\n|upkeep\n|turn|23\n|inactive|Time left: 300 sec this turn | 300 sec total\n|\n|t:|1783571384\n|move|p1a: Dachsbun|Play Rough|p2a: Gurdurr\n|-supereffective|p2a: Gurdurr\n|-damage|p2a: Gurdurr|27/100\n|move|p2a: Gurdurr|Knock Off|p1a: Dachsbun\n|-resisted|p1a: Dachsbun\n|-damage|p1a: Dachsbun|209/254\n|-enditem|p1a: Dachsbun|Leftovers|[from] move: Knock Off|[of] p2a: Gurdurr\n|\n|upkeep\n|turn|24\n|inactive|Time left: 300 sec this turn | 300 sec total\n|\n|t:|1783571385\n|move|p1a: Dachsbun|Play Rough|p2a: Gurdurr|[miss]\n|-miss|p1a: Dachsbun|p2a: Gurdurr\n|move|p2a: Gurdurr|Defog|p1a: Dachsbun\n|-unboost|p1a: Dachsbun|evasion|1\n|\n|upkeep\n|turn|25\n|inactive|Time left: 300 sec this turn | 300 sec total\n|\n|t:|1783571387\n|move|p1a: Dachsbun|Play Rough|p2a: Gurdurr\n|-supereffective|p2a: Gurdurr\n|-damage|p2a: Gurdurr|0 fnt\n|faint|p2a: Gurdurr\n|\n|upkeep\n|\n|t:|1783571387\n|switch|p2a: Illumise|Illumise, L91, F|35/100\n|turn|26\n|inactive|Time left: 300 sec this turn | 300 sec total\n|\n|t:|1783571389\n|move|p2a: Illumise|Roost|p2a: Illumise\n|-heal|p2a: Illumise|85/100\n|-singleturn|p2a: Illumise|move: Roost\n|move|p1a: Dachsbun|Play Rough|p2a: Illumise\n|-damage|p2a: Illumise|48/100\n|\n|upkeep\n|turn|27\n|inactive|Time left: 300 sec this turn | 300 sec total\n|\n|t:|1783571390\n|switch|p1a: Morpeko|Morpeko, L88, M|245/245\n|move|p2a: Illumise|Roost|p2a: Illumise\n|-heal|p2a: Illumise|98/100\n|-singleturn|p2a: Illumise|move: Roost\n|\n|-formechange|p1a: Morpeko|Morpeko-Hangry||[from] ability: Hunger Switch\n|upkeep\n|turn|28\n|inactive|Time left: 300 sec this turn | 300 sec total\n|\n|t:|1783571391\n|move|p1a: Morpeko|Aura Wheel|p2a: Illumise\n|-damage|p2a: Illumise|46/100\n|-boost|p1a: Morpeko|spe|1\n|move|p2a: Illumise|Bug Buzz|p1a: Morpeko\n|-supereffective|p1a: Morpeko\n|-damage|p1a: Morpeko|0 fnt\n|faint|p1a: Morpeko\n|\n|upkeep\n|inactive|Time left: 300 sec this turn | 300 sec total | 5 sec grace\n|\n|t:|1783571392\n|switch|p1a: Ampharos|Ampharos, L88, F|113/302\n|turn|29\n|inactive|Time left: 300 sec this turn | 300 sec total\n|\n|t:|1783571393\n|move|p2a: Illumise|Roost|p2a: Illumise\n|-heal|p2a: Illumise|96/100\n|-singleturn|p2a: Illumise|move: Roost\n|move|p1a: Ampharos|Thunderbolt|p2a: Illumise\n|-damage|p2a: Illumise|55/100\n|\n|upkeep\n|turn|30\n|inactive|Time left: 300 sec this turn | 300 sec total\n|\n|t:|1783571393\n|move|p2a: Illumise|Bug Buzz|p1a: Ampharos\n|-damage|p1a: Ampharos|55/302\n|move|p1a: Ampharos|Volt Switch|p2a: Illumise\n|-damage|p2a: Illumise|19/100\n|inactive|Time left: 300 sec this turn | 300 sec total | 5 sec grace\n|\n|t:|1783571394\n|switch|p1a: Dachsbun|Dachsbun, L92, F|209/254|[from] Volt Switch\n|\n|upkeep\n|turn|31\n|inactive|Time left: 300 sec this turn | 300 sec total\n|\n|t:|1783571395\n|move|p2a: Illumise|Thunder Wave|p1a: Dachsbun\n|-status|p1a: Dachsbun|par\n|move|p1a: Dachsbun|Play Rough|p2a: Illumise\n|-damage|p2a: Illumise|0 fnt\n|faint|p2a: Illumise\n|\n|upkeep\n|\n|t:|1783571396\n|switch|p2a: Pawmot|Pawmot, L80, F|100/100\n|turn|32\n|inactive|Time left: 300 sec this turn | 300 sec total\n|\n|t:|1783571397\n|move|p2a: Pawmot|Close Combat|p1a: Dachsbun\n|-resisted|p1a: Dachsbun\n|-damage|p1a: Dachsbun|144/254 par\n|-unboost|p2a: Pawmot|def|1\n|-unboost|p2a: Pawmot|spd|1\n|-damage|p2a: Pawmot|91/100|[from] item: Life Orb\n|move|p1a: Dachsbun|Play Rough|p2a: Pawmot\n|-supereffective|p2a: Pawmot\n|-damage|p2a: Pawmot|0 fnt\n|faint|p2a: Pawmot\n|\n|win|p0x28069bcb", "uploadtime": 1783571397, "views": 0, "rating": 0, "private": 0, "password": null, "_winner": "p0x28069bcb", "_our_name": "p0x28069bcb"}