{"id": "battle-gen9randombattle-1774", "formatid": "gen9randombattle", "format": "[Gen 9] Random Battle", "players": ["p0x17746b66", "p0y177424ea"], "log": "|init|battle\n|title|p0x17746b66 vs. p0y177424ea\n|j|\u2606p0x17746b66\n|j|\u2606p0y177424ea\n|t:|1783559795\n|gametype|singles\n|player|p1|p0x17746b66|2|\n|player|p2|p0y177424ea|2|\n|gen|9\n|tier|[Gen 9] Random Battle\n|rule|Species Clause: Limit one of each Pok\u00e9mon\n|rule|HP Percentage Mod: HP is shown in percentages\n|rule|Sleep Clause Mod: Limit one foe put to sleep\n|rule|Illusion Level Mod: Illusion disguises the Pok\u00e9mon's true level\n|\n|t:|1783559795\n|teamsize|p1|6\n|teamsize|p2|6\n|start\n|switch|p1a: Golem|Golem-Alola, L93, M|300/300\n|switch|p2a: Regidrago|Regidrago, L77|100/100\n|turn|1\n|inactive|Battle timer is ON: inactive players will automatically lose when time's up. (requested by p0x17746b66)\n|inactive|p0y177424ea also wants the timer to be on.\n|\n|t:|1783559797\n|move|p2a: Regidrago|Dragon Energy|p1a: Golem\n|-damage|p1a: Golem|51/300\n|move|p1a: Golem|Stone Edge|p2a: Regidrago|[miss]\n|-miss|p1a: Golem|p2a: Regidrago\n|\n|upkeep\n|turn|2\n|inactive|Time left: 300 sec this turn | 300 sec total\n|\n|t:|1783559798\n|switch|p1a: Necrozma|Necrozma-Dusk-Mane, L69|248/248\n|move|p2a: Regidrago|Dragon Energy|p1a: Necrozma\n|-resisted|p1a: Necrozma\n|-damage|p1a: Necrozma|147/248\n|\n|upkeep\n|turn|3\n|inactive|Time left: 300 sec this turn | 300 sec total\n|\n|t:|1783559799\n|move|p2a: Regidrago|Dragon Energy|p1a: Necrozma\n|-resisted|p1a: Necrozma\n|-damage|p1a: Necrozma|47/248\n|move|p1a: Necrozma|Morning Sun|p1a: Necrozma\n|-heal|p1a: Necrozma|171/248\n|\n|upkeep\n|turn|4\n|inactive|Time left: 300 sec this turn | 300 sec total\n|\n|t:|1783559800\n|move|p2a: Regidrago|Dragon Energy|p1a: Necrozma\n|-resisted|p1a: Necrozma\n|-damage|p1a: Necrozma|72/248\n|move|p1a: Necrozma|Morning Sun|p1a: Necrozma\n|-heal|p1a: Necrozma|196/248\n|\n|upkeep\n|turn|5\n|inactive|Time left: 300 sec this turn | 300 sec total\n|\n|t:|1783559801\n|move|p2a: Regidrago|Dragon Energy|p1a: Necrozma\n|-resisted|p1a: Necrozma\n|-crit|p1a: Necrozma\n|-damage|p1a: Necrozma|32/248\n|move|p1a: Necrozma|Sunsteel Strike|p2a: Regidrago\n|-damage|p2a: Regidrago|58/100\n|\n|upkeep\n|turn|6\n|inactive|Time left: 300 sec this turn | 300 sec total\n|\n|t:|1783559802\n|switch|p1a: Dondozo|Dondozo, L78, F|362/362\n|move|p2a: Regidrago|Dragon Energy|p1a: Dondozo\n|-damage|p1a: Dondozo|202/362\n|\n|-heal|p1a: Dondozo|224/362|[from] item: Leftovers\n|upkeep\n|turn|7\n|inactive|Time left: 300 sec this turn | 300 sec total\n|\n|t:|1783559804\n|move|p2a: Regidrago|Dragon Energy|p1a: Dondozo\n|-damage|p1a: Dondozo|74/362\n|move|p1a: Dondozo|Rest|p1a: Dondozo\n|-status|p1a: Dondozo|slp|[from] move: Rest\n|-heal|p1a: Dondozo|362/362 slp|[silent]\n|\n|upkeep\n|turn|8\n|inactive|Time left: 300 sec this turn | 300 sec total\n|\n|t:|1783559805\n|move|p2a: Regidrago|Dragon Energy|p1a: Dondozo\n|-damage|p1a: Dondozo|215/362 slp\n|cant|p1a: Dondozo|slp\n|move|p1a: Dondozo|Sleep Talk|p1a: Dondozo\n|move|p1a: Dondozo|Rest||[from] move: Sleep Talk|[still]\n|-fail|p1a: Dondozo\n|\n|-heal|p1a: Dondozo|237/362 slp|[from] item: Leftovers\n|upkeep\n|turn|9\n|inactive|Time left: 300 sec this turn | 300 sec total\n|\n|t:|1783559806\n|switch|p2a: Quaquaval|Quaquaval, L79, M|100/100\n|cant|p1a: Dondozo|slp\n|move|p1a: Dondozo|Sleep Talk|p1a: Dondozo\n|move|p1a: Dondozo|Wave Crash|p2a: Quaquaval|[from] move: Sleep Talk\n|-resisted|p2a: Quaquaval\n|-damage|p2a: Quaquaval|74/100\n|-damage|p1a: Dondozo|214/362 slp|[from] Recoil\n|\n|-heal|p1a: Dondozo|236/362 slp|[from] item: Leftovers\n|upkeep\n|turn|10\n|inactive|Time left: 300 sec this turn | 300 sec total\n|\n|t:|1783559807\n|move|p2a: Quaquaval|Knock Off|p1a: Dondozo\n|-damage|p1a: Dondozo|134/362 slp\n|-enditem|p1a: Dondozo|Leftovers|[from] move: Knock Off|[of] p2a: Quaquaval\n|-curestatus|p1a: Dondozo|slp|[msg]\n|move|p1a: Dondozo|Wave Crash|p2a: Quaquaval\n|-resisted|p2a: Quaquaval\n|-damage|p2a: Quaquaval|50/100\n|-damage|p1a: Dondozo|113/362|[from] Recoil\n|\n|upkeep\n|turn|11\n|inactive|Time left: 300 sec this turn | 300 sec total\n|\n|t:|1783559809\n|move|p2a: Quaquaval|Knock Off|p1a: Dondozo\n|-damage|p1a: Dondozo|45/362\n|move|p1a: Dondozo|Rest|p1a: Dondozo\n|-status|p1a: Dondozo|slp|[from] move: Rest\n|-heal|p1a: Dondozo|362/362 slp|[silent]\n|\n|upkeep\n|turn|12\n|inactive|Time left: 300 sec this turn | 300 sec total\n|\n|t:|1783559810\n|switch|p1a: Darkrai|Darkrai, L77|234/234\n|move|p2a: Quaquaval|Knock Off|p1a: Darkrai\n|-resisted|p1a: Darkrai\n|-damage|p1a: Darkrai|174/234\n|-enditem|p1a: Darkrai|Life Orb|[from] move: Knock Off|[of] p2a: Quaquaval\n|\n|upkeep\n|turn|13\n|inactive|Time left: 300 sec this turn | 300 sec total\n|\n|t:|1783559811\n|move|p1a: Darkrai|Sludge Bomb|p2a: Quaquaval\n|-damage|p2a: Quaquaval|19/100\n|move|p2a: Quaquaval|Knock Off|p1a: Darkrai\n|-resisted|p1a: Darkrai\n|-damage|p1a: Darkrai|134/234\n|\n|upkeep\n|turn|14\n|inactive|Time left: 300 sec this turn | 300 sec total\n|\n|t:|1783559812\n|switch|p2a: Moltres|Moltres-Galar, L79|100/100\n|move|p1a: Darkrai|Focus Blast|p2a: Moltres|[miss]\n|-miss|p1a: Darkrai|p2a: Moltres\n|\n|upkeep\n|turn|15\n|inactive|Time left: 300 sec this turn | 300 sec total\n|\n|t:|1783559813\n|move|p1a: Darkrai|Nasty Plot|p1a: Darkrai\n|-boost|p1a: Darkrai|spa|2\n|move|p2a: Moltres|Nasty Plot|p2a: Moltres\n|-boost|p2a: Moltres|spa|2\n|\n|upkeep\n|turn|16\n|inactive|Time left: 300 sec this turn | 300 sec total\n|\n|t:|1783559814\n|move|p1a: Darkrai|Focus Blast|p2a: Moltres\n|-damage|p2a: Moltres|50/100\n|-unboost|p2a: Moltres|spd|1\n|-ability|p2a: Moltres|Berserk|boost\n|-boost|p2a: Moltres|spa|1\n|move|p2a: Moltres|Hurricane|p1a: Darkrai|[miss]\n|-miss|p2a: Moltres|p1a: Darkrai\n|\n|upkeep\n|turn|17\n|inactive|Time left: 300 sec this turn | 300 sec total\n|\n|t:|1783559815\n|move|p1a: Darkrai|Sludge Bomb|p2a: Moltres\n|-damage|p2a: Moltres|0 fnt\n|faint|p2a: Moltres\n|\n|upkeep\n|\n|t:|1783559816\n|switch|p2a: Regidrago|Regidrago, L77|58/100\n|turn|18\n|inactive|Time left: 300 sec this turn | 300 sec total\n|\n|t:|1783559817\n|move|p2a: Regidrago|Outrage|p1a: Darkrai\n|-damage|p1a: Darkrai|0 fnt\n|faint|p1a: Darkrai\n|\n|upkeep\n|inactive|Time left: 300 sec this turn | 300 sec total | 5 sec grace\n|\n|t:|1783559818\n|switch|p1a: Giratina|Giratina-Origin, L72|335/335\n|turn|19\n|inactive|Time left: 300 sec this turn | 300 sec total\n|\n|t:|1783559819\n|-terastallize|p1a: Giratina|Fairy\n|move|p2a: Regidrago|Outrage|p1a: Giratina|[from] lockedmove\n|-immune|p1a: Giratina\n|-start|p2a: Regidrago|confusion|[fatigue]\n|move|p1a: Giratina|Will-O-Wisp|p2a: Regidrago\n|-status|p2a: Regidrago|brn\n|\n|-damage|p2a: Regidrago|52/100 brn|[from] brn\n|upkeep\n|turn|20\n|inactive|Time left: 300 sec this turn | 300 sec total\n|\n|t:|1783559820\n|switch|p2a: Forretress|Forretress, L84, M|100/100\n|move|p1a: Giratina|Poltergeist|p2a: Forretress\n|-activate|p2a: Forretress|move: Poltergeist|Leftovers\n|-damage|p2a: Forretress|70/100\n|\n|-heal|p2a: Forretress|76/100|[from] item: Leftovers\n|upkeep\n|turn|21\n|inactive|Time left: 300 sec this turn | 300 sec total\n|\n|t:|1783559821\n|move|p1a: Giratina|Will-O-Wisp|p2a: Forretress\n|-status|p2a: Forretress|brn\n|move|p2a: Forretress|Stealth Rock|p1a: Giratina\n|-sidestart|p1: p0x17746b66|move: Stealth Rock\n|\n|-heal|p2a: Forretress|82/100 brn|[from] item: Leftovers\n|-damage|p2a: Forretress|76/100 brn|[from] brn\n|upkeep\n|turn|22\n|inactive|Time left: 300 sec this turn | 300 sec total\n|\n|t:|1783559822\n|move|p1a: Giratina|Poltergeist|p2a: Forretress\n|-activate|p2a: Forretress|move: Poltergeist|Leftovers\n|-damage|p2a: Forretress|45/100 brn\n|move|p2a: Forretress|Iron Head|p1a: Giratina\n|-supereffective|p1a: Giratina\n|-damage|p1a: Giratina|250/335\n|\n|-heal|p2a: Forretress|51/100 brn|[from] item: Leftovers\n|-damage|p2a: Forretress|45/100 brn|[from] brn\n|upkeep\n|turn|23\n|inactive|Time left: 300 sec this turn | 300 sec total\n|\n|t:|1783559823\n|switch|p1a: Oricorio|Oricorio-Pom-Pom, L82, M|257/257\n|move|p2a: Forretress|Iron Head|p1a: Oricorio\n|-resisted|p1a: Oricorio\n|-damage|p1a: Oricorio|232/257\n|\n|-heal|p2a: Forretress|51/100 brn|[from] item: Leftovers\n|-damage|p2a: Forretress|45/100 brn|[from] brn\n|upkeep\n|turn|24\n|inactive|Time left: 300 sec this turn | 300 sec total\n|\n|t:|1783559824\n|move|p1a: Oricorio|Quiver Dance|p1a: Oricorio\n|-boost|p1a: Oricorio|spa|1\n|-boost|p1a: Oricorio|spd|1\n|-boost|p1a: Oricorio|spe|1\n|move|p2a: Forretress|Volt Switch|p1a: Oricorio\n|-damage|p1a: Oricorio|205/257\n|\n|t:|1783559825\n|switch|p2a: Regidrago|Regidrago, L77|52/100 brn|[from] Volt Switch\n|\n|-damage|p2a: Regidrago|45/100 brn|[from] brn\n|upkeep\n|turn|25\n|inactive|Time left: 300 sec this turn | 300 sec total\n|\n|t:|1783559826\n|move|p1a: Oricorio|Hurricane|p2a: Regidrago|[miss]\n|-miss|p1a: Oricorio|p2a: Regidrago\n|move|p2a: Regidrago|Outrage|p1a: Oricorio\n|-damage|p1a: Oricorio|102/257\n|\n|-damage|p2a: Regidrago|39/100 brn|[from] brn\n|upkeep\n|turn|26\n|inactive|Time left: 300 sec this turn | 300 sec total\n|\n|t:|1783559827\n|move|p1a: Oricorio|Roost|p1a: Oricorio\n|-heal|p1a: Oricorio|231/257\n|-singleturn|p1a: Oricorio|move: Roost\n|move|p2a: Regidrago|Outrage|p1a: Oricorio|[from] lockedmove\n|-damage|p1a: Oricorio|141/257\n|\n|-damage|p2a: Regidrago|33/100 brn|[from] brn\n|upkeep\n|turn|27\n|inactive|Time left: 300 sec this turn | 300 sec total\n|\n|t:|1783559828\n|move|p1a: Oricorio|Roost|p1a: Oricorio\n|-heal|p1a: Oricorio|257/257\n|-singleturn|p1a: Oricorio|move: Roost\n|move|p2a: Regidrago|Outrage|p1a: Oricorio|[from] lockedmove\n|-damage|p1a: Oricorio|152/257\n|-start|p2a: Regidrago|confusion|[fatigue]\n|\n|-damage|p2a: Regidrago|27/100 brn|[from] brn\n|upkeep\n|turn|28\n|inactive|Time left: 300 sec this turn | 300 sec total\n|\n|t:|1783559829\n|move|p1a: Oricorio|Roost|p1a: Oricorio\n|-heal|p1a: Oricorio|257/257\n|-singleturn|p1a: Oricorio|move: Roost\n|-activate|p2a: Regidrago|confusion\n|move|p2a: Regidrago|Outrage|p1a: Oricorio\n|-damage|p1a: Oricorio|159/257\n|\n|-damage|p2a: Regidrago|20/100 brn|[from] brn\n|upkeep\n|turn|29\n|inactive|Time left: 300 sec this turn | 300 sec total\n|\n|t:|1783559830\n|move|p1a: Oricorio|Revelation Dance|p2a: Regidrago\n|-resisted|p2a: Regidrago\n|-damage|p2a: Regidrago|0 fnt\n|faint|p2a: Regidrago\n|\n|upkeep\n|\n|t:|1783559831\n|switch|p2a: Deoxys|Deoxys-Attack, L72|100/100\n|-ability|p2a: Deoxys|Pressure\n|turn|30\n|inactive|Time left: 300 sec this turn | 300 sec total\n|\n|t:|1783559832\n|-terastallize|p2a: Deoxys|Normal\n|move|p2a: Deoxys|Extreme Speed|p1a: Oricorio\n|-damage|p1a: Oricorio|0 fnt\n|faint|p1a: Oricorio\n|-damage|p2a: Deoxys|91/100|[from] item: Life Orb\n|\n|upkeep\n|inactive|Time left: 300 sec this turn | 300 sec total | 5 sec grace\n|\n|t:|1783559833\n|switch|p1a: Giratina|Giratina-Origin, L72, tera:Fairy|250/335\n|-damage|p1a: Giratina|209/335|[from] Stealth Rock\n|turn|31\n|inactive|Time left: 300 sec this turn | 300 sec total\n|\n|t:|1783559834\n|switch|p1a: Necrozma|Necrozma-Dusk-Mane, L69|32/248\n|-damage|p1a: Necrozma|17/248|[from] Stealth Rock\n|move|p2a: Deoxys|Psycho Boost|p1a: Necrozma\n|-resisted|p1a: Necrozma\n|-damage|p1a: Necrozma|0 fnt\n|-unboost|p2a: Deoxys|spa|2\n|faint|p1a: Necrozma\n|-damage|p2a: Deoxys|81/100|[from] item: Life Orb\n|\n|upkeep\n|inactive|Time left: 300 sec this turn | 300 sec total | 5 sec grace\n|\n|t:|1783559835\n|switch|p1a: Giratina|Giratina-Origin, L72, tera:Fairy|209/335\n|-damage|p1a: Giratina|168/335|[from] Stealth Rock\n|turn|32\n|inactive|Time left: 300 sec this turn | 300 sec total\n|\n|t:|1783559836\n|switch|p2a: Dachsbun|Dachsbun, L92, M|100/100\n|move|p1a: Giratina|Dragon Tail|p2a: Dachsbun\n|-immune|p2a: Dachsbun\n|\n|upkeep\n|turn|33\n|inactive|Time left: 300 sec this turn | 300 sec total\n|\n|t:|1783559837\n|move|p2a: Dachsbun|Play Rough|p1a: Giratina\n|-damage|p1a: Giratina|60/335\n|move|p1a: Giratina|Poltergeist|p2a: Dachsbun\n|-activate|p2a: Dachsbun|move: Poltergeist|Leftovers\n|-damage|p2a: Dachsbun|64/100\n|\n|-heal|p2a: Dachsbun|70/100|[from] item: Leftovers\n|upkeep\n|turn|34\n|inactive|Time left: 300 sec this turn | 300 sec total\n|\n|t:|1783559838\n|move|p2a: Dachsbun|Play Rough|p1a: Giratina\n|-damage|p1a: Giratina|0 fnt\n|faint|p1a: Giratina\n|\n|-heal|p2a: Dachsbun|76/100|[from] item: Leftovers\n|upkeep\n|inactive|Time left: 300 sec this turn | 300 sec total | 5 sec grace\n|\n|t:|1783559839\n|switch|p1a: Dondozo|Dondozo, L78, F|362/362 slp\n|-damage|p1a: Dondozo|317/362 slp|[from] Stealth Rock\n|turn|35\n|inactive|Time left: 300 sec this turn | 300 sec total\n|\n|t:|1783559839\n|move|p2a: Dachsbun|Play Rough|p1a: Dondozo|[miss]\n|-miss|p2a: Dachsbun|p1a: Dondozo\n|cant|p1a: Dondozo|slp\n|move|p1a: Dondozo|Sleep Talk|p1a: Dondozo\n|move|p1a: Dondozo|Curse|p1a: Dondozo|[from] move: Sleep Talk\n|-unboost|p1a: Dondozo|spe|1\n|-boost|p1a: Dondozo|atk|1\n|-boost|p1a: Dondozo|def|1\n|\n|-heal|p2a: Dachsbun|82/100|[from] item: Leftovers\n|upkeep\n|turn|36\n|inactive|Time left: 300 sec this turn | 300 sec total\n|\n|t:|1783559840\n|move|p2a: Dachsbun|Wish|p2a: Dachsbun\n|cant|p1a: Dondozo|slp\n|move|p1a: Dondozo|Sleep Talk|p1a: Dondozo\n|move|p1a: Dondozo|Wave Crash|p2a: Dachsbun|[from] move: Sleep Talk\n|-damage|p2a: Dachsbun|34/100\n|-damage|p1a: Dondozo|277/362 slp|[from] Recoil\n|\n|-heal|p2a: Dachsbun|40/100|[from] item: Leftovers\n|upkeep\n|turn|37\n|inactive|Time left: 300 sec this turn | 300 sec total\n|\n|t:|1783559841\n|move|p2a: Dachsbun|Play Rough|p1a: Dondozo\n|-damage|p1a: Dondozo|219/362 slp\n|-curestatus|p1a: Dondozo|slp|[msg]\n|move|p1a: Dondozo|Wave Crash|p2a: Dachsbun\n|-damage|p2a: Dachsbun|0 fnt\n|faint|p2a: Dachsbun\n|-damage|p1a: Dondozo|186/362|[from] Recoil\n|\n|upkeep\n|\n|t:|1783559842\n|switch|p2a: Deoxys|Deoxys-Attack, L72, tera:Normal|81/100\n|-ability|p2a: Deoxys|Pressure\n|turn|38\n|inactive|Time left: 300 sec this turn | 300 sec total\n|\n|t:|1783559843\n|move|p2a: Deoxys|Psycho Boost|p1a: Dondozo\n|-damage|p1a: Dondozo|0 fnt\n|-unboost|p2a: Deoxys|spa|2\n|faint|p1a: Dondozo\n|-damage|p2a: Deoxys|71/100|[from] item: Life Orb\n|\n|upkeep\n|inactive|Time left: 300 sec this turn | 300 sec total | 5 sec grace\n|\n|t:|1783559843\n|switch|p1a: Golem|Golem-Alola, L93, M|51/300\n|-damage|p1a: Golem|14/300|[from] Stealth Rock\n|turn|39\n|inactive|Time left: 300 sec this turn | 300 sec total\n|\n|t:|1783559844\n|move|p2a: Deoxys|Knock Off|p1a: Golem\n|-damage|p1a: Golem|0 fnt\n|-enditem|p1a: Golem|Choice Band|[from] move: Knock Off|[of] p2a: Deoxys\n|faint|p1a: Golem\n|-damage|p2a: Deoxys|61/100|[from] item: Life Orb\n|\n|win|p0y177424ea", "uploadtime": 1783559844, "views": 0, "rating": 0, "private": 0, "password": null, "_winner": "p0y177424ea", "_our_name": "p0x17746b66"}