{"id": "battle-gen9randombattle-34", "formatid": "gen9randombattle", "format": "[Gen 9] Random Battle", "players": ["p0x034df23", "p0y034dcbc"], "log": "|init|battle\n|title|p0x034df23 vs. p0y034dcbc\n|j|\u2606p0x034df23\n|j|\u2606p0y034dcbc\n|t:|1783533641\n|gametype|singles\n|player|p1|p0x034df23|265|\n|player|p2|p0y034dcbc|1|\n|gen|9\n|tier|[Gen 9] Random Battle\n|rule|Species Clause: Limit one of each Pok\u00e9mon\n|rule|HP Percentage Mod: HP is shown in percentages\n|rule|Sleep Clause Mod: Limit one foe put to sleep\n|rule|Illusion Level Mod: Illusion disguises the Pok\u00e9mon's true level\n|\n|t:|1783533641\n|teamsize|p1|6\n|teamsize|p2|6\n|start\n|switch|p1a: Seviper|Seviper, L93, F|100/100\n|switch|p2a: Ogerpon|Ogerpon-Hearthflame, L74, F|239/239\n|-ability|p2a: Ogerpon|Mold Breaker\n|turn|1\n|inactive|Battle timer is ON: inactive players will automatically lose when time's up. (requested by p0x034df23)\n|inactive|Time left: 300 sec this turn | 300 sec total | 60 sec grace\n|inactive|p0y034dcbc also wants the timer to be on.\n|\n|t:|1783533642\n|move|p2a: Ogerpon|Ivy Cudgel|p1a: Seviper|[anim] Ivy Cudgel Fire\n|-damage|p1a: Seviper|49/100\n|move|p1a: Seviper|Gunk Shot|p2a: Ogerpon\n|-supereffective|p2a: Ogerpon\n|-damage|p2a: Ogerpon|0 fnt\n|faint|p2a: Ogerpon\n|-damage|p1a: Seviper|39/100|[from] item: Life Orb\n|\n|upkeep\n|inactive|Time left: 300 sec this turn | 300 sec total | 65 sec grace\n|\n|t:|1783533643\n|switch|p2a: Tauros|Tauros-Paldea-Combat, L82, M|257/257\n|-ability|p2a: Tauros|Intimidate|boost\n|-unboost|p1a: Seviper|atk|1\n|turn|2\n|inactive|Time left: 300 sec this turn | 300 sec total\n|\n|t:|1783533644\n|switch|p1a: Heracross|Heracross, L80, F|100/100\n|move|p2a: Tauros|Close Combat|p1a: Heracross\n|-resisted|p1a: Heracross\n|-damage|p1a: Heracross|55/100\n|-unboost|p2a: Tauros|def|1\n|-unboost|p2a: Tauros|spd|1\n|\n|-status|p1a: Heracross|brn|[from] item: Flame Orb\n|upkeep\n|turn|3\n|inactive|Time left: 300 sec this turn | 300 sec total\n|\n|t:|1783533645\n|move|p2a: Tauros|Close Combat|p1a: Heracross\n|-resisted|p1a: Heracross\n|-damage|p1a: Heracross|7/100 brn\n|-unboost|p2a: Tauros|def|1\n|-unboost|p2a: Tauros|spd|1\n|move|p1a: Heracross|Facade|p2a: Tauros\n|-damage|p2a: Tauros|0 fnt\n|faint|p2a: Tauros\n|\n|-damage|p1a: Heracross|1/100 brn|[from] brn\n|upkeep\n|inactive|Time left: 300 sec this turn | 300 sec total | 5 sec grace\n|\n|t:|1783533646\n|switch|p2a: Ninetales|Ninetales-Alola, L78, M|242/242\n|-weather|Snowscape|[from] ability: Snow Warning|[of] p2a: Ninetales\n|turn|4\n|inactive|Time left: 300 sec this turn | 300 sec total\n|\n|t:|1783533647\n|switch|p1a: Seviper|Seviper, L93, F|39/100\n|move|p2a: Ninetales|Aurora Veil|p2a: Ninetales\n|-sidestart|p2: p0y034dcbc|move: Aurora Veil\n|\n|-weather|Snowscape|[upkeep]\n|upkeep\n|turn|5\n|inactive|Time left: 300 sec this turn | 300 sec total\n|\n|t:|1783533648\n|move|p2a: Ninetales|Blizzard|p1a: Seviper\n|-damage|p1a: Seviper|5/100\n|move|p1a: Seviper|Flamethrower|p2a: Ninetales\n|-supereffective|p2a: Ninetales\n|-damage|p2a: Ninetales|31/242\n|-damage|p1a: Seviper|0 fnt|[from] item: Life Orb\n|faint|p1a: Seviper\n|\n|-weather|Snowscape|[upkeep]\n|upkeep\n|\n|t:|1783533649\n|switch|p1a: Meloetta|Meloetta, L82|100/100\n|turn|6\n|inactive|Time left: 300 sec this turn | 300 sec total\n|\n|t:|1783533650\n|move|p2a: Ninetales|Moonblast|p1a: Meloetta\n|-damage|p1a: Meloetta|80/100\n|move|p1a: Meloetta|Calm Mind|p1a: Meloetta\n|-boost|p1a: Meloetta|spa|1\n|-boost|p1a: Meloetta|spd|1\n|\n|-weather|Snowscape|[upkeep]\n|-heal|p1a: Meloetta|86/100|[from] item: Leftovers\n|upkeep\n|turn|7\n|inactive|Time left: 300 sec this turn | 300 sec total\n|\n|t:|1783533651\n|switch|p2a: Meowscarada|Meowscarada, L78, F|247/247\n|move|p1a: Meloetta|Calm Mind|p1a: Meloetta\n|-boost|p1a: Meloetta|spa|1\n|-boost|p1a: Meloetta|spd|1\n|\n|-weather|Snowscape|[upkeep]\n|-heal|p1a: Meloetta|92/100|[from] item: Leftovers\n|upkeep\n|turn|8\n|inactive|Time left: 300 sec this turn | 300 sec total\n|\n|t:|1783533652\n|move|p2a: Meowscarada|Knock Off|p1a: Meloetta\n|-start|p2a: Meowscarada|typechange|Dark|[from] ability: Protean\n|-supereffective|p1a: Meloetta\n|-damage|p1a: Meloetta|3/100\n|-enditem|p1a: Meloetta|Leftovers|[from] move: Knock Off|[of] p2a: Meowscarada\n|-damage|p2a: Meowscarada|223/247|[from] item: Life Orb\n|move|p1a: Meloetta|Focus Blast|p2a: Meowscarada\n|-supereffective|p2a: Meowscarada\n|-damage|p2a: Meowscarada|0 fnt\n|faint|p2a: Meowscarada\n|\n|-weather|none\n|upkeep\n|inactive|Time left: 300 sec this turn | 300 sec total | 5 sec grace\n|\n|t:|1783533653\n|switch|p2a: Reuniclus|Reuniclus, L88, F|337/337\n|turn|9\n|inactive|Time left: 300 sec this turn | 300 sec total\n|\n|t:|1783533654\n|move|p1a: Meloetta|Hyper Voice|p2a: Reuniclus\n|-damage|p2a: Reuniclus|230/337\n|move|p2a: Reuniclus|Psyshock|p1a: Meloetta\n|-resisted|p1a: Meloetta\n|-damage|p1a: Meloetta|0 fnt\n|faint|p1a: Meloetta\n|\n|upkeep\n|\n|t:|1783533655\n|switch|p1a: Brute Bonnet|Brute Bonnet, L80|100/100\n|turn|10\n|inactive|Time left: 300 sec this turn | 300 sec total\n|\n|t:|1783533656\n|move|p1a: Brute Bonnet|Spore|p2a: Reuniclus\n|-status|p2a: Reuniclus|slp|[from] move: Spore\n|cant|p2a: Reuniclus|slp\n|\n|upkeep\n|turn|11\n|inactive|Time left: 300 sec this turn | 300 sec total\n|\n|t:|1783533657\n|move|p1a: Brute Bonnet|Seed Bomb|p2a: Reuniclus\n|-damage|p2a: Reuniclus|181/337 slp\n|-curestatus|p2a: Reuniclus|slp|[msg]\n|move|p2a: Reuniclus|Calm Mind|p2a: Reuniclus\n|-boost|p2a: Reuniclus|spa|1\n|-boost|p2a: Reuniclus|spd|1\n|\n|-sideend|p2: p0y034dcbc|move: Aurora Veil\n|upkeep\n|turn|12\n|inactive|Time left: 300 sec this turn | 300 sec total\n|\n|t:|1783533658\n|-terastallize|p2a: Reuniclus|Steel\n|move|p1a: Brute Bonnet|Spore|p2a: Reuniclus\n|-status|p2a: Reuniclus|slp|[from] move: Spore\n|cant|p2a: Reuniclus|slp\n|\n|upkeep\n|turn|13\n|inactive|Time left: 300 sec this turn | 300 sec total\n|\n|t:|1783533659\n|move|p1a: Brute Bonnet|Crunch|p2a: Reuniclus\n|-damage|p2a: Reuniclus|79/337 slp\n|cant|p2a: Reuniclus|slp\n|\n|upkeep\n|turn|14\n|inactive|Time left: 300 sec this turn | 300 sec total\n|\n|t:|1783533660\n|move|p1a: Brute Bonnet|Crunch|p2a: Reuniclus\n|-damage|p2a: Reuniclus|0 fnt\n|faint|p2a: Reuniclus\n|\n|upkeep\n|inactive|Time left: 300 sec this turn | 300 sec total | 5 sec grace\n|\n|t:|1783533661\n|switch|p2a: Ninetales|Ninetales-Alola, L78, M|31/242\n|-weather|Snowscape|[from] ability: Snow Warning|[of] p2a: Ninetales\n|turn|15\n|inactive|Time left: 300 sec this turn | 300 sec total\n|\n|t:|1783533662\n|move|p2a: Ninetales|Aurora Veil|p2a: Ninetales\n|-sidestart|p2: p0y034dcbc|move: Aurora Veil\n|move|p1a: Brute Bonnet|Seed Bomb|p2a: Ninetales\n|-damage|p2a: Ninetales|0 fnt\n|faint|p2a: Ninetales\n|\n|-weather|Snowscape|[upkeep]\n|upkeep\n|inactive|Time left: 300 sec this turn | 300 sec total | 5 sec grace\n|\n|t:|1783533663\n|switch|p2a: Zapdos|Zapdos, L78|268/268\n|turn|16\n|inactive|Time left: 300 sec this turn | 300 sec total\n|\n|t:|1783533664\n|move|p2a: Zapdos|Hurricane|p1a: Brute Bonnet\n|-supereffective|p1a: Brute Bonnet\n|-damage|p1a: Brute Bonnet|25/100\n|move|p1a: Brute Bonnet|Spore|p2a: Zapdos\n|-status|p2a: Zapdos|slp|[from] move: Spore\n|\n|-weather|Snowscape|[upkeep]\n|-heal|p1a: Brute Bonnet|31/100|[from] item: Leftovers\n|upkeep\n|turn|17\n|inactive|Time left: 300 sec this turn | 300 sec total\n|\n|t:|1783533665\n|cant|p2a: Zapdos|slp\n|move|p1a: Brute Bonnet|Crunch|p2a: Zapdos\n|-damage|p2a: Zapdos|213/268 slp\n|\n|-weather|Snowscape|[upkeep]\n|-heal|p1a: Brute Bonnet|37/100|[from] item: Leftovers\n|upkeep\n|turn|18\n|inactive|Time left: 300 sec this turn | 300 sec total\n|\n|t:|1783533666\n|move|p1a: Brute Bonnet|Sucker Punch|p2a: Zapdos\n|-damage|p2a: Zapdos|171/268 slp\n|-status|p1a: Brute Bonnet|par|[from] ability: Static|[of] p2a: Zapdos\n|-curestatus|p2a: Zapdos|slp|[msg]\n|move|p2a: Zapdos|Hurricane|p1a: Brute Bonnet|[miss]\n|-miss|p2a: Zapdos|p1a: Brute Bonnet\n|\n|-weather|Snowscape|[upkeep]\n|-heal|p1a: Brute Bonnet|43/100 par|[from] item: Leftovers\n|upkeep\n|turn|19\n|inactive|Time left: 300 sec this turn | 300 sec total\n|\n|t:|1783533667\n|-end|p1a: Brute Bonnet|Protosynthesis|[silent]\n|switch|p1a: Gastrodon|Gastrodon, L86, M|100/100\n|move|p2a: Zapdos|Hurricane|p1a: Gastrodon|[miss]\n|-miss|p2a: Zapdos|p1a: Gastrodon\n|\n|-weather|none\n|upkeep\n|turn|20\n|inactive|Time left: 300 sec this turn | 300 sec total\n|\n|t:|1783533668\n|move|p2a: Zapdos|Hurricane|p1a: Gastrodon|[miss]\n|-miss|p2a: Zapdos|p1a: Gastrodon\n|move|p1a: Gastrodon|Surf|p2a: Zapdos\n|-damage|p2a: Zapdos|119/268\n|\n|upkeep\n|turn|21\n|inactive|Time left: 300 sec this turn | 300 sec total\n|\n|t:|1783533669\n|move|p2a: Zapdos|Roost|p2a: Zapdos\n|-heal|p2a: Zapdos|253/268\n|-singleturn|p2a: Zapdos|move: Roost\n|move|p1a: Gastrodon|Surf|p2a: Zapdos\n|-damage|p2a: Zapdos|200/268\n|\n|upkeep\n|turn|22\n|inactive|Time left: 300 sec this turn | 300 sec total\n|\n|t:|1783533670\n|move|p2a: Zapdos|Hurricane|p1a: Gastrodon\n|-damage|p1a: Gastrodon|65/100\n|-start|p1a: Gastrodon|confusion\n|-activate|p1a: Gastrodon|confusion\n|-damage|p1a: Gastrodon|56/100|[from] confusion\n|\n|-heal|p1a: Gastrodon|62/100|[from] item: Leftovers\n|-sideend|p2: p0y034dcbc|move: Aurora Veil\n|upkeep\n|turn|23\n|inactive|Time left: 300 sec this turn | 300 sec total\n|\n|t:|1783533672\n|move|p2a: Zapdos|Hurricane|p1a: Gastrodon\n|-damage|p1a: Gastrodon|24/100\n|-activate|p1a: Gastrodon|confusion\n|-damage|p1a: Gastrodon|13/100|[from] confusion\n|\n|-heal|p1a: Gastrodon|20/100|[from] item: Leftovers\n|upkeep\n|turn|24\n|inactive|Time left: 300 sec this turn | 300 sec total\n|\n|t:|1783533673\n|move|p2a: Zapdos|Hurricane|p1a: Gastrodon\n|-damage|p1a: Gastrodon|0 fnt\n|faint|p1a: Gastrodon\n|\n|upkeep\n|\n|t:|1783533674\n|switch|p1a: Brute Bonnet|Brute Bonnet, L80|43/100 par\n|turn|25\n|inactive|Time left: 300 sec this turn | 300 sec total\n|\n|t:|1783533675\n|-terastallize|p1a: Brute Bonnet|Poison\n|move|p2a: Zapdos|Hurricane|p1a: Brute Bonnet\n|-crit|p1a: Brute Bonnet\n|-damage|p1a: Brute Bonnet|0 fnt\n|faint|p1a: Brute Bonnet\n|-end|p1a: Brute Bonnet|Protosynthesis|[silent]\n|\n|upkeep\n|\n|t:|1783533676\n|switch|p1a: Heracross|Heracross, L80, F|1/100 brn\n|turn|26\n|inactive|Time left: 300 sec this turn | 300 sec total\n|\n|t:|1783533677\n|move|p2a: Zapdos|Thunderbolt|p1a: Heracross\n|-damage|p1a: Heracross|0 fnt\n|faint|p1a: Heracross\n|\n|upkeep\n|\n|t:|1783533678\n|switch|p1a: Gyarados|Gyarados, L79, F|100/100\n|turn|27\n|inactive|Time left: 300 sec this turn | 300 sec total\n|\n|t:|1783533679\n|move|p2a: Zapdos|Thunderbolt|p1a: Gyarados\n|-supereffective|p1a: Gyarados\n|-damage|p1a: Gyarados|0 fnt\n|faint|p1a: Gyarados\n|\n|win|p0y034dcbc", "uploadtime": 1783533679, "views": 0, "rating": 0, "private": 0, "password": null, "_winner": "p0y034dcbc", "_our_name": "p0y034dcbc"}