{"id": "battle-gen9randombattle-375", "formatid": "gen9randombattle", "format": "[Gen 9] Random Battle", "players": ["p0x3759dac", "p0y3759cb7"], "log": "|init|battle\n|title|p0x3759dac vs. p0y3759cb7\n|j|\u2606p0x3759dac\n|j|\u2606p0y3759cb7\n|t:|1783544009\n|gametype|singles\n|player|p1|p0x3759dac|102|\n|player|p2|p0y3759cb7|1|\n|gen|9\n|tier|[Gen 9] Random Battle\n|rule|Species Clause: Limit one of each Pok\u00e9mon\n|rule|HP Percentage Mod: HP is shown in percentages\n|rule|Sleep Clause Mod: Limit one foe put to sleep\n|rule|Illusion Level Mod: Illusion disguises the Pok\u00e9mon's true level\n|\n|t:|1783544009\n|teamsize|p1|6\n|teamsize|p2|6\n|start\n|switch|p1a: Staraptor|Staraptor, L79, F|263/263\n|switch|p2a: Mimikyu|Mimikyu, L79, M|100/100\n|turn|1\n|inactive|Battle timer is ON: inactive players will automatically lose when time's up. (requested by p0y3759cb7)\n|inactive|Time left: 300 sec this turn | 300 sec total | 60 sec grace\n|inactive|p0x3759dac also wants the timer to be on.\n|\n|t:|1783544011\n|move|p1a: Staraptor|Brave Bird|p2a: Mimikyu\n|-activate|p2a: Mimikyu|ability: Disguise\n|-damage|p2a: Mimikyu|100/100\n|detailschange|p2a: Mimikyu|Mimikyu-Busted, L79, M\n|-damage|p2a: Mimikyu|88/100|[from] pokemon: Mimikyu-Busted\n|move|p2a: Mimikyu|Play Rough|p1a: Staraptor\n|-damage|p1a: Staraptor|142/263\n|-damage|p2a: Mimikyu|78/100|[from] item: Life Orb\n|\n|upkeep\n|turn|2\n|inactive|Time left: 300 sec this turn | 300 sec total\n|\n|t:|1783544012\n|switch|p2a: Glalie|Glalie, L96, F|100/100\n|move|p1a: Staraptor|Brave Bird|p2a: Glalie\n|-damage|p2a: Glalie|27/100\n|-damage|p1a: Staraptor|67/263|[from] Recoil\n|\n|upkeep\n|turn|3\n|inactive|Time left: 300 sec this turn | 300 sec total\n|\n|t:|1783544013\n|move|p2a: Glalie|Freeze-Dry|p1a: Staraptor\n|-supereffective|p1a: Staraptor\n|-damage|p1a: Staraptor|0 fnt\n|faint|p1a: Staraptor\n|\n|upkeep\n|inactive|Time left: 300 sec this turn | 300 sec total | 5 sec grace\n|\n|t:|1783544014\n|switch|p1a: Dodrio|Dodrio, L85, F|241/241\n|turn|4\n|inactive|Time left: 300 sec this turn | 300 sec total\n|\n|t:|1783544016\n|move|p1a: Dodrio|Brave Bird|p2a: Glalie\n|-damage|p2a: Glalie|0 fnt\n|faint|p2a: Glalie\n|-damage|p1a: Dodrio|214/241|[from] Recoil\n|\n|upkeep\n|\n|t:|1783544017\n|switch|p2a: Typhlosion|Typhlosion, L84, F|100/100\n|turn|5\n|inactive|Time left: 300 sec this turn | 300 sec total\n|\n|t:|1783544018\n|move|p2a: Typhlosion|Eruption|p1a: Dodrio\n|-damage|p1a: Dodrio|0 fnt\n|faint|p1a: Dodrio\n|\n|upkeep\n|inactive|Time left: 300 sec this turn | 300 sec total | 5 sec grace\n|\n|t:|1783544019\n|switch|p1a: Iron Moth|Iron Moth, L78|253/253\n|turn|6\n|inactive|Time left: 300 sec this turn | 300 sec total\n|\n|t:|1783544020\n|move|p2a: Typhlosion|Eruption|p1a: Iron Moth\n|-resisted|p1a: Iron Moth\n|-damage|p1a: Iron Moth|172/253\n|move|p1a: Iron Moth|Sludge Wave|p2a: Typhlosion\n|-damage|p2a: Typhlosion|52/100\n|\n|upkeep\n|turn|7\n|inactive|Time left: 300 sec this turn | 300 sec total\n|\n|t:|1783544021\n|switch|p2a: Oranguru|Oranguru, L92, M|100/100\n|move|p1a: Iron Moth|Sludge Wave|p2a: Oranguru\n|-damage|p2a: Oranguru|71/100\n|\n|upkeep\n|turn|8\n|inactive|Time left: 300 sec this turn | 300 sec total\n|\n|t:|1783544022\n|move|p1a: Iron Moth|Sludge Wave|p2a: Oranguru\n|-damage|p2a: Oranguru|42/100\n|move|p2a: Oranguru|Psyshock|p1a: Iron Moth\n|-supereffective|p1a: Iron Moth\n|-crit|p1a: Iron Moth\n|-damage|p1a: Iron Moth|0 fnt\n|faint|p1a: Iron Moth\n|-end|p1a: Iron Moth|Quark Drive|[silent]\n|-damage|p2a: Oranguru|33/100|[from] item: Life Orb\n|\n|upkeep\n|inactive|Time left: 300 sec this turn | 300 sec total | 5 sec grace\n|\n|t:|1783544023\n|switch|p1a: Blaziken|Blaziken, L76, F|247/247\n|turn|9\n|inactive|Time left: 300 sec this turn | 300 sec total\n|\n|t:|1783544024\n|switch|p2a: Infernape|Infernape, L82, F|100/100\n|move|p1a: Blaziken|Knock Off|p2a: Infernape\n|-resisted|p2a: Infernape\n|-damage|p2a: Infernape|82/100\n|-enditem|p2a: Infernape|Life Orb|[from] move: Knock Off|[of] p1a: Blaziken\n|-damage|p1a: Blaziken|223/247|[from] item: Life Orb\n|\n|-ability|p1a: Blaziken|Speed Boost|boost\n|-boost|p1a: Blaziken|spe|1\n|upkeep\n|turn|10\n|inactive|Time left: 300 sec this turn | 300 sec total\n|\n|t:|1783544025\n|move|p1a: Blaziken|Swords Dance|p1a: Blaziken\n|-boost|p1a: Blaziken|atk|2\n|move|p2a: Infernape|Close Combat|p1a: Blaziken\n|-damage|p1a: Blaziken|48/247\n|-unboost|p2a: Infernape|def|1\n|-unboost|p2a: Infernape|spd|1\n|\n|-ability|p1a: Blaziken|Speed Boost|boost\n|-boost|p1a: Blaziken|spe|1\n|upkeep\n|turn|11\n|inactive|Time left: 300 sec this turn | 300 sec total\n|\n|t:|1783544026\n|switch|p2a: Mimikyu|Mimikyu-Busted, L79, M|78/100\n|move|p1a: Blaziken|Close Combat|p2a: Mimikyu\n|-immune|p2a: Mimikyu\n|\n|-ability|p1a: Blaziken|Speed Boost|boost\n|-boost|p1a: Blaziken|spe|1\n|upkeep\n|turn|12\n|inactive|Time left: 300 sec this turn | 300 sec total\n|\n|t:|1783544027\n|move|p2a: Mimikyu|Shadow Sneak|p1a: Blaziken\n|-damage|p1a: Blaziken|0 fnt\n|faint|p1a: Blaziken\n|-damage|p2a: Mimikyu|69/100|[from] item: Life Orb\n|\n|upkeep\n|inactive|Time left: 300 sec this turn | 300 sec total | 5 sec grace\n|\n|t:|1783544028\n|switch|p1a: Banette|Banette, L93, M|270/270\n|turn|13\n|inactive|Time left: 300 sec this turn | 300 sec total\n|\n|t:|1783544029\n|move|p2a: Mimikyu|Shadow Sneak|p1a: Banette\n|-supereffective|p1a: Banette\n|-damage|p1a: Banette|161/270\n|-damage|p2a: Mimikyu|59/100|[from] item: Life Orb\n|move|p1a: Banette|Poltergeist|p2a: Mimikyu\n|-activate|p2a: Mimikyu|move: Poltergeist|Life Orb\n|-supereffective|p2a: Mimikyu\n|-damage|p2a: Mimikyu|0 fnt\n|faint|p2a: Mimikyu\n|-damage|p1a: Banette|134/270|[from] item: Life Orb\n|\n|upkeep\n|\n|t:|1783544030\n|switch|p2a: Typhlosion|Typhlosion, L84, F|52/100\n|turn|14\n|inactive|Time left: 300 sec this turn | 300 sec total\n|\n|t:|1783544030\n|move|p1a: Banette|Shadow Sneak|p2a: Typhlosion\n|-damage|p2a: Typhlosion|21/100\n|-damage|p1a: Banette|107/270|[from] item: Life Orb\n|move|p2a: Typhlosion|Fire Blast|p1a: Banette\n|-damage|p1a: Banette|0 fnt\n|faint|p1a: Banette\n|\n|upkeep\n|inactive|Time left: 300 sec this turn | 300 sec total | 5 sec grace\n|\n|t:|1783544031\n|switch|p1a: Tinkaton|Tinkaton, L82, F|274/274\n|-ability|p1a: Tinkaton|Mold Breaker\n|turn|15\n|inactive|Time left: 300 sec this turn | 300 sec total\n|\n|t:|1783544032\n|-terastallize|p1a: Tinkaton|Water\n|move|p2a: Typhlosion|Fire Blast|p1a: Tinkaton\n|-resisted|p1a: Tinkaton\n|-damage|p1a: Tinkaton|182/274\n|move|p1a: Tinkaton|Stealth Rock|p2a: Typhlosion\n|-sidestart|p2: p0y3759cb7|move: Stealth Rock\n|\n|-heal|p1a: Tinkaton|199/274|[from] item: Leftovers\n|upkeep\n|turn|16\n|inactive|Time left: 300 sec this turn | 300 sec total\n|\n|t:|1783544033\n|-terastallize|p2a: Typhlosion|Fire\n|move|p2a: Typhlosion|Fire Blast|p1a: Tinkaton|[miss]\n|-miss|p2a: Typhlosion|p1a: Tinkaton\n|move|p1a: Tinkaton|Play Rough|p2a: Typhlosion\n|-resisted|p2a: Typhlosion\n|-damage|p2a: Typhlosion|6/100\n|\n|-heal|p1a: Tinkaton|216/274|[from] item: Leftovers\n|upkeep\n|turn|17\n|inactive|Time left: 300 sec this turn | 300 sec total\n|\n|t:|1783544034\n|move|p2a: Typhlosion|Fire Blast|p1a: Tinkaton\n|-resisted|p1a: Tinkaton\n|-damage|p1a: Tinkaton|102/274\n|move|p1a: Tinkaton|Encore|p2a: Typhlosion\n|-start|p2a: Typhlosion|Encore\n|\n|-heal|p1a: Tinkaton|119/274|[from] item: Leftovers\n|upkeep\n|turn|18\n|inactive|Time left: 300 sec this turn | 300 sec total\n|\n|t:|1783544035\n|move|p2a: Typhlosion|Fire Blast|p1a: Tinkaton\n|-resisted|p1a: Tinkaton\n|-damage|p1a: Tinkaton|1/274\n|move|p1a: Tinkaton|Stealth Rock||[still]\n|-fail|p1a: Tinkaton\n|\n|-heal|p1a: Tinkaton|18/274|[from] item: Leftovers\n|upkeep\n|turn|19\n|inactive|Time left: 300 sec this turn | 300 sec total\n|\n|t:|1783544036\n|move|p2a: Typhlosion|Fire Blast|p1a: Tinkaton|[miss]\n|-miss|p2a: Typhlosion|p1a: Tinkaton\n|move|p1a: Tinkaton|Play Rough|p2a: Typhlosion\n|-resisted|p2a: Typhlosion\n|-damage|p2a: Typhlosion|0 fnt\n|faint|p2a: Typhlosion\n|\n|-heal|p1a: Tinkaton|35/274|[from] item: Leftovers\n|upkeep\n|\n|t:|1783544036\n|switch|p2a: Infernape|Infernape, L82, F|82/100\n|-damage|p2a: Infernape|69/100|[from] Stealth Rock\n|turn|20\n|inactive|Time left: 300 sec this turn | 300 sec total\n|\n|t:|1783544037\n|move|p2a: Infernape|Flare Blitz|p1a: Tinkaton\n|-resisted|p1a: Tinkaton\n|-damage|p1a: Tinkaton|0 fnt\n|faint|p1a: Tinkaton\n|-damage|p2a: Infernape|65/100|[from] Recoil\n|\n|win|p0y3759cb7", "uploadtime": 1783544037, "views": 0, "rating": 0, "private": 0, "password": null, "_winner": "p0y3759cb7", "_our_name": "p0x3759dac"}