{"id": "battle-gen9randombattle-2540", "formatid": "gen9randombattle", "format": "[Gen 9] Random Battle", "players": ["p0x2540ea98", "p0y2540c227"], "log": "|init|battle\n|title|p0x2540ea98 vs. p0y2540c227\n|j|\u2606p0x2540ea98\n|j|\u2606p0y2540c227\n|t:|1783568431\n|gametype|singles\n|player|p1|p0x2540ea98|101|\n|player|p2|p0y2540c227|1|\n|gen|9\n|tier|[Gen 9] Random Battle\n|rule|Species Clause: Limit one of each Pok\u00e9mon\n|rule|HP Percentage Mod: HP is shown in percentages\n|rule|Sleep Clause Mod: Limit one foe put to sleep\n|rule|Illusion Level Mod: Illusion disguises the Pok\u00e9mon's true level\n|\n|t:|1783568431\n|teamsize|p1|6\n|teamsize|p2|6\n|start\n|switch|p1a: Lilligant|Lilligant-Hisui, L79, F|100/100\n|switch|p2a: Sandslash|Sandslash, L89, M|278/278\n|turn|1\n|inactive|Battle timer is ON: inactive players will automatically lose when time's up. (requested by p0x2540ea98)\n|inactive|Time left: 300 sec this turn | 300 sec total | 60 sec grace\n|inactive|p0y2540c227 also wants the timer to be on.\n|\n|t:|1783568433\n|move|p1a: Lilligant|Victory Dance|p1a: Lilligant\n|-boost|p1a: Lilligant|atk|1\n|-boost|p1a: Lilligant|def|1\n|-boost|p1a: Lilligant|spe|1\n|move|p2a: Sandslash|Knock Off|p1a: Lilligant\n|-resisted|p1a: Lilligant\n|-damage|p1a: Lilligant|88/100\n|-enditem|p1a: Lilligant|Wide Lens|[from] move: Knock Off|[of] p2a: Sandslash\n|\n|upkeep\n|turn|2\n|inactive|Time left: 300 sec this turn | 300 sec total\n|\n|t:|1783568434\n|switch|p2a: Dusknoir|Dusknoir, L89, F|225/225\n|move|p1a: Lilligant|Victory Dance|p1a: Lilligant\n|-boost|p1a: Lilligant|atk|1\n|-boost|p1a: Lilligant|def|1\n|-boost|p1a: Lilligant|spe|1\n|\n|upkeep\n|turn|3\n|inactive|Time left: 300 sec this turn | 300 sec total\n|\n|t:|1783568435\n|move|p1a: Lilligant|Leaf Blade|p2a: Dusknoir\n|-damage|p2a: Dusknoir|57/225\n|move|p2a: Dusknoir|Will-O-Wisp|p1a: Lilligant|[miss]\n|-miss|p2a: Dusknoir|p1a: Lilligant\n|\n|-heal|p2a: Dusknoir|71/225|[from] item: Leftovers\n|upkeep\n|turn|4\n|inactive|Time left: 300 sec this turn | 300 sec total\n|\n|t:|1783568436\n|move|p1a: Lilligant|Leaf Blade|p2a: Dusknoir\n|-damage|p2a: Dusknoir|0 fnt\n|faint|p2a: Dusknoir\n|\n|upkeep\n|inactive|Time left: 300 sec this turn | 300 sec total | 5 sec grace\n|\n|t:|1783568437\n|switch|p2a: Suicune|Suicune, L82|298/298\n|-ability|p2a: Suicune|Pressure\n|turn|5\n|inactive|Time left: 300 sec this turn | 300 sec total\n|\n|t:|1783568438\n|move|p2a: Suicune|Protect|p2a: Suicune\n|-singleturn|p2a: Suicune|Protect\n|move|p1a: Lilligant|Close Combat|p2a: Suicune\n|-activate|p2a: Suicune|move: Protect\n|\n|upkeep\n|turn|6\n|inactive|Time left: 300 sec this turn | 300 sec total\n|\n|t:|1783568439\n|switch|p2a: Basculegion|Basculegion-F, L83, F|335/335\n|move|p1a: Lilligant|Close Combat|p2a: Basculegion\n|-immune|p2a: Basculegion\n|\n|upkeep\n|turn|7\n|inactive|Time left: 300 sec this turn | 300 sec total\n|\n|t:|1783568439\n|switch|p2a: Corviknight|Corviknight, L80, M|288/288\n|-ability|p2a: Corviknight|Pressure\n|move|p1a: Lilligant|Leaf Blade|p2a: Corviknight|[miss]\n|-miss|p1a: Lilligant|p2a: Corviknight\n|\n|upkeep\n|turn|8\n|inactive|Time left: 300 sec this turn | 300 sec total\n|\n|t:|1783568440\n|move|p1a: Lilligant|Close Combat|p2a: Corviknight\n|-damage|p2a: Corviknight|0 fnt\n|-unboost|p1a: Lilligant|def|1\n|-unboost|p1a: Lilligant|spd|1\n|faint|p2a: Corviknight\n|\n|upkeep\n|inactive|Time left: 300 sec this turn | 300 sec total | 5 sec grace\n|\n|t:|1783568442\n|switch|p2a: Suicune|Suicune, L82|298/298\n|-ability|p2a: Suicune|Pressure\n|turn|9\n|inactive|Time left: 300 sec this turn | 300 sec total\n|\n|t:|1783568443\n|move|p2a: Suicune|Protect|p2a: Suicune\n|-singleturn|p2a: Suicune|Protect\n|move|p1a: Lilligant|Leaf Blade|p2a: Suicune\n|-activate|p2a: Suicune|move: Protect\n|\n|upkeep\n|turn|10\n|inactive|Time left: 300 sec this turn | 300 sec total\n|\n|t:|1783568444\n|move|p1a: Lilligant|Leaf Blade|p2a: Suicune|[miss]\n|-miss|p1a: Lilligant|p2a: Suicune\n|move|p2a: Suicune|Scald|p1a: Lilligant\n|-resisted|p1a: Lilligant\n|-damage|p1a: Lilligant|59/100\n|-status|p1a: Lilligant|brn\n|\n|-damage|p1a: Lilligant|53/100 brn|[from] brn\n|upkeep\n|turn|11\n|inactive|Time left: 300 sec this turn | 300 sec total\n|\n|t:|1783568445\n|switch|p2a: Serperior|Serperior, L79, M|248/248\n|move|p1a: Lilligant|Leaf Blade|p2a: Serperior\n|-resisted|p2a: Serperior\n|-crit|p2a: Serperior\n|-damage|p2a: Serperior|143/248\n|\n|-damage|p1a: Lilligant|47/100 brn|[from] brn\n|upkeep\n|turn|12\n|inactive|Time left: 300 sec this turn | 300 sec total\n|\n|t:|1783568446\n|move|p1a: Lilligant|Close Combat|p2a: Serperior\n|-damage|p2a: Serperior|0 fnt\n|-unboost|p1a: Lilligant|def|1\n|-unboost|p1a: Lilligant|spd|1\n|faint|p2a: Serperior\n|\n|-damage|p1a: Lilligant|40/100 brn|[from] brn\n|upkeep\n|inactive|Time left: 300 sec this turn | 300 sec total | 5 sec grace\n|\n|t:|1783568447\n|switch|p2a: Sandslash|Sandslash, L89, M|278/278\n|turn|13\n|inactive|Time left: 300 sec this turn | 300 sec total\n|\n|t:|1783568448\n|move|p1a: Lilligant|Sleep Powder|p2a: Sandslash\n|-status|p2a: Sandslash|slp|[from] move: Sleep Powder\n|cant|p2a: Sandslash|slp\n|\n|-damage|p1a: Lilligant|34/100 brn|[from] brn\n|upkeep\n|turn|14\n|inactive|Time left: 300 sec this turn | 300 sec total\n|\n|t:|1783568448\n|move|p1a: Lilligant|Leaf Blade|p2a: Sandslash\n|-supereffective|p2a: Sandslash\n|-damage|p2a: Sandslash|64/278 slp\n|cant|p2a: Sandslash|slp\n|\n|-heal|p2a: Sandslash|81/278 slp|[from] item: Leftovers\n|-damage|p1a: Lilligant|28/100 brn|[from] brn\n|upkeep\n|turn|15\n|inactive|Time left: 300 sec this turn | 300 sec total\n|\n|t:|1783568449\n|move|p1a: Lilligant|Close Combat|p2a: Sandslash\n|-crit|p2a: Sandslash\n|-damage|p2a: Sandslash|0 fnt\n|-unboost|p1a: Lilligant|def|1\n|-unboost|p1a: Lilligant|spd|1\n|faint|p2a: Sandslash\n|\n|-damage|p1a: Lilligant|22/100 brn|[from] brn\n|upkeep\n|inactive|Time left: 300 sec this turn | 300 sec total | 5 sec grace\n|\n|t:|1783568450\n|switch|p2a: Suicune|Suicune, L82|298/298\n|-ability|p2a: Suicune|Pressure\n|turn|16\n|inactive|Time left: 300 sec this turn | 300 sec total\n|\n|t:|1783568451\n|move|p1a: Lilligant|Sleep Powder|p2a: Suicune\n|-status|p2a: Suicune|slp|[from] move: Sleep Powder\n|cant|p2a: Suicune|slp\n|\n|-damage|p1a: Lilligant|15/100 brn|[from] brn\n|upkeep\n|turn|17\n|inactive|Time left: 300 sec this turn | 300 sec total\n|\n|t:|1783568452\n|move|p1a: Lilligant|Leaf Blade|p2a: Suicune\n|-supereffective|p2a: Suicune\n|-damage|p2a: Suicune|75/298 slp\n|cant|p2a: Suicune|slp\n|\n|-heal|p2a: Suicune|93/298 slp|[from] item: Leftovers\n|-damage|p1a: Lilligant|9/100 brn|[from] brn\n|upkeep\n|turn|18\n|inactive|Time left: 300 sec this turn | 300 sec total\n|\n|t:|1783568453\n|-curestatus|p2a: Suicune|slp|[msg]\n|move|p2a: Suicune|Protect|p2a: Suicune\n|-singleturn|p2a: Suicune|Protect\n|move|p1a: Lilligant|Close Combat|p2a: Suicune\n|-activate|p2a: Suicune|move: Protect\n|\n|-heal|p2a: Suicune|111/298|[from] item: Leftovers\n|-damage|p1a: Lilligant|3/100 brn|[from] brn\n|upkeep\n|turn|19\n|inactive|Time left: 300 sec this turn | 300 sec total\n|\n|t:|1783568454\n|move|p1a: Lilligant|Leaf Blade|p2a: Suicune\n|-supereffective|p2a: Suicune\n|-crit|p2a: Suicune\n|-damage|p2a: Suicune|0 fnt\n|faint|p2a: Suicune\n|\n|-damage|p1a: Lilligant|0 fnt|[from] brn\n|faint|p1a: Lilligant\n|upkeep\n|inactive|Time left: 300 sec this turn | 300 sec total | 5 sec grace\n|\n|t:|1783568455\n|switch|p1a: Grafaiai|Grafaiai, L86, F|100/100\n|switch|p2a: Basculegion|Basculegion-F, L83, F|335/335\n|turn|20\n|inactive|Time left: 300 sec this turn | 300 sec total\n|\n|t:|1783568456\n|-terastallize|p1a: Grafaiai|Dark\n|-terastallize|p2a: Basculegion|Water\n|move|p1a: Grafaiai|Knock Off|p2a: Basculegion\n|-damage|p2a: Basculegion|209/335\n|-enditem|p2a: Basculegion|Assault Vest|[from] move: Knock Off|[of] p1a: Grafaiai\n|move|p2a: Basculegion|Hydro Pump|p1a: Grafaiai\n|-damage|p1a: Grafaiai|20/100\n|\n|upkeep\n|turn|21\n|inactive|Time left: 300 sec this turn | 300 sec total\n|\n|t:|1783568457\n|move|p1a: Grafaiai|Gunk Shot|p2a: Basculegion\n|-damage|p2a: Basculegion|46/335\n|move|p2a: Basculegion|Shadow Ball|p1a: Grafaiai\n|-resisted|p1a: Grafaiai\n|-damage|p1a: Grafaiai|1/100\n|\n|upkeep\n|turn|22\n|inactive|Time left: 300 sec this turn | 300 sec total\n|\n|t:|1783568458\n|move|p1a: Grafaiai|Knock Off|p2a: Basculegion\n|-damage|p2a: Basculegion|0 fnt\n|faint|p2a: Basculegion\n|\n|win|p0x2540ea98", "uploadtime": 1783568458, "views": 0, "rating": 0, "private": 0, "password": null, "_winner": "p0x2540ea98", "_our_name": "p0y2540c227"}