{"id": "battle-gen9randombattle-2042", "formatid": "gen9randombattle", "format": "[Gen 9] Random Battle", "players": ["p0x2042107f", "p0y2042fbfb"], "log": "|init|battle\n|title|p0x2042107f vs. p0y2042fbfb\n|j|\u2606p0x2042107f\n|j|\u2606p0y2042fbfb\n|t:|1783563650\n|gametype|singles\n|player|p1|p0x2042107f|101|\n|player|p2|p0y2042fbfb|266|\n|gen|9\n|tier|[Gen 9] Random Battle\n|rule|Species Clause: Limit one of each Pok\u00e9mon\n|rule|HP Percentage Mod: HP is shown in percentages\n|rule|Sleep Clause Mod: Limit one foe put to sleep\n|rule|Illusion Level Mod: Illusion disguises the Pok\u00e9mon's true level\n|\n|t:|1783563650\n|teamsize|p1|6\n|teamsize|p2|6\n|start\n|switch|p1a: Ursaring|Ursaring, L84, M|288/288\n|switch|p2a: Houndoom|Houndoom, L87, F|100/100\n|turn|1\n|inactive|Battle timer is ON: inactive players will automatically lose when time's up. (requested by p0x2042107f)\n|inactive|p0y2042fbfb also wants the timer to be on.\n|\n|t:|1783563652\n|move|p2a: Houndoom|Fire Blast|p1a: Ursaring\n|-damage|p1a: Ursaring|189/288\n|move|p1a: Ursaring|Earthquake|p2a: Houndoom\n|-supereffective|p2a: Houndoom\n|-damage|p2a: Houndoom|1/100\n|\n|upkeep\n|turn|2\n|inactive|Time left: 300 sec this turn | 300 sec total\n|\n|t:|1783563653\n|move|p2a: Houndoom|Dark Pulse|p1a: Ursaring\n|-damage|p1a: Ursaring|113/288\n|cant|p1a: Ursaring|flinch\n|\n|upkeep\n|turn|3\n|inactive|Time left: 300 sec this turn | 300 sec total\n|\n|t:|1783563654\n|move|p2a: Houndoom|Fire Blast|p1a: Ursaring\n|-damage|p1a: Ursaring|19/288\n|move|p1a: Ursaring|Body Slam|p2a: Houndoom\n|-damage|p2a: Houndoom|0 fnt\n|faint|p2a: Houndoom\n|\n|upkeep\n|\n|t:|1783563654\n|switch|p2a: Toxtricity|Toxtricity, L82, M|100/100\n|turn|4\n|inactive|Time left: 300 sec this turn | 300 sec total\n|\n|t:|1783563655\n|move|p2a: Toxtricity|Boomburst|p1a: Ursaring\n|-damage|p1a: Ursaring|0 fnt\n|faint|p1a: Ursaring\n|\n|upkeep\n|inactive|Time left: 300 sec this turn | 300 sec total | 5 sec grace\n|\n|t:|1783563656\n|switch|p1a: Roaring Moon|Roaring Moon, L72|270/270\n|-enditem|p1a: Roaring Moon|Booster Energy\n|-activate|p1a: Roaring Moon|ability: Protosynthesis|[fromitem]\n|-start|p1a: Roaring Moon|protosynthesisatk\n|turn|5\n|inactive|Time left: 300 sec this turn | 300 sec total\n|\n|t:|1783563657\n|move|p1a: Roaring Moon|Dragon Dance|p1a: Roaring Moon\n|-boost|p1a: Roaring Moon|atk|1\n|-boost|p1a: Roaring Moon|spe|1\n|move|p2a: Toxtricity|Boomburst|p1a: Roaring Moon\n|-damage|p1a: Roaring Moon|62/270\n|\n|upkeep\n|turn|6\n|inactive|Time left: 300 sec this turn | 300 sec total\n|\n|t:|1783563658\n|switch|p2a: Piloswine|Piloswine, L85, F|100/100\n|move|p1a: Roaring Moon|Outrage|p2a: Piloswine\n|-damage|p2a: Piloswine|42/100\n|\n|upkeep\n|turn|7\n|inactive|Time left: 300 sec this turn | 300 sec total\n|\n|t:|1783563659\n|move|p2a: Piloswine|Ice Shard|p1a: Roaring Moon\n|-supereffective|p1a: Roaring Moon\n|-damage|p1a: Roaring Moon|0 fnt\n|faint|p1a: Roaring Moon\n|-end|p1a: Roaring Moon|Protosynthesis|[silent]\n|\n|upkeep\n|inactive|Time left: 300 sec this turn | 300 sec total | 5 sec grace\n|\n|t:|1783563660\n|switch|p1a: Iron Valiant|Iron Valiant, L78|244/244\n|turn|8\n|inactive|Time left: 300 sec this turn | 300 sec total\n|\n|t:|1783563661\n|switch|p2a: Hatterene|Hatterene, L85, F|100/100\n|move|p1a: Iron Valiant|Swords Dance|p1a: Iron Valiant\n|-boost|p1a: Iron Valiant|atk|2\n|\n|upkeep\n|turn|9\n|inactive|Time left: 300 sec this turn | 300 sec total\n|\n|t:|1783563662\n|move|p1a: Iron Valiant|Spirit Break|p2a: Hatterene\n|-damage|p2a: Hatterene|5/100\n|-unboost|p2a: Hatterene|spa|1\n|-damage|p1a: Iron Valiant|220/244|[from] item: Life Orb\n|move|p2a: Hatterene|Psychic Noise|p1a: Iron Valiant\n|-supereffective|p1a: Iron Valiant\n|-damage|p1a: Iron Valiant|8/244\n|-start|p1a: Iron Valiant|move: Heal Block\n|\n|upkeep\n|turn|10\n|inactive|Time left: 300 sec this turn | 300 sec total\n|\n|t:|1783563664\n|move|p1a: Iron Valiant|Knock Off|p2a: Hatterene\n|-damage|p2a: Hatterene|0 fnt\n|-enditem|p2a: Hatterene|Assault Vest|[from] move: Knock Off|[of] p1a: Iron Valiant\n|faint|p2a: Hatterene\n|-damage|p1a: Iron Valiant|0 fnt|[from] item: Life Orb\n|faint|p1a: Iron Valiant\n|-end|p1a: Iron Valiant|Quark Drive|[silent]\n|\n|upkeep\n|inactive|Time left: 300 sec this turn | 300 sec total | 5 sec grace\n|\n|t:|1783563665\n|switch|p1a: Venomoth|Venomoth, L84, F|255/255\n|switch|p2a: Toxtricity|Toxtricity, L82, M|100/100\n|turn|11\n|inactive|Time left: 300 sec this turn | 300 sec total\n|\n|t:|1783563666\n|move|p1a: Venomoth|Sleep Powder|p2a: Toxtricity\n|-status|p2a: Toxtricity|slp|[from] move: Sleep Powder\n|cant|p2a: Toxtricity|slp\n|\n|upkeep\n|turn|12\n|inactive|Time left: 300 sec this turn | 300 sec total\n|\n|t:|1783563667\n|move|p1a: Venomoth|Quiver Dance|p1a: Venomoth\n|-boost|p1a: Venomoth|spa|1\n|-boost|p1a: Venomoth|spd|1\n|-boost|p1a: Venomoth|spe|1\n|cant|p2a: Toxtricity|slp\n|\n|upkeep\n|turn|13\n|inactive|Time left: 300 sec this turn | 300 sec total\n|\n|t:|1783563668\n|move|p1a: Venomoth|Quiver Dance|p1a: Venomoth\n|-boost|p1a: Venomoth|spa|1\n|-boost|p1a: Venomoth|spd|1\n|-boost|p1a: Venomoth|spe|1\n|-curestatus|p2a: Toxtricity|slp|[msg]\n|move|p2a: Toxtricity|Boomburst|p1a: Venomoth\n|-damage|p1a: Venomoth|136/255\n|\n|upkeep\n|turn|14\n|inactive|Time left: 300 sec this turn | 300 sec total\n|\n|t:|1783563669\n|-terastallize|p2a: Toxtricity|Normal\n|move|p1a: Venomoth|Sludge Wave|p2a: Toxtricity\n|-damage|p2a: Toxtricity|4/100\n|move|p2a: Toxtricity|Boomburst|p1a: Venomoth\n|-damage|p1a: Venomoth|0 fnt\n|faint|p1a: Venomoth\n|\n|upkeep\n|inactive|Time left: 300 sec this turn | 300 sec total | 5 sec grace\n|\n|t:|1783563670\n|switch|p1a: Galvantula|Galvantula, L82, F|249/249\n|turn|15\n|inactive|Time left: 300 sec this turn | 300 sec total\n|\n|t:|1783563671\n|move|p1a: Galvantula|Bug Buzz|p2a: Toxtricity\n|-damage|p2a: Toxtricity|0 fnt\n|faint|p2a: Toxtricity\n|\n|upkeep\n|\n|t:|1783563672\n|switch|p2a: Piloswine|Piloswine, L85, F|42/100\n|turn|16\n|inactive|Time left: 300 sec this turn | 300 sec total\n|\n|t:|1783563673\n|move|p1a: Galvantula|Energy Ball|p2a: Piloswine\n|-supereffective|p2a: Piloswine\n|-damage|p2a: Piloswine|7/100\n|move|p2a: Piloswine|Earthquake|p1a: Galvantula\n|-damage|p1a: Galvantula|89/249\n|\n|upkeep\n|turn|17\n|inactive|Time left: 300 sec this turn | 300 sec total\n|\n|t:|1783563674\n|move|p1a: Galvantula|Energy Ball|p2a: Piloswine\n|-supereffective|p2a: Piloswine\n|-damage|p2a: Piloswine|0 fnt\n|faint|p2a: Piloswine\n|\n|upkeep\n|\n|t:|1783563675\n|switch|p2a: Scream Tail|Scream Tail, L84|100/100\n|turn|18\n|inactive|Time left: 300 sec this turn | 300 sec total\n|\n|t:|1783563676\n|move|p2a: Scream Tail|Play Rough|p1a: Galvantula\n|-damage|p1a: Galvantula|0 fnt\n|faint|p1a: Galvantula\n|\n|upkeep\n|inactive|Time left: 300 sec this turn | 300 sec total | 5 sec grace\n|\n|t:|1783563677\n|switch|p1a: Exeggutor|Exeggutor-Alola, L89, M|314/314\n|turn|19\n|inactive|Time left: 300 sec this turn | 300 sec total\n|\n|t:|1783563678\n|move|p2a: Scream Tail|Play Rough|p1a: Exeggutor\n|-supereffective|p1a: Exeggutor\n|-damage|p1a: Exeggutor|186/314\n|move|p1a: Exeggutor|Wood Hammer|p2a: Scream Tail\n|-damage|p2a: Scream Tail|58/100\n|-damage|p1a: Exeggutor|140/314|[from] Recoil\n|-enditem|p1a: Exeggutor|Sitrus Berry|[eat]\n|-heal|p1a: Exeggutor|218/314|[from] item: Sitrus Berry\n|\n|-heal|p2a: Scream Tail|64/100|[from] item: Leftovers\n|-item|p1a: Exeggutor|Sitrus Berry|[from] ability: Harvest\n|upkeep\n|turn|20\n|inactive|Time left: 300 sec this turn | 300 sec total\n|\n|t:|1783563680\n|move|p2a: Scream Tail|Wish|p2a: Scream Tail\n|move|p1a: Exeggutor|Wood Hammer|p2a: Scream Tail\n|-damage|p2a: Scream Tail|25/100\n|-damage|p1a: Exeggutor|175/314|[from] Recoil\n|\n|-heal|p2a: Scream Tail|31/100|[from] item: Leftovers\n|upkeep\n|turn|21\n|inactive|Time left: 300 sec this turn | 300 sec total\n|\n|t:|1783563681\n|-terastallize|p1a: Exeggutor|Fire\n|move|p2a: Scream Tail|Encore|p1a: Exeggutor\n|-start|p1a: Exeggutor|Encore\n|move|p1a: Exeggutor|Wood Hammer|p2a: Scream Tail\n|-damage|p2a: Scream Tail|0 fnt\n|faint|p2a: Scream Tail\n|-end|p2a: Scream Tail|Protosynthesis|[silent]\n|-damage|p1a: Exeggutor|141/314|[from] Recoil\n|-enditem|p1a: Exeggutor|Sitrus Berry|[eat]\n|-heal|p1a: Exeggutor|219/314|[from] item: Sitrus Berry\n|\n|upkeep\n|\n|t:|1783563682\n|switch|p2a: Iron Jugulis|Iron Jugulis, L77|100/100\n|turn|22\n|inactive|Time left: 300 sec this turn | 300 sec total\n|\n|t:|1783563683\n|move|p2a: Iron Jugulis|Earth Power|p1a: Exeggutor\n|-supereffective|p1a: Exeggutor\n|-damage|p1a: Exeggutor|0 fnt\n|faint|p1a: Exeggutor\n|\n|win|p0y2042fbfb", "uploadtime": 1783563683, "views": 0, "rating": 0, "private": 0, "password": null, "_winner": "p0y2042fbfb", "_our_name": "p0x2042107f"}