{"id": "battle-gen9randombattle-1575", "formatid": "gen9randombattle", "format": "[Gen 9] Random Battle", "players": ["p0x15757029", "p0y1575293a"], "log": "|init|battle\n|title|p0x15757029 vs. p0y1575293a\n|j|\u2606p0x15757029\n|j|\u2606p0y1575293a\n|t:|1783557432\n|gametype|singles\n|player|p1|p0x15757029|102|\n|player|p2|p0y1575293a|170|\n|gen|9\n|tier|[Gen 9] Random Battle\n|rule|Species Clause: Limit one of each Pok\u00e9mon\n|rule|HP Percentage Mod: HP is shown in percentages\n|rule|Sleep Clause Mod: Limit one foe put to sleep\n|rule|Illusion Level Mod: Illusion disguises the Pok\u00e9mon's true level\n|\n|t:|1783557432\n|teamsize|p1|6\n|teamsize|p2|6\n|start\n|switch|p1a: Clawitzer|Clawitzer, L87, M|265/265\n|switch|p2a: Cetitan|Cetitan, L82, F|100/100\n|turn|1\n|inactive|Battle timer is ON: inactive players will automatically lose when time's up. (requested by p0y1575293a)\n|inactive|Time left: 300 sec this turn | 300 sec total | 60 sec grace\n|inactive|p0x15757029 also wants the timer to be on.\n|\n|t:|1783557434\n|move|p2a: Cetitan|Earthquake|p1a: Clawitzer\n|-damage|p1a: Clawitzer|196/265\n|move|p1a: Clawitzer|Dark Pulse|p2a: Cetitan\n|-damage|p2a: Cetitan|61/100\n|\n|upkeep\n|turn|2\n|inactive|Time left: 300 sec this turn | 300 sec total\n|\n|t:|1783557435\n|move|p2a: Cetitan|Ice Spinner|p1a: Clawitzer\n|-resisted|p1a: Clawitzer\n|-damage|p1a: Clawitzer|151/265\n|move|p1a: Clawitzer|Water Pulse|p2a: Cetitan\n|-damage|p2a: Cetitan|20/100\n|-enditem|p2a: Cetitan|Sitrus Berry|[eat]\n|-heal|p2a: Cetitan|45/100|[from] item: Sitrus Berry\n|\n|upkeep\n|turn|3\n|inactive|Time left: 300 sec this turn | 300 sec total\n|\n|t:|1783557436\n|move|p2a: Cetitan|Earthquake|p1a: Clawitzer\n|-damage|p1a: Clawitzer|79/265\n|move|p1a: Clawitzer|Water Pulse|p2a: Cetitan\n|-damage|p2a: Cetitan|5/100\n|\n|upkeep\n|turn|4\n|inactive|Time left: 300 sec this turn | 300 sec total\n|\n|t:|1783557437\n|move|p2a: Cetitan|Earthquake|p1a: Clawitzer\n|-damage|p1a: Clawitzer|7/265\n|move|p1a: Clawitzer|Water Pulse|p2a: Cetitan\n|-damage|p2a: Cetitan|0 fnt\n|faint|p2a: Cetitan\n|\n|upkeep\n|\n|t:|1783557438\n|switch|p2a: Iron Thorns|Iron Thorns, L83|100/100\n|-enditem|p2a: Iron Thorns|Booster Energy\n|-activate|p2a: Iron Thorns|ability: Quark Drive|[fromitem]\n|-start|p2a: Iron Thorns|quarkdriveatk\n|turn|5\n|inactive|Time left: 300 sec this turn | 300 sec total\n|\n|t:|1783557440\n|move|p2a: Iron Thorns|Stone Edge|p1a: Clawitzer\n|-damage|p1a: Clawitzer|0 fnt\n|faint|p1a: Clawitzer\n|\n|upkeep\n|inactive|Time left: 300 sec this turn | 300 sec total | 5 sec grace\n|\n|t:|1783557441\n|switch|p1a: Barraskewda|Barraskewda, L81, M|231/231\n|turn|6\n|inactive|Time left: 300 sec this turn | 300 sec total\n|\n|t:|1783557442\n|-terastallize|p1a: Barraskewda|Water\n|move|p1a: Barraskewda|Waterfall|p2a: Iron Thorns\n|-supereffective|p2a: Iron Thorns\n|-damage|p2a: Iron Thorns|0 fnt\n|faint|p2a: Iron Thorns\n|-end|p2a: Iron Thorns|Quark Drive|[silent]\n|\n|upkeep\n|\n|t:|1783557443\n|switch|p2a: Iron Bundle|Iron Bundle, L78|100/100\n|turn|7\n|inactive|Time left: 300 sec this turn | 300 sec total\n|\n|t:|1783557445\n|move|p1a: Barraskewda|Waterfall|p2a: Iron Bundle\n|-resisted|p2a: Iron Bundle\n|-damage|p2a: Iron Bundle|61/100\n|move|p2a: Iron Bundle|Freeze-Dry|p1a: Barraskewda\n|-supereffective|p1a: Barraskewda\n|-damage|p1a: Barraskewda|7/231\n|\n|upkeep\n|turn|8\n|inactive|Time left: 300 sec this turn | 300 sec total\n|\n|t:|1783557446\n|move|p1a: Barraskewda|Waterfall|p2a: Iron Bundle\n|-resisted|p2a: Iron Bundle\n|-damage|p2a: Iron Bundle|24/100\n|move|p2a: Iron Bundle|Flip Turn|p1a: Barraskewda\n|-resisted|p1a: Barraskewda\n|-crit|p1a: Barraskewda\n|-damage|p1a: Barraskewda|0 fnt\n|faint|p1a: Barraskewda\n|\n|t:|1783557447\n|-end|p2a: Iron Bundle|Quark Drive|[silent]\n|switch|p2a: Bronzong|Bronzong, L88|100/100|[from] Flip Turn\n|\n|upkeep\n|inactive|Time left: 300 sec this turn | 300 sec total | 10 sec grace\n|\n|t:|1783557448\n|switch|p1a: Spiritomb|Spiritomb, L89, M|234/234\n|turn|9\n|inactive|Time left: 300 sec this turn | 300 sec total\n|\n|t:|1783557449\n|move|p1a: Spiritomb|Poltergeist|p2a: Bronzong\n|-activate|p2a: Bronzong|move: Poltergeist|Leftovers\n|-supereffective|p2a: Bronzong\n|-damage|p2a: Bronzong|24/100\n|move|p2a: Bronzong|Stealth Rock|p1a: Spiritomb\n|-sidestart|p1: p0x15757029|move: Stealth Rock\n|\n|-heal|p2a: Bronzong|30/100|[from] item: Leftovers\n|upkeep\n|turn|10\n|inactive|Time left: 300 sec this turn | 300 sec total\n|\n|t:|1783557450\n|move|p1a: Spiritomb|Poltergeist|p2a: Bronzong\n|-activate|p2a: Bronzong|move: Poltergeist|Leftovers\n|-supereffective|p2a: Bronzong\n|-damage|p2a: Bronzong|0 fnt\n|faint|p2a: Bronzong\n|\n|upkeep\n|\n|t:|1783557451\n|switch|p2a: Thundurus|Thundurus, L80, M|100/100\n|turn|11\n|inactive|Time left: 300 sec this turn | 300 sec total\n|\n|t:|1783557452\n|move|p2a: Thundurus|Nasty Plot|p2a: Thundurus\n|-boost|p2a: Thundurus|spa|2\n|move|p1a: Spiritomb|Foul Play|p2a: Thundurus\n|-damage|p2a: Thundurus|42/100\n|\n|upkeep\n|turn|12\n|inactive|Time left: 300 sec this turn | 300 sec total\n|\n|t:|1783557453\n|move|p2a: Thundurus|Thunderbolt|p1a: Spiritomb\n|-damage|p1a: Spiritomb|47/234\n|move|p1a: Spiritomb|Foul Play|p2a: Thundurus\n|-damage|p2a: Thundurus|0 fnt\n|faint|p2a: Thundurus\n|\n|-heal|p1a: Spiritomb|61/234|[from] item: Leftovers\n|upkeep\n|\n|t:|1783557455\n|switch|p2a: Iron Bundle|Iron Bundle, L78|24/100\n|turn|13\n|inactive|Time left: 300 sec this turn | 300 sec total\n|\n|t:|1783557456\n|move|p2a: Iron Bundle|Hydro Pump|p1a: Spiritomb\n|-damage|p1a: Spiritomb|0 fnt\n|faint|p1a: Spiritomb\n|\n|upkeep\n|inactive|Time left: 300 sec this turn | 300 sec total | 5 sec grace\n|\n|t:|1783557457\n|switch|p1a: Dragapult|Dragapult, L77, M|262/262\n|-damage|p1a: Dragapult|230/262|[from] Stealth Rock\n|turn|14\n|inactive|Time left: 300 sec this turn | 300 sec total\n|\n|t:|1783557457\n|move|p1a: Dragapult|Dragon Darts|p2a: Iron Bundle\n|-damage|p2a: Iron Bundle|0 fnt\n|faint|p2a: Iron Bundle\n|-end|p2a: Iron Bundle|Quark Drive|[silent]\n|-damage|p1a: Dragapult|204/262|[from] item: Life Orb\n|\n|upkeep\n|\n|t:|1783557458\n|switch|p2a: Deoxys|Deoxys, L74|100/100\n|-ability|p2a: Deoxys|Pressure\n|turn|15\n|inactive|Time left: 300 sec this turn | 300 sec total\n|\n|t:|1783557459\n|-terastallize|p2a: Deoxys|Fighting\n|move|p2a: Deoxys|Ice Beam|p1a: Dragapult\n|-supereffective|p1a: Dragapult\n|-damage|p1a: Dragapult|0 fnt\n|faint|p1a: Dragapult\n|-damage|p2a: Deoxys|91/100|[from] item: Life Orb\n|\n|upkeep\n|inactive|Time left: 300 sec this turn | 300 sec total | 5 sec grace\n|\n|t:|1783557460\n|switch|p1a: Gothitelle|Gothitelle, L90, M|272/272\n|-damage|p1a: Gothitelle|238/272|[from] Stealth Rock\n|turn|16\n|inactive|Time left: 300 sec this turn | 300 sec total\n|\n|t:|1783557461\n|move|p2a: Deoxys|Ice Beam|p1a: Gothitelle\n|-damage|p1a: Gothitelle|159/272\n|-damage|p2a: Deoxys|81/100|[from] item: Life Orb\n|move|p1a: Gothitelle|Psychic Noise|p2a: Deoxys\n|-supereffective|p2a: Deoxys\n|-damage|p2a: Deoxys|0 fnt\n|faint|p2a: Deoxys\n|\n|win|p0x15757029", "uploadtime": 1783557461, "views": 0, "rating": 0, "private": 0, "password": null, "_winner": "p0x15757029", "_our_name": "p0x15757029"}