{"id": "battle-gen9randombattle-2990", "formatid": "gen9randombattle", "format": "[Gen 9] Random Battle", "players": ["p0x29900a96", "p0y299071d5"], "log": "|init|battle\n|title|p0x29900a96 vs. p0y299071d5\n|j|\u2606p0x29900a96\n|j|\u2606p0y299071d5\n|t:|1783573415\n|gametype|singles\n|player|p1|p0x29900a96|2|\n|player|p2|p0y299071d5|265|\n|gen|9\n|tier|[Gen 9] Random Battle\n|rule|Species Clause: Limit one of each Pok\u00e9mon\n|rule|HP Percentage Mod: HP is shown in percentages\n|rule|Sleep Clause Mod: Limit one foe put to sleep\n|rule|Illusion Level Mod: Illusion disguises the Pok\u00e9mon's true level\n|\n|t:|1783573415\n|teamsize|p1|6\n|teamsize|p2|6\n|start\n|switch|p1a: Spidops|Spidops, L96, M|271/271\n|switch|p2a: Hypno|Hypno, L95, M|100/100\n|turn|1\n|inactive|Battle timer is ON: inactive players will automatically lose when time's up. (requested by p0x29900a96)\n|inactive|p0y299071d5 also wants the timer to be on.\n|\n|t:|1783573417\n|move|p2a: Hypno|Toxic|p1a: Spidops\n|-status|p1a: Spidops|tox\n|move|p1a: Spidops|Sticky Web|p2a: Hypno\n|-sidestart|p2: p0y299071d5|move: Sticky Web\n|\n|-damage|p1a: Spidops|255/271 tox|[from] psn\n|upkeep\n|turn|2\n|inactive|Time left: 300 sec this turn | 300 sec total\n|\n|t:|1783573417\n|move|p2a: Hypno|Psychic Noise|p1a: Spidops\n|-damage|p1a: Spidops|174/271 tox\n|-start|p1a: Spidops|move: Heal Block\n|move|p1a: Spidops|Knock Off|p2a: Hypno\n|-supereffective|p2a: Hypno\n|-damage|p2a: Hypno|49/100\n|-enditem|p2a: Hypno|Leftovers|[from] move: Knock Off|[of] p1a: Spidops\n|\n|-damage|p1a: Spidops|142/271 tox|[from] psn\n|upkeep\n|turn|3\n|inactive|Time left: 300 sec this turn | 300 sec total\n|\n|t:|1783573418\n|move|p2a: Hypno|Psychic Noise|p1a: Spidops\n|-damage|p1a: Spidops|72/271 tox\n|move|p1a: Spidops|Knock Off|p2a: Hypno\n|-supereffective|p2a: Hypno\n|-damage|p2a: Hypno|17/100\n|\n|-damage|p1a: Spidops|24/271 tox|[from] psn\n|-end|p1a: Spidops|move: Heal Block\n|upkeep\n|turn|4\n|inactive|Time left: 300 sec this turn | 300 sec total\n|\n|t:|1783573420\n|move|p2a: Hypno|Psychic Noise|p1a: Spidops\n|-damage|p1a: Spidops|0 fnt\n|faint|p1a: Spidops\n|\n|upkeep\n|inactive|Time left: 300 sec this turn | 300 sec total | 5 sec grace\n|\n|t:|1783573420\n|switch|p1a: Bellossom|Bellossom, L84, F|263/263\n|turn|5\n|inactive|Time left: 300 sec this turn | 300 sec total\n|\n|t:|1783573422\n|move|p2a: Hypno|Toxic|p1a: Bellossom\n|-status|p1a: Bellossom|tox\n|move|p1a: Bellossom|Quiver Dance|p1a: Bellossom\n|-boost|p1a: Bellossom|spa|1\n|-boost|p1a: Bellossom|spd|1\n|-boost|p1a: Bellossom|spe|1\n|\n|-damage|p1a: Bellossom|247/263 tox|[from] psn\n|upkeep\n|turn|6\n|inactive|Time left: 300 sec this turn | 300 sec total\n|\n|t:|1783573423\n|switch|p2a: Araquanid|Araquanid, L82, M|100/100\n|move|p1a: Bellossom|Quiver Dance|p1a: Bellossom\n|-boost|p1a: Bellossom|spa|1\n|-boost|p1a: Bellossom|spd|1\n|-boost|p1a: Bellossom|spe|1\n|\n|-heal|p1a: Bellossom|263/263 tox|[from] item: Leftovers\n|-damage|p1a: Bellossom|231/263 tox|[from] psn\n|upkeep\n|turn|7\n|inactive|Time left: 300 sec this turn | 300 sec total\n|\n|t:|1783573424\n|move|p1a: Bellossom|Giga Drain|p2a: Araquanid\n|-damage|p2a: Araquanid|57/100\n|-heal|p1a: Bellossom|263/263 tox|[from] drain|[of] p2a: Araquanid\n|move|p2a: Araquanid|Sticky Web|p1a: Bellossom\n|-sidestart|p1: p0x29900a96|move: Sticky Web\n|\n|-damage|p1a: Bellossom|215/263 tox|[from] psn\n|upkeep\n|turn|8\n|inactive|Time left: 300 sec this turn | 300 sec total\n|\n|t:|1783573425\n|-terastallize|p2a: Araquanid|Steel\n|move|p1a: Bellossom|Giga Drain|p2a: Araquanid\n|-resisted|p2a: Araquanid\n|-damage|p2a: Araquanid|36/100\n|-heal|p1a: Bellossom|241/263 tox|[from] drain|[of] p2a: Araquanid\n|move|p2a: Araquanid|Leech Life|p1a: Bellossom\n|-supereffective|p1a: Bellossom\n|-damage|p1a: Bellossom|121/263 tox\n|-heal|p2a: Araquanid|60/100|[from] drain|[of] p1a: Bellossom\n|\n|-heal|p1a: Bellossom|137/263 tox|[from] item: Leftovers\n|-damage|p1a: Bellossom|73/263 tox|[from] psn\n|upkeep\n|turn|9\n|inactive|Time left: 300 sec this turn | 300 sec total\n|\n|t:|1783573426\n|move|p1a: Bellossom|Strength Sap|p2a: Araquanid\n|-unboost|p2a: Araquanid|atk|1\n|-heal|p1a: Bellossom|235/263 tox\n|move|p2a: Araquanid|Leech Life|p1a: Bellossom\n|-supereffective|p1a: Bellossom\n|-damage|p1a: Bellossom|155/263 tox\n|-heal|p2a: Araquanid|77/100|[from] drain|[of] p1a: Bellossom\n|\n|-heal|p1a: Bellossom|171/263 tox|[from] item: Leftovers\n|-damage|p1a: Bellossom|91/263 tox|[from] psn\n|upkeep\n|turn|10\n|inactive|Time left: 300 sec this turn | 300 sec total\n|\n|t:|1783573427\n|move|p1a: Bellossom|Strength Sap|p2a: Araquanid\n|-unboost|p2a: Araquanid|atk|1\n|-heal|p1a: Bellossom|199/263 tox\n|move|p2a: Araquanid|Leech Life|p1a: Bellossom\n|-supereffective|p1a: Bellossom\n|-damage|p1a: Bellossom|139/263 tox\n|-heal|p2a: Araquanid|89/100|[from] drain|[of] p1a: Bellossom\n|\n|-heal|p1a: Bellossom|155/263 tox|[from] item: Leftovers\n|-damage|p1a: Bellossom|59/263 tox|[from] psn\n|upkeep\n|turn|11\n|inactive|Time left: 300 sec this turn | 300 sec total\n|\n|t:|1783573428\n|move|p1a: Bellossom|Strength Sap|p2a: Araquanid\n|-unboost|p2a: Araquanid|atk|1\n|-heal|p1a: Bellossom|140/263 tox\n|move|p2a: Araquanid|Liquidation|p1a: Bellossom\n|-resisted|p1a: Bellossom\n|-damage|p1a: Bellossom|117/263 tox\n|\n|-heal|p1a: Bellossom|133/263 tox|[from] item: Leftovers\n|-damage|p1a: Bellossom|21/263 tox|[from] psn\n|upkeep\n|turn|12\n|inactive|Time left: 300 sec this turn | 300 sec total\n|\n|t:|1783573429\n|switch|p2a: Entei|Entei, L78|100/100\n|-activate|p2a: Entei|move: Sticky Web\n|-unboost|p2a: Entei|spe|1\n|move|p1a: Bellossom|Strength Sap|p2a: Entei\n|-unboost|p2a: Entei|atk|1\n|-heal|p1a: Bellossom|245/263 tox\n|\n|-heal|p1a: Bellossom|261/263 tox|[from] item: Leftovers\n|-damage|p1a: Bellossom|133/263 tox|[from] psn\n|upkeep\n|turn|13\n|inactive|Time left: 300 sec this turn | 300 sec total\n|\n|t:|1783573430\n|switch|p2a: Araquanid|Araquanid, L82, M, tera:Steel|89/100\n|move|p1a: Bellossom|Strength Sap|p2a: Araquanid\n|-unboost|p2a: Araquanid|atk|1\n|-heal|p1a: Bellossom|263/263 tox\n|\n|-damage|p1a: Bellossom|119/263 tox|[from] psn\n|upkeep\n|turn|14\n|inactive|Time left: 300 sec this turn | 300 sec total\n|\n|t:|1783573431\n|move|p1a: Bellossom|Strength Sap|p2a: Araquanid\n|-unboost|p2a: Araquanid|atk|1\n|-heal|p1a: Bellossom|227/263 tox\n|move|p2a: Araquanid|Leech Life|p1a: Bellossom\n|-supereffective|p1a: Bellossom\n|-damage|p1a: Bellossom|167/263 tox\n|-heal|p2a: Araquanid|100/100|[from] drain|[of] p1a: Bellossom\n|\n|-heal|p1a: Bellossom|183/263 tox|[from] item: Leftovers\n|-damage|p1a: Bellossom|23/263 tox|[from] psn\n|upkeep\n|turn|15\n|inactive|Time left: 300 sec this turn | 300 sec total\n|\n|t:|1783573432\n|move|p1a: Bellossom|Moonblast|p2a: Araquanid\n|-resisted|p2a: Araquanid\n|-damage|p2a: Araquanid|81/100\n|-unboost|p2a: Araquanid|spa|1\n|move|p2a: Araquanid|Hydro Pump|p1a: Bellossom\n|-resisted|p1a: Bellossom\n|-damage|p1a: Bellossom|2/263 tox\n|\n|-heal|p1a: Bellossom|18/263 tox|[from] item: Leftovers\n|-damage|p1a: Bellossom|0 fnt|[from] psn\n|faint|p1a: Bellossom\n|upkeep\n|inactive|Time left: 300 sec this turn | 300 sec total | 5 sec grace\n|\n|t:|1783573432\n|switch|p1a: Scyther|Scyther, L82, M|249/249\n|turn|16\n|inactive|Time left: 300 sec this turn | 300 sec total\n|\n|t:|1783573434\n|switch|p2a: Lanturn|Lanturn, L89, F|100/100\n|move|p1a: Scyther|Swords Dance|p1a: Scyther\n|-boost|p1a: Scyther|atk|2\n|\n|upkeep\n|turn|17\n|inactive|Time left: 300 sec this turn | 300 sec total\n|\n|t:|1783573434\n|move|p1a: Scyther|Bug Bite|p2a: Lanturn\n|-damage|p2a: Lanturn|27/100\n|move|p2a: Lanturn|Thunderbolt|p1a: Scyther\n|-supereffective|p1a: Scyther\n|-crit|p1a: Scyther\n|-damage|p1a: Scyther|0 fnt\n|faint|p1a: Scyther\n|\n|upkeep\n|inactive|Time left: 300 sec this turn | 300 sec total | 5 sec grace\n|\n|t:|1783573435\n|switch|p1a: Roaring Moon|Roaring Moon, L72|270/270\n|-activate|p1a: Roaring Moon|move: Sticky Web\n|-unboost|p1a: Roaring Moon|spe|1\n|-enditem|p1a: Roaring Moon|Booster Energy\n|-activate|p1a: Roaring Moon|ability: Protosynthesis|[fromitem]\n|-start|p1a: Roaring Moon|protosynthesisatk\n|turn|18\n|inactive|Time left: 300 sec this turn | 300 sec total\n|\n|t:|1783573436\n|move|p2a: Lanturn|Thunder Wave|p1a: Roaring Moon\n|-status|p1a: Roaring Moon|par\n|move|p1a: Roaring Moon|Dragon Dance|p1a: Roaring Moon\n|-boost|p1a: Roaring Moon|atk|1\n|-boost|p1a: Roaring Moon|spe|1\n|\n|upkeep\n|turn|19\n|inactive|Time left: 300 sec this turn | 300 sec total\n|\n|t:|1783573437\n|move|p2a: Lanturn|Thunderbolt|p1a: Roaring Moon\n|-resisted|p1a: Roaring Moon\n|-damage|p1a: Roaring Moon|220/270 par\n|move|p1a: Roaring Moon|Outrage|p2a: Lanturn\n|-damage|p2a: Lanturn|0 fnt\n|faint|p2a: Lanturn\n|\n|upkeep\n|\n|t:|1783573438\n|switch|p2a: Mesprit|Mesprit, L85|100/100\n|turn|20\n|inactive|Time left: 300 sec this turn | 300 sec total\n|\n|t:|1783573439\n|move|p2a: Mesprit|Ice Beam|p1a: Roaring Moon\n|-supereffective|p1a: Roaring Moon\n|-damage|p1a: Roaring Moon|4/270 par\n|move|p1a: Roaring Moon|Outrage|p2a: Mesprit|[from] lockedmove\n|-damage|p2a: Mesprit|27/100\n|-start|p1a: Roaring Moon|confusion|[fatigue]\n|\n|upkeep\n|turn|21\n|inactive|Time left: 300 sec this turn | 300 sec total\n|\n|t:|1783573441\n|move|p2a: Mesprit|Ice Beam|p1a: Roaring Moon\n|-supereffective|p1a: Roaring Moon\n|-crit|p1a: Roaring Moon\n|-damage|p1a: Roaring Moon|0 fnt\n|faint|p1a: Roaring Moon\n|-end|p1a: Roaring Moon|Protosynthesis|[silent]\n|\n|upkeep\n|inactive|Time left: 300 sec this turn | 300 sec total | 5 sec grace\n|\n|t:|1783573441\n|switch|p1a: Banette|Banette, L93, F|270/270\n|-activate|p1a: Banette|move: Sticky Web\n|-unboost|p1a: Banette|spe|1\n|turn|22\n|inactive|Time left: 300 sec this turn | 300 sec total\n|\n|t:|1783573442\n|switch|p2a: Hypno|Hypno, L95, M|17/100\n|-activate|p2a: Hypno|move: Sticky Web\n|-unboost|p2a: Hypno|spe|1\n|move|p1a: Banette|Swords Dance|p1a: Banette\n|-boost|p1a: Banette|atk|2\n|\n|upkeep\n|turn|23\n|inactive|Time left: 300 sec this turn | 300 sec total\n|\n|t:|1783573443\n|move|p1a: Banette|Shadow Sneak|p2a: Hypno\n|-supereffective|p2a: Hypno\n|-damage|p2a: Hypno|0 fnt\n|faint|p2a: Hypno\n|-damage|p1a: Banette|243/270|[from] item: Life Orb\n|\n|upkeep\n|\n|t:|1783573444\n|switch|p2a: Darkrai|Darkrai, L77|100/100\n|-activate|p2a: Darkrai|move: Sticky Web\n|-unboost|p2a: Darkrai|spe|1\n|turn|24\n|inactive|Time left: 300 sec this turn | 300 sec total\n|\n|t:|1783573445\n|move|p2a: Darkrai|Dark Pulse|p1a: Banette\n|-supereffective|p1a: Banette\n|-damage|p1a: Banette|0 fnt\n|faint|p1a: Banette\n|-damage|p2a: Darkrai|91/100|[from] item: Life Orb\n|\n|upkeep\n|inactive|Time left: 300 sec this turn | 300 sec total | 5 sec grace\n|\n|t:|1783573446\n|switch|p1a: Flutter Mane|Flutter Mane, L74|203/203\n|-activate|p1a: Flutter Mane|move: Sticky Web\n|-unboost|p1a: Flutter Mane|spe|1\n|turn|25\n|inactive|Time left: 300 sec this turn | 300 sec total\n|\n|t:|1783573447\n|switch|p2a: Mesprit|Mesprit, L85|27/100\n|-terastallize|p1a: Flutter Mane|Electric\n|move|p1a: Flutter Mane|Thunderbolt|p2a: Mesprit\n|-damage|p2a: Mesprit|0 fnt\n|faint|p2a: Mesprit\n|-damage|p1a: Flutter Mane|183/203|[from] item: Life Orb\n|\n|upkeep\n|\n|t:|1783573448\n|switch|p2a: Entei|Entei, L78|100/100\n|-activate|p2a: Entei|move: Sticky Web\n|-unboost|p2a: Entei|spe|1\n|turn|26\n|inactive|Time left: 300 sec this turn | 300 sec total\n|\n|t:|1783573449\n|move|p1a: Flutter Mane|Thunderbolt|p2a: Entei\n|-damage|p2a: Entei|50/100\n|-damage|p1a: Flutter Mane|163/203|[from] item: Life Orb\n|move|p2a: Entei|Flare Blitz|p1a: Flutter Mane\n|-damage|p1a: Flutter Mane|0 fnt\n|faint|p1a: Flutter Mane\n|-end|p1a: Flutter Mane|Protosynthesis|[silent]\n|-damage|p2a: Entei|32/100|[from] Recoil\n|\n|win|p0y299071d5", "uploadtime": 1783573449, "views": 0, "rating": 0, "private": 0, "password": null, "_winner": "p0y299071d5", "_our_name": "p0x29900a96"}