{"id": "battle-gen9randombattle-2564", "formatid": "gen9randombattle", "format": "[Gen 9] Random Battle", "players": ["p0x25645e5b", "p0y256443b0"], "log": "|init|battle\n|title|p0x25645e5b vs. p0y256443b0\n|j|\u2606p0x25645e5b\n|j|\u2606p0y256443b0\n|t:|1783569635\n|gametype|singles\n|player|p1|p0x25645e5b|101|\n|player|p2|p0y256443b0|170|\n|gen|9\n|tier|[Gen 9] Random Battle\n|rule|Species Clause: Limit one of each Pok\u00e9mon\n|rule|HP Percentage Mod: HP is shown in percentages\n|rule|Sleep Clause Mod: Limit one foe put to sleep\n|rule|Illusion Level Mod: Illusion disguises the Pok\u00e9mon's true level\n|\n|t:|1783569635\n|teamsize|p1|6\n|teamsize|p2|6\n|start\n|switch|p1a: Conkeldurr|Conkeldurr, L80, M|299/299\n|switch|p2a: Tauros|Tauros, L82, M|100/100\n|turn|1\n|inactive|Battle timer is ON: inactive players will automatically lose when time's up. (requested by p0x25645e5b)\n|inactive|p0y256443b0 also wants the timer to be on.\n|\n|t:|1783569636\n|switch|p2a: Wyrdeer|Wyrdeer, L87, F|100/100\n|-ability|p2a: Wyrdeer|Intimidate|boost\n|-unboost|p1a: Conkeldurr|atk|1\n|move|p1a: Conkeldurr|Close Combat|p2a: Wyrdeer\n|-damage|p2a: Wyrdeer|64/100\n|-unboost|p1a: Conkeldurr|def|1\n|-unboost|p1a: Conkeldurr|spd|1\n|\n|-status|p1a: Conkeldurr|brn|[from] item: Flame Orb\n|upkeep\n|turn|2\n|inactive|Time left: 300 sec this turn | 300 sec total\n|\n|t:|1783569638\n|switch|p1a: Pincurchin|Pincurchin, M|258/258\n|-fieldstart|move: Electric Terrain|[from] ability: Electric Surge|[of] p1a: Pincurchin\n|move|p2a: Wyrdeer|Psychic Noise|p1a: Pincurchin\n|-damage|p1a: Pincurchin|179/258\n|-start|p1a: Pincurchin|move: Heal Block\n|\n|upkeep\n|turn|3\n|inactive|Time left: 300 sec this turn | 300 sec total\n|\n|t:|1783569639\n|move|p2a: Wyrdeer|Body Slam|p1a: Pincurchin\n|-damage|p1a: Pincurchin|101/258\n|move|p1a: Pincurchin|Toxic Spikes|p2a: Wyrdeer\n|-sidestart|p2: p0y256443b0|move: Toxic Spikes\n|\n|-end|p1a: Pincurchin|move: Heal Block\n|upkeep\n|turn|4\n|inactive|Time left: 300 sec this turn | 300 sec total\n|\n|t:|1783569640\n|move|p2a: Wyrdeer|Earthquake|p1a: Pincurchin\n|-supereffective|p1a: Pincurchin\n|-damage|p1a: Pincurchin|0 fnt\n|faint|p1a: Pincurchin\n|\n|upkeep\n|inactive|Time left: 300 sec this turn | 300 sec total | 5 sec grace\n|\n|t:|1783569641\n|switch|p1a: Yanmega|Yanmega, L82, M|275/275\n|turn|5\n|inactive|Time left: 300 sec this turn | 300 sec total\n|\n|t:|1783569642\n|switch|p2a: Victreebel|Victreebel, L90, M|100/100\n|-sideend|p2: p0y256443b0|move: Toxic Spikes|[of] p2a: Victreebel\n|move|p1a: Yanmega|Bug Buzz|p2a: Victreebel\n|-damage|p2a: Victreebel|42/100\n|\n|upkeep\n|turn|6\n|inactive|Time left: 300 sec this turn | 300 sec total\n|\n|t:|1783569643\n|switch|p2a: Florges|Florges-White, L85, F|100/100\n|move|p1a: Yanmega|Bug Buzz|p2a: Florges\n|-resisted|p2a: Florges\n|-damage|p2a: Florges|63/100\n|\n|-heal|p2a: Florges|69/100|[from] item: Leftovers\n|-fieldend|move: Electric Terrain\n|upkeep\n|turn|7\n|inactive|Time left: 300 sec this turn | 300 sec total\n|\n|t:|1783569644\n|move|p1a: Yanmega|Bug Buzz|p2a: Florges\n|-resisted|p2a: Florges\n|-damage|p2a: Florges|33/100\n|move|p2a: Florges|Moonblast|p1a: Yanmega\n|-damage|p1a: Yanmega|124/275\n|\n|-heal|p2a: Florges|39/100|[from] item: Leftovers\n|upkeep\n|turn|8\n|inactive|Time left: 300 sec this turn | 300 sec total\n|\n|t:|1783569645\n|-terastallize|p1a: Yanmega|Bug\n|move|p1a: Yanmega|Bug Buzz|p2a: Florges\n|-resisted|p2a: Florges\n|-damage|p2a: Florges|0 fnt\n|faint|p2a: Florges\n|\n|upkeep\n|\n|t:|1783569646\n|switch|p2a: Electivire|Electivire, L84, F|100/100\n|turn|9\n|inactive|Time left: 300 sec this turn | 300 sec total\n|\n|t:|1783569647\n|move|p2a: Electivire|Supercell Slam|p1a: Yanmega\n|-damage|p1a: Yanmega|0 fnt\n|faint|p1a: Yanmega\n|-damage|p2a: Electivire|91/100|[from] item: Life Orb\n|\n|upkeep\n|inactive|Time left: 300 sec this turn | 300 sec total | 5 sec grace\n|\n|t:|1783569648\n|switch|p1a: Conkeldurr|Conkeldurr, L80, M|299/299 brn\n|turn|10\n|inactive|Time left: 300 sec this turn | 300 sec total\n|\n|t:|1783569649\n|move|p2a: Electivire|Supercell Slam|p1a: Conkeldurr\n|-damage|p1a: Conkeldurr|147/299 brn\n|-damage|p2a: Electivire|81/100|[from] item: Life Orb\n|move|p1a: Conkeldurr|Knock Off|p2a: Electivire\n|-damage|p2a: Electivire|27/100\n|-enditem|p2a: Electivire|Life Orb|[from] move: Knock Off|[of] p1a: Conkeldurr\n|\n|-damage|p1a: Conkeldurr|129/299 brn|[from] brn\n|upkeep\n|turn|11\n|inactive|Time left: 300 sec this turn | 300 sec total\n|\n|t:|1783569650\n|move|p1a: Conkeldurr|Mach Punch|p2a: Electivire\n|-damage|p2a: Electivire|0 fnt\n|faint|p2a: Electivire\n|\n|-damage|p1a: Conkeldurr|111/299 brn|[from] brn\n|upkeep\n|\n|t:|1783569651\n|switch|p2a: Victreebel|Victreebel, L90, M|42/100\n|turn|12\n|inactive|Time left: 300 sec this turn | 300 sec total\n|\n|t:|1783569652\n|switch|p1a: Rayquaza|Rayquaza, L72|270/270\n|-ability|p1a: Rayquaza|Air Lock\n|move|p2a: Victreebel|Sludge Wave|p1a: Rayquaza\n|-damage|p1a: Rayquaza|95/270\n|-damage|p2a: Victreebel|32/100|[from] item: Life Orb\n|\n|upkeep\n|turn|13\n|inactive|Time left: 300 sec this turn | 300 sec total\n|\n|t:|1783569653\n|switch|p2a: Wyrdeer|Wyrdeer, L87, F|64/100\n|-ability|p2a: Wyrdeer|Intimidate|boost\n|-unboost|p1a: Rayquaza|atk|1\n|move|p1a: Rayquaza|Outrage|p2a: Wyrdeer\n|-damage|p2a: Wyrdeer|34/100\n|\n|upkeep\n|turn|14\n|inactive|Time left: 300 sec this turn | 300 sec total\n|\n|t:|1783569654\n|move|p1a: Rayquaza|Outrage|p2a: Wyrdeer|[from] lockedmove\n|-damage|p2a: Wyrdeer|5/100\n|-start|p1a: Rayquaza|confusion|[fatigue]\n|move|p2a: Wyrdeer|Body Slam|p1a: Rayquaza\n|-damage|p1a: Rayquaza|0 fnt\n|faint|p1a: Rayquaza\n|\n|upkeep\n|inactive|Time left: 300 sec this turn | 300 sec total | 5 sec grace\n|\n|t:|1783569655\n|switch|p1a: Manaphy|Manaphy, L78|284/284\n|turn|15\n|inactive|Time left: 300 sec this turn | 300 sec total\n|\n|t:|1783569656\n|move|p1a: Manaphy|Tail Glow|p1a: Manaphy\n|-boost|p1a: Manaphy|spa|3\n|move|p2a: Wyrdeer|Body Slam|p1a: Manaphy\n|-crit|p1a: Manaphy\n|-damage|p1a: Manaphy|127/284\n|\n|-heal|p1a: Manaphy|144/284|[from] item: Leftovers\n|upkeep\n|turn|16\n|inactive|Time left: 300 sec this turn | 300 sec total\n|\n|t:|1783569657\n|move|p1a: Manaphy|Surf|p2a: Wyrdeer\n|-damage|p2a: Wyrdeer|0 fnt\n|faint|p2a: Wyrdeer\n|\n|-heal|p1a: Manaphy|161/284|[from] item: Leftovers\n|upkeep\n|\n|t:|1783569658\n|switch|p2a: Latias|Latias, L79, F|100/100\n|turn|17\n|inactive|Time left: 300 sec this turn | 300 sec total\n|\n|t:|1783569659\n|move|p2a: Latias|Draco Meteor|p1a: Manaphy\n|-damage|p1a: Manaphy|0 fnt\n|-unboost|p2a: Latias|spa|2\n|faint|p1a: Manaphy\n|\n|upkeep\n|inactive|Time left: 300 sec this turn | 300 sec total | 5 sec grace\n|\n|t:|1783569660\n|switch|p1a: Victreebel|Victreebel, L90, F|290/290\n|turn|18\n|inactive|Time left: 300 sec this turn | 300 sec total\n|\n|t:|1783569661\n|move|p2a: Latias|Psyshock|p1a: Victreebel\n|-supereffective|p1a: Victreebel\n|-damage|p1a: Victreebel|180/290\n|move|p1a: Victreebel|Knock Off|p2a: Latias\n|-supereffective|p2a: Latias\n|-damage|p2a: Latias|10/100\n|-enditem|p2a: Latias|Soul Dew|[from] move: Knock Off|[of] p1a: Victreebel\n|-damage|p1a: Victreebel|151/290|[from] item: Life Orb\n|\n|upkeep\n|turn|19\n|inactive|Time left: 300 sec this turn | 300 sec total\n|\n|t:|1783569662\n|move|p2a: Latias|Psyshock|p1a: Victreebel\n|-supereffective|p1a: Victreebel\n|-damage|p1a: Victreebel|49/290\n|move|p1a: Victreebel|Sleep Powder|p2a: Latias\n|-status|p2a: Latias|slp|[from] move: Sleep Powder\n|\n|upkeep\n|turn|20\n|inactive|Time left: 300 sec this turn | 300 sec total\n|\n|t:|1783569663\n|switch|p2a: Tauros|Tauros, L82, M|100/100\n|move|p1a: Victreebel|Sleep Powder|p2a: Tauros\n|-message|Sleep Clause Mod activated.\n|-hint|Sleep Clause Mod prevents players from putting more than one of their opponent's Pok\u00e9mon to sleep at a time\n|\n|upkeep\n|turn|21\n|inactive|Time left: 300 sec this turn | 300 sec total\n|\n|t:|1783569664\n|-terastallize|p2a: Tauros|Ground\n|move|p2a: Tauros|Close Combat|p1a: Victreebel\n|-resisted|p1a: Victreebel\n|-damage|p1a: Victreebel|0 fnt\n|-unboost|p2a: Tauros|def|1\n|-unboost|p2a: Tauros|spd|1\n|faint|p1a: Victreebel\n|-damage|p2a: Tauros|91/100|[from] item: Life Orb\n|\n|upkeep\n|inactive|Time left: 300 sec this turn | 300 sec total | 5 sec grace\n|\n|t:|1783569664\n|switch|p1a: Conkeldurr|Conkeldurr, L80, M|111/299 brn\n|turn|22\n|inactive|Time left: 300 sec this turn | 300 sec total\n|\n|t:|1783569665\n|move|p2a: Tauros|Body Slam|p1a: Conkeldurr\n|-damage|p1a: Conkeldurr|0 fnt\n|faint|p1a: Conkeldurr\n|\n|win|p0y256443b0", "uploadtime": 1783569665, "views": 0, "rating": 0, "private": 0, "password": null, "_winner": "p0y256443b0", "_our_name": "p0x25645e5b"}