{"id": "battle-gen9randombattle-2143", "formatid": "gen9randombattle", "format": "[Gen 9] Random Battle", "players": ["p0x21436b7c", "p0y21434e6e"], "log": "|init|battle\n|title|p0x21436b7c vs. p0y21434e6e\n|j|\u2606p0x21436b7c\n|j|\u2606p0y21434e6e\n|t:|1783564800\n|gametype|singles\n|player|p1|p0x21436b7c|101|\n|player|p2|p0y21434e6e|266|\n|gen|9\n|tier|[Gen 9] Random Battle\n|rule|Species Clause: Limit one of each Pok\u00e9mon\n|rule|HP Percentage Mod: HP is shown in percentages\n|rule|Sleep Clause Mod: Limit one foe put to sleep\n|rule|Illusion Level Mod: Illusion disguises the Pok\u00e9mon's true level\n|\n|t:|1783564800\n|teamsize|p1|6\n|teamsize|p2|6\n|start\n|switch|p1a: Jumpluff|Jumpluff, L87, M|100/100\n|switch|p2a: Meowscarada|Meowscarada, L78, M|247/247\n|turn|1\n|inactive|Battle timer is ON: inactive players will automatically lose when time's up. (requested by p0y21434e6e)\n|inactive|p0x21436b7c also wants the timer to be on.\n|\n|t:|1783564802\n|move|p1a: Jumpluff|Acrobatics|p2a: Meowscarada\n|-supereffective|p2a: Meowscarada\n|-damage|p2a: Meowscarada|53/247\n|move|p2a: Meowscarada|Triple Axel|p1a: Jumpluff\n|-start|p2a: Meowscarada|typechange|Ice|[from] ability: Protean\n|-supereffective|p1a: Jumpluff\n|-damage|p1a: Jumpluff|46/100\n|-supereffective|p1a: Jumpluff\n|-damage|p1a: Jumpluff|0 fnt\n|faint|p1a: Jumpluff\n|-hitcount|p1: Jumpluff|2\n|\n|upkeep\n|\n|t:|1783564803\n|switch|p1a: Entei|Entei, L78|100/100\n|turn|2\n|inactive|Time left: 300 sec this turn | 300 sec total\n|\n|t:|1783564804\n|switch|p2a: Heatran|Heatran, L79, M|273/273\n|-item|p2a: Heatran|Air Balloon\n|move|p1a: Entei|Sacred Fire|p2a: Heatran\n|-start|p2a: Heatran|ability: Flash Fire\n|\n|upkeep\n|turn|3\n|inactive|Time left: 300 sec this turn | 300 sec total\n|\n|t:|1783564805\n|switch|p1a: Tornadus|Tornadus-Therian, L79, M|100/100\n|move|p2a: Heatran|Magma Storm|p1a: Tornadus\n|-damage|p1a: Tornadus|52/100\n|-activate|p1a: Tornadus|move: Magma Storm|[of] p2a: Heatran\n|\n|-damage|p1a: Tornadus|40/100|[from] move: Magma Storm|[partiallytrapped]\n|upkeep\n|turn|4\n|inactive|Time left: 300 sec this turn | 300 sec total\n|\n|t:|1783564806\n|move|p1a: Tornadus|U-turn|p2a: Heatran\n|-resisted|p2a: Heatran\n|-crit|p2a: Heatran\n|-damage|p2a: Heatran|256/273\n|-enditem|p2a: Heatran|Air Balloon\n|\n|t:|1783564807\n|switch|p1a: Iron Leaves|Iron Leaves, L80|100/100|[from] U-turn\n|move|p2a: Heatran|Magma Storm|p1a: Iron Leaves\n|-supereffective|p1a: Iron Leaves\n|-damage|p1a: Iron Leaves|0 fnt\n|faint|p1a: Iron Leaves\n|-end|p1a: Iron Leaves|Quark Drive|[silent]\n|\n|upkeep\n|\n|t:|1783564808\n|switch|p1a: Tornadus|Tornadus-Therian, L79, M|73/100\n|turn|5\n|inactive|Time left: 300 sec this turn | 300 sec total\n|\n|t:|1783564809\n|move|p1a: Tornadus|U-turn|p2a: Heatran\n|-resisted|p2a: Heatran\n|-damage|p2a: Heatran|246/273\n|\n|t:|1783564810\n|switch|p1a: Entei|Entei, L78|100/100|[from] U-turn\n|move|p2a: Heatran|Magma Storm|p1a: Entei|[miss]\n|-miss|p2a: Heatran|p1a: Entei\n|\n|upkeep\n|turn|6\n|inactive|Time left: 300 sec this turn | 300 sec total\n|\n|t:|1783564811\n|move|p1a: Entei|Stone Edge|p2a: Heatran\n|-damage|p2a: Heatran|140/273\n|move|p2a: Heatran|Magma Storm|p1a: Entei|[miss]\n|-miss|p2a: Heatran|p1a: Entei\n|\n|upkeep\n|turn|7\n|inactive|Time left: 300 sec this turn | 300 sec total\n|\n|t:|1783564812\n|move|p1a: Entei|Stone Edge|p2a: Heatran\n|-damage|p2a: Heatran|46/273\n|move|p2a: Heatran|Stealth Rock|p1a: Entei\n|-sidestart|p1: p0x21436b7c|move: Stealth Rock\n|\n|upkeep\n|turn|8\n|inactive|Time left: 300 sec this turn | 300 sec total\n|\n|t:|1783564813\n|move|p1a: Entei|Stone Edge|p2a: Heatran\n|-damage|p2a: Heatran|0 fnt\n|faint|p2a: Heatran\n|\n|upkeep\n|inactive|Time left: 300 sec this turn | 300 sec total | 5 sec grace\n|\n|t:|1783564814\n|switch|p2a: Miraidon|Miraidon, L65|238/238\n|-fieldstart|move: Electric Terrain|[from] ability: Hadron Engine|[of] p2a: Miraidon\n|turn|9\n|inactive|Time left: 300 sec this turn | 300 sec total\n|\n|t:|1783564816\n|move|p2a: Miraidon|Electro Drift|p1a: Entei\n|-damage|p1a: Entei|8/100\n|move|p1a: Entei|Stone Edge|p2a: Miraidon\n|-damage|p2a: Miraidon|119/238\n|\n|upkeep\n|turn|10\n|inactive|Time left: 300 sec this turn | 300 sec total\n|\n|t:|1783564817\n|move|p2a: Miraidon|Electro Drift|p1a: Entei\n|-damage|p1a: Entei|0 fnt\n|faint|p1a: Entei\n|\n|upkeep\n|\n|t:|1783564818\n|switch|p1a: Iron Boulder|Iron Boulder, L77|100/100\n|-damage|p1a: Iron Boulder|88/100|[from] Stealth Rock\n|-activate|p1a: Iron Boulder|ability: Quark Drive\n|-start|p1a: Iron Boulder|quarkdrivespe\n|turn|11\n|inactive|Time left: 300 sec this turn | 300 sec total\n|\n|t:|1783564819\n|switch|p2a: Gholdengo|Gholdengo, L77|261/261\n|move|p1a: Iron Boulder|Mighty Cleave|p2a: Gholdengo\n|-resisted|p2a: Gholdengo\n|-damage|p2a: Gholdengo|209/261\n|\n|-heal|p2a: Gholdengo|225/261|[from] item: Leftovers\n|upkeep\n|turn|12\n|inactive|Time left: 300 sec this turn | 300 sec total\n|\n|t:|1783564820\n|-end|p1a: Iron Boulder|Quark Drive|[silent]\n|switch|p1a: Tornadus|Tornadus-Therian, L79, M|100/100\n|-damage|p1a: Tornadus|76/100|[from] Stealth Rock\n|move|p2a: Gholdengo|Shadow Ball|p1a: Tornadus\n|-damage|p1a: Tornadus|49/100\n|-unboost|p1a: Tornadus|spd|1\n|\n|-heal|p2a: Gholdengo|241/261|[from] item: Leftovers\n|upkeep\n|turn|13\n|inactive|Time left: 300 sec this turn | 300 sec total\n|\n|t:|1783564821\n|move|p1a: Tornadus|Knock Off|p2a: Gholdengo\n|-supereffective|p2a: Gholdengo\n|-damage|p2a: Gholdengo|107/261\n|-enditem|p2a: Gholdengo|Leftovers|[from] move: Knock Off|[of] p1a: Tornadus\n|move|p2a: Gholdengo|Make It Rain|p1a: Tornadus\n|-damage|p1a: Tornadus|0 fnt\n|-unboost|p2a: Gholdengo|spa|1\n|faint|p1a: Tornadus\n|\n|-fieldend|move: Electric Terrain\n|upkeep\n|\n|t:|1783564822\n|switch|p1a: Iron Boulder|Iron Boulder, L77|88/100\n|-damage|p1a: Iron Boulder|76/100|[from] Stealth Rock\n|-enditem|p1a: Iron Boulder|Booster Energy\n|-activate|p1a: Iron Boulder|ability: Quark Drive|[fromitem]\n|-start|p1a: Iron Boulder|quarkdrivespe\n|turn|14\n|inactive|Time left: 300 sec this turn | 300 sec total\n|\n|t:|1783564823\n|-terastallize|p1a: Iron Boulder|Fighting\n|move|p1a: Iron Boulder|Swords Dance|p1a: Iron Boulder\n|-boost|p1a: Iron Boulder|atk|2\n|move|p2a: Gholdengo|Make It Rain|p1a: Iron Boulder\n|-damage|p1a: Iron Boulder|40/100\n|-unboost|p2a: Gholdengo|spa|1\n|\n|upkeep\n|turn|15\n|inactive|Time left: 300 sec this turn | 300 sec total\n|\n|t:|1783564824\n|move|p1a: Iron Boulder|Mighty Cleave|p2a: Gholdengo\n|-resisted|p2a: Gholdengo\n|-damage|p2a: Gholdengo|2/261\n|move|p2a: Gholdengo|Recover|p2a: Gholdengo\n|-heal|p2a: Gholdengo|133/261\n|\n|upkeep\n|turn|16\n|inactive|Time left: 300 sec this turn | 300 sec total\n|\n|t:|1783564824\n|move|p1a: Iron Boulder|Mighty Cleave|p2a: Gholdengo\n|-resisted|p2a: Gholdengo\n|-damage|p2a: Gholdengo|25/261\n|move|p2a: Gholdengo|Thunder Wave|p1a: Iron Boulder\n|-status|p1a: Iron Boulder|par\n|\n|upkeep\n|turn|17\n|inactive|Time left: 300 sec this turn | 300 sec total\n|\n|t:|1783564825\n|switch|p2a: Meowscarada|Meowscarada, L78, M|53/247\n|cant|p1a: Iron Boulder|par\n|\n|upkeep\n|turn|18\n|inactive|Time left: 300 sec this turn | 300 sec total\n|\n|t:|1783564826\n|move|p2a: Meowscarada|Triple Axel|p1a: Iron Boulder\n|-start|p2a: Meowscarada|typechange|Ice|[from] ability: Protean\n|-damage|p1a: Iron Boulder|27/100 par\n|-damage|p1a: Iron Boulder|0 fnt\n|faint|p1a: Iron Boulder\n|-end|p1a: Iron Boulder|Quark Drive|[silent]\n|-hitcount|p1: Iron Boulder|2\n|\n|upkeep\n|\n|t:|1783564827\n|switch|p1a: Carbink|Carbink, L90|100/100\n|-damage|p1a: Carbink|88/100|[from] Stealth Rock\n|turn|19\n|inactive|Time left: 300 sec this turn | 300 sec total\n|\n|t:|1783564828\n|switch|p2a: Golduck|Golduck, L90, F|290/290\n|-ability|p2a: Golduck|Cloud Nine\n|move|p1a: Carbink|Moonblast|p2a: Golduck\n|-damage|p2a: Golduck|212/290\n|\n|upkeep\n|turn|20\n|inactive|Time left: 300 sec this turn | 300 sec total\n|\n|t:|1783564829\n|move|p2a: Golduck|Hydro Pump|p1a: Carbink\n|-supereffective|p1a: Carbink\n|-damage|p1a: Carbink|0 fnt\n|faint|p1a: Carbink\n|\n|win|p0y21434e6e", "uploadtime": 1783564829, "views": 0, "rating": 0, "private": 0, "password": null, "_winner": "p0y21434e6e", "_our_name": "p0y21434e6e"}