{"id": "battle-gen9randombattle-939", "formatid": "gen9randombattle", "format": "[Gen 9] Random Battle", "players": ["p0x9395b92", "p0y9390174"], "log": "|init|battle\n|title|p0x9395b92 vs. p0y9390174\n|j|\u2606p0x9395b92\n|j|\u2606p0y9390174\n|t:|1783550767\n|gametype|singles\n|player|p1|p0x9395b92|102|\n|player|p2|p0y9390174|101|\n|gen|9\n|tier|[Gen 9] Random Battle\n|rule|Species Clause: Limit one of each Pok\u00e9mon\n|rule|HP Percentage Mod: HP is shown in percentages\n|rule|Sleep Clause Mod: Limit one foe put to sleep\n|rule|Illusion Level Mod: Illusion disguises the Pok\u00e9mon's true level\n|\n|t:|1783550767\n|teamsize|p1|6\n|teamsize|p2|6\n|start\n|switch|p1a: Flapple|Flapple, L88, M|100/100\n|switch|p2a: Ampharos|Ampharos, L88, F|302/302\n|turn|1\n|inactive|Battle timer is ON: inactive players will automatically lose when time's up. (requested by p0y9390174)\n|inactive|p0x9395b92 also wants the timer to be on.\n|\n|t:|1783550769\n|move|p1a: Flapple|Outrage|p2a: Ampharos\n|-damage|p2a: Ampharos|89/302\n|move|p2a: Ampharos|Dazzling Gleam|p1a: Flapple\n|-supereffective|p1a: Flapple\n|-damage|p1a: Flapple|0 fnt\n|faint|p1a: Flapple\n|\n|upkeep\n|\n|t:|1783550770\n|switch|p1a: Masquerain|Masquerain, L87, F|100/100\n|-ability|p1a: Masquerain|Intimidate|boost\n|-unboost|p2a: Ampharos|atk|1\n|turn|2\n|inactive|Time left: 300 sec this turn | 300 sec total\n|\n|t:|1783550772\n|move|p1a: Masquerain|Sticky Web|p2a: Ampharos\n|-sidestart|p2: p0y9390174|move: Sticky Web\n|move|p2a: Ampharos|Dazzling Gleam|p1a: Masquerain\n|-damage|p1a: Masquerain|57/100\n|\n|upkeep\n|turn|3\n|inactive|Time left: 300 sec this turn | 300 sec total\n|\n|t:|1783550773\n|move|p1a: Masquerain|Hurricane|p2a: Ampharos\n|-resisted|p2a: Ampharos\n|-damage|p2a: Ampharos|25/302\n|move|p2a: Ampharos|Dazzling Gleam|p1a: Masquerain\n|-damage|p1a: Masquerain|19/100\n|\n|upkeep\n|turn|4\n|inactive|Time left: 300 sec this turn | 300 sec total\n|\n|t:|1783550774\n|move|p1a: Masquerain|Bug Buzz|p2a: Ampharos\n|-damage|p2a: Ampharos|0 fnt\n|faint|p2a: Ampharos\n|\n|upkeep\n|inactive|Time left: 300 sec this turn | 300 sec total | 5 sec grace\n|\n|t:|1783550775\n|switch|p2a: Galvantula|Galvantula, L82, M|249/249\n|turn|5\n|inactive|Time left: 300 sec this turn | 300 sec total\n|\n|t:|1783550776\n|move|p2a: Galvantula|Sticky Web|p1a: Masquerain\n|-sidestart|p1: p0x9395b92|move: Sticky Web\n|move|p1a: Masquerain|Bug Buzz|p2a: Galvantula\n|-damage|p2a: Galvantula|110/249\n|\n|upkeep\n|turn|6\n|inactive|Time left: 300 sec this turn | 300 sec total\n|\n|t:|1783550777\n|switch|p1a: Muk|Muk, L86, M|100/100\n|-activate|p1a: Muk|move: Sticky Web\n|-unboost|p1a: Muk|spe|1\n|move|p2a: Galvantula|Thunder|p1a: Muk\n|-damage|p1a: Muk|79/100\n|\n|upkeep\n|turn|7\n|inactive|Time left: 300 sec this turn | 300 sec total\n|\n|t:|1783550778\n|move|p2a: Galvantula|Thunder|p1a: Muk\n|-damage|p1a: Muk|57/100\n|move|p1a: Muk|Knock Off|p2a: Galvantula\n|-damage|p2a: Galvantula|15/249\n|-enditem|p2a: Galvantula|Heavy-Duty Boots|[from] move: Knock Off|[of] p1a: Muk\n|\n|upkeep\n|turn|8\n|inactive|Time left: 300 sec this turn | 300 sec total\n|\n|t:|1783550779\n|move|p2a: Galvantula|Thunder|p1a: Muk\n|-damage|p1a: Muk|35/100\n|move|p1a: Muk|Knock Off|p2a: Galvantula\n|-damage|p2a: Galvantula|0 fnt\n|faint|p2a: Galvantula\n|\n|upkeep\n|inactive|Time left: 300 sec this turn | 300 sec total | 5 sec grace\n|\n|t:|1783550780\n|switch|p2a: Golurk|Golurk, L87|297/297\n|-activate|p2a: Golurk|move: Sticky Web\n|-unboost|p2a: Golurk|spe|1\n|turn|9\n|inactive|Time left: 300 sec this turn | 300 sec total\n|\n|t:|1783550781\n|move|p1a: Muk|Shadow Sneak|p2a: Golurk\n|-supereffective|p2a: Golurk\n|-damage|p2a: Golurk|225/297\n|move|p2a: Golurk|Poltergeist|p1a: Muk\n|-activate|p1a: Muk|move: Poltergeist|Assault Vest\n|-damage|p1a: Muk|0 fnt\n|faint|p1a: Muk\n|\n|upkeep\n|\n|t:|1783550782\n|switch|p1a: Dunsparce|Dunsparce, L86, F|100/100\n|-activate|p1a: Dunsparce|move: Sticky Web\n|-unboost|p1a: Dunsparce|spe|1\n|turn|10\n|inactive|Time left: 300 sec this turn | 300 sec total\n|\n|t:|1783550782\n|move|p2a: Golurk|Poltergeist|p1a: Dunsparce\n|-immune|p1a: Dunsparce\n|move|p1a: Dunsparce|Coil|p1a: Dunsparce\n|-boost|p1a: Dunsparce|atk|1\n|-boost|p1a: Dunsparce|def|1\n|-boost|p1a: Dunsparce|accuracy|1\n|\n|upkeep\n|turn|11\n|inactive|Time left: 300 sec this turn | 300 sec total\n|\n|t:|1783550783\n|move|p2a: Golurk|Poltergeist|p1a: Dunsparce\n|-immune|p1a: Dunsparce\n|move|p1a: Dunsparce|Coil|p1a: Dunsparce\n|-boost|p1a: Dunsparce|atk|1\n|-boost|p1a: Dunsparce|def|1\n|-boost|p1a: Dunsparce|accuracy|1\n|\n|upkeep\n|turn|12\n|inactive|Time left: 300 sec this turn | 300 sec total\n|\n|t:|1783550784\n|move|p2a: Golurk|Poltergeist|p1a: Dunsparce\n|-immune|p1a: Dunsparce\n|move|p1a: Dunsparce|Earthquake|p2a: Golurk\n|-damage|p2a: Golurk|98/297\n|\n|upkeep\n|turn|13\n|inactive|Time left: 300 sec this turn | 300 sec total\n|\n|t:|1783550785\n|move|p2a: Golurk|Poltergeist|p1a: Dunsparce\n|-immune|p1a: Dunsparce\n|move|p1a: Dunsparce|Earthquake|p2a: Golurk\n|-damage|p2a: Golurk|0 fnt\n|faint|p2a: Golurk\n|\n|upkeep\n|inactive|Time left: 300 sec this turn | 300 sec total | 5 sec grace\n|\n|t:|1783550786\n|switch|p2a: Pecharunt|Pecharunt, L77|262/262\n|-activate|p2a: Pecharunt|move: Sticky Web\n|-unboost|p2a: Pecharunt|spe|1\n|turn|14\n|inactive|Time left: 300 sec this turn | 300 sec total\n|\n|t:|1783550787\n|move|p2a: Pecharunt|Nasty Plot|p2a: Pecharunt\n|-boost|p2a: Pecharunt|spa|2\n|move|p1a: Dunsparce|Earthquake|p2a: Pecharunt\n|-supereffective|p2a: Pecharunt\n|-damage|p2a: Pecharunt|106/262\n|\n|-heal|p2a: Pecharunt|122/262|[from] item: Leftovers\n|upkeep\n|turn|15\n|inactive|Time left: 300 sec this turn | 300 sec total\n|\n|t:|1783550788\n|move|p2a: Pecharunt|Recover|p2a: Pecharunt\n|-heal|p2a: Pecharunt|253/262\n|move|p1a: Dunsparce|Earthquake|p2a: Pecharunt\n|-supereffective|p2a: Pecharunt\n|-damage|p2a: Pecharunt|89/262\n|\n|-heal|p2a: Pecharunt|105/262|[from] item: Leftovers\n|upkeep\n|turn|16\n|inactive|Time left: 300 sec this turn | 300 sec total\n|\n|t:|1783550789\n|move|p2a: Pecharunt|Recover|p2a: Pecharunt\n|-heal|p2a: Pecharunt|236/262\n|move|p1a: Dunsparce|Earthquake|p2a: Pecharunt\n|-supereffective|p2a: Pecharunt\n|-damage|p2a: Pecharunt|78/262\n|\n|-heal|p2a: Pecharunt|94/262|[from] item: Leftovers\n|upkeep\n|turn|17\n|inactive|Time left: 300 sec this turn | 300 sec total\n|\n|t:|1783550790\n|move|p2a: Pecharunt|Recover|p2a: Pecharunt\n|-heal|p2a: Pecharunt|225/262\n|move|p1a: Dunsparce|Earthquake|p2a: Pecharunt\n|-supereffective|p2a: Pecharunt\n|-damage|p2a: Pecharunt|69/262\n|\n|-heal|p2a: Pecharunt|85/262|[from] item: Leftovers\n|upkeep\n|turn|18\n|inactive|Time left: 300 sec this turn | 300 sec total\n|\n|t:|1783550791\n|move|p2a: Pecharunt|Recover|p2a: Pecharunt\n|-heal|p2a: Pecharunt|216/262\n|move|p1a: Dunsparce|Earthquake|p2a: Pecharunt\n|-supereffective|p2a: Pecharunt\n|-damage|p2a: Pecharunt|68/262\n|\n|-heal|p2a: Pecharunt|84/262|[from] item: Leftovers\n|upkeep\n|turn|19\n|inactive|Time left: 300 sec this turn | 300 sec total\n|\n|t:|1783550792\n|move|p2a: Pecharunt|Recover|p2a: Pecharunt\n|-heal|p2a: Pecharunt|215/262\n|move|p1a: Dunsparce|Earthquake|p2a: Pecharunt\n|-supereffective|p2a: Pecharunt\n|-damage|p2a: Pecharunt|53/262\n|\n|-heal|p2a: Pecharunt|69/262|[from] item: Leftovers\n|upkeep\n|turn|20\n|inactive|Time left: 300 sec this turn | 300 sec total\n|\n|t:|1783550793\n|move|p2a: Pecharunt|Recover|p2a: Pecharunt\n|-heal|p2a: Pecharunt|200/262\n|move|p1a: Dunsparce|Earthquake|p2a: Pecharunt\n|-supereffective|p2a: Pecharunt\n|-damage|p2a: Pecharunt|42/262\n|\n|-heal|p2a: Pecharunt|58/262|[from] item: Leftovers\n|upkeep\n|turn|21\n|inactive|Time left: 300 sec this turn | 300 sec total\n|\n|t:|1783550794\n|move|p2a: Pecharunt|Recover|p2a: Pecharunt\n|-heal|p2a: Pecharunt|189/262\n|move|p1a: Dunsparce|Earthquake|p2a: Pecharunt\n|-supereffective|p2a: Pecharunt\n|-damage|p2a: Pecharunt|19/262\n|\n|-heal|p2a: Pecharunt|35/262|[from] item: Leftovers\n|upkeep\n|turn|22\n|inactive|Time left: 300 sec this turn | 300 sec total\n|\n|t:|1783550795\n|move|p2a: Pecharunt|Malignant Chain|p1a: Dunsparce\n|-damage|p1a: Dunsparce|60/100\n|-status|p1a: Dunsparce|tox\n|-start|p1a: Dunsparce|confusion|[from] ability: Poison Puppeteer|[of] p2a: Pecharunt\n|-activate|p1a: Dunsparce|confusion\n|move|p1a: Dunsparce|Earthquake|p2a: Pecharunt\n|-supereffective|p2a: Pecharunt\n|-crit|p2a: Pecharunt\n|-damage|p2a: Pecharunt|0 fnt\n|faint|p2a: Pecharunt\n|\n|-damage|p1a: Dunsparce|54/100 tox|[from] psn\n|upkeep\n|inactive|Time left: 300 sec this turn | 300 sec total | 5 sec grace\n|\n|t:|1783550796\n|switch|p2a: Lapras|Lapras, L87, M|368/368\n|turn|23\n|inactive|Time left: 300 sec this turn | 300 sec total\n|\n|t:|1783550798\n|move|p2a: Lapras|Sparkling Aria|p1a: Dunsparce\n|-damage|p1a: Dunsparce|30/100 tox\n|-end|p1a: Dunsparce|confusion\n|move|p1a: Dunsparce|Roost|p1a: Dunsparce\n|-heal|p1a: Dunsparce|80/100 tox\n|-singleturn|p1a: Dunsparce|move: Roost\n|\n|-damage|p1a: Dunsparce|68/100 tox|[from] psn\n|upkeep\n|turn|24\n|inactive|Time left: 300 sec this turn | 300 sec total\n|\n|t:|1783550799\n|move|p2a: Lapras|Sparkling Aria|p1a: Dunsparce\n|-damage|p1a: Dunsparce|42/100 tox\n|move|p1a: Dunsparce|Roost|p1a: Dunsparce\n|-heal|p1a: Dunsparce|92/100 tox\n|-singleturn|p1a: Dunsparce|move: Roost\n|\n|-damage|p1a: Dunsparce|73/100 tox|[from] psn\n|upkeep\n|turn|25\n|inactive|Time left: 300 sec this turn | 300 sec total\n|\n|t:|1783550800\n|move|p2a: Lapras|Freeze-Dry|p1a: Dunsparce\n|-damage|p1a: Dunsparce|54/100 tox\n|move|p1a: Dunsparce|Roost|p1a: Dunsparce\n|-heal|p1a: Dunsparce|100/100 tox\n|-singleturn|p1a: Dunsparce|move: Roost\n|\n|-damage|p1a: Dunsparce|76/100 tox|[from] psn\n|upkeep\n|turn|26\n|inactive|Time left: 300 sec this turn | 300 sec total\n|\n|t:|1783550801\n|move|p2a: Lapras|Sparkling Aria|p1a: Dunsparce\n|-damage|p1a: Dunsparce|53/100 tox\n|move|p1a: Dunsparce|Body Slam|p2a: Lapras\n|-damage|p2a: Lapras|212/368\n|-status|p2a: Lapras|par\n|\n|-damage|p1a: Dunsparce|22/100 tox|[from] psn\n|upkeep\n|turn|27\n|inactive|Time left: 300 sec this turn | 300 sec total\n|\n|t:|1783550802\n|move|p1a: Dunsparce|Roost|p1a: Dunsparce\n|-heal|p1a: Dunsparce|72/100 tox\n|-singleturn|p1a: Dunsparce|move: Roost\n|cant|p2a: Lapras|par\n|\n|-damage|p1a: Dunsparce|36/100 tox|[from] psn\n|upkeep\n|turn|28\n|inactive|Time left: 300 sec this turn | 300 sec total\n|\n|t:|1783550803\n|move|p1a: Dunsparce|Earthquake|p2a: Lapras\n|-damage|p2a: Lapras|91/368 par\n|move|p2a: Lapras|Rest|p2a: Lapras\n|-status|p2a: Lapras|slp|[from] move: Rest\n|-heal|p2a: Lapras|368/368 slp|[silent]\n|\n|-damage|p1a: Dunsparce|0 fnt|[from] psn\n|faint|p1a: Dunsparce\n|upkeep\n|\n|t:|1783550804\n|switch|p1a: Scovillain|Scovillain, L91, F|100/100\n|-activate|p1a: Scovillain|move: Sticky Web\n|-unboost|p1a: Scovillain|spe|1\n|turn|29\n|inactive|Time left: 300 sec this turn | 300 sec total\n|\n|t:|1783550805\n|switch|p2a: Magmortar|Magmortar, L88, F|275/275\n|move|p1a: Scovillain|Energy Ball|p2a: Magmortar\n|-resisted|p2a: Magmortar\n|-damage|p2a: Magmortar|222/275\n|\n|upkeep\n|turn|30\n|inactive|Time left: 300 sec this turn | 300 sec total\n|\n|t:|1783550806\n|move|p2a: Magmortar|Fire Blast|p1a: Scovillain\n|-damage|p1a: Scovillain|31/100\n|move|p1a: Scovillain|Energy Ball|p2a: Magmortar\n|-resisted|p2a: Magmortar\n|-damage|p2a: Magmortar|162/275\n|\n|upkeep\n|turn|31\n|inactive|Time left: 300 sec this turn | 300 sec total\n|\n|t:|1783550808\n|move|p2a: Magmortar|Fire Blast|p1a: Scovillain|[miss]\n|-miss|p2a: Magmortar|p1a: Scovillain\n|move|p1a: Scovillain|Energy Ball|p2a: Magmortar\n|-resisted|p2a: Magmortar\n|-damage|p2a: Magmortar|104/275\n|-unboost|p2a: Magmortar|spd|1\n|\n|upkeep\n|turn|32\n|inactive|Time left: 300 sec this turn | 300 sec total\n|\n|t:|1783550809\n|move|p2a: Magmortar|Fire Blast|p1a: Scovillain\n|-damage|p1a: Scovillain|0 fnt\n|faint|p1a: Scovillain\n|\n|upkeep\n|\n|t:|1783550810\n|switch|p1a: Dedenne|Dedenne, L88, M|100/100\n|-activate|p1a: Dedenne|move: Sticky Web\n|-unboost|p1a: Dedenne|spe|1\n|turn|33\n|inactive|Time left: 300 sec this turn | 300 sec total\n|\n|t:|1783550811\n|move|p2a: Magmortar|Fire Blast|p1a: Dedenne\n|-damage|p1a: Dedenne|25/100\n|-enditem|p1a: Dedenne|Sitrus Berry|[eat]\n|-heal|p1a: Dedenne|50/100|[from] item: Sitrus Berry\n|-heal|p1a: Dedenne|83/100|[from] ability: Cheek Pouch\n|move|p1a: Dedenne|Thunderbolt|p2a: Magmortar\n|-damage|p2a: Magmortar|0 fnt\n|faint|p2a: Magmortar\n|\n|upkeep\n|inactive|Time left: 300 sec this turn | 300 sec total | 5 sec grace\n|\n|t:|1783550812\n|switch|p2a: Lapras|Lapras, L87, M|368/368 slp\n|turn|34\n|inactive|Time left: 300 sec this turn | 300 sec total\n|\n|t:|1783550813\n|cant|p2a: Lapras|slp\n|move|p2a: Lapras|Sleep Talk|p2a: Lapras\n|move|p2a: Lapras|Sparkling Aria|p1a: Dedenne|[from] move: Sleep Talk\n|-damage|p1a: Dedenne|43/100\n|move|p1a: Dedenne|U-turn|p2a: Lapras\n|-damage|p2a: Lapras|327/368 slp\n|\n|t:|1783550814\n|switch|p1a: Masquerain|Masquerain, L87, F|19/100|[from] U-turn\n|-ability|p1a: Masquerain|Intimidate|boost\n|-unboost|p2a: Lapras|atk|1\n|\n|upkeep\n|turn|35\n|inactive|Time left: 300 sec this turn | 300 sec total\n|\n|t:|1783550815\n|switch|p1a: Dedenne|Dedenne, L88, M|43/100\n|-activate|p1a: Dedenne|move: Sticky Web\n|-unboost|p1a: Dedenne|spe|1\n|cant|p2a: Lapras|slp\n|move|p2a: Lapras|Sleep Talk|p2a: Lapras\n|move|p2a: Lapras|Sparkling Aria|p1a: Dedenne|[from] move: Sleep Talk\n|-crit|p1a: Dedenne\n|-damage|p1a: Dedenne|0 fnt\n|faint|p1a: Dedenne\n|\n|upkeep\n|\n|t:|1783550816\n|switch|p1a: Masquerain|Masquerain, L87, F|19/100\n|-ability|p1a: Masquerain|Intimidate|boost\n|-unboost|p2a: Lapras|atk|1\n|turn|36\n|inactive|Time left: 300 sec this turn | 300 sec total\n|\n|t:|1783550817\n|-terastallize|p2a: Lapras|Ground\n|move|p1a: Masquerain|Hurricane|p2a: Lapras\n|-damage|p2a: Lapras|218/368 slp\n|-curestatus|p2a: Lapras|slp|[msg]\n|move|p2a: Lapras|Sparkling Aria|p1a: Masquerain\n|-damage|p1a: Masquerain|0 fnt\n|faint|p1a: Masquerain\n|\n|win|p0y9390174", "uploadtime": 1783550817, "views": 0, "rating": 0, "private": 0, "password": null, "_winner": "p0y9390174", "_our_name": "p0y9390174"}