{"id": "battle-gen9randombattle-1586", "formatid": "gen9randombattle", "format": "[Gen 9] Random Battle", "players": ["p0x15867080", "p0y158636a8"], "log": "|init|battle\n|title|p0x15867080 vs. p0y158636a8\n|j|\u2606p0x15867080\n|j|\u2606p0y158636a8\n|t:|1783558375\n|gametype|singles\n|player|p1|p0x15867080|102|\n|player|p2|p0y158636a8|170|\n|gen|9\n|tier|[Gen 9] Random Battle\n|rule|Species Clause: Limit one of each Pok\u00e9mon\n|rule|HP Percentage Mod: HP is shown in percentages\n|rule|Sleep Clause Mod: Limit one foe put to sleep\n|rule|Illusion Level Mod: Illusion disguises the Pok\u00e9mon's true level\n|\n|t:|1783558375\n|teamsize|p1|6\n|teamsize|p2|6\n|start\n|switch|p1a: Salazzle|Salazzle, L83, F|249/249\n|switch|p2a: Flamigo|Flamigo, L82, F|100/100\n|turn|1\n|inactive|Battle timer is ON: inactive players will automatically lose when time's up. (requested by p0x15867080)\n|inactive|p0y158636a8 also wants the timer to be on.\n|\n|t:|1783558376\n|move|p2a: Flamigo|Brave Bird|p1a: Salazzle\n|-crit|p1a: Salazzle\n|-damage|p1a: Salazzle|0 fnt\n|faint|p1a: Salazzle\n|-damage|p2a: Flamigo|70/100|[from] Recoil\n|\n|upkeep\n|inactive|Time left: 300 sec this turn | 300 sec total | 65 sec grace\n|\n|t:|1783558377\n|switch|p1a: Exeggutor|Exeggutor-Alola, L89, F|314/314\n|turn|2\n|inactive|Time left: 300 sec this turn | 300 sec total\n|\n|t:|1783558378\n|move|p2a: Flamigo|Brave Bird|p1a: Exeggutor\n|-supereffective|p1a: Exeggutor\n|-damage|p1a: Exeggutor|36/314\n|-enditem|p1a: Exeggutor|Sitrus Berry|[eat]\n|-heal|p1a: Exeggutor|114/314|[from] item: Sitrus Berry\n|-damage|p2a: Flamigo|36/100|[from] Recoil\n|move|p1a: Exeggutor|Dragon Pulse|p2a: Flamigo\n|-damage|p2a: Flamigo|0 fnt\n|faint|p2a: Flamigo\n|\n|-item|p1a: Exeggutor|Sitrus Berry|[from] ability: Harvest\n|upkeep\n|-enditem|p1a: Exeggutor|Sitrus Berry|[eat]\n|-heal|p1a: Exeggutor|192/314|[from] item: Sitrus Berry\n|\n|t:|1783558379\n|switch|p2a: Ribombee|Ribombee, L83, F|100/100\n|turn|3\n|inactive|Time left: 300 sec this turn | 300 sec total\n|\n|t:|1783558380\n|move|p2a: Ribombee|Sticky Web|p1a: Exeggutor\n|-sidestart|p1: p0x15867080|move: Sticky Web\n|move|p1a: Exeggutor|Flamethrower|p2a: Ribombee\n|-supereffective|p2a: Ribombee\n|-damage|p2a: Ribombee|9/100\n|\n|-item|p1a: Exeggutor|Sitrus Berry|[from] ability: Harvest\n|upkeep\n|turn|4\n|inactive|Time left: 300 sec this turn | 300 sec total\n|\n|t:|1783558381\n|-terastallize|p1a: Exeggutor|Steel\n|move|p2a: Ribombee|Moonblast|p1a: Exeggutor\n|-resisted|p1a: Exeggutor\n|-damage|p1a: Exeggutor|144/314\n|-enditem|p1a: Exeggutor|Sitrus Berry|[eat]\n|-heal|p1a: Exeggutor|222/314|[from] item: Sitrus Berry\n|move|p1a: Exeggutor|Calm Mind|p1a: Exeggutor\n|-boost|p1a: Exeggutor|spa|1\n|-boost|p1a: Exeggutor|spd|1\n|\n|-item|p1a: Exeggutor|Sitrus Berry|[from] ability: Harvest\n|upkeep\n|turn|5\n|inactive|Time left: 300 sec this turn | 300 sec total\n|\n|t:|1783558382\n|move|p2a: Ribombee|Stun Spore|p1a: Exeggutor\n|-status|p1a: Exeggutor|par\n|move|p1a: Exeggutor|Flamethrower|p2a: Ribombee\n|-supereffective|p2a: Ribombee\n|-damage|p2a: Ribombee|0 fnt\n|faint|p2a: Ribombee\n|\n|upkeep\n|\n|t:|1783558383\n|switch|p2a: Stonjourner|Stonjourner, L91, F|100/100\n|turn|6\n|inactive|Time left: 300 sec this turn | 300 sec total\n|\n|t:|1783558384\n|move|p2a: Stonjourner|Earthquake|p1a: Exeggutor\n|-supereffective|p1a: Exeggutor\n|-damage|p1a: Exeggutor|0 fnt\n|faint|p1a: Exeggutor\n|-damage|p2a: Stonjourner|90/100|[from] item: Life Orb\n|\n|upkeep\n|inactive|Time left: 300 sec this turn | 300 sec total | 5 sec grace\n|\n|t:|1783558385\n|switch|p1a: Farigiraf|Farigiraf, L90, F|362/362\n|-activate|p1a: Farigiraf|move: Sticky Web\n|-unboost|p1a: Farigiraf|spe|1\n|turn|7\n|inactive|Time left: 300 sec this turn | 300 sec total\n|\n|t:|1783558386\n|move|p2a: Stonjourner|Stone Edge|p1a: Farigiraf\n|-damage|p1a: Farigiraf|144/362\n|-damage|p2a: Stonjourner|80/100|[from] item: Life Orb\n|move|p1a: Farigiraf|Psychic Noise|p2a: Stonjourner\n|-damage|p2a: Stonjourner|7/100\n|-start|p2a: Stonjourner|move: Heal Block\n|\n|-heal|p1a: Farigiraf|166/362|[from] item: Leftovers\n|upkeep\n|turn|8\n|inactive|Time left: 300 sec this turn | 300 sec total\n|\n|t:|1783558387\n|move|p2a: Stonjourner|Stone Edge|p1a: Farigiraf\n|-damage|p1a: Farigiraf|0 fnt\n|faint|p1a: Farigiraf\n|-damage|p2a: Stonjourner|0 fnt|[from] item: Life Orb\n|faint|p2a: Stonjourner\n|\n|upkeep\n|inactive|Time left: 300 sec this turn | 300 sec total | 5 sec grace\n|\n|t:|1783558388\n|switch|p2a: Avalugg|Avalugg-Hisui, L90, M|100/100\n|switch|p1a: Arbok|Arbok, L87, M|246/246\n|-activate|p1a: Arbok|move: Sticky Web\n|-unboost|p1a: Arbok|spe|1\n|-ability|p1a: Arbok|Intimidate|boost\n|-unboost|p2a: Avalugg|atk|1\n|turn|9\n|inactive|Time left: 300 sec this turn | 300 sec total\n|\n|t:|1783558389\n|move|p1a: Arbok|Coil|p1a: Arbok\n|-boost|p1a: Arbok|atk|1\n|-boost|p1a: Arbok|def|1\n|-boost|p1a: Arbok|accuracy|1\n|move|p2a: Avalugg|Stone Edge|p1a: Arbok\n|-damage|p1a: Arbok|164/246\n|\n|-heal|p1a: Arbok|179/246|[from] item: Leftovers\n|upkeep\n|turn|10\n|inactive|Time left: 300 sec this turn | 300 sec total\n|\n|t:|1783558390\n|move|p1a: Arbok|Coil|p1a: Arbok\n|-boost|p1a: Arbok|atk|1\n|-boost|p1a: Arbok|def|1\n|-boost|p1a: Arbok|accuracy|1\n|move|p2a: Avalugg|Avalanche|p1a: Arbok\n|-damage|p1a: Arbok|140/246\n|\n|-heal|p1a: Arbok|155/246|[from] item: Leftovers\n|upkeep\n|turn|11\n|inactive|Time left: 300 sec this turn | 300 sec total\n|\n|t:|1783558391\n|move|p1a: Arbok|Trailblaze|p2a: Avalugg\n|-supereffective|p2a: Avalugg\n|-damage|p2a: Avalugg|78/100\n|-boost|p1a: Arbok|spe|1\n|move|p2a: Avalugg|Stone Edge|p1a: Arbok|[miss]\n|-miss|p2a: Avalugg|p1a: Arbok\n|\n|-heal|p1a: Arbok|170/246|[from] item: Leftovers\n|upkeep\n|turn|12\n|inactive|Time left: 300 sec this turn | 300 sec total\n|\n|t:|1783558392\n|move|p1a: Arbok|Trailblaze|p2a: Avalugg\n|-supereffective|p2a: Avalugg\n|-damage|p2a: Avalugg|55/100\n|-boost|p1a: Arbok|spe|1\n|move|p2a: Avalugg|Stone Edge|p1a: Arbok\n|-damage|p1a: Arbok|112/246\n|\n|-heal|p1a: Arbok|127/246|[from] item: Leftovers\n|upkeep\n|turn|13\n|inactive|Time left: 300 sec this turn | 300 sec total\n|\n|t:|1783558393\n|move|p1a: Arbok|Earthquake|p2a: Avalugg\n|-supereffective|p2a: Avalugg\n|-damage|p2a: Avalugg|10/100\n|move|p2a: Avalugg|Recover|p2a: Avalugg\n|-heal|p2a: Avalugg|60/100\n|\n|-heal|p1a: Arbok|142/246|[from] item: Leftovers\n|upkeep\n|turn|14\n|inactive|Time left: 300 sec this turn | 300 sec total\n|\n|t:|1783558394\n|move|p1a: Arbok|Coil|p1a: Arbok\n|-boost|p1a: Arbok|atk|1\n|-boost|p1a: Arbok|def|1\n|-boost|p1a: Arbok|accuracy|1\n|move|p2a: Avalugg|Recover|p2a: Avalugg\n|-heal|p2a: Avalugg|100/100\n|\n|-heal|p1a: Arbok|157/246|[from] item: Leftovers\n|upkeep\n|turn|15\n|inactive|Time left: 300 sec this turn | 300 sec total\n|\n|t:|1783558395\n|move|p1a: Arbok|Gunk Shot|p2a: Avalugg\n|-resisted|p2a: Avalugg\n|-damage|p2a: Avalugg|73/100\n|move|p2a: Avalugg|Recover|p2a: Avalugg\n|-heal|p2a: Avalugg|100/100\n|\n|-heal|p1a: Arbok|172/246|[from] item: Leftovers\n|upkeep\n|turn|16\n|inactive|Time left: 300 sec this turn | 300 sec total\n|\n|t:|1783558396\n|move|p1a: Arbok|Coil|p1a: Arbok\n|-boost|p1a: Arbok|atk|1\n|-boost|p1a: Arbok|def|1\n|-boost|p1a: Arbok|accuracy|1\n|move|p2a: Avalugg|Recover||[still]\n|-fail|p2a: Avalugg|heal\n|\n|-heal|p1a: Arbok|187/246|[from] item: Leftovers\n|upkeep\n|turn|17\n|inactive|Time left: 300 sec this turn | 300 sec total\n|\n|t:|1783558397\n|move|p1a: Arbok|Earthquake|p2a: Avalugg\n|-supereffective|p2a: Avalugg\n|-damage|p2a: Avalugg|26/100\n|move|p2a: Avalugg|Stone Edge|p1a: Arbok\n|-damage|p1a: Arbok|147/246\n|\n|-heal|p1a: Arbok|162/246|[from] item: Leftovers\n|upkeep\n|turn|18\n|inactive|Time left: 300 sec this turn | 300 sec total\n|\n|t:|1783558398\n|move|p1a: Arbok|Earthquake|p2a: Avalugg\n|-supereffective|p2a: Avalugg\n|-damage|p2a: Avalugg|0 fnt\n|faint|p2a: Avalugg\n|\n|-heal|p1a: Arbok|177/246|[from] item: Leftovers\n|upkeep\n|\n|t:|1783558399\n|switch|p2a: Iron Treads|Iron Treads, L77|100/100\n|turn|19\n|inactive|Time left: 300 sec this turn | 300 sec total\n|\n|t:|1783558400\n|-terastallize|p2a: Iron Treads|Water\n|move|p1a: Arbok|Earthquake|p2a: Iron Treads\n|-damage|p2a: Iron Treads|25/100\n|move|p2a: Iron Treads|Earthquake|p1a: Arbok\n|-supereffective|p1a: Arbok\n|-damage|p1a: Arbok|97/246\n|\n|-heal|p1a: Arbok|112/246|[from] item: Leftovers\n|-heal|p2a: Iron Treads|31/100|[from] item: Leftovers\n|upkeep\n|turn|20\n|inactive|Time left: 300 sec this turn | 300 sec total\n|\n|t:|1783558401\n|-end|p2a: Iron Treads|Quark Drive|[silent]\n|switch|p2a: Hitmonlee|Hitmonlee, L85, M|100/100\n|move|p1a: Arbok|Trailblaze|p2a: Hitmonlee\n|-damage|p2a: Hitmonlee|30/100\n|-boost|p1a: Arbok|spe|1\n|\n|-heal|p1a: Arbok|127/246|[from] item: Leftovers\n|upkeep\n|turn|21\n|inactive|Time left: 300 sec this turn | 300 sec total\n|\n|t:|1783558402\n|move|p1a: Arbok|Trailblaze|p2a: Hitmonlee\n|-damage|p2a: Hitmonlee|0 fnt\n|-boost|p1a: Arbok|spe|1\n|faint|p2a: Hitmonlee\n|\n|-heal|p1a: Arbok|142/246|[from] item: Leftovers\n|upkeep\n|\n|t:|1783558403\n|switch|p2a: Iron Treads|Iron Treads, L77, tera:Water|31/100\n|turn|22\n|inactive|Time left: 300 sec this turn | 300 sec total\n|\n|t:|1783558404\n|move|p1a: Arbok|Earthquake|p2a: Iron Treads\n|-damage|p2a: Iron Treads|0 fnt\n|faint|p2a: Iron Treads\n|-end|p2a: Iron Treads|Quark Drive|[silent]\n|\n|win|p0x15867080", "uploadtime": 1783558404, "views": 0, "rating": 0, "private": 0, "password": null, "_winner": "p0x15867080", "_our_name": "p0x15867080"}