{"id": "battle-gen9randombattle-110", "formatid": "gen9randombattle", "format": "[Gen 9] Random Battle", "players": ["p0x1102ba4", "p0y110306f"], "log": "|init|battle\n|title|p0x1102ba4 vs. p0y110306f\n|j|\u2606p0x1102ba4\n|j|\u2606p0y110306f\n|t:|1783535031\n|gametype|singles\n|player|p1|p0x1102ba4|265|\n|player|p2|p0y110306f|266|\n|gen|9\n|tier|[Gen 9] Random Battle\n|rule|Species Clause: Limit one of each Pok\u00e9mon\n|rule|HP Percentage Mod: HP is shown in percentages\n|rule|Sleep Clause Mod: Limit one foe put to sleep\n|rule|Illusion Level Mod: Illusion disguises the Pok\u00e9mon's true level\n|\n|t:|1783535031\n|teamsize|p1|6\n|teamsize|p2|6\n|start\n|switch|p1a: Iron Valiant|Iron Valiant, L78|100/100\n|switch|p2a: Chandelure|Chandelure, L83, M|235/235\n|turn|1\n|inactive|Battle timer is ON: inactive players will automatically lose when time's up. (requested by p0x1102ba4)\n|inactive|Time left: 300 sec this turn | 300 sec total | 60 sec grace\n|inactive|p0y110306f also wants the timer to be on.\n|\n|t:|1783535032\n|move|p1a: Iron Valiant|Knock Off|p2a: Chandelure\n|-supereffective|p2a: Chandelure\n|-damage|p2a: Chandelure|40/235\n|-enditem|p2a: Chandelure|Heavy-Duty Boots|[from] move: Knock Off|[of] p1a: Iron Valiant\n|-damage|p1a: Iron Valiant|91/100|[from] item: Life Orb\n|move|p2a: Chandelure|Fire Blast|p1a: Iron Valiant\n|-damage|p1a: Iron Valiant|0 fnt\n|faint|p1a: Iron Valiant\n|-end|p1a: Iron Valiant|Quark Drive|[silent]\n|\n|upkeep\n|\n|t:|1783535033\n|switch|p1a: Thundurus|Thundurus-Therian, L80, M|100/100\n|turn|2\n|inactive|Time left: 300 sec this turn | 300 sec total\n|\n|t:|1783535035\n|move|p1a: Thundurus|Thunderbolt|p2a: Chandelure\n|-crit|p2a: Chandelure\n|-damage|p2a: Chandelure|0 fnt\n|faint|p2a: Chandelure\n|\n|upkeep\n|inactive|Time left: 300 sec this turn | 300 sec total | 5 sec grace\n|\n|t:|1783535036\n|switch|p2a: Dragonite|Dragonite, L74, F|257/257\n|turn|3\n|inactive|Time left: 300 sec this turn | 300 sec total\n|\n|t:|1783535037\n|move|p1a: Thundurus|Thunderbolt|p2a: Dragonite\n|-damage|p2a: Dragonite|160/257\n|move|p2a: Dragonite|Outrage|p1a: Thundurus\n|-damage|p1a: Thundurus|37/100\n|\n|upkeep\n|turn|4\n|inactive|Time left: 300 sec this turn | 300 sec total\n|\n|t:|1783535038\n|move|p1a: Thundurus|Thunderbolt|p2a: Dragonite\n|-damage|p2a: Dragonite|0 fnt\n|faint|p2a: Dragonite\n|\n|upkeep\n|inactive|Time left: 300 sec this turn | 300 sec total | 5 sec grace\n|\n|t:|1783535039\n|switch|p2a: Espathra|Espathra, L80, F|283/283\n|turn|5\n|inactive|Time left: 300 sec this turn | 300 sec total\n|\n|t:|1783535041\n|move|p2a: Espathra|Lumina Crash|p1a: Thundurus\n|-damage|p1a: Thundurus|0 fnt\n|faint|p1a: Thundurus\n|\n|-ability|p2a: Espathra|Speed Boost|boost\n|-boost|p2a: Espathra|spe|1\n|upkeep\n|\n|t:|1783535041\n|switch|p1a: Ceruledge|Ceruledge, L78, F|100/100\n|turn|6\n|inactive|Time left: 300 sec this turn | 300 sec total\n|\n|t:|1783535043\n|-terastallize|p2a: Espathra|Fairy\n|move|p2a: Espathra|Lumina Crash|p1a: Ceruledge\n|-damage|p1a: Ceruledge|48/100\n|-unboost|p1a: Ceruledge|spd|2\n|move|p1a: Ceruledge|Poltergeist|p2a: Espathra\n|-activate|p2a: Espathra|move: Poltergeist|Choice Specs\n|-damage|p2a: Espathra|117/283\n|\n|-ability|p2a: Espathra|Speed Boost|boost\n|-boost|p2a: Espathra|spe|1\n|upkeep\n|turn|7\n|inactive|Time left: 300 sec this turn | 300 sec total\n|\n|t:|1783535044\n|move|p2a: Espathra|Lumina Crash|p1a: Ceruledge\n|-damage|p1a: Ceruledge|0 fnt\n|faint|p1a: Ceruledge\n|\n|-ability|p2a: Espathra|Speed Boost|boost\n|-boost|p2a: Espathra|spe|1\n|upkeep\n|\n|t:|1783535045\n|switch|p1a: Flutter Mane|Flutter Mane, L74|100/100\n|turn|8\n|inactive|Time left: 300 sec this turn | 300 sec total\n|\n|t:|1783535046\n|move|p2a: Espathra|Lumina Crash|p1a: Flutter Mane\n|-damage|p1a: Flutter Mane|50/100\n|-unboost|p1a: Flutter Mane|spd|2\n|move|p1a: Flutter Mane|Shadow Ball|p2a: Espathra\n|-damage|p2a: Espathra|0 fnt\n|faint|p2a: Espathra\n|-damage|p1a: Flutter Mane|40/100|[from] item: Life Orb\n|\n|upkeep\n|inactive|Time left: 300 sec this turn | 300 sec total | 5 sec grace\n|\n|t:|1783535047\n|switch|p2a: Rillaboom|Rillaboom, L79, M|288/288\n|-fieldstart|move: Grassy Terrain|[from] ability: Grassy Surge|[of] p2a: Rillaboom\n|turn|9\n|inactive|Time left: 300 sec this turn | 300 sec total\n|\n|t:|1783535048\n|-end|p1a: Flutter Mane|Protosynthesis|[silent]\n|switch|p1a: Volbeat|Volbeat, L90, M|100/100\n|move|p2a: Rillaboom|Grassy Glide|p1a: Volbeat\n|-resisted|p1a: Volbeat\n|-damage|p1a: Volbeat|81/100\n|-damage|p2a: Rillaboom|260/288|[from] item: Life Orb\n|\n|-heal|p1a: Volbeat|87/100|[from] Grassy Terrain\n|-heal|p2a: Rillaboom|278/288|[from] Grassy Terrain\n|upkeep\n|turn|10\n|inactive|Time left: 300 sec this turn | 300 sec total\n|\n|t:|1783535049\n|move|p1a: Volbeat|Lunge|p2a: Rillaboom\n|-supereffective|p2a: Rillaboom\n|-crit|p2a: Rillaboom\n|-damage|p2a: Rillaboom|32/288\n|-unboost|p2a: Rillaboom|atk|1\n|move|p2a: Rillaboom|Swords Dance|p2a: Rillaboom\n|-boost|p2a: Rillaboom|atk|2\n|\n|-heal|p1a: Volbeat|93/100|[from] Grassy Terrain\n|-heal|p2a: Rillaboom|50/288|[from] Grassy Terrain\n|upkeep\n|turn|11\n|inactive|Time left: 300 sec this turn | 300 sec total\n|\n|t:|1783535050\n|move|p2a: Rillaboom|Grassy Glide|p1a: Volbeat\n|-resisted|p1a: Volbeat\n|-damage|p1a: Volbeat|61/100\n|-damage|p2a: Rillaboom|22/288|[from] item: Life Orb\n|move|p1a: Volbeat|Lunge|p2a: Rillaboom\n|-supereffective|p2a: Rillaboom\n|-damage|p2a: Rillaboom|0 fnt\n|faint|p2a: Rillaboom\n|\n|-heal|p1a: Volbeat|67/100|[from] Grassy Terrain\n|upkeep\n|inactive|Time left: 300 sec this turn | 300 sec total | 5 sec grace\n|\n|t:|1783535050\n|switch|p2a: Hitmontop|Hitmontop, L88, M|231/231\n|turn|12\n|inactive|Time left: 300 sec this turn | 300 sec total\n|\n|t:|1783535051\n|move|p1a: Volbeat|Thunder Wave|p2a: Hitmontop\n|-status|p2a: Hitmontop|par\n|move|p2a: Hitmontop|Triple Axel|p1a: Volbeat\n|-damage|p1a: Volbeat|58/100\n|-damage|p1a: Volbeat|39/100\n|-crit|p1a: Volbeat\n|-damage|p1a: Volbeat|0 fnt\n|faint|p1a: Volbeat\n|-hitcount|p1: Volbeat|3\n|\n|upkeep\n|\n|t:|1783535052\n|switch|p1a: Flutter Mane|Flutter Mane, L74|40/100\n|turn|13\n|inactive|Time left: 300 sec this turn | 300 sec total\n|\n|t:|1783535053\n|move|p1a: Flutter Mane|Moonblast|p2a: Hitmontop\n|-supereffective|p2a: Hitmontop\n|-damage|p2a: Hitmontop|0 fnt\n|faint|p2a: Hitmontop\n|-damage|p1a: Flutter Mane|31/100|[from] item: Life Orb\n|\n|-heal|p1a: Flutter Mane|36/100|[from] Grassy Terrain\n|-fieldend|move: Grassy Terrain\n|upkeep\n|inactive|Time left: 300 sec this turn | 300 sec total | 5 sec grace\n|\n|t:|1783535054\n|switch|p2a: Dedenne|Dedenne, L88, M|261/261\n|turn|14\n|inactive|Time left: 300 sec this turn | 300 sec total\n|\n|t:|1783535055\n|-terastallize|p1a: Flutter Mane|Electric\n|move|p1a: Flutter Mane|Shadow Ball|p2a: Dedenne\n|-damage|p2a: Dedenne|136/261\n|-damage|p1a: Flutter Mane|27/100|[from] item: Life Orb\n|move|p2a: Dedenne|Thunderbolt|p1a: Flutter Mane\n|-resisted|p1a: Flutter Mane\n|-damage|p1a: Flutter Mane|8/100\n|\n|upkeep\n|turn|15\n|inactive|Time left: 300 sec this turn | 300 sec total\n|\n|t:|1783535056\n|move|p1a: Flutter Mane|Moonblast|p2a: Dedenne\n|-damage|p2a: Dedenne|0 fnt\n|faint|p2a: Dedenne\n|-damage|p1a: Flutter Mane|0 fnt|[from] item: Life Orb\n|faint|p1a: Flutter Mane\n|-end|p1a: Flutter Mane|Protosynthesis|[silent]\n|\n|win|p0x1102ba4", "uploadtime": 1783535056, "views": 0, "rating": 0, "private": 0, "password": null, "_winner": "p0x1102ba4", "_our_name": "p0y110306f"}