{"id": "battle-gen9randombattle-81", "formatid": "gen9randombattle", "format": "[Gen 9] Random Battle", "players": ["p0x0813cca", "p0y081612f"], "log": "|init|battle\n|title|p0x0813cca vs. p0y081612f\n|j|\u2606p0x0813cca\n|j|\u2606p0y081612f\n|t:|1783534716\n|gametype|singles\n|player|p1|p0x0813cca|266|\n|player|p2|p0y081612f|169|\n|gen|9\n|tier|[Gen 9] Random Battle\n|rule|Species Clause: Limit one of each Pok\u00e9mon\n|rule|HP Percentage Mod: HP is shown in percentages\n|rule|Sleep Clause Mod: Limit one foe put to sleep\n|rule|Illusion Level Mod: Illusion disguises the Pok\u00e9mon's true level\n|\n|t:|1783534716\n|teamsize|p1|6\n|teamsize|p2|6\n|start\n|switch|p1a: Hitmonlee|Hitmonlee, L85, M|224/224\n|switch|p2a: Snorlax|Snorlax, L82, F|100/100\n|turn|1\n|inactive|Battle timer is ON: inactive players will automatically lose when time's up. (requested by p0x0813cca)\n|inactive|p0y081612f also wants the timer to be on.\n|\n|t:|1783534718\n|move|p1a: Hitmonlee|Close Combat|p2a: Snorlax\n|-supereffective|p2a: Snorlax\n|-damage|p2a: Snorlax|7/100\n|-unboost|p1a: Hitmonlee|def|1\n|-unboost|p1a: Hitmonlee|spd|1\n|-enditem|p1a: Hitmonlee|White Herb\n|-clearnegativeboost|p1a: Hitmonlee|[silent]\n|move|p2a: Snorlax|Body Slam|p1a: Hitmonlee\n|-damage|p1a: Hitmonlee|97/224\n|\n|upkeep\n|turn|2\n|inactive|Time left: 300 sec this turn | 300 sec total\n|\n|t:|1783534719\n|move|p1a: Hitmonlee|Knock Off|p2a: Snorlax\n|-damage|p2a: Snorlax|0 fnt\n|-enditem|p2a: Snorlax|Chesto Berry|[from] move: Knock Off|[of] p1a: Hitmonlee\n|faint|p2a: Snorlax\n|\n|upkeep\n|\n|t:|1783534720\n|switch|p2a: Metagross|Metagross, L79|100/100\n|turn|3\n|inactive|Time left: 300 sec this turn | 300 sec total\n|\n|t:|1783534722\n|switch|p1a: Politoed|Politoed, L88, F|302/302\n|-weather|RainDance|[from] ability: Drizzle|[of] p1a: Politoed\n|move|p2a: Metagross|Bullet Punch|p1a: Politoed\n|-resisted|p1a: Politoed\n|-damage|p1a: Politoed|266/302\n|\n|-weather|RainDance|[upkeep]\n|upkeep\n|turn|4\n|inactive|Time left: 300 sec this turn | 300 sec total\n|\n|t:|1783534723\n|switch|p2a: Bruxish|Bruxish, L85, M|100/100\n|move|p1a: Politoed|Weather Ball|p2a: Bruxish\n|-resisted|p2a: Bruxish\n|-damage|p2a: Bruxish|42/100\n|\n|-weather|RainDance|[upkeep]\n|upkeep\n|turn|5\n|inactive|Time left: 300 sec this turn | 300 sec total\n|\n|t:|1783534724\n|move|p2a: Bruxish|Flip Turn|p1a: Politoed\n|-resisted|p1a: Politoed\n|-damage|p1a: Politoed|209/302\n|\n|t:|1783534725\n|switch|p2a: Gogoat|Gogoat, L88, F|100/100|[from] Flip Turn\n|move|p1a: Politoed|Weather Ball|p2a: Gogoat\n|-resisted|p2a: Gogoat\n|-damage|p2a: Gogoat|65/100\n|\n|-weather|RainDance|[upkeep]\n|-heal|p2a: Gogoat|71/100|[from] item: Leftovers\n|upkeep\n|turn|6\n|inactive|Time left: 300 sec this turn | 300 sec total\n|\n|t:|1783534726\n|switch|p1a: Greedent|Greedent, L86, F|347/347\n|move|p2a: Gogoat|Horn Leech|p1a: Greedent\n|-damage|p1a: Greedent|269/347\n|-heal|p2a: Gogoat|82/100|[from] drain|[of] p1a: Greedent\n|\n|-weather|RainDance|[upkeep]\n|-heal|p2a: Gogoat|88/100|[from] item: Leftovers\n|upkeep\n|turn|7\n|inactive|Time left: 300 sec this turn | 300 sec total\n|\n|t:|1783534727\n|move|p2a: Gogoat|Bulk Up|p2a: Gogoat\n|-boost|p2a: Gogoat|atk|1\n|-boost|p2a: Gogoat|def|1\n|move|p1a: Greedent|Swords Dance|p1a: Greedent\n|-boost|p1a: Greedent|atk|2\n|\n|-weather|none\n|-heal|p2a: Gogoat|94/100|[from] item: Leftovers\n|upkeep\n|turn|8\n|inactive|Time left: 300 sec this turn | 300 sec total\n|\n|t:|1783534728\n|move|p2a: Gogoat|Bulk Up|p2a: Gogoat\n|-boost|p2a: Gogoat|atk|1\n|-boost|p2a: Gogoat|def|1\n|move|p1a: Greedent|Swords Dance|p1a: Greedent\n|-boost|p1a: Greedent|atk|2\n|\n|-heal|p2a: Gogoat|100/100|[from] item: Leftovers\n|upkeep\n|turn|9\n|inactive|Time left: 300 sec this turn | 300 sec total\n|\n|t:|1783534729\n|move|p2a: Gogoat|Horn Leech|p1a: Greedent\n|-damage|p1a: Greedent|112/347\n|-enditem|p1a: Greedent|Sitrus Berry|[eat]\n|-heal|p1a: Greedent|198/347|[from] item: Sitrus Berry\n|-heal|p1a: Greedent|313/347|[from] ability: Cheek Pouch\n|move|p1a: Greedent|Body Slam|p2a: Gogoat\n|-damage|p2a: Gogoat|50/100\n|-status|p2a: Gogoat|par\n|\n|-heal|p2a: Gogoat|56/100 par|[from] item: Leftovers\n|upkeep\n|turn|10\n|inactive|Time left: 300 sec this turn | 300 sec total\n|\n|t:|1783534730\n|move|p2a: Gogoat|Horn Leech|p1a: Greedent\n|-damage|p1a: Greedent|148/347\n|-heal|p2a: Gogoat|79/100 par|[from] drain|[of] p1a: Greedent\n|move|p1a: Greedent|Body Slam|p2a: Gogoat\n|-damage|p2a: Gogoat|33/100 par\n|\n|-heal|p2a: Gogoat|39/100 par|[from] item: Leftovers\n|upkeep\n|turn|11\n|inactive|Time left: 300 sec this turn | 300 sec total\n|\n|t:|1783534731\n|move|p2a: Gogoat|Horn Leech|p1a: Greedent\n|-damage|p1a: Greedent|0 fnt\n|-heal|p2a: Gogoat|59/100 par|[from] drain|[of] p1a: Greedent\n|faint|p1a: Greedent\n|\n|-heal|p2a: Gogoat|65/100 par|[from] item: Leftovers\n|upkeep\n|inactive|Time left: 300 sec this turn | 300 sec total | 5 sec grace\n|\n|t:|1783534732\n|switch|p1a: Krookodile|Krookodile, L79, F|280/280\n|-ability|p1a: Krookodile|Intimidate|boost\n|-unboost|p2a: Gogoat|atk|1\n|turn|12\n|inactive|Time left: 300 sec this turn | 300 sec total\n|\n|t:|1783534733\n|-terastallize|p1a: Krookodile|Poison\n|move|p1a: Krookodile|Gunk Shot|p2a: Gogoat\n|-supereffective|p2a: Gogoat\n|-damage|p2a: Gogoat|5/100 par\n|-damage|p1a: Krookodile|252/280|[from] item: Life Orb\n|move|p2a: Gogoat|Horn Leech|p1a: Krookodile\n|-resisted|p1a: Krookodile\n|-damage|p1a: Krookodile|171/280\n|-heal|p2a: Gogoat|16/100 par|[from] drain|[of] p1a: Krookodile\n|\n|-heal|p2a: Gogoat|22/100 par|[from] item: Leftovers\n|upkeep\n|turn|13\n|inactive|Time left: 300 sec this turn | 300 sec total\n|\n|t:|1783534734\n|move|p1a: Krookodile|Knock Off|p2a: Gogoat\n|-damage|p2a: Gogoat|0 fnt\n|-enditem|p2a: Gogoat|Leftovers|[from] move: Knock Off|[of] p1a: Krookodile\n|faint|p2a: Gogoat\n|-damage|p1a: Krookodile|143/280|[from] item: Life Orb\n|\n|upkeep\n|\n|t:|1783534735\n|switch|p2a: Bruxish|Bruxish, L85, M|42/100\n|turn|14\n|inactive|Time left: 300 sec this turn | 300 sec total\n|\n|t:|1783534736\n|switch|p1a: Sandaconda|Sandaconda, L84, M|258/258\n|move|p2a: Bruxish|Psychic Fangs|p1a: Sandaconda\n|-crit|p1a: Sandaconda\n|-damage|p1a: Sandaconda|98/258\n|\n|-heal|p1a: Sandaconda|114/258|[from] item: Leftovers\n|upkeep\n|turn|15\n|inactive|Time left: 300 sec this turn | 300 sec total\n|\n|t:|1783534737\n|switch|p1a: Krookodile|Krookodile, L79, F, tera:Poison|143/280\n|-ability|p1a: Krookodile|Intimidate|boost\n|-unboost|p2a: Bruxish|atk|1\n|move|p2a: Bruxish|Psychic Fangs|p1a: Krookodile\n|-supereffective|p1a: Krookodile\n|-damage|p1a: Krookodile|0 fnt\n|faint|p1a: Krookodile\n|\n|upkeep\n|inactive|Time left: 300 sec this turn | 300 sec total | 5 sec grace\n|\n|t:|1783534738\n|switch|p1a: Politoed|Politoed, L88, F|209/302\n|-weather|RainDance|[from] ability: Drizzle|[of] p1a: Politoed\n|turn|16\n|inactive|Time left: 300 sec this turn | 300 sec total\n|\n|t:|1783534739\n|move|p2a: Bruxish|Psychic Fangs|p1a: Politoed\n|-damage|p1a: Politoed|104/302\n|move|p1a: Politoed|Weather Ball|p2a: Bruxish\n|-resisted|p2a: Bruxish\n|-damage|p2a: Bruxish|0 fnt\n|faint|p2a: Bruxish\n|\n|-weather|RainDance|[upkeep]\n|upkeep\n|\n|t:|1783534740\n|switch|p2a: Sunflora|Sunflora, M|100/100\n|turn|17\n|inactive|Time left: 300 sec this turn | 300 sec total\n|\n|t:|1783534741\n|move|p1a: Politoed|Weather Ball|p2a: Sunflora\n|-resisted|p2a: Sunflora\n|-damage|p2a: Sunflora|65/100\n|move|p2a: Sunflora|Sunny Day|p2a: Sunflora\n|-weather|SunnyDay\n|\n|-weather|SunnyDay|[upkeep]\n|upkeep\n|turn|18\n|inactive|Time left: 300 sec this turn | 300 sec total\n|\n|t:|1783534742\n|switch|p1a: Snorlax|Snorlax, L82, M|397/397\n|move|p2a: Sunflora|Solar Beam||[still]\n|-prepare|p2a: Sunflora|Solar Beam\n|-anim|p2a: Sunflora|Solar Beam|p1a: Snorlax\n|-damage|p1a: Snorlax|198/397\n|-damage|p2a: Sunflora|55/100|[from] item: Life Orb\n|\n|-weather|SunnyDay|[upkeep]\n|-heal|p1a: Snorlax|222/397|[from] item: Leftovers\n|upkeep\n|turn|19\n|inactive|Time left: 300 sec this turn | 300 sec total\n|\n|t:|1783534743\n|move|p2a: Sunflora|Solar Beam||[still]\n|-prepare|p2a: Sunflora|Solar Beam\n|-anim|p2a: Sunflora|Solar Beam|p1a: Snorlax\n|-damage|p1a: Snorlax|23/397\n|-damage|p2a: Sunflora|45/100|[from] item: Life Orb\n|move|p1a: Snorlax|Body Slam|p2a: Sunflora\n|-damage|p2a: Sunflora|11/100\n|\n|-weather|SunnyDay|[upkeep]\n|-heal|p1a: Snorlax|47/397|[from] item: Leftovers\n|upkeep\n|turn|20\n|inactive|Time left: 300 sec this turn | 300 sec total\n|\n|t:|1783534744\n|move|p2a: Sunflora|Earth Power|p1a: Snorlax\n|-damage|p1a: Snorlax|0 fnt\n|faint|p1a: Snorlax\n|-damage|p2a: Sunflora|1/100|[from] item: Life Orb\n|\n|-weather|SunnyDay|[upkeep]\n|upkeep\n|inactive|Time left: 300 sec this turn | 300 sec total | 5 sec grace\n|\n|t:|1783534744\n|switch|p1a: Politoed|Politoed, L88, F|104/302\n|-weather|RainDance|[from] ability: Drizzle|[of] p1a: Politoed\n|turn|21\n|inactive|Time left: 300 sec this turn | 300 sec total\n|\n|t:|1783534745\n|move|p1a: Politoed|Weather Ball|p2a: Sunflora\n|-resisted|p2a: Sunflora\n|-damage|p2a: Sunflora|0 fnt\n|faint|p2a: Sunflora\n|\n|-weather|RainDance|[upkeep]\n|upkeep\n|\n|t:|1783534746\n|switch|p2a: Metagross|Metagross, L79|100/100\n|turn|22\n|inactive|Time left: 300 sec this turn | 300 sec total\n|\n|t:|1783534747\n|-terastallize|p2a: Metagross|Water\n|move|p1a: Politoed|Weather Ball|p2a: Metagross\n|-resisted|p2a: Metagross\n|-crit|p2a: Metagross\n|-damage|p2a: Metagross|24/100\n|move|p2a: Metagross|Heavy Slam|p1a: Politoed\n|-resisted|p1a: Politoed\n|-damage|p1a: Politoed|0 fnt\n|faint|p1a: Politoed\n|\n|-weather|RainDance|[upkeep]\n|upkeep\n|inactive|Time left: 300 sec this turn | 300 sec total | 5 sec grace\n|\n|t:|1783534748\n|switch|p1a: Sandaconda|Sandaconda, L84, M|114/258\n|turn|23\n|inactive|Time left: 300 sec this turn | 300 sec total\n|\n|t:|1783534749\n|move|p1a: Sandaconda|Earthquake|p2a: Metagross\n|-damage|p2a: Metagross|0 fnt\n|faint|p2a: Metagross\n|\n|-weather|RainDance|[upkeep]\n|-heal|p1a: Sandaconda|130/258|[from] item: Leftovers\n|upkeep\n|\n|t:|1783534750\n|switch|p2a: Walking Wake|Walking Wake, L79|100/100\n|turn|24\n|inactive|Time left: 300 sec this turn | 300 sec total\n|\n|t:|1783534751\n|move|p2a: Walking Wake|Hydro Steam|p1a: Sandaconda\n|-supereffective|p1a: Sandaconda\n|-damage|p1a: Sandaconda|0 fnt\n|faint|p1a: Sandaconda\n|-damage|p2a: Walking Wake|91/100|[from] item: Life Orb\n|\n|-weather|RainDance|[upkeep]\n|upkeep\n|inactive|Time left: 300 sec this turn | 300 sec total | 5 sec grace\n|\n|t:|1783534752\n|switch|p1a: Hitmonlee|Hitmonlee, L85, M|97/224\n|turn|25\n|inactive|Time left: 300 sec this turn | 300 sec total\n|\n|t:|1783534753\n|move|p2a: Walking Wake|Hydro Steam|p1a: Hitmonlee\n|-damage|p1a: Hitmonlee|0 fnt\n|faint|p1a: Hitmonlee\n|-damage|p2a: Walking Wake|81/100|[from] item: Life Orb\n|\n|win|p0y081612f", "uploadtime": 1783534753, "views": 0, "rating": 0, "private": 0, "password": null, "_winner": "p0y081612f", "_our_name": "p0x0813cca"}