{"id": "battle-gen9randombattle-283", "formatid": "gen9randombattle", "format": "[Gen 9] Random Battle", "players": ["p0x2832f4b", "p0y2833f75"], "log": "|init|battle\n|title|p0x2832f4b vs. p0y2833f75\n|j|\u2606p0x2832f4b\n|j|\u2606p0y2833f75\n|t:|1783542349\n|gametype|singles\n|player|p1|p0x2832f4b|169|\n|player|p2|p0y2833f75|265|\n|gen|9\n|tier|[Gen 9] Random Battle\n|rule|Species Clause: Limit one of each Pok\u00e9mon\n|rule|HP Percentage Mod: HP is shown in percentages\n|rule|Sleep Clause Mod: Limit one foe put to sleep\n|rule|Illusion Level Mod: Illusion disguises the Pok\u00e9mon's true level\n|\n|t:|1783542349\n|teamsize|p1|6\n|teamsize|p2|6\n|start\n|switch|p1a: Qwilfish|Qwilfish-Hisui, L83, F|100/100\n|switch|p2a: Serperior|Serperior, L79, M|248/248\n|-ability|p1a: Qwilfish|Intimidate|boost\n|-boost|p2a: Serperior|atk|1\n|turn|1\n|inactive|Battle timer is ON: inactive players will automatically lose when time's up. (requested by p0x2832f4b)\n|inactive|Time left: 300 sec this turn | 300 sec total | 60 sec grace\n|inactive|p0y2833f75 also wants the timer to be on.\n|\n|t:|1783542351\n|move|p2a: Serperior|Leaf Storm|p1a: Qwilfish|[miss]\n|-miss|p2a: Serperior|p1a: Qwilfish\n|move|p1a: Qwilfish|Gunk Shot|p2a: Serperior\n|-supereffective|p2a: Serperior\n|-damage|p2a: Serperior|8/248\n|\n|-heal|p2a: Serperior|23/248|[from] item: Leftovers\n|upkeep\n|turn|2\n|inactive|Time left: 300 sec this turn | 300 sec total\n|\n|t:|1783542352\n|move|p2a: Serperior|Leech Seed|p1a: Qwilfish\n|-start|p1a: Qwilfish|move: Leech Seed\n|move|p1a: Qwilfish|Crunch|p2a: Serperior\n|-damage|p2a: Serperior|0 fnt\n|faint|p2a: Serperior\n|\n|upkeep\n|inactive|Time left: 300 sec this turn | 300 sec total | 5 sec grace\n|\n|t:|1783542353\n|switch|p2a: Metagross|Metagross, L79|256/256\n|turn|3\n|inactive|Time left: 300 sec this turn | 300 sec total\n|\n|t:|1783542354\n|switch|p1a: Dragonite|Dragonite, L74, F|100/100\n|move|p2a: Metagross|Stealth Rock|p1a: Dragonite\n|-sidestart|p1: p0x2832f4b|move: Stealth Rock\n|\n|upkeep\n|turn|4\n|inactive|Time left: 300 sec this turn | 300 sec total\n|\n|t:|1783542355\n|move|p1a: Dragonite|Dragon Dance|p1a: Dragonite\n|-boost|p1a: Dragonite|atk|1\n|-boost|p1a: Dragonite|spe|1\n|move|p2a: Metagross|Psychic Fangs|p1a: Dragonite\n|-damage|p1a: Dragonite|81/100\n|\n|upkeep\n|turn|5\n|inactive|Time left: 300 sec this turn | 300 sec total\n|\n|t:|1783542356\n|move|p1a: Dragonite|Earthquake|p2a: Metagross\n|-supereffective|p2a: Metagross\n|-damage|p2a: Metagross|96/256\n|move|p2a: Metagross|Psychic Fangs|p1a: Dragonite\n|-damage|p1a: Dragonite|35/100\n|\n|-heal|p2a: Metagross|112/256|[from] item: Leftovers\n|upkeep\n|turn|6\n|inactive|Time left: 300 sec this turn | 300 sec total\n|\n|t:|1783542357\n|move|p1a: Dragonite|Earthquake|p2a: Metagross\n|-supereffective|p2a: Metagross\n|-damage|p2a: Metagross|0 fnt\n|faint|p2a: Metagross\n|\n|upkeep\n|inactive|Time left: 300 sec this turn | 300 sec total | 5 sec grace\n|\n|t:|1783542358\n|switch|p2a: Misdreavus|Misdreavus, L90, F|254/254\n|turn|7\n|inactive|Time left: 300 sec this turn | 300 sec total\n|\n|t:|1783542359\n|move|p1a: Dragonite|Iron Head|p2a: Misdreavus\n|-damage|p2a: Misdreavus|178/254\n|cant|p2a: Misdreavus|flinch\n|\n|upkeep\n|turn|8\n|inactive|Time left: 300 sec this turn | 300 sec total\n|\n|t:|1783542360\n|move|p1a: Dragonite|Outrage|p2a: Misdreavus\n|-damage|p2a: Misdreavus|10/254\n|move|p2a: Misdreavus|Shadow Ball|p1a: Dragonite\n|-damage|p1a: Dragonite|0 fnt\n|faint|p1a: Dragonite\n|\n|upkeep\n|\n|t:|1783542361\n|switch|p1a: Scyther|Scyther, L82, F|100/100\n|turn|9\n|inactive|Time left: 300 sec this turn | 300 sec total\n|\n|t:|1783542362\n|switch|p2a: Raging Bolt|Raging Bolt, L78|323/323\n|-enditem|p2a: Raging Bolt|Booster Energy\n|-activate|p2a: Raging Bolt|ability: Protosynthesis|[fromitem]\n|-start|p2a: Raging Bolt|protosynthesisspa\n|move|p1a: Scyther|Bug Bite|p2a: Raging Bolt\n|-damage|p2a: Raging Bolt|218/323\n|\n|upkeep\n|turn|10\n|inactive|Time left: 300 sec this turn | 300 sec total\n|\n|t:|1783542363\n|switch|p1a: Umbreon|Umbreon, L84, F|100/100\n|-damage|p1a: Umbreon|88/100|[from] Stealth Rock\n|move|p2a: Raging Bolt|Thunderbolt|p1a: Umbreon\n|-damage|p1a: Umbreon|50/100\n|-status|p1a: Umbreon|par\n|-activate|p1a: Umbreon|ability: Synchronize\n|-immune|p2a: Raging Bolt\n|\n|-heal|p1a: Umbreon|56/100 par|[from] item: Leftovers\n|upkeep\n|turn|11\n|inactive|Time left: 300 sec this turn | 300 sec total\n|\n|t:|1783542364\n|move|p2a: Raging Bolt|Calm Mind|p2a: Raging Bolt\n|-boost|p2a: Raging Bolt|spa|1\n|-boost|p2a: Raging Bolt|spd|1\n|cant|p1a: Umbreon|par\n|\n|-heal|p1a: Umbreon|62/100 par|[from] item: Leftovers\n|upkeep\n|turn|12\n|inactive|Time left: 300 sec this turn | 300 sec total\n|\n|t:|1783542365\n|move|p2a: Raging Bolt|Calm Mind|p2a: Raging Bolt\n|-boost|p2a: Raging Bolt|spa|1\n|-boost|p2a: Raging Bolt|spd|1\n|move|p1a: Umbreon|Toxic|p2a: Raging Bolt\n|-status|p2a: Raging Bolt|tox\n|\n|-heal|p1a: Umbreon|69/100 par|[from] item: Leftovers\n|-damage|p2a: Raging Bolt|198/323 tox|[from] psn\n|upkeep\n|turn|13\n|inactive|Time left: 300 sec this turn | 300 sec total\n|\n|t:|1783542365\n|move|p1a: Umbreon|Protect|p1a: Umbreon\n|-singleturn|p1a: Umbreon|Protect\n|move|p2a: Raging Bolt|Thunderbolt|p1a: Umbreon\n|-activate|p1a: Umbreon|move: Protect\n|\n|-heal|p1a: Umbreon|75/100 par|[from] item: Leftovers\n|-damage|p2a: Raging Bolt|158/323 tox|[from] psn\n|upkeep\n|turn|14\n|inactive|Time left: 300 sec this turn | 300 sec total\n|\n|t:|1783542366\n|move|p2a: Raging Bolt|Thunderbolt|p1a: Umbreon\n|-damage|p1a: Umbreon|9/100 par\n|move|p1a: Umbreon|Foul Play|p2a: Raging Bolt\n|-damage|p2a: Raging Bolt|95/323 tox\n|\n|-heal|p1a: Umbreon|15/100 par|[from] item: Leftovers\n|-damage|p2a: Raging Bolt|35/323 tox|[from] psn\n|upkeep\n|turn|15\n|inactive|Time left: 300 sec this turn | 300 sec total\n|\n|t:|1783542367\n|move|p2a: Raging Bolt|Dragon Pulse|p1a: Umbreon\n|-damage|p1a: Umbreon|0 fnt\n|faint|p1a: Umbreon\n|\n|-damage|p2a: Raging Bolt|0 fnt|[from] psn\n|faint|p2a: Raging Bolt\n|-end|p2a: Raging Bolt|Protosynthesis|[silent]\n|upkeep\n|inactive|Time left: 300 sec this turn | 300 sec total | 5 sec grace\n|\n|t:|1783542368\n|switch|p2a: Arceus|Arceus, L68|276/276\n|switch|p1a: Scyther|Scyther, L82, F|100/100\n|turn|16\n|inactive|Time left: 300 sec this turn | 300 sec total\n|\n|t:|1783542370\n|-terastallize|p2a: Arceus|Ghost\n|move|p1a: Scyther|Swords Dance|p1a: Scyther\n|-boost|p1a: Scyther|atk|2\n|move|p2a: Arceus|Swords Dance|p2a: Arceus\n|-boost|p2a: Arceus|atk|2\n|\n|upkeep\n|turn|17\n|inactive|Time left: 300 sec this turn | 300 sec total\n|\n|t:|1783542371\n|move|p1a: Scyther|Dual Wingbeat|p2a: Arceus\n|-damage|p2a: Arceus|144/276\n|-damage|p2a: Arceus|20/276\n|-hitcount|p2a: Arceus|2\n|move|p2a: Arceus|Swords Dance|p2a: Arceus\n|-boost|p2a: Arceus|atk|2\n|\n|upkeep\n|turn|18\n|inactive|Time left: 300 sec this turn | 300 sec total\n|\n|t:|1783542372\n|switch|p1a: Qwilfish|Qwilfish-Hisui, L83, F|100/100\n|-damage|p1a: Qwilfish|88/100|[from] Stealth Rock\n|-ability|p1a: Qwilfish|Intimidate|boost\n|-unboost|p2a: Arceus|atk|1\n|move|p2a: Arceus|Extreme Speed|p1a: Qwilfish\n|-damage|p1a: Qwilfish|24/100\n|-damage|p2a: Arceus|0 fnt|[from] item: Life Orb\n|faint|p2a: Arceus\n|\n|upkeep\n|inactive|Time left: 300 sec this turn | 300 sec total | 5 sec grace\n|\n|t:|1783542373\n|switch|p2a: Misdreavus|Misdreavus, L90, F|10/254\n|turn|19\n|inactive|Time left: 300 sec this turn | 300 sec total\n|\n|t:|1783542374\n|move|p2a: Misdreavus|Shadow Ball|p1a: Qwilfish\n|-resisted|p1a: Qwilfish\n|-damage|p1a: Qwilfish|7/100\n|-unboost|p1a: Qwilfish|spd|1\n|move|p1a: Qwilfish|Crunch|p2a: Misdreavus\n|-supereffective|p2a: Misdreavus\n|-damage|p2a: Misdreavus|0 fnt\n|faint|p2a: Misdreavus\n|\n|upkeep\n|inactive|Time left: 300 sec this turn | 300 sec total | 5 sec grace\n|\n|t:|1783542375\n|switch|p2a: Iron Leaves|Iron Leaves, L80|275/275\n|turn|20\n|inactive|Time left: 300 sec this turn | 300 sec total\n|\n|t:|1783542376\n|switch|p1a: Scyther|Scyther, L82, F|100/100\n|move|p2a: Iron Leaves|Psyblade|p1a: Scyther\n|-damage|p1a: Scyther|43/100\n|-damage|p2a: Iron Leaves|248/275|[from] item: Life Orb\n|\n|upkeep\n|turn|21\n|inactive|Time left: 300 sec this turn | 300 sec total\n|\n|t:|1783542377\n|-terastallize|p1a: Scyther|Fighting\n|move|p1a: Scyther|Bug Bite|p2a: Iron Leaves\n|-supereffective|p2a: Iron Leaves\n|-damage|p2a: Iron Leaves|0 fnt\n|faint|p2a: Iron Leaves\n|-end|p2a: Iron Leaves|Quark Drive|[silent]\n|\n|win|p0x2832f4b", "uploadtime": 1783542377, "views": 0, "rating": 0, "private": 0, "password": null, "_winner": "p0x2832f4b", "_our_name": "p0y2833f75"}