{"id": "battle-gen9randombattle-2356", "formatid": "gen9randombattle", "format": "[Gen 9] Random Battle", "players": ["p0x2356a11e", "p0y235608ad"], "log": "|init|battle\n|title|p0x2356a11e vs. p0y235608ad\n|j|\u2606p0x2356a11e\n|j|\u2606p0y235608ad\n|t:|1783567388\n|gametype|singles\n|player|p1|p0x2356a11e|265|\n|player|p2|p0y235608ad|265|\n|gen|9\n|tier|[Gen 9] Random Battle\n|rule|Species Clause: Limit one of each Pok\u00e9mon\n|rule|HP Percentage Mod: HP is shown in percentages\n|rule|Sleep Clause Mod: Limit one foe put to sleep\n|rule|Illusion Level Mod: Illusion disguises the Pok\u00e9mon's true level\n|\n|t:|1783567388\n|teamsize|p1|6\n|teamsize|p2|6\n|start\n|switch|p1a: Kyogre|Kyogre, L71|100/100\n|switch|p2a: Umbreon|Umbreon, L84, M|297/297\n|-weather|RainDance|[from] ability: Drizzle|[of] p1a: Kyogre\n|turn|1\n|inactive|Battle timer is ON: inactive players will automatically lose when time's up. (requested by p0x2356a11e)\n|inactive|Time left: 300 sec this turn | 300 sec total | 60 sec grace\n|\n|t:|1783567389\n|move|p1a: Kyogre|Water Spout|p2a: Umbreon\n|-damage|p2a: Umbreon|132/297\n|move|p2a: Umbreon|Foul Play|p1a: Kyogre\n|-damage|p1a: Kyogre|69/100\n|\n|-weather|RainDance|[upkeep]\n|-heal|p2a: Umbreon|150/297|[from] item: Leftovers\n|upkeep\n|turn|2\n|inactive|Time left: 300 sec this turn | 300 sec total\n|inactive|p0y235608ad also wants the timer to be on.\n|\n|t:|1783567390\n|switch|p2a: Volcanion|Volcanion, L79|255/255\n|move|p1a: Kyogre|Water Spout|p2a: Volcanion\n|-immune|p2a: Volcanion|[from] ability: Water Absorb\n|\n|-weather|RainDance|[upkeep]\n|upkeep\n|turn|3\n|inactive|Time left: 300 sec this turn | 300 sec total\n|\n|t:|1783567391\n|move|p1a: Kyogre|Water Spout|p2a: Volcanion\n|-immune|p2a: Volcanion|[from] ability: Water Absorb\n|move|p2a: Volcanion|Steam Eruption|p1a: Kyogre\n|-resisted|p1a: Kyogre\n|-damage|p1a: Kyogre|39/100\n|\n|-weather|RainDance|[upkeep]\n|upkeep\n|turn|4\n|inactive|Time left: 300 sec this turn | 300 sec total\n|\n|t:|1783567392\n|switch|p1a: Exeggutor|Exeggutor, L89, F|100/100\n|move|p2a: Volcanion|Steam Eruption|p1a: Exeggutor\n|-resisted|p1a: Exeggutor\n|-damage|p1a: Exeggutor|68/100\n|-status|p1a: Exeggutor|brn\n|\n|-weather|RainDance|[upkeep]\n|-damage|p1a: Exeggutor|62/100 brn|[from] brn\n|upkeep\n|turn|5\n|inactive|Time left: 300 sec this turn | 300 sec total\n|\n|t:|1783567393\n|move|p2a: Volcanion|Steam Eruption|p1a: Exeggutor\n|-resisted|p1a: Exeggutor\n|-damage|p1a: Exeggutor|31/100 brn\n|-enditem|p1a: Exeggutor|Sitrus Berry|[eat]\n|-heal|p1a: Exeggutor|56/100 brn|[from] item: Sitrus Berry\n|move|p1a: Exeggutor|Leech Seed|p2a: Volcanion\n|-start|p2a: Volcanion|move: Leech Seed\n|\n|-weather|none\n|-damage|p2a: Volcanion|224/255|[from] Leech Seed|[of] p1a: Exeggutor\n|-heal|p1a: Exeggutor|66/100 brn|[silent]\n|-damage|p1a: Exeggutor|60/100 brn|[from] brn\n|upkeep\n|turn|6\n|inactive|Time left: 300 sec this turn | 300 sec total\n|\n|t:|1783567394\n|move|p2a: Volcanion|Flamethrower|p1a: Exeggutor\n|-supereffective|p1a: Exeggutor\n|-damage|p1a: Exeggutor|0 fnt\n|faint|p1a: Exeggutor\n|\n|upkeep\n|\n|t:|1783567395\n|switch|p1a: Kleavor|Kleavor, L78, F|100/100\n|turn|7\n|inactive|Time left: 300 sec this turn | 300 sec total\n|\n|t:|1783567396\n|move|p1a: Kleavor|Stone Axe|p2a: Volcanion\n|-supereffective|p2a: Volcanion\n|-damage|p2a: Volcanion|20/255\n|-sidestart|p2: p0y235608ad|move: Stealth Rock\n|move|p2a: Volcanion|Steam Eruption|p1a: Kleavor\n|-supereffective|p1a: Kleavor\n|-damage|p1a: Kleavor|0 fnt\n|faint|p1a: Kleavor\n|\n|upkeep\n|\n|t:|1783567397\n|switch|p1a: Braviary|Braviary, L85, M|100/100\n|turn|8\n|inactive|Time left: 300 sec this turn | 300 sec total\n|\n|t:|1783567398\n|move|p1a: Braviary|Bulk Up|p1a: Braviary\n|-boost|p1a: Braviary|atk|1\n|-boost|p1a: Braviary|def|1\n|move|p2a: Volcanion|Steam Eruption|p1a: Braviary\n|-damage|p1a: Braviary|54/100\n|\n|-damage|p2a: Volcanion|0 fnt|[from] Leech Seed|[of] p1a: Braviary\n|-heal|p1a: Braviary|60/100|[silent]\n|faint|p2a: Volcanion\n|upkeep\n|inactive|Time left: 300 sec this turn | 300 sec total | 5 sec grace\n|\n|t:|1783567399\n|switch|p2a: Wigglytuff|Wigglytuff, L96, M|424/424\n|-damage|p2a: Wigglytuff|371/424|[from] Stealth Rock\n|turn|9\n|inactive|Time left: 300 sec this turn | 300 sec total\n|\n|t:|1783567400\n|move|p1a: Braviary|Bulk Up|p1a: Braviary\n|-boost|p1a: Braviary|atk|1\n|-boost|p1a: Braviary|def|1\n|move|p2a: Wigglytuff|Alluring Voice|p1a: Braviary\n|-damage|p1a: Braviary|21/100\n|-start|p1a: Braviary|confusion\n|\n|-heal|p2a: Wigglytuff|397/424|[from] item: Leftovers\n|upkeep\n|turn|10\n|inactive|Time left: 300 sec this turn | 300 sec total\n|\n|t:|1783567401\n|-activate|p1a: Braviary|confusion\n|move|p1a: Braviary|Roost|p1a: Braviary\n|-heal|p1a: Braviary|71/100\n|-singleturn|p1a: Braviary|move: Roost\n|move|p2a: Wigglytuff|Alluring Voice|p1a: Braviary\n|-damage|p1a: Braviary|35/100\n|\n|-heal|p2a: Wigglytuff|423/424|[from] item: Leftovers\n|upkeep\n|turn|11\n|inactive|Time left: 300 sec this turn | 300 sec total\n|\n|t:|1783567401\n|-activate|p1a: Braviary|confusion\n|move|p1a: Braviary|Roost|p1a: Braviary\n|-heal|p1a: Braviary|85/100\n|-singleturn|p1a: Braviary|move: Roost\n|move|p2a: Wigglytuff|Alluring Voice|p1a: Braviary\n|-damage|p1a: Braviary|50/100\n|\n|-heal|p2a: Wigglytuff|424/424|[from] item: Leftovers\n|upkeep\n|turn|12\n|inactive|Time left: 300 sec this turn | 300 sec total\n|\n|t:|1783567402\n|-activate|p1a: Braviary|confusion\n|-damage|p1a: Braviary|37/100|[from] confusion\n|move|p2a: Wigglytuff|Alluring Voice|p1a: Braviary\n|-damage|p1a: Braviary|4/100\n|\n|upkeep\n|turn|13\n|inactive|Time left: 300 sec this turn | 300 sec total\n|\n|t:|1783567404\n|-end|p1a: Braviary|confusion\n|move|p1a: Braviary|Roost|p1a: Braviary\n|-heal|p1a: Braviary|54/100\n|-singleturn|p1a: Braviary|move: Roost\n|move|p2a: Wigglytuff|Fire Blast|p1a: Braviary\n|-crit|p1a: Braviary\n|-damage|p1a: Braviary|9/100\n|\n|upkeep\n|turn|14\n|inactive|Time left: 300 sec this turn | 300 sec total\n|\n|t:|1783567405\n|move|p1a: Braviary|Roost|p1a: Braviary\n|-heal|p1a: Braviary|59/100\n|-singleturn|p1a: Braviary|move: Roost\n|move|p2a: Wigglytuff|Fire Blast|p1a: Braviary\n|-damage|p1a: Braviary|27/100\n|\n|upkeep\n|turn|15\n|inactive|Time left: 300 sec this turn | 300 sec total\n|\n|t:|1783567406\n|move|p1a: Braviary|Roost|p1a: Braviary\n|-heal|p1a: Braviary|77/100\n|-singleturn|p1a: Braviary|move: Roost\n|move|p2a: Wigglytuff|Alluring Voice|p1a: Braviary\n|-damage|p1a: Braviary|43/100\n|\n|upkeep\n|turn|16\n|inactive|Time left: 300 sec this turn | 300 sec total\n|\n|t:|1783567406\n|move|p1a: Braviary|Roost|p1a: Braviary\n|-heal|p1a: Braviary|93/100\n|-singleturn|p1a: Braviary|move: Roost\n|move|p2a: Wigglytuff|Alluring Voice|p1a: Braviary\n|-damage|p1a: Braviary|55/100\n|\n|upkeep\n|turn|17\n|inactive|Time left: 300 sec this turn | 300 sec total\n|\n|t:|1783567407\n|move|p1a: Braviary|Roost|p1a: Braviary\n|-heal|p1a: Braviary|100/100\n|-singleturn|p1a: Braviary|move: Roost\n|move|p2a: Wigglytuff|Alluring Voice|p1a: Braviary\n|-damage|p1a: Braviary|63/100\n|\n|upkeep\n|turn|18\n|inactive|Time left: 300 sec this turn | 300 sec total\n|\n|t:|1783567408\n|move|p1a: Braviary|Brave Bird|p2a: Wigglytuff\n|-damage|p2a: Wigglytuff|0 fnt\n|faint|p2a: Wigglytuff\n|-damage|p1a: Braviary|18/100|[from] Recoil\n|\n|upkeep\n|inactive|Time left: 300 sec this turn | 300 sec total | 5 sec grace\n|\n|t:|1783567409\n|switch|p2a: Mismagius|Mismagius, L86, M|243/243\n|-damage|p2a: Mismagius|213/243|[from] Stealth Rock\n|turn|19\n|inactive|Time left: 300 sec this turn | 300 sec total\n|\n|t:|1783567410\n|move|p2a: Mismagius|Mystical Fire|p1a: Braviary\n|-damage|p1a: Braviary|0 fnt\n|faint|p1a: Braviary\n|-damage|p2a: Mismagius|189/243|[from] item: Life Orb\n|\n|upkeep\n|\n|t:|1783567411\n|switch|p1a: Kyogre|Kyogre, L71|39/100\n|-weather|RainDance|[from] ability: Drizzle|[of] p1a: Kyogre\n|turn|20\n|inactive|Time left: 300 sec this turn | 300 sec total\n|\n|t:|1783567412\n|-terastallize|p1a: Kyogre|Water\n|move|p1a: Kyogre|Origin Pulse|p2a: Mismagius\n|-damage|p2a: Mismagius|0 fnt\n|faint|p2a: Mismagius\n|\n|-weather|RainDance|[upkeep]\n|upkeep\n|inactive|Time left: 300 sec this turn | 300 sec total | 5 sec grace\n|\n|t:|1783567413\n|switch|p2a: Lilligant|Lilligant-Hisui, L79, F|240/240\n|-damage|p2a: Lilligant|225/240|[from] Stealth Rock\n|turn|21\n|inactive|Time left: 300 sec this turn | 300 sec total\n|\n|t:|1783567414\n|move|p1a: Kyogre|Origin Pulse|p2a: Lilligant\n|-resisted|p2a: Lilligant\n|-damage|p2a: Lilligant|91/240\n|move|p2a: Lilligant|Victory Dance|p2a: Lilligant\n|-boost|p2a: Lilligant|atk|1\n|-boost|p2a: Lilligant|def|1\n|-boost|p2a: Lilligant|spe|1\n|\n|-weather|RainDance|[upkeep]\n|upkeep\n|turn|22\n|inactive|Time left: 300 sec this turn | 300 sec total\n|\n|t:|1783567415\n|move|p2a: Lilligant|Close Combat|p1a: Kyogre\n|-damage|p1a: Kyogre|0 fnt\n|-unboost|p2a: Lilligant|def|1\n|-unboost|p2a: Lilligant|spd|1\n|faint|p1a: Kyogre\n|-damage|p2a: Lilligant|67/240|[from] item: Life Orb\n|\n|-weather|RainDance|[upkeep]\n|upkeep\n|\n|t:|1783567416\n|switch|p1a: Mudsdale|Mudsdale, L83, F|100/100\n|turn|23\n|inactive|Time left: 300 sec this turn | 300 sec total\n|\n|t:|1783567417\n|move|p2a: Lilligant|Leaf Blade|p1a: Mudsdale\n|-supereffective|p1a: Mudsdale\n|-damage|p1a: Mudsdale|0 fnt\n|faint|p1a: Mudsdale\n|-damage|p2a: Lilligant|43/240|[from] item: Life Orb\n|\n|-weather|RainDance|[upkeep]\n|upkeep\n|\n|t:|1783567418\n|switch|p1a: Spectrier|Spectrier, L75|100/100\n|turn|24\n|inactive|Time left: 300 sec this turn | 300 sec total\n|\n|t:|1783567419\n|move|p2a: Lilligant|Leaf Blade|p1a: Spectrier\n|-damage|p1a: Spectrier|0 fnt\n|faint|p1a: Spectrier\n|-damage|p2a: Lilligant|19/240|[from] item: Life Orb\n|\n|win|p0y235608ad", "uploadtime": 1783567419, "views": 0, "rating": 0, "private": 0, "password": null, "_winner": "p0y235608ad", "_our_name": "p0y235608ad"}