{"id": "battle-gen9randombattle-361", "formatid": "gen9randombattle", "format": "[Gen 9] Random Battle", "players": ["p0x361511b", "p0y3614aa4"], "log": "|init|battle\n|title|p0x361511b vs. p0y3614aa4\n|j|\u2606p0x361511b\n|j|\u2606p0y3614aa4\n|t:|1783543328\n|gametype|singles\n|player|p1|p0x361511b|2|\n|player|p2|p0y3614aa4|2|\n|gen|9\n|tier|[Gen 9] Random Battle\n|rule|Species Clause: Limit one of each Pok\u00e9mon\n|rule|HP Percentage Mod: HP is shown in percentages\n|rule|Sleep Clause Mod: Limit one foe put to sleep\n|rule|Illusion Level Mod: Illusion disguises the Pok\u00e9mon's true level\n|\n|t:|1783543328\n|teamsize|p1|6\n|teamsize|p2|6\n|start\n|switch|p1a: Klefki|Klefki, L84, M|233/233\n|switch|p2a: Weavile|Weavile, L79, F|100/100\n|turn|1\n|inactive|Battle timer is ON: inactive players will automatically lose when time's up. (requested by p0y3614aa4)\n|inactive|Time left: 300 sec this turn | 300 sec total | 60 sec grace\n|inactive|p0x361511b also wants the timer to be on.\n|\n|t:|1783543329\n|move|p2a: Weavile|Swords Dance|p2a: Weavile\n|-boost|p2a: Weavile|atk|2\n|move|p1a: Klefki|Play Rough|p2a: Weavile\n|-supereffective|p2a: Weavile\n|-damage|p2a: Weavile|10/100\n|\n|upkeep\n|turn|2\n|inactive|Time left: 300 sec this turn | 300 sec total\n|\n|t:|1783543330\n|move|p2a: Weavile|Knock Off|p1a: Klefki\n|-resisted|p1a: Klefki\n|-damage|p1a: Klefki|126/233\n|-enditem|p1a: Klefki|Leftovers|[from] move: Knock Off|[of] p2a: Weavile\n|move|p1a: Klefki|Play Rough|p2a: Weavile\n|-supereffective|p2a: Weavile\n|-damage|p2a: Weavile|0 fnt\n|faint|p2a: Weavile\n|\n|upkeep\n|\n|t:|1783543331\n|switch|p2a: Porygon-Z|Porygon-Z, L83|100/100\n|turn|3\n|inactive|Time left: 300 sec this turn | 300 sec total\n|\n|t:|1783543331\n|move|p1a: Klefki|Spikes|p2a: Porygon-Z\n|-sidestart|p2: p0y3614aa4|Spikes\n|move|p2a: Porygon-Z|Nasty Plot|p2a: Porygon-Z\n|-boost|p2a: Porygon-Z|spa|2\n|\n|upkeep\n|turn|4\n|inactive|Time left: 300 sec this turn | 300 sec total\n|\n|t:|1783543332\n|move|p1a: Klefki|Thunder Wave|p2a: Porygon-Z\n|-status|p2a: Porygon-Z|par\n|move|p2a: Porygon-Z|Agility|p2a: Porygon-Z\n|-boost|p2a: Porygon-Z|spe|2\n|\n|upkeep\n|turn|5\n|inactive|Time left: 300 sec this turn | 300 sec total\n|\n|t:|1783543333\n|move|p1a: Klefki|Spikes|p2a: Porygon-Z\n|-sidestart|p2: p0y3614aa4|Spikes\n|move|p2a: Porygon-Z|Tera Blast|p1a: Klefki\n|-resisted|p1a: Klefki\n|-damage|p1a: Klefki|0 fnt\n|faint|p1a: Klefki\n|-damage|p2a: Porygon-Z|91/100 par|[from] item: Life Orb\n|\n|upkeep\n|inactive|Time left: 300 sec this turn | 300 sec total | 5 sec grace\n|\n|t:|1783543334\n|switch|p1a: Tauros|Tauros-Paldea-Aqua, L81, M|254/254\n|-ability|p1a: Tauros|Intimidate|boost\n|-unboost|p2a: Porygon-Z|atk|1\n|turn|6\n|inactive|Time left: 300 sec this turn | 300 sec total\n|\n|t:|1783543335\n|-terastallize|p2a: Porygon-Z|Fighting\n|move|p1a: Tauros|Close Combat|p2a: Porygon-Z\n|-damage|p2a: Porygon-Z|13/100 par\n|-unboost|p1a: Tauros|def|1\n|-unboost|p1a: Tauros|spd|1\n|move|p2a: Porygon-Z|Shadow Ball|p1a: Tauros\n|-damage|p1a: Tauros|0 fnt\n|faint|p1a: Tauros\n|-damage|p2a: Porygon-Z|4/100 par|[from] item: Life Orb\n|\n|upkeep\n|inactive|Time left: 300 sec this turn | 300 sec total | 5 sec grace\n|\n|t:|1783543336\n|switch|p1a: Cacturne|Cacturne, L92, M|278/278\n|turn|7\n|inactive|Time left: 300 sec this turn | 300 sec total\n|\n|t:|1783543338\n|move|p1a: Cacturne|Sucker Punch|p2a: Porygon-Z\n|-resisted|p2a: Porygon-Z\n|-damage|p2a: Porygon-Z|0 fnt\n|faint|p2a: Porygon-Z\n|-damage|p1a: Cacturne|251/278|[from] item: Life Orb\n|\n|upkeep\n|\n|t:|1783543339\n|switch|p2a: Mienshao|Mienshao, L83, F|100/100\n|-damage|p2a: Mienshao|84/100|[from] Spikes\n|turn|8\n|inactive|Time left: 300 sec this turn | 300 sec total\n|\n|t:|1783543340\n|switch|p1a: Greedent|Greedent, L86, M|347/347\n|move|p2a: Mienshao|High Jump Kick|p1a: Greedent\n|-supereffective|p1a: Greedent\n|-damage|p1a: Greedent|0 fnt\n|faint|p1a: Greedent\n|\n|upkeep\n|inactive|Time left: 300 sec this turn | 300 sec total | 5 sec grace\n|\n|t:|1783543341\n|switch|p1a: Cacturne|Cacturne, L92, M|251/278\n|turn|9\n|inactive|Time left: 300 sec this turn | 300 sec total\n|\n|t:|1783543342\n|move|p2a: Mienshao|High Jump Kick|p1a: Cacturne\n|-supereffective|p1a: Cacturne\n|-damage|p1a: Cacturne|0 fnt\n|faint|p1a: Cacturne\n|\n|upkeep\n|inactive|Time left: 300 sec this turn | 300 sec total | 5 sec grace\n|\n|t:|1783543343\n|switch|p1a: Kleavor|Kleavor, L78, M|237/237\n|turn|10\n|inactive|Time left: 300 sec this turn | 300 sec total\n|\n|t:|1783543344\n|move|p2a: Mienshao|High Jump Kick|p1a: Kleavor\n|-damage|p1a: Kleavor|0 fnt\n|faint|p1a: Kleavor\n|\n|upkeep\n|inactive|Time left: 300 sec this turn | 300 sec total | 5 sec grace\n|\n|t:|1783543345\n|switch|p1a: Camerupt|Camerupt, L91, F|275/275\n|turn|11\n|inactive|Time left: 300 sec this turn | 300 sec total\n|\n|t:|1783543346\n|move|p2a: Mienshao|High Jump Kick|p1a: Camerupt\n|-damage|p1a: Camerupt|0 fnt\n|faint|p1a: Camerupt\n|\n|win|p0y3614aa4", "uploadtime": 1783543346, "views": 0, "rating": 0, "private": 0, "password": null, "_winner": "p0y3614aa4", "_our_name": "p0x361511b"}