{"id": "battle-gen9randombattle-1309", "formatid": "gen9randombattle", "format": "[Gen 9] Random Battle", "players": ["p0x1309bd3a", "p0y13091c36"], "log": "|init|battle\n|title|p0x1309bd3a vs. p0y13091c36\n|j|\u2606p0x1309bd3a\n|j|\u2606p0y13091c36\n|t:|1783555208\n|gametype|singles\n|player|p1|p0x1309bd3a|169|\n|player|p2|p0y13091c36|101|\n|gen|9\n|tier|[Gen 9] Random Battle\n|rule|Species Clause: Limit one of each Pok\u00e9mon\n|rule|HP Percentage Mod: HP is shown in percentages\n|rule|Sleep Clause Mod: Limit one foe put to sleep\n|rule|Illusion Level Mod: Illusion disguises the Pok\u00e9mon's true level\n|\n|t:|1783555208\n|teamsize|p1|6\n|teamsize|p2|6\n|start\n|switch|p1a: Necrozma|Necrozma-Dusk-Mane, L69|100/100\n|switch|p2a: Raging Bolt|Raging Bolt, L78|323/323\n|turn|1\n|inactive|Battle timer is ON: inactive players will automatically lose when time's up. (requested by p0x1309bd3a)\n|inactive|Time left: 300 sec this turn | 300 sec total | 60 sec grace\n|inactive|p0y13091c36 also wants the timer to be on.\n|\n|t:|1783555209\n|move|p2a: Raging Bolt|Thunderbolt|p1a: Necrozma\n|-damage|p1a: Necrozma|52/100\n|move|p1a: Necrozma|Dragon Dance|p1a: Necrozma\n|-boost|p1a: Necrozma|atk|1\n|-boost|p1a: Necrozma|spe|1\n|\n|upkeep\n|turn|2\n|inactive|Time left: 300 sec this turn | 300 sec total\n|\n|t:|1783555210\n|move|p1a: Necrozma|Earthquake|p2a: Raging Bolt\n|-supereffective|p2a: Raging Bolt\n|-damage|p2a: Raging Bolt|81/323\n|move|p2a: Raging Bolt|Thunderbolt|p1a: Necrozma\n|-damage|p1a: Necrozma|3/100\n|\n|-heal|p2a: Raging Bolt|101/323|[from] item: Leftovers\n|upkeep\n|turn|3\n|inactive|Time left: 300 sec this turn | 300 sec total\n|\n|t:|1783555211\n|move|p2a: Raging Bolt|Thunderclap||[still]\n|-fail|p2a: Raging Bolt\n|move|p1a: Necrozma|Morning Sun|p1a: Necrozma\n|-heal|p1a: Necrozma|53/100\n|\n|-heal|p2a: Raging Bolt|121/323|[from] item: Leftovers\n|upkeep\n|turn|4\n|inactive|Time left: 300 sec this turn | 300 sec total\n|\n|t:|1783555212\n|-end|p2a: Raging Bolt|Protosynthesis|[silent]\n|switch|p2a: Heracross|Heracross, L80, F|259/259\n|move|p1a: Necrozma|Earthquake|p2a: Heracross\n|-resisted|p2a: Heracross\n|-damage|p2a: Heracross|191/259\n|\n|-status|p2a: Heracross|brn|[from] item: Flame Orb\n|upkeep\n|turn|5\n|inactive|Time left: 300 sec this turn | 300 sec total\n|\n|t:|1783555213\n|switch|p2a: Golduck|Golduck, L90, F|290/290\n|-ability|p2a: Golduck|Cloud Nine\n|move|p1a: Necrozma|Sunsteel Strike|p2a: Golduck\n|-resisted|p2a: Golduck\n|-damage|p2a: Golduck|214/290\n|\n|-heal|p2a: Golduck|232/290|[from] item: Leftovers\n|upkeep\n|turn|6\n|inactive|Time left: 300 sec this turn | 300 sec total\n|\n|t:|1783555215\n|move|p1a: Necrozma|Morning Sun|p1a: Necrozma\n|-heal|p1a: Necrozma|100/100\n|move|p2a: Golduck|Nasty Plot|p2a: Golduck\n|-boost|p2a: Golduck|spa|2\n|\n|-heal|p2a: Golduck|250/290|[from] item: Leftovers\n|upkeep\n|turn|7\n|inactive|Time left: 300 sec this turn | 300 sec total\n|\n|t:|1783555215\n|move|p1a: Necrozma|Earthquake|p2a: Golduck\n|-damage|p2a: Golduck|132/290\n|move|p2a: Golduck|Hydro Pump|p1a: Necrozma|[miss]\n|-miss|p2a: Golduck|p1a: Necrozma\n|\n|-heal|p2a: Golduck|150/290|[from] item: Leftovers\n|upkeep\n|turn|8\n|inactive|Time left: 300 sec this turn | 300 sec total\n|\n|t:|1783555217\n|move|p1a: Necrozma|Earthquake|p2a: Golduck\n|-damage|p2a: Golduck|49/290\n|move|p2a: Golduck|Hydro Pump|p1a: Necrozma\n|-damage|p1a: Necrozma|0 fnt\n|faint|p1a: Necrozma\n|\n|-heal|p2a: Golduck|67/290|[from] item: Leftovers\n|upkeep\n|\n|t:|1783555218\n|switch|p1a: Dedenne|Dedenne, L88, M|100/100\n|turn|9\n|inactive|Time left: 300 sec this turn | 300 sec total\n|\n|t:|1783555219\n|switch|p2a: Misdreavus|Misdreavus, L90, F|254/254\n|move|p1a: Dedenne|Thunderbolt|p2a: Misdreavus\n|-damage|p2a: Misdreavus|191/254\n|\n|upkeep\n|turn|10\n|inactive|Time left: 300 sec this turn | 300 sec total\n|\n|t:|1783555220\n|move|p1a: Dedenne|Thunderbolt|p2a: Misdreavus\n|-damage|p2a: Misdreavus|134/254\n|move|p2a: Misdreavus|Calm Mind|p2a: Misdreavus\n|-boost|p2a: Misdreavus|spa|1\n|-boost|p2a: Misdreavus|spd|1\n|\n|upkeep\n|turn|11\n|inactive|Time left: 300 sec this turn | 300 sec total\n|\n|t:|1783555221\n|switch|p1a: Mudsdale|Mudsdale, L83, M|100/100\n|move|p2a: Misdreavus|Shadow Ball|p1a: Mudsdale\n|-damage|p1a: Mudsdale|53/100\n|-unboost|p1a: Mudsdale|spd|1\n|-ability|p1a: Mudsdale|Stamina|boost\n|-boost|p1a: Mudsdale|def|1\n|\n|-heal|p1a: Mudsdale|59/100|[from] item: Leftovers\n|upkeep\n|turn|12\n|inactive|Time left: 300 sec this turn | 300 sec total\n|\n|t:|1783555222\n|switch|p1a: Snorlax|Snorlax, L82, F|100/100\n|move|p2a: Misdreavus|Shadow Ball|p1a: Snorlax\n|-immune|p1a: Snorlax\n|\n|upkeep\n|turn|13\n|inactive|Time left: 300 sec this turn | 300 sec total\n|\n|t:|1783555223\n|switch|p1a: Kricketune|Kricketune, L99, M|100/100\n|move|p2a: Misdreavus|Will-O-Wisp|p1a: Kricketune\n|-status|p1a: Kricketune|brn\n|\n|-damage|p1a: Kricketune|94/100 brn|[from] brn\n|upkeep\n|turn|14\n|inactive|Time left: 300 sec this turn | 300 sec total\n|\n|t:|1783555224\n|move|p2a: Misdreavus|Shadow Ball|p1a: Kricketune\n|-damage|p1a: Kricketune|39/100 brn\n|move|p1a: Kricketune|Sticky Web|p2a: Misdreavus\n|-sidestart|p2: p0y13091c36|move: Sticky Web\n|\n|-damage|p1a: Kricketune|33/100 brn|[from] brn\n|upkeep\n|turn|15\n|inactive|Time left: 300 sec this turn | 300 sec total\n|\n|t:|1783555225\n|move|p2a: Misdreavus|Shadow Ball|p1a: Kricketune\n|-damage|p1a: Kricketune|0 fnt\n|faint|p1a: Kricketune\n|\n|upkeep\n|\n|t:|1783555226\n|switch|p1a: Mudsdale|Mudsdale, L83, M|59/100\n|turn|16\n|inactive|Time left: 300 sec this turn | 300 sec total\n|\n|t:|1783555227\n|move|p2a: Misdreavus|Will-O-Wisp|p1a: Mudsdale\n|-status|p1a: Mudsdale|brn\n|move|p1a: Mudsdale|Stealth Rock|p2a: Misdreavus\n|-sidestart|p2: p0y13091c36|move: Stealth Rock\n|\n|-heal|p1a: Mudsdale|65/100 brn|[from] item: Leftovers\n|-damage|p1a: Mudsdale|59/100 brn|[from] brn\n|upkeep\n|turn|17\n|inactive|Time left: 300 sec this turn | 300 sec total\n|\n|t:|1783555228\n|move|p2a: Misdreavus|Calm Mind|p2a: Misdreavus\n|-boost|p2a: Misdreavus|spa|1\n|-boost|p2a: Misdreavus|spd|1\n|move|p1a: Mudsdale|Roar|p2a: Misdreavus\n|drag|p2a: Regigigas|Regigigas, L84|322/322\n|-activate|p2a: Regigigas|move: Sticky Web\n|-unboost|p2a: Regigigas|spe|1\n|-damage|p2a: Regigigas|282/322|[from] Stealth Rock\n|-start|p2a: Regigigas|ability: Slow Start\n|\n|-heal|p1a: Mudsdale|65/100 brn|[from] item: Leftovers\n|-heal|p2a: Regigigas|302/322|[from] item: Leftovers\n|-damage|p1a: Mudsdale|59/100 brn|[from] brn\n|upkeep\n|turn|18\n|inactive|Time left: 300 sec this turn | 300 sec total\n|\n|t:|1783555229\n|move|p2a: Regigigas|Knock Off|p1a: Mudsdale\n|-damage|p1a: Mudsdale|43/100 brn\n|-ability|p1a: Mudsdale|Stamina|boost\n|-boost|p1a: Mudsdale|def|1\n|-enditem|p1a: Mudsdale|Leftovers|[from] move: Knock Off|[of] p2a: Regigigas\n|move|p1a: Mudsdale|Roar|p2a: Regigigas\n|drag|p2a: Dondozo|Dondozo, L78, F|362/362\n|-activate|p2a: Dondozo|move: Sticky Web\n|-unboost|p2a: Dondozo|spe|1\n|-damage|p2a: Dondozo|317/362|[from] Stealth Rock\n|\n|-heal|p2a: Dondozo|339/362|[from] item: Leftovers\n|-damage|p1a: Mudsdale|37/100 brn|[from] brn\n|upkeep\n|turn|19\n|inactive|Time left: 300 sec this turn | 300 sec total\n|\n|t:|1783555230\n|move|p2a: Dondozo|Wave Crash|p1a: Mudsdale\n|-supereffective|p1a: Mudsdale\n|-damage|p1a: Mudsdale|0 fnt\n|faint|p1a: Mudsdale\n|-damage|p2a: Dondozo|303/362|[from] Recoil\n|\n|-heal|p2a: Dondozo|325/362|[from] item: Leftovers\n|upkeep\n|\n|t:|1783555231\n|switch|p1a: Dedenne|Dedenne, L88, M|100/100\n|turn|20\n|inactive|Time left: 300 sec this turn | 300 sec total\n|\n|t:|1783555231\n|move|p1a: Dedenne|Thunderbolt|p2a: Dondozo\n|-supereffective|p2a: Dondozo\n|-damage|p2a: Dondozo|85/362\n|move|p2a: Dondozo|Wave Crash|p1a: Dedenne\n|-damage|p1a: Dedenne|40/100\n|-enditem|p1a: Dedenne|Sitrus Berry|[eat]\n|-heal|p1a: Dedenne|65/100|[from] item: Sitrus Berry\n|-heal|p1a: Dedenne|99/100|[from] ability: Cheek Pouch\n|-damage|p2a: Dondozo|33/362|[from] Recoil\n|\n|-heal|p2a: Dondozo|55/362|[from] item: Leftovers\n|upkeep\n|turn|21\n|inactive|Time left: 300 sec this turn | 300 sec total\n|\n|t:|1783555232\n|move|p1a: Dedenne|Dazzling Gleam|p2a: Dondozo\n|-crit|p2a: Dondozo\n|-damage|p2a: Dondozo|0 fnt\n|faint|p2a: Dondozo\n|\n|upkeep\n|inactive|Time left: 300 sec this turn | 300 sec total | 5 sec grace\n|\n|t:|1783555233\n|switch|p2a: Misdreavus|Misdreavus, L90, F|134/254\n|-damage|p2a: Misdreavus|103/254|[from] Stealth Rock\n|turn|22\n|inactive|Time left: 300 sec this turn | 300 sec total\n|\n|t:|1783555234\n|move|p1a: Dedenne|Thunderbolt|p2a: Misdreavus\n|-damage|p2a: Misdreavus|43/254\n|move|p2a: Misdreavus|Calm Mind|p2a: Misdreavus\n|-boost|p2a: Misdreavus|spa|1\n|-boost|p2a: Misdreavus|spd|1\n|\n|upkeep\n|turn|23\n|inactive|Time left: 300 sec this turn | 300 sec total\n|\n|t:|1783555235\n|move|p1a: Dedenne|Thunderbolt|p2a: Misdreavus\n|-damage|p2a: Misdreavus|3/254\n|move|p2a: Misdreavus|Draining Kiss|p1a: Dedenne\n|-damage|p1a: Dedenne|76/100\n|-heal|p2a: Misdreavus|48/254|[from] drain|[of] p1a: Dedenne\n|\n|upkeep\n|turn|24\n|inactive|Time left: 300 sec this turn | 300 sec total\n|\n|t:|1783555236\n|move|p1a: Dedenne|Thunderbolt|p2a: Misdreavus\n|-damage|p2a: Misdreavus|9/254\n|move|p2a: Misdreavus|Draining Kiss|p1a: Dedenne\n|-damage|p1a: Dedenne|51/100\n|-heal|p2a: Misdreavus|56/254|[from] drain|[of] p1a: Dedenne\n|\n|upkeep\n|turn|25\n|inactive|Time left: 300 sec this turn | 300 sec total\n|\n|t:|1783555237\n|move|p1a: Dedenne|Thunderbolt|p2a: Misdreavus\n|-damage|p2a: Misdreavus|16/254\n|move|p2a: Misdreavus|Draining Kiss|p1a: Dedenne\n|-damage|p1a: Dedenne|26/100\n|-heal|p2a: Misdreavus|66/254|[from] drain|[of] p1a: Dedenne\n|\n|upkeep\n|turn|26\n|inactive|Time left: 300 sec this turn | 300 sec total\n|\n|t:|1783555237\n|move|p1a: Dedenne|Thunderbolt|p2a: Misdreavus\n|-damage|p2a: Misdreavus|27/254\n|move|p2a: Misdreavus|Draining Kiss|p1a: Dedenne\n|-damage|p1a: Dedenne|3/100\n|-heal|p2a: Misdreavus|72/254|[from] drain|[of] p1a: Dedenne\n|\n|upkeep\n|turn|27\n|inactive|Time left: 300 sec this turn | 300 sec total\n|\n|t:|1783555238\n|move|p1a: Dedenne|Thunderbolt|p2a: Misdreavus\n|-damage|p2a: Misdreavus|32/254\n|move|p2a: Misdreavus|Calm Mind|p2a: Misdreavus\n|-boost|p2a: Misdreavus|spa|1\n|-boost|p2a: Misdreavus|spd|1\n|\n|upkeep\n|turn|28\n|inactive|Time left: 300 sec this turn | 300 sec total\n|\n|t:|1783555239\n|move|p1a: Dedenne|Thunderbolt|p2a: Misdreavus\n|-damage|p2a: Misdreavus|2/254\n|move|p2a: Misdreavus|Draining Kiss|p1a: Dedenne\n|-damage|p1a: Dedenne|0 fnt\n|-heal|p2a: Misdreavus|7/254|[from] drain|[of] p1a: Dedenne\n|faint|p1a: Dedenne\n|\n|upkeep\n|\n|t:|1783555240\n|switch|p1a: Beartic|Beartic, L91, F|100/100\n|turn|29\n|inactive|Time left: 300 sec this turn | 300 sec total\n|\n|t:|1783555241\n|move|p2a: Misdreavus|Shadow Ball|p1a: Beartic\n|-crit|p1a: Beartic\n|-damage|p1a: Beartic|24/100\n|move|p1a: Beartic|Icicle Crash|p2a: Misdreavus\n|-damage|p2a: Misdreavus|0 fnt\n|faint|p2a: Misdreavus\n|\n|upkeep\n|inactive|Time left: 300 sec this turn | 300 sec total | 5 sec grace\n|\n|t:|1783555242\n|switch|p2a: Raging Bolt|Raging Bolt, L78|121/323\n|-activate|p2a: Raging Bolt|move: Sticky Web\n|-unboost|p2a: Raging Bolt|spe|1\n|-damage|p2a: Raging Bolt|81/323|[from] Stealth Rock\n|turn|30\n|inactive|Time left: 300 sec this turn | 300 sec total\n|\n|t:|1783555243\n|move|p2a: Raging Bolt|Thunderclap||[still]\n|-fail|p2a: Raging Bolt\n|move|p1a: Beartic|Swords Dance|p1a: Beartic\n|-boost|p1a: Beartic|atk|2\n|\n|-heal|p2a: Raging Bolt|101/323|[from] item: Leftovers\n|upkeep\n|turn|31\n|inactive|Time left: 300 sec this turn | 300 sec total\n|\n|t:|1783555244\n|-terastallize|p1a: Beartic|Ground\n|move|p2a: Raging Bolt|Thunderclap|p1a: Beartic\n|-immune|p1a: Beartic\n|move|p1a: Beartic|Earthquake|p2a: Raging Bolt\n|-supereffective|p2a: Raging Bolt\n|-crit|p2a: Raging Bolt\n|-damage|p2a: Raging Bolt|0 fnt\n|faint|p2a: Raging Bolt\n|-end|p2a: Raging Bolt|Protosynthesis|[silent]\n|\n|upkeep\n|inactive|Time left: 300 sec this turn | 300 sec total | 5 sec grace\n|\n|t:|1783555245\n|switch|p2a: Regigigas|Regigigas, L84|302/322\n|-activate|p2a: Regigigas|move: Sticky Web\n|-unboost|p2a: Regigigas|spe|1\n|-damage|p2a: Regigigas|262/322|[from] Stealth Rock\n|-start|p2a: Regigigas|ability: Slow Start\n|turn|32\n|inactive|Time left: 300 sec this turn | 300 sec total\n|\n|t:|1783555246\n|move|p2a: Regigigas|Protect|p2a: Regigigas\n|-singleturn|p2a: Regigigas|Protect\n|move|p1a: Beartic|Earthquake|p2a: Regigigas\n|-activate|p2a: Regigigas|move: Protect\n|\n|-heal|p2a: Regigigas|282/322|[from] item: Leftovers\n|upkeep\n|turn|33\n|inactive|Time left: 300 sec this turn | 300 sec total\n|\n|t:|1783555247\n|move|p1a: Beartic|Earthquake|p2a: Regigigas\n|-damage|p2a: Regigigas|14/322\n|move|p2a: Regigigas|Body Slam|p1a: Beartic\n|-damage|p1a: Beartic|5/100\n|\n|-heal|p2a: Regigigas|34/322|[from] item: Leftovers\n|upkeep\n|turn|34\n|inactive|Time left: 300 sec this turn | 300 sec total\n|\n|t:|1783555248\n|move|p2a: Regigigas|Protect|p2a: Regigigas\n|-singleturn|p2a: Regigigas|Protect\n|move|p1a: Beartic|Earthquake|p2a: Regigigas\n|-activate|p2a: Regigigas|move: Protect\n|\n|-heal|p2a: Regigigas|54/322|[from] item: Leftovers\n|upkeep\n|turn|35\n|inactive|Time left: 300 sec this turn | 300 sec total\n|\n|t:|1783555249\n|move|p2a: Regigigas|Protect||[still]\n|-fail|p2a: Regigigas\n|move|p1a: Beartic|Earthquake|p2a: Regigigas\n|-damage|p2a: Regigigas|0 fnt\n|faint|p2a: Regigigas\n|-end|p2a: Regigigas|Slow Start|[silent]\n|\n|upkeep\n|inactive|Time left: 300 sec this turn | 300 sec total | 5 sec grace\n|\n|t:|1783555250\n|switch|p2a: Heracross|Heracross, L80, F|191/259 brn\n|-activate|p2a: Heracross|move: Sticky Web\n|-unboost|p2a: Heracross|spe|1\n|-damage|p2a: Heracross|159/259 brn|[from] Stealth Rock\n|turn|36\n|inactive|Time left: 300 sec this turn | 300 sec total\n|\n|t:|1783555251\n|-terastallize|p2a: Heracross|Normal\n|move|p1a: Beartic|Earthquake|p2a: Heracross\n|-damage|p2a: Heracross|0 fnt\n|faint|p2a: Heracross\n|\n|upkeep\n|inactive|Time left: 300 sec this turn | 300 sec total | 5 sec grace\n|\n|t:|1783555252\n|switch|p2a: Golduck|Golduck, L90, F|67/290\n|-activate|p2a: Golduck|move: Sticky Web\n|-unboost|p2a: Golduck|spe|1\n|-damage|p2a: Golduck|31/290|[from] Stealth Rock\n|-ability|p2a: Golduck|Cloud Nine\n|turn|37\n|inactive|Time left: 300 sec this turn | 300 sec total\n|\n|t:|1783555252\n|move|p1a: Beartic|Earthquake|p2a: Golduck\n|-damage|p2a: Golduck|0 fnt\n|faint|p2a: Golduck\n|\n|win|p0x1309bd3a", "uploadtime": 1783555252, "views": 0, "rating": 0, "private": 0, "password": null, "_winner": "p0x1309bd3a", "_our_name": "p0y13091c36"}