{"id": "battle-gen9randombattle-58", "formatid": "gen9randombattle", "format": "[Gen 9] Random Battle", "players": ["p0x058e491", "p0y0580278"], "log": "|init|battle\n|title|p0x058e491 vs. p0y0580278\n|j|\u2606p0x058e491\n|j|\u2606p0y0580278\n|t:|1783533896\n|gametype|singles\n|player|p1|p0x058e491|266|\n|player|p2|p0y0580278|1|\n|gen|9\n|tier|[Gen 9] Random Battle\n|rule|Species Clause: Limit one of each Pok\u00e9mon\n|rule|HP Percentage Mod: HP is shown in percentages\n|rule|Sleep Clause Mod: Limit one foe put to sleep\n|rule|Illusion Level Mod: Illusion disguises the Pok\u00e9mon's true level\n|\n|t:|1783533896\n|teamsize|p1|6\n|teamsize|p2|6\n|start\n|switch|p1a: Lunala|Lunala, L70|100/100\n|switch|p2a: Whimsicott|Whimsicott, L84, F|238/238\n|turn|1\n|inactive|Battle timer is ON: inactive players will automatically lose when time's up. (requested by p0y0580278)\n|inactive|p0x058e491 also wants the timer to be on.\n|\n|t:|1783533897\n|move|p2a: Whimsicott|Moonblast|p1a: Lunala\n|-damage|p1a: Lunala|88/100\n|-unboost|p1a: Lunala|spa|1\n|move|p1a: Lunala|Moongeist Beam|p2a: Whimsicott\n|-damage|p2a: Whimsicott|160/238\n|\n|-heal|p1a: Lunala|94/100|[from] item: Leftovers\n|upkeep\n|turn|2\n|inactive|Time left: 300 sec this turn | 300 sec total\n|\n|t:|1783533898\n|move|p2a: Whimsicott|Moonblast|p1a: Lunala\n|-damage|p1a: Lunala|66/100\n|move|p1a: Lunala|Calm Mind|p1a: Lunala\n|-boost|p1a: Lunala|spa|1\n|-boost|p1a: Lunala|spd|1\n|\n|-heal|p1a: Lunala|72/100|[from] item: Leftovers\n|upkeep\n|turn|3\n|inactive|Time left: 300 sec this turn | 300 sec total\n|\n|t:|1783533900\n|move|p2a: Whimsicott|Giga Drain|p1a: Lunala\n|-damage|p1a: Lunala|59/100\n|-heal|p2a: Whimsicott|181/238|[from] drain|[of] p1a: Lunala\n|move|p1a: Lunala|Calm Mind|p1a: Lunala\n|-boost|p1a: Lunala|spa|1\n|-boost|p1a: Lunala|spd|1\n|\n|-heal|p1a: Lunala|65/100|[from] item: Leftovers\n|upkeep\n|turn|4\n|inactive|Time left: 300 sec this turn | 300 sec total\n|\n|t:|1783533901\n|move|p2a: Whimsicott|Encore|p1a: Lunala\n|-start|p1a: Lunala|Encore\n|move|p1a: Lunala|Calm Mind|p1a: Lunala\n|-boost|p1a: Lunala|spa|1\n|-boost|p1a: Lunala|spd|1\n|\n|-heal|p1a: Lunala|71/100|[from] item: Leftovers\n|upkeep\n|turn|5\n|inactive|Time left: 300 sec this turn | 300 sec total\n|\n|t:|1783533902\n|switch|p2a: Veluza|Veluza, L85, M|292/292\n|move|p1a: Lunala|Calm Mind|p1a: Lunala\n|-boost|p1a: Lunala|spa|1\n|-boost|p1a: Lunala|spd|1\n|\n|-heal|p1a: Lunala|77/100|[from] item: Leftovers\n|upkeep\n|turn|6\n|inactive|Time left: 300 sec this turn | 300 sec total\n|\n|t:|1783533903\n|move|p1a: Lunala|Calm Mind|p1a: Lunala\n|-boost|p1a: Lunala|spa|1\n|-boost|p1a: Lunala|spd|1\n|move|p2a: Veluza|Fillet Away|p2a: Veluza\n|-boost|p2a: Veluza|atk|2\n|-boost|p2a: Veluza|spa|2\n|-boost|p2a: Veluza|spe|2\n|-damage|p2a: Veluza|146/292\n|-enditem|p2a: Veluza|Sitrus Berry|[eat]\n|-heal|p2a: Veluza|219/292|[from] item: Sitrus Berry\n|\n|-heal|p1a: Lunala|83/100|[from] item: Leftovers\n|-end|p1a: Lunala|Encore\n|upkeep\n|turn|7\n|inactive|Time left: 300 sec this turn | 300 sec total\n|\n|t:|1783533904\n|switch|p1a: Scrafty|Scrafty, L83, M|100/100\n|-ability|p1a: Scrafty|Intimidate|boost\n|-unboost|p2a: Veluza|atk|1\n|move|p2a: Veluza|Aqua Cutter|p1a: Scrafty\n|-damage|p1a: Scrafty|41/100\n|\n|-heal|p1a: Scrafty|47/100|[from] item: Leftovers\n|upkeep\n|turn|8\n|inactive|Time left: 300 sec this turn | 300 sec total\n|\n|t:|1783533906\n|switch|p1a: Dewgong|Dewgong, L94, F|100/100\n|move|p2a: Veluza|Aqua Cutter|p1a: Dewgong\n|-resisted|p1a: Dewgong\n|-crit|p1a: Dewgong\n|-damage|p1a: Dewgong|60/100\n|\n|upkeep\n|turn|9\n|inactive|Time left: 300 sec this turn | 300 sec total\n|\n|t:|1783533907\n|switch|p1a: Scrafty|Scrafty, L83, M|47/100\n|-ability|p1a: Scrafty|Intimidate|boost\n|-unboost|p2a: Veluza|atk|1\n|move|p2a: Veluza|Aqua Cutter|p1a: Scrafty\n|-damage|p1a: Scrafty|7/100\n|\n|-heal|p1a: Scrafty|13/100|[from] item: Leftovers\n|upkeep\n|turn|10\n|inactive|Time left: 300 sec this turn | 300 sec total\n|\n|t:|1783533909\n|move|p2a: Veluza|Aqua Cutter|p1a: Scrafty\n|-damage|p1a: Scrafty|0 fnt\n|faint|p1a: Scrafty\n|\n|upkeep\n|\n|t:|1783533910\n|switch|p1a: Lunala|Lunala, L70|83/100\n|turn|11\n|inactive|Time left: 300 sec this turn | 300 sec total\n|\n|t:|1783533911\n|-terastallize|p1a: Lunala|Fairy\n|move|p2a: Veluza|Night Slash|p1a: Lunala\n|-resisted|p1a: Lunala\n|-damage|p1a: Lunala|69/100\n|move|p1a: Lunala|Moongeist Beam|p2a: Veluza\n|-supereffective|p2a: Veluza\n|-damage|p2a: Veluza|0 fnt\n|faint|p2a: Veluza\n|\n|-heal|p1a: Lunala|75/100|[from] item: Leftovers\n|upkeep\n|inactive|Time left: 300 sec this turn | 300 sec total | 5 sec grace\n|\n|t:|1783533912\n|switch|p2a: Sandslash|Sandslash-Alola, L88, F|275/275\n|turn|12\n|inactive|Time left: 300 sec this turn | 300 sec total\n|\n|t:|1783533913\n|move|p1a: Lunala|Moongeist Beam|p2a: Sandslash\n|-damage|p2a: Sandslash|157/275\n|move|p2a: Sandslash|Iron Head|p1a: Lunala\n|-supereffective|p1a: Lunala\n|-damage|p1a: Lunala|3/100\n|\n|-heal|p1a: Lunala|9/100|[from] item: Leftovers\n|-heal|p2a: Sandslash|174/275|[from] item: Leftovers\n|upkeep\n|turn|13\n|inactive|Time left: 300 sec this turn | 300 sec total\n|\n|t:|1783533914\n|move|p1a: Lunala|Moongeist Beam|p2a: Sandslash\n|-crit|p2a: Sandslash\n|-damage|p2a: Sandslash|0 fnt\n|faint|p2a: Sandslash\n|\n|-heal|p1a: Lunala|15/100|[from] item: Leftovers\n|upkeep\n|inactive|Time left: 300 sec this turn | 300 sec total | 5 sec grace\n|\n|t:|1783533915\n|switch|p2a: Keldeo|Keldeo-Resolute, L79|273/273\n|turn|14\n|inactive|Time left: 300 sec this turn | 300 sec total\n|\n|t:|1783533916\n|switch|p1a: Florges|Florges-Yellow, L85, F|100/100\n|move|p2a: Keldeo|Surf|p1a: Florges\n|-damage|p1a: Florges|76/100\n|\n|-heal|p1a: Florges|82/100|[from] item: Leftovers\n|upkeep\n|turn|15\n|inactive|Time left: 300 sec this turn | 300 sec total\n|\n|t:|1783533917\n|move|p2a: Keldeo|Calm Mind|p2a: Keldeo\n|-boost|p2a: Keldeo|spa|1\n|-boost|p2a: Keldeo|spd|1\n|move|p1a: Florges|Moonblast|p2a: Keldeo\n|-supereffective|p2a: Keldeo\n|-damage|p2a: Keldeo|117/273\n|\n|-heal|p2a: Keldeo|134/273|[from] item: Leftovers\n|-heal|p1a: Florges|88/100|[from] item: Leftovers\n|upkeep\n|turn|16\n|inactive|Time left: 300 sec this turn | 300 sec total\n|\n|t:|1783533918\n|move|p2a: Keldeo|Calm Mind|p2a: Keldeo\n|-boost|p2a: Keldeo|spa|1\n|-boost|p2a: Keldeo|spd|1\n|move|p1a: Florges|Moonblast|p2a: Keldeo\n|-supereffective|p2a: Keldeo\n|-damage|p2a: Keldeo|6/273\n|-unboost|p2a: Keldeo|spa|1\n|\n|-heal|p2a: Keldeo|23/273|[from] item: Leftovers\n|-heal|p1a: Florges|94/100|[from] item: Leftovers\n|upkeep\n|turn|17\n|inactive|Time left: 300 sec this turn | 300 sec total\n|\n|t:|1783533919\n|move|p2a: Keldeo|Surf|p1a: Florges\n|-damage|p1a: Florges|58/100\n|move|p1a: Florges|Moonblast|p2a: Keldeo\n|-supereffective|p2a: Keldeo\n|-damage|p2a: Keldeo|0 fnt\n|faint|p2a: Keldeo\n|\n|-heal|p1a: Florges|64/100|[from] item: Leftovers\n|upkeep\n|inactive|Time left: 300 sec this turn | 300 sec total | 5 sec grace\n|\n|t:|1783533920\n|switch|p2a: Cinccino|Cinccino, L83, F|260/260\n|turn|18\n|inactive|Time left: 300 sec this turn | 300 sec total\n|\n|t:|1783533921\n|move|p1a: Florges|Protect|p1a: Florges\n|-singleturn|p1a: Florges|Protect\n|move|p2a: Cinccino|Tail Slap|p1a: Florges\n|-activate|p1a: Florges|move: Protect\n|\n|-heal|p1a: Florges|70/100|[from] item: Leftovers\n|upkeep\n|turn|19\n|inactive|Time left: 300 sec this turn | 300 sec total\n|\n|t:|1783533923\n|move|p2a: Cinccino|Bullet Seed|p1a: Florges\n|-damage|p1a: Florges|59/100\n|-damage|p1a: Florges|48/100\n|-damage|p1a: Florges|37/100\n|-damage|p1a: Florges|25/100\n|-hitcount|p1a: Florges|4\n|move|p1a: Florges|Moonblast|p2a: Cinccino\n|-damage|p2a: Cinccino|98/260\n|\n|-heal|p1a: Florges|31/100|[from] item: Leftovers\n|upkeep\n|turn|20\n|inactive|Time left: 300 sec this turn | 300 sec total\n|\n|t:|1783533924\n|move|p1a: Florges|Protect|p1a: Florges\n|-singleturn|p1a: Florges|Protect\n|move|p2a: Cinccino|Tail Slap|p1a: Florges\n|-activate|p1a: Florges|move: Protect\n|\n|-heal|p1a: Florges|37/100|[from] item: Leftovers\n|upkeep\n|turn|21\n|inactive|Time left: 300 sec this turn | 300 sec total\n|\n|t:|1783533925\n|switch|p1a: Lunala|Lunala, L70, tera:Fairy|15/100\n|move|p2a: Cinccino|Tail Slap|p1a: Lunala\n|-damage|p1a: Lunala|0 fnt\n|faint|p1a: Lunala\n|-hitcount|p1: Lunala|1\n|\n|upkeep\n|\n|t:|1783533926\n|switch|p1a: Feraligatr|Feraligatr, L79, M|100/100\n|turn|22\n|inactive|Time left: 300 sec this turn | 300 sec total\n|\n|t:|1783533927\n|move|p2a: Cinccino|Bullet Seed|p1a: Feraligatr\n|-supereffective|p1a: Feraligatr\n|-damage|p1a: Feraligatr|82/100\n|-supereffective|p1a: Feraligatr\n|-damage|p1a: Feraligatr|63/100\n|-supereffective|p1a: Feraligatr\n|-damage|p1a: Feraligatr|45/100\n|-supereffective|p1a: Feraligatr\n|-damage|p1a: Feraligatr|26/100\n|-hitcount|p1a: Feraligatr|4\n|move|p1a: Feraligatr|Dragon Dance|p1a: Feraligatr\n|-boost|p1a: Feraligatr|atk|1\n|-boost|p1a: Feraligatr|spe|1\n|\n|upkeep\n|turn|23\n|inactive|Time left: 300 sec this turn | 300 sec total\n|\n|t:|1783533928\n|move|p1a: Feraligatr|Ice Punch|p2a: Cinccino\n|-damage|p2a: Cinccino|0 fnt\n|faint|p2a: Cinccino\n|\n|upkeep\n|inactive|Time left: 300 sec this turn | 300 sec total | 5 sec grace\n|\n|t:|1783533929\n|switch|p2a: Whimsicott|Whimsicott, L84, F|181/238\n|turn|24\n|inactive|Time left: 300 sec this turn | 300 sec total\n|\n|t:|1783533929\n|-terastallize|p2a: Whimsicott|Poison\n|move|p1a: Feraligatr|Ice Punch|p2a: Whimsicott\n|-damage|p2a: Whimsicott|59/238\n|move|p2a: Whimsicott|Moonblast|p1a: Feraligatr\n|-damage|p1a: Feraligatr|0 fnt\n|faint|p1a: Feraligatr\n|\n|upkeep\n|\n|t:|1783533930\n|switch|p1a: Florges|Florges-Yellow, L85, F|37/100\n|turn|25\n|inactive|Time left: 300 sec this turn | 300 sec total\n|\n|t:|1783533931\n|move|p2a: Whimsicott|Moonblast|p1a: Florges\n|-damage|p1a: Florges|17/100\n|move|p1a: Florges|Moonblast|p2a: Whimsicott\n|-resisted|p2a: Whimsicott\n|-damage|p2a: Whimsicott|0 fnt\n|faint|p2a: Whimsicott\n|\n|-heal|p1a: Florges|23/100|[from] item: Leftovers\n|upkeep\n|inactive|Time left: 300 sec this turn | 300 sec total | 5 sec grace\n|\n|t:|1783533932\n|switch|p2a: Thundurus|Thundurus, L80, M|258/258\n|turn|26\n|inactive|Time left: 300 sec this turn | 300 sec total\n|\n|t:|1783533933\n|move|p2a: Thundurus|Focus Blast|p1a: Florges\n|-resisted|p1a: Florges\n|-damage|p1a: Florges|12/100\n|move|p1a: Florges|Moonblast|p2a: Thundurus\n|-damage|p2a: Thundurus|129/258\n|\n|-heal|p1a: Florges|18/100|[from] item: Leftovers\n|upkeep\n|turn|27\n|inactive|Time left: 300 sec this turn | 300 sec total\n|\n|t:|1783533934\n|move|p2a: Thundurus|Focus Blast|p1a: Florges\n|-resisted|p1a: Florges\n|-damage|p1a: Florges|8/100\n|move|p1a: Florges|Moonblast|p2a: Thundurus\n|-damage|p2a: Thundurus|5/258\n|\n|-heal|p1a: Florges|13/100|[from] item: Leftovers\n|upkeep\n|turn|28\n|inactive|Time left: 300 sec this turn | 300 sec total\n|\n|t:|1783533935\n|move|p2a: Thundurus|Sludge Wave|p1a: Florges\n|-supereffective|p1a: Florges\n|-damage|p1a: Florges|0 fnt\n|faint|p1a: Florges\n|\n|upkeep\n|\n|t:|1783533936\n|switch|p1a: Dugtrio|Dugtrio-Alola, L84, M|100/100\n|turn|29\n|inactive|Time left: 300 sec this turn | 300 sec total\n|\n|t:|1783533937\n|move|p1a: Dugtrio|Iron Head|p2a: Thundurus\n|-resisted|p2a: Thundurus\n|-damage|p2a: Thundurus|0 fnt\n|faint|p2a: Thundurus\n|-damage|p1a: Dugtrio|91/100|[from] item: Life Orb\n|\n|win|p0x058e491", "uploadtime": 1783533937, "views": 0, "rating": 0, "private": 0, "password": null, "_winner": "p0x058e491", "_our_name": "p0y0580278"}