{"id": "battle-gen9randombattle-1918", "formatid": "gen9randombattle", "format": "[Gen 9] Random Battle", "players": ["p0x1918173c", "p0y191883b2"], "log": "|init|battle\n|title|p0x1918173c vs. p0y191883b2\n|j|\u2606p0x1918173c\n|j|\u2606p0y191883b2\n|t:|1783562173\n|gametype|singles\n|player|p1|p0x1918173c|102|\n|player|p2|p0y191883b2|1|\n|gen|9\n|tier|[Gen 9] Random Battle\n|rule|Species Clause: Limit one of each Pok\u00e9mon\n|rule|HP Percentage Mod: HP is shown in percentages\n|rule|Sleep Clause Mod: Limit one foe put to sleep\n|rule|Illusion Level Mod: Illusion disguises the Pok\u00e9mon's true level\n|\n|t:|1783562173\n|teamsize|p1|6\n|teamsize|p2|6\n|start\n|switch|p1a: Keldeo|Keldeo-Resolute, L79|100/100\n|switch|p2a: Deoxys|Deoxys-Defense, L84|221/221\n|-ability|p2a: Deoxys|Pressure\n|turn|1\n|inactive|Battle timer is ON: inactive players will automatically lose when time's up. (requested by p0x1918173c)\n|inactive|Time left: 300 sec this turn | 300 sec total | 60 sec grace\n|\n|t:|1783562175\n|move|p1a: Keldeo|Calm Mind|p1a: Keldeo\n|-boost|p1a: Keldeo|spa|1\n|-boost|p1a: Keldeo|spd|1\n|move|p2a: Deoxys|Night Shade|p1a: Keldeo\n|-damage|p1a: Keldeo|70/100\n|\n|-heal|p1a: Keldeo|76/100|[from] item: Leftovers\n|upkeep\n|turn|2\n|inactive|Time left: 300 sec this turn | 300 sec total\n|inactive|p0y191883b2 also wants the timer to be on.\n|\n|t:|1783562176\n|move|p1a: Keldeo|Calm Mind|p1a: Keldeo\n|-boost|p1a: Keldeo|spa|1\n|-boost|p1a: Keldeo|spd|1\n|move|p2a: Deoxys|Night Shade|p1a: Keldeo\n|-damage|p1a: Keldeo|45/100\n|\n|-heal|p1a: Keldeo|51/100|[from] item: Leftovers\n|upkeep\n|turn|3\n|inactive|Time left: 300 sec this turn | 300 sec total\n|\n|t:|1783562177\n|move|p1a: Keldeo|Hydro Pump|p2a: Deoxys\n|-damage|p2a: Deoxys|62/221\n|move|p2a: Deoxys|Night Shade|p1a: Keldeo\n|-damage|p1a: Keldeo|21/100\n|\n|-heal|p1a: Keldeo|27/100|[from] item: Leftovers\n|-heal|p2a: Deoxys|75/221|[from] item: Leftovers\n|upkeep\n|turn|4\n|inactive|Time left: 300 sec this turn | 300 sec total\n|\n|t:|1783562178\n|move|p1a: Keldeo|Hydro Pump|p2a: Deoxys\n|-damage|p2a: Deoxys|0 fnt\n|faint|p2a: Deoxys\n|\n|-heal|p1a: Keldeo|33/100|[from] item: Leftovers\n|upkeep\n|inactive|Time left: 300 sec this turn | 300 sec total | 5 sec grace\n|\n|t:|1783562179\n|switch|p2a: Giratina|Giratina-Origin, L72|335/335\n|turn|5\n|inactive|Time left: 300 sec this turn | 300 sec total\n|\n|t:|1783562180\n|move|p1a: Keldeo|Hydro Pump|p2a: Giratina\n|-resisted|p2a: Giratina\n|-damage|p2a: Giratina|202/335\n|move|p2a: Giratina|Poltergeist|p1a: Keldeo\n|-activate|p1a: Keldeo|move: Poltergeist|Leftovers\n|-damage|p1a: Keldeo|0 fnt\n|faint|p1a: Keldeo\n|\n|upkeep\n|\n|t:|1783562181\n|switch|p1a: Hatterene|Hatterene, L85, F|100/100\n|turn|6\n|inactive|Time left: 300 sec this turn | 300 sec total\n|\n|t:|1783562183\n|move|p2a: Giratina|Poltergeist|p1a: Hatterene\n|-activate|p1a: Hatterene|move: Poltergeist|Leftovers\n|-supereffective|p1a: Hatterene\n|-damage|p1a: Hatterene|3/100\n|move|p1a: Hatterene|Draining Kiss|p2a: Giratina\n|-supereffective|p2a: Giratina\n|-damage|p2a: Giratina|34/335\n|-heal|p1a: Hatterene|56/100|[from] drain|[of] p2a: Giratina\n|\n|-heal|p1a: Hatterene|62/100|[from] item: Leftovers\n|upkeep\n|turn|7\n|inactive|Time left: 300 sec this turn | 300 sec total\n|\n|t:|1783562184\n|switch|p1a: Whiscash|Whiscash, L88, M|100/100\n|move|p2a: Giratina|Poltergeist|p1a: Whiscash\n|-activate|p1a: Whiscash|move: Poltergeist|Leftovers\n|-damage|p1a: Whiscash|62/100\n|\n|-heal|p1a: Whiscash|68/100|[from] item: Leftovers\n|upkeep\n|turn|8\n|inactive|Time left: 300 sec this turn | 300 sec total\n|\n|t:|1783562185\n|move|p2a: Giratina|Poltergeist|p1a: Whiscash\n|-activate|p1a: Whiscash|move: Poltergeist|Leftovers\n|-damage|p1a: Whiscash|30/100\n|move|p1a: Whiscash|Ice Beam|p2a: Giratina\n|-supereffective|p2a: Giratina\n|-damage|p2a: Giratina|0 fnt\n|faint|p2a: Giratina\n|\n|-heal|p1a: Whiscash|36/100|[from] item: Leftovers\n|upkeep\n|inactive|Time left: 300 sec this turn | 300 sec total | 5 sec grace\n|\n|t:|1783562186\n|switch|p2a: Seviper|Seviper, L93, M|287/287\n|turn|9\n|inactive|Time left: 300 sec this turn | 300 sec total\n|\n|t:|1783562187\n|move|p2a: Seviper|Earthquake|p1a: Whiscash\n|-damage|p1a: Whiscash|0 fnt\n|faint|p1a: Whiscash\n|-damage|p2a: Seviper|259/287|[from] item: Life Orb\n|\n|upkeep\n|\n|t:|1783562188\n|switch|p1a: Kleavor|Kleavor, L78, M|100/100\n|turn|10\n|inactive|Time left: 300 sec this turn | 300 sec total\n|\n|t:|1783562189\n|move|p1a: Kleavor|Stone Axe|p2a: Seviper\n|-damage|p2a: Seviper|118/287\n|-sidestart|p2: p0y191883b2|move: Stealth Rock\n|move|p2a: Seviper|Flamethrower|p1a: Kleavor\n|-damage|p1a: Kleavor|46/100\n|-damage|p2a: Seviper|90/287|[from] item: Life Orb\n|\n|upkeep\n|turn|11\n|inactive|Time left: 300 sec this turn | 300 sec total\n|\n|t:|1783562191\n|switch|p2a: Qwilfish|Qwilfish, L86, F|252/252\n|-ability|p2a: Qwilfish|Intimidate|boost\n|-unboost|p1a: Kleavor|atk|1\n|move|p1a: Kleavor|Stone Axe|p2a: Qwilfish\n|-damage|p2a: Qwilfish|170/252\n|\n|upkeep\n|turn|12\n|inactive|Time left: 300 sec this turn | 300 sec total\n|\n|t:|1783562192\n|move|p1a: Kleavor|Stone Axe|p2a: Qwilfish\n|-damage|p2a: Qwilfish|88/252\n|move|p2a: Qwilfish|Flip Turn|p1a: Kleavor\n|-supereffective|p1a: Kleavor\n|-damage|p1a: Kleavor|0 fnt\n|faint|p1a: Kleavor\n|inactive|Time left: 300 sec this turn | 300 sec total | 5 sec grace\n|\n|t:|1783562193\n|switch|p2a: Seviper|Seviper, L93, M|90/287|[from] Flip Turn\n|-damage|p2a: Seviper|55/287|[from] Stealth Rock\n|\n|upkeep\n|\n|t:|1783562193\n|switch|p1a: Polteageist|Polteageist, L78|100/100\n|turn|13\n|inactive|Time left: 300 sec this turn | 300 sec total\n|\n|t:|1783562194\n|move|p2a: Seviper|Knock Off|p1a: Polteageist\n|-supereffective|p1a: Polteageist\n|-damage|p1a: Polteageist|0 fnt\n|-start|p2a: Seviper|Disable|Knock Off|[from] ability: Cursed Body|[of] p1a: Polteageist\n|-enditem|p1a: Polteageist|White Herb|[from] move: Knock Off|[of] p2a: Seviper\n|faint|p1a: Polteageist\n|-damage|p2a: Seviper|27/287|[from] item: Life Orb\n|\n|upkeep\n|\n|t:|1783562195\n|switch|p1a: Hatterene|Hatterene, L85, F|62/100\n|turn|14\n|inactive|Time left: 300 sec this turn | 300 sec total\n|\n|t:|1783562196\n|move|p2a: Seviper|Gunk Shot|p1a: Hatterene\n|-supereffective|p1a: Hatterene\n|-damage|p1a: Hatterene|0 fnt\n|faint|p1a: Hatterene\n|-damage|p2a: Seviper|0 fnt|[from] item: Life Orb\n|faint|p2a: Seviper\n|\n|upkeep\n|inactive|Time left: 300 sec this turn | 300 sec total | 5 sec grace\n|\n|t:|1783562197\n|switch|p2a: Cryogonal|Cryogonal, L89|287/287\n|switch|p1a: Sunflora|Sunflora, F|100/100\n|turn|15\n|inactive|Time left: 300 sec this turn | 300 sec total\n|\n|t:|1783562198\n|-terastallize|p1a: Sunflora|Fire\n|move|p2a: Cryogonal|Ice Beam|p1a: Sunflora\n|-resisted|p1a: Sunflora\n|-damage|p1a: Sunflora|87/100\n|move|p1a: Sunflora|Sunny Day|p1a: Sunflora\n|-weather|SunnyDay\n|\n|-weather|SunnyDay|[upkeep]\n|upkeep\n|turn|16\n|inactive|Time left: 300 sec this turn | 300 sec total\n|\n|t:|1783562199\n|-terastallize|p2a: Cryogonal|Electric\n|move|p2a: Cryogonal|Tera Blast|p1a: Sunflora|[anim] Tera Blast Electric\n|-damage|p1a: Sunflora|61/100\n|move|p1a: Sunflora|Weather Ball|p2a: Cryogonal\n|-damage|p2a: Cryogonal|69/287\n|-damage|p1a: Sunflora|51/100|[from] item: Life Orb\n|\n|-weather|SunnyDay|[upkeep]\n|upkeep\n|turn|17\n|inactive|Time left: 300 sec this turn | 300 sec total\n|\n|t:|1783562200\n|move|p2a: Cryogonal|Tera Blast|p1a: Sunflora|[anim] Tera Blast Electric\n|-damage|p1a: Sunflora|25/100\n|move|p1a: Sunflora|Earth Power|p2a: Cryogonal\n|-immune|p2a: Cryogonal|[from] ability: Levitate\n|\n|-weather|SunnyDay|[upkeep]\n|upkeep\n|turn|18\n|inactive|Time left: 300 sec this turn | 300 sec total\n|\n|t:|1783562201\n|move|p2a: Cryogonal|Tera Blast|p1a: Sunflora|[anim] Tera Blast Electric\n|-damage|p1a: Sunflora|0 fnt\n|faint|p1a: Sunflora\n|\n|win|p0y191883b2", "uploadtime": 1783562201, "views": 0, "rating": 0, "private": 0, "password": null, "_winner": "p0y191883b2", "_our_name": "p0y191883b2"}