{"id": "battle-gen9randombattle-1606", "formatid": "gen9randombattle", "format": "[Gen 9] Random Battle", "players": ["p0x16062019", "p0y16065661"], "log": "|init|battle\n|title|p0x16062019 vs. p0y16065661\n|j|\u2606p0x16062019\n|j|\u2606p0y16065661\n|t:|1783557813\n|gametype|singles\n|player|p1|p0x16062019|2|\n|player|p2|p0y16065661|169|\n|gen|9\n|tier|[Gen 9] Random Battle\n|rule|Species Clause: Limit one of each Pok\u00e9mon\n|rule|HP Percentage Mod: HP is shown in percentages\n|rule|Sleep Clause Mod: Limit one foe put to sleep\n|rule|Illusion Level Mod: Illusion disguises the Pok\u00e9mon's true level\n|\n|t:|1783557813\n|teamsize|p1|6\n|teamsize|p2|6\n|start\n|switch|p1a: Mandibuzz|Mandibuzz, L85, F|100/100\n|switch|p2a: Samurott|Samurott, L88, M|310/310\n|turn|1\n|inactive|Battle timer is ON: inactive players will automatically lose when time's up. (requested by p0y16065661)\n|\n|t:|1783557815\n|move|p1a: Mandibuzz|Toxic|p2a: Samurott\n|-status|p2a: Samurott|tox\n|move|p2a: Samurott|Ice Beam|p1a: Mandibuzz\n|-supereffective|p1a: Mandibuzz\n|-damage|p1a: Mandibuzz|56/100\n|\n|-damage|p2a: Samurott|291/310 tox|[from] psn\n|upkeep\n|turn|2\n|inactive|Time left: 300 sec this turn | 300 sec total\n|inactive|p0x16062019 also wants the timer to be on.\n|\n|t:|1783557816\n|switch|p2a: Zacian|Zacian-Crowned, L64|225/225\n|-ability|p2a: Zacian|Intrepid Sword|boost\n|-boost|p2a: Zacian|atk|1\n|move|p1a: Mandibuzz|Roost|p1a: Mandibuzz\n|-heal|p1a: Mandibuzz|100/100\n|-singleturn|p1a: Mandibuzz|move: Roost\n|\n|upkeep\n|turn|3\n|inactive|Time left: 300 sec this turn | 300 sec total\n|\n|t:|1783557817\n|move|p2a: Zacian|Swords Dance|p2a: Zacian\n|-boost|p2a: Zacian|atk|2\n|move|p1a: Mandibuzz|Brave Bird|p2a: Zacian\n|-resisted|p2a: Zacian\n|-damage|p2a: Zacian|171/225\n|-damage|p1a: Mandibuzz|95/100|[from] Recoil\n|\n|upkeep\n|turn|4\n|inactive|Time left: 300 sec this turn | 300 sec total\n|\n|t:|1783557818\n|switch|p1a: Coalossal|Coalossal, L89, M|100/100\n|move|p2a: Zacian|Play Rough|p1a: Coalossal|[miss]\n|-miss|p2a: Zacian|p1a: Coalossal\n|\n|upkeep\n|turn|5\n|inactive|Time left: 300 sec this turn | 300 sec total\n|\n|t:|1783557819\n|move|p2a: Zacian|Behemoth Blade|p1a: Coalossal\n|-damage|p1a: Coalossal|55/100\n|move|p1a: Coalossal|Flamethrower|p2a: Zacian\n|-supereffective|p2a: Zacian\n|-damage|p2a: Zacian|0 fnt\n|faint|p2a: Zacian\n|\n|upkeep\n|inactive|Time left: 300 sec this turn | 300 sec total | 5 sec grace\n|\n|t:|1783557821\n|switch|p2a: Hydreigon|Hydreigon, L79, M|275/275\n|turn|6\n|inactive|Time left: 300 sec this turn | 300 sec total\n|\n|t:|1783557822\n|move|p2a: Hydreigon|Draco Meteor|p1a: Coalossal\n|-damage|p1a: Coalossal|0 fnt\n|-unboost|p2a: Hydreigon|spa|2\n|faint|p1a: Coalossal\n|\n|upkeep\n|\n|t:|1783557823\n|switch|p1a: Zarude|Zarude, L77|100/100\n|turn|7\n|inactive|Time left: 300 sec this turn | 300 sec total\n|\n|t:|1783557824\n|switch|p2a: Iron Valiant|Iron Valiant, L78|244/244\n|move|p1a: Zarude|Swords Dance|p1a: Zarude\n|-boost|p1a: Zarude|atk|2\n|\n|upkeep\n|turn|8\n|inactive|Time left: 300 sec this turn | 300 sec total\n|\n|t:|1783557825\n|switch|p1a: Jumpluff|Jumpluff, L87, M|100/100\n|move|p2a: Iron Valiant|Close Combat|p1a: Jumpluff\n|-resisted|p1a: Jumpluff\n|-crit|p1a: Jumpluff\n|-damage|p1a: Jumpluff|41/100\n|-unboost|p2a: Iron Valiant|def|1\n|-unboost|p2a: Iron Valiant|spd|1\n|-damage|p2a: Iron Valiant|220/244|[from] item: Life Orb\n|\n|upkeep\n|turn|9\n|inactive|Time left: 300 sec this turn | 300 sec total\n|\n|t:|1783557826\n|-end|p2a: Iron Valiant|Quark Drive|[silent]\n|switch|p2a: Moltres|Moltres, L81|278/278\n|move|p1a: Jumpluff|Strength Sap|p2a: Moltres\n|-unboost|p2a: Moltres|atk|1\n|-heal|p1a: Jumpluff|100/100\n|\n|upkeep\n|turn|10\n|inactive|Time left: 300 sec this turn | 300 sec total\n|\n|t:|1783557827\n|move|p1a: Jumpluff|Leech Seed|p2a: Moltres\n|-start|p2a: Moltres|move: Leech Seed\n|move|p2a: Moltres|Fire Blast|p1a: Jumpluff\n|-supereffective|p1a: Jumpluff\n|-damage|p1a: Jumpluff|11/100\n|\n|-damage|p2a: Moltres|244/278|[from] Leech Seed|[of] p1a: Jumpluff\n|-heal|p1a: Jumpluff|24/100|[silent]\n|upkeep\n|turn|11\n|inactive|Time left: 300 sec this turn | 300 sec total\n|\n|t:|1783557828\n|move|p1a: Jumpluff|Strength Sap|p2a: Moltres\n|-unboost|p2a: Moltres|atk|1\n|-heal|p1a: Jumpluff|75/100\n|move|p2a: Moltres|Fire Blast|p1a: Jumpluff\n|-supereffective|p1a: Jumpluff\n|-damage|p1a: Jumpluff|0 fnt\n|faint|p1a: Jumpluff\n|\n|upkeep\n|\n|t:|1783557829\n|switch|p1a: Lumineon|Lumineon, L93, M|100/100\n|turn|12\n|inactive|Time left: 300 sec this turn | 300 sec total\n|\n|t:|1783557830\n|switch|p2a: Duraludon|Duraludon, L82, M|249/249\n|move|p1a: Lumineon|Alluring Voice|p2a: Duraludon\n|-damage|p2a: Duraludon|178/249\n|-damage|p1a: Lumineon|91/100|[from] item: Life Orb\n|\n|upkeep\n|turn|13\n|inactive|Time left: 300 sec this turn | 300 sec total\n|\n|t:|1783557831\n|move|p1a: Lumineon|Ice Beam|p2a: Duraludon\n|-damage|p2a: Duraludon|97/249\n|-damage|p1a: Lumineon|81/100|[from] item: Life Orb\n|move|p2a: Duraludon|Iron Defense|p2a: Duraludon\n|-boost|p2a: Duraludon|def|2\n|\n|upkeep\n|turn|14\n|inactive|Time left: 300 sec this turn | 300 sec total\n|\n|t:|1783557832\n|move|p1a: Lumineon|Alluring Voice|p2a: Duraludon\n|-damage|p2a: Duraludon|19/249\n|-damage|p1a: Lumineon|71/100|[from] item: Life Orb\n|move|p2a: Duraludon|Body Press|p1a: Lumineon\n|-damage|p1a: Lumineon|26/100\n|\n|upkeep\n|turn|15\n|inactive|Time left: 300 sec this turn | 300 sec total\n|\n|t:|1783557833\n|switch|p2a: Samurott|Samurott, L88, M|291/310 tox\n|move|p1a: Lumineon|Ice Beam|p2a: Samurott\n|-resisted|p2a: Samurott\n|-damage|p2a: Samurott|261/310 tox\n|-damage|p1a: Lumineon|16/100|[from] item: Life Orb\n|\n|-damage|p2a: Samurott|242/310 tox|[from] psn\n|upkeep\n|turn|16\n|inactive|Time left: 300 sec this turn | 300 sec total\n|\n|t:|1783557834\n|move|p1a: Lumineon|Alluring Voice|p2a: Samurott\n|-damage|p2a: Samurott|186/310 tox\n|-damage|p1a: Lumineon|7/100|[from] item: Life Orb\n|move|p2a: Samurott|Megahorn|p1a: Lumineon\n|-damage|p1a: Lumineon|0 fnt\n|faint|p1a: Lumineon\n|\n|-damage|p2a: Samurott|148/310 tox|[from] psn\n|upkeep\n|\n|t:|1783557835\n|switch|p1a: Vigoroth|Vigoroth, L85, F|100/100\n|turn|17\n|inactive|Time left: 300 sec this turn | 300 sec total\n|\n|t:|1783557836\n|switch|p2a: Moltres|Moltres, L81|244/278\n|move|p1a: Vigoroth|Bulk Up|p1a: Vigoroth\n|-boost|p1a: Vigoroth|atk|1\n|-boost|p1a: Vigoroth|def|1\n|\n|upkeep\n|turn|18\n|inactive|Time left: 300 sec this turn | 300 sec total\n|\n|t:|1783557837\n|move|p1a: Vigoroth|Bulk Up|p1a: Vigoroth\n|-boost|p1a: Vigoroth|atk|1\n|-boost|p1a: Vigoroth|def|1\n|move|p2a: Moltres|Fire Blast|p1a: Vigoroth\n|-damage|p1a: Vigoroth|57/100\n|\n|upkeep\n|turn|19\n|inactive|Time left: 300 sec this turn | 300 sec total\n|\n|t:|1783557837\n|move|p1a: Vigoroth|Body Slam|p2a: Moltres\n|-damage|p2a: Moltres|88/278\n|move|p2a: Moltres|Fire Blast|p1a: Vigoroth|[miss]\n|-miss|p2a: Moltres|p1a: Vigoroth\n|\n|upkeep\n|turn|20\n|inactive|Time left: 300 sec this turn | 300 sec total\n|\n|t:|1783557838\n|move|p1a: Vigoroth|Body Slam|p2a: Moltres\n|-damage|p2a: Moltres|0 fnt\n|-status|p1a: Vigoroth|brn|[from] ability: Flame Body|[of] p2a: Moltres\n|faint|p2a: Moltres\n|\n|-damage|p1a: Vigoroth|51/100 brn|[from] brn\n|upkeep\n|inactive|Time left: 300 sec this turn | 300 sec total | 5 sec grace\n|\n|t:|1783557839\n|switch|p2a: Hydreigon|Hydreigon, L79, M|275/275\n|turn|21\n|inactive|Time left: 300 sec this turn | 300 sec total\n|\n|t:|1783557840\n|move|p1a: Vigoroth|Slack Off|p1a: Vigoroth\n|-heal|p1a: Vigoroth|100/100 brn\n|move|p2a: Hydreigon|Dark Pulse|p1a: Vigoroth\n|-damage|p1a: Vigoroth|52/100 brn\n|\n|-damage|p1a: Vigoroth|46/100 brn|[from] brn\n|upkeep\n|turn|22\n|inactive|Time left: 300 sec this turn | 300 sec total\n|\n|t:|1783557841\n|move|p1a: Vigoroth|Slack Off|p1a: Vigoroth\n|-heal|p1a: Vigoroth|96/100 brn\n|move|p2a: Hydreigon|Dark Pulse|p1a: Vigoroth\n|-damage|p1a: Vigoroth|54/100 brn\n|\n|-damage|p1a: Vigoroth|47/100 brn|[from] brn\n|upkeep\n|turn|23\n|inactive|Time left: 300 sec this turn | 300 sec total\n|\n|t:|1783557842\n|move|p1a: Vigoroth|Slack Off|p1a: Vigoroth\n|-heal|p1a: Vigoroth|98/100 brn\n|move|p2a: Hydreigon|Dark Pulse|p1a: Vigoroth\n|-damage|p1a: Vigoroth|53/100 brn\n|\n|-damage|p1a: Vigoroth|47/100 brn|[from] brn\n|upkeep\n|turn|24\n|inactive|Time left: 300 sec this turn | 300 sec total\n|\n|t:|1783557843\n|move|p1a: Vigoroth|Slack Off|p1a: Vigoroth\n|-heal|p1a: Vigoroth|97/100 brn\n|move|p2a: Hydreigon|Dark Pulse|p1a: Vigoroth\n|-damage|p1a: Vigoroth|50/100 brn\n|\n|-damage|p1a: Vigoroth|44/100 brn|[from] brn\n|upkeep\n|turn|25\n|inactive|Time left: 300 sec this turn | 300 sec total\n|\n|t:|1783557844\n|move|p1a: Vigoroth|Slack Off|p1a: Vigoroth\n|-heal|p1a: Vigoroth|94/100 brn\n|move|p2a: Hydreigon|Dark Pulse|p1a: Vigoroth\n|-damage|p1a: Vigoroth|50/100 brn\n|\n|-damage|p1a: Vigoroth|44/100 brn|[from] brn\n|upkeep\n|turn|26\n|inactive|Time left: 300 sec this turn | 300 sec total\n|\n|t:|1783557845\n|move|p1a: Vigoroth|Slack Off|p1a: Vigoroth\n|-heal|p1a: Vigoroth|94/100 brn\n|move|p2a: Hydreigon|Dark Pulse|p1a: Vigoroth\n|-damage|p1a: Vigoroth|50/100 brn\n|\n|-damage|p1a: Vigoroth|43/100 brn|[from] brn\n|upkeep\n|turn|27\n|inactive|Time left: 300 sec this turn | 300 sec total\n|\n|t:|1783557846\n|move|p1a: Vigoroth|Body Slam|p2a: Hydreigon\n|-damage|p2a: Hydreigon|195/275\n|move|p2a: Hydreigon|Dark Pulse|p1a: Vigoroth\n|-damage|p1a: Vigoroth|0 fnt\n|faint|p1a: Vigoroth\n|\n|upkeep\n|\n|t:|1783557847\n|switch|p1a: Mandibuzz|Mandibuzz, L85, F|95/100\n|turn|28\n|inactive|Time left: 300 sec this turn | 300 sec total\n|\n|t:|1783557848\n|move|p2a: Hydreigon|Dark Pulse|p1a: Mandibuzz\n|-resisted|p1a: Mandibuzz\n|-damage|p1a: Mandibuzz|74/100\n|move|p1a: Mandibuzz|Brave Bird|p2a: Hydreigon\n|-damage|p2a: Hydreigon|87/275\n|-damage|p1a: Mandibuzz|63/100|[from] Recoil\n|\n|upkeep\n|turn|29\n|inactive|Time left: 300 sec this turn | 300 sec total\n|\n|t:|1783557850\n|move|p2a: Hydreigon|Dark Pulse|p1a: Mandibuzz\n|-resisted|p1a: Mandibuzz\n|-damage|p1a: Mandibuzz|45/100\n|move|p1a: Mandibuzz|Brave Bird|p2a: Hydreigon\n|-damage|p2a: Hydreigon|0 fnt\n|faint|p2a: Hydreigon\n|-damage|p1a: Mandibuzz|36/100|[from] Recoil\n|\n|upkeep\n|inactive|Time left: 300 sec this turn | 300 sec total | 5 sec grace\n|\n|t:|1783557851\n|switch|p2a: Iron Valiant|Iron Valiant, L78|220/244\n|turn|30\n|inactive|Time left: 300 sec this turn | 300 sec total\n|\n|t:|1783557852\n|move|p2a: Iron Valiant|Close Combat|p1a: Mandibuzz\n|-damage|p1a: Mandibuzz|0 fnt\n|-unboost|p2a: Iron Valiant|def|1\n|-unboost|p2a: Iron Valiant|spd|1\n|faint|p1a: Mandibuzz\n|-damage|p2a: Iron Valiant|196/244|[from] item: Life Orb\n|\n|upkeep\n|\n|t:|1783557852\n|switch|p1a: Zarude|Zarude, L77|100/100\n|turn|31\n|inactive|Time left: 300 sec this turn | 300 sec total\n|\n|t:|1783557853\n|-terastallize|p1a: Zarude|Fighting\n|move|p2a: Iron Valiant|Close Combat|p1a: Zarude\n|-damage|p1a: Zarude|37/100\n|-unboost|p2a: Iron Valiant|def|1\n|-unboost|p2a: Iron Valiant|spd|1\n|-damage|p2a: Iron Valiant|172/244|[from] item: Life Orb\n|move|p1a: Zarude|Power Whip|p2a: Iron Valiant\n|-crit|p2a: Iron Valiant\n|-damage|p2a: Iron Valiant|0 fnt\n|faint|p2a: Iron Valiant\n|-end|p2a: Iron Valiant|Quark Drive|[silent]\n|-damage|p1a: Zarude|27/100|[from] item: Life Orb\n|\n|upkeep\n|inactive|Time left: 300 sec this turn | 300 sec total | 5 sec grace\n|\n|t:|1783557854\n|switch|p2a: Samurott|Samurott, L88, M|148/310 tox\n|turn|32\n|inactive|Time left: 300 sec this turn | 300 sec total\n|\n|t:|1783557855\n|move|p1a: Zarude|Close Combat|p2a: Samurott\n|-damage|p2a: Samurott|0 fnt\n|-unboost|p1a: Zarude|def|1\n|-unboost|p1a: Zarude|spd|1\n|faint|p2a: Samurott\n|-damage|p1a: Zarude|18/100|[from] item: Life Orb\n|\n|upkeep\n|inactive|Time left: 300 sec this turn | 300 sec total | 5 sec grace\n|\n|t:|1783557856\n|switch|p2a: Duraludon|Duraludon, L82, M|19/249\n|turn|33\n|inactive|Time left: 300 sec this turn | 300 sec total\n|\n|t:|1783557857\n|move|p1a: Zarude|Knock Off|p2a: Duraludon\n|-damage|p2a: Duraludon|0 fnt\n|-enditem|p2a: Duraludon|Eviolite|[from] move: Knock Off|[of] p1a: Zarude\n|faint|p2a: Duraludon\n|-damage|p1a: Zarude|8/100|[from] item: Life Orb\n|\n|win|p0x16062019", "uploadtime": 1783557857, "views": 0, "rating": 0, "private": 0, "password": null, "_winner": "p0x16062019", "_our_name": "p0y16065661"}