{"id": "battle-gen9randombattle-2691", "formatid": "gen9randombattle", "format": "[Gen 9] Random Battle", "players": ["p0x269146f9", "p0y26917206"], "log": "|init|battle\n|title|p0x269146f9 vs. p0y26917206\n|j|\u2606p0x269146f9\n|j|\u2606p0y26917206\n|t:|1783570054\n|gametype|singles\n|player|p1|p0x269146f9|169|\n|player|p2|p0y26917206|265|\n|gen|9\n|tier|[Gen 9] Random Battle\n|rule|Species Clause: Limit one of each Pok\u00e9mon\n|rule|HP Percentage Mod: HP is shown in percentages\n|rule|Sleep Clause Mod: Limit one foe put to sleep\n|rule|Illusion Level Mod: Illusion disguises the Pok\u00e9mon's true level\n|\n|t:|1783570054\n|teamsize|p1|6\n|teamsize|p2|6\n|start\n|switch|p1a: Magnezone|Magnezone, L85|258/258\n|switch|p2a: Tatsugiri|Tatsugiri, L87, M|100/100\n|turn|1\n|inactive|Battle timer is ON: inactive players will automatically lose when time's up. (requested by p0x269146f9)\n|inactive|p0y26917206 also wants the timer to be on.\n|\n|t:|1783570055\n|move|p2a: Tatsugiri|Nasty Plot|p2a: Tatsugiri\n|-boost|p2a: Tatsugiri|spa|2\n|move|p1a: Magnezone|Discharge|p2a: Tatsugiri\n|-damage|p2a: Tatsugiri|63/100\n|\n|upkeep\n|turn|2\n|inactive|Time left: 300 sec this turn | 300 sec total\n|\n|t:|1783570056\n|switch|p1a: Appletun|Appletun, L92, F|352/352\n|move|p2a: Tatsugiri|Hydro Pump|p1a: Appletun|[miss]\n|-miss|p2a: Tatsugiri|p1a: Appletun\n|\n|upkeep\n|turn|3\n|inactive|Time left: 300 sec this turn | 300 sec total\n|\n|t:|1783570057\n|-terastallize|p1a: Appletun|Steel\n|move|p2a: Tatsugiri|Draco Meteor|p1a: Appletun\n|-resisted|p1a: Appletun\n|-damage|p1a: Appletun|186/352\n|-unboost|p2a: Tatsugiri|spa|2\n|move|p1a: Appletun|Dragon Pulse|p2a: Tatsugiri\n|-supereffective|p2a: Tatsugiri\n|-damage|p2a: Tatsugiri|0 fnt\n|faint|p2a: Tatsugiri\n|\n|-heal|p1a: Appletun|208/352|[from] item: Leftovers\n|upkeep\n|\n|t:|1783570058\n|switch|p2a: Iron Crown|Iron Crown, L78|100/100\n|turn|4\n|inactive|Time left: 300 sec this turn | 300 sec total\n|\n|t:|1783570059\n|move|p2a: Iron Crown|Focus Blast|p1a: Appletun\n|-supereffective|p1a: Appletun\n|-damage|p1a: Appletun|0 fnt\n|faint|p1a: Appletun\n|\n|upkeep\n|inactive|Time left: 300 sec this turn | 300 sec total | 5 sec grace\n|\n|t:|1783570060\n|switch|p1a: Ribombee|Ribombee, L83, M|235/235\n|turn|5\n|inactive|Time left: 300 sec this turn | 300 sec total\n|\n|t:|1783570061\n|-end|p2a: Iron Crown|Quark Drive|[silent]\n|switch|p2a: Polteageist|Polteageist, L78|100/100\n|move|p1a: Ribombee|Sticky Web|p2a: Polteageist\n|-sidestart|p2: p0y26917206|move: Sticky Web\n|\n|upkeep\n|turn|6\n|inactive|Time left: 300 sec this turn | 300 sec total\n|\n|t:|1783570062\n|switch|p1a: Dialga|Dialga-Origin, L73|266/266\n|-ability|p1a: Dialga|Pressure\n|move|p2a: Polteageist|Shell Smash|p2a: Polteageist\n|-unboost|p2a: Polteageist|def|1\n|-unboost|p2a: Polteageist|spd|1\n|-boost|p2a: Polteageist|atk|2\n|-boost|p2a: Polteageist|spa|2\n|-boost|p2a: Polteageist|spe|2\n|-enditem|p2a: Polteageist|White Herb\n|-clearnegativeboost|p2a: Polteageist|[silent]\n|\n|upkeep\n|turn|7\n|inactive|Time left: 300 sec this turn | 300 sec total\n|\n|t:|1783570063\n|move|p2a: Polteageist|Shadow Ball|p1a: Dialga\n|-damage|p1a: Dialga|86/266\n|move|p1a: Dialga|Dragon Tail|p2a: Polteageist\n|-damage|p2a: Polteageist|63/100\n|-start|p1a: Dialga|Disable|Dragon Tail|[from] ability: Cursed Body|[of] p2a: Polteageist\n|drag|p2a: Ting-Lu|Ting-Lu, L78|100/100\n|-activate|p2a: Ting-Lu|move: Sticky Web\n|-unboost|p2a: Ting-Lu|spe|1\n|-ability|p2a: Ting-Lu|Vessel of Ruin\n|\n|upkeep\n|turn|8\n|inactive|Time left: 300 sec this turn | 300 sec total\n|\n|t:|1783570065\n|move|p1a: Dialga|Stealth Rock|p2a: Ting-Lu\n|-sidestart|p2: p0y26917206|move: Stealth Rock\n|move|p2a: Ting-Lu|Earthquake|p1a: Dialga\n|-supereffective|p1a: Dialga\n|-damage|p1a: Dialga|0 fnt\n|faint|p1a: Dialga\n|\n|upkeep\n|inactive|Time left: 300 sec this turn | 300 sec total | 5 sec grace\n|\n|t:|1783570066\n|switch|p1a: Manaphy|Manaphy, L78|284/284\n|turn|9\n|inactive|Time left: 300 sec this turn | 300 sec total\n|\n|t:|1783570066\n|switch|p2a: Cryogonal|Cryogonal, L89|100/100\n|move|p1a: Manaphy|Tail Glow|p1a: Manaphy\n|-boost|p1a: Manaphy|spa|3\n|\n|upkeep\n|turn|10\n|inactive|Time left: 300 sec this turn | 300 sec total\n|\n|t:|1783570067\n|move|p2a: Cryogonal|Freeze-Dry|p1a: Manaphy\n|-supereffective|p1a: Manaphy\n|-damage|p1a: Manaphy|138/284\n|move|p1a: Manaphy|Hydro Pump|p2a: Cryogonal\n|-damage|p2a: Cryogonal|36/100\n|\n|-heal|p1a: Manaphy|155/284|[from] item: Leftovers\n|upkeep\n|turn|11\n|inactive|Time left: 300 sec this turn | 300 sec total\n|\n|t:|1783570068\n|move|p2a: Cryogonal|Freeze-Dry|p1a: Manaphy\n|-supereffective|p1a: Manaphy\n|-damage|p1a: Manaphy|0 fnt\n|faint|p1a: Manaphy\n|\n|upkeep\n|inactive|Time left: 300 sec this turn | 300 sec total | 5 sec grace\n|\n|t:|1783570069\n|switch|p1a: Floatzel|Floatzel, L86, M|286/286\n|turn|12\n|inactive|Time left: 300 sec this turn | 300 sec total\n|\n|t:|1783570070\n|switch|p2a: Breloom|Breloom, L83, F|100/100\n|-activate|p2a: Breloom|move: Sticky Web\n|-unboost|p2a: Breloom|spe|1\n|-damage|p2a: Breloom|95/100|[from] Stealth Rock\n|move|p1a: Floatzel|Wave Crash|p2a: Breloom\n|-resisted|p2a: Breloom\n|-damage|p2a: Breloom|47/100\n|-damage|p1a: Floatzel|249/286|[from] Recoil\n|\n|upkeep\n|turn|13\n|inactive|Time left: 300 sec this turn | 300 sec total\n|\n|t:|1783570071\n|move|p2a: Breloom|Mach Punch|p1a: Floatzel\n|-damage|p1a: Floatzel|115/286\n|-damage|p2a: Breloom|38/100|[from] item: Life Orb\n|move|p1a: Floatzel|Wave Crash|p2a: Breloom\n|-resisted|p2a: Breloom\n|-damage|p2a: Breloom|0 fnt\n|faint|p2a: Breloom\n|-damage|p1a: Floatzel|86/286|[from] Recoil\n|\n|upkeep\n|\n|t:|1783570072\n|switch|p2a: Ting-Lu|Ting-Lu, L78|100/100\n|-activate|p2a: Ting-Lu|move: Sticky Web\n|-unboost|p2a: Ting-Lu|spe|1\n|-damage|p2a: Ting-Lu|94/100|[from] Stealth Rock\n|-ability|p2a: Ting-Lu|Vessel of Ruin\n|turn|14\n|inactive|Time left: 300 sec this turn | 300 sec total\n|\n|t:|1783570072\n|-terastallize|p2a: Ting-Lu|Poison\n|move|p1a: Floatzel|Wave Crash|p2a: Ting-Lu\n|-damage|p2a: Ting-Lu|44/100\n|-damage|p1a: Floatzel|25/286|[from] Recoil\n|move|p2a: Ting-Lu|Earthquake|p1a: Floatzel\n|-damage|p1a: Floatzel|0 fnt\n|faint|p1a: Floatzel\n|\n|-heal|p2a: Ting-Lu|50/100|[from] item: Leftovers\n|upkeep\n|inactive|Time left: 300 sec this turn | 300 sec total | 5 sec grace\n|\n|t:|1783570073\n|switch|p1a: Ribombee|Ribombee, L83, M|235/235\n|turn|15\n|inactive|Time left: 300 sec this turn | 300 sec total\n|\n|t:|1783570074\n|move|p1a: Ribombee|Stun Spore|p2a: Ting-Lu\n|-status|p2a: Ting-Lu|par\n|cant|p2a: Ting-Lu|par\n|\n|-heal|p2a: Ting-Lu|56/100 par|[from] item: Leftovers\n|upkeep\n|turn|16\n|inactive|Time left: 300 sec this turn | 300 sec total\n|\n|t:|1783570075\n|move|p1a: Ribombee|Moonblast|p2a: Ting-Lu\n|-resisted|p2a: Ting-Lu\n|-damage|p2a: Ting-Lu|45/100 par\n|move|p2a: Ting-Lu|Earthquake|p1a: Ribombee\n|-resisted|p1a: Ribombee\n|-damage|p1a: Ribombee|167/235\n|\n|-heal|p2a: Ting-Lu|51/100 par|[from] item: Leftovers\n|upkeep\n|turn|17\n|inactive|Time left: 300 sec this turn | 300 sec total\n|\n|t:|1783570076\n|move|p1a: Ribombee|Moonblast|p2a: Ting-Lu\n|-resisted|p2a: Ting-Lu\n|-damage|p2a: Ting-Lu|40/100 par\n|move|p2a: Ting-Lu|Earthquake|p1a: Ribombee\n|-resisted|p1a: Ribombee\n|-crit|p1a: Ribombee\n|-damage|p1a: Ribombee|56/235\n|\n|-heal|p2a: Ting-Lu|46/100 par|[from] item: Leftovers\n|upkeep\n|turn|18\n|inactive|Time left: 300 sec this turn | 300 sec total\n|\n|t:|1783570077\n|move|p1a: Ribombee|Moonblast|p2a: Ting-Lu\n|-resisted|p2a: Ting-Lu\n|-crit|p2a: Ting-Lu\n|-damage|p2a: Ting-Lu|29/100 par\n|cant|p2a: Ting-Lu|par\n|\n|-heal|p2a: Ting-Lu|36/100 par|[from] item: Leftovers\n|upkeep\n|turn|19\n|inactive|Time left: 300 sec this turn | 300 sec total\n|\n|t:|1783570078\n|move|p1a: Ribombee|Moonblast|p2a: Ting-Lu\n|-resisted|p2a: Ting-Lu\n|-damage|p2a: Ting-Lu|23/100 par\n|move|p2a: Ting-Lu|Earthquake|p1a: Ribombee\n|-resisted|p1a: Ribombee\n|-damage|p1a: Ribombee|0 fnt\n|faint|p1a: Ribombee\n|\n|-heal|p2a: Ting-Lu|30/100 par|[from] item: Leftovers\n|upkeep\n|inactive|Time left: 300 sec this turn | 300 sec total | 5 sec grace\n|\n|t:|1783570079\n|switch|p1a: Magnezone|Magnezone, L85|258/258\n|turn|20\n|inactive|Time left: 300 sec this turn | 300 sec total\n|\n|t:|1783570080\n|move|p1a: Magnezone|Iron Defense|p1a: Magnezone\n|-boost|p1a: Magnezone|def|2\n|move|p2a: Ting-Lu|Earthquake|p1a: Magnezone\n|-supereffective|p1a: Magnezone\n|-damage|p1a: Magnezone|74/258\n|\n|-heal|p1a: Magnezone|90/258|[from] item: Leftovers\n|-heal|p2a: Ting-Lu|36/100 par|[from] item: Leftovers\n|upkeep\n|turn|21\n|inactive|Time left: 300 sec this turn | 300 sec total\n|\n|t:|1783570081\n|move|p1a: Magnezone|Discharge|p2a: Ting-Lu\n|-damage|p2a: Ting-Lu|12/100 par\n|cant|p2a: Ting-Lu|par\n|\n|-heal|p1a: Magnezone|106/258|[from] item: Leftovers\n|-heal|p2a: Ting-Lu|18/100 par|[from] item: Leftovers\n|upkeep\n|turn|22\n|inactive|Time left: 300 sec this turn | 300 sec total\n|\n|t:|1783570082\n|move|p1a: Magnezone|Discharge|p2a: Ting-Lu\n|-damage|p2a: Ting-Lu|0 fnt\n|faint|p2a: Ting-Lu\n|\n|-heal|p1a: Magnezone|122/258|[from] item: Leftovers\n|upkeep\n|\n|t:|1783570083\n|switch|p2a: Iron Crown|Iron Crown, L78|100/100\n|-activate|p2a: Iron Crown|move: Sticky Web\n|-unboost|p2a: Iron Crown|spe|1\n|-damage|p2a: Iron Crown|95/100|[from] Stealth Rock\n|turn|23\n|inactive|Time left: 300 sec this turn | 300 sec total\n|\n|t:|1783570084\n|move|p1a: Magnezone|Discharge|p2a: Iron Crown\n|-damage|p2a: Iron Crown|56/100\n|move|p2a: Iron Crown|Focus Blast|p1a: Magnezone\n|-supereffective|p1a: Magnezone\n|-crit|p1a: Magnezone\n|-damage|p1a: Magnezone|0 fnt\n|faint|p1a: Magnezone\n|\n|win|p0y26917206", "uploadtime": 1783570084, "views": 0, "rating": 0, "private": 0, "password": null, "_winner": "p0y26917206", "_our_name": "p0x269146f9"}