{"id": "battle-gen9randombattle-2466", "formatid": "gen9randombattle", "format": "[Gen 9] Random Battle", "players": ["p0x24666ae4", "p0y2466a70f"], "log": "|init|battle\n|title|p0x24666ae4 vs. p0y2466a70f\n|j|\u2606p0x24666ae4\n|j|\u2606p0y2466a70f\n|t:|1783567627\n|gametype|singles\n|player|p1|p0x24666ae4|101|\n|player|p2|p0y2466a70f|266|\n|gen|9\n|tier|[Gen 9] Random Battle\n|rule|Species Clause: Limit one of each Pok\u00e9mon\n|rule|HP Percentage Mod: HP is shown in percentages\n|rule|Sleep Clause Mod: Limit one foe put to sleep\n|rule|Illusion Level Mod: Illusion disguises the Pok\u00e9mon's true level\n|\n|t:|1783567627\n|teamsize|p1|6\n|teamsize|p2|6\n|start\n|switch|p1a: Tauros|Tauros, L82, M|257/257\n|switch|p2a: Iron Bundle|Iron Bundle, L78|100/100\n|turn|1\n|inactive|Battle timer is ON: inactive players will automatically lose when time's up. (requested by p0y2466a70f)\n|inactive|Time left: 300 sec this turn | 300 sec total | 60 sec grace\n|inactive|p0x24666ae4 also wants the timer to be on.\n|\n|t:|1783567629\n|move|p2a: Iron Bundle|Hydro Pump|p1a: Tauros|[miss]\n|-miss|p2a: Iron Bundle|p1a: Tauros\n|move|p1a: Tauros|Close Combat|p2a: Iron Bundle\n|-supereffective|p2a: Iron Bundle\n|-damage|p2a: Iron Bundle|18/100\n|-unboost|p1a: Tauros|def|1\n|-unboost|p1a: Tauros|spd|1\n|-damage|p1a: Tauros|232/257|[from] item: Life Orb\n|\n|upkeep\n|turn|2\n|inactive|Time left: 300 sec this turn | 300 sec total\n|\n|t:|1783567630\n|switch|p1a: Stantler|Stantler, L92, F|284/284\n|-ability|p1a: Stantler|Intimidate|boost\n|-unboost|p2a: Iron Bundle|atk|1\n|move|p2a: Iron Bundle|Ice Beam|p1a: Stantler\n|-damage|p1a: Stantler|209/284\n|\n|upkeep\n|turn|3\n|inactive|Time left: 300 sec this turn | 300 sec total\n|\n|t:|1783567631\n|move|p2a: Iron Bundle|Hydro Pump|p1a: Stantler\n|-damage|p1a: Stantler|118/284\n|move|p1a: Stantler|Calm Mind|p1a: Stantler\n|-boost|p1a: Stantler|spa|1\n|-boost|p1a: Stantler|spd|1\n|\n|upkeep\n|turn|4\n|inactive|Time left: 300 sec this turn | 300 sec total\n|\n|t:|1783567632\n|move|p2a: Iron Bundle|Ice Beam|p1a: Stantler\n|-damage|p1a: Stantler|66/284\n|move|p1a: Stantler|Earth Power|p2a: Iron Bundle\n|-damage|p2a: Iron Bundle|0 fnt\n|faint|p2a: Iron Bundle\n|-end|p2a: Iron Bundle|Quark Drive|[silent]\n|\n|upkeep\n|\n|t:|1783567633\n|switch|p2a: Veluza|Veluza, L85, M|100/100\n|turn|5\n|inactive|Time left: 300 sec this turn | 300 sec total\n|\n|t:|1783567634\n|move|p1a: Stantler|Shadow Ball|p2a: Veluza\n|-supereffective|p2a: Veluza\n|-damage|p2a: Veluza|25/100\n|-unboost|p2a: Veluza|spd|1\n|-enditem|p2a: Veluza|Sitrus Berry|[eat]\n|-heal|p2a: Veluza|50/100|[from] item: Sitrus Berry\n|move|p2a: Veluza|Fillet Away||[still]\n|-fail|p2a: Veluza\n|\n|upkeep\n|turn|6\n|inactive|Time left: 300 sec this turn | 300 sec total\n|\n|t:|1783567635\n|switch|p2a: Shiftry|Shiftry, L89, M|100/100\n|move|p1a: Stantler|Tera Blast|p2a: Shiftry\n|-damage|p2a: Shiftry|44/100\n|\n|upkeep\n|turn|7\n|inactive|Time left: 300 sec this turn | 300 sec total\n|\n|t:|1783567636\n|move|p2a: Shiftry|Sucker Punch|p1a: Stantler\n|-damage|p1a: Stantler|0 fnt\n|faint|p1a: Stantler\n|-damage|p2a: Shiftry|34/100|[from] item: Life Orb\n|\n|upkeep\n|inactive|Time left: 300 sec this turn | 300 sec total | 5 sec grace\n|\n|t:|1783567637\n|switch|p1a: Scizor|Scizor, L79, M|240/240\n|turn|8\n|inactive|Time left: 300 sec this turn | 300 sec total\n|\n|t:|1783567639\n|move|p1a: Scizor|Bullet Punch|p2a: Shiftry\n|-damage|p2a: Shiftry|0 fnt\n|faint|p2a: Shiftry\n|\n|upkeep\n|\n|t:|1783567639\n|switch|p2a: Ampharos|Ampharos, L88, F|100/100\n|turn|9\n|inactive|Time left: 300 sec this turn | 300 sec total\n|\n|t:|1783567640\n|move|p1a: Scizor|Bullet Punch|p2a: Ampharos\n|-resisted|p2a: Ampharos\n|-damage|p2a: Ampharos|82/100\n|-status|p1a: Scizor|par|[from] ability: Static|[of] p2a: Ampharos\n|move|p2a: Ampharos|Thunderbolt|p1a: Scizor\n|-damage|p1a: Scizor|75/240 par\n|-damage|p2a: Ampharos|72/100|[from] item: Life Orb\n|\n|upkeep\n|turn|10\n|inactive|Time left: 300 sec this turn | 300 sec total\n|\n|t:|1783567641\n|move|p1a: Scizor|Bullet Punch|p2a: Ampharos\n|-resisted|p2a: Ampharos\n|-damage|p2a: Ampharos|55/100\n|move|p2a: Ampharos|Focus Blast|p1a: Scizor\n|-damage|p1a: Scizor|0 fnt\n|faint|p1a: Scizor\n|-damage|p2a: Ampharos|45/100|[from] item: Life Orb\n|\n|upkeep\n|inactive|Time left: 300 sec this turn | 300 sec total | 5 sec grace\n|\n|t:|1783567642\n|switch|p1a: Mismagius|Mismagius, L86, M|243/243\n|turn|11\n|inactive|Time left: 300 sec this turn | 300 sec total\n|\n|t:|1783567643\n|move|p1a: Mismagius|Shadow Ball|p2a: Ampharos\n|-damage|p2a: Ampharos|4/100\n|move|p2a: Ampharos|Thunderbolt|p1a: Mismagius\n|-damage|p1a: Mismagius|99/243\n|-damage|p2a: Ampharos|0 fnt|[from] item: Life Orb\n|faint|p2a: Ampharos\n|\n|upkeep\n|\n|t:|1783567644\n|switch|p2a: Pawmot|Pawmot, L80, M|100/100\n|turn|12\n|inactive|Time left: 300 sec this turn | 300 sec total\n|\n|t:|1783567645\n|move|p1a: Mismagius|Shadow Ball|p2a: Pawmot\n|-damage|p2a: Pawmot|15/100\n|move|p2a: Pawmot|Double Shock|p1a: Mismagius\n|-damage|p1a: Mismagius|0 fnt\n|-start|p2a: Pawmot|typechange|???/Fighting|[from] move: Double Shock\n|faint|p1a: Mismagius\n|-damage|p2a: Pawmot|5/100|[from] item: Life Orb\n|\n|upkeep\n|inactive|Time left: 300 sec this turn | 300 sec total | 5 sec grace\n|\n|t:|1783567646\n|switch|p1a: Tauros|Tauros, L82, M|232/257\n|turn|13\n|inactive|Time left: 300 sec this turn | 300 sec total\n|\n|t:|1783567647\n|move|p1a: Tauros|Body Slam|p2a: Pawmot\n|-damage|p2a: Pawmot|0 fnt\n|faint|p2a: Pawmot\n|\n|upkeep\n|\n|t:|1783567648\n|switch|p2a: Illumise|Illumise, L91, F|100/100\n|turn|14\n|inactive|Time left: 300 sec this turn | 300 sec total\n|\n|t:|1783567649\n|switch|p1a: Moltres|Moltres-Galar, L79|271/271\n|move|p2a: Illumise|Bug Buzz|p1a: Moltres\n|-damage|p1a: Moltres|204/271\n|\n|upkeep\n|turn|15\n|inactive|Time left: 300 sec this turn | 300 sec total\n|\n|t:|1783567650\n|move|p2a: Illumise|Encore|p1a: Moltres\n|-hint|Since gen 7, Dark is immune to Prankster moves.\n|-immune|p1a: Moltres\n|move|p1a: Moltres|Nasty Plot|p1a: Moltres\n|-boost|p1a: Moltres|spa|2\n|\n|upkeep\n|turn|16\n|inactive|Time left: 300 sec this turn | 300 sec total\n|\n|t:|1783567651\n|move|p2a: Illumise|Bug Buzz|p1a: Moltres\n|-damage|p1a: Moltres|128/271\n|-ability|p1a: Moltres|Berserk|boost\n|-boost|p1a: Moltres|spa|1\n|move|p1a: Moltres|Fiery Wrath|p2a: Illumise\n|-damage|p2a: Illumise|24/100\n|\n|upkeep\n|turn|17\n|inactive|Time left: 300 sec this turn | 300 sec total\n|\n|t:|1783567652\n|move|p2a: Illumise|Bug Buzz|p1a: Moltres\n|-damage|p1a: Moltres|53/271\n|move|p1a: Moltres|Fiery Wrath|p2a: Illumise\n|-damage|p2a: Illumise|0 fnt\n|faint|p2a: Illumise\n|\n|upkeep\n|\n|t:|1783567653\n|switch|p2a: Veluza|Veluza, L85, M|50/100\n|turn|18\n|inactive|Time left: 300 sec this turn | 300 sec total\n|\n|t:|1783567654\n|move|p1a: Moltres|Fiery Wrath|p2a: Veluza\n|-supereffective|p2a: Veluza\n|-damage|p2a: Veluza|0 fnt\n|faint|p2a: Veluza\n|\n|win|p0x24666ae4", "uploadtime": 1783567654, "views": 0, "rating": 0, "private": 0, "password": null, "_winner": "p0x24666ae4", "_our_name": "p0x24666ae4"}