{"id": "battle-gen9randombattle-747", "formatid": "gen9randombattle", "format": "[Gen 9] Random Battle", "players": ["p0x74715d7", "p0y747e1ca"], "log": "|init|battle\n|title|p0x74715d7 vs. p0y747e1ca\n|j|\u2606p0x74715d7\n|j|\u2606p0y747e1ca\n|t:|1783548497\n|gametype|singles\n|player|p1|p0x74715d7|265|\n|player|p2|p0y747e1ca|1|\n|gen|9\n|tier|[Gen 9] Random Battle\n|rule|Species Clause: Limit one of each Pok\u00e9mon\n|rule|HP Percentage Mod: HP is shown in percentages\n|rule|Sleep Clause Mod: Limit one foe put to sleep\n|rule|Illusion Level Mod: Illusion disguises the Pok\u00e9mon's true level\n|\n|t:|1783548497\n|teamsize|p1|6\n|teamsize|p2|6\n|start\n|switch|p1a: Spectrier|Spectrier, L75|274/274\n|switch|p2a: Ariados|Ariados, L95, M|100/100\n|turn|1\n|inactive|Battle timer is ON: inactive players will automatically lose when time's up. (requested by p0x74715d7)\n|inactive|p0y747e1ca also wants the timer to be on.\n|\n|t:|1783548498\n|move|p1a: Spectrier|Will-O-Wisp|p2a: Ariados\n|-status|p2a: Ariados|brn\n|move|p2a: Ariados|Sticky Web|p1a: Spectrier\n|-sidestart|p1: p0x74715d7|move: Sticky Web\n|\n|-damage|p2a: Ariados|95/100 brn|[from] brn\n|upkeep\n|turn|2\n|inactive|Time left: 300 sec this turn | 300 sec total\n|\n|t:|1783548500\n|move|p1a: Spectrier|Nasty Plot|p1a: Spectrier\n|-boost|p1a: Spectrier|spa|2\n|move|p2a: Ariados|Toxic Spikes|p1a: Spectrier\n|-sidestart|p1: p0x74715d7|move: Toxic Spikes\n|\n|-damage|p2a: Ariados|89/100 brn|[from] brn\n|upkeep\n|turn|3\n|inactive|Time left: 300 sec this turn | 300 sec total\n|\n|t:|1783548501\n|move|p1a: Spectrier|Shadow Ball|p2a: Ariados\n|-damage|p2a: Ariados|4/100 brn\n|-damage|p1a: Spectrier|247/274|[from] item: Life Orb\n|move|p2a: Ariados|Toxic Spikes|p1a: Spectrier\n|-sidestart|p1: p0x74715d7|move: Toxic Spikes\n|\n|-damage|p2a: Ariados|0 fnt|[from] brn\n|faint|p2a: Ariados\n|upkeep\n|\n|t:|1783548502\n|switch|p2a: Tsareena|Tsareena, L87, F|100/100\n|turn|4\n|inactive|Time left: 300 sec this turn | 300 sec total\n|\n|t:|1783548503\n|move|p2a: Tsareena|Power Whip|p1a: Spectrier\n|-crit|p1a: Spectrier\n|-damage|p1a: Spectrier|0 fnt\n|faint|p1a: Spectrier\n|\n|upkeep\n|inactive|Time left: 300 sec this turn | 300 sec total | 5 sec grace\n|\n|t:|1783548504\n|switch|p1a: Drifblim|Drifblim, L86, F|398/398\n|turn|5\n|inactive|Time left: 300 sec this turn | 300 sec total\n|\n|t:|1783548505\n|move|p2a: Tsareena|Power Whip|p1a: Drifblim\n|-resisted|p1a: Drifblim\n|-damage|p1a: Drifblim|282/398\n|move|p1a: Drifblim|Defog|p2a: Tsareena\n|-unboost|p2a: Tsareena|evasion|1\n|-sideend|p1: p0x74715d7|Toxic Spikes|[from] move: Defog|[of] p1a: Drifblim\n|-sideend|p1: p0x74715d7|Sticky Web|[from] move: Defog|[of] p1a: Drifblim\n|\n|upkeep\n|turn|6\n|inactive|Time left: 300 sec this turn | 300 sec total\n|\n|t:|1783548506\n|move|p2a: Tsareena|Power Whip|p1a: Drifblim\n|-resisted|p1a: Drifblim\n|-damage|p1a: Drifblim|156/398\n|move|p1a: Drifblim|Strength Sap|p2a: Tsareena\n|-unboost|p2a: Tsareena|atk|1\n|-heal|p1a: Drifblim|398/398\n|\n|upkeep\n|turn|7\n|inactive|Time left: 300 sec this turn | 300 sec total\n|\n|t:|1783548507\n|switch|p2a: Shaymin|Shaymin, L82|100/100\n|move|p1a: Drifblim|Shadow Ball|p2a: Shaymin\n|-damage|p2a: Shaymin|72/100\n|\n|-heal|p2a: Shaymin|78/100|[from] item: Leftovers\n|upkeep\n|turn|8\n|inactive|Time left: 300 sec this turn | 300 sec total\n|\n|t:|1783548509\n|move|p2a: Shaymin|Leech Seed|p1a: Drifblim\n|-start|p1a: Drifblim|move: Leech Seed\n|move|p1a: Drifblim|Air Slash|p2a: Shaymin\n|-supereffective|p2a: Shaymin\n|-damage|p2a: Shaymin|32/100\n|\n|-heal|p2a: Shaymin|38/100|[from] item: Leftovers\n|-damage|p1a: Drifblim|349/398|[from] Leech Seed|[of] p2a: Shaymin\n|-heal|p2a: Shaymin|54/100|[silent]\n|upkeep\n|turn|9\n|inactive|Time left: 300 sec this turn | 300 sec total\n|\n|t:|1783548510\n|switch|p1a: Iron Crown|Iron Crown, L78|268/268\n|move|p2a: Shaymin|Leech Seed|p1a: Iron Crown\n|-start|p1a: Iron Crown|move: Leech Seed\n|\n|-heal|p2a: Shaymin|60/100|[from] item: Leftovers\n|-damage|p1a: Iron Crown|235/268|[from] Leech Seed|[of] p2a: Shaymin\n|-heal|p2a: Shaymin|71/100|[silent]\n|upkeep\n|turn|10\n|inactive|Time left: 300 sec this turn | 300 sec total\n|\n|t:|1783548511\n|move|p2a: Shaymin|Seed Flare|p1a: Iron Crown\n|-resisted|p1a: Iron Crown\n|-crit|p1a: Iron Crown\n|-damage|p1a: Iron Crown|148/268\n|-unboost|p1a: Iron Crown|spd|2\n|move|p1a: Iron Crown|Volt Switch|p2a: Shaymin\n|-resisted|p2a: Shaymin\n|-damage|p2a: Shaymin|59/100\n|inactive|Time left: 300 sec this turn | 300 sec total | 5 sec grace\n|\n|t:|1783548512\n|-end|p1a: Iron Crown|Quark Drive|[silent]\n|switch|p1a: Pyroar|Pyroar, L88, F|295/295|[from] Volt Switch\n|-ability|p1a: Pyroar|Unnerve\n|\n|-heal|p2a: Shaymin|65/100|[from] item: Leftovers\n|upkeep\n|turn|11\n|inactive|Time left: 300 sec this turn | 300 sec total\n|\n|t:|1783548513\n|switch|p2a: Samurott|Samurott-Hisui, L77, M|100/100\n|move|p1a: Pyroar|Fire Blast|p2a: Samurott\n|-resisted|p2a: Samurott\n|-damage|p2a: Samurott|67/100\n|\n|upkeep\n|turn|12\n|inactive|Time left: 300 sec this turn | 300 sec total\n|\n|t:|1783548514\n|move|p1a: Pyroar|Will-O-Wisp|p2a: Samurott\n|-status|p2a: Samurott|brn\n|move|p2a: Samurott|Razor Shell|p1a: Pyroar\n|-supereffective|p1a: Pyroar\n|-damage|p1a: Pyroar|130/295\n|\n|-damage|p2a: Samurott|60/100 brn|[from] brn\n|upkeep\n|turn|13\n|inactive|Time left: 300 sec this turn | 300 sec total\n|\n|t:|1783548515\n|move|p1a: Pyroar|Hyper Voice|p2a: Samurott\n|-damage|p2a: Samurott|0 fnt\n|faint|p2a: Samurott\n|\n|upkeep\n|\n|t:|1783548516\n|switch|p2a: Quagsire|Quagsire, L84, M|100/100\n|turn|14\n|inactive|Time left: 300 sec this turn | 300 sec total\n|\n|t:|1783548517\n|switch|p1a: Zangoose|Zangoose, L85, F|263/263\n|move|p2a: Quagsire|Earthquake|p1a: Zangoose\n|-damage|p1a: Zangoose|142/263\n|\n|-status|p1a: Zangoose|tox|[from] item: Toxic Orb\n|upkeep\n|turn|15\n|inactive|Time left: 300 sec this turn | 300 sec total\n|\n|t:|1783548518\n|move|p1a: Zangoose|Facade|p2a: Quagsire\n|-damage|p2a: Quagsire|8/100\n|move|p2a: Quagsire|Earthquake|p1a: Zangoose\n|-damage|p1a: Zangoose|22/263 tox\n|\n|-heal|p2a: Quagsire|14/100|[from] item: Leftovers\n|-damage|p1a: Zangoose|6/263 tox|[from] psn\n|upkeep\n|turn|16\n|inactive|Time left: 300 sec this turn | 300 sec total\n|\n|t:|1783548519\n|move|p1a: Zangoose|Facade|p2a: Quagsire\n|-damage|p2a: Quagsire|0 fnt\n|faint|p2a: Quagsire\n|\n|-damage|p1a: Zangoose|0 fnt|[from] psn\n|faint|p1a: Zangoose\n|upkeep\n|inactive|Time left: 300 sec this turn | 300 sec total | 5 sec grace\n|\n|t:|1783548520\n|switch|p1a: Pyroar|Pyroar, L88, F|130/295\n|switch|p2a: Tsareena|Tsareena, L87, F|100/100\n|-ability|p1a: Pyroar|Unnerve\n|turn|17\n|inactive|Time left: 300 sec this turn | 300 sec total\n|\n|t:|1783548521\n|-terastallize|p1a: Pyroar|Fire\n|move|p2a: Tsareena|High Jump Kick|p1a: Pyroar\n|-damage|p1a: Pyroar|8/295\n|move|p1a: Pyroar|Fire Blast|p2a: Tsareena\n|-supereffective|p2a: Tsareena\n|-damage|p2a: Tsareena|0 fnt\n|faint|p2a: Tsareena\n|\n|upkeep\n|\n|t:|1783548522\n|switch|p2a: Dialga|Dialga-Origin, L73|100/100\n|-ability|p2a: Dialga|Pressure\n|turn|18\n|inactive|Time left: 300 sec this turn | 300 sec total\n|\n|t:|1783548523\n|move|p1a: Pyroar|Fire Blast|p2a: Dialga\n|-damage|p2a: Dialga|36/100\n|move|p2a: Dialga|Heavy Slam|p1a: Pyroar\n|-resisted|p1a: Pyroar\n|-damage|p1a: Pyroar|0 fnt\n|faint|p1a: Pyroar\n|\n|upkeep\n|inactive|Time left: 300 sec this turn | 300 sec total | 5 sec grace\n|\n|t:|1783548524\n|switch|p1a: Iron Crown|Iron Crown, L78|148/268\n|turn|19\n|inactive|Time left: 300 sec this turn | 300 sec total\n|\n|t:|1783548525\n|move|p1a: Iron Crown|Focus Blast|p2a: Dialga\n|-supereffective|p2a: Dialga\n|-damage|p2a: Dialga|0 fnt\n|faint|p2a: Dialga\n|\n|upkeep\n|\n|t:|1783548526\n|switch|p2a: Shaymin|Shaymin, L82|65/100\n|turn|20\n|inactive|Time left: 300 sec this turn | 300 sec total\n|\n|t:|1783548527\n|move|p2a: Shaymin|Leech Seed|p1a: Iron Crown\n|-start|p1a: Iron Crown|move: Leech Seed\n|move|p1a: Iron Crown|Focus Blast|p2a: Shaymin|[miss]\n|-miss|p1a: Iron Crown|p2a: Shaymin\n|\n|-heal|p2a: Shaymin|71/100|[from] item: Leftovers\n|-damage|p1a: Iron Crown|115/268|[from] Leech Seed|[of] p2a: Shaymin\n|-heal|p2a: Shaymin|82/100|[silent]\n|upkeep\n|turn|21\n|inactive|Time left: 300 sec this turn | 300 sec total\n|\n|t:|1783548528\n|move|p2a: Shaymin|Seed Flare|p1a: Iron Crown\n|-resisted|p1a: Iron Crown\n|-damage|p1a: Iron Crown|60/268\n|move|p1a: Iron Crown|Focus Blast|p2a: Shaymin\n|-damage|p2a: Shaymin|39/100\n|\n|-heal|p2a: Shaymin|45/100|[from] item: Leftovers\n|-damage|p1a: Iron Crown|27/268|[from] Leech Seed|[of] p2a: Shaymin\n|-heal|p2a: Shaymin|57/100|[silent]\n|upkeep\n|turn|22\n|inactive|Time left: 300 sec this turn | 300 sec total\n|\n|t:|1783548529\n|move|p2a: Shaymin|Substitute|p2a: Shaymin\n|-start|p2a: Shaymin|Substitute\n|-damage|p2a: Shaymin|32/100\n|move|p1a: Iron Crown|Focus Blast|p2a: Shaymin|[miss]\n|-miss|p1a: Iron Crown|p2a: Shaymin\n|\n|-heal|p2a: Shaymin|38/100|[from] item: Leftovers\n|-damage|p1a: Iron Crown|0 fnt|[from] Leech Seed|[of] p2a: Shaymin\n|-heal|p2a: Shaymin|47/100|[silent]\n|faint|p1a: Iron Crown\n|-end|p1a: Iron Crown|Quark Drive|[silent]\n|upkeep\n|inactive|Time left: 300 sec this turn | 300 sec total | 5 sec grace\n|\n|t:|1783548530\n|switch|p1a: Drifblim|Drifblim, L86, F|349/398\n|turn|23\n|inactive|Time left: 300 sec this turn | 300 sec total\n|\n|t:|1783548531\n|move|p2a: Shaymin|Leech Seed|p1a: Drifblim\n|-start|p1a: Drifblim|move: Leech Seed\n|move|p1a: Drifblim|Shadow Ball|p2a: Shaymin\n|-activate|p2a: Shaymin|move: Substitute|[damage]\n|\n|-heal|p2a: Shaymin|53/100|[from] item: Leftovers\n|-damage|p1a: Drifblim|300/398|[from] Leech Seed|[of] p2a: Shaymin\n|-heal|p2a: Shaymin|69/100|[silent]\n|upkeep\n|turn|24\n|inactive|Time left: 300 sec this turn | 300 sec total\n|\n|t:|1783548532\n|move|p2a: Shaymin|Seed Flare|p1a: Drifblim\n|-resisted|p1a: Drifblim\n|-damage|p1a: Drifblim|222/398\n|-unboost|p1a: Drifblim|spd|2\n|move|p1a: Drifblim|Shadow Ball|p2a: Shaymin\n|-end|p2a: Shaymin|Substitute\n|\n|-heal|p2a: Shaymin|75/100|[from] item: Leftovers\n|-damage|p1a: Drifblim|173/398|[from] Leech Seed|[of] p2a: Shaymin\n|-heal|p2a: Shaymin|92/100|[silent]\n|upkeep\n|turn|25\n|inactive|Time left: 300 sec this turn | 300 sec total\n|\n|t:|1783548533\n|switch|p1a: Clodsire|Clodsire, L81, F|343/343\n|move|p2a: Shaymin|Seed Flare|p1a: Clodsire\n|-damage|p1a: Clodsire|231/343\n|-unboost|p1a: Clodsire|spd|2\n|\n|-heal|p2a: Shaymin|98/100|[from] item: Leftovers\n|-heal|p1a: Clodsire|252/343|[from] item: Leftovers\n|upkeep\n|turn|26\n|inactive|Time left: 300 sec this turn | 300 sec total\n|\n|t:|1783548534\n|switch|p1a: Drifblim|Drifblim, L86, F|173/398\n|move|p2a: Shaymin|Seed Flare|p1a: Drifblim\n|-resisted|p1a: Drifblim\n|-damage|p1a: Drifblim|93/398\n|-unboost|p1a: Drifblim|spd|2\n|\n|-heal|p2a: Shaymin|100/100|[from] item: Leftovers\n|upkeep\n|turn|27\n|inactive|Time left: 300 sec this turn | 300 sec total\n|\n|t:|1783548535\n|switch|p1a: Clodsire|Clodsire, L81, F|252/343\n|move|p2a: Shaymin|Seed Flare|p1a: Clodsire\n|-damage|p1a: Clodsire|138/343\n|\n|-heal|p1a: Clodsire|159/343|[from] item: Leftovers\n|upkeep\n|turn|28\n|inactive|Time left: 300 sec this turn | 300 sec total\n|\n|t:|1783548536\n|move|p2a: Shaymin|Leech Seed|p1a: Clodsire\n|-start|p1a: Clodsire|move: Leech Seed\n|move|p1a: Clodsire|Recover|p1a: Clodsire\n|-heal|p1a: Clodsire|331/343\n|\n|-heal|p1a: Clodsire|343/343|[from] item: Leftovers\n|-damage|p1a: Clodsire|301/343|[from] Leech Seed|[of] p2a: Shaymin\n|upkeep\n|turn|29\n|inactive|Time left: 300 sec this turn | 300 sec total\n|\n|t:|1783548538\n|switch|p1a: Drifblim|Drifblim, L86, F|93/398\n|move|p2a: Shaymin|Substitute|p2a: Shaymin\n|-start|p2a: Shaymin|Substitute\n|-damage|p2a: Shaymin|76/100\n|\n|-heal|p2a: Shaymin|82/100|[from] item: Leftovers\n|upkeep\n|turn|30\n|inactive|Time left: 300 sec this turn | 300 sec total\n|\n|t:|1783548539\n|move|p2a: Shaymin|Air Slash|p1a: Drifblim\n|-damage|p1a: Drifblim|20/398\n|move|p1a: Drifblim|Strength Sap||[still]\n|-fail|p1a: Drifblim\n|\n|-heal|p2a: Shaymin|88/100|[from] item: Leftovers\n|upkeep\n|turn|31\n|inactive|Time left: 300 sec this turn | 300 sec total\n|\n|t:|1783548540\n|switch|p1a: Clodsire|Clodsire, L81, F|301/343\n|move|p2a: Shaymin|Air Slash|p1a: Clodsire\n|-damage|p1a: Clodsire|255/343\n|\n|-heal|p2a: Shaymin|94/100|[from] item: Leftovers\n|-heal|p1a: Clodsire|276/343|[from] item: Leftovers\n|upkeep\n|turn|32\n|inactive|Time left: 300 sec this turn | 300 sec total\n|\n|t:|1783548541\n|move|p2a: Shaymin|Leech Seed|p1a: Clodsire\n|-start|p1a: Clodsire|move: Leech Seed\n|move|p1a: Clodsire|Gunk Shot|p2a: Shaymin\n|-supereffective|p2a: Shaymin\n|-end|p2a: Shaymin|Substitute\n|\n|-heal|p2a: Shaymin|99/100|[from] item: Leftovers\n|-heal|p1a: Clodsire|297/343|[from] item: Leftovers\n|-damage|p1a: Clodsire|255/343|[from] Leech Seed|[of] p2a: Shaymin\n|-heal|p2a: Shaymin|100/100|[silent]\n|upkeep\n|turn|33\n|inactive|Time left: 300 sec this turn | 300 sec total\n|\n|t:|1783548542\n|switch|p1a: Drifblim|Drifblim, L86, F|20/398\n|move|p2a: Shaymin|Substitute|p2a: Shaymin\n|-start|p2a: Shaymin|Substitute\n|-damage|p2a: Shaymin|76/100\n|\n|-heal|p2a: Shaymin|82/100|[from] item: Leftovers\n|upkeep\n|turn|34\n|inactive|Time left: 300 sec this turn | 300 sec total\n|\n|t:|1783548543\n|switch|p1a: Clodsire|Clodsire, L81, F|255/343\n|move|p2a: Shaymin|Air Slash|p1a: Clodsire\n|-damage|p1a: Clodsire|210/343\n|\n|-heal|p2a: Shaymin|88/100|[from] item: Leftovers\n|-heal|p1a: Clodsire|231/343|[from] item: Leftovers\n|upkeep\n|turn|35\n|inactive|Time left: 300 sec this turn | 300 sec total\n|\n|t:|1783548544\n|move|p2a: Shaymin|Seed Flare|p1a: Clodsire\n|-damage|p1a: Clodsire|123/343\n|move|p1a: Clodsire|Recover|p1a: Clodsire\n|-heal|p1a: Clodsire|295/343\n|\n|-heal|p2a: Shaymin|94/100|[from] item: Leftovers\n|-heal|p1a: Clodsire|316/343|[from] item: Leftovers\n|upkeep\n|turn|36\n|inactive|Time left: 300 sec this turn | 300 sec total\n|\n|t:|1783548546\n|move|p2a: Shaymin|Leech Seed|p1a: Clodsire\n|-start|p1a: Clodsire|move: Leech Seed\n|move|p1a: Clodsire|Gunk Shot|p2a: Shaymin|[miss]\n|-miss|p1a: Clodsire|p2a: Shaymin\n|\n|-heal|p2a: Shaymin|99/100|[from] item: Leftovers\n|-heal|p1a: Clodsire|337/343|[from] item: Leftovers\n|-damage|p1a: Clodsire|295/343|[from] Leech Seed|[of] p2a: Shaymin\n|-heal|p2a: Shaymin|100/100|[silent]\n|upkeep\n|turn|37\n|inactive|Time left: 300 sec this turn | 300 sec total\n|\n|t:|1783548547\n|switch|p1a: Drifblim|Drifblim, L86, F|20/398\n|move|p2a: Shaymin|Air Slash|p1a: Drifblim\n|-damage|p1a: Drifblim|0 fnt\n|faint|p1a: Drifblim\n|\n|upkeep\n|inactive|Time left: 300 sec this turn | 300 sec total | 5 sec grace\n|\n|t:|1783548548\n|switch|p1a: Clodsire|Clodsire, L81, F|295/343\n|turn|38\n|inactive|Time left: 300 sec this turn | 300 sec total\n|\n|t:|1783548549\n|move|p2a: Shaymin|Leech Seed|p1a: Clodsire\n|-start|p1a: Clodsire|move: Leech Seed\n|move|p1a: Clodsire|Gunk Shot|p2a: Shaymin\n|-supereffective|p2a: Shaymin\n|-end|p2a: Shaymin|Substitute\n|\n|-heal|p1a: Clodsire|316/343|[from] item: Leftovers\n|-damage|p1a: Clodsire|274/343|[from] Leech Seed|[of] p2a: Shaymin\n|upkeep\n|turn|39\n|inactive|Time left: 300 sec this turn | 300 sec total\n|\n|t:|1783548550\n|move|p2a: Shaymin|Substitute|p2a: Shaymin\n|-start|p2a: Shaymin|Substitute\n|-damage|p2a: Shaymin|76/100\n|move|p1a: Clodsire|Recover|p1a: Clodsire\n|-heal|p1a: Clodsire|343/343\n|\n|-heal|p2a: Shaymin|82/100|[from] item: Leftovers\n|-damage|p1a: Clodsire|301/343|[from] Leech Seed|[of] p2a: Shaymin\n|-heal|p2a: Shaymin|96/100|[silent]\n|upkeep\n|turn|40\n|inactive|Time left: 300 sec this turn | 300 sec total\n|\n|t:|1783548551\n|move|p2a: Shaymin|Seed Flare|p1a: Clodsire|[miss]\n|-miss|p2a: Shaymin|p1a: Clodsire\n|move|p1a: Clodsire|Gunk Shot|p2a: Shaymin\n|-supereffective|p2a: Shaymin\n|-end|p2a: Shaymin|Substitute\n|\n|-heal|p2a: Shaymin|100/100|[from] item: Leftovers\n|-heal|p1a: Clodsire|322/343|[from] item: Leftovers\n|-damage|p1a: Clodsire|280/343|[from] Leech Seed|[of] p2a: Shaymin\n|upkeep\n|turn|41\n|inactive|Time left: 300 sec this turn | 300 sec total\n|\n|t:|1783548552\n|move|p2a: Shaymin|Substitute|p2a: Shaymin\n|-start|p2a: Shaymin|Substitute\n|-damage|p2a: Shaymin|76/100\n|move|p1a: Clodsire|Gunk Shot|p2a: Shaymin\n|-supereffective|p2a: Shaymin\n|-end|p2a: Shaymin|Substitute\n|\n|-heal|p2a: Shaymin|82/100|[from] item: Leftovers\n|-heal|p1a: Clodsire|301/343|[from] item: Leftovers\n|-damage|p1a: Clodsire|259/343|[from] Leech Seed|[of] p2a: Shaymin\n|-heal|p2a: Shaymin|96/100|[silent]\n|upkeep\n|turn|42\n|inactive|Time left: 300 sec this turn | 300 sec total\n|\n|t:|1783548553\n|move|p2a: Shaymin|Substitute|p2a: Shaymin\n|-start|p2a: Shaymin|Substitute\n|-damage|p2a: Shaymin|71/100\n|move|p1a: Clodsire|Gunk Shot|p2a: Shaymin\n|-supereffective|p2a: Shaymin\n|-end|p2a: Shaymin|Substitute\n|\n|-heal|p2a: Shaymin|77/100|[from] item: Leftovers\n|-heal|p1a: Clodsire|280/343|[from] item: Leftovers\n|-damage|p1a: Clodsire|238/343|[from] Leech Seed|[of] p2a: Shaymin\n|-heal|p2a: Shaymin|91/100|[silent]\n|upkeep\n|turn|43\n|inactive|Time left: 300 sec this turn | 300 sec total\n|\n|t:|1783548554\n|move|p2a: Shaymin|Substitute|p2a: Shaymin\n|-start|p2a: Shaymin|Substitute\n|-damage|p2a: Shaymin|66/100\n|move|p1a: Clodsire|Gunk Shot|p2a: Shaymin\n|-supereffective|p2a: Shaymin\n|-end|p2a: Shaymin|Substitute\n|\n|-heal|p2a: Shaymin|72/100|[from] item: Leftovers\n|-heal|p1a: Clodsire|259/343|[from] item: Leftovers\n|-damage|p1a: Clodsire|217/343|[from] Leech Seed|[of] p2a: Shaymin\n|-heal|p2a: Shaymin|86/100|[silent]\n|upkeep\n|turn|44\n|inactive|Time left: 300 sec this turn | 300 sec total\n|\n|t:|1783548555\n|move|p2a: Shaymin|Substitute|p2a: Shaymin\n|-start|p2a: Shaymin|Substitute\n|-damage|p2a: Shaymin|62/100\n|move|p1a: Clodsire|Recover|p1a: Clodsire\n|-heal|p1a: Clodsire|343/343\n|\n|-heal|p2a: Shaymin|68/100|[from] item: Leftovers\n|-damage|p1a: Clodsire|301/343|[from] Leech Seed|[of] p2a: Shaymin\n|-heal|p2a: Shaymin|82/100|[silent]\n|upkeep\n|turn|45\n|inactive|Time left: 300 sec this turn | 300 sec total\n|\n|t:|1783548556\n|move|p2a: Shaymin|Air Slash|p1a: Clodsire\n|-damage|p1a: Clodsire|254/343\n|move|p1a: Clodsire|Gunk Shot|p2a: Shaymin\n|-supereffective|p2a: Shaymin\n|-end|p2a: Shaymin|Substitute\n|\n|-heal|p2a: Shaymin|88/100|[from] item: Leftovers\n|-heal|p1a: Clodsire|275/343|[from] item: Leftovers\n|-damage|p1a: Clodsire|233/343|[from] Leech Seed|[of] p2a: Shaymin\n|-heal|p2a: Shaymin|100/100|[silent]\n|upkeep\n|turn|46\n|inactive|Time left: 300 sec this turn | 300 sec total\n|\n|t:|1783548557\n|move|p2a: Shaymin|Substitute|p2a: Shaymin\n|-start|p2a: Shaymin|Substitute\n|-damage|p2a: Shaymin|76/100\n|move|p1a: Clodsire|Recover|p1a: Clodsire\n|-heal|p1a: Clodsire|343/343\n|\n|-heal|p2a: Shaymin|82/100|[from] item: Leftovers\n|-damage|p1a: Clodsire|301/343|[from] Leech Seed|[of] p2a: Shaymin\n|-heal|p2a: Shaymin|96/100|[silent]\n|upkeep\n|turn|47\n|inactive|Time left: 300 sec this turn | 300 sec total\n|\n|t:|1783548559\n|move|p2a: Shaymin|Air Slash|p1a: Clodsire\n|-damage|p1a: Clodsire|249/343\n|cant|p1a: Clodsire|flinch\n|\n|-heal|p2a: Shaymin|100/100|[from] item: Leftovers\n|-heal|p1a: Clodsire|270/343|[from] item: Leftovers\n|-damage|p1a: Clodsire|228/343|[from] Leech Seed|[of] p2a: Shaymin\n|upkeep\n|turn|48\n|inactive|Time left: 300 sec this turn | 300 sec total\n|\n|t:|1783548560\n|move|p2a: Shaymin|Air Slash|p1a: Clodsire\n|-damage|p1a: Clodsire|175/343\n|move|p1a: Clodsire|Recover|p1a: Clodsire\n|-heal|p1a: Clodsire|343/343\n|\n|-damage|p1a: Clodsire|301/343|[from] Leech Seed|[of] p2a: Shaymin\n|upkeep\n|turn|49\n|inactive|Time left: 300 sec this turn | 300 sec total\n|\n|t:|1783548561\n|move|p2a: Shaymin|Air Slash|p1a: Clodsire\n|-crit|p1a: Clodsire\n|-damage|p1a: Clodsire|231/343\n|cant|p1a: Clodsire|flinch\n|\n|-heal|p1a: Clodsire|252/343|[from] item: Leftovers\n|-damage|p1a: Clodsire|210/343|[from] Leech Seed|[of] p2a: Shaymin\n|upkeep\n|turn|50\n|inactive|Time left: 300 sec this turn | 300 sec total\n|\n|t:|1783548563\n|move|p2a: Shaymin|Air Slash|p1a: Clodsire\n|-damage|p1a: Clodsire|160/343\n|move|p1a: Clodsire|Recover|p1a: Clodsire\n|-heal|p1a: Clodsire|332/343\n|\n|-heal|p1a: Clodsire|343/343|[from] item: Leftovers\n|-damage|p1a: Clodsire|301/343|[from] Leech Seed|[of] p2a: Shaymin\n|upkeep\n|turn|51\n|inactive|Time left: 300 sec this turn | 300 sec total\n|\n|t:|1783548564\n|move|p2a: Shaymin|Air Slash|p1a: Clodsire\n|-damage|p1a: Clodsire|253/343\n|cant|p1a: Clodsire|flinch\n|\n|-heal|p1a: Clodsire|274/343|[from] item: Leftovers\n|-damage|p1a: Clodsire|232/343|[from] Leech Seed|[of] p2a: Shaymin\n|upkeep\n|turn|52\n|inactive|Time left: 300 sec this turn | 300 sec total\n|\n|t:|1783548565\n|move|p2a: Shaymin|Air Slash|p1a: Clodsire\n|-damage|p1a: Clodsire|181/343\n|cant|p1a: Clodsire|flinch\n|\n|-heal|p1a: Clodsire|202/343|[from] item: Leftovers\n|-damage|p1a: Clodsire|160/343|[from] Leech Seed|[of] p2a: Shaymin\n|upkeep\n|turn|53\n|inactive|Time left: 300 sec this turn | 300 sec total\n|\n|t:|1783548566\n|move|p2a: Shaymin|Air Slash|p1a: Clodsire\n|-damage|p1a: Clodsire|114/343\n|move|p1a: Clodsire|Recover|p1a: Clodsire\n|-heal|p1a: Clodsire|286/343\n|\n|-heal|p1a: Clodsire|307/343|[from] item: Leftovers\n|-damage|p1a: Clodsire|265/343|[from] Leech Seed|[of] p2a: Shaymin\n|upkeep\n|turn|54\n|inactive|Time left: 300 sec this turn | 300 sec total\n|\n|t:|1783548567\n|move|p2a: Shaymin|Air Slash|p1a: Clodsire\n|-damage|p1a: Clodsire|217/343\n|cant|p1a: Clodsire|flinch\n|\n|-heal|p1a: Clodsire|238/343|[from] item: Leftovers\n|-damage|p1a: Clodsire|196/343|[from] Leech Seed|[of] p2a: Shaymin\n|upkeep\n|turn|55\n|inactive|Time left: 300 sec this turn | 300 sec total\n|\n|t:|1783548568\n|-terastallize|p2a: Shaymin|Steel\n|move|p2a: Shaymin|Air Slash|p1a: Clodsire\n|-damage|p1a: Clodsire|148/343\n|move|p1a: Clodsire|Earthquake|p2a: Shaymin\n|-supereffective|p2a: Shaymin\n|-end|p2a: Shaymin|Substitute\n|\n|-heal|p1a: Clodsire|169/343|[from] item: Leftovers\n|-damage|p1a: Clodsire|127/343|[from] Leech Seed|[of] p2a: Shaymin\n|upkeep\n|turn|56\n|inactive|Time left: 300 sec this turn | 300 sec total\n|\n|t:|1783548569\n|move|p2a: Shaymin|Air Slash|p1a: Clodsire\n|-damage|p1a: Clodsire|77/343\n|move|p1a: Clodsire|Earthquake|p2a: Shaymin\n|-supereffective|p2a: Shaymin\n|-damage|p2a: Shaymin|46/100\n|\n|-heal|p2a: Shaymin|52/100|[from] item: Leftovers\n|-heal|p1a: Clodsire|98/343|[from] item: Leftovers\n|-damage|p1a: Clodsire|56/343|[from] Leech Seed|[of] p2a: Shaymin\n|-heal|p2a: Shaymin|66/100|[silent]\n|upkeep\n|turn|57\n|inactive|Time left: 300 sec this turn | 300 sec total\n|\n|t:|1783548570\n|move|p2a: Shaymin|Substitute|p2a: Shaymin\n|-start|p2a: Shaymin|Substitute\n|-damage|p2a: Shaymin|41/100\n|move|p1a: Clodsire|Earthquake|p2a: Shaymin\n|-supereffective|p2a: Shaymin\n|-end|p2a: Shaymin|Substitute\n|\n|-heal|p2a: Shaymin|47/100|[from] item: Leftovers\n|-heal|p1a: Clodsire|77/343|[from] item: Leftovers\n|-damage|p1a: Clodsire|35/343|[from] Leech Seed|[of] p2a: Shaymin\n|-heal|p2a: Shaymin|62/100|[silent]\n|upkeep\n|turn|58\n|inactive|Time left: 300 sec this turn | 300 sec total\n|\n|t:|1783548571\n|move|p2a: Shaymin|Substitute|p2a: Shaymin\n|-start|p2a: Shaymin|Substitute\n|-damage|p2a: Shaymin|37/100\n|move|p1a: Clodsire|Earthquake|p2a: Shaymin\n|-supereffective|p2a: Shaymin\n|-end|p2a: Shaymin|Substitute\n|\n|-heal|p2a: Shaymin|43/100|[from] item: Leftovers\n|-heal|p1a: Clodsire|56/343|[from] item: Leftovers\n|-damage|p1a: Clodsire|14/343|[from] Leech Seed|[of] p2a: Shaymin\n|-heal|p2a: Shaymin|57/100|[silent]\n|upkeep\n|turn|59\n|inactive|Time left: 300 sec this turn | 300 sec total\n|\n|t:|1783548572\n|move|p2a: Shaymin|Substitute|p2a: Shaymin\n|-start|p2a: Shaymin|Substitute\n|-damage|p2a: Shaymin|32/100\n|move|p1a: Clodsire|Earthquake|p2a: Shaymin\n|-supereffective|p2a: Shaymin\n|-end|p2a: Shaymin|Substitute\n|\n|-heal|p2a: Shaymin|38/100|[from] item: Leftovers\n|-heal|p1a: Clodsire|35/343|[from] item: Leftovers\n|-damage|p1a: Clodsire|0 fnt|[from] Leech Seed|[of] p2a: Shaymin\n|-heal|p2a: Shaymin|50/100|[silent]\n|faint|p1a: Clodsire\n|\n|win|p0y747e1ca", "uploadtime": 1783548572, "views": 0, "rating": 0, "private": 0, "password": null, "_winner": "p0y747e1ca", "_our_name": "p0x74715d7"}