{"id": "battle-gen9randombattle-303", "formatid": "gen9randombattle", "format": "[Gen 9] Random Battle", "players": ["p0x3031362", "p0y303e41d"], "log": "|init|battle\n|title|p0x3031362 vs. p0y303e41d\n|j|\u2606p0x3031362\n|j|\u2606p0y303e41d\n|t:|1783543102\n|gametype|singles\n|player|p1|p0x3031362|170|\n|player|p2|p0y303e41d|102|\n|gen|9\n|tier|[Gen 9] Random Battle\n|rule|Species Clause: Limit one of each Pok\u00e9mon\n|rule|HP Percentage Mod: HP is shown in percentages\n|rule|Sleep Clause Mod: Limit one foe put to sleep\n|rule|Illusion Level Mod: Illusion disguises the Pok\u00e9mon's true level\n|\n|t:|1783543102\n|teamsize|p1|6\n|teamsize|p2|6\n|start\n|switch|p1a: Ogerpon|Ogerpon-Cornerstone, L76, F|100/100\n|switch|p2a: Morpeko|Morpeko, L88, M|245/245\n|turn|1\n|inactive|Battle timer is ON: inactive players will automatically lose when time's up. (requested by p0y303e41d)\n|\n|t:|1783543104\n|switch|p2a: Bronzong|Bronzong, L88|261/261\n|move|p1a: Ogerpon|Swords Dance|p1a: Ogerpon\n|-boost|p1a: Ogerpon|atk|2\n|\n|upkeep\n|turn|2\n|inactive|Time left: 300 sec this turn | 300 sec total\n|inactive|p0x3031362 also wants the timer to be on.\n|\n|t:|1783543105\n|move|p1a: Ogerpon|Power Whip|p2a: Bronzong\n|-resisted|p2a: Bronzong\n|-damage|p2a: Bronzong|151/261\n|move|p2a: Bronzong|Iron Head|p1a: Ogerpon\n|-supereffective|p1a: Ogerpon\n|-damage|p1a: Ogerpon|24/100\n|\n|-heal|p2a: Bronzong|167/261|[from] item: Leftovers\n|upkeep\n|turn|3\n|inactive|Time left: 300 sec this turn | 300 sec total\n|\n|t:|1783543106\n|move|p1a: Ogerpon|Superpower|p2a: Bronzong\n|-damage|p2a: Bronzong|23/261\n|-unboost|p1a: Ogerpon|atk|1\n|-unboost|p1a: Ogerpon|def|1\n|move|p2a: Bronzong|Body Press|p1a: Ogerpon\n|-supereffective|p1a: Ogerpon\n|-damage|p1a: Ogerpon|0 fnt\n|faint|p1a: Ogerpon\n|\n|-heal|p2a: Bronzong|39/261|[from] item: Leftovers\n|upkeep\n|\n|t:|1783543107\n|switch|p1a: Spidops|Spidops, L96, F|100/100\n|turn|4\n|inactive|Time left: 300 sec this turn | 300 sec total\n|\n|t:|1783543108\n|move|p1a: Spidops|Sticky Web|p2a: Bronzong\n|-sidestart|p2: p0y303e41d|move: Sticky Web\n|move|p2a: Bronzong|Body Press|p1a: Spidops\n|-resisted|p1a: Spidops\n|-crit|p1a: Spidops\n|-damage|p1a: Spidops|82/100\n|\n|-heal|p2a: Bronzong|55/261|[from] item: Leftovers\n|upkeep\n|turn|5\n|inactive|Time left: 300 sec this turn | 300 sec total\n|\n|t:|1783543109\n|move|p1a: Spidops|U-turn|p2a: Bronzong\n|-damage|p2a: Bronzong|0 fnt\n|faint|p2a: Bronzong\n|\n|t:|1783543110\n|switch|p1a: Stonjourner|Stonjourner, L91, F|100/100|[from] U-turn\n|\n|upkeep\n|inactive|Time left: 300 sec this turn | 300 sec total | 10 sec grace\n|\n|t:|1783543111\n|switch|p2a: Tornadus|Tornadus-Therian, L79, M|254/254\n|turn|6\n|inactive|Time left: 300 sec this turn | 300 sec total\n|\n|t:|1783543113\n|move|p2a: Tornadus|Focus Blast|p1a: Stonjourner|[miss]\n|-miss|p2a: Tornadus|p1a: Stonjourner\n|move|p1a: Stonjourner|Stone Edge|p2a: Tornadus\n|-supereffective|p2a: Tornadus\n|-damage|p2a: Tornadus|0 fnt\n|faint|p2a: Tornadus\n|-damage|p1a: Stonjourner|90/100|[from] item: Life Orb\n|\n|upkeep\n|inactive|Time left: 300 sec this turn | 300 sec total | 5 sec grace\n|\n|t:|1783543114\n|switch|p2a: Gliscor|Gliscor, L76, M|239/239\n|turn|7\n|inactive|Time left: 300 sec this turn | 300 sec total\n|\n|t:|1783543115\n|move|p2a: Gliscor|Earthquake|p1a: Stonjourner\n|-supereffective|p1a: Stonjourner\n|-damage|p1a: Stonjourner|54/100\n|move|p1a: Stonjourner|Rock Polish|p1a: Stonjourner\n|-boost|p1a: Stonjourner|spe|2\n|\n|-status|p2a: Gliscor|tox|[from] item: Toxic Orb\n|upkeep\n|turn|8\n|inactive|Time left: 300 sec this turn | 300 sec total\n|\n|t:|1783543116\n|move|p1a: Stonjourner|Stone Edge|p2a: Gliscor\n|-crit|p2a: Gliscor\n|-damage|p2a: Gliscor|0 fnt\n|faint|p2a: Gliscor\n|-damage|p1a: Stonjourner|44/100|[from] item: Life Orb\n|\n|upkeep\n|inactive|Time left: 300 sec this turn | 300 sec total | 5 sec grace\n|\n|t:|1783543117\n|switch|p2a: Veluza|Veluza, L85, F|292/292\n|-activate|p2a: Veluza|move: Sticky Web\n|-unboost|p2a: Veluza|spe|1\n|turn|9\n|inactive|Time left: 300 sec this turn | 300 sec total\n|\n|t:|1783543118\n|move|p1a: Stonjourner|Stone Edge|p2a: Veluza\n|-crit|p2a: Veluza\n|-damage|p2a: Veluza|0 fnt\n|faint|p2a: Veluza\n|-damage|p1a: Stonjourner|34/100|[from] item: Life Orb\n|\n|upkeep\n|inactive|Time left: 300 sec this turn | 300 sec total | 5 sec grace\n|\n|t:|1783543119\n|switch|p2a: Morpeko|Morpeko, L88, M|245/245\n|-activate|p2a: Morpeko|move: Sticky Web\n|-unboost|p2a: Morpeko|spe|1\n|turn|10\n|inactive|Time left: 300 sec this turn | 300 sec total\n|\n|t:|1783543120\n|move|p2a: Morpeko|Protect|p2a: Morpeko\n|-singleturn|p2a: Morpeko|Protect\n|move|p1a: Stonjourner|Earthquake|p2a: Morpeko\n|-activate|p2a: Morpeko|move: Protect\n|\n|-formechange|p2a: Morpeko|Morpeko-Hangry||[from] ability: Hunger Switch\n|upkeep\n|turn|11\n|inactive|Time left: 300 sec this turn | 300 sec total\n|\n|t:|1783543121\n|move|p1a: Stonjourner|Earthquake|p2a: Morpeko\n|-supereffective|p2a: Morpeko\n|-damage|p2a: Morpeko|0 fnt\n|faint|p2a: Morpeko\n|-damage|p1a: Stonjourner|24/100|[from] item: Life Orb\n|\n|upkeep\n|inactive|Time left: 300 sec this turn | 300 sec total | 5 sec grace\n|\n|t:|1783543122\n|switch|p2a: Kricketune|Kricketune, L99, F|312/312\n|turn|12\n|inactive|Time left: 300 sec this turn | 300 sec total\n|\n|t:|1783543123\n|-terastallize|p2a: Kricketune|Ghost\n|move|p1a: Stonjourner|Heat Crash|p2a: Kricketune\n|-damage|p2a: Kricketune|129/312\n|-damage|p1a: Stonjourner|14/100|[from] item: Life Orb\n|move|p2a: Kricketune|Knock Off|p1a: Stonjourner\n|-damage|p1a: Stonjourner|0 fnt\n|-enditem|p1a: Stonjourner|Life Orb|[from] move: Knock Off|[of] p2a: Kricketune\n|faint|p1a: Stonjourner\n|\n|upkeep\n|\n|t:|1783543124\n|switch|p1a: Raikou|Raikou, L81|100/100\n|-ability|p1a: Raikou|Pressure\n|turn|13\n|inactive|Time left: 300 sec this turn | 300 sec total\n|\n|t:|1783543125\n|move|p1a: Raikou|Thunderbolt|p2a: Kricketune\n|-damage|p2a: Kricketune|0 fnt\n|faint|p2a: Kricketune\n|\n|win|p0x3031362", "uploadtime": 1783543125, "views": 0, "rating": 0, "private": 0, "password": null, "_winner": "p0x3031362", "_our_name": "p0y303e41d"}