{"id": "battle-gen9randombattle-1455", "formatid": "gen9randombattle", "format": "[Gen 9] Random Battle", "players": ["p0x1455bdb8", "p0y14557670"], "log": "|init|battle\n|title|p0x1455bdb8 vs. p0y14557670\n|j|\u2606p0x1455bdb8\n|j|\u2606p0y14557670\n|t:|1783556010\n|gametype|singles\n|player|p1|p0x1455bdb8|2|\n|player|p2|p0y14557670|102|\n|gen|9\n|tier|[Gen 9] Random Battle\n|rule|Species Clause: Limit one of each Pok\u00e9mon\n|rule|HP Percentage Mod: HP is shown in percentages\n|rule|Sleep Clause Mod: Limit one foe put to sleep\n|rule|Illusion Level Mod: Illusion disguises the Pok\u00e9mon's true level\n|\n|t:|1783556010\n|teamsize|p1|6\n|teamsize|p2|6\n|start\n|switch|p1a: Latios|Latios, L78, M|253/253\n|switch|p2a: Mightyena|Mightyena, L96, F|100/100\n|-ability|p2a: Mightyena|Intimidate|boost\n|-unboost|p1a: Latios|atk|1\n|turn|1\n|inactive|Battle timer is ON: inactive players will automatically lose when time's up. (requested by p0x1455bdb8)\n|inactive|p0y14557670 also wants the timer to be on.\n|\n|t:|1783556012\n|switch|p1a: Lurantis|Lurantis, L87, F|264/264\n|move|p2a: Mightyena|Throat Chop|p1a: Lurantis\n|-damage|p1a: Lurantis|168/264\n|-start|p1a: Lurantis|Throat Chop|[silent]\n|\n|upkeep\n|turn|2\n|inactive|Time left: 300 sec this turn | 300 sec total\n|\n|t:|1783556013\n|move|p2a: Mightyena|Throat Chop|p1a: Lurantis\n|-damage|p1a: Lurantis|74/264\n|move|p1a: Lurantis|Superpower|p2a: Mightyena\n|-supereffective|p2a: Mightyena\n|-damage|p2a: Mightyena|34/100\n|-boost|p1a: Lurantis|atk|1\n|-boost|p1a: Lurantis|def|1\n|\n|-heal|p2a: Mightyena|40/100|[from] item: Leftovers\n|-end|p1a: Lurantis|Throat Chop|[silent]\n|upkeep\n|turn|3\n|inactive|Time left: 300 sec this turn | 300 sec total\n|\n|t:|1783556014\n|-terastallize|p2a: Mightyena|Poison\n|move|p2a: Mightyena|Poison Fang|p1a: Lurantis\n|-supereffective|p1a: Lurantis\n|-damage|p1a: Lurantis|0 fnt\n|faint|p1a: Lurantis\n|\n|-heal|p2a: Mightyena|46/100|[from] item: Leftovers\n|upkeep\n|inactive|Time left: 300 sec this turn | 300 sec total | 5 sec grace\n|\n|t:|1783556015\n|switch|p1a: Tatsugiri|Tatsugiri, L87, F|260/260\n|turn|4\n|inactive|Time left: 300 sec this turn | 300 sec total\n|\n|t:|1783556016\n|move|p1a: Tatsugiri|Surf|p2a: Mightyena\n|-damage|p2a: Mightyena|0 fnt\n|faint|p2a: Mightyena\n|\n|upkeep\n|\n|t:|1783556017\n|switch|p2a: Alcremie|Alcremie-Rainbow-Swirl, L90, F|100/100\n|turn|5\n|inactive|Time left: 300 sec this turn | 300 sec total\n|\n|t:|1783556018\n|switch|p1a: Fezandipiti|Fezandipiti, L82, M|278/278\n|move|p2a: Alcremie|Alluring Voice|p1a: Fezandipiti\n|-resisted|p1a: Fezandipiti\n|-damage|p1a: Fezandipiti|236/278\n|\n|-heal|p1a: Fezandipiti|253/278|[from] item: Leftovers\n|upkeep\n|turn|6\n|inactive|Time left: 300 sec this turn | 300 sec total\n|\n|t:|1783556019\n|switch|p2a: Zamazenta|Zamazenta-Crowned, L68|100/100\n|-ability|p2a: Zamazenta|Dauntless Shield|boost\n|-boost|p2a: Zamazenta|def|1\n|move|p1a: Fezandipiti|Gunk Shot|p2a: Zamazenta\n|-immune|p2a: Zamazenta\n|\n|-heal|p1a: Fezandipiti|270/278|[from] item: Leftovers\n|upkeep\n|turn|7\n|inactive|Time left: 300 sec this turn | 300 sec total\n|\n|t:|1783556021\n|move|p2a: Zamazenta|Heavy Slam|p1a: Fezandipiti\n|-supereffective|p1a: Fezandipiti\n|-damage|p1a: Fezandipiti|70/278\n|move|p1a: Fezandipiti|Moonblast|p2a: Zamazenta\n|-damage|p2a: Zamazenta|72/100\n|\n|-heal|p1a: Fezandipiti|87/278|[from] item: Leftovers\n|upkeep\n|turn|8\n|inactive|Time left: 300 sec this turn | 300 sec total\n|\n|t:|1783556022\n|switch|p1a: Tatsugiri|Tatsugiri, L87, F|260/260\n|move|p2a: Zamazenta|Heavy Slam|p1a: Tatsugiri\n|-resisted|p1a: Tatsugiri\n|-damage|p1a: Tatsugiri|201/260\n|\n|upkeep\n|turn|9\n|inactive|Time left: 300 sec this turn | 300 sec total\n|\n|t:|1783556023\n|move|p2a: Zamazenta|Body Press|p1a: Tatsugiri\n|-damage|p1a: Tatsugiri|51/260\n|move|p1a: Tatsugiri|Surf|p2a: Zamazenta\n|-damage|p2a: Zamazenta|26/100\n|\n|upkeep\n|turn|10\n|inactive|Time left: 300 sec this turn | 300 sec total\n|\n|t:|1783556024\n|switch|p1a: Latios|Latios, L78, M|253/253\n|move|p2a: Zamazenta|Heavy Slam|p1a: Latios\n|-damage|p1a: Latios|138/253\n|\n|upkeep\n|turn|11\n|inactive|Time left: 300 sec this turn | 300 sec total\n|\n|t:|1783556025\n|switch|p2a: Alcremie|Alcremie-Rainbow-Swirl, L90, F|100/100\n|move|p1a: Latios|Psyshock|p2a: Alcremie\n|-damage|p2a: Alcremie|57/100\n|\n|-heal|p2a: Alcremie|63/100|[from] item: Leftovers\n|upkeep\n|turn|12\n|inactive|Time left: 300 sec this turn | 300 sec total\n|\n|t:|1783556026\n|move|p1a: Latios|Psyshock|p2a: Alcremie\n|-damage|p2a: Alcremie|14/100\n|move|p2a: Alcremie|Alluring Voice|p1a: Latios\n|-supereffective|p1a: Latios\n|-damage|p1a: Latios|0 fnt\n|faint|p1a: Latios\n|\n|-heal|p2a: Alcremie|20/100|[from] item: Leftovers\n|upkeep\n|inactive|Time left: 300 sec this turn | 300 sec total | 5 sec grace\n|\n|t:|1783556027\n|switch|p1a: Lilligant|Lilligant, L86, F|261/261\n|turn|13\n|inactive|Time left: 300 sec this turn | 300 sec total\n|\n|t:|1783556028\n|move|p1a: Lilligant|Quiver Dance|p1a: Lilligant\n|-boost|p1a: Lilligant|spa|1\n|-boost|p1a: Lilligant|spd|1\n|-boost|p1a: Lilligant|spe|1\n|move|p2a: Alcremie|Recover|p2a: Alcremie\n|-heal|p2a: Alcremie|70/100\n|\n|-heal|p2a: Alcremie|77/100|[from] item: Leftovers\n|upkeep\n|turn|14\n|inactive|Time left: 300 sec this turn | 300 sec total\n|\n|t:|1783556029\n|move|p1a: Lilligant|Quiver Dance|p1a: Lilligant\n|-boost|p1a: Lilligant|spa|1\n|-boost|p1a: Lilligant|spd|1\n|-boost|p1a: Lilligant|spe|1\n|move|p2a: Alcremie|Recover|p2a: Alcremie\n|-heal|p2a: Alcremie|100/100\n|\n|upkeep\n|turn|15\n|inactive|Time left: 300 sec this turn | 300 sec total\n|\n|t:|1783556030\n|-terastallize|p1a: Lilligant|Grass\n|move|p1a: Lilligant|Petal Dance|p2a: Alcremie\n|-damage|p2a: Alcremie|0 fnt\n|faint|p2a: Alcremie\n|-damage|p1a: Lilligant|235/261|[from] item: Life Orb\n|\n|upkeep\n|\n|t:|1783556031\n|switch|p2a: Zamazenta|Zamazenta-Crowned, L68|26/100\n|turn|16\n|inactive|Time left: 300 sec this turn | 300 sec total\n|\n|t:|1783556032\n|move|p1a: Lilligant|Petal Dance|p2a: Zamazenta|[from] lockedmove\n|-resisted|p2a: Zamazenta\n|-damage|p2a: Zamazenta|0 fnt\n|faint|p2a: Zamazenta\n|-damage|p1a: Lilligant|209/261|[from] item: Life Orb\n|\n|upkeep\n|\n|t:|1783556033\n|switch|p2a: Lumineon|Lumineon, L93, M|100/100\n|turn|17\n|inactive|Time left: 300 sec this turn | 300 sec total\n|\n|t:|1783556034\n|move|p1a: Lilligant|Petal Dance|p2a: Lumineon\n|-supereffective|p2a: Lumineon\n|-damage|p2a: Lumineon|0 fnt\n|faint|p2a: Lumineon\n|-damage|p1a: Lilligant|183/261|[from] item: Life Orb\n|\n|upkeep\n|\n|t:|1783556035\n|switch|p2a: Smeargle|Smeargle, L95, M|100/100\n|turn|18\n|inactive|Time left: 300 sec this turn | 300 sec total\n|\n|t:|1783556036\n|move|p1a: Lilligant|Petal Dance|p2a: Smeargle|[from] lockedmove\n|-damage|p2a: Smeargle|0 fnt\n|faint|p2a: Smeargle\n|-damage|p1a: Lilligant|157/261|[from] item: Life Orb\n|\n|upkeep\n|\n|t:|1783556037\n|switch|p2a: Clawitzer|Clawitzer, L87, M|100/100\n|turn|19\n|inactive|Time left: 300 sec this turn | 300 sec total\n|\n|t:|1783556037\n|move|p1a: Lilligant|Petal Dance|p2a: Clawitzer\n|-supereffective|p2a: Clawitzer\n|-damage|p2a: Clawitzer|0 fnt\n|faint|p2a: Clawitzer\n|-damage|p1a: Lilligant|131/261|[from] item: Life Orb\n|\n|win|p0x1455bdb8", "uploadtime": 1783556038, "views": 0, "rating": 0, "private": 0, "password": null, "_winner": "p0x1455bdb8", "_our_name": "p0x1455bdb8"}