{"id": "battle-gen9randombattle-1233", "formatid": "gen9randombattle", "format": "[Gen 9] Random Battle", "players": ["p0x1234c9b9", "p0y123484a0"], "log": "|init|battle\n|title|p0x1234c9b9 vs. p0y123484a0\n|j|\u2606p0x1234c9b9\n|j|\u2606p0y123484a0\n|t:|1783554261\n|gametype|singles\n|player|p1|p0x1234c9b9|266|\n|player|p2|p0y123484a0|266|\n|gen|9\n|tier|[Gen 9] Random Battle\n|rule|Species Clause: Limit one of each Pok\u00e9mon\n|rule|HP Percentage Mod: HP is shown in percentages\n|rule|Sleep Clause Mod: Limit one foe put to sleep\n|rule|Illusion Level Mod: Illusion disguises the Pok\u00e9mon's true level\n|\n|t:|1783554261\n|teamsize|p1|6\n|teamsize|p2|6\n|start\n|switch|p1a: Arcanine|Arcanine, L84, M|100/100\n|switch|p2a: Chandelure|Chandelure, L83, M|235/235\n|-ability|p1a: Arcanine|Intimidate|boost\n|-unboost|p2a: Chandelure|atk|1\n|turn|1\n|inactive|Battle timer is ON: inactive players will automatically lose when time's up. (requested by p0y123484a0)\n|inactive|p0x1234c9b9 also wants the timer to be on.\n|\n|t:|1783554262\n|switch|p1a: Heracross|Heracross, L80, F|100/100\n|move|p2a: Chandelure|Fire Blast|p1a: Heracross\n|-supereffective|p1a: Heracross\n|-damage|p1a: Heracross|0 fnt\n|faint|p1a: Heracross\n|\n|upkeep\n|\n|t:|1783554263\n|switch|p1a: Haxorus|Haxorus, L77, M|100/100\n|-ability|p1a: Haxorus|Mold Breaker\n|turn|2\n|inactive|Time left: 300 sec this turn | 300 sec total\n|\n|t:|1783554265\n|move|p1a: Haxorus|Outrage|p2a: Chandelure\n|-damage|p2a: Chandelure|79/235\n|move|p2a: Chandelure|Shadow Ball|p1a: Haxorus\n|-damage|p1a: Haxorus|37/100\n|\n|upkeep\n|turn|3\n|inactive|Time left: 300 sec this turn | 300 sec total\n|\n|t:|1783554266\n|switch|p2a: Cobalion|Cobalion, L80|277/277\n|move|p1a: Haxorus|Outrage|p2a: Cobalion|[from] lockedmove\n|-resisted|p2a: Cobalion\n|-damage|p2a: Cobalion|217/277\n|\n|upkeep\n|turn|4\n|inactive|Time left: 300 sec this turn | 300 sec total\n|\n|t:|1783554266\n|move|p2a: Cobalion|Swords Dance|p2a: Cobalion\n|-boost|p2a: Cobalion|atk|2\n|move|p1a: Haxorus|Outrage|p2a: Cobalion|[from] lockedmove\n|-resisted|p2a: Cobalion\n|-damage|p2a: Cobalion|164/277\n|-start|p1a: Haxorus|confusion|[fatigue]\n|-enditem|p1a: Haxorus|Lum Berry|[eat]\n|-end|p1a: Haxorus|confusion\n|\n|upkeep\n|turn|5\n|inactive|Time left: 300 sec this turn | 300 sec total\n|\n|t:|1783554267\n|move|p2a: Cobalion|Iron Head|p1a: Haxorus\n|-damage|p1a: Haxorus|0 fnt\n|faint|p1a: Haxorus\n|-damage|p2a: Cobalion|137/277|[from] item: Life Orb\n|\n|upkeep\n|\n|t:|1783554268\n|switch|p1a: Arcanine|Arcanine, L84, M|100/100\n|-ability|p1a: Arcanine|Intimidate|boost\n|-unboost|p2a: Cobalion|atk|1\n|turn|6\n|inactive|Time left: 300 sec this turn | 300 sec total\n|\n|t:|1783554269\n|switch|p1a: Annihilape|Annihilape, L76, M|100/100\n|-terastallize|p2a: Cobalion|Fighting\n|move|p2a: Cobalion|Close Combat|p1a: Annihilape\n|-immune|p1a: Annihilape\n|\n|upkeep\n|turn|7\n|inactive|Time left: 300 sec this turn | 300 sec total\n|\n|t:|1783554270\n|move|p2a: Cobalion|Swords Dance|p2a: Cobalion\n|-boost|p2a: Cobalion|atk|2\n|move|p1a: Annihilape|Bulk Up|p1a: Annihilape\n|-boost|p1a: Annihilape|atk|1\n|-boost|p1a: Annihilape|def|1\n|\n|upkeep\n|turn|8\n|inactive|Time left: 300 sec this turn | 300 sec total\n|\n|t:|1783554271\n|move|p2a: Cobalion|Iron Head|p1a: Annihilape\n|-crit|p1a: Annihilape\n|-damage|p1a: Annihilape|0 fnt\n|faint|p1a: Annihilape\n|-damage|p2a: Cobalion|110/277|[from] item: Life Orb\n|\n|upkeep\n|\n|t:|1783554272\n|switch|p1a: Rabsca|Rabsca, L91, M|100/100\n|turn|9\n|inactive|Time left: 300 sec this turn | 300 sec total\n|\n|t:|1783554273\n|-terastallize|p1a: Rabsca|Steel\n|move|p2a: Cobalion|Stone Edge|p1a: Rabsca|[miss]\n|-miss|p2a: Cobalion|p1a: Rabsca\n|move|p1a: Rabsca|Psychic|p2a: Cobalion\n|-supereffective|p2a: Cobalion\n|-damage|p2a: Cobalion|0 fnt\n|faint|p2a: Cobalion\n|\n|upkeep\n|inactive|Time left: 300 sec this turn | 300 sec total | 5 sec grace\n|\n|t:|1783554274\n|switch|p2a: Toedscruel|Toedscruel, L87, F|281/281\n|turn|10\n|inactive|Time left: 300 sec this turn | 300 sec total\n|\n|t:|1783554275\n|move|p2a: Toedscruel|Earth Power|p1a: Rabsca\n|-supereffective|p1a: Rabsca\n|-damage|p1a: Rabsca|45/100\n|move|p1a: Rabsca|Bug Buzz|p2a: Toedscruel\n|-supereffective|p2a: Toedscruel\n|-damage|p2a: Toedscruel|89/281\n|\n|-heal|p2a: Toedscruel|106/281|[from] item: Leftovers\n|upkeep\n|turn|11\n|inactive|Time left: 300 sec this turn | 300 sec total\n|\n|t:|1783554276\n|move|p2a: Toedscruel|Earth Power|p1a: Rabsca\n|-supereffective|p1a: Rabsca\n|-damage|p1a: Rabsca|0 fnt\n|faint|p1a: Rabsca\n|\n|-heal|p2a: Toedscruel|123/281|[from] item: Leftovers\n|upkeep\n|\n|t:|1783554277\n|switch|p1a: Excadrill|Excadrill, L79, M|100/100\n|-ability|p1a: Excadrill|Mold Breaker\n|turn|12\n|inactive|Time left: 300 sec this turn | 300 sec total\n|\n|t:|1783554278\n|move|p1a: Excadrill|Rapid Spin|p2a: Toedscruel\n|-damage|p2a: Toedscruel|71/281\n|-boost|p1a: Excadrill|spe|1\n|move|p2a: Toedscruel|Spore|p1a: Excadrill\n|-status|p1a: Excadrill|slp|[from] move: Spore\n|\n|-heal|p2a: Toedscruel|88/281|[from] item: Leftovers\n|upkeep\n|turn|13\n|inactive|Time left: 300 sec this turn | 300 sec total\n|\n|t:|1783554279\n|cant|p1a: Excadrill|slp\n|move|p2a: Toedscruel|Earth Power|p1a: Excadrill\n|-supereffective|p1a: Excadrill\n|-damage|p1a: Excadrill|53/100 slp\n|\n|-heal|p2a: Toedscruel|105/281|[from] item: Leftovers\n|upkeep\n|turn|14\n|inactive|Time left: 300 sec this turn | 300 sec total\n|\n|t:|1783554279\n|-curestatus|p1a: Excadrill|slp|[msg]\n|move|p1a: Excadrill|Iron Head|p2a: Toedscruel\n|-damage|p2a: Toedscruel|0 fnt\n|faint|p2a: Toedscruel\n|\n|upkeep\n|inactive|Time left: 300 sec this turn | 300 sec total | 5 sec grace\n|\n|t:|1783554281\n|switch|p2a: Ursaluna|Ursaluna-Bloodmoon, L79, M|308/308\n|turn|15\n|inactive|Time left: 300 sec this turn | 300 sec total\n|\n|t:|1783554282\n|move|p1a: Excadrill|Iron Head|p2a: Ursaluna\n|-damage|p2a: Ursaluna|227/308\n|cant|p2a: Ursaluna|flinch\n|\n|-heal|p2a: Ursaluna|246/308|[from] item: Leftovers\n|upkeep\n|turn|16\n|inactive|Time left: 300 sec this turn | 300 sec total\n|\n|t:|1783554283\n|move|p1a: Excadrill|Iron Head|p2a: Ursaluna\n|-damage|p2a: Ursaluna|159/308\n|cant|p2a: Ursaluna|flinch\n|\n|-heal|p2a: Ursaluna|178/308|[from] item: Leftovers\n|upkeep\n|turn|17\n|inactive|Time left: 300 sec this turn | 300 sec total\n|\n|t:|1783554284\n|move|p1a: Excadrill|Iron Head|p2a: Ursaluna\n|-damage|p2a: Ursaluna|97/308\n|cant|p2a: Ursaluna|flinch\n|\n|-heal|p2a: Ursaluna|116/308|[from] item: Leftovers\n|upkeep\n|turn|18\n|inactive|Time left: 300 sec this turn | 300 sec total\n|\n|t:|1783554285\n|move|p1a: Excadrill|Iron Head|p2a: Ursaluna\n|-damage|p2a: Ursaluna|35/308\n|cant|p2a: Ursaluna|flinch\n|\n|-heal|p2a: Ursaluna|54/308|[from] item: Leftovers\n|upkeep\n|turn|19\n|inactive|Time left: 300 sec this turn | 300 sec total\n|\n|t:|1783554286\n|switch|p2a: Articuno|Articuno, L86|295/295\n|-ability|p2a: Articuno|Pressure\n|move|p1a: Excadrill|Iron Head|p2a: Articuno\n|-supereffective|p2a: Articuno\n|-damage|p2a: Articuno|127/295\n|\n|upkeep\n|turn|20\n|inactive|Time left: 300 sec this turn | 300 sec total\n|\n|t:|1783554287\n|switch|p2a: Ursaluna|Ursaluna-Bloodmoon, L79, M|54/308\n|move|p1a: Excadrill|Iron Head|p2a: Ursaluna\n|-damage|p2a: Ursaluna|0 fnt\n|faint|p2a: Ursaluna\n|\n|upkeep\n|inactive|Time left: 300 sec this turn | 300 sec total | 5 sec grace\n|\n|t:|1783554288\n|switch|p2a: Chandelure|Chandelure, L83, M|79/235\n|turn|21\n|inactive|Time left: 300 sec this turn | 300 sec total\n|\n|t:|1783554289\n|switch|p2a: Articuno|Articuno, L86|127/295\n|-ability|p2a: Articuno|Pressure\n|move|p1a: Excadrill|Rock Slide|p2a: Articuno\n|-supereffective|p2a: Articuno\n|-damage|p2a: Articuno|0 fnt\n|faint|p2a: Articuno\n|\n|upkeep\n|inactive|Time left: 300 sec this turn | 300 sec total | 5 sec grace\n|\n|t:|1783554290\n|switch|p2a: Pawmot|Pawmot, L80, M|243/243\n|turn|22\n|inactive|Time left: 300 sec this turn | 300 sec total\n|\n|t:|1783554291\n|switch|p2a: Chandelure|Chandelure, L83, M|79/235\n|move|p1a: Excadrill|Earthquake|p2a: Chandelure\n|-supereffective|p2a: Chandelure\n|-damage|p2a: Chandelure|0 fnt\n|faint|p2a: Chandelure\n|\n|upkeep\n|inactive|Time left: 300 sec this turn | 300 sec total | 5 sec grace\n|\n|t:|1783554292\n|switch|p2a: Pawmot|Pawmot, L80, M|243/243\n|turn|23\n|inactive|Time left: 300 sec this turn | 300 sec total\n|\n|t:|1783554293\n|move|p1a: Excadrill|Earthquake|p2a: Pawmot\n|-supereffective|p2a: Pawmot\n|-damage|p2a: Pawmot|0 fnt\n|faint|p2a: Pawmot\n|\n|win|p0x1234c9b9", "uploadtime": 1783554293, "views": 0, "rating": 0, "private": 0, "password": null, "_winner": "p0x1234c9b9", "_our_name": "p0y123484a0"}