{"id": "battle-gen9randombattle-1922", "formatid": "gen9randombattle", "format": "[Gen 9] Random Battle", "players": ["p0x19220898", "p0y19220380"], "log": "|init|battle\n|title|p0x19220898 vs. p0y19220380\n|j|\u2606p0x19220898\n|j|\u2606p0y19220380\n|t:|1783561501\n|gametype|singles\n|player|p1|p0x19220898|102|\n|player|p2|p0y19220380|170|\n|gen|9\n|tier|[Gen 9] Random Battle\n|rule|Species Clause: Limit one of each Pok\u00e9mon\n|rule|HP Percentage Mod: HP is shown in percentages\n|rule|Sleep Clause Mod: Limit one foe put to sleep\n|rule|Illusion Level Mod: Illusion disguises the Pok\u00e9mon's true level\n|\n|t:|1783561501\n|teamsize|p1|6\n|teamsize|p2|6\n|start\n|switch|p1a: Skarmory|Skarmory, L80, F|235/235\n|switch|p2a: Hippowdon|Hippowdon, L82, F|100/100\n|-weather|Sandstorm|[from] ability: Sand Stream|[of] p2a: Hippowdon\n|turn|1\n|inactive|Battle timer is ON: inactive players will automatically lose when time's up. (requested by p0y19220380)\n|inactive|Time left: 300 sec this turn | 300 sec total | 60 sec grace\n|inactive|p0x19220898 also wants the timer to be on.\n|\n|t:|1783561502\n|move|p1a: Skarmory|Spikes|p2a: Hippowdon\n|-sidestart|p2: p0y19220380|Spikes\n|move|p2a: Hippowdon|Earthquake|p1a: Skarmory\n|-immune|p1a: Skarmory\n|\n|-weather|Sandstorm|[upkeep]\n|upkeep\n|turn|2\n|inactive|Time left: 300 sec this turn | 300 sec total\n|\n|t:|1783561503\n|move|p1a: Skarmory|Spikes|p2a: Hippowdon\n|-sidestart|p2: p0y19220380|Spikes\n|move|p2a: Hippowdon|Stone Edge|p1a: Skarmory\n|-crit|p1a: Skarmory\n|-damage|p1a: Skarmory|153/235\n|\n|-weather|Sandstorm|[upkeep]\n|upkeep\n|turn|3\n|inactive|Time left: 300 sec this turn | 300 sec total\n|\n|t:|1783561505\n|move|p1a: Skarmory|Spikes|p2a: Hippowdon\n|-sidestart|p2: p0y19220380|Spikes\n|move|p2a: Hippowdon|Earthquake|p1a: Skarmory\n|-immune|p1a: Skarmory\n|\n|-weather|Sandstorm|[upkeep]\n|upkeep\n|turn|4\n|inactive|Time left: 300 sec this turn | 300 sec total\n|\n|t:|1783561506\n|move|p1a: Skarmory|Roost|p1a: Skarmory\n|-heal|p1a: Skarmory|235/235\n|-singleturn|p1a: Skarmory|move: Roost\n|move|p2a: Hippowdon|Earthquake|p1a: Skarmory\n|-supereffective|p1a: Skarmory\n|-damage|p1a: Skarmory|79/235\n|\n|-weather|Sandstorm|[upkeep]\n|upkeep\n|turn|5\n|inactive|Time left: 300 sec this turn | 300 sec total\n|\n|t:|1783561507\n|move|p1a: Skarmory|Roost|p1a: Skarmory\n|-heal|p1a: Skarmory|197/235\n|-singleturn|p1a: Skarmory|move: Roost\n|move|p2a: Hippowdon|Earthquake|p1a: Skarmory\n|-supereffective|p1a: Skarmory\n|-damage|p1a: Skarmory|27/235\n|\n|-weather|none\n|upkeep\n|turn|6\n|inactive|Time left: 300 sec this turn | 300 sec total\n|\n|t:|1783561508\n|move|p1a: Skarmory|Roost|p1a: Skarmory\n|-heal|p1a: Skarmory|145/235\n|-singleturn|p1a: Skarmory|move: Roost\n|move|p2a: Hippowdon|Earthquake|p1a: Skarmory\n|-supereffective|p1a: Skarmory\n|-damage|p1a: Skarmory|0 fnt\n|faint|p1a: Skarmory\n|\n|upkeep\n|inactive|Time left: 300 sec this turn | 300 sec total | 5 sec grace\n|\n|t:|1783561509\n|switch|p1a: Polteageist|Polteageist, L78|222/222\n|turn|7\n|inactive|Time left: 300 sec this turn | 300 sec total\n|\n|t:|1783561510\n|move|p1a: Polteageist|Shell Smash|p1a: Polteageist\n|-unboost|p1a: Polteageist|def|1\n|-unboost|p1a: Polteageist|spd|1\n|-boost|p1a: Polteageist|atk|2\n|-boost|p1a: Polteageist|spa|2\n|-boost|p1a: Polteageist|spe|2\n|-enditem|p1a: Polteageist|White Herb\n|-clearnegativeboost|p1a: Polteageist|[silent]\n|move|p2a: Hippowdon|Earthquake|p1a: Polteageist\n|-damage|p1a: Polteageist|77/222\n|-start|p2a: Hippowdon|Disable|Earthquake|[from] ability: Cursed Body|[of] p1a: Polteageist\n|\n|upkeep\n|turn|8\n|inactive|Time left: 300 sec this turn | 300 sec total\n|\n|t:|1783561511\n|move|p1a: Polteageist|Strength Sap|p2a: Hippowdon\n|-unboost|p2a: Hippowdon|atk|1\n|-heal|p1a: Polteageist|222/222\n|move|p2a: Hippowdon|Whirlwind|p1a: Polteageist\n|drag|p1a: Venomoth|Venomoth, L84, M|255/255\n|\n|upkeep\n|turn|9\n|inactive|Time left: 300 sec this turn | 300 sec total\n|\n|t:|1783561512\n|move|p1a: Venomoth|Quiver Dance|p1a: Venomoth\n|-boost|p1a: Venomoth|spa|1\n|-boost|p1a: Venomoth|spd|1\n|-boost|p1a: Venomoth|spe|1\n|move|p2a: Hippowdon|Stone Edge|p1a: Venomoth\n|-supereffective|p1a: Venomoth\n|-crit|p1a: Venomoth\n|-damage|p1a: Venomoth|0 fnt\n|faint|p1a: Venomoth\n|\n|upkeep\n|inactive|Time left: 300 sec this turn | 300 sec total | 5 sec grace\n|\n|t:|1783561513\n|switch|p1a: Hydreigon|Hydreigon, L79, F|275/275\n|turn|10\n|inactive|Time left: 300 sec this turn | 300 sec total\n|\n|t:|1783561514\n|switch|p2a: Enamorus|Enamorus, L79, F|100/100\n|move|p1a: Hydreigon|Dark Pulse|p2a: Enamorus\n|-resisted|p2a: Enamorus\n|-damage|p2a: Enamorus|69/100\n|\n|upkeep\n|turn|11\n|inactive|Time left: 300 sec this turn | 300 sec total\n|\n|t:|1783561515\n|switch|p1a: Polteageist|Polteageist, L78|222/222\n|move|p2a: Enamorus|Play Rough|p1a: Polteageist|[miss]\n|-miss|p2a: Enamorus|p1a: Polteageist\n|\n|upkeep\n|turn|12\n|inactive|Time left: 300 sec this turn | 300 sec total\n|\n|t:|1783561516\n|move|p2a: Enamorus|Taunt|p1a: Polteageist\n|-start|p1a: Polteageist|move: Taunt\n|cant|p1a: Polteageist|move: Taunt|Shell Smash\n|\n|upkeep\n|turn|13\n|inactive|Time left: 300 sec this turn | 300 sec total\n|\n|t:|1783561516\n|move|p2a: Enamorus|Play Rough|p1a: Polteageist\n|-damage|p1a: Polteageist|98/222\n|move|p1a: Polteageist|Shadow Ball|p2a: Enamorus\n|-damage|p2a: Enamorus|22/100\n|\n|upkeep\n|turn|14\n|inactive|Time left: 300 sec this turn | 300 sec total\n|\n|t:|1783561517\n|switch|p1a: Calyrex|Calyrex, L93|337/337\n|-ability|p1a: Calyrex|Unnerve\n|move|p2a: Enamorus|Play Rough|p1a: Calyrex\n|-damage|p1a: Calyrex|241/337\n|\n|-heal|p1a: Calyrex|262/337|[from] item: Leftovers\n|upkeep\n|turn|15\n|inactive|Time left: 300 sec this turn | 300 sec total\n|\n|t:|1783561518\n|move|p2a: Enamorus|Play Rough|p1a: Calyrex\n|-damage|p1a: Calyrex|171/337\n|move|p1a: Calyrex|Psychic|p2a: Enamorus\n|-damage|p2a: Enamorus|0 fnt\n|faint|p2a: Enamorus\n|\n|-heal|p1a: Calyrex|192/337|[from] item: Leftovers\n|upkeep\n|\n|t:|1783561519\n|switch|p2a: Dragalge|Dragalge, L88, M|100/100\n|-damage|p2a: Dragalge|76/100|[from] Spikes\n|turn|16\n|inactive|Time left: 300 sec this turn | 300 sec total\n|\n|t:|1783561520\n|move|p1a: Calyrex|Psychic|p2a: Dragalge\n|-supereffective|p2a: Dragalge\n|-damage|p2a: Dragalge|38/100\n|move|p2a: Dragalge|Sludge Wave|p1a: Calyrex\n|-supereffective|p1a: Calyrex\n|-damage|p1a: Calyrex|0 fnt\n|faint|p1a: Calyrex\n|\n|upkeep\n|inactive|Time left: 300 sec this turn | 300 sec total | 5 sec grace\n|\n|t:|1783561521\n|switch|p1a: Hydreigon|Hydreigon, L79, F|275/275\n|turn|17\n|inactive|Time left: 300 sec this turn | 300 sec total\n|\n|t:|1783561522\n|move|p1a: Hydreigon|Draco Meteor|p2a: Dragalge\n|-supereffective|p2a: Dragalge\n|-damage|p2a: Dragalge|0 fnt\n|-unboost|p1a: Hydreigon|spa|2\n|faint|p2a: Dragalge\n|\n|upkeep\n|\n|t:|1783561523\n|switch|p2a: Pincurchin|Pincurchin, M|100/100\n|-damage|p2a: Pincurchin|76/100|[from] Spikes\n|-fieldstart|move: Electric Terrain|[from] ability: Electric Surge|[of] p2a: Pincurchin\n|turn|18\n|inactive|Time left: 300 sec this turn | 300 sec total\n|\n|t:|1783561524\n|move|p1a: Hydreigon|Draco Meteor|p2a: Pincurchin|[miss]\n|-miss|p1a: Hydreigon|p2a: Pincurchin\n|move|p2a: Pincurchin|Thunderbolt|p1a: Hydreigon\n|-resisted|p1a: Hydreigon\n|-damage|p1a: Hydreigon|191/275\n|\n|-heal|p2a: Pincurchin|82/100|[from] item: Leftovers\n|upkeep\n|turn|19\n|inactive|Time left: 300 sec this turn | 300 sec total\n|\n|t:|1783561525\n|move|p1a: Hydreigon|Draco Meteor|p2a: Pincurchin\n|-crit|p2a: Pincurchin\n|-damage|p2a: Pincurchin|0 fnt\n|-unboost|p1a: Hydreigon|spa|2\n|faint|p2a: Pincurchin\n|\n|upkeep\n|\n|t:|1783561526\n|switch|p2a: Toxicroak|Toxicroak, L84, F|100/100\n|-damage|p2a: Toxicroak|76/100|[from] Spikes\n|turn|20\n|inactive|Time left: 300 sec this turn | 300 sec total\n|\n|t:|1783561527\n|move|p1a: Hydreigon|Draco Meteor|p2a: Toxicroak|[miss]\n|-miss|p1a: Hydreigon|p2a: Toxicroak\n|move|p2a: Toxicroak|Swords Dance|p2a: Toxicroak\n|-boost|p2a: Toxicroak|atk|2\n|\n|upkeep\n|turn|21\n|inactive|Time left: 300 sec this turn | 300 sec total\n|\n|t:|1783561528\n|switch|p1a: Polteageist|Polteageist, L78|98/222\n|move|p2a: Toxicroak|Swords Dance|p2a: Toxicroak\n|-boost|p2a: Toxicroak|atk|2\n|\n|upkeep\n|turn|22\n|inactive|Time left: 300 sec this turn | 300 sec total\n|\n|t:|1783561529\n|move|p2a: Toxicroak|Gunk Shot|p1a: Polteageist\n|-resisted|p1a: Polteageist\n|-damage|p1a: Polteageist|0 fnt\n|faint|p1a: Polteageist\n|-damage|p2a: Toxicroak|66/100|[from] item: Life Orb\n|\n|-fieldend|move: Electric Terrain\n|upkeep\n|inactive|Time left: 300 sec this turn | 300 sec total | 5 sec grace\n|\n|t:|1783561530\n|switch|p1a: Hydreigon|Hydreigon, L79, F|191/275\n|turn|23\n|inactive|Time left: 300 sec this turn | 300 sec total\n|\n|t:|1783561531\n|move|p1a: Hydreigon|Fire Blast|p2a: Toxicroak\n|-damage|p2a: Toxicroak|1/100\n|move|p2a: Toxicroak|Gunk Shot|p1a: Hydreigon|[miss]\n|-miss|p2a: Toxicroak|p1a: Hydreigon\n|\n|upkeep\n|turn|24\n|inactive|Time left: 300 sec this turn | 300 sec total\n|\n|t:|1783561532\n|move|p1a: Hydreigon|Fire Blast|p2a: Toxicroak|[miss]\n|-miss|p1a: Hydreigon|p2a: Toxicroak\n|move|p2a: Toxicroak|Close Combat|p1a: Hydreigon\n|-supereffective|p1a: Hydreigon\n|-damage|p1a: Hydreigon|0 fnt\n|-unboost|p2a: Toxicroak|def|1\n|-unboost|p2a: Toxicroak|spd|1\n|faint|p1a: Hydreigon\n|-damage|p2a: Toxicroak|0 fnt|[from] item: Life Orb\n|faint|p2a: Toxicroak\n|\n|upkeep\n|inactive|Time left: 300 sec this turn | 300 sec total | 5 sec grace\n|\n|t:|1783561533\n|switch|p1a: Darkrai|Darkrai, L77|234/234\n|switch|p2a: Persian|Persian, L92, M|100/100\n|-damage|p2a: Persian|76/100|[from] Spikes\n|turn|25\n|inactive|Time left: 300 sec this turn | 300 sec total\n|\n|t:|1783561534\n|-terastallize|p2a: Persian|Normal\n|move|p2a: Persian|Double-Edge|p1a: Darkrai\n|-damage|p1a: Darkrai|18/234\n|-damage|p2a: Persian|49/100|[from] Recoil\n|move|p1a: Darkrai|Hypnosis|p2a: Persian\n|-status|p2a: Persian|slp|[from] move: Hypnosis\n|\n|-damage|p2a: Persian|37/100 slp|[from] ability: Bad Dreams|[of] p1a: Darkrai\n|upkeep\n|turn|26\n|inactive|Time left: 300 sec this turn | 300 sec total\n|\n|t:|1783561535\n|switch|p2a: Hippowdon|Hippowdon, L82, F|100/100\n|-damage|p2a: Hippowdon|76/100|[from] Spikes\n|-weather|Sandstorm|[from] ability: Sand Stream|[of] p2a: Hippowdon\n|move|p1a: Darkrai|Nasty Plot|p1a: Darkrai\n|-boost|p1a: Darkrai|spa|2\n|\n|-weather|Sandstorm|[upkeep]\n|-damage|p1a: Darkrai|4/234|[from] Sandstorm\n|-heal|p2a: Hippowdon|82/100|[from] item: Leftovers\n|upkeep\n|turn|27\n|inactive|Time left: 300 sec this turn | 300 sec total\n|\n|t:|1783561536\n|-terastallize|p1a: Darkrai|Poison\n|move|p1a: Darkrai|Nasty Plot|p1a: Darkrai\n|-boost|p1a: Darkrai|spa|2\n|move|p2a: Hippowdon|Slack Off|p2a: Hippowdon\n|-heal|p2a: Hippowdon|100/100\n|\n|-weather|Sandstorm|[upkeep]\n|-damage|p1a: Darkrai|0 fnt|[from] Sandstorm\n|faint|p1a: Darkrai\n|\n|win|p0y19220380", "uploadtime": 1783561536, "views": 0, "rating": 0, "private": 0, "password": null, "_winner": "p0y19220380", "_our_name": "p0x19220898"}