{"id": "battle-gen9randombattle-1690", "formatid": "gen9randombattle", "format": "[Gen 9] Random Battle", "players": ["p0x1690e930", "p0y16901130"], "log": "|init|battle\n|title|p0x1690e930 vs. p0y16901130\n|j|\u2606p0x1690e930\n|j|\u2606p0y16901130\n|t:|1783558805\n|gametype|singles\n|player|p1|p0x1690e930|265|\n|player|p2|p0y16901130|169|\n|gen|9\n|tier|[Gen 9] Random Battle\n|rule|Species Clause: Limit one of each Pok\u00e9mon\n|rule|HP Percentage Mod: HP is shown in percentages\n|rule|Sleep Clause Mod: Limit one foe put to sleep\n|rule|Illusion Level Mod: Illusion disguises the Pok\u00e9mon's true level\n|\n|t:|1783558806\n|teamsize|p1|6\n|teamsize|p2|6\n|start\n|switch|p1a: Diancie|Diancie, L82|216/216\n|switch|p2a: Jumpluff|Jumpluff, L87, M|100/100\n|turn|1\n|inactive|Battle timer is ON: inactive players will automatically lose when time's up. (requested by p0y16901130)\n|inactive|Time left: 300 sec this turn | 300 sec total | 60 sec grace\n|inactive|p0x1690e930 also wants the timer to be on.\n|\n|t:|1783558807\n|move|p2a: Jumpluff|Leech Seed|p1a: Diancie\n|-start|p1a: Diancie|move: Leech Seed\n|move|p1a: Diancie|Diamond Storm|p2a: Jumpluff\n|-supereffective|p2a: Jumpluff\n|-damage|p2a: Jumpluff|11/100\n|\n|-damage|p1a: Diancie|189/216|[from] Leech Seed|[of] p2a: Jumpluff\n|-heal|p2a: Jumpluff|21/100|[silent]\n|upkeep\n|turn|2\n|inactive|Time left: 300 sec this turn | 300 sec total\n|\n|t:|1783558808\n|move|p2a: Jumpluff|Strength Sap|p1a: Diancie\n|-fail|p1a: Diancie|unboost|[from] ability: Clear Body|[of] p1a: Diancie\n|-heal|p2a: Jumpluff|99/100\n|move|p1a: Diancie|Diamond Storm|p2a: Jumpluff\n|-supereffective|p2a: Jumpluff\n|-damage|p2a: Jumpluff|5/100\n|-boost|p1a: Diancie|def|2\n|\n|-heal|p1a: Diancie|202/216|[from] item: Leftovers\n|-damage|p1a: Diancie|175/216|[from] Leech Seed|[of] p2a: Jumpluff\n|-heal|p2a: Jumpluff|15/100|[silent]\n|upkeep\n|turn|3\n|inactive|Time left: 300 sec this turn | 300 sec total\n|\n|t:|1783558809\n|move|p2a: Jumpluff|Strength Sap|p1a: Diancie\n|-fail|p1a: Diancie|unboost|[from] ability: Clear Body|[of] p1a: Diancie\n|-heal|p2a: Jumpluff|93/100\n|move|p1a: Diancie|Diamond Storm|p2a: Jumpluff\n|-supereffective|p2a: Jumpluff\n|-damage|p2a: Jumpluff|0 fnt\n|-boost|p1a: Diancie|def|2\n|faint|p2a: Jumpluff\n|\n|-heal|p1a: Diancie|188/216|[from] item: Leftovers\n|upkeep\n|\n|t:|1783558810\n|switch|p2a: Heatran|Heatran, L79, M|100/100\n|-item|p2a: Heatran|Air Balloon\n|turn|4\n|inactive|Time left: 300 sec this turn | 300 sec total\n|\n|t:|1783558811\n|move|p2a: Heatran|Heavy Slam|p1a: Diancie\n|-supereffective|p1a: Diancie\n|-damage|p1a: Diancie|92/216\n|move|p1a: Diancie|Body Press|p2a: Heatran\n|-supereffective|p2a: Heatran\n|-damage|p2a: Heatran|0 fnt\n|-enditem|p2a: Heatran|Air Balloon\n|faint|p2a: Heatran\n|\n|-heal|p1a: Diancie|105/216|[from] item: Leftovers\n|upkeep\n|\n|t:|1783558812\n|switch|p2a: Iron Bundle|Iron Bundle, L78|100/100\n|turn|5\n|inactive|Time left: 300 sec this turn | 300 sec total\n|\n|t:|1783558812\n|-terastallize|p2a: Iron Bundle|Water\n|move|p2a: Iron Bundle|Hydro Pump|p1a: Diancie\n|-supereffective|p1a: Diancie\n|-damage|p1a: Diancie|0 fnt\n|faint|p1a: Diancie\n|\n|upkeep\n|inactive|Time left: 300 sec this turn | 300 sec total | 5 sec grace\n|\n|t:|1783558813\n|switch|p1a: Iron Bundle|Iron Bundle, L78|215/215\n|turn|6\n|inactive|Time left: 300 sec this turn | 300 sec total\n|\n|t:|1783558814\n|-end|p2a: Iron Bundle|Quark Drive|[silent]\n|switch|p2a: Camerupt|Camerupt, L91, M|100/100\n|move|p1a: Iron Bundle|Freeze-Dry|p2a: Camerupt\n|-crit|p2a: Camerupt\n|-damage|p2a: Camerupt|34/100\n|\n|-heal|p2a: Camerupt|40/100|[from] item: Leftovers\n|upkeep\n|turn|7\n|inactive|Time left: 300 sec this turn | 300 sec total\n|\n|t:|1783558814\n|move|p1a: Iron Bundle|Freeze-Dry|p2a: Camerupt\n|-damage|p2a: Camerupt|0 fnt\n|faint|p2a: Camerupt\n|\n|upkeep\n|\n|t:|1783558815\n|switch|p2a: Scyther|Scyther, L82, F|100/100\n|turn|8\n|inactive|Time left: 300 sec this turn | 300 sec total\n|\n|t:|1783558816\n|move|p1a: Iron Bundle|Freeze-Dry|p2a: Scyther\n|-supereffective|p2a: Scyther\n|-damage|p2a: Scyther|3/100\n|move|p2a: Scyther|Dual Wingbeat|p1a: Iron Bundle\n|-damage|p1a: Iron Bundle|152/215\n|-damage|p1a: Iron Bundle|97/215\n|-hitcount|p1a: Iron Bundle|2\n|\n|upkeep\n|turn|9\n|inactive|Time left: 300 sec this turn | 300 sec total\n|\n|t:|1783558817\n|move|p1a: Iron Bundle|Freeze-Dry|p2a: Scyther\n|-supereffective|p2a: Scyther\n|-damage|p2a: Scyther|0 fnt\n|faint|p2a: Scyther\n|\n|upkeep\n|\n|t:|1783558818\n|switch|p2a: Iron Bundle|Iron Bundle, L78, tera:Water|100/100\n|turn|10\n|inactive|Time left: 300 sec this turn | 300 sec total\n|\n|t:|1783558818\n|move|p1a: Iron Bundle|Freeze-Dry|p2a: Iron Bundle\n|-supereffective|p2a: Iron Bundle\n|-damage|p2a: Iron Bundle|0 fnt\n|faint|p2a: Iron Bundle\n|-end|p2a: Iron Bundle|Quark Drive|[silent]\n|\n|upkeep\n|\n|t:|1783558819\n|switch|p2a: Ogerpon|Ogerpon-Wellspring, L76, F|100/100\n|turn|11\n|inactive|Time left: 300 sec this turn | 300 sec total\n|\n|t:|1783558820\n|move|p1a: Iron Bundle|Freeze-Dry|p2a: Ogerpon\n|-supereffective|p2a: Ogerpon\n|-damage|p2a: Ogerpon|0 fnt\n|faint|p2a: Ogerpon\n|\n|win|p0x1690e930", "uploadtime": 1783558820, "views": 0, "rating": 0, "private": 0, "password": null, "_winner": "p0x1690e930", "_our_name": "p0x1690e930"}