{"id": "battle-gen9randombattle-2407", "formatid": "gen9randombattle", "format": "[Gen 9] Random Battle", "players": ["p0x2407f749", "p0y240749cb"], "log": "|init|battle\n|title|p0x2407f749 vs. p0y240749cb\n|j|\u2606p0x2407f749\n|j|\u2606p0y240749cb\n|t:|1783566931\n|gametype|singles\n|player|p1|p0x2407f749|169|\n|player|p2|p0y240749cb|2|\n|gen|9\n|tier|[Gen 9] Random Battle\n|rule|Species Clause: Limit one of each Pok\u00e9mon\n|rule|HP Percentage Mod: HP is shown in percentages\n|rule|Sleep Clause Mod: Limit one foe put to sleep\n|rule|Illusion Level Mod: Illusion disguises the Pok\u00e9mon's true level\n|\n|t:|1783566931\n|teamsize|p1|6\n|teamsize|p2|6\n|start\n|switch|p1a: Venomoth|Venomoth, L84, M|100/100\n|switch|p2a: Inteleon|Inteleon, L81, M|246/246\n|turn|1\n|inactive|Battle timer is ON: inactive players will automatically lose when time's up. (requested by p0x2407f749)\n|inactive|Time left: 300 sec this turn | 300 sec total | 60 sec grace\n|\n|t:|1783566933\n|move|p2a: Inteleon|Scald|p1a: Venomoth\n|-damage|p1a: Venomoth|37/100\n|move|p1a: Venomoth|Quiver Dance|p1a: Venomoth\n|-boost|p1a: Venomoth|spa|1\n|-boost|p1a: Venomoth|spd|1\n|-boost|p1a: Venomoth|spe|1\n|\n|upkeep\n|turn|2\n|inactive|Time left: 300 sec this turn | 300 sec total\n|inactive|p0y240749cb also wants the timer to be on.\n|\n|t:|1783566934\n|move|p1a: Venomoth|Sleep Powder|p2a: Inteleon\n|-status|p2a: Inteleon|slp|[from] move: Sleep Powder\n|cant|p2a: Inteleon|slp\n|\n|upkeep\n|turn|3\n|inactive|Time left: 300 sec this turn | 300 sec total\n|\n|t:|1783566935\n|move|p1a: Venomoth|Sludge Wave|p2a: Inteleon\n|-damage|p2a: Inteleon|75/246 slp\n|cant|p2a: Inteleon|slp\n|\n|upkeep\n|turn|4\n|inactive|Time left: 300 sec this turn | 300 sec total\n|\n|t:|1783566936\n|move|p1a: Venomoth|Bug Buzz|p2a: Inteleon\n|-damage|p2a: Inteleon|0 fnt\n|faint|p2a: Inteleon\n|\n|upkeep\n|inactive|Time left: 300 sec this turn | 300 sec total | 5 sec grace\n|\n|t:|1783566937\n|switch|p2a: Trevenant|Trevenant, L89, M|296/296\n|turn|5\n|inactive|Time left: 300 sec this turn | 300 sec total\n|\n|t:|1783566938\n|move|p1a: Venomoth|Sludge Wave|p2a: Trevenant\n|-damage|p2a: Trevenant|146/296\n|-enditem|p2a: Trevenant|Sitrus Berry|[eat]\n|-heal|p2a: Trevenant|220/296|[from] item: Sitrus Berry\n|move|p2a: Trevenant|Poltergeist|p1a: Venomoth\n|-activate|p1a: Venomoth|move: Poltergeist|Heavy-Duty Boots\n|-damage|p1a: Venomoth|0 fnt\n|faint|p1a: Venomoth\n|\n|-item|p2a: Trevenant|Sitrus Berry|[from] ability: Harvest\n|upkeep\n|\n|t:|1783566939\n|switch|p1a: Ting-Lu|Ting-Lu, L78|100/100\n|-ability|p1a: Ting-Lu|Vessel of Ruin\n|turn|6\n|inactive|Time left: 300 sec this turn | 300 sec total\n|\n|t:|1783566940\n|move|p2a: Trevenant|Drain Punch|p1a: Ting-Lu\n|-supereffective|p1a: Ting-Lu\n|-damage|p1a: Ting-Lu|73/100\n|-heal|p2a: Trevenant|271/296|[from] drain|[of] p1a: Ting-Lu\n|move|p1a: Ting-Lu|Spikes|p2a: Trevenant\n|-sidestart|p2: p0y240749cb|Spikes\n|\n|-heal|p1a: Ting-Lu|79/100|[from] item: Leftovers\n|upkeep\n|turn|7\n|inactive|Time left: 300 sec this turn | 300 sec total\n|\n|t:|1783566941\n|move|p2a: Trevenant|Drain Punch|p1a: Ting-Lu\n|-supereffective|p1a: Ting-Lu\n|-damage|p1a: Ting-Lu|51/100\n|-heal|p2a: Trevenant|296/296|[from] drain|[of] p1a: Ting-Lu\n|move|p1a: Ting-Lu|Throat Chop|p2a: Trevenant\n|-supereffective|p2a: Trevenant\n|-damage|p2a: Trevenant|120/296\n|-start|p2a: Trevenant|Throat Chop|[silent]\n|-enditem|p2a: Trevenant|Sitrus Berry|[eat]\n|-heal|p2a: Trevenant|194/296|[from] item: Sitrus Berry\n|\n|-heal|p1a: Ting-Lu|57/100|[from] item: Leftovers\n|-item|p2a: Trevenant|Sitrus Berry|[from] ability: Harvest\n|upkeep\n|turn|8\n|inactive|Time left: 300 sec this turn | 300 sec total\n|\n|t:|1783566942\n|move|p2a: Trevenant|Drain Punch|p1a: Ting-Lu\n|-supereffective|p1a: Ting-Lu\n|-damage|p1a: Ting-Lu|29/100\n|-heal|p2a: Trevenant|246/296|[from] drain|[of] p1a: Ting-Lu\n|move|p1a: Ting-Lu|Throat Chop|p2a: Trevenant\n|-supereffective|p2a: Trevenant\n|-damage|p2a: Trevenant|64/296\n|-enditem|p2a: Trevenant|Sitrus Berry|[eat]\n|-heal|p2a: Trevenant|138/296|[from] item: Sitrus Berry\n|\n|-heal|p1a: Ting-Lu|35/100|[from] item: Leftovers\n|-end|p2a: Trevenant|Throat Chop|[silent]\n|-item|p2a: Trevenant|Sitrus Berry|[from] ability: Harvest\n|upkeep\n|-enditem|p2a: Trevenant|Sitrus Berry|[eat]\n|-heal|p2a: Trevenant|212/296|[from] item: Sitrus Berry\n|turn|9\n|inactive|Time left: 300 sec this turn | 300 sec total\n|\n|t:|1783566943\n|move|p2a: Trevenant|Drain Punch|p1a: Ting-Lu\n|-supereffective|p1a: Ting-Lu\n|-damage|p1a: Ting-Lu|5/100\n|-heal|p2a: Trevenant|269/296|[from] drain|[of] p1a: Ting-Lu\n|move|p1a: Ting-Lu|Throat Chop|p2a: Trevenant\n|-supereffective|p2a: Trevenant\n|-crit|p2a: Trevenant\n|-damage|p2a: Trevenant|15/296\n|-start|p2a: Trevenant|Throat Chop|[silent]\n|\n|-heal|p1a: Ting-Lu|11/100|[from] item: Leftovers\n|-item|p2a: Trevenant|Sitrus Berry|[from] ability: Harvest\n|upkeep\n|-enditem|p2a: Trevenant|Sitrus Berry|[eat]\n|-heal|p2a: Trevenant|89/296|[from] item: Sitrus Berry\n|turn|10\n|inactive|Time left: 300 sec this turn | 300 sec total\n|\n|t:|1783566944\n|move|p2a: Trevenant|Poltergeist|p1a: Ting-Lu\n|-activate|p1a: Ting-Lu|move: Poltergeist|Leftovers\n|-resisted|p1a: Ting-Lu\n|-damage|p1a: Ting-Lu|0 fnt\n|faint|p1a: Ting-Lu\n|\n|-end|p2a: Trevenant|Throat Chop|[silent]\n|-item|p2a: Trevenant|Sitrus Berry|[from] ability: Harvest\n|upkeep\n|-enditem|p2a: Trevenant|Sitrus Berry|[eat]\n|-heal|p2a: Trevenant|163/296|[from] item: Sitrus Berry\n|\n|t:|1783566945\n|switch|p1a: Iron Thorns|Iron Thorns, L83|100/100\n|-item|p1a: Iron Thorns|Air Balloon\n|turn|11\n|inactive|Time left: 300 sec this turn | 300 sec total\n|\n|t:|1783566946\n|move|p1a: Iron Thorns|Ice Punch|p2a: Trevenant\n|-supereffective|p2a: Trevenant\n|-damage|p2a: Trevenant|25/296\n|move|p2a: Trevenant|Poltergeist|p1a: Iron Thorns\n|-activate|p1a: Iron Thorns|move: Poltergeist|Air Balloon\n|-damage|p1a: Iron Thorns|57/100\n|-enditem|p1a: Iron Thorns|Air Balloon\n|\n|-item|p2a: Trevenant|Sitrus Berry|[from] ability: Harvest\n|upkeep\n|-enditem|p2a: Trevenant|Sitrus Berry|[eat]\n|-heal|p2a: Trevenant|99/296|[from] item: Sitrus Berry\n|turn|12\n|inactive|Time left: 300 sec this turn | 300 sec total\n|\n|t:|1783566947\n|switch|p2a: Avalugg|Avalugg-Hisui, L90, F|317/317\n|move|p1a: Iron Thorns|Stone Edge|p2a: Avalugg|[miss]\n|-miss|p1a: Iron Thorns|p2a: Avalugg\n|\n|upkeep\n|turn|13\n|inactive|Time left: 300 sec this turn | 300 sec total\n|\n|t:|1783566948\n|move|p1a: Iron Thorns|Stone Edge|p2a: Avalugg\n|-supereffective|p2a: Avalugg\n|-damage|p2a: Avalugg|173/317\n|move|p2a: Avalugg|Body Press|p1a: Iron Thorns\n|-supereffective|p1a: Iron Thorns\n|-damage|p1a: Iron Thorns|0 fnt\n|faint|p1a: Iron Thorns\n|-end|p1a: Iron Thorns|Quark Drive|[silent]\n|\n|upkeep\n|\n|t:|1783566948\n|switch|p1a: Azelf|Azelf, L82|100/100\n|turn|14\n|inactive|Time left: 300 sec this turn | 300 sec total\n|\n|t:|1783566949\n|switch|p2a: Alcremie|Alcremie-Matcha-Cream, L90, F|263/263\n|-damage|p2a: Alcremie|231/263|[from] Spikes\n|move|p1a: Azelf|Fire Blast|p2a: Alcremie\n|-damage|p2a: Alcremie|148/263\n|-damage|p1a: Azelf|91/100|[from] item: Life Orb\n|\n|-heal|p2a: Alcremie|164/263|[from] item: Leftovers\n|upkeep\n|turn|15\n|inactive|Time left: 300 sec this turn | 300 sec total\n|\n|t:|1783566950\n|move|p1a: Azelf|Nasty Plot|p1a: Azelf\n|-boost|p1a: Azelf|spa|2\n|move|p2a: Alcremie|Alluring Voice|p1a: Azelf\n|-damage|p1a: Azelf|44/100\n|-start|p1a: Azelf|confusion\n|\n|-heal|p2a: Alcremie|180/263|[from] item: Leftovers\n|upkeep\n|turn|16\n|inactive|Time left: 300 sec this turn | 300 sec total\n|\n|t:|1783566951\n|-activate|p1a: Azelf|confusion\n|move|p1a: Azelf|Psyshock|p2a: Alcremie\n|-damage|p2a: Alcremie|0 fnt\n|faint|p2a: Alcremie\n|-damage|p1a: Azelf|34/100|[from] item: Life Orb\n|\n|upkeep\n|inactive|Time left: 300 sec this turn | 300 sec total | 5 sec grace\n|\n|t:|1783566952\n|switch|p2a: Avalugg|Avalugg-Hisui, L90, F|173/317\n|turn|17\n|inactive|Time left: 300 sec this turn | 300 sec total\n|\n|t:|1783566953\n|-activate|p1a: Azelf|confusion\n|-damage|p1a: Azelf|22/100|[from] confusion\n|move|p2a: Avalugg|Avalanche|p1a: Azelf\n|-damage|p1a: Azelf|0 fnt\n|faint|p1a: Azelf\n|\n|upkeep\n|\n|t:|1783566954\n|switch|p1a: Swanna|Swanna, L89, F|100/100\n|turn|18\n|inactive|Time left: 300 sec this turn | 300 sec total\n|\n|t:|1783566955\n|switch|p2a: Breloom|Breloom, L83, M|235/235\n|-damage|p2a: Breloom|206/235|[from] Spikes\n|move|p1a: Swanna|Hydro Pump|p2a: Breloom\n|-resisted|p2a: Breloom\n|-damage|p2a: Breloom|119/235\n|\n|upkeep\n|turn|19\n|inactive|Time left: 300 sec this turn | 300 sec total\n|\n|t:|1783566956\n|move|p1a: Swanna|Brave Bird|p2a: Breloom\n|-supereffective|p2a: Breloom\n|-damage|p2a: Breloom|0 fnt\n|faint|p2a: Breloom\n|-damage|p1a: Swanna|86/100|[from] Recoil\n|\n|upkeep\n|inactive|Time left: 300 sec this turn | 300 sec total | 5 sec grace\n|\n|t:|1783566957\n|switch|p2a: Calyrex|Calyrex-Shadow, L64|235/235\n|-ability|p2a: Calyrex|As One\n|-ability|p2a: Calyrex|Unnerve\n|-damage|p2a: Calyrex|206/235|[from] Spikes\n|turn|20\n|inactive|Time left: 300 sec this turn | 300 sec total\n|\n|t:|1783566958\n|-terastallize|p2a: Calyrex|Ghost\n|move|p2a: Calyrex|Astral Barrage|p1a: Swanna\n|-damage|p1a: Swanna|2/100\n|-damage|p2a: Calyrex|183/235|[from] item: Life Orb\n|move|p1a: Swanna|Brave Bird|p2a: Calyrex\n|-damage|p2a: Calyrex|15/235\n|-damage|p1a: Swanna|0 fnt|[from] Recoil\n|faint|p1a: Swanna\n|\n|upkeep\n|\n|t:|1783566959\n|switch|p1a: Piloswine|Piloswine, L85, M|100/100\n|turn|21\n|inactive|Time left: 300 sec this turn | 300 sec total\n|\n|t:|1783566960\n|move|p1a: Piloswine|Ice Shard|p2a: Calyrex\n|-damage|p2a: Calyrex|0 fnt\n|faint|p2a: Calyrex\n|\n|upkeep\n|inactive|Time left: 300 sec this turn | 300 sec total | 5 sec grace\n|\n|t:|1783566961\n|switch|p2a: Avalugg|Avalugg-Hisui, L90, F|173/317\n|turn|22\n|inactive|Time left: 300 sec this turn | 300 sec total\n|\n|t:|1783566962\n|move|p1a: Piloswine|Earthquake|p2a: Avalugg\n|-supereffective|p2a: Avalugg\n|-damage|p2a: Avalugg|53/317\n|move|p2a: Avalugg|Recover|p2a: Avalugg\n|-heal|p2a: Avalugg|212/317\n|\n|upkeep\n|turn|23\n|inactive|Time left: 300 sec this turn | 300 sec total\n|\n|t:|1783566963\n|move|p1a: Piloswine|Earthquake|p2a: Avalugg\n|-supereffective|p2a: Avalugg\n|-damage|p2a: Avalugg|102/317\n|move|p2a: Avalugg|Recover|p2a: Avalugg\n|-heal|p2a: Avalugg|261/317\n|\n|upkeep\n|turn|24\n|inactive|Time left: 300 sec this turn | 300 sec total\n|\n|t:|1783566964\n|move|p1a: Piloswine|Earthquake|p2a: Avalugg\n|-supereffective|p2a: Avalugg\n|-damage|p2a: Avalugg|145/317\n|move|p2a: Avalugg|Body Press|p1a: Piloswine\n|-supereffective|p1a: Piloswine\n|-damage|p1a: Piloswine|49/100\n|\n|upkeep\n|turn|25\n|inactive|Time left: 300 sec this turn | 300 sec total\n|\n|t:|1783566965\n|-terastallize|p1a: Piloswine|Dragon\n|move|p1a: Piloswine|Earthquake|p2a: Avalugg\n|-supereffective|p2a: Avalugg\n|-damage|p2a: Avalugg|25/317\n|move|p2a: Avalugg|Recover|p2a: Avalugg\n|-heal|p2a: Avalugg|184/317\n|\n|upkeep\n|turn|26\n|inactive|Time left: 300 sec this turn | 300 sec total\n|\n|t:|1783566965\n|move|p1a: Piloswine|Earthquake|p2a: Avalugg\n|-supereffective|p2a: Avalugg\n|-damage|p2a: Avalugg|68/317\n|move|p2a: Avalugg|Recover|p2a: Avalugg\n|-heal|p2a: Avalugg|227/317\n|\n|upkeep\n|turn|27\n|inactive|Time left: 300 sec this turn | 300 sec total\n|\n|t:|1783566966\n|move|p1a: Piloswine|Earthquake|p2a: Avalugg\n|-supereffective|p2a: Avalugg\n|-damage|p2a: Avalugg|111/317\n|move|p2a: Avalugg|Recover|p2a: Avalugg\n|-heal|p2a: Avalugg|270/317\n|\n|upkeep\n|turn|28\n|inactive|Time left: 300 sec this turn | 300 sec total\n|\n|t:|1783566967\n|move|p1a: Piloswine|Icicle Crash|p2a: Avalugg\n|-resisted|p2a: Avalugg\n|-damage|p2a: Avalugg|246/317\n|move|p2a: Avalugg|Avalanche|p1a: Piloswine\n|-supereffective|p1a: Piloswine\n|-damage|p1a: Piloswine|4/100\n|\n|upkeep\n|turn|29\n|inactive|Time left: 300 sec this turn | 300 sec total\n|\n|t:|1783566968\n|move|p1a: Piloswine|Icicle Crash|p2a: Avalugg\n|-resisted|p2a: Avalugg\n|-damage|p2a: Avalugg|222/317\n|move|p2a: Avalugg|Avalanche|p1a: Piloswine\n|-supereffective|p1a: Piloswine\n|-damage|p1a: Piloswine|0 fnt\n|faint|p1a: Piloswine\n|\n|win|p0y240749cb", "uploadtime": 1783566968, "views": 0, "rating": 0, "private": 0, "password": null, "_winner": "p0y240749cb", "_our_name": "p0y240749cb"}