{"id": "battle-gen9randombattle-903", "formatid": "gen9randombattle", "format": "[Gen 9] Random Battle", "players": ["p0x903ee49", "p0y903f98a"], "log": "|init|battle\n|title|p0x903ee49 vs. p0y903f98a\n|j|\u2606p0x903ee49\n|j|\u2606p0y903f98a\n|t:|1783550369\n|gametype|singles\n|player|p1|p0x903ee49|1|\n|player|p2|p0y903f98a|169|\n|gen|9\n|tier|[Gen 9] Random Battle\n|rule|Species Clause: Limit one of each Pok\u00e9mon\n|rule|HP Percentage Mod: HP is shown in percentages\n|rule|Sleep Clause Mod: Limit one foe put to sleep\n|rule|Illusion Level Mod: Illusion disguises the Pok\u00e9mon's true level\n|\n|t:|1783550369\n|teamsize|p1|6\n|teamsize|p2|6\n|start\n|switch|p1a: Avalugg|Avalugg, L88, F|100/100\n|switch|p2a: Armarouge|Armarouge, L80, F|267/267\n|turn|1\n|inactive|Battle timer is ON: inactive players will automatically lose when time's up. (requested by p0x903ee49)\n|inactive|Time left: 300 sec this turn | 300 sec total | 60 sec grace\n|inactive|p0y903f98a also wants the timer to be on.\n|\n|t:|1783550371\n|switch|p1a: Blissey|Blissey, L85, F|100/100\n|move|p2a: Armarouge|Armor Cannon|p1a: Blissey\n|-damage|p1a: Blissey|82/100\n|-unboost|p2a: Armarouge|def|1\n|-unboost|p2a: Armarouge|spd|1\n|\n|-heal|p1a: Blissey|88/100|[from] item: Leftovers\n|upkeep\n|turn|2\n|inactive|Time left: 300 sec this turn | 300 sec total\n|\n|t:|1783550373\n|switch|p2a: Donphan|Donphan, L84, F|288/288\n|move|p1a: Blissey|Seismic Toss|p2a: Donphan\n|-damage|p2a: Donphan|203/288\n|\n|-heal|p1a: Blissey|94/100|[from] item: Leftovers\n|upkeep\n|turn|3\n|inactive|Time left: 300 sec this turn | 300 sec total\n|\n|t:|1783550374\n|switch|p1a: Avalugg|Avalugg, L88, F|100/100\n|move|p2a: Donphan|Earthquake|p1a: Avalugg\n|-damage|p1a: Avalugg|79/100\n|\n|upkeep\n|turn|4\n|inactive|Time left: 300 sec this turn | 300 sec total\n|\n|t:|1783550375\n|switch|p2a: Armarouge|Armarouge, L80, F|267/267\n|move|p1a: Avalugg|Body Press|p2a: Armarouge\n|-resisted|p2a: Armarouge\n|-damage|p2a: Armarouge|218/267\n|-ability|p2a: Armarouge|Weak Armor|boost\n|-unboost|p2a: Armarouge|def|1\n|-boost|p2a: Armarouge|spe|2\n|\n|upkeep\n|turn|5\n|inactive|Time left: 300 sec this turn | 300 sec total\n|\n|t:|1783550376\n|switch|p1a: Blissey|Blissey, L85, F|94/100\n|move|p2a: Armarouge|Meteor Beam||[still]\n|-prepare|p2a: Armarouge|Meteor Beam\n|-boost|p2a: Armarouge|spa|1\n|-enditem|p2a: Armarouge|Power Herb\n|-anim|p2a: Armarouge|Meteor Beam|p1a: Blissey\n|-damage|p1a: Blissey|76/100\n|\n|-heal|p1a: Blissey|82/100|[from] item: Leftovers\n|upkeep\n|turn|6\n|inactive|Time left: 300 sec this turn | 300 sec total\n|\n|t:|1783550377\n|move|p2a: Armarouge|Psyshock|p1a: Blissey\n|-crit|p1a: Blissey\n|-damage|p1a: Blissey|0 fnt\n|faint|p1a: Blissey\n|\n|upkeep\n|\n|t:|1783550378\n|switch|p1a: Darkrai|Darkrai, L77|100/100\n|turn|7\n|inactive|Time left: 300 sec this turn | 300 sec total\n|\n|t:|1783550380\n|move|p2a: Armarouge|Armor Cannon|p1a: Darkrai\n|-damage|p1a: Darkrai|5/100\n|-unboost|p2a: Armarouge|def|1\n|-unboost|p2a: Armarouge|spd|1\n|move|p1a: Darkrai|Dark Pulse|p2a: Armarouge\n|-supereffective|p2a: Armarouge\n|-damage|p2a: Armarouge|0 fnt\n|faint|p2a: Armarouge\n|-damage|p1a: Darkrai|0 fnt|[from] item: Life Orb\n|faint|p1a: Darkrai\n|\n|upkeep\n|inactive|Time left: 300 sec this turn | 300 sec total | 5 sec grace\n|\n|t:|1783550381\n|switch|p1a: Avalugg|Avalugg, L88, F|79/100\n|switch|p2a: Clefable|Clefable, L83, M|293/293\n|turn|8\n|inactive|Time left: 300 sec this turn | 300 sec total\n|\n|t:|1783550382\n|move|p2a: Clefable|Moonblast|p1a: Avalugg\n|-damage|p1a: Avalugg|20/100\n|move|p1a: Avalugg|Avalanche|p2a: Clefable\n|-damage|p2a: Clefable|89/293\n|\n|upkeep\n|turn|9\n|inactive|Time left: 300 sec this turn | 300 sec total\n|\n|t:|1783550384\n|move|p2a: Clefable|Moonblast|p1a: Avalugg\n|-damage|p1a: Avalugg|0 fnt\n|faint|p1a: Avalugg\n|\n|upkeep\n|\n|t:|1783550385\n|switch|p1a: Forretress|Forretress, L84, M|100/100\n|turn|10\n|inactive|Time left: 300 sec this turn | 300 sec total\n|\n|t:|1783550386\n|move|p2a: Clefable|Fire Blast|p1a: Forretress\n|-supereffective|p1a: Forretress\n|-ability|p1a: Forretress|Sturdy\n|-damage|p1a: Forretress|1/100\n|move|p1a: Forretress|Iron Head|p2a: Clefable\n|-supereffective|p2a: Clefable\n|-damage|p2a: Clefable|0 fnt\n|faint|p2a: Clefable\n|\n|-heal|p1a: Forretress|7/100|[from] item: Leftovers\n|upkeep\n|inactive|Time left: 300 sec this turn | 300 sec total | 5 sec grace\n|\n|t:|1783550387\n|switch|p2a: Wugtrio|Wugtrio, L91, F|212/212\n|turn|11\n|inactive|Time left: 300 sec this turn | 300 sec total\n|\n|t:|1783550388\n|switch|p1a: Annihilape|Annihilape, L76, F|100/100\n|move|p2a: Wugtrio|Liquidation|p1a: Annihilape\n|-damage|p1a: Annihilape|41/100\n|\n|upkeep\n|turn|12\n|inactive|Time left: 300 sec this turn | 300 sec total\n|\n|t:|1783550389\n|-terastallize|p1a: Annihilape|Water\n|move|p2a: Wugtrio|Liquidation|p1a: Annihilape\n|-resisted|p1a: Annihilape\n|-damage|p1a: Annihilape|6/100\n|move|p1a: Annihilape|Rest|p1a: Annihilape\n|-status|p1a: Annihilape|slp|[from] move: Rest\n|-heal|p1a: Annihilape|100/100 slp|[silent]\n|-enditem|p1a: Annihilape|Chesto Berry|[eat]\n|-curestatus|p1a: Annihilape|slp|[msg]\n|\n|upkeep\n|turn|13\n|inactive|Time left: 300 sec this turn | 300 sec total\n|\n|t:|1783550390\n|move|p2a: Wugtrio|Liquidation|p1a: Annihilape\n|-resisted|p1a: Annihilape\n|-damage|p1a: Annihilape|71/100\n|move|p1a: Annihilape|Bulk Up|p1a: Annihilape\n|-boost|p1a: Annihilape|atk|1\n|-boost|p1a: Annihilape|def|1\n|\n|upkeep\n|turn|14\n|inactive|Time left: 300 sec this turn | 300 sec total\n|\n|t:|1783550391\n|switch|p2a: Weezing|Weezing, L88, M|258/258\n|move|p1a: Annihilape|Drain Punch|p2a: Weezing\n|-resisted|p2a: Weezing\n|-damage|p2a: Weezing|213/258\n|-heal|p1a: Annihilape|79/100|[from] drain|[of] p2a: Weezing\n|\n|-heal|p2a: Weezing|229/258|[from] item: Leftovers\n|upkeep\n|turn|15\n|inactive|Time left: 300 sec this turn | 300 sec total\n|\n|t:|1783550392\n|move|p1a: Annihilape|Bulk Up|p1a: Annihilape\n|-boost|p1a: Annihilape|atk|1\n|-boost|p1a: Annihilape|def|1\n|move|p2a: Weezing|Will-O-Wisp|p1a: Annihilape\n|-status|p1a: Annihilape|brn\n|\n|-heal|p2a: Weezing|245/258|[from] item: Leftovers\n|-damage|p1a: Annihilape|72/100 brn|[from] brn\n|upkeep\n|turn|16\n|inactive|Time left: 300 sec this turn | 300 sec total\n|\n|t:|1783550393\n|move|p1a: Annihilape|Bulk Up|p1a: Annihilape\n|-boost|p1a: Annihilape|atk|1\n|-boost|p1a: Annihilape|def|1\n|move|p2a: Weezing|Sludge Bomb|p1a: Annihilape\n|-damage|p1a: Annihilape|36/100 brn\n|\n|-heal|p2a: Weezing|258/258|[from] item: Leftovers\n|-damage|p1a: Annihilape|30/100 brn|[from] brn\n|upkeep\n|turn|17\n|inactive|Time left: 300 sec this turn | 300 sec total\n|\n|t:|1783550394\n|move|p1a: Annihilape|Rest|p1a: Annihilape\n|-status|p1a: Annihilape|slp|[from] move: Rest\n|-heal|p1a: Annihilape|100/100 slp|[silent]\n|move|p2a: Weezing|Sludge Bomb|p1a: Annihilape\n|-damage|p1a: Annihilape|68/100 slp\n|\n|upkeep\n|turn|18\n|inactive|Time left: 300 sec this turn | 300 sec total\n|\n|t:|1783550395\n|cant|p1a: Annihilape|slp\n|move|p2a: Weezing|Sludge Bomb|p1a: Annihilape\n|-damage|p1a: Annihilape|33/100 slp\n|\n|upkeep\n|turn|19\n|inactive|Time left: 300 sec this turn | 300 sec total\n|\n|t:|1783550396\n|switch|p1a: Forretress|Forretress, L84, M|7/100\n|move|p2a: Weezing|Sludge Bomb|p1a: Forretress\n|-immune|p1a: Forretress\n|\n|-heal|p1a: Forretress|13/100|[from] item: Leftovers\n|upkeep\n|turn|20\n|inactive|Time left: 300 sec this turn | 300 sec total\n|\n|t:|1783550397\n|switch|p1a: Annihilape|Annihilape, L76, F, tera:Water|33/100 slp\n|move|p2a: Weezing|Fire Blast|p1a: Annihilape\n|-resisted|p1a: Annihilape\n|-damage|p1a: Annihilape|18/100 slp\n|\n|upkeep\n|turn|21\n|inactive|Time left: 300 sec this turn | 300 sec total\n|\n|t:|1783550398\n|switch|p2a: Wugtrio|Wugtrio, L91, F|212/212\n|cant|p1a: Annihilape|slp\n|\n|upkeep\n|turn|22\n|inactive|Time left: 300 sec this turn | 300 sec total\n|\n|t:|1783550399\n|move|p2a: Wugtrio|Throat Chop|p1a: Annihilape\n|-damage|p1a: Annihilape|0 fnt\n|faint|p1a: Annihilape\n|\n|upkeep\n|\n|t:|1783550400\n|switch|p1a: Illumise|Illumise, L91, F|100/100\n|turn|23\n|inactive|Time left: 300 sec this turn | 300 sec total\n|\n|t:|1783550401\n|-terastallize|p2a: Wugtrio|Dark\n|move|p2a: Wugtrio|Throat Chop|p1a: Illumise\n|-damage|p1a: Illumise|41/100\n|-start|p1a: Illumise|Throat Chop|[silent]\n|cant|p1a: Illumise|move: Throat Chop\n|\n|upkeep\n|turn|24\n|inactive|Time left: 300 sec this turn | 300 sec total\n|\n|t:|1783550403\n|move|p1a: Illumise|Encore|p2a: Wugtrio\n|-hint|Since gen 7, Dark is immune to Prankster moves.\n|-immune|p2a: Wugtrio\n|move|p2a: Wugtrio|Throat Chop|p1a: Illumise\n|-damage|p1a: Illumise|0 fnt\n|faint|p1a: Illumise\n|\n|upkeep\n|\n|t:|1783550404\n|switch|p1a: Forretress|Forretress, L84, M|13/100\n|turn|25\n|inactive|Time left: 300 sec this turn | 300 sec total\n|\n|t:|1783550405\n|move|p2a: Wugtrio|Throat Chop|p1a: Forretress\n|-damage|p1a: Forretress|0 fnt\n|faint|p1a: Forretress\n|\n|win|p0y903f98a", "uploadtime": 1783550405, "views": 0, "rating": 0, "private": 0, "password": null, "_winner": "p0y903f98a", "_our_name": "p0y903f98a"}