{"id": "battle-gen9randombattle-1743", "formatid": "gen9randombattle", "format": "[Gen 9] Random Battle", "players": ["p0x17432533", "p0y174349c0"], "log": "|init|battle\n|title|p0x17432533 vs. p0y174349c0\n|j|\u2606p0x17432533\n|j|\u2606p0y174349c0\n|t:|1783559421\n|gametype|singles\n|player|p1|p0x17432533|2|\n|player|p2|p0y174349c0|169|\n|gen|9\n|tier|[Gen 9] Random Battle\n|rule|Species Clause: Limit one of each Pok\u00e9mon\n|rule|HP Percentage Mod: HP is shown in percentages\n|rule|Sleep Clause Mod: Limit one foe put to sleep\n|rule|Illusion Level Mod: Illusion disguises the Pok\u00e9mon's true level\n|\n|t:|1783559421\n|teamsize|p1|6\n|teamsize|p2|6\n|start\n|switch|p1a: Greedent|Greedent, L86, F|100/100\n|switch|p2a: Raikou|Raikou, L81|278/278\n|-ability|p2a: Raikou|Pressure\n|turn|1\n|inactive|Battle timer is ON: inactive players will automatically lose when time's up. (requested by p0x17432533)\n|inactive|Time left: 300 sec this turn | 300 sec total | 60 sec grace\n|inactive|p0y174349c0 also wants the timer to be on.\n|\n|t:|1783559422\n|move|p2a: Raikou|Scald|p1a: Greedent\n|-damage|p1a: Greedent|80/100\n|move|p1a: Greedent|Swords Dance|p1a: Greedent\n|-boost|p1a: Greedent|atk|2\n|\n|upkeep\n|turn|2\n|inactive|Time left: 300 sec this turn | 300 sec total\n|\n|t:|1783559424\n|move|p2a: Raikou|Substitute|p2a: Raikou\n|-start|p2a: Raikou|Substitute\n|-damage|p2a: Raikou|209/278\n|move|p1a: Greedent|Earthquake|p2a: Raikou\n|-supereffective|p2a: Raikou\n|-end|p2a: Raikou|Substitute\n|\n|-heal|p2a: Raikou|226/278|[from] item: Leftovers\n|upkeep\n|turn|3\n|inactive|Time left: 300 sec this turn | 300 sec total\n|\n|t:|1783559425\n|switch|p2a: Hydreigon|Hydreigon, L79, M|275/275\n|move|p1a: Greedent|Body Slam|p2a: Hydreigon\n|-damage|p2a: Hydreigon|79/275\n|\n|upkeep\n|turn|4\n|inactive|Time left: 300 sec this turn | 300 sec total\n|\n|t:|1783559426\n|-terastallize|p2a: Hydreigon|Dragon\n|move|p2a: Hydreigon|Draco Meteor|p1a: Greedent\n|-damage|p1a: Greedent|0 fnt\n|-unboost|p2a: Hydreigon|spa|2\n|faint|p1a: Greedent\n|-damage|p2a: Hydreigon|52/275|[from] item: Life Orb\n|\n|upkeep\n|\n|t:|1783559427\n|switch|p1a: Mimikyu|Mimikyu, L79, F|100/100\n|turn|5\n|inactive|Time left: 300 sec this turn | 300 sec total\n|\n|t:|1783559428\n|switch|p2a: Oranguru|Oranguru, L92, F|315/315\n|move|p1a: Mimikyu|Swords Dance|p1a: Mimikyu\n|-boost|p1a: Mimikyu|atk|2\n|\n|upkeep\n|turn|6\n|inactive|Time left: 300 sec this turn | 300 sec total\n|\n|t:|1783559429\n|move|p1a: Mimikyu|Play Rough|p2a: Oranguru\n|-damage|p2a: Oranguru|124/315\n|-damage|p1a: Mimikyu|91/100|[from] item: Life Orb\n|move|p2a: Oranguru|Psyshock|p1a: Mimikyu\n|-activate|p1a: Mimikyu|ability: Disguise\n|-damage|p1a: Mimikyu|91/100\n|detailschange|p1a: Mimikyu|Mimikyu-Busted, L79, F\n|-damage|p1a: Mimikyu|78/100|[from] pokemon: Mimikyu-Busted\n|\n|-heal|p2a: Oranguru|143/315|[from] item: Leftovers\n|upkeep\n|turn|7\n|inactive|Time left: 300 sec this turn | 300 sec total\n|\n|t:|1783559430\n|move|p1a: Mimikyu|Play Rough|p2a: Oranguru\n|-damage|p2a: Oranguru|0 fnt\n|faint|p2a: Oranguru\n|-damage|p1a: Mimikyu|69/100|[from] item: Life Orb\n|\n|upkeep\n|inactive|Time left: 300 sec this turn | 300 sec total | 5 sec grace\n|\n|t:|1783559431\n|switch|p2a: Mamoswine|Mamoswine, L81, M|311/311\n|turn|8\n|inactive|Time left: 300 sec this turn | 300 sec total\n|\n|t:|1783559432\n|-terastallize|p1a: Mimikyu|Fairy\n|move|p1a: Mimikyu|Play Rough|p2a: Mamoswine\n|-damage|p2a: Mamoswine|0 fnt\n|faint|p2a: Mamoswine\n|-damage|p1a: Mimikyu|59/100|[from] item: Life Orb\n|\n|upkeep\n|inactive|Time left: 300 sec this turn | 300 sec total | 5 sec grace\n|\n|t:|1783559433\n|switch|p2a: Raikou|Raikou, L81|226/278\n|-ability|p2a: Raikou|Pressure\n|turn|9\n|inactive|Time left: 300 sec this turn | 300 sec total\n|\n|t:|1783559434\n|move|p2a: Raikou|Thunderbolt|p1a: Mimikyu\n|-damage|p1a: Mimikyu|19/100\n|move|p1a: Mimikyu|Play Rough|p2a: Raikou\n|-damage|p2a: Raikou|0 fnt\n|faint|p2a: Raikou\n|-damage|p1a: Mimikyu|9/100|[from] item: Life Orb\n|\n|upkeep\n|inactive|Time left: 300 sec this turn | 300 sec total | 5 sec grace\n|\n|t:|1783559435\n|switch|p2a: Pachirisu|Pachirisu, L96, F|271/271\n|turn|10\n|inactive|Time left: 300 sec this turn | 300 sec total\n|\n|t:|1783559435\n|switch|p1a: Gastrodon|Gastrodon-East, L86, F|100/100\n|move|p2a: Pachirisu|Thunderbolt|p1a: Gastrodon\n|-immune|p1a: Gastrodon\n|\n|upkeep\n|turn|11\n|inactive|Time left: 300 sec this turn | 300 sec total\n|\n|t:|1783559436\n|move|p2a: Pachirisu|U-turn|p1a: Gastrodon\n|-damage|p1a: Gastrodon|86/100\n|inactive|Time left: 300 sec this turn | 300 sec total | 5 sec grace\n|\n|t:|1783559438\n|switch|p2a: Hydreigon|Hydreigon, L79, M, tera:Dragon|52/275|[from] U-turn\n|move|p1a: Gastrodon|Earthquake|p2a: Hydreigon\n|-immune|p2a: Hydreigon|[from] ability: Levitate\n|\n|-heal|p1a: Gastrodon|92/100|[from] item: Leftovers\n|upkeep\n|turn|12\n|inactive|Time left: 300 sec this turn | 300 sec total\n|\n|t:|1783559438\n|move|p2a: Hydreigon|Draco Meteor|p1a: Gastrodon\n|-damage|p1a: Gastrodon|18/100\n|-unboost|p2a: Hydreigon|spa|2\n|-damage|p2a: Hydreigon|25/275|[from] item: Life Orb\n|move|p1a: Gastrodon|Recover|p1a: Gastrodon\n|-heal|p1a: Gastrodon|68/100\n|\n|-heal|p1a: Gastrodon|74/100|[from] item: Leftovers\n|upkeep\n|turn|13\n|inactive|Time left: 300 sec this turn | 300 sec total\n|\n|t:|1783559439\n|move|p2a: Hydreigon|Draco Meteor|p1a: Gastrodon\n|-damage|p1a: Gastrodon|32/100\n|-unboost|p2a: Hydreigon|spa|2\n|-damage|p2a: Hydreigon|0 fnt|[from] item: Life Orb\n|faint|p2a: Hydreigon\n|move|p1a: Gastrodon|Surf|p2: Hydreigon|[notarget]\n|-fail|p1a: Gastrodon\n|\n|-heal|p1a: Gastrodon|38/100|[from] item: Leftovers\n|upkeep\n|inactive|Time left: 300 sec this turn | 300 sec total | 5 sec grace\n|\n|t:|1783559441\n|switch|p2a: Skuntank|Skuntank, L84, M|310/310\n|turn|14\n|inactive|Time left: 300 sec this turn | 300 sec total\n|\n|t:|1783559442\n|switch|p1a: Hippowdon|Hippowdon, L82, F|100/100\n|-weather|Sandstorm|[from] ability: Sand Stream|[of] p1a: Hippowdon\n|move|p2a: Skuntank|Knock Off|p1a: Hippowdon\n|-damage|p1a: Hippowdon|69/100\n|-enditem|p1a: Hippowdon|Leftovers|[from] move: Knock Off|[of] p2a: Skuntank\n|-damage|p2a: Skuntank|279/310|[from] item: Life Orb\n|\n|-weather|Sandstorm|[upkeep]\n|-damage|p2a: Skuntank|260/310|[from] Sandstorm\n|upkeep\n|turn|15\n|inactive|Time left: 300 sec this turn | 300 sec total\n|\n|t:|1783559443\n|switch|p2a: Pachirisu|Pachirisu, L96, F|271/271\n|move|p1a: Hippowdon|Earthquake|p2a: Pachirisu\n|-supereffective|p2a: Pachirisu\n|-damage|p2a: Pachirisu|35/271\n|\n|-weather|Sandstorm|[upkeep]\n|-damage|p2a: Pachirisu|19/271|[from] Sandstorm\n|upkeep\n|turn|16\n|inactive|Time left: 300 sec this turn | 300 sec total\n|\n|t:|1783559444\n|move|p2a: Pachirisu|Super Fang|p1a: Hippowdon\n|-damage|p1a: Hippowdon|35/100\n|move|p1a: Hippowdon|Earthquake|p2a: Pachirisu\n|-supereffective|p2a: Pachirisu\n|-damage|p2a: Pachirisu|0 fnt\n|faint|p2a: Pachirisu\n|\n|-weather|Sandstorm|[upkeep]\n|upkeep\n|inactive|Time left: 300 sec this turn | 300 sec total | 5 sec grace\n|\n|t:|1783559445\n|switch|p2a: Skuntank|Skuntank, L84, M|260/310\n|turn|17\n|inactive|Time left: 300 sec this turn | 300 sec total\n|\n|t:|1783559446\n|move|p2a: Skuntank|Fire Blast|p1a: Hippowdon\n|-damage|p1a: Hippowdon|7/100\n|-damage|p2a: Skuntank|229/310|[from] item: Life Orb\n|move|p1a: Hippowdon|Earthquake|p2a: Skuntank\n|-supereffective|p2a: Skuntank\n|-damage|p2a: Skuntank|0 fnt\n|faint|p2a: Skuntank\n|\n|win|p0x17432533", "uploadtime": 1783559446, "views": 0, "rating": 0, "private": 0, "password": null, "_winner": "p0x17432533", "_our_name": "p0y174349c0"}