{"id": "battle-gen9randombattle-2353", "formatid": "gen9randombattle", "format": "[Gen 9] Random Battle", "players": ["p0x2353daef", "p0y2353d246"], "log": "|init|battle\n|title|p0x2353daef vs. p0y2353d246\n|j|\u2606p0x2353daef\n|j|\u2606p0y2353d246\n|t:|1783567350\n|gametype|singles\n|player|p1|p0x2353daef|169|\n|player|p2|p0y2353d246|102|\n|gen|9\n|tier|[Gen 9] Random Battle\n|rule|Species Clause: Limit one of each Pok\u00e9mon\n|rule|HP Percentage Mod: HP is shown in percentages\n|rule|Sleep Clause Mod: Limit one foe put to sleep\n|rule|Illusion Level Mod: Illusion disguises the Pok\u00e9mon's true level\n|\n|t:|1783567350\n|teamsize|p1|6\n|teamsize|p2|6\n|start\n|switch|p1a: Magmortar|Magmortar, L88, M|275/275\n|switch|p2a: Volcanion|Volcanion, L79|100/100\n|turn|1\n|inactive|Battle timer is ON: inactive players will automatically lose when time's up. (requested by p0y2353d246)\n|inactive|Time left: 300 sec this turn | 300 sec total | 60 sec grace\n|inactive|p0x2353daef also wants the timer to be on.\n|\n|t:|1783567351\n|switch|p1a: Raging Bolt|Raging Bolt, L78|323/323\n|-enditem|p1a: Raging Bolt|Booster Energy\n|-activate|p1a: Raging Bolt|ability: Protosynthesis|[fromitem]\n|-start|p1a: Raging Bolt|protosynthesisspa\n|move|p2a: Volcanion|Steam Eruption|p1a: Raging Bolt\n|-resisted|p1a: Raging Bolt\n|-damage|p1a: Raging Bolt|259/323\n|-status|p1a: Raging Bolt|brn\n|\n|-damage|p1a: Raging Bolt|239/323 brn|[from] brn\n|upkeep\n|turn|2\n|inactive|Time left: 300 sec this turn | 300 sec total\n|\n|t:|1783567352\n|switch|p2a: Golurk|Golurk, L87|100/100\n|move|p1a: Raging Bolt|Thunderbolt|p2a: Golurk\n|-immune|p2a: Golurk\n|\n|-damage|p1a: Raging Bolt|219/323 brn|[from] brn\n|upkeep\n|turn|3\n|inactive|Time left: 300 sec this turn | 300 sec total\n|\n|t:|1783567353\n|move|p1a: Raging Bolt|Dragon Pulse|p2a: Golurk\n|-damage|p2a: Golurk|55/100\n|move|p2a: Golurk|Earthquake|p1a: Raging Bolt\n|-supereffective|p1a: Raging Bolt\n|-damage|p1a: Raging Bolt|0 fnt\n|faint|p1a: Raging Bolt\n|-end|p1a: Raging Bolt|Protosynthesis|[silent]\n|-damage|p2a: Golurk|45/100|[from] item: Life Orb\n|\n|upkeep\n|inactive|Time left: 300 sec this turn | 300 sec total | 5 sec grace\n|\n|t:|1783567354\n|switch|p1a: Magmortar|Magmortar, L88, M|275/275\n|turn|4\n|inactive|Time left: 300 sec this turn | 300 sec total\n|\n|t:|1783567355\n|move|p1a: Magmortar|Knock Off|p2a: Golurk\n|-supereffective|p2a: Golurk\n|-damage|p2a: Golurk|0 fnt\n|-enditem|p2a: Golurk|Life Orb|[from] move: Knock Off|[of] p1a: Magmortar\n|faint|p2a: Golurk\n|\n|upkeep\n|\n|t:|1783567357\n|switch|p2a: Golem|Golem-Alola, L93, M|100/100\n|turn|5\n|inactive|Time left: 300 sec this turn | 300 sec total\n|\n|t:|1783567358\n|move|p1a: Magmortar|Will-O-Wisp|p2a: Golem\n|-status|p2a: Golem|brn\n|move|p2a: Golem|Earthquake|p1a: Magmortar\n|-supereffective|p1a: Magmortar\n|-damage|p1a: Magmortar|127/275\n|-damage|p2a: Golem|90/100 brn|[from] item: Life Orb\n|\n|-damage|p2a: Golem|84/100 brn|[from] brn\n|upkeep\n|turn|6\n|inactive|Time left: 300 sec this turn | 300 sec total\n|\n|t:|1783567359\n|switch|p1a: Cresselia|Cresselia, L80, F|323/323\n|move|p2a: Golem|Double-Edge|p1a: Cresselia\n|-damage|p1a: Cresselia|194/323\n|-damage|p2a: Golem|70/100 brn|[from] Recoil\n|-damage|p2a: Golem|60/100 brn|[from] item: Life Orb\n|\n|-heal|p1a: Cresselia|214/323|[from] item: Leftovers\n|-damage|p2a: Golem|54/100 brn|[from] brn\n|upkeep\n|turn|7\n|inactive|Time left: 300 sec this turn | 300 sec total\n|\n|t:|1783567360\n|move|p1a: Cresselia|Calm Mind|p1a: Cresselia\n|-boost|p1a: Cresselia|spa|1\n|-boost|p1a: Cresselia|spd|1\n|move|p2a: Golem|Double-Edge|p1a: Cresselia\n|-damage|p1a: Cresselia|89/323\n|-damage|p2a: Golem|40/100 brn|[from] Recoil\n|-damage|p2a: Golem|30/100 brn|[from] item: Life Orb\n|\n|-heal|p1a: Cresselia|109/323|[from] item: Leftovers\n|-damage|p2a: Golem|24/100 brn|[from] brn\n|upkeep\n|turn|8\n|inactive|Time left: 300 sec this turn | 300 sec total\n|\n|t:|1783567361\n|move|p1a: Cresselia|Moonlight|p1a: Cresselia\n|-heal|p1a: Cresselia|270/323\n|move|p2a: Golem|Double-Edge|p1a: Cresselia\n|-damage|p1a: Cresselia|141/323\n|-damage|p2a: Golem|10/100 brn|[from] Recoil\n|-damage|p2a: Golem|0 fnt|[from] item: Life Orb\n|faint|p2a: Golem\n|\n|-heal|p1a: Cresselia|161/323|[from] item: Leftovers\n|upkeep\n|\n|t:|1783567362\n|switch|p2a: Furret|Furret, L94, M|100/100\n|-item|p1a: Cresselia|Leftovers|[from] ability: Frisk|[of] p2a: Furret\n|turn|9\n|inactive|Time left: 300 sec this turn | 300 sec total\n|\n|t:|1783567363\n|-terastallize|p1a: Cresselia|Steel\n|move|p2a: Furret|Knock Off|p1a: Cresselia\n|-damage|p1a: Cresselia|74/323\n|-enditem|p1a: Cresselia|Leftovers|[from] move: Knock Off|[of] p2a: Furret\n|-damage|p2a: Furret|91/100|[from] item: Life Orb\n|move|p1a: Cresselia|Moonlight|p1a: Cresselia\n|-heal|p1a: Cresselia|235/323\n|\n|upkeep\n|turn|10\n|inactive|Time left: 300 sec this turn | 300 sec total\n|\n|t:|1783567364\n|move|p2a: Furret|Tidy Up|p2a: Furret\n|-boost|p2a: Furret|atk|1\n|-boost|p2a: Furret|spe|1\n|move|p1a: Cresselia|Psyshock|p2a: Furret\n|-damage|p2a: Furret|54/100\n|\n|upkeep\n|turn|11\n|inactive|Time left: 300 sec this turn | 300 sec total\n|\n|t:|1783567365\n|move|p2a: Furret|Brick Break|p1a: Cresselia\n|-supereffective|p1a: Cresselia\n|-crit|p1a: Cresselia\n|-damage|p1a: Cresselia|0 fnt\n|faint|p1a: Cresselia\n|-damage|p2a: Furret|44/100|[from] item: Life Orb\n|\n|upkeep\n|inactive|Time left: 300 sec this turn | 300 sec total | 5 sec grace\n|\n|t:|1783567366\n|switch|p1a: Arcanine|Arcanine, L84, M|288/288\n|-ability|p1a: Arcanine|Intimidate|boost\n|-unboost|p2a: Furret|atk|1\n|turn|12\n|inactive|Time left: 300 sec this turn | 300 sec total\n|\n|t:|1783567368\n|switch|p2a: Volcanion|Volcanion, L79|100/100\n|move|p1a: Arcanine|Flare Blitz|p2a: Volcanion\n|-resisted|p2a: Volcanion\n|-damage|p2a: Volcanion|89/100\n|-damage|p1a: Arcanine|278/288|[from] Recoil\n|\n|upkeep\n|turn|13\n|inactive|Time left: 300 sec this turn | 300 sec total\n|\n|t:|1783567369\n|switch|p1a: Basculin|Basculin, L86, F|261/261\n|move|p2a: Volcanion|Steam Eruption|p1a: Basculin\n|-resisted|p1a: Basculin\n|-damage|p1a: Basculin|171/261\n|\n|upkeep\n|turn|14\n|inactive|Time left: 300 sec this turn | 300 sec total\n|\n|t:|1783567370\n|move|p1a: Basculin|Double-Edge|p2a: Volcanion\n|-damage|p2a: Volcanion|46/100\n|-damage|p1a: Basculin|135/261|[from] Recoil\n|move|p2a: Volcanion|Steam Eruption|p1a: Basculin\n|-resisted|p1a: Basculin\n|-damage|p1a: Basculin|46/261\n|\n|upkeep\n|turn|15\n|inactive|Time left: 300 sec this turn | 300 sec total\n|\n|t:|1783567371\n|move|p1a: Basculin|Double-Edge|p2a: Volcanion\n|-damage|p2a: Volcanion|1/100\n|-damage|p1a: Basculin|9/261|[from] Recoil\n|move|p2a: Volcanion|Flame Charge|p1a: Basculin\n|-resisted|p1a: Basculin\n|-damage|p1a: Basculin|0 fnt\n|-boost|p2a: Volcanion|spe|1\n|faint|p1a: Basculin\n|\n|upkeep\n|inactive|Time left: 300 sec this turn | 300 sec total | 5 sec grace\n|\n|t:|1783567371\n|switch|p1a: Zarude|Zarude-Dada, L77|288/288\n|turn|16\n|inactive|Time left: 300 sec this turn | 300 sec total\n|\n|t:|1783567372\n|move|p1a: Zarude|Knock Off|p2a: Volcanion\n|-damage|p2a: Volcanion|0 fnt\n|-enditem|p2a: Volcanion|Assault Vest|[from] move: Knock Off|[of] p1a: Zarude\n|faint|p2a: Volcanion\n|\n|upkeep\n|\n|t:|1783567373\n|switch|p2a: Gyarados|Gyarados, L79, F|100/100\n|-ability|p2a: Gyarados|Intimidate|boost\n|-unboost|p1a: Zarude|atk|1\n|turn|17\n|inactive|Time left: 300 sec this turn | 300 sec total\n|\n|t:|1783567374\n|move|p1a: Zarude|Knock Off|p2a: Gyarados\n|-damage|p2a: Gyarados|72/100\n|-enditem|p2a: Gyarados|Heavy-Duty Boots|[from] move: Knock Off|[of] p1a: Zarude\n|move|p2a: Gyarados|Dragon Dance|p2a: Gyarados\n|-boost|p2a: Gyarados|atk|1\n|-boost|p2a: Gyarados|spe|1\n|\n|upkeep\n|turn|18\n|inactive|Time left: 300 sec this turn | 300 sec total\n|\n|t:|1783567375\n|move|p1a: Zarude|Knock Off|p2a: Gyarados\n|-damage|p2a: Gyarados|53/100\n|move|p2a: Gyarados|Dragon Dance|p2a: Gyarados\n|-boost|p2a: Gyarados|atk|1\n|-boost|p2a: Gyarados|spe|1\n|\n|upkeep\n|turn|19\n|inactive|Time left: 300 sec this turn | 300 sec total\n|\n|t:|1783567376\n|move|p2a: Gyarados|Stone Edge|p1a: Zarude\n|-damage|p1a: Zarude|150/288\n|move|p1a: Zarude|Knock Off|p2a: Gyarados\n|-damage|p2a: Gyarados|32/100\n|\n|upkeep\n|turn|20\n|inactive|Time left: 300 sec this turn | 300 sec total\n|\n|t:|1783567377\n|move|p2a: Gyarados|Waterfall|p1a: Zarude\n|-resisted|p1a: Zarude\n|-damage|p1a: Zarude|64/288\n|move|p1a: Zarude|Knock Off|p2a: Gyarados\n|-damage|p2a: Gyarados|13/100\n|\n|upkeep\n|turn|21\n|inactive|Time left: 300 sec this turn | 300 sec total\n|\n|t:|1783567378\n|-terastallize|p2a: Gyarados|Ground\n|move|p2a: Gyarados|Earthquake|p1a: Zarude\n|-resisted|p1a: Zarude\n|-damage|p1a: Zarude|0 fnt\n|faint|p1a: Zarude\n|\n|upkeep\n|inactive|Time left: 300 sec this turn | 300 sec total | 5 sec grace\n|\n|t:|1783567379\n|switch|p1a: Arcanine|Arcanine, L84, M|278/288\n|-ability|p1a: Arcanine|Intimidate|boost\n|-unboost|p2a: Gyarados|atk|1\n|turn|22\n|inactive|Time left: 300 sec this turn | 300 sec total\n|\n|t:|1783567380\n|switch|p1a: Magmortar|Magmortar, L88, M|127/275\n|move|p2a: Gyarados|Earthquake|p1a: Magmortar\n|-supereffective|p1a: Magmortar\n|-damage|p1a: Magmortar|0 fnt\n|faint|p1a: Magmortar\n|\n|upkeep\n|inactive|Time left: 300 sec this turn | 300 sec total | 5 sec grace\n|\n|t:|1783567380\n|switch|p1a: Arcanine|Arcanine, L84, M|278/288\n|-ability|p1a: Arcanine|Intimidate|boost\n|-unboost|p2a: Gyarados|atk|1\n|turn|23\n|inactive|Time left: 300 sec this turn | 300 sec total\n|\n|t:|1783567381\n|move|p2a: Gyarados|Earthquake|p1a: Arcanine\n|-supereffective|p1a: Arcanine\n|-damage|p1a: Arcanine|30/288\n|move|p1a: Arcanine|Roar|p2a: Gyarados\n|drag|p2a: Furret|Furret, L94, M|44/100\n|-item|p1a: Arcanine|Heavy-Duty Boots|[from] ability: Frisk|[of] p2a: Furret\n|\n|upkeep\n|turn|24\n|inactive|Time left: 300 sec this turn | 300 sec total\n|\n|t:|1783567382\n|move|p2a: Furret|Double-Edge|p1a: Arcanine\n|-crit|p1a: Arcanine\n|-damage|p1a: Arcanine|0 fnt\n|faint|p1a: Arcanine\n|-damage|p2a: Furret|41/100|[from] Recoil\n|-damage|p2a: Furret|31/100|[from] item: Life Orb\n|\n|win|p0y2353d246", "uploadtime": 1783567382, "views": 0, "rating": 0, "private": 0, "password": null, "_winner": "p0y2353d246", "_our_name": "p0x2353daef"}