{"id": "battle-gen9randombattle-60", "formatid": "gen9randombattle", "format": "[Gen 9] Random Battle", "players": ["p0x06025f8", "p0y0607da3"], "log": "|init|battle\n|title|p0x06025f8 vs. p0y0607da3\n|j|\u2606p0x06025f8\n|j|\u2606p0y0607da3\n|t:|1783540141\n|gametype|singles\n|player|p1|p0x06025f8|101|\n|player|p2|p0y0607da3|102|\n|gen|9\n|tier|[Gen 9] Random Battle\n|rule|Species Clause: Limit one of each Pok\u00e9mon\n|rule|HP Percentage Mod: HP is shown in percentages\n|rule|Sleep Clause Mod: Limit one foe put to sleep\n|rule|Illusion Level Mod: Illusion disguises the Pok\u00e9mon's true level\n|\n|t:|1783540141\n|teamsize|p1|6\n|teamsize|p2|6\n|start\n|switch|p1a: Vivillon|Vivillon-Sandstorm, L83, M|268/268\n|switch|p2a: Pawmot|Pawmot, L80, M|100/100\n|turn|1\n|inactive|Battle timer is ON: inactive players will automatically lose when time's up. (requested by p0y0607da3)\n|inactive|Time left: 300 sec this turn | 300 sec total | 60 sec grace\n|inactive|p0x06025f8 also wants the timer to be on.\n|\n|t:|1783540143\n|-terastallize|p1a: Vivillon|Ground\n|move|p2a: Pawmot|Double Shock|p1a: Vivillon\n|-immune|p1a: Vivillon\n|move|p1a: Vivillon|Tera Blast|p2a: Pawmot|[anim] Tera Blast Ground\n|-supereffective|p2a: Pawmot\n|-damage|p2a: Pawmot|17/100\n|\n|upkeep\n|turn|2\n|inactive|Time left: 300 sec this turn | 300 sec total\n|\n|t:|1783540145\n|move|p2a: Pawmot|Close Combat|p1a: Vivillon\n|-damage|p1a: Vivillon|0 fnt\n|-unboost|p2a: Pawmot|def|1\n|-unboost|p2a: Pawmot|spd|1\n|faint|p1a: Vivillon\n|-damage|p2a: Pawmot|7/100|[from] item: Life Orb\n|\n|upkeep\n|inactive|Time left: 300 sec this turn | 300 sec total | 5 sec grace\n|\n|t:|1783540146\n|switch|p1a: Raikou|Raikou, L81|278/278\n|-ability|p1a: Raikou|Pressure\n|turn|3\n|inactive|Time left: 300 sec this turn | 300 sec total\n|\n|t:|1783540147\n|move|p1a: Raikou|Calm Mind|p1a: Raikou\n|-boost|p1a: Raikou|spa|1\n|-boost|p1a: Raikou|spd|1\n|move|p2a: Pawmot|Close Combat|p1a: Raikou\n|-damage|p1a: Raikou|83/278\n|-unboost|p2a: Pawmot|def|1\n|-unboost|p2a: Pawmot|spd|1\n|-damage|p2a: Pawmot|0 fnt|[from] item: Life Orb\n|faint|p2a: Pawmot\n|\n|-heal|p1a: Raikou|100/278|[from] item: Leftovers\n|upkeep\n|\n|t:|1783540148\n|switch|p2a: Kyurem|Kyurem, L77|100/100\n|-ability|p2a: Kyurem|Pressure\n|turn|4\n|inactive|Time left: 300 sec this turn | 300 sec total\n|\n|t:|1783540149\n|move|p1a: Raikou|Scald|p2a: Kyurem\n|-resisted|p2a: Kyurem\n|-damage|p2a: Kyurem|85/100\n|move|p2a: Kyurem|Outrage|p1a: Raikou\n|-damage|p1a: Raikou|0 fnt\n|faint|p1a: Raikou\n|\n|upkeep\n|inactive|Time left: 300 sec this turn | 300 sec total | 5 sec grace\n|\n|t:|1783540150\n|switch|p1a: Trevenant|Trevenant, L89, F|296/296\n|turn|5\n|inactive|Time left: 300 sec this turn | 300 sec total\n|\n|t:|1783540152\n|move|p2a: Kyurem|Outrage|p1a: Trevenant|[from] lockedmove\n|-damage|p1a: Trevenant|151/296\n|move|p1a: Trevenant|Drain Punch|p2a: Kyurem\n|-supereffective|p2a: Kyurem\n|-damage|p2a: Kyurem|43/100\n|-heal|p1a: Trevenant|219/296|[from] drain|[of] p2a: Kyurem\n|\n|upkeep\n|turn|6\n|inactive|Time left: 300 sec this turn | 300 sec total\n|\n|t:|1783540153\n|move|p2a: Kyurem|Outrage|p1a: Trevenant|[from] lockedmove\n|-damage|p1a: Trevenant|87/296\n|-enditem|p1a: Trevenant|Sitrus Berry|[eat]\n|-heal|p1a: Trevenant|161/296|[from] item: Sitrus Berry\n|-start|p2a: Kyurem|confusion|[fatigue]\n|move|p1a: Trevenant|Drain Punch|p2a: Kyurem\n|-supereffective|p2a: Kyurem\n|-damage|p2a: Kyurem|0 fnt\n|-heal|p1a: Trevenant|229/296|[from] drain|[of] p2a: Kyurem\n|faint|p2a: Kyurem\n|\n|upkeep\n|\n|t:|1783540154\n|switch|p2a: Dipplin|Dipplin, L88, F|100/100\n|turn|7\n|inactive|Time left: 300 sec this turn | 300 sec total\n|\n|t:|1783540155\n|move|p1a: Trevenant|Toxic|p2a: Dipplin\n|-status|p2a: Dipplin|tox\n|move|p2a: Dipplin|Dragon Pulse|p1a: Trevenant\n|-damage|p1a: Trevenant|135/296\n|\n|-damage|p2a: Dipplin|95/100 tox|[from] psn\n|-item|p1a: Trevenant|Sitrus Berry|[from] ability: Harvest\n|upkeep\n|-enditem|p1a: Trevenant|Sitrus Berry|[eat]\n|-heal|p1a: Trevenant|209/296|[from] item: Sitrus Berry\n|turn|8\n|inactive|Time left: 300 sec this turn | 300 sec total\n|\n|t:|1783540156\n|move|p1a: Trevenant|Poltergeist|p2a: Dipplin\n|-activate|p2a: Dipplin|move: Poltergeist|Eviolite\n|-damage|p2a: Dipplin|66/100 tox\n|move|p2a: Dipplin|Dragon Pulse|p1a: Trevenant\n|-damage|p1a: Trevenant|113/296\n|\n|-damage|p2a: Dipplin|54/100 tox|[from] psn\n|-item|p1a: Trevenant|Sitrus Berry|[from] ability: Harvest\n|upkeep\n|-enditem|p1a: Trevenant|Sitrus Berry|[eat]\n|-heal|p1a: Trevenant|187/296|[from] item: Sitrus Berry\n|turn|9\n|inactive|Time left: 300 sec this turn | 300 sec total\n|\n|t:|1783540158\n|move|p1a: Trevenant|Poltergeist|p2a: Dipplin\n|-activate|p2a: Dipplin|move: Poltergeist|Eviolite\n|-damage|p2a: Dipplin|25/100 tox\n|move|p2a: Dipplin|Recover|p2a: Dipplin\n|-heal|p2a: Dipplin|75/100 tox\n|\n|-damage|p2a: Dipplin|57/100 tox|[from] psn\n|-item|p1a: Trevenant|Sitrus Berry|[from] ability: Harvest\n|upkeep\n|turn|10\n|inactive|Time left: 300 sec this turn | 300 sec total\n|\n|t:|1783540159\n|move|p1a: Trevenant|Poltergeist|p2a: Dipplin|[miss]\n|-miss|p1a: Trevenant|p2a: Dipplin\n|move|p2a: Dipplin|Recover|p2a: Dipplin\n|-heal|p2a: Dipplin|100/100 tox\n|\n|-damage|p2a: Dipplin|77/100 tox|[from] psn\n|upkeep\n|turn|11\n|inactive|Time left: 300 sec this turn | 300 sec total\n|\n|t:|1783540160\n|move|p1a: Trevenant|Poltergeist|p2a: Dipplin\n|-activate|p2a: Dipplin|move: Poltergeist|Eviolite\n|-damage|p2a: Dipplin|49/100 tox\n|move|p2a: Dipplin|Dragon Tail|p1a: Trevenant\n|-damage|p1a: Trevenant|126/296\n|-enditem|p1a: Trevenant|Sitrus Berry|[eat]\n|-heal|p1a: Trevenant|200/296|[from] item: Sitrus Berry\n|drag|p1a: Dragapult|Dragapult, L77, M|262/262\n|\n|-damage|p2a: Dipplin|19/100 tox|[from] psn\n|upkeep\n|turn|12\n|inactive|Time left: 300 sec this turn | 300 sec total\n|\n|t:|1783540161\n|move|p1a: Dragapult|U-turn|p2a: Dipplin\n|-supereffective|p2a: Dipplin\n|-damage|p2a: Dipplin|0 fnt\n|faint|p2a: Dipplin\n|inactive|Time left: 300 sec this turn | 300 sec total | 5 sec grace\n|\n|t:|1783540162\n|switch|p1a: Hypno|Hypno, L95, M|315/315|[from] U-turn\n|\n|upkeep\n|\n|t:|1783540163\n|switch|p2a: Mew|Mew, L82|100/100\n|turn|13\n|inactive|Time left: 300 sec this turn | 300 sec total\n|\n|t:|1783540164\n|move|p2a: Mew|Knock Off|p1a: Hypno\n|-supereffective|p1a: Hypno\n|-damage|p1a: Hypno|185/315\n|-enditem|p1a: Hypno|Leftovers|[from] move: Knock Off|[of] p2a: Mew\n|move|p1a: Hypno|Knock Off|p2a: Mew\n|-supereffective|p2a: Mew\n|-damage|p2a: Mew|56/100\n|-enditem|p2a: Mew|Leftovers|[from] move: Knock Off|[of] p1a: Hypno\n|\n|upkeep\n|turn|14\n|inactive|Time left: 300 sec this turn | 300 sec total\n|\n|t:|1783540166\n|move|p2a: Mew|Knock Off|p1a: Hypno\n|-supereffective|p1a: Hypno\n|-damage|p1a: Hypno|83/315\n|move|p1a: Hypno|Toxic|p2a: Mew\n|-status|p2a: Mew|tox\n|-activate|p2a: Mew|ability: Synchronize\n|-status|p1a: Hypno|tox\n|\n|-damage|p2a: Mew|49/100 tox|[from] psn\n|-damage|p1a: Hypno|64/315 tox|[from] psn\n|upkeep\n|turn|15\n|inactive|Time left: 300 sec this turn | 300 sec total\n|\n|t:|1783540168\n|move|p2a: Mew|U-turn|p1a: Hypno\n|-supereffective|p1a: Hypno\n|-damage|p1a: Hypno|0 fnt\n|faint|p1a: Hypno\n|\n|t:|1783540168\n|switch|p2a: Regice|Regice, L88|100/100|[from] U-turn\n|\n|upkeep\n|inactive|Time left: 300 sec this turn | 300 sec total | 10 sec grace\n|\n|t:|1783540169\n|switch|p1a: Trevenant|Trevenant, L89, F|200/296\n|turn|16\n|inactive|Time left: 300 sec this turn | 300 sec total\n|\n|t:|1783540170\n|move|p1a: Trevenant|Drain Punch|p2a: Regice\n|-supereffective|p2a: Regice\n|-damage|p2a: Regice|59/100\n|-heal|p1a: Trevenant|259/296|[from] drain|[of] p2a: Regice\n|move|p2a: Regice|Ice Beam|p1a: Trevenant\n|-supereffective|p1a: Trevenant\n|-damage|p1a: Trevenant|61/296\n|\n|upkeep\n|turn|17\n|inactive|Time left: 300 sec this turn | 300 sec total\n|\n|t:|1783540171\n|switch|p2a: Mew|Mew, L82|49/100 tox\n|move|p1a: Trevenant|Drain Punch|p2a: Mew\n|-resisted|p2a: Mew\n|-damage|p2a: Mew|40/100 tox\n|-heal|p1a: Trevenant|76/296|[from] drain|[of] p2a: Mew\n|\n|-damage|p2a: Mew|34/100 tox|[from] psn\n|-item|p1a: Trevenant|Sitrus Berry|[from] ability: Harvest\n|upkeep\n|-enditem|p1a: Trevenant|Sitrus Berry|[eat]\n|-heal|p1a: Trevenant|150/296|[from] item: Sitrus Berry\n|turn|18\n|inactive|Time left: 300 sec this turn | 300 sec total\n|\n|t:|1783540173\n|move|p1a: Trevenant|Protect|p1a: Trevenant\n|-singleturn|p1a: Trevenant|Protect\n|move|p2a: Mew|Psychic Noise|p1a: Trevenant\n|-activate|p1a: Trevenant|move: Protect\n|\n|-damage|p2a: Mew|22/100 tox|[from] psn\n|upkeep\n|turn|19\n|inactive|Time left: 300 sec this turn | 300 sec total\n|\n|t:|1783540174\n|move|p2a: Mew|Psychic Noise|p1a: Trevenant\n|-damage|p1a: Trevenant|66/296\n|-start|p1a: Trevenant|move: Heal Block\n|cant|p1a: Trevenant|move: Heal Block|Drain Punch\n|\n|-damage|p2a: Mew|4/100 tox|[from] psn\n|upkeep\n|turn|20\n|inactive|Time left: 300 sec this turn | 300 sec total\n|\n|t:|1783540175\n|move|p1a: Trevenant|Protect|p1a: Trevenant\n|-singleturn|p1a: Trevenant|Protect\n|move|p2a: Mew|Psychic Noise|p1a: Trevenant\n|-activate|p1a: Trevenant|move: Protect\n|\n|-damage|p2a: Mew|0 fnt|[from] psn\n|faint|p2a: Mew\n|-end|p1a: Trevenant|move: Heal Block\n|upkeep\n|\n|t:|1783540176\n|switch|p2a: Dondozo|Dondozo, L78, F|100/100\n|turn|21\n|inactive|Time left: 300 sec this turn | 300 sec total\n|\n|t:|1783540177\n|move|p1a: Trevenant|Drain Punch|p2a: Dondozo\n|-damage|p2a: Dondozo|86/100\n|-heal|p1a: Trevenant|93/296|[from] drain|[of] p2a: Dondozo\n|move|p2a: Dondozo|Curse|p2a: Dondozo\n|-unboost|p2a: Dondozo|spe|1\n|-boost|p2a: Dondozo|atk|1\n|-boost|p2a: Dondozo|def|1\n|\n|-heal|p2a: Dondozo|92/100|[from] item: Leftovers\n|-item|p1a: Trevenant|Sitrus Berry|[from] ability: Harvest\n|upkeep\n|-enditem|p1a: Trevenant|Sitrus Berry|[eat]\n|-heal|p1a: Trevenant|167/296|[from] item: Sitrus Berry\n|turn|22\n|inactive|Time left: 300 sec this turn | 300 sec total\n|\n|t:|1783540178\n|move|p1a: Trevenant|Toxic|p2a: Dondozo|[miss]\n|-miss|p1a: Trevenant|p2a: Dondozo\n|move|p2a: Dondozo|Wave Crash|p1a: Trevenant\n|-resisted|p1a: Trevenant\n|-damage|p1a: Trevenant|72/296\n|-damage|p2a: Dondozo|83/100|[from] Recoil\n|\n|-heal|p2a: Dondozo|89/100|[from] item: Leftovers\n|upkeep\n|turn|23\n|inactive|Time left: 300 sec this turn | 300 sec total\n|\n|t:|1783540179\n|move|p1a: Trevenant|Toxic|p2a: Dondozo\n|-status|p2a: Dondozo|tox\n|move|p2a: Dondozo|Wave Crash|p1a: Trevenant\n|-resisted|p1a: Trevenant\n|-damage|p1a: Trevenant|0 fnt\n|faint|p1a: Trevenant\n|-damage|p2a: Dondozo|83/100 tox|[from] Recoil\n|\n|-heal|p2a: Dondozo|89/100 tox|[from] item: Leftovers\n|-damage|p2a: Dondozo|83/100 tox|[from] psn\n|upkeep\n|inactive|Time left: 300 sec this turn | 300 sec total | 5 sec grace\n|\n|t:|1783540180\n|switch|p1a: Dragapult|Dragapult, L77, M|262/262\n|turn|24\n|inactive|Time left: 300 sec this turn | 300 sec total\n|\n|t:|1783540181\n|move|p1a: Dragapult|Hex|p2a: Dondozo\n|-damage|p2a: Dondozo|36/100 tox\n|move|p2a: Dondozo|Rest|p2a: Dondozo\n|-status|p2a: Dondozo|slp|[from] move: Rest\n|-heal|p2a: Dondozo|100/100 slp|[silent]\n|\n|upkeep\n|turn|25\n|inactive|Time left: 300 sec this turn | 300 sec total\n|\n|t:|1783540182\n|move|p1a: Dragapult|Hex|p2a: Dondozo\n|-damage|p2a: Dondozo|60/100 slp\n|cant|p2a: Dondozo|slp\n|move|p2a: Dondozo|Sleep Talk|p2a: Dondozo\n|move|p2a: Dondozo|Rest||[from] move: Sleep Talk|[still]\n|-fail|p2a: Dondozo\n|\n|-heal|p2a: Dondozo|67/100 slp|[from] item: Leftovers\n|upkeep\n|turn|26\n|inactive|Time left: 300 sec this turn | 300 sec total\n|\n|t:|1783540182\n|move|p1a: Dragapult|Hex|p2a: Dondozo\n|-crit|p2a: Dondozo\n|-damage|p2a: Dondozo|0 fnt\n|faint|p2a: Dondozo\n|\n|upkeep\n|\n|t:|1783540183\n|switch|p2a: Regice|Regice, L88|59/100\n|turn|27\n|inactive|Time left: 300 sec this turn | 300 sec total\n|\n|t:|1783540184\n|move|p1a: Dragapult|Dragon Darts|p2a: Regice\n|-damage|p2a: Regice|42/100\n|-anim|p1a: Dragapult|Dragon Darts|p2a: Regice\n|-damage|p2a: Regice|26/100\n|move|p2a: Regice|Rest|p2a: Regice\n|-status|p2a: Regice|slp|[from] move: Rest\n|-heal|p2a: Regice|100/100 slp|[silent]\n|\n|upkeep\n|turn|28\n|inactive|Time left: 300 sec this turn | 300 sec total\n|\n|t:|1783540186\n|move|p1a: Dragapult|Dragon Darts|p2a: Regice\n|-damage|p2a: Regice|83/100 slp\n|-anim|p1a: Dragapult|Dragon Darts|p2a: Regice\n|-damage|p2a: Regice|66/100 slp\n|cant|p2a: Regice|slp\n|move|p2a: Regice|Sleep Talk|p2a: Regice\n|move|p2a: Regice|Thunderbolt|p1a: Dragapult|[from] move: Sleep Talk\n|-resisted|p1a: Dragapult\n|-damage|p1a: Dragapult|215/262\n|-start|p2a: Regice|Disable|Sleep Talk|[from] ability: Cursed Body|[of] p1a: Dragapult\n|\n|upkeep\n|turn|29\n|inactive|Time left: 300 sec this turn | 300 sec total\n|\n|t:|1783540187\n|-terastallize|p2a: Regice|Electric\n|move|p1a: Dragapult|Dragon Darts|p2a: Regice\n|-damage|p2a: Regice|50/100 slp\n|-anim|p1a: Dragapult|Dragon Darts|p2a: Regice\n|-damage|p2a: Regice|35/100 slp\n|cant|p2a: Regice|slp\n|\n|upkeep\n|turn|30\n|inactive|Time left: 300 sec this turn | 300 sec total\n|\n|t:|1783540188\n|move|p1a: Dragapult|U-turn|p2a: Regice\n|-damage|p2a: Regice|19/100 slp\n|inactive|Time left: 300 sec this turn | 300 sec total | 5 sec grace\n|\n|t:|1783540189\n|switch|p1a: Ambipom|Ambipom, L84, M|263/263|[from] U-turn\n|-curestatus|p2a: Regice|slp|[msg]\n|move|p2a: Regice|Rest|p2a: Regice\n|-status|p2a: Regice|slp|[from] move: Rest\n|-heal|p2a: Regice|100/100 slp|[silent]\n|\n|upkeep\n|turn|31\n|inactive|Time left: 300 sec this turn | 300 sec total\n|\n|t:|1783540190\n|move|p1a: Ambipom|Double-Edge|p2a: Regice\n|-damage|p2a: Regice|51/100 slp\n|-damage|p1a: Ambipom|216/263|[from] Recoil\n|cant|p2a: Regice|slp\n|\n|-end|p2a: Regice|Disable\n|upkeep\n|turn|32\n|inactive|Time left: 300 sec this turn | 300 sec total\n|\n|t:|1783540191\n|move|p1a: Ambipom|Double-Edge|p2a: Regice\n|-damage|p2a: Regice|4/100 slp\n|-damage|p1a: Ambipom|172/263|[from] Recoil\n|cant|p2a: Regice|slp\n|move|p2a: Regice|Sleep Talk|p2a: Regice\n|move|p2a: Regice|Rest||[from] move: Sleep Talk|[still]\n|-fail|p2a: Regice\n|\n|upkeep\n|turn|33\n|inactive|Time left: 300 sec this turn | 300 sec total\n|\n|t:|1783540192\n|move|p1a: Ambipom|Knock Off|p2a: Regice\n|-damage|p2a: Regice|0 fnt\n|-enditem|p2a: Regice|Heavy-Duty Boots|[from] move: Knock Off|[of] p1a: Ambipom\n|faint|p2a: Regice\n|\n|win|p0x06025f8", "uploadtime": 1783540192, "views": 0, "rating": 0, "private": 0, "password": null, "_winner": "p0x06025f8", "_our_name": "p0x06025f8"}