{"id": "battle-gen9randombattle-2145", "formatid": "gen9randombattle", "format": "[Gen 9] Random Battle", "players": ["p0x2145f5b3", "p0y214502c0"], "log": "|init|battle\n|title|p0x2145f5b3 vs. p0y214502c0\n|j|\u2606p0x2145f5b3\n|j|\u2606p0y214502c0\n|t:|1783564831\n|gametype|singles\n|player|p1|p0x2145f5b3|2|\n|player|p2|p0y214502c0|265|\n|gen|9\n|tier|[Gen 9] Random Battle\n|rule|Species Clause: Limit one of each Pok\u00e9mon\n|rule|HP Percentage Mod: HP is shown in percentages\n|rule|Sleep Clause Mod: Limit one foe put to sleep\n|rule|Illusion Level Mod: Illusion disguises the Pok\u00e9mon's true level\n|\n|t:|1783564831\n|teamsize|p1|6\n|teamsize|p2|6\n|start\n|switch|p1a: Squawkabilly|Squawkabilly-Yellow, L89, M|100/100\n|switch|p2a: Annihilape|Annihilape, L76, M|292/292\n|turn|1\n|inactive|Battle timer is ON: inactive players will automatically lose when time's up. (requested by p0y214502c0)\n|inactive|p0x2145f5b3 also wants the timer to be on.\n|\n|t:|1783564832\n|switch|p2a: Pincurchin|Pincurchin, M|258/258\n|-fieldstart|move: Electric Terrain|[from] ability: Electric Surge|[of] p2a: Pincurchin\n|move|p1a: Squawkabilly|Brave Bird|p2a: Pincurchin\n|-resisted|p2a: Pincurchin\n|-damage|p2a: Pincurchin|179/258\n|-damage|p1a: Squawkabilly|92/100|[from] Recoil\n|\n|-heal|p2a: Pincurchin|195/258|[from] item: Leftovers\n|upkeep\n|turn|2\n|inactive|Time left: 300 sec this turn | 300 sec total\n|\n|t:|1783564833\n|move|p1a: Squawkabilly|Parting Shot|p2a: Pincurchin\n|-unboost|p2a: Pincurchin|atk|1\n|-unboost|p2a: Pincurchin|spa|1\n|\n|t:|1783564834\n|switch|p1a: Crabominable|Crabominable, L90, F|100/100|[from] Parting Shot\n|move|p2a: Pincurchin|Thunderbolt|p1a: Crabominable\n|-crit|p1a: Crabominable\n|-damage|p1a: Crabominable|37/100\n|\n|-heal|p2a: Pincurchin|211/258|[from] item: Leftovers\n|upkeep\n|turn|3\n|inactive|Time left: 300 sec this turn | 300 sec total\n|\n|t:|1783564835\n|switch|p2a: Annihilape|Annihilape, L76, M|292/292\n|move|p1a: Crabominable|Drain Punch|p2a: Annihilape\n|-immune|p2a: Annihilape\n|\n|upkeep\n|turn|4\n|inactive|Time left: 300 sec this turn | 300 sec total\n|\n|t:|1783564836\n|move|p2a: Annihilape|Drain Punch|p1a: Crabominable\n|-supereffective|p1a: Crabominable\n|-damage|p1a: Crabominable|0 fnt\n|faint|p1a: Crabominable\n|\n|upkeep\n|\n|t:|1783564837\n|switch|p1a: Bruxish|Bruxish, L85, M|100/100\n|turn|5\n|inactive|Time left: 300 sec this turn | 300 sec total\n|\n|t:|1783564838\n|switch|p2a: Veluza|Veluza, L85, M|292/292\n|move|p1a: Bruxish|Psychic Fangs|p2a: Veluza\n|-resisted|p2a: Veluza\n|-damage|p2a: Veluza|208/292\n|\n|-fieldend|move: Electric Terrain\n|upkeep\n|turn|6\n|inactive|Time left: 300 sec this turn | 300 sec total\n|\n|t:|1783564839\n|move|p1a: Bruxish|Psychic Fangs|p2a: Veluza\n|-resisted|p2a: Veluza\n|-damage|p2a: Veluza|119/292\n|move|p2a: Veluza|Night Slash|p1a: Bruxish\n|-supereffective|p1a: Bruxish\n|-damage|p1a: Bruxish|23/100\n|\n|upkeep\n|turn|7\n|inactive|Time left: 300 sec this turn | 300 sec total\n|\n|t:|1783564840\n|move|p1a: Bruxish|Psychic Fangs|p2a: Veluza\n|-resisted|p2a: Veluza\n|-crit|p2a: Veluza\n|-damage|p2a: Veluza|0 fnt\n|faint|p2a: Veluza\n|\n|upkeep\n|inactive|Time left: 300 sec this turn | 300 sec total | 5 sec grace\n|\n|t:|1783564841\n|switch|p2a: Pincurchin|Pincurchin, M|211/258\n|-fieldstart|move: Electric Terrain|[from] ability: Electric Surge|[of] p2a: Pincurchin\n|turn|8\n|inactive|Time left: 300 sec this turn | 300 sec total\n|\n|t:|1783564842\n|move|p1a: Bruxish|Psychic Fangs|p2a: Pincurchin\n|-damage|p2a: Pincurchin|96/258\n|move|p2a: Pincurchin|Thunderbolt|p1a: Bruxish\n|-supereffective|p1a: Bruxish\n|-damage|p1a: Bruxish|0 fnt\n|faint|p1a: Bruxish\n|\n|-heal|p2a: Pincurchin|112/258|[from] item: Leftovers\n|upkeep\n|\n|t:|1783564843\n|switch|p1a: Squawkabilly|Squawkabilly-Yellow, L89, M|92/100\n|turn|9\n|inactive|Time left: 300 sec this turn | 300 sec total\n|\n|t:|1783564844\n|move|p1a: Squawkabilly|Parting Shot|p2a: Pincurchin\n|-unboost|p2a: Pincurchin|atk|1\n|-unboost|p2a: Pincurchin|spa|1\n|\n|t:|1783564845\n|switch|p1a: Kilowattrel|Kilowattrel, L83, M|100/100|[from] Parting Shot\n|move|p2a: Pincurchin|Thunderbolt|p1a: Kilowattrel\n|-immune|p1a: Kilowattrel|[from] ability: Volt Absorb\n|\n|-heal|p2a: Pincurchin|128/258|[from] item: Leftovers\n|upkeep\n|turn|10\n|inactive|Time left: 300 sec this turn | 300 sec total\n|\n|t:|1783564846\n|move|p1a: Kilowattrel|Thunderbolt|p2a: Pincurchin\n|-resisted|p2a: Pincurchin\n|-damage|p2a: Pincurchin|82/258\n|move|p2a: Pincurchin|Recover|p2a: Pincurchin\n|-heal|p2a: Pincurchin|211/258\n|\n|-heal|p2a: Pincurchin|227/258|[from] item: Leftovers\n|upkeep\n|turn|11\n|inactive|Time left: 300 sec this turn | 300 sec total\n|\n|t:|1783564847\n|move|p1a: Kilowattrel|Hurricane|p2a: Pincurchin\n|-resisted|p2a: Pincurchin\n|-damage|p2a: Pincurchin|170/258\n|move|p2a: Pincurchin|Scald|p1a: Kilowattrel\n|-damage|p1a: Kilowattrel|74/100\n|\n|-heal|p2a: Pincurchin|186/258|[from] item: Leftovers\n|upkeep\n|turn|12\n|inactive|Time left: 300 sec this turn | 300 sec total\n|\n|t:|1783564848\n|move|p1a: Kilowattrel|Thunderbolt|p2a: Pincurchin\n|-resisted|p2a: Pincurchin\n|-damage|p2a: Pincurchin|140/258\n|move|p2a: Pincurchin|Scald|p1a: Kilowattrel\n|-damage|p1a: Kilowattrel|49/100\n|\n|-heal|p2a: Pincurchin|156/258|[from] item: Leftovers\n|-fieldend|move: Electric Terrain\n|upkeep\n|turn|13\n|inactive|Time left: 300 sec this turn | 300 sec total\n|\n|t:|1783564849\n|move|p1a: Kilowattrel|Roost|p1a: Kilowattrel\n|-heal|p1a: Kilowattrel|99/100\n|-singleturn|p1a: Kilowattrel|move: Roost\n|move|p2a: Pincurchin|Recover|p2a: Pincurchin\n|-heal|p2a: Pincurchin|258/258\n|\n|upkeep\n|turn|14\n|inactive|Time left: 300 sec this turn | 300 sec total\n|\n|t:|1783564850\n|switch|p2a: Chandelure|Chandelure, L83, F|235/235\n|move|p1a: Kilowattrel|Hurricane|p2a: Chandelure|[miss]\n|-miss|p1a: Kilowattrel|p2a: Chandelure\n|\n|upkeep\n|turn|15\n|inactive|Time left: 300 sec this turn | 300 sec total\n|\n|t:|1783564851\n|move|p1a: Kilowattrel|Hurricane|p2a: Chandelure\n|-damage|p2a: Chandelure|115/235\n|move|p2a: Chandelure|Fire Blast|p1a: Kilowattrel\n|-damage|p1a: Kilowattrel|18/100\n|\n|upkeep\n|turn|16\n|inactive|Time left: 300 sec this turn | 300 sec total\n|\n|t:|1783564852\n|move|p1a: Kilowattrel|Hurricane|p2a: Chandelure\n|-damage|p2a: Chandelure|0 fnt\n|faint|p2a: Chandelure\n|\n|upkeep\n|inactive|Time left: 300 sec this turn | 300 sec total | 5 sec grace\n|\n|t:|1783564853\n|switch|p2a: Hitmonchan|Hitmonchan, L87, M|229/229\n|turn|17\n|inactive|Time left: 300 sec this turn | 300 sec total\n|\n|t:|1783564854\n|move|p1a: Kilowattrel|Hurricane|p2a: Hitmonchan|[miss]\n|-miss|p1a: Kilowattrel|p2a: Hitmonchan\n|move|p2a: Hitmonchan|Rapid Spin|p1a: Kilowattrel\n|-damage|p1a: Kilowattrel|0 fnt\n|-boost|p2a: Hitmonchan|spe|1\n|faint|p1a: Kilowattrel\n|\n|upkeep\n|\n|t:|1783564855\n|switch|p1a: Squawkabilly|Squawkabilly-Yellow, L89, M|92/100\n|turn|18\n|inactive|Time left: 300 sec this turn | 300 sec total\n|\n|t:|1783564856\n|-terastallize|p2a: Hitmonchan|Steel\n|move|p2a: Hitmonchan|Drain Punch|p1a: Squawkabilly\n|-damage|p1a: Squawkabilly|44/100\n|move|p1a: Squawkabilly|Brave Bird|p2a: Hitmonchan\n|-resisted|p2a: Hitmonchan\n|-damage|p2a: Hitmonchan|117/229\n|-damage|p1a: Squawkabilly|31/100|[from] Recoil\n|\n|-heal|p2a: Hitmonchan|131/229|[from] item: Leftovers\n|upkeep\n|turn|19\n|inactive|Time left: 300 sec this turn | 300 sec total\n|\n|t:|1783564857\n|switch|p1a: Milotic|Milotic, L83, F|100/100\n|move|p2a: Hitmonchan|Drain Punch|p1a: Milotic\n|-damage|p1a: Milotic|59/100\n|-heal|p2a: Hitmonchan|193/229|[from] drain|[of] p1a: Milotic\n|\n|-heal|p2a: Hitmonchan|207/229|[from] item: Leftovers\n|-heal|p1a: Milotic|65/100|[from] item: Leftovers\n|upkeep\n|turn|20\n|inactive|Time left: 300 sec this turn | 300 sec total\n|\n|t:|1783564858\n|move|p2a: Hitmonchan|Knock Off|p1a: Milotic\n|-damage|p1a: Milotic|36/100\n|-enditem|p1a: Milotic|Leftovers|[from] move: Knock Off|[of] p2a: Hitmonchan\n|move|p1a: Milotic|Recover|p1a: Milotic\n|-heal|p1a: Milotic|86/100\n|\n|-heal|p2a: Hitmonchan|221/229|[from] item: Leftovers\n|upkeep\n|turn|21\n|inactive|Time left: 300 sec this turn | 300 sec total\n|\n|t:|1783564859\n|move|p2a: Hitmonchan|Drain Punch|p1a: Milotic\n|-crit|p1a: Milotic\n|-damage|p1a: Milotic|30/100\n|-heal|p2a: Hitmonchan|229/229|[from] drain|[of] p1a: Milotic\n|move|p1a: Milotic|Scald|p2a: Hitmonchan\n|-damage|p2a: Hitmonchan|163/229\n|\n|-heal|p2a: Hitmonchan|177/229|[from] item: Leftovers\n|upkeep\n|turn|22\n|inactive|Time left: 300 sec this turn | 300 sec total\n|\n|t:|1783564860\n|move|p2a: Hitmonchan|Drain Punch|p1a: Milotic\n|-damage|p1a: Milotic|0 fnt\n|-heal|p2a: Hitmonchan|220/229|[from] drain|[of] p1a: Milotic\n|faint|p1a: Milotic\n|\n|-heal|p2a: Hitmonchan|229/229|[from] item: Leftovers\n|upkeep\n|\n|t:|1783564861\n|switch|p1a: Pawmot|Pawmot, L80, M|100/100\n|turn|23\n|inactive|Time left: 300 sec this turn | 300 sec total\n|\n|t:|1783564862\n|move|p2a: Hitmonchan|Drain Punch|p1a: Pawmot\n|-damage|p1a: Pawmot|41/100\n|move|p1a: Pawmot|Close Combat|p2a: Hitmonchan\n|-supereffective|p2a: Hitmonchan\n|-damage|p2a: Hitmonchan|0 fnt\n|-unboost|p1a: Pawmot|def|1\n|-unboost|p1a: Pawmot|spd|1\n|faint|p2a: Hitmonchan\n|\n|upkeep\n|inactive|Time left: 300 sec this turn | 300 sec total | 5 sec grace\n|\n|t:|1783564863\n|switch|p2a: Pincurchin|Pincurchin, M|258/258\n|-fieldstart|move: Electric Terrain|[from] ability: Electric Surge|[of] p2a: Pincurchin\n|turn|24\n|inactive|Time left: 300 sec this turn | 300 sec total\n|\n|t:|1783564864\n|move|p1a: Pawmot|Nuzzle|p2a: Pincurchin\n|-resisted|p2a: Pincurchin\n|-crit|p2a: Pincurchin\n|-damage|p2a: Pincurchin|240/258\n|move|p2a: Pincurchin|Scald|p1a: Pawmot\n|-damage|p1a: Pawmot|0 fnt\n|faint|p1a: Pawmot\n|\n|-heal|p2a: Pincurchin|256/258|[from] item: Leftovers\n|upkeep\n|\n|t:|1783564864\n|switch|p1a: Squawkabilly|Squawkabilly-Yellow, L89, M|31/100\n|turn|25\n|inactive|Time left: 300 sec this turn | 300 sec total\n|\n|t:|1783564865\n|move|p1a: Squawkabilly|Parting Shot|p2a: Pincurchin\n|-unboost|p2a: Pincurchin|atk|1\n|-unboost|p2a: Pincurchin|spa|1\n|move|p2a: Pincurchin|Thunderbolt|p1a: Squawkabilly\n|-supereffective|p1a: Squawkabilly\n|-damage|p1a: Squawkabilly|0 fnt\n|faint|p1a: Squawkabilly\n|\n|win|p0y214502c0", "uploadtime": 1783564865, "views": 0, "rating": 0, "private": 0, "password": null, "_winner": "p0y214502c0", "_our_name": "p0y214502c0"}