{"id": "battle-gen9randombattle-2301", "formatid": "gen9randombattle", "format": "[Gen 9] Random Battle", "players": ["p0x2301cbea", "p0y2301ee9f"], "log": "|init|battle\n|title|p0x2301cbea vs. p0y2301ee9f\n|j|\u2606p0x2301cbea\n|j|\u2606p0y2301ee9f\n|t:|1783565702\n|gametype|singles\n|player|p1|p0x2301cbea|170|\n|player|p2|p0y2301ee9f|170|\n|gen|9\n|tier|[Gen 9] Random Battle\n|rule|Species Clause: Limit one of each Pok\u00e9mon\n|rule|HP Percentage Mod: HP is shown in percentages\n|rule|Sleep Clause Mod: Limit one foe put to sleep\n|rule|Illusion Level Mod: Illusion disguises the Pok\u00e9mon's true level\n|\n|t:|1783565702\n|teamsize|p1|6\n|teamsize|p2|6\n|start\n|switch|p1a: Barraskewda|Barraskewda, L81, M|231/231\n|switch|p2a: Altaria|Altaria, L89, M|100/100\n|turn|1\n|inactive|Battle timer is ON: inactive players will automatically lose when time's up. (requested by p0x2301cbea)\n|inactive|p0y2301ee9f also wants the timer to be on.\n|\n|t:|1783565703\n|move|p1a: Barraskewda|Flip Turn|p2a: Altaria\n|-resisted|p2a: Altaria\n|-damage|p2a: Altaria|81/100\n|inactive|Time left: 300 sec this turn | 300 sec total | 65 sec grace\n|\n|t:|1783565705\n|switch|p1a: Hatterene|Hatterene, L85, F|236/236|[from] Flip Turn\n|move|p2a: Altaria|Brave Bird|p1a: Hatterene\n|-damage|p1a: Hatterene|128/236\n|-damage|p2a: Altaria|68/100|[from] Recoil\n|\n|-heal|p1a: Hatterene|142/236|[from] item: Leftovers\n|upkeep\n|turn|2\n|inactive|Time left: 300 sec this turn | 300 sec total\n|\n|t:|1783565706\n|move|p2a: Altaria|Roost|p2a: Altaria\n|-heal|p2a: Altaria|100/100\n|-singleturn|p2a: Altaria|move: Roost\n|move|p1a: Hatterene|Draining Kiss|p2a: Altaria\n|-supereffective|p2a: Altaria\n|-damage|p2a: Altaria|59/100\n|-heal|p1a: Hatterene|228/236|[from] drain|[of] p2a: Altaria\n|\n|-heal|p1a: Hatterene|236/236|[from] item: Leftovers\n|upkeep\n|turn|3\n|inactive|Time left: 300 sec this turn | 300 sec total\n|\n|t:|1783565707\n|move|p2a: Altaria|Roost|p2a: Altaria\n|-heal|p2a: Altaria|100/100\n|-singleturn|p2a: Altaria|move: Roost\n|move|p1a: Hatterene|Mystical Fire|p2a: Altaria\n|-resisted|p2a: Altaria\n|-crit|p2a: Altaria\n|-damage|p2a: Altaria|84/100\n|-unboost|p2a: Altaria|spa|1\n|\n|upkeep\n|turn|4\n|inactive|Time left: 300 sec this turn | 300 sec total\n|\n|t:|1783565708\n|switch|p2a: Brambleghast|Brambleghast, L88, M|100/100\n|move|p1a: Hatterene|Psychic|p2a: Brambleghast\n|-damage|p2a: Brambleghast|38/100\n|\n|-heal|p2a: Brambleghast|44/100|[from] item: Leftovers\n|upkeep\n|turn|5\n|inactive|Time left: 300 sec this turn | 300 sec total\n|\n|t:|1783565709\n|-terastallize|p1a: Hatterene|Fairy\n|move|p2a: Brambleghast|Poltergeist|p1a: Hatterene\n|-activate|p1a: Hatterene|move: Poltergeist|Leftovers\n|-damage|p1a: Hatterene|97/236\n|move|p1a: Hatterene|Draining Kiss|p2a: Brambleghast\n|-damage|p2a: Brambleghast|0 fnt\n|-heal|p1a: Hatterene|175/236|[from] drain|[of] p2a: Brambleghast\n|faint|p2a: Brambleghast\n|\n|-heal|p1a: Hatterene|189/236|[from] item: Leftovers\n|upkeep\n|\n|t:|1783565710\n|switch|p2a: Gastrodon|Gastrodon-East, L86, F|100/100\n|turn|6\n|inactive|Time left: 300 sec this turn | 300 sec total\n|\n|t:|1783565711\n|move|p2a: Gastrodon|Sludge Bomb|p1a: Hatterene\n|-supereffective|p1a: Hatterene\n|-damage|p1a: Hatterene|75/236\n|-status|p1a: Hatterene|psn\n|move|p1a: Hatterene|Draining Kiss|p2a: Gastrodon\n|-damage|p2a: Gastrodon|67/100\n|-heal|p1a: Hatterene|158/236 psn|[from] drain|[of] p2a: Gastrodon\n|\n|-heal|p2a: Gastrodon|73/100|[from] item: Leftovers\n|-heal|p1a: Hatterene|172/236 psn|[from] item: Leftovers\n|-damage|p1a: Hatterene|143/236 psn|[from] psn\n|upkeep\n|turn|7\n|inactive|Time left: 300 sec this turn | 300 sec total\n|\n|t:|1783565712\n|move|p2a: Gastrodon|Sludge Bomb|p1a: Hatterene\n|-supereffective|p1a: Hatterene\n|-damage|p1a: Hatterene|37/236 psn\n|move|p1a: Hatterene|Draining Kiss|p2a: Gastrodon\n|-damage|p2a: Gastrodon|35/100\n|-heal|p1a: Hatterene|133/236 psn|[from] drain|[of] p2a: Gastrodon\n|\n|-heal|p2a: Gastrodon|41/100|[from] item: Leftovers\n|-heal|p1a: Hatterene|147/236 psn|[from] item: Leftovers\n|-damage|p1a: Hatterene|118/236 psn|[from] psn\n|upkeep\n|turn|8\n|inactive|Time left: 300 sec this turn | 300 sec total\n|\n|t:|1783565714\n|move|p2a: Gastrodon|Sludge Bomb|p1a: Hatterene\n|-supereffective|p1a: Hatterene\n|-damage|p1a: Hatterene|4/236 psn\n|move|p1a: Hatterene|Draining Kiss|p2a: Gastrodon\n|-damage|p2a: Gastrodon|5/100\n|-heal|p1a: Hatterene|93/236 psn|[from] drain|[of] p2a: Gastrodon\n|\n|-heal|p2a: Gastrodon|11/100|[from] item: Leftovers\n|-heal|p1a: Hatterene|107/236 psn|[from] item: Leftovers\n|-damage|p1a: Hatterene|78/236 psn|[from] psn\n|upkeep\n|turn|9\n|inactive|Time left: 300 sec this turn | 300 sec total\n|\n|t:|1783565715\n|switch|p1a: Seviper|Seviper, L93, M|287/287\n|move|p2a: Gastrodon|Sludge Bomb|p1a: Seviper\n|-resisted|p1a: Seviper\n|-damage|p1a: Seviper|251/287\n|\n|-heal|p1a: Seviper|268/287|[from] item: Leftovers\n|-heal|p2a: Gastrodon|17/100|[from] item: Leftovers\n|upkeep\n|turn|10\n|inactive|Time left: 300 sec this turn | 300 sec total\n|\n|t:|1783565716\n|switch|p2a: Misdreavus|Misdreavus, L90, F|100/100\n|move|p1a: Seviper|Earthquake|p2a: Misdreavus\n|-immune|p2a: Misdreavus|[from] ability: Levitate\n|\n|-heal|p1a: Seviper|285/287|[from] item: Leftovers\n|upkeep\n|turn|11\n|inactive|Time left: 300 sec this turn | 300 sec total\n|\n|t:|1783565717\n|move|p2a: Misdreavus|Calm Mind|p2a: Misdreavus\n|-boost|p2a: Misdreavus|spa|1\n|-boost|p2a: Misdreavus|spd|1\n|move|p1a: Seviper|Swords Dance|p1a: Seviper\n|-boost|p1a: Seviper|atk|2\n|\n|-heal|p1a: Seviper|287/287|[from] item: Leftovers\n|upkeep\n|turn|12\n|inactive|Time left: 300 sec this turn | 300 sec total\n|\n|t:|1783565718\n|move|p2a: Misdreavus|Shadow Ball|p1a: Seviper\n|-damage|p1a: Seviper|128/287\n|move|p1a: Seviper|Gunk Shot|p2a: Misdreavus\n|-resisted|p2a: Misdreavus\n|-damage|p2a: Misdreavus|52/100\n|-status|p2a: Misdreavus|psn\n|\n|-heal|p1a: Seviper|145/287|[from] item: Leftovers\n|-damage|p2a: Misdreavus|39/100 psn|[from] psn\n|upkeep\n|turn|13\n|inactive|Time left: 300 sec this turn | 300 sec total\n|\n|t:|1783565719\n|switch|p1a: Terapagos|Terapagos, L77, M|265/265\n|-activate|p1a: Terapagos|ability: Tera Shift\n|detailschange|p1a: Terapagos|Terapagos-Terastal, L77, M\n|-heal|p1a: Terapagos|273/273|[silent]\n|move|p2a: Misdreavus|Shadow Ball|p1a: Terapagos\n|-immune|p1a: Terapagos\n|\n|-damage|p2a: Misdreavus|27/100 psn|[from] psn\n|upkeep\n|turn|14\n|inactive|Time left: 300 sec this turn | 300 sec total\n|\n|t:|1783565720\n|move|p2a: Misdreavus|Draining Kiss|p1a: Terapagos\n|-activate|p1a: Terapagos|ability: Tera Shell\n|-resisted|p1a: Terapagos\n|-damage|p1a: Terapagos|249/273\n|-heal|p2a: Misdreavus|34/100 psn|[from] drain|[of] p1a: Terapagos\n|move|p1a: Terapagos|Calm Mind|p1a: Terapagos\n|-boost|p1a: Terapagos|spa|1\n|-boost|p1a: Terapagos|spd|1\n|\n|-damage|p2a: Misdreavus|22/100 psn|[from] psn\n|upkeep\n|turn|15\n|inactive|Time left: 300 sec this turn | 300 sec total\n|\n|t:|1783565721\n|move|p2a: Misdreavus|Draining Kiss|p1a: Terapagos\n|-damage|p1a: Terapagos|216/273\n|-heal|p2a: Misdreavus|32/100 psn|[from] drain|[of] p1a: Terapagos\n|move|p1a: Terapagos|Tera Starstorm|p2a: Misdreavus\n|-immune|p2a: Misdreavus\n|\n|-damage|p2a: Misdreavus|20/100 psn|[from] psn\n|upkeep\n|turn|16\n|inactive|Time left: 300 sec this turn | 300 sec total\n|\n|t:|1783565722\n|move|p2a: Misdreavus|Draining Kiss|p1a: Terapagos\n|-damage|p1a: Terapagos|182/273\n|-heal|p2a: Misdreavus|30/100 psn|[from] drain|[of] p1a: Terapagos\n|move|p1a: Terapagos|Calm Mind|p1a: Terapagos\n|-boost|p1a: Terapagos|spa|1\n|-boost|p1a: Terapagos|spd|1\n|\n|-damage|p2a: Misdreavus|18/100 psn|[from] psn\n|upkeep\n|turn|17\n|inactive|Time left: 300 sec this turn | 300 sec total\n|\n|t:|1783565723\n|move|p2a: Misdreavus|Draining Kiss|p1a: Terapagos\n|-damage|p1a: Terapagos|158/273\n|-heal|p2a: Misdreavus|25/100 psn|[from] drain|[of] p1a: Terapagos\n|move|p1a: Terapagos|Tera Starstorm|p2a: Misdreavus\n|-immune|p2a: Misdreavus\n|\n|-damage|p2a: Misdreavus|13/100 psn|[from] psn\n|upkeep\n|turn|18\n|inactive|Time left: 300 sec this turn | 300 sec total\n|\n|t:|1783565723\n|switch|p2a: Duraludon|Duraludon, L82, F|100/100\n|move|p1a: Terapagos|Tera Starstorm|p2a: Duraludon\n|-resisted|p2a: Duraludon\n|-damage|p2a: Duraludon|57/100\n|\n|upkeep\n|turn|19\n|inactive|Time left: 300 sec this turn | 300 sec total\n|\n|t:|1783565724\n|-terastallize|p2a: Duraludon|Fighting\n|move|p2a: Duraludon|Body Press|p1a: Terapagos\n|-supereffective|p1a: Terapagos\n|-damage|p1a: Terapagos|0 fnt\n|faint|p1a: Terapagos\n|\n|upkeep\n|inactive|Time left: 300 sec this turn | 300 sec total | 5 sec grace\n|\n|t:|1783565725\n|switch|p1a: Quagsire|Quagsire, L84, F|297/297\n|turn|20\n|inactive|Time left: 300 sec this turn | 300 sec total\n|\n|t:|1783565726\n|move|p2a: Duraludon|Flash Cannon|p1a: Quagsire\n|-resisted|p1a: Quagsire\n|-damage|p1a: Quagsire|238/297\n|move|p1a: Quagsire|Toxic|p2a: Duraludon\n|-status|p2a: Duraludon|tox\n|\n|-heal|p1a: Quagsire|256/297|[from] item: Leftovers\n|-damage|p2a: Duraludon|51/100 tox|[from] psn\n|upkeep\n|turn|21\n|inactive|Time left: 300 sec this turn | 300 sec total\n|\n|t:|1783565727\n|move|p2a: Duraludon|Draco Meteor|p1a: Quagsire\n|-damage|p1a: Quagsire|79/297\n|-unboost|p2a: Duraludon|spa|2\n|move|p1a: Quagsire|Recover|p1a: Quagsire\n|-heal|p1a: Quagsire|228/297\n|\n|-heal|p1a: Quagsire|246/297|[from] item: Leftovers\n|-damage|p2a: Duraludon|39/100 tox|[from] psn\n|upkeep\n|turn|22\n|inactive|Time left: 300 sec this turn | 300 sec total\n|\n|t:|1783565728\n|move|p2a: Duraludon|Draco Meteor|p1a: Quagsire\n|-damage|p1a: Quagsire|53/297\n|-unboost|p2a: Duraludon|spa|2\n|move|p1a: Quagsire|Recover|p1a: Quagsire\n|-heal|p1a: Quagsire|202/297\n|\n|-heal|p1a: Quagsire|220/297|[from] item: Leftovers\n|-damage|p2a: Duraludon|21/100 tox|[from] psn\n|upkeep\n|turn|23\n|inactive|Time left: 300 sec this turn | 300 sec total\n|\n|t:|1783565729\n|move|p2a: Duraludon|Draco Meteor|p1a: Quagsire\n|-damage|p1a: Quagsire|31/297\n|-unboost|p2a: Duraludon|spa|2\n|move|p1a: Quagsire|Recover|p1a: Quagsire\n|-heal|p1a: Quagsire|180/297\n|\n|-heal|p1a: Quagsire|198/297|[from] item: Leftovers\n|-damage|p2a: Duraludon|0 fnt|[from] psn\n|faint|p2a: Duraludon\n|upkeep\n|\n|t:|1783565730\n|switch|p2a: Gastrodon|Gastrodon-East, L86, F|17/100\n|turn|24\n|inactive|Time left: 300 sec this turn | 300 sec total\n|\n|t:|1783565731\n|move|p2a: Gastrodon|Recover|p2a: Gastrodon\n|-heal|p2a: Gastrodon|67/100\n|move|p1a: Quagsire|Toxic|p2a: Gastrodon\n|-status|p2a: Gastrodon|tox\n|\n|-heal|p2a: Gastrodon|73/100 tox|[from] item: Leftovers\n|-heal|p1a: Quagsire|216/297|[from] item: Leftovers\n|-damage|p2a: Gastrodon|67/100 tox|[from] psn\n|upkeep\n|turn|25\n|inactive|Time left: 300 sec this turn | 300 sec total\n|\n|t:|1783565732\n|move|p2a: Gastrodon|Stealth Rock|p1a: Quagsire\n|-sidestart|p1: p0x2301cbea|move: Stealth Rock\n|move|p1a: Quagsire|Recover|p1a: Quagsire\n|-heal|p1a: Quagsire|297/297\n|\n|-heal|p2a: Gastrodon|73/100 tox|[from] item: Leftovers\n|-damage|p2a: Gastrodon|61/100 tox|[from] psn\n|upkeep\n|turn|26\n|inactive|Time left: 300 sec this turn | 300 sec total\n|\n|t:|1783565734\n|move|p2a: Gastrodon|Recover|p2a: Gastrodon\n|-heal|p2a: Gastrodon|100/100 tox\n|move|p1a: Quagsire|Earthquake|p2a: Gastrodon\n|-damage|p2a: Gastrodon|65/100 tox\n|\n|-heal|p2a: Gastrodon|71/100 tox|[from] item: Leftovers\n|-damage|p2a: Gastrodon|53/100 tox|[from] psn\n|upkeep\n|turn|27\n|inactive|Time left: 300 sec this turn | 300 sec total\n|\n|t:|1783565735\n|move|p2a: Gastrodon|Recover|p2a: Gastrodon\n|-heal|p2a: Gastrodon|100/100 tox\n|move|p1a: Quagsire|Earthquake|p2a: Gastrodon\n|-damage|p2a: Gastrodon|66/100 tox\n|\n|-heal|p2a: Gastrodon|72/100 tox|[from] item: Leftovers\n|-damage|p2a: Gastrodon|48/100 tox|[from] psn\n|upkeep\n|turn|28\n|inactive|Time left: 300 sec this turn | 300 sec total\n|\n|t:|1783565735\n|move|p2a: Gastrodon|Recover|p2a: Gastrodon\n|-heal|p2a: Gastrodon|98/100 tox\n|move|p1a: Quagsire|Ice Beam|p2a: Gastrodon\n|-damage|p2a: Gastrodon|82/100 tox\n|\n|-heal|p2a: Gastrodon|88/100 tox|[from] item: Leftovers\n|-damage|p2a: Gastrodon|58/100 tox|[from] psn\n|upkeep\n|turn|29\n|inactive|Time left: 300 sec this turn | 300 sec total\n|\n|t:|1783565736\n|switch|p2a: Sceptile|Sceptile, L87, M|100/100\n|move|p1a: Quagsire|Earthquake|p2a: Sceptile\n|-resisted|p2a: Sceptile\n|-damage|p2a: Sceptile|80/100\n|\n|upkeep\n|turn|30\n|inactive|Time left: 300 sec this turn | 300 sec total\n|\n|t:|1783565738\n|switch|p1a: Gouging Fire|Gouging Fire, L74|277/277\n|move|p2a: Sceptile|Leaf Storm|p1a: Gouging Fire\n|-resisted|p1a: Gouging Fire\n|-damage|p1a: Gouging Fire|222/277\n|-unboost|p2a: Sceptile|spa|2\n|-damage|p2a: Sceptile|70/100|[from] item: Life Orb\n|\n|upkeep\n|turn|31\n|inactive|Time left: 300 sec this turn | 300 sec total\n|\n|t:|1783565739\n|move|p2a: Sceptile|Rock Slide|p1a: Gouging Fire\n|-supereffective|p1a: Gouging Fire\n|-damage|p1a: Gouging Fire|108/277\n|-damage|p2a: Sceptile|60/100|[from] item: Life Orb\n|move|p1a: Gouging Fire|Dragon Dance|p1a: Gouging Fire\n|-boost|p1a: Gouging Fire|atk|1\n|-boost|p1a: Gouging Fire|spe|1\n|\n|upkeep\n|turn|32\n|inactive|Time left: 300 sec this turn | 300 sec total\n|\n|t:|1783565740\n|switch|p2a: Misdreavus|Misdreavus, L90, F|13/100 psn\n|move|p1a: Gouging Fire|Outrage|p2a: Misdreavus\n|-damage|p2a: Misdreavus|0 fnt\n|faint|p2a: Misdreavus\n|\n|upkeep\n|\n|t:|1783565740\n|switch|p2a: Gastrodon|Gastrodon-East, L86, F|58/100 tox\n|turn|33\n|inactive|Time left: 300 sec this turn | 300 sec total\n|\n|t:|1783565741\n|move|p1a: Gouging Fire|Outrage|p2a: Gastrodon|[from] lockedmove\n|-damage|p2a: Gastrodon|0 fnt\n|faint|p2a: Gastrodon\n|-start|p1a: Gouging Fire|confusion|[fatigue]\n|\n|upkeep\n|\n|t:|1783565742\n|switch|p2a: Sceptile|Sceptile, L87, M|60/100\n|turn|34\n|inactive|Time left: 300 sec this turn | 300 sec total\n|\n|t:|1783565743\n|-activate|p1a: Gouging Fire|confusion\n|move|p1a: Gouging Fire|Outrage|p2a: Sceptile\n|-damage|p2a: Sceptile|0 fnt\n|faint|p2a: Sceptile\n|\n|upkeep\n|\n|t:|1783565744\n|switch|p2a: Altaria|Altaria, L89, M|84/100\n|turn|35\n|inactive|Time left: 300 sec this turn | 300 sec total\n|\n|t:|1783565745\n|-activate|p1a: Gouging Fire|confusion\n|-damage|p1a: Gouging Fire|74/277|[from] confusion\n|move|p2a: Altaria|Brave Bird|p1a: Gouging Fire\n|-damage|p1a: Gouging Fire|0 fnt\n|faint|p1a: Gouging Fire\n|-end|p1a: Gouging Fire|Protosynthesis|[silent]\n|-damage|p2a: Altaria|76/100|[from] Recoil\n|\n|upkeep\n|inactive|Time left: 300 sec this turn | 300 sec total | 5 sec grace\n|\n|t:|1783565746\n|switch|p1a: Quagsire|Quagsire, L84, F|297/297\n|-damage|p1a: Quagsire|279/297|[from] Stealth Rock\n|turn|36\n|inactive|Time left: 300 sec this turn | 300 sec total\n|\n|t:|1783565747\n|move|p2a: Altaria|Roost|p2a: Altaria\n|-heal|p2a: Altaria|100/100\n|-singleturn|p2a: Altaria|move: Roost\n|move|p1a: Quagsire|Toxic|p2a: Altaria\n|-status|p2a: Altaria|tox\n|\n|-heal|p1a: Quagsire|297/297|[from] item: Leftovers\n|-damage|p2a: Altaria|94/100 tox|[from] psn\n|upkeep\n|turn|37\n|inactive|Time left: 300 sec this turn | 300 sec total\n|\n|t:|1783565748\n|move|p2a: Altaria|Will-O-Wisp|p1a: Quagsire|[miss]\n|-miss|p2a: Altaria|p1a: Quagsire\n|move|p1a: Quagsire|Ice Beam|p2a: Altaria\n|-supereffective|p2a: Altaria\n|-damage|p2a: Altaria|35/100 tox\n|\n|-damage|p2a: Altaria|23/100 tox|[from] psn\n|upkeep\n|turn|38\n|inactive|Time left: 300 sec this turn | 300 sec total\n|\n|t:|1783565749\n|move|p2a: Altaria|Roost|p2a: Altaria\n|-heal|p2a: Altaria|73/100 tox\n|-singleturn|p2a: Altaria|move: Roost\n|move|p1a: Quagsire|Earthquake|p2a: Altaria\n|-damage|p2a: Altaria|42/100 tox\n|\n|-damage|p2a: Altaria|23/100 tox|[from] psn\n|upkeep\n|turn|39\n|inactive|Time left: 300 sec this turn | 300 sec total\n|\n|t:|1783565750\n|move|p2a: Altaria|Roost|p2a: Altaria\n|-heal|p2a: Altaria|73/100 tox\n|-singleturn|p2a: Altaria|move: Roost\n|move|p1a: Quagsire|Earthquake|p2a: Altaria\n|-damage|p2a: Altaria|42/100 tox\n|\n|-damage|p2a: Altaria|17/100 tox|[from] psn\n|upkeep\n|turn|40\n|inactive|Time left: 300 sec this turn | 300 sec total\n|\n|t:|1783565751\n|move|p2a: Altaria|Roost|p2a: Altaria\n|-heal|p2a: Altaria|67/100 tox\n|-singleturn|p2a: Altaria|move: Roost\n|move|p1a: Quagsire|Ice Beam|p2a: Altaria\n|-supereffective|p2a: Altaria\n|-damage|p2a: Altaria|40/100 tox\n|\n|-damage|p2a: Altaria|10/100 tox|[from] psn\n|upkeep\n|turn|41\n|inactive|Time left: 300 sec this turn | 300 sec total\n|\n|t:|1783565752\n|move|p2a: Altaria|Will-O-Wisp|p1a: Quagsire\n|-status|p1a: Quagsire|brn\n|move|p1a: Quagsire|Earthquake|p2a: Altaria\n|-immune|p2a: Altaria\n|\n|-damage|p2a: Altaria|0 fnt|[from] psn\n|faint|p2a: Altaria\n|\n|win|p0x2301cbea", "uploadtime": 1783565752, "views": 0, "rating": 0, "private": 0, "password": null, "_winner": "p0x2301cbea", "_our_name": "p0x2301cbea"}