{"id": "battle-gen9randombattle-2485", "formatid": "gen9randombattle", "format": "[Gen 9] Random Battle", "players": ["p0x248536c0", "p0y248538f4"], "log": "|init|battle\n|title|p0x248536c0 vs. p0y248538f4\n|j|\u2606p0x248536c0\n|j|\u2606p0y248538f4\n|t:|1783567836\n|gametype|singles\n|player|p1|p0x248536c0|169|\n|player|p2|p0y248538f4|170|\n|gen|9\n|tier|[Gen 9] Random Battle\n|rule|Species Clause: Limit one of each Pok\u00e9mon\n|rule|HP Percentage Mod: HP is shown in percentages\n|rule|Sleep Clause Mod: Limit one foe put to sleep\n|rule|Illusion Level Mod: Illusion disguises the Pok\u00e9mon's true level\n|\n|t:|1783567836\n|teamsize|p1|6\n|teamsize|p2|6\n|start\n|switch|p1a: Glastrier|Glastrier, L86|100/100\n|switch|p2a: Magnezone|Magnezone, L85|258/258\n|turn|1\n|inactive|Battle timer is ON: inactive players will automatically lose when time's up. (requested by p0y248538f4)\n|inactive|p0x248536c0 also wants the timer to be on.\n|\n|t:|1783567837\n|move|p2a: Magnezone|Iron Defense|p2a: Magnezone\n|-boost|p2a: Magnezone|def|2\n|move|p1a: Glastrier|Swords Dance|p1a: Glastrier\n|-boost|p1a: Glastrier|atk|2\n|\n|upkeep\n|turn|2\n|inactive|Time left: 300 sec this turn | 300 sec total\n|\n|t:|1783567838\n|-terastallize|p2a: Magnezone|Fighting\n|-terastallize|p1a: Glastrier|Fighting\n|move|p2a: Magnezone|Body Press|p1a: Glastrier\n|-damage|p1a: Glastrier|57/100\n|move|p1a: Glastrier|Close Combat|p2a: Magnezone\n|-damage|p2a: Magnezone|113/258\n|-unboost|p1a: Glastrier|def|1\n|-unboost|p1a: Glastrier|spd|1\n|\n|-heal|p2a: Magnezone|129/258|[from] item: Leftovers\n|upkeep\n|turn|3\n|inactive|Time left: 300 sec this turn | 300 sec total\n|\n|t:|1783567840\n|switch|p1a: Alcremie|Alcremie-Ruby-Cream, L90, F|100/100\n|move|p2a: Magnezone|Body Press|p1a: Alcremie\n|-resisted|p1a: Alcremie\n|-damage|p1a: Alcremie|61/100\n|\n|-heal|p1a: Alcremie|67/100|[from] item: Leftovers\n|-heal|p2a: Magnezone|145/258|[from] item: Leftovers\n|upkeep\n|turn|4\n|inactive|Time left: 300 sec this turn | 300 sec total\n|\n|t:|1783567841\n|move|p1a: Alcremie|Alluring Voice|p2a: Magnezone\n|-supereffective|p2a: Magnezone\n|-damage|p2a: Magnezone|0 fnt\n|faint|p2a: Magnezone\n|\n|-heal|p1a: Alcremie|73/100|[from] item: Leftovers\n|upkeep\n|inactive|Time left: 300 sec this turn | 300 sec total | 5 sec grace\n|\n|t:|1783567842\n|switch|p2a: Hoopa|Hoopa-Unbound, L80|259/259\n|turn|5\n|inactive|Time left: 300 sec this turn | 300 sec total\n|\n|t:|1783567843\n|move|p2a: Hoopa|Gunk Shot|p1a: Alcremie\n|-supereffective|p1a: Alcremie\n|-damage|p1a: Alcremie|0 fnt\n|faint|p1a: Alcremie\n|\n|upkeep\n|\n|t:|1783567844\n|switch|p1a: Glastrier|Glastrier, L86, tera:Fighting|57/100\n|turn|6\n|inactive|Time left: 300 sec this turn | 300 sec total\n|\n|t:|1783567845\n|switch|p2a: Chandelure|Chandelure, L83, M|235/235\n|move|p1a: Glastrier|Close Combat|p2a: Chandelure\n|-immune|p2a: Chandelure\n|\n|upkeep\n|turn|7\n|inactive|Time left: 300 sec this turn | 300 sec total\n|\n|t:|1783567846\n|move|p2a: Chandelure|Fire Blast|p1a: Glastrier\n|-damage|p1a: Glastrier|16/100\n|move|p1a: Glastrier|Swords Dance|p1a: Glastrier\n|-boost|p1a: Glastrier|atk|2\n|\n|upkeep\n|turn|8\n|inactive|Time left: 300 sec this turn | 300 sec total\n|\n|t:|1783567847\n|move|p2a: Chandelure|Fire Blast|p1a: Glastrier\n|-damage|p1a: Glastrier|0 fnt\n|faint|p1a: Glastrier\n|\n|upkeep\n|\n|t:|1783567848\n|switch|p1a: Floatzel|Floatzel, L86, M|100/100\n|turn|9\n|inactive|Time left: 300 sec this turn | 300 sec total\n|\n|t:|1783567849\n|move|p2a: Chandelure|Fire Blast|p1a: Floatzel\n|-resisted|p1a: Floatzel\n|-damage|p1a: Floatzel|58/100\n|move|p1a: Floatzel|Wave Crash|p2a: Chandelure\n|-supereffective|p2a: Chandelure\n|-damage|p2a: Chandelure|0 fnt\n|faint|p2a: Chandelure\n|-damage|p1a: Floatzel|31/100|[from] Recoil\n|\n|upkeep\n|inactive|Time left: 300 sec this turn | 300 sec total | 5 sec grace\n|\n|t:|1783567850\n|switch|p2a: Hoopa|Hoopa-Unbound, L80|259/259\n|turn|10\n|inactive|Time left: 300 sec this turn | 300 sec total\n|\n|t:|1783567851\n|move|p2a: Hoopa|Psychic|p1a: Floatzel\n|-damage|p1a: Floatzel|0 fnt\n|faint|p1a: Floatzel\n|\n|upkeep\n|\n|t:|1783567852\n|switch|p1a: Tsareena|Tsareena, L87, F|100/100\n|turn|11\n|inactive|Time left: 300 sec this turn | 300 sec total\n|\n|t:|1783567853\n|switch|p2a: Reshiram|Reshiram, L76|277/277\n|-ability|p2a: Reshiram|Turboblaze\n|move|p1a: Tsareena|U-turn|p2a: Reshiram\n|-resisted|p2a: Reshiram\n|-damage|p2a: Reshiram|246/277\n|\n|t:|1783567853\n|switch|p1a: Ursaluna|Ursaluna-Bloodmoon, L79, M|100/100|[from] U-turn\n|\n|upkeep\n|turn|12\n|inactive|Time left: 300 sec this turn | 300 sec total\n|\n|t:|1783567854\n|move|p2a: Reshiram|Dragon Dance|p2a: Reshiram\n|-boost|p2a: Reshiram|atk|1\n|-boost|p2a: Reshiram|spe|1\n|move|p1a: Ursaluna|Calm Mind|p1a: Ursaluna\n|-boost|p1a: Ursaluna|spa|1\n|-boost|p1a: Ursaluna|spd|1\n|\n|upkeep\n|turn|13\n|inactive|Time left: 300 sec this turn | 300 sec total\n|\n|t:|1783567855\n|move|p2a: Reshiram|Outrage|p1a: Ursaluna\n|-damage|p1a: Ursaluna|53/100\n|move|p1a: Ursaluna|Earth Power|p2a: Reshiram\n|-supereffective|p2a: Reshiram\n|-damage|p2a: Reshiram|0 fnt\n|faint|p2a: Reshiram\n|\n|-heal|p1a: Ursaluna|60/100|[from] item: Leftovers\n|upkeep\n|inactive|Time left: 300 sec this turn | 300 sec total | 5 sec grace\n|\n|t:|1783567856\n|switch|p2a: Hoopa|Hoopa-Unbound, L80|259/259\n|turn|14\n|inactive|Time left: 300 sec this turn | 300 sec total\n|\n|t:|1783567858\n|move|p2a: Hoopa|Psychic|p1a: Ursaluna\n|-damage|p1a: Ursaluna|16/100\n|move|p1a: Ursaluna|Moonlight|p1a: Ursaluna\n|-heal|p1a: Ursaluna|66/100\n|\n|-heal|p1a: Ursaluna|73/100|[from] item: Leftovers\n|upkeep\n|turn|15\n|inactive|Time left: 300 sec this turn | 300 sec total\n|\n|t:|1783567859\n|move|p2a: Hoopa|Psychic|p1a: Ursaluna\n|-damage|p1a: Ursaluna|35/100\n|move|p1a: Ursaluna|Moonlight|p1a: Ursaluna\n|-heal|p1a: Ursaluna|85/100\n|\n|-heal|p1a: Ursaluna|91/100|[from] item: Leftovers\n|upkeep\n|turn|16\n|inactive|Time left: 300 sec this turn | 300 sec total\n|\n|t:|1783567860\n|move|p2a: Hoopa|Psychic|p1a: Ursaluna\n|-damage|p1a: Ursaluna|50/100\n|move|p1a: Ursaluna|Blood Moon|p2a: Hoopa\n|-damage|p2a: Hoopa|69/259\n|\n|-heal|p1a: Ursaluna|56/100|[from] item: Leftovers\n|upkeep\n|turn|17\n|inactive|Time left: 300 sec this turn | 300 sec total\n|\n|t:|1783567861\n|move|p2a: Hoopa|Psychic|p1a: Ursaluna\n|-damage|p1a: Ursaluna|13/100\n|move|p1a: Ursaluna|Moonlight|p1a: Ursaluna\n|-heal|p1a: Ursaluna|63/100\n|\n|-heal|p1a: Ursaluna|70/100|[from] item: Leftovers\n|upkeep\n|turn|18\n|inactive|Time left: 300 sec this turn | 300 sec total\n|\n|t:|1783567862\n|move|p2a: Hoopa|Psychic|p1a: Ursaluna\n|-damage|p1a: Ursaluna|30/100\n|move|p1a: Ursaluna|Moonlight|p1a: Ursaluna\n|-heal|p1a: Ursaluna|80/100\n|\n|-heal|p1a: Ursaluna|87/100|[from] item: Leftovers\n|upkeep\n|turn|19\n|inactive|Time left: 300 sec this turn | 300 sec total\n|\n|t:|1783567863\n|move|p2a: Hoopa|Psychic|p1a: Ursaluna\n|-damage|p1a: Ursaluna|46/100\n|move|p1a: Ursaluna|Moonlight|p1a: Ursaluna\n|-heal|p1a: Ursaluna|96/100\n|\n|-heal|p1a: Ursaluna|100/100|[from] item: Leftovers\n|upkeep\n|turn|20\n|inactive|Time left: 300 sec this turn | 300 sec total\n|\n|t:|1783567864\n|move|p2a: Hoopa|Psychic|p1a: Ursaluna\n|-damage|p1a: Ursaluna|57/100\n|move|p1a: Ursaluna|Blood Moon|p2a: Hoopa\n|-damage|p2a: Hoopa|0 fnt\n|faint|p2a: Hoopa\n|\n|-heal|p1a: Ursaluna|63/100|[from] item: Leftovers\n|upkeep\n|inactive|Time left: 300 sec this turn | 300 sec total | 5 sec grace\n|\n|t:|1783567865\n|switch|p2a: Ursaring|Ursaring, L84, F|288/288\n|turn|21\n|inactive|Time left: 300 sec this turn | 300 sec total\n|\n|t:|1783567866\n|move|p2a: Ursaring|Body Slam|p1a: Ursaluna\n|-damage|p1a: Ursaluna|33/100\n|move|p1a: Ursaluna|Earth Power|p2a: Ursaring\n|-damage|p2a: Ursaring|164/288\n|\n|-heal|p1a: Ursaluna|39/100|[from] item: Leftovers\n|upkeep\n|turn|22\n|inactive|Time left: 300 sec this turn | 300 sec total\n|\n|t:|1783567867\n|move|p2a: Ursaring|Body Slam|p1a: Ursaluna\n|-damage|p1a: Ursaluna|9/100\n|move|p1a: Ursaluna|Moonlight|p1a: Ursaluna\n|-heal|p1a: Ursaluna|59/100\n|\n|-heal|p1a: Ursaluna|65/100|[from] item: Leftovers\n|upkeep\n|turn|23\n|inactive|Time left: 300 sec this turn | 300 sec total\n|\n|t:|1783567868\n|move|p2a: Ursaring|Body Slam|p1a: Ursaluna\n|-damage|p1a: Ursaluna|32/100\n|move|p1a: Ursaluna|Blood Moon|p2a: Ursaring\n|-damage|p2a: Ursaring|0 fnt\n|faint|p2a: Ursaring\n|\n|-heal|p1a: Ursaluna|38/100|[from] item: Leftovers\n|upkeep\n|inactive|Time left: 300 sec this turn | 300 sec total | 5 sec grace\n|\n|t:|1783567869\n|switch|p2a: Azelf|Azelf, L82|257/257\n|turn|24\n|inactive|Time left: 300 sec this turn | 300 sec total\n|\n|t:|1783567870\n|move|p2a: Azelf|Fire Blast|p1a: Ursaluna\n|-damage|p1a: Ursaluna|7/100\n|-damage|p2a: Azelf|232/257|[from] item: Life Orb\n|move|p1a: Ursaluna|Moonlight|p1a: Ursaluna\n|-heal|p1a: Ursaluna|57/100\n|\n|-heal|p1a: Ursaluna|63/100|[from] item: Leftovers\n|upkeep\n|turn|25\n|inactive|Time left: 300 sec this turn | 300 sec total\n|\n|t:|1783567871\n|move|p2a: Azelf|Fire Blast|p1a: Ursaluna\n|-damage|p1a: Ursaluna|33/100\n|-damage|p2a: Azelf|207/257|[from] item: Life Orb\n|move|p1a: Ursaluna|Blood Moon|p2a: Azelf\n|-damage|p2a: Azelf|0 fnt\n|faint|p2a: Azelf\n|\n|win|p0x248536c0", "uploadtime": 1783567871, "views": 0, "rating": 0, "private": 0, "password": null, "_winner": "p0x248536c0", "_our_name": "p0y248538f4"}