{"id": "battle-gen9randombattle-847", "formatid": "gen9randombattle", "format": "[Gen 9] Random Battle", "players": ["p0x847e5c2", "p0y847b0d1"], "log": "|init|battle\n|title|p0x847e5c2 vs. p0y847b0d1\n|j|\u2606p0x847e5c2\n|j|\u2606p0y847b0d1\n|t:|1783548962\n|gametype|singles\n|player|p1|p0x847e5c2|2|\n|player|p2|p0y847b0d1|266|\n|gen|9\n|tier|[Gen 9] Random Battle\n|rule|Species Clause: Limit one of each Pok\u00e9mon\n|rule|HP Percentage Mod: HP is shown in percentages\n|rule|Sleep Clause Mod: Limit one foe put to sleep\n|rule|Illusion Level Mod: Illusion disguises the Pok\u00e9mon's true level\n|\n|t:|1783548962\n|teamsize|p1|6\n|teamsize|p2|6\n|start\n|switch|p1a: Milotic|Milotic, L83, F|293/293\n|switch|p2a: Seviper|Seviper, L93, F|100/100\n|turn|1\n|inactive|Battle timer is ON: inactive players will automatically lose when time's up. (requested by p0x847e5c2)\n|inactive|p0y847b0d1 also wants the timer to be on.\n|\n|t:|1783548964\n|move|p1a: Milotic|Scald|p2a: Seviper\n|-damage|p2a: Seviper|66/100\n|-status|p2a: Seviper|brn\n|move|p2a: Seviper|Gunk Shot|p1a: Milotic\n|-damage|p1a: Milotic|176/293\n|-status|p1a: Milotic|psn\n|-damage|p2a: Seviper|56/100 brn|[from] item: Life Orb\n|\n|-heal|p1a: Milotic|194/293 psn|[from] item: Leftovers\n|-damage|p1a: Milotic|158/293 psn|[from] psn\n|-damage|p2a: Seviper|50/100 brn|[from] brn\n|upkeep\n|turn|2\n|inactive|Time left: 300 sec this turn | 300 sec total\n|\n|t:|1783548966\n|move|p1a: Milotic|Recover|p1a: Milotic\n|-heal|p1a: Milotic|293/293 psn\n|move|p2a: Seviper|Giga Drain|p1a: Milotic\n|-supereffective|p1a: Milotic\n|-damage|p1a: Milotic|168/293 psn\n|-heal|p2a: Seviper|72/100 brn|[from] drain|[of] p1a: Milotic\n|-damage|p2a: Seviper|63/100 brn|[from] item: Life Orb\n|\n|-heal|p1a: Milotic|186/293 psn|[from] item: Leftovers\n|-damage|p1a: Milotic|150/293 psn|[from] psn\n|-damage|p2a: Seviper|57/100 brn|[from] brn\n|upkeep\n|turn|3\n|inactive|Time left: 300 sec this turn | 300 sec total\n|\n|t:|1783548967\n|move|p1a: Milotic|Recover|p1a: Milotic\n|-heal|p1a: Milotic|293/293 psn\n|move|p2a: Seviper|Giga Drain|p1a: Milotic\n|-supereffective|p1a: Milotic\n|-damage|p1a: Milotic|160/293 psn\n|-heal|p2a: Seviper|80/100 brn|[from] drain|[of] p1a: Milotic\n|-damage|p2a: Seviper|70/100 brn|[from] item: Life Orb\n|\n|-heal|p1a: Milotic|178/293 psn|[from] item: Leftovers\n|-damage|p1a: Milotic|142/293 psn|[from] psn\n|-damage|p2a: Seviper|64/100 brn|[from] brn\n|upkeep\n|turn|4\n|inactive|Time left: 300 sec this turn | 300 sec total\n|\n|t:|1783548968\n|move|p1a: Milotic|Recover|p1a: Milotic\n|-heal|p1a: Milotic|289/293 psn\n|move|p2a: Seviper|Giga Drain|p1a: Milotic\n|-supereffective|p1a: Milotic\n|-damage|p1a: Milotic|164/293 psn\n|-heal|p2a: Seviper|86/100 brn|[from] drain|[of] p1a: Milotic\n|-damage|p2a: Seviper|76/100 brn|[from] item: Life Orb\n|\n|-heal|p1a: Milotic|182/293 psn|[from] item: Leftovers\n|-damage|p1a: Milotic|146/293 psn|[from] psn\n|-damage|p2a: Seviper|71/100 brn|[from] brn\n|upkeep\n|turn|5\n|inactive|Time left: 300 sec this turn | 300 sec total\n|\n|t:|1783548969\n|move|p1a: Milotic|Recover|p1a: Milotic\n|-heal|p1a: Milotic|293/293 psn\n|move|p2a: Seviper|Giga Drain|p1a: Milotic\n|-supereffective|p1a: Milotic\n|-damage|p1a: Milotic|158/293 psn\n|-heal|p2a: Seviper|94/100 brn|[from] drain|[of] p1a: Milotic\n|-damage|p2a: Seviper|84/100 brn|[from] item: Life Orb\n|\n|-heal|p1a: Milotic|176/293 psn|[from] item: Leftovers\n|-damage|p1a: Milotic|140/293 psn|[from] psn\n|-damage|p2a: Seviper|79/100 brn|[from] brn\n|upkeep\n|turn|6\n|inactive|Time left: 300 sec this turn | 300 sec total\n|\n|t:|1783548970\n|move|p1a: Milotic|Recover|p1a: Milotic\n|-heal|p1a: Milotic|287/293 psn\n|move|p2a: Seviper|Giga Drain|p1a: Milotic\n|-supereffective|p1a: Milotic\n|-damage|p1a: Milotic|160/293 psn\n|-heal|p2a: Seviper|100/100 brn|[from] drain|[of] p1a: Milotic\n|-damage|p2a: Seviper|91/100 brn|[from] item: Life Orb\n|\n|-heal|p1a: Milotic|178/293 psn|[from] item: Leftovers\n|-damage|p1a: Milotic|142/293 psn|[from] psn\n|-damage|p2a: Seviper|85/100 brn|[from] brn\n|upkeep\n|turn|7\n|inactive|Time left: 300 sec this turn | 300 sec total\n|\n|t:|1783548971\n|move|p1a: Milotic|Recover|p1a: Milotic\n|-heal|p1a: Milotic|289/293 psn\n|move|p2a: Seviper|Giga Drain|p1a: Milotic\n|-supereffective|p1a: Milotic\n|-damage|p1a: Milotic|164/293 psn\n|-heal|p2a: Seviper|100/100 brn|[from] drain|[of] p1a: Milotic\n|-damage|p2a: Seviper|91/100 brn|[from] item: Life Orb\n|\n|-heal|p1a: Milotic|182/293 psn|[from] item: Leftovers\n|-damage|p1a: Milotic|146/293 psn|[from] psn\n|-damage|p2a: Seviper|85/100 brn|[from] brn\n|upkeep\n|turn|8\n|inactive|Time left: 300 sec this turn | 300 sec total\n|\n|t:|1783548972\n|move|p1a: Milotic|Recover|p1a: Milotic\n|-heal|p1a: Milotic|293/293 psn\n|move|p2a: Seviper|Giga Drain|p1a: Milotic\n|-supereffective|p1a: Milotic\n|-damage|p1a: Milotic|166/293 psn\n|-heal|p2a: Seviper|100/100 brn|[from] drain|[of] p1a: Milotic\n|-damage|p2a: Seviper|91/100 brn|[from] item: Life Orb\n|\n|-heal|p1a: Milotic|184/293 psn|[from] item: Leftovers\n|-damage|p1a: Milotic|148/293 psn|[from] psn\n|-damage|p2a: Seviper|85/100 brn|[from] brn\n|upkeep\n|turn|9\n|inactive|Time left: 300 sec this turn | 300 sec total\n|\n|t:|1783548973\n|move|p1a: Milotic|Recover|p1a: Milotic\n|-heal|p1a: Milotic|293/293 psn\n|move|p2a: Seviper|Giga Drain|p1a: Milotic\n|-supereffective|p1a: Milotic\n|-damage|p1a: Milotic|171/293 psn\n|-heal|p2a: Seviper|100/100 brn|[from] drain|[of] p1a: Milotic\n|-damage|p2a: Seviper|91/100 brn|[from] item: Life Orb\n|\n|-heal|p1a: Milotic|189/293 psn|[from] item: Leftovers\n|-damage|p1a: Milotic|153/293 psn|[from] psn\n|-damage|p2a: Seviper|85/100 brn|[from] brn\n|upkeep\n|turn|10\n|inactive|Time left: 300 sec this turn | 300 sec total\n|\n|t:|1783548975\n|move|p1a: Milotic|Scald|p2a: Seviper\n|-damage|p2a: Seviper|46/100 brn\n|move|p2a: Seviper|Giga Drain|p1a: Milotic\n|-supereffective|p1a: Milotic\n|-damage|p1a: Milotic|26/293 psn\n|-heal|p2a: Seviper|68/100 brn|[from] drain|[of] p1a: Milotic\n|-damage|p2a: Seviper|59/100 brn|[from] item: Life Orb\n|\n|-heal|p1a: Milotic|44/293 psn|[from] item: Leftovers\n|-damage|p1a: Milotic|8/293 psn|[from] psn\n|-damage|p2a: Seviper|53/100 brn|[from] brn\n|upkeep\n|turn|11\n|inactive|Time left: 300 sec this turn | 300 sec total\n|\n|t:|1783548976\n|move|p1a: Milotic|Scald|p2a: Seviper\n|-damage|p2a: Seviper|15/100 brn\n|move|p2a: Seviper|Glare||[still]\n|-fail|p2a: Seviper\n|\n|-heal|p1a: Milotic|26/293 psn|[from] item: Leftovers\n|-damage|p1a: Milotic|0 fnt|[from] psn\n|faint|p1a: Milotic\n|-damage|p2a: Seviper|9/100 brn|[from] brn\n|upkeep\n|inactive|Time left: 300 sec this turn | 300 sec total | 5 sec grace\n|\n|t:|1783548977\n|switch|p1a: Krookodile|Krookodile, L79, F|280/280\n|-ability|p1a: Krookodile|Intimidate|boost\n|-unboost|p2a: Seviper|atk|1\n|turn|12\n|inactive|Time left: 300 sec this turn | 300 sec total\n|\n|t:|1783548978\n|move|p1a: Krookodile|Stealth Rock|p2a: Seviper\n|-sidestart|p2: p0y847b0d1|move: Stealth Rock\n|move|p2a: Seviper|Gunk Shot|p1a: Krookodile\n|-resisted|p1a: Krookodile\n|-damage|p1a: Krookodile|241/280\n|-status|p1a: Krookodile|psn\n|-damage|p2a: Seviper|0 fnt|[from] item: Life Orb\n|faint|p2a: Seviper\n|\n|-damage|p1a: Krookodile|206/280 psn|[from] psn\n|upkeep\n|\n|t:|1783548979\n|switch|p2a: Glalie|Glalie, L96, M|100/100\n|turn|13\n|inactive|Time left: 300 sec this turn | 300 sec total\n|\n|t:|1783548980\n|switch|p1a: Metagross|Metagross, L79|256/256\n|move|p2a: Glalie|Freeze-Dry|p1a: Metagross\n|-resisted|p1a: Metagross\n|-damage|p1a: Metagross|212/256\n|\n|upkeep\n|turn|14\n|inactive|Time left: 300 sec this turn | 300 sec total\n|\n|t:|1783548981\n|move|p2a: Glalie|Earthquake|p1a: Metagross\n|-supereffective|p1a: Metagross\n|-damage|p1a: Metagross|78/256\n|move|p1a: Metagross|Heavy Slam|p2a: Glalie\n|-supereffective|p2a: Glalie\n|-damage|p2a: Glalie|34/100\n|\n|upkeep\n|turn|15\n|inactive|Time left: 300 sec this turn | 300 sec total\n|\n|t:|1783548983\n|move|p2a: Glalie|Earthquake|p1a: Metagross\n|-supereffective|p1a: Metagross\n|-damage|p1a: Metagross|0 fnt\n|faint|p1a: Metagross\n|\n|upkeep\n|inactive|Time left: 300 sec this turn | 300 sec total | 5 sec grace\n|\n|t:|1783548983\n|switch|p1a: Ribombee|Ribombee, L83, M|235/235\n|turn|16\n|inactive|Time left: 300 sec this turn | 300 sec total\n|\n|t:|1783548984\n|move|p1a: Ribombee|Quiver Dance|p1a: Ribombee\n|-boost|p1a: Ribombee|spa|1\n|-boost|p1a: Ribombee|spd|1\n|-boost|p1a: Ribombee|spe|1\n|move|p2a: Glalie|Freeze-Dry|p1a: Ribombee\n|-damage|p1a: Ribombee|169/235\n|\n|upkeep\n|turn|17\n|inactive|Time left: 300 sec this turn | 300 sec total\n|\n|t:|1783548985\n|switch|p2a: Toxtricity|Toxtricity, L82, M|100/100\n|-damage|p2a: Toxtricity|88/100|[from] Stealth Rock\n|move|p1a: Ribombee|Moonblast|p2a: Toxtricity\n|-resisted|p2a: Toxtricity\n|-damage|p2a: Toxtricity|54/100\n|\n|upkeep\n|turn|18\n|inactive|Time left: 300 sec this turn | 300 sec total\n|\n|t:|1783548986\n|-terastallize|p1a: Ribombee|Ground\n|move|p1a: Ribombee|Tera Blast|p2a: Toxtricity|[anim] Tera Blast Ground\n|-supereffective|p2a: Toxtricity\n|-damage|p2a: Toxtricity|0 fnt\n|faint|p2a: Toxtricity\n|\n|upkeep\n|\n|t:|1783548987\n|switch|p2a: Drifblim|Drifblim, L86, M|100/100\n|-damage|p2a: Drifblim|75/100|[from] Stealth Rock\n|turn|19\n|inactive|Time left: 300 sec this turn | 300 sec total\n|\n|t:|1783548988\n|move|p1a: Ribombee|Moonblast|p2a: Drifblim\n|-damage|p2a: Drifblim|26/100\n|-unboost|p2a: Drifblim|spa|1\n|-enditem|p2a: Drifblim|Sitrus Berry|[eat]\n|-heal|p2a: Drifblim|51/100|[from] item: Sitrus Berry\n|move|p2a: Drifblim|Calm Mind|p2a: Drifblim\n|-boost|p2a: Drifblim|spa|1\n|-boost|p2a: Drifblim|spd|1\n|\n|upkeep\n|turn|20\n|inactive|Time left: 300 sec this turn | 300 sec total\n|\n|t:|1783548989\n|move|p1a: Ribombee|Moonblast|p2a: Drifblim\n|-damage|p2a: Drifblim|17/100\n|move|p2a: Drifblim|Strength Sap|p1a: Ribombee\n|-unboost|p1a: Ribombee|atk|1\n|-heal|p2a: Drifblim|42/100\n|\n|upkeep\n|turn|21\n|inactive|Time left: 300 sec this turn | 300 sec total\n|\n|t:|1783548990\n|move|p1a: Ribombee|Moonblast|p2a: Drifblim\n|-damage|p2a: Drifblim|11/100\n|move|p2a: Drifblim|Strength Sap|p1a: Ribombee\n|-unboost|p1a: Ribombee|atk|1\n|-heal|p2a: Drifblim|27/100\n|\n|upkeep\n|turn|22\n|inactive|Time left: 300 sec this turn | 300 sec total\n|\n|t:|1783548991\n|move|p1a: Ribombee|Moonblast|p2a: Drifblim\n|-damage|p2a: Drifblim|0 fnt\n|faint|p2a: Drifblim\n|\n|upkeep\n|\n|t:|1783548992\n|switch|p2a: Vivillon|Vivillon-Elegant, L83, F|100/100\n|turn|23\n|inactive|Time left: 300 sec this turn | 300 sec total\n|\n|t:|1783548993\n|move|p1a: Ribombee|Moonblast|p2a: Vivillon\n|-damage|p2a: Vivillon|17/100\n|move|p2a: Vivillon|Sleep Powder|p1a: Ribombee\n|-status|p1a: Ribombee|slp|[from] move: Sleep Powder\n|\n|upkeep\n|turn|24\n|inactive|Time left: 300 sec this turn | 300 sec total\n|\n|t:|1783548994\n|switch|p1a: Skeledirge|Skeledirge, L79, M|294/294\n|move|p2a: Vivillon|Quiver Dance|p2a: Vivillon\n|-boost|p2a: Vivillon|spa|1\n|-boost|p2a: Vivillon|spd|1\n|-boost|p2a: Vivillon|spe|1\n|\n|upkeep\n|turn|25\n|inactive|Time left: 300 sec this turn | 300 sec total\n|\n|t:|1783548995\n|move|p2a: Vivillon|Hurricane|p1a: Skeledirge\n|-damage|p1a: Skeledirge|158/294\n|-start|p1a: Skeledirge|confusion\n|-activate|p1a: Skeledirge|confusion\n|move|p1a: Skeledirge|Flame Charge|p2a: Vivillon\n|-supereffective|p2a: Vivillon\n|-damage|p2a: Vivillon|0 fnt\n|-boost|p1a: Skeledirge|spe|1\n|faint|p2a: Vivillon\n|\n|upkeep\n|\n|t:|1783548996\n|switch|p2a: Raikou|Raikou, L81|100/100\n|-ability|p2a: Raikou|Pressure\n|turn|26\n|inactive|Time left: 300 sec this turn | 300 sec total\n|\n|t:|1783548997\n|switch|p1a: Shiftry|Shiftry, L89, M|305/305\n|move|p2a: Raikou|Scald|p1a: Shiftry\n|-resisted|p1a: Shiftry\n|-damage|p1a: Shiftry|264/305\n|-status|p1a: Shiftry|brn\n|\n|-damage|p1a: Shiftry|245/305 brn|[from] brn\n|upkeep\n|turn|27\n|inactive|Time left: 300 sec this turn | 300 sec total\n|\n|t:|1783548998\n|move|p2a: Raikou|Calm Mind|p2a: Raikou\n|-boost|p2a: Raikou|spa|1\n|-boost|p2a: Raikou|spd|1\n|move|p1a: Shiftry|Swords Dance|p1a: Shiftry\n|-boost|p1a: Shiftry|atk|2\n|\n|-damage|p1a: Shiftry|226/305 brn|[from] brn\n|upkeep\n|turn|28\n|inactive|Time left: 300 sec this turn | 300 sec total\n|\n|t:|1783548999\n|move|p2a: Raikou|Thunderbolt|p1a: Shiftry\n|-resisted|p1a: Shiftry\n|-damage|p1a: Shiftry|125/305 brn\n|move|p1a: Shiftry|Knock Off|p2a: Raikou\n|-damage|p2a: Raikou|39/100\n|-enditem|p2a: Raikou|Heavy-Duty Boots|[from] move: Knock Off|[of] p1a: Shiftry\n|-damage|p1a: Shiftry|95/305 brn|[from] item: Life Orb\n|\n|-damage|p1a: Shiftry|76/305 brn|[from] brn\n|upkeep\n|turn|29\n|inactive|Time left: 300 sec this turn | 300 sec total\n|\n|t:|1783549000\n|move|p1a: Shiftry|Sucker Punch||[still]\n|-fail|p1a: Shiftry\n|move|p2a: Raikou|Calm Mind|p2a: Raikou\n|-boost|p2a: Raikou|spa|1\n|-boost|p2a: Raikou|spd|1\n|\n|-damage|p1a: Shiftry|57/305 brn|[from] brn\n|upkeep\n|turn|30\n|inactive|Time left: 300 sec this turn | 300 sec total\n|\n|t:|1783549001\n|move|p1a: Shiftry|Sucker Punch||[still]\n|-fail|p1a: Shiftry\n|move|p2a: Raikou|Calm Mind|p2a: Raikou\n|-boost|p2a: Raikou|spa|1\n|-boost|p2a: Raikou|spd|1\n|\n|-damage|p1a: Shiftry|38/305 brn|[from] brn\n|upkeep\n|turn|31\n|inactive|Time left: 300 sec this turn | 300 sec total\n|\n|t:|1783549002\n|move|p1a: Shiftry|Sucker Punch||[still]\n|-fail|p1a: Shiftry\n|move|p2a: Raikou|Calm Mind|p2a: Raikou\n|-boost|p2a: Raikou|spa|1\n|-boost|p2a: Raikou|spd|1\n|\n|-damage|p1a: Shiftry|19/305 brn|[from] brn\n|upkeep\n|turn|32\n|inactive|Time left: 300 sec this turn | 300 sec total\n|\n|t:|1783549003\n|move|p1a: Shiftry|Sucker Punch||[still]\n|-fail|p1a: Shiftry\n|move|p2a: Raikou|Calm Mind|p2a: Raikou\n|-boost|p2a: Raikou|spa|1\n|-boost|p2a: Raikou|spd|1\n|\n|-damage|p1a: Shiftry|0 fnt|[from] brn\n|faint|p1a: Shiftry\n|upkeep\n|inactive|Time left: 300 sec this turn | 300 sec total | 5 sec grace\n|\n|t:|1783549003\n|switch|p1a: Skeledirge|Skeledirge, L79, M|158/294\n|turn|33\n|inactive|Time left: 300 sec this turn | 300 sec total\n|\n|t:|1783549004\n|-terastallize|p2a: Raikou|Electric\n|move|p2a: Raikou|Thunderbolt|p1a: Skeledirge\n|-damage|p1a: Skeledirge|0 fnt\n|faint|p1a: Skeledirge\n|\n|upkeep\n|inactive|Time left: 300 sec this turn | 300 sec total | 5 sec grace\n|\n|t:|1783549005\n|switch|p1a: Krookodile|Krookodile, L79, F|206/280 psn\n|-ability|p1a: Krookodile|Intimidate|boost\n|-unboost|p2a: Raikou|atk|1\n|turn|34\n|inactive|Time left: 300 sec this turn | 300 sec total\n|\n|t:|1783549006\n|move|p2a: Raikou|Scald|p1a: Krookodile\n|-supereffective|p1a: Krookodile\n|-damage|p1a: Krookodile|0 fnt\n|faint|p1a: Krookodile\n|\n|upkeep\n|inactive|Time left: 300 sec this turn | 300 sec total | 5 sec grace\n|\n|t:|1783549007\n|switch|p1a: Ribombee|Ribombee, L83, M, tera:Ground|169/235 slp\n|turn|35\n|inactive|Time left: 300 sec this turn | 300 sec total\n|\n|t:|1783549008\n|cant|p1a: Ribombee|slp\n|move|p2a: Raikou|Scald|p1a: Ribombee\n|-supereffective|p1a: Ribombee\n|-damage|p1a: Ribombee|0 fnt\n|faint|p1a: Ribombee\n|\n|win|p0y847b0d1", "uploadtime": 1783549008, "views": 0, "rating": 0, "private": 0, "password": null, "_winner": "p0y847b0d1", "_our_name": "p0x847e5c2"}