{"id": "battle-gen9randombattle-1158", "formatid": "gen9randombattle", "format": "[Gen 9] Random Battle", "players": ["p0x1158c3bd", "p0y115839c5"], "log": "|init|battle\n|title|p0x1158c3bd vs. p0y115839c5\n|j|\u2606p0x1158c3bd\n|j|\u2606p0y115839c5\n|t:|1783553430\n|gametype|singles\n|player|p1|p0x1158c3bd|265|\n|player|p2|p0y115839c5|2|\n|gen|9\n|tier|[Gen 9] Random Battle\n|rule|Species Clause: Limit one of each Pok\u00e9mon\n|rule|HP Percentage Mod: HP is shown in percentages\n|rule|Sleep Clause Mod: Limit one foe put to sleep\n|rule|Illusion Level Mod: Illusion disguises the Pok\u00e9mon's true level\n|\n|t:|1783553430\n|teamsize|p1|6\n|teamsize|p2|6\n|start\n|switch|p1a: Samurott|Samurott, L88, M|310/310\n|switch|p2a: Seviper|Seviper, L93, F|100/100\n|turn|1\n|inactive|Battle timer is ON: inactive players will automatically lose when time's up. (requested by p0x1158c3bd)\n|inactive|p0y115839c5 also wants the timer to be on.\n|\n|t:|1783553432\n|switch|p2a: Luxray|Luxray, L88, F|100/100\n|move|p1a: Samurott|Liquidation|p2a: Luxray\n|-damage|p2a: Luxray|52/100\n|-damage|p1a: Samurott|279/310|[from] item: Life Orb\n|\n|-status|p2a: Luxray|brn|[from] item: Flame Orb\n|upkeep\n|turn|2\n|inactive|Time left: 300 sec this turn | 300 sec total\n|\n|t:|1783553434\n|move|p2a: Luxray|Supercell Slam|p1a: Samurott|[miss]\n|-miss|p2a: Luxray|p1a: Samurott\n|-damage|p2a: Luxray|3/100 brn|[from] supercellslam\n|move|p1a: Samurott|Liquidation|p2a: Luxray\n|-damage|p2a: Luxray|0 fnt\n|faint|p2a: Luxray\n|-damage|p1a: Samurott|248/310|[from] item: Life Orb\n|\n|upkeep\n|\n|t:|1783553435\n|switch|p2a: Sudowoodo|Sudowoodo, L94, M|100/100\n|turn|3\n|inactive|Time left: 300 sec this turn | 300 sec total\n|\n|t:|1783553436\n|move|p1a: Samurott|Liquidation|p2a: Sudowoodo\n|-supereffective|p2a: Sudowoodo\n|-damage|p2a: Sudowoodo|34/100\n|-unboost|p2a: Sudowoodo|def|1\n|-damage|p1a: Samurott|217/310|[from] item: Life Orb\n|move|p2a: Sudowoodo|Head Smash|p1a: Samurott\n|-damage|p1a: Samurott|0 fnt\n|faint|p1a: Samurott\n|\n|upkeep\n|inactive|Time left: 300 sec this turn | 300 sec total | 5 sec grace\n|\n|t:|1783553437\n|switch|p1a: Beartic|Beartic, L91, M|321/321\n|turn|4\n|inactive|Time left: 300 sec this turn | 300 sec total\n|\n|t:|1783553438\n|move|p1a: Beartic|Icicle Crash|p2a: Sudowoodo\n|-damage|p2a: Sudowoodo|0 fnt\n|faint|p2a: Sudowoodo\n|\n|upkeep\n|\n|t:|1783553440\n|switch|p2a: Krookodile|Krookodile, L79, M|100/100\n|-ability|p2a: Krookodile|Intimidate|boost\n|-unboost|p1a: Beartic|atk|1\n|turn|5\n|inactive|Time left: 300 sec this turn | 300 sec total\n|\n|t:|1783553441\n|move|p2a: Krookodile|Earthquake|p1a: Beartic\n|-damage|p1a: Beartic|170/321\n|move|p1a: Beartic|Icicle Crash|p2a: Krookodile\n|-supereffective|p2a: Krookodile\n|-damage|p2a: Krookodile|0 fnt\n|faint|p2a: Krookodile\n|\n|upkeep\n|\n|t:|1783553442\n|switch|p2a: Gothitelle|Gothitelle, L90, F|100/100\n|turn|6\n|inactive|Time left: 300 sec this turn | 300 sec total\n|\n|t:|1783553443\n|move|p2a: Gothitelle|Psychic Noise|p1a: Beartic\n|-damage|p1a: Beartic|86/321\n|-start|p1a: Beartic|move: Heal Block\n|move|p1a: Beartic|Icicle Crash|p2a: Gothitelle\n|-damage|p2a: Gothitelle|54/100\n|\n|-heal|p2a: Gothitelle|60/100|[from] item: Leftovers\n|upkeep\n|turn|7\n|inactive|Time left: 300 sec this turn | 300 sec total\n|\n|t:|1783553444\n|move|p2a: Gothitelle|Calm Mind|p2a: Gothitelle\n|-boost|p2a: Gothitelle|spa|1\n|-boost|p2a: Gothitelle|spd|1\n|move|p1a: Beartic|Icicle Crash|p2a: Gothitelle\n|-damage|p2a: Gothitelle|14/100\n|\n|-heal|p2a: Gothitelle|20/100|[from] item: Leftovers\n|-end|p1a: Beartic|move: Heal Block\n|upkeep\n|turn|8\n|inactive|Time left: 300 sec this turn | 300 sec total\n|\n|t:|1783553445\n|move|p2a: Gothitelle|Thunderbolt|p1a: Beartic\n|-damage|p1a: Beartic|0 fnt\n|faint|p1a: Beartic\n|\n|-heal|p2a: Gothitelle|26/100|[from] item: Leftovers\n|upkeep\n|inactive|Time left: 300 sec this turn | 300 sec total | 5 sec grace\n|\n|t:|1783553446\n|switch|p1a: Toxtricity|Toxtricity, L82, M|257/257\n|turn|9\n|inactive|Time left: 300 sec this turn | 300 sec total\n|\n|t:|1783553447\n|move|p1a: Toxtricity|Boomburst|p2a: Gothitelle\n|-damage|p2a: Gothitelle|0 fnt\n|faint|p2a: Gothitelle\n|\n|upkeep\n|\n|t:|1783553448\n|switch|p2a: Greedent|Greedent, L86, M|100/100\n|turn|10\n|inactive|Time left: 300 sec this turn | 300 sec total\n|\n|t:|1783553449\n|switch|p1a: Tropius|Tropius, L91, M|328/328\n|-terastallize|p2a: Greedent|Ghost\n|move|p2a: Greedent|Swords Dance|p2a: Greedent\n|-boost|p2a: Greedent|atk|2\n|\n|upkeep\n|turn|11\n|inactive|Time left: 300 sec this turn | 300 sec total\n|\n|t:|1783553450\n|move|p1a: Tropius|Dragon Dance|p1a: Tropius\n|-boost|p1a: Tropius|atk|1\n|-boost|p1a: Tropius|spe|1\n|move|p2a: Greedent|Swords Dance|p2a: Greedent\n|-boost|p2a: Greedent|atk|2\n|\n|upkeep\n|turn|12\n|inactive|Time left: 300 sec this turn | 300 sec total\n|\n|t:|1783553451\n|move|p1a: Tropius|Dual Wingbeat|p2a: Greedent\n|-damage|p2a: Greedent|85/100\n|-damage|p2a: Greedent|68/100\n|-hitcount|p2a: Greedent|2\n|move|p2a: Greedent|Double-Edge|p1a: Tropius\n|-damage|p1a: Tropius|0 fnt\n|faint|p1a: Tropius\n|-damage|p2a: Greedent|37/100|[from] Recoil\n|-enditem|p2a: Greedent|Sitrus Berry|[eat]\n|-heal|p2a: Greedent|62/100|[from] item: Sitrus Berry\n|-heal|p2a: Greedent|95/100|[from] ability: Cheek Pouch\n|\n|upkeep\n|inactive|Time left: 300 sec this turn | 300 sec total | 5 sec grace\n|\n|t:|1783553452\n|switch|p1a: Piloswine|Piloswine, L85, M|309/309\n|turn|13\n|inactive|Time left: 300 sec this turn | 300 sec total\n|\n|t:|1783553453\n|move|p2a: Greedent|Knock Off|p1a: Piloswine\n|-damage|p1a: Piloswine|151/309\n|-enditem|p1a: Piloswine|Eviolite|[from] move: Knock Off|[of] p2a: Greedent\n|move|p1a: Piloswine|Roar|p2a: Greedent\n|drag|p2a: Seviper|Seviper, L93, F|100/100\n|\n|upkeep\n|turn|14\n|inactive|Time left: 300 sec this turn | 300 sec total\n|\n|t:|1783553454\n|move|p2a: Seviper|Giga Drain|p1a: Piloswine\n|-supereffective|p1a: Piloswine\n|-damage|p1a: Piloswine|0 fnt\n|faint|p1a: Piloswine\n|\n|upkeep\n|inactive|Time left: 300 sec this turn | 300 sec total | 5 sec grace\n|\n|t:|1783553455\n|switch|p1a: Toxtricity|Toxtricity, L82, M|257/257\n|turn|15\n|inactive|Time left: 300 sec this turn | 300 sec total\n|\n|t:|1783553455\n|switch|p2a: Greedent|Greedent, L86, M, tera:Ghost|95/100\n|move|p1a: Toxtricity|Overdrive|p2a: Greedent\n|-damage|p2a: Greedent|55/100\n|\n|upkeep\n|turn|16\n|inactive|Time left: 300 sec this turn | 300 sec total\n|\n|t:|1783553456\n|move|p1a: Toxtricity|Overdrive|p2a: Greedent\n|-damage|p2a: Greedent|15/100\n|move|p2a: Greedent|Double-Edge|p1a: Toxtricity\n|-damage|p1a: Toxtricity|101/257\n|-damage|p2a: Greedent|1/100|[from] Recoil\n|\n|upkeep\n|turn|17\n|inactive|Time left: 300 sec this turn | 300 sec total\n|\n|t:|1783553457\n|switch|p2a: Seviper|Seviper, L93, F|100/100\n|move|p1a: Toxtricity|Overdrive|p2a: Seviper\n|-damage|p2a: Seviper|55/100\n|\n|upkeep\n|turn|18\n|inactive|Time left: 300 sec this turn | 300 sec total\n|\n|t:|1783553458\n|move|p2a: Seviper|Knock Off|p1a: Toxtricity\n|-damage|p1a: Toxtricity|0 fnt\n|-enditem|p1a: Toxtricity|Choice Scarf|[from] move: Knock Off|[of] p2a: Seviper\n|faint|p1a: Toxtricity\n|\n|upkeep\n|inactive|Time left: 300 sec this turn | 300 sec total | 5 sec grace\n|\n|t:|1783553458\n|switch|p1a: Swampert|Swampert, L83, F|302/302\n|turn|19\n|inactive|Time left: 300 sec this turn | 300 sec total\n|\n|t:|1783553459\n|-terastallize|p1a: Swampert|Steel\n|move|p2a: Seviper|Knock Off|p1a: Swampert\n|-crit|p1a: Swampert\n|-damage|p1a: Swampert|177/302\n|-enditem|p1a: Swampert|Leftovers|[from] move: Knock Off|[of] p2a: Seviper\n|move|p1a: Swampert|Earthquake|p2a: Seviper\n|-supereffective|p2a: Seviper\n|-damage|p2a: Seviper|0 fnt\n|faint|p2a: Seviper\n|\n|upkeep\n|\n|t:|1783553459\n|switch|p2a: Greedent|Greedent, L86, M, tera:Ghost|1/100\n|turn|20\n|inactive|Time left: 300 sec this turn | 300 sec total\n|\n|t:|1783553460\n|move|p1a: Swampert|Ice Beam|p2a: Greedent\n|-damage|p2a: Greedent|0 fnt\n|faint|p2a: Greedent\n|\n|win|p0x1158c3bd", "uploadtime": 1783553460, "views": 0, "rating": 0, "private": 0, "password": null, "_winner": "p0x1158c3bd", "_our_name": "p0x1158c3bd"}