{"id": "battle-gen9randombattle-2917", "formatid": "gen9randombattle", "format": "[Gen 9] Random Battle", "players": ["p0x29174b1e", "p0y29177c1a"], "log": "|init|battle\n|title|p0x29174b1e vs. p0y29177c1a\n|j|\u2606p0x29174b1e\n|j|\u2606p0y29177c1a\n|t:|1783573590\n|gametype|singles\n|player|p1|p0x29174b1e|1|\n|player|p2|p0y29177c1a|169|\n|gen|9\n|tier|[Gen 9] Random Battle\n|rule|Species Clause: Limit one of each Pok\u00e9mon\n|rule|HP Percentage Mod: HP is shown in percentages\n|rule|Sleep Clause Mod: Limit one foe put to sleep\n|rule|Illusion Level Mod: Illusion disguises the Pok\u00e9mon's true level\n|\n|t:|1783573590\n|teamsize|p1|6\n|teamsize|p2|6\n|start\n|switch|p1a: Flutter Mane|Flutter Mane, L74|100/100\n|switch|p2a: Granbull|Granbull, L88, M|302/302\n|-ability|p2a: Granbull|Intimidate|boost\n|-unboost|p1a: Flutter Mane|atk|1\n|turn|1\n|inactive|Battle timer is ON: inactive players will automatically lose when time's up. (requested by p0y29177c1a)\n|inactive|p0x29174b1e also wants the timer to be on.\n|\n|t:|1783573592\n|move|p1a: Flutter Mane|Moonblast|p2a: Granbull\n|-damage|p2a: Granbull|101/302\n|move|p2a: Granbull|Play Rough|p1a: Flutter Mane\n|-damage|p1a: Flutter Mane|12/100\n|\n|-heal|p2a: Granbull|119/302|[from] item: Leftovers\n|upkeep\n|turn|2\n|inactive|Time left: 300 sec this turn | 300 sec total\n|\n|t:|1783573593\n|switch|p2a: Slowking|Slowking, L88, F|310/310\n|move|p1a: Flutter Mane|Moonblast|p2a: Slowking\n|-damage|p2a: Slowking|186/310\n|\n|upkeep\n|turn|3\n|inactive|Time left: 300 sec this turn | 300 sec total\n|\n|t:|1783573594\n|move|p1a: Flutter Mane|Moonblast|p2a: Slowking\n|-crit|p2a: Slowking\n|-damage|p2a: Slowking|0 fnt\n|faint|p2a: Slowking\n|\n|upkeep\n|inactive|Time left: 300 sec this turn | 300 sec total | 5 sec grace\n|\n|t:|1783573595\n|switch|p2a: Spidops|Spidops, L96, M|271/271\n|turn|4\n|inactive|Time left: 300 sec this turn | 300 sec total\n|\n|t:|1783573596\n|move|p1a: Flutter Mane|Moonblast|p2a: Spidops\n|-crit|p2a: Spidops\n|-damage|p2a: Spidops|79/271\n|move|p2a: Spidops|Sticky Web|p1a: Flutter Mane\n|-sidestart|p1: p0x29174b1e|move: Sticky Web\n|\n|upkeep\n|turn|5\n|inactive|Time left: 300 sec this turn | 300 sec total\n|\n|t:|1783573597\n|switch|p2a: Stantler|Stantler, L92, F|284/284\n|-ability|p2a: Stantler|Intimidate|boost\n|-unboost|p1a: Flutter Mane|atk|1\n|move|p1a: Flutter Mane|Moonblast|p2a: Stantler\n|-damage|p2a: Stantler|160/284\n|-unboost|p2a: Stantler|spa|1\n|\n|upkeep\n|turn|6\n|inactive|Time left: 300 sec this turn | 300 sec total\n|\n|t:|1783573598\n|move|p1a: Flutter Mane|Moonblast|p2a: Stantler\n|-damage|p2a: Stantler|43/284\n|-unboost|p2a: Stantler|spa|1\n|move|p2a: Stantler|Thunder Wave|p1a: Flutter Mane\n|-status|p1a: Flutter Mane|par\n|\n|upkeep\n|turn|7\n|inactive|Time left: 300 sec this turn | 300 sec total\n|\n|t:|1783573599\n|move|p2a: Stantler|Throat Chop|p1a: Flutter Mane\n|-damage|p1a: Flutter Mane|0 fnt\n|faint|p1a: Flutter Mane\n|-end|p1a: Flutter Mane|Protosynthesis|[silent]\n|\n|upkeep\n|\n|t:|1783573600\n|switch|p1a: Tentacruel|Tentacruel, L84, F|100/100\n|-activate|p1a: Tentacruel|move: Sticky Web\n|-unboost|p1a: Tentacruel|spe|1\n|turn|8\n|inactive|Time left: 300 sec this turn | 300 sec total\n|\n|t:|1783573601\n|move|p2a: Stantler|Body Slam|p1a: Tentacruel\n|-damage|p1a: Tentacruel|50/100\n|move|p1a: Tentacruel|Rapid Spin|p2a: Stantler\n|-damage|p2a: Stantler|19/284\n|-boost|p1a: Tentacruel|spe|1\n|-sideend|p1: p0x29174b1e|Sticky Web|[from] move: Rapid Spin|[of] p1a: Tentacruel\n|\n|upkeep\n|turn|9\n|inactive|Time left: 300 sec this turn | 300 sec total\n|\n|t:|1783573602\n|switch|p2a: Granbull|Granbull, L88, M|119/302\n|-ability|p2a: Granbull|Intimidate|boost\n|-unboost|p1a: Tentacruel|atk|1\n|move|p1a: Tentacruel|Sludge Bomb|p2a: Granbull\n|-supereffective|p2a: Granbull\n|-damage|p2a: Granbull|0 fnt\n|faint|p2a: Granbull\n|\n|upkeep\n|inactive|Time left: 300 sec this turn | 300 sec total | 5 sec grace\n|\n|t:|1783573603\n|switch|p2a: Scyther|Scyther, L82, F|249/249\n|turn|10\n|inactive|Time left: 300 sec this turn | 300 sec total\n|\n|t:|1783573604\n|switch|p1a: Registeel|Registeel, L81|100/100\n|move|p2a: Scyther|Dual Wingbeat|p1a: Registeel\n|-resisted|p1a: Registeel\n|-damage|p1a: Registeel|91/100\n|-resisted|p1a: Registeel\n|-damage|p1a: Registeel|82/100\n|-hitcount|p1a: Registeel|2\n|\n|upkeep\n|turn|11\n|inactive|Time left: 300 sec this turn | 300 sec total\n|\n|t:|1783573605\n|move|p2a: Scyther|Swords Dance|p2a: Scyther\n|-boost|p2a: Scyther|atk|2\n|move|p1a: Registeel|Iron Defense|p1a: Registeel\n|-boost|p1a: Registeel|def|2\n|\n|upkeep\n|turn|12\n|inactive|Time left: 300 sec this turn | 300 sec total\n|\n|t:|1783573606\n|move|p2a: Scyther|Swords Dance|p2a: Scyther\n|-boost|p2a: Scyther|atk|2\n|move|p1a: Registeel|Iron Defense|p1a: Registeel\n|-boost|p1a: Registeel|def|2\n|\n|upkeep\n|turn|13\n|inactive|Time left: 300 sec this turn | 300 sec total\n|\n|t:|1783573607\n|move|p2a: Scyther|Dual Wingbeat|p1a: Registeel\n|-resisted|p1a: Registeel\n|-damage|p1a: Registeel|74/100\n|-resisted|p1a: Registeel\n|-damage|p1a: Registeel|65/100\n|-hitcount|p1a: Registeel|2\n|move|p1a: Registeel|Body Press|p2a: Scyther\n|-resisted|p2a: Scyther\n|-damage|p2a: Scyther|193/249\n|\n|upkeep\n|turn|14\n|inactive|Time left: 300 sec this turn | 300 sec total\n|\n|t:|1783573608\n|move|p2a: Scyther|Dual Wingbeat|p1a: Registeel\n|-resisted|p1a: Registeel\n|-damage|p1a: Registeel|57/100\n|-resisted|p1a: Registeel\n|-damage|p1a: Registeel|49/100\n|-hitcount|p1a: Registeel|2\n|move|p1a: Registeel|Rest|p1a: Registeel\n|-status|p1a: Registeel|slp|[from] move: Rest\n|-heal|p1a: Registeel|100/100 slp|[silent]\n|-enditem|p1a: Registeel|Chesto Berry|[eat]\n|-curestatus|p1a: Registeel|slp|[msg]\n|\n|upkeep\n|turn|15\n|inactive|Time left: 300 sec this turn | 300 sec total\n|\n|t:|1783573609\n|move|p2a: Scyther|Dual Wingbeat|p1a: Registeel\n|-resisted|p1a: Registeel\n|-damage|p1a: Registeel|92/100\n|-resisted|p1a: Registeel\n|-damage|p1a: Registeel|83/100\n|-hitcount|p1a: Registeel|2\n|move|p1a: Registeel|Iron Head|p2a: Scyther\n|-damage|p2a: Scyther|121/249\n|\n|upkeep\n|turn|16\n|inactive|Time left: 300 sec this turn | 300 sec total\n|\n|t:|1783573610\n|move|p2a: Scyther|Dual Wingbeat|p1a: Registeel\n|-resisted|p1a: Registeel\n|-damage|p1a: Registeel|75/100\n|-resisted|p1a: Registeel\n|-damage|p1a: Registeel|65/100\n|-hitcount|p1a: Registeel|2\n|move|p1a: Registeel|Body Press|p2a: Scyther\n|-resisted|p2a: Scyther\n|-damage|p2a: Scyther|63/249\n|\n|upkeep\n|turn|17\n|inactive|Time left: 300 sec this turn | 300 sec total\n|\n|t:|1783573611\n|-terastallize|p2a: Scyther|Fighting\n|move|p2a: Scyther|Close Combat|p1a: Registeel\n|-supereffective|p1a: Registeel\n|-damage|p1a: Registeel|1/100\n|-unboost|p2a: Scyther|def|1\n|-unboost|p2a: Scyther|spd|1\n|move|p1a: Registeel|Iron Head|p2a: Scyther\n|-damage|p2a: Scyther|0 fnt\n|faint|p2a: Scyther\n|\n|upkeep\n|inactive|Time left: 300 sec this turn | 300 sec total | 5 sec grace\n|\n|t:|1783573612\n|switch|p2a: Stantler|Stantler, L92, F|19/284\n|-ability|p2a: Stantler|Intimidate|boost\n|-fail|p1a: Registeel|unboost|[from] ability: Clear Body|[of] p1a: Registeel\n|turn|18\n|inactive|Time left: 300 sec this turn | 300 sec total\n|\n|t:|1783573613\n|move|p2a: Stantler|Body Slam|p1a: Registeel\n|-resisted|p1a: Registeel\n|-damage|p1a: Registeel|0 fnt\n|faint|p1a: Registeel\n|\n|upkeep\n|\n|t:|1783573614\n|switch|p1a: Scizor|Scizor, L79, F|100/100\n|turn|19\n|inactive|Time left: 300 sec this turn | 300 sec total\n|\n|t:|1783573615\n|move|p1a: Scizor|Bullet Punch|p2a: Stantler\n|-damage|p2a: Stantler|0 fnt\n|faint|p2a: Stantler\n|\n|upkeep\n|inactive|Time left: 300 sec this turn | 300 sec total | 5 sec grace\n|\n|t:|1783573616\n|switch|p2a: Electrode|Electrode, L92|260/260\n|turn|20\n|inactive|Time left: 300 sec this turn | 300 sec total\n|\n|t:|1783573617\n|switch|p1a: Blissey|Blissey, L85, F|100/100\n|move|p2a: Electrode|Thunderbolt|p1a: Blissey\n|-damage|p1a: Blissey|85/100\n|-damage|p2a: Electrode|234/260|[from] item: Life Orb\n|\n|-heal|p1a: Blissey|92/100|[from] item: Leftovers\n|upkeep\n|turn|21\n|inactive|Time left: 300 sec this turn | 300 sec total\n|\n|t:|1783573618\n|move|p2a: Electrode|Thunderbolt|p1a: Blissey\n|-damage|p1a: Blissey|77/100\n|-damage|p2a: Electrode|208/260|[from] item: Life Orb\n|move|p1a: Blissey|Seismic Toss|p2a: Electrode\n|-damage|p2a: Electrode|123/260\n|\n|-heal|p1a: Blissey|83/100|[from] item: Leftovers\n|upkeep\n|turn|22\n|inactive|Time left: 300 sec this turn | 300 sec total\n|\n|t:|1783573619\n|move|p2a: Electrode|Thunderbolt|p1a: Blissey\n|-damage|p1a: Blissey|68/100\n|-damage|p2a: Electrode|97/260|[from] item: Life Orb\n|move|p1a: Blissey|Seismic Toss|p2a: Electrode\n|-damage|p2a: Electrode|12/260\n|\n|-heal|p1a: Blissey|74/100|[from] item: Leftovers\n|upkeep\n|turn|23\n|inactive|Time left: 300 sec this turn | 300 sec total\n|\n|t:|1783573620\n|move|p2a: Electrode|Thunderbolt|p1a: Blissey\n|-damage|p1a: Blissey|59/100\n|-damage|p2a: Electrode|0 fnt|[from] item: Life Orb\n|faint|p2a: Electrode\n|move|p1a: Blissey|Seismic Toss|p2: Electrode|[notarget]\n|-fail|p1a: Blissey\n|\n|-heal|p1a: Blissey|65/100|[from] item: Leftovers\n|upkeep\n|inactive|Time left: 300 sec this turn | 300 sec total | 5 sec grace\n|\n|t:|1783573621\n|switch|p2a: Spidops|Spidops, L96, M|79/271\n|turn|24\n|inactive|Time left: 300 sec this turn | 300 sec total\n|\n|t:|1783573622\n|move|p1a: Blissey|Seismic Toss|p2a: Spidops\n|-damage|p2a: Spidops|0 fnt\n|faint|p2a: Spidops\n|\n|win|p0x29174b1e", "uploadtime": 1783573622, "views": 0, "rating": 0, "private": 0, "password": null, "_winner": "p0x29174b1e", "_our_name": "p0y29177c1a"}