{"id": "battle-gen9randombattle-1508", "formatid": "gen9randombattle", "format": "[Gen 9] Random Battle", "players": ["p0x1508d167", "p0y15082d2c"], "log": "|init|battle\n|title|p0x1508d167 vs. p0y15082d2c\n|j|\u2606p0x1508d167\n|j|\u2606p0y15082d2c\n|t:|1783557567\n|gametype|singles\n|player|p1|p0x1508d167|169|\n|player|p2|p0y15082d2c|102|\n|gen|9\n|tier|[Gen 9] Random Battle\n|rule|Species Clause: Limit one of each Pok\u00e9mon\n|rule|HP Percentage Mod: HP is shown in percentages\n|rule|Sleep Clause Mod: Limit one foe put to sleep\n|rule|Illusion Level Mod: Illusion disguises the Pok\u00e9mon's true level\n|\n|t:|1783557567\n|teamsize|p1|6\n|teamsize|p2|6\n|start\n|switch|p1a: Rhydon|Rhydon, L85, F|317/317\n|switch|p2a: Feraligatr|Feraligatr, L79, M|100/100\n|turn|1\n|inactive|Battle timer is ON: inactive players will automatically lose when time's up. (requested by p0x1508d167)\n|inactive|p0y15082d2c also wants the timer to be on.\n|\n|t:|1783557568\n|-terastallize|p1a: Rhydon|Water\n|move|p2a: Feraligatr|Liquidation|p1a: Rhydon\n|-resisted|p1a: Rhydon\n|-crit|p1a: Rhydon\n|-damage|p1a: Rhydon|262/317\n|move|p1a: Rhydon|Earthquake|p2a: Feraligatr\n|-damage|p2a: Feraligatr|50/100\n|\n|upkeep\n|turn|2\n|inactive|Time left: 300 sec this turn | 300 sec total\n|\n|t:|1783557569\n|switch|p2a: Hariyama|Hariyama, L87, F|100/100\n|move|p1a: Rhydon|Stone Edge|p2a: Hariyama|[miss]\n|-miss|p1a: Rhydon|p2a: Hariyama\n|\n|-status|p2a: Hariyama|brn|[from] item: Flame Orb\n|upkeep\n|turn|3\n|inactive|Time left: 300 sec this turn | 300 sec total\n|\n|t:|1783557570\n|move|p2a: Hariyama|Knock Off|p1a: Rhydon\n|-damage|p1a: Rhydon|190/317\n|-enditem|p1a: Rhydon|Eviolite|[from] move: Knock Off|[of] p2a: Hariyama\n|move|p1a: Rhydon|Earthquake|p2a: Hariyama\n|-damage|p2a: Hariyama|58/100 brn\n|\n|-damage|p2a: Hariyama|52/100 brn|[from] brn\n|upkeep\n|turn|4\n|inactive|Time left: 300 sec this turn | 300 sec total\n|\n|t:|1783557571\n|-terastallize|p2a: Hariyama|Normal\n|move|p2a: Hariyama|Facade|p1a: Rhydon\n|-damage|p1a: Rhydon|0 fnt\n|faint|p1a: Rhydon\n|\n|-damage|p2a: Hariyama|46/100 brn|[from] brn\n|upkeep\n|inactive|Time left: 300 sec this turn | 300 sec total | 5 sec grace\n|\n|t:|1783557572\n|switch|p1a: Diancie|Diancie, L82|216/216\n|turn|5\n|inactive|Time left: 300 sec this turn | 300 sec total\n|\n|t:|1783557574\n|move|p2a: Hariyama|Close Combat|p1a: Diancie\n|-damage|p1a: Diancie|66/216\n|-unboost|p2a: Hariyama|def|1\n|-unboost|p2a: Hariyama|spd|1\n|move|p1a: Diancie|Body Press|p2a: Hariyama\n|-supereffective|p2a: Hariyama\n|-damage|p2a: Hariyama|0 fnt\n|faint|p2a: Hariyama\n|\n|upkeep\n|\n|t:|1783557575\n|switch|p2a: Oranguru|Oranguru, L92, F|100/100\n|turn|6\n|inactive|Time left: 300 sec this turn | 300 sec total\n|\n|t:|1783557576\n|switch|p1a: Grumpig|Grumpig, L92, M|297/297\n|move|p2a: Oranguru|Psyshock|p1a: Grumpig\n|-resisted|p1a: Grumpig\n|-damage|p1a: Grumpig|221/297\n|\n|-heal|p1a: Grumpig|239/297|[from] item: Leftovers\n|upkeep\n|turn|7\n|inactive|Time left: 300 sec this turn | 300 sec total\n|\n|t:|1783557577\n|move|p1a: Grumpig|Nasty Plot|p1a: Grumpig\n|-boost|p1a: Grumpig|spa|2\n|move|p2a: Oranguru|Psyshock|p1a: Grumpig\n|-resisted|p1a: Grumpig\n|-damage|p1a: Grumpig|164/297\n|\n|-heal|p1a: Grumpig|182/297|[from] item: Leftovers\n|upkeep\n|turn|8\n|inactive|Time left: 300 sec this turn | 300 sec total\n|\n|t:|1783557578\n|move|p1a: Grumpig|Psyshock|p2a: Oranguru\n|-resisted|p2a: Oranguru\n|-damage|p2a: Oranguru|69/100\n|move|p2a: Oranguru|Psyshock|p1a: Grumpig\n|-resisted|p1a: Grumpig\n|-damage|p1a: Grumpig|96/297\n|\n|-heal|p1a: Grumpig|114/297|[from] item: Leftovers\n|upkeep\n|turn|9\n|inactive|Time left: 300 sec this turn | 300 sec total\n|\n|t:|1783557580\n|move|p1a: Grumpig|Earth Power|p2a: Oranguru\n|-damage|p2a: Oranguru|35/100\n|move|p2a: Oranguru|Psyshock|p1a: Grumpig\n|-resisted|p1a: Grumpig\n|-damage|p1a: Grumpig|29/297\n|\n|-heal|p1a: Grumpig|47/297|[from] item: Leftovers\n|upkeep\n|turn|10\n|inactive|Time left: 300 sec this turn | 300 sec total\n|\n|t:|1783557581\n|move|p1a: Grumpig|Earth Power|p2a: Oranguru\n|-damage|p2a: Oranguru|0 fnt\n|faint|p2a: Oranguru\n|\n|-heal|p1a: Grumpig|65/297|[from] item: Leftovers\n|upkeep\n|\n|t:|1783557582\n|switch|p2a: Manaphy|Manaphy, L78|100/100\n|turn|11\n|inactive|Time left: 300 sec this turn | 300 sec total\n|\n|t:|1783557583\n|move|p2a: Manaphy|Tail Glow|p2a: Manaphy\n|-boost|p2a: Manaphy|spa|3\n|move|p1a: Grumpig|Psyshock|p2a: Manaphy\n|-damage|p2a: Manaphy|38/100\n|\n|-heal|p2a: Manaphy|44/100|[from] item: Leftovers\n|-heal|p1a: Grumpig|83/297|[from] item: Leftovers\n|upkeep\n|turn|12\n|inactive|Time left: 300 sec this turn | 300 sec total\n|\n|t:|1783557584\n|move|p2a: Manaphy|Energy Ball|p1a: Grumpig\n|-damage|p1a: Grumpig|0 fnt\n|faint|p1a: Grumpig\n|\n|-heal|p2a: Manaphy|50/100|[from] item: Leftovers\n|upkeep\n|inactive|Time left: 300 sec this turn | 300 sec total | 5 sec grace\n|\n|t:|1783557585\n|switch|p1a: Incineroar|Incineroar, L82, F|290/290\n|-ability|p1a: Incineroar|Intimidate|boost\n|-unboost|p2a: Manaphy|atk|1\n|turn|13\n|inactive|Time left: 300 sec this turn | 300 sec total\n|\n|t:|1783557585\n|move|p1a: Incineroar|Knock Off|p2a: Manaphy\n|-damage|p2a: Manaphy|14/100\n|-enditem|p2a: Manaphy|Leftovers|[from] move: Knock Off|[of] p1a: Incineroar\n|move|p2a: Manaphy|Hydro Pump|p1a: Incineroar\n|-supereffective|p1a: Incineroar\n|-damage|p1a: Incineroar|0 fnt\n|faint|p1a: Incineroar\n|\n|upkeep\n|inactive|Time left: 300 sec this turn | 300 sec total | 5 sec grace\n|\n|t:|1783557586\n|switch|p1a: Cyclizar|Cyclizar, L84, F|255/255\n|turn|14\n|inactive|Time left: 300 sec this turn | 300 sec total\n|\n|t:|1783557587\n|move|p1a: Cyclizar|Rapid Spin|p2a: Manaphy\n|-damage|p2a: Manaphy|0 fnt\n|-boost|p1a: Cyclizar|spe|1\n|faint|p2a: Manaphy\n|\n|upkeep\n|\n|t:|1783557588\n|switch|p2a: Cacturne|Cacturne, L92, M|100/100\n|turn|15\n|inactive|Time left: 300 sec this turn | 300 sec total\n|\n|t:|1783557589\n|move|p1a: Cyclizar|Shed Tail|p1a: Cyclizar\n|-start|p1a: Cyclizar|Substitute|[from] move: Shed Tail\n|-damage|p1a: Cyclizar|127/255\n|inactive|Time left: 300 sec this turn | 300 sec total | 5 sec grace\n|\n|t:|1783557590\n|switch|p1a: Diancie|Diancie, L82|66/216|[from] Shed Tail\n|move|p2a: Cacturne|Seed Bomb|p1a: Diancie\n|-supereffective|p1a: Diancie\n|-end|p1a: Diancie|Substitute\n|-damage|p2a: Cacturne|91/100|[from] item: Life Orb\n|\n|upkeep\n|turn|16\n|inactive|Time left: 300 sec this turn | 300 sec total\n|\n|t:|1783557591\n|move|p2a: Cacturne|Seed Bomb|p1a: Diancie\n|-supereffective|p1a: Diancie\n|-damage|p1a: Diancie|0 fnt\n|faint|p1a: Diancie\n|-damage|p2a: Cacturne|81/100|[from] item: Life Orb\n|\n|upkeep\n|inactive|Time left: 300 sec this turn | 300 sec total | 5 sec grace\n|\n|t:|1783557592\n|switch|p1a: Cyclizar|Cyclizar, L84, F|212/255\n|turn|17\n|inactive|Time left: 300 sec this turn | 300 sec total\n|\n|t:|1783557592\n|move|p1a: Cyclizar|Shed Tail|p1a: Cyclizar\n|-start|p1a: Cyclizar|Substitute|[from] move: Shed Tail\n|-damage|p1a: Cyclizar|84/255\n|inactive|Time left: 300 sec this turn | 300 sec total | 5 sec grace\n|\n|t:|1783557593\n|switch|p1a: Sunflora|Sunflora, M|312/312|[from] Shed Tail\n|move|p2a: Cacturne|Knock Off|p1a: Sunflora\n|-end|p1a: Sunflora|Substitute\n|-damage|p2a: Cacturne|71/100|[from] item: Life Orb\n|\n|upkeep\n|turn|18\n|inactive|Time left: 300 sec this turn | 300 sec total\n|\n|t:|1783557594\n|move|p2a: Cacturne|Knock Off|p1a: Sunflora\n|-damage|p1a: Sunflora|92/312\n|-enditem|p1a: Sunflora|Life Orb|[from] move: Knock Off|[of] p2a: Cacturne\n|-damage|p2a: Cacturne|62/100|[from] item: Life Orb\n|move|p1a: Sunflora|Sunny Day|p1a: Sunflora\n|-weather|SunnyDay\n|\n|-weather|SunnyDay|[upkeep]\n|upkeep\n|turn|19\n|inactive|Time left: 300 sec this turn | 300 sec total\n|\n|t:|1783557595\n|move|p1a: Sunflora|Sunny Day||[still]\n|-fail|p1a: Sunflora\n|move|p2a: Cacturne|Knock Off|p1a: Sunflora\n|-damage|p1a: Sunflora|0 fnt\n|faint|p1a: Sunflora\n|-damage|p2a: Cacturne|52/100|[from] item: Life Orb\n|\n|-weather|SunnyDay|[upkeep]\n|upkeep\n|inactive|Time left: 300 sec this turn | 300 sec total | 5 sec grace\n|\n|t:|1783557596\n|switch|p1a: Cyclizar|Cyclizar, L84, F|169/255\n|turn|20\n|inactive|Time left: 300 sec this turn | 300 sec total\n|\n|t:|1783557597\n|move|p1a: Cyclizar|Shed Tail|p1a: Cyclizar\n|-fail|p1a: Cyclizar\n|move|p2a: Cacturne|Knock Off|p1a: Cyclizar\n|-damage|p1a: Cyclizar|0 fnt\n|-enditem|p1a: Cyclizar|Heavy-Duty Boots|[from] move: Knock Off|[of] p2a: Cacturne\n|faint|p1a: Cyclizar\n|-damage|p2a: Cacturne|42/100|[from] item: Life Orb\n|\n|win|p0y15082d2c", "uploadtime": 1783557597, "views": 0, "rating": 0, "private": 0, "password": null, "_winner": "p0y15082d2c", "_our_name": "p0x1508d167"}