{"id": "battle-gen9randombattle-88", "formatid": "gen9randombattle", "format": "[Gen 9] Random Battle", "players": ["p0x0889c77", "p0y08863ef"], "log": "|init|battle\n|title|p0x0889c77 vs. p0y08863ef\n|j|\u2606p0x0889c77\n|j|\u2606p0y08863ef\n|t:|1783534277\n|gametype|singles\n|player|p1|p0x0889c77|101|\n|player|p2|p0y08863ef|102|\n|gen|9\n|tier|[Gen 9] Random Battle\n|rule|Species Clause: Limit one of each Pok\u00e9mon\n|rule|HP Percentage Mod: HP is shown in percentages\n|rule|Sleep Clause Mod: Limit one foe put to sleep\n|rule|Illusion Level Mod: Illusion disguises the Pok\u00e9mon's true level\n|\n|t:|1783534277\n|teamsize|p1|6\n|teamsize|p2|6\n|start\n|switch|p1a: Dusknoir|Dusknoir, L89, M|225/225\n|switch|p2a: Jumpluff|Jumpluff, L87, M|100/100\n|turn|1\n|inactive|Battle timer is ON: inactive players will automatically lose when time's up. (requested by p0y08863ef)\n|inactive|Time left: 300 sec this turn | 300 sec total | 60 sec grace\n|inactive|p0x0889c77 also wants the timer to be on.\n|\n|t:|1783534279\n|switch|p1a: Gogoat|Gogoat, L88, F|360/360\n|move|p2a: Jumpluff|Leech Seed|p1a: Gogoat\n|-ability|p1a: Gogoat|Sap Sipper|boost\n|-boost|p1a: Gogoat|atk|1\n|\n|upkeep\n|turn|2\n|inactive|Time left: 300 sec this turn | 300 sec total\n|\n|t:|1783534280\n|move|p2a: Jumpluff|Acrobatics|p1a: Gogoat\n|-supereffective|p1a: Gogoat\n|-damage|p1a: Gogoat|156/360\n|move|p1a: Gogoat|Bulk Up|p1a: Gogoat\n|-boost|p1a: Gogoat|atk|1\n|-boost|p1a: Gogoat|def|1\n|\n|-heal|p1a: Gogoat|178/360|[from] item: Leftovers\n|upkeep\n|turn|3\n|inactive|Time left: 300 sec this turn | 300 sec total\n|\n|t:|1783534281\n|move|p2a: Jumpluff|Acrobatics|p1a: Gogoat\n|-supereffective|p1a: Gogoat\n|-damage|p1a: Gogoat|32/360\n|move|p1a: Gogoat|Milk Drink|p1a: Gogoat\n|-heal|p1a: Gogoat|212/360\n|\n|-heal|p1a: Gogoat|234/360|[from] item: Leftovers\n|upkeep\n|turn|4\n|inactive|Time left: 300 sec this turn | 300 sec total\n|\n|t:|1783534282\n|move|p2a: Jumpluff|Acrobatics|p1a: Gogoat\n|-supereffective|p1a: Gogoat\n|-damage|p1a: Gogoat|84/360\n|move|p1a: Gogoat|Horn Leech|p2a: Jumpluff\n|-resisted|p2a: Jumpluff\n|-damage|p2a: Jumpluff|81/100\n|-heal|p1a: Gogoat|110/360|[from] drain|[of] p2a: Jumpluff\n|\n|-heal|p1a: Gogoat|132/360|[from] item: Leftovers\n|upkeep\n|turn|5\n|inactive|Time left: 300 sec this turn | 300 sec total\n|\n|t:|1783534284\n|-terastallize|p1a: Gogoat|Ground\n|move|p2a: Jumpluff|Acrobatics|p1a: Gogoat\n|-damage|p1a: Gogoat|57/360\n|move|p1a: Gogoat|Milk Drink|p1a: Gogoat\n|-heal|p1a: Gogoat|237/360\n|\n|-heal|p1a: Gogoat|259/360|[from] item: Leftovers\n|upkeep\n|turn|6\n|inactive|Time left: 300 sec this turn | 300 sec total\n|\n|t:|1783534285\n|move|p2a: Jumpluff|Acrobatics|p1a: Gogoat\n|-damage|p1a: Gogoat|195/360\n|move|p1a: Gogoat|Earthquake|p2a: Jumpluff\n|-immune|p2a: Jumpluff\n|\n|-heal|p1a: Gogoat|217/360|[from] item: Leftovers\n|upkeep\n|turn|7\n|inactive|Time left: 300 sec this turn | 300 sec total\n|\n|t:|1783534286\n|move|p2a: Jumpluff|Acrobatics|p1a: Gogoat\n|-damage|p1a: Gogoat|150/360\n|move|p1a: Gogoat|Earthquake|p2a: Jumpluff\n|-immune|p2a: Jumpluff\n|\n|-heal|p1a: Gogoat|172/360|[from] item: Leftovers\n|upkeep\n|turn|8\n|inactive|Time left: 300 sec this turn | 300 sec total\n|\n|t:|1783534287\n|move|p2a: Jumpluff|Acrobatics|p1a: Gogoat\n|-damage|p1a: Gogoat|103/360\n|move|p1a: Gogoat|Milk Drink|p1a: Gogoat\n|-heal|p1a: Gogoat|283/360\n|\n|-heal|p1a: Gogoat|305/360|[from] item: Leftovers\n|upkeep\n|turn|9\n|inactive|Time left: 300 sec this turn | 300 sec total\n|\n|t:|1783534288\n|move|p2a: Jumpluff|Acrobatics|p1a: Gogoat\n|-damage|p1a: Gogoat|233/360\n|move|p1a: Gogoat|Horn Leech|p2a: Jumpluff\n|-resisted|p2a: Jumpluff\n|-damage|p2a: Jumpluff|62/100\n|-heal|p1a: Gogoat|259/360|[from] drain|[of] p2a: Jumpluff\n|\n|-heal|p1a: Gogoat|281/360|[from] item: Leftovers\n|upkeep\n|turn|10\n|inactive|Time left: 300 sec this turn | 300 sec total\n|\n|t:|1783534289\n|move|p2a: Jumpluff|Acrobatics|p1a: Gogoat\n|-damage|p1a: Gogoat|212/360\n|move|p1a: Gogoat|Horn Leech|p2a: Jumpluff\n|-resisted|p2a: Jumpluff\n|-damage|p2a: Jumpluff|42/100\n|-heal|p1a: Gogoat|239/360|[from] drain|[of] p2a: Jumpluff\n|\n|-heal|p1a: Gogoat|261/360|[from] item: Leftovers\n|upkeep\n|turn|11\n|inactive|Time left: 300 sec this turn | 300 sec total\n|\n|t:|1783534290\n|move|p2a: Jumpluff|Acrobatics|p1a: Gogoat\n|-damage|p1a: Gogoat|195/360\n|move|p1a: Gogoat|Horn Leech|p2a: Jumpluff\n|-resisted|p2a: Jumpluff\n|-damage|p2a: Jumpluff|23/100\n|-heal|p1a: Gogoat|221/360|[from] drain|[of] p2a: Jumpluff\n|\n|-heal|p1a: Gogoat|243/360|[from] item: Leftovers\n|upkeep\n|turn|12\n|inactive|Time left: 300 sec this turn | 300 sec total\n|\n|t:|1783534292\n|move|p2a: Jumpluff|Acrobatics|p1a: Gogoat\n|-damage|p1a: Gogoat|173/360\n|move|p1a: Gogoat|Horn Leech|p2a: Jumpluff\n|-resisted|p2a: Jumpluff\n|-damage|p2a: Jumpluff|6/100\n|-heal|p1a: Gogoat|197/360|[from] drain|[of] p2a: Jumpluff\n|\n|-heal|p1a: Gogoat|219/360|[from] item: Leftovers\n|upkeep\n|turn|13\n|inactive|Time left: 300 sec this turn | 300 sec total\n|\n|t:|1783534293\n|move|p2a: Jumpluff|Acrobatics|p1a: Gogoat\n|-damage|p1a: Gogoat|155/360\n|move|p1a: Gogoat|Horn Leech|p2a: Jumpluff\n|-resisted|p2a: Jumpluff\n|-damage|p2a: Jumpluff|0 fnt\n|-heal|p1a: Gogoat|163/360|[from] drain|[of] p2a: Jumpluff\n|faint|p2a: Jumpluff\n|\n|-heal|p1a: Gogoat|185/360|[from] item: Leftovers\n|upkeep\n|\n|t:|1783534294\n|switch|p2a: Hoopa|Hoopa-Unbound, L80|100/100\n|turn|14\n|inactive|Time left: 300 sec this turn | 300 sec total\n|\n|t:|1783534295\n|move|p2a: Hoopa|Hyperspace Fury|p1a: Gogoat\n|-damage|p1a: Gogoat|11/360\n|-unboost|p2a: Hoopa|def|1\n|move|p1a: Gogoat|Horn Leech|p2a: Hoopa\n|-damage|p2a: Hoopa|0 fnt\n|-heal|p1a: Gogoat|141/360|[from] drain|[of] p2a: Hoopa\n|faint|p2a: Hoopa\n|\n|-heal|p1a: Gogoat|163/360|[from] item: Leftovers\n|upkeep\n|\n|t:|1783534296\n|switch|p2a: Sunflora|Sunflora, F|100/100\n|turn|15\n|inactive|Time left: 300 sec this turn | 300 sec total\n|\n|t:|1783534297\n|move|p1a: Gogoat|Horn Leech|p2a: Sunflora\n|-resisted|p2a: Sunflora\n|-damage|p2a: Sunflora|68/100\n|-heal|p1a: Gogoat|214/360|[from] drain|[of] p2a: Sunflora\n|move|p2a: Sunflora|Earth Power|p1a: Gogoat\n|-damage|p1a: Gogoat|63/360\n|\n|-heal|p1a: Gogoat|85/360|[from] item: Leftovers\n|upkeep\n|turn|16\n|inactive|Time left: 300 sec this turn | 300 sec total\n|\n|t:|1783534298\n|move|p1a: Gogoat|Milk Drink|p1a: Gogoat\n|-heal|p1a: Gogoat|265/360\n|move|p2a: Sunflora|Earth Power|p1a: Gogoat\n|-damage|p1a: Gogoat|131/360\n|-unboost|p1a: Gogoat|spd|1\n|\n|-heal|p1a: Gogoat|153/360|[from] item: Leftovers\n|upkeep\n|turn|17\n|inactive|Time left: 300 sec this turn | 300 sec total\n|\n|t:|1783534299\n|move|p1a: Gogoat|Milk Drink|p1a: Gogoat\n|-heal|p1a: Gogoat|333/360\n|move|p2a: Sunflora|Earth Power|p1a: Gogoat\n|-damage|p1a: Gogoat|122/360\n|\n|-heal|p1a: Gogoat|144/360|[from] item: Leftovers\n|upkeep\n|turn|18\n|inactive|Time left: 300 sec this turn | 300 sec total\n|\n|t:|1783534300\n|move|p1a: Gogoat|Milk Drink|p1a: Gogoat\n|-heal|p1a: Gogoat|324/360\n|move|p2a: Sunflora|Earth Power|p1a: Gogoat\n|-damage|p1a: Gogoat|117/360\n|\n|-heal|p1a: Gogoat|139/360|[from] item: Leftovers\n|upkeep\n|turn|19\n|inactive|Time left: 300 sec this turn | 300 sec total\n|\n|t:|1783534301\n|move|p1a: Gogoat|Milk Drink|p1a: Gogoat\n|-heal|p1a: Gogoat|319/360\n|move|p2a: Sunflora|Earth Power|p1a: Gogoat\n|-damage|p1a: Gogoat|108/360\n|\n|-heal|p1a: Gogoat|130/360|[from] item: Leftovers\n|upkeep\n|turn|20\n|inactive|Time left: 300 sec this turn | 300 sec total\n|\n|t:|1783534302\n|move|p1a: Gogoat|Milk Drink|p1a: Gogoat\n|-heal|p1a: Gogoat|310/360\n|move|p2a: Sunflora|Earth Power|p1a: Gogoat\n|-damage|p1a: Gogoat|84/360\n|\n|-heal|p1a: Gogoat|106/360|[from] item: Leftovers\n|upkeep\n|turn|21\n|inactive|Time left: 300 sec this turn | 300 sec total\n|\n|t:|1783534303\n|move|p1a: Gogoat|Earthquake|p2a: Sunflora\n|-resisted|p2a: Sunflora\n|-damage|p2a: Sunflora|26/100\n|move|p2a: Sunflora|Earth Power|p1a: Gogoat\n|-damage|p1a: Gogoat|0 fnt\n|faint|p1a: Gogoat\n|\n|upkeep\n|inactive|Time left: 300 sec this turn | 300 sec total | 5 sec grace\n|\n|t:|1783534304\n|switch|p1a: Gardevoir|Gardevoir, L83, M|249/249\n|-ability|p1a: Gardevoir|Chlorophyll|Trace|[from] ability: Trace|[of] p2a: Sunflora\n|turn|22\n|inactive|Time left: 300 sec this turn | 300 sec total\n|\n|t:|1783534305\n|switch|p2a: Probopass|Probopass, L91, F|100/100\n|move|p1a: Gardevoir|Moonblast|p2a: Probopass\n|-resisted|p2a: Probopass\n|-damage|p2a: Probopass|82/100\n|-damage|p1a: Gardevoir|225/249|[from] item: Life Orb\n|\n|upkeep\n|turn|23\n|inactive|Time left: 300 sec this turn | 300 sec total\n|\n|t:|1783534307\n|move|p1a: Gardevoir|Focus Blast|p2a: Probopass\n|-supereffective|p2a: Probopass\n|-damage|p2a: Probopass|0 fnt\n|faint|p2a: Probopass\n|-damage|p1a: Gardevoir|201/249|[from] item: Life Orb\n|\n|upkeep\n|\n|t:|1783534308\n|switch|p2a: Skeledirge|Skeledirge, L79, M|100/100\n|turn|24\n|inactive|Time left: 300 sec this turn | 300 sec total\n|\n|t:|1783534309\n|move|p1a: Gardevoir|Psychic|p2a: Skeledirge\n|-damage|p2a: Skeledirge|45/100\n|-damage|p1a: Gardevoir|177/249|[from] item: Life Orb\n|move|p2a: Skeledirge|Torch Song|p1a: Gardevoir\n|-damage|p1a: Gardevoir|113/249\n|-boost|p2a: Skeledirge|spa|1\n|\n|upkeep\n|turn|25\n|inactive|Time left: 300 sec this turn | 300 sec total\n|\n|t:|1783534310\n|move|p1a: Gardevoir|Psychic|p2a: Skeledirge\n|-damage|p2a: Skeledirge|0 fnt\n|faint|p2a: Skeledirge\n|-damage|p1a: Gardevoir|89/249|[from] item: Life Orb\n|\n|upkeep\n|\n|t:|1783534311\n|switch|p2a: Palossand|Palossand, L89, M|100/100\n|turn|26\n|inactive|Time left: 300 sec this turn | 300 sec total\n|\n|t:|1783534312\n|switch|p1a: Decidueye|Decidueye, L88, M|281/281\n|move|p2a: Palossand|Shadow Ball|p1a: Decidueye\n|-supereffective|p1a: Decidueye\n|-damage|p1a: Decidueye|99/281\n|-unboost|p1a: Decidueye|spd|1\n|\n|upkeep\n|turn|27\n|inactive|Time left: 300 sec this turn | 300 sec total\n|\n|t:|1783534313\n|switch|p2a: Sunflora|Sunflora, F|26/100\n|move|p1a: Decidueye|Leaf Storm|p2a: Sunflora\n|-resisted|p2a: Sunflora\n|-damage|p2a: Sunflora|0 fnt\n|-unboost|p1a: Decidueye|spa|2\n|faint|p2a: Sunflora\n|-damage|p1a: Decidueye|71/281|[from] item: Life Orb\n|\n|upkeep\n|\n|t:|1783534314\n|switch|p2a: Palossand|Palossand, L89, M|100/100\n|turn|28\n|inactive|Time left: 300 sec this turn | 300 sec total\n|\n|t:|1783534315\n|move|p1a: Decidueye|Leaf Storm|p2a: Palossand\n|-supereffective|p2a: Palossand\n|-damage|p2a: Palossand|0 fnt\n|-unboost|p1a: Decidueye|spa|2\n|faint|p2a: Palossand\n|-damage|p1a: Decidueye|43/281|[from] item: Life Orb\n|\n|win|p0x0889c77", "uploadtime": 1783534315, "views": 0, "rating": 0, "private": 0, "password": null, "_winner": "p0x0889c77", "_our_name": "p0x0889c77"}