{"id": "battle-gen9randombattle-1085", "formatid": "gen9randombattle", "format": "[Gen 9] Random Battle", "players": ["p0x10850972", "p0y1085f1b5"], "log": "|init|battle\n|title|p0x10850972 vs. p0y1085f1b5\n|j|\u2606p0x10850972\n|j|\u2606p0y1085f1b5\n|t:|1783552528\n|gametype|singles\n|player|p1|p0x10850972|170|\n|player|p2|p0y1085f1b5|170|\n|gen|9\n|tier|[Gen 9] Random Battle\n|rule|Species Clause: Limit one of each Pok\u00e9mon\n|rule|HP Percentage Mod: HP is shown in percentages\n|rule|Sleep Clause Mod: Limit one foe put to sleep\n|rule|Illusion Level Mod: Illusion disguises the Pok\u00e9mon's true level\n|\n|t:|1783552528\n|teamsize|p1|6\n|teamsize|p2|6\n|start\n|switch|p1a: Azelf|Azelf, L82|257/257\n|switch|p2a: Dedenne|Dedenne, L88, F|100/100\n|turn|1\n|inactive|Battle timer is ON: inactive players will automatically lose when time's up. (requested by p0x10850972)\n|\n|t:|1783552529\n|move|p1a: Azelf|Nasty Plot|p1a: Azelf\n|-boost|p1a: Azelf|spa|2\n|move|p2a: Dedenne|Thunderbolt|p1a: Azelf\n|-damage|p1a: Azelf|142/257\n|-status|p1a: Azelf|par\n|\n|upkeep\n|turn|2\n|inactive|Time left: 300 sec this turn | 300 sec total\n|inactive|p0y1085f1b5 also wants the timer to be on.\n|\n|t:|1783552530\n|move|p2a: Dedenne|Dazzling Gleam|p1a: Azelf\n|-damage|p1a: Azelf|39/257 par\n|move|p1a: Azelf|Psyshock|p2a: Dedenne\n|-damage|p2a: Dedenne|0 fnt\n|faint|p2a: Dedenne\n|-damage|p1a: Azelf|14/257 par|[from] item: Life Orb\n|\n|upkeep\n|\n|t:|1783552531\n|switch|p2a: Leavanny|Leavanny, L86, F|100/100\n|turn|3\n|inactive|Time left: 300 sec this turn | 300 sec total\n|\n|t:|1783552531\n|move|p2a: Leavanny|Sticky Web|p1a: Azelf\n|-sidestart|p1: p0x10850972|move: Sticky Web\n|move|p1a: Azelf|Fire Blast|p2a: Leavanny\n|-supereffective|p2a: Leavanny\n|-damage|p2a: Leavanny|0 fnt\n|faint|p2a: Leavanny\n|-damage|p1a: Azelf|0 fnt|[from] item: Life Orb\n|faint|p1a: Azelf\n|\n|upkeep\n|inactive|Time left: 300 sec this turn | 300 sec total | 5 sec grace\n|\n|t:|1783552532\n|switch|p1a: Rotom|Rotom-Fan, L86|226/226\n|switch|p2a: Cobalion|Cobalion, L80|100/100\n|turn|4\n|inactive|Time left: 300 sec this turn | 300 sec total\n|\n|t:|1783552533\n|move|p2a: Cobalion|Body Press|p1a: Rotom\n|-resisted|p1a: Rotom\n|-damage|p1a: Rotom|187/226\n|move|p1a: Rotom|Nasty Plot|p1a: Rotom\n|-boost|p1a: Rotom|spa|2\n|\n|upkeep\n|turn|5\n|inactive|Time left: 300 sec this turn | 300 sec total\n|\n|t:|1783552534\n|move|p2a: Cobalion|Iron Head|p1a: Rotom\n|-resisted|p1a: Rotom\n|-damage|p1a: Rotom|157/226\n|move|p1a: Rotom|Thunderbolt|p2a: Cobalion\n|-damage|p2a: Cobalion|15/100\n|-status|p2a: Cobalion|par\n|\n|-heal|p2a: Cobalion|21/100 par|[from] item: Leftovers\n|upkeep\n|turn|6\n|inactive|Time left: 300 sec this turn | 300 sec total\n|\n|t:|1783552535\n|move|p1a: Rotom|Thunderbolt|p2a: Cobalion\n|-damage|p2a: Cobalion|0 fnt\n|faint|p2a: Cobalion\n|\n|upkeep\n|\n|t:|1783552537\n|switch|p2a: Arceus|Arceus-Fairy, L69|100/100\n|turn|7\n|inactive|Time left: 300 sec this turn | 300 sec total\n|\n|t:|1783552538\n|move|p2a: Arceus|Judgment|p1a: Rotom\n|-crit|p1a: Rotom\n|-damage|p1a: Rotom|21/226\n|move|p1a: Rotom|Thunderbolt|p2a: Arceus\n|-damage|p2a: Arceus|28/100\n|\n|upkeep\n|turn|8\n|inactive|Time left: 300 sec this turn | 300 sec total\n|\n|t:|1783552539\n|move|p2a: Arceus|Judgment|p1a: Rotom\n|-damage|p1a: Rotom|0 fnt\n|faint|p1a: Rotom\n|\n|upkeep\n|inactive|Time left: 300 sec this turn | 300 sec total | 5 sec grace\n|\n|t:|1783552540\n|switch|p1a: Krookodile|Krookodile, L79, F|280/280\n|-activate|p1a: Krookodile|move: Sticky Web\n|-unboost|p1a: Krookodile|spe|1\n|-ability|p1a: Krookodile|Intimidate|boost\n|-unboost|p2a: Arceus|atk|1\n|turn|9\n|inactive|Time left: 300 sec this turn | 300 sec total\n|\n|t:|1783552541\n|move|p2a: Arceus|Judgment|p1a: Krookodile\n|-supereffective|p1a: Krookodile\n|-damage|p1a: Krookodile|32/280\n|move|p1a: Krookodile|Earthquake|p2a: Arceus\n|-damage|p2a: Arceus|0 fnt\n|faint|p2a: Arceus\n|\n|-heal|p1a: Krookodile|49/280|[from] item: Leftovers\n|upkeep\n|\n|t:|1783552542\n|switch|p2a: Vivillon|Vivillon-Jungle, L83, M|100/100\n|turn|10\n|inactive|Time left: 300 sec this turn | 300 sec total\n|\n|t:|1783552543\n|move|p2a: Vivillon|Quiver Dance|p2a: Vivillon\n|-boost|p2a: Vivillon|spa|1\n|-boost|p2a: Vivillon|spd|1\n|-boost|p2a: Vivillon|spe|1\n|move|p1a: Krookodile|Gunk Shot|p2a: Vivillon\n|-damage|p2a: Vivillon|50/100\n|\n|-heal|p1a: Krookodile|66/280|[from] item: Leftovers\n|upkeep\n|turn|11\n|inactive|Time left: 300 sec this turn | 300 sec total\n|\n|t:|1783552544\n|move|p2a: Vivillon|Bug Buzz|p1a: Krookodile\n|-supereffective|p1a: Krookodile\n|-damage|p1a: Krookodile|0 fnt\n|faint|p1a: Krookodile\n|\n|upkeep\n|inactive|Time left: 300 sec this turn | 300 sec total | 5 sec grace\n|\n|t:|1783552545\n|switch|p1a: Zamazenta|Zamazenta-Crowned, L68|238/238\n|-activate|p1a: Zamazenta|move: Sticky Web\n|-unboost|p1a: Zamazenta|spe|1\n|-ability|p1a: Zamazenta|Dauntless Shield|boost\n|-boost|p1a: Zamazenta|def|1\n|turn|12\n|inactive|Time left: 300 sec this turn | 300 sec total\n|\n|t:|1783552546\n|move|p2a: Vivillon|Sleep Powder|p1a: Zamazenta\n|-status|p1a: Zamazenta|slp|[from] move: Sleep Powder\n|cant|p1a: Zamazenta|slp\n|\n|upkeep\n|turn|13\n|inactive|Time left: 300 sec this turn | 300 sec total\n|\n|t:|1783552547\n|move|p2a: Vivillon|Hurricane|p1a: Zamazenta\n|-damage|p1a: Zamazenta|96/238 slp\n|cant|p1a: Zamazenta|slp\n|\n|upkeep\n|turn|14\n|inactive|Time left: 300 sec this turn | 300 sec total\n|\n|t:|1783552548\n|move|p2a: Vivillon|Hurricane|p1a: Zamazenta\n|-damage|p1a: Zamazenta|0 fnt\n|faint|p1a: Zamazenta\n|\n|upkeep\n|inactive|Time left: 300 sec this turn | 300 sec total | 5 sec grace\n|\n|t:|1783552549\n|switch|p1a: Alomomola|Alomomola, L87, F|429/429\n|-activate|p1a: Alomomola|move: Sticky Web\n|-unboost|p1a: Alomomola|spe|1\n|turn|15\n|inactive|Time left: 300 sec this turn | 300 sec total\n|\n|t:|1783552550\n|move|p2a: Vivillon|Sleep Powder|p1a: Alomomola\n|-status|p1a: Alomomola|slp|[from] move: Sleep Powder\n|cant|p1a: Alomomola|slp\n|\n|upkeep\n|turn|16\n|inactive|Time left: 300 sec this turn | 300 sec total\n|\n|t:|1783552551\n|move|p2a: Vivillon|Quiver Dance|p2a: Vivillon\n|-boost|p2a: Vivillon|spa|1\n|-boost|p2a: Vivillon|spd|1\n|-boost|p2a: Vivillon|spe|1\n|cant|p1a: Alomomola|slp\n|\n|upkeep\n|turn|17\n|inactive|Time left: 300 sec this turn | 300 sec total\n|\n|t:|1783552552\n|move|p2a: Vivillon|Quiver Dance|p2a: Vivillon\n|-boost|p2a: Vivillon|spa|1\n|-boost|p2a: Vivillon|spd|1\n|-boost|p2a: Vivillon|spe|1\n|cant|p1a: Alomomola|slp\n|\n|upkeep\n|turn|18\n|inactive|Time left: 300 sec this turn | 300 sec total\n|\n|t:|1783552553\n|-terastallize|p2a: Vivillon|Flying\n|-curestatus|p1a: Alomomola|slp|[msg]\n|move|p1a: Alomomola|Protect|p1a: Alomomola\n|-singleturn|p1a: Alomomola|Protect\n|move|p2a: Vivillon|Hurricane|p1a: Alomomola\n|-activate|p1a: Alomomola|move: Protect\n|\n|upkeep\n|turn|19\n|inactive|Time left: 300 sec this turn | 300 sec total\n|\n|t:|1783552554\n|move|p1a: Alomomola|Protect||[still]\n|-fail|p1a: Alomomola\n|move|p2a: Vivillon|Hurricane|p1a: Alomomola\n|-damage|p1a: Alomomola|0 fnt\n|faint|p1a: Alomomola\n|\n|upkeep\n|inactive|Time left: 300 sec this turn | 300 sec total | 5 sec grace\n|\n|t:|1783552555\n|switch|p1a: Illumise|Illumise, L91, F|266/266\n|turn|20\n|inactive|Time left: 300 sec this turn | 300 sec total\n|\n|t:|1783552556\n|-terastallize|p1a: Illumise|Water\n|move|p1a: Illumise|Thunder Wave|p2a: Vivillon\n|-status|p2a: Vivillon|par\n|move|p2a: Vivillon|Hurricane|p1a: Illumise\n|-damage|p1a: Illumise|0 fnt\n|faint|p1a: Illumise\n|\n|win|p0y1085f1b5", "uploadtime": 1783552556, "views": 0, "rating": 0, "private": 0, "password": null, "_winner": "p0y1085f1b5", "_our_name": "p0x10850972"}