{"id": "battle-gen9randombattle-2242", "formatid": "gen9randombattle", "format": "[Gen 9] Random Battle", "players": ["p0x2242d44c", "p0y22420b02"], "log": "|init|battle\n|title|p0x2242d44c vs. p0y22420b02\n|j|\u2606p0x2242d44c\n|j|\u2606p0y22420b02\n|t:|1783565996\n|gametype|singles\n|player|p1|p0x2242d44c|1|\n|player|p2|p0y22420b02|2|\n|gen|9\n|tier|[Gen 9] Random Battle\n|rule|Species Clause: Limit one of each Pok\u00e9mon\n|rule|HP Percentage Mod: HP is shown in percentages\n|rule|Sleep Clause Mod: Limit one foe put to sleep\n|rule|Illusion Level Mod: Illusion disguises the Pok\u00e9mon's true level\n|\n|t:|1783565997\n|teamsize|p1|6\n|teamsize|p2|6\n|start\n|switch|p1a: Slither Wing|Slither Wing, L81|100/100\n|switch|p2a: Sandaconda|Sandaconda, L84, F|258/258\n|turn|1\n|inactive|Battle timer is ON: inactive players will automatically lose when time's up. (requested by p0x2242d44c)\n|inactive|Time left: 300 sec this turn | 300 sec total | 60 sec grace\n|\n|t:|1783565998\n|move|p1a: Slither Wing|Close Combat|p2a: Sandaconda\n|-damage|p2a: Sandaconda|149/258\n|-unboost|p1a: Slither Wing|def|1\n|-unboost|p1a: Slither Wing|spd|1\n|move|p2a: Sandaconda|Coil|p2a: Sandaconda\n|-boost|p2a: Sandaconda|atk|1\n|-boost|p2a: Sandaconda|def|1\n|-boost|p2a: Sandaconda|accuracy|1\n|\n|-heal|p2a: Sandaconda|165/258|[from] item: Leftovers\n|upkeep\n|turn|2\n|inactive|Time left: 300 sec this turn | 300 sec total\n|inactive|p0y22420b02 also wants the timer to be on.\n|\n|t:|1783565999\n|-end|p1a: Slither Wing|Protosynthesis|[silent]\n|switch|p1a: Latias|Latias, L79, F|100/100\n|move|p2a: Sandaconda|Stone Edge|p1a: Latias\n|-damage|p1a: Latias|53/100\n|\n|-heal|p2a: Sandaconda|181/258|[from] item: Leftovers\n|upkeep\n|turn|3\n|inactive|Time left: 300 sec this turn | 300 sec total\n|\n|t:|1783566000\n|move|p1a: Latias|Draco Meteor|p2a: Sandaconda\n|-damage|p2a: Sandaconda|0 fnt\n|-unboost|p1a: Latias|spa|2\n|faint|p2a: Sandaconda\n|\n|upkeep\n|inactive|Time left: 300 sec this turn | 300 sec total | 5 sec grace\n|\n|t:|1783566001\n|switch|p2a: Delphox|Delphox, L84, M|263/263\n|turn|4\n|inactive|Time left: 300 sec this turn | 300 sec total\n|\n|t:|1783566002\n|move|p2a: Delphox|Nasty Plot|p2a: Delphox\n|-boost|p2a: Delphox|spa|2\n|move|p1a: Latias|Recover|p1a: Latias\n|-heal|p1a: Latias|100/100\n|\n|upkeep\n|turn|5\n|inactive|Time left: 300 sec this turn | 300 sec total\n|\n|t:|1783566003\n|move|p2a: Delphox|Psyshock|p1a: Latias\n|-resisted|p1a: Latias\n|-damage|p1a: Latias|65/100\n|move|p1a: Latias|Calm Mind|p1a: Latias\n|-boost|p1a: Latias|spa|1\n|-boost|p1a: Latias|spd|1\n|\n|upkeep\n|turn|6\n|inactive|Time left: 300 sec this turn | 300 sec total\n|\n|t:|1783566004\n|move|p2a: Delphox|Nasty Plot|p2a: Delphox\n|-boost|p2a: Delphox|spa|2\n|move|p1a: Latias|Recover|p1a: Latias\n|-heal|p1a: Latias|100/100\n|\n|upkeep\n|turn|7\n|inactive|Time left: 300 sec this turn | 300 sec total\n|\n|t:|1783566005\n|move|p2a: Delphox|Psyshock|p1a: Latias\n|-resisted|p1a: Latias\n|-damage|p1a: Latias|47/100\n|move|p1a: Latias|Recover|p1a: Latias\n|-heal|p1a: Latias|97/100\n|\n|upkeep\n|turn|8\n|inactive|Time left: 300 sec this turn | 300 sec total\n|\n|t:|1783566006\n|move|p2a: Delphox|Psyshock|p1a: Latias\n|-resisted|p1a: Latias\n|-damage|p1a: Latias|41/100\n|move|p1a: Latias|Recover|p1a: Latias\n|-heal|p1a: Latias|91/100\n|\n|upkeep\n|turn|9\n|inactive|Time left: 300 sec this turn | 300 sec total\n|\n|t:|1783566007\n|move|p2a: Delphox|Psyshock|p1a: Latias\n|-resisted|p1a: Latias\n|-damage|p1a: Latias|34/100\n|move|p1a: Latias|Recover|p1a: Latias\n|-heal|p1a: Latias|84/100\n|\n|upkeep\n|turn|10\n|inactive|Time left: 300 sec this turn | 300 sec total\n|\n|t:|1783566008\n|move|p2a: Delphox|Psyshock|p1a: Latias\n|-resisted|p1a: Latias\n|-damage|p1a: Latias|23/100\n|move|p1a: Latias|Recover|p1a: Latias\n|-heal|p1a: Latias|73/100\n|\n|upkeep\n|turn|11\n|inactive|Time left: 300 sec this turn | 300 sec total\n|\n|t:|1783566009\n|move|p2a: Delphox|Psyshock|p1a: Latias\n|-resisted|p1a: Latias\n|-damage|p1a: Latias|18/100\n|move|p1a: Latias|Recover|p1a: Latias\n|-heal|p1a: Latias|68/100\n|\n|upkeep\n|turn|12\n|inactive|Time left: 300 sec this turn | 300 sec total\n|\n|t:|1783566010\n|move|p2a: Delphox|Psyshock|p1a: Latias\n|-resisted|p1a: Latias\n|-damage|p1a: Latias|5/100\n|move|p1a: Latias|Recover|p1a: Latias\n|-heal|p1a: Latias|55/100\n|\n|upkeep\n|turn|13\n|inactive|Time left: 300 sec this turn | 300 sec total\n|\n|t:|1783566011\n|switch|p1a: Bronzong|Bronzong, L88|100/100\n|move|p2a: Delphox|Psyshock|p1a: Bronzong\n|-resisted|p1a: Bronzong\n|-damage|p1a: Bronzong|81/100\n|\n|upkeep\n|turn|14\n|inactive|Time left: 300 sec this turn | 300 sec total\n|\n|t:|1783566013\n|move|p2a: Delphox|Fire Blast|p1a: Bronzong\n|-supereffective|p1a: Bronzong\n|-damage|p1a: Bronzong|0 fnt\n|faint|p1a: Bronzong\n|\n|upkeep\n|\n|t:|1783566013\n|switch|p1a: Ariados|Ariados, L95, F|100/100\n|turn|15\n|inactive|Time left: 300 sec this turn | 300 sec total\n|\n|t:|1783566014\n|move|p1a: Ariados|Sucker Punch|p2a: Delphox\n|-supereffective|p2a: Delphox\n|-damage|p2a: Delphox|129/263\n|move|p2a: Delphox|Psyshock|p1a: Ariados\n|-supereffective|p1a: Ariados\n|-crit|p1a: Ariados\n|-damage|p1a: Ariados|0 fnt\n|faint|p1a: Ariados\n|\n|upkeep\n|\n|t:|1783566015\n|switch|p1a: Slither Wing|Slither Wing, L81|100/100\n|turn|16\n|inactive|Time left: 300 sec this turn | 300 sec total\n|\n|t:|1783566016\n|-terastallize|p1a: Slither Wing|Electric\n|move|p1a: Slither Wing|Wild Charge|p2a: Delphox\n|-damage|p2a: Delphox|0 fnt\n|faint|p2a: Delphox\n|-damage|p1a: Slither Wing|89/100|[from] Recoil\n|\n|upkeep\n|inactive|Time left: 300 sec this turn | 300 sec total | 5 sec grace\n|\n|t:|1783566017\n|switch|p2a: Okidogi|Okidogi, L77, M|262/262\n|turn|17\n|inactive|Time left: 300 sec this turn | 300 sec total\n|\n|t:|1783566019\n|-end|p1a: Slither Wing|Protosynthesis|[silent]\n|switch|p1a: Zamazenta|Zamazenta, L71|100/100\n|-ability|p1a: Zamazenta|Dauntless Shield|boost\n|-boost|p1a: Zamazenta|def|1\n|move|p2a: Okidogi|Gunk Shot|p1a: Zamazenta\n|-damage|p1a: Zamazenta|67/100\n|-status|p1a: Zamazenta|tox|[from] ability: Toxic Chain|[of] p2a: Okidogi\n|\n|-damage|p1a: Zamazenta|61/100 tox|[from] psn\n|upkeep\n|turn|18\n|inactive|Time left: 300 sec this turn | 300 sec total\n|\n|t:|1783566020\n|switch|p2a: Tinkaton|Tinkaton, L82, F|274/274\n|-ability|p2a: Tinkaton|Mold Breaker\n|move|p1a: Zamazenta|Rest|p1a: Zamazenta\n|-status|p1a: Zamazenta|slp|[from] move: Rest\n|-heal|p1a: Zamazenta|100/100 slp|[silent]\n|-enditem|p1a: Zamazenta|Chesto Berry|[eat]\n|-curestatus|p1a: Zamazenta|slp|[msg]\n|\n|upkeep\n|turn|19\n|inactive|Time left: 300 sec this turn | 300 sec total\n|\n|t:|1783566021\n|switch|p2a: Venomoth|Venomoth, L84, M|255/255\n|move|p1a: Zamazenta|Iron Defense|p1a: Zamazenta\n|-boost|p1a: Zamazenta|def|2\n|\n|upkeep\n|turn|20\n|inactive|Time left: 300 sec this turn | 300 sec total\n|\n|t:|1783566022\n|move|p1a: Zamazenta|Iron Head|p2a: Venomoth\n|-damage|p2a: Venomoth|195/255\n|move|p2a: Venomoth|Quiver Dance|p2a: Venomoth\n|-boost|p2a: Venomoth|spa|1\n|-boost|p2a: Venomoth|spd|1\n|-boost|p2a: Venomoth|spe|1\n|\n|upkeep\n|turn|21\n|inactive|Time left: 300 sec this turn | 300 sec total\n|\n|t:|1783566023\n|move|p2a: Venomoth|Bug Buzz|p1a: Zamazenta\n|-resisted|p1a: Zamazenta\n|-damage|p1a: Zamazenta|47/100\n|move|p1a: Zamazenta|Body Press|p2a: Venomoth\n|-resisted|p2a: Venomoth\n|-damage|p2a: Venomoth|133/255\n|\n|upkeep\n|turn|22\n|inactive|Time left: 300 sec this turn | 300 sec total\n|\n|t:|1783566024\n|move|p2a: Venomoth|Bug Buzz|p1a: Zamazenta\n|-resisted|p1a: Zamazenta\n|-damage|p1a: Zamazenta|0 fnt\n|faint|p1a: Zamazenta\n|\n|upkeep\n|\n|t:|1783566025\n|switch|p1a: Drednaw|Drednaw, L81, F|100/100\n|turn|23\n|inactive|Time left: 300 sec this turn | 300 sec total\n|\n|t:|1783566026\n|move|p2a: Venomoth|Sleep Powder|p1a: Drednaw|[miss]\n|-miss|p2a: Venomoth|p1a: Drednaw\n|move|p1a: Drednaw|Shell Smash|p1a: Drednaw\n|-unboost|p1a: Drednaw|def|1\n|-unboost|p1a: Drednaw|spd|1\n|-boost|p1a: Drednaw|atk|2\n|-boost|p1a: Drednaw|spa|2\n|-boost|p1a: Drednaw|spe|2\n|-enditem|p1a: Drednaw|White Herb\n|-clearnegativeboost|p1a: Drednaw|[silent]\n|\n|upkeep\n|turn|24\n|inactive|Time left: 300 sec this turn | 300 sec total\n|\n|t:|1783566027\n|switch|p2a: Okidogi|Okidogi, L77, M|262/262\n|move|p1a: Drednaw|Earthquake|p2a: Okidogi\n|-supereffective|p2a: Okidogi\n|-damage|p2a: Okidogi|0 fnt\n|faint|p2a: Okidogi\n|\n|upkeep\n|inactive|Time left: 300 sec this turn | 300 sec total | 5 sec grace\n|\n|t:|1783566028\n|switch|p2a: Rabsca|Rabsca, L91, M|284/284\n|turn|25\n|inactive|Time left: 300 sec this turn | 300 sec total\n|\n|t:|1783566029\n|-terastallize|p2a: Rabsca|Steel\n|move|p1a: Drednaw|Stone Edge|p2a: Rabsca\n|-resisted|p2a: Rabsca\n|-damage|p2a: Rabsca|174/284\n|move|p2a: Rabsca|Earth Power|p1a: Drednaw\n|-supereffective|p1a: Drednaw\n|-damage|p1a: Drednaw|26/100\n|\n|upkeep\n|turn|26\n|inactive|Time left: 300 sec this turn | 300 sec total\n|\n|t:|1783566030\n|move|p1a: Drednaw|Earthquake|p2a: Rabsca\n|-supereffective|p2a: Rabsca\n|-damage|p2a: Rabsca|0 fnt\n|faint|p2a: Rabsca\n|\n|upkeep\n|inactive|Time left: 300 sec this turn | 300 sec total | 5 sec grace\n|\n|t:|1783566031\n|switch|p2a: Tinkaton|Tinkaton, L82, F|274/274\n|-ability|p2a: Tinkaton|Mold Breaker\n|turn|27\n|inactive|Time left: 300 sec this turn | 300 sec total\n|\n|t:|1783566032\n|move|p1a: Drednaw|Earthquake|p2a: Tinkaton\n|-supereffective|p2a: Tinkaton\n|-damage|p2a: Tinkaton|0 fnt\n|faint|p2a: Tinkaton\n|\n|upkeep\n|inactive|Time left: 300 sec this turn | 300 sec total | 5 sec grace\n|\n|t:|1783566033\n|switch|p2a: Venomoth|Venomoth, L84, M|133/255\n|turn|28\n|inactive|Time left: 300 sec this turn | 300 sec total\n|\n|t:|1783566034\n|move|p1a: Drednaw|Earthquake|p2a: Venomoth\n|-damage|p2a: Venomoth|0 fnt\n|faint|p2a: Venomoth\n|\n|win|p0x2242d44c", "uploadtime": 1783566034, "views": 0, "rating": 0, "private": 0, "password": null, "_winner": "p0x2242d44c", "_our_name": "p0y22420b02"}