{"id": "battle-gen9randombattle-1271", "formatid": "gen9randombattle", "format": "[Gen 9] Random Battle", "players": ["p0x1271285b", "p0y12717c30"], "log": "|init|battle\n|title|p0x1271285b vs. p0y12717c30\n|j|\u2606p0x1271285b\n|j|\u2606p0y12717c30\n|t:|1783553860\n|gametype|singles\n|player|p1|p0x1271285b|170|\n|player|p2|p0y12717c30|1|\n|gen|9\n|tier|[Gen 9] Random Battle\n|rule|Species Clause: Limit one of each Pok\u00e9mon\n|rule|HP Percentage Mod: HP is shown in percentages\n|rule|Sleep Clause Mod: Limit one foe put to sleep\n|rule|Illusion Level Mod: Illusion disguises the Pok\u00e9mon's true level\n|\n|t:|1783553860\n|teamsize|p1|6\n|teamsize|p2|6\n|start\n|switch|p1a: Drifblim|Drifblim, L86, M|100/100\n|switch|p2a: Quagsire|Quagsire, L84, F|297/297\n|turn|1\n|inactive|Battle timer is ON: inactive players will automatically lose when time's up. (requested by p0x1271285b)\n|inactive|Time left: 300 sec this turn | 300 sec total | 60 sec grace\n|inactive|p0y12717c30 also wants the timer to be on.\n|\n|t:|1783553862\n|move|p1a: Drifblim|Air Slash|p2a: Quagsire\n|-damage|p2a: Quagsire|192/297\n|move|p2a: Quagsire|Toxic|p1a: Drifblim\n|-status|p1a: Drifblim|tox\n|\n|-heal|p2a: Quagsire|210/297|[from] item: Leftovers\n|-damage|p1a: Drifblim|94/100 tox|[from] psn\n|upkeep\n|turn|2\n|inactive|Time left: 300 sec this turn | 300 sec total\n|\n|t:|1783553863\n|move|p1a: Drifblim|Shadow Ball|p2a: Quagsire\n|-damage|p2a: Quagsire|101/297\n|move|p2a: Quagsire|Recover|p2a: Quagsire\n|-heal|p2a: Quagsire|250/297\n|\n|-heal|p2a: Quagsire|268/297|[from] item: Leftovers\n|-damage|p1a: Drifblim|82/100 tox|[from] psn\n|upkeep\n|turn|3\n|inactive|Time left: 300 sec this turn | 300 sec total\n|\n|t:|1783553864\n|move|p1a: Drifblim|Air Slash|p2a: Quagsire\n|-damage|p2a: Quagsire|166/297\n|cant|p2a: Quagsire|flinch\n|\n|-heal|p2a: Quagsire|184/297|[from] item: Leftovers\n|-damage|p1a: Drifblim|64/100 tox|[from] psn\n|upkeep\n|turn|4\n|inactive|Time left: 300 sec this turn | 300 sec total\n|\n|t:|1783553865\n|move|p1a: Drifblim|Shadow Ball|p2a: Quagsire\n|-damage|p2a: Quagsire|85/297\n|-unboost|p2a: Quagsire|spd|1\n|move|p2a: Quagsire|Recover|p2a: Quagsire\n|-heal|p2a: Quagsire|234/297\n|\n|-heal|p2a: Quagsire|252/297|[from] item: Leftovers\n|-damage|p1a: Drifblim|40/100 tox|[from] psn\n|upkeep\n|-enditem|p1a: Drifblim|Sitrus Berry|[eat]\n|-heal|p1a: Drifblim|65/100 tox|[from] item: Sitrus Berry\n|turn|5\n|inactive|Time left: 300 sec this turn | 300 sec total\n|\n|t:|1783553866\n|switch|p2a: Sudowoodo|Sudowoodo, L94, M|284/284\n|move|p1a: Drifblim|Shadow Ball|p2a: Sudowoodo\n|-damage|p2a: Sudowoodo|184/284\n|-unboost|p2a: Sudowoodo|spd|1\n|\n|-heal|p2a: Sudowoodo|201/284|[from] item: Leftovers\n|-damage|p1a: Drifblim|35/100 tox|[from] psn\n|upkeep\n|turn|6\n|inactive|Time left: 300 sec this turn | 300 sec total\n|\n|t:|1783553867\n|move|p1a: Drifblim|Strength Sap|p2a: Sudowoodo\n|-unboost|p2a: Sudowoodo|atk|1\n|-heal|p1a: Drifblim|95/100 tox\n|move|p2a: Sudowoodo|Stealth Rock|p1a: Drifblim\n|-sidestart|p1: p0x1271285b|move: Stealth Rock\n|\n|-heal|p2a: Sudowoodo|218/284|[from] item: Leftovers\n|-damage|p1a: Drifblim|59/100 tox|[from] psn\n|upkeep\n|turn|7\n|inactive|Time left: 300 sec this turn | 300 sec total\n|\n|t:|1783553868\n|switch|p2a: Iron Treads|Iron Treads, L77|265/265\n|move|p1a: Drifblim|Shadow Ball|p2a: Iron Treads\n|-damage|p2a: Iron Treads|192/265\n|-unboost|p2a: Iron Treads|spd|1\n|\n|-damage|p1a: Drifblim|17/100 tox|[from] psn\n|upkeep\n|turn|8\n|inactive|Time left: 300 sec this turn | 300 sec total\n|\n|t:|1783553870\n|-end|p2a: Iron Treads|Quark Drive|[silent]\n|switch|p2a: Quagsire|Quagsire, L84, F|252/297\n|move|p1a: Drifblim|Shadow Ball|p2a: Quagsire\n|-damage|p2a: Quagsire|152/297\n|\n|-heal|p2a: Quagsire|170/297|[from] item: Leftovers\n|-damage|p1a: Drifblim|0 fnt|[from] psn\n|faint|p1a: Drifblim\n|upkeep\n|\n|t:|1783553871\n|switch|p1a: Flapple|Flapple, L88, M|100/100\n|-damage|p1a: Flapple|88/100|[from] Stealth Rock\n|turn|9\n|inactive|Time left: 300 sec this turn | 300 sec total\n|\n|t:|1783553872\n|move|p1a: Flapple|Grav Apple|p2a: Quagsire\n|-supereffective|p2a: Quagsire\n|-damage|p2a: Quagsire|0 fnt\n|faint|p2a: Quagsire\n|\n|upkeep\n|inactive|Time left: 300 sec this turn | 300 sec total | 5 sec grace\n|\n|t:|1783553873\n|switch|p2a: Sneasler|Sneasler, L74, M|240/240\n|turn|10\n|inactive|Time left: 300 sec this turn | 300 sec total\n|\n|t:|1783553874\n|-terastallize|p1a: Flapple|Fire\n|move|p2a: Sneasler|Dire Claw|p1a: Flapple\n|-damage|p1a: Flapple|44/100\n|-status|p1a: Flapple|par\n|-enditem|p1a: Flapple|Lum Berry|[eat]\n|-curestatus|p1a: Flapple|par|[msg]\n|move|p1a: Flapple|Outrage|p2a: Sneasler\n|-damage|p2a: Sneasler|0 fnt\n|faint|p2a: Sneasler\n|\n|upkeep\n|inactive|Time left: 300 sec this turn | 300 sec total | 5 sec grace\n|\n|t:|1783553875\n|switch|p2a: Iron Treads|Iron Treads, L77|192/265\n|turn|11\n|inactive|Time left: 300 sec this turn | 300 sec total\n|\n|t:|1783553876\n|move|p2a: Iron Treads|Earthquake|p1a: Flapple\n|-supereffective|p1a: Flapple\n|-damage|p1a: Flapple|0 fnt\n|faint|p1a: Flapple\n|\n|upkeep\n|\n|t:|1783553877\n|switch|p1a: Feraligatr|Feraligatr, L79, F|100/100\n|-damage|p1a: Feraligatr|88/100|[from] Stealth Rock\n|turn|12\n|inactive|Time left: 300 sec this turn | 300 sec total\n|\n|t:|1783553878\n|-end|p2a: Iron Treads|Quark Drive|[silent]\n|switch|p2a: Banette|Banette, L93, M|270/270\n|move|p1a: Feraligatr|Liquidation|p2a: Banette\n|-damage|p2a: Banette|106/270\n|\n|upkeep\n|turn|13\n|inactive|Time left: 300 sec this turn | 300 sec total\n|\n|t:|1783553879\n|move|p2a: Banette|Poltergeist|p1a: Feraligatr\n|-activate|p1a: Feraligatr|move: Poltergeist|Life Orb\n|-damage|p1a: Feraligatr|17/100\n|-damage|p2a: Banette|79/270|[from] item: Life Orb\n|move|p1a: Feraligatr|Liquidation|p2a: Banette\n|-damage|p2a: Banette|0 fnt\n|faint|p2a: Banette\n|\n|upkeep\n|inactive|Time left: 300 sec this turn | 300 sec total | 5 sec grace\n|\n|t:|1783553880\n|switch|p2a: Iron Treads|Iron Treads, L77|192/265\n|turn|14\n|inactive|Time left: 300 sec this turn | 300 sec total\n|\n|t:|1783553881\n|move|p2a: Iron Treads|Earthquake|p1a: Feraligatr\n|-damage|p1a: Feraligatr|0 fnt\n|faint|p1a: Feraligatr\n|\n|upkeep\n|\n|t:|1783553882\n|switch|p1a: Tornadus|Tornadus-Therian, L79, M|100/100\n|-damage|p1a: Tornadus|76/100|[from] Stealth Rock\n|turn|15\n|inactive|Time left: 300 sec this turn | 300 sec total\n|\n|t:|1783553883\n|move|p1a: Tornadus|Knock Off|p2a: Iron Treads\n|-damage|p2a: Iron Treads|138/265\n|-enditem|p2a: Iron Treads|Assault Vest|[from] move: Knock Off|[of] p1a: Tornadus\n|move|p2a: Iron Treads|Knock Off|p1a: Tornadus\n|-damage|p1a: Tornadus|48/100\n|-enditem|p1a: Tornadus|Assault Vest|[from] move: Knock Off|[of] p2a: Iron Treads\n|\n|upkeep\n|turn|16\n|inactive|Time left: 300 sec this turn | 300 sec total\n|\n|t:|1783553884\n|-end|p2a: Iron Treads|Quark Drive|[silent]\n|switch|p2a: Sudowoodo|Sudowoodo, L94, M|218/284\n|move|p1a: Tornadus|Heat Wave|p2a: Sudowoodo\n|-resisted|p2a: Sudowoodo\n|-crit|p2a: Sudowoodo\n|-damage|p2a: Sudowoodo|160/284\n|\n|-heal|p2a: Sudowoodo|177/284|[from] item: Leftovers\n|upkeep\n|turn|17\n|inactive|Time left: 300 sec this turn | 300 sec total\n|\n|t:|1783553885\n|switch|p1a: Gholdengo|Gholdengo, L77|100/100\n|-damage|p1a: Gholdengo|94/100|[from] Stealth Rock\n|move|p2a: Sudowoodo|Head Smash|p1a: Gholdengo\n|-resisted|p1a: Gholdengo\n|-damage|p1a: Gholdengo|54/100\n|\n|-heal|p1a: Gholdengo|60/100|[from] item: Leftovers\n|-heal|p2a: Sudowoodo|194/284|[from] item: Leftovers\n|upkeep\n|turn|18\n|inactive|Time left: 300 sec this turn | 300 sec total\n|\n|t:|1783553886\n|switch|p2a: Iron Treads|Iron Treads, L77|138/265\n|move|p1a: Gholdengo|Make It Rain|p2a: Iron Treads\n|-resisted|p2a: Iron Treads\n|-damage|p2a: Iron Treads|45/265\n|-unboost|p1a: Gholdengo|spa|1\n|\n|-heal|p1a: Gholdengo|66/100|[from] item: Leftovers\n|upkeep\n|turn|19\n|inactive|Time left: 300 sec this turn | 300 sec total\n|\n|t:|1783553887\n|switch|p1a: Tornadus|Tornadus-Therian, L79, M|81/100\n|-damage|p1a: Tornadus|56/100|[from] Stealth Rock\n|move|p2a: Iron Treads|Earthquake|p1a: Tornadus\n|-immune|p1a: Tornadus\n|\n|upkeep\n|turn|20\n|inactive|Time left: 300 sec this turn | 300 sec total\n|\n|t:|1783553888\n|-end|p2a: Iron Treads|Quark Drive|[silent]\n|switch|p2a: Sudowoodo|Sudowoodo, L94, M|194/284\n|move|p1a: Tornadus|Bleakwind Storm|p2a: Sudowoodo|[miss]\n|-miss|p1a: Tornadus|p2a: Sudowoodo\n|\n|-heal|p2a: Sudowoodo|211/284|[from] item: Leftovers\n|upkeep\n|turn|21\n|inactive|Time left: 300 sec this turn | 300 sec total\n|\n|t:|1783553889\n|switch|p1a: Gholdengo|Gholdengo, L77|66/100\n|-damage|p1a: Gholdengo|60/100|[from] Stealth Rock\n|move|p2a: Sudowoodo|Head Smash|p1a: Gholdengo\n|-resisted|p1a: Gholdengo\n|-damage|p1a: Gholdengo|23/100\n|\n|-heal|p1a: Gholdengo|29/100|[from] item: Leftovers\n|-heal|p2a: Sudowoodo|228/284|[from] item: Leftovers\n|upkeep\n|turn|22\n|inactive|Time left: 300 sec this turn | 300 sec total\n|\n|t:|1783553890\n|move|p2a: Sudowoodo|Sucker Punch||[still]\n|-fail|p2a: Sudowoodo\n|move|p1a: Gholdengo|Recover|p1a: Gholdengo\n|-heal|p1a: Gholdengo|79/100\n|\n|-heal|p1a: Gholdengo|85/100|[from] item: Leftovers\n|-heal|p2a: Sudowoodo|245/284|[from] item: Leftovers\n|upkeep\n|turn|23\n|inactive|Time left: 300 sec this turn | 300 sec total\n|\n|t:|1783553891\n|switch|p2a: Iron Treads|Iron Treads, L77|45/265\n|move|p1a: Gholdengo|Make It Rain|p2a: Iron Treads\n|-resisted|p2a: Iron Treads\n|-crit|p2a: Iron Treads\n|-damage|p2a: Iron Treads|0 fnt\n|-unboost|p1a: Gholdengo|spa|1\n|faint|p2a: Iron Treads\n|-end|p2a: Iron Treads|Quark Drive|[silent]\n|\n|-heal|p1a: Gholdengo|91/100|[from] item: Leftovers\n|upkeep\n|inactive|Time left: 300 sec this turn | 300 sec total | 5 sec grace\n|\n|t:|1783553892\n|switch|p2a: Palafin|Palafin, L77, F|281/281\n|turn|24\n|inactive|Time left: 300 sec this turn | 300 sec total\n|\n|t:|1783553893\n|move|p2a: Palafin|Bulk Up|p2a: Palafin\n|-boost|p2a: Palafin|atk|1\n|-boost|p2a: Palafin|def|1\n|move|p1a: Gholdengo|Nasty Plot|p1a: Gholdengo\n|-boost|p1a: Gholdengo|spa|2\n|\n|-heal|p1a: Gholdengo|97/100|[from] item: Leftovers\n|upkeep\n|turn|25\n|inactive|Time left: 300 sec this turn | 300 sec total\n|\n|t:|1783553894\n|move|p2a: Palafin|Ice Punch|p1a: Gholdengo\n|-resisted|p1a: Gholdengo\n|-crit|p1a: Gholdengo\n|-damage|p1a: Gholdengo|82/100\n|move|p1a: Gholdengo|Shadow Ball|p2a: Palafin\n|-damage|p2a: Palafin|94/281\n|-unboost|p2a: Palafin|spd|1\n|\n|-heal|p2a: Palafin|111/281|[from] item: Leftovers\n|-heal|p1a: Gholdengo|88/100|[from] item: Leftovers\n|upkeep\n|turn|26\n|inactive|Time left: 300 sec this turn | 300 sec total\n|\n|t:|1783553895\n|move|p2a: Palafin|Ice Punch|p1a: Gholdengo\n|-resisted|p1a: Gholdengo\n|-damage|p1a: Gholdengo|78/100\n|move|p1a: Gholdengo|Shadow Ball|p2a: Palafin\n|-damage|p2a: Palafin|0 fnt\n|faint|p2a: Palafin\n|\n|-heal|p1a: Gholdengo|84/100|[from] item: Leftovers\n|upkeep\n|inactive|Time left: 300 sec this turn | 300 sec total | 5 sec grace\n|\n|t:|1783553896\n|switch|p2a: Sudowoodo|Sudowoodo, L94, M|245/284\n|turn|27\n|inactive|Time left: 300 sec this turn | 300 sec total\n|\n|t:|1783553897\n|-terastallize|p2a: Sudowoodo|Grass\n|move|p2a: Sudowoodo|Sucker Punch|p1a: Gholdengo\n|-supereffective|p1a: Gholdengo\n|-damage|p1a: Gholdengo|32/100\n|move|p1a: Gholdengo|Make It Rain|p2a: Sudowoodo\n|-damage|p2a: Sudowoodo|29/284\n|-unboost|p1a: Gholdengo|spa|1\n|\n|-heal|p1a: Gholdengo|38/100|[from] item: Leftovers\n|-heal|p2a: Sudowoodo|46/284|[from] item: Leftovers\n|upkeep\n|turn|28\n|inactive|Time left: 300 sec this turn | 300 sec total\n|\n|t:|1783553898\n|move|p2a: Sudowoodo|Sucker Punch|p1a: Gholdengo\n|-supereffective|p1a: Gholdengo\n|-damage|p1a: Gholdengo|0 fnt\n|faint|p1a: Gholdengo\n|\n|-heal|p2a: Sudowoodo|63/284|[from] item: Leftovers\n|upkeep\n|\n|t:|1783553899\n|switch|p1a: Arceus|Arceus-Ice, L72|100/100\n|-damage|p1a: Arceus|76/100|[from] Stealth Rock\n|turn|29\n|inactive|Time left: 300 sec this turn | 300 sec total\n|\n|t:|1783553899\n|move|p1a: Arceus|Judgment|p2a: Sudowoodo\n|-supereffective|p2a: Sudowoodo\n|-damage|p2a: Sudowoodo|0 fnt\n|faint|p2a: Sudowoodo\n|\n|win|p0x1271285b", "uploadtime": 1783553899, "views": 0, "rating": 0, "private": 0, "password": null, "_winner": "p0x1271285b", "_our_name": "p0y12717c30"}