{"id": "battle-gen9randombattle-195", "formatid": "gen9randombattle", "format": "[Gen 9] Random Battle", "players": ["p0x195fe77", "p0y195839f"], "log": "|init|battle\n|title|p0x195fe77 vs. p0y195839f\n|j|\u2606p0x195fe77\n|j|\u2606p0y195839f\n|t:|1783541372\n|gametype|singles\n|player|p1|p0x195fe77|265|\n|player|p2|p0y195839f|2|\n|gen|9\n|tier|[Gen 9] Random Battle\n|rule|Species Clause: Limit one of each Pok\u00e9mon\n|rule|HP Percentage Mod: HP is shown in percentages\n|rule|Sleep Clause Mod: Limit one foe put to sleep\n|rule|Illusion Level Mod: Illusion disguises the Pok\u00e9mon's true level\n|\n|t:|1783541372\n|teamsize|p1|6\n|teamsize|p2|6\n|start\n|switch|p1a: Toedscruel|Toedscruel, L87, M|281/281\n|switch|p2a: Scyther|Scyther, L82, M|100/100\n|turn|1\n|inactive|Battle timer is ON: inactive players will automatically lose when time's up. (requested by p0y195839f)\n|inactive|Time left: 300 sec this turn | 300 sec total | 60 sec grace\n|\n|t:|1783541373\n|switch|p1a: Oricorio|Oricorio-Pa'u, L87, M|272/272\n|move|p2a: Scyther|Dual Wingbeat|p1a: Oricorio\n|-damage|p1a: Oricorio|188/272\n|-damage|p1a: Oricorio|110/272\n|-hitcount|p1a: Oricorio|2\n|\n|upkeep\n|turn|2\n|inactive|Time left: 300 sec this turn | 300 sec total\n|inactive|p0x195fe77 also wants the timer to be on.\n|\n|t:|1783541374\n|move|p2a: Scyther|Dual Wingbeat|p1a: Oricorio\n|-damage|p1a: Oricorio|32/272\n|-damage|p1a: Oricorio|0 fnt\n|faint|p1a: Oricorio\n|-hitcount|p1: Oricorio|2\n|\n|upkeep\n|inactive|Time left: 300 sec this turn | 300 sec total | 5 sec grace\n|\n|t:|1783541375\n|switch|p1a: Regice|Regice, L88|284/284\n|turn|3\n|inactive|Time left: 300 sec this turn | 300 sec total\n|\n|t:|1783541377\n|move|p2a: Scyther|Swords Dance|p2a: Scyther\n|-boost|p2a: Scyther|atk|2\n|move|p1a: Regice|Ice Beam|p2a: Scyther\n|-supereffective|p2a: Scyther\n|-crit|p2a: Scyther\n|-damage|p2a: Scyther|7/100\n|-status|p2a: Scyther|frz\n|\n|upkeep\n|turn|4\n|inactive|Time left: 300 sec this turn | 300 sec total\n|\n|t:|1783541378\n|cant|p2a: Scyther|frz\n|move|p1a: Regice|Ice Beam|p2a: Scyther\n|-supereffective|p2a: Scyther\n|-damage|p2a: Scyther|0 fnt\n|faint|p2a: Scyther\n|\n|upkeep\n|\n|t:|1783541379\n|switch|p2a: Okidogi|Okidogi, L77, M|100/100\n|turn|5\n|inactive|Time left: 300 sec this turn | 300 sec total\n|\n|t:|1783541380\n|move|p2a: Okidogi|Drain Punch|p1a: Regice\n|-supereffective|p1a: Regice\n|-crit|p1a: Regice\n|-damage|p1a: Regice|72/284\n|-status|p1a: Regice|tox|[from] ability: Toxic Chain|[of] p2a: Okidogi\n|move|p1a: Regice|Ice Beam|p2a: Okidogi\n|-damage|p2a: Okidogi|58/100\n|\n|-heal|p2a: Okidogi|64/100|[from] item: Leftovers\n|-damage|p1a: Regice|55/284 tox|[from] psn\n|upkeep\n|turn|6\n|inactive|Time left: 300 sec this turn | 300 sec total\n|\n|t:|1783541381\n|move|p2a: Okidogi|Drain Punch|p1a: Regice\n|-supereffective|p1a: Regice\n|-damage|p1a: Regice|0 fnt\n|-heal|p2a: Okidogi|75/100|[from] drain|[of] p1a: Regice\n|faint|p1a: Regice\n|\n|-heal|p2a: Okidogi|81/100|[from] item: Leftovers\n|upkeep\n|inactive|Time left: 300 sec this turn | 300 sec total | 5 sec grace\n|\n|t:|1783541382\n|switch|p1a: Toedscruel|Toedscruel, L87, M|281/281\n|turn|7\n|inactive|Time left: 300 sec this turn | 300 sec total\n|\n|t:|1783541384\n|move|p1a: Toedscruel|Earth Power|p2a: Okidogi\n|-supereffective|p2a: Okidogi\n|-damage|p2a: Okidogi|12/100\n|move|p2a: Okidogi|Gunk Shot|p1a: Toedscruel|[miss]\n|-miss|p2a: Okidogi|p1a: Toedscruel\n|\n|-heal|p2a: Okidogi|18/100|[from] item: Leftovers\n|upkeep\n|turn|8\n|inactive|Time left: 300 sec this turn | 300 sec total\n|\n|t:|1783541385\n|move|p1a: Toedscruel|Earth Power|p2a: Okidogi\n|-supereffective|p2a: Okidogi\n|-damage|p2a: Okidogi|0 fnt\n|faint|p2a: Okidogi\n|\n|upkeep\n|\n|t:|1783541386\n|switch|p2a: Lapras|Lapras, L87, F|100/100\n|turn|9\n|inactive|Time left: 300 sec this turn | 300 sec total\n|\n|t:|1783541387\n|switch|p1a: Decidueye|Decidueye, L88, M|281/281\n|move|p2a: Lapras|Icicle Spear|p1a: Decidueye\n|-supereffective|p1a: Decidueye\n|-damage|p1a: Decidueye|225/281\n|-supereffective|p1a: Decidueye\n|-damage|p1a: Decidueye|171/281\n|-supereffective|p1a: Decidueye\n|-damage|p1a: Decidueye|117/281\n|-supereffective|p1a: Decidueye\n|-damage|p1a: Decidueye|63/281\n|-hitcount|p1a: Decidueye|4\n|\n|upkeep\n|turn|10\n|inactive|Time left: 300 sec this turn | 300 sec total\n|\n|t:|1783541388\n|switch|p2a: Farigiraf|Farigiraf, L90, F|100/100\n|move|p1a: Decidueye|Leaf Storm|p2a: Farigiraf\n|-ability|p2a: Farigiraf|Sap Sipper|boost\n|-boost|p2a: Farigiraf|atk|1\n|\n|upkeep\n|turn|11\n|inactive|Time left: 300 sec this turn | 300 sec total\n|\n|t:|1783541389\n|move|p1a: Decidueye|Knock Off|p2a: Farigiraf\n|-supereffective|p2a: Farigiraf\n|-damage|p2a: Farigiraf|50/100\n|-enditem|p2a: Farigiraf|Leftovers|[from] move: Knock Off|[of] p1a: Decidueye\n|move|p2a: Farigiraf|Psychic Noise|p1a: Decidueye\n|-damage|p1a: Decidueye|3/281\n|-start|p1a: Decidueye|move: Heal Block\n|\n|upkeep\n|turn|12\n|inactive|Time left: 300 sec this turn | 300 sec total\n|\n|t:|1783541390\n|move|p1a: Decidueye|Knock Off|p2a: Farigiraf\n|-supereffective|p2a: Farigiraf\n|-damage|p2a: Farigiraf|19/100\n|move|p2a: Farigiraf|Wish|p2a: Farigiraf\n|\n|-end|p1a: Decidueye|move: Heal Block\n|upkeep\n|turn|13\n|inactive|Time left: 300 sec this turn | 300 sec total\n|\n|t:|1783541391\n|move|p2a: Farigiraf|Protect|p2a: Farigiraf\n|-singleturn|p2a: Farigiraf|Protect\n|move|p1a: Decidueye|Knock Off|p2a: Farigiraf\n|-activate|p2a: Farigiraf|move: Protect\n|\n|-heal|p2a: Farigiraf|69/100|[from] move: Wish|[wisher] Farigiraf\n|upkeep\n|turn|14\n|inactive|Time left: 300 sec this turn | 300 sec total\n|\n|t:|1783541392\n|move|p1a: Decidueye|Knock Off|p2a: Farigiraf\n|-supereffective|p2a: Farigiraf\n|-damage|p2a: Farigiraf|36/100\n|move|p2a: Farigiraf|Wish|p2a: Farigiraf\n|\n|upkeep\n|turn|15\n|inactive|Time left: 300 sec this turn | 300 sec total\n|\n|t:|1783541394\n|move|p2a: Farigiraf|Protect|p2a: Farigiraf\n|-singleturn|p2a: Farigiraf|Protect\n|move|p1a: Decidueye|Knock Off|p2a: Farigiraf\n|-activate|p2a: Farigiraf|move: Protect\n|\n|-heal|p2a: Farigiraf|86/100|[from] move: Wish|[wisher] Farigiraf\n|upkeep\n|turn|16\n|inactive|Time left: 300 sec this turn | 300 sec total\n|\n|t:|1783541394\n|move|p1a: Decidueye|Knock Off|p2a: Farigiraf\n|-supereffective|p2a: Farigiraf\n|-damage|p2a: Farigiraf|52/100\n|move|p2a: Farigiraf|Wish|p2a: Farigiraf\n|\n|upkeep\n|turn|17\n|inactive|Time left: 300 sec this turn | 300 sec total\n|\n|t:|1783541396\n|move|p1a: Decidueye|Knock Off|p2a: Farigiraf\n|-supereffective|p2a: Farigiraf\n|-damage|p2a: Farigiraf|20/100\n|move|p2a: Farigiraf|Psychic Noise|p1a: Decidueye\n|-damage|p1a: Decidueye|0 fnt\n|faint|p1a: Decidueye\n|\n|-heal|p2a: Farigiraf|70/100|[from] move: Wish|[wisher] Farigiraf\n|upkeep\n|inactive|Time left: 300 sec this turn | 300 sec total | 5 sec grace\n|\n|t:|1783541396\n|switch|p1a: Pikachu|Pikachu-Partner, L93, F|216/216\n|turn|18\n|inactive|Time left: 300 sec this turn | 300 sec total\n|\n|t:|1783541397\n|move|p1a: Pikachu|Fake Out|p2a: Farigiraf\n|-damage|p2a: Farigiraf|55/100\n|cant|p2a: Farigiraf|flinch\n|\n|upkeep\n|turn|19\n|inactive|Time left: 300 sec this turn | 300 sec total\n|\n|t:|1783541398\n|move|p1a: Pikachu|Volt Tackle|p2a: Farigiraf\n|-damage|p2a: Farigiraf|0 fnt\n|faint|p2a: Farigiraf\n|-damage|p1a: Pikachu|151/216|[from] Recoil\n|\n|upkeep\n|\n|t:|1783541399\n|switch|p2a: Lapras|Lapras, L87, F|100/100\n|turn|20\n|inactive|Time left: 300 sec this turn | 300 sec total\n|\n|t:|1783541400\n|switch|p1a: Luvdisc|Luvdisc, M|247/247\n|-terastallize|p2a: Lapras|Ground\n|move|p2a: Lapras|Dragon Dance|p2a: Lapras\n|-boost|p2a: Lapras|atk|1\n|-boost|p2a: Lapras|spe|1\n|\n|upkeep\n|turn|21\n|inactive|Time left: 300 sec this turn | 300 sec total\n|\n|t:|1783541401\n|move|p1a: Luvdisc|Endeavor|p2a: Lapras\n|-damage|p2a: Lapras|68/100\n|move|p2a: Lapras|Icicle Spear|p1a: Luvdisc\n|-resisted|p1a: Luvdisc\n|-damage|p1a: Luvdisc|223/247\n|-resisted|p1a: Luvdisc\n|-damage|p1a: Luvdisc|200/247\n|-resisted|p1a: Luvdisc\n|-damage|p1a: Luvdisc|178/247\n|-resisted|p1a: Luvdisc\n|-damage|p1a: Luvdisc|154/247\n|-resisted|p1a: Luvdisc\n|-damage|p1a: Luvdisc|132/247\n|-hitcount|p1a: Luvdisc|5\n|\n|upkeep\n|turn|22\n|inactive|Time left: 300 sec this turn | 300 sec total\n|\n|t:|1783541402\n|move|p1a: Luvdisc|Endeavor|p2a: Lapras\n|-damage|p2a: Lapras|36/100\n|move|p2a: Lapras|Dragon Dance|p2a: Lapras\n|-boost|p2a: Lapras|atk|1\n|-boost|p2a: Lapras|spe|1\n|\n|upkeep\n|turn|23\n|inactive|Time left: 300 sec this turn | 300 sec total\n|\n|t:|1783541403\n|move|p2a: Lapras|Icicle Spear|p1a: Luvdisc\n|-resisted|p1a: Luvdisc\n|-damage|p1a: Luvdisc|105/247\n|-resisted|p1a: Luvdisc\n|-damage|p1a: Luvdisc|77/247\n|-resisted|p1a: Luvdisc\n|-damage|p1a: Luvdisc|46/247\n|-resisted|p1a: Luvdisc\n|-damage|p1a: Luvdisc|16/247\n|-hitcount|p1a: Luvdisc|4\n|move|p1a: Luvdisc|Endeavor|p2a: Lapras\n|-damage|p2a: Lapras|5/100\n|\n|upkeep\n|turn|24\n|inactive|Time left: 300 sec this turn | 300 sec total\n|\n|t:|1783541405\n|move|p2a: Lapras|Dragon Dance|p2a: Lapras\n|-boost|p2a: Lapras|atk|1\n|-boost|p2a: Lapras|spe|1\n|move|p1a: Luvdisc|Endeavor|p2a: Lapras\n|-immune|p2a: Lapras\n|\n|upkeep\n|turn|25\n|inactive|Time left: 300 sec this turn | 300 sec total\n|\n|t:|1783541405\n|move|p2a: Lapras|Dragon Dance|p2a: Lapras\n|-boost|p2a: Lapras|atk|1\n|-boost|p2a: Lapras|spe|1\n|move|p1a: Luvdisc|Whirlpool|p2a: Lapras\n|-heal|p2a: Lapras|30/100|[from] ability: Water Absorb|[of] p1a: Luvdisc\n|\n|upkeep\n|turn|26\n|inactive|Time left: 300 sec this turn | 300 sec total\n|\n|t:|1783541406\n|move|p2a: Lapras|Earthquake|p1a: Luvdisc\n|-damage|p1a: Luvdisc|0 fnt\n|faint|p1a: Luvdisc\n|\n|upkeep\n|inactive|Time left: 300 sec this turn | 300 sec total | 5 sec grace\n|\n|t:|1783541407\n|switch|p1a: Toedscruel|Toedscruel, L87, M|281/281\n|turn|27\n|inactive|Time left: 300 sec this turn | 300 sec total\n|\n|t:|1783541408\n|move|p2a: Lapras|Earthquake|p1a: Toedscruel\n|-resisted|p1a: Toedscruel\n|-damage|p1a: Toedscruel|111/281\n|move|p1a: Toedscruel|Giga Drain|p2a: Lapras\n|-supereffective|p2a: Lapras\n|-damage|p2a: Lapras|0 fnt\n|-heal|p1a: Toedscruel|165/281|[from] drain|[of] p2a: Lapras\n|faint|p2a: Lapras\n|\n|-heal|p1a: Toedscruel|182/281|[from] item: Leftovers\n|upkeep\n|\n|t:|1783541409\n|switch|p2a: Magmortar|Magmortar, L88, F|100/100\n|turn|28\n|inactive|Time left: 300 sec this turn | 300 sec total\n|\n|t:|1783541410\n|-terastallize|p1a: Toedscruel|Water\n|move|p1a: Toedscruel|Earth Power|p2a: Magmortar\n|-supereffective|p2a: Magmortar\n|-damage|p2a: Magmortar|39/100\n|move|p2a: Magmortar|Fire Blast|p1a: Toedscruel\n|-resisted|p1a: Toedscruel\n|-damage|p1a: Toedscruel|119/281\n|\n|-heal|p1a: Toedscruel|136/281|[from] item: Leftovers\n|upkeep\n|turn|29\n|inactive|Time left: 300 sec this turn | 300 sec total\n|\n|t:|1783541411\n|switch|p2a: Drednaw|Drednaw, L81, F|100/100\n|move|p1a: Toedscruel|Earth Power|p2a: Drednaw\n|-supereffective|p2a: Drednaw\n|-damage|p2a: Drednaw|27/100\n|\n|-heal|p1a: Toedscruel|153/281|[from] item: Leftovers\n|upkeep\n|turn|30\n|inactive|Time left: 300 sec this turn | 300 sec total\n|\n|t:|1783541412\n|move|p1a: Toedscruel|Giga Drain|p2a: Drednaw\n|-supereffective|p2a: Drednaw\n|-damage|p2a: Drednaw|0 fnt\n|-heal|p1a: Toedscruel|190/281|[from] drain|[of] p2a: Drednaw\n|faint|p2a: Drednaw\n|\n|-heal|p1a: Toedscruel|207/281|[from] item: Leftovers\n|upkeep\n|\n|t:|1783541413\n|switch|p2a: Magmortar|Magmortar, L88, F|39/100\n|turn|31\n|inactive|Time left: 300 sec this turn | 300 sec total\n|\n|t:|1783541413\n|move|p1a: Toedscruel|Earth Power|p2a: Magmortar\n|-supereffective|p2a: Magmortar\n|-damage|p2a: Magmortar|0 fnt\n|faint|p2a: Magmortar\n|\n|win|p0x195fe77", "uploadtime": 1783541413, "views": 0, "rating": 0, "private": 0, "password": null, "_winner": "p0x195fe77", "_our_name": "p0x195fe77"}