{"id": "battle-gen9randombattle-2040", "formatid": "gen9randombattle", "format": "[Gen 9] Random Battle", "players": ["p0x204042c2", "p0y20403bc7"], "log": "|init|battle\n|title|p0x204042c2 vs. p0y20403bc7\n|j|\u2606p0x204042c2\n|j|\u2606p0y20403bc7\n|t:|1783563620\n|gametype|singles\n|player|p1|p0x204042c2|102|\n|player|p2|p0y20403bc7|2|\n|gen|9\n|tier|[Gen 9] Random Battle\n|rule|Species Clause: Limit one of each Pok\u00e9mon\n|rule|HP Percentage Mod: HP is shown in percentages\n|rule|Sleep Clause Mod: Limit one foe put to sleep\n|rule|Illusion Level Mod: Illusion disguises the Pok\u00e9mon's true level\n|\n|t:|1783563620\n|teamsize|p1|6\n|teamsize|p2|6\n|start\n|switch|p1a: Lumineon|Lumineon, L93, M|279/279\n|switch|p2a: Vaporeon|Vaporeon, L86, F|100/100\n|turn|1\n|inactive|Battle timer is ON: inactive players will automatically lose when time's up. (requested by p0y20403bc7)\n|inactive|Time left: 300 sec this turn | 300 sec total | 60 sec grace\n|inactive|p0x204042c2 also wants the timer to be on.\n|\n|t:|1783563622\n|switch|p1a: Blastoise|Blastoise, L80, M|258/258\n|move|p2a: Vaporeon|Calm Mind|p2a: Vaporeon\n|-boost|p2a: Vaporeon|spa|1\n|-boost|p2a: Vaporeon|spd|1\n|\n|upkeep\n|turn|2\n|inactive|Time left: 300 sec this turn | 300 sec total\n|\n|t:|1783563623\n|move|p1a: Blastoise|Shell Smash|p1a: Blastoise\n|-unboost|p1a: Blastoise|def|1\n|-unboost|p1a: Blastoise|spd|1\n|-boost|p1a: Blastoise|atk|2\n|-boost|p1a: Blastoise|spa|2\n|-boost|p1a: Blastoise|spe|2\n|-enditem|p1a: Blastoise|White Herb\n|-clearnegativeboost|p1a: Blastoise|[silent]\n|move|p2a: Vaporeon|Calm Mind|p2a: Vaporeon\n|-boost|p2a: Vaporeon|spa|1\n|-boost|p2a: Vaporeon|spd|1\n|\n|upkeep\n|turn|3\n|inactive|Time left: 300 sec this turn | 300 sec total\n|\n|t:|1783563624\n|move|p1a: Blastoise|Earthquake|p2a: Vaporeon\n|-damage|p2a: Vaporeon|62/100\n|move|p2a: Vaporeon|Scald|p1a: Blastoise\n|-resisted|p1a: Blastoise\n|-damage|p1a: Blastoise|162/258\n|\n|-heal|p2a: Vaporeon|68/100|[from] item: Leftovers\n|upkeep\n|turn|4\n|inactive|Time left: 300 sec this turn | 300 sec total\n|\n|t:|1783563625\n|move|p1a: Blastoise|Earthquake|p2a: Vaporeon\n|-damage|p2a: Vaporeon|25/100\n|move|p2a: Vaporeon|Scald|p1a: Blastoise\n|-resisted|p1a: Blastoise\n|-damage|p1a: Blastoise|75/258\n|-status|p1a: Blastoise|brn\n|\n|-heal|p2a: Vaporeon|31/100|[from] item: Leftovers\n|-damage|p1a: Blastoise|59/258 brn|[from] brn\n|upkeep\n|turn|5\n|inactive|Time left: 300 sec this turn | 300 sec total\n|\n|t:|1783563626\n|move|p1a: Blastoise|Earthquake|p2a: Vaporeon\n|-damage|p2a: Vaporeon|10/100\n|move|p2a: Vaporeon|Scald|p1a: Blastoise\n|-resisted|p1a: Blastoise\n|-damage|p1a: Blastoise|0 fnt\n|faint|p1a: Blastoise\n|\n|-heal|p2a: Vaporeon|16/100|[from] item: Leftovers\n|upkeep\n|inactive|Time left: 300 sec this turn | 300 sec total | 5 sec grace\n|\n|t:|1783563628\n|switch|p1a: Wyrdeer|Wyrdeer, L87, M|321/321\n|-ability|p1a: Wyrdeer|Intimidate|boost\n|-unboost|p2a: Vaporeon|atk|1\n|turn|6\n|inactive|Time left: 300 sec this turn | 300 sec total\n|\n|t:|1783563629\n|move|p2a: Vaporeon|Protect|p2a: Vaporeon\n|-singleturn|p2a: Vaporeon|Protect\n|move|p1a: Wyrdeer|Body Slam|p2a: Vaporeon\n|-activate|p2a: Vaporeon|move: Protect\n|\n|-heal|p2a: Vaporeon|22/100|[from] item: Leftovers\n|upkeep\n|turn|7\n|inactive|Time left: 300 sec this turn | 300 sec total\n|\n|t:|1783563630\n|move|p1a: Wyrdeer|Earthquake|p2a: Vaporeon\n|-damage|p2a: Vaporeon|0 fnt\n|faint|p2a: Vaporeon\n|\n|upkeep\n|\n|t:|1783563631\n|switch|p2a: Gardevoir|Gardevoir, L83, F|100/100\n|-ability|p2a: Gardevoir|Intimidate|Trace|[from] ability: Trace|[of] p1a: Wyrdeer\n|-ability|p2a: Gardevoir|Intimidate|boost\n|-unboost|p1a: Wyrdeer|atk|1\n|turn|8\n|inactive|Time left: 300 sec this turn | 300 sec total\n|\n|t:|1783563632\n|move|p2a: Gardevoir|Moonblast|p1a: Wyrdeer\n|-damage|p1a: Wyrdeer|231/321\n|move|p1a: Wyrdeer|Body Slam|p2a: Gardevoir\n|-damage|p2a: Gardevoir|66/100\n|-status|p2a: Gardevoir|par\n|\n|upkeep\n|turn|9\n|inactive|Time left: 300 sec this turn | 300 sec total\n|\n|t:|1783563634\n|switch|p1a: Volcarona|Volcarona, L77, F|257/257\n|cant|p2a: Gardevoir|par\n|\n|upkeep\n|turn|10\n|inactive|Time left: 300 sec this turn | 300 sec total\n|\n|t:|1783563635\n|switch|p2a: Basculegion|Basculegion, L80, M|100/100\n|move|p1a: Volcarona|Quiver Dance|p1a: Volcarona\n|-boost|p1a: Volcarona|spa|1\n|-boost|p1a: Volcarona|spd|1\n|-boost|p1a: Volcarona|spe|1\n|\n|upkeep\n|turn|11\n|inactive|Time left: 300 sec this turn | 300 sec total\n|\n|t:|1783563636\n|-terastallize|p1a: Volcarona|Water\n|move|p1a: Volcarona|Quiver Dance|p1a: Volcarona\n|-boost|p1a: Volcarona|spa|1\n|-boost|p1a: Volcarona|spd|1\n|-boost|p1a: Volcarona|spe|1\n|move|p2a: Basculegion|Wave Crash|p1a: Volcarona\n|-resisted|p1a: Volcarona\n|-damage|p1a: Volcarona|133/257\n|-damage|p2a: Basculegion|88/100|[from] Recoil\n|\n|upkeep\n|turn|12\n|inactive|Time left: 300 sec this turn | 300 sec total\n|\n|t:|1783563637\n|move|p1a: Volcarona|Giga Drain|p2a: Basculegion\n|-supereffective|p2a: Basculegion\n|-damage|p2a: Basculegion|33/100\n|-heal|p1a: Volcarona|222/257|[from] drain|[of] p2a: Basculegion\n|move|p2a: Basculegion|Wave Crash|p1a: Volcarona\n|-resisted|p1a: Volcarona\n|-damage|p1a: Volcarona|112/257\n|-status|p2a: Basculegion|brn|[from] ability: Flame Body|[of] p1a: Volcarona\n|-damage|p2a: Basculegion|22/100 brn|[from] Recoil\n|\n|-damage|p2a: Basculegion|15/100 brn|[from] brn\n|upkeep\n|turn|13\n|inactive|Time left: 300 sec this turn | 300 sec total\n|\n|t:|1783563639\n|move|p2a: Basculegion|Aqua Jet|p1a: Volcarona\n|-resisted|p1a: Volcarona\n|-damage|p1a: Volcarona|93/257\n|move|p1a: Volcarona|Giga Drain|p2a: Basculegion\n|-supereffective|p2a: Basculegion\n|-damage|p2a: Basculegion|0 fnt\n|-heal|p1a: Volcarona|117/257|[from] drain|[of] p2a: Basculegion\n|faint|p2a: Basculegion\n|\n|upkeep\n|\n|t:|1783563640\n|switch|p2a: Greedent|Greedent, L86, M|100/100\n|turn|14\n|inactive|Time left: 300 sec this turn | 300 sec total\n|\n|t:|1783563641\n|move|p1a: Volcarona|Giga Drain|p2a: Greedent\n|-damage|p2a: Greedent|62/100\n|-heal|p1a: Volcarona|185/257|[from] drain|[of] p2a: Greedent\n|move|p2a: Greedent|Body Slam|p1a: Volcarona\n|-damage|p1a: Volcarona|55/257\n|\n|upkeep\n|turn|15\n|inactive|Time left: 300 sec this turn | 300 sec total\n|\n|t:|1783563642\n|move|p1a: Volcarona|Fire Blast|p2a: Greedent\n|-damage|p2a: Greedent|0 fnt\n|faint|p2a: Greedent\n|\n|upkeep\n|\n|t:|1783563643\n|switch|p2a: Sandslash|Sandslash, L89, F|100/100\n|turn|16\n|inactive|Time left: 300 sec this turn | 300 sec total\n|\n|t:|1783563644\n|-terastallize|p2a: Sandslash|Water\n|move|p1a: Volcarona|Giga Drain|p2a: Sandslash\n|-supereffective|p2a: Sandslash\n|-damage|p2a: Sandslash|29/100\n|-heal|p1a: Volcarona|155/257|[from] drain|[of] p2a: Sandslash\n|move|p2a: Sandslash|Earthquake|p1a: Volcarona\n|-damage|p1a: Volcarona|0 fnt\n|faint|p1a: Volcarona\n|\n|upkeep\n|inactive|Time left: 300 sec this turn | 300 sec total | 5 sec grace\n|\n|t:|1783563645\n|switch|p1a: Maushold|Maushold-Four, L76|238/238\n|turn|17\n|inactive|Time left: 300 sec this turn | 300 sec total\n|\n|t:|1783563646\n|move|p1a: Maushold|Population Bomb|p2a: Sandslash\n|-crit|p2a: Sandslash\n|-damage|p2a: Sandslash|18/100\n|-damage|p2a: Sandslash|12/100\n|-damage|p2a: Sandslash|5/100\n|-damage|p2a: Sandslash|0 fnt\n|faint|p2a: Sandslash\n|-hitcount|p2: Sandslash|4\n|\n|upkeep\n|\n|t:|1783563647\n|switch|p2a: Iron Jugulis|Iron Jugulis, L77|100/100\n|turn|18\n|inactive|Time left: 300 sec this turn | 300 sec total\n|\n|t:|1783563648\n|move|p1a: Maushold|Population Bomb|p2a: Iron Jugulis\n|-damage|p2a: Iron Jugulis|91/100\n|-damage|p2a: Iron Jugulis|82/100\n|-damage|p2a: Iron Jugulis|72/100\n|-damage|p2a: Iron Jugulis|62/100\n|-damage|p2a: Iron Jugulis|53/100\n|-crit|p2a: Iron Jugulis\n|-damage|p2a: Iron Jugulis|40/100\n|-damage|p2a: Iron Jugulis|30/100\n|-damage|p2a: Iron Jugulis|20/100\n|-damage|p2a: Iron Jugulis|11/100\n|-damage|p2a: Iron Jugulis|1/100\n|-hitcount|p2a: Iron Jugulis|10\n|move|p2a: Iron Jugulis|Meteor Beam||[still]\n|-prepare|p2a: Iron Jugulis|Meteor Beam\n|-boost|p2a: Iron Jugulis|spa|1\n|-enditem|p2a: Iron Jugulis|Power Herb\n|-anim|p2a: Iron Jugulis|Meteor Beam|p1a: Maushold\n|-damage|p1a: Maushold|76/238\n|\n|upkeep\n|turn|19\n|inactive|Time left: 300 sec this turn | 300 sec total\n|\n|t:|1783563648\n|move|p1a: Maushold|Population Bomb|p2a: Iron Jugulis\n|-damage|p2a: Iron Jugulis|0 fnt\n|faint|p2a: Iron Jugulis\n|-end|p2a: Iron Jugulis|Quark Drive|[silent]\n|-hitcount|p2: Iron Jugulis|1\n|\n|upkeep\n|\n|t:|1783563649\n|switch|p2a: Gardevoir|Gardevoir, L83, F|66/100 par\n|-ability|p2a: Gardevoir|Technician|Trace|[from] ability: Trace|[of] p1a: Maushold\n|turn|20\n|inactive|Time left: 300 sec this turn | 300 sec total\n|\n|t:|1783563650\n|move|p1a: Maushold|Population Bomb|p2a: Gardevoir|[miss]\n|-miss|p1a: Maushold|p2a: Gardevoir\n|move|p2a: Gardevoir|Focus Blast|p1a: Maushold|[miss]\n|-miss|p2a: Gardevoir|p1a: Maushold\n|\n|upkeep\n|turn|21\n|inactive|Time left: 300 sec this turn | 300 sec total\n|\n|t:|1783563651\n|move|p1a: Maushold|Population Bomb|p2a: Gardevoir\n|-damage|p2a: Gardevoir|54/100 par\n|-damage|p2a: Gardevoir|42/100 par\n|-damage|p2a: Gardevoir|32/100 par\n|-damage|p2a: Gardevoir|21/100 par\n|-damage|p2a: Gardevoir|10/100 par\n|-hitcount|p2a: Gardevoir|5\n|cant|p2a: Gardevoir|par\n|\n|upkeep\n|turn|22\n|inactive|Time left: 300 sec this turn | 300 sec total\n|\n|t:|1783563651\n|move|p1a: Maushold|Bite|p2a: Gardevoir\n|-damage|p2a: Gardevoir|0 fnt\n|faint|p2a: Gardevoir\n|\n|win|p0x204042c2", "uploadtime": 1783563651, "views": 0, "rating": 0, "private": 0, "password": null, "_winner": "p0x204042c2", "_our_name": "p0x204042c2"}