{"id": "battle-gen9randombattle-192", "formatid": "gen9randombattle", "format": "[Gen 9] Random Battle", "players": ["p0x192b609", "p0y1927c61"], "log": "|init|battle\n|title|p0x192b609 vs. p0y1927c61\n|j|\u2606p0x192b609\n|j|\u2606p0y1927c61\n|t:|1783541319\n|gametype|singles\n|player|p1|p0x192b609|265|\n|player|p2|p0y1927c61|2|\n|gen|9\n|tier|[Gen 9] Random Battle\n|rule|Species Clause: Limit one of each Pok\u00e9mon\n|rule|HP Percentage Mod: HP is shown in percentages\n|rule|Sleep Clause Mod: Limit one foe put to sleep\n|rule|Illusion Level Mod: Illusion disguises the Pok\u00e9mon's true level\n|\n|t:|1783541319\n|teamsize|p1|6\n|teamsize|p2|6\n|start\n|switch|p1a: Registeel|Registeel, L81|262/262\n|switch|p2a: Medicham|Medicham, L86, M|100/100\n|turn|1\n|inactive|Battle timer is ON: inactive players will automatically lose when time's up. (requested by p0y1927c61)\n|inactive|Time left: 300 sec this turn | 300 sec total | 60 sec grace\n|inactive|p0x192b609 also wants the timer to be on.\n|\n|t:|1783541321\n|switch|p1a: Veluza|Veluza, L85, F|292/292\n|move|p2a: Medicham|Close Combat|p1a: Veluza\n|-resisted|p1a: Veluza\n|-crit|p1a: Veluza\n|-damage|p1a: Veluza|61/292\n|-unboost|p2a: Medicham|def|1\n|-unboost|p2a: Medicham|spd|1\n|-enditem|p1a: Veluza|Sitrus Berry|[eat]\n|-heal|p1a: Veluza|134/292|[from] item: Sitrus Berry\n|\n|upkeep\n|turn|2\n|inactive|Time left: 300 sec this turn | 300 sec total\n|\n|t:|1783541323\n|switch|p1a: Flamigo|Flamigo, L82, F|269/269\n|move|p2a: Medicham|Close Combat|p1a: Flamigo\n|-resisted|p1a: Flamigo\n|-damage|p1a: Flamigo|101/269\n|-unboost|p2a: Medicham|def|1\n|-unboost|p2a: Medicham|spd|1\n|\n|upkeep\n|turn|3\n|inactive|Time left: 300 sec this turn | 300 sec total\n|\n|t:|1783541324\n|switch|p2a: Mimikyu|Mimikyu, L79, M|100/100\n|move|p1a: Flamigo|Brave Bird|p2a: Mimikyu\n|-activate|p2a: Mimikyu|ability: Disguise\n|-damage|p2a: Mimikyu|100/100\n|detailschange|p2a: Mimikyu|Mimikyu-Busted, L79, M\n|-damage|p2a: Mimikyu|88/100|[from] pokemon: Mimikyu-Busted\n|\n|upkeep\n|turn|4\n|inactive|Time left: 300 sec this turn | 300 sec total\n|\n|t:|1783541325\n|move|p1a: Flamigo|Brave Bird|p2a: Mimikyu\n|-damage|p2a: Mimikyu|19/100\n|-damage|p1a: Flamigo|52/269|[from] Recoil\n|move|p2a: Mimikyu|Play Rough|p1a: Flamigo\n|-supereffective|p1a: Flamigo\n|-damage|p1a: Flamigo|0 fnt\n|faint|p1a: Flamigo\n|-damage|p2a: Mimikyu|10/100|[from] item: Life Orb\n|\n|upkeep\n|inactive|Time left: 300 sec this turn | 300 sec total | 5 sec grace\n|\n|t:|1783541326\n|switch|p1a: Raikou|Raikou, L81|278/278\n|-ability|p1a: Raikou|Pressure\n|turn|5\n|inactive|Time left: 300 sec this turn | 300 sec total\n|\n|t:|1783541327\n|switch|p2a: Medicham|Medicham, L86, M|100/100\n|move|p1a: Raikou|Scald|p2a: Medicham\n|-damage|p2a: Medicham|75/100\n|\n|upkeep\n|turn|6\n|inactive|Time left: 300 sec this turn | 300 sec total\n|\n|t:|1783541328\n|move|p1a: Raikou|Substitute|p1a: Raikou\n|-start|p1a: Raikou|Substitute\n|-damage|p1a: Raikou|209/278\n|move|p2a: Medicham|Close Combat|p1a: Raikou\n|-end|p1a: Raikou|Substitute\n|-unboost|p2a: Medicham|def|1\n|-unboost|p2a: Medicham|spd|1\n|\n|-heal|p1a: Raikou|226/278|[from] item: Leftovers\n|upkeep\n|turn|7\n|inactive|Time left: 300 sec this turn | 300 sec total\n|\n|t:|1783541329\n|move|p1a: Raikou|Substitute|p1a: Raikou\n|-start|p1a: Raikou|Substitute\n|-damage|p1a: Raikou|157/278\n|move|p2a: Medicham|Close Combat|p1a: Raikou\n|-end|p1a: Raikou|Substitute\n|-unboost|p2a: Medicham|def|1\n|-unboost|p2a: Medicham|spd|1\n|\n|-heal|p1a: Raikou|174/278|[from] item: Leftovers\n|upkeep\n|turn|8\n|inactive|Time left: 300 sec this turn | 300 sec total\n|\n|t:|1783541330\n|move|p1a: Raikou|Thunderbolt|p2a: Medicham\n|-damage|p2a: Medicham|0 fnt\n|faint|p2a: Medicham\n|\n|-heal|p1a: Raikou|191/278|[from] item: Leftovers\n|upkeep\n|\n|t:|1783541331\n|switch|p2a: Falinks|Falinks, L84|100/100\n|turn|9\n|inactive|Time left: 300 sec this turn | 300 sec total\n|\n|t:|1783541332\n|move|p1a: Raikou|Thunderbolt|p2a: Falinks\n|-damage|p2a: Falinks|50/100\n|move|p2a: Falinks|No Retreat|p2a: Falinks\n|-boost|p2a: Falinks|atk|1\n|-boost|p2a: Falinks|def|1\n|-boost|p2a: Falinks|spa|1\n|-boost|p2a: Falinks|spd|1\n|-boost|p2a: Falinks|spe|1\n|-start|p2a: Falinks|move: No Retreat\n|\n|-heal|p1a: Raikou|208/278|[from] item: Leftovers\n|upkeep\n|turn|10\n|inactive|Time left: 300 sec this turn | 300 sec total\n|\n|t:|1783541334\n|switch|p1a: Veluza|Veluza, L85, F|134/292\n|-terastallize|p2a: Falinks|Dark\n|move|p2a: Falinks|Knock Off|p1a: Veluza\n|-supereffective|p1a: Veluza\n|-damage|p1a: Veluza|0 fnt\n|faint|p1a: Veluza\n|-damage|p2a: Falinks|40/100|[from] item: Life Orb\n|\n|upkeep\n|inactive|Time left: 300 sec this turn | 300 sec total | 5 sec grace\n|\n|t:|1783541335\n|switch|p1a: Orthworm|Orthworm, L88, M|266/266\n|turn|11\n|inactive|Time left: 300 sec this turn | 300 sec total\n|\n|t:|1783541336\n|-terastallize|p1a: Orthworm|Electric\n|move|p2a: Falinks|Close Combat|p1a: Orthworm\n|-damage|p1a: Orthworm|91/266\n|-unboost|p2a: Falinks|def|1\n|-unboost|p2a: Falinks|spd|1\n|-damage|p2a: Falinks|31/100|[from] item: Life Orb\n|move|p1a: Orthworm|Body Press|p2a: Falinks\n|-supereffective|p2a: Falinks\n|-damage|p2a: Falinks|0 fnt\n|faint|p2a: Falinks\n|\n|-heal|p1a: Orthworm|107/266|[from] item: Leftovers\n|upkeep\n|\n|t:|1783541337\n|switch|p2a: Bronzong|Bronzong, L88|100/100\n|turn|12\n|inactive|Time left: 300 sec this turn | 300 sec total\n|\n|t:|1783541338\n|move|p1a: Orthworm|Spikes|p2a: Bronzong\n|-sidestart|p2: p0y1927c61|Spikes\n|move|p2a: Bronzong|Psychic Noise|p1a: Orthworm\n|-damage|p1a: Orthworm|10/266\n|-start|p1a: Orthworm|move: Heal Block\n|\n|upkeep\n|turn|13\n|inactive|Time left: 300 sec this turn | 300 sec total\n|\n|t:|1783541339\n|move|p1a: Orthworm|Body Press|p2a: Bronzong\n|-damage|p2a: Bronzong|74/100\n|move|p2a: Bronzong|Psychic Noise|p1a: Orthworm\n|-damage|p1a: Orthworm|0 fnt\n|faint|p1a: Orthworm\n|\n|-heal|p2a: Bronzong|80/100|[from] item: Leftovers\n|upkeep\n|inactive|Time left: 300 sec this turn | 300 sec total | 5 sec grace\n|\n|t:|1783541340\n|switch|p1a: Raikou|Raikou, L81|208/278\n|-ability|p1a: Raikou|Pressure\n|turn|14\n|inactive|Time left: 300 sec this turn | 300 sec total\n|\n|t:|1783541342\n|move|p1a: Raikou|Scald|p2a: Bronzong\n|-damage|p2a: Bronzong|63/100\n|move|p2a: Bronzong|Body Press|p1a: Raikou\n|-damage|p1a: Raikou|117/278\n|\n|-heal|p1a: Raikou|134/278|[from] item: Leftovers\n|-heal|p2a: Bronzong|69/100|[from] item: Leftovers\n|upkeep\n|turn|15\n|inactive|Time left: 300 sec this turn | 300 sec total\n|\n|t:|1783541343\n|move|p1a: Raikou|Scald|p2a: Bronzong\n|-damage|p2a: Bronzong|50/100\n|-status|p2a: Bronzong|brn\n|move|p2a: Bronzong|Body Press|p1a: Raikou\n|-damage|p1a: Raikou|89/278\n|\n|-heal|p1a: Raikou|106/278|[from] item: Leftovers\n|-heal|p2a: Bronzong|56/100 brn|[from] item: Leftovers\n|-damage|p2a: Bronzong|50/100 brn|[from] brn\n|upkeep\n|turn|16\n|inactive|Time left: 300 sec this turn | 300 sec total\n|\n|t:|1783541344\n|move|p1a: Raikou|Calm Mind|p1a: Raikou\n|-boost|p1a: Raikou|spa|1\n|-boost|p1a: Raikou|spd|1\n|move|p2a: Bronzong|Psychic Noise|p1a: Raikou\n|-damage|p1a: Raikou|57/278\n|-start|p1a: Raikou|move: Heal Block\n|\n|-heal|p2a: Bronzong|56/100 brn|[from] item: Leftovers\n|-damage|p2a: Bronzong|50/100 brn|[from] brn\n|upkeep\n|turn|17\n|inactive|Time left: 300 sec this turn | 300 sec total\n|\n|t:|1783541345\n|move|p1a: Raikou|Calm Mind|p1a: Raikou\n|-boost|p1a: Raikou|spa|1\n|-boost|p1a: Raikou|spd|1\n|move|p2a: Bronzong|Body Press|p1a: Raikou\n|-damage|p1a: Raikou|17/278\n|\n|-heal|p2a: Bronzong|56/100 brn|[from] item: Leftovers\n|-damage|p2a: Bronzong|50/100 brn|[from] brn\n|-end|p1a: Raikou|move: Heal Block\n|upkeep\n|turn|18\n|inactive|Time left: 300 sec this turn | 300 sec total\n|\n|t:|1783541346\n|move|p1a: Raikou|Thunderbolt|p2a: Bronzong\n|-damage|p2a: Bronzong|0 fnt\n|faint|p2a: Bronzong\n|\n|-heal|p1a: Raikou|34/278|[from] item: Leftovers\n|upkeep\n|\n|t:|1783541347\n|switch|p2a: Kilowattrel|Kilowattrel, L83, M|100/100\n|turn|19\n|inactive|Time left: 300 sec this turn | 300 sec total\n|\n|t:|1783541347\n|move|p2a: Kilowattrel|U-turn|p1a: Raikou\n|-damage|p1a: Raikou|0 fnt\n|faint|p1a: Raikou\n|\n|t:|1783541348\n|switch|p2a: Iron Treads|Iron Treads, L77|100/100|[from] U-turn\n|-damage|p2a: Iron Treads|88/100|[from] Spikes\n|\n|-heal|p2a: Iron Treads|94/100|[from] item: Leftovers\n|upkeep\n|inactive|Time left: 300 sec this turn | 300 sec total | 10 sec grace\n|\n|t:|1783541349\n|switch|p1a: Oinkologne|Oinkologne, L92, M|352/352\n|turn|20\n|inactive|Time left: 300 sec this turn | 300 sec total\n|\n|t:|1783541350\n|move|p2a: Iron Treads|Rapid Spin|p1a: Oinkologne\n|-damage|p1a: Oinkologne|320/352\n|-boost|p2a: Iron Treads|spe|1\n|-sideend|p2: p0y1927c61|Spikes|[from] move: Rapid Spin|[of] p2a: Iron Treads\n|move|p1a: Oinkologne|High Horsepower|p2a: Iron Treads|[miss]\n|-miss|p1a: Oinkologne|p2a: Iron Treads\n|\n|-heal|p2a: Iron Treads|99/100|[from] item: Leftovers\n|-heal|p1a: Oinkologne|342/352|[from] item: Leftovers\n|upkeep\n|turn|21\n|inactive|Time left: 300 sec this turn | 300 sec total\n|\n|t:|1783541351\n|move|p2a: Iron Treads|Iron Head|p1a: Oinkologne\n|-damage|p1a: Oinkologne|264/352\n|cant|p1a: Oinkologne|flinch\n|\n|-heal|p2a: Iron Treads|100/100|[from] item: Leftovers\n|-heal|p1a: Oinkologne|286/352|[from] item: Leftovers\n|upkeep\n|turn|22\n|inactive|Time left: 300 sec this turn | 300 sec total\n|\n|t:|1783541352\n|move|p2a: Iron Treads|Iron Head|p1a: Oinkologne\n|-damage|p1a: Oinkologne|210/352\n|move|p1a: Oinkologne|High Horsepower|p2a: Iron Treads\n|-supereffective|p2a: Iron Treads\n|-damage|p2a: Iron Treads|51/100\n|\n|-heal|p2a: Iron Treads|57/100|[from] item: Leftovers\n|-heal|p1a: Oinkologne|232/352|[from] item: Leftovers\n|upkeep\n|turn|23\n|inactive|Time left: 300 sec this turn | 300 sec total\n|\n|t:|1783541354\n|move|p2a: Iron Treads|Iron Head|p1a: Oinkologne\n|-damage|p1a: Oinkologne|145/352\n|move|p1a: Oinkologne|High Horsepower|p2a: Iron Treads\n|-supereffective|p2a: Iron Treads\n|-damage|p2a: Iron Treads|8/100\n|\n|-heal|p2a: Iron Treads|14/100|[from] item: Leftovers\n|-heal|p1a: Oinkologne|167/352|[from] item: Leftovers\n|upkeep\n|turn|24\n|inactive|Time left: 300 sec this turn | 300 sec total\n|\n|t:|1783541355\n|move|p2a: Iron Treads|Earthquake|p1a: Oinkologne\n|-damage|p1a: Oinkologne|70/352\n|move|p1a: Oinkologne|High Horsepower|p2a: Iron Treads\n|-supereffective|p2a: Iron Treads\n|-damage|p2a: Iron Treads|0 fnt\n|faint|p2a: Iron Treads\n|-end|p2a: Iron Treads|Quark Drive|[silent]\n|\n|-heal|p1a: Oinkologne|92/352|[from] item: Leftovers\n|upkeep\n|\n|t:|1783541356\n|switch|p2a: Kilowattrel|Kilowattrel, L83, M|100/100\n|turn|25\n|inactive|Time left: 300 sec this turn | 300 sec total\n|\n|t:|1783541357\n|switch|p1a: Registeel|Registeel, L81|262/262\n|move|p2a: Kilowattrel|Thunderbolt|p1a: Registeel\n|-damage|p1a: Registeel|195/262\n|\n|-heal|p1a: Registeel|211/262|[from] item: Leftovers\n|upkeep\n|turn|26\n|inactive|Time left: 300 sec this turn | 300 sec total\n|\n|t:|1783541358\n|move|p2a: Kilowattrel|Thunderbolt|p1a: Registeel\n|-damage|p1a: Registeel|148/262\n|move|p1a: Registeel|Iron Head|p2a: Kilowattrel\n|-resisted|p2a: Kilowattrel\n|-damage|p2a: Kilowattrel|83/100\n|\n|-heal|p1a: Registeel|164/262|[from] item: Leftovers\n|upkeep\n|turn|27\n|inactive|Time left: 300 sec this turn | 300 sec total\n|\n|t:|1783541359\n|move|p2a: Kilowattrel|Thunderbolt|p1a: Registeel\n|-damage|p1a: Registeel|94/262\n|-status|p1a: Registeel|par\n|move|p1a: Registeel|Body Press|p2a: Kilowattrel\n|-resisted|p2a: Kilowattrel\n|-damage|p2a: Kilowattrel|63/100\n|\n|-heal|p1a: Registeel|110/262 par|[from] item: Leftovers\n|upkeep\n|turn|28\n|inactive|Time left: 300 sec this turn | 300 sec total\n|\n|t:|1783541360\n|move|p2a: Kilowattrel|Thunderbolt|p1a: Registeel\n|-damage|p1a: Registeel|43/262 par\n|move|p1a: Registeel|Thunder Wave|p2a: Kilowattrel\n|-heal|p2a: Kilowattrel|88/100|[from] ability: Volt Absorb|[of] p1a: Registeel\n|\n|-heal|p1a: Registeel|59/262 par|[from] item: Leftovers\n|upkeep\n|turn|29\n|inactive|Time left: 300 sec this turn | 300 sec total\n|\n|t:|1783541361\n|switch|p1a: Oinkologne|Oinkologne, L92, M|92/352\n|move|p2a: Kilowattrel|Thunderbolt|p1a: Oinkologne\n|-damage|p1a: Oinkologne|0 fnt\n|faint|p1a: Oinkologne\n|\n|upkeep\n|inactive|Time left: 300 sec this turn | 300 sec total | 5 sec grace\n|\n|t:|1783541362\n|switch|p1a: Registeel|Registeel, L81|59/262 par\n|turn|30\n|inactive|Time left: 300 sec this turn | 300 sec total\n|\n|t:|1783541363\n|move|p2a: Kilowattrel|Thunderbolt|p1a: Registeel\n|-crit|p1a: Registeel\n|-damage|p1a: Registeel|0 fnt\n|faint|p1a: Registeel\n|\n|win|p0y1927c61", "uploadtime": 1783541363, "views": 0, "rating": 0, "private": 0, "password": null, "_winner": "p0y1927c61", "_our_name": "p0x192b609"}