{"id": "battle-gen9randombattle-2854", "formatid": "gen9randombattle", "format": "[Gen 9] Random Battle", "players": ["p0x2854ad70", "p0y28543197"], "log": "|init|battle\n|title|p0x2854ad70 vs. p0y28543197\n|j|\u2606p0x2854ad70\n|j|\u2606p0y28543197\n|t:|1783572872\n|gametype|singles\n|player|p1|p0x2854ad70|170|\n|player|p2|p0y28543197|170|\n|gen|9\n|tier|[Gen 9] Random Battle\n|rule|Species Clause: Limit one of each Pok\u00e9mon\n|rule|HP Percentage Mod: HP is shown in percentages\n|rule|Sleep Clause Mod: Limit one foe put to sleep\n|rule|Illusion Level Mod: Illusion disguises the Pok\u00e9mon's true level\n|\n|t:|1783572872\n|teamsize|p1|6\n|teamsize|p2|6\n|start\n|switch|p1a: Iron Jugulis|Iron Jugulis, L77|271/271\n|switch|p2a: Spidops|Spidops, L96, M|100/100\n|turn|1\n|inactive|Battle timer is ON: inactive players will automatically lose when time's up. (requested by p0y28543197)\n|inactive|Time left: 300 sec this turn | 300 sec total | 60 sec grace\n|inactive|p0x2854ad70 also wants the timer to be on.\n|\n|t:|1783572874\n|move|p1a: Iron Jugulis|Meteor Beam||[still]\n|-prepare|p1a: Iron Jugulis|Meteor Beam\n|-boost|p1a: Iron Jugulis|spa|1\n|-enditem|p1a: Iron Jugulis|Power Herb\n|-anim|p1a: Iron Jugulis|Meteor Beam|p2a: Spidops\n|-supereffective|p2a: Spidops\n|-damage|p2a: Spidops|23/100\n|move|p2a: Spidops|Sticky Web|p1a: Iron Jugulis\n|-sidestart|p1: p0x2854ad70|move: Sticky Web\n|\n|upkeep\n|turn|2\n|inactive|Time left: 300 sec this turn | 300 sec total\n|\n|t:|1783572875\n|move|p1a: Iron Jugulis|Meteor Beam||[still]\n|-prepare|p1a: Iron Jugulis|Meteor Beam\n|-boost|p1a: Iron Jugulis|spa|1\n|move|p2a: Spidops|Circle Throw|p1a: Iron Jugulis\n|-damage|p1a: Iron Jugulis|223/271\n|-end|p1a: Iron Jugulis|Quark Drive|[silent]\n|drag|p1a: Toxtricity|Toxtricity, L82, M|257/257\n|-activate|p1a: Toxtricity|move: Sticky Web\n|-unboost|p1a: Toxtricity|spe|1\n|\n|upkeep\n|turn|3\n|inactive|Time left: 300 sec this turn | 300 sec total\n|\n|t:|1783572876\n|move|p2a: Spidops|Knock Off|p1a: Toxtricity\n|-damage|p1a: Toxtricity|160/257\n|-enditem|p1a: Toxtricity|Throat Spray|[from] move: Knock Off|[of] p2a: Spidops\n|move|p1a: Toxtricity|Overdrive|p2a: Spidops\n|-damage|p2a: Spidops|0 fnt\n|faint|p2a: Spidops\n|\n|upkeep\n|\n|t:|1783572877\n|switch|p2a: Medicham|Medicham, L86, M|100/100\n|turn|4\n|inactive|Time left: 300 sec this turn | 300 sec total\n|\n|t:|1783572878\n|move|p2a: Medicham|Close Combat|p1a: Toxtricity\n|-resisted|p1a: Toxtricity\n|-damage|p1a: Toxtricity|4/257\n|-unboost|p2a: Medicham|def|1\n|-unboost|p2a: Medicham|spd|1\n|move|p1a: Toxtricity|Boomburst|p2a: Medicham\n|-damage|p2a: Medicham|12/100\n|\n|upkeep\n|turn|5\n|inactive|Time left: 300 sec this turn | 300 sec total\n|\n|t:|1783572879\n|move|p2a: Medicham|Close Combat|p1a: Toxtricity\n|-resisted|p1a: Toxtricity\n|-damage|p1a: Toxtricity|0 fnt\n|-unboost|p2a: Medicham|def|1\n|-unboost|p2a: Medicham|spd|1\n|faint|p1a: Toxtricity\n|\n|upkeep\n|inactive|Time left: 300 sec this turn | 300 sec total | 5 sec grace\n|\n|t:|1783572880\n|switch|p1a: Thundurus|Thundurus, L80, M|258/258\n|turn|6\n|inactive|Time left: 300 sec this turn | 300 sec total\n|\n|t:|1783572881\n|switch|p2a: Sandslash|Sandslash, L89, F|100/100\n|move|p1a: Thundurus|Thunderbolt|p2a: Sandslash\n|-immune|p2a: Sandslash\n|\n|upkeep\n|turn|7\n|inactive|Time left: 300 sec this turn | 300 sec total\n|\n|t:|1783572882\n|move|p1a: Thundurus|Nasty Plot|p1a: Thundurus\n|-boost|p1a: Thundurus|spa|2\n|move|p2a: Sandslash|Knock Off|p1a: Thundurus\n|-damage|p1a: Thundurus|158/258\n|-enditem|p1a: Thundurus|Heavy-Duty Boots|[from] move: Knock Off|[of] p2a: Sandslash\n|\n|upkeep\n|turn|8\n|inactive|Time left: 300 sec this turn | 300 sec total\n|\n|t:|1783572883\n|switch|p2a: Medicham|Medicham, L86, M|12/100\n|move|p1a: Thundurus|Tera Blast|p2a: Medicham\n|-damage|p2a: Medicham|0 fnt\n|faint|p2a: Medicham\n|\n|upkeep\n|\n|t:|1783572884\n|switch|p2a: Rayquaza|Rayquaza, L72|100/100\n|-ability|p2a: Rayquaza|Air Lock\n|turn|9\n|inactive|Time left: 300 sec this turn | 300 sec total\n|\n|t:|1783572885\n|-terastallize|p1a: Thundurus|Flying\n|-terastallize|p2a: Rayquaza|Normal\n|move|p2a: Rayquaza|Extreme Speed|p1a: Thundurus\n|-damage|p1a: Thundurus|4/258\n|move|p1a: Thundurus|Tera Blast|p2a: Rayquaza|[anim] Tera Blast Flying\n|-damage|p2a: Rayquaza|2/100\n|\n|upkeep\n|turn|10\n|inactive|Time left: 300 sec this turn | 300 sec total\n|\n|t:|1783572887\n|move|p2a: Rayquaza|Extreme Speed|p1a: Thundurus\n|-damage|p1a: Thundurus|0 fnt\n|faint|p1a: Thundurus\n|\n|upkeep\n|inactive|Time left: 300 sec this turn | 300 sec total | 5 sec grace\n|\n|t:|1783572888\n|switch|p1a: Iron Jugulis|Iron Jugulis, L77|223/271\n|turn|11\n|inactive|Time left: 300 sec this turn | 300 sec total\n|\n|t:|1783572889\n|move|p2a: Rayquaza|Extreme Speed|p1a: Iron Jugulis\n|-damage|p1a: Iron Jugulis|78/271\n|move|p1a: Iron Jugulis|Earth Power|p2a: Rayquaza\n|-damage|p2a: Rayquaza|0 fnt\n|faint|p2a: Rayquaza\n|\n|upkeep\n|\n|t:|1783572890\n|switch|p2a: Tinkaton|Tinkaton, L82, F|100/100\n|-ability|p2a: Tinkaton|Mold Breaker\n|turn|12\n|inactive|Time left: 300 sec this turn | 300 sec total\n|\n|t:|1783572891\n|move|p1a: Iron Jugulis|Earth Power|p2a: Tinkaton\n|-supereffective|p2a: Tinkaton\n|-damage|p2a: Tinkaton|61/100\n|move|p2a: Tinkaton|Gigaton Hammer|p1a: Iron Jugulis\n|-damage|p1a: Iron Jugulis|0 fnt\n|faint|p1a: Iron Jugulis\n|-end|p1a: Iron Jugulis|Quark Drive|[silent]\n|\n|-heal|p2a: Tinkaton|67/100|[from] item: Leftovers\n|upkeep\n|inactive|Time left: 300 sec this turn | 300 sec total | 5 sec grace\n|\n|t:|1783572891\n|switch|p1a: Rillaboom|Rillaboom, L79, M|288/288\n|-activate|p1a: Rillaboom|move: Sticky Web\n|-unboost|p1a: Rillaboom|spe|1\n|-fieldstart|move: Grassy Terrain|[from] ability: Grassy Surge|[of] p1a: Rillaboom\n|turn|13\n|inactive|Time left: 300 sec this turn | 300 sec total\n|\n|t:|1783572892\n|move|p2a: Tinkaton|Thunder Wave|p1a: Rillaboom\n|-status|p1a: Rillaboom|par\n|move|p1a: Rillaboom|Swords Dance|p1a: Rillaboom\n|-boost|p1a: Rillaboom|atk|2\n|\n|-heal|p2a: Tinkaton|73/100|[from] Grassy Terrain\n|-heal|p2a: Tinkaton|80/100|[from] item: Leftovers\n|upkeep\n|turn|14\n|inactive|Time left: 300 sec this turn | 300 sec total\n|\n|t:|1783572893\n|move|p2a: Tinkaton|Encore|p1a: Rillaboom\n|-start|p1a: Rillaboom|Encore\n|move|p1a: Rillaboom|Swords Dance|p1a: Rillaboom\n|-boost|p1a: Rillaboom|atk|2\n|\n|-heal|p2a: Tinkaton|86/100|[from] Grassy Terrain\n|-heal|p2a: Tinkaton|92/100|[from] item: Leftovers\n|upkeep\n|turn|15\n|inactive|Time left: 300 sec this turn | 300 sec total\n|\n|t:|1783572894\n|switch|p1a: Girafarig|Girafarig, L89, F|269/269\n|-activate|p1a: Girafarig|move: Sticky Web\n|-unboost|p1a: Girafarig|spe|1\n|move|p2a: Tinkaton|Gigaton Hammer|p1a: Girafarig\n|-damage|p1a: Girafarig|161/269\n|\n|-heal|p2a: Tinkaton|98/100|[from] Grassy Terrain\n|-heal|p2a: Tinkaton|100/100|[from] item: Leftovers\n|-heal|p1a: Girafarig|177/269|[from] Grassy Terrain\n|upkeep\n|turn|16\n|inactive|Time left: 300 sec this turn | 300 sec total\n|\n|t:|1783572895\n|move|p2a: Tinkaton|Thunder Wave|p1a: Girafarig\n|-status|p1a: Girafarig|par\n|move|p1a: Girafarig|Nasty Plot|p1a: Girafarig\n|-boost|p1a: Girafarig|spa|2\n|\n|-heal|p1a: Girafarig|193/269 par|[from] Grassy Terrain\n|upkeep\n|turn|17\n|inactive|Time left: 300 sec this turn | 300 sec total\n|\n|t:|1783572896\n|move|p2a: Tinkaton|Encore|p1a: Girafarig\n|-start|p1a: Girafarig|Encore\n|cant|p1a: Girafarig|par\n|\n|-heal|p1a: Girafarig|209/269 par|[from] Grassy Terrain\n|-fieldend|move: Grassy Terrain\n|upkeep\n|turn|18\n|inactive|Time left: 300 sec this turn | 300 sec total\n|\n|t:|1783572897\n|switch|p1a: Rillaboom|Rillaboom, L79, M|288/288 par\n|-activate|p1a: Rillaboom|move: Sticky Web\n|-unboost|p1a: Rillaboom|spe|1\n|-fieldstart|move: Grassy Terrain|[from] ability: Grassy Surge|[of] p1a: Rillaboom\n|move|p2a: Tinkaton|Gigaton Hammer|p1a: Rillaboom\n|-damage|p1a: Rillaboom|150/288 par\n|\n|-heal|p1a: Rillaboom|168/288 par|[from] Grassy Terrain\n|upkeep\n|turn|19\n|inactive|Time left: 300 sec this turn | 300 sec total\n|\n|t:|1783572898\n|move|p2a: Tinkaton|Play Rough|p1a: Rillaboom|[miss]\n|-miss|p2a: Tinkaton|p1a: Rillaboom\n|cant|p1a: Rillaboom|par\n|\n|-heal|p1a: Rillaboom|186/288 par|[from] Grassy Terrain\n|upkeep\n|turn|20\n|inactive|Time left: 300 sec this turn | 300 sec total\n|\n|t:|1783572899\n|move|p2a: Tinkaton|Gigaton Hammer|p1a: Rillaboom\n|-crit|p1a: Rillaboom\n|-damage|p1a: Rillaboom|0 fnt\n|faint|p1a: Rillaboom\n|\n|upkeep\n|inactive|Time left: 300 sec this turn | 300 sec total | 5 sec grace\n|\n|t:|1783572899\n|switch|p1a: Girafarig|Girafarig, L89, F|209/269 par\n|-activate|p1a: Girafarig|move: Sticky Web\n|-unboost|p1a: Girafarig|spe|1\n|turn|21\n|inactive|Time left: 300 sec this turn | 300 sec total\n|\n|t:|1783572900\n|switch|p2a: Sandslash|Sandslash, L89, F|100/100\n|cant|p1a: Girafarig|par\n|\n|-heal|p1a: Girafarig|225/269 par|[from] Grassy Terrain\n|upkeep\n|turn|22\n|inactive|Time left: 300 sec this turn | 300 sec total\n|\n|t:|1783572901\n|move|p2a: Sandslash|Swords Dance|p2a: Sandslash\n|-boost|p2a: Sandslash|atk|2\n|move|p1a: Girafarig|Shadow Ball|p2a: Sandslash\n|-damage|p2a: Sandslash|72/100\n|\n|-heal|p2a: Sandslash|78/100|[from] Grassy Terrain\n|-heal|p2a: Sandslash|84/100|[from] item: Leftovers\n|-heal|p1a: Girafarig|241/269 par|[from] Grassy Terrain\n|-fieldend|move: Grassy Terrain\n|upkeep\n|turn|23\n|inactive|Time left: 300 sec this turn | 300 sec total\n|\n|t:|1783572902\n|switch|p1a: Tauros|Tauros, L82, M|257/257\n|-activate|p1a: Tauros|move: Sticky Web\n|-unboost|p1a: Tauros|spe|1\n|move|p2a: Sandslash|Knock Off|p1a: Tauros\n|-damage|p1a: Tauros|94/257\n|-enditem|p1a: Tauros|Life Orb|[from] move: Knock Off|[of] p2a: Sandslash\n|\n|-heal|p2a: Sandslash|90/100|[from] item: Leftovers\n|upkeep\n|turn|24\n|inactive|Time left: 300 sec this turn | 300 sec total\n|\n|t:|1783572903\n|switch|p1a: Girafarig|Girafarig, L89, F|241/269 par\n|-activate|p1a: Girafarig|move: Sticky Web\n|-unboost|p1a: Girafarig|spe|1\n|move|p2a: Sandslash|Earthquake|p1a: Girafarig\n|-damage|p1a: Girafarig|43/269 par\n|\n|-heal|p2a: Sandslash|96/100|[from] item: Leftovers\n|upkeep\n|turn|25\n|inactive|Time left: 300 sec this turn | 300 sec total\n|\n|t:|1783572904\n|move|p2a: Sandslash|Earthquake|p1a: Girafarig\n|-crit|p1a: Girafarig\n|-damage|p1a: Girafarig|0 fnt\n|faint|p1a: Girafarig\n|\n|-heal|p2a: Sandslash|100/100|[from] item: Leftovers\n|upkeep\n|inactive|Time left: 300 sec this turn | 300 sec total | 5 sec grace\n|\n|t:|1783572904\n|switch|p1a: Tauros|Tauros, L82, M|94/257\n|-activate|p1a: Tauros|move: Sticky Web\n|-unboost|p1a: Tauros|spe|1\n|turn|26\n|inactive|Time left: 300 sec this turn | 300 sec total\n|\n|t:|1783572905\n|move|p2a: Sandslash|Earthquake|p1a: Tauros\n|-crit|p1a: Tauros\n|-damage|p1a: Tauros|0 fnt\n|faint|p1a: Tauros\n|\n|win|p0y28543197", "uploadtime": 1783572905, "views": 0, "rating": 0, "private": 0, "password": null, "_winner": "p0y28543197", "_our_name": "p0x2854ad70"}