{"id": "battle-gen9randombattle-1844", "formatid": "gen9randombattle", "format": "[Gen 9] Random Battle", "players": ["p0x18442b21", "p0y184460e7"], "log": "|init|battle\n|title|p0x18442b21 vs. p0y184460e7\n|j|\u2606p0x18442b21\n|j|\u2606p0y184460e7\n|t:|1783561357\n|gametype|singles\n|player|p1|p0x18442b21|1|\n|player|p2|p0y184460e7|265|\n|gen|9\n|tier|[Gen 9] Random Battle\n|rule|Species Clause: Limit one of each Pok\u00e9mon\n|rule|HP Percentage Mod: HP is shown in percentages\n|rule|Sleep Clause Mod: Limit one foe put to sleep\n|rule|Illusion Level Mod: Illusion disguises the Pok\u00e9mon's true level\n|\n|t:|1783561357\n|teamsize|p1|6\n|teamsize|p2|6\n|start\n|switch|p1a: Chesnaught|Chesnaught, L84, F|285/285\n|switch|p2a: Weezing|Weezing, L88, M|100/100\n|turn|1\n|inactive|Battle timer is ON: inactive players will automatically lose when time's up. (requested by p0y184460e7)\n|inactive|Time left: 300 sec this turn | 300 sec total | 60 sec grace\n|inactive|p0x18442b21 also wants the timer to be on.\n|\n|t:|1783561358\n|move|p2a: Weezing|Will-O-Wisp|p1a: Chesnaught\n|-status|p1a: Chesnaught|brn\n|move|p1a: Chesnaught|Body Press|p2a: Weezing\n|-resisted|p2a: Weezing\n|-damage|p2a: Weezing|94/100\n|\n|-heal|p2a: Weezing|99/100|[from] item: Leftovers\n|-damage|p1a: Chesnaught|268/285 brn|[from] brn\n|upkeep\n|turn|2\n|inactive|Time left: 300 sec this turn | 300 sec total\n|\n|t:|1783561359\n|move|p2a: Weezing|Fire Blast|p1a: Chesnaught\n|-supereffective|p1a: Chesnaught\n|-damage|p1a: Chesnaught|94/285 brn\n|move|p1a: Chesnaught|Trailblaze|p2a: Weezing\n|-resisted|p2a: Weezing\n|-damage|p2a: Weezing|95/100\n|-boost|p1a: Chesnaught|spe|1\n|\n|-heal|p1a: Chesnaught|111/285 brn|[from] item: Leftovers\n|-heal|p2a: Weezing|100/100|[from] item: Leftovers\n|-damage|p1a: Chesnaught|94/285 brn|[from] brn\n|upkeep\n|turn|3\n|inactive|Time left: 300 sec this turn | 300 sec total\n|\n|t:|1783561360\n|move|p1a: Chesnaught|Synthesis|p1a: Chesnaught\n|-heal|p1a: Chesnaught|236/285 brn\n|move|p2a: Weezing|Fire Blast|p1a: Chesnaught\n|-supereffective|p1a: Chesnaught\n|-damage|p1a: Chesnaught|74/285 brn\n|\n|-heal|p1a: Chesnaught|91/285 brn|[from] item: Leftovers\n|-damage|p1a: Chesnaught|74/285 brn|[from] brn\n|upkeep\n|turn|4\n|inactive|Time left: 300 sec this turn | 300 sec total\n|\n|t:|1783561362\n|move|p1a: Chesnaught|Synthesis|p1a: Chesnaught\n|-heal|p1a: Chesnaught|216/285 brn\n|move|p2a: Weezing|Fire Blast|p1a: Chesnaught|[miss]\n|-miss|p2a: Weezing|p1a: Chesnaught\n|\n|-heal|p1a: Chesnaught|233/285 brn|[from] item: Leftovers\n|-damage|p1a: Chesnaught|216/285 brn|[from] brn\n|upkeep\n|turn|5\n|inactive|Time left: 300 sec this turn | 300 sec total\n|\n|t:|1783561363\n|move|p1a: Chesnaught|Iron Defense|p1a: Chesnaught\n|-boost|p1a: Chesnaught|def|2\n|move|p2a: Weezing|Fire Blast|p1a: Chesnaught\n|-supereffective|p1a: Chesnaught\n|-damage|p1a: Chesnaught|28/285 brn\n|\n|-heal|p1a: Chesnaught|45/285 brn|[from] item: Leftovers\n|-damage|p1a: Chesnaught|28/285 brn|[from] brn\n|upkeep\n|turn|6\n|inactive|Time left: 300 sec this turn | 300 sec total\n|\n|t:|1783561364\n|move|p1a: Chesnaught|Synthesis|p1a: Chesnaught\n|-heal|p1a: Chesnaught|170/285 brn\n|move|p2a: Weezing|Fire Blast|p1a: Chesnaught\n|-supereffective|p1a: Chesnaught\n|-damage|p1a: Chesnaught|0 fnt\n|faint|p1a: Chesnaught\n|\n|upkeep\n|inactive|Time left: 300 sec this turn | 300 sec total | 5 sec grace\n|\n|t:|1783561365\n|switch|p1a: Farigiraf|Farigiraf, L90, F|362/362\n|turn|7\n|inactive|Time left: 300 sec this turn | 300 sec total\n|\n|t:|1783561366\n|move|p1a: Farigiraf|Psychic Noise|p2a: Weezing\n|-supereffective|p2a: Weezing\n|-damage|p2a: Weezing|7/100\n|-start|p2a: Weezing|move: Heal Block\n|move|p2a: Weezing|Pain Split|p1a: Farigiraf\n|-sethp|p1a: Farigiraf|190/362|[from] move: Pain Split|[silent]\n|-sethp|p2a: Weezing|74/100|[from] move: Pain Split\n|\n|-heal|p1a: Farigiraf|212/362|[from] item: Leftovers\n|upkeep\n|turn|8\n|inactive|Time left: 300 sec this turn | 300 sec total\n|\n|t:|1783561367\n|switch|p2a: Basculegion|Basculegion-F, L83, F|100/100\n|move|p1a: Farigiraf|Psychic Noise|p2a: Basculegion\n|-damage|p2a: Basculegion|68/100\n|-start|p2a: Basculegion|move: Heal Block\n|\n|-heal|p1a: Farigiraf|234/362|[from] item: Leftovers\n|upkeep\n|turn|9\n|inactive|Time left: 300 sec this turn | 300 sec total\n|\n|t:|1783561368\n|move|p1a: Farigiraf|Protect|p1a: Farigiraf\n|-singleturn|p1a: Farigiraf|Protect\n|move|p2a: Basculegion|Hydro Pump|p1a: Farigiraf\n|-activate|p1a: Farigiraf|move: Protect\n|\n|-heal|p1a: Farigiraf|256/362|[from] item: Leftovers\n|-end|p2a: Basculegion|move: Heal Block\n|upkeep\n|turn|10\n|inactive|Time left: 300 sec this turn | 300 sec total\n|\n|t:|1783561369\n|move|p2a: Basculegion|Hydro Pump|p1a: Farigiraf\n|-damage|p1a: Farigiraf|0 fnt\n|faint|p1a: Farigiraf\n|\n|upkeep\n|inactive|Time left: 300 sec this turn | 300 sec total | 5 sec grace\n|\n|t:|1783561370\n|switch|p1a: Meowscarada|Meowscarada, L78, F|247/247\n|turn|11\n|inactive|Time left: 300 sec this turn | 300 sec total\n|\n|t:|1783561371\n|switch|p2a: Chesnaught|Chesnaught, L84, M|100/100\n|move|p1a: Meowscarada|Knock Off|p2a: Chesnaught\n|-start|p1a: Meowscarada|typechange|Dark|[from] ability: Protean\n|-resisted|p2a: Chesnaught\n|-damage|p2a: Chesnaught|84/100\n|-damage|p1a: Meowscarada|206/247|[from] item: Rocky Helmet|[of] p2a: Chesnaught\n|-enditem|p2a: Chesnaught|Rocky Helmet|[from] move: Knock Off|[of] p1a: Meowscarada\n|-damage|p1a: Meowscarada|182/247|[from] item: Life Orb\n|\n|upkeep\n|turn|12\n|inactive|Time left: 300 sec this turn | 300 sec total\n|\n|t:|1783561373\n|switch|p1a: Clefable|Clefable, L83, M|293/293\n|move|p2a: Chesnaught|Body Press|p1a: Clefable\n|-resisted|p1a: Clefable\n|-damage|p1a: Clefable|233/293\n|\n|-heal|p1a: Clefable|251/293|[from] item: Leftovers\n|upkeep\n|turn|13\n|inactive|Time left: 300 sec this turn | 300 sec total\n|\n|t:|1783561374\n|switch|p2a: Basculegion|Basculegion-F, L83, F|68/100\n|move|p1a: Clefable|Moonblast|p2a: Basculegion\n|-damage|p2a: Basculegion|35/100\n|\n|-heal|p1a: Clefable|269/293|[from] item: Leftovers\n|upkeep\n|turn|14\n|inactive|Time left: 300 sec this turn | 300 sec total\n|\n|t:|1783561375\n|move|p2a: Basculegion|Hydro Pump|p1a: Clefable\n|-damage|p1a: Clefable|21/293\n|move|p1a: Clefable|Moonblast|p2a: Basculegion\n|-damage|p2a: Basculegion|4/100\n|\n|-heal|p1a: Clefable|39/293|[from] item: Leftovers\n|upkeep\n|turn|15\n|inactive|Time left: 300 sec this turn | 300 sec total\n|\n|t:|1783561376\n|move|p2a: Basculegion|Hydro Pump|p1a: Clefable\n|-damage|p1a: Clefable|0 fnt\n|faint|p1a: Clefable\n|\n|upkeep\n|inactive|Time left: 300 sec this turn | 300 sec total | 5 sec grace\n|\n|t:|1783561377\n|switch|p1a: Meowscarada|Meowscarada, L78, F|182/247\n|turn|16\n|inactive|Time left: 300 sec this turn | 300 sec total\n|\n|t:|1783561378\n|move|p1a: Meowscarada|Knock Off|p2a: Basculegion\n|-start|p1a: Meowscarada|typechange|Dark|[from] ability: Protean\n|-supereffective|p2a: Basculegion\n|-damage|p2a: Basculegion|0 fnt\n|-enditem|p2a: Basculegion|Choice Specs|[from] move: Knock Off|[of] p1a: Meowscarada\n|faint|p2a: Basculegion\n|-damage|p1a: Meowscarada|158/247|[from] item: Life Orb\n|\n|upkeep\n|\n|t:|1783561379\n|switch|p2a: Urshifu|Urshifu-Rapid-Strike, L75, F|100/100\n|turn|17\n|inactive|Time left: 300 sec this turn | 300 sec total\n|\n|t:|1783561380\n|-terastallize|p1a: Meowscarada|Grass\n|move|p1a: Meowscarada|Flower Trick|p2a: Urshifu\n|-supereffective|p2a: Urshifu\n|-crit|p2a: Urshifu\n|-damage|p2a: Urshifu|4/100\n|-damage|p1a: Meowscarada|134/247|[from] item: Life Orb\n|move|p2a: Urshifu|U-turn|p1a: Meowscarada\n|-supereffective|p1a: Meowscarada\n|-damage|p1a: Meowscarada|0 fnt\n|faint|p1a: Meowscarada\n|\n|t:|1783561381\n|switch|p2a: Weezing|Weezing, L88, M|74/100|[from] U-turn\n|\n|-heal|p2a: Weezing|80/100|[from] item: Leftovers\n|upkeep\n|inactive|Time left: 300 sec this turn | 300 sec total | 10 sec grace\n|\n|t:|1783561382\n|switch|p1a: Ting-Lu|Ting-Lu, L78|370/370\n|-ability|p1a: Ting-Lu|Vessel of Ruin\n|turn|18\n|inactive|Time left: 300 sec this turn | 300 sec total\n|\n|t:|1783561382\n|move|p2a: Weezing|Will-O-Wisp|p1a: Ting-Lu\n|-status|p1a: Ting-Lu|brn\n|move|p1a: Ting-Lu|Stealth Rock|p2a: Weezing\n|-sidestart|p2: p0y184460e7|move: Stealth Rock\n|\n|-heal|p2a: Weezing|87/100|[from] item: Leftovers\n|-damage|p1a: Ting-Lu|347/370 brn|[from] brn\n|upkeep\n|turn|19\n|inactive|Time left: 300 sec this turn | 300 sec total\n|\n|t:|1783561383\n|move|p2a: Weezing|Pain Split|p1a: Ting-Lu\n|-sethp|p1a: Ting-Lu|284/370 brn|[from] move: Pain Split|[silent]\n|-sethp|p2a: Weezing|100/100|[from] move: Pain Split\n|move|p1a: Ting-Lu|Heavy Slam|p2a: Weezing\n|-damage|p2a: Weezing|89/100\n|\n|-heal|p2a: Weezing|95/100|[from] item: Leftovers\n|-heal|p1a: Ting-Lu|307/370 brn|[from] item: Leftovers\n|-damage|p1a: Ting-Lu|284/370 brn|[from] brn\n|upkeep\n|turn|20\n|inactive|Time left: 300 sec this turn | 300 sec total\n|\n|t:|1783561384\n|move|p2a: Weezing|Fire Blast|p1a: Ting-Lu\n|-damage|p1a: Ting-Lu|220/370 brn\n|move|p1a: Ting-Lu|Payback|p2a: Weezing\n|-damage|p2a: Weezing|80/100\n|\n|-heal|p2a: Weezing|87/100|[from] item: Leftovers\n|-heal|p1a: Ting-Lu|243/370 brn|[from] item: Leftovers\n|-damage|p1a: Ting-Lu|220/370 brn|[from] brn\n|upkeep\n|turn|21\n|inactive|Time left: 300 sec this turn | 300 sec total\n|\n|t:|1783561386\n|move|p2a: Weezing|Pain Split|p1a: Ting-Lu\n|-sethp|p1a: Ting-Lu|221/370 brn|[from] move: Pain Split|[silent]\n|-sethp|p2a: Weezing|86/100|[from] move: Pain Split\n|move|p1a: Ting-Lu|Heavy Slam|p2a: Weezing\n|-damage|p2a: Weezing|75/100\n|\n|-heal|p2a: Weezing|81/100|[from] item: Leftovers\n|-heal|p1a: Ting-Lu|244/370 brn|[from] item: Leftovers\n|-damage|p1a: Ting-Lu|221/370 brn|[from] brn\n|upkeep\n|turn|22\n|inactive|Time left: 300 sec this turn | 300 sec total\n|\n|t:|1783561387\n|move|p2a: Weezing|Sludge Bomb|p1a: Ting-Lu\n|-resisted|p1a: Ting-Lu\n|-damage|p1a: Ting-Lu|181/370 brn\n|move|p1a: Ting-Lu|Heavy Slam|p2a: Weezing\n|-damage|p2a: Weezing|70/100\n|\n|-heal|p2a: Weezing|76/100|[from] item: Leftovers\n|-heal|p1a: Ting-Lu|204/370 brn|[from] item: Leftovers\n|-damage|p1a: Ting-Lu|181/370 brn|[from] brn\n|upkeep\n|turn|23\n|inactive|Time left: 300 sec this turn | 300 sec total\n|\n|t:|1783561388\n|switch|p2a: Chesnaught|Chesnaught, L84, M|84/100\n|-damage|p2a: Chesnaught|78/100|[from] Stealth Rock\n|move|p1a: Ting-Lu|Heavy Slam|p2a: Chesnaught\n|-damage|p2a: Chesnaught|66/100\n|\n|-heal|p1a: Ting-Lu|204/370 brn|[from] item: Leftovers\n|-damage|p1a: Ting-Lu|181/370 brn|[from] brn\n|upkeep\n|turn|24\n|inactive|Time left: 300 sec this turn | 300 sec total\n|\n|t:|1783561389\n|move|p2a: Chesnaught|Body Press|p1a: Ting-Lu\n|-supereffective|p1a: Ting-Lu\n|-damage|p1a: Ting-Lu|11/370 brn\n|move|p1a: Ting-Lu|Earthquake|p2a: Chesnaught\n|-resisted|p2a: Chesnaught\n|-damage|p2a: Chesnaught|60/100\n|\n|-heal|p1a: Ting-Lu|34/370 brn|[from] item: Leftovers\n|-damage|p1a: Ting-Lu|11/370 brn|[from] brn\n|upkeep\n|turn|25\n|inactive|Time left: 300 sec this turn | 300 sec total\n|\n|t:|1783561390\n|switch|p1a: Delibird|Delibird, F|252/252\n|move|p2a: Chesnaught|Synthesis|p2a: Chesnaught\n|-heal|p2a: Chesnaught|100/100\n|\n|upkeep\n|turn|26\n|inactive|Time left: 300 sec this turn | 300 sec total\n|\n|t:|1783561391\n|-terastallize|p2a: Chesnaught|Water\n|move|p1a: Delibird|Brave Bird|p2a: Chesnaught\n|-damage|p2a: Chesnaught|49/100\n|-damage|p1a: Delibird|203/252|[from] Recoil\n|move|p2a: Chesnaught|Body Press|p1a: Delibird\n|-damage|p1a: Delibird|77/252\n|\n|upkeep\n|turn|27\n|inactive|Time left: 300 sec this turn | 300 sec total\n|\n|t:|1783561392\n|switch|p2a: Persian|Persian, L92, F|100/100\n|-damage|p2a: Persian|88/100|[from] Stealth Rock\n|move|p1a: Delibird|Brave Bird|p2a: Persian|[miss]\n|-miss|p1a: Delibird|p2a: Persian\n|\n|upkeep\n|turn|28\n|inactive|Time left: 300 sec this turn | 300 sec total\n|\n|t:|1783561393\n|switch|p1a: Ting-Lu|Ting-Lu, L78|11/370 brn\n|-ability|p1a: Ting-Lu|Vessel of Ruin\n|move|p2a: Persian|Fake Out|p1a: Ting-Lu\n|-damage|p1a: Ting-Lu|0 fnt\n|faint|p1a: Ting-Lu\n|\n|upkeep\n|inactive|Time left: 300 sec this turn | 300 sec total | 5 sec grace\n|\n|t:|1783561394\n|switch|p1a: Delibird|Delibird, F|77/252\n|turn|29\n|inactive|Time left: 300 sec this turn | 300 sec total\n|\n|t:|1783561395\n|move|p1a: Delibird|Ice Shard|p2a: Persian\n|-damage|p2a: Persian|62/100\n|move|p2a: Persian|Knock Off|p1a: Delibird\n|-damage|p1a: Delibird|0 fnt\n|-enditem|p1a: Delibird|Heavy-Duty Boots|[from] move: Knock Off|[of] p2a: Persian\n|faint|p1a: Delibird\n|\n|win|p0y184460e7", "uploadtime": 1783561395, "views": 0, "rating": 0, "private": 0, "password": null, "_winner": "p0y184460e7", "_our_name": "p0x18442b21"}