{"id": "battle-gen9randombattle-1085", "formatid": "gen9randombattle", "format": "[Gen 9] Random Battle", "players": ["p0x1085311e", "p0y1085a809"], "log": "|init|battle\n|title|p0x1085311e vs. p0y1085a809\n|j|\u2606p0x1085311e\n|j|\u2606p0y1085a809\n|t:|1783551773\n|gametype|singles\n|player|p1|p0x1085311e|169|\n|player|p2|p0y1085a809|2|\n|gen|9\n|tier|[Gen 9] Random Battle\n|rule|Species Clause: Limit one of each Pok\u00e9mon\n|rule|HP Percentage Mod: HP is shown in percentages\n|rule|Sleep Clause Mod: Limit one foe put to sleep\n|rule|Illusion Level Mod: Illusion disguises the Pok\u00e9mon's true level\n|\n|t:|1783551773\n|teamsize|p1|6\n|teamsize|p2|6\n|start\n|switch|p1a: Hitmonlee|Hitmonlee, L85, M|100/100\n|switch|p2a: Quaquaval|Quaquaval, L79, M|264/264\n|turn|1\n|inactive|Battle timer is ON: inactive players will automatically lose when time's up. (requested by p0y1085a809)\n|\n|t:|1783551774\n|move|p1a: Hitmonlee|High Jump Kick|p2a: Quaquaval\n|-damage|p2a: Quaquaval|0 fnt\n|faint|p2a: Quaquaval\n|\n|upkeep\n|inactive|Time left: 300 sec this turn | 300 sec total | 65 sec grace\n|inactive|p0x1085311e also wants the timer to be on.\n|\n|t:|1783551776\n|switch|p2a: Regidrago|Regidrago, L77|435/435\n|turn|2\n|inactive|Time left: 300 sec this turn | 300 sec total\n|\n|t:|1783551777\n|-terastallize|p2a: Regidrago|Dragon\n|move|p2a: Regidrago|Outrage|p1a: Hitmonlee\n|-damage|p1a: Hitmonlee|0 fnt\n|faint|p1a: Hitmonlee\n|\n|upkeep\n|\n|t:|1783551777\n|switch|p1a: Sylveon|Sylveon, L85, M|100/100\n|turn|3\n|inactive|Time left: 300 sec this turn | 300 sec total\n|\n|t:|1783551778\n|move|p2a: Regidrago|Outrage|p1a: Sylveon|[from] lockedmove\n|-immune|p1a: Sylveon\n|-start|p2a: Regidrago|confusion|[fatigue]\n|move|p1a: Sylveon|Calm Mind|p1a: Sylveon\n|-boost|p1a: Sylveon|spa|1\n|-boost|p1a: Sylveon|spd|1\n|\n|upkeep\n|turn|4\n|inactive|Time left: 300 sec this turn | 300 sec total\n|\n|t:|1783551779\n|switch|p2a: Grumpig|Grumpig, L92, F|297/297\n|move|p1a: Sylveon|Hyper Voice|p2a: Grumpig\n|-damage|p2a: Grumpig|144/297\n|\n|-heal|p2a: Grumpig|162/297|[from] item: Leftovers\n|upkeep\n|turn|5\n|inactive|Time left: 300 sec this turn | 300 sec total\n|\n|t:|1783551781\n|move|p2a: Grumpig|Nasty Plot|p2a: Grumpig\n|-boost|p2a: Grumpig|spa|2\n|move|p1a: Sylveon|Hyper Voice|p2a: Grumpig\n|-damage|p2a: Grumpig|15/297\n|\n|-heal|p2a: Grumpig|33/297|[from] item: Leftovers\n|upkeep\n|turn|6\n|inactive|Time left: 300 sec this turn | 300 sec total\n|\n|t:|1783551782\n|move|p2a: Grumpig|Psychic|p1a: Sylveon\n|-damage|p1a: Sylveon|66/100\n|move|p1a: Sylveon|Hyper Voice|p2a: Grumpig\n|-damage|p2a: Grumpig|0 fnt\n|faint|p2a: Grumpig\n|\n|-heal|p1a: Sylveon|72/100|[from] item: Leftovers\n|upkeep\n|inactive|Time left: 300 sec this turn | 300 sec total | 5 sec grace\n|\n|t:|1783551783\n|switch|p2a: Cetitan|Cetitan, L82, F|413/413\n|turn|7\n|inactive|Time left: 300 sec this turn | 300 sec total\n|\n|t:|1783551784\n|move|p2a: Cetitan|Icicle Crash|p1a: Sylveon\n|-damage|p1a: Sylveon|2/100\n|move|p1a: Sylveon|Hyper Voice|p2a: Cetitan\n|-damage|p2a: Cetitan|148/413\n|\n|-heal|p1a: Sylveon|8/100|[from] item: Leftovers\n|upkeep\n|turn|8\n|inactive|Time left: 300 sec this turn | 300 sec total\n|\n|t:|1783551785\n|move|p1a: Sylveon|Protect|p1a: Sylveon\n|-singleturn|p1a: Sylveon|Protect\n|move|p2a: Cetitan|Liquidation|p1a: Sylveon\n|-activate|p1a: Sylveon|move: Protect\n|\n|-heal|p1a: Sylveon|14/100|[from] item: Leftovers\n|upkeep\n|turn|9\n|inactive|Time left: 300 sec this turn | 300 sec total\n|\n|t:|1783551786\n|move|p2a: Cetitan|Icicle Crash|p1a: Sylveon\n|-damage|p1a: Sylveon|0 fnt\n|faint|p1a: Sylveon\n|\n|upkeep\n|\n|t:|1783551787\n|switch|p1a: Ariados|Ariados, L95, M|100/100\n|turn|10\n|inactive|Time left: 300 sec this turn | 300 sec total\n|\n|t:|1783551788\n|move|p2a: Cetitan|Icicle Crash|p1a: Ariados\n|-crit|p1a: Ariados\n|-damage|p1a: Ariados|16/100\n|move|p1a: Ariados|Sticky Web|p2a: Cetitan\n|-sidestart|p2: p0y1085a809|move: Sticky Web\n|\n|upkeep\n|turn|11\n|inactive|Time left: 300 sec this turn | 300 sec total\n|\n|t:|1783551789\n|move|p2a: Cetitan|Icicle Crash|p1a: Ariados\n|-damage|p1a: Ariados|0 fnt\n|faint|p1a: Ariados\n|\n|upkeep\n|\n|t:|1783551790\n|switch|p1a: Dugtrio|Dugtrio-Alola, L84, F|100/100\n|turn|12\n|inactive|Time left: 300 sec this turn | 300 sec total\n|\n|t:|1783551791\n|move|p2a: Cetitan|Ice Shard|p1a: Dugtrio\n|-damage|p1a: Dugtrio|61/100\n|-damage|p2a: Cetitan|107/413|[from] item: Life Orb\n|move|p1a: Dugtrio|Iron Head|p2a: Cetitan\n|-supereffective|p2a: Cetitan\n|-damage|p2a: Cetitan|0 fnt\n|faint|p2a: Cetitan\n|-damage|p1a: Dugtrio|51/100|[from] item: Life Orb\n|\n|upkeep\n|inactive|Time left: 300 sec this turn | 300 sec total | 5 sec grace\n|\n|t:|1783551792\n|switch|p2a: Regidrago|Regidrago, L77, tera:Dragon|435/435\n|-activate|p2a: Regidrago|move: Sticky Web\n|-unboost|p2a: Regidrago|spe|1\n|turn|13\n|inactive|Time left: 300 sec this turn | 300 sec total\n|\n|t:|1783551793\n|move|p1a: Dugtrio|Iron Head|p2a: Regidrago\n|-damage|p2a: Regidrago|258/435\n|-damage|p1a: Dugtrio|41/100|[from] item: Life Orb\n|move|p2a: Regidrago|Outrage|p1a: Dugtrio\n|-resisted|p1a: Dugtrio\n|-damage|p1a: Dugtrio|0 fnt\n|-ability|p1a: Dugtrio|Tangling Hair\n|-unboost|p2a: Regidrago|spe|1\n|faint|p1a: Dugtrio\n|\n|upkeep\n|\n|t:|1783551794\n|switch|p1a: Heatran|Heatran, L79, M|100/100\n|-item|p1a: Heatran|Air Balloon\n|turn|14\n|inactive|Time left: 300 sec this turn | 300 sec total\n|\n|t:|1783551795\n|move|p1a: Heatran|Earth Power|p2a: Regidrago\n|-damage|p2a: Regidrago|151/435\n|move|p2a: Regidrago|Outrage|p1a: Heatran|[from] lockedmove\n|-resisted|p1a: Heatran\n|-damage|p1a: Heatran|63/100\n|-enditem|p1a: Heatran|Air Balloon\n|-start|p2a: Regidrago|confusion|[fatigue]\n|\n|upkeep\n|turn|15\n|inactive|Time left: 300 sec this turn | 300 sec total\n|\n|t:|1783551796\n|switch|p2a: Keldeo|Keldeo-Resolute, L79|273/273\n|-activate|p2a: Keldeo|move: Sticky Web\n|-unboost|p2a: Keldeo|spe|1\n|move|p1a: Heatran|Heavy Slam|p2a: Keldeo\n|-resisted|p2a: Keldeo\n|-damage|p2a: Keldeo|222/273\n|\n|-heal|p2a: Keldeo|239/273|[from] item: Leftovers\n|upkeep\n|turn|16\n|inactive|Time left: 300 sec this turn | 300 sec total\n|\n|t:|1783551797\n|switch|p1a: Rabsca|Rabsca, L91, F|100/100\n|move|p2a: Keldeo|Surf|p1a: Rabsca\n|-damage|p1a: Rabsca|72/100\n|\n|-heal|p2a: Keldeo|256/273|[from] item: Leftovers\n|upkeep\n|turn|17\n|inactive|Time left: 300 sec this turn | 300 sec total\n|\n|t:|1783551798\n|move|p2a: Keldeo|Surf|p1a: Rabsca\n|-damage|p1a: Rabsca|42/100\n|move|p1a: Rabsca|Psychic|p2a: Keldeo\n|-supereffective|p2a: Keldeo\n|-damage|p2a: Keldeo|4/273\n|\n|-heal|p2a: Keldeo|21/273|[from] item: Leftovers\n|upkeep\n|turn|18\n|inactive|Time left: 300 sec this turn | 300 sec total\n|\n|t:|1783551800\n|move|p2a: Keldeo|Surf|p1a: Rabsca\n|-damage|p1a: Rabsca|9/100\n|move|p1a: Rabsca|Trick Room|p1a: Rabsca\n|-fieldstart|move: Trick Room|[of] p1a: Rabsca\n|\n|-heal|p2a: Keldeo|38/273|[from] item: Leftovers\n|upkeep\n|turn|19\n|inactive|Time left: 300 sec this turn | 300 sec total\n|\n|t:|1783551801\n|move|p1a: Rabsca|Bug Buzz|p2a: Keldeo\n|-resisted|p2a: Keldeo\n|-damage|p2a: Keldeo|0 fnt\n|faint|p2a: Keldeo\n|\n|upkeep\n|inactive|Time left: 300 sec this turn | 300 sec total | 5 sec grace\n|\n|t:|1783551801\n|switch|p2a: Torkoal|Torkoal, L88, F|266/266\n|-weather|SunnyDay|[from] ability: Drought|[of] p2a: Torkoal\n|turn|20\n|inactive|Time left: 300 sec this turn | 300 sec total\n|\n|t:|1783551802\n|switch|p1a: Heatran|Heatran, L79, M|63/100\n|move|p2a: Torkoal|Earthquake|p1a: Heatran\n|-supereffective|p1a: Heatran\n|-damage|p1a: Heatran|0 fnt\n|faint|p1a: Heatran\n|\n|-weather|SunnyDay|[upkeep]\n|upkeep\n|\n|t:|1783551803\n|switch|p1a: Rabsca|Rabsca, L91, F|9/100\n|turn|21\n|inactive|Time left: 300 sec this turn | 300 sec total\n|\n|t:|1783551804\n|-terastallize|p1a: Rabsca|Steel\n|move|p2a: Torkoal|Earthquake|p1a: Rabsca\n|-supereffective|p1a: Rabsca\n|-damage|p1a: Rabsca|0 fnt\n|faint|p1a: Rabsca\n|\n|win|p0y1085a809", "uploadtime": 1783551804, "views": 0, "rating": 0, "private": 0, "password": null, "_winner": "p0y1085a809", "_our_name": "p0y1085a809"}