{"id": "battle-gen9randombattle-2705", "formatid": "gen9randombattle", "format": "[Gen 9] Random Battle", "players": ["p0x270508f6", "p0y27059ccf"], "log": "|init|battle\n|title|p0x270508f6 vs. p0y27059ccf\n|j|\u2606p0x270508f6\n|j|\u2606p0y27059ccf\n|t:|1783571182\n|gametype|singles\n|player|p1|p0x270508f6|101|\n|player|p2|p0y27059ccf|1|\n|gen|9\n|tier|[Gen 9] Random Battle\n|rule|Species Clause: Limit one of each Pok\u00e9mon\n|rule|HP Percentage Mod: HP is shown in percentages\n|rule|Sleep Clause Mod: Limit one foe put to sleep\n|rule|Illusion Level Mod: Illusion disguises the Pok\u00e9mon's true level\n|\n|t:|1783571182\n|teamsize|p1|6\n|teamsize|p2|6\n|start\n|switch|p1a: Oricorio|Oricorio-Pa'u, L87, F|100/100\n|switch|p2a: Minior|Minior-Indigo, L79|224/224\n|-formechange|p2a: Minior|Minior-Meteor||[from] ability: Shields Down\n|turn|1\n|inactive|Battle timer is ON: inactive players will automatically lose when time's up. (requested by p0y27059ccf)\n|\n|t:|1783571183\n|move|p1a: Oricorio|Quiver Dance|p1a: Oricorio\n|-boost|p1a: Oricorio|spa|1\n|-boost|p1a: Oricorio|spd|1\n|-boost|p1a: Oricorio|spe|1\n|move|p2a: Minior|Shell Smash|p2a: Minior\n|-unboost|p2a: Minior|def|1\n|-unboost|p2a: Minior|spd|1\n|-boost|p2a: Minior|atk|2\n|-boost|p2a: Minior|spa|2\n|-boost|p2a: Minior|spe|2\n|-enditem|p2a: Minior|White Herb\n|-clearnegativeboost|p2a: Minior|[silent]\n|\n|upkeep\n|turn|2\n|inactive|p0x270508f6 also wants the timer to be on.\n|inactive|Time left: 300 sec this turn | 300 sec total\n|\n|t:|1783571184\n|move|p1a: Oricorio|Hurricane|p2a: Minior\n|-resisted|p2a: Minior\n|-damage|p2a: Minior|134/224\n|move|p2a: Minior|Acrobatics|p1a: Oricorio\n|-damage|p1a: Oricorio|37/100\n|\n|upkeep\n|turn|3\n|inactive|Time left: 300 sec this turn | 300 sec total\n|\n|t:|1783571185\n|move|p1a: Oricorio|Revelation Dance|p2a: Minior\n|-damage|p2a: Minior|0 fnt\n|faint|p2a: Minior\n|\n|upkeep\n|inactive|Time left: 300 sec this turn | 300 sec total | 5 sec grace\n|\n|t:|1783571186\n|switch|p2a: Porygon-Z|Porygon-Z, L83|277/277\n|turn|4\n|inactive|Time left: 300 sec this turn | 300 sec total\n|\n|t:|1783571187\n|move|p1a: Oricorio|Roost|p1a: Oricorio\n|-heal|p1a: Oricorio|87/100\n|-singleturn|p1a: Oricorio|move: Roost\n|move|p2a: Porygon-Z|Tri Attack|p1a: Oricorio\n|-damage|p1a: Oricorio|37/100\n|-status|p1a: Oricorio|frz\n|-damage|p2a: Porygon-Z|250/277|[from] item: Life Orb\n|\n|upkeep\n|turn|5\n|inactive|Time left: 300 sec this turn | 300 sec total\n|\n|t:|1783571188\n|cant|p1a: Oricorio|frz\n|move|p2a: Porygon-Z|Tri Attack|p1a: Oricorio\n|-damage|p1a: Oricorio|0 fnt\n|faint|p1a: Oricorio\n|-damage|p2a: Porygon-Z|223/277|[from] item: Life Orb\n|\n|upkeep\n|\n|t:|1783571189\n|switch|p1a: Zacian|Zacian-Crowned, L64|100/100\n|-ability|p1a: Zacian|Intrepid Sword|boost\n|-boost|p1a: Zacian|atk|1\n|turn|6\n|inactive|Time left: 300 sec this turn | 300 sec total\n|\n|t:|1783571190\n|move|p1a: Zacian|Play Rough|p2a: Porygon-Z\n|-damage|p2a: Porygon-Z|85/277\n|move|p2a: Porygon-Z|Tri Attack|p1a: Zacian\n|-resisted|p1a: Zacian\n|-damage|p1a: Zacian|60/100\n|-status|p1a: Zacian|frz\n|-damage|p2a: Porygon-Z|58/277|[from] item: Life Orb\n|\n|upkeep\n|turn|7\n|inactive|Time left: 300 sec this turn | 300 sec total\n|\n|t:|1783571191\n|cant|p1a: Zacian|frz\n|move|p2a: Porygon-Z|Nasty Plot|p2a: Porygon-Z\n|-boost|p2a: Porygon-Z|spa|2\n|\n|upkeep\n|turn|8\n|inactive|Time left: 300 sec this turn | 300 sec total\n|\n|t:|1783571192\n|cant|p1a: Zacian|frz\n|move|p2a: Porygon-Z|Shadow Ball|p1a: Zacian\n|-damage|p1a: Zacian|0 fnt\n|faint|p1a: Zacian\n|-damage|p2a: Porygon-Z|31/277|[from] item: Life Orb\n|\n|upkeep\n|\n|t:|1783571193\n|switch|p1a: Indeedee|Indeedee-F, L90, F|100/100\n|-fieldstart|move: Psychic Terrain|[from] ability: Psychic Surge|[of] p1a: Indeedee\n|turn|9\n|inactive|Time left: 300 sec this turn | 300 sec total\n|\n|t:|1783571194\n|switch|p2a: Hippowdon|Hippowdon, L82, M|311/311\n|-weather|Sandstorm|[from] ability: Sand Stream|[of] p2a: Hippowdon\n|move|p1a: Indeedee|Psyshock|p2a: Hippowdon\n|-damage|p2a: Hippowdon|217/311\n|\n|-weather|Sandstorm|[upkeep]\n|-damage|p1a: Indeedee|94/100|[from] Sandstorm\n|-heal|p2a: Hippowdon|236/311|[from] item: Leftovers\n|upkeep\n|turn|10\n|inactive|Time left: 300 sec this turn | 300 sec total\n|\n|t:|1783571195\n|move|p1a: Indeedee|Psyshock|p2a: Hippowdon\n|-damage|p2a: Hippowdon|137/311\n|move|p2a: Hippowdon|Slack Off|p2a: Hippowdon\n|-heal|p2a: Hippowdon|293/311\n|\n|-weather|Sandstorm|[upkeep]\n|-damage|p1a: Indeedee|88/100|[from] Sandstorm\n|-heal|p2a: Hippowdon|311/311|[from] item: Leftovers\n|upkeep\n|turn|11\n|inactive|Time left: 300 sec this turn | 300 sec total\n|\n|t:|1783571196\n|switch|p1a: Stantler|Stantler, L92, M|100/100\n|-ability|p1a: Stantler|Intimidate|boost\n|-unboost|p2a: Hippowdon|atk|1\n|move|p2a: Hippowdon|Earthquake|p1a: Stantler\n|-damage|p1a: Stantler|80/100\n|\n|-weather|Sandstorm|[upkeep]\n|-damage|p1a: Stantler|74/100|[from] Sandstorm\n|upkeep\n|turn|12\n|inactive|Time left: 300 sec this turn | 300 sec total\n|\n|t:|1783571196\n|switch|p1a: Drednaw|Drednaw, L81, F|100/100\n|move|p2a: Hippowdon|Earthquake|p1a: Drednaw\n|-supereffective|p1a: Drednaw\n|-damage|p1a: Drednaw|48/100\n|\n|-weather|Sandstorm|[upkeep]\n|upkeep\n|turn|13\n|inactive|Time left: 300 sec this turn | 300 sec total\n|\n|t:|1783571197\n|switch|p2a: Chesnaught|Chesnaught, L84, M|285/285\n|-terastallize|p1a: Drednaw|Dark\n|move|p1a: Drednaw|Shell Smash|p1a: Drednaw\n|-unboost|p1a: Drednaw|def|1\n|-unboost|p1a: Drednaw|spd|1\n|-boost|p1a: Drednaw|atk|2\n|-boost|p1a: Drednaw|spa|2\n|-boost|p1a: Drednaw|spe|2\n|-enditem|p1a: Drednaw|White Herb\n|-clearnegativeboost|p1a: Drednaw|[silent]\n|\n|-weather|none\n|-fieldend|move: Psychic Terrain\n|upkeep\n|turn|14\n|inactive|Time left: 300 sec this turn | 300 sec total\n|\n|t:|1783571198\n|move|p1a: Drednaw|Crunch|p2a: Chesnaught\n|-resisted|p2a: Chesnaught\n|-damage|p2a: Chesnaught|181/285\n|-unboost|p2a: Chesnaught|def|1\n|move|p2a: Chesnaught|Body Press|p1a: Drednaw\n|-supereffective|p1a: Drednaw\n|-damage|p1a: Drednaw|0 fnt\n|faint|p1a: Drednaw\n|\n|-heal|p2a: Chesnaught|198/285|[from] item: Leftovers\n|upkeep\n|\n|t:|1783571199\n|switch|p1a: Indeedee|Indeedee-F, L90, F|88/100\n|-fieldstart|move: Psychic Terrain|[from] ability: Psychic Surge|[of] p1a: Indeedee\n|turn|15\n|inactive|Time left: 300 sec this turn | 300 sec total\n|\n|t:|1783571200\n|switch|p2a: Hippowdon|Hippowdon, L82, M|311/311\n|-weather|Sandstorm|[from] ability: Sand Stream|[of] p2a: Hippowdon\n|move|p1a: Indeedee|Psyshock|p2a: Hippowdon\n|-damage|p2a: Hippowdon|208/311\n|\n|-weather|Sandstorm|[upkeep]\n|-damage|p1a: Indeedee|82/100|[from] Sandstorm\n|-heal|p2a: Hippowdon|227/311|[from] item: Leftovers\n|upkeep\n|turn|16\n|inactive|Time left: 300 sec this turn | 300 sec total\n|\n|t:|1783571201\n|move|p1a: Indeedee|Psyshock|p2a: Hippowdon\n|-damage|p2a: Hippowdon|121/311\n|move|p2a: Hippowdon|Slack Off|p2a: Hippowdon\n|-heal|p2a: Hippowdon|277/311\n|\n|-weather|Sandstorm|[upkeep]\n|-damage|p1a: Indeedee|75/100|[from] Sandstorm\n|-heal|p2a: Hippowdon|296/311|[from] item: Leftovers\n|upkeep\n|turn|17\n|inactive|Time left: 300 sec this turn | 300 sec total\n|\n|t:|1783571202\n|switch|p1a: Stantler|Stantler, L92, M|74/100\n|-ability|p1a: Stantler|Intimidate|boost\n|-unboost|p2a: Hippowdon|atk|1\n|move|p2a: Hippowdon|Earthquake|p1a: Stantler\n|-damage|p1a: Stantler|55/100\n|\n|-weather|Sandstorm|[upkeep]\n|-damage|p1a: Stantler|49/100|[from] Sandstorm\n|-heal|p2a: Hippowdon|311/311|[from] item: Leftovers\n|upkeep\n|turn|18\n|inactive|Time left: 300 sec this turn | 300 sec total\n|\n|t:|1783571203\n|move|p1a: Stantler|Body Slam|p2a: Hippowdon\n|-damage|p2a: Hippowdon|226/311\n|move|p2a: Hippowdon|Earthquake|p1a: Stantler\n|-damage|p1a: Stantler|29/100\n|\n|-weather|Sandstorm|[upkeep]\n|-damage|p1a: Stantler|23/100|[from] Sandstorm\n|-heal|p2a: Hippowdon|245/311|[from] item: Leftovers\n|upkeep\n|turn|19\n|inactive|Time left: 300 sec this turn | 300 sec total\n|\n|t:|1783571204\n|switch|p2a: Chesnaught|Chesnaught, L84, M|198/285\n|move|p1a: Stantler|Body Slam|p2a: Chesnaught\n|-damage|p2a: Chesnaught|113/285\n|\n|-weather|none\n|-heal|p2a: Chesnaught|130/285|[from] item: Leftovers\n|-fieldend|move: Psychic Terrain\n|upkeep\n|turn|20\n|inactive|Time left: 300 sec this turn | 300 sec total\n|\n|t:|1783571206\n|move|p1a: Stantler|Body Slam|p2a: Chesnaught\n|-damage|p2a: Chesnaught|43/285\n|move|p2a: Chesnaught|Synthesis|p2a: Chesnaught\n|-heal|p2a: Chesnaught|185/285\n|\n|-heal|p2a: Chesnaught|202/285|[from] item: Leftovers\n|upkeep\n|turn|21\n|inactive|Time left: 300 sec this turn | 300 sec total\n|\n|t:|1783571207\n|move|p1a: Stantler|Body Slam|p2a: Chesnaught\n|-damage|p2a: Chesnaught|126/285\n|move|p2a: Chesnaught|Iron Defense|p2a: Chesnaught\n|-boost|p2a: Chesnaught|def|2\n|\n|-heal|p2a: Chesnaught|143/285|[from] item: Leftovers\n|upkeep\n|turn|22\n|inactive|Time left: 300 sec this turn | 300 sec total\n|\n|t:|1783571208\n|move|p1a: Stantler|Thunder Wave|p2a: Chesnaught\n|-status|p2a: Chesnaught|par\n|move|p2a: Chesnaught|Synthesis|p2a: Chesnaught\n|-heal|p2a: Chesnaught|285/285 par\n|\n|upkeep\n|turn|23\n|inactive|Time left: 300 sec this turn | 300 sec total\n|\n|t:|1783571209\n|switch|p1a: Raging Bolt|Raging Bolt, L78|100/100\n|move|p2a: Chesnaught|Body Press|p1a: Raging Bolt\n|-damage|p1a: Raging Bolt|33/100\n|\n|-heal|p1a: Raging Bolt|39/100|[from] item: Leftovers\n|upkeep\n|turn|24\n|inactive|Time left: 300 sec this turn | 300 sec total\n|\n|t:|1783571210\n|move|p1a: Raging Bolt|Draco Meteor|p2a: Chesnaught\n|-damage|p2a: Chesnaught|95/285 par\n|-unboost|p1a: Raging Bolt|spa|2\n|move|p2a: Chesnaught|Body Press|p1a: Raging Bolt\n|-damage|p1a: Raging Bolt|0 fnt\n|faint|p1a: Raging Bolt\n|-end|p1a: Raging Bolt|Protosynthesis|[silent]\n|\n|-heal|p2a: Chesnaught|112/285 par|[from] item: Leftovers\n|upkeep\n|\n|t:|1783571211\n|switch|p1a: Stantler|Stantler, L92, M|23/100\n|-ability|p1a: Stantler|Intimidate|boost\n|-unboost|p2a: Chesnaught|atk|1\n|turn|25\n|inactive|Time left: 300 sec this turn | 300 sec total\n|\n|t:|1783571212\n|-terastallize|p2a: Chesnaught|Steel\n|move|p1a: Stantler|Earthquake|p2a: Chesnaught\n|-supereffective|p2a: Chesnaught\n|-damage|p2a: Chesnaught|42/285 par\n|move|p2a: Chesnaught|Body Press|p1a: Stantler\n|-supereffective|p1a: Stantler\n|-crit|p1a: Stantler\n|-damage|p1a: Stantler|0 fnt\n|faint|p1a: Stantler\n|\n|-heal|p2a: Chesnaught|59/285 par|[from] item: Leftovers\n|upkeep\n|\n|t:|1783571213\n|switch|p1a: Indeedee|Indeedee-F, L90, F|75/100\n|-fieldstart|move: Psychic Terrain|[from] ability: Psychic Surge|[of] p1a: Indeedee\n|turn|26\n|inactive|Time left: 300 sec this turn | 300 sec total\n|\n|t:|1783571214\n|move|p1a: Indeedee|Hyper Voice|p2a: Chesnaught\n|-resisted|p2a: Chesnaught\n|-crit|p2a: Chesnaught\n|-damage|p2a: Chesnaught|0 fnt\n|faint|p2a: Chesnaught\n|\n|upkeep\n|inactive|Time left: 300 sec this turn | 300 sec total | 5 sec grace\n|\n|t:|1783571215\n|switch|p2a: Hippowdon|Hippowdon, L82, M|245/311\n|-weather|Sandstorm|[from] ability: Sand Stream|[of] p2a: Hippowdon\n|turn|27\n|inactive|Time left: 300 sec this turn | 300 sec total\n|\n|t:|1783571216\n|switch|p2a: Porygon-Z|Porygon-Z, L83|31/277\n|move|p1a: Indeedee|Hyper Voice|p2a: Porygon-Z\n|-damage|p2a: Porygon-Z|0 fnt\n|faint|p2a: Porygon-Z\n|\n|-weather|Sandstorm|[upkeep]\n|-damage|p1a: Indeedee|69/100|[from] Sandstorm\n|upkeep\n|inactive|Time left: 300 sec this turn | 300 sec total | 5 sec grace\n|\n|t:|1783571216\n|switch|p2a: Persian|Persian-Alola, L86, M|252/252\n|turn|28\n|inactive|Time left: 300 sec this turn | 300 sec total\n|\n|t:|1783571217\n|move|p1a: Indeedee|Hyper Voice|p2a: Persian\n|-crit|p2a: Persian\n|-damage|p2a: Persian|39/252\n|move|p2a: Persian|Dark Pulse|p1a: Indeedee\n|-supereffective|p1a: Indeedee\n|-damage|p1a: Indeedee|8/100\n|-damage|p2a: Persian|14/252|[from] item: Life Orb\n|\n|-weather|Sandstorm|[upkeep]\n|-damage|p1a: Indeedee|2/100|[from] Sandstorm\n|-damage|p2a: Persian|0 fnt|[from] Sandstorm\n|faint|p2a: Persian\n|upkeep\n|inactive|Time left: 300 sec this turn | 300 sec total | 5 sec grace\n|\n|t:|1783571218\n|switch|p2a: Hippowdon|Hippowdon, L82, M|245/311\n|turn|29\n|inactive|Time left: 300 sec this turn | 300 sec total\n|\n|t:|1783571219\n|move|p1a: Indeedee|Hyper Voice|p2a: Hippowdon\n|-damage|p2a: Hippowdon|119/311\n|move|p2a: Hippowdon|Earthquake|p1a: Indeedee\n|-damage|p1a: Indeedee|0 fnt\n|faint|p1a: Indeedee\n|\n|win|p0y27059ccf", "uploadtime": 1783571219, "views": 0, "rating": 0, "private": 0, "password": null, "_winner": "p0y27059ccf", "_our_name": "p0y27059ccf"}