{"id": "battle-gen9randombattle-687", "formatid": "gen9randombattle", "format": "[Gen 9] Random Battle", "players": ["p0x687671b", "p0y687cd67"], "log": "|init|battle\n|title|p0x687671b vs. p0y687cd67\n|j|\u2606p0x687671b\n|j|\u2606p0y687cd67\n|t:|1783547792\n|gametype|singles\n|player|p1|p0x687671b|102|\n|player|p2|p0y687cd67|170|\n|gen|9\n|tier|[Gen 9] Random Battle\n|rule|Species Clause: Limit one of each Pok\u00e9mon\n|rule|HP Percentage Mod: HP is shown in percentages\n|rule|Sleep Clause Mod: Limit one foe put to sleep\n|rule|Illusion Level Mod: Illusion disguises the Pok\u00e9mon's true level\n|\n|t:|1783547792\n|teamsize|p1|6\n|teamsize|p2|6\n|start\n|switch|p1a: Lilligant|Lilligant-Hisui, L79, F|240/240\n|switch|p2a: Misdreavus|Misdreavus, L90, M|100/100\n|turn|1\n|inactive|Battle timer is ON: inactive players will automatically lose when time's up. (requested by p0y687cd67)\n|inactive|Time left: 300 sec this turn | 300 sec total | 60 sec grace\n|inactive|p0x687671b also wants the timer to be on.\n|\n|t:|1783547794\n|move|p1a: Lilligant|Victory Dance|p1a: Lilligant\n|-boost|p1a: Lilligant|atk|1\n|-boost|p1a: Lilligant|def|1\n|-boost|p1a: Lilligant|spe|1\n|move|p2a: Misdreavus|Shadow Ball|p1a: Lilligant\n|-damage|p1a: Lilligant|135/240\n|\n|upkeep\n|turn|2\n|inactive|Time left: 300 sec this turn | 300 sec total\n|\n|t:|1783547795\n|-terastallize|p2a: Misdreavus|Fairy\n|move|p1a: Lilligant|Sleep Powder|p2a: Misdreavus\n|-status|p2a: Misdreavus|slp|[from] move: Sleep Powder\n|cant|p2a: Misdreavus|slp\n|\n|upkeep\n|turn|3\n|inactive|Time left: 300 sec this turn | 300 sec total\n|\n|t:|1783547796\n|move|p1a: Lilligant|Leaf Blade|p2a: Misdreavus\n|-crit|p2a: Misdreavus\n|-damage|p2a: Misdreavus|2/100 slp\n|-curestatus|p2a: Misdreavus|slp|[msg]\n|move|p2a: Misdreavus|Draining Kiss|p1a: Lilligant\n|-supereffective|p1a: Lilligant\n|-damage|p1a: Lilligant|0 fnt\n|-heal|p2a: Misdreavus|42/100|[from] drain|[of] p1a: Lilligant\n|faint|p1a: Lilligant\n|\n|upkeep\n|inactive|Time left: 300 sec this turn | 300 sec total | 5 sec grace\n|\n|t:|1783547797\n|switch|p1a: Mewtwo|Mewtwo, L72|272/272\n|-ability|p1a: Mewtwo|Pressure\n|turn|4\n|inactive|Time left: 300 sec this turn | 300 sec total\n|\n|t:|1783547798\n|move|p1a: Mewtwo|Psystrike|p2a: Misdreavus\n|-damage|p2a: Misdreavus|0 fnt\n|faint|p2a: Misdreavus\n|-damage|p1a: Mewtwo|245/272|[from] item: Life Orb\n|\n|upkeep\n|\n|t:|1783547799\n|switch|p2a: Pincurchin|Pincurchin, M|100/100\n|-fieldstart|move: Electric Terrain|[from] ability: Electric Surge|[of] p2a: Pincurchin\n|turn|5\n|inactive|Time left: 300 sec this turn | 300 sec total\n|\n|t:|1783547800\n|move|p1a: Mewtwo|Nasty Plot|p1a: Mewtwo\n|-boost|p1a: Mewtwo|spa|2\n|move|p2a: Pincurchin|Discharge|p1a: Mewtwo\n|-damage|p1a: Mewtwo|83/272\n|-status|p1a: Mewtwo|par\n|\n|upkeep\n|turn|6\n|inactive|Time left: 300 sec this turn | 300 sec total\n|\n|t:|1783547802\n|move|p1a: Mewtwo|Psystrike|p2a: Pincurchin\n|-damage|p2a: Pincurchin|17/100\n|-damage|p1a: Mewtwo|56/272 par|[from] item: Life Orb\n|move|p2a: Pincurchin|Discharge|p1a: Mewtwo\n|-crit|p1a: Mewtwo\n|-damage|p1a: Mewtwo|0 fnt\n|faint|p1a: Mewtwo\n|\n|-heal|p2a: Pincurchin|23/100|[from] item: Leftovers\n|upkeep\n|inactive|Time left: 300 sec this turn | 300 sec total | 5 sec grace\n|\n|t:|1783547803\n|switch|p1a: Salamence|Salamence, L77, M|273/273\n|-ability|p1a: Salamence|Intimidate|boost\n|-unboost|p2a: Pincurchin|atk|1\n|turn|7\n|inactive|Time left: 300 sec this turn | 300 sec total\n|\n|t:|1783547804\n|move|p1a: Salamence|Outrage|p2a: Pincurchin\n|-damage|p2a: Pincurchin|0 fnt\n|faint|p2a: Pincurchin\n|\n|upkeep\n|\n|t:|1783547805\n|switch|p2a: Charizard|Charizard, L85, M|100/100\n|turn|8\n|inactive|Time left: 300 sec this turn | 300 sec total\n|\n|t:|1783547806\n|move|p2a: Charizard|Outrage|p1a: Salamence\n|-supereffective|p1a: Salamence\n|-damage|p1a: Salamence|87/273\n|move|p1a: Salamence|Outrage|p2a: Charizard|[from] lockedmove\n|-damage|p2a: Charizard|44/100\n|-start|p1a: Salamence|confusion|[fatigue]\n|\n|upkeep\n|turn|9\n|inactive|Time left: 300 sec this turn | 300 sec total\n|\n|t:|1783547808\n|switch|p1a: Muk|Muk, L86, F|321/321\n|move|p2a: Charizard|Outrage|p1a: Muk|[from] lockedmove\n|-damage|p1a: Muk|236/321\n|\n|-heal|p1a: Muk|256/321|[from] item: Leftovers\n|-fieldend|move: Electric Terrain\n|upkeep\n|turn|10\n|inactive|Time left: 300 sec this turn | 300 sec total\n|\n|t:|1783547809\n|move|p2a: Charizard|Outrage|p1a: Muk|[from] lockedmove\n|-damage|p1a: Muk|169/321\n|-start|p2a: Charizard|confusion|[fatigue]\n|move|p1a: Muk|Knock Off|p2a: Charizard\n|-damage|p2a: Charizard|12/100\n|-status|p2a: Charizard|psn|[from] ability: Poison Touch|[of] p1a: Muk\n|-enditem|p2a: Charizard|Heavy-Duty Boots|[from] move: Knock Off|[of] p1a: Muk\n|\n|-heal|p1a: Muk|189/321|[from] item: Leftovers\n|-damage|p2a: Charizard|0 fnt|[from] psn\n|faint|p2a: Charizard\n|upkeep\n|\n|t:|1783547810\n|switch|p2a: Slither Wing|Slither Wing, L81|100/100\n|turn|11\n|inactive|Time left: 300 sec this turn | 300 sec total\n|\n|t:|1783547811\n|switch|p1a: Salamence|Salamence, L77, M|87/273\n|-ability|p1a: Salamence|Intimidate|boost\n|-unboost|p2a: Slither Wing|atk|1\n|move|p2a: Slither Wing|Earthquake|p1a: Salamence\n|-immune|p1a: Salamence\n|\n|upkeep\n|turn|12\n|inactive|Time left: 300 sec this turn | 300 sec total\n|\n|t:|1783547812\n|-end|p2a: Slither Wing|Protosynthesis|[silent]\n|switch|p2a: Chandelure|Chandelure, L83, F|100/100\n|move|p1a: Salamence|Dragon Dance|p1a: Salamence\n|-boost|p1a: Salamence|atk|1\n|-boost|p1a: Salamence|spe|1\n|\n|upkeep\n|turn|13\n|inactive|Time left: 300 sec this turn | 300 sec total\n|\n|t:|1783547812\n|-terastallize|p1a: Salamence|Dragon\n|move|p1a: Salamence|Outrage|p2a: Chandelure\n|-damage|p2a: Chandelure|0 fnt\n|faint|p2a: Chandelure\n|\n|upkeep\n|\n|t:|1783547813\n|switch|p2a: Slither Wing|Slither Wing, L81|100/100\n|turn|14\n|inactive|Time left: 300 sec this turn | 300 sec total\n|\n|t:|1783547814\n|move|p2a: Slither Wing|First Impression|p1a: Salamence\n|-damage|p1a: Salamence|0 fnt\n|faint|p1a: Salamence\n|-damage|p2a: Slither Wing|90/100|[from] item: Life Orb\n|\n|upkeep\n|inactive|Time left: 300 sec this turn | 300 sec total | 5 sec grace\n|\n|t:|1783547814\n|switch|p1a: Raichu|Raichu-Alola, L87, F|246/246\n|turn|15\n|inactive|Time left: 300 sec this turn | 300 sec total\n|\n|t:|1783547815\n|-end|p2a: Slither Wing|Protosynthesis|[silent]\n|switch|p2a: Meowscarada|Meowscarada, L78, M|100/100\n|move|p1a: Raichu|Psyshock|p2a: Meowscarada\n|-immune|p2a: Meowscarada\n|\n|upkeep\n|turn|16\n|inactive|Time left: 300 sec this turn | 300 sec total\n|\n|t:|1783547816\n|move|p1a: Raichu|Focus Blast|p2a: Meowscarada\n|-supereffective|p2a: Meowscarada\n|-damage|p2a: Meowscarada|0 fnt\n|faint|p2a: Meowscarada\n|-damage|p1a: Raichu|222/246|[from] item: Life Orb\n|\n|upkeep\n|\n|t:|1783547817\n|switch|p2a: Slither Wing|Slither Wing, L81|90/100\n|turn|17\n|inactive|Time left: 300 sec this turn | 300 sec total\n|\n|t:|1783547817\n|switch|p1a: Muk|Muk, L86, F|189/321\n|move|p2a: Slither Wing|First Impression|p1a: Muk\n|-resisted|p1a: Muk\n|-damage|p1a: Muk|99/321\n|-damage|p2a: Slither Wing|80/100|[from] item: Life Orb\n|\n|-heal|p1a: Muk|119/321|[from] item: Leftovers\n|upkeep\n|turn|18\n|inactive|Time left: 300 sec this turn | 300 sec total\n|\n|t:|1783547818\n|move|p2a: Slither Wing|First Impression||[still]\n|-hint|First Impression only works on your first turn out.\n|-fail|p2a: Slither Wing\n|move|p1a: Muk|Gunk Shot|p2a: Slither Wing\n|-damage|p2a: Slither Wing|23/100\n|-status|p2a: Slither Wing|psn\n|\n|-heal|p1a: Muk|139/321|[from] item: Leftovers\n|-damage|p2a: Slither Wing|10/100 psn|[from] psn\n|upkeep\n|turn|19\n|inactive|Time left: 300 sec this turn | 300 sec total\n|\n|t:|1783547819\n|switch|p1a: Dialga|Dialga-Origin, L73|266/266\n|-ability|p1a: Dialga|Pressure\n|move|p2a: Slither Wing|First Impression||[still]\n|-hint|First Impression only works on your first turn out.\n|-fail|p2a: Slither Wing\n|\n|-damage|p2a: Slither Wing|0 fnt|[from] psn\n|faint|p2a: Slither Wing\n|-end|p2a: Slither Wing|Protosynthesis|[silent]\n|\n|win|p0x687671b", "uploadtime": 1783547819, "views": 0, "rating": 0, "private": 0, "password": null, "_winner": "p0x687671b", "_our_name": "p0x687671b"}