{"id": "battle-gen9randombattle-1889", "formatid": "gen9randombattle", "format": "[Gen 9] Random Battle", "players": ["p0x18899d09", "p0y18896ac1"], "log": "|init|battle\n|title|p0x18899d09 vs. p0y18896ac1\n|j|\u2606p0x18899d09\n|j|\u2606p0y18896ac1\n|t:|1783561096\n|gametype|singles\n|player|p1|p0x18899d09|101|\n|player|p2|p0y18896ac1|1|\n|gen|9\n|tier|[Gen 9] Random Battle\n|rule|Species Clause: Limit one of each Pok\u00e9mon\n|rule|HP Percentage Mod: HP is shown in percentages\n|rule|Sleep Clause Mod: Limit one foe put to sleep\n|rule|Illusion Level Mod: Illusion disguises the Pok\u00e9mon's true level\n|\n|t:|1783561096\n|teamsize|p1|6\n|teamsize|p2|6\n|start\n|switch|p1a: Victreebel|Victreebel, L90, F|290/290\n|switch|p2a: Oinkologne|Oinkologne-F, L92, F|100/100\n|turn|1\n|inactive|Battle timer is ON: inactive players will automatically lose when time's up. (requested by p0y18896ac1)\n|inactive|Time left: 300 sec this turn | 300 sec total | 60 sec grace\n|inactive|p0x18899d09 also wants the timer to be on.\n|\n|t:|1783561098\n|move|p1a: Victreebel|Power Whip|p2a: Oinkologne\n|-damage|p2a: Oinkologne|42/100\n|-damage|p1a: Victreebel|261/290|[from] item: Life Orb\n|move|p2a: Oinkologne|Body Slam|p1a: Victreebel\n|-damage|p1a: Victreebel|150/290\n|\n|-heal|p2a: Oinkologne|48/100|[from] item: Leftovers\n|upkeep\n|turn|2\n|inactive|Time left: 300 sec this turn | 300 sec total\n|\n|t:|1783561099\n|move|p1a: Victreebel|Power Whip|p2a: Oinkologne\n|-crit|p2a: Oinkologne\n|-damage|p2a: Oinkologne|0 fnt\n|faint|p2a: Oinkologne\n|-damage|p1a: Victreebel|121/290|[from] item: Life Orb\n|\n|upkeep\n|\n|t:|1783561100\n|switch|p2a: Kleavor|Kleavor, L78, F|100/100\n|turn|3\n|inactive|Time left: 300 sec this turn | 300 sec total\n|\n|t:|1783561101\n|switch|p1a: Ursaluna|Ursaluna-Bloodmoon, L79, M|308/308\n|move|p2a: Kleavor|Stone Axe|p1a: Ursaluna\n|-resisted|p1a: Ursaluna\n|-damage|p1a: Ursaluna|261/308\n|-sidestart|p1: p0x18899d09|move: Stealth Rock\n|\n|-heal|p1a: Ursaluna|280/308|[from] item: Leftovers\n|upkeep\n|turn|4\n|inactive|Time left: 300 sec this turn | 300 sec total\n|\n|t:|1783561102\n|move|p2a: Kleavor|X-Scissor|p1a: Ursaluna\n|-damage|p1a: Ursaluna|160/308\n|move|p1a: Ursaluna|Blood Moon|p2a: Kleavor\n|-resisted|p2a: Kleavor\n|-damage|p2a: Kleavor|56/100\n|\n|-heal|p1a: Ursaluna|179/308|[from] item: Leftovers\n|upkeep\n|turn|5\n|inactive|Time left: 300 sec this turn | 300 sec total\n|\n|t:|1783561104\n|switch|p2a: Scovillain|Scovillain, L91, M|100/100\n|move|p1a: Ursaluna|Moonlight|p1a: Ursaluna\n|-heal|p1a: Ursaluna|308/308\n|\n|upkeep\n|turn|6\n|inactive|Time left: 300 sec this turn | 300 sec total\n|\n|t:|1783561104\n|-terastallize|p1a: Ursaluna|Normal\n|move|p2a: Scovillain|Overheat|p1a: Ursaluna\n|-damage|p1a: Ursaluna|0 fnt\n|-unboost|p2a: Scovillain|spa|2\n|faint|p1a: Ursaluna\n|\n|upkeep\n|inactive|Time left: 300 sec this turn | 300 sec total | 5 sec grace\n|\n|t:|1783561105\n|switch|p1a: Volcarona|Volcarona, L77, M|257/257\n|turn|7\n|inactive|Time left: 300 sec this turn | 300 sec total\n|\n|t:|1783561106\n|switch|p2a: Armarouge|Armarouge, L80, F|100/100\n|move|p1a: Volcarona|Quiver Dance|p1a: Volcarona\n|-boost|p1a: Volcarona|spa|1\n|-boost|p1a: Volcarona|spd|1\n|-boost|p1a: Volcarona|spe|1\n|\n|upkeep\n|turn|8\n|inactive|Time left: 300 sec this turn | 300 sec total\n|\n|t:|1783561107\n|move|p1a: Volcarona|Bug Buzz|p2a: Armarouge\n|-damage|p2a: Armarouge|29/100\n|move|p2a: Armarouge|Meteor Beam||[still]\n|-prepare|p2a: Armarouge|Meteor Beam\n|-boost|p2a: Armarouge|spa|1\n|-enditem|p2a: Armarouge|Power Herb\n|-anim|p2a: Armarouge|Meteor Beam|p1a: Volcarona\n|-supereffective|p1a: Volcarona\n|-damage|p1a: Volcarona|0 fnt\n|faint|p1a: Volcarona\n|\n|upkeep\n|inactive|Time left: 300 sec this turn | 300 sec total | 5 sec grace\n|\n|t:|1783561108\n|switch|p1a: Victreebel|Victreebel, L90, F|121/290\n|-damage|p1a: Victreebel|85/290|[from] Stealth Rock\n|turn|9\n|inactive|Time left: 300 sec this turn | 300 sec total\n|\n|t:|1783561108\n|move|p1a: Victreebel|Poison Jab|p2a: Armarouge\n|-damage|p2a: Armarouge|0 fnt\n|faint|p2a: Armarouge\n|-damage|p1a: Victreebel|56/290|[from] item: Life Orb\n|\n|upkeep\n|\n|t:|1783561109\n|switch|p2a: Scovillain|Scovillain, L91, M|100/100\n|turn|10\n|inactive|Time left: 300 sec this turn | 300 sec total\n|\n|t:|1783561110\n|move|p1a: Victreebel|Sucker Punch|p2a: Scovillain\n|-damage|p2a: Scovillain|66/100\n|-damage|p1a: Victreebel|27/290|[from] item: Life Orb\n|move|p2a: Scovillain|Flamethrower|p1a: Victreebel\n|-supereffective|p1a: Victreebel\n|-damage|p1a: Victreebel|0 fnt\n|faint|p1a: Victreebel\n|\n|upkeep\n|inactive|Time left: 300 sec this turn | 300 sec total | 5 sec grace\n|\n|t:|1783561111\n|switch|p1a: Cinccino|Cinccino, L83, F|260/260\n|-damage|p1a: Cinccino|228/260|[from] Stealth Rock\n|turn|11\n|inactive|Time left: 300 sec this turn | 300 sec total\n|\n|t:|1783561112\n|move|p1a: Cinccino|Tail Slap|p2a: Scovillain\n|-damage|p2a: Scovillain|50/100\n|-damage|p2a: Scovillain|33/100\n|-damage|p2a: Scovillain|17/100\n|-crit|p2a: Scovillain\n|-damage|p2a: Scovillain|0 fnt\n|faint|p2a: Scovillain\n|-hitcount|p2: Scovillain|4\n|\n|upkeep\n|\n|t:|1783561113\n|switch|p2a: Flutter Mane|Flutter Mane, L74|100/100\n|turn|12\n|inactive|Time left: 300 sec this turn | 300 sec total\n|\n|t:|1783561113\n|-terastallize|p2a: Flutter Mane|Fairy\n|move|p2a: Flutter Mane|Moonblast|p1a: Cinccino\n|-damage|p1a: Cinccino|0 fnt\n|faint|p1a: Cinccino\n|\n|upkeep\n|inactive|Time left: 300 sec this turn | 300 sec total | 5 sec grace\n|\n|t:|1783561114\n|switch|p1a: Sableye|Sableye, L88, M|231/231\n|-damage|p1a: Sableye|203/231|[from] Stealth Rock\n|turn|13\n|inactive|Time left: 300 sec this turn | 300 sec total\n|\n|t:|1783561115\n|switch|p1a: Hitmonchan|Hitmonchan, L87, M|229/229\n|-damage|p1a: Hitmonchan|215/229|[from] Stealth Rock\n|move|p2a: Flutter Mane|Moonblast|p1a: Hitmonchan\n|-supereffective|p1a: Hitmonchan\n|-damage|p1a: Hitmonchan|0 fnt\n|faint|p1a: Hitmonchan\n|\n|upkeep\n|inactive|Time left: 300 sec this turn | 300 sec total | 5 sec grace\n|\n|t:|1783561116\n|switch|p1a: Sableye|Sableye, L88, M|203/231\n|-damage|p1a: Sableye|175/231|[from] Stealth Rock\n|turn|14\n|inactive|Time left: 300 sec this turn | 300 sec total\n|\n|t:|1783561117\n|move|p1a: Sableye|Recover|p1a: Sableye\n|-heal|p1a: Sableye|231/231\n|move|p2a: Flutter Mane|Moonblast|p1a: Sableye\n|-supereffective|p1a: Sableye\n|-damage|p1a: Sableye|0 fnt\n|faint|p1a: Sableye\n|\n|win|p0y18896ac1", "uploadtime": 1783561117, "views": 0, "rating": 0, "private": 0, "password": null, "_winner": "p0y18896ac1", "_our_name": "p0x18899d09"}