{"id": "battle-gen9randombattle-1943", "formatid": "gen9randombattle", "format": "[Gen 9] Random Battle", "players": ["p0x1943e5fc", "p0y1943ce5c"], "log": "|init|battle\n|title|p0x1943e5fc vs. p0y1943ce5c\n|j|\u2606p0x1943e5fc\n|j|\u2606p0y1943ce5c\n|t:|1783561747\n|gametype|singles\n|player|p1|p0x1943e5fc|265|\n|player|p2|p0y1943ce5c|102|\n|gen|9\n|tier|[Gen 9] Random Battle\n|rule|Species Clause: Limit one of each Pok\u00e9mon\n|rule|HP Percentage Mod: HP is shown in percentages\n|rule|Sleep Clause Mod: Limit one foe put to sleep\n|rule|Illusion Level Mod: Illusion disguises the Pok\u00e9mon's true level\n|\n|t:|1783561747\n|teamsize|p1|6\n|teamsize|p2|6\n|start\n|switch|p1a: Grafaiai|Grafaiai, L86, M|249/249\n|switch|p2a: Exeggutor|Exeggutor, L89, F|100/100\n|turn|1\n|inactive|Battle timer is ON: inactive players will automatically lose when time's up. (requested by p0y1943ce5c)\n|inactive|Time left: 300 sec this turn | 300 sec total | 60 sec grace\n|inactive|p0x1943e5fc also wants the timer to be on.\n|\n|t:|1783561749\n|move|p1a: Grafaiai|Knock Off|p2a: Exeggutor\n|-supereffective|p2a: Exeggutor\n|-damage|p2a: Exeggutor|56/100\n|-enditem|p2a: Exeggutor|Sitrus Berry|[from] move: Knock Off|[of] p1a: Grafaiai\n|move|p2a: Exeggutor|Psychic Noise|p1a: Grafaiai\n|-supereffective|p1a: Grafaiai\n|-damage|p1a: Grafaiai|73/249\n|-start|p1a: Grafaiai|move: Heal Block\n|\n|upkeep\n|turn|2\n|inactive|Time left: 300 sec this turn | 300 sec total\n|\n|t:|1783561750\n|move|p1a: Grafaiai|U-turn|p2a: Exeggutor\n|-supereffective|p2a: Exeggutor\n|-damage|p2a: Exeggutor|0 fnt\n|faint|p2a: Exeggutor\n|inactive|Time left: 300 sec this turn | 300 sec total | 5 sec grace\n|\n|t:|1783561751\n|switch|p1a: Blastoise|Blastoise, L80, F|258/258|[from] U-turn\n|\n|upkeep\n|\n|t:|1783561752\n|switch|p2a: Vikavolt|Vikavolt, L83, F|100/100\n|turn|3\n|inactive|Time left: 300 sec this turn | 300 sec total\n|\n|t:|1783561753\n|-terastallize|p1a: Blastoise|Steel\n|move|p1a: Blastoise|Shell Smash|p1a: Blastoise\n|-unboost|p1a: Blastoise|def|1\n|-unboost|p1a: Blastoise|spd|1\n|-boost|p1a: Blastoise|atk|2\n|-boost|p1a: Blastoise|spa|2\n|-boost|p1a: Blastoise|spe|2\n|-enditem|p1a: Blastoise|White Herb\n|-clearnegativeboost|p1a: Blastoise|[silent]\n|move|p2a: Vikavolt|Sticky Web|p1a: Blastoise\n|-sidestart|p1: p0x1943e5fc|move: Sticky Web\n|\n|upkeep\n|turn|4\n|inactive|Time left: 300 sec this turn | 300 sec total\n|\n|t:|1783561754\n|move|p1a: Blastoise|Hydro Pump|p2a: Vikavolt\n|-damage|p2a: Vikavolt|20/100\n|move|p2a: Vikavolt|Discharge|p1a: Blastoise\n|-damage|p1a: Blastoise|159/258\n|\n|upkeep\n|turn|5\n|inactive|Time left: 300 sec this turn | 300 sec total\n|\n|t:|1783561755\n|switch|p2a: Blissey|Blissey, L85, F|100/100\n|move|p1a: Blastoise|Ice Beam|p2a: Blissey\n|-damage|p2a: Blissey|88/100\n|\n|-heal|p2a: Blissey|94/100|[from] item: Leftovers\n|upkeep\n|turn|6\n|inactive|Time left: 300 sec this turn | 300 sec total\n|\n|t:|1783561756\n|move|p1a: Blastoise|Earthquake|p2a: Blissey\n|-damage|p2a: Blissey|30/100\n|move|p2a: Blissey|Seismic Toss|p1a: Blastoise\n|-damage|p1a: Blastoise|74/258\n|\n|-heal|p2a: Blissey|36/100|[from] item: Leftovers\n|upkeep\n|turn|7\n|inactive|Time left: 300 sec this turn | 300 sec total\n|\n|t:|1783561757\n|move|p1a: Blastoise|Earthquake|p2a: Blissey\n|-damage|p2a: Blissey|0 fnt\n|faint|p2a: Blissey\n|\n|upkeep\n|\n|t:|1783561758\n|switch|p2a: Alcremie|Alcremie-Caramel-Swirl, L90, F|100/100\n|turn|8\n|inactive|Time left: 300 sec this turn | 300 sec total\n|\n|t:|1783561759\n|move|p1a: Blastoise|Hydro Pump|p2a: Alcremie\n|-damage|p2a: Alcremie|17/100\n|move|p2a: Alcremie|Alluring Voice|p1a: Blastoise\n|-resisted|p1a: Blastoise\n|-damage|p1a: Blastoise|26/258\n|\n|-heal|p2a: Alcremie|23/100|[from] item: Leftovers\n|upkeep\n|turn|9\n|inactive|Time left: 300 sec this turn | 300 sec total\n|\n|t:|1783561760\n|move|p1a: Blastoise|Earthquake|p2a: Alcremie\n|-damage|p2a: Alcremie|0 fnt\n|faint|p2a: Alcremie\n|\n|upkeep\n|\n|t:|1783561760\n|switch|p2a: Vikavolt|Vikavolt, L83, F|20/100\n|turn|10\n|inactive|Time left: 300 sec this turn | 300 sec total\n|\n|t:|1783561761\n|move|p1a: Blastoise|Ice Beam|p2a: Vikavolt\n|-damage|p2a: Vikavolt|0 fnt\n|faint|p2a: Vikavolt\n|\n|upkeep\n|\n|t:|1783561762\n|switch|p2a: Chi-Yu|Chi-Yu, L77|100/100\n|-ability|p2a: Chi-Yu|Beads of Ruin\n|turn|11\n|inactive|Time left: 300 sec this turn | 300 sec total\n|\n|t:|1783561763\n|-terastallize|p2a: Chi-Yu|Fire\n|move|p1a: Blastoise|Hydro Pump|p2a: Chi-Yu\n|-supereffective|p2a: Chi-Yu\n|-damage|p2a: Chi-Yu|0 fnt\n|faint|p2a: Chi-Yu\n|\n|upkeep\n|\n|t:|1783561764\n|switch|p2a: Minior|Minior-Indigo, L79|100/100\n|-formechange|p2a: Minior|Minior-Meteor||[from] ability: Shields Down\n|turn|12\n|inactive|Time left: 300 sec this turn | 300 sec total\n|\n|t:|1783561765\n|move|p1a: Blastoise|Hydro Pump|p2a: Minior|[miss]\n|-miss|p1a: Blastoise|p2a: Minior\n|move|p2a: Minior|Shell Smash|p2a: Minior\n|-unboost|p2a: Minior|def|1\n|-unboost|p2a: Minior|spd|1\n|-boost|p2a: Minior|atk|2\n|-boost|p2a: Minior|spa|2\n|-boost|p2a: Minior|spe|2\n|-enditem|p2a: Minior|White Herb\n|-clearnegativeboost|p2a: Minior|[silent]\n|\n|upkeep\n|turn|13\n|inactive|Time left: 300 sec this turn | 300 sec total\n|\n|t:|1783561766\n|move|p1a: Blastoise|Hydro Pump|p2a: Minior\n|-supereffective|p2a: Minior\n|-damage|p2a: Minior|0 fnt\n|faint|p2a: Minior\n|\n|win|p0x1943e5fc", "uploadtime": 1783561766, "views": 0, "rating": 0, "private": 0, "password": null, "_winner": "p0x1943e5fc", "_our_name": "p0x1943e5fc"}