{"id": "battle-gen9randombattle-2117", "formatid": "gen9randombattle", "format": "[Gen 9] Random Battle", "players": ["p0x2117726a", "p0y2117a136"], "log": "|init|battle\n|title|p0x2117726a vs. p0y2117a136\n|j|\u2606p0x2117726a\n|j|\u2606p0y2117a136\n|t:|1783564503\n|gametype|singles\n|player|p1|p0x2117726a|1|\n|player|p2|p0y2117a136|265|\n|gen|9\n|tier|[Gen 9] Random Battle\n|rule|Species Clause: Limit one of each Pok\u00e9mon\n|rule|HP Percentage Mod: HP is shown in percentages\n|rule|Sleep Clause Mod: Limit one foe put to sleep\n|rule|Illusion Level Mod: Illusion disguises the Pok\u00e9mon's true level\n|\n|t:|1783564503\n|teamsize|p1|6\n|teamsize|p2|6\n|start\n|switch|p1a: Cetitan|Cetitan, L82, M|413/413\n|switch|p2a: Wigglytuff|Wigglytuff, L96, M|100/100\n|turn|1\n|inactive|Battle timer is ON: inactive players will automatically lose when time's up. (requested by p0x2117726a)\n|inactive|p0y2117a136 also wants the timer to be on.\n|\n|t:|1783564504\n|move|p1a: Cetitan|Icicle Crash|p2a: Wigglytuff\n|-damage|p2a: Wigglytuff|50/100\n|move|p2a: Wigglytuff|Alluring Voice|p1a: Cetitan\n|-damage|p1a: Cetitan|265/413\n|\n|-heal|p2a: Wigglytuff|56/100|[from] item: Leftovers\n|upkeep\n|turn|2\n|inactive|Time left: 300 sec this turn | 300 sec total\n|\n|t:|1783564506\n|move|p1a: Cetitan|Icicle Crash|p2a: Wigglytuff\n|-damage|p2a: Wigglytuff|6/100\n|move|p2a: Wigglytuff|Alluring Voice|p1a: Cetitan\n|-damage|p1a: Cetitan|111/413\n|\n|-heal|p2a: Wigglytuff|13/100|[from] item: Leftovers\n|upkeep\n|turn|3\n|inactive|Time left: 300 sec this turn | 300 sec total\n|\n|t:|1783564507\n|switch|p2a: Pecharunt|Pecharunt, L77|100/100\n|move|p1a: Cetitan|Liquidation|p2a: Pecharunt\n|-damage|p2a: Pecharunt|70/100\n|\n|-heal|p2a: Pecharunt|76/100|[from] item: Leftovers\n|upkeep\n|turn|4\n|inactive|Time left: 300 sec this turn | 300 sec total\n|\n|t:|1783564508\n|switch|p1a: Slowbro|Slowbro-Galar, L87, F|307/307\n|move|p2a: Pecharunt|Malignant Chain|p1a: Slowbro\n|-resisted|p1a: Slowbro\n|-crit|p1a: Slowbro\n|-damage|p1a: Slowbro|258/307\n|\n|-heal|p2a: Pecharunt|82/100|[from] item: Leftovers\n|upkeep\n|turn|5\n|inactive|Time left: 300 sec this turn | 300 sec total\n|\n|t:|1783564509\n|move|p2a: Pecharunt|Nasty Plot|p2a: Pecharunt\n|-boost|p2a: Pecharunt|spa|2\n|move|p1a: Slowbro|Psychic|p2a: Pecharunt\n|-supereffective|p2a: Pecharunt\n|-damage|p2a: Pecharunt|0 fnt\n|faint|p2a: Pecharunt\n|\n|upkeep\n|\n|t:|1783564510\n|switch|p2a: Glaceon|Glaceon, L94, F|100/100\n|turn|6\n|inactive|Time left: 300 sec this turn | 300 sec total\n|\n|t:|1783564511\n|move|p2a: Glaceon|Calm Mind|p2a: Glaceon\n|-boost|p2a: Glaceon|spa|1\n|-boost|p2a: Glaceon|spd|1\n|move|p1a: Slowbro|Shell Side Arm|p2a: Glaceon|[anim] Shell Side Arm Physical\n|-damage|p2a: Glaceon|73/100\n|-hint|Physical Shell Side Arm\n|-status|p2a: Glaceon|psn\n|\n|-damage|p2a: Glaceon|60/100 psn|[from] psn\n|upkeep\n|turn|7\n|inactive|Time left: 300 sec this turn | 300 sec total\n|\n|t:|1783564512\n|move|p2a: Glaceon|Freeze-Dry|p1a: Slowbro\n|-damage|p1a: Slowbro|119/307\n|move|p1a: Slowbro|Psychic|p2a: Glaceon\n|-damage|p2a: Glaceon|39/100 psn\n|\n|-damage|p2a: Glaceon|27/100 psn|[from] psn\n|upkeep\n|turn|8\n|inactive|Time left: 300 sec this turn | 300 sec total\n|\n|t:|1783564513\n|switch|p1a: Articuno|Articuno, L86|295/295\n|-ability|p1a: Articuno|Pressure\n|move|p2a: Glaceon|Freeze-Dry|p1a: Articuno\n|-damage|p1a: Articuno|172/295\n|\n|-damage|p2a: Glaceon|15/100 psn|[from] psn\n|upkeep\n|turn|9\n|inactive|Time left: 300 sec this turn | 300 sec total\n|\n|t:|1783564515\n|move|p1a: Articuno|Brave Bird|p2a: Glaceon\n|-damage|p2a: Glaceon|0 fnt\n|faint|p2a: Glaceon\n|-damage|p1a: Articuno|159/295|[from] Recoil\n|\n|upkeep\n|\n|t:|1783564516\n|switch|p2a: Minun|Minun, L95, M|100/100\n|turn|10\n|inactive|Time left: 300 sec this turn | 300 sec total\n|\n|t:|1783564517\n|switch|p1a: Slowbro|Slowbro-Galar, L87, F|221/307\n|move|p2a: Minun|Nasty Plot|p2a: Minun\n|-boost|p2a: Minun|spa|2\n|\n|upkeep\n|turn|11\n|inactive|Time left: 300 sec this turn | 300 sec total\n|\n|t:|1783564518\n|move|p2a: Minun|Thunderbolt|p1a: Slowbro\n|-damage|p1a: Slowbro|18/307\n|-damage|p2a: Minun|91/100|[from] item: Life Orb\n|move|p1a: Slowbro|Shell Side Arm|p2a: Minun|[anim] Shell Side Arm Physical\n|-damage|p2a: Minun|40/100\n|-hint|Physical Shell Side Arm\n|-status|p2a: Minun|psn\n|\n|-damage|p2a: Minun|28/100 psn|[from] psn\n|upkeep\n|turn|12\n|inactive|Time left: 300 sec this turn | 300 sec total\n|\n|t:|1783564519\n|switch|p1a: Toxtricity|Toxtricity, L82, F|257/257\n|move|p2a: Minun|Thunderbolt|p1a: Toxtricity\n|-resisted|p1a: Toxtricity\n|-damage|p1a: Toxtricity|101/257\n|-damage|p2a: Minun|18/100 psn|[from] item: Life Orb\n|\n|-damage|p2a: Minun|6/100 psn|[from] psn\n|upkeep\n|turn|13\n|inactive|Time left: 300 sec this turn | 300 sec total\n|\n|t:|1783564520\n|move|p1a: Toxtricity|Boomburst|p2a: Minun\n|-damage|p2a: Minun|0 fnt\n|faint|p2a: Minun\n|\n|upkeep\n|\n|t:|1783564521\n|switch|p2a: Froslass|Froslass, L87, F|100/100\n|turn|14\n|inactive|Time left: 300 sec this turn | 300 sec total\n|\n|t:|1783564522\n|switch|p1a: Persian|Persian-Alola, L86, F|252/252\n|move|p2a: Froslass|Triple Axel|p1a: Persian\n|-damage|p1a: Persian|237/252\n|-damage|p1a: Persian|210/252\n|-damage|p1a: Persian|168/252\n|-hitcount|p1a: Persian|3\n|\n|upkeep\n|turn|15\n|inactive|Time left: 300 sec this turn | 300 sec total\n|\n|t:|1783564523\n|switch|p2a: Registeel|Registeel, L81|100/100\n|move|p1a: Persian|Dark Pulse|p2a: Registeel\n|-damage|p2a: Registeel|78/100\n|-damage|p1a: Persian|143/252|[from] item: Life Orb\n|\n|upkeep\n|turn|16\n|inactive|Time left: 300 sec this turn | 300 sec total\n|\n|t:|1783564523\n|move|p1a: Persian|Nasty Plot|p1a: Persian\n|-boost|p1a: Persian|spa|2\n|move|p2a: Registeel|Iron Defense|p2a: Registeel\n|-boost|p2a: Registeel|def|2\n|\n|upkeep\n|turn|17\n|inactive|Time left: 300 sec this turn | 300 sec total\n|\n|t:|1783564524\n|switch|p1a: Slowbro|Slowbro-Galar, L87, F|120/307\n|move|p2a: Registeel|Body Press|p1a: Slowbro\n|-resisted|p1a: Slowbro\n|-damage|p1a: Slowbro|86/307\n|\n|upkeep\n|turn|18\n|inactive|Time left: 300 sec this turn | 300 sec total\n|\n|t:|1783564525\n|move|p2a: Registeel|Body Press|p1a: Slowbro\n|-resisted|p1a: Slowbro\n|-damage|p1a: Slowbro|54/307\n|move|p1a: Slowbro|Fire Blast|p2a: Registeel\n|-supereffective|p2a: Registeel\n|-damage|p2a: Registeel|31/100\n|\n|upkeep\n|turn|19\n|inactive|Time left: 300 sec this turn | 300 sec total\n|\n|t:|1783564526\n|switch|p1a: Toxtricity|Toxtricity, L82, F|101/257\n|move|p2a: Registeel|Rest|p2a: Registeel\n|-status|p2a: Registeel|slp|[from] move: Rest\n|-heal|p2a: Registeel|100/100 slp|[silent]\n|-enditem|p2a: Registeel|Chesto Berry|[eat]\n|-curestatus|p2a: Registeel|slp|[msg]\n|\n|upkeep\n|turn|20\n|inactive|Time left: 300 sec this turn | 300 sec total\n|\n|t:|1783564527\n|switch|p1a: Slowbro|Slowbro-Galar, L87, F|156/307\n|move|p2a: Registeel|Body Press|p1a: Slowbro\n|-resisted|p1a: Slowbro\n|-damage|p1a: Slowbro|123/307\n|\n|upkeep\n|turn|21\n|inactive|Time left: 300 sec this turn | 300 sec total\n|\n|t:|1783564529\n|move|p2a: Registeel|Iron Head|p1a: Slowbro\n|-damage|p1a: Slowbro|60/307\n|move|p1a: Slowbro|Fire Blast|p2a: Registeel\n|-supereffective|p2a: Registeel\n|-damage|p2a: Registeel|59/100\n|\n|upkeep\n|turn|22\n|inactive|Time left: 300 sec this turn | 300 sec total\n|\n|t:|1783564530\n|switch|p1a: Toxtricity|Toxtricity, L82, F|101/257\n|move|p2a: Registeel|Iron Head|p1a: Toxtricity\n|-resisted|p1a: Toxtricity\n|-damage|p1a: Toxtricity|60/257\n|\n|upkeep\n|turn|23\n|inactive|Time left: 300 sec this turn | 300 sec total\n|\n|t:|1783564531\n|switch|p1a: Slowbro|Slowbro-Galar, L87, F|162/307\n|move|p2a: Registeel|Body Press|p1a: Slowbro\n|-resisted|p1a: Slowbro\n|-damage|p1a: Slowbro|129/307\n|\n|upkeep\n|turn|24\n|inactive|Time left: 300 sec this turn | 300 sec total\n|\n|t:|1783564532\n|move|p2a: Registeel|Iron Head|p1a: Slowbro\n|-damage|p1a: Slowbro|66/307\n|move|p1a: Slowbro|Fire Blast|p2a: Registeel\n|-supereffective|p2a: Registeel\n|-damage|p2a: Registeel|15/100\n|\n|upkeep\n|turn|25\n|inactive|Time left: 300 sec this turn | 300 sec total\n|\n|t:|1783564533\n|move|p2a: Registeel|Rest|p2a: Registeel\n|-status|p2a: Registeel|slp|[from] move: Rest\n|-heal|p2a: Registeel|100/100 slp|[silent]\n|move|p1a: Slowbro|Fire Blast|p2a: Registeel\n|-supereffective|p2a: Registeel\n|-damage|p2a: Registeel|57/100 slp\n|\n|upkeep\n|turn|26\n|inactive|Time left: 300 sec this turn | 300 sec total\n|\n|t:|1783564534\n|cant|p2a: Registeel|slp\n|move|p1a: Slowbro|Fire Blast|p2a: Registeel\n|-supereffective|p2a: Registeel\n|-damage|p2a: Registeel|10/100 slp\n|\n|upkeep\n|turn|27\n|inactive|Time left: 300 sec this turn | 300 sec total\n|\n|t:|1783564535\n|cant|p2a: Registeel|slp\n|move|p1a: Slowbro|Surf|p2a: Registeel\n|-damage|p2a: Registeel|0 fnt\n|faint|p2a: Registeel\n|\n|upkeep\n|\n|t:|1783564536\n|switch|p2a: Froslass|Froslass, L87, F|100/100\n|turn|28\n|inactive|Time left: 300 sec this turn | 300 sec total\n|\n|t:|1783564537\n|switch|p1a: Persian|Persian-Alola, L86, F|143/252\n|move|p2a: Froslass|Poltergeist|p1a: Persian\n|-activate|p1a: Persian|move: Poltergeist|Life Orb\n|-resisted|p1a: Persian\n|-damage|p1a: Persian|110/252\n|\n|upkeep\n|turn|29\n|inactive|Time left: 300 sec this turn | 300 sec total\n|\n|t:|1783564538\n|-terastallize|p2a: Froslass|Ice\n|move|p1a: Persian|Dark Pulse|p2a: Froslass\n|-damage|p2a: Froslass|56/100\n|-start|p1a: Persian|Disable|Dark Pulse|[from] ability: Cursed Body|[of] p2a: Froslass\n|-damage|p1a: Persian|85/252|[from] item: Life Orb\n|move|p2a: Froslass|Triple Axel|p1a: Persian\n|-damage|p1a: Persian|67/252\n|-damage|p1a: Persian|35/252\n|-damage|p1a: Persian|0 fnt\n|faint|p1a: Persian\n|-hitcount|p1: Persian|3\n|\n|upkeep\n|inactive|Time left: 300 sec this turn | 300 sec total | 5 sec grace\n|\n|t:|1783564539\n|switch|p1a: Toxtricity|Toxtricity, L82, F|60/257\n|turn|30\n|inactive|Time left: 300 sec this turn | 300 sec total\n|\n|t:|1783564540\n|-terastallize|p1a: Toxtricity|Normal\n|move|p1a: Toxtricity|Boomburst|p2a: Froslass\n|-damage|p2a: Froslass|0 fnt\n|faint|p2a: Froslass\n|\n|upkeep\n|\n|t:|1783564541\n|switch|p2a: Wigglytuff|Wigglytuff, L96, M|13/100\n|turn|31\n|inactive|Time left: 300 sec this turn | 300 sec total\n|\n|t:|1783564542\n|move|p2a: Wigglytuff|Protect|p2a: Wigglytuff\n|-singleturn|p2a: Wigglytuff|Protect\n|move|p1a: Toxtricity|Boomburst|p2a: Wigglytuff\n|-activate|p2a: Wigglytuff|move: Protect\n|\n|-heal|p2a: Wigglytuff|19/100|[from] item: Leftovers\n|upkeep\n|turn|32\n|inactive|Time left: 300 sec this turn | 300 sec total\n|\n|t:|1783564543\n|move|p2a: Wigglytuff|Protect||[still]\n|-fail|p2a: Wigglytuff\n|move|p1a: Toxtricity|Boomburst|p2a: Wigglytuff\n|-damage|p2a: Wigglytuff|0 fnt\n|faint|p2a: Wigglytuff\n|\n|win|p0x2117726a", "uploadtime": 1783564543, "views": 0, "rating": 0, "private": 0, "password": null, "_winner": "p0x2117726a", "_our_name": "p0x2117726a"}