{"id": "battle-gen9randombattle-343", "formatid": "gen9randombattle", "format": "[Gen 9] Random Battle", "players": ["p0x3430315", "p0y3436d50"], "log": "|init|battle\n|title|p0x3430315 vs. p0y3436d50\n|j|\u2606p0x3430315\n|j|\u2606p0y3436d50\n|t:|1783543630\n|gametype|singles\n|player|p1|p0x3430315|102|\n|player|p2|p0y3436d50|169|\n|gen|9\n|tier|[Gen 9] Random Battle\n|rule|Species Clause: Limit one of each Pok\u00e9mon\n|rule|HP Percentage Mod: HP is shown in percentages\n|rule|Sleep Clause Mod: Limit one foe put to sleep\n|rule|Illusion Level Mod: Illusion disguises the Pok\u00e9mon's true level\n|\n|t:|1783543630\n|teamsize|p1|6\n|teamsize|p2|6\n|start\n|switch|p1a: Politoed|Politoed, L88, F|302/302\n|switch|p2a: Vileplume|Vileplume, L85, F|100/100\n|-weather|RainDance|[from] ability: Drizzle|[of] p1a: Politoed\n|turn|1\n|inactive|Battle timer is ON: inactive players will automatically lose when time's up. (requested by p0y3436d50)\n|inactive|Time left: 300 sec this turn | 300 sec total | 60 sec grace\n|inactive|p0x3430315 also wants the timer to be on.\n|\n|t:|1783543632\n|move|p1a: Politoed|Ice Beam|p2a: Vileplume\n|-supereffective|p2a: Vileplume\n|-damage|p2a: Vileplume|33/100\n|move|p2a: Vileplume|Giga Drain|p1a: Politoed\n|-supereffective|p1a: Politoed\n|-damage|p1a: Politoed|134/302\n|-heal|p2a: Vileplume|64/100|[from] drain|[of] p1a: Politoed\n|\n|-weather|RainDance|[upkeep]\n|-heal|p2a: Vileplume|70/100|[from] item: Leftovers\n|upkeep\n|turn|2\n|inactive|Time left: 300 sec this turn | 300 sec total\n|\n|t:|1783543633\n|-terastallize|p2a: Vileplume|Water\n|move|p1a: Politoed|Ice Beam|p2a: Vileplume\n|-resisted|p2a: Vileplume\n|-damage|p2a: Vileplume|53/100\n|move|p2a: Vileplume|Giga Drain|p1a: Politoed\n|-supereffective|p1a: Politoed\n|-damage|p1a: Politoed|0 fnt\n|-heal|p2a: Vileplume|78/100|[from] drain|[of] p1a: Politoed\n|faint|p1a: Politoed\n|\n|-weather|RainDance|[upkeep]\n|-heal|p2a: Vileplume|84/100|[from] item: Leftovers\n|upkeep\n|inactive|Time left: 300 sec this turn | 300 sec total | 5 sec grace\n|\n|t:|1783543634\n|switch|p1a: Wyrdeer|Wyrdeer, L87, F|321/321\n|-ability|p1a: Wyrdeer|Intimidate|boost\n|-unboost|p2a: Vileplume|atk|1\n|turn|3\n|inactive|Time left: 300 sec this turn | 300 sec total\n|\n|t:|1783543635\n|move|p1a: Wyrdeer|Psychic Noise|p2a: Vileplume\n|-damage|p2a: Vileplume|53/100\n|-start|p2a: Vileplume|move: Heal Block\n|cant|p2a: Vileplume|move: Heal Block|Strength Sap\n|\n|-weather|RainDance|[upkeep]\n|upkeep\n|turn|4\n|inactive|Time left: 300 sec this turn | 300 sec total\n|\n|t:|1783543636\n|move|p1a: Wyrdeer|Body Slam|p2a: Vileplume\n|-damage|p2a: Vileplume|11/100\n|-status|p2a: Vileplume|par\n|move|p2a: Vileplume|Leech Seed|p1a: Wyrdeer|[miss]\n|-miss|p2a: Vileplume|p1a: Wyrdeer\n|\n|-weather|RainDance|[upkeep]\n|-end|p2a: Vileplume|move: Heal Block\n|upkeep\n|turn|5\n|inactive|Time left: 300 sec this turn | 300 sec total\n|\n|t:|1783543637\n|switch|p2a: Scrafty|Scrafty, L83, M|100/100\n|move|p1a: Wyrdeer|Body Slam|p2a: Scrafty\n|-damage|p2a: Scrafty|68/100\n|\n|-weather|none\n|-heal|p2a: Scrafty|74/100|[from] item: Leftovers\n|upkeep\n|turn|6\n|inactive|Time left: 300 sec this turn | 300 sec total\n|\n|t:|1783543638\n|move|p1a: Wyrdeer|Megahorn|p2a: Scrafty\n|-damage|p2a: Scrafty|44/100\n|move|p2a: Scrafty|Knock Off|p1a: Wyrdeer\n|-supereffective|p1a: Wyrdeer\n|-damage|p1a: Wyrdeer|93/321\n|-enditem|p1a: Wyrdeer|Assault Vest|[from] move: Knock Off|[of] p2a: Scrafty\n|\n|-heal|p2a: Scrafty|50/100|[from] item: Leftovers\n|upkeep\n|turn|7\n|inactive|Time left: 300 sec this turn | 300 sec total\n|\n|t:|1783543639\n|move|p1a: Wyrdeer|Body Slam|p2a: Scrafty\n|-damage|p2a: Scrafty|17/100\n|move|p2a: Scrafty|Rest|p2a: Scrafty\n|-status|p2a: Scrafty|slp|[from] move: Rest\n|-heal|p2a: Scrafty|100/100 slp|[silent]\n|\n|upkeep\n|turn|8\n|inactive|Time left: 300 sec this turn | 300 sec total\n|\n|t:|1783543641\n|move|p1a: Wyrdeer|Earthquake|p2a: Scrafty\n|-damage|p2a: Scrafty|73/100 slp\n|cant|p2a: Scrafty|slp\n|\n|-heal|p2a: Scrafty|79/100 slp|[from] item: Leftovers\n|upkeep\n|turn|9\n|inactive|Time left: 300 sec this turn | 300 sec total\n|\n|t:|1783543642\n|move|p1a: Wyrdeer|Megahorn|p2a: Scrafty\n|-damage|p2a: Scrafty|46/100 slp\n|cant|p2a: Scrafty|slp\n|\n|-heal|p2a: Scrafty|52/100 slp|[from] item: Leftovers\n|upkeep\n|turn|10\n|inactive|Time left: 300 sec this turn | 300 sec total\n|\n|t:|1783543643\n|move|p1a: Wyrdeer|Earthquake|p2a: Scrafty\n|-damage|p2a: Scrafty|26/100 slp\n|-curestatus|p2a: Scrafty|slp|[msg]\n|move|p2a: Scrafty|Rest|p2a: Scrafty\n|-status|p2a: Scrafty|slp|[from] move: Rest\n|-heal|p2a: Scrafty|100/100 slp|[silent]\n|\n|upkeep\n|turn|11\n|inactive|Time left: 300 sec this turn | 300 sec total\n|\n|t:|1783543644\n|move|p1a: Wyrdeer|Earthquake|p2a: Scrafty\n|-damage|p2a: Scrafty|72/100 slp\n|cant|p2a: Scrafty|slp\n|\n|-activate|p2a: Scrafty|ability: Shed Skin\n|-curestatus|p2a: Scrafty|slp|[msg]\n|-heal|p2a: Scrafty|78/100|[from] item: Leftovers\n|upkeep\n|turn|12\n|inactive|Time left: 300 sec this turn | 300 sec total\n|\n|t:|1783543645\n|move|p1a: Wyrdeer|Body Slam|p2a: Scrafty\n|-damage|p2a: Scrafty|45/100\n|-status|p2a: Scrafty|par\n|move|p2a: Scrafty|Knock Off|p1a: Wyrdeer\n|-supereffective|p1a: Wyrdeer\n|-damage|p1a: Wyrdeer|0 fnt\n|faint|p1a: Wyrdeer\n|\n|-heal|p2a: Scrafty|51/100 par|[from] item: Leftovers\n|upkeep\n|inactive|Time left: 300 sec this turn | 300 sec total | 5 sec grace\n|\n|t:|1783543647\n|switch|p1a: Exeggutor|Exeggutor-Alola, L89, F|314/314\n|turn|13\n|inactive|Time left: 300 sec this turn | 300 sec total\n|\n|t:|1783543648\n|move|p1a: Exeggutor|Wood Hammer|p2a: Scrafty\n|-damage|p2a: Scrafty|2/100 par\n|-damage|p1a: Exeggutor|274/314|[from] Recoil\n|move|p2a: Scrafty|Rest|p2a: Scrafty\n|-status|p2a: Scrafty|slp|[from] move: Rest\n|-heal|p2a: Scrafty|100/100 slp|[silent]\n|\n|upkeep\n|turn|14\n|inactive|Time left: 300 sec this turn | 300 sec total\n|\n|t:|1783543649\n|cant|p2a: Scrafty|slp\n|move|p1a: Exeggutor|Wood Hammer|p2a: Scrafty\n|-damage|p2a: Scrafty|49/100 slp\n|-damage|p1a: Exeggutor|232/314|[from] Recoil\n|\n|-heal|p2a: Scrafty|55/100 slp|[from] item: Leftovers\n|upkeep\n|turn|15\n|inactive|Time left: 300 sec this turn | 300 sec total\n|\n|t:|1783543650\n|cant|p2a: Scrafty|slp\n|move|p1a: Exeggutor|Draco Meteor|p2a: Scrafty\n|-damage|p2a: Scrafty|0 fnt\n|-unboost|p1a: Exeggutor|spa|2\n|faint|p2a: Scrafty\n|\n|upkeep\n|\n|t:|1783543651\n|switch|p2a: Raging Bolt|Raging Bolt, L78|100/100\n|-enditem|p2a: Raging Bolt|Booster Energy\n|-activate|p2a: Raging Bolt|ability: Protosynthesis|[fromitem]\n|-start|p2a: Raging Bolt|protosynthesisspa\n|turn|16\n|inactive|Time left: 300 sec this turn | 300 sec total\n|\n|t:|1783543652\n|switch|p1a: Klefki|Klefki, L84, M|233/233\n|move|p2a: Raging Bolt|Dragon Pulse|p1a: Klefki\n|-immune|p1a: Klefki\n|\n|upkeep\n|turn|17\n|inactive|Time left: 300 sec this turn | 300 sec total\n|\n|t:|1783543653\n|move|p1a: Klefki|Play Rough|p2a: Raging Bolt\n|-supereffective|p2a: Raging Bolt\n|-damage|p2a: Raging Bolt|46/100\n|move|p2a: Raging Bolt|Thunderbolt|p1a: Klefki\n|-damage|p1a: Klefki|79/233\n|\n|-heal|p1a: Klefki|93/233|[from] item: Leftovers\n|upkeep\n|turn|18\n|inactive|Time left: 300 sec this turn | 300 sec total\n|\n|t:|1783543653\n|move|p1a: Klefki|Spikes|p2a: Raging Bolt\n|-sidestart|p2: p0y3436d50|Spikes\n|move|p2a: Raging Bolt|Thunderbolt|p1a: Klefki\n|-damage|p1a: Klefki|0 fnt\n|faint|p1a: Klefki\n|\n|upkeep\n|inactive|Time left: 300 sec this turn | 300 sec total | 5 sec grace\n|\n|t:|1783543654\n|switch|p1a: Gouging Fire|Gouging Fire, L74|277/277\n|turn|19\n|inactive|Time left: 300 sec this turn | 300 sec total\n|\n|t:|1783543655\n|move|p1a: Gouging Fire|Outrage|p2a: Raging Bolt\n|-supereffective|p2a: Raging Bolt\n|-damage|p2a: Raging Bolt|0 fnt\n|faint|p2a: Raging Bolt\n|-end|p2a: Raging Bolt|Protosynthesis|[silent]\n|\n|upkeep\n|\n|t:|1783543655\n|switch|p2a: Grimmsnarl|Grimmsnarl, L83, M|100/100\n|-damage|p2a: Grimmsnarl|88/100|[from] Spikes\n|turn|20\n|inactive|Time left: 300 sec this turn | 300 sec total\n|\n|t:|1783543656\n|move|p1a: Gouging Fire|Outrage|p2a: Grimmsnarl|[from] lockedmove\n|-immune|p2a: Grimmsnarl\n|move|p2a: Grimmsnarl|Spirit Break|p1a: Gouging Fire\n|-damage|p1a: Gouging Fire|189/277\n|-unboost|p1a: Gouging Fire|spa|1\n|\n|-heal|p2a: Grimmsnarl|94/100|[from] item: Leftovers\n|upkeep\n|turn|21\n|inactive|Time left: 300 sec this turn | 300 sec total\n|\n|t:|1783543657\n|move|p1a: Gouging Fire|Heat Crash|p2a: Grimmsnarl\n|-damage|p2a: Grimmsnarl|47/100\n|move|p2a: Grimmsnarl|Spirit Break|p1a: Gouging Fire\n|-damage|p1a: Gouging Fire|111/277\n|-unboost|p1a: Gouging Fire|spa|1\n|\n|-heal|p2a: Grimmsnarl|53/100|[from] item: Leftovers\n|upkeep\n|turn|22\n|inactive|Time left: 300 sec this turn | 300 sec total\n|\n|t:|1783543658\n|move|p2a: Grimmsnarl|Parting Shot|p1a: Gouging Fire\n|-unboost|p1a: Gouging Fire|atk|1\n|-unboost|p1a: Gouging Fire|spa|1\n|\n|t:|1783543658\n|switch|p2a: Gastrodon|Gastrodon, L86, M|100/100|[from] Parting Shot\n|-damage|p2a: Gastrodon|88/100|[from] Spikes\n|move|p1a: Gouging Fire|Dragon Dance|p1a: Gouging Fire\n|-boost|p1a: Gouging Fire|atk|1\n|-boost|p1a: Gouging Fire|spe|1\n|\n|-heal|p2a: Gastrodon|94/100|[from] item: Leftovers\n|upkeep\n|turn|23\n|inactive|Time left: 300 sec this turn | 300 sec total\n|\n|t:|1783543659\n|move|p1a: Gouging Fire|Morning Sun|p1a: Gouging Fire\n|-heal|p1a: Gouging Fire|249/277\n|move|p2a: Gastrodon|Surf|p1a: Gouging Fire\n|-damage|p1a: Gouging Fire|138/277\n|\n|-heal|p2a: Gastrodon|99/100|[from] item: Leftovers\n|upkeep\n|turn|24\n|inactive|Time left: 300 sec this turn | 300 sec total\n|\n|t:|1783543660\n|switch|p2a: Grimmsnarl|Grimmsnarl, L83, M|53/100\n|-damage|p2a: Grimmsnarl|41/100|[from] Spikes\n|move|p1a: Gouging Fire|Morning Sun|p1a: Gouging Fire\n|-heal|p1a: Gouging Fire|276/277\n|\n|-heal|p2a: Grimmsnarl|47/100|[from] item: Leftovers\n|upkeep\n|turn|25\n|inactive|Time left: 300 sec this turn | 300 sec total\n|\n|t:|1783543661\n|move|p2a: Grimmsnarl|Thunder Wave|p1a: Gouging Fire\n|-status|p1a: Gouging Fire|par\n|move|p1a: Gouging Fire|Dragon Dance|p1a: Gouging Fire\n|-boost|p1a: Gouging Fire|atk|1\n|-boost|p1a: Gouging Fire|spe|1\n|\n|-heal|p2a: Grimmsnarl|53/100|[from] item: Leftovers\n|upkeep\n|turn|26\n|inactive|Time left: 300 sec this turn | 300 sec total\n|\n|t:|1783543662\n|cant|p1a: Gouging Fire|par\n|move|p2a: Grimmsnarl|Spirit Break|p1a: Gouging Fire\n|-damage|p1a: Gouging Fire|189/277 par\n|-unboost|p1a: Gouging Fire|spa|1\n|\n|-heal|p2a: Grimmsnarl|59/100|[from] item: Leftovers\n|upkeep\n|turn|27\n|inactive|Time left: 300 sec this turn | 300 sec total\n|\n|t:|1783543663\n|move|p1a: Gouging Fire|Heat Crash|p2a: Grimmsnarl\n|-damage|p2a: Grimmsnarl|0 fnt\n|faint|p2a: Grimmsnarl\n|\n|upkeep\n|\n|t:|1783543665\n|switch|p2a: Gastrodon|Gastrodon, L86, M|99/100\n|-damage|p2a: Gastrodon|88/100|[from] Spikes\n|turn|28\n|inactive|Time left: 300 sec this turn | 300 sec total\n|\n|t:|1783543666\n|move|p1a: Gouging Fire|Outrage|p2a: Gastrodon\n|-crit|p2a: Gastrodon\n|-damage|p2a: Gastrodon|0 fnt\n|faint|p2a: Gastrodon\n|\n|upkeep\n|\n|t:|1783543667\n|switch|p2a: Tornadus|Tornadus-Therian, L79, M|100/100\n|turn|29\n|inactive|Time left: 300 sec this turn | 300 sec total\n|\n|t:|1783543668\n|move|p2a: Tornadus|Bleakwind Storm|p1a: Gouging Fire\n|-damage|p1a: Gouging Fire|83/277 par\n|move|p1a: Gouging Fire|Outrage|p2a: Tornadus|[from] lockedmove\n|-damage|p2a: Tornadus|28/100\n|\n|upkeep\n|turn|30\n|inactive|Time left: 300 sec this turn | 300 sec total\n|\n|t:|1783543669\n|move|p2a: Tornadus|Bleakwind Storm|p1a: Gouging Fire\n|-damage|p1a: Gouging Fire|0 fnt\n|faint|p1a: Gouging Fire\n|-end|p1a: Gouging Fire|Protosynthesis|[silent]\n|\n|upkeep\n|inactive|Time left: 300 sec this turn | 300 sec total | 5 sec grace\n|\n|t:|1783543670\n|switch|p1a: Exeggutor|Exeggutor-Alola, L89, F|232/314\n|turn|31\n|inactive|Time left: 300 sec this turn | 300 sec total\n|\n|t:|1783543671\n|switch|p2a: Vileplume|Vileplume, L85, F, tera:Water|11/100 par\n|-damage|p2a: Vileplume|0 fnt|[from] Spikes\n|faint|p2a: Vileplume\n|-terastallize|p1a: Exeggutor|Fire\n|move|p1a: Exeggutor|Flamethrower|p2: Vileplume|[notarget]\n|-fail|p1a: Exeggutor\n|\n|upkeep\n|\n|t:|1783543672\n|switch|p2a: Tornadus|Tornadus-Therian, L79, M|61/100\n|turn|32\n|inactive|Time left: 300 sec this turn | 300 sec total\n|\n|t:|1783543673\n|move|p2a: Tornadus|Bleakwind Storm|p1a: Exeggutor\n|-crit|p1a: Exeggutor\n|-damage|p1a: Exeggutor|79/314\n|-enditem|p1a: Exeggutor|Sitrus Berry|[eat]\n|-heal|p1a: Exeggutor|157/314|[from] item: Sitrus Berry\n|move|p1a: Exeggutor|Flamethrower|p2a: Tornadus\n|-damage|p2a: Tornadus|28/100\n|\n|upkeep\n|turn|33\n|inactive|Time left: 300 sec this turn | 300 sec total\n|\n|t:|1783543674\n|move|p2a: Tornadus|Bleakwind Storm|p1a: Exeggutor\n|-damage|p1a: Exeggutor|42/314\n|move|p1a: Exeggutor|Flamethrower|p2a: Tornadus\n|-crit|p2a: Tornadus\n|-damage|p2a: Tornadus|0 fnt\n|faint|p2a: Tornadus\n|\n|win|p0x3430315", "uploadtime": 1783543674, "views": 0, "rating": 0, "private": 0, "password": null, "_winner": "p0x3430315", "_our_name": "p0x3430315"}