{"id": "battle-gen9randombattle-2907", "formatid": "gen9randombattle", "format": "[Gen 9] Random Battle", "players": ["p0x2907f681", "p0y290744c1"], "log": "|init|battle\n|title|p0x2907f681 vs. p0y290744c1\n|j|\u2606p0x2907f681\n|j|\u2606p0y290744c1\n|t:|1783572510\n|gametype|singles\n|player|p1|p0x2907f681|1|\n|player|p2|p0y290744c1|1|\n|gen|9\n|tier|[Gen 9] Random Battle\n|rule|Species Clause: Limit one of each Pok\u00e9mon\n|rule|HP Percentage Mod: HP is shown in percentages\n|rule|Sleep Clause Mod: Limit one foe put to sleep\n|rule|Illusion Level Mod: Illusion disguises the Pok\u00e9mon's true level\n|\n|t:|1783572510\n|teamsize|p1|6\n|teamsize|p2|6\n|start\n|switch|p1a: Torkoal|Torkoal, L88, M|266/266\n|switch|p2a: Cacturne|Cacturne, L92, M|100/100\n|-weather|SunnyDay|[from] ability: Drought|[of] p1a: Torkoal\n|turn|1\n|inactive|Battle timer is ON: inactive players will automatically lose when time's up. (requested by p0y290744c1)\n|inactive|Time left: 300 sec this turn | 300 sec total | 60 sec grace\n|inactive|p0x2907f681 also wants the timer to be on.\n|\n|t:|1783572512\n|move|p2a: Cacturne|Knock Off|p1a: Torkoal\n|-damage|p1a: Torkoal|141/266\n|-enditem|p1a: Torkoal|Heavy-Duty Boots|[from] move: Knock Off|[of] p2a: Cacturne\n|-damage|p2a: Cacturne|91/100|[from] item: Life Orb\n|move|p1a: Torkoal|Lava Plume|p2a: Cacturne\n|-supereffective|p2a: Cacturne\n|-damage|p2a: Cacturne|0 fnt\n|faint|p2a: Cacturne\n|\n|-weather|SunnyDay|[upkeep]\n|upkeep\n|\n|t:|1783572513\n|switch|p2a: Lycanroc|Lycanroc-Dusk, L81, M|100/100\n|turn|2\n|inactive|Time left: 300 sec this turn | 300 sec total\n|\n|t:|1783572514\n|-terastallize|p1a: Torkoal|Grass\n|move|p2a: Lycanroc|Stone Edge|p1a: Torkoal\n|-damage|p1a: Torkoal|26/266\n|move|p1a: Torkoal|Solar Beam||[still]\n|-prepare|p1a: Torkoal|Solar Beam\n|-anim|p1a: Torkoal|Solar Beam|p2a: Lycanroc\n|-supereffective|p2a: Lycanroc\n|-damage|p2a: Lycanroc|0 fnt\n|faint|p2a: Lycanroc\n|\n|-weather|SunnyDay|[upkeep]\n|upkeep\n|\n|t:|1783572515\n|switch|p2a: Gallade|Gallade, L80, M|100/100\n|turn|3\n|inactive|Time left: 300 sec this turn | 300 sec total\n|\n|t:|1783572516\n|switch|p1a: Mimikyu|Mimikyu, L79, F|216/216\n|move|p2a: Gallade|Sacred Sword|p1a: Mimikyu\n|-immune|p1a: Mimikyu\n|\n|-weather|SunnyDay|[upkeep]\n|upkeep\n|turn|4\n|inactive|Time left: 300 sec this turn | 300 sec total\n|\n|t:|1783572517\n|switch|p2a: Forretress|Forretress, L84, M|100/100\n|move|p1a: Mimikyu|Play Rough|p2a: Forretress\n|-resisted|p2a: Forretress\n|-damage|p2a: Forretress|88/100\n|-damage|p1a: Mimikyu|195/216|[from] item: Life Orb\n|\n|-weather|SunnyDay|[upkeep]\n|-heal|p2a: Forretress|94/100|[from] item: Leftovers\n|upkeep\n|turn|5\n|inactive|Time left: 300 sec this turn | 300 sec total\n|\n|t:|1783572518\n|move|p1a: Mimikyu|Swords Dance|p1a: Mimikyu\n|-boost|p1a: Mimikyu|atk|2\n|move|p2a: Forretress|Stealth Rock|p1a: Mimikyu\n|-sidestart|p1: p0x2907f681|move: Stealth Rock\n|\n|-weather|none\n|-heal|p2a: Forretress|100/100|[from] item: Leftovers\n|upkeep\n|turn|6\n|inactive|Time left: 300 sec this turn | 300 sec total\n|\n|t:|1783572519\n|move|p1a: Mimikyu|Swords Dance|p1a: Mimikyu\n|-boost|p1a: Mimikyu|atk|2\n|move|p2a: Forretress|Iron Head|p1a: Mimikyu\n|-activate|p1a: Mimikyu|ability: Disguise\n|-damage|p1a: Mimikyu|195/216\n|detailschange|p1a: Mimikyu|Mimikyu-Busted, L79, F\n|-damage|p1a: Mimikyu|168/216|[from] pokemon: Mimikyu-Busted\n|\n|upkeep\n|turn|7\n|inactive|Time left: 300 sec this turn | 300 sec total\n|\n|t:|1783572520\n|move|p1a: Mimikyu|Drain Punch|p2a: Forretress\n|-damage|p2a: Forretress|55/100\n|-heal|p1a: Mimikyu|216/216|[from] drain|[of] p2a: Forretress\n|-damage|p1a: Mimikyu|195/216|[from] item: Life Orb\n|move|p2a: Forretress|Iron Head|p1a: Mimikyu\n|-supereffective|p1a: Mimikyu\n|-damage|p1a: Mimikyu|19/216\n|\n|-heal|p2a: Forretress|61/100|[from] item: Leftovers\n|upkeep\n|turn|8\n|inactive|Time left: 300 sec this turn | 300 sec total\n|\n|t:|1783572521\n|move|p1a: Mimikyu|Drain Punch|p2a: Forretress\n|-damage|p2a: Forretress|15/100\n|-heal|p1a: Mimikyu|80/216|[from] drain|[of] p2a: Forretress\n|-damage|p1a: Mimikyu|59/216|[from] item: Life Orb\n|move|p2a: Forretress|Iron Head|p1a: Mimikyu\n|-supereffective|p1a: Mimikyu\n|-damage|p1a: Mimikyu|0 fnt\n|faint|p1a: Mimikyu\n|\n|-heal|p2a: Forretress|21/100|[from] item: Leftovers\n|upkeep\n|inactive|Time left: 300 sec this turn | 300 sec total | 5 sec grace\n|\n|t:|1783572522\n|switch|p1a: Crawdaunt|Crawdaunt, L84, M|243/243\n|-damage|p1a: Crawdaunt|213/243|[from] Stealth Rock\n|turn|9\n|inactive|Time left: 300 sec this turn | 300 sec total\n|\n|t:|1783572524\n|move|p1a: Crawdaunt|Knock Off|p2a: Forretress\n|-damage|p2a: Forretress|0 fnt\n|-enditem|p2a: Forretress|Leftovers|[from] move: Knock Off|[of] p1a: Crawdaunt\n|faint|p2a: Forretress\n|-damage|p1a: Crawdaunt|189/243|[from] item: Life Orb\n|\n|upkeep\n|\n|t:|1783572525\n|switch|p2a: Gallade|Gallade, L80, M|100/100\n|turn|10\n|inactive|Time left: 300 sec this turn | 300 sec total\n|\n|t:|1783572526\n|switch|p1a: Dipplin|Dipplin, L88, F|284/284\n|-damage|p1a: Dipplin|249/284|[from] Stealth Rock\n|move|p2a: Gallade|Sacred Sword|p1a: Dipplin\n|-damage|p1a: Dipplin|168/284\n|\n|upkeep\n|turn|11\n|inactive|Time left: 300 sec this turn | 300 sec total\n|\n|t:|1783572527\n|move|p2a: Gallade|Sacred Sword|p1a: Dipplin\n|-damage|p1a: Dipplin|87/284\n|move|p1a: Dipplin|Recover|p1a: Dipplin\n|-heal|p1a: Dipplin|229/284\n|\n|upkeep\n|turn|12\n|inactive|Time left: 300 sec this turn | 300 sec total\n|\n|t:|1783572528\n|switch|p2a: Venusaur|Venusaur, L84, F|100/100\n|move|p1a: Dipplin|Recover|p1a: Dipplin\n|-heal|p1a: Dipplin|284/284\n|\n|upkeep\n|turn|13\n|inactive|Time left: 300 sec this turn | 300 sec total\n|\n|t:|1783572529\n|move|p2a: Venusaur|Sludge Bomb|p1a: Dipplin\n|-supereffective|p1a: Dipplin\n|-crit|p1a: Dipplin\n|-damage|p1a: Dipplin|90/284\n|move|p1a: Dipplin|Dragon Pulse|p2a: Venusaur\n|-damage|p2a: Venusaur|67/100\n|\n|-heal|p2a: Venusaur|73/100|[from] item: Leftovers\n|upkeep\n|turn|14\n|inactive|Time left: 300 sec this turn | 300 sec total\n|\n|t:|1783572530\n|switch|p1a: Regirock|Regirock, L83|268/268\n|-damage|p1a: Regirock|235/268|[from] Stealth Rock\n|move|p2a: Venusaur|Sludge Bomb|p1a: Regirock\n|-resisted|p1a: Regirock\n|-damage|p1a: Regirock|190/268\n|\n|-heal|p2a: Venusaur|80/100|[from] item: Leftovers\n|upkeep\n|turn|15\n|inactive|Time left: 300 sec this turn | 300 sec total\n|\n|t:|1783572531\n|move|p2a: Venusaur|Earth Power|p1a: Regirock\n|-supereffective|p1a: Regirock\n|-damage|p1a: Regirock|80/268\n|move|p1a: Regirock|Rest|p1a: Regirock\n|-status|p1a: Regirock|slp|[from] move: Rest\n|-heal|p1a: Regirock|268/268 slp|[silent]\n|-enditem|p1a: Regirock|Chesto Berry|[eat]\n|-curestatus|p1a: Regirock|slp|[msg]\n|\n|-heal|p2a: Venusaur|86/100|[from] item: Leftovers\n|upkeep\n|turn|16\n|inactive|Time left: 300 sec this turn | 300 sec total\n|\n|t:|1783572532\n|move|p2a: Venusaur|Earth Power|p1a: Regirock\n|-supereffective|p1a: Regirock\n|-damage|p1a: Regirock|138/268\n|move|p1a: Regirock|Iron Defense|p1a: Regirock\n|-boost|p1a: Regirock|def|2\n|\n|-heal|p2a: Venusaur|92/100|[from] item: Leftovers\n|upkeep\n|turn|17\n|inactive|Time left: 300 sec this turn | 300 sec total\n|\n|t:|1783572533\n|move|p2a: Venusaur|Earth Power|p1a: Regirock\n|-supereffective|p1a: Regirock\n|-damage|p1a: Regirock|28/268\n|move|p1a: Regirock|Rest|p1a: Regirock\n|-status|p1a: Regirock|slp|[from] move: Rest\n|-heal|p1a: Regirock|268/268 slp|[silent]\n|\n|-heal|p2a: Venusaur|98/100|[from] item: Leftovers\n|upkeep\n|turn|18\n|inactive|Time left: 300 sec this turn | 300 sec total\n|\n|t:|1783572534\n|move|p2a: Venusaur|Earth Power|p1a: Regirock\n|-supereffective|p1a: Regirock\n|-damage|p1a: Regirock|144/268 slp\n|cant|p1a: Regirock|slp\n|\n|-heal|p2a: Venusaur|100/100|[from] item: Leftovers\n|upkeep\n|turn|19\n|inactive|Time left: 300 sec this turn | 300 sec total\n|\n|t:|1783572535\n|move|p2a: Venusaur|Earth Power|p1a: Regirock\n|-supereffective|p1a: Regirock\n|-damage|p1a: Regirock|16/268 slp\n|cant|p1a: Regirock|slp\n|\n|upkeep\n|turn|20\n|inactive|Time left: 300 sec this turn | 300 sec total\n|\n|t:|1783572536\n|move|p2a: Venusaur|Sludge Bomb|p1a: Regirock\n|-resisted|p1a: Regirock\n|-damage|p1a: Regirock|0 fnt\n|faint|p1a: Regirock\n|\n|upkeep\n|inactive|Time left: 300 sec this turn | 300 sec total | 5 sec grace\n|\n|t:|1783572537\n|switch|p1a: Crawdaunt|Crawdaunt, L84, M|189/243\n|-damage|p1a: Crawdaunt|159/243|[from] Stealth Rock\n|turn|21\n|inactive|Time left: 300 sec this turn | 300 sec total\n|\n|t:|1783572538\n|move|p2a: Venusaur|Sludge Bomb|p1a: Crawdaunt\n|-damage|p1a: Crawdaunt|30/243\n|move|p1a: Crawdaunt|Knock Off|p2a: Venusaur\n|-damage|p2a: Venusaur|19/100\n|-enditem|p2a: Venusaur|Leftovers|[from] move: Knock Off|[of] p1a: Crawdaunt\n|-damage|p1a: Crawdaunt|6/243|[from] item: Life Orb\n|\n|upkeep\n|turn|22\n|inactive|Time left: 300 sec this turn | 300 sec total\n|\n|t:|1783572539\n|move|p1a: Crawdaunt|Aqua Jet|p2a: Venusaur\n|-resisted|p2a: Venusaur\n|-crit|p2a: Venusaur\n|-damage|p2a: Venusaur|0 fnt\n|faint|p2a: Venusaur\n|-damage|p1a: Crawdaunt|0 fnt|[from] item: Life Orb\n|faint|p1a: Crawdaunt\n|\n|upkeep\n|inactive|Time left: 300 sec this turn | 300 sec total | 5 sec grace\n|\n|t:|1783572540\n|switch|p2a: Gallade|Gallade, L80, M|100/100\n|switch|p1a: Torkoal|Torkoal, L88, M, tera:Grass|26/266\n|-damage|p1a: Torkoal|0 fnt|[from] Stealth Rock\n|faint|p1a: Torkoal\n|inactive|Time left: 300 sec this turn | 300 sec total | 10 sec grace\n|\n|t:|1783572541\n|switch|p1a: Dipplin|Dipplin, L88, F|90/284\n|-damage|p1a: Dipplin|55/284|[from] Stealth Rock\n|turn|23\n|inactive|Time left: 300 sec this turn | 300 sec total\n|\n|t:|1783572542\n|move|p1a: Dipplin|Sucker Punch|p2a: Gallade\n|-damage|p2a: Gallade|73/100\n|move|p2a: Gallade|Sacred Sword|p1a: Dipplin\n|-damage|p1a: Dipplin|0 fnt\n|faint|p1a: Dipplin\n|\n|upkeep\n|inactive|Time left: 300 sec this turn | 300 sec total | 5 sec grace\n|\n|t:|1783572543\n|switch|p1a: Raging Bolt|Raging Bolt, L78|323/323\n|-damage|p1a: Raging Bolt|283/323|[from] Stealth Rock\n|turn|24\n|inactive|Time left: 300 sec this turn | 300 sec total\n|\n|t:|1783572544\n|-terastallize|p2a: Gallade|Fighting\n|move|p2a: Gallade|Sacred Sword|p1a: Raging Bolt\n|-damage|p1a: Raging Bolt|55/323\n|move|p1a: Raging Bolt|Discharge|p2a: Gallade\n|-damage|p2a: Gallade|36/100\n|\n|upkeep\n|turn|25\n|inactive|Time left: 300 sec this turn | 300 sec total\n|\n|t:|1783572545\n|move|p2a: Gallade|Sacred Sword|p1a: Raging Bolt\n|-damage|p1a: Raging Bolt|0 fnt\n|faint|p1a: Raging Bolt\n|-end|p1a: Raging Bolt|Protosynthesis|[silent]\n|\n|win|p0y290744c1", "uploadtime": 1783572545, "views": 0, "rating": 0, "private": 0, "password": null, "_winner": "p0y290744c1", "_our_name": "p0x2907f681"}