{"id": "battle-gen9randombattle-1890", "formatid": "gen9randombattle", "format": "[Gen 9] Random Battle", "players": ["p0x18919036", "p0y189175a3"], "log": "|init|battle\n|title|p0x18919036 vs. p0y189175a3\n|j|\u2606p0x18919036\n|j|\u2606p0y189175a3\n|t:|1783561111\n|gametype|singles\n|player|p1|p0x18919036|2|\n|player|p2|p0y189175a3|169|\n|gen|9\n|tier|[Gen 9] Random Battle\n|rule|Species Clause: Limit one of each Pok\u00e9mon\n|rule|HP Percentage Mod: HP is shown in percentages\n|rule|Sleep Clause Mod: Limit one foe put to sleep\n|rule|Illusion Level Mod: Illusion disguises the Pok\u00e9mon's true level\n|\n|t:|1783561111\n|teamsize|p1|6\n|teamsize|p2|6\n|start\n|switch|p1a: Mabosstiff|Mabosstiff, L86, M|278/278\n|switch|p2a: Toxicroak|Toxicroak, L84, M|100/100\n|turn|1\n|inactive|Battle timer is ON: inactive players will automatically lose when time's up. (requested by p0x18919036)\n|inactive|p0y189175a3 also wants the timer to be on.\n|\n|t:|1783561113\n|move|p1a: Mabosstiff|Psychic Fangs|p2a: Toxicroak\n|-supereffective|p2a: Toxicroak\n|-damage|p2a: Toxicroak|0 fnt\n|faint|p2a: Toxicroak\n|\n|upkeep\n|\n|t:|1783561114\n|switch|p2a: Scovillain|Scovillain, L91, M|100/100\n|turn|2\n|inactive|Time left: 300 sec this turn | 300 sec total\n|\n|t:|1783561115\n|move|p1a: Mabosstiff|Psychic Fangs|p2a: Scovillain\n|-damage|p2a: Scovillain|55/100\n|move|p2a: Scovillain|Flamethrower|p1a: Mabosstiff\n|-damage|p1a: Mabosstiff|68/278\n|\n|upkeep\n|turn|3\n|inactive|Time left: 300 sec this turn | 300 sec total\n|\n|t:|1783561116\n|move|p1a: Mabosstiff|Psychic Fangs|p2a: Scovillain\n|-damage|p2a: Scovillain|7/100\n|move|p2a: Scovillain|Flamethrower|p1a: Mabosstiff\n|-damage|p1a: Mabosstiff|0 fnt\n|faint|p1a: Mabosstiff\n|\n|upkeep\n|inactive|Time left: 300 sec this turn | 300 sec total | 5 sec grace\n|\n|t:|1783561117\n|switch|p1a: Samurott|Samurott-Hisui, L77, F|265/265\n|turn|4\n|inactive|Time left: 300 sec this turn | 300 sec total\n|\n|t:|1783561118\n|move|p2a: Scovillain|Flamethrower|p1a: Samurott\n|-resisted|p1a: Samurott\n|-damage|p1a: Samurott|133/265\n|move|p1a: Samurott|Ceaseless Edge|p2a: Scovillain\n|-damage|p2a: Scovillain|0 fnt\n|-sidestart|p2: p0y189175a3|Spikes\n|faint|p2a: Scovillain\n|\n|upkeep\n|\n|t:|1783561119\n|switch|p2a: Skuntank|Skuntank, L84, M|100/100\n|-damage|p2a: Skuntank|88/100|[from] Spikes\n|turn|5\n|inactive|Time left: 300 sec this turn | 300 sec total\n|\n|t:|1783561120\n|move|p2a: Skuntank|Gunk Shot|p1a: Samurott\n|-damage|p1a: Samurott|0 fnt\n|faint|p1a: Samurott\n|-damage|p2a: Skuntank|78/100|[from] item: Life Orb\n|\n|upkeep\n|inactive|Time left: 300 sec this turn | 300 sec total | 5 sec grace\n|\n|t:|1783561121\n|switch|p1a: Snorlax|Snorlax, L82, F|397/397\n|turn|6\n|inactive|Time left: 300 sec this turn | 300 sec total\n|\n|t:|1783561122\n|move|p2a: Skuntank|Gunk Shot|p1a: Snorlax\n|-damage|p1a: Snorlax|181/397\n|-status|p1a: Snorlax|psn\n|-damage|p2a: Skuntank|68/100|[from] item: Life Orb\n|move|p1a: Snorlax|Body Slam|p2a: Skuntank\n|-damage|p2a: Skuntank|31/100\n|\n|-heal|p1a: Snorlax|205/397 psn|[from] item: Leftovers\n|-damage|p1a: Snorlax|156/397 psn|[from] psn\n|upkeep\n|turn|7\n|inactive|Time left: 300 sec this turn | 300 sec total\n|\n|t:|1783561123\n|move|p2a: Skuntank|Knock Off|p1a: Snorlax\n|-damage|p1a: Snorlax|0 fnt\n|-enditem|p1a: Snorlax|Leftovers|[from] move: Knock Off|[of] p2a: Skuntank\n|faint|p1a: Snorlax\n|-damage|p2a: Skuntank|21/100|[from] item: Life Orb\n|\n|upkeep\n|inactive|Time left: 300 sec this turn | 300 sec total | 5 sec grace\n|\n|t:|1783561124\n|switch|p1a: Tropius|Tropius, L91, F|328/328\n|turn|8\n|inactive|Time left: 300 sec this turn | 300 sec total\n|\n|t:|1783561125\n|move|p2a: Skuntank|Gunk Shot|p1a: Tropius\n|-supereffective|p1a: Tropius\n|-damage|p1a: Tropius|37/328\n|-enditem|p1a: Tropius|Sitrus Berry|[eat]\n|-heal|p1a: Tropius|119/328|[from] item: Sitrus Berry\n|-damage|p2a: Skuntank|11/100|[from] item: Life Orb\n|move|p1a: Tropius|Dragon Dance|p1a: Tropius\n|-boost|p1a: Tropius|atk|1\n|-boost|p1a: Tropius|spe|1\n|\n|upkeep\n|turn|9\n|inactive|Time left: 300 sec this turn | 300 sec total\n|\n|t:|1783561126\n|move|p1a: Tropius|Earthquake|p2a: Skuntank\n|-supereffective|p2a: Skuntank\n|-damage|p2a: Skuntank|0 fnt\n|faint|p2a: Skuntank\n|\n|upkeep\n|\n|t:|1783561127\n|switch|p2a: Swanna|Swanna, L89, F|100/100\n|turn|10\n|inactive|Time left: 300 sec this turn | 300 sec total\n|\n|t:|1783561128\n|switch|p1a: Cresselia|Cresselia, L80, F|323/323\n|move|p2a: Swanna|Brave Bird|p1a: Cresselia\n|-damage|p1a: Cresselia|199/323\n|-damage|p2a: Swanna|86/100|[from] Recoil\n|\n|-heal|p1a: Cresselia|219/323|[from] item: Leftovers\n|upkeep\n|turn|11\n|inactive|Time left: 300 sec this turn | 300 sec total\n|\n|t:|1783561129\n|switch|p2a: Garganacl|Garganacl, L80, M|100/100\n|-damage|p2a: Garganacl|88/100|[from] Spikes\n|move|p1a: Cresselia|Calm Mind|p1a: Cresselia\n|-boost|p1a: Cresselia|spa|1\n|-boost|p1a: Cresselia|spd|1\n|\n|-heal|p1a: Cresselia|239/323|[from] item: Leftovers\n|-heal|p2a: Garganacl|94/100|[from] item: Leftovers\n|upkeep\n|turn|12\n|inactive|Time left: 300 sec this turn | 300 sec total\n|\n|t:|1783561130\n|move|p1a: Cresselia|Calm Mind|p1a: Cresselia\n|-boost|p1a: Cresselia|spa|1\n|-boost|p1a: Cresselia|spd|1\n|move|p2a: Garganacl|Iron Defense|p2a: Garganacl\n|-boost|p2a: Garganacl|def|2\n|\n|-heal|p1a: Cresselia|259/323|[from] item: Leftovers\n|-heal|p2a: Garganacl|100/100|[from] item: Leftovers\n|upkeep\n|turn|13\n|inactive|Time left: 300 sec this turn | 300 sec total\n|\n|t:|1783561131\n|move|p1a: Cresselia|Calm Mind|p1a: Cresselia\n|-boost|p1a: Cresselia|spa|1\n|-boost|p1a: Cresselia|spd|1\n|move|p2a: Garganacl|Salt Cure|p1a: Cresselia\n|-damage|p1a: Cresselia|223/323\n|-start|p1a: Cresselia|Salt Cure\n|\n|-heal|p1a: Cresselia|243/323|[from] item: Leftovers\n|-damage|p1a: Cresselia|203/323|[from] Salt Cure\n|upkeep\n|turn|14\n|inactive|Time left: 300 sec this turn | 300 sec total\n|\n|t:|1783561132\n|move|p1a: Cresselia|Moonlight|p1a: Cresselia\n|-heal|p1a: Cresselia|323/323\n|move|p2a: Garganacl|Body Press|p1a: Cresselia\n|-resisted|p1a: Cresselia\n|-damage|p1a: Cresselia|269/323\n|\n|-heal|p1a: Cresselia|289/323|[from] item: Leftovers\n|-damage|p1a: Cresselia|249/323|[from] Salt Cure\n|upkeep\n|turn|15\n|inactive|Time left: 300 sec this turn | 300 sec total\n|\n|t:|1783561133\n|move|p1a: Cresselia|Thunderbolt|p2a: Garganacl\n|-damage|p2a: Garganacl|60/100\n|move|p2a: Garganacl|Iron Defense|p2a: Garganacl\n|-boost|p2a: Garganacl|def|2\n|\n|-heal|p1a: Cresselia|269/323|[from] item: Leftovers\n|-heal|p2a: Garganacl|66/100|[from] item: Leftovers\n|-damage|p1a: Cresselia|229/323|[from] Salt Cure\n|upkeep\n|turn|16\n|inactive|Time left: 300 sec this turn | 300 sec total\n|\n|t:|1783561134\n|-terastallize|p1a: Cresselia|Electric\n|move|p1a: Cresselia|Thunderbolt|p2a: Garganacl\n|-damage|p2a: Garganacl|6/100\n|move|p2a: Garganacl|Recover|p2a: Garganacl\n|-heal|p2a: Garganacl|56/100\n|\n|-heal|p1a: Cresselia|249/323|[from] item: Leftovers\n|-heal|p2a: Garganacl|62/100|[from] item: Leftovers\n|-damage|p1a: Cresselia|209/323|[from] Salt Cure\n|upkeep\n|turn|17\n|inactive|Time left: 300 sec this turn | 300 sec total\n|\n|t:|1783561135\n|move|p1a: Cresselia|Thunderbolt|p2a: Garganacl\n|-damage|p2a: Garganacl|0 fnt\n|faint|p2a: Garganacl\n|\n|-heal|p1a: Cresselia|229/323|[from] item: Leftovers\n|-damage|p1a: Cresselia|189/323|[from] Salt Cure\n|upkeep\n|\n|t:|1783561136\n|switch|p2a: Tropius|Tropius, L91, F|100/100\n|turn|18\n|inactive|Time left: 300 sec this turn | 300 sec total\n|\n|t:|1783561136\n|move|p1a: Cresselia|Moonlight|p1a: Cresselia\n|-heal|p1a: Cresselia|323/323\n|move|p2a: Tropius|Leech Seed|p1a: Cresselia\n|-start|p1a: Cresselia|move: Leech Seed\n|\n|-damage|p1a: Cresselia|283/323|[from] Leech Seed|[of] p2a: Tropius\n|-damage|p1a: Cresselia|243/323|[from] Salt Cure\n|upkeep\n|turn|19\n|inactive|Time left: 300 sec this turn | 300 sec total\n|\n|t:|1783561137\n|move|p1a: Cresselia|Thunderbolt|p2a: Tropius\n|-damage|p2a: Tropius|48/100\n|-enditem|p2a: Tropius|Sitrus Berry|[eat]\n|-heal|p2a: Tropius|73/100|[from] item: Sitrus Berry\n|move|p2a: Tropius|Substitute|p2a: Tropius\n|-start|p2a: Tropius|Substitute\n|-damage|p2a: Tropius|48/100\n|\n|-heal|p1a: Cresselia|263/323|[from] item: Leftovers\n|-damage|p1a: Cresselia|223/323|[from] Leech Seed|[of] p2a: Tropius\n|-heal|p2a: Tropius|61/100|[silent]\n|-damage|p1a: Cresselia|183/323|[from] Salt Cure\n|upkeep\n|turn|20\n|inactive|Time left: 300 sec this turn | 300 sec total\n|\n|t:|1783561138\n|move|p1a: Cresselia|Moonlight|p1a: Cresselia\n|-heal|p1a: Cresselia|323/323\n|move|p2a: Tropius|Substitute|p2a: Tropius\n|-fail|p2a: Tropius|move: Substitute\n|\n|-damage|p1a: Cresselia|283/323|[from] Leech Seed|[of] p2a: Tropius\n|-heal|p2a: Tropius|73/100|[silent]\n|-damage|p1a: Cresselia|243/323|[from] Salt Cure\n|-item|p2a: Tropius|Sitrus Berry|[from] ability: Harvest\n|upkeep\n|turn|21\n|inactive|Time left: 300 sec this turn | 300 sec total\n|\n|t:|1783561139\n|move|p2a: Tropius|Protect|p2a: Tropius\n|-singleturn|p2a: Tropius|Protect\n|move|p1a: Cresselia|Thunderbolt|p2a: Tropius\n|-activate|p2a: Tropius|move: Protect\n|\n|-heal|p1a: Cresselia|263/323|[from] item: Leftovers\n|-damage|p1a: Cresselia|223/323|[from] Leech Seed|[of] p2a: Tropius\n|-heal|p2a: Tropius|85/100|[silent]\n|-damage|p1a: Cresselia|183/323|[from] Salt Cure\n|upkeep\n|turn|22\n|inactive|Time left: 300 sec this turn | 300 sec total\n|\n|t:|1783561140\n|move|p1a: Cresselia|Moonlight|p1a: Cresselia\n|-heal|p1a: Cresselia|323/323\n|move|p2a: Tropius|Substitute|p2a: Tropius\n|-fail|p2a: Tropius|move: Substitute\n|\n|-damage|p1a: Cresselia|283/323|[from] Leech Seed|[of] p2a: Tropius\n|-heal|p2a: Tropius|97/100|[silent]\n|-damage|p1a: Cresselia|243/323|[from] Salt Cure\n|upkeep\n|turn|23\n|inactive|Time left: 300 sec this turn | 300 sec total\n|\n|t:|1783561141\n|move|p1a: Cresselia|Thunderbolt|p2a: Tropius\n|-end|p2a: Tropius|Substitute\n|move|p2a: Tropius|Substitute|p2a: Tropius\n|-start|p2a: Tropius|Substitute\n|-damage|p2a: Tropius|72/100\n|\n|-heal|p1a: Cresselia|263/323|[from] item: Leftovers\n|-damage|p1a: Cresselia|223/323|[from] Leech Seed|[of] p2a: Tropius\n|-heal|p2a: Tropius|84/100|[silent]\n|-damage|p1a: Cresselia|183/323|[from] Salt Cure\n|upkeep\n|turn|24\n|inactive|Time left: 300 sec this turn | 300 sec total\n|\n|t:|1783561142\n|move|p1a: Cresselia|Moonlight|p1a: Cresselia\n|-heal|p1a: Cresselia|323/323\n|move|p2a: Tropius|Substitute|p2a: Tropius\n|-fail|p2a: Tropius|move: Substitute\n|\n|-damage|p1a: Cresselia|283/323|[from] Leech Seed|[of] p2a: Tropius\n|-heal|p2a: Tropius|97/100|[silent]\n|-damage|p1a: Cresselia|243/323|[from] Salt Cure\n|upkeep\n|turn|25\n|inactive|Time left: 300 sec this turn | 300 sec total\n|\n|t:|1783561143\n|move|p1a: Cresselia|Thunderbolt|p2a: Tropius\n|-end|p2a: Tropius|Substitute\n|move|p2a: Tropius|Substitute|p2a: Tropius\n|-start|p2a: Tropius|Substitute\n|-damage|p2a: Tropius|72/100\n|\n|-heal|p1a: Cresselia|263/323|[from] item: Leftovers\n|-damage|p1a: Cresselia|223/323|[from] Leech Seed|[of] p2a: Tropius\n|-heal|p2a: Tropius|84/100|[silent]\n|-damage|p1a: Cresselia|183/323|[from] Salt Cure\n|upkeep\n|turn|26\n|inactive|Time left: 300 sec this turn | 300 sec total\n|\n|t:|1783561144\n|move|p1a: Cresselia|Moonlight|p1a: Cresselia\n|-heal|p1a: Cresselia|323/323\n|move|p2a: Tropius|Air Slash|p1a: Cresselia\n|-resisted|p1a: Cresselia\n|-damage|p1a: Cresselia|311/323\n|\n|-heal|p1a: Cresselia|323/323|[from] item: Leftovers\n|-damage|p1a: Cresselia|283/323|[from] Leech Seed|[of] p2a: Tropius\n|-heal|p2a: Tropius|96/100|[silent]\n|-damage|p1a: Cresselia|243/323|[from] Salt Cure\n|upkeep\n|turn|27\n|inactive|Time left: 300 sec this turn | 300 sec total\n|\n|t:|1783561145\n|move|p2a: Tropius|Protect|p2a: Tropius\n|-singleturn|p2a: Tropius|Protect\n|move|p1a: Cresselia|Thunderbolt|p2a: Tropius\n|-activate|p2a: Tropius|move: Protect\n|\n|-heal|p1a: Cresselia|263/323|[from] item: Leftovers\n|-damage|p1a: Cresselia|223/323|[from] Leech Seed|[of] p2a: Tropius\n|-heal|p2a: Tropius|100/100|[silent]\n|-damage|p1a: Cresselia|183/323|[from] Salt Cure\n|upkeep\n|turn|28\n|inactive|Time left: 300 sec this turn | 300 sec total\n|\n|t:|1783561146\n|move|p1a: Cresselia|Moonlight|p1a: Cresselia\n|-heal|p1a: Cresselia|323/323\n|move|p2a: Tropius|Air Slash|p1a: Cresselia\n|-resisted|p1a: Cresselia\n|-damage|p1a: Cresselia|310/323\n|\n|-heal|p1a: Cresselia|323/323|[from] item: Leftovers\n|-damage|p1a: Cresselia|283/323|[from] Leech Seed|[of] p2a: Tropius\n|-damage|p1a: Cresselia|243/323|[from] Salt Cure\n|upkeep\n|turn|29\n|inactive|Time left: 300 sec this turn | 300 sec total\n|\n|t:|1783561147\n|move|p2a: Tropius|Protect|p2a: Tropius\n|-singleturn|p2a: Tropius|Protect\n|move|p1a: Cresselia|Calm Mind|p1a: Cresselia\n|-boost|p1a: Cresselia|spa|1\n|-boost|p1a: Cresselia|spd|1\n|\n|-heal|p1a: Cresselia|263/323|[from] item: Leftovers\n|-damage|p1a: Cresselia|223/323|[from] Leech Seed|[of] p2a: Tropius\n|-damage|p1a: Cresselia|183/323|[from] Salt Cure\n|upkeep\n|turn|30\n|inactive|Time left: 300 sec this turn | 300 sec total\n|\n|t:|1783561148\n|move|p1a: Cresselia|Moonlight|p1a: Cresselia\n|-heal|p1a: Cresselia|323/323\n|move|p2a: Tropius|Air Slash|p1a: Cresselia\n|-resisted|p1a: Cresselia\n|-damage|p1a: Cresselia|311/323\n|\n|-heal|p1a: Cresselia|323/323|[from] item: Leftovers\n|-damage|p1a: Cresselia|283/323|[from] Leech Seed|[of] p2a: Tropius\n|-damage|p1a: Cresselia|243/323|[from] Salt Cure\n|upkeep\n|turn|31\n|inactive|Time left: 300 sec this turn | 300 sec total\n|\n|t:|1783561148\n|move|p1a: Cresselia|Psyshock|p2a: Tropius\n|-end|p2a: Tropius|Substitute\n|move|p2a: Tropius|Substitute|p2a: Tropius\n|-start|p2a: Tropius|Substitute\n|-damage|p2a: Tropius|75/100\n|\n|-heal|p1a: Cresselia|263/323|[from] item: Leftovers\n|-damage|p1a: Cresselia|223/323|[from] Leech Seed|[of] p2a: Tropius\n|-heal|p2a: Tropius|88/100|[silent]\n|-damage|p1a: Cresselia|183/323|[from] Salt Cure\n|upkeep\n|turn|32\n|inactive|Time left: 300 sec this turn | 300 sec total\n|\n|t:|1783561149\n|move|p1a: Cresselia|Psyshock|p2a: Tropius\n|-end|p2a: Tropius|Substitute\n|move|p2a: Tropius|Air Slash|p1a: Cresselia\n|-resisted|p1a: Cresselia\n|-damage|p1a: Cresselia|173/323\n|\n|-heal|p1a: Cresselia|193/323|[from] item: Leftovers\n|-damage|p1a: Cresselia|153/323|[from] Leech Seed|[of] p2a: Tropius\n|-heal|p2a: Tropius|99/100|[silent]\n|-damage|p1a: Cresselia|113/323|[from] Salt Cure\n|upkeep\n|turn|33\n|inactive|Time left: 300 sec this turn | 300 sec total\n|\n|t:|1783561150\n|switch|p1a: Tropius|Tropius, L91, F|119/328\n|move|p2a: Tropius|Substitute|p2a: Tropius\n|-start|p2a: Tropius|Substitute\n|-damage|p2a: Tropius|75/100\n|\n|upkeep\n|turn|34\n|inactive|Time left: 300 sec this turn | 300 sec total\n|\n|t:|1783561151\n|move|p2a: Tropius|Air Slash|p1a: Tropius\n|-supereffective|p1a: Tropius\n|-damage|p1a: Tropius|0 fnt\n|faint|p1a: Tropius\n|\n|upkeep\n|inactive|Time left: 300 sec this turn | 300 sec total | 5 sec grace\n|\n|t:|1783561152\n|switch|p1a: Cresselia|Cresselia, L80, F, tera:Electric|113/323\n|turn|35\n|inactive|Time left: 300 sec this turn | 300 sec total\n|\n|t:|1783561153\n|move|p1a: Cresselia|Calm Mind|p1a: Cresselia\n|-boost|p1a: Cresselia|spa|1\n|-boost|p1a: Cresselia|spd|1\n|move|p2a: Tropius|Leech Seed|p1a: Cresselia\n|-start|p1a: Cresselia|move: Leech Seed\n|\n|-heal|p1a: Cresselia|133/323|[from] item: Leftovers\n|-damage|p1a: Cresselia|93/323|[from] Leech Seed|[of] p2a: Tropius\n|-heal|p2a: Tropius|87/100|[silent]\n|upkeep\n|turn|36\n|inactive|Time left: 300 sec this turn | 300 sec total\n|\n|t:|1783561154\n|move|p1a: Cresselia|Calm Mind|p1a: Cresselia\n|-boost|p1a: Cresselia|spa|1\n|-boost|p1a: Cresselia|spd|1\n|move|p2a: Tropius|Air Slash|p1a: Cresselia\n|-resisted|p1a: Cresselia\n|-damage|p1a: Cresselia|78/323\n|\n|-heal|p1a: Cresselia|98/323|[from] item: Leftovers\n|-damage|p1a: Cresselia|58/323|[from] Leech Seed|[of] p2a: Tropius\n|-heal|p2a: Tropius|99/100|[silent]\n|upkeep\n|turn|37\n|inactive|Time left: 300 sec this turn | 300 sec total\n|\n|t:|1783561155\n|move|p2a: Tropius|Protect|p2a: Tropius\n|-singleturn|p2a: Tropius|Protect\n|move|p1a: Cresselia|Thunderbolt|p2a: Tropius\n|-activate|p2a: Tropius|move: Protect\n|\n|-heal|p1a: Cresselia|78/323|[from] item: Leftovers\n|-damage|p1a: Cresselia|38/323|[from] Leech Seed|[of] p2a: Tropius\n|-heal|p2a: Tropius|100/100|[silent]\n|upkeep\n|turn|38\n|inactive|Time left: 300 sec this turn | 300 sec total\n|\n|t:|1783561156\n|move|p1a: Cresselia|Thunderbolt|p2a: Tropius\n|-end|p2a: Tropius|Substitute\n|move|p2a: Tropius|Substitute|p2a: Tropius\n|-start|p2a: Tropius|Substitute\n|-damage|p2a: Tropius|75/100\n|\n|-heal|p1a: Cresselia|58/323|[from] item: Leftovers\n|-damage|p1a: Cresselia|18/323|[from] Leech Seed|[of] p2a: Tropius\n|-heal|p2a: Tropius|88/100|[silent]\n|upkeep\n|turn|39\n|inactive|Time left: 300 sec this turn | 300 sec total\n|\n|t:|1783561157\n|move|p1a: Cresselia|Thunderbolt|p2a: Tropius\n|-end|p2a: Tropius|Substitute\n|move|p2a: Tropius|Leech Seed|p1a: Cresselia|[miss]\n|-miss|p2a: Tropius|p1a: Cresselia\n|\n|-heal|p1a: Cresselia|38/323|[from] item: Leftovers\n|-damage|p1a: Cresselia|0 fnt|[from] Leech Seed|[of] p2a: Tropius\n|-heal|p2a: Tropius|99/100|[silent]\n|faint|p1a: Cresselia\n|upkeep\n|inactive|Time left: 300 sec this turn | 300 sec total | 5 sec grace\n|\n|t:|1783561158\n|switch|p1a: Gallade|Gallade, L80, M|240/240\n|turn|40\n|inactive|Time left: 300 sec this turn | 300 sec total\n|\n|t:|1783561159\n|move|p1a: Gallade|Psycho Cut|p2a: Tropius\n|-damage|p2a: Tropius|55/100\n|-damage|p1a: Gallade|216/240|[from] item: Life Orb\n|move|p2a: Tropius|Air Slash|p1a: Gallade\n|-supereffective|p1a: Gallade\n|-damage|p1a: Gallade|94/240\n|\n|upkeep\n|turn|41\n|inactive|Time left: 300 sec this turn | 300 sec total\n|\n|t:|1783561159\n|move|p1a: Gallade|Agility|p1a: Gallade\n|-boost|p1a: Gallade|spe|2\n|move|p2a: Tropius|Air Slash|p1a: Gallade\n|-supereffective|p1a: Gallade\n|-damage|p1a: Gallade|0 fnt\n|faint|p1a: Gallade\n|\n|win|p0y189175a3", "uploadtime": 1783561159, "views": 0, "rating": 0, "private": 0, "password": null, "_winner": "p0y189175a3", "_our_name": "p0x18919036"}