{"id": "battle-gen9randombattle-2539", "formatid": "gen9randombattle", "format": "[Gen 9] Random Battle", "players": ["p0x2539e632", "p0y25393cc8"], "log": "|init|battle\n|title|p0x2539e632 vs. p0y25393cc8\n|j|\u2606p0x2539e632\n|j|\u2606p0y25393cc8\n|t:|1783569377\n|gametype|singles\n|player|p1|p0x2539e632|2|\n|player|p2|p0y25393cc8|169|\n|gen|9\n|tier|[Gen 9] Random Battle\n|rule|Species Clause: Limit one of each Pok\u00e9mon\n|rule|HP Percentage Mod: HP is shown in percentages\n|rule|Sleep Clause Mod: Limit one foe put to sleep\n|rule|Illusion Level Mod: Illusion disguises the Pok\u00e9mon's true level\n|\n|t:|1783569377\n|teamsize|p1|6\n|teamsize|p2|6\n|start\n|switch|p1a: Haxorus|Haxorus, L77, M|244/244\n|switch|p2a: Lokix|Lokix, L82, F|100/100\n|-ability|p1a: Haxorus|Mold Breaker\n|turn|1\n|inactive|Battle timer is ON: inactive players will automatically lose when time's up. (requested by p0x2539e632)\n|inactive|p0y25393cc8 also wants the timer to be on.\n|\n|t:|1783569379\n|move|p2a: Lokix|Knock Off|p1a: Haxorus\n|-damage|p1a: Haxorus|106/244\n|-enditem|p1a: Haxorus|Loaded Dice|[from] move: Knock Off|[of] p2a: Lokix\n|-damage|p2a: Lokix|91/100|[from] item: Life Orb\n|move|p1a: Haxorus|Scale Shot|p2a: Lokix|[miss]\n|-miss|p1a: Haxorus|p2a: Lokix\n|\n|upkeep\n|turn|2\n|inactive|Time left: 300 sec this turn | 300 sec total\n|\n|t:|1783569380\n|switch|p1a: Overqwil|Overqwil, L82, F|274/274\n|-ability|p1a: Overqwil|Intimidate|boost\n|-unboost|p2a: Lokix|atk|1\n|move|p2a: Lokix|Leech Life|p1a: Overqwil\n|-damage|p1a: Overqwil|208/274\n|-heal|p2a: Lokix|100/100|[from] drain|[of] p1a: Overqwil\n|-damage|p2a: Lokix|91/100|[from] item: Life Orb\n|\n|upkeep\n|turn|3\n|inactive|Time left: 300 sec this turn | 300 sec total\n|\n|t:|1783569381\n|switch|p2a: Regirock|Regirock, L83|100/100\n|move|p1a: Overqwil|Gunk Shot|p2a: Regirock\n|-resisted|p2a: Regirock\n|-damage|p2a: Regirock|82/100\n|-damage|p1a: Overqwil|181/274|[from] item: Life Orb\n|\n|-heal|p2a: Regirock|88/100|[from] item: Leftovers\n|upkeep\n|turn|4\n|inactive|Time left: 300 sec this turn | 300 sec total\n|\n|t:|1783569382\n|move|p1a: Overqwil|Swords Dance|p1a: Overqwil\n|-boost|p1a: Overqwil|atk|2\n|move|p2a: Regirock|Stealth Rock|p1a: Overqwil\n|-sidestart|p1: p0x2539e632|move: Stealth Rock\n|\n|-heal|p2a: Regirock|94/100|[from] item: Leftovers\n|upkeep\n|turn|5\n|inactive|Time left: 300 sec this turn | 300 sec total\n|\n|t:|1783569383\n|-terastallize|p2a: Regirock|Fighting\n|move|p1a: Overqwil|Gunk Shot|p2a: Regirock\n|-damage|p2a: Regirock|20/100\n|-damage|p1a: Overqwil|154/274|[from] item: Life Orb\n|move|p2a: Regirock|Body Press|p1a: Overqwil\n|-damage|p1a: Overqwil|1/274\n|\n|-heal|p2a: Regirock|25/100|[from] item: Leftovers\n|upkeep\n|turn|6\n|inactive|Time left: 300 sec this turn | 300 sec total\n|\n|t:|1783569384\n|move|p1a: Overqwil|Liquidation|p2a: Regirock\n|-damage|p2a: Regirock|0 fnt\n|faint|p2a: Regirock\n|-damage|p1a: Overqwil|0 fnt|[from] item: Life Orb\n|faint|p1a: Overqwil\n|\n|upkeep\n|inactive|Time left: 300 sec this turn | 300 sec total | 5 sec grace\n|\n|t:|1783569385\n|switch|p1a: Komala|Komala, L87, M|255/255\n|switch|p2a: Golurk|Golurk, L87|100/100\n|-damage|p1a: Komala|224/255|[from] Stealth Rock\n|-ability|p1a: Komala|Comatose\n|turn|7\n|inactive|Time left: 300 sec this turn | 300 sec total\n|\n|t:|1783569386\n|move|p1a: Komala|Knock Off|p2a: Golurk\n|-supereffective|p2a: Golurk\n|-damage|p2a: Golurk|37/100\n|-enditem|p2a: Golurk|Choice Band|[from] move: Knock Off|[of] p1a: Komala\n|move|p2a: Golurk|Earthquake|p1a: Komala\n|-damage|p1a: Komala|67/255\n|\n|upkeep\n|turn|8\n|inactive|Time left: 300 sec this turn | 300 sec total\n|\n|t:|1783569387\n|move|p1a: Komala|Knock Off|p2a: Golurk\n|-supereffective|p2a: Golurk\n|-damage|p2a: Golurk|0 fnt\n|faint|p2a: Golurk\n|\n|upkeep\n|\n|t:|1783569388\n|switch|p2a: Lokix|Lokix, L82, F|91/100\n|turn|9\n|inactive|Time left: 300 sec this turn | 300 sec total\n|\n|t:|1783569389\n|move|p2a: Lokix|Leech Life|p1a: Komala\n|-damage|p1a: Komala|0 fnt\n|-heal|p2a: Lokix|100/100|[from] drain|[of] p1a: Komala\n|faint|p1a: Komala\n|-damage|p2a: Lokix|91/100|[from] item: Life Orb\n|\n|upkeep\n|inactive|Time left: 300 sec this turn | 300 sec total | 5 sec grace\n|\n|t:|1783569389\n|switch|p1a: Medicham|Medicham, L86, M|243/243\n|-damage|p1a: Medicham|228/243|[from] Stealth Rock\n|turn|10\n|inactive|Time left: 300 sec this turn | 300 sec total\n|\n|t:|1783569390\n|-terastallize|p1a: Medicham|Fighting\n|move|p1a: Medicham|Close Combat|p2a: Lokix\n|-damage|p2a: Lokix|0 fnt\n|-unboost|p1a: Medicham|def|1\n|-unboost|p1a: Medicham|spd|1\n|faint|p2a: Lokix\n|\n|upkeep\n|\n|t:|1783569391\n|switch|p2a: Raging Bolt|Raging Bolt, L78|100/100\n|-enditem|p2a: Raging Bolt|Booster Energy\n|-activate|p2a: Raging Bolt|ability: Protosynthesis|[fromitem]\n|-start|p2a: Raging Bolt|protosynthesisspa\n|turn|11\n|inactive|Time left: 300 sec this turn | 300 sec total\n|\n|t:|1783569392\n|move|p1a: Medicham|Close Combat|p2a: Raging Bolt\n|-damage|p2a: Raging Bolt|14/100\n|-unboost|p1a: Medicham|def|1\n|-unboost|p1a: Medicham|spd|1\n|move|p2a: Raging Bolt|Thunderbolt|p1a: Medicham\n|-damage|p1a: Medicham|0 fnt\n|faint|p1a: Medicham\n|\n|upkeep\n|inactive|Time left: 300 sec this turn | 300 sec total | 5 sec grace\n|\n|t:|1783569393\n|switch|p1a: Sinistcha|Sinistcha-Masterpiece, L83|254/254\n|-damage|p1a: Sinistcha|223/254|[from] Stealth Rock\n|turn|12\n|inactive|Time left: 300 sec this turn | 300 sec total\n|\n|t:|1783569394\n|-end|p2a: Raging Bolt|Protosynthesis|[silent]\n|switch|p2a: Stantler|Stantler, L92, F|100/100\n|-ability|p2a: Stantler|Intimidate|boost\n|-unboost|p1a: Sinistcha|atk|1\n|move|p1a: Sinistcha|Calm Mind|p1a: Sinistcha\n|-boost|p1a: Sinistcha|spa|1\n|-boost|p1a: Sinistcha|spd|1\n|\n|-heal|p1a: Sinistcha|238/254|[from] item: Leftovers\n|upkeep\n|turn|13\n|inactive|Time left: 300 sec this turn | 300 sec total\n|\n|t:|1783569394\n|move|p2a: Stantler|Calm Mind|p2a: Stantler\n|-boost|p2a: Stantler|spa|1\n|-boost|p2a: Stantler|spd|1\n|move|p1a: Sinistcha|Calm Mind|p1a: Sinistcha\n|-boost|p1a: Sinistcha|spa|1\n|-boost|p1a: Sinistcha|spd|1\n|\n|-heal|p1a: Sinistcha|253/254|[from] item: Leftovers\n|upkeep\n|turn|14\n|inactive|Time left: 300 sec this turn | 300 sec total\n|\n|t:|1783569395\n|move|p2a: Stantler|Calm Mind|p2a: Stantler\n|-boost|p2a: Stantler|spa|1\n|-boost|p2a: Stantler|spd|1\n|move|p1a: Sinistcha|Matcha Gotcha|p2a: Stantler\n|-damage|p2a: Stantler|71/100\n|-heal|p1a: Sinistcha|254/254|[from] drain|[of] p2a: Stantler\n|\n|upkeep\n|turn|15\n|inactive|Time left: 300 sec this turn | 300 sec total\n|\n|t:|1783569396\n|move|p2a: Stantler|Calm Mind|p2a: Stantler\n|-boost|p2a: Stantler|spa|1\n|-boost|p2a: Stantler|spd|1\n|move|p1a: Sinistcha|Matcha Gotcha|p2a: Stantler\n|-damage|p2a: Stantler|48/100\n|\n|upkeep\n|turn|16\n|inactive|Time left: 300 sec this turn | 300 sec total\n|\n|t:|1783569397\n|move|p2a: Stantler|Shadow Ball|p1a: Sinistcha\n|-supereffective|p1a: Sinistcha\n|-damage|p1a: Sinistcha|88/254\n|move|p1a: Sinistcha|Matcha Gotcha|p2a: Stantler\n|-damage|p2a: Stantler|25/100\n|-heal|p1a: Sinistcha|120/254|[from] drain|[of] p2a: Stantler\n|\n|-heal|p1a: Sinistcha|135/254|[from] item: Leftovers\n|upkeep\n|turn|17\n|inactive|Time left: 300 sec this turn | 300 sec total\n|\n|t:|1783569398\n|switch|p1a: Haxorus|Haxorus, L77, M|106/244\n|-damage|p1a: Haxorus|76/244|[from] Stealth Rock\n|-ability|p1a: Haxorus|Mold Breaker\n|move|p2a: Stantler|Shadow Ball|p1a: Haxorus\n|-damage|p1a: Haxorus|0 fnt\n|faint|p1a: Haxorus\n|\n|upkeep\n|inactive|Time left: 300 sec this turn | 300 sec total | 5 sec grace\n|\n|t:|1783569398\n|switch|p1a: Dragapult|Dragapult, L77, F|262/262\n|-damage|p1a: Dragapult|230/262|[from] Stealth Rock\n|turn|18\n|inactive|Time left: 300 sec this turn | 300 sec total\n|\n|t:|1783569399\n|move|p1a: Dragapult|Dragon Darts|p2a: Stantler\n|-damage|p2a: Stantler|5/100\n|-anim|p1a: Dragapult|Dragon Darts|p2a: Stantler\n|-damage|p2a: Stantler|0 fnt\n|faint|p2a: Stantler\n|-damage|p1a: Dragapult|204/262|[from] item: Life Orb\n|\n|upkeep\n|\n|t:|1783569400\n|switch|p2a: Krookodile|Krookodile, L79, M|100/100\n|-ability|p2a: Krookodile|Intimidate|boost\n|-fail|p1a: Dragapult|unboost|[from] ability: Clear Body|[of] p1a: Dragapult\n|turn|19\n|inactive|Time left: 300 sec this turn | 300 sec total\n|\n|t:|1783569401\n|move|p2a: Krookodile|Knock Off|p1a: Dragapult\n|-supereffective|p1a: Dragapult\n|-damage|p1a: Dragapult|0 fnt\n|-enditem|p1a: Dragapult|Life Orb|[from] move: Knock Off|[of] p2a: Krookodile\n|faint|p1a: Dragapult\n|\n|upkeep\n|inactive|Time left: 300 sec this turn | 300 sec total | 5 sec grace\n|\n|t:|1783569402\n|switch|p1a: Sinistcha|Sinistcha-Masterpiece, L83|135/254\n|-damage|p1a: Sinistcha|104/254|[from] Stealth Rock\n|turn|20\n|inactive|Time left: 300 sec this turn | 300 sec total\n|\n|t:|1783569402\n|move|p2a: Krookodile|Knock Off|p1a: Sinistcha\n|-supereffective|p1a: Sinistcha\n|-damage|p1a: Sinistcha|0 fnt\n|-enditem|p1a: Sinistcha|Leftovers|[from] move: Knock Off|[of] p2a: Krookodile\n|faint|p1a: Sinistcha\n|\n|win|p0y25393cc8", "uploadtime": 1783569402, "views": 0, "rating": 0, "private": 0, "password": null, "_winner": "p0y25393cc8", "_our_name": "p0x2539e632"}