{"id": "battle-gen9randombattle-2605", "formatid": "gen9randombattle", "format": "[Gen 9] Random Battle", "players": ["p0x2605718f", "p0y26050561"], "log": "|init|battle\n|title|p0x2605718f vs. p0y26050561\n|j|\u2606p0x2605718f\n|j|\u2606p0y26050561\n|t:|1783569119\n|gametype|singles\n|player|p1|p0x2605718f|170|\n|player|p2|p0y26050561|169|\n|gen|9\n|tier|[Gen 9] Random Battle\n|rule|Species Clause: Limit one of each Pok\u00e9mon\n|rule|HP Percentage Mod: HP is shown in percentages\n|rule|Sleep Clause Mod: Limit one foe put to sleep\n|rule|Illusion Level Mod: Illusion disguises the Pok\u00e9mon's true level\n|\n|t:|1783569119\n|teamsize|p1|6\n|teamsize|p2|6\n|start\n|switch|p1a: Tauros|Tauros, L82, M|100/100\n|switch|p2a: Typhlosion|Typhlosion, L84, F|267/267\n|turn|1\n|inactive|Battle timer is ON: inactive players will automatically lose when time's up. (requested by p0y26050561)\n|\n|t:|1783569121\n|move|p1a: Tauros|Body Slam|p2a: Typhlosion\n|-damage|p2a: Typhlosion|107/267\n|move|p2a: Typhlosion|Fire Blast|p1a: Tauros\n|-damage|p1a: Tauros|16/100\n|\n|upkeep\n|turn|2\n|inactive|Time left: 300 sec this turn | 300 sec total\n|inactive|p0x2605718f also wants the timer to be on.\n|\n|t:|1783569122\n|switch|p2a: Garchomp|Garchomp, L74, M|282/282\n|move|p1a: Tauros|Body Slam|p2a: Garchomp\n|-damage|p2a: Garchomp|126/282\n|-damage|p1a: Tauros|4/100|[from] ability: Rough Skin|[of] p2a: Garchomp\n|-damage|p1a: Tauros|0 fnt|[from] item: Rocky Helmet|[of] p2a: Garchomp\n|faint|p1a: Tauros\n|\n|upkeep\n|\n|t:|1783569122\n|switch|p1a: Baxcalibur|Baxcalibur, L75, M|100/100\n|turn|3\n|inactive|Time left: 300 sec this turn | 300 sec total\n|\n|t:|1783569123\n|move|p1a: Baxcalibur|Ice Shard|p2a: Garchomp\n|-supereffective|p2a: Garchomp\n|-damage|p2a: Garchomp|0 fnt\n|faint|p2a: Garchomp\n|\n|upkeep\n|inactive|Time left: 300 sec this turn | 300 sec total | 5 sec grace\n|\n|t:|1783569124\n|switch|p2a: Araquanid|Araquanid, L82, F|246/246\n|turn|4\n|inactive|Time left: 300 sec this turn | 300 sec total\n|\n|t:|1783569125\n|switch|p1a: Sinistcha|Sinistcha, L83|100/100\n|move|p2a: Araquanid|Sticky Web|p1a: Sinistcha\n|-sidestart|p1: p0x2605718f|move: Sticky Web\n|\n|upkeep\n|turn|5\n|inactive|Time left: 300 sec this turn | 300 sec total\n|\n|t:|1783569126\n|switch|p2a: Morpeko|Morpeko, L88, M|245/245\n|move|p1a: Sinistcha|Calm Mind|p1a: Sinistcha\n|-boost|p1a: Sinistcha|spa|1\n|-boost|p1a: Sinistcha|spd|1\n|\n|-formechange|p2a: Morpeko|Morpeko-Hangry||[from] ability: Hunger Switch\n|upkeep\n|turn|6\n|inactive|Time left: 300 sec this turn | 300 sec total\n|\n|t:|1783569127\n|move|p2a: Morpeko|Aura Wheel|p1a: Sinistcha\n|-supereffective|p1a: Sinistcha\n|-damage|p1a: Sinistcha|13/100\n|-boost|p2a: Morpeko|spe|1\n|move|p1a: Sinistcha|Matcha Gotcha|p2a: Morpeko\n|-damage|p2a: Morpeko|44/245\n|-heal|p1a: Sinistcha|53/100|[from] drain|[of] p2a: Morpeko\n|-status|p2a: Morpeko|brn\n|\n|-heal|p2a: Morpeko|59/245 brn|[from] item: Leftovers\n|-heal|p1a: Sinistcha|59/100|[from] item: Leftovers\n|-damage|p2a: Morpeko|44/245 brn|[from] brn\n|-formechange|p2a: Morpeko|Morpeko||[from] ability: Hunger Switch\n|upkeep\n|turn|7\n|inactive|Time left: 300 sec this turn | 300 sec total\n|\n|t:|1783569128\n|move|p2a: Morpeko|Knock Off|p1a: Sinistcha\n|-supereffective|p1a: Sinistcha\n|-damage|p1a: Sinistcha|19/100\n|-enditem|p1a: Sinistcha|Leftovers|[from] move: Knock Off|[of] p2a: Morpeko\n|move|p1a: Sinistcha|Strength Sap|p2a: Morpeko\n|-unboost|p2a: Morpeko|atk|1\n|-heal|p1a: Sinistcha|100/100\n|\n|-heal|p2a: Morpeko|59/245 brn|[from] item: Leftovers\n|-damage|p2a: Morpeko|44/245 brn|[from] brn\n|-formechange|p2a: Morpeko|Morpeko-Hangry||[from] ability: Hunger Switch\n|upkeep\n|turn|8\n|inactive|Time left: 300 sec this turn | 300 sec total\n|\n|t:|1783569129\n|move|p2a: Morpeko|Aura Wheel|p1a: Sinistcha\n|-supereffective|p1a: Sinistcha\n|-damage|p1a: Sinistcha|71/100\n|-boost|p2a: Morpeko|spe|1\n|move|p1a: Sinistcha|Calm Mind|p1a: Sinistcha\n|-boost|p1a: Sinistcha|spa|1\n|-boost|p1a: Sinistcha|spd|1\n|\n|-heal|p2a: Morpeko|59/245 brn|[from] item: Leftovers\n|-damage|p2a: Morpeko|44/245 brn|[from] brn\n|-formechange|p2a: Morpeko|Morpeko||[from] ability: Hunger Switch\n|upkeep\n|turn|9\n|inactive|Time left: 300 sec this turn | 300 sec total\n|\n|t:|1783569130\n|move|p2a: Morpeko|Knock Off|p1a: Sinistcha\n|-supereffective|p1a: Sinistcha\n|-damage|p1a: Sinistcha|52/100\n|move|p1a: Sinistcha|Matcha Gotcha|p2a: Morpeko\n|-damage|p2a: Morpeko|0 fnt\n|-heal|p1a: Sinistcha|61/100|[from] drain|[of] p2a: Morpeko\n|faint|p2a: Morpeko\n|\n|upkeep\n|inactive|Time left: 300 sec this turn | 300 sec total | 5 sec grace\n|\n|t:|1783569131\n|switch|p2a: Typhlosion|Typhlosion, L84, F|107/267\n|turn|10\n|inactive|Time left: 300 sec this turn | 300 sec total\n|\n|t:|1783569132\n|move|p2a: Typhlosion|Fire Blast|p1a: Sinistcha\n|-supereffective|p1a: Sinistcha\n|-damage|p1a: Sinistcha|18/100\n|move|p1a: Sinistcha|Strength Sap|p2a: Typhlosion\n|-unboost|p2a: Typhlosion|atk|1\n|-heal|p1a: Sinistcha|76/100\n|\n|upkeep\n|turn|11\n|inactive|Time left: 300 sec this turn | 300 sec total\n|\n|t:|1783569133\n|move|p2a: Typhlosion|Fire Blast|p1a: Sinistcha|[miss]\n|-miss|p2a: Typhlosion|p1a: Sinistcha\n|move|p1a: Sinistcha|Shadow Ball|p2a: Typhlosion\n|-damage|p2a: Typhlosion|0 fnt\n|faint|p2a: Typhlosion\n|\n|upkeep\n|inactive|Time left: 300 sec this turn | 300 sec total | 5 sec grace\n|\n|t:|1783569134\n|switch|p2a: Araquanid|Araquanid, L82, F|246/246\n|turn|12\n|inactive|Time left: 300 sec this turn | 300 sec total\n|\n|t:|1783569135\n|move|p1a: Sinistcha|Matcha Gotcha|p2a: Araquanid\n|-damage|p2a: Araquanid|96/246\n|-heal|p1a: Sinistcha|100/100|[from] drain|[of] p2a: Araquanid\n|move|p2a: Araquanid|Mirror Coat|p1a: Sinistcha\n|-damage|p1a: Sinistcha|0 fnt\n|faint|p1a: Sinistcha\n|\n|upkeep\n|\n|t:|1783569136\n|switch|p1a: Regieleki|Regieleki, L79|100/100\n|-activate|p1a: Regieleki|move: Sticky Web\n|-unboost|p1a: Regieleki|spe|1\n|turn|13\n|inactive|Time left: 300 sec this turn | 300 sec total\n|\n|t:|1783569137\n|move|p1a: Regieleki|Rapid Spin|p2a: Araquanid\n|-damage|p2a: Araquanid|63/246\n|-boost|p1a: Regieleki|spe|1\n|-sideend|p1: p0x2605718f|Sticky Web|[from] move: Rapid Spin|[of] p1a: Regieleki\n|move|p2a: Araquanid|Leech Life|p1a: Regieleki\n|-damage|p1a: Regieleki|64/100\n|-heal|p2a: Araquanid|110/246|[from] drain|[of] p1a: Regieleki\n|\n|upkeep\n|turn|14\n|inactive|Time left: 300 sec this turn | 300 sec total\n|\n|t:|1783569138\n|-terastallize|p2a: Araquanid|Steel\n|move|p1a: Regieleki|Volt Switch|p2a: Araquanid\n|-damage|p2a: Araquanid|28/246\n|\n|t:|1783569139\n|switch|p1a: Baxcalibur|Baxcalibur, L75, M|100/100|[from] Volt Switch\n|move|p2a: Araquanid|Sticky Web|p1a: Baxcalibur\n|-sidestart|p1: p0x2605718f|move: Sticky Web\n|\n|upkeep\n|turn|15\n|inactive|Time left: 300 sec this turn | 300 sec total\n|\n|t:|1783569140\n|move|p1a: Baxcalibur|Glaive Rush|p2a: Araquanid\n|-resisted|p2a: Araquanid\n|-damage|p2a: Araquanid|0 fnt\n|-singlemove|p1a: Baxcalibur|Glaive Rush|[silent]\n|faint|p2a: Araquanid\n|\n|upkeep\n|inactive|Time left: 300 sec this turn | 300 sec total | 5 sec grace\n|\n|t:|1783569141\n|switch|p2a: Zangoose|Zangoose, L85, F|263/263\n|turn|16\n|inactive|Time left: 300 sec this turn | 300 sec total\n|\n|t:|1783569142\n|move|p2a: Zangoose|Knock Off|p1a: Baxcalibur\n|-damage|p1a: Baxcalibur|46/100\n|-enditem|p1a: Baxcalibur|Choice Band|[from] move: Knock Off|[of] p2a: Zangoose\n|move|p1a: Baxcalibur|Glaive Rush|p2a: Zangoose\n|-damage|p2a: Zangoose|88/263\n|-singlemove|p1a: Baxcalibur|Glaive Rush|[silent]\n|\n|-status|p2a: Zangoose|tox|[from] item: Toxic Orb\n|upkeep\n|turn|17\n|inactive|Time left: 300 sec this turn | 300 sec total\n|\n|t:|1783569143\n|move|p1a: Baxcalibur|Ice Shard|p2a: Zangoose\n|-damage|p2a: Zangoose|30/263 tox\n|move|p2a: Zangoose|Knock Off|p1a: Baxcalibur\n|-damage|p1a: Baxcalibur|15/100\n|\n|-damage|p2a: Zangoose|14/263 tox|[from] psn\n|upkeep\n|turn|18\n|inactive|Time left: 300 sec this turn | 300 sec total\n|\n|t:|1783569144\n|switch|p2a: Keldeo|Keldeo-Resolute, L79|273/273\n|move|p1a: Baxcalibur|Glaive Rush|p2a: Keldeo\n|-damage|p2a: Keldeo|135/273\n|-singlemove|p1a: Baxcalibur|Glaive Rush|[silent]\n|\n|-heal|p2a: Keldeo|152/273|[from] item: Leftovers\n|upkeep\n|turn|19\n|inactive|Time left: 300 sec this turn | 300 sec total\n|\n|t:|1783569145\n|move|p2a: Keldeo|Substitute|p2a: Keldeo\n|-start|p2a: Keldeo|Substitute\n|-damage|p2a: Keldeo|84/273\n|move|p1a: Baxcalibur|Glaive Rush|p2a: Keldeo\n|-crit|p2a: Keldeo\n|-end|p2a: Keldeo|Substitute\n|-singlemove|p1a: Baxcalibur|Glaive Rush|[silent]\n|\n|-heal|p2a: Keldeo|101/273|[from] item: Leftovers\n|upkeep\n|turn|20\n|inactive|Time left: 300 sec this turn | 300 sec total\n|\n|t:|1783569146\n|move|p2a: Keldeo|Substitute|p2a: Keldeo\n|-start|p2a: Keldeo|Substitute\n|-damage|p2a: Keldeo|33/273\n|move|p1a: Baxcalibur|Glaive Rush|p2a: Keldeo\n|-end|p2a: Keldeo|Substitute\n|-singlemove|p1a: Baxcalibur|Glaive Rush|[silent]\n|\n|-heal|p2a: Keldeo|50/273|[from] item: Leftovers\n|upkeep\n|turn|21\n|inactive|Time left: 300 sec this turn | 300 sec total\n|\n|t:|1783569147\n|move|p2a: Keldeo|Surf|p1a: Baxcalibur\n|-resisted|p1a: Baxcalibur\n|-damage|p1a: Baxcalibur|0 fnt\n|faint|p1a: Baxcalibur\n|\n|-heal|p2a: Keldeo|67/273|[from] item: Leftovers\n|upkeep\n|\n|t:|1783569148\n|switch|p1a: Regieleki|Regieleki, L79|64/100\n|-activate|p1a: Regieleki|move: Sticky Web\n|-unboost|p1a: Regieleki|spe|1\n|turn|22\n|inactive|Time left: 300 sec this turn | 300 sec total\n|\n|t:|1783569148\n|switch|p2a: Zangoose|Zangoose, L85, F|14/263 tox\n|-terastallize|p1a: Regieleki|Ice\n|move|p1a: Regieleki|Thunderbolt|p2a: Zangoose\n|-damage|p2a: Zangoose|0 fnt\n|faint|p2a: Zangoose\n|\n|upkeep\n|inactive|Time left: 300 sec this turn | 300 sec total | 5 sec grace\n|\n|t:|1783569149\n|switch|p2a: Keldeo|Keldeo-Resolute, L79|67/273\n|turn|23\n|inactive|Time left: 300 sec this turn | 300 sec total\n|\n|t:|1783569150\n|move|p1a: Regieleki|Thunderbolt|p2a: Keldeo\n|-supereffective|p2a: Keldeo\n|-damage|p2a: Keldeo|0 fnt\n|faint|p2a: Keldeo\n|\n|win|p0x2605718f", "uploadtime": 1783569150, "views": 0, "rating": 0, "private": 0, "password": null, "_winner": "p0x2605718f", "_our_name": "p0y26050561"}