{"id": "battle-gen9randombattle-244", "formatid": "gen9randombattle", "format": "[Gen 9] Random Battle", "players": ["p0x2441418", "p0y2440793"], "log": "|init|battle\n|title|p0x2441418 vs. p0y2440793\n|j|\u2606p0x2441418\n|j|\u2606p0y2440793\n|t:|1783541938\n|gametype|singles\n|player|p1|p0x2441418|101|\n|player|p2|p0y2440793|170|\n|gen|9\n|tier|[Gen 9] Random Battle\n|rule|Species Clause: Limit one of each Pok\u00e9mon\n|rule|HP Percentage Mod: HP is shown in percentages\n|rule|Sleep Clause Mod: Limit one foe put to sleep\n|rule|Illusion Level Mod: Illusion disguises the Pok\u00e9mon's true level\n|\n|t:|1783541938\n|teamsize|p1|6\n|teamsize|p2|6\n|start\n|switch|p1a: Garganacl|Garganacl, L80, F|291/291\n|switch|p2a: Meganium|Meganium, L90, M|100/100\n|turn|1\n|inactive|Battle timer is ON: inactive players will automatically lose when time's up. (requested by p0y2440793)\n|inactive|Time left: 300 sec this turn | 300 sec total | 60 sec grace\n|inactive|p0x2441418 also wants the timer to be on.\n|\n|t:|1783541940\n|move|p2a: Meganium|Energy Ball|p1a: Garganacl\n|-supereffective|p1a: Garganacl\n|-damage|p1a: Garganacl|73/291\n|-unboost|p1a: Garganacl|spd|1\n|move|p1a: Garganacl|Stealth Rock|p2a: Meganium\n|-sidestart|p2: p0y2440793|move: Stealth Rock\n|\n|-heal|p1a: Garganacl|91/291|[from] item: Leftovers\n|upkeep\n|turn|2\n|inactive|Time left: 300 sec this turn | 300 sec total\n|\n|t:|1783541941\n|switch|p1a: Virizion|Virizion, L82|283/283\n|move|p2a: Meganium|Energy Ball|p1a: Virizion\n|-resisted|p1a: Virizion\n|-damage|p1a: Virizion|246/283\n|-unboost|p1a: Virizion|spd|1\n|\n|upkeep\n|turn|3\n|inactive|Time left: 300 sec this turn | 300 sec total\n|\n|t:|1783541942\n|move|p1a: Virizion|Swords Dance|p1a: Virizion\n|-boost|p1a: Virizion|atk|2\n|move|p2a: Meganium|Energy Ball|p1a: Virizion\n|-resisted|p1a: Virizion\n|-damage|p1a: Virizion|195/283\n|\n|upkeep\n|turn|4\n|inactive|Time left: 300 sec this turn | 300 sec total\n|\n|t:|1783541943\n|move|p1a: Virizion|Close Combat|p2a: Meganium\n|-damage|p2a: Meganium|12/100\n|-unboost|p1a: Virizion|def|1\n|-unboost|p1a: Virizion|spd|1\n|-damage|p1a: Virizion|167/283|[from] item: Life Orb\n|move|p2a: Meganium|Energy Ball|p1a: Virizion\n|-resisted|p1a: Virizion\n|-damage|p1a: Virizion|56/283\n|\n|-heal|p2a: Meganium|18/100|[from] item: Leftovers\n|upkeep\n|turn|5\n|inactive|Time left: 300 sec this turn | 300 sec total\n|\n|t:|1783541944\n|move|p1a: Virizion|Close Combat|p2a: Meganium\n|-crit|p2a: Meganium\n|-damage|p2a: Meganium|0 fnt\n|-unboost|p1a: Virizion|def|1\n|-unboost|p1a: Virizion|spd|1\n|faint|p2a: Meganium\n|-damage|p1a: Virizion|28/283|[from] item: Life Orb\n|\n|upkeep\n|\n|t:|1783541945\n|switch|p2a: Dragonite|Dragonite, L74, M|100/100\n|turn|6\n|inactive|Time left: 300 sec this turn | 300 sec total\n|\n|t:|1783541946\n|move|p1a: Virizion|Stone Edge|p2a: Dragonite\n|-supereffective|p2a: Dragonite\n|-damage|p2a: Dragonite|38/100\n|-damage|p1a: Virizion|0 fnt|[from] item: Life Orb\n|faint|p1a: Virizion\n|move|p2a: Dragonite|Dragon Dance|p2a: Dragonite\n|-boost|p2a: Dragonite|atk|1\n|-boost|p2a: Dragonite|spe|1\n|\n|upkeep\n|inactive|Time left: 300 sec this turn | 300 sec total | 5 sec grace\n|\n|t:|1783541946\n|switch|p1a: Primarina|Primarina, L83, M|268/268\n|turn|7\n|inactive|Time left: 300 sec this turn | 300 sec total\n|\n|t:|1783541947\n|move|p2a: Dragonite|Iron Head|p1a: Primarina\n|-damage|p1a: Primarina|172/268\n|move|p1a: Primarina|Moonblast|p2a: Dragonite\n|-supereffective|p2a: Dragonite\n|-damage|p2a: Dragonite|0 fnt\n|faint|p2a: Dragonite\n|\n|-heal|p1a: Primarina|188/268|[from] item: Leftovers\n|upkeep\n|\n|t:|1783541948\n|switch|p2a: Articuno|Articuno, L86|100/100\n|-ability|p2a: Articuno|Pressure\n|turn|8\n|inactive|Time left: 300 sec this turn | 300 sec total\n|\n|t:|1783541949\n|switch|p1a: Stantler|Stantler, L92, M|284/284\n|-ability|p1a: Stantler|Intimidate|boost\n|-unboost|p2a: Articuno|atk|1\n|move|p2a: Articuno|Freeze-Dry|p1a: Stantler\n|-damage|p1a: Stantler|223/284\n|\n|upkeep\n|turn|9\n|inactive|Time left: 300 sec this turn | 300 sec total\n|\n|t:|1783541950\n|move|p1a: Stantler|Calm Mind|p1a: Stantler\n|-boost|p1a: Stantler|spa|1\n|-boost|p1a: Stantler|spd|1\n|move|p2a: Articuno|Freeze-Dry|p1a: Stantler\n|-damage|p1a: Stantler|183/284\n|\n|upkeep\n|turn|10\n|inactive|Time left: 300 sec this turn | 300 sec total\n|\n|t:|1783541951\n|move|p1a: Stantler|Calm Mind|p1a: Stantler\n|-boost|p1a: Stantler|spa|1\n|-boost|p1a: Stantler|spd|1\n|move|p2a: Articuno|Freeze-Dry|p1a: Stantler\n|-damage|p1a: Stantler|150/284\n|\n|upkeep\n|turn|11\n|inactive|Time left: 300 sec this turn | 300 sec total\n|\n|t:|1783541952\n|move|p1a: Stantler|Tera Blast|p2a: Articuno\n|-damage|p2a: Articuno|52/100\n|move|p2a: Articuno|Freeze-Dry|p1a: Stantler\n|-damage|p1a: Stantler|123/284\n|\n|upkeep\n|turn|12\n|inactive|Time left: 300 sec this turn | 300 sec total\n|\n|t:|1783541953\n|switch|p2a: Bastiodon|Bastiodon, L89, F|100/100\n|-damage|p2a: Bastiodon|95/100|[from] Stealth Rock\n|move|p1a: Stantler|Tera Blast|p2a: Bastiodon\n|-resisted|p2a: Bastiodon\n|-crit|p2a: Bastiodon\n|-damage|p2a: Bastiodon|77/100\n|\n|upkeep\n|turn|13\n|inactive|Time left: 300 sec this turn | 300 sec total\n|\n|t:|1783541954\n|move|p1a: Stantler|Earth Power|p2a: Bastiodon\n|-supereffective|p2a: Bastiodon\n|-damage|p2a: Bastiodon|0 fnt\n|faint|p2a: Bastiodon\n|\n|upkeep\n|\n|t:|1783541955\n|switch|p2a: Articuno|Articuno, L86|52/100\n|-ability|p2a: Articuno|Pressure\n|turn|14\n|inactive|Time left: 300 sec this turn | 300 sec total\n|\n|t:|1783541956\n|move|p1a: Stantler|Tera Blast|p2a: Articuno\n|-damage|p2a: Articuno|5/100\n|move|p2a: Articuno|Brave Bird|p1a: Stantler\n|-damage|p1a: Stantler|36/284\n|-damage|p2a: Articuno|0 fnt|[from] Recoil\n|faint|p2a: Articuno\n|\n|upkeep\n|\n|t:|1783541957\n|switch|p2a: Exeggutor|Exeggutor, L89, F|100/100\n|-damage|p2a: Exeggutor|88/100|[from] Stealth Rock\n|turn|15\n|inactive|Time left: 300 sec this turn | 300 sec total\n|\n|t:|1783541958\n|move|p1a: Stantler|Shadow Ball|p2a: Exeggutor\n|-supereffective|p2a: Exeggutor\n|-damage|p2a: Exeggutor|0 fnt\n|faint|p2a: Exeggutor\n|\n|upkeep\n|\n|t:|1783541959\n|switch|p2a: Dialga|Dialga-Origin, L73|100/100\n|-damage|p2a: Dialga|94/100|[from] Stealth Rock\n|-ability|p2a: Dialga|Pressure\n|turn|16\n|inactive|Time left: 300 sec this turn | 300 sec total\n|\n|t:|1783541960\n|-terastallize|p1a: Stantler|Fairy\n|-terastallize|p2a: Dialga|Flying\n|move|p1a: Stantler|Tera Blast|p2a: Dialga|[anim] Tera Blast Fairy\n|-damage|p2a: Dialga|31/100\n|move|p2a: Dialga|Flash Cannon|p1a: Stantler\n|-supereffective|p1a: Stantler\n|-damage|p1a: Stantler|0 fnt\n|faint|p1a: Stantler\n|\n|upkeep\n|inactive|Time left: 300 sec this turn | 300 sec total | 5 sec grace\n|\n|t:|1783541961\n|switch|p1a: Flamigo|Flamigo, L82, F|269/269\n|turn|17\n|inactive|Time left: 300 sec this turn | 300 sec total\n|\n|t:|1783541962\n|move|p1a: Flamigo|Brave Bird|p2a: Dialga\n|-damage|p2a: Dialga|0 fnt\n|faint|p2a: Dialga\n|-damage|p1a: Flamigo|242/269|[from] Recoil\n|\n|win|p0x2441418", "uploadtime": 1783541962, "views": 0, "rating": 0, "private": 0, "password": null, "_winner": "p0x2441418", "_our_name": "p0x2441418"}