{"id": "battle-gen9randombattle-2996", "formatid": "gen9randombattle", "format": "[Gen 9] Random Battle", "players": ["p0x29964744", "p0y29967a92"], "log": "|init|battle\n|title|p0x29964744 vs. p0y29967a92\n|j|\u2606p0x29964744\n|j|\u2606p0y29967a92\n|t:|1783574531\n|gametype|singles\n|player|p1|p0x29964744|266|\n|player|p2|p0y29967a92|1|\n|gen|9\n|tier|[Gen 9] Random Battle\n|rule|Species Clause: Limit one of each Pok\u00e9mon\n|rule|HP Percentage Mod: HP is shown in percentages\n|rule|Sleep Clause Mod: Limit one foe put to sleep\n|rule|Illusion Level Mod: Illusion disguises the Pok\u00e9mon's true level\n|\n|t:|1783574531\n|teamsize|p1|6\n|teamsize|p2|6\n|start\n|switch|p1a: Corviknight|Corviknight, L80, M|288/288\n|switch|p2a: Ludicolo|Ludicolo, L90, F|100/100\n|-ability|p1a: Corviknight|Pressure\n|turn|1\n|inactive|Battle timer is ON: inactive players will automatically lose when time's up. (requested by p0y29967a92)\n|inactive|Time left: 300 sec this turn | 300 sec total | 60 sec grace\n|inactive|p0x29964744 also wants the timer to be on.\n|\n|t:|1783574533\n|move|p2a: Ludicolo|Ice Beam|p1a: Corviknight\n|-damage|p1a: Corviknight|188/288\n|-damage|p2a: Ludicolo|90/100|[from] item: Life Orb\n|move|p1a: Corviknight|Brave Bird|p2a: Ludicolo\n|-supereffective|p2a: Ludicolo\n|-damage|p2a: Ludicolo|8/100\n|-damage|p1a: Corviknight|109/288|[from] Recoil\n|\n|-heal|p1a: Corviknight|127/288|[from] item: Leftovers\n|upkeep\n|turn|2\n|inactive|Time left: 300 sec this turn | 300 sec total\n|\n|t:|1783574534\n|move|p2a: Ludicolo|Hydro Pump|p1a: Corviknight\n|-damage|p1a: Corviknight|0 fnt\n|faint|p1a: Corviknight\n|-damage|p2a: Ludicolo|0 fnt|[from] item: Life Orb\n|faint|p2a: Ludicolo\n|\n|upkeep\n|inactive|Time left: 300 sec this turn | 300 sec total | 5 sec grace\n|\n|t:|1783574535\n|switch|p2a: Maushold|Maushold-Four, L76|100/100\n|switch|p1a: Sylveon|Sylveon, L85, F|300/300\n|turn|3\n|inactive|Time left: 300 sec this turn | 300 sec total\n|\n|t:|1783574536\n|move|p2a: Maushold|Population Bomb|p1a: Sylveon\n|-damage|p1a: Sylveon|273/300\n|-damage|p1a: Sylveon|243/300\n|-damage|p1a: Sylveon|213/300\n|-damage|p1a: Sylveon|186/300\n|-damage|p1a: Sylveon|158/300\n|-damage|p1a: Sylveon|130/300\n|-damage|p1a: Sylveon|102/300\n|-damage|p1a: Sylveon|74/300\n|-damage|p1a: Sylveon|46/300\n|-damage|p1a: Sylveon|18/300\n|-hitcount|p1a: Sylveon|10\n|move|p1a: Sylveon|Hyper Voice|p2a: Maushold\n|-damage|p2a: Maushold|36/100\n|\n|-heal|p1a: Sylveon|36/300|[from] item: Leftovers\n|upkeep\n|turn|4\n|inactive|Time left: 300 sec this turn | 300 sec total\n|\n|t:|1783574537\n|move|p2a: Maushold|Population Bomb|p1a: Sylveon\n|-damage|p1a: Sylveon|8/300\n|-damage|p1a: Sylveon|0 fnt\n|faint|p1a: Sylveon\n|-hitcount|p1: Sylveon|2\n|\n|upkeep\n|inactive|Time left: 300 sec this turn | 300 sec total | 5 sec grace\n|\n|t:|1783574538\n|switch|p1a: Basculin|Basculin-Blue-Striped, L86, F|261/261\n|turn|5\n|inactive|Time left: 300 sec this turn | 300 sec total\n|\n|t:|1783574540\n|switch|p2a: Qwilfish|Qwilfish, L86, F|100/100\n|-ability|p2a: Qwilfish|Intimidate|boost\n|-unboost|p1a: Basculin|atk|1\n|move|p1a: Basculin|Wave Crash|p2a: Qwilfish\n|-resisted|p2a: Qwilfish\n|-damage|p2a: Qwilfish|65/100\n|-damage|p1a: Basculin|232/261|[from] Recoil\n|\n|upkeep\n|turn|6\n|inactive|Time left: 300 sec this turn | 300 sec total\n|\n|t:|1783574541\n|move|p1a: Basculin|Wave Crash|p2a: Qwilfish\n|-resisted|p2a: Qwilfish\n|-damage|p2a: Qwilfish|31/100\n|-damage|p1a: Basculin|204/261|[from] Recoil\n|move|p2a: Qwilfish|Gunk Shot|p1a: Basculin\n|-damage|p1a: Basculin|36/261\n|-status|p1a: Basculin|psn\n|\n|-damage|p1a: Basculin|4/261 psn|[from] psn\n|upkeep\n|turn|7\n|inactive|Time left: 300 sec this turn | 300 sec total\n|\n|t:|1783574542\n|switch|p2a: Registeel|Registeel, L81|100/100\n|move|p1a: Basculin|Wave Crash|p2a: Registeel\n|-damage|p2a: Registeel|55/100\n|-damage|p1a: Basculin|0 fnt|[from] Recoil\n|faint|p1a: Basculin\n|\n|-heal|p2a: Registeel|62/100|[from] item: Leftovers\n|upkeep\n|inactive|Time left: 300 sec this turn | 300 sec total | 5 sec grace\n|\n|t:|1783574543\n|switch|p1a: Milotic|Milotic, L83, M|293/293\n|turn|8\n|inactive|Time left: 300 sec this turn | 300 sec total\n|\n|t:|1783574544\n|move|p1a: Milotic|Scald|p2a: Registeel\n|-damage|p2a: Registeel|39/100\n|move|p2a: Registeel|Iron Defense|p2a: Registeel\n|-boost|p2a: Registeel|def|2\n|\n|-heal|p2a: Registeel|45/100|[from] item: Leftovers\n|upkeep\n|turn|9\n|inactive|Time left: 300 sec this turn | 300 sec total\n|\n|t:|1783574545\n|move|p1a: Milotic|Scald|p2a: Registeel\n|-damage|p2a: Registeel|20/100\n|move|p2a: Registeel|Body Press|p1a: Milotic\n|-damage|p1a: Milotic|123/293\n|\n|-heal|p1a: Milotic|141/293|[from] item: Leftovers\n|-heal|p2a: Registeel|26/100|[from] item: Leftovers\n|upkeep\n|turn|10\n|inactive|Time left: 300 sec this turn | 300 sec total\n|\n|t:|1783574546\n|move|p1a: Milotic|Scald|p2a: Registeel\n|-damage|p2a: Registeel|4/100\n|-status|p2a: Registeel|brn\n|move|p2a: Registeel|Body Press|p1a: Milotic\n|-damage|p1a: Milotic|57/293\n|\n|-heal|p1a: Milotic|75/293|[from] item: Leftovers\n|-heal|p2a: Registeel|10/100 brn|[from] item: Leftovers\n|-damage|p2a: Registeel|4/100 brn|[from] brn\n|upkeep\n|turn|11\n|inactive|Time left: 300 sec this turn | 300 sec total\n|\n|t:|1783574547\n|switch|p2a: Mienshao|Mienshao, L83, M|100/100\n|move|p1a: Milotic|Recover|p1a: Milotic\n|-heal|p1a: Milotic|222/293\n|\n|-heal|p1a: Milotic|240/293|[from] item: Leftovers\n|upkeep\n|turn|12\n|inactive|Time left: 300 sec this turn | 300 sec total\n|\n|t:|1783574548\n|move|p2a: Mienshao|Knock Off|p1a: Milotic\n|-damage|p1a: Milotic|148/293\n|-enditem|p1a: Milotic|Leftovers|[from] move: Knock Off|[of] p2a: Mienshao\n|move|p1a: Milotic|Scald|p2a: Mienshao\n|-damage|p2a: Mienshao|70/100\n|\n|upkeep\n|turn|13\n|inactive|Time left: 300 sec this turn | 300 sec total\n|\n|t:|1783574549\n|move|p2a: Mienshao|Close Combat|p1a: Milotic\n|-damage|p1a: Milotic|0 fnt\n|-unboost|p2a: Mienshao|def|1\n|-unboost|p2a: Mienshao|spd|1\n|faint|p1a: Milotic\n|\n|upkeep\n|inactive|Time left: 300 sec this turn | 300 sec total | 5 sec grace\n|\n|t:|1783574550\n|switch|p1a: Goodra|Goodra, L85, M|292/292\n|turn|14\n|inactive|Time left: 300 sec this turn | 300 sec total\n|\n|t:|1783574551\n|move|p2a: Mienshao|U-turn|p1a: Goodra\n|-damage|p1a: Goodra|217/292\n|\n|t:|1783574552\n|switch|p2a: Qwilfish|Qwilfish, L86, F|31/100|[from] U-turn\n|-ability|p2a: Qwilfish|Intimidate|boost\n|-unboost|p1a: Goodra|atk|1\n|move|p1a: Goodra|Earthquake|p2a: Qwilfish\n|-supereffective|p2a: Qwilfish\n|-damage|p2a: Qwilfish|0 fnt\n|faint|p2a: Qwilfish\n|\n|upkeep\n|\n|t:|1783574553\n|switch|p2a: Maushold|Maushold-Four, L76|36/100\n|turn|15\n|inactive|Time left: 300 sec this turn | 300 sec total\n|\n|t:|1783574554\n|switch|p1a: Volbeat|Volbeat, L90, M|263/263\n|move|p2a: Maushold|Population Bomb|p1a: Volbeat\n|-damage|p1a: Volbeat|239/263\n|-damage|p1a: Volbeat|214/263\n|-damage|p1a: Volbeat|190/263\n|-damage|p1a: Volbeat|165/263\n|-damage|p1a: Volbeat|141/263\n|-damage|p1a: Volbeat|119/263\n|-damage|p1a: Volbeat|94/263\n|-damage|p1a: Volbeat|70/263\n|-damage|p1a: Volbeat|46/263\n|-damage|p1a: Volbeat|24/263\n|-hitcount|p1a: Volbeat|10\n|\n|upkeep\n|turn|16\n|inactive|Time left: 300 sec this turn | 300 sec total\n|\n|t:|1783574555\n|move|p1a: Volbeat|Thunder Wave|p2a: Maushold\n|-status|p2a: Maushold|par\n|move|p2a: Maushold|Population Bomb|p1a: Volbeat\n|-damage|p1a: Volbeat|0 fnt\n|faint|p1a: Volbeat\n|-hitcount|p1: Volbeat|1\n|\n|upkeep\n|inactive|Time left: 300 sec this turn | 300 sec total | 5 sec grace\n|\n|t:|1783574556\n|switch|p1a: Goodra|Goodra, L85, M|217/292\n|turn|17\n|inactive|Time left: 300 sec this turn | 300 sec total\n|\n|t:|1783574557\n|switch|p2a: Mienshao|Mienshao, L83, M|100/100\n|move|p1a: Goodra|Earthquake|p2a: Mienshao\n|-damage|p2a: Mienshao|59/100\n|\n|upkeep\n|turn|18\n|inactive|Time left: 300 sec this turn | 300 sec total\n|\n|t:|1783574559\n|move|p2a: Mienshao|Close Combat|p1a: Goodra\n|-damage|p1a: Goodra|28/292\n|-unboost|p2a: Mienshao|def|1\n|-unboost|p2a: Mienshao|spd|1\n|move|p1a: Goodra|Dragon Tail|p2a: Mienshao\n|-damage|p2a: Mienshao|5/100\n|drag|p2a: Maushold|Maushold-Four, L76|36/100 par\n|\n|upkeep\n|turn|19\n|inactive|Time left: 300 sec this turn | 300 sec total\n|\n|t:|1783574560\n|move|p1a: Goodra|Power Whip|p2a: Maushold\n|-damage|p2a: Maushold|0 fnt\n|faint|p2a: Maushold\n|\n|upkeep\n|\n|t:|1783574562\n|switch|p2a: Mienshao|Mienshao, L83, M|38/100\n|turn|20\n|inactive|Time left: 300 sec this turn | 300 sec total\n|\n|t:|1783574563\n|-terastallize|p1a: Goodra|Ground\n|move|p2a: Mienshao|Fake Out|p1a: Goodra\n|-damage|p1a: Goodra|0 fnt\n|faint|p1a: Goodra\n|\n|win|p0y29967a92", "uploadtime": 1783574563, "views": 0, "rating": 0, "private": 0, "password": null, "_winner": "p0y29967a92", "_our_name": "p0x29964744"}