{"id": "battle-gen9randombattle-2058", "formatid": "gen9randombattle", "format": "[Gen 9] Random Battle", "players": ["p0x2058890c", "p0y20585949"], "log": "|init|battle\n|title|p0x2058890c vs. p0y20585949\n|j|\u2606p0x2058890c\n|j|\u2606p0y20585949\n|t:|1783563848\n|gametype|singles\n|player|p1|p0x2058890c|101|\n|player|p2|p0y20585949|266|\n|gen|9\n|tier|[Gen 9] Random Battle\n|rule|Species Clause: Limit one of each Pok\u00e9mon\n|rule|HP Percentage Mod: HP is shown in percentages\n|rule|Sleep Clause Mod: Limit one foe put to sleep\n|rule|Illusion Level Mod: Illusion disguises the Pok\u00e9mon's true level\n|\n|t:|1783563848\n|teamsize|p1|6\n|teamsize|p2|6\n|start\n|switch|p1a: Entei|Entei, L78|100/100\n|switch|p2a: Krookodile|Krookodile, L79, F|280/280\n|-ability|p2a: Krookodile|Intimidate|boost\n|-fail|p1a: Entei|unboost|Attack|[from] ability: Inner Focus|[of] p1a: Entei\n|turn|1\n|inactive|Battle timer is ON: inactive players will automatically lose when time's up. (requested by p0x2058890c)\n|inactive|Time left: 300 sec this turn | 300 sec total | 60 sec grace\n|\n|t:|1783563849\n|move|p2a: Krookodile|Earthquake|p1a: Entei\n|-supereffective|p1a: Entei\n|-damage|p1a: Entei|18/100\n|move|p1a: Entei|Sacred Fire|p2a: Krookodile\n|-damage|p2a: Krookodile|111/280\n|\n|upkeep\n|turn|2\n|inactive|p0y20585949 also wants the timer to be on.\n|inactive|Time left: 300 sec this turn | 300 sec total\n|\n|t:|1783563851\n|switch|p1a: Brambleghast|Brambleghast, L88, F|100/100\n|move|p2a: Krookodile|Earthquake|p1a: Brambleghast\n|-resisted|p1a: Brambleghast\n|-damage|p1a: Brambleghast|75/100\n|\n|-heal|p1a: Brambleghast|82/100|[from] item: Leftovers\n|upkeep\n|turn|3\n|inactive|Time left: 300 sec this turn | 300 sec total\n|\n|t:|1783563852\n|move|p2a: Krookodile|Earthquake|p1a: Brambleghast\n|-resisted|p1a: Brambleghast\n|-damage|p1a: Brambleghast|55/100\n|move|p1a: Brambleghast|Spikes|p2a: Krookodile\n|-sidestart|p2: p0y20585949|Spikes\n|\n|-heal|p1a: Brambleghast|61/100|[from] item: Leftovers\n|upkeep\n|turn|4\n|inactive|Time left: 300 sec this turn | 300 sec total\n|\n|t:|1783563853\n|move|p2a: Krookodile|Earthquake|p1a: Brambleghast\n|-resisted|p1a: Brambleghast\n|-damage|p1a: Brambleghast|38/100\n|move|p1a: Brambleghast|Strength Sap|p2a: Krookodile\n|-unboost|p2a: Krookodile|atk|1\n|-heal|p1a: Brambleghast|100/100\n|\n|upkeep\n|turn|5\n|inactive|Time left: 300 sec this turn | 300 sec total\n|\n|t:|1783563854\n|switch|p2a: Darkrai|Darkrai, L77|234/234\n|-damage|p2a: Darkrai|205/234|[from] Spikes\n|move|p1a: Brambleghast|Power Whip|p2a: Darkrai\n|-damage|p2a: Darkrai|48/234\n|\n|upkeep\n|turn|6\n|inactive|Time left: 300 sec this turn | 300 sec total\n|\n|t:|1783563855\n|switch|p1a: Tyranitar|Tyranitar, L78, M|100/100\n|-weather|Sandstorm|[from] ability: Sand Stream|[of] p1a: Tyranitar\n|move|p2a: Darkrai|Dark Pulse|p1a: Tyranitar\n|-resisted|p1a: Tyranitar\n|-damage|p1a: Tyranitar|88/100\n|-damage|p2a: Darkrai|25/234|[from] item: Life Orb\n|\n|-weather|Sandstorm|[upkeep]\n|-damage|p2a: Darkrai|11/234|[from] Sandstorm\n|upkeep\n|turn|7\n|inactive|Time left: 300 sec this turn | 300 sec total\n|\n|t:|1783563856\n|move|p2a: Darkrai|Hypnosis|p1a: Tyranitar|[miss]\n|-miss|p2a: Darkrai|p1a: Tyranitar\n|move|p1a: Tyranitar|Dragon Dance|p1a: Tyranitar\n|-boost|p1a: Tyranitar|atk|1\n|-boost|p1a: Tyranitar|spe|1\n|\n|-weather|Sandstorm|[upkeep]\n|-damage|p2a: Darkrai|0 fnt|[from] Sandstorm\n|faint|p2a: Darkrai\n|upkeep\n|inactive|Time left: 300 sec this turn | 300 sec total | 5 sec grace\n|\n|t:|1783563857\n|switch|p2a: Eelektross|Eelektross, L87, F|290/290\n|turn|8\n|inactive|Time left: 300 sec this turn | 300 sec total\n|\n|t:|1783563858\n|-terastallize|p2a: Eelektross|Fighting\n|move|p1a: Tyranitar|Knock Off|p2a: Eelektross\n|-resisted|p2a: Eelektross\n|-crit|p2a: Eelektross\n|-damage|p2a: Eelektross|155/290\n|-enditem|p2a: Eelektross|Leftovers|[from] move: Knock Off|[of] p1a: Tyranitar\n|move|p2a: Eelektross|Drain Punch|p1a: Tyranitar\n|-supereffective|p1a: Tyranitar\n|-damage|p1a: Tyranitar|0 fnt\n|-heal|p2a: Eelektross|280/290|[from] drain|[of] p1a: Tyranitar\n|faint|p1a: Tyranitar\n|\n|-weather|Sandstorm|[upkeep]\n|-damage|p2a: Eelektross|262/290|[from] Sandstorm\n|upkeep\n|\n|t:|1783563859\n|switch|p1a: Entei|Entei, L78|18/100\n|turn|9\n|inactive|Time left: 300 sec this turn | 300 sec total\n|\n|t:|1783563860\n|move|p1a: Entei|Sacred Fire|p2a: Eelektross\n|-damage|p2a: Eelektross|100/290\n|-status|p2a: Eelektross|brn\n|move|p2a: Eelektross|Drain Punch|p1a: Entei\n|-damage|p1a: Entei|2/100\n|-heal|p2a: Eelektross|125/290 brn|[from] drain|[of] p1a: Entei\n|\n|-weather|Sandstorm|[upkeep]\n|-damage|p1a: Entei|0 fnt|[from] Sandstorm\n|-damage|p2a: Eelektross|107/290 brn|[from] Sandstorm\n|faint|p1a: Entei\n|-damage|p2a: Eelektross|89/290 brn|[from] brn\n|upkeep\n|\n|t:|1783563861\n|switch|p1a: Golduck|Golduck, L90, F|100/100\n|-ability|p1a: Golduck|Cloud Nine\n|turn|10\n|inactive|Time left: 300 sec this turn | 300 sec total\n|\n|t:|1783563862\n|move|p1a: Golduck|Ice Beam|p2a: Eelektross\n|-damage|p2a: Eelektross|0 fnt\n|faint|p2a: Eelektross\n|\n|-weather|none\n|upkeep\n|inactive|Time left: 300 sec this turn | 300 sec total | 5 sec grace\n|\n|t:|1783563862\n|switch|p2a: Hoopa|Hoopa, L85|275/275\n|-damage|p2a: Hoopa|241/275|[from] Spikes\n|turn|11\n|inactive|Time left: 300 sec this turn | 300 sec total\n|\n|t:|1783563863\n|move|p1a: Golduck|Ice Beam|p2a: Hoopa\n|-damage|p2a: Hoopa|165/275\n|move|p2a: Hoopa|Psychic|p1a: Golduck\n|-damage|p1a: Golduck|38/100\n|-unboost|p1a: Golduck|spd|1\n|-damage|p2a: Hoopa|138/275|[from] item: Life Orb\n|\n|upkeep\n|turn|12\n|inactive|Time left: 300 sec this turn | 300 sec total\n|\n|t:|1783563864\n|move|p1a: Golduck|Ice Beam|p2a: Hoopa\n|-damage|p2a: Hoopa|60/275\n|move|p2a: Hoopa|Shadow Ball|p1a: Golduck\n|-damage|p1a: Golduck|0 fnt\n|faint|p1a: Golduck\n|-damage|p2a: Hoopa|33/275|[from] item: Life Orb\n|\n|upkeep\n|\n|t:|1783563865\n|switch|p1a: Heracross|Heracross, L80, F|100/100\n|turn|13\n|inactive|Time left: 300 sec this turn | 300 sec total\n|\n|t:|1783563865\n|move|p1a: Heracross|Megahorn|p2a: Hoopa|[miss]\n|-miss|p1a: Heracross|p2a: Hoopa\n|move|p2a: Hoopa|Psychic|p1a: Heracross\n|-supereffective|p1a: Heracross\n|-damage|p1a: Heracross|0 fnt\n|faint|p1a: Heracross\n|-damage|p2a: Hoopa|6/275|[from] item: Life Orb\n|\n|upkeep\n|\n|t:|1783563866\n|switch|p1a: Houndoom|Houndoom, L87, F|100/100\n|turn|14\n|inactive|Time left: 300 sec this turn | 300 sec total\n|\n|t:|1783563867\n|move|p1a: Houndoom|Nasty Plot|p1a: Houndoom\n|-boost|p1a: Houndoom|spa|2\n|move|p2a: Hoopa|Focus Blast|p1a: Houndoom\n|-supereffective|p1a: Houndoom\n|-damage|p1a: Houndoom|0 fnt\n|faint|p1a: Houndoom\n|-damage|p2a: Hoopa|0 fnt|[from] item: Life Orb\n|faint|p2a: Hoopa\n|\n|upkeep\n|inactive|Time left: 300 sec this turn | 300 sec total | 5 sec grace\n|\n|t:|1783563868\n|switch|p1a: Brambleghast|Brambleghast, L88, F|100/100\n|switch|p2a: Rotom|Rotom-Heat, L83|219/219\n|turn|15\n|inactive|Time left: 300 sec this turn | 300 sec total\n|\n|t:|1783563869\n|-terastallize|p1a: Brambleghast|Fairy\n|move|p1a: Brambleghast|Poltergeist|p2a: Rotom\n|-activate|p2a: Rotom|move: Poltergeist|Heavy-Duty Boots\n|-damage|p2a: Rotom|90/219\n|move|p2a: Rotom|Overheat|p1a: Brambleghast\n|-damage|p1a: Brambleghast|27/100\n|-unboost|p2a: Rotom|spa|2\n|\n|-heal|p1a: Brambleghast|33/100|[from] item: Leftovers\n|upkeep\n|turn|16\n|inactive|Time left: 300 sec this turn | 300 sec total\n|\n|t:|1783563870\n|move|p1a: Brambleghast|Strength Sap|p2a: Rotom\n|-unboost|p2a: Rotom|atk|1\n|-heal|p1a: Brambleghast|80/100\n|move|p2a: Rotom|Volt Switch|p1a: Brambleghast\n|-damage|p1a: Brambleghast|60/100\n|inactive|Time left: 300 sec this turn | 300 sec total | 5 sec grace\n|\n|t:|1783563871\n|switch|p2a: Krookodile|Krookodile, L79, F|111/280|[from] Volt Switch\n|-damage|p2a: Krookodile|76/280|[from] Spikes\n|-ability|p2a: Krookodile|Intimidate|boost\n|-unboost|p1a: Brambleghast|atk|1\n|\n|-heal|p1a: Brambleghast|66/100|[from] item: Leftovers\n|upkeep\n|turn|17\n|inactive|Time left: 300 sec this turn | 300 sec total\n|\n|t:|1783563872\n|move|p2a: Krookodile|Gunk Shot|p1a: Brambleghast\n|-supereffective|p1a: Brambleghast\n|-damage|p1a: Brambleghast|0 fnt\n|faint|p1a: Brambleghast\n|\n|win|p0y20585949", "uploadtime": 1783563872, "views": 0, "rating": 0, "private": 0, "password": null, "_winner": "p0y20585949", "_our_name": "p0y20585949"}