{"id": "battle-gen9randombattle-1021", "formatid": "gen9randombattle", "format": "[Gen 9] Random Battle", "players": ["p0x1021203e", "p0y102119d2"], "log": "|init|battle\n|title|p0x1021203e vs. p0y102119d2\n|j|\u2606p0x1021203e\n|j|\u2606p0y102119d2\n|t:|1783551728\n|gametype|singles\n|player|p1|p0x1021203e|101|\n|player|p2|p0y102119d2|265|\n|gen|9\n|tier|[Gen 9] Random Battle\n|rule|Species Clause: Limit one of each Pok\u00e9mon\n|rule|HP Percentage Mod: HP is shown in percentages\n|rule|Sleep Clause Mod: Limit one foe put to sleep\n|rule|Illusion Level Mod: Illusion disguises the Pok\u00e9mon's true level\n|\n|t:|1783551728\n|teamsize|p1|6\n|teamsize|p2|6\n|start\n|switch|p1a: Carbink|Carbink, L90|236/236\n|switch|p2a: Eiscue|Eiscue, L88, F|100/100\n|turn|1\n|inactive|Battle timer is ON: inactive players will automatically lose when time's up. (requested by p0y102119d2)\n|inactive|Time left: 300 sec this turn | 300 sec total | 60 sec grace\n|inactive|p0x1021203e also wants the timer to be on.\n|\n|t:|1783551730\n|move|p1a: Carbink|Moonblast|p2a: Eiscue\n|-damage|p2a: Eiscue|74/100\n|-unboost|p2a: Eiscue|spa|1\n|move|p2a: Eiscue|Belly Drum|p2a: Eiscue\n|-damage|p2a: Eiscue|24/100\n|-setboost|p2a: Eiscue|atk|6|[from] move: Belly Drum\n|-enditem|p2a: Eiscue|Sitrus Berry|[eat]\n|-heal|p2a: Eiscue|49/100|[from] item: Sitrus Berry\n|\n|upkeep\n|turn|2\n|inactive|Time left: 300 sec this turn | 300 sec total\n|\n|t:|1783551731\n|move|p1a: Carbink|Iron Defense|p1a: Carbink\n|-boost|p1a: Carbink|def|2\n|move|p2a: Eiscue|Ice Spinner|p1a: Carbink\n|-damage|p1a: Carbink|139/236\n|\n|-heal|p1a: Carbink|153/236|[from] item: Leftovers\n|upkeep\n|turn|3\n|inactive|Time left: 300 sec this turn | 300 sec total\n|\n|t:|1783551732\n|move|p1a: Carbink|Moonblast|p2a: Eiscue\n|-damage|p2a: Eiscue|21/100\n|move|p2a: Eiscue|Liquidation|p1a: Carbink\n|-supereffective|p1a: Carbink\n|-damage|p1a: Carbink|15/236\n|\n|-heal|p1a: Carbink|29/236|[from] item: Leftovers\n|upkeep\n|turn|4\n|inactive|Time left: 300 sec this turn | 300 sec total\n|\n|t:|1783551733\n|move|p1a: Carbink|Moonblast|p2a: Eiscue\n|-damage|p2a: Eiscue|0 fnt\n|faint|p2a: Eiscue\n|\n|-heal|p1a: Carbink|43/236|[from] item: Leftovers\n|upkeep\n|\n|t:|1783551734\n|switch|p2a: Gyarados|Gyarados, L79, F|100/100\n|-ability|p2a: Gyarados|Intimidate|boost\n|-unboost|p1a: Carbink|atk|1\n|turn|5\n|inactive|Time left: 300 sec this turn | 300 sec total\n|\n|t:|1783551735\n|switch|p1a: Luxray|Luxray, L88, M|284/284\n|-ability|p1a: Luxray|Intimidate|boost\n|-unboost|p2a: Gyarados|atk|1\n|move|p2a: Gyarados|Dragon Dance|p2a: Gyarados\n|-boost|p2a: Gyarados|atk|1\n|-boost|p2a: Gyarados|spe|1\n|\n|upkeep\n|turn|6\n|inactive|Time left: 300 sec this turn | 300 sec total\n|\n|t:|1783551737\n|switch|p2a: Gurdurr|Gurdurr, L85, M|100/100\n|move|p1a: Luxray|Wild Charge|p2a: Gurdurr\n|-damage|p2a: Gurdurr|72/100\n|-damage|p1a: Luxray|264/284|[from] Recoil\n|\n|upkeep\n|turn|7\n|inactive|Time left: 300 sec this turn | 300 sec total\n|\n|t:|1783551738\n|move|p1a: Luxray|Volt Switch|p2a: Gurdurr\n|-damage|p2a: Gurdurr|42/100\n|inactive|Time left: 300 sec this turn | 300 sec total | 5 sec grace\n|\n|t:|1783551739\n|switch|p1a: Whimsicott|Whimsicott, L84, F|238/238|[from] Volt Switch\n|move|p2a: Gurdurr|Drain Punch|p1a: Whimsicott\n|-resisted|p1a: Whimsicott\n|-damage|p1a: Whimsicott|196/238\n|-heal|p2a: Gurdurr|49/100|[from] drain|[of] p1a: Whimsicott\n|\n|-heal|p1a: Whimsicott|210/238|[from] item: Leftovers\n|upkeep\n|turn|8\n|inactive|Time left: 300 sec this turn | 300 sec total\n|\n|t:|1783551740\n|switch|p2a: Gyarados|Gyarados, L79, F|100/100\n|-ability|p2a: Gyarados|Intimidate|boost\n|-unboost|p1a: Whimsicott|atk|1\n|move|p1a: Whimsicott|Moonblast|p2a: Gyarados\n|-damage|p2a: Gyarados|73/100\n|\n|-heal|p1a: Whimsicott|224/238|[from] item: Leftovers\n|upkeep\n|turn|9\n|inactive|Time left: 300 sec this turn | 300 sec total\n|\n|t:|1783551741\n|switch|p1a: Luxray|Luxray, L88, M|264/284\n|-ability|p1a: Luxray|Intimidate|boost\n|-unboost|p2a: Gyarados|atk|1\n|move|p2a: Gyarados|Dragon Dance|p2a: Gyarados\n|-boost|p2a: Gyarados|atk|1\n|-boost|p2a: Gyarados|spe|1\n|\n|upkeep\n|turn|10\n|inactive|Time left: 300 sec this turn | 300 sec total\n|\n|t:|1783551742\n|switch|p2a: Avalugg|Avalugg, L88, M|100/100\n|move|p1a: Luxray|Wild Charge|p2a: Avalugg\n|-damage|p2a: Avalugg|80/100\n|-damage|p1a: Luxray|248/284|[from] Recoil\n|\n|upkeep\n|turn|11\n|inactive|Time left: 300 sec this turn | 300 sec total\n|\n|t:|1783551743\n|move|p1a: Luxray|Volt Switch|p2a: Avalugg\n|-damage|p2a: Avalugg|41/100\n|inactive|Time left: 300 sec this turn | 300 sec total | 5 sec grace\n|\n|t:|1783551743\n|switch|p1a: Palkia|Palkia, L75|259/259|[from] Volt Switch\n|-ability|p1a: Palkia|Pressure\n|move|p2a: Avalugg|Avalanche|p1a: Palkia\n|-damage|p1a: Palkia|181/259\n|\n|upkeep\n|turn|12\n|inactive|Time left: 300 sec this turn | 300 sec total\n|\n|t:|1783551744\n|switch|p2a: Meloetta|Meloetta, L82|100/100\n|move|p1a: Palkia|Spacial Rend|p2a: Meloetta\n|-damage|p2a: Meloetta|54/100\n|\n|upkeep\n|turn|13\n|inactive|Time left: 300 sec this turn | 300 sec total\n|\n|t:|1783551745\n|move|p2a: Meloetta|Knock Off|p1a: Palkia\n|-damage|p1a: Palkia|115/259\n|-enditem|p1a: Palkia|Choice Specs|[from] move: Knock Off|[of] p2a: Meloetta\n|-damage|p2a: Meloetta|44/100|[from] item: Life Orb\n|move|p1a: Palkia|Spacial Rend|p2a: Meloetta\n|-damage|p2a: Meloetta|10/100\n|\n|upkeep\n|turn|14\n|inactive|Time left: 300 sec this turn | 300 sec total\n|\n|t:|1783551746\n|move|p2a: Meloetta|Relic Song|p1a: Palkia\n|-damage|p1a: Palkia|10/259\n|-formechange|p2a: Meloetta|Meloetta-Pirouette|[msg]\n|-damage|p2a: Meloetta|0 fnt|[from] item: Life Orb\n|faint|p2a: Meloetta\n|move|p1a: Palkia|Spacial Rend|p2: Meloetta|[notarget]\n|-fail|p1a: Palkia\n|\n|upkeep\n|\n|t:|1783551747\n|switch|p2a: Gyarados|Gyarados, L79, F|73/100\n|-ability|p2a: Gyarados|Intimidate|boost\n|-unboost|p1a: Palkia|atk|1\n|turn|15\n|inactive|Time left: 300 sec this turn | 300 sec total\n|\n|t:|1783551748\n|move|p1a: Palkia|Draco Meteor|p2a: Gyarados\n|-damage|p2a: Gyarados|19/100\n|-unboost|p1a: Palkia|spa|2\n|move|p2a: Gyarados|Dragon Dance|p2a: Gyarados\n|-boost|p2a: Gyarados|atk|1\n|-boost|p2a: Gyarados|spe|1\n|\n|upkeep\n|turn|16\n|inactive|Time left: 300 sec this turn | 300 sec total\n|\n|t:|1783551749\n|move|p2a: Gyarados|Waterfall|p1a: Palkia\n|-resisted|p1a: Palkia\n|-damage|p1a: Palkia|0 fnt\n|faint|p1a: Palkia\n|\n|upkeep\n|inactive|Time left: 300 sec this turn | 300 sec total | 5 sec grace\n|\n|t:|1783551750\n|switch|p1a: Luxray|Luxray, L88, M|248/284\n|-ability|p1a: Luxray|Intimidate|boost\n|-unboost|p2a: Gyarados|atk|1\n|turn|17\n|inactive|Time left: 300 sec this turn | 300 sec total\n|\n|t:|1783551751\n|move|p2a: Gyarados|Earthquake|p1a: Luxray\n|-supereffective|p1a: Luxray\n|-damage|p1a: Luxray|90/284\n|move|p1a: Luxray|Play Rough|p2a: Gyarados\n|-damage|p2a: Gyarados|0 fnt\n|faint|p2a: Gyarados\n|\n|upkeep\n|\n|t:|1783551752\n|switch|p2a: Floatzel|Floatzel, L86, M|100/100\n|turn|18\n|inactive|Time left: 300 sec this turn | 300 sec total\n|\n|t:|1783551753\n|switch|p1a: Hypno|Hypno, L95, F|315/315\n|move|p2a: Floatzel|Wave Crash|p1a: Hypno\n|-damage|p1a: Hypno|177/315\n|-damage|p2a: Floatzel|84/100|[from] Recoil\n|\n|-heal|p2a: Floatzel|90/100|[from] item: Leftovers\n|-heal|p1a: Hypno|196/315|[from] item: Leftovers\n|upkeep\n|turn|19\n|inactive|Time left: 300 sec this turn | 300 sec total\n|\n|t:|1783551754\n|move|p2a: Floatzel|Bulk Up|p2a: Floatzel\n|-boost|p2a: Floatzel|atk|1\n|-boost|p2a: Floatzel|def|1\n|move|p1a: Hypno|Focus Blast|p2a: Floatzel\n|-damage|p2a: Floatzel|46/100\n|\n|-heal|p2a: Floatzel|52/100|[from] item: Leftovers\n|-heal|p1a: Hypno|215/315|[from] item: Leftovers\n|upkeep\n|turn|20\n|inactive|Time left: 300 sec this turn | 300 sec total\n|\n|t:|1783551755\n|move|p2a: Floatzel|Wave Crash|p1a: Hypno\n|-damage|p1a: Hypno|0 fnt\n|faint|p1a: Hypno\n|-damage|p2a: Floatzel|27/100|[from] Recoil\n|\n|-heal|p2a: Floatzel|33/100|[from] item: Leftovers\n|upkeep\n|inactive|Time left: 300 sec this turn | 300 sec total | 5 sec grace\n|\n|t:|1783551756\n|switch|p1a: Whimsicott|Whimsicott, L84, F|224/238\n|turn|21\n|inactive|Time left: 300 sec this turn | 300 sec total\n|\n|t:|1783551757\n|move|p2a: Floatzel|Ice Spinner|p1a: Whimsicott\n|-supereffective|p1a: Whimsicott\n|-damage|p1a: Whimsicott|36/238\n|move|p1a: Whimsicott|Moonblast|p2a: Floatzel\n|-damage|p2a: Floatzel|0 fnt\n|faint|p2a: Floatzel\n|\n|-heal|p1a: Whimsicott|50/238|[from] item: Leftovers\n|upkeep\n|\n|t:|1783551758\n|switch|p2a: Avalugg|Avalugg, L88, M|41/100\n|turn|22\n|inactive|Time left: 300 sec this turn | 300 sec total\n|\n|t:|1783551759\n|move|p1a: Whimsicott|Moonblast|p2a: Avalugg\n|-damage|p2a: Avalugg|1/100\n|move|p2a: Avalugg|Recover|p2a: Avalugg\n|-heal|p2a: Avalugg|51/100\n|\n|-heal|p1a: Whimsicott|64/238|[from] item: Leftovers\n|upkeep\n|turn|23\n|inactive|Time left: 300 sec this turn | 300 sec total\n|\n|t:|1783551760\n|move|p1a: Whimsicott|Moonblast|p2a: Avalugg\n|-damage|p2a: Avalugg|12/100\n|move|p2a: Avalugg|Recover|p2a: Avalugg\n|-heal|p2a: Avalugg|62/100\n|\n|-heal|p1a: Whimsicott|78/238|[from] item: Leftovers\n|upkeep\n|turn|24\n|inactive|Time left: 300 sec this turn | 300 sec total\n|\n|t:|1783551761\n|move|p1a: Whimsicott|Moonblast|p2a: Avalugg\n|-damage|p2a: Avalugg|23/100\n|-unboost|p2a: Avalugg|spa|1\n|move|p2a: Avalugg|Avalanche|p1a: Whimsicott\n|-supereffective|p1a: Whimsicott\n|-damage|p1a: Whimsicott|0 fnt\n|faint|p1a: Whimsicott\n|\n|upkeep\n|inactive|Time left: 300 sec this turn | 300 sec total | 5 sec grace\n|\n|t:|1783551762\n|switch|p1a: Carbink|Carbink, L90|43/236\n|turn|25\n|inactive|Time left: 300 sec this turn | 300 sec total\n|\n|t:|1783551763\n|move|p1a: Carbink|Moonblast|p2a: Avalugg\n|-damage|p2a: Avalugg|0 fnt\n|faint|p2a: Avalugg\n|\n|-heal|p1a: Carbink|57/236|[from] item: Leftovers\n|upkeep\n|\n|t:|1783551764\n|switch|p2a: Gurdurr|Gurdurr, L85, M|49/100\n|turn|26\n|inactive|Time left: 300 sec this turn | 300 sec total\n|\n|t:|1783551765\n|-terastallize|p1a: Carbink|Fighting\n|move|p1a: Carbink|Body Press|p2a: Gurdurr\n|-damage|p2a: Gurdurr|14/100\n|move|p2a: Gurdurr|Drain Punch|p1a: Carbink\n|-damage|p1a: Carbink|3/236\n|-heal|p2a: Gurdurr|23/100|[from] drain|[of] p1a: Carbink\n|\n|-heal|p1a: Carbink|17/236|[from] item: Leftovers\n|upkeep\n|turn|27\n|inactive|Time left: 300 sec this turn | 300 sec total\n|\n|t:|1783551766\n|-terastallize|p2a: Gurdurr|Steel\n|move|p2a: Gurdurr|Mach Punch|p1a: Carbink\n|-damage|p1a: Carbink|0 fnt\n|faint|p1a: Carbink\n|\n|upkeep\n|inactive|Time left: 300 sec this turn | 300 sec total | 5 sec grace\n|\n|t:|1783551766\n|switch|p1a: Luxray|Luxray, L88, M|90/284\n|-ability|p1a: Luxray|Intimidate|boost\n|-unboost|p2a: Gurdurr|atk|1\n|turn|28\n|inactive|Time left: 300 sec this turn | 300 sec total\n|\n|t:|1783551767\n|move|p1a: Luxray|Volt Switch|p2a: Gurdurr\n|-damage|p2a: Gurdurr|0 fnt\n|faint|p2a: Gurdurr\n|\n|win|p0x1021203e", "uploadtime": 1783551767, "views": 0, "rating": 0, "private": 0, "password": null, "_winner": "p0x1021203e", "_our_name": "p0x1021203e"}