{"id": "battle-gen9randombattle-666", "formatid": "gen9randombattle", "format": "[Gen 9] Random Battle", "players": ["p0x6661bef", "p0y6663152"], "log": "|init|battle\n|title|p0x6661bef vs. p0y6663152\n|j|\u2606p0x6661bef\n|j|\u2606p0y6663152\n|t:|1783547569\n|gametype|singles\n|player|p1|p0x6661bef|102|\n|player|p2|p0y6663152|2|\n|gen|9\n|tier|[Gen 9] Random Battle\n|rule|Species Clause: Limit one of each Pok\u00e9mon\n|rule|HP Percentage Mod: HP is shown in percentages\n|rule|Sleep Clause Mod: Limit one foe put to sleep\n|rule|Illusion Level Mod: Illusion disguises the Pok\u00e9mon's true level\n|\n|t:|1783547569\n|teamsize|p1|6\n|teamsize|p2|6\n|start\n|switch|p1a: Glalie|Glalie, L96, M|309/309\n|switch|p2a: Toxtricity|Toxtricity, L82, M|100/100\n|turn|1\n|inactive|Battle timer is ON: inactive players will automatically lose when time's up. (requested by p0x6661bef)\n|inactive|p0y6663152 also wants the timer to be on.\n|\n|t:|1783547570\n|-terastallize|p2a: Toxtricity|Normal\n|move|p1a: Glalie|Earthquake|p2a: Toxtricity\n|-damage|p2a: Toxtricity|63/100\n|move|p2a: Toxtricity|Boomburst|p1a: Glalie\n|-damage|p1a: Glalie|5/309\n|\n|upkeep\n|turn|2\n|inactive|Time left: 300 sec this turn | 300 sec total\n|\n|t:|1783547572\n|move|p1a: Glalie|Freeze-Dry|p2a: Toxtricity\n|-damage|p2a: Toxtricity|23/100\n|move|p2a: Toxtricity|Boomburst|p1a: Glalie\n|-damage|p1a: Glalie|0 fnt\n|faint|p1a: Glalie\n|\n|upkeep\n|inactive|Time left: 300 sec this turn | 300 sec total | 5 sec grace\n|\n|t:|1783547573\n|switch|p1a: Medicham|Medicham, L86, M|243/243\n|turn|3\n|inactive|Time left: 300 sec this turn | 300 sec total\n|\n|t:|1783547574\n|switch|p2a: Palossand|Palossand, L89, M|100/100\n|move|p1a: Medicham|Close Combat|p2a: Palossand\n|-immune|p2a: Palossand\n|\n|upkeep\n|turn|4\n|inactive|Time left: 300 sec this turn | 300 sec total\n|\n|t:|1783547575\n|switch|p1a: Volcanion|Volcanion, L79|255/255\n|move|p2a: Palossand|Stealth Rock|p1a: Volcanion\n|-sidestart|p1: p0x6661bef|move: Stealth Rock\n|\n|upkeep\n|turn|5\n|inactive|Time left: 300 sec this turn | 300 sec total\n|\n|t:|1783547576\n|move|p1a: Volcanion|Steam Eruption|p2a: Palossand\n|-supereffective|p2a: Palossand\n|-damage|p2a: Palossand|7/100\n|-ability|p2a: Palossand|Water Compaction|boost\n|-boost|p2a: Palossand|def|2\n|move|p2a: Palossand|Earth Power|p1a: Volcanion\n|-supereffective|p1a: Volcanion\n|-damage|p1a: Volcanion|87/255\n|\n|-heal|p2a: Palossand|13/100|[from] item: Leftovers\n|upkeep\n|turn|6\n|inactive|Time left: 300 sec this turn | 300 sec total\n|\n|t:|1783547577\n|move|p1a: Volcanion|Steam Eruption|p2a: Palossand\n|-supereffective|p2a: Palossand\n|-damage|p2a: Palossand|0 fnt\n|faint|p2a: Palossand\n|\n|upkeep\n|\n|t:|1783547578\n|switch|p2a: Toxtricity|Toxtricity, L82, M, tera:Normal|23/100\n|turn|7\n|inactive|Time left: 300 sec this turn | 300 sec total\n|\n|t:|1783547579\n|move|p2a: Toxtricity|Boomburst|p1a: Volcanion\n|-damage|p1a: Volcanion|0 fnt\n|faint|p1a: Volcanion\n|\n|upkeep\n|inactive|Time left: 300 sec this turn | 300 sec total | 5 sec grace\n|\n|t:|1783547580\n|switch|p1a: Medicham|Medicham, L86, M|243/243\n|-damage|p1a: Medicham|228/243|[from] Stealth Rock\n|turn|8\n|inactive|Time left: 300 sec this turn | 300 sec total\n|\n|t:|1783547581\n|move|p1a: Medicham|Zen Headbutt|p2a: Toxtricity\n|-damage|p2a: Toxtricity|0 fnt\n|faint|p2a: Toxtricity\n|\n|upkeep\n|\n|t:|1783547582\n|switch|p2a: Golduck|Golduck, L90, F|100/100\n|-ability|p2a: Golduck|Cloud Nine\n|turn|9\n|inactive|Time left: 300 sec this turn | 300 sec total\n|\n|t:|1783547583\n|move|p2a: Golduck|Nasty Plot|p2a: Golduck\n|-boost|p2a: Golduck|spa|2\n|move|p1a: Medicham|Zen Headbutt|p2a: Golduck|[miss]\n|-miss|p1a: Medicham|p2a: Golduck\n|\n|upkeep\n|turn|10\n|inactive|Time left: 300 sec this turn | 300 sec total\n|\n|t:|1783547584\n|move|p2a: Golduck|Hydro Pump|p1a: Medicham\n|-damage|p1a: Medicham|0 fnt\n|faint|p1a: Medicham\n|-damage|p2a: Golduck|90/100|[from] item: Life Orb\n|\n|upkeep\n|inactive|Time left: 300 sec this turn | 300 sec total | 5 sec grace\n|\n|t:|1783547584\n|switch|p1a: Mesprit|Mesprit, L85|275/275\n|-damage|p1a: Mesprit|241/275|[from] Stealth Rock\n|turn|11\n|inactive|Time left: 300 sec this turn | 300 sec total\n|\n|t:|1783547585\n|switch|p1a: Toxicroak|Toxicroak, L84, M|277/277\n|-damage|p1a: Toxicroak|260/277|[from] Stealth Rock\n|move|p2a: Golduck|Hydro Pump|p1a: Toxicroak\n|-heal|p1a: Toxicroak|277/277|[from] ability: Dry Skin|[of] p2a: Golduck\n|\n|upkeep\n|turn|12\n|inactive|Time left: 300 sec this turn | 300 sec total\n|\n|t:|1783547586\n|move|p2a: Golduck|Ice Beam|p1a: Toxicroak\n|-damage|p1a: Toxicroak|39/277\n|-damage|p2a: Golduck|80/100|[from] item: Life Orb\n|move|p1a: Toxicroak|Gunk Shot|p2a: Golduck\n|-damage|p2a: Golduck|16/100\n|-status|p2a: Golduck|psn\n|-damage|p1a: Toxicroak|12/277|[from] item: Life Orb\n|\n|-damage|p2a: Golduck|4/100 psn|[from] psn\n|upkeep\n|turn|13\n|inactive|Time left: 300 sec this turn | 300 sec total\n|\n|t:|1783547587\n|move|p2a: Golduck|Ice Beam|p1a: Toxicroak\n|-damage|p1a: Toxicroak|0 fnt\n|faint|p1a: Toxicroak\n|-damage|p2a: Golduck|0 fnt|[from] item: Life Orb\n|faint|p2a: Golduck\n|\n|upkeep\n|inactive|Time left: 300 sec this turn | 300 sec total | 5 sec grace\n|\n|t:|1783547588\n|switch|p2a: Plusle|Plusle, L95, F|100/100\n|switch|p1a: Overqwil|Overqwil, L82, M|274/274\n|-damage|p1a: Overqwil|240/274|[from] Stealth Rock\n|-ability|p1a: Overqwil|Intimidate|boost\n|-unboost|p2a: Plusle|atk|1\n|turn|14\n|inactive|Time left: 300 sec this turn | 300 sec total\n|\n|t:|1783547589\n|-terastallize|p1a: Overqwil|Dragon\n|move|p2a: Plusle|Thunderbolt|p1a: Overqwil\n|-resisted|p1a: Overqwil\n|-damage|p1a: Overqwil|144/274\n|-damage|p2a: Plusle|91/100|[from] item: Life Orb\n|move|p1a: Overqwil|Scale Shot|p2a: Plusle\n|-damage|p2a: Plusle|75/100\n|-damage|p2a: Plusle|57/100\n|-damage|p2a: Plusle|40/100\n|-damage|p2a: Plusle|23/100\n|-damage|p2a: Plusle|8/100\n|-hitcount|p2a: Plusle|5\n|-unboost|p1a: Overqwil|def|1\n|-boost|p1a: Overqwil|spe|1\n|\n|upkeep\n|turn|15\n|inactive|Time left: 300 sec this turn | 300 sec total\n|\n|t:|1783547590\n|move|p1a: Overqwil|Gunk Shot|p2a: Plusle|[miss]\n|-miss|p1a: Overqwil|p2a: Plusle\n|move|p2a: Plusle|Alluring Voice|p1a: Overqwil\n|-supereffective|p1a: Overqwil\n|-damage|p1a: Overqwil|0 fnt\n|faint|p1a: Overqwil\n|-damage|p2a: Plusle|0 fnt|[from] item: Life Orb\n|faint|p2a: Plusle\n|\n|upkeep\n|inactive|Time left: 300 sec this turn | 300 sec total | 5 sec grace\n|\n|t:|1783547591\n|switch|p2a: Terrakion|Terrakion, L79|100/100\n|switch|p1a: Mesprit|Mesprit, L85|241/275\n|-damage|p1a: Mesprit|207/275|[from] Stealth Rock\n|turn|16\n|inactive|Time left: 300 sec this turn | 300 sec total\n|\n|t:|1783547592\n|move|p2a: Terrakion|Stone Edge|p1a: Mesprit\n|-damage|p1a: Mesprit|65/275\n|-damage|p2a: Terrakion|91/100|[from] item: Life Orb\n|move|p1a: Mesprit|Thunder Wave|p2a: Terrakion\n|-status|p2a: Terrakion|par\n|\n|-heal|p1a: Mesprit|82/275|[from] item: Leftovers\n|upkeep\n|turn|17\n|inactive|Time left: 300 sec this turn | 300 sec total\n|\n|t:|1783547593\n|move|p1a: Mesprit|Thunder Wave|p2a: Terrakion\n|-fail|p2a: Terrakion|par\n|move|p2a: Terrakion|Stone Edge|p1a: Mesprit\n|-damage|p1a: Mesprit|0 fnt\n|faint|p1a: Mesprit\n|-damage|p2a: Terrakion|81/100 par|[from] item: Life Orb\n|\n|win|p0y6663152", "uploadtime": 1783547593, "views": 0, "rating": 0, "private": 0, "password": null, "_winner": "p0y6663152", "_our_name": "p0x6661bef"}