{"id": "battle-gen9randombattle-2275", "formatid": "gen9randombattle", "format": "[Gen 9] Random Battle", "players": ["p0x2275b004", "p0y227585a2"], "log": "|init|battle\n|title|p0x2275b004 vs. p0y227585a2\n|j|\u2606p0x2275b004\n|j|\u2606p0y227585a2\n|t:|1783565423\n|gametype|singles\n|player|p1|p0x2275b004|102|\n|player|p2|p0y227585a2|102|\n|gen|9\n|tier|[Gen 9] Random Battle\n|rule|Species Clause: Limit one of each Pok\u00e9mon\n|rule|HP Percentage Mod: HP is shown in percentages\n|rule|Sleep Clause Mod: Limit one foe put to sleep\n|rule|Illusion Level Mod: Illusion disguises the Pok\u00e9mon's true level\n|\n|t:|1783565423\n|teamsize|p1|6\n|teamsize|p2|6\n|start\n|switch|p1a: Eelektross|Eelektross, L87, F|100/100\n|switch|p2a: Toucannon|Toucannon, L88, F|284/284\n|turn|1\n|inactive|Battle timer is ON: inactive players will automatically lose when time's up. (requested by p0x2275b004)\n|inactive|Time left: 300 sec this turn | 300 sec total | 60 sec grace\n|inactive|p0y227585a2 also wants the timer to be on.\n|\n|t:|1783565425\n|switch|p2a: Hippowdon|Hippowdon, L82, M|311/311\n|-weather|Sandstorm|[from] ability: Sand Stream|[of] p2a: Hippowdon\n|move|p1a: Eelektross|Discharge|p2a: Hippowdon\n|-immune|p2a: Hippowdon\n|\n|-weather|Sandstorm|[upkeep]\n|-damage|p1a: Eelektross|94/100|[from] Sandstorm\n|upkeep\n|turn|2\n|inactive|Time left: 300 sec this turn | 300 sec total\n|\n|t:|1783565426\n|switch|p1a: Gliscor|Gliscor, L76, F|100/100\n|move|p2a: Hippowdon|Curse|p2a: Hippowdon\n|-unboost|p2a: Hippowdon|spe|1\n|-boost|p2a: Hippowdon|atk|1\n|-boost|p2a: Hippowdon|def|1\n|\n|-weather|Sandstorm|[upkeep]\n|-status|p1a: Gliscor|tox|[from] item: Toxic Orb\n|upkeep\n|turn|3\n|inactive|Time left: 300 sec this turn | 300 sec total\n|\n|t:|1783565427\n|move|p1a: Gliscor|Toxic|p2a: Hippowdon\n|-status|p2a: Hippowdon|tox\n|move|p2a: Hippowdon|Stone Edge|p1a: Gliscor\n|-damage|p1a: Gliscor|59/100 tox\n|\n|-weather|Sandstorm|[upkeep]\n|-heal|p1a: Gliscor|71/100 tox|[from] ability: Poison Heal\n|-damage|p2a: Hippowdon|292/311 tox|[from] psn\n|upkeep\n|turn|4\n|inactive|Time left: 300 sec this turn | 300 sec total\n|\n|t:|1783565428\n|move|p1a: Gliscor|Earthquake|p2a: Hippowdon\n|-crit|p2a: Hippowdon\n|-damage|p2a: Hippowdon|184/311 tox\n|move|p2a: Hippowdon|Stone Edge|p1a: Gliscor\n|-damage|p1a: Gliscor|35/100 tox\n|\n|-weather|Sandstorm|[upkeep]\n|-heal|p2a: Hippowdon|203/311 tox|[from] item: Leftovers\n|-heal|p1a: Gliscor|47/100 tox|[from] ability: Poison Heal\n|-damage|p2a: Hippowdon|165/311 tox|[from] psn\n|upkeep\n|turn|5\n|inactive|Time left: 300 sec this turn | 300 sec total\n|\n|t:|1783565429\n|move|p1a: Gliscor|Earthquake|p2a: Hippowdon\n|-damage|p2a: Hippowdon|120/311 tox\n|move|p2a: Hippowdon|Slack Off|p2a: Hippowdon\n|-heal|p2a: Hippowdon|276/311 tox\n|\n|-weather|none\n|-heal|p2a: Hippowdon|295/311 tox|[from] item: Leftovers\n|-heal|p1a: Gliscor|59/100 tox|[from] ability: Poison Heal\n|-damage|p2a: Hippowdon|238/311 tox|[from] psn\n|upkeep\n|turn|6\n|inactive|Time left: 300 sec this turn | 300 sec total\n|\n|t:|1783565429\n|switch|p2a: Toucannon|Toucannon, L88, F|284/284\n|move|p1a: Gliscor|Toxic|p2a: Toucannon\n|-status|p2a: Toucannon|tox\n|\n|-heal|p1a: Gliscor|71/100 tox|[from] ability: Poison Heal\n|-damage|p2a: Toucannon|267/284 tox|[from] psn\n|upkeep\n|turn|7\n|inactive|Time left: 300 sec this turn | 300 sec total\n|\n|t:|1783565430\n|move|p1a: Gliscor|Protect|p1a: Gliscor\n|-singleturn|p1a: Gliscor|Protect\n|move|p2a: Toucannon|Boomburst|p1a: Gliscor\n|-activate|p1a: Gliscor|move: Protect\n|\n|-heal|p1a: Gliscor|83/100 tox|[from] ability: Poison Heal\n|-damage|p2a: Toucannon|233/284 tox|[from] psn\n|upkeep\n|turn|8\n|inactive|Time left: 300 sec this turn | 300 sec total\n|\n|t:|1783565431\n|move|p1a: Gliscor|Earthquake|p2a: Toucannon\n|-immune|p2a: Toucannon\n|move|p2a: Toucannon|Boomburst|p1a: Gliscor\n|-damage|p1a: Gliscor|8/100 tox\n|\n|-heal|p1a: Gliscor|20/100 tox|[from] ability: Poison Heal\n|-damage|p2a: Toucannon|182/284 tox|[from] psn\n|upkeep\n|turn|9\n|inactive|Time left: 300 sec this turn | 300 sec total\n|\n|t:|1783565432\n|-singleturn|p2a: Toucannon|move: Beak Blast\n|move|p1a: Gliscor|Protect|p1a: Gliscor\n|-singleturn|p1a: Gliscor|Protect\n|move|p2a: Toucannon|Beak Blast|p1a: Gliscor\n|-activate|p1a: Gliscor|move: Protect\n|\n|-heal|p1a: Gliscor|32/100 tox|[from] ability: Poison Heal\n|-damage|p2a: Toucannon|114/284 tox|[from] psn\n|upkeep\n|turn|10\n|inactive|Time left: 300 sec this turn | 300 sec total\n|\n|t:|1783565433\n|switch|p1a: Gouging Fire|Gouging Fire, L74|100/100\n|move|p2a: Toucannon|Boomburst|p1a: Gouging Fire\n|-damage|p1a: Gouging Fire|47/100\n|\n|-damage|p2a: Toucannon|29/284 tox|[from] psn\n|upkeep\n|turn|11\n|inactive|Time left: 300 sec this turn | 300 sec total\n|\n|t:|1783565434\n|move|p1a: Gouging Fire|Morning Sun|p1a: Gouging Fire\n|-heal|p1a: Gouging Fire|97/100\n|move|p2a: Toucannon|Boomburst|p1a: Gouging Fire\n|-damage|p1a: Gouging Fire|46/100\n|\n|-damage|p2a: Toucannon|0 fnt|[from] psn\n|faint|p2a: Toucannon\n|upkeep\n|inactive|Time left: 300 sec this turn | 300 sec total | 5 sec grace\n|\n|t:|1783565435\n|switch|p2a: Hippowdon|Hippowdon, L82, M|238/311 tox\n|-weather|Sandstorm|[from] ability: Sand Stream|[of] p2a: Hippowdon\n|turn|12\n|inactive|Time left: 300 sec this turn | 300 sec total\n|\n|t:|1783565436\n|-end|p1a: Gouging Fire|Protosynthesis|[silent]\n|switch|p1a: Gliscor|Gliscor, L76, F|32/100 tox\n|move|p2a: Hippowdon|Earthquake|p1a: Gliscor\n|-immune|p1a: Gliscor\n|\n|-weather|Sandstorm|[upkeep]\n|-heal|p2a: Hippowdon|257/311 tox|[from] item: Leftovers\n|-heal|p1a: Gliscor|44/100 tox|[from] ability: Poison Heal\n|-damage|p2a: Hippowdon|238/311 tox|[from] psn\n|upkeep\n|turn|13\n|inactive|Time left: 300 sec this turn | 300 sec total\n|\n|t:|1783565437\n|move|p1a: Gliscor|Earthquake|p2a: Hippowdon\n|-damage|p2a: Hippowdon|162/311 tox\n|move|p2a: Hippowdon|Stone Edge|p1a: Gliscor\n|-damage|p1a: Gliscor|17/100 tox\n|\n|-weather|Sandstorm|[upkeep]\n|-heal|p2a: Hippowdon|181/311 tox|[from] item: Leftovers\n|-heal|p1a: Gliscor|29/100 tox|[from] ability: Poison Heal\n|-damage|p2a: Hippowdon|143/311 tox|[from] psn\n|upkeep\n|turn|14\n|inactive|Time left: 300 sec this turn | 300 sec total\n|\n|t:|1783565438\n|move|p1a: Gliscor|Earthquake|p2a: Hippowdon\n|-damage|p2a: Hippowdon|73/311 tox\n|move|p2a: Hippowdon|Slack Off|p2a: Hippowdon\n|-heal|p2a: Hippowdon|229/311 tox\n|\n|-weather|Sandstorm|[upkeep]\n|-heal|p2a: Hippowdon|248/311 tox|[from] item: Leftovers\n|-heal|p1a: Gliscor|41/100 tox|[from] ability: Poison Heal\n|-damage|p2a: Hippowdon|191/311 tox|[from] psn\n|upkeep\n|turn|15\n|inactive|Time left: 300 sec this turn | 300 sec total\n|\n|t:|1783565439\n|switch|p2a: Alcremie|Alcremie-Caramel-Swirl, L90, F|263/263\n|move|p1a: Gliscor|Earthquake|p2a: Alcremie\n|-damage|p2a: Alcremie|176/263\n|\n|-weather|Sandstorm|[upkeep]\n|-damage|p2a: Alcremie|160/263|[from] Sandstorm\n|-heal|p2a: Alcremie|176/263|[from] item: Leftovers\n|-heal|p1a: Gliscor|53/100 tox|[from] ability: Poison Heal\n|upkeep\n|turn|16\n|inactive|Time left: 300 sec this turn | 300 sec total\n|\n|t:|1783565440\n|move|p1a: Gliscor|Protect|p1a: Gliscor\n|-singleturn|p1a: Gliscor|Protect\n|move|p2a: Alcremie|Alluring Voice|p1a: Gliscor\n|-activate|p1a: Gliscor|move: Protect\n|\n|-weather|none\n|-heal|p2a: Alcremie|192/263|[from] item: Leftovers\n|-heal|p1a: Gliscor|65/100 tox|[from] ability: Poison Heal\n|upkeep\n|turn|17\n|inactive|Time left: 300 sec this turn | 300 sec total\n|\n|t:|1783565441\n|move|p1a: Gliscor|Toxic|p2a: Alcremie|[miss]\n|-miss|p1a: Gliscor|p2a: Alcremie\n|move|p2a: Alcremie|Alluring Voice|p1a: Gliscor\n|-damage|p1a: Gliscor|7/100 tox\n|\n|-heal|p2a: Alcremie|208/263|[from] item: Leftovers\n|-heal|p1a: Gliscor|19/100 tox|[from] ability: Poison Heal\n|upkeep\n|turn|18\n|inactive|Time left: 300 sec this turn | 300 sec total\n|\n|t:|1783565443\n|move|p1a: Gliscor|Earthquake|p2a: Alcremie\n|-damage|p2a: Alcremie|121/263\n|move|p2a: Alcremie|Alluring Voice|p1a: Gliscor\n|-damage|p1a: Gliscor|0 fnt\n|faint|p1a: Gliscor\n|\n|-heal|p2a: Alcremie|137/263|[from] item: Leftovers\n|upkeep\n|\n|t:|1783565444\n|switch|p1a: Kyogre|Kyogre, L71|100/100\n|-weather|RainDance|[from] ability: Drizzle|[of] p1a: Kyogre\n|turn|19\n|inactive|Time left: 300 sec this turn | 300 sec total\n|\n|t:|1783565445\n|move|p1a: Kyogre|Water Spout|p2a: Alcremie\n|-crit|p2a: Alcremie\n|-damage|p2a: Alcremie|0 fnt\n|faint|p2a: Alcremie\n|\n|-weather|RainDance|[upkeep]\n|upkeep\n|inactive|Time left: 300 sec this turn | 300 sec total | 5 sec grace\n|\n|t:|1783565446\n|switch|p2a: Mimikyu|Mimikyu, L79, F|216/216\n|turn|20\n|inactive|Time left: 300 sec this turn | 300 sec total\n|\n|t:|1783565447\n|move|p1a: Kyogre|Water Spout|p2a: Mimikyu\n|-activate|p2a: Mimikyu|ability: Disguise\n|-damage|p2a: Mimikyu|216/216\n|detailschange|p2a: Mimikyu|Mimikyu-Busted, L79, F\n|-damage|p2a: Mimikyu|189/216|[from] pokemon: Mimikyu-Busted\n|move|p2a: Mimikyu|Play Rough|p1a: Kyogre\n|-damage|p1a: Kyogre|52/100\n|-damage|p2a: Mimikyu|168/216|[from] item: Life Orb\n|\n|-weather|RainDance|[upkeep]\n|upkeep\n|turn|21\n|inactive|Time left: 300 sec this turn | 300 sec total\n|\n|t:|1783565448\n|move|p1a: Kyogre|Water Spout|p2a: Mimikyu\n|-damage|p2a: Mimikyu|50/216\n|move|p2a: Mimikyu|Play Rough|p1a: Kyogre\n|-damage|p1a: Kyogre|5/100\n|-damage|p2a: Mimikyu|29/216|[from] item: Life Orb\n|\n|-weather|RainDance|[upkeep]\n|upkeep\n|turn|22\n|inactive|Time left: 300 sec this turn | 300 sec total\n|\n|t:|1783565449\n|switch|p1a: Eelektross|Eelektross, L87, F|94/100\n|switch|p2a: Hippowdon|Hippowdon, L82, M|191/311 tox\n|-weather|Sandstorm|[from] ability: Sand Stream|[of] p2a: Hippowdon\n|\n|-weather|Sandstorm|[upkeep]\n|-damage|p1a: Eelektross|88/100|[from] Sandstorm\n|-heal|p2a: Hippowdon|210/311 tox|[from] item: Leftovers\n|-damage|p2a: Hippowdon|191/311 tox|[from] psn\n|upkeep\n|turn|23\n|inactive|Time left: 300 sec this turn | 300 sec total\n|\n|t:|1783565450\n|move|p1a: Eelektross|Knock Off|p2a: Hippowdon\n|-damage|p2a: Hippowdon|126/311 tox\n|-enditem|p2a: Hippowdon|Leftovers|[from] move: Knock Off|[of] p1a: Eelektross\n|move|p2a: Hippowdon|Slack Off|p2a: Hippowdon\n|-heal|p2a: Hippowdon|282/311 tox\n|\n|-weather|Sandstorm|[upkeep]\n|-damage|p1a: Eelektross|82/100|[from] Sandstorm\n|-damage|p2a: Hippowdon|244/311 tox|[from] psn\n|upkeep\n|turn|24\n|inactive|Time left: 300 sec this turn | 300 sec total\n|\n|t:|1783565451\n|move|p1a: Eelektross|Flamethrower|p2a: Hippowdon\n|-damage|p2a: Hippowdon|152/311 tox\n|move|p2a: Hippowdon|Stone Edge|p1a: Eelektross\n|-crit|p1a: Eelektross\n|-damage|p1a: Eelektross|40/100\n|\n|-weather|Sandstorm|[upkeep]\n|-damage|p1a: Eelektross|34/100|[from] Sandstorm\n|-damage|p2a: Hippowdon|95/311 tox|[from] psn\n|upkeep\n|turn|25\n|inactive|Time left: 300 sec this turn | 300 sec total\n|\n|t:|1783565453\n|move|p1a: Eelektross|Flamethrower|p2a: Hippowdon\n|-damage|p2a: Hippowdon|7/311 tox\n|move|p2a: Hippowdon|Stone Edge|p1a: Eelektross\n|-damage|p1a: Eelektross|7/100\n|\n|-weather|Sandstorm|[upkeep]\n|-damage|p1a: Eelektross|1/100|[from] Sandstorm\n|-damage|p2a: Hippowdon|0 fnt|[from] psn\n|faint|p2a: Hippowdon\n|upkeep\n|inactive|Time left: 300 sec this turn | 300 sec total | 5 sec grace\n|\n|t:|1783565454\n|switch|p2a: Cetitan|Cetitan, L82, F|413/413\n|turn|26\n|inactive|Time left: 300 sec this turn | 300 sec total\n|\n|t:|1783565454\n|move|p2a: Cetitan|Icicle Crash|p1a: Eelektross|[miss]\n|-miss|p2a: Cetitan|p1a: Eelektross\n|move|p1a: Eelektross|Discharge|p2a: Cetitan\n|-damage|p2a: Cetitan|271/413\n|\n|-weather|none\n|upkeep\n|turn|27\n|inactive|Time left: 300 sec this turn | 300 sec total\n|\n|t:|1783565455\n|move|p2a: Cetitan|Liquidation|p1a: Eelektross\n|-crit|p1a: Eelektross\n|-damage|p1a: Eelektross|0 fnt\n|faint|p1a: Eelektross\n|\n|upkeep\n|\n|t:|1783565456\n|switch|p1a: Pawmot|Pawmot, L80, F|100/100\n|turn|28\n|inactive|Time left: 300 sec this turn | 300 sec total\n|\n|t:|1783565457\n|switch|p2a: Mimikyu|Mimikyu-Busted, L79, F|29/216\n|move|p1a: Pawmot|Close Combat|p2a: Mimikyu\n|-immune|p2a: Mimikyu\n|\n|upkeep\n|turn|29\n|inactive|Time left: 300 sec this turn | 300 sec total\n|\n|t:|1783565458\n|move|p2a: Mimikyu|Shadow Sneak|p1a: Pawmot\n|-damage|p1a: Pawmot|77/100\n|-damage|p2a: Mimikyu|8/216|[from] item: Life Orb\n|move|p1a: Pawmot|Knock Off|p2a: Mimikyu\n|-damage|p2a: Mimikyu|0 fnt\n|-enditem|p2a: Mimikyu|Life Orb|[from] move: Knock Off|[of] p1a: Pawmot\n|faint|p2a: Mimikyu\n|-damage|p1a: Pawmot|68/100|[from] item: Life Orb\n|\n|upkeep\n|inactive|Time left: 300 sec this turn | 300 sec total | 5 sec grace\n|\n|t:|1783565459\n|switch|p2a: Arceus|Arceus-Psychic, L70|284/284\n|turn|30\n|inactive|Time left: 300 sec this turn | 300 sec total\n|\n|t:|1783565460\n|-terastallize|p1a: Pawmot|Electric\n|move|p1a: Pawmot|Double Shock|p2a: Arceus\n|-damage|p2a: Arceus|50/284\n|-start|p1a: Pawmot|typechange|Electric|[from] move: Double Shock\n|-damage|p1a: Pawmot|58/100|[from] item: Life Orb\n|move|p2a: Arceus|Recover|p2a: Arceus\n|-heal|p2a: Arceus|192/284\n|\n|upkeep\n|turn|31\n|inactive|Time left: 300 sec this turn | 300 sec total\n|\n|t:|1783565461\n|switch|p2a: Cetitan|Cetitan, L82, F|271/413\n|move|p1a: Pawmot|Double Shock|p2a: Cetitan\n|-damage|p2a: Cetitan|0 fnt\n|-start|p1a: Pawmot|typechange|Electric|[from] move: Double Shock\n|faint|p2a: Cetitan\n|-damage|p1a: Pawmot|48/100|[from] item: Life Orb\n|\n|upkeep\n|inactive|Time left: 300 sec this turn | 300 sec total | 5 sec grace\n|\n|t:|1783565462\n|switch|p2a: Arceus|Arceus-Psychic, L70|192/284\n|turn|32\n|inactive|Time left: 300 sec this turn | 300 sec total\n|\n|t:|1783565462\n|move|p1a: Pawmot|Double Shock|p2a: Arceus\n|-damage|p2a: Arceus|0 fnt\n|-start|p1a: Pawmot|typechange|Electric|[from] move: Double Shock\n|faint|p2a: Arceus\n|-damage|p1a: Pawmot|38/100|[from] item: Life Orb\n|\n|win|p0x2275b004", "uploadtime": 1783565462, "views": 0, "rating": 0, "private": 0, "password": null, "_winner": "p0x2275b004", "_our_name": "p0y227585a2"}