{"id": "battle-gen9randombattle-588", "formatid": "gen9randombattle", "format": "[Gen 9] Random Battle", "players": ["p0x5887de8", "p0y588c6ae"], "log": "|init|battle\n|title|p0x5887de8 vs. p0y588c6ae\n|j|\u2606p0x5887de8\n|j|\u2606p0y588c6ae\n|t:|1783545879\n|gametype|singles\n|player|p1|p0x5887de8|101|\n|player|p2|p0y588c6ae|102|\n|gen|9\n|tier|[Gen 9] Random Battle\n|rule|Species Clause: Limit one of each Pok\u00e9mon\n|rule|HP Percentage Mod: HP is shown in percentages\n|rule|Sleep Clause Mod: Limit one foe put to sleep\n|rule|Illusion Level Mod: Illusion disguises the Pok\u00e9mon's true level\n|\n|t:|1783545879\n|teamsize|p1|6\n|teamsize|p2|6\n|start\n|switch|p1a: Camerupt|Camerupt, L91, F|275/275\n|switch|p2a: Latias|Latias, L79, F|100/100\n|turn|1\n|inactive|Battle timer is ON: inactive players will automatically lose when time's up. (requested by p0x5887de8)\n|inactive|p0y588c6ae also wants the timer to be on.\n|\n|t:|1783545881\n|switch|p2a: Hariyama|Hariyama, L87, F|100/100\n|move|p1a: Camerupt|Stealth Rock|p2a: Hariyama\n|-sidestart|p2: p0y588c6ae|move: Stealth Rock\n|\n|-status|p2a: Hariyama|brn|[from] item: Flame Orb\n|upkeep\n|turn|2\n|inactive|Time left: 300 sec this turn | 300 sec total\n|\n|t:|1783545882\n|switch|p1a: Forretress|Forretress, L84, M|263/263\n|-terastallize|p2a: Hariyama|Normal\n|move|p2a: Hariyama|Facade|p1a: Forretress\n|-resisted|p1a: Forretress\n|-damage|p1a: Forretress|165/263\n|\n|-heal|p1a: Forretress|181/263|[from] item: Leftovers\n|-damage|p2a: Hariyama|94/100 brn|[from] brn\n|upkeep\n|turn|3\n|inactive|Time left: 300 sec this turn | 300 sec total\n|\n|t:|1783545883\n|move|p2a: Hariyama|Facade|p1a: Forretress\n|-resisted|p1a: Forretress\n|-damage|p1a: Forretress|80/263\n|move|p1a: Forretress|Rapid Spin|p2a: Hariyama\n|-damage|p2a: Hariyama|83/100 brn\n|-boost|p1a: Forretress|spe|1\n|\n|-heal|p1a: Forretress|96/263|[from] item: Leftovers\n|-damage|p2a: Hariyama|77/100 brn|[from] brn\n|upkeep\n|turn|4\n|inactive|Time left: 300 sec this turn | 300 sec total\n|\n|t:|1783545884\n|move|p1a: Forretress|Iron Head|p2a: Hariyama\n|-damage|p2a: Hariyama|53/100 brn\n|cant|p2a: Hariyama|flinch\n|\n|-heal|p1a: Forretress|112/263|[from] item: Leftovers\n|-damage|p2a: Hariyama|46/100 brn|[from] brn\n|upkeep\n|turn|5\n|inactive|Time left: 300 sec this turn | 300 sec total\n|\n|t:|1783545885\n|move|p1a: Forretress|Iron Head|p2a: Hariyama\n|-damage|p2a: Hariyama|21/100 brn\n|move|p2a: Hariyama|Close Combat|p1a: Forretress\n|-crit|p1a: Forretress\n|-damage|p1a: Forretress|0 fnt\n|-unboost|p2a: Hariyama|def|1\n|-unboost|p2a: Hariyama|spd|1\n|faint|p1a: Forretress\n|\n|-damage|p2a: Hariyama|15/100 brn|[from] brn\n|upkeep\n|inactive|Time left: 300 sec this turn | 300 sec total | 5 sec grace\n|\n|t:|1783545886\n|switch|p1a: Latios|Latios, L78, M|253/253\n|turn|6\n|inactive|Time left: 300 sec this turn | 300 sec total\n|\n|t:|1783545888\n|switch|p2a: Mimikyu|Mimikyu, L79, F|100/100\n|-damage|p2a: Mimikyu|88/100|[from] Stealth Rock\n|move|p1a: Latios|Luster Purge|p2a: Mimikyu\n|-activate|p2a: Mimikyu|ability: Disguise\n|-damage|p2a: Mimikyu|88/100\n|detailschange|p2a: Mimikyu|Mimikyu-Busted, L79, F\n|-damage|p2a: Mimikyu|75/100|[from] pokemon: Mimikyu-Busted\n|\n|upkeep\n|turn|7\n|inactive|Time left: 300 sec this turn | 300 sec total\n|\n|t:|1783545889\n|switch|p2a: Latias|Latias, L79, F|100/100\n|-damage|p2a: Latias|88/100|[from] Stealth Rock\n|move|p1a: Latios|Luster Purge|p2a: Latias\n|-resisted|p2a: Latias\n|-damage|p2a: Latias|68/100\n|-unboost|p2a: Latias|spd|1\n|\n|upkeep\n|turn|8\n|inactive|Time left: 300 sec this turn | 300 sec total\n|\n|t:|1783545890\n|switch|p1a: Dunsparce|Dunsparce, L86, F|312/312\n|move|p2a: Latias|Draco Meteor|p1a: Dunsparce\n|-damage|p1a: Dunsparce|185/312\n|-unboost|p2a: Latias|spa|2\n|\n|upkeep\n|turn|9\n|inactive|Time left: 300 sec this turn | 300 sec total\n|\n|t:|1783545891\n|switch|p2a: Great Tusk|Great Tusk, L77|100/100\n|-damage|p2a: Great Tusk|98/100|[from] Stealth Rock\n|move|p1a: Dunsparce|Coil|p1a: Dunsparce\n|-boost|p1a: Dunsparce|atk|1\n|-boost|p1a: Dunsparce|def|1\n|-boost|p1a: Dunsparce|accuracy|1\n|\n|-heal|p2a: Great Tusk|100/100|[from] item: Leftovers\n|upkeep\n|turn|10\n|inactive|Time left: 300 sec this turn | 300 sec total\n|\n|t:|1783545892\n|move|p2a: Great Tusk|Rapid Spin|p1a: Dunsparce\n|-damage|p1a: Dunsparce|165/312\n|-boost|p2a: Great Tusk|spe|1\n|-sideend|p2: p0y588c6ae|Stealth Rock|[from] move: Rapid Spin|[of] p2a: Great Tusk\n|move|p1a: Dunsparce|Coil|p1a: Dunsparce\n|-boost|p1a: Dunsparce|atk|1\n|-boost|p1a: Dunsparce|def|1\n|-boost|p1a: Dunsparce|accuracy|1\n|\n|upkeep\n|turn|11\n|inactive|Time left: 300 sec this turn | 300 sec total\n|\n|t:|1783545894\n|move|p2a: Great Tusk|Stealth Rock|p1a: Dunsparce\n|-sidestart|p1: p0x5887de8|move: Stealth Rock\n|move|p1a: Dunsparce|Roost|p1a: Dunsparce\n|-heal|p1a: Dunsparce|312/312\n|-singleturn|p1a: Dunsparce|move: Roost\n|\n|upkeep\n|turn|12\n|inactive|Time left: 300 sec this turn | 300 sec total\n|\n|t:|1783545895\n|move|p2a: Great Tusk|Rapid Spin|p1a: Dunsparce\n|-damage|p1a: Dunsparce|297/312\n|-boost|p2a: Great Tusk|spe|1\n|move|p1a: Dunsparce|Body Slam|p2a: Great Tusk\n|-crit|p2a: Great Tusk\n|-damage|p2a: Great Tusk|42/100\n|-status|p2a: Great Tusk|par\n|\n|-heal|p2a: Great Tusk|49/100 par|[from] item: Leftovers\n|upkeep\n|turn|13\n|inactive|Time left: 300 sec this turn | 300 sec total\n|\n|t:|1783545896\n|move|p2a: Great Tusk|Close Combat|p1a: Dunsparce\n|-supereffective|p1a: Dunsparce\n|-damage|p1a: Dunsparce|189/312\n|-unboost|p2a: Great Tusk|def|1\n|-unboost|p2a: Great Tusk|spd|1\n|move|p1a: Dunsparce|Body Slam|p2a: Great Tusk\n|-damage|p2a: Great Tusk|0 fnt\n|faint|p2a: Great Tusk\n|-end|p2a: Great Tusk|Protosynthesis|[silent]\n|\n|upkeep\n|\n|t:|1783545897\n|switch|p2a: Latias|Latias, L79, F|68/100\n|turn|14\n|inactive|Time left: 300 sec this turn | 300 sec total\n|\n|t:|1783545898\n|move|p2a: Latias|Calm Mind|p2a: Latias\n|-boost|p2a: Latias|spa|1\n|-boost|p2a: Latias|spd|1\n|move|p1a: Dunsparce|Body Slam|p2a: Latias\n|-damage|p2a: Latias|8/100\n|-status|p2a: Latias|par\n|\n|upkeep\n|turn|15\n|inactive|Time left: 300 sec this turn | 300 sec total\n|\n|t:|1783545899\n|switch|p2a: Mimikyu|Mimikyu-Busted, L79, F|75/100\n|move|p1a: Dunsparce|Body Slam|p2a: Mimikyu\n|-immune|p2a: Mimikyu\n|\n|upkeep\n|turn|16\n|inactive|Time left: 300 sec this turn | 300 sec total\n|\n|t:|1783545900\n|move|p2a: Mimikyu|Swords Dance|p2a: Mimikyu\n|-boost|p2a: Mimikyu|atk|2\n|move|p1a: Dunsparce|Earthquake|p2a: Mimikyu\n|-damage|p2a: Mimikyu|12/100\n|\n|upkeep\n|turn|17\n|inactive|Time left: 300 sec this turn | 300 sec total\n|\n|t:|1783545901\n|move|p2a: Mimikyu|Drain Punch|p1a: Dunsparce\n|-supereffective|p1a: Dunsparce\n|-damage|p1a: Dunsparce|95/312\n|-heal|p2a: Mimikyu|33/100|[from] drain|[of] p1a: Dunsparce\n|-damage|p2a: Mimikyu|24/100|[from] item: Life Orb\n|move|p1a: Dunsparce|Earthquake|p2a: Mimikyu\n|-damage|p2a: Mimikyu|0 fnt\n|faint|p2a: Mimikyu\n|\n|upkeep\n|\n|t:|1783545902\n|switch|p2a: Hariyama|Hariyama, L87, F, tera:Normal|15/100 brn\n|turn|18\n|inactive|Time left: 300 sec this turn | 300 sec total\n|\n|t:|1783545903\n|move|p2a: Hariyama|Facade|p1a: Dunsparce\n|-damage|p1a: Dunsparce|0 fnt\n|faint|p1a: Dunsparce\n|\n|-damage|p2a: Hariyama|9/100 brn|[from] brn\n|upkeep\n|inactive|Time left: 300 sec this turn | 300 sec total | 5 sec grace\n|\n|t:|1783545904\n|switch|p1a: Furret|Furret, L94, F|312/312\n|-damage|p1a: Furret|273/312|[from] Stealth Rock\n|-item|p2a: Hariyama|Flame Orb|[from] ability: Frisk|[of] p1a: Furret\n|turn|19\n|inactive|Time left: 300 sec this turn | 300 sec total\n|\n|t:|1783545905\n|switch|p2a: Latias|Latias, L79, F|8/100 par\n|move|p1a: Furret|Knock Off|p2a: Latias\n|-supereffective|p2a: Latias\n|-damage|p2a: Latias|0 fnt\n|-enditem|p2a: Latias|Soul Dew|[from] move: Knock Off|[of] p1a: Furret\n|faint|p2a: Latias\n|-damage|p1a: Furret|242/312|[from] item: Life Orb\n|\n|upkeep\n|\n|t:|1783545906\n|switch|p2a: Grafaiai|Grafaiai, L86, F|100/100\n|turn|20\n|inactive|Time left: 300 sec this turn | 300 sec total\n|\n|t:|1783545907\n|move|p2a: Grafaiai|Gunk Shot|p1a: Furret|[miss]\n|-miss|p2a: Grafaiai|p1a: Furret\n|move|p1a: Furret|Tidy Up|p1a: Furret\n|-sideend|p1: p0x5887de8|Stealth Rock\n|-activate|p1a: Furret|move: Tidy Up\n|-boost|p1a: Furret|atk|1\n|-boost|p1a: Furret|spe|1\n|\n|upkeep\n|turn|21\n|inactive|Time left: 300 sec this turn | 300 sec total\n|\n|t:|1783545908\n|switch|p2a: Scream Tail|Scream Tail, L84|100/100\n|move|p1a: Furret|Double-Edge|p2a: Scream Tail\n|-damage|p2a: Scream Tail|34/100\n|-damage|p1a: Furret|170/312|[from] Recoil\n|-damage|p1a: Furret|139/312|[from] item: Life Orb\n|\n|-heal|p2a: Scream Tail|40/100|[from] item: Leftovers\n|upkeep\n|turn|22\n|inactive|Time left: 300 sec this turn | 300 sec total\n|\n|t:|1783545908\n|move|p2a: Scream Tail|Protect|p2a: Scream Tail\n|-singleturn|p2a: Scream Tail|Protect\n|move|p1a: Furret|Double-Edge|p2a: Scream Tail\n|-activate|p2a: Scream Tail|move: Protect\n|\n|-heal|p2a: Scream Tail|47/100|[from] item: Leftovers\n|upkeep\n|turn|23\n|inactive|Time left: 300 sec this turn | 300 sec total\n|\n|t:|1783545909\n|move|p1a: Furret|Double-Edge|p2a: Scream Tail\n|-damage|p2a: Scream Tail|0 fnt\n|faint|p2a: Scream Tail\n|-end|p2a: Scream Tail|Protosynthesis|[silent]\n|-damage|p1a: Furret|89/312|[from] Recoil\n|-damage|p1a: Furret|58/312|[from] item: Life Orb\n|\n|upkeep\n|\n|t:|1783545910\n|switch|p2a: Hariyama|Hariyama, L87, F, tera:Normal|9/100 brn\n|turn|24\n|inactive|Time left: 300 sec this turn | 300 sec total\n|\n|t:|1783545912\n|move|p2a: Hariyama|Bullet Punch|p1a: Furret\n|-damage|p1a: Furret|0 fnt\n|faint|p1a: Furret\n|\n|-damage|p2a: Hariyama|3/100 brn|[from] brn\n|upkeep\n|inactive|Time left: 300 sec this turn | 300 sec total | 5 sec grace\n|\n|t:|1783545913\n|switch|p1a: Kilowattrel|Kilowattrel, L83, F|252/252\n|turn|25\n|inactive|Time left: 300 sec this turn | 300 sec total\n|\n|t:|1783545914\n|switch|p2a: Grafaiai|Grafaiai, L86, F|100/100\n|move|p1a: Kilowattrel|U-turn|p2a: Grafaiai\n|-resisted|p2a: Grafaiai\n|-damage|p2a: Grafaiai|91/100\n|inactive|Time left: 300 sec this turn | 300 sec total | 5 sec grace\n|\n|t:|1783545915\n|switch|p1a: Camerupt|Camerupt, L91, F|275/275|[from] U-turn\n|\n|upkeep\n|turn|26\n|inactive|Time left: 300 sec this turn | 300 sec total\n|\n|t:|1783545916\n|switch|p2a: Hariyama|Hariyama, L87, F, tera:Normal|3/100 brn\n|move|p1a: Camerupt|Earthquake|p2a: Hariyama\n|-damage|p2a: Hariyama|0 fnt\n|faint|p2a: Hariyama\n|\n|upkeep\n|\n|t:|1783545916\n|switch|p2a: Grafaiai|Grafaiai, L86, F|91/100\n|turn|27\n|inactive|Time left: 300 sec this turn | 300 sec total\n|\n|t:|1783545917\n|move|p2a: Grafaiai|Low Kick|p1a: Camerupt\n|-crit|p1a: Camerupt\n|-damage|p1a: Camerupt|100/275\n|-damage|p2a: Grafaiai|82/100|[from] item: Life Orb\n|move|p1a: Camerupt|Earthquake|p2a: Grafaiai\n|-supereffective|p2a: Grafaiai\n|-damage|p2a: Grafaiai|0 fnt\n|faint|p2a: Grafaiai\n|\n|win|p0x5887de8", "uploadtime": 1783545917, "views": 0, "rating": 0, "private": 0, "password": null, "_winner": "p0x5887de8", "_our_name": "p0x5887de8"}