{"id": "battle-gen9randombattle-764", "formatid": "gen9randombattle", "format": "[Gen 9] Random Battle", "players": ["p0x764e3c3", "p0y76483a1"], "log": "|init|battle\n|title|p0x764e3c3 vs. p0y76483a1\n|j|\u2606p0x764e3c3\n|j|\u2606p0y76483a1\n|t:|1783548740\n|gametype|singles\n|player|p1|p0x764e3c3|169|\n|player|p2|p0y76483a1|170|\n|gen|9\n|tier|[Gen 9] Random Battle\n|rule|Species Clause: Limit one of each Pok\u00e9mon\n|rule|HP Percentage Mod: HP is shown in percentages\n|rule|Sleep Clause Mod: Limit one foe put to sleep\n|rule|Illusion Level Mod: Illusion disguises the Pok\u00e9mon's true level\n|\n|t:|1783548740\n|teamsize|p1|6\n|teamsize|p2|6\n|start\n|switch|p1a: Solgaleo|Solgaleo, L74|100/100\n|switch|p2a: Great Tusk|Great Tusk, L77|304/304\n|turn|1\n|inactive|Battle timer is ON: inactive players will automatically lose when time's up. (requested by p0x764e3c3)\n|inactive|Time left: 300 sec this turn | 300 sec total | 60 sec grace\n|inactive|p0y76483a1 also wants the timer to be on.\n|\n|t:|1783548741\n|switch|p1a: Rhyperior|Rhyperior, L82, M|100/100\n|move|p2a: Great Tusk|Knock Off|p1a: Rhyperior\n|-damage|p1a: Rhyperior|82/100\n|-enditem|p1a: Rhyperior|Weakness Policy|[from] move: Knock Off|[of] p2a: Great Tusk\n|\n|upkeep\n|turn|2\n|inactive|Time left: 300 sec this turn | 300 sec total\n|\n|t:|1783548742\n|move|p2a: Great Tusk|Close Combat|p1a: Rhyperior\n|-supereffective|p1a: Rhyperior\n|-damage|p1a: Rhyperior|32/100\n|-unboost|p2a: Great Tusk|def|1\n|-unboost|p2a: Great Tusk|spd|1\n|move|p1a: Rhyperior|Earthquake|p2a: Great Tusk\n|-damage|p2a: Great Tusk|157/304\n|\n|upkeep\n|turn|3\n|inactive|Time left: 300 sec this turn | 300 sec total\n|\n|t:|1783548743\n|switch|p1a: Vileplume|Vileplume, L85, M|100/100\n|move|p2a: Great Tusk|Headlong Rush|p1a: Vileplume\n|-damage|p1a: Vileplume|52/100\n|-unboost|p2a: Great Tusk|def|1\n|-unboost|p2a: Great Tusk|spd|1\n|\n|-heal|p1a: Vileplume|58/100|[from] item: Leftovers\n|upkeep\n|turn|4\n|inactive|Time left: 300 sec this turn | 300 sec total\n|\n|t:|1783548744\n|-terastallize|p2a: Great Tusk|Ground\n|move|p2a: Great Tusk|Headlong Rush|p1a: Vileplume\n|-damage|p1a: Vileplume|0 fnt\n|-unboost|p2a: Great Tusk|def|1\n|-unboost|p2a: Great Tusk|spd|1\n|faint|p1a: Vileplume\n|\n|upkeep\n|\n|t:|1783548746\n|switch|p1a: Typhlosion|Typhlosion-Hisui, L83, M|100/100\n|turn|5\n|inactive|Time left: 300 sec this turn | 300 sec total\n|\n|t:|1783548747\n|-end|p2a: Great Tusk|Protosynthesis|[silent]\n|switch|p2a: Kingdra|Kingdra, L84, F|263/263\n|move|p1a: Typhlosion|Eruption|p2a: Kingdra\n|-resisted|p2a: Kingdra\n|-damage|p2a: Kingdra|196/263\n|\n|upkeep\n|turn|6\n|inactive|Time left: 300 sec this turn | 300 sec total\n|\n|t:|1783548748\n|switch|p1a: Mudsdale|Mudsdale, L83, M|100/100\n|move|p2a: Kingdra|Dragon Dance|p2a: Kingdra\n|-boost|p2a: Kingdra|atk|1\n|-boost|p2a: Kingdra|spe|1\n|\n|upkeep\n|turn|7\n|inactive|Time left: 300 sec this turn | 300 sec total\n|\n|t:|1783548749\n|-terastallize|p1a: Mudsdale|Steel\n|move|p2a: Kingdra|Wave Crash|p1a: Mudsdale\n|-damage|p1a: Mudsdale|47/100\n|-ability|p1a: Mudsdale|Stamina|boost\n|-boost|p1a: Mudsdale|def|1\n|-damage|p2a: Kingdra|142/263|[from] Recoil\n|move|p1a: Mudsdale|Earthquake|p2a: Kingdra\n|-damage|p2a: Kingdra|28/263\n|\n|-heal|p1a: Mudsdale|52/100|[from] item: Leftovers\n|upkeep\n|turn|8\n|inactive|Time left: 300 sec this turn | 300 sec total\n|\n|t:|1783548750\n|move|p2a: Kingdra|Wave Crash|p1a: Mudsdale\n|-damage|p1a: Mudsdale|12/100\n|-ability|p1a: Mudsdale|Stamina|boost\n|-boost|p1a: Mudsdale|def|1\n|-damage|p2a: Kingdra|0 fnt|[from] Recoil\n|faint|p2a: Kingdra\n|move|p1a: Mudsdale|Earthquake|p2: Kingdra|[notarget]\n|-fail|p1a: Mudsdale\n|\n|-heal|p1a: Mudsdale|18/100|[from] item: Leftovers\n|upkeep\n|inactive|Time left: 300 sec this turn | 300 sec total | 5 sec grace\n|\n|t:|1783548751\n|switch|p2a: Quaquaval|Quaquaval, L79, F|264/264\n|turn|9\n|inactive|Time left: 300 sec this turn | 300 sec total\n|\n|t:|1783548752\n|switch|p1a: Swanna|Swanna, L89, M|100/100\n|move|p2a: Quaquaval|Aqua Step|p1a: Swanna\n|-resisted|p1a: Swanna\n|-damage|p1a: Swanna|76/100\n|-boost|p2a: Quaquaval|spe|1\n|-damage|p2a: Quaquaval|238/264|[from] item: Life Orb\n|\n|upkeep\n|turn|10\n|inactive|Time left: 300 sec this turn | 300 sec total\n|\n|t:|1783548753\n|move|p2a: Quaquaval|Knock Off|p1a: Swanna\n|-damage|p1a: Swanna|38/100\n|-enditem|p1a: Swanna|Heavy-Duty Boots|[from] move: Knock Off|[of] p2a: Quaquaval\n|-damage|p2a: Quaquaval|212/264|[from] item: Life Orb\n|move|p1a: Swanna|Brave Bird|p2a: Quaquaval\n|-supereffective|p2a: Quaquaval\n|-damage|p2a: Quaquaval|0 fnt\n|faint|p2a: Quaquaval\n|-damage|p1a: Swanna|12/100|[from] Recoil\n|\n|upkeep\n|inactive|Time left: 300 sec this turn | 300 sec total | 5 sec grace\n|\n|t:|1783548754\n|switch|p2a: Furret|Furret, L94, M|312/312\n|turn|11\n|inactive|Time left: 300 sec this turn | 300 sec total\n|\n|t:|1783548755\n|move|p1a: Swanna|Roost|p1a: Swanna\n|-heal|p1a: Swanna|62/100\n|-singleturn|p1a: Swanna|move: Roost\n|move|p2a: Furret|Tidy Up|p2a: Furret\n|-boost|p2a: Furret|atk|1\n|-boost|p2a: Furret|spe|1\n|\n|upkeep\n|turn|12\n|inactive|Time left: 300 sec this turn | 300 sec total\n|\n|t:|1783548756\n|move|p2a: Furret|Double-Edge|p1a: Swanna\n|-damage|p1a: Swanna|0 fnt\n|faint|p1a: Swanna\n|-damage|p2a: Furret|255/312|[from] Recoil\n|-damage|p2a: Furret|224/312|[from] item: Life Orb\n|\n|upkeep\n|\n|t:|1783548757\n|switch|p1a: Solgaleo|Solgaleo, L74|100/100\n|turn|13\n|inactive|Time left: 300 sec this turn | 300 sec total\n|\n|t:|1783548758\n|move|p2a: Furret|Knock Off|p1a: Solgaleo\n|-supereffective|p1a: Solgaleo\n|-damage|p1a: Solgaleo|24/100\n|-enditem|p1a: Solgaleo|Weakness Policy\n|-boost|p1a: Solgaleo|atk|2|[from] item: Weakness Policy\n|-boost|p1a: Solgaleo|spa|2|[from] item: Weakness Policy\n|-damage|p2a: Furret|193/312|[from] item: Life Orb\n|move|p1a: Solgaleo|Close Combat|p2a: Furret\n|-supereffective|p2a: Furret\n|-damage|p2a: Furret|0 fnt\n|-unboost|p1a: Solgaleo|def|1\n|-unboost|p1a: Solgaleo|spd|1\n|faint|p2a: Furret\n|\n|upkeep\n|inactive|Time left: 300 sec this turn | 300 sec total | 5 sec grace\n|\n|t:|1783548759\n|switch|p2a: Rillaboom|Rillaboom, L79, M|288/288\n|-fieldstart|move: Grassy Terrain|[from] ability: Grassy Surge|[of] p2a: Rillaboom\n|turn|14\n|inactive|Time left: 300 sec this turn | 300 sec total\n|\n|t:|1783548760\n|move|p2a: Rillaboom|Grassy Glide|p1a: Solgaleo\n|-resisted|p1a: Solgaleo\n|-damage|p1a: Solgaleo|0 fnt\n|faint|p1a: Solgaleo\n|\n|upkeep\n|\n|t:|1783548761\n|switch|p1a: Typhlosion|Typhlosion-Hisui, L83, M|100/100\n|turn|15\n|inactive|Time left: 300 sec this turn | 300 sec total\n|\n|t:|1783548762\n|switch|p2a: Great Tusk|Great Tusk, L77, tera:Ground|157/304\n|move|p1a: Typhlosion|Eruption|p2a: Great Tusk\n|-damage|p2a: Great Tusk|0 fnt\n|faint|p2a: Great Tusk\n|-end|p2a: Great Tusk|Protosynthesis|[silent]\n|\n|upkeep\n|inactive|Time left: 300 sec this turn | 300 sec total | 5 sec grace\n|\n|t:|1783548763\n|switch|p2a: Munkidori|Munkidori, L79, M|269/269\n|turn|16\n|inactive|Time left: 300 sec this turn | 300 sec total\n|\n|t:|1783548764\n|switch|p1a: Mudsdale|Mudsdale, L83, M, tera:Steel|18/100\n|move|p2a: Munkidori|Psyshock|p1a: Mudsdale\n|-resisted|p1a: Mudsdale\n|-damage|p1a: Mudsdale|0 fnt\n|faint|p1a: Mudsdale\n|\n|upkeep\n|\n|t:|1783548765\n|switch|p1a: Typhlosion|Typhlosion-Hisui, L83, M|100/100\n|turn|17\n|inactive|Time left: 300 sec this turn | 300 sec total\n|\n|t:|1783548766\n|move|p2a: Munkidori|Psyshock|p1a: Typhlosion\n|-damage|p1a: Typhlosion|40/100\n|move|p1a: Typhlosion|Shadow Ball|p2a: Munkidori\n|-supereffective|p2a: Munkidori\n|-damage|p2a: Munkidori|0 fnt\n|faint|p2a: Munkidori\n|\n|-heal|p1a: Typhlosion|46/100|[from] Grassy Terrain\n|upkeep\n|inactive|Time left: 300 sec this turn | 300 sec total | 5 sec grace\n|\n|t:|1783548767\n|switch|p2a: Rillaboom|Rillaboom, L79, M|288/288\n|turn|18\n|inactive|Time left: 300 sec this turn | 300 sec total\n|\n|t:|1783548768\n|switch|p1a: Rhyperior|Rhyperior, L82, M|32/100\n|move|p2a: Rillaboom|High Horsepower|p1a: Rhyperior\n|-supereffective|p1a: Rhyperior\n|-damage|p1a: Rhyperior|0 fnt\n|faint|p1a: Rhyperior\n|\n|-fieldend|move: Grassy Terrain\n|upkeep\n|\n|t:|1783548769\n|switch|p1a: Typhlosion|Typhlosion-Hisui, L83, M|46/100\n|turn|19\n|inactive|Time left: 300 sec this turn | 300 sec total\n|\n|t:|1783548770\n|move|p1a: Typhlosion|Eruption|p2a: Rillaboom\n|-supereffective|p2a: Rillaboom\n|-damage|p2a: Rillaboom|0 fnt\n|faint|p2a: Rillaboom\n|\n|win|p0x764e3c3", "uploadtime": 1783548770, "views": 0, "rating": 0, "private": 0, "password": null, "_winner": "p0x764e3c3", "_our_name": "p0y76483a1"}