{"id": "battle-gen9randombattle-2057", "formatid": "gen9randombattle", "format": "[Gen 9] Random Battle", "players": ["p0x205769da", "p0y2057f71b"], "log": "|init|battle\n|title|p0x205769da vs. p0y2057f71b\n|j|\u2606p0x205769da\n|j|\u2606p0y2057f71b\n|t:|1783563827\n|gametype|singles\n|player|p1|p0x205769da|2|\n|player|p2|p0y2057f71b|2|\n|gen|9\n|tier|[Gen 9] Random Battle\n|rule|Species Clause: Limit one of each Pok\u00e9mon\n|rule|HP Percentage Mod: HP is shown in percentages\n|rule|Sleep Clause Mod: Limit one foe put to sleep\n|rule|Illusion Level Mod: Illusion disguises the Pok\u00e9mon's true level\n|\n|t:|1783563827\n|teamsize|p1|6\n|teamsize|p2|6\n|start\n|switch|p1a: Regidrago|Regidrago, L77|100/100\n|switch|p2a: Scyther|Scyther, L82, M|249/249\n|turn|1\n|inactive|Battle timer is ON: inactive players will automatically lose when time's up. (requested by p0y2057f71b)\n|inactive|p0x205769da also wants the timer to be on.\n|\n|t:|1783563829\n|move|p1a: Regidrago|Outrage|p2a: Scyther\n|-damage|p2a: Scyther|132/249\n|move|p2a: Scyther|Swords Dance|p2a: Scyther\n|-boost|p2a: Scyther|atk|2\n|\n|upkeep\n|turn|2\n|inactive|Time left: 300 sec this turn | 300 sec total\n|\n|t:|1783563830\n|switch|p2a: Cobalion|Cobalion, L80|277/277\n|move|p1a: Regidrago|Outrage|p2a: Cobalion|[from] lockedmove\n|-resisted|p2a: Cobalion\n|-damage|p2a: Cobalion|210/277\n|-start|p1a: Regidrago|confusion|[fatigue]\n|\n|-heal|p2a: Cobalion|227/277|[from] item: Leftovers\n|upkeep\n|turn|3\n|inactive|Time left: 300 sec this turn | 300 sec total\n|\n|t:|1783563831\n|switch|p1a: Corviknight|Corviknight, L80, F|100/100\n|-ability|p1a: Corviknight|Pressure\n|move|p2a: Cobalion|Calm Mind|p2a: Cobalion\n|-boost|p2a: Cobalion|spa|1\n|-boost|p2a: Cobalion|spd|1\n|\n|-heal|p2a: Cobalion|244/277|[from] item: Leftovers\n|upkeep\n|turn|4\n|inactive|Time left: 300 sec this turn | 300 sec total\n|\n|t:|1783563832\n|move|p2a: Cobalion|Aura Sphere|p1a: Corviknight\n|-damage|p1a: Corviknight|58/100\n|move|p1a: Corviknight|Body Press|p2a: Cobalion\n|-supereffective|p2a: Cobalion\n|-damage|p2a: Cobalion|150/277\n|\n|-heal|p2a: Cobalion|167/277|[from] item: Leftovers\n|-heal|p1a: Corviknight|65/100|[from] item: Leftovers\n|upkeep\n|turn|5\n|inactive|Time left: 300 sec this turn | 300 sec total\n|\n|t:|1783563833\n|move|p2a: Cobalion|Aura Sphere|p1a: Corviknight\n|-damage|p1a: Corviknight|20/100\n|move|p1a: Corviknight|Roost|p1a: Corviknight\n|-heal|p1a: Corviknight|70/100\n|-singleturn|p1a: Corviknight|move: Roost\n|\n|-heal|p2a: Cobalion|184/277|[from] item: Leftovers\n|-heal|p1a: Corviknight|76/100|[from] item: Leftovers\n|upkeep\n|turn|6\n|inactive|Time left: 300 sec this turn | 300 sec total\n|\n|t:|1783563834\n|move|p2a: Cobalion|Aura Sphere|p1a: Corviknight\n|-damage|p1a: Corviknight|34/100\n|move|p1a: Corviknight|Body Press|p2a: Cobalion\n|-supereffective|p2a: Cobalion\n|-damage|p2a: Cobalion|94/277\n|\n|-heal|p2a: Cobalion|111/277|[from] item: Leftovers\n|-heal|p1a: Corviknight|40/100|[from] item: Leftovers\n|upkeep\n|turn|7\n|inactive|Time left: 300 sec this turn | 300 sec total\n|\n|t:|1783563835\n|move|p2a: Cobalion|Aura Sphere|p1a: Corviknight\n|-damage|p1a: Corviknight|0 fnt\n|faint|p1a: Corviknight\n|\n|-heal|p2a: Cobalion|128/277|[from] item: Leftovers\n|upkeep\n|\n|t:|1783563836\n|switch|p1a: Regidrago|Regidrago, L77|100/100\n|turn|8\n|inactive|Time left: 300 sec this turn | 300 sec total\n|\n|t:|1783563837\n|-terastallize|p1a: Regidrago|Dragon\n|move|p1a: Regidrago|Outrage|p2a: Cobalion\n|-resisted|p2a: Cobalion\n|-damage|p2a: Cobalion|44/277\n|move|p2a: Cobalion|Flash Cannon|p1a: Regidrago\n|-crit|p1a: Regidrago\n|-damage|p1a: Regidrago|37/100\n|\n|-heal|p2a: Cobalion|61/277|[from] item: Leftovers\n|upkeep\n|turn|9\n|inactive|Time left: 300 sec this turn | 300 sec total\n|\n|t:|1783563839\n|move|p2a: Cobalion|Vacuum Wave|p1a: Regidrago\n|-damage|p1a: Regidrago|18/100\n|move|p1a: Regidrago|Outrage|p2a: Cobalion|[from] lockedmove\n|-resisted|p2a: Cobalion\n|-damage|p2a: Cobalion|0 fnt\n|faint|p2a: Cobalion\n|-start|p1a: Regidrago|confusion|[fatigue]\n|\n|upkeep\n|inactive|Time left: 300 sec this turn | 300 sec total | 5 sec grace\n|\n|t:|1783563840\n|switch|p2a: Golem|Golem-Alola, L93, M|300/300\n|turn|10\n|inactive|Time left: 300 sec this turn | 300 sec total\n|\n|t:|1783563841\n|-activate|p1a: Regidrago|confusion\n|-damage|p1a: Regidrago|8/100|[from] confusion\n|move|p2a: Golem|Earthquake|p1a: Regidrago\n|-damage|p1a: Regidrago|0 fnt\n|faint|p1a: Regidrago\n|-damage|p2a: Golem|270/300|[from] item: Life Orb\n|\n|upkeep\n|\n|t:|1783563842\n|switch|p1a: Electrode|Electrode-Hisui, L87|100/100\n|turn|11\n|inactive|Time left: 300 sec this turn | 300 sec total\n|\n|t:|1783563843\n|move|p1a: Electrode|Giga Drain|p2a: Golem\n|-supereffective|p2a: Golem\n|-damage|p2a: Golem|100/300\n|move|p2a: Golem|Stone Edge|p1a: Electrode\n|-damage|p1a: Electrode|9/100\n|-damage|p2a: Golem|70/300|[from] item: Life Orb\n|\n|-heal|p1a: Electrode|16/100|[from] item: Leftovers\n|upkeep\n|turn|12\n|inactive|Time left: 300 sec this turn | 300 sec total\n|\n|t:|1783563844\n|switch|p2a: Flareon|Flareon, L90, F|263/263\n|move|p1a: Electrode|Giga Drain|p2a: Flareon\n|-resisted|p2a: Flareon\n|-damage|p2a: Flareon|236/263\n|-heal|p1a: Electrode|21/100|[from] drain|[of] p2a: Flareon\n|\n|-heal|p1a: Electrode|27/100|[from] item: Leftovers\n|-status|p2a: Flareon|tox|[from] item: Toxic Orb\n|upkeep\n|turn|13\n|inactive|Time left: 300 sec this turn | 300 sec total\n|\n|t:|1783563845\n|switch|p1a: Garganacl|Garganacl, L80, M|100/100\n|move|p2a: Flareon|Facade|p1a: Garganacl\n|-resisted|p1a: Garganacl\n|-damage|p1a: Garganacl|71/100\n|\n|-heal|p1a: Garganacl|77/100|[from] item: Leftovers\n|-damage|p2a: Flareon|220/263 tox|[from] psn\n|upkeep\n|turn|14\n|inactive|Time left: 300 sec this turn | 300 sec total\n|\n|t:|1783563846\n|switch|p2a: Landorus|Landorus-Therian, L76, M|260/260\n|-ability|p2a: Landorus|Intimidate|boost\n|-unboost|p1a: Garganacl|atk|1\n|move|p1a: Garganacl|Salt Cure|p2a: Landorus\n|-damage|p2a: Landorus|233/260\n|-start|p2a: Landorus|Salt Cure\n|\n|-heal|p2a: Landorus|249/260|[from] item: Leftovers\n|-heal|p1a: Garganacl|83/100|[from] item: Leftovers\n|-damage|p2a: Landorus|217/260|[from] Salt Cure\n|upkeep\n|turn|15\n|inactive|Time left: 300 sec this turn | 300 sec total\n|\n|t:|1783563847\n|move|p1a: Garganacl|Protect|p1a: Garganacl\n|-singleturn|p1a: Garganacl|Protect\n|move|p2a: Landorus|Earthquake|p1a: Garganacl\n|-activate|p1a: Garganacl|move: Protect\n|\n|-heal|p2a: Landorus|233/260|[from] item: Leftovers\n|-heal|p1a: Garganacl|90/100|[from] item: Leftovers\n|-damage|p2a: Landorus|201/260|[from] Salt Cure\n|upkeep\n|turn|16\n|inactive|Time left: 300 sec this turn | 300 sec total\n|\n|t:|1783563847\n|move|p2a: Landorus|Earthquake|p1a: Garganacl\n|-supereffective|p1a: Garganacl\n|-damage|p1a: Garganacl|25/100\n|move|p1a: Garganacl|Salt Cure|p2a: Landorus\n|-damage|p2a: Landorus|173/260\n|\n|-heal|p2a: Landorus|189/260|[from] item: Leftovers\n|-heal|p1a: Garganacl|31/100|[from] item: Leftovers\n|-damage|p2a: Landorus|157/260|[from] Salt Cure\n|upkeep\n|turn|17\n|inactive|Time left: 300 sec this turn | 300 sec total\n|\n|t:|1783563848\n|move|p2a: Landorus|Earthquake|p1a: Garganacl\n|-supereffective|p1a: Garganacl\n|-damage|p1a: Garganacl|0 fnt\n|faint|p1a: Garganacl\n|\n|-heal|p2a: Landorus|173/260|[from] item: Leftovers\n|-damage|p2a: Landorus|141/260|[from] Salt Cure\n|upkeep\n|\n|t:|1783563849\n|switch|p1a: Ogerpon|Ogerpon-Cornerstone, L76, F|100/100\n|turn|18\n|inactive|Time left: 300 sec this turn | 300 sec total\n|\n|t:|1783563850\n|switch|p2a: Chesnaught|Chesnaught, L84, M|285/285\n|move|p1a: Ogerpon|Ivy Cudgel|p2a: Chesnaught|[anim] Ivy Cudgel Rock\n|-resisted|p2a: Chesnaught\n|-damage|p2a: Chesnaught|240/285\n|\n|upkeep\n|turn|19\n|inactive|Time left: 300 sec this turn | 300 sec total\n|\n|t:|1783563851\n|switch|p1a: Electrode|Electrode-Hisui, L87|27/100\n|move|p2a: Chesnaught|Body Press|p1a: Electrode\n|-damage|p1a: Electrode|0 fnt\n|faint|p1a: Electrode\n|\n|upkeep\n|\n|t:|1783563852\n|switch|p1a: Morpeko|Morpeko, L88, F|100/100\n|turn|20\n|inactive|Time left: 300 sec this turn | 300 sec total\n|\n|t:|1783563853\n|move|p1a: Morpeko|Protect|p1a: Morpeko\n|-singleturn|p1a: Morpeko|Protect\n|move|p2a: Chesnaught|Body Press|p1a: Morpeko\n|-activate|p1a: Morpeko|move: Protect\n|\n|-formechange|p1a: Morpeko|Morpeko-Hangry||[from] ability: Hunger Switch\n|upkeep\n|turn|21\n|inactive|Time left: 300 sec this turn | 300 sec total\n|\n|t:|1783563854\n|move|p1a: Morpeko|Parting Shot|p2a: Chesnaught\n|-unboost|p2a: Chesnaught|atk|1\n|-unboost|p2a: Chesnaught|spa|1\n|\n|t:|1783563854\n|switch|p1a: Ogerpon|Ogerpon-Cornerstone, L76, F|100/100|[from] Parting Shot\n|move|p2a: Chesnaught|Body Press|p1a: Ogerpon\n|-supereffective|p1a: Ogerpon\n|-damage|p1a: Ogerpon|12/100\n|\n|upkeep\n|turn|22\n|inactive|Time left: 300 sec this turn | 300 sec total\n|\n|t:|1783563856\n|move|p1a: Ogerpon|Ivy Cudgel|p2a: Chesnaught|[anim] Ivy Cudgel Rock\n|-resisted|p2a: Chesnaught\n|-damage|p2a: Chesnaught|192/285\n|move|p2a: Chesnaught|Body Press|p1a: Ogerpon\n|-supereffective|p1a: Ogerpon\n|-damage|p1a: Ogerpon|0 fnt\n|faint|p1a: Ogerpon\n|\n|upkeep\n|\n|t:|1783563856\n|switch|p1a: Morpeko|Morpeko, L88, F|100/100\n|turn|23\n|inactive|Time left: 300 sec this turn | 300 sec total\n|\n|t:|1783563857\n|-terastallize|p2a: Chesnaught|Steel\n|move|p1a: Morpeko|Protect|p1a: Morpeko\n|-singleturn|p1a: Morpeko|Protect\n|move|p2a: Chesnaught|Body Press|p1a: Morpeko\n|-activate|p1a: Morpeko|move: Protect\n|\n|-formechange|p1a: Morpeko|Morpeko-Hangry||[from] ability: Hunger Switch\n|upkeep\n|turn|24\n|inactive|Time left: 300 sec this turn | 300 sec total\n|\n|t:|1783563858\n|move|p1a: Morpeko|Protect||[still]\n|-fail|p1a: Morpeko\n|move|p2a: Chesnaught|Body Press|p1a: Morpeko\n|-supereffective|p1a: Morpeko\n|-damage|p1a: Morpeko|2/100\n|\n|-formechange|p1a: Morpeko|Morpeko||[from] ability: Hunger Switch\n|upkeep\n|turn|25\n|inactive|Time left: 300 sec this turn | 300 sec total\n|\n|t:|1783563859\n|move|p1a: Morpeko|Protect|p1a: Morpeko\n|-singleturn|p1a: Morpeko|Protect\n|move|p2a: Chesnaught|Body Press|p1a: Morpeko\n|-activate|p1a: Morpeko|move: Protect\n|\n|-formechange|p1a: Morpeko|Morpeko-Hangry||[from] ability: Hunger Switch\n|upkeep\n|turn|26\n|inactive|Time left: 300 sec this turn | 300 sec total\n|\n|t:|1783563860\n|move|p1a: Morpeko|Protect||[still]\n|-fail|p1a: Morpeko\n|move|p2a: Chesnaught|Body Press|p1a: Morpeko\n|-supereffective|p1a: Morpeko\n|-damage|p1a: Morpeko|0 fnt\n|faint|p1a: Morpeko\n|\n|win|p0y2057f71b", "uploadtime": 1783563860, "views": 0, "rating": 0, "private": 0, "password": null, "_winner": "p0y2057f71b", "_our_name": "p0y2057f71b"}