{"id": "battle-gen9randombattle-988", "formatid": "gen9randombattle", "format": "[Gen 9] Random Battle", "players": ["p0x9881443", "p0y98868c0"], "log": "|init|battle\n|title|p0x9881443 vs. p0y98868c0\n|j|\u2606p0x9881443\n|j|\u2606p0y98868c0\n|t:|1783551377\n|gametype|singles\n|player|p1|p0x9881443|102|\n|player|p2|p0y98868c0|101|\n|gen|9\n|tier|[Gen 9] Random Battle\n|rule|Species Clause: Limit one of each Pok\u00e9mon\n|rule|HP Percentage Mod: HP is shown in percentages\n|rule|Sleep Clause Mod: Limit one foe put to sleep\n|rule|Illusion Level Mod: Illusion disguises the Pok\u00e9mon's true level\n|\n|t:|1783551377\n|teamsize|p1|6\n|teamsize|p2|6\n|start\n|switch|p1a: Trevenant|Trevenant, L89, M|100/100\n|switch|p2a: Regirock|Regirock, L83|268/268\n|turn|1\n|inactive|Battle timer is ON: inactive players will automatically lose when time's up. (requested by p0x9881443)\n|inactive|Time left: 300 sec this turn | 300 sec total | 60 sec grace\n|inactive|p0y98868c0 also wants the timer to be on.\n|\n|t:|1783551379\n|move|p1a: Trevenant|Poltergeist|p2a: Regirock\n|-activate|p2a: Regirock|move: Poltergeist|Leftovers\n|-damage|p2a: Regirock|198/268\n|move|p2a: Regirock|Stone Edge|p1a: Trevenant\n|-crit|p1a: Trevenant\n|-damage|p1a: Trevenant|38/100\n|-enditem|p1a: Trevenant|Sitrus Berry|[eat]\n|-heal|p1a: Trevenant|63/100|[from] item: Sitrus Berry\n|\n|-heal|p2a: Regirock|214/268|[from] item: Leftovers\n|upkeep\n|turn|2\n|inactive|Time left: 300 sec this turn | 300 sec total\n|\n|t:|1783551380\n|move|p1a: Trevenant|Toxic|p2a: Regirock\n|-status|p2a: Regirock|tox\n|move|p2a: Regirock|Stone Edge|p1a: Trevenant\n|-damage|p1a: Trevenant|22/100\n|\n|-heal|p2a: Regirock|230/268 tox|[from] item: Leftovers\n|-damage|p2a: Regirock|214/268 tox|[from] psn\n|upkeep\n|turn|3\n|inactive|Time left: 300 sec this turn | 300 sec total\n|\n|t:|1783551381\n|move|p1a: Trevenant|Poltergeist|p2a: Regirock\n|-activate|p2a: Regirock|move: Poltergeist|Leftovers\n|-damage|p2a: Regirock|138/268 tox\n|move|p2a: Regirock|Stone Edge|p1a: Trevenant\n|-damage|p1a: Trevenant|0 fnt\n|faint|p1a: Trevenant\n|\n|-heal|p2a: Regirock|154/268 tox|[from] item: Leftovers\n|-damage|p2a: Regirock|122/268 tox|[from] psn\n|upkeep\n|\n|t:|1783551382\n|switch|p1a: Iron Crown|Iron Crown, L78|100/100\n|turn|4\n|inactive|Time left: 300 sec this turn | 300 sec total\n|\n|t:|1783551383\n|switch|p2a: Reshiram|Reshiram, L76|277/277\n|-ability|p2a: Reshiram|Turboblaze\n|move|p1a: Iron Crown|Tachyon Cutter|p2a: Reshiram\n|-resisted|p2a: Reshiram\n|-damage|p2a: Reshiram|241/277\n|-resisted|p2a: Reshiram\n|-damage|p2a: Reshiram|203/277\n|-hitcount|p2a: Reshiram|2\n|\n|upkeep\n|turn|5\n|inactive|Time left: 300 sec this turn | 300 sec total\n|\n|t:|1783551384\n|move|p1a: Iron Crown|Tachyon Cutter|p2a: Reshiram\n|-resisted|p2a: Reshiram\n|-damage|p2a: Reshiram|164/277\n|-resisted|p2a: Reshiram\n|-damage|p2a: Reshiram|127/277\n|-hitcount|p2a: Reshiram|2\n|move|p2a: Reshiram|Blue Flare|p1a: Iron Crown\n|-supereffective|p1a: Iron Crown\n|-crit|p1a: Iron Crown\n|-damage|p1a: Iron Crown|0 fnt\n|faint|p1a: Iron Crown\n|-end|p1a: Iron Crown|Quark Drive|[silent]\n|\n|upkeep\n|\n|t:|1783551385\n|switch|p1a: Toxicroak|Toxicroak, L84, F|100/100\n|turn|6\n|inactive|Time left: 300 sec this turn | 300 sec total\n|\n|t:|1783551387\n|switch|p2a: Avalugg|Avalugg-Hisui, L90, F|317/317\n|move|p1a: Toxicroak|Close Combat|p2a: Avalugg\n|-supereffective|p2a: Avalugg\n|-ability|p2a: Avalugg|Sturdy\n|-damage|p2a: Avalugg|1/317\n|-unboost|p1a: Toxicroak|def|1\n|-unboost|p1a: Toxicroak|spd|1\n|\n|upkeep\n|turn|7\n|inactive|Time left: 300 sec this turn | 300 sec total\n|\n|t:|1783551388\n|-terastallize|p2a: Avalugg|Ghost\n|move|p1a: Toxicroak|Close Combat|p2a: Avalugg\n|-immune|p2a: Avalugg\n|move|p2a: Avalugg|Recover|p2a: Avalugg\n|-heal|p2a: Avalugg|160/317\n|\n|upkeep\n|turn|8\n|inactive|Time left: 300 sec this turn | 300 sec total\n|\n|t:|1783551389\n|switch|p1a: Floatzel|Floatzel, L86, M|100/100\n|move|p2a: Avalugg|Recover|p2a: Avalugg\n|-heal|p2a: Avalugg|317/317\n|\n|upkeep\n|turn|9\n|inactive|Time left: 300 sec this turn | 300 sec total\n|\n|t:|1783551390\n|move|p1a: Floatzel|Bulk Up|p1a: Floatzel\n|-boost|p1a: Floatzel|atk|1\n|-boost|p1a: Floatzel|def|1\n|move|p2a: Avalugg|Stone Edge|p1a: Floatzel\n|-damage|p1a: Floatzel|48/100\n|\n|-heal|p1a: Floatzel|54/100|[from] item: Leftovers\n|upkeep\n|turn|10\n|inactive|Time left: 300 sec this turn | 300 sec total\n|\n|t:|1783551391\n|move|p1a: Floatzel|Bulk Up|p1a: Floatzel\n|-boost|p1a: Floatzel|atk|1\n|-boost|p1a: Floatzel|def|1\n|move|p2a: Avalugg|Stone Edge|p1a: Floatzel|[miss]\n|-miss|p2a: Avalugg|p1a: Floatzel\n|\n|-heal|p1a: Floatzel|60/100|[from] item: Leftovers\n|upkeep\n|turn|11\n|inactive|Time left: 300 sec this turn | 300 sec total\n|\n|t:|1783551392\n|move|p1a: Floatzel|Bulk Up|p1a: Floatzel\n|-boost|p1a: Floatzel|atk|1\n|-boost|p1a: Floatzel|def|1\n|move|p2a: Avalugg|Stone Edge|p1a: Floatzel\n|-damage|p1a: Floatzel|31/100\n|\n|-heal|p1a: Floatzel|37/100|[from] item: Leftovers\n|upkeep\n|turn|12\n|inactive|Time left: 300 sec this turn | 300 sec total\n|\n|t:|1783551393\n|move|p1a: Floatzel|Ice Spinner|p2a: Avalugg\n|-damage|p2a: Avalugg|237/317\n|move|p2a: Avalugg|Body Press|p1a: Floatzel\n|-crit|p1a: Floatzel\n|-damage|p1a: Floatzel|0 fnt\n|faint|p1a: Floatzel\n|\n|upkeep\n|\n|t:|1783551394\n|switch|p1a: Palafin|Palafin, L77, F|100/100\n|turn|13\n|inactive|Time left: 300 sec this turn | 300 sec total\n|\n|t:|1783551395\n|move|p1a: Palafin|Bulk Up|p1a: Palafin\n|-boost|p1a: Palafin|atk|1\n|-boost|p1a: Palafin|def|1\n|move|p2a: Avalugg|Body Press|p1a: Palafin\n|-damage|p1a: Palafin|68/100\n|\n|-heal|p1a: Palafin|74/100|[from] item: Leftovers\n|upkeep\n|turn|14\n|inactive|Time left: 300 sec this turn | 300 sec total\n|\n|t:|1783551397\n|move|p1a: Palafin|Bulk Up|p1a: Palafin\n|-boost|p1a: Palafin|atk|1\n|-boost|p1a: Palafin|def|1\n|move|p2a: Avalugg|Stone Edge|p1a: Palafin\n|-crit|p1a: Palafin\n|-damage|p1a: Palafin|0 fnt\n|faint|p1a: Palafin\n|\n|upkeep\n|\n|t:|1783551398\n|switch|p1a: Toxicroak|Toxicroak, L84, F|100/100\n|turn|15\n|inactive|Time left: 300 sec this turn | 300 sec total\n|\n|t:|1783551399\n|-terastallize|p1a: Toxicroak|Dark\n|move|p1a: Toxicroak|Knock Off|p2a: Avalugg\n|-supereffective|p2a: Avalugg\n|-damage|p2a: Avalugg|73/317\n|-enditem|p2a: Avalugg|Heavy-Duty Boots|[from] move: Knock Off|[of] p1a: Toxicroak\n|move|p2a: Avalugg|Avalanche|p1a: Toxicroak\n|-damage|p1a: Toxicroak|18/100\n|\n|upkeep\n|turn|16\n|inactive|Time left: 300 sec this turn | 300 sec total\n|\n|t:|1783551400\n|switch|p2a: Comfey|Comfey, L85, M|225/225\n|move|p1a: Toxicroak|Knock Off|p2a: Comfey\n|-resisted|p2a: Comfey\n|-damage|p2a: Comfey|149/225\n|-enditem|p2a: Comfey|Leftovers|[from] move: Knock Off|[of] p1a: Toxicroak\n|\n|upkeep\n|turn|17\n|inactive|Time left: 300 sec this turn | 300 sec total\n|\n|t:|1783551401\n|switch|p1a: Dugtrio|Dugtrio, L84, M|100/100\n|move|p2a: Comfey|Draining Kiss|p1a: Dugtrio\n|-damage|p1a: Dugtrio|69/100\n|-heal|p2a: Comfey|195/225|[from] drain|[of] p1a: Dugtrio\n|\n|upkeep\n|turn|18\n|inactive|Time left: 300 sec this turn | 300 sec total\n|\n|t:|1783551402\n|move|p2a: Comfey|Giga Drain|p1a: Dugtrio\n|-supereffective|p1a: Dugtrio\n|-damage|p1a: Dugtrio|11/100\n|-heal|p2a: Comfey|225/225|[from] drain|[of] p1a: Dugtrio\n|move|p1a: Dugtrio|Swords Dance|p1a: Dugtrio\n|-boost|p1a: Dugtrio|atk|2\n|\n|upkeep\n|turn|19\n|inactive|Time left: 300 sec this turn | 300 sec total\n|\n|t:|1783551403\n|move|p2a: Comfey|Giga Drain|p1a: Dugtrio\n|-supereffective|p1a: Dugtrio\n|-damage|p1a: Dugtrio|0 fnt\n|faint|p1a: Dugtrio\n|\n|upkeep\n|\n|t:|1783551403\n|switch|p1a: Toxicroak|Toxicroak, L84, F, tera:Dark|18/100\n|turn|20\n|inactive|Time left: 300 sec this turn | 300 sec total\n|\n|t:|1783551404\n|move|p2a: Comfey|Draining Kiss|p1a: Toxicroak\n|-supereffective|p1a: Toxicroak\n|-damage|p1a: Toxicroak|0 fnt\n|faint|p1a: Toxicroak\n|\n|win|p0y98868c0", "uploadtime": 1783551404, "views": 0, "rating": 0, "private": 0, "password": null, "_winner": "p0y98868c0", "_our_name": "p0y98868c0"}