{"id": "battle-gen9randombattle-351", "formatid": "gen9randombattle", "format": "[Gen 9] Random Battle", "players": ["p0x351e41a", "p0y351e1a7"], "log": "|init|battle\n|title|p0x351e41a vs. p0y351e1a7\n|j|\u2606p0x351e41a\n|j|\u2606p0y351e1a7\n|t:|1783543205\n|gametype|singles\n|player|p1|p0x351e41a|266|\n|player|p2|p0y351e1a7|266|\n|gen|9\n|tier|[Gen 9] Random Battle\n|rule|Species Clause: Limit one of each Pok\u00e9mon\n|rule|HP Percentage Mod: HP is shown in percentages\n|rule|Sleep Clause Mod: Limit one foe put to sleep\n|rule|Illusion Level Mod: Illusion disguises the Pok\u00e9mon's true level\n|\n|t:|1783543205\n|teamsize|p1|6\n|teamsize|p2|6\n|start\n|switch|p1a: Dusknoir|Dusknoir, L89, M|225/225\n|switch|p2a: Eiscue|Eiscue, L88, F|100/100\n|-item|p2a: Eiscue|Sitrus Berry|[from] ability: Frisk|[of] p1a: Dusknoir\n|turn|1\n|inactive|Battle timer is ON: inactive players will automatically lose when time's up. (requested by p0x351e41a)\n|inactive|p0y351e1a7 also wants the timer to be on.\n|\n|t:|1783543206\n|move|p2a: Eiscue|Belly Drum|p2a: Eiscue\n|-damage|p2a: Eiscue|50/100\n|-setboost|p2a: Eiscue|atk|6|[from] move: Belly Drum\n|-enditem|p2a: Eiscue|Sitrus Berry|[eat]\n|-heal|p2a: Eiscue|75/100|[from] item: Sitrus Berry\n|move|p1a: Dusknoir|Will-O-Wisp|p2a: Eiscue\n|-status|p2a: Eiscue|brn\n|\n|-damage|p2a: Eiscue|69/100 brn|[from] brn\n|upkeep\n|turn|2\n|inactive|Time left: 300 sec this turn | 300 sec total\n|\n|t:|1783543207\n|switch|p1a: Cobalion|Cobalion, L80|277/277\n|move|p2a: Eiscue|Ice Spinner|p1a: Cobalion\n|-resisted|p1a: Cobalion\n|-damage|p1a: Cobalion|210/277\n|\n|-heal|p1a: Cobalion|227/277|[from] item: Leftovers\n|-damage|p2a: Eiscue|63/100 brn|[from] brn\n|upkeep\n|turn|3\n|inactive|Time left: 300 sec this turn | 300 sec total\n|\n|t:|1783543208\n|move|p1a: Cobalion|Iron Head|p2a: Eiscue\n|-activate|p2a: Eiscue|ability: Ice Face\n|-damage|p2a: Eiscue|63/100 brn\n|detailschange|p2a: Eiscue|Eiscue-Noice, L88, F\n|move|p2a: Eiscue|Liquidation|p1a: Cobalion\n|-damage|p1a: Cobalion|134/277\n|\n|-heal|p1a: Cobalion|151/277|[from] item: Leftovers\n|-damage|p2a: Eiscue|57/100 brn|[from] brn\n|upkeep\n|turn|4\n|inactive|Time left: 300 sec this turn | 300 sec total\n|\n|t:|1783543209\n|move|p2a: Eiscue|Liquidation|p1a: Cobalion\n|-crit|p1a: Cobalion\n|-damage|p1a: Cobalion|23/277\n|move|p1a: Cobalion|Close Combat|p2a: Eiscue\n|-supereffective|p2a: Eiscue\n|-damage|p2a: Eiscue|0 fnt\n|-unboost|p1a: Cobalion|def|1\n|-unboost|p1a: Cobalion|spd|1\n|faint|p2a: Eiscue\n|\n|-heal|p1a: Cobalion|40/277|[from] item: Leftovers\n|upkeep\n|\n|t:|1783543209\n|switch|p2a: Azelf|Azelf, L82|100/100\n|turn|5\n|inactive|Time left: 300 sec this turn | 300 sec total\n|\n|t:|1783543210\n|switch|p1a: Basculegion|Basculegion, L80, M|323/323\n|move|p2a: Azelf|Psychic|p1a: Basculegion\n|-damage|p1a: Basculegion|182/323\n|-unboost|p1a: Basculegion|spd|1\n|\n|upkeep\n|turn|6\n|inactive|Time left: 300 sec this turn | 300 sec total\n|\n|t:|1783543211\n|switch|p1a: Shiftry|Shiftry, L89, F|305/305\n|move|p2a: Azelf|Psychic|p1a: Shiftry\n|-immune|p1a: Shiftry\n|\n|upkeep\n|turn|7\n|inactive|Time left: 300 sec this turn | 300 sec total\n|\n|t:|1783543212\n|switch|p2a: Slaking|Slaking, L84, F|100/100\n|move|p1a: Shiftry|Knock Off|p2a: Slaking\n|-damage|p2a: Slaking|62/100\n|-enditem|p2a: Slaking|Choice Band|[from] move: Knock Off|[of] p1a: Shiftry\n|-damage|p1a: Shiftry|275/305|[from] item: Life Orb\n|\n|upkeep\n|turn|8\n|inactive|Time left: 300 sec this turn | 300 sec total\n|\n|t:|1783543213\n|switch|p1a: Dusknoir|Dusknoir, L89, M|225/225\n|move|p2a: Slaking|Giga Impact|p1a: Dusknoir\n|-immune|p1a: Dusknoir\n|\n|upkeep\n|turn|9\n|inactive|Time left: 300 sec this turn | 300 sec total\n|\n|t:|1783543214\n|switch|p2a: Smeargle|Smeargle, L95, F|100/100\n|move|p1a: Dusknoir|Will-O-Wisp|p2a: Smeargle\n|-status|p2a: Smeargle|brn\n|\n|-damage|p2a: Smeargle|94/100 brn|[from] brn\n|upkeep\n|turn|10\n|inactive|Time left: 300 sec this turn | 300 sec total\n|\n|t:|1783543215\n|switch|p1a: Shiftry|Shiftry, L89, F|275/305\n|move|p2a: Smeargle|Sticky Web|p1a: Shiftry\n|-sidestart|p1: p0x351e41a|move: Sticky Web\n|\n|-damage|p2a: Smeargle|88/100 brn|[from] brn\n|upkeep\n|turn|11\n|inactive|Time left: 300 sec this turn | 300 sec total\n|\n|t:|1783543217\n|switch|p2a: Slaking|Slaking, L84, F|62/100\n|move|p1a: Shiftry|Leaf Blade|p2a: Slaking\n|-damage|p2a: Slaking|30/100\n|-damage|p1a: Shiftry|245/305|[from] item: Life Orb\n|\n|upkeep\n|turn|12\n|inactive|Time left: 300 sec this turn | 300 sec total\n|\n|t:|1783543218\n|-terastallize|p1a: Shiftry|Dark\n|move|p1a: Shiftry|Sucker Punch|p2a: Slaking\n|-damage|p2a: Slaking|0 fnt\n|faint|p2a: Slaking\n|-damage|p1a: Shiftry|215/305|[from] item: Life Orb\n|\n|upkeep\n|\n|t:|1783543219\n|switch|p2a: Dragalge|Dragalge, L88, F|100/100\n|turn|13\n|inactive|Time left: 300 sec this turn | 300 sec total\n|\n|t:|1783543220\n|move|p1a: Shiftry|Knock Off|p2a: Dragalge\n|-damage|p2a: Dragalge|29/100\n|-enditem|p2a: Dragalge|Leftovers|[from] move: Knock Off|[of] p1a: Shiftry\n|-damage|p1a: Shiftry|185/305|[from] item: Life Orb\n|move|p2a: Dragalge|Focus Blast|p1a: Shiftry\n|-supereffective|p1a: Shiftry\n|-crit|p1a: Shiftry\n|-damage|p1a: Shiftry|0 fnt\n|faint|p1a: Shiftry\n|\n|upkeep\n|inactive|Time left: 300 sec this turn | 300 sec total | 5 sec grace\n|\n|t:|1783543221\n|switch|p1a: Revavroom|Revavroom, L79, M|256/256\n|-activate|p1a: Revavroom|move: Sticky Web\n|-unboost|p1a: Revavroom|spe|1\n|turn|14\n|inactive|Time left: 300 sec this turn | 300 sec total\n|\n|t:|1783543222\n|switch|p2a: Moltres|Moltres, L81|100/100\n|move|p1a: Revavroom|Shift Gear|p1a: Revavroom\n|-boost|p1a: Revavroom|spe|2\n|-boost|p1a: Revavroom|atk|1\n|\n|upkeep\n|turn|15\n|inactive|Time left: 300 sec this turn | 300 sec total\n|\n|t:|1783543223\n|move|p1a: Revavroom|Gunk Shot|p2a: Moltres\n|-damage|p2a: Moltres|0 fnt\n|faint|p2a: Moltres\n|-damage|p1a: Revavroom|231/256|[from] item: Life Orb\n|\n|upkeep\n|\n|t:|1783543224\n|switch|p2a: Dragalge|Dragalge, L88, F|29/100\n|turn|16\n|inactive|Time left: 300 sec this turn | 300 sec total\n|\n|t:|1783543225\n|move|p1a: Revavroom|Iron Head|p2a: Dragalge\n|-damage|p2a: Dragalge|0 fnt\n|faint|p2a: Dragalge\n|-damage|p1a: Revavroom|206/256|[from] item: Life Orb\n|\n|upkeep\n|\n|t:|1783543226\n|switch|p2a: Smeargle|Smeargle, L95, F|88/100 brn\n|turn|17\n|inactive|Time left: 300 sec this turn | 300 sec total\n|\n|t:|1783543227\n|move|p1a: Revavroom|Iron Head|p2a: Smeargle\n|-damage|p2a: Smeargle|0 fnt\n|faint|p2a: Smeargle\n|-damage|p1a: Revavroom|181/256|[from] item: Life Orb\n|\n|upkeep\n|\n|t:|1783543227\n|switch|p2a: Azelf|Azelf, L82|100/100\n|turn|18\n|inactive|Time left: 300 sec this turn | 300 sec total\n|\n|t:|1783543228\n|move|p1a: Revavroom|Gunk Shot|p2a: Azelf\n|-damage|p2a: Azelf|0 fnt\n|faint|p2a: Azelf\n|-damage|p1a: Revavroom|156/256|[from] item: Life Orb\n|\n|win|p0x351e41a", "uploadtime": 1783543228, "views": 0, "rating": 0, "private": 0, "password": null, "_winner": "p0x351e41a", "_our_name": "p0x351e41a"}