{"id": "battle-gen9randombattle-88", "formatid": "gen9randombattle", "format": "[Gen 9] Random Battle", "players": ["p0x088c5de", "p0y088c1c6"], "log": "|init|battle\n|title|p0x088c5de vs. p0y088c1c6\n|j|\u2606p0x088c5de\n|j|\u2606p0y088c1c6\n|t:|1783540502\n|gametype|singles\n|player|p1|p0x088c5de|101|\n|player|p2|p0y088c1c6|101|\n|gen|9\n|tier|[Gen 9] Random Battle\n|rule|Species Clause: Limit one of each Pok\u00e9mon\n|rule|HP Percentage Mod: HP is shown in percentages\n|rule|Sleep Clause Mod: Limit one foe put to sleep\n|rule|Illusion Level Mod: Illusion disguises the Pok\u00e9mon's true level\n|\n|t:|1783540502\n|teamsize|p1|6\n|teamsize|p2|6\n|start\n|switch|p1a: Mabosstiff|Mabosstiff, L86, F|278/278\n|switch|p2a: Milotic|Milotic, L83, M|100/100\n|turn|1\n|inactive|Battle timer is ON: inactive players will automatically lose when time's up. (requested by p0y088c1c6)\n|inactive|Time left: 300 sec this turn | 300 sec total | 60 sec grace\n|inactive|p0x088c5de also wants the timer to be on.\n|\n|t:|1783540503\n|move|p1a: Mabosstiff|Crunch|p2a: Milotic\n|-damage|p2a: Milotic|41/100\n|-unboost|p2a: Milotic|def|1\n|-ability|p2a: Milotic|Competitive|boost\n|-boost|p2a: Milotic|spa|2\n|move|p2a: Milotic|Scald|p1a: Mabosstiff\n|-damage|p1a: Mabosstiff|94/278\n|\n|-heal|p2a: Milotic|47/100|[from] item: Leftovers\n|upkeep\n|turn|2\n|inactive|Time left: 300 sec this turn | 300 sec total\n|\n|t:|1783540504\n|move|p1a: Mabosstiff|Crunch|p2a: Milotic\n|-damage|p2a: Milotic|0 fnt\n|faint|p2a: Milotic\n|\n|upkeep\n|\n|t:|1783540505\n|switch|p2a: Shaymin|Shaymin, L82|100/100\n|turn|3\n|inactive|Time left: 300 sec this turn | 300 sec total\n|\n|t:|1783540506\n|move|p2a: Shaymin|Seed Flare|p1a: Mabosstiff\n|-damage|p1a: Mabosstiff|0 fnt\n|faint|p1a: Mabosstiff\n|\n|upkeep\n|inactive|Time left: 300 sec this turn | 300 sec total | 5 sec grace\n|\n|t:|1783540507\n|switch|p1a: Meowscarada|Meowscarada, L78, M|247/247\n|turn|4\n|inactive|Time left: 300 sec this turn | 300 sec total\n|\n|t:|1783540507\n|move|p1a: Meowscarada|Triple Axel|p2a: Shaymin\n|-start|p1a: Meowscarada|typechange|Ice|[from] ability: Protean\n|-supereffective|p2a: Shaymin\n|-damage|p2a: Shaymin|82/100\n|-supereffective|p2a: Shaymin\n|-damage|p2a: Shaymin|41/100\n|-supereffective|p2a: Shaymin\n|-damage|p2a: Shaymin|0 fnt\n|faint|p2a: Shaymin\n|-hitcount|p2: Shaymin|3\n|\n|upkeep\n|\n|t:|1783540508\n|switch|p2a: Weavile|Weavile, L79, F|100/100\n|turn|5\n|inactive|Time left: 300 sec this turn | 300 sec total\n|\n|t:|1783540509\n|move|p2a: Weavile|Knock Off|p1a: Meowscarada\n|-damage|p1a: Meowscarada|105/247\n|-enditem|p1a: Meowscarada|Choice Band|[from] move: Knock Off|[of] p2a: Weavile\n|move|p1a: Meowscarada|Triple Axel|p2a: Weavile\n|-resisted|p2a: Weavile\n|-damage|p2a: Weavile|94/100\n|-resisted|p2a: Weavile\n|-damage|p2a: Weavile|83/100\n|-resisted|p2a: Weavile\n|-damage|p2a: Weavile|67/100\n|-hitcount|p2a: Weavile|3\n|\n|upkeep\n|turn|6\n|inactive|Time left: 300 sec this turn | 300 sec total\n|\n|t:|1783540510\n|switch|p1a: Regirock|Regirock, L83|268/268\n|-terastallize|p2a: Weavile|Dark\n|move|p2a: Weavile|Knock Off|p1a: Regirock\n|-damage|p1a: Regirock|188/268\n|-enditem|p1a: Regirock|Leftovers|[from] move: Knock Off|[of] p2a: Weavile\n|\n|upkeep\n|turn|7\n|inactive|Time left: 300 sec this turn | 300 sec total\n|\n|t:|1783540511\n|switch|p2a: Drifblim|Drifblim, L86, F|100/100\n|move|p1a: Regirock|Body Press|p2a: Drifblim\n|-immune|p2a: Drifblim\n|\n|upkeep\n|turn|8\n|inactive|Time left: 300 sec this turn | 300 sec total\n|\n|t:|1783540512\n|move|p2a: Drifblim|Calm Mind|p2a: Drifblim\n|-boost|p2a: Drifblim|spa|1\n|-boost|p2a: Drifblim|spd|1\n|move|p1a: Regirock|Stone Edge|p2a: Drifblim\n|-supereffective|p2a: Drifblim\n|-damage|p2a: Drifblim|23/100\n|-enditem|p2a: Drifblim|Sitrus Berry|[eat]\n|-heal|p2a: Drifblim|48/100|[from] item: Sitrus Berry\n|\n|upkeep\n|turn|9\n|inactive|Time left: 300 sec this turn | 300 sec total\n|\n|t:|1783540513\n|move|p2a: Drifblim|Strength Sap|p1a: Regirock\n|-fail|p1a: Regirock|unboost|[from] ability: Clear Body|[of] p1a: Regirock\n|-heal|p2a: Drifblim|100/100\n|move|p1a: Regirock|Stone Edge|p2a: Drifblim\n|-supereffective|p2a: Drifblim\n|-damage|p2a: Drifblim|17/100\n|\n|upkeep\n|turn|10\n|inactive|Time left: 300 sec this turn | 300 sec total\n|\n|t:|1783540515\n|move|p2a: Drifblim|Shadow Ball|p1a: Regirock\n|-damage|p1a: Regirock|80/268\n|move|p1a: Regirock|Stone Edge|p2a: Drifblim\n|-supereffective|p2a: Drifblim\n|-damage|p2a: Drifblim|0 fnt\n|faint|p2a: Drifblim\n|\n|upkeep\n|\n|t:|1783540516\n|switch|p2a: Muk|Muk, L86, F|100/100\n|turn|11\n|inactive|Time left: 300 sec this turn | 300 sec total\n|\n|t:|1783540517\n|move|p2a: Muk|Poison Jab|p1a: Regirock\n|-resisted|p1a: Regirock\n|-damage|p1a: Regirock|56/268\n|move|p1a: Regirock|Stone Edge|p2a: Muk\n|-damage|p2a: Muk|61/100\n|\n|-heal|p2a: Muk|67/100|[from] item: Leftovers\n|upkeep\n|turn|12\n|inactive|Time left: 300 sec this turn | 300 sec total\n|\n|t:|1783540518\n|move|p2a: Muk|Poison Jab|p1a: Regirock\n|-resisted|p1a: Regirock\n|-damage|p1a: Regirock|31/268\n|move|p1a: Regirock|Stone Edge|p2a: Muk\n|-damage|p2a: Muk|31/100\n|\n|-heal|p2a: Muk|37/100|[from] item: Leftovers\n|upkeep\n|turn|13\n|inactive|Time left: 300 sec this turn | 300 sec total\n|\n|t:|1783540519\n|move|p2a: Muk|Ice Punch|p1a: Regirock\n|-damage|p1a: Regirock|1/268\n|-status|p1a: Regirock|psn|[from] ability: Poison Touch|[of] p2a: Muk\n|move|p1a: Regirock|Stone Edge|p2a: Muk|[miss]\n|-miss|p1a: Regirock|p2a: Muk\n|\n|-heal|p2a: Muk|43/100|[from] item: Leftovers\n|-damage|p1a: Regirock|0 fnt|[from] psn\n|faint|p1a: Regirock\n|upkeep\n|inactive|Time left: 300 sec this turn | 300 sec total | 5 sec grace\n|\n|t:|1783540520\n|switch|p1a: Pawmot|Pawmot, L80, M|243/243\n|turn|14\n|inactive|Time left: 300 sec this turn | 300 sec total\n|\n|t:|1783540521\n|move|p1a: Pawmot|Double Shock|p2a: Muk\n|-damage|p2a: Muk|0 fnt\n|-start|p1a: Pawmot|typechange|???/Fighting|[from] move: Double Shock\n|faint|p2a: Muk\n|-damage|p1a: Pawmot|219/243|[from] item: Life Orb\n|\n|upkeep\n|\n|t:|1783540522\n|switch|p2a: Dialga|Dialga-Origin, L73|100/100\n|-ability|p2a: Dialga|Pressure\n|turn|15\n|inactive|Time left: 300 sec this turn | 300 sec total\n|\n|t:|1783540523\n|move|p1a: Pawmot|Close Combat|p2a: Dialga\n|-supereffective|p2a: Dialga\n|-damage|p2a: Dialga|0 fnt\n|-unboost|p1a: Pawmot|def|1\n|-unboost|p1a: Pawmot|spd|1\n|faint|p2a: Dialga\n|-damage|p1a: Pawmot|195/243|[from] item: Life Orb\n|\n|upkeep\n|\n|t:|1783540524\n|switch|p2a: Weavile|Weavile, L79, F, tera:Dark|67/100\n|turn|16\n|inactive|Time left: 300 sec this turn | 300 sec total\n|\n|t:|1783540525\n|move|p2a: Weavile|Triple Axel|p1a: Pawmot\n|-damage|p1a: Pawmot|155/243\n|-damage|p1a: Pawmot|70/243\n|-damage|p1a: Pawmot|0 fnt\n|faint|p1a: Pawmot\n|-hitcount|p1: Pawmot|3\n|\n|upkeep\n|inactive|Time left: 300 sec this turn | 300 sec total | 5 sec grace\n|\n|t:|1783540526\n|switch|p1a: Eternatus|Eternatus, L69|308/308\n|-ability|p1a: Eternatus|Pressure\n|turn|17\n|inactive|Time left: 300 sec this turn | 300 sec total\n|\n|t:|1783540527\n|-terastallize|p1a: Eternatus|Poison\n|move|p2a: Weavile|Swords Dance|p2a: Weavile\n|-boost|p2a: Weavile|atk|2\n|move|p1a: Eternatus|Sludge Bomb|p2a: Weavile\n|-damage|p2a: Weavile|10/100\n|\n|upkeep\n|turn|18\n|inactive|Time left: 300 sec this turn | 300 sec total\n|\n|t:|1783540528\n|switch|p1a: Jumpluff|Jumpluff, L87, F|271/271\n|move|p2a: Weavile|Knock Off|p1a: Jumpluff\n|-damage|p1a: Jumpluff|67/271\n|\n|upkeep\n|turn|19\n|inactive|Time left: 300 sec this turn | 300 sec total\n|\n|t:|1783540529\n|switch|p1a: Eternatus|Eternatus, L69, tera:Poison|308/308\n|-ability|p1a: Eternatus|Pressure\n|move|p2a: Weavile|Knock Off|p1a: Eternatus\n|-damage|p1a: Eternatus|4/308\n|-enditem|p1a: Eternatus|Power Herb|[from] move: Knock Off|[of] p2a: Weavile\n|\n|upkeep\n|turn|20\n|inactive|Time left: 300 sec this turn | 300 sec total\n|\n|t:|1783540530\n|move|p2a: Weavile|Knock Off|p1a: Eternatus\n|-damage|p1a: Eternatus|0 fnt\n|faint|p1a: Eternatus\n|\n|upkeep\n|inactive|Time left: 300 sec this turn | 300 sec total | 5 sec grace\n|\n|t:|1783540531\n|switch|p1a: Meowscarada|Meowscarada, L78, M|105/247\n|turn|21\n|inactive|Time left: 300 sec this turn | 300 sec total\n|\n|t:|1783540532\n|move|p2a: Weavile|Knock Off|p1a: Meowscarada\n|-resisted|p1a: Meowscarada\n|-damage|p1a: Meowscarada|0 fnt\n|faint|p1a: Meowscarada\n|\n|upkeep\n|inactive|Time left: 300 sec this turn | 300 sec total | 5 sec grace\n|\n|t:|1783540533\n|switch|p1a: Jumpluff|Jumpluff, L87, F|67/271\n|turn|22\n|inactive|Time left: 300 sec this turn | 300 sec total\n|\n|t:|1783540534\n|move|p2a: Weavile|Knock Off|p1a: Jumpluff\n|-damage|p1a: Jumpluff|0 fnt\n|faint|p1a: Jumpluff\n|\n|win|p0y088c1c6", "uploadtime": 1783540534, "views": 0, "rating": 0, "private": 0, "password": null, "_winner": "p0y088c1c6", "_our_name": "p0x088c5de"}