{"id": "battle-gen9randombattle-2988", "formatid": "gen9randombattle", "format": "[Gen 9] Random Battle", "players": ["p0x29887eef", "p0y29886829"], "log": "|init|battle\n|title|p0x29887eef vs. p0y29886829\n|j|\u2606p0x29887eef\n|j|\u2606p0y29886829\n|t:|1783574394\n|gametype|singles\n|player|p1|p0x29887eef|1|\n|player|p2|p0y29886829|101|\n|gen|9\n|tier|[Gen 9] Random Battle\n|rule|Species Clause: Limit one of each Pok\u00e9mon\n|rule|HP Percentage Mod: HP is shown in percentages\n|rule|Sleep Clause Mod: Limit one foe put to sleep\n|rule|Illusion Level Mod: Illusion disguises the Pok\u00e9mon's true level\n|\n|t:|1783574394\n|teamsize|p1|6\n|teamsize|p2|6\n|start\n|switch|p1a: Kricketune|Kricketune, L99, M|311/311\n|switch|p2a: Beartic|Beartic, L91, M|100/100\n|turn|1\n|inactive|Battle timer is ON: inactive players will automatically lose when time's up. (requested by p0x29887eef)\n|inactive|p0y29886829 also wants the timer to be on.\n|\n|t:|1783574395\n|move|p1a: Kricketune|Sticky Web|p2a: Beartic\n|-sidestart|p2: p0y29886829|move: Sticky Web\n|move|p2a: Beartic|Icicle Crash|p1a: Kricketune\n|-damage|p1a: Kricketune|154/311\n|\n|upkeep\n|turn|2\n|inactive|Time left: 300 sec this turn | 300 sec total\n|\n|t:|1783574396\n|move|p1a: Kricketune|Pounce|p2a: Beartic\n|-damage|p2a: Beartic|70/100\n|-unboost|p2a: Beartic|spe|1\n|move|p2a: Beartic|Icicle Crash|p1a: Kricketune\n|-damage|p1a: Kricketune|0 fnt\n|faint|p1a: Kricketune\n|\n|upkeep\n|inactive|Time left: 300 sec this turn | 300 sec total | 5 sec grace\n|\n|t:|1783574397\n|switch|p1a: Grafaiai|Grafaiai, L86, F|249/249\n|turn|3\n|inactive|Time left: 300 sec this turn | 300 sec total\n|\n|t:|1783574398\n|move|p1a: Grafaiai|Parting Shot|p2a: Beartic\n|-unboost|p2a: Beartic|atk|1\n|-unboost|p2a: Beartic|spa|1\n|inactive|Time left: 300 sec this turn | 300 sec total | 5 sec grace\n|\n|t:|1783574399\n|switch|p1a: Dachsbun|Dachsbun, L92, F|254/254|[from] Parting Shot\n|move|p2a: Beartic|Earthquake|p1a: Dachsbun\n|-damage|p1a: Dachsbun|205/254\n|\n|-heal|p1a: Dachsbun|220/254|[from] item: Leftovers\n|upkeep\n|turn|4\n|inactive|Time left: 300 sec this turn | 300 sec total\n|\n|t:|1783574400\n|switch|p2a: Giratina|Giratina-Origin, L72|100/100\n|move|p1a: Dachsbun|Play Rough|p2a: Giratina\n|-supereffective|p2a: Giratina\n|-damage|p2a: Giratina|39/100\n|\n|-heal|p1a: Dachsbun|235/254|[from] item: Leftovers\n|upkeep\n|turn|5\n|inactive|Time left: 300 sec this turn | 300 sec total\n|\n|t:|1783574401\n|switch|p2a: Fezandipiti|Fezandipiti, L82, M|100/100\n|-activate|p2a: Fezandipiti|move: Sticky Web\n|-unboost|p2a: Fezandipiti|spe|1\n|move|p1a: Dachsbun|Play Rough|p2a: Fezandipiti\n|-resisted|p2a: Fezandipiti\n|-damage|p2a: Fezandipiti|81/100\n|\n|-heal|p1a: Dachsbun|250/254|[from] item: Leftovers\n|-heal|p2a: Fezandipiti|87/100|[from] item: Leftovers\n|upkeep\n|turn|6\n|inactive|Time left: 300 sec this turn | 300 sec total\n|\n|t:|1783574402\n|move|p1a: Dachsbun|Play Rough|p2a: Fezandipiti|[miss]\n|-miss|p1a: Dachsbun|p2a: Fezandipiti\n|move|p2a: Fezandipiti|Gunk Shot|p1a: Dachsbun\n|-supereffective|p1a: Dachsbun\n|-damage|p1a: Dachsbun|64/254\n|\n|-heal|p1a: Dachsbun|79/254|[from] item: Leftovers\n|-heal|p2a: Fezandipiti|93/100|[from] item: Leftovers\n|upkeep\n|turn|7\n|inactive|Time left: 300 sec this turn | 300 sec total\n|\n|t:|1783574403\n|move|p1a: Dachsbun|Play Rough|p2a: Fezandipiti\n|-resisted|p2a: Fezandipiti\n|-damage|p2a: Fezandipiti|75/100\n|move|p2a: Fezandipiti|Moonblast|p1a: Dachsbun\n|-damage|p1a: Dachsbun|1/254\n|-status|p1a: Dachsbun|tox|[from] ability: Toxic Chain|[of] p2a: Fezandipiti\n|\n|-heal|p1a: Dachsbun|16/254 tox|[from] item: Leftovers\n|-heal|p2a: Fezandipiti|81/100|[from] item: Leftovers\n|-damage|p1a: Dachsbun|1/254 tox|[from] psn\n|upkeep\n|turn|8\n|inactive|Time left: 300 sec this turn | 300 sec total\n|\n|t:|1783574404\n|switch|p1a: Metagross|Metagross, L79|256/256\n|move|p2a: Fezandipiti|Moonblast|p1a: Metagross\n|-resisted|p1a: Metagross\n|-damage|p1a: Metagross|219/256\n|\n|-heal|p2a: Fezandipiti|87/100|[from] item: Leftovers\n|upkeep\n|turn|9\n|inactive|Time left: 300 sec this turn | 300 sec total\n|\n|t:|1783574405\n|switch|p2a: Giratina|Giratina-Origin, L72|39/100\n|move|p1a: Metagross|Heavy Slam|p2a: Giratina\n|-damage|p2a: Giratina|24/100\n|\n|upkeep\n|turn|10\n|inactive|Time left: 300 sec this turn | 300 sec total\n|\n|t:|1783574406\n|move|p2a: Giratina|Will-O-Wisp|p1a: Metagross\n|-status|p1a: Metagross|brn\n|move|p1a: Metagross|Psychic Fangs|p2a: Giratina\n|-damage|p2a: Giratina|7/100\n|\n|-damage|p1a: Metagross|203/256 brn|[from] brn\n|upkeep\n|turn|11\n|inactive|Time left: 300 sec this turn | 300 sec total\n|\n|t:|1783574407\n|move|p2a: Giratina|Poltergeist|p1a: Metagross\n|-activate|p1a: Metagross|move: Poltergeist|Weakness Policy\n|-supereffective|p1a: Metagross\n|-damage|p1a: Metagross|9/256 brn\n|-enditem|p1a: Metagross|Weakness Policy\n|-boost|p1a: Metagross|atk|2|[from] item: Weakness Policy\n|-boost|p1a: Metagross|spa|2|[from] item: Weakness Policy\n|move|p1a: Metagross|Heavy Slam|p2a: Giratina\n|-damage|p2a: Giratina|0 fnt\n|faint|p2a: Giratina\n|\n|-damage|p1a: Metagross|0 fnt|[from] brn\n|faint|p1a: Metagross\n|upkeep\n|inactive|Time left: 300 sec this turn | 300 sec total | 5 sec grace\n|\n|t:|1783574409\n|switch|p2a: Pachirisu|Pachirisu, L96, M|100/100\n|switch|p1a: Grafaiai|Grafaiai, L86, F|249/249\n|turn|12\n|inactive|Time left: 300 sec this turn | 300 sec total\n|\n|t:|1783574410\n|move|p1a: Grafaiai|Gunk Shot|p2a: Pachirisu\n|-damage|p2a: Pachirisu|53/100\n|-status|p2a: Pachirisu|psn\n|move|p2a: Pachirisu|Super Fang|p1a: Grafaiai\n|-damage|p1a: Grafaiai|125/249\n|\n|-damage|p2a: Pachirisu|41/100 psn|[from] psn\n|upkeep\n|turn|13\n|inactive|Time left: 300 sec this turn | 300 sec total\n|\n|t:|1783574411\n|switch|p2a: Beartic|Beartic, L91, M|70/100\n|move|p1a: Grafaiai|Gunk Shot|p2a: Beartic\n|-crit|p2a: Beartic\n|-damage|p2a: Beartic|5/100\n|\n|upkeep\n|turn|14\n|inactive|Time left: 300 sec this turn | 300 sec total\n|\n|t:|1783574412\n|move|p1a: Grafaiai|Knock Off|p2a: Beartic\n|-damage|p2a: Beartic|0 fnt\n|-enditem|p2a: Beartic|Heavy-Duty Boots|[from] move: Knock Off|[of] p1a: Grafaiai\n|faint|p2a: Beartic\n|\n|upkeep\n|\n|t:|1783574413\n|switch|p2a: Fezandipiti|Fezandipiti, L82, M|87/100\n|-activate|p2a: Fezandipiti|move: Sticky Web\n|-unboost|p2a: Fezandipiti|spe|1\n|turn|15\n|inactive|Time left: 300 sec this turn | 300 sec total\n|\n|t:|1783574414\n|move|p1a: Grafaiai|Knock Off|p2a: Fezandipiti\n|-resisted|p2a: Fezandipiti\n|-damage|p2a: Fezandipiti|73/100\n|-enditem|p2a: Fezandipiti|Leftovers|[from] move: Knock Off|[of] p1a: Grafaiai\n|move|p2a: Fezandipiti|Moonblast|p1a: Grafaiai\n|-resisted|p1a: Grafaiai\n|-damage|p1a: Grafaiai|80/249\n|\n|upkeep\n|turn|16\n|inactive|Time left: 300 sec this turn | 300 sec total\n|\n|t:|1783574415\n|move|p1a: Grafaiai|Gunk Shot|p2a: Fezandipiti\n|-damage|p2a: Fezandipiti|21/100\n|move|p2a: Fezandipiti|Roost|p2a: Fezandipiti\n|-heal|p2a: Fezandipiti|71/100\n|-singleturn|p2a: Fezandipiti|move: Roost\n|\n|upkeep\n|turn|17\n|inactive|Time left: 300 sec this turn | 300 sec total\n|\n|t:|1783574416\n|move|p1a: Grafaiai|Gunk Shot|p2a: Fezandipiti\n|-damage|p2a: Fezandipiti|21/100\n|move|p2a: Fezandipiti|Moonblast|p1a: Grafaiai\n|-resisted|p1a: Grafaiai\n|-damage|p1a: Grafaiai|41/249\n|\n|upkeep\n|turn|18\n|inactive|Time left: 300 sec this turn | 300 sec total\n|\n|t:|1783574418\n|move|p1a: Grafaiai|Gunk Shot|p2a: Fezandipiti\n|-crit|p2a: Fezandipiti\n|-damage|p2a: Fezandipiti|0 fnt\n|faint|p2a: Fezandipiti\n|\n|upkeep\n|\n|t:|1783574419\n|switch|p2a: Lumineon|Lumineon, L93, M|100/100\n|-activate|p2a: Lumineon|move: Sticky Web\n|-unboost|p2a: Lumineon|spe|1\n|turn|19\n|inactive|Time left: 300 sec this turn | 300 sec total\n|\n|t:|1783574420\n|move|p1a: Grafaiai|Parting Shot|p2a: Lumineon\n|-unboost|p2a: Lumineon|atk|1\n|-unboost|p2a: Lumineon|spa|1\n|inactive|Time left: 300 sec this turn | 300 sec total | 5 sec grace\n|\n|t:|1783574420\n|switch|p1a: Dachsbun|Dachsbun, L92, F|1/254 tox|[from] Parting Shot\n|move|p2a: Lumineon|Ice Beam|p1a: Dachsbun\n|-damage|p1a: Dachsbun|0 fnt\n|faint|p1a: Dachsbun\n|-damage|p2a: Lumineon|91/100|[from] item: Life Orb\n|\n|upkeep\n|inactive|Time left: 300 sec this turn | 300 sec total | 10 sec grace\n|\n|t:|1783574421\n|switch|p1a: Braviary|Braviary, L85, M|309/309\n|turn|20\n|inactive|Time left: 300 sec this turn | 300 sec total\n|\n|t:|1783574422\n|move|p1a: Braviary|Bulk Up|p1a: Braviary\n|-boost|p1a: Braviary|atk|1\n|-boost|p1a: Braviary|def|1\n|move|p2a: Lumineon|Ice Beam|p1a: Braviary\n|-supereffective|p1a: Braviary\n|-damage|p1a: Braviary|189/309\n|-damage|p2a: Lumineon|81/100|[from] item: Life Orb\n|\n|upkeep\n|turn|21\n|inactive|Time left: 300 sec this turn | 300 sec total\n|\n|t:|1783574423\n|switch|p2a: Phione|Phione, L91|100/100\n|-activate|p2a: Phione|move: Sticky Web\n|-unboost|p2a: Phione|spe|1\n|move|p1a: Braviary|Roost|p1a: Braviary\n|-heal|p1a: Braviary|309/309\n|-singleturn|p1a: Braviary|move: Roost\n|\n|upkeep\n|turn|22\n|inactive|Time left: 300 sec this turn | 300 sec total\n|\n|t:|1783574424\n|move|p1a: Braviary|Brave Bird|p2a: Phione\n|-damage|p2a: Phione|15/100\n|-damage|p1a: Braviary|226/309|[from] Recoil\n|move|p2a: Phione|Scald|p1a: Braviary\n|-damage|p1a: Braviary|126/309\n|\n|-heal|p2a: Phione|21/100|[from] item: Leftovers\n|upkeep\n|turn|23\n|inactive|Time left: 300 sec this turn | 300 sec total\n|\n|t:|1783574425\n|move|p1a: Braviary|Brave Bird|p2a: Phione\n|-damage|p2a: Phione|0 fnt\n|faint|p2a: Phione\n|-damage|p1a: Braviary|106/309|[from] Recoil\n|\n|upkeep\n|\n|t:|1783574426\n|switch|p2a: Pachirisu|Pachirisu, L96, M|41/100 psn\n|turn|24\n|inactive|Time left: 300 sec this turn | 300 sec total\n|\n|t:|1783574427\n|-terastallize|p1a: Braviary|Steel\n|move|p2a: Pachirisu|Discharge|p1a: Braviary\n|-damage|p1a: Braviary|30/309\n|move|p1a: Braviary|Close Combat|p2a: Pachirisu\n|-damage|p2a: Pachirisu|0 fnt\n|-unboost|p1a: Braviary|def|1\n|-unboost|p1a: Braviary|spd|1\n|faint|p2a: Pachirisu\n|\n|upkeep\n|\n|t:|1783574428\n|switch|p2a: Lumineon|Lumineon, L93, M|81/100\n|-activate|p2a: Lumineon|move: Sticky Web\n|-unboost|p2a: Lumineon|spe|1\n|turn|25\n|inactive|Time left: 300 sec this turn | 300 sec total\n|\n|t:|1783574429\n|move|p1a: Braviary|Brave Bird|p2a: Lumineon\n|-damage|p2a: Lumineon|0 fnt\n|faint|p2a: Lumineon\n|-damage|p1a: Braviary|0 fnt|[from] Recoil\n|faint|p1a: Braviary\n|\n|win|p0x29887eef", "uploadtime": 1783574429, "views": 0, "rating": 0, "private": 0, "password": null, "_winner": "p0x29887eef", "_our_name": "p0x29887eef"}