{"id": "battle-gen9randombattle-381", "formatid": "gen9randombattle", "format": "[Gen 9] Random Battle", "players": ["p0x38142b1", "p0y3811c9d"], "log": "|init|battle\n|title|p0x38142b1 vs. p0y3811c9d\n|j|\u2606p0x38142b1\n|j|\u2606p0y3811c9d\n|t:|1783544069\n|gametype|singles\n|player|p1|p0x38142b1|170|\n|player|p2|p0y3811c9d|2|\n|gen|9\n|tier|[Gen 9] Random Battle\n|rule|Species Clause: Limit one of each Pok\u00e9mon\n|rule|HP Percentage Mod: HP is shown in percentages\n|rule|Sleep Clause Mod: Limit one foe put to sleep\n|rule|Illusion Level Mod: Illusion disguises the Pok\u00e9mon's true level\n|\n|t:|1783544069\n|teamsize|p1|6\n|teamsize|p2|6\n|start\n|switch|p1a: Espathra|Espathra, L80, M|100/100\n|switch|p2a: Arceus|Arceus-Water, L71|288/288\n|turn|1\n|inactive|Battle timer is ON: inactive players will automatically lose when time's up. (requested by p0y3811c9d)\n|\n|t:|1783544071\n|move|p1a: Espathra|Calm Mind|p1a: Espathra\n|-boost|p1a: Espathra|spa|1\n|-boost|p1a: Espathra|spd|1\n|move|p2a: Arceus|Calm Mind|p2a: Arceus\n|-boost|p2a: Arceus|spa|1\n|-boost|p2a: Arceus|spd|1\n|\n|-ability|p1a: Espathra|Speed Boost|boost\n|-boost|p1a: Espathra|spe|1\n|upkeep\n|turn|2\n|inactive|Time left: 300 sec this turn | 300 sec total\n|inactive|p0x38142b1 also wants the timer to be on.\n|\n|t:|1783544072\n|move|p1a: Espathra|Calm Mind|p1a: Espathra\n|-boost|p1a: Espathra|spa|1\n|-boost|p1a: Espathra|spd|1\n|move|p2a: Arceus|Judgment|p1a: Espathra\n|-crit|p1a: Espathra\n|-damage|p1a: Espathra|0 fnt\n|faint|p1a: Espathra\n|\n|upkeep\n|\n|t:|1783544073\n|switch|p1a: Stantler|Stantler, L92, M|100/100\n|-ability|p1a: Stantler|Intimidate|boost\n|-unboost|p2a: Arceus|atk|1\n|turn|3\n|inactive|Time left: 300 sec this turn | 300 sec total\n|\n|t:|1783544074\n|move|p2a: Arceus|Judgment|p1a: Stantler\n|-damage|p1a: Stantler|59/100\n|move|p1a: Stantler|Calm Mind|p1a: Stantler\n|-boost|p1a: Stantler|spa|1\n|-boost|p1a: Stantler|spd|1\n|\n|upkeep\n|turn|4\n|inactive|Time left: 300 sec this turn | 300 sec total\n|\n|t:|1783544076\n|move|p2a: Arceus|Judgment|p1a: Stantler\n|-damage|p1a: Stantler|29/100\n|move|p1a: Stantler|Calm Mind|p1a: Stantler\n|-boost|p1a: Stantler|spa|1\n|-boost|p1a: Stantler|spd|1\n|\n|upkeep\n|turn|5\n|inactive|Time left: 300 sec this turn | 300 sec total\n|\n|t:|1783544077\n|move|p2a: Arceus|Judgment|p1a: Stantler\n|-damage|p1a: Stantler|7/100\n|move|p1a: Stantler|Earth Power|p2a: Arceus\n|-damage|p2a: Arceus|201/288\n|\n|upkeep\n|turn|6\n|inactive|Time left: 300 sec this turn | 300 sec total\n|\n|t:|1783544077\n|move|p2a: Arceus|Judgment|p1a: Stantler\n|-damage|p1a: Stantler|0 fnt\n|faint|p1a: Stantler\n|\n|upkeep\n|\n|t:|1783544078\n|switch|p1a: Sudowoodo|Sudowoodo, L94, F|100/100\n|turn|7\n|inactive|Time left: 300 sec this turn | 300 sec total\n|\n|t:|1783544079\n|-terastallize|p1a: Sudowoodo|Grass\n|move|p2a: Arceus|Judgment|p1a: Sudowoodo\n|-resisted|p1a: Sudowoodo\n|-damage|p1a: Sudowoodo|66/100\n|move|p1a: Sudowoodo|Wood Hammer|p2a: Arceus\n|-supereffective|p2a: Arceus\n|-damage|p2a: Arceus|0 fnt\n|faint|p2a: Arceus\n|\n|upkeep\n|inactive|Time left: 300 sec this turn | 300 sec total | 5 sec grace\n|\n|t:|1783544080\n|switch|p2a: Cetitan|Cetitan, L82, M|413/413\n|turn|8\n|inactive|Time left: 300 sec this turn | 300 sec total\n|\n|t:|1783544081\n|move|p2a: Cetitan|Icicle Crash|p1a: Sudowoodo\n|-supereffective|p1a: Sudowoodo\n|-damage|p1a: Sudowoodo|0 fnt\n|faint|p1a: Sudowoodo\n|\n|upkeep\n|\n|t:|1783544082\n|switch|p1a: Slowbro|Slowbro, L85, F|100/100\n|turn|9\n|inactive|Time left: 300 sec this turn | 300 sec total\n|\n|t:|1783544084\n|switch|p2a: Polteageist|Polteageist-Antique, L78|222/222\n|move|p1a: Slowbro|Scald|p2a: Polteageist\n|-damage|p2a: Polteageist|140/222\n|-start|p1a: Slowbro|Disable|Scald|[from] ability: Cursed Body|[of] p2a: Polteageist\n|\n|upkeep\n|turn|10\n|inactive|Time left: 300 sec this turn | 300 sec total\n|\n|t:|1783544085\n|switch|p1a: Houndoom|Houndoom, L87, F|100/100\n|move|p2a: Polteageist|Shell Smash|p2a: Polteageist\n|-unboost|p2a: Polteageist|def|1\n|-unboost|p2a: Polteageist|spd|1\n|-boost|p2a: Polteageist|atk|2\n|-boost|p2a: Polteageist|spa|2\n|-boost|p2a: Polteageist|spe|2\n|-enditem|p2a: Polteageist|White Herb\n|-clearnegativeboost|p2a: Polteageist|[silent]\n|\n|upkeep\n|turn|11\n|inactive|Time left: 300 sec this turn | 300 sec total\n|\n|t:|1783544086\n|-terastallize|p2a: Polteageist|Fighting\n|move|p2a: Polteageist|Tera Blast|p1a: Houndoom|[anim] Tera Blast Fighting\n|-supereffective|p1a: Houndoom\n|-damage|p1a: Houndoom|0 fnt\n|faint|p1a: Houndoom\n|\n|upkeep\n|\n|t:|1783544087\n|switch|p1a: Ceruledge|Ceruledge, L78, F|100/100\n|turn|12\n|inactive|Time left: 300 sec this turn | 300 sec total\n|\n|t:|1783544088\n|switch|p1a: Slowbro|Slowbro, L85, F|100/100\n|move|p2a: Polteageist|Shadow Ball|p1a: Slowbro\n|-supereffective|p1a: Slowbro\n|-damage|p1a: Slowbro|0 fnt\n|faint|p1a: Slowbro\n|\n|upkeep\n|\n|t:|1783544088\n|switch|p1a: Ceruledge|Ceruledge, L78, F|100/100\n|turn|13\n|inactive|Time left: 300 sec this turn | 300 sec total\n|\n|t:|1783544089\n|move|p2a: Polteageist|Shadow Ball|p1a: Ceruledge\n|-supereffective|p1a: Ceruledge\n|-damage|p1a: Ceruledge|0 fnt\n|faint|p1a: Ceruledge\n|\n|win|p0y3811c9d", "uploadtime": 1783544089, "views": 0, "rating": 0, "private": 0, "password": null, "_winner": "p0y3811c9d", "_our_name": "p0y3811c9d"}