{"id": "battle-gen9randombattle-2678", "formatid": "gen9randombattle", "format": "[Gen 9] Random Battle", "players": ["p0x267810fd", "p0y2678cf82"], "log": "|init|battle\n|title|p0x267810fd vs. p0y2678cf82\n|j|\u2606p0x267810fd\n|j|\u2606p0y2678cf82\n|t:|1783570906\n|gametype|singles\n|player|p1|p0x267810fd|102|\n|player|p2|p0y2678cf82|170|\n|gen|9\n|tier|[Gen 9] Random Battle\n|rule|Species Clause: Limit one of each Pok\u00e9mon\n|rule|HP Percentage Mod: HP is shown in percentages\n|rule|Sleep Clause Mod: Limit one foe put to sleep\n|rule|Illusion Level Mod: Illusion disguises the Pok\u00e9mon's true level\n|\n|t:|1783570906\n|teamsize|p1|6\n|teamsize|p2|6\n|start\n|switch|p1a: Volcanion|Volcanion, L79|100/100\n|switch|p2a: Munkidori|Munkidori, L79, M|269/269\n|turn|1\n|inactive|Battle timer is ON: inactive players will automatically lose when time's up. (requested by p0x267810fd)\n|inactive|Time left: 300 sec this turn | 300 sec total | 60 sec grace\n|inactive|p0y2678cf82 also wants the timer to be on.\n|\n|t:|1783570907\n|move|p2a: Munkidori|Sludge Wave|p1a: Volcanion\n|-damage|p1a: Volcanion|68/100\n|move|p1a: Volcanion|Flame Charge|p2a: Munkidori\n|-damage|p2a: Munkidori|194/269\n|-boost|p1a: Volcanion|spe|1\n|\n|upkeep\n|turn|2\n|inactive|Time left: 300 sec this turn | 300 sec total\n|\n|t:|1783570908\n|move|p1a: Volcanion|Steam Eruption|p2a: Munkidori\n|-damage|p2a: Munkidori|100/269\n|move|p2a: Munkidori|U-turn|p1a: Volcanion\n|-resisted|p1a: Volcanion\n|-damage|p1a: Volcanion|63/100\n|inactive|Time left: 300 sec this turn | 300 sec total | 5 sec grace\n|\n|t:|1783570909\n|switch|p2a: Heracross|Heracross, L80, F|259/259|[from] U-turn\n|\n|-status|p2a: Heracross|brn|[from] item: Flame Orb\n|upkeep\n|turn|3\n|inactive|Time left: 300 sec this turn | 300 sec total\n|\n|t:|1783570910\n|move|p1a: Volcanion|Flamethrower|p2a: Heracross\n|-supereffective|p2a: Heracross\n|-damage|p2a: Heracross|49/259 brn\n|move|p2a: Heracross|Close Combat|p1a: Volcanion\n|-damage|p1a: Volcanion|0 fnt\n|-unboost|p2a: Heracross|def|1\n|-unboost|p2a: Heracross|spd|1\n|faint|p1a: Volcanion\n|\n|-damage|p2a: Heracross|33/259 brn|[from] brn\n|upkeep\n|\n|t:|1783570911\n|switch|p1a: Abomasnow|Abomasnow, L84, M|100/100\n|-weather|Snowscape|[from] ability: Snow Warning|[of] p1a: Abomasnow\n|turn|4\n|inactive|Time left: 300 sec this turn | 300 sec total\n|\n|t:|1783570912\n|move|p1a: Abomasnow|Ice Shard|p2a: Heracross\n|-damage|p2a: Heracross|0 fnt\n|faint|p2a: Heracross\n|\n|-weather|Snowscape|[upkeep]\n|upkeep\n|inactive|Time left: 300 sec this turn | 300 sec total | 5 sec grace\n|\n|t:|1783570913\n|switch|p2a: Magcargo|Magcargo, L95, M|268/268\n|turn|5\n|inactive|Time left: 300 sec this turn | 300 sec total\n|\n|t:|1783570914\n|move|p1a: Abomasnow|Aurora Veil|p1a: Abomasnow\n|-sidestart|p1: p0x267810fd|move: Aurora Veil\n|move|p2a: Magcargo|Shell Smash|p2a: Magcargo\n|-unboost|p2a: Magcargo|def|1\n|-unboost|p2a: Magcargo|spd|1\n|-boost|p2a: Magcargo|atk|2\n|-boost|p2a: Magcargo|spa|2\n|-boost|p2a: Magcargo|spe|2\n|\n|-weather|Snowscape|[upkeep]\n|upkeep\n|turn|6\n|inactive|Time left: 300 sec this turn | 300 sec total\n|\n|t:|1783570915\n|-terastallize|p1a: Abomasnow|Ghost\n|move|p2a: Magcargo|Fire Blast|p1a: Abomasnow\n|-crit|p1a: Abomasnow\n|-damage|p1a: Abomasnow|0 fnt\n|faint|p1a: Abomasnow\n|\n|-weather|Snowscape|[upkeep]\n|upkeep\n|\n|t:|1783570916\n|switch|p1a: Sudowoodo|Sudowoodo, L94, F|100/100\n|turn|7\n|inactive|Time left: 300 sec this turn | 300 sec total\n|\n|t:|1783570917\n|-terastallize|p2a: Magcargo|Dragon\n|move|p2a: Magcargo|Earth Power|p1a: Sudowoodo\n|-supereffective|p1a: Sudowoodo\n|-damage|p1a: Sudowoodo|45/100\n|move|p1a: Sudowoodo|Head Smash|p2a: Magcargo\n|-damage|p2a: Magcargo|0 fnt\n|faint|p2a: Magcargo\n|\n|-weather|Snowscape|[upkeep]\n|upkeep\n|inactive|Time left: 300 sec this turn | 300 sec total | 5 sec grace\n|\n|t:|1783570918\n|switch|p2a: Munkidori|Munkidori, L79, M|100/269\n|turn|8\n|inactive|Time left: 300 sec this turn | 300 sec total\n|\n|t:|1783570919\n|move|p2a: Munkidori|Fake Out|p1a: Sudowoodo\n|-resisted|p1a: Sudowoodo\n|-damage|p1a: Sudowoodo|43/100\n|cant|p1a: Sudowoodo|flinch\n|\n|-weather|none\n|upkeep\n|turn|9\n|inactive|Time left: 300 sec this turn | 300 sec total\n|\n|t:|1783570920\n|move|p2a: Munkidori|Psychic Noise|p1a: Sudowoodo\n|-damage|p1a: Sudowoodo|27/100\n|-start|p1a: Sudowoodo|move: Heal Block\n|move|p1a: Sudowoodo|Head Smash|p2a: Munkidori\n|-damage|p2a: Munkidori|0 fnt\n|faint|p2a: Munkidori\n|\n|upkeep\n|inactive|Time left: 300 sec this turn | 300 sec total | 5 sec grace\n|\n|t:|1783570921\n|switch|p2a: Gumshoos|Gumshoos, L95, F|321/321\n|turn|10\n|inactive|Time left: 300 sec this turn | 300 sec total\n|\n|t:|1783570922\n|move|p2a: Gumshoos|Earthquake|p1a: Sudowoodo\n|-supereffective|p1a: Sudowoodo\n|-damage|p1a: Sudowoodo|0 fnt\n|faint|p1a: Sudowoodo\n|\n|upkeep\n|\n|t:|1783570923\n|switch|p1a: Chien-Pao|Chien-Pao, L72|100/100\n|-ability|p1a: Chien-Pao|Sword of Ruin\n|turn|11\n|inactive|Time left: 300 sec this turn | 300 sec total\n|\n|t:|1783570924\n|switch|p2a: Overqwil|Overqwil, L82, F|274/274\n|-ability|p2a: Overqwil|Intimidate|boost\n|-unboost|p1a: Chien-Pao|atk|1\n|move|p1a: Chien-Pao|Swords Dance|p1a: Chien-Pao\n|-boost|p1a: Chien-Pao|atk|2\n|\n|upkeep\n|turn|12\n|inactive|Time left: 300 sec this turn | 300 sec total\n|\n|t:|1783570925\n|move|p1a: Chien-Pao|Icicle Crash|p2a: Overqwil\n|-damage|p2a: Overqwil|132/274\n|move|p2a: Overqwil|Gunk Shot|p1a: Chien-Pao|[miss]\n|-miss|p2a: Overqwil|p1a: Chien-Pao\n|\n|-sideend|p1: p0x267810fd|move: Aurora Veil\n|upkeep\n|turn|13\n|inactive|Time left: 300 sec this turn | 300 sec total\n|\n|t:|1783570926\n|move|p1a: Chien-Pao|Icicle Crash|p2a: Overqwil\n|-damage|p2a: Overqwil|0 fnt\n|faint|p2a: Overqwil\n|\n|upkeep\n|inactive|Time left: 300 sec this turn | 300 sec total | 5 sec grace\n|\n|t:|1783570927\n|switch|p2a: Illumise|Illumise, L91, F|266/266\n|turn|14\n|inactive|Time left: 300 sec this turn | 300 sec total\n|\n|t:|1783570928\n|move|p1a: Chien-Pao|Icicle Crash|p2a: Illumise\n|-damage|p2a: Illumise|98/266\n|cant|p2a: Illumise|flinch\n|\n|upkeep\n|turn|15\n|inactive|Time left: 300 sec this turn | 300 sec total\n|\n|t:|1783570929\n|move|p1a: Chien-Pao|Throat Chop|p2a: Illumise\n|-damage|p2a: Illumise|0 fnt\n|faint|p2a: Illumise\n|\n|upkeep\n|inactive|Time left: 300 sec this turn | 300 sec total | 5 sec grace\n|\n|t:|1783570930\n|switch|p2a: Gumshoos|Gumshoos, L95, F|321/321\n|turn|16\n|inactive|Time left: 300 sec this turn | 300 sec total\n|\n|t:|1783570930\n|move|p1a: Chien-Pao|Sacred Sword|p2a: Gumshoos\n|-supereffective|p2a: Gumshoos\n|-damage|p2a: Gumshoos|41/321\n|move|p2a: Gumshoos|Earthquake|p1a: Chien-Pao\n|-damage|p1a: Chien-Pao|18/100\n|\n|upkeep\n|turn|17\n|inactive|Time left: 300 sec this turn | 300 sec total\n|\n|t:|1783570931\n|move|p1a: Chien-Pao|Sacred Sword|p2a: Gumshoos\n|-supereffective|p2a: Gumshoos\n|-damage|p2a: Gumshoos|0 fnt\n|faint|p2a: Gumshoos\n|\n|win|p0x267810fd", "uploadtime": 1783570931, "views": 0, "rating": 0, "private": 0, "password": null, "_winner": "p0x267810fd", "_our_name": "p0y2678cf82"}