{"id": "battle-gen9randombattle-227", "formatid": "gen9randombattle", "format": "[Gen 9] Random Battle", "players": ["p0x227a7bf", "p0y2274915"], "log": "|init|battle\n|title|p0x227a7bf vs. p0y2274915\n|j|\u2606p0x227a7bf\n|j|\u2606p0y2274915\n|t:|1783535896\n|gametype|singles\n|player|p1|p0x227a7bf|102|\n|player|p2|p0y2274915|266|\n|gen|9\n|tier|[Gen 9] Random Battle\n|rule|Species Clause: Limit one of each Pok\u00e9mon\n|rule|HP Percentage Mod: HP is shown in percentages\n|rule|Sleep Clause Mod: Limit one foe put to sleep\n|rule|Illusion Level Mod: Illusion disguises the Pok\u00e9mon's true level\n|\n|t:|1783535896\n|teamsize|p1|6\n|teamsize|p2|6\n|start\n|switch|p1a: Iron Leaves|Iron Leaves, L80|275/275\n|switch|p2a: Empoleon|Empoleon, L84, F|100/100\n|turn|1\n|inactive|Battle timer is ON: inactive players will automatically lose when time's up. (requested by p0x227a7bf)\n|inactive|p0y2274915 also wants the timer to be on.\n|\n|t:|1783535898\n|switch|p2a: Bronzong|Bronzong, L88|100/100\n|move|p1a: Iron Leaves|Close Combat|p2a: Bronzong\n|-damage|p2a: Bronzong|54/100\n|-unboost|p1a: Iron Leaves|def|1\n|-unboost|p1a: Iron Leaves|spd|1\n|\n|-heal|p2a: Bronzong|60/100|[from] item: Leftovers\n|upkeep\n|turn|2\n|inactive|Time left: 300 sec this turn | 300 sec total\n|\n|t:|1783535899\n|-end|p1a: Iron Leaves|Quark Drive|[silent]\n|switch|p1a: Luxray|Luxray, L88, F|283/283\n|switch|p2a: Flygon|Flygon, L82, M|100/100\n|\n|-status|p1a: Luxray|brn|[from] item: Flame Orb\n|upkeep\n|turn|3\n|inactive|Time left: 300 sec this turn | 300 sec total\n|\n|t:|1783535900\n|-terastallize|p1a: Luxray|Normal\n|move|p2a: Flygon|Poltergeist|p1a: Luxray\n|-immune|p1a: Luxray\n|move|p1a: Luxray|Facade|p2a: Flygon\n|-immune|p2a: Flygon\n|\n|-damage|p1a: Luxray|266/283 brn|[from] brn\n|upkeep\n|turn|4\n|inactive|Time left: 300 sec this turn | 300 sec total\n|\n|t:|1783535901\n|move|p2a: Flygon|Focus Blast|p1a: Luxray\n|-supereffective|p1a: Luxray\n|-damage|p1a: Luxray|27/283 brn\n|-damage|p2a: Flygon|91/100|[from] item: Life Orb\n|move|p1a: Luxray|Throat Chop|p2a: Flygon\n|-supereffective|p2a: Flygon\n|-damage|p2a: Flygon|0 fnt\n|replace|p2a: Zoroark|Zoroark-Hisui, L80, M\n|-end|p2a: Zoroark|Illusion\n|-hint|Illusion Level Mod is active, so this Pok\u00e9mon's true level was hidden.\n|faint|p2a: Zoroark\n|\n|-damage|p1a: Luxray|10/283 brn|[from] brn\n|upkeep\n|\n|t:|1783535902\n|switch|p2a: Flygon|Flygon, L82, M|100/100\n|turn|5\n|inactive|Time left: 300 sec this turn | 300 sec total\n|\n|t:|1783535903\n|switch|p1a: Hippowdon|Hippowdon, L82, M|311/311\n|-weather|Sandstorm|[from] ability: Sand Stream|[of] p1a: Hippowdon\n|move|p2a: Flygon|Outrage|p1a: Hippowdon\n|-damage|p1a: Hippowdon|205/311\n|\n|-weather|Sandstorm|[upkeep]\n|-heal|p1a: Hippowdon|224/311|[from] item: Leftovers\n|upkeep\n|turn|6\n|inactive|Time left: 300 sec this turn | 300 sec total\n|\n|t:|1783535905\n|move|p2a: Flygon|Outrage|p1a: Hippowdon|[from] lockedmove\n|-damage|p1a: Hippowdon|124/311\n|move|p1a: Hippowdon|Slack Off|p1a: Hippowdon\n|-heal|p1a: Hippowdon|280/311\n|\n|-weather|Sandstorm|[upkeep]\n|-heal|p1a: Hippowdon|299/311|[from] item: Leftovers\n|upkeep\n|turn|7\n|inactive|Time left: 300 sec this turn | 300 sec total\n|\n|t:|1783535906\n|move|p2a: Flygon|Outrage|p1a: Hippowdon|[from] lockedmove\n|-damage|p1a: Hippowdon|205/311\n|-start|p2a: Flygon|confusion|[fatigue]\n|move|p1a: Hippowdon|Slack Off|p1a: Hippowdon\n|-heal|p1a: Hippowdon|311/311\n|\n|-weather|Sandstorm|[upkeep]\n|upkeep\n|turn|8\n|inactive|Time left: 300 sec this turn | 300 sec total\n|\n|t:|1783535907\n|switch|p2a: Bronzong|Bronzong, L88|60/100\n|move|p1a: Hippowdon|Earthquake|p2a: Bronzong\n|-immune|p2a: Bronzong|[from] ability: Levitate\n|\n|-weather|Sandstorm|[upkeep]\n|-heal|p2a: Bronzong|66/100|[from] item: Leftovers\n|upkeep\n|turn|9\n|inactive|Time left: 300 sec this turn | 300 sec total\n|\n|t:|1783535908\n|switch|p1a: Iron Leaves|Iron Leaves, L80|275/275\n|move|p2a: Bronzong|Psychic Noise|p1a: Iron Leaves\n|-resisted|p1a: Iron Leaves\n|-damage|p1a: Iron Leaves|244/275\n|-start|p1a: Iron Leaves|move: Heal Block\n|\n|-weather|none\n|-heal|p2a: Bronzong|72/100|[from] item: Leftovers\n|upkeep\n|turn|10\n|inactive|Time left: 300 sec this turn | 300 sec total\n|\n|t:|1783535909\n|move|p1a: Iron Leaves|Megahorn|p2a: Bronzong\n|-damage|p2a: Bronzong|30/100\n|move|p2a: Bronzong|Iron Defense|p2a: Bronzong\n|-boost|p2a: Bronzong|def|2\n|\n|-heal|p2a: Bronzong|36/100|[from] item: Leftovers\n|-end|p1a: Iron Leaves|move: Heal Block\n|upkeep\n|turn|11\n|inactive|Time left: 300 sec this turn | 300 sec total\n|\n|t:|1783535909\n|move|p1a: Iron Leaves|Megahorn|p2a: Bronzong\n|-damage|p2a: Bronzong|15/100\n|move|p2a: Bronzong|Psychic Noise|p1a: Iron Leaves\n|-resisted|p1a: Iron Leaves\n|-crit|p1a: Iron Leaves\n|-damage|p1a: Iron Leaves|192/275\n|-start|p1a: Iron Leaves|move: Heal Block\n|\n|-heal|p2a: Bronzong|22/100|[from] item: Leftovers\n|upkeep\n|turn|12\n|inactive|Time left: 300 sec this turn | 300 sec total\n|\n|t:|1783535910\n|-terastallize|p2a: Bronzong|Fighting\n|move|p1a: Iron Leaves|Megahorn|p2a: Bronzong\n|-resisted|p2a: Bronzong\n|-damage|p2a: Bronzong|10/100\n|move|p2a: Bronzong|Body Press|p1a: Iron Leaves\n|-resisted|p1a: Iron Leaves\n|-damage|p1a: Iron Leaves|78/275\n|\n|-heal|p2a: Bronzong|17/100|[from] item: Leftovers\n|-end|p1a: Iron Leaves|move: Heal Block\n|upkeep\n|turn|13\n|inactive|Time left: 300 sec this turn | 300 sec total\n|\n|t:|1783535911\n|-end|p1a: Iron Leaves|Quark Drive|[silent]\n|switch|p1a: Milotic|Milotic, L83, F|293/293\n|move|p2a: Bronzong|Body Press|p1a: Milotic\n|-damage|p1a: Milotic|44/293\n|\n|-heal|p1a: Milotic|62/293|[from] item: Leftovers\n|-heal|p2a: Bronzong|23/100|[from] item: Leftovers\n|upkeep\n|turn|14\n|inactive|Time left: 300 sec this turn | 300 sec total\n|\n|t:|1783535912\n|move|p1a: Milotic|Scald|p2a: Bronzong\n|-damage|p2a: Bronzong|0 fnt\n|faint|p2a: Bronzong\n|\n|-heal|p1a: Milotic|80/293|[from] item: Leftovers\n|upkeep\n|\n|t:|1783535913\n|switch|p2a: Flygon|Flygon, L82, M|100/100\n|turn|15\n|inactive|Time left: 300 sec this turn | 300 sec total\n|\n|t:|1783535914\n|switch|p1a: Hippowdon|Hippowdon, L82, M|311/311\n|-weather|Sandstorm|[from] ability: Sand Stream|[of] p1a: Hippowdon\n|move|p2a: Flygon|Outrage|p1a: Hippowdon\n|-damage|p1a: Hippowdon|208/311\n|\n|-weather|Sandstorm|[upkeep]\n|-heal|p1a: Hippowdon|227/311|[from] item: Leftovers\n|upkeep\n|turn|16\n|inactive|Time left: 300 sec this turn | 300 sec total\n|\n|t:|1783535915\n|move|p2a: Flygon|Outrage|p1a: Hippowdon|[from] lockedmove\n|-damage|p1a: Hippowdon|118/311\n|move|p1a: Hippowdon|Slack Off|p1a: Hippowdon\n|-heal|p1a: Hippowdon|274/311\n|\n|-weather|Sandstorm|[upkeep]\n|-heal|p1a: Hippowdon|293/311|[from] item: Leftovers\n|upkeep\n|turn|17\n|inactive|Time left: 300 sec this turn | 300 sec total\n|\n|t:|1783535916\n|move|p2a: Flygon|Outrage|p1a: Hippowdon|[from] lockedmove\n|-damage|p1a: Hippowdon|190/311\n|-start|p2a: Flygon|confusion|[fatigue]\n|move|p1a: Hippowdon|Slack Off|p1a: Hippowdon\n|-heal|p1a: Hippowdon|311/311\n|\n|-weather|Sandstorm|[upkeep]\n|upkeep\n|turn|18\n|inactive|Time left: 300 sec this turn | 300 sec total\n|\n|t:|1783535917\n|-activate|p2a: Flygon|confusion\n|move|p2a: Flygon|Outrage|p1a: Hippowdon\n|-damage|p1a: Hippowdon|209/311\n|move|p1a: Hippowdon|Earthquake|p2a: Flygon\n|-immune|p2a: Flygon|[from] ability: Levitate\n|\n|-weather|Sandstorm|[upkeep]\n|-heal|p1a: Hippowdon|228/311|[from] item: Leftovers\n|upkeep\n|turn|19\n|inactive|Time left: 300 sec this turn | 300 sec total\n|\n|t:|1783535919\n|-end|p2a: Flygon|confusion\n|move|p2a: Flygon|Outrage|p1a: Hippowdon|[from] lockedmove\n|-damage|p1a: Hippowdon|123/311\n|move|p1a: Hippowdon|Slack Off|p1a: Hippowdon\n|-heal|p1a: Hippowdon|279/311\n|\n|-weather|none\n|-heal|p1a: Hippowdon|298/311|[from] item: Leftovers\n|upkeep\n|turn|20\n|inactive|Time left: 300 sec this turn | 300 sec total\n|\n|t:|1783535920\n|move|p2a: Flygon|Outrage|p1a: Hippowdon|[from] lockedmove\n|-damage|p1a: Hippowdon|193/311\n|-start|p2a: Flygon|confusion|[fatigue]\n|move|p1a: Hippowdon|Slack Off|p1a: Hippowdon\n|-heal|p1a: Hippowdon|311/311\n|\n|upkeep\n|turn|21\n|inactive|Time left: 300 sec this turn | 300 sec total\n|\n|t:|1783535921\n|-activate|p2a: Flygon|confusion\n|-damage|p2a: Flygon|90/100|[from] confusion\n|move|p1a: Hippowdon|Slack Off||[still]\n|-fail|p1a: Hippowdon|heal\n|\n|upkeep\n|turn|22\n|inactive|Time left: 300 sec this turn | 300 sec total\n|\n|t:|1783535922\n|-activate|p2a: Flygon|confusion\n|move|p2a: Flygon|Outrage|p1a: Hippowdon\n|-damage|p1a: Hippowdon|208/311\n|move|p1a: Hippowdon|Stone Edge|p2a: Flygon|[miss]\n|-miss|p1a: Hippowdon|p2a: Flygon\n|\n|-heal|p1a: Hippowdon|227/311|[from] item: Leftovers\n|upkeep\n|turn|23\n|inactive|Time left: 300 sec this turn | 300 sec total\n|\n|t:|1783535923\n|-end|p2a: Flygon|confusion\n|move|p2a: Flygon|Outrage|p1a: Hippowdon|[from] lockedmove\n|-damage|p1a: Hippowdon|134/311\n|-start|p2a: Flygon|confusion|[fatigue]\n|move|p1a: Hippowdon|Slack Off|p1a: Hippowdon\n|-heal|p1a: Hippowdon|290/311\n|\n|-heal|p1a: Hippowdon|309/311|[from] item: Leftovers\n|upkeep\n|turn|24\n|inactive|Time left: 300 sec this turn | 300 sec total\n|\n|t:|1783535924\n|-activate|p2a: Flygon|confusion\n|move|p2a: Flygon|Outrage|p1a: Hippowdon\n|-damage|p1a: Hippowdon|210/311\n|move|p1a: Hippowdon|Stone Edge|p2a: Flygon\n|-resisted|p2a: Flygon\n|-damage|p2a: Flygon|75/100\n|\n|-heal|p1a: Hippowdon|229/311|[from] item: Leftovers\n|upkeep\n|turn|25\n|inactive|Time left: 300 sec this turn | 300 sec total\n|\n|t:|1783535925\n|switch|p1a: Muk|Muk-Alola, L82, M|306/306\n|-end|p2a: Flygon|confusion\n|move|p2a: Flygon|Outrage|p1a: Muk|[from] lockedmove\n|-damage|p1a: Muk|152/306\n|-start|p2a: Flygon|confusion|[fatigue]\n|\n|upkeep\n|turn|26\n|inactive|Time left: 300 sec this turn | 300 sec total\n|\n|t:|1783535927\n|-activate|p2a: Flygon|confusion\n|move|p2a: Flygon|Outrage|p1a: Muk\n|-damage|p1a: Muk|10/306\n|move|p1a: Muk|Ice Punch|p2a: Flygon\n|-supereffective|p2a: Flygon\n|-damage|p2a: Flygon|0 fnt\n|faint|p2a: Flygon\n|\n|upkeep\n|\n|t:|1783535928\n|switch|p2a: Rotom|Rotom-Fan, L86|100/100\n|turn|27\n|inactive|Time left: 300 sec this turn | 300 sec total\n|\n|t:|1783535929\n|switch|p1a: Hippowdon|Hippowdon, L82, M|229/311\n|-weather|Sandstorm|[from] ability: Sand Stream|[of] p1a: Hippowdon\n|move|p2a: Rotom|Air Slash|p1a: Hippowdon\n|-damage|p1a: Hippowdon|124/311\n|\n|-weather|Sandstorm|[upkeep]\n|-damage|p2a: Rotom|94/100|[from] Sandstorm\n|-heal|p1a: Hippowdon|143/311|[from] item: Leftovers\n|upkeep\n|turn|28\n|inactive|Time left: 300 sec this turn | 300 sec total\n|\n|t:|1783535930\n|move|p2a: Rotom|Air Slash|p1a: Hippowdon\n|-damage|p1a: Hippowdon|28/311\n|move|p1a: Hippowdon|Stone Edge|p2a: Rotom\n|-supereffective|p2a: Rotom\n|-damage|p2a: Rotom|36/100\n|\n|-weather|Sandstorm|[upkeep]\n|-damage|p2a: Rotom|30/100|[from] Sandstorm\n|-heal|p1a: Hippowdon|47/311|[from] item: Leftovers\n|upkeep\n|turn|29\n|inactive|Time left: 300 sec this turn | 300 sec total\n|\n|t:|1783535931\n|move|p2a: Rotom|Air Slash|p1a: Hippowdon\n|-damage|p1a: Hippowdon|0 fnt\n|faint|p1a: Hippowdon\n|\n|-weather|Sandstorm|[upkeep]\n|-damage|p2a: Rotom|24/100|[from] Sandstorm\n|upkeep\n|inactive|Time left: 300 sec this turn | 300 sec total | 5 sec grace\n|\n|t:|1783535932\n|switch|p1a: Iron Leaves|Iron Leaves, L80|78/275\n|turn|30\n|inactive|Time left: 300 sec this turn | 300 sec total\n|\n|t:|1783535933\n|move|p1a: Iron Leaves|Leaf Blade|p2a: Rotom\n|-resisted|p2a: Rotom\n|-crit|p2a: Rotom\n|-damage|p2a: Rotom|0 fnt\n|faint|p2a: Rotom\n|\n|-weather|Sandstorm|[upkeep]\n|-damage|p1a: Iron Leaves|61/275|[from] Sandstorm\n|upkeep\n|\n|t:|1783535935\n|switch|p2a: Arboliva|Arboliva, L91, M|100/100\n|turn|31\n|inactive|Time left: 300 sec this turn | 300 sec total\n|\n|t:|1783535936\n|move|p1a: Iron Leaves|Leaf Blade|p2a: Arboliva\n|-resisted|p2a: Arboliva\n|-damage|p2a: Arboliva|72/100\n|move|p2a: Arboliva|Hyper Voice|p1a: Iron Leaves\n|-damage|p1a: Iron Leaves|0 fnt\n|faint|p1a: Iron Leaves\n|-end|p1a: Iron Leaves|Quark Drive|[silent]\n|\n|-weather|none\n|upkeep\n|inactive|Time left: 300 sec this turn | 300 sec total | 5 sec grace\n|\n|t:|1783535936\n|switch|p1a: Muk|Muk-Alola, L82, M|10/306\n|turn|32\n|inactive|Time left: 300 sec this turn | 300 sec total\n|\n|t:|1783535938\n|switch|p2a: Empoleon|Empoleon, L84, F|100/100\n|move|p1a: Muk|Gunk Shot|p2a: Empoleon\n|-immune|p2a: Empoleon\n|\n|upkeep\n|turn|33\n|inactive|Time left: 300 sec this turn | 300 sec total\n|\n|t:|1783535939\n|switch|p1a: Milotic|Milotic, L83, F|80/293\n|move|p2a: Empoleon|Flip Turn|p1a: Milotic\n|-resisted|p1a: Milotic\n|-damage|p1a: Milotic|50/293\n|\n|t:|1783535940\n|switch|p2a: Arboliva|Arboliva, L91, M|72/100|[from] Flip Turn\n|\n|-heal|p1a: Milotic|68/293|[from] item: Leftovers\n|upkeep\n|turn|34\n|inactive|Time left: 300 sec this turn | 300 sec total\n|\n|t:|1783535941\n|move|p1a: Milotic|Recover|p1a: Milotic\n|-heal|p1a: Milotic|215/293\n|move|p2a: Arboliva|Leech Seed|p1a: Milotic\n|-start|p1a: Milotic|move: Leech Seed\n|\n|-heal|p1a: Milotic|233/293|[from] item: Leftovers\n|-damage|p1a: Milotic|197/293|[from] Leech Seed|[of] p2a: Arboliva\n|-heal|p2a: Arboliva|85/100|[silent]\n|upkeep\n|turn|35\n|inactive|Time left: 300 sec this turn | 300 sec total\n|\n|t:|1783535942\n|switch|p1a: Golem|Golem, L87, M|281/281\n|move|p2a: Arboliva|Hyper Voice|p1a: Golem\n|-resisted|p1a: Golem\n|-damage|p1a: Golem|201/281\n|\n|upkeep\n|turn|36\n|inactive|Time left: 300 sec this turn | 300 sec total\n|\n|t:|1783535943\n|move|p1a: Golem|Stone Edge|p2a: Arboliva\n|-damage|p2a: Arboliva|45/100\n|-enditem|p2a: Arboliva|Sitrus Berry|[eat]\n|-heal|p2a: Arboliva|70/100|[from] item: Sitrus Berry\n|move|p2a: Arboliva|Leech Seed|p1a: Golem\n|-start|p1a: Golem|move: Leech Seed\n|\n|-damage|p1a: Golem|166/281|[from] Leech Seed|[of] p2a: Arboliva\n|-heal|p2a: Arboliva|82/100|[silent]\n|-item|p2a: Arboliva|Sitrus Berry|[from] ability: Harvest\n|upkeep\n|turn|37\n|inactive|Time left: 300 sec this turn | 300 sec total\n|\n|t:|1783535944\n|switch|p1a: Milotic|Milotic, L83, F|197/293\n|move|p2a: Arboliva|Hyper Voice|p1a: Milotic\n|-damage|p1a: Milotic|100/293\n|\n|-heal|p1a: Milotic|118/293|[from] item: Leftovers\n|upkeep\n|turn|38\n|inactive|Time left: 300 sec this turn | 300 sec total\n|\n|t:|1783535945\n|move|p1a: Milotic|Recover|p1a: Milotic\n|-heal|p1a: Milotic|265/293\n|move|p2a: Arboliva|Leech Seed|p1a: Milotic\n|-start|p1a: Milotic|move: Leech Seed\n|\n|-heal|p1a: Milotic|283/293|[from] item: Leftovers\n|-damage|p1a: Milotic|247/293|[from] Leech Seed|[of] p2a: Arboliva\n|-heal|p2a: Arboliva|95/100|[silent]\n|upkeep\n|turn|39\n|inactive|Time left: 300 sec this turn | 300 sec total\n|\n|t:|1783535945\n|switch|p1a: Muk|Muk-Alola, L82, M|10/306\n|move|p2a: Arboliva|Hyper Voice|p1a: Muk\n|-damage|p1a: Muk|0 fnt\n|faint|p1a: Muk\n|\n|upkeep\n|inactive|Time left: 300 sec this turn | 300 sec total | 5 sec grace\n|\n|t:|1783535946\n|switch|p1a: Milotic|Milotic, L83, F|247/293\n|turn|40\n|inactive|Time left: 300 sec this turn | 300 sec total\n|\n|t:|1783535947\n|move|p1a: Milotic|Ice Beam|p2a: Arboliva\n|-supereffective|p2a: Arboliva\n|-damage|p2a: Arboliva|58/100\n|move|p2a: Arboliva|Leech Seed|p1a: Milotic\n|-start|p1a: Milotic|move: Leech Seed\n|\n|-heal|p1a: Milotic|265/293|[from] item: Leftovers\n|-damage|p1a: Milotic|229/293|[from] Leech Seed|[of] p2a: Arboliva\n|-heal|p2a: Arboliva|70/100|[silent]\n|upkeep\n|turn|41\n|inactive|Time left: 300 sec this turn | 300 sec total\n|\n|t:|1783535948\n|switch|p1a: Golem|Golem, L87, M|166/281\n|move|p2a: Arboliva|Hyper Voice|p1a: Golem\n|-resisted|p1a: Golem\n|-damage|p1a: Golem|88/281\n|\n|upkeep\n|turn|42\n|inactive|Time left: 300 sec this turn | 300 sec total\n|\n|t:|1783535949\n|move|p1a: Golem|Stone Edge|p2a: Arboliva\n|-damage|p2a: Arboliva|25/100\n|-enditem|p2a: Arboliva|Sitrus Berry|[eat]\n|-heal|p2a: Arboliva|50/100|[from] item: Sitrus Berry\n|move|p2a: Arboliva|Leech Seed|p1a: Golem|[miss]\n|-miss|p2a: Arboliva|p1a: Golem\n|\n|-item|p2a: Arboliva|Sitrus Berry|[from] ability: Harvest\n|upkeep\n|-enditem|p2a: Arboliva|Sitrus Berry|[eat]\n|-heal|p2a: Arboliva|75/100|[from] item: Sitrus Berry\n|turn|43\n|inactive|Time left: 300 sec this turn | 300 sec total\n|\n|t:|1783535950\n|move|p1a: Golem|Earthquake|p2a: Arboliva\n|-resisted|p2a: Arboliva\n|-damage|p2a: Arboliva|53/100\n|move|p2a: Arboliva|Leech Seed|p1a: Golem\n|-start|p1a: Golem|move: Leech Seed\n|\n|-damage|p1a: Golem|53/281|[from] Leech Seed|[of] p2a: Arboliva\n|-heal|p2a: Arboliva|65/100|[silent]\n|upkeep\n|turn|44\n|inactive|Time left: 300 sec this turn | 300 sec total\n|\n|t:|1783535952\n|switch|p1a: Milotic|Milotic, L83, F|229/293\n|move|p2a: Arboliva|Protect||[still]\n|-fail|p2a: Arboliva\n|\n|-heal|p1a: Milotic|247/293|[from] item: Leftovers\n|-item|p2a: Arboliva|Sitrus Berry|[from] ability: Harvest\n|upkeep\n|turn|45\n|inactive|Time left: 300 sec this turn | 300 sec total\n|\n|t:|1783535953\n|move|p1a: Milotic|Ice Beam|p2a: Arboliva\n|-supereffective|p2a: Arboliva\n|-damage|p2a: Arboliva|30/100\n|-enditem|p2a: Arboliva|Sitrus Berry|[eat]\n|-heal|p2a: Arboliva|55/100|[from] item: Sitrus Berry\n|move|p2a: Arboliva|Leech Seed|p1a: Milotic\n|-start|p1a: Milotic|move: Leech Seed\n|\n|-heal|p1a: Milotic|265/293|[from] item: Leftovers\n|-damage|p1a: Milotic|229/293|[from] Leech Seed|[of] p2a: Arboliva\n|-heal|p2a: Arboliva|68/100|[silent]\n|-item|p2a: Arboliva|Sitrus Berry|[from] ability: Harvest\n|upkeep\n|turn|46\n|inactive|Time left: 300 sec this turn | 300 sec total\n|\n|t:|1783535954\n|move|p1a: Milotic|Ice Beam|p2a: Arboliva\n|-supereffective|p2a: Arboliva\n|-damage|p2a: Arboliva|35/100\n|-enditem|p2a: Arboliva|Sitrus Berry|[eat]\n|-heal|p2a: Arboliva|60/100|[from] item: Sitrus Berry\n|move|p2a: Arboliva|Hyper Voice|p1a: Milotic\n|-damage|p1a: Milotic|121/293\n|\n|-heal|p1a: Milotic|139/293|[from] item: Leftovers\n|-damage|p1a: Milotic|103/293|[from] Leech Seed|[of] p2a: Arboliva\n|-heal|p2a: Arboliva|72/100|[silent]\n|-item|p2a: Arboliva|Sitrus Berry|[from] ability: Harvest\n|upkeep\n|turn|47\n|inactive|Time left: 300 sec this turn | 300 sec total\n|\n|t:|1783535955\n|move|p1a: Milotic|Recover|p1a: Milotic\n|-heal|p1a: Milotic|250/293\n|move|p2a: Arboliva|Hyper Voice|p1a: Milotic\n|-damage|p1a: Milotic|142/293\n|\n|-heal|p1a: Milotic|160/293|[from] item: Leftovers\n|-damage|p1a: Milotic|124/293|[from] Leech Seed|[of] p2a: Arboliva\n|-heal|p2a: Arboliva|85/100|[silent]\n|upkeep\n|turn|48\n|inactive|Time left: 300 sec this turn | 300 sec total\n|\n|t:|1783535956\n|move|p1a: Milotic|Recover|p1a: Milotic\n|-heal|p1a: Milotic|271/293\n|move|p2a: Arboliva|Hyper Voice|p1a: Milotic\n|-damage|p1a: Milotic|163/293\n|\n|-heal|p1a: Milotic|181/293|[from] item: Leftovers\n|-damage|p1a: Milotic|145/293|[from] Leech Seed|[of] p2a: Arboliva\n|-heal|p2a: Arboliva|97/100|[silent]\n|upkeep\n|turn|49\n|inactive|Time left: 300 sec this turn | 300 sec total\n|\n|t:|1783535957\n|move|p1a: Milotic|Recover|p1a: Milotic\n|-heal|p1a: Milotic|292/293\n|move|p2a: Arboliva|Hyper Voice|p1a: Milotic\n|-damage|p1a: Milotic|189/293\n|\n|-heal|p1a: Milotic|207/293|[from] item: Leftovers\n|-damage|p1a: Milotic|171/293|[from] Leech Seed|[of] p2a: Arboliva\n|-heal|p2a: Arboliva|100/100|[silent]\n|upkeep\n|turn|50\n|inactive|Time left: 300 sec this turn | 300 sec total\n|\n|t:|1783535958\n|move|p1a: Milotic|Recover|p1a: Milotic\n|-heal|p1a: Milotic|293/293\n|move|p2a: Arboliva|Hyper Voice|p1a: Milotic\n|-damage|p1a: Milotic|190/293\n|\n|-heal|p1a: Milotic|208/293|[from] item: Leftovers\n|-damage|p1a: Milotic|172/293|[from] Leech Seed|[of] p2a: Arboliva\n|upkeep\n|turn|51\n|inactive|Time left: 300 sec this turn | 300 sec total\n|\n|t:|1783535959\n|move|p1a: Milotic|Recover|p1a: Milotic\n|-heal|p1a: Milotic|293/293\n|move|p2a: Arboliva|Hyper Voice|p1a: Milotic\n|-damage|p1a: Milotic|184/293\n|\n|-heal|p1a: Milotic|202/293|[from] item: Leftovers\n|-damage|p1a: Milotic|166/293|[from] Leech Seed|[of] p2a: Arboliva\n|upkeep\n|turn|52\n|inactive|Time left: 300 sec this turn | 300 sec total\n|\n|t:|1783535960\n|move|p1a: Milotic|Ice Beam|p2a: Arboliva\n|-supereffective|p2a: Arboliva\n|-damage|p2a: Arboliva|65/100\n|move|p2a: Arboliva|Hyper Voice|p1a: Milotic\n|-damage|p1a: Milotic|64/293\n|\n|-heal|p1a: Milotic|82/293|[from] item: Leftovers\n|-damage|p1a: Milotic|46/293|[from] Leech Seed|[of] p2a: Arboliva\n|-heal|p2a: Arboliva|78/100|[silent]\n|upkeep\n|turn|53\n|inactive|Time left: 300 sec this turn | 300 sec total\n|\n|t:|1783535960\n|move|p1a: Milotic|Recover|p1a: Milotic\n|-heal|p1a: Milotic|193/293\n|move|p2a: Arboliva|Hyper Voice|p1a: Milotic\n|-damage|p1a: Milotic|90/293\n|\n|-heal|p1a: Milotic|108/293|[from] item: Leftovers\n|-damage|p1a: Milotic|72/293|[from] Leech Seed|[of] p2a: Arboliva\n|-heal|p2a: Arboliva|90/100|[silent]\n|upkeep\n|turn|54\n|inactive|Time left: 300 sec this turn | 300 sec total\n|\n|t:|1783535962\n|switch|p1a: Golem|Golem, L87, M|53/281\n|move|p2a: Arboliva|Hyper Voice|p1a: Golem\n|-resisted|p1a: Golem\n|-damage|p1a: Golem|0 fnt\n|faint|p1a: Golem\n|\n|upkeep\n|inactive|Time left: 300 sec this turn | 300 sec total | 5 sec grace\n|\n|t:|1783535963\n|switch|p1a: Luxray|Luxray, L88, F, tera:Normal|10/283 brn\n|turn|55\n|inactive|Time left: 300 sec this turn | 300 sec total\n|\n|t:|1783535963\n|move|p2a: Arboliva|Protect|p2a: Arboliva\n|-singleturn|p2a: Arboliva|Protect\n|move|p1a: Luxray|Facade|p2a: Arboliva\n|-activate|p2a: Arboliva|move: Protect\n|\n|-damage|p1a: Luxray|0 fnt|[from] brn\n|faint|p1a: Luxray\n|upkeep\n|inactive|Time left: 300 sec this turn | 300 sec total | 5 sec grace\n|\n|t:|1783535964\n|switch|p1a: Milotic|Milotic, L83, F|72/293\n|turn|56\n|inactive|Time left: 300 sec this turn | 300 sec total\n|\n|t:|1783535965\n|move|p1a: Milotic|Ice Beam|p2a: Arboliva\n|-supereffective|p2a: Arboliva\n|-damage|p2a: Arboliva|55/100\n|move|p2a: Arboliva|Hyper Voice|p1a: Milotic\n|-damage|p1a: Milotic|0 fnt\n|faint|p1a: Milotic\n|\n|win|p0y2274915", "uploadtime": 1783535965, "views": 0, "rating": 0, "private": 0, "password": null, "_winner": "p0y2274915", "_our_name": "p0x227a7bf"}