{"id": "battle-gen9randombattle-1688", "formatid": "gen9randombattle", "format": "[Gen 9] Random Battle", "players": ["p0x16888536", "p0y1688f47e"], "log": "|init|battle\n|title|p0x16888536 vs. p0y1688f47e\n|j|\u2606p0x16888536\n|j|\u2606p0y1688f47e\n|t:|1783558773\n|gametype|singles\n|player|p1|p0x16888536|265|\n|player|p2|p0y1688f47e|102|\n|gen|9\n|tier|[Gen 9] Random Battle\n|rule|Species Clause: Limit one of each Pok\u00e9mon\n|rule|HP Percentage Mod: HP is shown in percentages\n|rule|Sleep Clause Mod: Limit one foe put to sleep\n|rule|Illusion Level Mod: Illusion disguises the Pok\u00e9mon's true level\n|\n|t:|1783558773\n|teamsize|p1|6\n|teamsize|p2|6\n|start\n|switch|p1a: Incineroar|Incineroar, L82, F|290/290\n|switch|p2a: Scream Tail|Scream Tail, L84|100/100\n|-ability|p1a: Incineroar|Intimidate|boost\n|-unboost|p2a: Scream Tail|atk|1\n|turn|1\n|inactive|Battle timer is ON: inactive players will automatically lose when time's up. (requested by p0x16888536)\n|inactive|p0y1688f47e also wants the timer to be on.\n|\n|t:|1783558774\n|-end|p2a: Scream Tail|Protosynthesis|[silent]\n|switch|p2a: Toxicroak|Toxicroak, L84, F|100/100\n|move|p1a: Incineroar|Swords Dance|p1a: Incineroar\n|-boost|p1a: Incineroar|atk|2\n|\n|upkeep\n|turn|2\n|inactive|Time left: 300 sec this turn | 300 sec total\n|\n|t:|1783558775\n|move|p2a: Toxicroak|Close Combat|p1a: Incineroar\n|-supereffective|p1a: Incineroar\n|-damage|p1a: Incineroar|0 fnt\n|-unboost|p2a: Toxicroak|def|1\n|-unboost|p2a: Toxicroak|spd|1\n|faint|p1a: Incineroar\n|-damage|p2a: Toxicroak|91/100|[from] item: Life Orb\n|\n|upkeep\n|inactive|Time left: 300 sec this turn | 300 sec total | 5 sec grace\n|\n|t:|1783558777\n|switch|p1a: Walking Wake|Walking Wake, L79|286/286\n|turn|3\n|inactive|Time left: 300 sec this turn | 300 sec total\n|\n|t:|1783558778\n|switch|p2a: Scream Tail|Scream Tail, L84|100/100\n|move|p1a: Walking Wake|Flamethrower|p2a: Scream Tail\n|-damage|p2a: Scream Tail|74/100\n|\n|-heal|p2a: Scream Tail|80/100|[from] item: Leftovers\n|upkeep\n|turn|4\n|inactive|Time left: 300 sec this turn | 300 sec total\n|\n|t:|1783558779\n|move|p2a: Scream Tail|Play Rough|p1a: Walking Wake\n|-supereffective|p1a: Walking Wake\n|-damage|p1a: Walking Wake|128/286\n|move|p1a: Walking Wake|Flamethrower|p2a: Scream Tail\n|-damage|p2a: Scream Tail|54/100\n|-status|p2a: Scream Tail|brn\n|\n|-heal|p2a: Scream Tail|60/100 brn|[from] item: Leftovers\n|-damage|p2a: Scream Tail|54/100 brn|[from] brn\n|upkeep\n|turn|5\n|inactive|Time left: 300 sec this turn | 300 sec total\n|\n|t:|1783558780\n|-end|p2a: Scream Tail|Protosynthesis|[silent]\n|switch|p2a: Baxcalibur|Baxcalibur, L75, M|100/100\n|move|p1a: Walking Wake|Flamethrower|p2a: Baxcalibur\n|-damage|p2a: Baxcalibur|62/100\n|-ability|p2a: Baxcalibur|Thermal Exchange|boost\n|-boost|p2a: Baxcalibur|atk|1\n|\n|upkeep\n|turn|6\n|inactive|Time left: 300 sec this turn | 300 sec total\n|\n|t:|1783558781\n|-end|p1a: Walking Wake|Protosynthesis|[silent]\n|switch|p1a: Orthworm|Orthworm, L88, M|266/266\n|move|p2a: Baxcalibur|Glaive Rush|p1a: Orthworm\n|-resisted|p1a: Orthworm\n|-damage|p1a: Orthworm|167/266\n|-singlemove|p2a: Baxcalibur|Glaive Rush|[silent]\n|\n|-heal|p1a: Orthworm|183/266|[from] item: Leftovers\n|upkeep\n|turn|7\n|inactive|Time left: 300 sec this turn | 300 sec total\n|\n|t:|1783558782\n|move|p2a: Baxcalibur|Glaive Rush|p1a: Orthworm\n|-resisted|p1a: Orthworm\n|-damage|p1a: Orthworm|73/266\n|-singlemove|p2a: Baxcalibur|Glaive Rush|[silent]\n|move|p1a: Orthworm|Body Press|p2a: Baxcalibur\n|-supereffective|p2a: Baxcalibur\n|-damage|p2a: Baxcalibur|0 fnt\n|faint|p2a: Baxcalibur\n|\n|-heal|p1a: Orthworm|89/266|[from] item: Leftovers\n|upkeep\n|\n|t:|1783558783\n|switch|p2a: Seviper|Seviper, L93, M|100/100\n|turn|8\n|inactive|Time left: 300 sec this turn | 300 sec total\n|\n|t:|1783558784\n|move|p2a: Seviper|Flamethrower|p1a: Orthworm\n|-supereffective|p1a: Orthworm\n|-damage|p1a: Orthworm|0 fnt\n|faint|p1a: Orthworm\n|-damage|p2a: Seviper|91/100|[from] item: Life Orb\n|\n|upkeep\n|inactive|Time left: 300 sec this turn | 300 sec total | 5 sec grace\n|\n|t:|1783558785\n|switch|p1a: Swampert|Swampert, L83, M|302/302\n|turn|9\n|inactive|Time left: 300 sec this turn | 300 sec total\n|\n|t:|1783558786\n|switch|p2a: Veluza|Veluza, L85, F|100/100\n|move|p1a: Swampert|Earthquake|p2a: Veluza\n|-damage|p2a: Veluza|57/100\n|\n|upkeep\n|turn|10\n|inactive|Time left: 300 sec this turn | 300 sec total\n|\n|t:|1783558787\n|move|p2a: Veluza|Aqua Cutter|p1a: Swampert\n|-damage|p1a: Swampert|179/302\n|move|p1a: Swampert|Knock Off|p2a: Veluza\n|-supereffective|p2a: Veluza\n|-damage|p2a: Veluza|0 fnt\n|-enditem|p2a: Veluza|Choice Scarf|[from] move: Knock Off|[of] p1a: Swampert\n|faint|p2a: Veluza\n|\n|upkeep\n|\n|t:|1783558788\n|switch|p2a: Toxicroak|Toxicroak, L84, F|91/100\n|turn|11\n|inactive|Time left: 300 sec this turn | 300 sec total\n|\n|t:|1783558789\n|move|p2a: Toxicroak|Close Combat|p1a: Swampert\n|-damage|p1a: Swampert|0 fnt\n|-unboost|p2a: Toxicroak|def|1\n|-unboost|p2a: Toxicroak|spd|1\n|faint|p1a: Swampert\n|-damage|p2a: Toxicroak|81/100|[from] item: Life Orb\n|\n|upkeep\n|inactive|Time left: 300 sec this turn | 300 sec total | 5 sec grace\n|\n|t:|1783558790\n|switch|p1a: Walking Wake|Walking Wake, L79|128/286\n|turn|12\n|inactive|Time left: 300 sec this turn | 300 sec total\n|\n|t:|1783558791\n|switch|p2a: Houndoom|Houndoom, L87, F|100/100\n|move|p1a: Walking Wake|Flamethrower|p2a: Houndoom\n|-start|p2a: Houndoom|ability: Flash Fire\n|\n|upkeep\n|turn|13\n|inactive|Time left: 300 sec this turn | 300 sec total\n|\n|t:|1783558793\n|-end|p1a: Walking Wake|Protosynthesis|[silent]\n|switch|p1a: Flareon|Flareon, L90, F|263/263\n|move|p2a: Houndoom|Fire Blast|p1a: Flareon\n|-resisted|p1a: Flareon\n|-damage|p1a: Flareon|185/263\n|\n|-status|p1a: Flareon|tox|[from] item: Toxic Orb\n|upkeep\n|turn|14\n|inactive|Time left: 300 sec this turn | 300 sec total\n|\n|t:|1783558794\n|move|p2a: Houndoom|Dark Pulse|p1a: Flareon\n|-damage|p1a: Flareon|104/263 tox\n|cant|p1a: Flareon|flinch\n|\n|-damage|p1a: Flareon|88/263 tox|[from] psn\n|upkeep\n|turn|15\n|inactive|Time left: 300 sec this turn | 300 sec total\n|\n|t:|1783558795\n|-terastallize|p2a: Houndoom|Dark\n|move|p2a: Houndoom|Dark Pulse|p1a: Flareon\n|-damage|p1a: Flareon|0 fnt\n|faint|p1a: Flareon\n|\n|upkeep\n|inactive|Time left: 300 sec this turn | 300 sec total | 5 sec grace\n|\n|t:|1783558796\n|switch|p1a: Walking Wake|Walking Wake, L79|128/286\n|turn|16\n|inactive|Time left: 300 sec this turn | 300 sec total\n|\n|t:|1783558797\n|move|p1a: Walking Wake|Draco Meteor|p2a: Houndoom\n|-damage|p2a: Houndoom|22/100\n|-unboost|p1a: Walking Wake|spa|2\n|move|p2a: Houndoom|Dark Pulse|p1a: Walking Wake\n|-damage|p1a: Walking Wake|0 fnt\n|faint|p1a: Walking Wake\n|-end|p1a: Walking Wake|Protosynthesis|[silent]\n|\n|upkeep\n|inactive|Time left: 300 sec this turn | 300 sec total | 5 sec grace\n|\n|t:|1783558797\n|switch|p1a: Shiftry|Shiftry, L89, F|305/305\n|turn|17\n|inactive|Time left: 300 sec this turn | 300 sec total\n|\n|t:|1783558798\n|move|p1a: Shiftry|Sucker Punch|p2a: Houndoom\n|-resisted|p2a: Houndoom\n|-damage|p2a: Houndoom|0 fnt\n|faint|p2a: Houndoom\n|-damage|p1a: Shiftry|275/305|[from] item: Life Orb\n|\n|upkeep\n|\n|t:|1783558799\n|switch|p2a: Seviper|Seviper, L93, M|91/100\n|turn|18\n|inactive|Time left: 300 sec this turn | 300 sec total\n|\n|t:|1783558800\n|-terastallize|p1a: Shiftry|Poison\n|move|p1a: Shiftry|Knock Off|p2a: Seviper\n|-damage|p2a: Seviper|31/100\n|-enditem|p2a: Seviper|Life Orb|[from] move: Knock Off|[of] p1a: Shiftry\n|-damage|p1a: Shiftry|245/305|[from] item: Life Orb\n|move|p2a: Seviper|Gunk Shot|p1a: Shiftry|[miss]\n|-miss|p2a: Seviper|p1a: Shiftry\n|\n|upkeep\n|turn|19\n|inactive|Time left: 300 sec this turn | 300 sec total\n|\n|t:|1783558801\n|move|p1a: Shiftry|Knock Off|p2a: Seviper\n|-damage|p2a: Seviper|0 fnt\n|faint|p2a: Seviper\n|-damage|p1a: Shiftry|215/305|[from] item: Life Orb\n|\n|upkeep\n|\n|t:|1783558802\n|switch|p2a: Toxicroak|Toxicroak, L84, F|81/100\n|turn|20\n|inactive|Time left: 300 sec this turn | 300 sec total\n|\n|t:|1783558803\n|move|p1a: Shiftry|Will-O-Wisp|p2a: Toxicroak\n|-status|p2a: Toxicroak|brn\n|move|p2a: Toxicroak|Swords Dance|p2a: Toxicroak\n|-boost|p2a: Toxicroak|atk|2\n|\n|-damage|p2a: Toxicroak|75/100 brn|[from] brn\n|upkeep\n|turn|21\n|inactive|Time left: 300 sec this turn | 300 sec total\n|\n|t:|1783558804\n|move|p1a: Shiftry|Knock Off|p2a: Toxicroak\n|-resisted|p2a: Toxicroak\n|-damage|p2a: Toxicroak|41/100 brn\n|-enditem|p2a: Toxicroak|Life Orb|[from] move: Knock Off|[of] p1a: Shiftry\n|-damage|p1a: Shiftry|185/305|[from] item: Life Orb\n|move|p2a: Toxicroak|Gunk Shot|p1a: Shiftry\n|-resisted|p1a: Shiftry\n|-damage|p1a: Shiftry|103/305\n|\n|-damage|p2a: Toxicroak|34/100 brn|[from] brn\n|upkeep\n|turn|22\n|inactive|Time left: 300 sec this turn | 300 sec total\n|\n|t:|1783558805\n|move|p1a: Shiftry|Leaf Storm|p2a: Toxicroak\n|-resisted|p2a: Toxicroak\n|-damage|p2a: Toxicroak|0 fnt\n|-unboost|p1a: Shiftry|spa|2\n|faint|p2a: Toxicroak\n|-damage|p1a: Shiftry|73/305|[from] item: Life Orb\n|\n|upkeep\n|\n|t:|1783558805\n|switch|p2a: Scream Tail|Scream Tail, L84|54/100 brn\n|turn|23\n|inactive|Time left: 300 sec this turn | 300 sec total\n|\n|t:|1783558807\n|move|p2a: Scream Tail|Wish|p2a: Scream Tail\n|move|p1a: Shiftry|Knock Off|p2a: Scream Tail\n|-damage|p2a: Scream Tail|11/100 brn\n|-enditem|p2a: Scream Tail|Leftovers|[from] move: Knock Off|[of] p1a: Shiftry\n|-damage|p1a: Shiftry|43/305|[from] item: Life Orb\n|\n|-damage|p2a: Scream Tail|5/100 brn|[from] brn\n|upkeep\n|turn|24\n|inactive|Time left: 300 sec this turn | 300 sec total\n|\n|t:|1783558808\n|move|p2a: Scream Tail|Protect|p2a: Scream Tail\n|-singleturn|p2a: Scream Tail|Protect\n|move|p1a: Shiftry|Will-O-Wisp|p2a: Scream Tail\n|-activate|p2a: Scream Tail|move: Protect\n|\n|-heal|p2a: Scream Tail|55/100 brn|[from] move: Wish|[wisher] Scream Tail\n|-damage|p2a: Scream Tail|49/100 brn|[from] brn\n|upkeep\n|turn|25\n|inactive|Time left: 300 sec this turn | 300 sec total\n|\n|t:|1783558809\n|move|p2a: Scream Tail|Play Rough|p1a: Shiftry\n|-resisted|p1a: Shiftry\n|-damage|p1a: Shiftry|22/305\n|move|p1a: Shiftry|Will-O-Wisp|p2a: Scream Tail\n|-fail|p2a: Scream Tail|brn\n|\n|-damage|p2a: Scream Tail|43/100 brn|[from] brn\n|upkeep\n|turn|26\n|inactive|Time left: 300 sec this turn | 300 sec total\n|\n|t:|1783558810\n|move|p2a: Scream Tail|Wish|p2a: Scream Tail\n|move|p1a: Shiftry|Will-O-Wisp|p2a: Scream Tail|[miss]\n|-miss|p1a: Shiftry|p2a: Scream Tail\n|\n|-damage|p2a: Scream Tail|37/100 brn|[from] brn\n|upkeep\n|turn|27\n|inactive|Time left: 300 sec this turn | 300 sec total\n|\n|t:|1783558810\n|move|p2a: Scream Tail|Play Rough|p1a: Shiftry\n|-resisted|p1a: Shiftry\n|-damage|p1a: Shiftry|0 fnt\n|faint|p1a: Shiftry\n|\n|win|p0y1688f47e", "uploadtime": 1783558810, "views": 0, "rating": 0, "private": 0, "password": null, "_winner": "p0y1688f47e", "_our_name": "p0x16888536"}