{"id": "battle-gen9randombattle-1845", "formatid": "gen9randombattle", "format": "[Gen 9] Random Battle", "players": ["p0x1845efad", "p0y1845b473"], "log": "|init|battle\n|title|p0x1845efad vs. p0y1845b473\n|j|\u2606p0x1845efad\n|j|\u2606p0y1845b473\n|t:|1783560606\n|gametype|singles\n|player|p1|p0x1845efad|170|\n|player|p2|p0y1845b473|169|\n|gen|9\n|tier|[Gen 9] Random Battle\n|rule|Species Clause: Limit one of each Pok\u00e9mon\n|rule|HP Percentage Mod: HP is shown in percentages\n|rule|Sleep Clause Mod: Limit one foe put to sleep\n|rule|Illusion Level Mod: Illusion disguises the Pok\u00e9mon's true level\n|\n|t:|1783560606\n|teamsize|p1|6\n|teamsize|p2|6\n|start\n|switch|p1a: Donphan|Donphan, L84, F|100/100\n|switch|p2a: Chimecho|Chimecho, L93, M|290/290\n|turn|1\n|inactive|Battle timer is ON: inactive players will automatically lose when time's up. (requested by p0y1845b473)\n|inactive|p0x1845efad also wants the timer to be on.\n|\n|t:|1783560608\n|move|p2a: Chimecho|Psychic Noise|p1a: Donphan\n|-damage|p1a: Donphan|72/100\n|-start|p1a: Donphan|move: Heal Block\n|move|p1a: Donphan|Knock Off|p2a: Chimecho\n|-supereffective|p2a: Chimecho\n|-damage|p2a: Chimecho|128/290\n|-enditem|p2a: Chimecho|Leftovers|[from] move: Knock Off|[of] p1a: Donphan\n|\n|upkeep\n|turn|2\n|inactive|Time left: 300 sec this turn | 300 sec total\n|\n|t:|1783560609\n|move|p2a: Chimecho|Recover|p2a: Chimecho\n|-heal|p2a: Chimecho|273/290\n|move|p1a: Donphan|Rapid Spin|p2a: Chimecho\n|-damage|p2a: Chimecho|235/290\n|-boost|p1a: Donphan|spe|1\n|\n|-end|p1a: Donphan|move: Heal Block\n|upkeep\n|turn|3\n|inactive|Time left: 300 sec this turn | 300 sec total\n|\n|t:|1783560610\n|move|p1a: Donphan|Knock Off|p2a: Chimecho\n|-supereffective|p2a: Chimecho\n|-damage|p2a: Chimecho|129/290\n|move|p2a: Chimecho|Recover|p2a: Chimecho\n|-heal|p2a: Chimecho|274/290\n|\n|upkeep\n|turn|4\n|inactive|Time left: 300 sec this turn | 300 sec total\n|\n|t:|1783560612\n|move|p1a: Donphan|Rapid Spin|p2a: Chimecho\n|-damage|p2a: Chimecho|229/290\n|-boost|p1a: Donphan|spe|1\n|move|p2a: Chimecho|Psychic Noise|p1a: Donphan\n|-damage|p1a: Donphan|41/100\n|-start|p1a: Donphan|move: Heal Block\n|\n|upkeep\n|turn|5\n|inactive|Time left: 300 sec this turn | 300 sec total\n|\n|t:|1783560613\n|move|p1a: Donphan|Knock Off|p2a: Chimecho\n|-supereffective|p2a: Chimecho\n|-damage|p2a: Chimecho|123/290\n|move|p2a: Chimecho|Psychic Noise|p1a: Donphan\n|-damage|p1a: Donphan|13/100\n|\n|-end|p1a: Donphan|move: Heal Block\n|upkeep\n|turn|6\n|inactive|Time left: 300 sec this turn | 300 sec total\n|\n|t:|1783560614\n|move|p1a: Donphan|Knock Off|p2a: Chimecho\n|-supereffective|p2a: Chimecho\n|-damage|p2a: Chimecho|17/290\n|move|p2a: Chimecho|Psychic Noise|p1a: Donphan\n|-crit|p1a: Donphan\n|-damage|p1a: Donphan|0 fnt\n|faint|p1a: Donphan\n|\n|upkeep\n|\n|t:|1783560616\n|switch|p1a: Baxcalibur|Baxcalibur, L75, M|100/100\n|turn|7\n|inactive|Time left: 300 sec this turn | 300 sec total\n|\n|t:|1783560617\n|move|p1a: Baxcalibur|Glaive Rush|p2a: Chimecho\n|-damage|p2a: Chimecho|0 fnt\n|-singlemove|p1a: Baxcalibur|Glaive Rush|[silent]\n|faint|p2a: Chimecho\n|\n|upkeep\n|inactive|Time left: 300 sec this turn | 300 sec total | 5 sec grace\n|\n|t:|1783560618\n|switch|p2a: Drednaw|Drednaw, L81, M|278/278\n|turn|8\n|inactive|Time left: 300 sec this turn | 300 sec total\n|\n|t:|1783560619\n|-terastallize|p1a: Baxcalibur|Dragon\n|move|p1a: Baxcalibur|Glaive Rush|p2a: Drednaw\n|-damage|p2a: Drednaw|0 fnt\n|-singlemove|p1a: Baxcalibur|Glaive Rush|[silent]\n|faint|p2a: Drednaw\n|\n|upkeep\n|inactive|Time left: 300 sec this turn | 300 sec total | 5 sec grace\n|\n|t:|1783560620\n|switch|p2a: Eiscue|Eiscue, L88, F|274/274\n|turn|9\n|inactive|Time left: 300 sec this turn | 300 sec total\n|\n|t:|1783560621\n|switch|p1a: Plusle|Plusle, L95, F|100/100\n|move|p2a: Eiscue|Belly Drum|p2a: Eiscue\n|-damage|p2a: Eiscue|137/274\n|-setboost|p2a: Eiscue|atk|6|[from] move: Belly Drum\n|-enditem|p2a: Eiscue|Sitrus Berry|[eat]\n|-heal|p2a: Eiscue|205/274|[from] item: Sitrus Berry\n|\n|upkeep\n|turn|10\n|inactive|Time left: 300 sec this turn | 300 sec total\n|\n|t:|1783560622\n|move|p1a: Plusle|Thunderbolt|p2a: Eiscue\n|-damage|p2a: Eiscue|79/274\n|-damage|p1a: Plusle|91/100|[from] item: Life Orb\n|move|p2a: Eiscue|Ice Spinner|p1a: Plusle\n|-damage|p1a: Plusle|0 fnt\n|faint|p1a: Plusle\n|\n|upkeep\n|\n|t:|1783560623\n|switch|p1a: Alcremie|Alcremie, L90, F|100/100\n|turn|11\n|inactive|Time left: 300 sec this turn | 300 sec total\n|\n|t:|1783560624\n|switch|p2a: Farigiraf|Farigiraf, L90, M|362/362\n|move|p1a: Alcremie|Alluring Voice|p2a: Farigiraf\n|-damage|p2a: Farigiraf|248/362\n|\n|-heal|p2a: Farigiraf|270/362|[from] item: Leftovers\n|upkeep\n|turn|12\n|inactive|Time left: 300 sec this turn | 300 sec total\n|\n|t:|1783560625\n|move|p1a: Alcremie|Calm Mind|p1a: Alcremie\n|-boost|p1a: Alcremie|spa|1\n|-boost|p1a: Alcremie|spd|1\n|move|p2a: Farigiraf|Body Slam|p1a: Alcremie\n|-damage|p1a: Alcremie|61/100\n|\n|-heal|p1a: Alcremie|67/100|[from] item: Leftovers\n|-heal|p2a: Farigiraf|292/362|[from] item: Leftovers\n|upkeep\n|turn|13\n|inactive|Time left: 300 sec this turn | 300 sec total\n|\n|t:|1783560626\n|move|p1a: Alcremie|Alluring Voice|p2a: Farigiraf\n|-damage|p2a: Farigiraf|109/362\n|move|p2a: Farigiraf|Body Slam|p1a: Alcremie\n|-damage|p1a: Alcremie|26/100\n|\n|-heal|p1a: Alcremie|32/100|[from] item: Leftovers\n|-heal|p2a: Farigiraf|131/362|[from] item: Leftovers\n|upkeep\n|turn|14\n|inactive|Time left: 300 sec this turn | 300 sec total\n|\n|t:|1783560627\n|move|p1a: Alcremie|Alluring Voice|p2a: Farigiraf\n|-damage|p2a: Farigiraf|0 fnt\n|faint|p2a: Farigiraf\n|\n|-heal|p1a: Alcremie|38/100|[from] item: Leftovers\n|upkeep\n|inactive|Time left: 300 sec this turn | 300 sec total | 5 sec grace\n|\n|t:|1783560628\n|switch|p2a: Cinccino|Cinccino, L83, M|260/260\n|turn|15\n|inactive|Time left: 300 sec this turn | 300 sec total\n|\n|t:|1783560629\n|move|p2a: Cinccino|Tail Slap|p1a: Alcremie\n|-damage|p1a: Alcremie|22/100\n|-damage|p1a: Alcremie|7/100\n|-damage|p1a: Alcremie|0 fnt\n|faint|p1a: Alcremie\n|-hitcount|p1: Alcremie|3\n|\n|upkeep\n|\n|t:|1783560630\n|switch|p1a: Baxcalibur|Baxcalibur, L75, M, tera:Dragon|100/100\n|turn|16\n|inactive|Time left: 300 sec this turn | 300 sec total\n|\n|t:|1783560631\n|move|p2a: Cinccino|Triple Axel|p1a: Baxcalibur\n|-supereffective|p1a: Baxcalibur\n|-damage|p1a: Baxcalibur|84/100\n|-supereffective|p1a: Baxcalibur\n|-damage|p1a: Baxcalibur|54/100\n|-supereffective|p1a: Baxcalibur\n|-damage|p1a: Baxcalibur|10/100\n|-hitcount|p1a: Baxcalibur|3\n|move|p1a: Baxcalibur|Glaive Rush|p2a: Cinccino\n|-damage|p2a: Cinccino|0 fnt\n|-singlemove|p1a: Baxcalibur|Glaive Rush|[silent]\n|faint|p2a: Cinccino\n|\n|upkeep\n|inactive|Time left: 300 sec this turn | 300 sec total | 5 sec grace\n|\n|t:|1783560631\n|switch|p2a: Hitmonlee|Hitmonlee, L85, M|223/223\n|turn|17\n|inactive|Time left: 300 sec this turn | 300 sec total\n|\n|t:|1783560632\n|move|p2a: Hitmonlee|High Jump Kick|p1a: Baxcalibur\n|-damage|p1a: Baxcalibur|0 fnt\n|faint|p1a: Baxcalibur\n|\n|upkeep\n|\n|t:|1783560633\n|switch|p1a: Comfey|Comfey, L85, M|100/100\n|turn|18\n|inactive|Time left: 300 sec this turn | 300 sec total\n|\n|t:|1783560634\n|move|p1a: Comfey|Draining Kiss|p2a: Hitmonlee\n|-supereffective|p2a: Hitmonlee\n|-damage|p2a: Hitmonlee|143/223\n|move|p2a: Hitmonlee|High Jump Kick|p1a: Comfey\n|-resisted|p1a: Comfey\n|-damage|p1a: Comfey|56/100\n|\n|-heal|p1a: Comfey|63/100|[from] item: Leftovers\n|upkeep\n|turn|19\n|inactive|Time left: 300 sec this turn | 300 sec total\n|\n|t:|1783560635\n|switch|p2a: Eiscue|Eiscue, L88, F|79/274\n|move|p1a: Comfey|Draining Kiss|p2a: Eiscue\n|-damage|p2a: Eiscue|28/274\n|-heal|p1a: Comfey|80/100|[from] drain|[of] p2a: Eiscue\n|\n|-heal|p1a: Comfey|86/100|[from] item: Leftovers\n|upkeep\n|turn|20\n|inactive|Time left: 300 sec this turn | 300 sec total\n|\n|t:|1783560636\n|move|p1a: Comfey|Calm Mind|p1a: Comfey\n|-boost|p1a: Comfey|spa|1\n|-boost|p1a: Comfey|spd|1\n|move|p2a: Eiscue|Ice Spinner|p1a: Comfey\n|-crit|p1a: Comfey\n|-damage|p1a: Comfey|33/100\n|\n|-heal|p1a: Comfey|40/100|[from] item: Leftovers\n|upkeep\n|turn|21\n|inactive|Time left: 300 sec this turn | 300 sec total\n|\n|t:|1783560637\n|move|p1a: Comfey|Draining Kiss|p2a: Eiscue\n|-damage|p2a: Eiscue|0 fnt\n|-heal|p1a: Comfey|49/100|[from] drain|[of] p2a: Eiscue\n|faint|p2a: Eiscue\n|\n|-heal|p1a: Comfey|55/100|[from] item: Leftovers\n|upkeep\n|inactive|Time left: 300 sec this turn | 300 sec total | 5 sec grace\n|\n|t:|1783560638\n|switch|p2a: Hitmonlee|Hitmonlee, L85, M|143/223\n|turn|22\n|inactive|Time left: 300 sec this turn | 300 sec total\n|\n|t:|1783560639\n|-terastallize|p2a: Hitmonlee|Fighting\n|move|p1a: Comfey|Draining Kiss|p2a: Hitmonlee\n|-supereffective|p2a: Hitmonlee\n|-damage|p2a: Hitmonlee|15/223\n|-heal|p1a: Comfey|98/100|[from] drain|[of] p2a: Hitmonlee\n|move|p2a: Hitmonlee|High Jump Kick|p1a: Comfey|[miss]\n|-miss|p2a: Hitmonlee|p1a: Comfey\n|-damage|p2a: Hitmonlee|0 fnt|[from] highjumpkick\n|faint|p2a: Hitmonlee\n|\n|win|p0x1845efad", "uploadtime": 1783560639, "views": 0, "rating": 0, "private": 0, "password": null, "_winner": "p0x1845efad", "_our_name": "p0y1845b473"}