{"id": "battle-gen9randombattle-2504", "formatid": "gen9randombattle", "format": "[Gen 9] Random Battle", "players": ["p0x2504d5a1", "p0y2504618e"], "log": "|init|battle\n|title|p0x2504d5a1 vs. p0y2504618e\n|j|\u2606p0x2504d5a1\n|j|\u2606p0y2504618e\n|t:|1783568038\n|gametype|singles\n|player|p1|p0x2504d5a1|170|\n|player|p2|p0y2504618e|2|\n|gen|9\n|tier|[Gen 9] Random Battle\n|rule|Species Clause: Limit one of each Pok\u00e9mon\n|rule|HP Percentage Mod: HP is shown in percentages\n|rule|Sleep Clause Mod: Limit one foe put to sleep\n|rule|Illusion Level Mod: Illusion disguises the Pok\u00e9mon's true level\n|\n|t:|1783568038\n|teamsize|p1|6\n|teamsize|p2|6\n|start\n|switch|p1a: Entei|Entei, L78|307/307\n|switch|p2a: Latios|Latios, L78, M|100/100\n|turn|1\n|inactive|Battle timer is ON: inactive players will automatically lose when time's up. (requested by p0y2504618e)\n|inactive|Time left: 300 sec this turn | 300 sec total | 60 sec grace\n|inactive|p0x2504d5a1 also wants the timer to be on.\n|\n|t:|1783568040\n|move|p2a: Latios|Luster Purge|p1a: Entei\n|-damage|p1a: Entei|117/307\n|-unboost|p1a: Entei|spd|1\n|move|p1a: Entei|Sacred Fire|p2a: Latios\n|-resisted|p2a: Latios\n|-damage|p2a: Latios|63/100\n|\n|upkeep\n|turn|2\n|inactive|Time left: 300 sec this turn | 300 sec total\n|\n|t:|1783568041\n|switch|p1a: Meowscarada|Meowscarada, L78, F|247/247\n|move|p2a: Latios|Luster Purge|p1a: Meowscarada\n|-immune|p1a: Meowscarada\n|\n|upkeep\n|turn|3\n|inactive|Time left: 300 sec this turn | 300 sec total\n|\n|t:|1783568042\n|switch|p2a: Conkeldurr|Conkeldurr, L80, M|100/100\n|move|p1a: Meowscarada|Knock Off|p2a: Conkeldurr\n|-start|p1a: Meowscarada|typechange|Dark|[from] ability: Protean\n|-resisted|p2a: Conkeldurr\n|-damage|p2a: Conkeldurr|77/100\n|-enditem|p2a: Conkeldurr|Flame Orb|[from] move: Knock Off|[of] p1a: Meowscarada\n|-damage|p1a: Meowscarada|223/247|[from] item: Life Orb\n|\n|upkeep\n|turn|4\n|inactive|Time left: 300 sec this turn | 300 sec total\n|\n|t:|1783568043\n|switch|p1a: Masquerain|Masquerain, L87, F|264/264\n|-ability|p1a: Masquerain|Intimidate|boost\n|-unboost|p2a: Conkeldurr|atk|1\n|move|p2a: Conkeldurr|Close Combat|p1a: Masquerain\n|-resisted|p1a: Masquerain\n|-damage|p1a: Masquerain|231/264\n|-unboost|p2a: Conkeldurr|def|1\n|-unboost|p2a: Conkeldurr|spd|1\n|\n|upkeep\n|turn|5\n|inactive|Time left: 300 sec this turn | 300 sec total\n|\n|t:|1783568044\n|switch|p2a: Venusaur|Venusaur, L84, M|100/100\n|move|p1a: Masquerain|Quiver Dance|p1a: Masquerain\n|-boost|p1a: Masquerain|spa|1\n|-boost|p1a: Masquerain|spd|1\n|-boost|p1a: Masquerain|spe|1\n|\n|upkeep\n|turn|6\n|inactive|Time left: 300 sec this turn | 300 sec total\n|\n|t:|1783568045\n|move|p1a: Masquerain|Hurricane|p2a: Venusaur\n|-supereffective|p2a: Venusaur\n|-damage|p2a: Venusaur|0 fnt\n|faint|p2a: Venusaur\n|\n|upkeep\n|\n|t:|1783568046\n|switch|p2a: Chandelure|Chandelure, L83, M|100/100\n|turn|7\n|inactive|Time left: 300 sec this turn | 300 sec total\n|\n|t:|1783568047\n|-terastallize|p2a: Chandelure|Ghost\n|move|p1a: Masquerain|Hydro Pump|p2a: Chandelure\n|-damage|p2a: Chandelure|47/100\n|move|p2a: Chandelure|Fire Blast|p1a: Masquerain\n|-supereffective|p1a: Masquerain\n|-damage|p1a: Masquerain|15/264\n|\n|upkeep\n|turn|8\n|inactive|Time left: 300 sec this turn | 300 sec total\n|\n|t:|1783568048\n|switch|p2a: Duraludon|Duraludon, L82, M|100/100\n|move|p1a: Masquerain|Hydro Pump|p2a: Duraludon\n|-resisted|p2a: Duraludon\n|-damage|p2a: Duraludon|76/100\n|\n|upkeep\n|turn|9\n|inactive|Time left: 300 sec this turn | 300 sec total\n|\n|t:|1783568049\n|move|p1a: Masquerain|Hurricane|p2a: Duraludon\n|-resisted|p2a: Duraludon\n|-damage|p2a: Duraludon|37/100\n|-start|p2a: Duraludon|confusion\n|-activate|p2a: Duraludon|confusion\n|move|p2a: Duraludon|Body Press|p1a: Masquerain\n|-resisted|p1a: Masquerain\n|-damage|p1a: Masquerain|0 fnt\n|faint|p1a: Masquerain\n|\n|upkeep\n|inactive|Time left: 300 sec this turn | 300 sec total | 5 sec grace\n|\n|t:|1783568050\n|switch|p1a: Probopass|Probopass, L91, F|257/257\n|turn|10\n|inactive|Time left: 300 sec this turn | 300 sec total\n|\n|t:|1783568051\n|-activate|p2a: Duraludon|confusion\n|move|p2a: Duraludon|Body Press|p1a: Probopass\n|-supereffective|p1a: Probopass\n|-damage|p1a: Probopass|109/257\n|move|p1a: Probopass|Body Press|p2a: Duraludon\n|-supereffective|p2a: Duraludon\n|-damage|p2a: Duraludon|0 fnt\n|faint|p2a: Duraludon\n|\n|-heal|p1a: Probopass|125/257|[from] item: Leftovers\n|upkeep\n|\n|t:|1783568052\n|switch|p2a: Mew|Mew, L82|100/100\n|turn|11\n|inactive|Time left: 300 sec this turn | 300 sec total\n|\n|t:|1783568053\n|switch|p1a: Meowscarada|Meowscarada, L78, F|223/247\n|move|p2a: Mew|Nasty Plot|p2a: Mew\n|-boost|p2a: Mew|spa|2\n|\n|upkeep\n|turn|12\n|inactive|Time left: 300 sec this turn | 300 sec total\n|\n|t:|1783568053\n|move|p1a: Meowscarada|Knock Off|p2a: Mew\n|-start|p1a: Meowscarada|typechange|Dark|[from] ability: Protean\n|-supereffective|p2a: Mew\n|-damage|p2a: Mew|13/100\n|-enditem|p2a: Mew|Life Orb|[from] move: Knock Off|[of] p1a: Meowscarada\n|-damage|p1a: Meowscarada|199/247|[from] item: Life Orb\n|move|p2a: Mew|Aura Sphere|p1a: Meowscarada\n|-supereffective|p1a: Meowscarada\n|-damage|p1a: Meowscarada|0 fnt\n|faint|p1a: Meowscarada\n|\n|upkeep\n|inactive|Time left: 300 sec this turn | 300 sec total | 5 sec grace\n|\n|t:|1783568055\n|switch|p1a: Entei|Entei, L78|117/307\n|turn|13\n|inactive|Time left: 300 sec this turn | 300 sec total\n|\n|t:|1783568055\n|move|p1a: Entei|Extreme Speed|p2a: Mew\n|-damage|p2a: Mew|0 fnt\n|faint|p2a: Mew\n|\n|upkeep\n|\n|t:|1783568056\n|switch|p2a: Chandelure|Chandelure, L83, M, tera:Ghost|47/100\n|turn|14\n|inactive|Time left: 300 sec this turn | 300 sec total\n|\n|t:|1783568057\n|switch|p1a: Regigigas|Regigigas, L84|322/322\n|-start|p1a: Regigigas|ability: Slow Start\n|move|p2a: Chandelure|Shadow Ball|p1a: Regigigas\n|-immune|p1a: Regigigas\n|\n|upkeep\n|turn|15\n|inactive|Time left: 300 sec this turn | 300 sec total\n|\n|t:|1783568058\n|move|p2a: Chandelure|Fire Blast|p1a: Regigigas\n|-damage|p1a: Regigigas|178/322\n|-status|p1a: Regigigas|brn\n|move|p1a: Regigigas|Knock Off|p2a: Chandelure\n|-supereffective|p2a: Chandelure\n|-damage|p2a: Chandelure|24/100\n|-enditem|p2a: Chandelure|Heavy-Duty Boots|[from] move: Knock Off|[of] p1a: Regigigas\n|\n|-heal|p1a: Regigigas|198/322 brn|[from] item: Leftovers\n|-damage|p1a: Regigigas|178/322 brn|[from] brn\n|upkeep\n|turn|16\n|inactive|Time left: 300 sec this turn | 300 sec total\n|\n|t:|1783568059\n|move|p2a: Chandelure|Calm Mind|p2a: Chandelure\n|-boost|p2a: Chandelure|spa|1\n|-boost|p2a: Chandelure|spd|1\n|move|p1a: Regigigas|Knock Off|p2a: Chandelure\n|-supereffective|p2a: Chandelure\n|-damage|p2a: Chandelure|10/100\n|\n|-heal|p1a: Regigigas|198/322 brn|[from] item: Leftovers\n|-damage|p1a: Regigigas|178/322 brn|[from] brn\n|upkeep\n|turn|17\n|inactive|Time left: 300 sec this turn | 300 sec total\n|\n|t:|1783568061\n|move|p2a: Chandelure|Fire Blast|p1a: Regigigas\n|-damage|p1a: Regigigas|0 fnt\n|faint|p1a: Regigigas\n|-end|p1a: Regigigas|Slow Start|[silent]\n|\n|upkeep\n|inactive|Time left: 300 sec this turn | 300 sec total | 5 sec grace\n|\n|t:|1783568062\n|switch|p1a: Entei|Entei, L78|117/307\n|turn|18\n|inactive|Time left: 300 sec this turn | 300 sec total\n|\n|t:|1783568062\n|move|p1a: Entei|Stomping Tantrum|p2a: Chandelure\n|-damage|p2a: Chandelure|0 fnt\n|faint|p2a: Chandelure\n|\n|upkeep\n|\n|t:|1783568064\n|switch|p2a: Latios|Latios, L78, M|63/100\n|turn|19\n|inactive|Time left: 300 sec this turn | 300 sec total\n|\n|t:|1783568065\n|switch|p1a: Probopass|Probopass, L91, F|125/257\n|move|p2a: Latios|Luster Purge|p1a: Probopass\n|-resisted|p1a: Probopass\n|-damage|p1a: Probopass|73/257\n|\n|-heal|p1a: Probopass|89/257|[from] item: Leftovers\n|upkeep\n|turn|20\n|inactive|Time left: 300 sec this turn | 300 sec total\n|\n|t:|1783568065\n|move|p2a: Latios|Luster Purge|p1a: Probopass\n|-resisted|p1a: Probopass\n|-damage|p1a: Probopass|41/257\n|move|p1a: Probopass|Flash Cannon|p2a: Latios\n|-damage|p2a: Latios|34/100\n|\n|-heal|p1a: Probopass|57/257|[from] item: Leftovers\n|upkeep\n|turn|21\n|inactive|Time left: 300 sec this turn | 300 sec total\n|\n|t:|1783568067\n|move|p2a: Latios|Luster Purge|p1a: Probopass\n|-resisted|p1a: Probopass\n|-damage|p1a: Probopass|4/257\n|move|p1a: Probopass|Power Gem|p2a: Latios\n|-damage|p2a: Latios|4/100\n|\n|-heal|p1a: Probopass|20/257|[from] item: Leftovers\n|upkeep\n|turn|22\n|inactive|Time left: 300 sec this turn | 300 sec total\n|\n|t:|1783568068\n|move|p2a: Latios|Luster Purge|p1a: Probopass\n|-resisted|p1a: Probopass\n|-damage|p1a: Probopass|0 fnt\n|faint|p1a: Probopass\n|\n|upkeep\n|inactive|Time left: 300 sec this turn | 300 sec total | 5 sec grace\n|\n|t:|1783568069\n|switch|p1a: Entei|Entei, L78|117/307\n|turn|23\n|inactive|Time left: 300 sec this turn | 300 sec total\n|\n|t:|1783568070\n|-terastallize|p1a: Entei|Normal\n|move|p1a: Entei|Extreme Speed|p2a: Latios\n|-damage|p2a: Latios|0 fnt\n|faint|p2a: Latios\n|\n|upkeep\n|\n|t:|1783568071\n|switch|p2a: Conkeldurr|Conkeldurr, L80, M|77/100\n|turn|24\n|inactive|Time left: 300 sec this turn | 300 sec total\n|\n|t:|1783568072\n|move|p1a: Entei|Extreme Speed|p2a: Conkeldurr\n|-damage|p2a: Conkeldurr|35/100\n|move|p2a: Conkeldurr|Mach Punch|p1a: Entei\n|-supereffective|p1a: Entei\n|-damage|p1a: Entei|9/307\n|\n|upkeep\n|turn|25\n|inactive|Time left: 300 sec this turn | 300 sec total\n|\n|t:|1783568072\n|move|p1a: Entei|Extreme Speed|p2a: Conkeldurr\n|-crit|p2a: Conkeldurr\n|-damage|p2a: Conkeldurr|0 fnt\n|faint|p2a: Conkeldurr\n|\n|win|p0x2504d5a1", "uploadtime": 1783568072, "views": 0, "rating": 0, "private": 0, "password": null, "_winner": "p0x2504d5a1", "_our_name": "p0x2504d5a1"}