{"id": "battle-gen9randombattle-2681", "formatid": "gen9randombattle", "format": "[Gen 9] Random Battle", "players": ["p0x26816456", "p0y26818a98"], "log": "|init|battle\n|title|p0x26816456 vs. p0y26818a98\n|j|\u2606p0x26816456\n|j|\u2606p0y26818a98\n|t:|1783569931\n|gametype|singles\n|player|p1|p0x26816456|169|\n|player|p2|p0y26818a98|266|\n|gen|9\n|tier|[Gen 9] Random Battle\n|rule|Species Clause: Limit one of each Pok\u00e9mon\n|rule|HP Percentage Mod: HP is shown in percentages\n|rule|Sleep Clause Mod: Limit one foe put to sleep\n|rule|Illusion Level Mod: Illusion disguises the Pok\u00e9mon's true level\n|\n|t:|1783569931\n|teamsize|p1|6\n|teamsize|p2|6\n|start\n|switch|p1a: Golduck|Golduck, L90, F|290/290\n|switch|p2a: Tatsugiri|Tatsugiri, L87, F|100/100\n|-ability|p1a: Golduck|Cloud Nine\n|turn|1\n|inactive|Battle timer is ON: inactive players will automatically lose when time's up. (requested by p0x26816456)\n|inactive|p0y26818a98 also wants the timer to be on.\n|\n|t:|1783569932\n|move|p1a: Golduck|Ice Beam|p2a: Tatsugiri\n|-damage|p2a: Tatsugiri|63/100\n|move|p2a: Tatsugiri|Nasty Plot|p2a: Tatsugiri\n|-boost|p2a: Tatsugiri|spa|2\n|\n|upkeep\n|turn|2\n|inactive|Time left: 300 sec this turn | 300 sec total\n|\n|t:|1783569933\n|move|p1a: Golduck|Ice Beam|p2a: Tatsugiri\n|-damage|p2a: Tatsugiri|24/100\n|move|p2a: Tatsugiri|Draco Meteor|p1a: Golduck|[miss]\n|-miss|p2a: Tatsugiri|p1a: Golduck\n|\n|upkeep\n|turn|3\n|inactive|Time left: 300 sec this turn | 300 sec total\n|\n|t:|1783569935\n|-terastallize|p2a: Tatsugiri|Steel\n|move|p1a: Golduck|Ice Beam|p2a: Tatsugiri\n|-resisted|p2a: Tatsugiri\n|-crit|p2a: Tatsugiri\n|-damage|p2a: Tatsugiri|0 fnt\n|faint|p2a: Tatsugiri\n|\n|upkeep\n|\n|t:|1783569936\n|switch|p2a: Slowking|Slowking-Galar, L85, F|100/100\n|turn|4\n|inactive|Time left: 300 sec this turn | 300 sec total\n|\n|t:|1783569937\n|switch|p1a: Araquanid|Araquanid, L82, M|246/246\n|move|p2a: Slowking|Sludge Bomb|p1a: Araquanid\n|-damage|p1a: Araquanid|159/246\n|\n|upkeep\n|turn|5\n|inactive|Time left: 300 sec this turn | 300 sec total\n|\n|t:|1783569938\n|move|p1a: Araquanid|Sticky Web|p2a: Slowking\n|-sidestart|p2: p0y26818a98|move: Sticky Web\n|move|p2a: Slowking|Psychic Noise|p1a: Araquanid\n|-damage|p1a: Araquanid|95/246\n|-start|p1a: Araquanid|move: Heal Block\n|\n|upkeep\n|turn|6\n|inactive|Time left: 300 sec this turn | 300 sec total\n|\n|t:|1783569939\n|move|p1a: Araquanid|Liquidation|p2a: Slowking\n|-damage|p2a: Slowking|56/100\n|-unboost|p2a: Slowking|def|1\n|move|p2a: Slowking|Sludge Bomb|p1a: Araquanid\n|-damage|p1a: Araquanid|11/246\n|\n|-end|p1a: Araquanid|move: Heal Block\n|upkeep\n|turn|7\n|inactive|Time left: 300 sec this turn | 300 sec total\n|\n|t:|1783569940\n|switch|p2a: Arboliva|Arboliva, L91, F|100/100\n|-activate|p2a: Arboliva|move: Sticky Web\n|-unboost|p2a: Arboliva|spe|1\n|move|p1a: Araquanid|Liquidation|p2a: Arboliva\n|-resisted|p2a: Arboliva\n|-damage|p2a: Arboliva|79/100\n|\n|upkeep\n|turn|8\n|inactive|Time left: 300 sec this turn | 300 sec total\n|\n|t:|1783569941\n|move|p1a: Araquanid|Leech Life|p2a: Arboliva\n|-supereffective|p2a: Arboliva\n|-damage|p2a: Arboliva|41/100\n|-heal|p1a: Araquanid|65/246|[from] drain|[of] p2a: Arboliva\n|-enditem|p2a: Arboliva|Sitrus Berry|[eat]\n|-heal|p2a: Arboliva|66/100|[from] item: Sitrus Berry\n|move|p2a: Arboliva|Hyper Voice|p1a: Araquanid\n|-damage|p1a: Araquanid|0 fnt\n|faint|p1a: Araquanid\n|\n|-item|p2a: Arboliva|Sitrus Berry|[from] ability: Harvest\n|upkeep\n|inactive|Time left: 300 sec this turn | 300 sec total | 5 sec grace\n|\n|t:|1783569942\n|switch|p1a: Kleavor|Kleavor, L78, F|237/237\n|turn|9\n|inactive|Time left: 300 sec this turn | 300 sec total\n|\n|t:|1783569943\n|move|p1a: Kleavor|Swords Dance|p1a: Kleavor\n|-boost|p1a: Kleavor|atk|2\n|move|p2a: Arboliva|Leech Seed|p1a: Kleavor\n|-start|p1a: Kleavor|move: Leech Seed\n|\n|-damage|p1a: Kleavor|208/237|[from] Leech Seed|[of] p2a: Arboliva\n|-heal|p2a: Arboliva|76/100|[silent]\n|upkeep\n|turn|10\n|inactive|Time left: 300 sec this turn | 300 sec total\n|\n|t:|1783569944\n|move|p2a: Arboliva|Protect|p2a: Arboliva\n|-singleturn|p2a: Arboliva|Protect\n|move|p1a: Kleavor|Stone Axe|p2a: Arboliva\n|-activate|p2a: Arboliva|move: Protect\n|\n|-damage|p1a: Kleavor|179/237|[from] Leech Seed|[of] p2a: Arboliva\n|-heal|p2a: Arboliva|86/100|[silent]\n|upkeep\n|turn|11\n|inactive|Time left: 300 sec this turn | 300 sec total\n|\n|t:|1783569945\n|switch|p2a: Moltres|Moltres, L81|100/100\n|move|p1a: Kleavor|X-Scissor|p2a: Moltres\n|-resisted|p2a: Moltres\n|-damage|p2a: Moltres|74/100\n|\n|-damage|p1a: Kleavor|150/237|[from] Leech Seed|[of] p2a: Moltres\n|-heal|p2a: Moltres|84/100|[silent]\n|upkeep\n|turn|12\n|inactive|Time left: 300 sec this turn | 300 sec total\n|\n|t:|1783569946\n|switch|p1a: Golduck|Golduck, L90, F|290/290\n|-ability|p1a: Golduck|Cloud Nine\n|move|p2a: Moltres|Fire Blast|p1a: Golduck\n|-resisted|p1a: Golduck\n|-damage|p1a: Golduck|225/290\n|\n|upkeep\n|turn|13\n|inactive|Time left: 300 sec this turn | 300 sec total\n|\n|t:|1783569947\n|switch|p2a: Slowking|Slowking-Galar, L85, F|89/100\n|-activate|p2a: Slowking|move: Sticky Web\n|-unboost|p2a: Slowking|spe|1\n|move|p1a: Golduck|Hydro Pump|p2a: Slowking\n|-damage|p2a: Slowking|55/100\n|\n|upkeep\n|turn|14\n|inactive|Time left: 300 sec this turn | 300 sec total\n|\n|t:|1783569948\n|move|p1a: Golduck|Hydro Pump|p2a: Slowking\n|-damage|p2a: Slowking|16/100\n|move|p2a: Slowking|Sludge Bomb|p1a: Golduck\n|-damage|p1a: Golduck|123/290\n|\n|upkeep\n|turn|15\n|inactive|Time left: 300 sec this turn | 300 sec total\n|\n|t:|1783569949\n|switch|p2a: Arboliva|Arboliva, L91, F|86/100\n|-activate|p2a: Arboliva|move: Sticky Web\n|-unboost|p2a: Arboliva|spe|1\n|move|p1a: Golduck|Hydro Pump|p2a: Arboliva\n|-resisted|p2a: Arboliva\n|-damage|p2a: Arboliva|61/100\n|\n|upkeep\n|turn|16\n|inactive|Time left: 300 sec this turn | 300 sec total\n|\n|t:|1783569950\n|switch|p1a: Brambleghast|Brambleghast, L88, M|240/240\n|move|p2a: Arboliva|Hyper Voice|p1a: Brambleghast\n|-immune|p1a: Brambleghast\n|\n|upkeep\n|turn|17\n|inactive|Time left: 300 sec this turn | 300 sec total\n|\n|t:|1783569951\n|move|p1a: Brambleghast|Strength Sap|p2a: Arboliva\n|-unboost|p2a: Arboliva|atk|1\n|move|p2a: Arboliva|Hyper Voice|p1a: Brambleghast\n|-immune|p1a: Brambleghast\n|\n|upkeep\n|turn|18\n|inactive|Time left: 300 sec this turn | 300 sec total\n|\n|t:|1783569953\n|switch|p2a: Moltres|Moltres, L81|84/100\n|move|p1a: Brambleghast|Rapid Spin|p2a: Moltres\n|-damage|p2a: Moltres|68/100\n|-boost|p1a: Brambleghast|spe|1\n|-status|p1a: Brambleghast|brn|[from] ability: Flame Body|[of] p2a: Moltres\n|\n|-damage|p1a: Brambleghast|225/240 brn|[from] brn\n|upkeep\n|turn|19\n|inactive|Time left: 300 sec this turn | 300 sec total\n|\n|t:|1783569954\n|move|p1a: Brambleghast|Strength Sap|p2a: Moltres\n|-unboost|p2a: Moltres|atk|1\n|-heal|p1a: Brambleghast|240/240 brn\n|move|p2a: Moltres|Fire Blast|p1a: Brambleghast\n|-supereffective|p1a: Brambleghast\n|-damage|p1a: Brambleghast|0 fnt\n|faint|p1a: Brambleghast\n|\n|upkeep\n|inactive|Time left: 300 sec this turn | 300 sec total | 5 sec grace\n|\n|t:|1783569955\n|switch|p1a: Golduck|Golduck, L90, F|123/290\n|-ability|p1a: Golduck|Cloud Nine\n|turn|20\n|inactive|Time left: 300 sec this turn | 300 sec total\n|\n|t:|1783569955\n|switch|p2a: Slowking|Slowking-Galar, L85, F|49/100\n|-activate|p2a: Slowking|move: Sticky Web\n|-unboost|p2a: Slowking|spe|1\n|move|p1a: Golduck|Hydro Pump|p2a: Slowking\n|-damage|p2a: Slowking|14/100\n|\n|upkeep\n|turn|21\n|inactive|Time left: 300 sec this turn | 300 sec total\n|\n|t:|1783569957\n|switch|p2a: Arboliva|Arboliva, L91, F|61/100\n|-activate|p2a: Arboliva|move: Sticky Web\n|-unboost|p2a: Arboliva|spe|1\n|move|p1a: Golduck|Hydro Pump|p2a: Arboliva\n|-resisted|p2a: Arboliva\n|-damage|p2a: Arboliva|32/100\n|-enditem|p2a: Arboliva|Sitrus Berry|[eat]\n|-heal|p2a: Arboliva|57/100|[from] item: Sitrus Berry\n|\n|upkeep\n|turn|22\n|inactive|Time left: 300 sec this turn | 300 sec total\n|\n|t:|1783569958\n|move|p1a: Golduck|Hydro Pump|p2a: Arboliva\n|-resisted|p2a: Arboliva\n|-damage|p2a: Arboliva|31/100\n|move|p2a: Arboliva|Hyper Voice|p1a: Golduck\n|-crit|p1a: Golduck\n|-damage|p1a: Golduck|0 fnt\n|faint|p1a: Golduck\n|\n|-item|p2a: Arboliva|Sitrus Berry|[from] ability: Harvest\n|upkeep\n|-enditem|p2a: Arboliva|Sitrus Berry|[eat]\n|-heal|p2a: Arboliva|56/100|[from] item: Sitrus Berry\n|inactive|Time left: 300 sec this turn | 300 sec total | 5 sec grace\n|\n|t:|1783569959\n|switch|p1a: Kleavor|Kleavor, L78, F|150/237\n|turn|23\n|inactive|Time left: 300 sec this turn | 300 sec total\n|\n|t:|1783569959\n|switch|p2a: Stonjourner|Stonjourner, L91, F|100/100\n|-activate|p2a: Stonjourner|move: Sticky Web\n|-unboost|p2a: Stonjourner|spe|1\n|move|p1a: Kleavor|Stone Axe|p2a: Stonjourner\n|-damage|p2a: Stonjourner|78/100\n|-sidestart|p2: p0y26818a98|move: Stealth Rock\n|\n|upkeep\n|turn|24\n|inactive|Time left: 300 sec this turn | 300 sec total\n|\n|t:|1783569961\n|switch|p1a: Ampharos|Ampharos, L88, F|302/302\n|move|p2a: Stonjourner|Stone Edge|p1a: Ampharos\n|-crit|p1a: Ampharos\n|-damage|p1a: Ampharos|25/302\n|-damage|p2a: Stonjourner|68/100|[from] item: Life Orb\n|\n|upkeep\n|turn|25\n|inactive|Time left: 300 sec this turn | 300 sec total\n|\n|t:|1783569962\n|switch|p2a: Slowking|Slowking-Galar, L85, F|47/100\n|-activate|p2a: Slowking|move: Sticky Web\n|-unboost|p2a: Slowking|spe|1\n|-damage|p2a: Slowking|35/100|[from] Stealth Rock\n|move|p1a: Ampharos|Thunderbolt|p2a: Slowking\n|-damage|p2a: Slowking|6/100\n|-status|p2a: Slowking|par\n|-damage|p1a: Ampharos|0 fnt|[from] item: Life Orb\n|faint|p1a: Ampharos\n|\n|upkeep\n|inactive|Time left: 300 sec this turn | 300 sec total | 5 sec grace\n|\n|t:|1783569963\n|switch|p1a: Kleavor|Kleavor, L78, F|150/237\n|turn|26\n|inactive|Time left: 300 sec this turn | 300 sec total\n|\n|t:|1783569964\n|move|p1a: Kleavor|Stone Axe|p2a: Slowking\n|-damage|p2a: Slowking|0 fnt\n|faint|p2a: Slowking\n|\n|upkeep\n|\n|t:|1783569965\n|switch|p2a: Hitmonlee|Hitmonlee, L85, M|100/100\n|-activate|p2a: Hitmonlee|move: Sticky Web\n|-unboost|p2a: Hitmonlee|spe|1\n|-damage|p2a: Hitmonlee|94/100|[from] Stealth Rock\n|-enditem|p2a: Hitmonlee|White Herb\n|-clearnegativeboost|p2a: Hitmonlee|[silent]\n|turn|27\n|inactive|Time left: 300 sec this turn | 300 sec total\n|\n|t:|1783569966\n|move|p2a: Hitmonlee|Close Combat|p1a: Kleavor\n|-damage|p1a: Kleavor|0 fnt\n|-unboost|p2a: Hitmonlee|def|1\n|-unboost|p2a: Hitmonlee|spd|1\n|faint|p1a: Kleavor\n|\n|upkeep\n|inactive|Time left: 300 sec this turn | 300 sec total | 5 sec grace\n|\n|t:|1783569966\n|switch|p1a: Dudunsparce|Dudunsparce, L83, M|343/343\n|turn|28\n|inactive|Time left: 300 sec this turn | 300 sec total\n|\n|t:|1783569967\n|switch|p2a: Moltres|Moltres, L81|68/100\n|-terastallize|p1a: Dudunsparce|Ghost\n|move|p1a: Dudunsparce|Earthquake|p2a: Moltres\n|-immune|p2a: Moltres\n|\n|upkeep\n|turn|29\n|inactive|Time left: 300 sec this turn | 300 sec total\n|\n|t:|1783569968\n|move|p2a: Moltres|Will-O-Wisp|p1a: Dudunsparce\n|-status|p1a: Dudunsparce|brn\n|move|p1a: Dudunsparce|Glare|p2a: Moltres\n|-status|p2a: Moltres|par\n|\n|-damage|p1a: Dudunsparce|322/343 brn|[from] brn\n|upkeep\n|turn|30\n|inactive|Time left: 300 sec this turn | 300 sec total\n|\n|t:|1783569969\n|move|p1a: Dudunsparce|Headbutt|p2a: Moltres\n|-crit|p2a: Moltres\n|-damage|p2a: Moltres|48/100 par\n|cant|p2a: Moltres|flinch\n|\n|-heal|p1a: Dudunsparce|343/343 brn|[from] item: Leftovers\n|-damage|p1a: Dudunsparce|322/343 brn|[from] brn\n|upkeep\n|turn|31\n|inactive|Time left: 300 sec this turn | 300 sec total\n|\n|t:|1783569970\n|move|p1a: Dudunsparce|Headbutt|p2a: Moltres\n|-damage|p2a: Moltres|34/100 par\n|move|p2a: Moltres|Roost|p2a: Moltres\n|-heal|p2a: Moltres|84/100 par\n|-singleturn|p2a: Moltres|move: Roost\n|\n|-heal|p1a: Dudunsparce|343/343 brn|[from] item: Leftovers\n|-damage|p1a: Dudunsparce|322/343 brn|[from] brn\n|upkeep\n|turn|32\n|inactive|Time left: 300 sec this turn | 300 sec total\n|\n|t:|1783569971\n|move|p1a: Dudunsparce|Headbutt|p2a: Moltres\n|-damage|p2a: Moltres|71/100 par\n|move|p2a: Moltres|Fire Blast|p1a: Dudunsparce|[miss]\n|-miss|p2a: Moltres|p1a: Dudunsparce\n|\n|-heal|p1a: Dudunsparce|343/343 brn|[from] item: Leftovers\n|-damage|p1a: Dudunsparce|322/343 brn|[from] brn\n|upkeep\n|turn|33\n|inactive|Time left: 300 sec this turn | 300 sec total\n|\n|t:|1783569972\n|move|p1a: Dudunsparce|Headbutt|p2a: Moltres\n|-damage|p2a: Moltres|56/100 par\n|move|p2a: Moltres|Roost|p2a: Moltres\n|-heal|p2a: Moltres|100/100 par\n|-singleturn|p2a: Moltres|move: Roost\n|\n|-heal|p1a: Dudunsparce|343/343 brn|[from] item: Leftovers\n|-damage|p1a: Dudunsparce|322/343 brn|[from] brn\n|upkeep\n|turn|34\n|inactive|Time left: 300 sec this turn | 300 sec total\n|\n|t:|1783569973\n|move|p1a: Dudunsparce|Headbutt|p2a: Moltres\n|-damage|p2a: Moltres|87/100 par\n|cant|p2a: Moltres|flinch\n|\n|-heal|p1a: Dudunsparce|343/343 brn|[from] item: Leftovers\n|-damage|p1a: Dudunsparce|322/343 brn|[from] brn\n|upkeep\n|turn|35\n|inactive|Time left: 300 sec this turn | 300 sec total\n|\n|t:|1783569974\n|move|p1a: Dudunsparce|Headbutt|p2a: Moltres\n|-damage|p2a: Moltres|74/100 par\n|cant|p2a: Moltres|par\n|\n|-heal|p1a: Dudunsparce|343/343 brn|[from] item: Leftovers\n|-damage|p1a: Dudunsparce|322/343 brn|[from] brn\n|upkeep\n|turn|36\n|inactive|Time left: 300 sec this turn | 300 sec total\n|\n|t:|1783569975\n|move|p1a: Dudunsparce|Headbutt|p2a: Moltres\n|-damage|p2a: Moltres|61/100 par\n|cant|p2a: Moltres|flinch\n|\n|-heal|p1a: Dudunsparce|343/343 brn|[from] item: Leftovers\n|-damage|p1a: Dudunsparce|322/343 brn|[from] brn\n|upkeep\n|turn|37\n|inactive|Time left: 300 sec this turn | 300 sec total\n|\n|t:|1783569976\n|move|p1a: Dudunsparce|Headbutt|p2a: Moltres\n|-damage|p2a: Moltres|47/100 par\n|cant|p2a: Moltres|flinch\n|\n|-heal|p1a: Dudunsparce|343/343 brn|[from] item: Leftovers\n|-damage|p1a: Dudunsparce|322/343 brn|[from] brn\n|upkeep\n|turn|38\n|inactive|Time left: 300 sec this turn | 300 sec total\n|\n|t:|1783569976\n|move|p1a: Dudunsparce|Headbutt|p2a: Moltres\n|-damage|p2a: Moltres|33/100 par\n|cant|p2a: Moltres|flinch\n|\n|-heal|p1a: Dudunsparce|343/343 brn|[from] item: Leftovers\n|-damage|p1a: Dudunsparce|322/343 brn|[from] brn\n|upkeep\n|turn|39\n|inactive|Time left: 300 sec this turn | 300 sec total\n|\n|t:|1783569977\n|move|p1a: Dudunsparce|Headbutt|p2a: Moltres\n|-damage|p2a: Moltres|18/100 par\n|cant|p2a: Moltres|flinch\n|\n|-heal|p1a: Dudunsparce|343/343 brn|[from] item: Leftovers\n|-damage|p1a: Dudunsparce|322/343 brn|[from] brn\n|upkeep\n|turn|40\n|inactive|Time left: 300 sec this turn | 300 sec total\n|\n|t:|1783569978\n|move|p1a: Dudunsparce|Headbutt|p2a: Moltres\n|-damage|p2a: Moltres|4/100 par\n|cant|p2a: Moltres|par\n|\n|-heal|p1a: Dudunsparce|343/343 brn|[from] item: Leftovers\n|-damage|p1a: Dudunsparce|322/343 brn|[from] brn\n|upkeep\n|turn|41\n|inactive|Time left: 300 sec this turn | 300 sec total\n|\n|t:|1783569979\n|switch|p2a: Stonjourner|Stonjourner, L91, F|68/100\n|-activate|p2a: Stonjourner|move: Sticky Web\n|-unboost|p2a: Stonjourner|spe|1\n|-damage|p2a: Stonjourner|56/100|[from] Stealth Rock\n|move|p1a: Dudunsparce|Headbutt|p2a: Stonjourner\n|-resisted|p2a: Stonjourner\n|-damage|p2a: Stonjourner|52/100\n|\n|-heal|p1a: Dudunsparce|343/343 brn|[from] item: Leftovers\n|-damage|p1a: Dudunsparce|322/343 brn|[from] brn\n|upkeep\n|turn|42\n|inactive|Time left: 300 sec this turn | 300 sec total\n|\n|t:|1783569980\n|move|p1a: Dudunsparce|Glare|p2a: Stonjourner\n|-status|p2a: Stonjourner|par\n|move|p2a: Stonjourner|Stone Edge|p1a: Dudunsparce|[miss]\n|-miss|p2a: Stonjourner|p1a: Dudunsparce\n|\n|-heal|p1a: Dudunsparce|343/343 brn|[from] item: Leftovers\n|-damage|p1a: Dudunsparce|322/343 brn|[from] brn\n|upkeep\n|turn|43\n|inactive|Time left: 300 sec this turn | 300 sec total\n|\n|t:|1783569981\n|move|p1a: Dudunsparce|Headbutt|p2a: Stonjourner\n|-resisted|p2a: Stonjourner\n|-damage|p2a: Stonjourner|49/100 par\n|cant|p2a: Stonjourner|flinch\n|\n|-heal|p1a: Dudunsparce|343/343 brn|[from] item: Leftovers\n|-damage|p1a: Dudunsparce|322/343 brn|[from] brn\n|upkeep\n|turn|44\n|inactive|Time left: 300 sec this turn | 300 sec total\n|\n|t:|1783569982\n|move|p1a: Dudunsparce|Headbutt|p2a: Stonjourner\n|-resisted|p2a: Stonjourner\n|-damage|p2a: Stonjourner|45/100 par\n|cant|p2a: Stonjourner|par\n|\n|-heal|p1a: Dudunsparce|343/343 brn|[from] item: Leftovers\n|-damage|p1a: Dudunsparce|322/343 brn|[from] brn\n|upkeep\n|turn|45\n|inactive|Time left: 300 sec this turn | 300 sec total\n|\n|t:|1783569983\n|move|p1a: Dudunsparce|Headbutt|p2a: Stonjourner\n|-resisted|p2a: Stonjourner\n|-damage|p2a: Stonjourner|42/100 par\n|cant|p2a: Stonjourner|flinch\n|\n|-heal|p1a: Dudunsparce|343/343 brn|[from] item: Leftovers\n|-damage|p1a: Dudunsparce|322/343 brn|[from] brn\n|upkeep\n|turn|46\n|inactive|Time left: 300 sec this turn | 300 sec total\n|\n|t:|1783569983\n|move|p1a: Dudunsparce|Headbutt|p2a: Stonjourner\n|-resisted|p2a: Stonjourner\n|-damage|p2a: Stonjourner|38/100 par\n|cant|p2a: Stonjourner|flinch\n|\n|-heal|p1a: Dudunsparce|343/343 brn|[from] item: Leftovers\n|-damage|p1a: Dudunsparce|322/343 brn|[from] brn\n|upkeep\n|turn|47\n|inactive|Time left: 300 sec this turn | 300 sec total\n|\n|t:|1783569984\n|move|p1a: Dudunsparce|Earthquake|p2a: Stonjourner\n|-supereffective|p2a: Stonjourner\n|-damage|p2a: Stonjourner|24/100 par\n|move|p2a: Stonjourner|Heat Crash|p1a: Dudunsparce\n|-damage|p1a: Dudunsparce|147/343 brn\n|-damage|p2a: Stonjourner|14/100 par|[from] item: Life Orb\n|\n|-heal|p1a: Dudunsparce|168/343 brn|[from] item: Leftovers\n|-damage|p1a: Dudunsparce|147/343 brn|[from] brn\n|upkeep\n|turn|48\n|inactive|Time left: 300 sec this turn | 300 sec total\n|\n|t:|1783569985\n|move|p1a: Dudunsparce|Roost|p1a: Dudunsparce\n|-heal|p1a: Dudunsparce|319/343 brn\n|cant|p2a: Stonjourner|par\n|\n|-heal|p1a: Dudunsparce|340/343 brn|[from] item: Leftovers\n|-damage|p1a: Dudunsparce|319/343 brn|[from] brn\n|upkeep\n|turn|49\n|inactive|Time left: 300 sec this turn | 300 sec total\n|\n|t:|1783569986\n|move|p1a: Dudunsparce|Earthquake|p2a: Stonjourner\n|-supereffective|p2a: Stonjourner\n|-damage|p2a: Stonjourner|0 fnt\n|faint|p2a: Stonjourner\n|\n|-heal|p1a: Dudunsparce|340/343 brn|[from] item: Leftovers\n|-damage|p1a: Dudunsparce|319/343 brn|[from] brn\n|upkeep\n|\n|t:|1783569987\n|switch|p2a: Hitmonlee|Hitmonlee, L85, M|94/100\n|-activate|p2a: Hitmonlee|move: Sticky Web\n|-unboost|p2a: Hitmonlee|spe|1\n|-damage|p2a: Hitmonlee|88/100|[from] Stealth Rock\n|turn|50\n|inactive|Time left: 300 sec this turn | 300 sec total\n|\n|t:|1783569988\n|move|p1a: Dudunsparce|Headbutt|p2a: Hitmonlee\n|-damage|p2a: Hitmonlee|65/100\n|cant|p2a: Hitmonlee|flinch\n|\n|-heal|p1a: Dudunsparce|340/343 brn|[from] item: Leftovers\n|-damage|p1a: Dudunsparce|319/343 brn|[from] brn\n|upkeep\n|turn|51\n|inactive|Time left: 300 sec this turn | 300 sec total\n|\n|t:|1783569989\n|move|p1a: Dudunsparce|Headbutt|p2a: Hitmonlee\n|-damage|p2a: Hitmonlee|41/100\n|move|p2a: Hitmonlee|Knock Off|p1a: Dudunsparce\n|-supereffective|p1a: Dudunsparce\n|-damage|p1a: Dudunsparce|125/343 brn\n|-enditem|p1a: Dudunsparce|Leftovers|[from] move: Knock Off|[of] p2a: Hitmonlee\n|\n|-damage|p1a: Dudunsparce|104/343 brn|[from] brn\n|upkeep\n|turn|52\n|inactive|Time left: 300 sec this turn | 300 sec total\n|\n|t:|1783569990\n|move|p1a: Dudunsparce|Roost|p1a: Dudunsparce\n|-heal|p1a: Dudunsparce|276/343 brn\n|move|p2a: Hitmonlee|Knock Off|p1a: Dudunsparce\n|-supereffective|p1a: Dudunsparce\n|-damage|p1a: Dudunsparce|152/343 brn\n|\n|-damage|p1a: Dudunsparce|131/343 brn|[from] brn\n|upkeep\n|turn|53\n|inactive|Time left: 300 sec this turn | 300 sec total\n|\n|t:|1783569991\n|move|p1a: Dudunsparce|Roost|p1a: Dudunsparce\n|-heal|p1a: Dudunsparce|303/343 brn\n|move|p2a: Hitmonlee|Swords Dance|p2a: Hitmonlee\n|-boost|p2a: Hitmonlee|atk|2\n|\n|-damage|p1a: Dudunsparce|282/343 brn|[from] brn\n|upkeep\n|turn|54\n|inactive|Time left: 300 sec this turn | 300 sec total\n|\n|t:|1783569993\n|move|p1a: Dudunsparce|Headbutt|p2a: Hitmonlee\n|-damage|p2a: Hitmonlee|19/100\n|move|p2a: Hitmonlee|Knock Off|p1a: Dudunsparce\n|-supereffective|p1a: Dudunsparce\n|-damage|p1a: Dudunsparce|30/343 brn\n|\n|-damage|p1a: Dudunsparce|9/343 brn|[from] brn\n|upkeep\n|turn|55\n|inactive|Time left: 300 sec this turn | 300 sec total\n|\n|t:|1783569993\n|move|p1a: Dudunsparce|Roost|p1a: Dudunsparce\n|-heal|p1a: Dudunsparce|181/343 brn\n|move|p2a: Hitmonlee|Knock Off|p1a: Dudunsparce\n|-supereffective|p1a: Dudunsparce\n|-damage|p1a: Dudunsparce|0 fnt\n|faint|p1a: Dudunsparce\n|\n|win|p0y26818a98", "uploadtime": 1783569993, "views": 0, "rating": 0, "private": 0, "password": null, "_winner": "p0y26818a98", "_our_name": "p0x26816456"}