{"id": "battle-gen9randombattle-617", "formatid": "gen9randombattle", "format": "[Gen 9] Random Battle", "players": ["p0x617f185", "p0y61731a3"], "log": "|init|battle\n|title|p0x617f185 vs. p0y61731a3\n|j|\u2606p0x617f185\n|j|\u2606p0y61731a3\n|t:|1783546256\n|gametype|singles\n|player|p1|p0x617f185|266|\n|player|p2|p0y61731a3|2|\n|gen|9\n|tier|[Gen 9] Random Battle\n|rule|Species Clause: Limit one of each Pok\u00e9mon\n|rule|HP Percentage Mod: HP is shown in percentages\n|rule|Sleep Clause Mod: Limit one foe put to sleep\n|rule|Illusion Level Mod: Illusion disguises the Pok\u00e9mon's true level\n|\n|t:|1783546256\n|teamsize|p1|6\n|teamsize|p2|6\n|start\n|switch|p1a: Meloetta|Meloetta, L82|100/100\n|switch|p2a: Tauros|Tauros-Paldea-Aqua, L81, M|254/254\n|-ability|p2a: Tauros|Intimidate|boost\n|-unboost|p1a: Meloetta|atk|1\n|turn|1\n|inactive|Battle timer is ON: inactive players will automatically lose when time's up. (requested by p0x617f185)\n|inactive|Time left: 300 sec this turn | 300 sec total | 60 sec grace\n|inactive|p0y61731a3 also wants the timer to be on.\n|\n|t:|1783546258\n|move|p2a: Tauros|Wave Crash|p1a: Meloetta\n|-damage|p1a: Meloetta|24/100\n|-damage|p2a: Tauros|179/254|[from] Recoil\n|move|p1a: Meloetta|Relic Song|p2a: Tauros\n|-damage|p2a: Tauros|37/254\n|-formechange|p1a: Meloetta|Meloetta-Pirouette|[msg]\n|-damage|p1a: Meloetta|14/100|[from] item: Life Orb\n|\n|upkeep\n|turn|2\n|inactive|Time left: 300 sec this turn | 300 sec total\n|\n|t:|1783546259\n|move|p1a: Meloetta|Close Combat|p2a: Tauros\n|-damage|p2a: Tauros|0 fnt\n|-unboost|p1a: Meloetta|def|1\n|-unboost|p1a: Meloetta|spd|1\n|faint|p2a: Tauros\n|-damage|p1a: Meloetta|5/100|[from] item: Life Orb\n|\n|upkeep\n|inactive|Time left: 300 sec this turn | 300 sec total | 5 sec grace\n|\n|t:|1783546260\n|switch|p2a: Blaziken|Blaziken, L76, F|247/247\n|turn|3\n|inactive|Time left: 300 sec this turn | 300 sec total\n|\n|t:|1783546261\n|move|p1a: Meloetta|Close Combat|p2a: Blaziken\n|-damage|p2a: Blaziken|87/247\n|-unboost|p1a: Meloetta|def|1\n|-unboost|p1a: Meloetta|spd|1\n|-damage|p1a: Meloetta|0 fnt|[from] item: Life Orb\n|faint|p1a: Meloetta\n|move|p2a: Blaziken|Swords Dance|p2a: Blaziken\n|-boost|p2a: Blaziken|atk|2\n|\n|-ability|p2a: Blaziken|Speed Boost|boost\n|-boost|p2a: Blaziken|spe|1\n|upkeep\n|\n|t:|1783546262\n|switch|p1a: Deoxys|Deoxys-Attack, L72|100/100\n|-ability|p1a: Deoxys|Pressure\n|turn|4\n|inactive|Time left: 300 sec this turn | 300 sec total\n|\n|t:|1783546263\n|move|p1a: Deoxys|Superpower|p2a: Blaziken\n|-damage|p2a: Blaziken|0 fnt\n|-unboost|p1a: Deoxys|atk|1\n|-unboost|p1a: Deoxys|def|1\n|faint|p2a: Blaziken\n|-damage|p1a: Deoxys|91/100|[from] item: Life Orb\n|\n|upkeep\n|inactive|Time left: 300 sec this turn | 300 sec total | 5 sec grace\n|\n|t:|1783546264\n|switch|p2a: Heatran|Heatran, L79, F|273/273\n|turn|5\n|inactive|Time left: 300 sec this turn | 300 sec total\n|\n|t:|1783546266\n|switch|p1a: Dialga|Dialga, L73|100/100\n|-ability|p1a: Dialga|Pressure\n|move|p2a: Heatran|Lava Plume|p1a: Dialga\n|-damage|p1a: Dialga|75/100\n|-status|p1a: Dialga|brn\n|\n|-damage|p1a: Dialga|69/100 brn|[from] brn\n|upkeep\n|turn|6\n|inactive|Time left: 300 sec this turn | 300 sec total\n|\n|t:|1783546267\n|move|p2a: Heatran|Lava Plume|p1a: Dialga\n|-crit|p1a: Dialga\n|-damage|p1a: Dialga|31/100 brn\n|move|p1a: Dialga|Dragon Tail|p2a: Heatran\n|-resisted|p2a: Heatran\n|-damage|p2a: Heatran|260/273\n|drag|p2a: Weavile|Weavile, L79, M|239/239\n|\n|-damage|p1a: Dialga|25/100 brn|[from] brn\n|upkeep\n|turn|7\n|inactive|Time left: 300 sec this turn | 300 sec total\n|\n|t:|1783546268\n|move|p2a: Weavile|Knock Off|p1a: Dialga\n|-damage|p1a: Dialga|0 fnt\n|-enditem|p1a: Dialga|Assault Vest|[from] move: Knock Off|[of] p2a: Weavile\n|faint|p1a: Dialga\n|\n|upkeep\n|\n|t:|1783546269\n|switch|p1a: Lucario|Lucario, L84, F|100/100\n|turn|8\n|inactive|Time left: 300 sec this turn | 300 sec total\n|\n|t:|1783546270\n|switch|p2a: Sandy Shocks|Sandy Shocks, L80|267/267\n|move|p1a: Lucario|Nasty Plot|p1a: Lucario\n|-boost|p1a: Lucario|spa|2\n|\n|upkeep\n|turn|9\n|inactive|Time left: 300 sec this turn | 300 sec total\n|\n|t:|1783546271\n|-terastallize|p1a: Lucario|Fighting\n|move|p2a: Sandy Shocks|Earth Power|p1a: Lucario\n|-damage|p1a: Lucario|53/100\n|move|p1a: Lucario|Focus Blast|p2a: Sandy Shocks\n|-damage|p2a: Sandy Shocks|0 fnt\n|faint|p2a: Sandy Shocks\n|-end|p2a: Sandy Shocks|Protosynthesis|[silent]\n|-damage|p1a: Lucario|43/100|[from] item: Life Orb\n|\n|upkeep\n|inactive|Time left: 300 sec this turn | 300 sec total | 5 sec grace\n|\n|t:|1783546272\n|switch|p2a: Heatran|Heatran, L79, F|260/273\n|turn|10\n|inactive|Time left: 300 sec this turn | 300 sec total\n|\n|t:|1783546273\n|move|p1a: Lucario|Focus Blast|p2a: Heatran\n|-supereffective|p2a: Heatran\n|-damage|p2a: Heatran|0 fnt\n|faint|p2a: Heatran\n|-damage|p1a: Lucario|33/100|[from] item: Life Orb\n|\n|upkeep\n|inactive|Time left: 300 sec this turn | 300 sec total | 5 sec grace\n|\n|t:|1783546274\n|switch|p2a: Weavile|Weavile, L79, M|239/239\n|turn|11\n|inactive|Time left: 300 sec this turn | 300 sec total\n|\n|t:|1783546275\n|-terastallize|p2a: Weavile|Ice\n|move|p2a: Weavile|Ice Shard|p1a: Lucario\n|-damage|p1a: Lucario|0 fnt\n|faint|p1a: Lucario\n|\n|upkeep\n|\n|t:|1783546276\n|switch|p1a: Chien-Pao|Chien-Pao, L72|100/100\n|-ability|p1a: Chien-Pao|Sword of Ruin\n|turn|12\n|inactive|Time left: 300 sec this turn | 300 sec total\n|\n|t:|1783546277\n|switch|p2a: Beartic|Beartic, L91, M|321/321\n|move|p1a: Chien-Pao|Swords Dance|p1a: Chien-Pao\n|-boost|p1a: Chien-Pao|atk|2\n|\n|upkeep\n|turn|13\n|inactive|Time left: 300 sec this turn | 300 sec total\n|\n|t:|1783546278\n|move|p1a: Chien-Pao|Sacred Sword|p2a: Beartic\n|-supereffective|p2a: Beartic\n|-damage|p2a: Beartic|41/321\n|move|p2a: Beartic|Close Combat|p1a: Chien-Pao\n|-supereffective|p1a: Chien-Pao\n|-damage|p1a: Chien-Pao|0 fnt\n|-unboost|p2a: Beartic|def|1\n|-unboost|p2a: Beartic|spd|1\n|faint|p1a: Chien-Pao\n|\n|upkeep\n|\n|t:|1783546279\n|switch|p1a: Shaymin|Shaymin-Sky, L73|100/100\n|turn|14\n|inactive|Time left: 300 sec this turn | 300 sec total\n|\n|t:|1783546280\n|move|p1a: Shaymin|Seed Flare|p2a: Beartic\n|-damage|p2a: Beartic|0 fnt\n|faint|p2a: Beartic\n|\n|upkeep\n|inactive|Time left: 300 sec this turn | 300 sec total | 5 sec grace\n|\n|t:|1783546281\n|switch|p2a: Weavile|Weavile, L79, M, tera:Ice|239/239\n|turn|15\n|inactive|Time left: 300 sec this turn | 300 sec total\n|\n|t:|1783546282\n|move|p2a: Weavile|Ice Shard|p1a: Shaymin\n|-supereffective|p1a: Shaymin\n|-damage|p1a: Shaymin|0 fnt\n|faint|p1a: Shaymin\n|\n|upkeep\n|\n|t:|1783546283\n|switch|p1a: Deoxys|Deoxys-Attack, L72|91/100\n|-ability|p1a: Deoxys|Pressure\n|turn|16\n|inactive|Time left: 300 sec this turn | 300 sec total\n|\n|t:|1783546284\n|move|p2a: Weavile|Ice Shard|p1a: Deoxys\n|-damage|p1a: Deoxys|0 fnt\n|faint|p1a: Deoxys\n|\n|win|p0y61731a3", "uploadtime": 1783546284, "views": 0, "rating": 0, "private": 0, "password": null, "_winner": "p0y61731a3", "_our_name": "p0y61731a3"}