{"id": "battle-gen9randombattle-642", "formatid": "gen9randombattle", "format": "[Gen 9] Random Battle", "players": ["p0x6428914", "p0y64206f9"], "log": "|init|battle\n|title|p0x6428914 vs. p0y64206f9\n|j|\u2606p0x6428914\n|j|\u2606p0y64206f9\n|t:|1783547273\n|gametype|singles\n|player|p1|p0x6428914|265|\n|player|p2|p0y64206f9|2|\n|gen|9\n|tier|[Gen 9] Random Battle\n|rule|Species Clause: Limit one of each Pok\u00e9mon\n|rule|HP Percentage Mod: HP is shown in percentages\n|rule|Sleep Clause Mod: Limit one foe put to sleep\n|rule|Illusion Level Mod: Illusion disguises the Pok\u00e9mon's true level\n|\n|t:|1783547273\n|teamsize|p1|6\n|teamsize|p2|6\n|start\n|switch|p1a: Arbok|Arbok, L87, M|246/246\n|switch|p2a: Hippowdon|Hippowdon, L82, M|100/100\n|-ability|p1a: Arbok|Intimidate|boost\n|-unboost|p2a: Hippowdon|atk|1\n|-weather|Sandstorm|[from] ability: Sand Stream|[of] p2a: Hippowdon\n|turn|1\n|inactive|Battle timer is ON: inactive players will automatically lose when time's up. (requested by p0y64206f9)\n|inactive|Time left: 300 sec this turn | 300 sec total | 60 sec grace\n|inactive|p0x6428914 also wants the timer to be on.\n|\n|t:|1783547274\n|switch|p1a: Ursaluna|Ursaluna, L79, F|335/335\n|move|p2a: Hippowdon|Earthquake|p1a: Ursaluna\n|-damage|p1a: Ursaluna|263/335\n|\n|-weather|Sandstorm|[upkeep]\n|-status|p1a: Ursaluna|brn|[from] item: Flame Orb\n|upkeep\n|turn|2\n|inactive|Time left: 300 sec this turn | 300 sec total\n|\n|t:|1783547276\n|move|p1a: Ursaluna|Facade|p2a: Hippowdon\n|-damage|p2a: Hippowdon|29/100\n|move|p2a: Hippowdon|Stealth Rock|p1a: Ursaluna\n|-sidestart|p1: p0x6428914|move: Stealth Rock\n|\n|-weather|Sandstorm|[upkeep]\n|-heal|p2a: Hippowdon|35/100|[from] item: Leftovers\n|-damage|p1a: Ursaluna|243/335 brn|[from] brn\n|upkeep\n|turn|3\n|inactive|Time left: 300 sec this turn | 300 sec total\n|\n|t:|1783547277\n|move|p1a: Ursaluna|Facade|p2a: Hippowdon\n|-damage|p2a: Hippowdon|0 fnt\n|faint|p2a: Hippowdon\n|\n|-weather|Sandstorm|[upkeep]\n|-damage|p1a: Ursaluna|223/335 brn|[from] brn\n|upkeep\n|\n|t:|1783547278\n|switch|p2a: Iron Leaves|Iron Leaves, L80|100/100\n|turn|4\n|inactive|Time left: 300 sec this turn | 300 sec total\n|\n|t:|1783547279\n|switch|p1a: Iron Crown|Iron Crown, L78|268/268\n|-damage|p1a: Iron Crown|252/268|[from] Stealth Rock\n|move|p2a: Iron Leaves|Leaf Blade|p1a: Iron Crown\n|-resisted|p1a: Iron Crown\n|-crit|p1a: Iron Crown\n|-damage|p1a: Iron Crown|143/268\n|-damage|p2a: Iron Leaves|91/100|[from] item: Life Orb\n|\n|-weather|Sandstorm|[upkeep]\n|-damage|p2a: Iron Leaves|84/100|[from] Sandstorm\n|-heal|p1a: Iron Crown|159/268|[from] item: Leftovers\n|upkeep\n|turn|5\n|inactive|Time left: 300 sec this turn | 300 sec total\n|\n|t:|1783547280\n|move|p2a: Iron Leaves|Swords Dance|p2a: Iron Leaves\n|-boost|p2a: Iron Leaves|atk|2\n|move|p1a: Iron Crown|Tachyon Cutter|p2a: Iron Leaves\n|-damage|p2a: Iron Leaves|65/100\n|-damage|p2a: Iron Leaves|47/100\n|-hitcount|p2a: Iron Leaves|2\n|\n|-weather|none\n|-heal|p1a: Iron Crown|175/268|[from] item: Leftovers\n|upkeep\n|turn|6\n|inactive|Time left: 300 sec this turn | 300 sec total\n|\n|t:|1783547281\n|move|p2a: Iron Leaves|Close Combat|p1a: Iron Crown\n|-damage|p1a: Iron Crown|0 fnt\n|-unboost|p2a: Iron Leaves|def|1\n|-unboost|p2a: Iron Leaves|spd|1\n|faint|p1a: Iron Crown\n|-end|p1a: Iron Crown|Quark Drive|[silent]\n|-damage|p2a: Iron Leaves|38/100|[from] item: Life Orb\n|\n|upkeep\n|inactive|Time left: 300 sec this turn | 300 sec total | 5 sec grace\n|\n|t:|1783547282\n|switch|p1a: Persian|Persian, L92, M|269/269\n|-damage|p1a: Persian|236/269|[from] Stealth Rock\n|turn|7\n|inactive|Time left: 300 sec this turn | 300 sec total\n|\n|t:|1783547283\n|-end|p2a: Iron Leaves|Quark Drive|[silent]\n|switch|p2a: Diancie|Diancie, L82|100/100\n|move|p1a: Persian|Fake Out|p2a: Diancie\n|-resisted|p2a: Diancie\n|-damage|p2a: Diancie|90/100\n|\n|-heal|p2a: Diancie|96/100|[from] item: Leftovers\n|upkeep\n|turn|8\n|inactive|Time left: 300 sec this turn | 300 sec total\n|\n|t:|1783547284\n|switch|p1a: Ursaluna|Ursaluna, L79, F|223/335 brn\n|-damage|p1a: Ursaluna|203/335 brn|[from] Stealth Rock\n|move|p2a: Diancie|Diamond Storm|p1a: Ursaluna\n|-resisted|p1a: Ursaluna\n|-damage|p1a: Ursaluna|155/335 brn\n|\n|-heal|p2a: Diancie|100/100|[from] item: Leftovers\n|-damage|p1a: Ursaluna|135/335 brn|[from] brn\n|upkeep\n|turn|9\n|inactive|Time left: 300 sec this turn | 300 sec total\n|\n|t:|1783547285\n|move|p2a: Diancie|Body Press|p1a: Ursaluna\n|-supereffective|p1a: Ursaluna\n|-damage|p1a: Ursaluna|0 fnt\n|faint|p1a: Ursaluna\n|\n|upkeep\n|inactive|Time left: 300 sec this turn | 300 sec total | 5 sec grace\n|\n|t:|1783547287\n|switch|p1a: Zarude|Zarude, L77|288/288\n|-damage|p1a: Zarude|252/288|[from] Stealth Rock\n|turn|10\n|inactive|Time left: 300 sec this turn | 300 sec total\n|\n|t:|1783547288\n|move|p1a: Zarude|Power Whip|p2a: Diancie\n|-supereffective|p2a: Diancie\n|-damage|p2a: Diancie|7/100\n|-damage|p1a: Zarude|224/288|[from] item: Life Orb\n|move|p2a: Diancie|Moonblast|p1a: Zarude\n|-supereffective|p1a: Zarude\n|-damage|p1a: Zarude|26/288\n|\n|-heal|p2a: Diancie|13/100|[from] item: Leftovers\n|upkeep\n|turn|11\n|inactive|Time left: 300 sec this turn | 300 sec total\n|\n|t:|1783547289\n|switch|p2a: Arceus|Arceus-Fairy, L69|100/100\n|move|p1a: Zarude|Knock Off|p2a: Arceus\n|-resisted|p2a: Arceus\n|-crit|p2a: Arceus\n|-damage|p2a: Arceus|78/100\n|-damage|p1a: Zarude|0 fnt|[from] item: Life Orb\n|faint|p1a: Zarude\n|\n|upkeep\n|inactive|Time left: 300 sec this turn | 300 sec total | 5 sec grace\n|\n|t:|1783547290\n|switch|p1a: Arbok|Arbok, L87, M|246/246\n|-damage|p1a: Arbok|216/246|[from] Stealth Rock\n|-ability|p1a: Arbok|Intimidate|boost\n|-unboost|p2a: Arceus|atk|1\n|turn|12\n|inactive|Time left: 300 sec this turn | 300 sec total\n|\n|t:|1783547291\n|move|p2a: Arceus|Earth Power|p1a: Arbok\n|-supereffective|p1a: Arbok\n|-damage|p1a: Arbok|114/246\n|move|p1a: Arbok|Gunk Shot|p2a: Arceus\n|-supereffective|p2a: Arceus\n|-damage|p2a: Arceus|0 fnt\n|faint|p2a: Arceus\n|\n|-heal|p1a: Arbok|129/246|[from] item: Leftovers\n|upkeep\n|\n|t:|1783547291\n|switch|p2a: Magmortar|Magmortar, L88, M|100/100\n|turn|13\n|inactive|Time left: 300 sec this turn | 300 sec total\n|\n|t:|1783547292\n|move|p2a: Magmortar|Fire Blast|p1a: Arbok\n|-damage|p1a: Arbok|0 fnt\n|faint|p1a: Arbok\n|\n|upkeep\n|inactive|Time left: 300 sec this turn | 300 sec total | 5 sec grace\n|\n|t:|1783547293\n|switch|p1a: Persian|Persian, L92, M|236/269\n|-damage|p1a: Persian|203/269|[from] Stealth Rock\n|turn|14\n|inactive|Time left: 300 sec this turn | 300 sec total\n|\n|t:|1783547294\n|move|p1a: Persian|Fake Out|p2a: Magmortar\n|-damage|p2a: Magmortar|68/100\n|cant|p2a: Magmortar|flinch\n|\n|upkeep\n|turn|15\n|inactive|Time left: 300 sec this turn | 300 sec total\n|\n|t:|1783547295\n|-terastallize|p1a: Persian|Normal\n|move|p1a: Persian|Double-Edge|p2a: Magmortar\n|-damage|p2a: Magmortar|0 fnt\n|-status|p1a: Persian|brn|[from] ability: Flame Body|[of] p2a: Magmortar\n|faint|p2a: Magmortar\n|-damage|p1a: Persian|142/269 brn|[from] Recoil\n|\n|-damage|p1a: Persian|126/269 brn|[from] brn\n|upkeep\n|\n|t:|1783547295\n|switch|p2a: Frosmoth|Frosmoth, L82, F|100/100\n|turn|16\n|inactive|Time left: 300 sec this turn | 300 sec total\n|\n|t:|1783547296\n|-terastallize|p2a: Frosmoth|Ground\n|move|p1a: Persian|Knock Off|p2a: Frosmoth\n|-damage|p2a: Frosmoth|82/100\n|-enditem|p2a: Frosmoth|Heavy-Duty Boots|[from] move: Knock Off|[of] p1a: Persian\n|move|p2a: Frosmoth|Ice Beam|p1a: Persian\n|-damage|p1a: Persian|6/269 brn\n|\n|-damage|p1a: Persian|0 fnt|[from] brn\n|faint|p1a: Persian\n|upkeep\n|inactive|Time left: 300 sec this turn | 300 sec total | 5 sec grace\n|\n|t:|1783547296\n|switch|p1a: Thundurus|Thundurus, L80, M|258/258\n|turn|17\n|inactive|Time left: 300 sec this turn | 300 sec total\n|\n|t:|1783547297\n|move|p1a: Thundurus|Thunderbolt|p2a: Frosmoth\n|-immune|p2a: Frosmoth\n|move|p2a: Frosmoth|Ice Beam|p1a: Thundurus\n|-supereffective|p1a: Thundurus\n|-damage|p1a: Thundurus|0 fnt\n|faint|p1a: Thundurus\n|\n|win|p0y64206f9", "uploadtime": 1783547297, "views": 0, "rating": 0, "private": 0, "password": null, "_winner": "p0y64206f9", "_our_name": "p0x6428914"}