{"id": "battle-gen9randombattle-1726", "formatid": "gen9randombattle", "format": "[Gen 9] Random Battle", "players": ["p0x1726cb3c", "p0y1726ff76"], "log": "|init|battle\n|title|p0x1726cb3c vs. p0y1726ff76\n|j|\u2606p0x1726cb3c\n|j|\u2606p0y1726ff76\n|t:|1783559192\n|gametype|singles\n|player|p1|p0x1726cb3c|102|\n|player|p2|p0y1726ff76|265|\n|gen|9\n|tier|[Gen 9] Random Battle\n|rule|Species Clause: Limit one of each Pok\u00e9mon\n|rule|HP Percentage Mod: HP is shown in percentages\n|rule|Sleep Clause Mod: Limit one foe put to sleep\n|rule|Illusion Level Mod: Illusion disguises the Pok\u00e9mon's true level\n|\n|t:|1783559192\n|teamsize|p1|6\n|teamsize|p2|6\n|start\n|switch|p1a: Suicune|Suicune, L82|298/298\n|switch|p2a: Medicham|Medicham, L86, M|100/100\n|-ability|p1a: Suicune|Pressure\n|turn|1\n|inactive|Battle timer is ON: inactive players will automatically lose when time's up. (requested by p0x1726cb3c)\n|inactive|p0y1726ff76 also wants the timer to be on.\n|\n|t:|1783559194\n|move|p2a: Medicham|Close Combat|p1a: Suicune\n|-damage|p1a: Suicune|144/298\n|-unboost|p2a: Medicham|def|1\n|-unboost|p2a: Medicham|spd|1\n|move|p1a: Suicune|Scald|p2a: Medicham\n|-damage|p2a: Medicham|53/100\n|-status|p2a: Medicham|brn\n|\n|-heal|p1a: Suicune|162/298|[from] item: Leftovers\n|-damage|p2a: Medicham|47/100 brn|[from] brn\n|upkeep\n|turn|2\n|inactive|Time left: 300 sec this turn | 300 sec total\n|\n|t:|1783559195\n|move|p2a: Medicham|Close Combat|p1a: Suicune\n|-damage|p1a: Suicune|85/298\n|-unboost|p2a: Medicham|def|1\n|-unboost|p2a: Medicham|spd|1\n|move|p1a: Suicune|Scald|p2a: Medicham\n|-damage|p2a: Medicham|0 fnt\n|faint|p2a: Medicham\n|\n|-heal|p1a: Suicune|103/298|[from] item: Leftovers\n|upkeep\n|\n|t:|1783559196\n|switch|p2a: Ribombee|Ribombee, L83, M|100/100\n|turn|3\n|inactive|Time left: 300 sec this turn | 300 sec total\n|\n|t:|1783559197\n|move|p2a: Ribombee|Sticky Web|p1a: Suicune\n|-sidestart|p1: p0x1726cb3c|move: Sticky Web\n|move|p1a: Suicune|Scald|p2a: Ribombee\n|-damage|p2a: Ribombee|59/100\n|\n|-heal|p1a: Suicune|121/298|[from] item: Leftovers\n|upkeep\n|turn|4\n|inactive|Time left: 300 sec this turn | 300 sec total\n|\n|t:|1783559199\n|move|p2a: Ribombee|Moonblast|p1a: Suicune\n|-damage|p1a: Suicune|36/298\n|move|p1a: Suicune|Calm Mind|p1a: Suicune\n|-boost|p1a: Suicune|spa|1\n|-boost|p1a: Suicune|spd|1\n|\n|-heal|p1a: Suicune|54/298|[from] item: Leftovers\n|upkeep\n|turn|5\n|inactive|Time left: 300 sec this turn | 300 sec total\n|\n|t:|1783559200\n|move|p2a: Ribombee|Moonblast|p1a: Suicune\n|-damage|p1a: Suicune|0 fnt\n|faint|p1a: Suicune\n|\n|upkeep\n|inactive|Time left: 300 sec this turn | 300 sec total | 5 sec grace\n|\n|t:|1783559201\n|switch|p1a: Weezing|Weezing, L88, F|258/258\n|turn|6\n|inactive|Time left: 300 sec this turn | 300 sec total\n|\n|t:|1783559202\n|switch|p2a: Dachsbun|Dachsbun, L92, F|100/100\n|move|p1a: Weezing|Sludge Bomb|p2a: Dachsbun\n|-supereffective|p2a: Dachsbun\n|-damage|p2a: Dachsbun|30/100\n|\n|-heal|p2a: Dachsbun|36/100|[from] item: Leftovers\n|upkeep\n|turn|7\n|inactive|Time left: 300 sec this turn | 300 sec total\n|\n|t:|1783559203\n|move|p2a: Dachsbun|Protect|p2a: Dachsbun\n|-singleturn|p2a: Dachsbun|Protect\n|move|p1a: Weezing|Sludge Bomb|p2a: Dachsbun\n|-activate|p2a: Dachsbun|move: Protect\n|\n|-heal|p2a: Dachsbun|41/100|[from] item: Leftovers\n|upkeep\n|turn|8\n|inactive|Time left: 300 sec this turn | 300 sec total\n|\n|t:|1783559204\n|-terastallize|p2a: Dachsbun|Steel\n|move|p2a: Dachsbun|Wish|p2a: Dachsbun\n|move|p1a: Weezing|Sludge Bomb|p2a: Dachsbun\n|-immune|p2a: Dachsbun\n|\n|-heal|p2a: Dachsbun|47/100|[from] item: Leftovers\n|upkeep\n|turn|9\n|inactive|Time left: 300 sec this turn | 300 sec total\n|\n|t:|1783559205\n|move|p2a: Dachsbun|Play Rough|p1a: Weezing\n|-resisted|p1a: Weezing\n|-damage|p1a: Weezing|222/258\n|move|p1a: Weezing|Sludge Bomb|p2a: Dachsbun\n|-immune|p2a: Dachsbun\n|\n|-heal|p2a: Dachsbun|97/100|[from] move: Wish|[wisher] Dachsbun\n|-heal|p2a: Dachsbun|100/100|[from] item: Leftovers\n|-heal|p1a: Weezing|238/258|[from] item: Leftovers\n|upkeep\n|turn|10\n|inactive|Time left: 300 sec this turn | 300 sec total\n|\n|t:|1783559206\n|move|p2a: Dachsbun|Play Rough|p1a: Weezing\n|-resisted|p1a: Weezing\n|-damage|p1a: Weezing|200/258\n|move|p1a: Weezing|Sludge Bomb|p2a: Dachsbun\n|-immune|p2a: Dachsbun\n|\n|-heal|p1a: Weezing|216/258|[from] item: Leftovers\n|upkeep\n|turn|11\n|inactive|Time left: 300 sec this turn | 300 sec total\n|\n|t:|1783559207\n|move|p2a: Dachsbun|Body Press|p1a: Weezing\n|-resisted|p1a: Weezing\n|-crit|p1a: Weezing\n|-damage|p1a: Weezing|175/258\n|move|p1a: Weezing|Sludge Bomb|p2a: Dachsbun\n|-immune|p2a: Dachsbun\n|\n|-heal|p1a: Weezing|191/258|[from] item: Leftovers\n|upkeep\n|turn|12\n|inactive|Time left: 300 sec this turn | 300 sec total\n|\n|t:|1783559208\n|move|p2a: Dachsbun|Play Rough|p1a: Weezing\n|-resisted|p1a: Weezing\n|-damage|p1a: Weezing|155/258\n|move|p1a: Weezing|Pain Split|p2a: Dachsbun\n|-sethp|p2a: Dachsbun|81/100|[from] move: Pain Split|[silent]\n|-sethp|p1a: Weezing|204/258|[from] move: Pain Split\n|\n|-heal|p2a: Dachsbun|87/100|[from] item: Leftovers\n|-heal|p1a: Weezing|220/258|[from] item: Leftovers\n|upkeep\n|turn|13\n|inactive|Time left: 300 sec this turn | 300 sec total\n|\n|t:|1783559209\n|move|p2a: Dachsbun|Play Rough|p1a: Weezing\n|-resisted|p1a: Weezing\n|-damage|p1a: Weezing|181/258\n|move|p1a: Weezing|Pain Split|p2a: Dachsbun\n|-sethp|p2a: Dachsbun|79/100|[from] move: Pain Split|[silent]\n|-sethp|p1a: Weezing|200/258|[from] move: Pain Split\n|\n|-heal|p2a: Dachsbun|85/100|[from] item: Leftovers\n|-heal|p1a: Weezing|216/258|[from] item: Leftovers\n|upkeep\n|turn|14\n|inactive|Time left: 300 sec this turn | 300 sec total\n|\n|t:|1783559210\n|move|p2a: Dachsbun|Play Rough|p1a: Weezing\n|-resisted|p1a: Weezing\n|-damage|p1a: Weezing|180/258\n|move|p1a: Weezing|Sludge Bomb|p2a: Dachsbun\n|-immune|p2a: Dachsbun\n|\n|-heal|p2a: Dachsbun|91/100|[from] item: Leftovers\n|-heal|p1a: Weezing|196/258|[from] item: Leftovers\n|upkeep\n|turn|15\n|inactive|Time left: 300 sec this turn | 300 sec total\n|\n|t:|1783559211\n|move|p2a: Dachsbun|Play Rough|p1a: Weezing\n|-resisted|p1a: Weezing\n|-damage|p1a: Weezing|162/258\n|move|p1a: Weezing|Pain Split|p2a: Dachsbun\n|-sethp|p2a: Dachsbun|78/100|[from] move: Pain Split|[silent]\n|-sethp|p1a: Weezing|196/258|[from] move: Pain Split\n|\n|-heal|p2a: Dachsbun|84/100|[from] item: Leftovers\n|-heal|p1a: Weezing|212/258|[from] item: Leftovers\n|upkeep\n|turn|16\n|inactive|Time left: 300 sec this turn | 300 sec total\n|\n|t:|1783559212\n|move|p2a: Dachsbun|Play Rough|p1a: Weezing\n|-resisted|p1a: Weezing\n|-damage|p1a: Weezing|176/258\n|move|p1a: Weezing|Sludge Bomb|p2a: Dachsbun\n|-immune|p2a: Dachsbun\n|\n|-heal|p2a: Dachsbun|89/100|[from] item: Leftovers\n|-heal|p1a: Weezing|192/258|[from] item: Leftovers\n|upkeep\n|turn|17\n|inactive|Time left: 300 sec this turn | 300 sec total\n|\n|t:|1783559213\n|move|p2a: Dachsbun|Play Rough|p1a: Weezing\n|-resisted|p1a: Weezing\n|-damage|p1a: Weezing|153/258\n|move|p1a: Weezing|Pain Split|p2a: Dachsbun\n|-sethp|p2a: Dachsbun|75/100|[from] move: Pain Split|[silent]\n|-sethp|p1a: Weezing|189/258|[from] move: Pain Split\n|\n|-heal|p2a: Dachsbun|81/100|[from] item: Leftovers\n|-heal|p1a: Weezing|205/258|[from] item: Leftovers\n|upkeep\n|turn|18\n|inactive|Time left: 300 sec this turn | 300 sec total\n|\n|t:|1783559214\n|move|p2a: Dachsbun|Body Press|p1a: Weezing\n|-resisted|p1a: Weezing\n|-damage|p1a: Weezing|176/258\n|move|p1a: Weezing|Pain Split|p2a: Dachsbun\n|-sethp|p2a: Dachsbun|75/100|[from] move: Pain Split|[silent]\n|-sethp|p1a: Weezing|190/258|[from] move: Pain Split\n|\n|-heal|p2a: Dachsbun|81/100|[from] item: Leftovers\n|-heal|p1a: Weezing|206/258|[from] item: Leftovers\n|upkeep\n|turn|19\n|inactive|Time left: 300 sec this turn | 300 sec total\n|\n|t:|1783559215\n|move|p2a: Dachsbun|Body Press|p1a: Weezing\n|-resisted|p1a: Weezing\n|-damage|p1a: Weezing|175/258\n|move|p1a: Weezing|Pain Split|p2a: Dachsbun\n|-sethp|p2a: Dachsbun|75/100|[from] move: Pain Split|[silent]\n|-sethp|p1a: Weezing|190/258|[from] move: Pain Split\n|\n|-heal|p2a: Dachsbun|81/100|[from] item: Leftovers\n|-heal|p1a: Weezing|206/258|[from] item: Leftovers\n|upkeep\n|turn|20\n|inactive|Time left: 300 sec this turn | 300 sec total\n|\n|t:|1783559216\n|move|p2a: Dachsbun|Wish|p2a: Dachsbun\n|move|p1a: Weezing|Sludge Bomb|p2a: Dachsbun\n|-immune|p2a: Dachsbun\n|\n|-heal|p2a: Dachsbun|87/100|[from] item: Leftovers\n|-heal|p1a: Weezing|222/258|[from] item: Leftovers\n|upkeep\n|turn|21\n|inactive|Time left: 300 sec this turn | 300 sec total\n|\n|t:|1783559217\n|move|p2a: Dachsbun|Body Press|p1a: Weezing\n|-resisted|p1a: Weezing\n|-damage|p1a: Weezing|194/258\n|move|p1a: Weezing|Pain Split|p2a: Dachsbun\n|-sethp|p2a: Dachsbun|82/100|[from] move: Pain Split|[silent]\n|-sethp|p1a: Weezing|207/258|[from] move: Pain Split\n|\n|-heal|p2a: Dachsbun|100/100|[from] move: Wish|[wisher] Dachsbun\n|-heal|p1a: Weezing|223/258|[from] item: Leftovers\n|upkeep\n|turn|22\n|inactive|Time left: 300 sec this turn | 300 sec total\n|\n|t:|1783559218\n|move|p2a: Dachsbun|Body Press|p1a: Weezing\n|-resisted|p1a: Weezing\n|-damage|p1a: Weezing|194/258\n|move|p1a: Weezing|Sludge Bomb|p2a: Dachsbun\n|-immune|p2a: Dachsbun\n|\n|-heal|p1a: Weezing|210/258|[from] item: Leftovers\n|upkeep\n|turn|23\n|inactive|Time left: 300 sec this turn | 300 sec total\n|\n|t:|1783559219\n|move|p2a: Dachsbun|Play Rough|p1a: Weezing|[miss]\n|-miss|p2a: Dachsbun|p1a: Weezing\n|move|p1a: Weezing|Sludge Bomb|p2a: Dachsbun\n|-immune|p2a: Dachsbun\n|\n|-heal|p1a: Weezing|226/258|[from] item: Leftovers\n|upkeep\n|turn|24\n|inactive|Time left: 300 sec this turn | 300 sec total\n|\n|t:|1783559221\n|move|p2a: Dachsbun|Play Rough|p1a: Weezing\n|-resisted|p1a: Weezing\n|-damage|p1a: Weezing|187/258\n|move|p1a: Weezing|Sludge Bomb|p2a: Dachsbun\n|-immune|p2a: Dachsbun\n|\n|-heal|p1a: Weezing|203/258|[from] item: Leftovers\n|upkeep\n|turn|25\n|inactive|Time left: 300 sec this turn | 300 sec total\n|\n|t:|1783559222\n|move|p2a: Dachsbun|Play Rough|p1a: Weezing\n|-resisted|p1a: Weezing\n|-damage|p1a: Weezing|166/258\n|move|p1a: Weezing|Pain Split|p2a: Dachsbun\n|-sethp|p2a: Dachsbun|83/100|[from] move: Pain Split|[silent]\n|-sethp|p1a: Weezing|210/258|[from] move: Pain Split\n|\n|-heal|p2a: Dachsbun|89/100|[from] item: Leftovers\n|-heal|p1a: Weezing|226/258|[from] item: Leftovers\n|upkeep\n|turn|26\n|inactive|Time left: 300 sec this turn | 300 sec total\n|\n|t:|1783559223\n|move|p2a: Dachsbun|Play Rough|p1a: Weezing\n|-resisted|p1a: Weezing\n|-damage|p1a: Weezing|187/258\n|move|p1a: Weezing|Sludge Bomb|p2a: Dachsbun\n|-immune|p2a: Dachsbun\n|\n|-heal|p2a: Dachsbun|95/100|[from] item: Leftovers\n|-heal|p1a: Weezing|203/258|[from] item: Leftovers\n|upkeep\n|turn|27\n|inactive|Time left: 300 sec this turn | 300 sec total\n|\n|t:|1783559224\n|move|p2a: Dachsbun|Body Press|p1a: Weezing\n|-resisted|p1a: Weezing\n|-damage|p1a: Weezing|173/258\n|move|p1a: Weezing|Pain Split|p2a: Dachsbun\n|-sethp|p2a: Dachsbun|82/100|[from] move: Pain Split|[silent]\n|-sethp|p1a: Weezing|206/258|[from] move: Pain Split\n|\n|-heal|p2a: Dachsbun|88/100|[from] item: Leftovers\n|-heal|p1a: Weezing|222/258|[from] item: Leftovers\n|upkeep\n|turn|28\n|inactive|Time left: 300 sec this turn | 300 sec total\n|\n|t:|1783559225\n|move|p2a: Dachsbun|Play Rough|p1a: Weezing\n|-resisted|p1a: Weezing\n|-damage|p1a: Weezing|184/258\n|move|p1a: Weezing|Sludge Bomb|p2a: Dachsbun\n|-immune|p2a: Dachsbun\n|\n|-heal|p2a: Dachsbun|93/100|[from] item: Leftovers\n|-heal|p1a: Weezing|200/258|[from] item: Leftovers\n|upkeep\n|turn|29\n|inactive|Time left: 300 sec this turn | 300 sec total\n|\n|t:|1783559226\n|move|p2a: Dachsbun|Play Rough|p1a: Weezing|[miss]\n|-miss|p2a: Dachsbun|p1a: Weezing\n|move|p1a: Weezing|Pain Split|p2a: Dachsbun\n|-sethp|p2a: Dachsbun|86/100|[from] move: Pain Split|[silent]\n|-sethp|p1a: Weezing|218/258|[from] move: Pain Split\n|\n|-heal|p2a: Dachsbun|92/100|[from] item: Leftovers\n|-heal|p1a: Weezing|234/258|[from] item: Leftovers\n|upkeep\n|turn|30\n|inactive|Time left: 300 sec this turn | 300 sec total\n|\n|t:|1783559227\n|move|p2a: Dachsbun|Body Press|p1a: Weezing\n|-resisted|p1a: Weezing\n|-damage|p1a: Weezing|208/258\n|move|p1a: Weezing|Sludge Bomb|p2a: Dachsbun\n|-immune|p2a: Dachsbun\n|\n|-heal|p2a: Dachsbun|98/100|[from] item: Leftovers\n|-heal|p1a: Weezing|224/258|[from] item: Leftovers\n|upkeep\n|turn|31\n|inactive|Time left: 300 sec this turn | 300 sec total\n|\n|t:|1783559228\n|move|p2a: Dachsbun|Play Rough|p1a: Weezing\n|-resisted|p1a: Weezing\n|-damage|p1a: Weezing|188/258\n|move|p1a: Weezing|Sludge Bomb|p2a: Dachsbun\n|-immune|p2a: Dachsbun\n|\n|-heal|p2a: Dachsbun|100/100|[from] item: Leftovers\n|-heal|p1a: Weezing|204/258|[from] item: Leftovers\n|upkeep\n|turn|32\n|inactive|Time left: 300 sec this turn | 300 sec total\n|\n|t:|1783559229\n|move|p2a: Dachsbun|Play Rough|p1a: Weezing\n|-resisted|p1a: Weezing\n|-damage|p1a: Weezing|164/258\n|move|p1a: Weezing|Pain Split|p2a: Dachsbun\n|-sethp|p2a: Dachsbun|83/100|[from] move: Pain Split|[silent]\n|-sethp|p1a: Weezing|209/258|[from] move: Pain Split\n|\n|-heal|p2a: Dachsbun|89/100|[from] item: Leftovers\n|-heal|p1a: Weezing|225/258|[from] item: Leftovers\n|upkeep\n|turn|33\n|inactive|Time left: 300 sec this turn | 300 sec total\n|\n|t:|1783559230\n|switch|p1a: Flamigo|Flamigo, L82, M|269/269\n|move|p2a: Dachsbun|Body Press|p1a: Flamigo\n|-resisted|p1a: Flamigo\n|-damage|p1a: Flamigo|224/269\n|\n|-heal|p2a: Dachsbun|95/100|[from] item: Leftovers\n|upkeep\n|turn|34\n|inactive|Time left: 300 sec this turn | 300 sec total\n|\n|t:|1783559232\n|move|p2a: Dachsbun|Protect|p2a: Dachsbun\n|-singleturn|p2a: Dachsbun|Protect\n|move|p1a: Flamigo|Swords Dance|p1a: Flamigo\n|-boost|p1a: Flamigo|atk|2\n|\n|-heal|p2a: Dachsbun|100/100|[from] item: Leftovers\n|upkeep\n|turn|35\n|inactive|Time left: 300 sec this turn | 300 sec total\n|\n|t:|1783559233\n|switch|p2a: Ribombee|Ribombee, L83, M|59/100\n|move|p1a: Flamigo|Close Combat|p2a: Ribombee\n|-resisted|p2a: Ribombee\n|-damage|p2a: Ribombee|11/100\n|-unboost|p1a: Flamigo|def|1\n|-unboost|p1a: Flamigo|spd|1\n|-damage|p1a: Flamigo|198/269|[from] item: Life Orb\n|\n|upkeep\n|turn|36\n|inactive|Time left: 300 sec this turn | 300 sec total\n|\n|t:|1783559233\n|switch|p1a: Weezing|Weezing, L88, F|225/258\n|move|p2a: Ribombee|Moonblast|p1a: Weezing\n|-resisted|p1a: Weezing\n|-damage|p1a: Weezing|168/258\n|\n|-heal|p1a: Weezing|184/258|[from] item: Leftovers\n|upkeep\n|turn|37\n|inactive|Time left: 300 sec this turn | 300 sec total\n|\n|t:|1783559234\n|move|p2a: Ribombee|Moonblast|p1a: Weezing\n|-resisted|p1a: Weezing\n|-damage|p1a: Weezing|131/258\n|move|p1a: Weezing|Fire Blast|p2a: Ribombee\n|-supereffective|p2a: Ribombee\n|-damage|p2a: Ribombee|0 fnt\n|faint|p2a: Ribombee\n|\n|-heal|p1a: Weezing|147/258|[from] item: Leftovers\n|upkeep\n|\n|t:|1783559235\n|switch|p2a: Dachsbun|Dachsbun, L92, F, tera:Steel|100/100\n|turn|38\n|inactive|Time left: 300 sec this turn | 300 sec total\n|\n|t:|1783559236\n|move|p2a: Dachsbun|Body Press|p1a: Weezing\n|-resisted|p1a: Weezing\n|-damage|p1a: Weezing|118/258\n|move|p1a: Weezing|Pain Split|p2a: Dachsbun\n|-sethp|p2a: Dachsbun|74/100|[from] move: Pain Split|[silent]\n|-sethp|p1a: Weezing|186/258|[from] move: Pain Split\n|\n|-heal|p2a: Dachsbun|80/100|[from] item: Leftovers\n|-heal|p1a: Weezing|202/258|[from] item: Leftovers\n|upkeep\n|turn|39\n|inactive|Time left: 300 sec this turn | 300 sec total\n|\n|t:|1783559237\n|switch|p1a: Flamigo|Flamigo, L82, M|198/269\n|move|p2a: Dachsbun|Body Press|p1a: Flamigo\n|-resisted|p1a: Flamigo\n|-damage|p1a: Flamigo|155/269\n|\n|-heal|p2a: Dachsbun|86/100|[from] item: Leftovers\n|upkeep\n|turn|40\n|inactive|Time left: 300 sec this turn | 300 sec total\n|\n|t:|1783559238\n|move|p2a: Dachsbun|Protect|p2a: Dachsbun\n|-singleturn|p2a: Dachsbun|Protect\n|move|p1a: Flamigo|Roost|p1a: Flamigo\n|-heal|p1a: Flamigo|269/269\n|-singleturn|p1a: Flamigo|move: Roost\n|\n|-heal|p2a: Dachsbun|91/100|[from] item: Leftovers\n|upkeep\n|turn|41\n|inactive|Time left: 300 sec this turn | 300 sec total\n|\n|t:|1783559239\n|switch|p2a: Braviary|Braviary, L85, M|100/100\n|move|p1a: Flamigo|Swords Dance|p1a: Flamigo\n|-boost|p1a: Flamigo|atk|2\n|\n|upkeep\n|turn|42\n|inactive|Time left: 300 sec this turn | 300 sec total\n|\n|t:|1783559240\n|switch|p2a: Dugtrio|Dugtrio-Alola, L84, M|100/100\n|move|p1a: Flamigo|Close Combat|p2a: Dugtrio\n|-supereffective|p2a: Dugtrio\n|-damage|p2a: Dugtrio|0 fnt\n|-unboost|p1a: Flamigo|def|1\n|-unboost|p1a: Flamigo|spd|1\n|-ability|p2a: Dugtrio|Tangling Hair\n|-unboost|p1a: Flamigo|spe|1\n|faint|p2a: Dugtrio\n|-damage|p1a: Flamigo|243/269|[from] item: Life Orb\n|\n|upkeep\n|\n|t:|1783559241\n|switch|p2a: Braviary|Braviary, L85, M|100/100\n|turn|43\n|inactive|Time left: 300 sec this turn | 300 sec total\n|\n|t:|1783559242\n|switch|p1a: Weezing|Weezing, L88, F|202/258\n|move|p2a: Braviary|Brave Bird|p1a: Weezing\n|-crit|p1a: Weezing\n|-damage|p1a: Weezing|22/258\n|-damage|p2a: Braviary|81/100|[from] Recoil\n|\n|-heal|p1a: Weezing|38/258|[from] item: Leftovers\n|upkeep\n|turn|44\n|inactive|Time left: 300 sec this turn | 300 sec total\n|\n|t:|1783559243\n|switch|p1a: Perrserker|Perrserker, L89, M|269/269\n|-activate|p1a: Perrserker|move: Sticky Web\n|-unboost|p1a: Perrserker|spe|1\n|move|p2a: Braviary|Brave Bird|p1a: Perrserker\n|-resisted|p1a: Perrserker\n|-damage|p1a: Perrserker|197/269\n|-damage|p2a: Braviary|74/100|[from] Recoil\n|\n|upkeep\n|turn|45\n|inactive|Time left: 300 sec this turn | 300 sec total\n|\n|t:|1783559244\n|move|p2a: Braviary|Bulk Up|p2a: Braviary\n|-boost|p2a: Braviary|atk|1\n|-boost|p2a: Braviary|def|1\n|move|p1a: Perrserker|Close Combat|p2a: Braviary\n|-damage|p2a: Braviary|27/100\n|-unboost|p1a: Perrserker|def|1\n|-unboost|p1a: Perrserker|spd|1\n|-damage|p1a: Perrserker|171/269|[from] item: Life Orb\n|\n|upkeep\n|turn|46\n|inactive|Time left: 300 sec this turn | 300 sec total\n|\n|t:|1783559245\n|move|p2a: Braviary|Close Combat|p1a: Perrserker\n|-supereffective|p1a: Perrserker\n|-damage|p1a: Perrserker|0 fnt\n|-unboost|p2a: Braviary|def|1\n|-unboost|p2a: Braviary|spd|1\n|faint|p1a: Perrserker\n|\n|upkeep\n|inactive|Time left: 300 sec this turn | 300 sec total | 5 sec grace\n|\n|t:|1783559246\n|switch|p1a: Flamigo|Flamigo, L82, M|243/269\n|turn|47\n|inactive|Time left: 300 sec this turn | 300 sec total\n|\n|t:|1783559247\n|move|p1a: Flamigo|Brave Bird|p2a: Braviary\n|-damage|p2a: Braviary|0 fnt\n|faint|p2a: Braviary\n|-damage|p1a: Flamigo|216/269|[from] Recoil\n|-damage|p1a: Flamigo|190/269|[from] item: Life Orb\n|\n|upkeep\n|\n|t:|1783559248\n|switch|p2a: Scizor|Scizor, L79, F|100/100\n|turn|48\n|inactive|Time left: 300 sec this turn | 300 sec total\n|\n|t:|1783559249\n|move|p1a: Flamigo|Swords Dance|p1a: Flamigo\n|-boost|p1a: Flamigo|atk|2\n|move|p2a: Scizor|Swords Dance|p2a: Scizor\n|-boost|p2a: Scizor|atk|2\n|\n|upkeep\n|turn|49\n|inactive|Time left: 300 sec this turn | 300 sec total\n|\n|t:|1783559250\n|-terastallize|p1a: Flamigo|Steel\n|move|p2a: Scizor|Bullet Punch|p1a: Flamigo\n|-resisted|p1a: Flamigo\n|-damage|p1a: Flamigo|74/269\n|-damage|p2a: Scizor|90/100|[from] item: Life Orb\n|move|p1a: Flamigo|Roost|p1a: Flamigo\n|-heal|p1a: Flamigo|209/269\n|\n|upkeep\n|turn|50\n|inactive|Time left: 300 sec this turn | 300 sec total\n|\n|t:|1783559251\n|move|p2a: Scizor|Bullet Punch|p1a: Flamigo\n|-resisted|p1a: Flamigo\n|-damage|p1a: Flamigo|100/269\n|-damage|p2a: Scizor|80/100|[from] item: Life Orb\n|move|p1a: Flamigo|Close Combat|p2a: Scizor\n|-damage|p2a: Scizor|0 fnt\n|-unboost|p1a: Flamigo|def|1\n|-unboost|p1a: Flamigo|spd|1\n|faint|p2a: Scizor\n|-damage|p1a: Flamigo|74/269|[from] item: Life Orb\n|\n|upkeep\n|\n|t:|1783559252\n|switch|p2a: Dachsbun|Dachsbun, L92, F, tera:Steel|91/100\n|turn|51\n|inactive|Time left: 300 sec this turn | 300 sec total\n|\n|t:|1783559253\n|move|p2a: Dachsbun|Body Press|p1a: Flamigo\n|-supereffective|p1a: Flamigo\n|-damage|p1a: Flamigo|0 fnt\n|faint|p1a: Flamigo\n|\n|-heal|p2a: Dachsbun|97/100|[from] item: Leftovers\n|upkeep\n|inactive|Time left: 300 sec this turn | 300 sec total | 5 sec grace\n|\n|t:|1783559254\n|switch|p1a: Weezing|Weezing, L88, F|38/258\n|turn|52\n|inactive|Time left: 300 sec this turn | 300 sec total\n|\n|t:|1783559255\n|move|p2a: Dachsbun|Wish|p2a: Dachsbun\n|move|p1a: Weezing|Pain Split|p2a: Dachsbun\n|-sethp|p2a: Dachsbun|56/100|[from] move: Pain Split|[silent]\n|-sethp|p1a: Weezing|142/258|[from] move: Pain Split\n|\n|-heal|p2a: Dachsbun|62/100|[from] item: Leftovers\n|-heal|p1a: Weezing|158/258|[from] item: Leftovers\n|upkeep\n|turn|53\n|inactive|Time left: 300 sec this turn | 300 sec total\n|\n|t:|1783559255\n|move|p2a: Dachsbun|Body Press|p1a: Weezing\n|-resisted|p1a: Weezing\n|-damage|p1a: Weezing|127/258\n|move|p1a: Weezing|Pain Split|p2a: Dachsbun\n|-sethp|p2a: Dachsbun|56/100|[from] move: Pain Split|[silent]\n|-sethp|p1a: Weezing|142/258|[from] move: Pain Split\n|\n|-heal|p2a: Dachsbun|100/100|[from] move: Wish|[wisher] Dachsbun\n|-heal|p1a: Weezing|158/258|[from] item: Leftovers\n|upkeep\n|turn|54\n|inactive|Time left: 300 sec this turn | 300 sec total\n|\n|t:|1783559256\n|move|p2a: Dachsbun|Body Press|p1a: Weezing\n|-resisted|p1a: Weezing\n|-damage|p1a: Weezing|130/258\n|move|p1a: Weezing|Pain Split|p2a: Dachsbun\n|-sethp|p2a: Dachsbun|76/100|[from] move: Pain Split|[silent]\n|-sethp|p1a: Weezing|192/258|[from] move: Pain Split\n|\n|-heal|p2a: Dachsbun|82/100|[from] item: Leftovers\n|-heal|p1a: Weezing|208/258|[from] item: Leftovers\n|upkeep\n|turn|55\n|inactive|Time left: 300 sec this turn | 300 sec total\n|\n|t:|1783559258\n|move|p2a: Dachsbun|Body Press|p1a: Weezing\n|-resisted|p1a: Weezing\n|-damage|p1a: Weezing|178/258\n|move|p1a: Weezing|Pain Split|p2a: Dachsbun\n|-sethp|p2a: Dachsbun|76/100|[from] move: Pain Split|[silent]\n|-sethp|p1a: Weezing|192/258|[from] move: Pain Split\n|\n|-heal|p2a: Dachsbun|82/100|[from] item: Leftovers\n|-heal|p1a: Weezing|208/258|[from] item: Leftovers\n|upkeep\n|turn|56\n|inactive|Time left: 300 sec this turn | 300 sec total\n|\n|t:|1783559258\n|move|p2a: Dachsbun|Wish|p2a: Dachsbun\n|move|p1a: Weezing|Pain Split|p2a: Dachsbun\n|-sethp|p2a: Dachsbun|82/100|[from] move: Pain Split|[silent]\n|-sethp|p1a: Weezing|207/258|[from] move: Pain Split\n|\n|-heal|p2a: Dachsbun|88/100|[from] item: Leftovers\n|-heal|p1a: Weezing|223/258|[from] item: Leftovers\n|upkeep\n|turn|57\n|inactive|Time left: 300 sec this turn | 300 sec total\n|\n|t:|1783559259\n|move|p2a: Dachsbun|Body Press|p1a: Weezing\n|-resisted|p1a: Weezing\n|-crit|p1a: Weezing\n|-damage|p1a: Weezing|177/258\n|move|p1a: Weezing|Pain Split|p2a: Dachsbun\n|-sethp|p2a: Dachsbun|79/100|[from] move: Pain Split|[silent]\n|-sethp|p1a: Weezing|199/258|[from] move: Pain Split\n|\n|-heal|p2a: Dachsbun|100/100|[from] move: Wish|[wisher] Dachsbun\n|-heal|p1a: Weezing|215/258|[from] item: Leftovers\n|upkeep\n|turn|58\n|inactive|Time left: 300 sec this turn | 300 sec total\n|\n|t:|1783559260\n|move|p2a: Dachsbun|Wish|p2a: Dachsbun\n|move|p1a: Weezing|Pain Split|p2a: Dachsbun\n|-sethp|p2a: Dachsbun|93/100|[from] move: Pain Split|[silent]\n|-sethp|p1a: Weezing|234/258|[from] move: Pain Split\n|\n|-heal|p2a: Dachsbun|99/100|[from] item: Leftovers\n|-heal|p1a: Weezing|250/258|[from] item: Leftovers\n|upkeep\n|turn|59\n|inactive|Time left: 300 sec this turn | 300 sec total\n|\n|t:|1783559262\n|move|p2a: Dachsbun|Wish||[still]\n|-fail|p2a: Dachsbun\n|move|p1a: Weezing|Pain Split|p2a: Dachsbun\n|-sethp|p2a: Dachsbun|99/100|[from] move: Pain Split|[silent]\n|-sethp|p1a: Weezing|249/258|[from] move: Pain Split\n|\n|-heal|p2a: Dachsbun|100/100|[from] move: Wish|[wisher] Dachsbun\n|-heal|p1a: Weezing|258/258|[from] item: Leftovers\n|upkeep\n|turn|60\n|inactive|Time left: 300 sec this turn | 300 sec total\n|\n|t:|1783559263\n|move|p2a: Dachsbun|Body Press|p1a: Weezing\n|-resisted|p1a: Weezing\n|-damage|p1a: Weezing|228/258\n|move|p1a: Weezing|Pain Split|p2a: Dachsbun\n|-sethp|p2a: Dachsbun|95/100|[from] move: Pain Split|[silent]\n|-sethp|p1a: Weezing|241/258|[from] move: Pain Split\n|\n|-heal|p2a: Dachsbun|100/100|[from] item: Leftovers\n|-heal|p1a: Weezing|257/258|[from] item: Leftovers\n|upkeep\n|turn|61\n|inactive|Time left: 300 sec this turn | 300 sec total\n|\n|t:|1783559264\n|switch|p1a: Weavile|Weavile, L79, M|239/239\n|-activate|p1a: Weavile|move: Sticky Web\n|-unboost|p1a: Weavile|spe|1\n|move|p2a: Dachsbun|Protect||[still]\n|-fail|p2a: Dachsbun\n|\n|upkeep\n|turn|62\n|inactive|Time left: 300 sec this turn | 300 sec total\n|\n|t:|1783559265\n|move|p2a: Dachsbun|Protect|p2a: Dachsbun\n|-singleturn|p2a: Dachsbun|Protect\n|move|p1a: Weavile|Knock Off|p2a: Dachsbun\n|-activate|p2a: Dachsbun|move: Protect\n|\n|upkeep\n|turn|63\n|inactive|Time left: 300 sec this turn | 300 sec total\n|\n|t:|1783559266\n|move|p2a: Dachsbun|Wish|p2a: Dachsbun\n|move|p1a: Weavile|Knock Off|p2a: Dachsbun\n|-damage|p2a: Dachsbun|54/100\n|-enditem|p2a: Dachsbun|Leftovers|[from] move: Knock Off|[of] p1a: Weavile\n|\n|upkeep\n|turn|64\n|inactive|Time left: 300 sec this turn | 300 sec total\n|\n|t:|1783559267\n|move|p2a: Dachsbun|Wish||[still]\n|-fail|p2a: Dachsbun\n|move|p1a: Weavile|Knock Off|p2a: Dachsbun\n|-damage|p2a: Dachsbun|23/100\n|\n|-heal|p2a: Dachsbun|73/100|[from] move: Wish|[wisher] Dachsbun\n|upkeep\n|turn|65\n|inactive|Time left: 300 sec this turn | 300 sec total\n|\n|t:|1783559268\n|move|p2a: Dachsbun|Protect|p2a: Dachsbun\n|-singleturn|p2a: Dachsbun|Protect\n|move|p1a: Weavile|Knock Off|p2a: Dachsbun\n|-activate|p2a: Dachsbun|move: Protect\n|\n|upkeep\n|turn|66\n|inactive|Time left: 300 sec this turn | 300 sec total\n|\n|t:|1783559269\n|move|p2a: Dachsbun|Wish|p2a: Dachsbun\n|move|p1a: Weavile|Knock Off|p2a: Dachsbun\n|-damage|p2a: Dachsbun|39/100\n|\n|upkeep\n|turn|67\n|inactive|Time left: 300 sec this turn | 300 sec total\n|\n|t:|1783559270\n|move|p2a: Dachsbun|Protect|p2a: Dachsbun\n|-singleturn|p2a: Dachsbun|Protect\n|move|p1a: Weavile|Knock Off|p2a: Dachsbun\n|-activate|p2a: Dachsbun|move: Protect\n|\n|-heal|p2a: Dachsbun|89/100|[from] move: Wish|[wisher] Dachsbun\n|upkeep\n|turn|68\n|inactive|Time left: 300 sec this turn | 300 sec total\n|\n|t:|1783559270\n|move|p2a: Dachsbun|Wish|p2a: Dachsbun\n|move|p1a: Weavile|Knock Off|p2a: Dachsbun\n|-damage|p2a: Dachsbun|54/100\n|\n|upkeep\n|turn|69\n|inactive|Time left: 300 sec this turn | 300 sec total\n|\n|t:|1783559272\n|move|p2a: Dachsbun|Wish||[still]\n|-fail|p2a: Dachsbun\n|move|p1a: Weavile|Knock Off|p2a: Dachsbun\n|-damage|p2a: Dachsbun|22/100\n|\n|-heal|p2a: Dachsbun|72/100|[from] move: Wish|[wisher] Dachsbun\n|upkeep\n|turn|70\n|inactive|Time left: 300 sec this turn | 300 sec total\n|\n|t:|1783559273\n|move|p2a: Dachsbun|Protect|p2a: Dachsbun\n|-singleturn|p2a: Dachsbun|Protect\n|move|p1a: Weavile|Knock Off|p2a: Dachsbun\n|-activate|p2a: Dachsbun|move: Protect\n|\n|upkeep\n|turn|71\n|inactive|Time left: 300 sec this turn | 300 sec total\n|\n|t:|1783559274\n|move|p2a: Dachsbun|Wish|p2a: Dachsbun\n|move|p1a: Weavile|Knock Off|p2a: Dachsbun\n|-damage|p2a: Dachsbun|40/100\n|\n|upkeep\n|turn|72\n|inactive|Time left: 300 sec this turn | 300 sec total\n|\n|t:|1783559275\n|move|p2a: Dachsbun|Protect|p2a: Dachsbun\n|-singleturn|p2a: Dachsbun|Protect\n|move|p1a: Weavile|Knock Off|p2a: Dachsbun\n|-activate|p2a: Dachsbun|move: Protect\n|\n|-heal|p2a: Dachsbun|90/100|[from] move: Wish|[wisher] Dachsbun\n|upkeep\n|turn|73\n|inactive|Time left: 300 sec this turn | 300 sec total\n|\n|t:|1783559276\n|move|p2a: Dachsbun|Wish|p2a: Dachsbun\n|move|p1a: Weavile|Knock Off|p2a: Dachsbun\n|-damage|p2a: Dachsbun|61/100\n|\n|upkeep\n|turn|74\n|inactive|Time left: 300 sec this turn | 300 sec total\n|\n|t:|1783559277\n|move|p2a: Dachsbun|Wish||[still]\n|-fail|p2a: Dachsbun\n|move|p1a: Weavile|Knock Off|p2a: Dachsbun\n|-damage|p2a: Dachsbun|28/100\n|\n|-heal|p2a: Dachsbun|78/100|[from] move: Wish|[wisher] Dachsbun\n|upkeep\n|turn|75\n|inactive|Time left: 300 sec this turn | 300 sec total\n|\n|t:|1783559278\n|move|p2a: Dachsbun|Wish|p2a: Dachsbun\n|move|p1a: Weavile|Knock Off|p2a: Dachsbun\n|-damage|p2a: Dachsbun|48/100\n|\n|upkeep\n|turn|76\n|inactive|Time left: 300 sec this turn | 300 sec total\n|\n|t:|1783559279\n|move|p2a: Dachsbun|Protect|p2a: Dachsbun\n|-singleturn|p2a: Dachsbun|Protect\n|move|p1a: Weavile|Knock Off|p2a: Dachsbun\n|-activate|p2a: Dachsbun|move: Protect\n|\n|-heal|p2a: Dachsbun|98/100|[from] move: Wish|[wisher] Dachsbun\n|upkeep\n|turn|77\n|inactive|Time left: 300 sec this turn | 300 sec total\n|\n|t:|1783559280\n|move|p2a: Dachsbun|Wish|p2a: Dachsbun\n|move|p1a: Weavile|Knock Off|p2a: Dachsbun\n|-damage|p2a: Dachsbun|68/100\n|\n|upkeep\n|turn|78\n|inactive|Time left: 300 sec this turn | 300 sec total\n|\n|t:|1783559281\n|move|p2a: Dachsbun|Protect|p2a: Dachsbun\n|-singleturn|p2a: Dachsbun|Protect\n|move|p1a: Weavile|Knock Off|p2a: Dachsbun\n|-activate|p2a: Dachsbun|move: Protect\n|\n|-heal|p2a: Dachsbun|100/100|[from] move: Wish|[wisher] Dachsbun\n|upkeep\n|turn|79\n|inactive|Time left: 300 sec this turn | 300 sec total\n|\n|t:|1783559282\n|move|p2a: Dachsbun|Protect||[still]\n|-fail|p2a: Dachsbun\n|move|p1a: Weavile|Knock Off|p2a: Dachsbun\n|-crit|p2a: Dachsbun\n|-damage|p2a: Dachsbun|49/100\n|\n|upkeep\n|turn|80\n|inactive|Time left: 300 sec this turn | 300 sec total\n|\n|t:|1783559283\n|move|p2a: Dachsbun|Protect|p2a: Dachsbun\n|-singleturn|p2a: Dachsbun|Protect\n|move|p1a: Weavile|Knock Off|p2a: Dachsbun\n|-activate|p2a: Dachsbun|move: Protect\n|\n|upkeep\n|turn|81\n|inactive|Time left: 300 sec this turn | 300 sec total\n|\n|t:|1783559284\n|move|p2a: Dachsbun|Protect||[still]\n|-fail|p2a: Dachsbun\n|move|p1a: Weavile|Knock Off|p2a: Dachsbun\n|-damage|p2a: Dachsbun|19/100\n|\n|upkeep\n|turn|82\n|inactive|Time left: 300 sec this turn | 300 sec total\n|\n|t:|1783559285\n|move|p2a: Dachsbun|Protect|p2a: Dachsbun\n|-singleturn|p2a: Dachsbun|Protect\n|move|p1a: Weavile|Knock Off|p2a: Dachsbun\n|-activate|p2a: Dachsbun|move: Protect\n|\n|upkeep\n|turn|83\n|inactive|Time left: 300 sec this turn | 300 sec total\n|\n|t:|1783559286\n|move|p2a: Dachsbun|Protect|p2a: Dachsbun\n|-singleturn|p2a: Dachsbun|Protect\n|move|p1a: Weavile|Knock Off|p2a: Dachsbun\n|-activate|p2a: Dachsbun|move: Protect\n|\n|upkeep\n|turn|84\n|inactive|Time left: 300 sec this turn | 300 sec total\n|\n|t:|1783559287\n|-activate|p2a: Dachsbun|move: Struggle\n|move|p2a: Dachsbun|Struggle|p1a: Weavile\n|-damage|p1a: Weavile|190/239\n|-damage|p2a: Dachsbun|0 fnt|[from] recoil\n|faint|p2a: Dachsbun\n|\n|win|p0x1726cb3c", "uploadtime": 1783559287, "views": 0, "rating": 0, "private": 0, "password": null, "_winner": "p0x1726cb3c", "_our_name": "p0x1726cb3c"}