{"id": "battle-gen9randombattle-2430", "formatid": "gen9randombattle", "format": "[Gen 9] Random Battle", "players": ["p0x243010c4", "p0y243085d0"], "log": "|init|battle\n|title|p0x243010c4 vs. p0y243085d0\n|j|\u2606p0x243010c4\n|j|\u2606p0y243085d0\n|t:|1783568202\n|gametype|singles\n|player|p1|p0x243010c4|169|\n|player|p2|p0y243085d0|2|\n|gen|9\n|tier|[Gen 9] Random Battle\n|rule|Species Clause: Limit one of each Pok\u00e9mon\n|rule|HP Percentage Mod: HP is shown in percentages\n|rule|Sleep Clause Mod: Limit one foe put to sleep\n|rule|Illusion Level Mod: Illusion disguises the Pok\u00e9mon's true level\n|\n|t:|1783568202\n|teamsize|p1|6\n|teamsize|p2|6\n|start\n|switch|p1a: Noivern|Noivern, L82, M|274/274\n|switch|p2a: Noivern|Noivern, L82, M|100/100\n|turn|1\n|inactive|Battle timer is ON: inactive players will automatically lose when time's up. (requested by p0y243085d0)\n|inactive|Time left: 300 sec this turn | 300 sec total | 60 sec grace\n|inactive|p0x243010c4 also wants the timer to be on.\n|\n|t:|1783568203\n|move|p1a: Noivern|Draco Meteor|p2a: Noivern\n|-supereffective|p2a: Noivern\n|-damage|p2a: Noivern|0 fnt\n|-unboost|p1a: Noivern|spa|2\n|faint|p2a: Noivern\n|\n|upkeep\n|\n|t:|1783568204\n|switch|p2a: Crabominable|Crabominable, L90, F|100/100\n|turn|2\n|inactive|Time left: 300 sec this turn | 300 sec total\n|\n|t:|1783568205\n|move|p1a: Noivern|Draco Meteor|p2a: Crabominable\n|-damage|p2a: Crabominable|79/100\n|-unboost|p1a: Noivern|spa|2\n|move|p2a: Crabominable|Knock Off|p1a: Noivern\n|-damage|p1a: Noivern|164/274\n|-enditem|p1a: Noivern|Choice Specs|[from] move: Knock Off|[of] p2a: Crabominable\n|\n|upkeep\n|turn|3\n|inactive|Time left: 300 sec this turn | 300 sec total\n|\n|t:|1783568206\n|switch|p1a: Kommo-o|Kommo-o, L77, M|242/242\n|move|p2a: Crabominable|Drain Punch|p1a: Kommo-o\n|-damage|p1a: Kommo-o|115/242\n|-heal|p2a: Crabominable|99/100|[from] drain|[of] p1a: Kommo-o\n|\n|upkeep\n|turn|4\n|inactive|Time left: 300 sec this turn | 300 sec total\n|\n|t:|1783568206\n|move|p1a: Kommo-o|Close Combat|p2a: Crabominable\n|-supereffective|p2a: Crabominable\n|-damage|p2a: Crabominable|20/100\n|-unboost|p1a: Kommo-o|def|1\n|-unboost|p1a: Kommo-o|spd|1\n|move|p2a: Crabominable|Drain Punch|p1a: Kommo-o\n|-damage|p1a: Kommo-o|0 fnt\n|-heal|p2a: Crabominable|38/100|[from] drain|[of] p1a: Kommo-o\n|faint|p1a: Kommo-o\n|\n|upkeep\n|inactive|Time left: 300 sec this turn | 300 sec total | 5 sec grace\n|\n|t:|1783568207\n|switch|p1a: Lokix|Lokix, L82, F|251/251\n|turn|5\n|inactive|Time left: 300 sec this turn | 300 sec total\n|\n|t:|1783568208\n|switch|p2a: Grimmsnarl|Grimmsnarl, L83, M|100/100\n|move|p1a: Lokix|Knock Off|p2a: Grimmsnarl\n|-resisted|p2a: Grimmsnarl\n|-damage|p2a: Grimmsnarl|75/100\n|-enditem|p2a: Grimmsnarl|Leftovers|[from] move: Knock Off|[of] p1a: Lokix\n|-damage|p1a: Lokix|226/251|[from] item: Life Orb\n|\n|upkeep\n|turn|6\n|inactive|Time left: 300 sec this turn | 300 sec total\n|\n|t:|1783568209\n|switch|p1a: Lurantis|Lurantis, L87, M|264/264\n|move|p2a: Grimmsnarl|Spirit Break|p1a: Lurantis\n|-damage|p1a: Lurantis|182/264\n|-boost|p1a: Lurantis|spa|1\n|\n|upkeep\n|turn|7\n|inactive|Time left: 300 sec this turn | 300 sec total\n|\n|t:|1783568210\n|move|p2a: Grimmsnarl|Thunder Wave|p1a: Lurantis\n|-status|p1a: Lurantis|par\n|cant|p1a: Lurantis|par\n|\n|upkeep\n|turn|8\n|inactive|Time left: 300 sec this turn | 300 sec total\n|\n|t:|1783568211\n|move|p2a: Grimmsnarl|Spirit Break|p1a: Lurantis\n|-damage|p1a: Lurantis|95/264 par\n|-boost|p1a: Lurantis|spa|1\n|move|p1a: Lurantis|Leaf Storm|p2a: Grimmsnarl\n|-damage|p2a: Grimmsnarl|0 fnt\n|-boost|p1a: Lurantis|spa|2\n|faint|p2a: Grimmsnarl\n|\n|upkeep\n|\n|t:|1783568212\n|switch|p2a: Crabominable|Crabominable, L90, F|38/100\n|turn|9\n|inactive|Time left: 300 sec this turn | 300 sec total\n|\n|t:|1783568213\n|move|p2a: Crabominable|Drain Punch|p1a: Lurantis\n|-damage|p1a: Lurantis|0 fnt\n|-heal|p2a: Crabominable|53/100|[from] drain|[of] p1a: Lurantis\n|faint|p1a: Lurantis\n|\n|upkeep\n|inactive|Time left: 300 sec this turn | 300 sec total | 5 sec grace\n|\n|t:|1783568214\n|switch|p1a: Noivern|Noivern, L82, M|164/274\n|turn|10\n|inactive|Time left: 300 sec this turn | 300 sec total\n|\n|t:|1783568215\n|move|p1a: Noivern|Hurricane|p2a: Crabominable\n|-supereffective|p2a: Crabominable\n|-damage|p2a: Crabominable|0 fnt\n|faint|p2a: Crabominable\n|\n|upkeep\n|\n|t:|1783568216\n|switch|p2a: Cinccino|Cinccino, L83, F|100/100\n|turn|11\n|inactive|Time left: 300 sec this turn | 300 sec total\n|\n|t:|1783568217\n|move|p1a: Noivern|Boomburst|p2a: Cinccino\n|-damage|p2a: Cinccino|51/100\n|move|p2a: Cinccino|Tail Slap|p1a: Noivern\n|-damage|p1a: Noivern|125/274\n|-damage|p1a: Noivern|83/274\n|-damage|p1a: Noivern|44/274\n|-damage|p1a: Noivern|2/274\n|-hitcount|p1a: Noivern|4\n|\n|upkeep\n|turn|12\n|inactive|Time left: 300 sec this turn | 300 sec total\n|\n|t:|1783568218\n|switch|p2a: Serperior|Serperior, L79, F|100/100\n|move|p1a: Noivern|Hurricane|p2a: Serperior\n|-supereffective|p2a: Serperior\n|-damage|p2a: Serperior|6/100\n|\n|-heal|p2a: Serperior|12/100|[from] item: Leftovers\n|upkeep\n|turn|13\n|inactive|Time left: 300 sec this turn | 300 sec total\n|\n|t:|1783568219\n|move|p1a: Noivern|Flamethrower|p2a: Serperior\n|-supereffective|p2a: Serperior\n|-crit|p2a: Serperior\n|-damage|p2a: Serperior|0 fnt\n|faint|p2a: Serperior\n|\n|upkeep\n|\n|t:|1783568220\n|switch|p2a: Ogerpon|Ogerpon, L80, F|100/100\n|turn|14\n|inactive|Time left: 300 sec this turn | 300 sec total\n|\n|t:|1783568221\n|move|p1a: Noivern|Hurricane|p2a: Ogerpon\n|-supereffective|p2a: Ogerpon\n|-damage|p2a: Ogerpon|14/100\n|move|p2a: Ogerpon|Knock Off|p1a: Noivern\n|-damage|p1a: Noivern|0 fnt\n|faint|p1a: Noivern\n|\n|upkeep\n|inactive|Time left: 300 sec this turn | 300 sec total | 5 sec grace\n|\n|t:|1783568222\n|switch|p1a: Lokix|Lokix, L82, F|226/251\n|turn|15\n|inactive|Time left: 300 sec this turn | 300 sec total\n|\n|t:|1783568223\n|-terastallize|p1a: Lokix|Bug\n|move|p1a: Lokix|First Impression|p2a: Ogerpon\n|-supereffective|p2a: Ogerpon\n|-damage|p2a: Ogerpon|0 fnt\n|faint|p2a: Ogerpon\n|-damage|p1a: Lokix|201/251|[from] item: Life Orb\n|\n|upkeep\n|\n|t:|1783568224\n|switch|p2a: Cinccino|Cinccino, L83, F|51/100\n|turn|16\n|inactive|Time left: 300 sec this turn | 300 sec total\n|\n|t:|1783568225\n|-terastallize|p2a: Cinccino|Ice\n|move|p2a: Cinccino|Triple Axel|p1a: Lokix\n|-damage|p1a: Lokix|164/251\n|-damage|p1a: Lokix|97/251\n|-damage|p1a: Lokix|0 fnt\n|faint|p1a: Lokix\n|-hitcount|p1: Lokix|3\n|\n|upkeep\n|inactive|Time left: 300 sec this turn | 300 sec total | 5 sec grace\n|\n|t:|1783568226\n|switch|p1a: Cloyster|Cloyster, L80, M|211/211\n|turn|17\n|inactive|Time left: 300 sec this turn | 300 sec total\n|\n|t:|1783568227\n|move|p2a: Cinccino|Tail Slap|p1a: Cloyster\n|-damage|p1a: Cloyster|186/211\n|-damage|p1a: Cloyster|164/211\n|-damage|p1a: Cloyster|140/211\n|-damage|p1a: Cloyster|119/211\n|-damage|p1a: Cloyster|97/211\n|-hitcount|p1a: Cloyster|5\n|move|p1a: Cloyster|Shell Smash|p1a: Cloyster\n|-unboost|p1a: Cloyster|def|1\n|-unboost|p1a: Cloyster|spd|1\n|-boost|p1a: Cloyster|atk|2\n|-boost|p1a: Cloyster|spa|2\n|-boost|p1a: Cloyster|spe|2\n|-enditem|p1a: Cloyster|White Herb\n|-clearnegativeboost|p1a: Cloyster|[silent]\n|\n|upkeep\n|turn|18\n|inactive|Time left: 300 sec this turn | 300 sec total\n|\n|t:|1783568228\n|move|p1a: Cloyster|Icicle Spear|p2a: Cinccino\n|-resisted|p2a: Cinccino\n|-damage|p2a: Cinccino|39/100\n|-resisted|p2a: Cinccino\n|-damage|p2a: Cinccino|26/100\n|-resisted|p2a: Cinccino\n|-damage|p2a: Cinccino|14/100\n|-resisted|p2a: Cinccino\n|-damage|p2a: Cinccino|2/100\n|-resisted|p2a: Cinccino\n|-damage|p2a: Cinccino|0 fnt\n|faint|p2a: Cinccino\n|-hitcount|p2: Cinccino|5\n|\n|win|p0x243010c4", "uploadtime": 1783568228, "views": 0, "rating": 0, "private": 0, "password": null, "_winner": "p0x243010c4", "_our_name": "p0x243010c4"}