{"id": "battle-gen9randombattle-1780", "formatid": "gen9randombattle", "format": "[Gen 9] Random Battle", "players": ["p0x1780151a", "p0y1780c542"], "log": "|init|battle\n|title|p0x1780151a vs. p0y1780c542\n|j|\u2606p0x1780151a\n|j|\u2606p0y1780c542\n|t:|1783560628\n|gametype|singles\n|player|p1|p0x1780151a|1|\n|player|p2|p0y1780c542|266|\n|gen|9\n|tier|[Gen 9] Random Battle\n|rule|Species Clause: Limit one of each Pok\u00e9mon\n|rule|HP Percentage Mod: HP is shown in percentages\n|rule|Sleep Clause Mod: Limit one foe put to sleep\n|rule|Illusion Level Mod: Illusion disguises the Pok\u00e9mon's true level\n|\n|t:|1783560628\n|teamsize|p1|6\n|teamsize|p2|6\n|start\n|switch|p1a: Espeon|Espeon, L84, F|100/100\n|switch|p2a: Oranguru|Oranguru, L92, M|315/315\n|turn|1\n|inactive|Battle timer is ON: inactive players will automatically lose when time's up. (requested by p0y1780c542)\n|inactive|p0x1780151a also wants the timer to be on.\n|\n|t:|1783560630\n|move|p1a: Espeon|Psyshock|p2a: Oranguru\n|-resisted|p2a: Oranguru\n|-damage|p2a: Oranguru|253/315\n|-damage|p1a: Espeon|91/100|[from] item: Life Orb\n|move|p2a: Oranguru|Nasty Plot|p2a: Oranguru\n|-boost|p2a: Oranguru|spa|2\n|\n|upkeep\n|turn|2\n|inactive|Time left: 300 sec this turn | 300 sec total\n|\n|t:|1783560631\n|switch|p1a: Iron Crown|Iron Crown, L78|100/100\n|move|p2a: Oranguru|Hyper Voice|p1a: Iron Crown\n|-resisted|p1a: Iron Crown\n|-damage|p1a: Iron Crown|56/100\n|-damage|p2a: Oranguru|222/315|[from] item: Life Orb\n|\n|upkeep\n|turn|3\n|inactive|Time left: 300 sec this turn | 300 sec total\n|\n|t:|1783560632\n|move|p1a: Iron Crown|Tachyon Cutter|p2a: Oranguru\n|-damage|p2a: Oranguru|155/315\n|-damage|p2a: Oranguru|92/315\n|-hitcount|p2a: Oranguru|2\n|move|p2a: Oranguru|Thunderbolt|p1a: Iron Crown\n|-damage|p1a: Iron Crown|0 fnt\n|faint|p1a: Iron Crown\n|-end|p1a: Iron Crown|Quark Drive|[silent]\n|-damage|p2a: Oranguru|61/315|[from] item: Life Orb\n|\n|upkeep\n|\n|t:|1783560632\n|switch|p1a: Groudon|Groudon, L72|100/100\n|-weather|SunnyDay|[from] ability: Drought|[of] p1a: Groudon\n|turn|4\n|inactive|Time left: 300 sec this turn | 300 sec total\n|\n|t:|1783560633\n|switch|p2a: Exeggutor|Exeggutor-Alola, L89, M|314/314\n|move|p1a: Groudon|Heat Crash|p2a: Exeggutor\n|-damage|p2a: Exeggutor|250/314\n|\n|-weather|SunnyDay|[upkeep]\n|upkeep\n|turn|5\n|inactive|Time left: 300 sec this turn | 300 sec total\n|\n|t:|1783560634\n|-terastallize|p1a: Groudon|Fire\n|move|p1a: Groudon|Swords Dance|p1a: Groudon\n|-boost|p1a: Groudon|atk|2\n|move|p2a: Exeggutor|Giga Drain|p1a: Groudon\n|-resisted|p1a: Groudon\n|-damage|p1a: Groudon|78/100\n|-heal|p2a: Exeggutor|280/314|[from] drain|[of] p1a: Groudon\n|\n|-weather|SunnyDay|[upkeep]\n|-heal|p1a: Groudon|84/100|[from] item: Leftovers\n|upkeep\n|turn|6\n|inactive|Time left: 300 sec this turn | 300 sec total\n|\n|t:|1783560635\n|move|p1a: Groudon|Heat Crash|p2a: Exeggutor\n|-damage|p2a: Exeggutor|100/314\n|-enditem|p2a: Exeggutor|Sitrus Berry|[eat]\n|-heal|p2a: Exeggutor|178/314|[from] item: Sitrus Berry\n|move|p2a: Exeggutor|Dragon Pulse|p1a: Groudon\n|-damage|p1a: Groudon|30/100\n|\n|-weather|SunnyDay|[upkeep]\n|-heal|p1a: Groudon|36/100|[from] item: Leftovers\n|-item|p2a: Exeggutor|Sitrus Berry|[from] ability: Harvest\n|upkeep\n|turn|7\n|inactive|Time left: 300 sec this turn | 300 sec total\n|\n|t:|1783560636\n|move|p1a: Groudon|Heat Crash|p2a: Exeggutor\n|-damage|p2a: Exeggutor|0 fnt\n|faint|p2a: Exeggutor\n|\n|-weather|SunnyDay|[upkeep]\n|-heal|p1a: Groudon|42/100|[from] item: Leftovers\n|upkeep\n|inactive|Time left: 300 sec this turn | 300 sec total | 5 sec grace\n|\n|t:|1783560637\n|switch|p2a: Indeedee|Indeedee, L84, M|238/238\n|-fieldstart|move: Psychic Terrain|[from] ability: Psychic Surge|[of] p2a: Indeedee\n|turn|8\n|inactive|Time left: 300 sec this turn | 300 sec total\n|\n|t:|1783560638\n|switch|p1a: Corviknight|Corviknight, L80, F|100/100\n|move|p2a: Indeedee|Expanding Force|p1a: Corviknight\n|-resisted|p1a: Corviknight\n|-damage|p1a: Corviknight|59/100\n|-damage|p2a: Indeedee|215/238|[from] item: Life Orb\n|\n|-weather|none\n|-heal|p1a: Corviknight|65/100|[from] item: Leftovers\n|upkeep\n|turn|9\n|inactive|Time left: 300 sec this turn | 300 sec total\n|\n|t:|1783560639\n|move|p2a: Indeedee|Calm Mind|p2a: Indeedee\n|-boost|p2a: Indeedee|spa|1\n|-boost|p2a: Indeedee|spd|1\n|move|p1a: Corviknight|U-turn|p2a: Indeedee\n|-supereffective|p2a: Indeedee\n|-damage|p2a: Indeedee|87/238\n|\n|t:|1783560640\n|switch|p1a: Espeon|Espeon, L84, F|91/100|[from] U-turn\n|\n|upkeep\n|turn|10\n|inactive|Time left: 300 sec this turn | 300 sec total\n|\n|t:|1783560641\n|switch|p2a: Qwilfish|Qwilfish-Hisui, L83, M|244/244\n|-ability|p2a: Qwilfish|Intimidate|boost\n|-unboost|p1a: Espeon|atk|1\n|move|p1a: Espeon|Psyshock|p2a: Qwilfish\n|-immune|p2a: Qwilfish\n|\n|upkeep\n|turn|11\n|inactive|Time left: 300 sec this turn | 300 sec total\n|\n|t:|1783560642\n|switch|p1a: Corviknight|Corviknight, L80, F|65/100\n|move|p2a: Qwilfish|Crunch|p1a: Corviknight\n|-damage|p1a: Corviknight|41/100\n|\n|-heal|p1a: Corviknight|47/100|[from] item: Leftovers\n|upkeep\n|turn|12\n|inactive|Time left: 300 sec this turn | 300 sec total\n|\n|t:|1783560643\n|move|p2a: Qwilfish|Crunch|p1a: Corviknight\n|-damage|p1a: Corviknight|20/100\n|move|p1a: Corviknight|Roost|p1a: Corviknight\n|-heal|p1a: Corviknight|70/100\n|-singleturn|p1a: Corviknight|move: Roost\n|\n|-heal|p1a: Corviknight|76/100|[from] item: Leftovers\n|-fieldend|move: Psychic Terrain\n|upkeep\n|turn|13\n|inactive|Time left: 300 sec this turn | 300 sec total\n|\n|t:|1783560644\n|switch|p2a: Eiscue|Eiscue, L88, M|274/274\n|move|p1a: Corviknight|Brave Bird|p2a: Eiscue\n|-activate|p2a: Eiscue|ability: Ice Face\n|-damage|p2a: Eiscue|274/274\n|detailschange|p2a: Eiscue|Eiscue-Noice, L88, M\n|\n|-heal|p1a: Corviknight|82/100|[from] item: Leftovers\n|upkeep\n|turn|14\n|inactive|Time left: 300 sec this turn | 300 sec total\n|\n|t:|1783560645\n|switch|p1a: Groudon|Groudon, L72, tera:Fire|42/100\n|-weather|SunnyDay|[from] ability: Drought|[of] p1a: Groudon\n|move|p2a: Eiscue|Belly Drum|p2a: Eiscue\n|-damage|p2a: Eiscue|137/274\n|-setboost|p2a: Eiscue|atk|6|[from] move: Belly Drum\n|-enditem|p2a: Eiscue|Sitrus Berry|[eat]\n|-heal|p2a: Eiscue|205/274|[from] item: Sitrus Berry\n|\n|-weather|SunnyDay|[upkeep]\n|-heal|p1a: Groudon|48/100|[from] item: Leftovers\n|upkeep\n|turn|15\n|inactive|Time left: 300 sec this turn | 300 sec total\n|\n|t:|1783560646\n|move|p2a: Eiscue|Liquidation|p1a: Groudon\n|-supereffective|p1a: Groudon\n|-damage|p1a: Groudon|0 fnt\n|faint|p1a: Groudon\n|\n|-weather|SunnyDay|[upkeep]\n|upkeep\n|\n|t:|1783560647\n|switch|p1a: Bellibolt|Bellibolt, L84, M|100/100\n|turn|16\n|inactive|Time left: 300 sec this turn | 300 sec total\n|\n|t:|1783560648\n|move|p2a: Eiscue|Ice Spinner|p1a: Bellibolt\n|-crit|p1a: Bellibolt\n|-damage|p1a: Bellibolt|0 fnt\n|faint|p1a: Bellibolt\n|\n|-weather|SunnyDay|[upkeep]\n|upkeep\n|\n|t:|1783560649\n|switch|p1a: Espeon|Espeon, L84, F|91/100\n|turn|17\n|inactive|Time left: 300 sec this turn | 300 sec total\n|\n|t:|1783560649\n|move|p2a: Eiscue|Ice Spinner|p1a: Espeon\n|-damage|p1a: Espeon|0 fnt\n|faint|p1a: Espeon\n|\n|-weather|SunnyDay|[upkeep]\n|upkeep\n|\n|t:|1783560650\n|switch|p1a: Corviknight|Corviknight, L80, F|82/100\n|turn|18\n|inactive|Time left: 300 sec this turn | 300 sec total\n|\n|t:|1783560651\n|move|p2a: Eiscue|Ice Spinner|p1a: Corviknight\n|-damage|p1a: Corviknight|0 fnt\n|faint|p1a: Corviknight\n|\n|-weather|none\n|upkeep\n|\n|t:|1783560652\n|switch|p1a: Cacturne|Cacturne, L92, F|100/100\n|turn|19\n|inactive|Time left: 300 sec this turn | 300 sec total\n|\n|t:|1783560652\n|-terastallize|p2a: Eiscue|Water\n|move|p1a: Cacturne|Sucker Punch|p2a: Eiscue\n|-damage|p2a: Eiscue|63/274\n|-damage|p1a: Cacturne|91/100|[from] item: Life Orb\n|move|p2a: Eiscue|Ice Spinner|p1a: Cacturne\n|-supereffective|p1a: Cacturne\n|-damage|p1a: Cacturne|0 fnt\n|faint|p1a: Cacturne\n|\n|win|p0y1780c542", "uploadtime": 1783560652, "views": 0, "rating": 0, "private": 0, "password": null, "_winner": "p0y1780c542", "_our_name": "p0y1780c542"}