{"id": "battle-gen9randombattle-166", "formatid": "gen9randombattle", "format": "[Gen 9] Random Battle", "players": ["p0x1663563", "p0y16660fc"], "log": "|init|battle\n|title|p0x1663563 vs. p0y16660fc\n|j|\u2606p0x1663563\n|j|\u2606p0y16660fc\n|t:|1783535158\n|gametype|singles\n|player|p1|p0x1663563|102|\n|player|p2|p0y16660fc|1|\n|gen|9\n|tier|[Gen 9] Random Battle\n|rule|Species Clause: Limit one of each Pok\u00e9mon\n|rule|HP Percentage Mod: HP is shown in percentages\n|rule|Sleep Clause Mod: Limit one foe put to sleep\n|rule|Illusion Level Mod: Illusion disguises the Pok\u00e9mon's true level\n|\n|t:|1783535158\n|teamsize|p1|6\n|teamsize|p2|6\n|start\n|switch|p1a: Exeggutor|Exeggutor, L89, F|100/100\n|switch|p2a: Mesprit|Mesprit, L85|275/275\n|turn|1\n|inactive|Battle timer is ON: inactive players will automatically lose when time's up. (requested by p0x1663563)\n|inactive|Time left: 300 sec this turn | 300 sec total | 60 sec grace\n|inactive|p0y16660fc also wants the timer to be on.\n|\n|t:|1783535159\n|move|p2a: Mesprit|Knock Off|p1a: Exeggutor\n|-supereffective|p1a: Exeggutor\n|-damage|p1a: Exeggutor|54/100\n|-enditem|p1a: Exeggutor|Sitrus Berry|[from] move: Knock Off|[of] p2a: Mesprit\n|move|p1a: Exeggutor|Giga Drain|p2a: Mesprit\n|-damage|p2a: Mesprit|215/275\n|-heal|p1a: Exeggutor|64/100|[from] drain|[of] p2a: Mesprit\n|\n|upkeep\n|turn|2\n|inactive|Time left: 300 sec this turn | 300 sec total\n|\n|t:|1783535161\n|move|p2a: Mesprit|U-turn|p1a: Exeggutor\n|-supereffective|p1a: Exeggutor\n|-crit|p1a: Exeggutor\n|-damage|p1a: Exeggutor|0 fnt\n|faint|p1a: Exeggutor\n|inactive|Time left: 300 sec this turn | 300 sec total | 5 sec grace\n|\n|t:|1783535162\n|switch|p2a: Copperajah|Copperajah, L86, M|349/349|[from] U-turn\n|\n|upkeep\n|\n|t:|1783535163\n|switch|p1a: Okidogi|Okidogi, L77, M|100/100\n|turn|3\n|inactive|Time left: 300 sec this turn | 300 sec total\n|\n|t:|1783535164\n|move|p1a: Okidogi|Bulk Up|p1a: Okidogi\n|-boost|p1a: Okidogi|atk|1\n|-boost|p1a: Okidogi|def|1\n|move|p2a: Copperajah|Heavy Slam|p1a: Okidogi\n|-damage|p1a: Okidogi|48/100\n|\n|-heal|p1a: Okidogi|54/100|[from] item: Leftovers\n|upkeep\n|turn|4\n|inactive|Time left: 300 sec this turn | 300 sec total\n|\n|t:|1783535165\n|move|p1a: Okidogi|Drain Punch|p2a: Copperajah\n|-supereffective|p2a: Copperajah\n|-damage|p2a: Copperajah|47/349\n|-heal|p1a: Okidogi|100/100|[from] drain|[of] p2a: Copperajah\n|move|p2a: Copperajah|Heavy Slam|p1a: Okidogi\n|-crit|p1a: Okidogi\n|-damage|p1a: Okidogi|0 fnt\n|faint|p1a: Okidogi\n|\n|upkeep\n|\n|t:|1783535166\n|switch|p1a: Kingdra|Kingdra, L84, M|100/100\n|turn|5\n|inactive|Time left: 300 sec this turn | 300 sec total\n|\n|t:|1783535167\n|switch|p2a: Arboliva|Arboliva, L91, F|288/288\n|move|p1a: Kingdra|Dragon Dance|p1a: Kingdra\n|-boost|p1a: Kingdra|atk|1\n|-boost|p1a: Kingdra|spe|1\n|\n|upkeep\n|turn|6\n|inactive|Time left: 300 sec this turn | 300 sec total\n|\n|t:|1783535168\n|move|p1a: Kingdra|Outrage|p2a: Arboliva\n|-damage|p2a: Arboliva|132/288\n|-enditem|p2a: Arboliva|Sitrus Berry|[eat]\n|-heal|p2a: Arboliva|204/288|[from] item: Sitrus Berry\n|move|p2a: Arboliva|Hyper Voice|p1a: Kingdra\n|-damage|p1a: Kingdra|55/100\n|\n|-item|p2a: Arboliva|Sitrus Berry|[from] ability: Harvest\n|upkeep\n|turn|7\n|inactive|Time left: 300 sec this turn | 300 sec total\n|\n|t:|1783535169\n|move|p2a: Arboliva|Protect|p2a: Arboliva\n|-singleturn|p2a: Arboliva|Protect\n|move|p1a: Kingdra|Outrage|p2a: Arboliva|[from] lockedmove\n|-activate|p2a: Arboliva|move: Protect\n|-start|p1a: Kingdra|confusion|[fatigue]\n|-enditem|p1a: Kingdra|Lum Berry|[eat]\n|-end|p1a: Kingdra|confusion\n|\n|upkeep\n|turn|8\n|inactive|Time left: 300 sec this turn | 300 sec total\n|\n|t:|1783535170\n|move|p1a: Kingdra|Outrage|p2a: Arboliva\n|-damage|p2a: Arboliva|24/288\n|-enditem|p2a: Arboliva|Sitrus Berry|[eat]\n|-heal|p2a: Arboliva|96/288|[from] item: Sitrus Berry\n|move|p2a: Arboliva|Leech Seed|p1a: Kingdra\n|-start|p1a: Kingdra|move: Leech Seed\n|\n|-damage|p1a: Kingdra|43/100|[from] Leech Seed|[of] p2a: Arboliva\n|-heal|p2a: Arboliva|128/288|[silent]\n|upkeep\n|turn|9\n|inactive|Time left: 300 sec this turn | 300 sec total\n|\n|t:|1783535171\n|move|p2a: Arboliva|Protect|p2a: Arboliva\n|-singleturn|p2a: Arboliva|Protect\n|move|p1a: Kingdra|Outrage|p2a: Arboliva|[from] lockedmove\n|-activate|p2a: Arboliva|move: Protect\n|-start|p1a: Kingdra|confusion|[fatigue]\n|\n|-damage|p1a: Kingdra|31/100|[from] Leech Seed|[of] p2a: Arboliva\n|-heal|p2a: Arboliva|160/288|[silent]\n|-item|p2a: Arboliva|Sitrus Berry|[from] ability: Harvest\n|upkeep\n|turn|10\n|inactive|Time left: 300 sec this turn | 300 sec total\n|\n|t:|1783535172\n|-activate|p1a: Kingdra|confusion\n|move|p1a: Kingdra|Outrage|p2a: Arboliva\n|-damage|p2a: Arboliva|0 fnt\n|faint|p2a: Arboliva\n|\n|upkeep\n|inactive|Time left: 300 sec this turn | 300 sec total | 5 sec grace\n|\n|t:|1783535173\n|switch|p2a: Mesprit|Mesprit, L85|215/275\n|turn|11\n|inactive|Time left: 300 sec this turn | 300 sec total\n|\n|t:|1783535174\n|-activate|p1a: Kingdra|confusion\n|-damage|p1a: Kingdra|14/100|[from] confusion\n|move|p2a: Mesprit|U-turn|p1a: Kingdra\n|-damage|p1a: Kingdra|0 fnt\n|faint|p1a: Kingdra\n|inactive|Time left: 300 sec this turn | 300 sec total | 5 sec grace\n|\n|t:|1783535175\n|switch|p2a: Kyogre|Kyogre, L71|259/259|[from] U-turn\n|-weather|RainDance|[from] ability: Drizzle|[of] p2a: Kyogre\n|\n|-weather|RainDance|[upkeep]\n|upkeep\n|\n|t:|1783535176\n|switch|p1a: Cinccino|Cinccino, L83, F|100/100\n|turn|12\n|inactive|Time left: 300 sec this turn | 300 sec total\n|\n|t:|1783535177\n|-terastallize|p1a: Cinccino|Grass\n|move|p1a: Cinccino|Bullet Seed|p2a: Kyogre\n|-supereffective|p2a: Kyogre\n|-damage|p2a: Kyogre|167/259\n|-supereffective|p2a: Kyogre\n|-crit|p2a: Kyogre\n|-damage|p2a: Kyogre|29/259\n|-supereffective|p2a: Kyogre\n|-damage|p2a: Kyogre|0 fnt\n|faint|p2a: Kyogre\n|-hitcount|p2: Kyogre|3\n|\n|-weather|RainDance|[upkeep]\n|upkeep\n|inactive|Time left: 300 sec this turn | 300 sec total | 5 sec grace\n|\n|t:|1783535178\n|switch|p2a: Rotom|Rotom-Fan, L86|226/226\n|turn|13\n|inactive|Time left: 300 sec this turn | 300 sec total\n|\n|t:|1783535179\n|move|p1a: Cinccino|Triple Axel|p2a: Rotom\n|-supereffective|p2a: Rotom\n|-damage|p2a: Rotom|188/226\n|-supereffective|p2a: Rotom\n|-damage|p2a: Rotom|122/226\n|-supereffective|p2a: Rotom\n|-damage|p2a: Rotom|24/226\n|-hitcount|p2a: Rotom|3\n|move|p2a: Rotom|Air Slash|p1a: Cinccino|[miss]\n|-miss|p2a: Rotom|p1a: Cinccino\n|\n|-weather|RainDance|[upkeep]\n|upkeep\n|turn|14\n|inactive|Time left: 300 sec this turn | 300 sec total\n|\n|t:|1783535180\n|move|p1a: Cinccino|Bullet Seed|p2a: Rotom\n|-resisted|p2a: Rotom\n|-damage|p2a: Rotom|9/226\n|-resisted|p2a: Rotom\n|-damage|p2a: Rotom|0 fnt\n|faint|p2a: Rotom\n|-hitcount|p2: Rotom|2\n|\n|-weather|RainDance|[upkeep]\n|upkeep\n|inactive|Time left: 300 sec this turn | 300 sec total | 5 sec grace\n|\n|t:|1783535181\n|switch|p2a: Mesprit|Mesprit, L85|215/275\n|turn|15\n|inactive|Time left: 300 sec this turn | 300 sec total\n|\n|t:|1783535182\n|move|p1a: Cinccino|Bullet Seed|p2a: Mesprit\n|-damage|p2a: Mesprit|181/275\n|-damage|p2a: Mesprit|145/275\n|-damage|p2a: Mesprit|111/275\n|-damage|p2a: Mesprit|77/275\n|-damage|p2a: Mesprit|41/275\n|-hitcount|p2a: Mesprit|5\n|move|p2a: Mesprit|U-turn|p1a: Cinccino\n|-supereffective|p1a: Cinccino\n|-damage|p1a: Cinccino|47/100\n|inactive|Time left: 300 sec this turn | 300 sec total | 5 sec grace\n|\n|t:|1783535183\n|switch|p2a: Grumpig|Grumpig, L92, F|297/297|[from] U-turn\n|\n|-weather|none\n|upkeep\n|turn|16\n|inactive|Time left: 300 sec this turn | 300 sec total\n|\n|t:|1783535184\n|move|p1a: Cinccino|Bullet Seed|p2a: Grumpig\n|-damage|p2a: Grumpig|255/297\n|-damage|p2a: Grumpig|215/297\n|-damage|p2a: Grumpig|170/297\n|-damage|p2a: Grumpig|128/297\n|-hitcount|p2a: Grumpig|4\n|move|p2a: Grumpig|Psyshock|p1a: Cinccino\n|-damage|p1a: Cinccino|0 fnt\n|faint|p1a: Cinccino\n|\n|-heal|p2a: Grumpig|146/297|[from] item: Leftovers\n|upkeep\n|\n|t:|1783535185\n|switch|p1a: Iron Crown|Iron Crown, L78|100/100\n|turn|17\n|inactive|Time left: 300 sec this turn | 300 sec total\n|\n|t:|1783535186\n|move|p2a: Grumpig|Shadow Ball|p1a: Iron Crown\n|-supereffective|p1a: Iron Crown\n|-damage|p1a: Iron Crown|59/100\n|move|p1a: Iron Crown|Tachyon Cutter|p2a: Grumpig\n|-damage|p2a: Grumpig|98/297\n|-damage|p2a: Grumpig|50/297\n|-hitcount|p2a: Grumpig|2\n|\n|-heal|p2a: Grumpig|68/297|[from] item: Leftovers\n|-heal|p1a: Iron Crown|65/100|[from] item: Leftovers\n|upkeep\n|turn|18\n|inactive|Time left: 300 sec this turn | 300 sec total\n|\n|t:|1783535187\n|move|p2a: Grumpig|Shadow Ball|p1a: Iron Crown\n|-supereffective|p1a: Iron Crown\n|-damage|p1a: Iron Crown|23/100\n|move|p1a: Iron Crown|Tachyon Cutter|p2a: Grumpig\n|-crit|p2a: Grumpig\n|-damage|p2a: Grumpig|7/297\n|-damage|p2a: Grumpig|0 fnt\n|faint|p2a: Grumpig\n|-hitcount|p2: Grumpig|2\n|\n|-heal|p1a: Iron Crown|29/100|[from] item: Leftovers\n|upkeep\n|inactive|Time left: 300 sec this turn | 300 sec total | 5 sec grace\n|\n|t:|1783535188\n|switch|p2a: Copperajah|Copperajah, L86, M|47/349\n|turn|19\n|inactive|Time left: 300 sec this turn | 300 sec total\n|\n|t:|1783535189\n|move|p1a: Iron Crown|Tachyon Cutter|p2a: Copperajah\n|-resisted|p2a: Copperajah\n|-damage|p2a: Copperajah|17/349\n|-resisted|p2a: Copperajah\n|-damage|p2a: Copperajah|0 fnt\n|faint|p2a: Copperajah\n|-hitcount|p2: Copperajah|2\n|\n|-heal|p1a: Iron Crown|35/100|[from] item: Leftovers\n|upkeep\n|inactive|Time left: 300 sec this turn | 300 sec total | 5 sec grace\n|\n|t:|1783535190\n|switch|p2a: Mesprit|Mesprit, L85|41/275\n|turn|20\n|inactive|Time left: 300 sec this turn | 300 sec total\n|\n|t:|1783535191\n|-terastallize|p2a: Mesprit|Dark\n|move|p1a: Iron Crown|Tachyon Cutter|p2a: Mesprit\n|-damage|p2a: Mesprit|10/275\n|-damage|p2a: Mesprit|0 fnt\n|faint|p2a: Mesprit\n|-hitcount|p2: Mesprit|2\n|\n|win|p0x1663563", "uploadtime": 1783535191, "views": 0, "rating": 0, "private": 0, "password": null, "_winner": "p0x1663563", "_our_name": "p0y16660fc"}