{"id": "battle-gen9randombattle-837", "formatid": "gen9randombattle", "format": "[Gen 9] Random Battle", "players": ["p0x837cf01", "p0y8371357"], "log": "|init|battle\n|title|p0x837cf01 vs. p0y8371357\n|j|\u2606p0x837cf01\n|j|\u2606p0y8371357\n|t:|1783548859\n|gametype|singles\n|player|p1|p0x837cf01|170|\n|player|p2|p0y8371357|266|\n|gen|9\n|tier|[Gen 9] Random Battle\n|rule|Species Clause: Limit one of each Pok\u00e9mon\n|rule|HP Percentage Mod: HP is shown in percentages\n|rule|Sleep Clause Mod: Limit one foe put to sleep\n|rule|Illusion Level Mod: Illusion disguises the Pok\u00e9mon's true level\n|\n|t:|1783548859\n|teamsize|p1|6\n|teamsize|p2|6\n|start\n|switch|p1a: Amoonguss|Amoonguss, L82, M|321/321\n|switch|p2a: Ursaluna|Ursaluna, L79, F|100/100\n|turn|1\n|inactive|Battle timer is ON: inactive players will automatically lose when time's up. (requested by p0y8371357)\n|inactive|Time left: 300 sec this turn | 300 sec total | 60 sec grace\n|inactive|p0x837cf01 also wants the timer to be on.\n|\n|t:|1783548861\n|move|p2a: Ursaluna|Headlong Rush|p1a: Amoonguss\n|-damage|p1a: Amoonguss|123/321\n|-unboost|p2a: Ursaluna|def|1\n|-unboost|p2a: Ursaluna|spd|1\n|move|p1a: Amoonguss|Spore|p2a: Ursaluna\n|-status|p2a: Ursaluna|slp|[from] move: Spore\n|\n|-heal|p1a: Amoonguss|143/321|[from] item: Leftovers\n|upkeep\n|turn|2\n|inactive|Time left: 300 sec this turn | 300 sec total\n|\n|t:|1783548862\n|switch|p2a: Kricketune|Kricketune, L99, M|100/100\n|move|p1a: Amoonguss|Giga Drain|p2a: Kricketune\n|-resisted|p2a: Kricketune\n|-damage|p2a: Kricketune|88/100\n|-heal|p1a: Amoonguss|163/321|[from] drain|[of] p2a: Kricketune\n|\n|-heal|p1a: Amoonguss|183/321|[from] item: Leftovers\n|upkeep\n|turn|3\n|inactive|Time left: 300 sec this turn | 300 sec total\n|\n|t:|1783548863\n|switch|p1a: Zangoose|Zangoose, L85, M|263/263\n|move|p2a: Kricketune|Sticky Web|p1a: Zangoose\n|-sidestart|p1: p0x837cf01|move: Sticky Web\n|\n|-status|p1a: Zangoose|tox|[from] item: Toxic Orb\n|upkeep\n|turn|4\n|inactive|Time left: 300 sec this turn | 300 sec total\n|\n|t:|1783548864\n|switch|p2a: Bastiodon|Bastiodon, L89, M|100/100\n|move|p1a: Zangoose|Facade|p2a: Bastiodon\n|-resisted|p2a: Bastiodon\n|-damage|p2a: Bastiodon|86/100\n|\n|-damage|p1a: Zangoose|247/263 tox|[from] psn\n|upkeep\n|turn|5\n|inactive|Time left: 300 sec this turn | 300 sec total\n|\n|t:|1783548866\n|switch|p1a: Amoonguss|Amoonguss, L82, M|290/321\n|-activate|p1a: Amoonguss|move: Sticky Web\n|-unboost|p1a: Amoonguss|spe|1\n|move|p2a: Bastiodon|Body Press|p1a: Amoonguss\n|-resisted|p1a: Amoonguss\n|-damage|p1a: Amoonguss|231/321\n|\n|-heal|p1a: Amoonguss|251/321|[from] item: Leftovers\n|upkeep\n|turn|6\n|inactive|Time left: 300 sec this turn | 300 sec total\n|\n|t:|1783548867\n|move|p2a: Bastiodon|Iron Defense|p2a: Bastiodon\n|-boost|p2a: Bastiodon|def|2\n|move|p1a: Amoonguss|Giga Drain|p2a: Bastiodon\n|-damage|p2a: Bastiodon|68/100\n|-heal|p1a: Amoonguss|274/321|[from] drain|[of] p2a: Bastiodon\n|\n|-heal|p1a: Amoonguss|294/321|[from] item: Leftovers\n|upkeep\n|turn|7\n|inactive|Time left: 300 sec this turn | 300 sec total\n|\n|t:|1783548868\n|move|p2a: Bastiodon|Body Press|p1a: Amoonguss\n|-resisted|p1a: Amoonguss\n|-damage|p1a: Amoonguss|181/321\n|move|p1a: Amoonguss|Stomping Tantrum|p2a: Bastiodon\n|-supereffective|p2a: Bastiodon\n|-damage|p2a: Bastiodon|47/100\n|\n|-heal|p1a: Amoonguss|201/321|[from] item: Leftovers\n|upkeep\n|turn|8\n|inactive|Time left: 300 sec this turn | 300 sec total\n|\n|t:|1783548869\n|switch|p1a: Vaporeon|Vaporeon, L86, M|364/364\n|-activate|p1a: Vaporeon|move: Sticky Web\n|-unboost|p1a: Vaporeon|spe|1\n|move|p2a: Bastiodon|Body Press|p1a: Vaporeon\n|-damage|p1a: Vaporeon|93/364\n|\n|-heal|p1a: Vaporeon|115/364|[from] item: Leftovers\n|upkeep\n|turn|9\n|inactive|Time left: 300 sec this turn | 300 sec total\n|\n|t:|1783548870\n|move|p1a: Vaporeon|Scald|p2a: Bastiodon\n|-supereffective|p2a: Bastiodon\n|-damage|p2a: Bastiodon|0 fnt\n|faint|p2a: Bastiodon\n|\n|-heal|p1a: Vaporeon|137/364|[from] item: Leftovers\n|upkeep\n|\n|t:|1783548871\n|switch|p2a: Baxcalibur|Baxcalibur, L75, M|100/100\n|turn|10\n|inactive|Time left: 300 sec this turn | 300 sec total\n|\n|t:|1783548872\n|move|p2a: Baxcalibur|Dragon Dance|p2a: Baxcalibur\n|-boost|p2a: Baxcalibur|atk|1\n|-boost|p2a: Baxcalibur|spe|1\n|move|p1a: Vaporeon|Ice Beam|p2a: Baxcalibur\n|-damage|p2a: Baxcalibur|71/100\n|\n|-heal|p1a: Vaporeon|159/364|[from] item: Leftovers\n|upkeep\n|turn|11\n|inactive|Time left: 300 sec this turn | 300 sec total\n|\n|t:|1783548873\n|move|p1a: Vaporeon|Protect|p1a: Vaporeon\n|-singleturn|p1a: Vaporeon|Protect\n|move|p2a: Baxcalibur|Dragon Dance|p2a: Baxcalibur\n|-boost|p2a: Baxcalibur|atk|1\n|-boost|p2a: Baxcalibur|spe|1\n|\n|-heal|p1a: Vaporeon|181/364|[from] item: Leftovers\n|upkeep\n|turn|12\n|inactive|Time left: 300 sec this turn | 300 sec total\n|\n|t:|1783548874\n|move|p1a: Vaporeon|Protect||[still]\n|-fail|p1a: Vaporeon\n|move|p2a: Baxcalibur|Glaive Rush|p1a: Vaporeon\n|-damage|p1a: Vaporeon|0 fnt\n|-singlemove|p2a: Baxcalibur|Glaive Rush|[silent]\n|faint|p1a: Vaporeon\n|\n|upkeep\n|inactive|Time left: 300 sec this turn | 300 sec total | 5 sec grace\n|\n|t:|1783548875\n|switch|p1a: Cetitan|Cetitan, L82, F|412/412\n|-activate|p1a: Cetitan|move: Sticky Web\n|-unboost|p1a: Cetitan|spe|1\n|turn|13\n|inactive|Time left: 300 sec this turn | 300 sec total\n|\n|t:|1783548876\n|-terastallize|p1a: Cetitan|Ice\n|move|p1a: Cetitan|Ice Shard|p2a: Baxcalibur\n|-damage|p2a: Baxcalibur|28/100\n|move|p2a: Baxcalibur|Glaive Rush|p1a: Cetitan\n|-crit|p1a: Cetitan\n|-damage|p1a: Cetitan|0 fnt\n|-singlemove|p2a: Baxcalibur|Glaive Rush|[silent]\n|faint|p1a: Cetitan\n|\n|upkeep\n|inactive|Time left: 300 sec this turn | 300 sec total | 5 sec grace\n|\n|t:|1783548877\n|switch|p1a: Zangoose|Zangoose, L85, M|247/263 tox\n|-activate|p1a: Zangoose|move: Sticky Web\n|-unboost|p1a: Zangoose|spe|1\n|turn|14\n|inactive|Time left: 300 sec this turn | 300 sec total\n|\n|t:|1783548878\n|move|p1a: Zangoose|Quick Attack|p2a: Baxcalibur\n|-damage|p2a: Baxcalibur|0 fnt\n|faint|p2a: Baxcalibur\n|\n|-damage|p1a: Zangoose|231/263 tox|[from] psn\n|upkeep\n|\n|t:|1783548879\n|switch|p2a: Kricketune|Kricketune, L99, M|88/100\n|turn|15\n|inactive|Time left: 300 sec this turn | 300 sec total\n|\n|t:|1783548880\n|move|p2a: Kricketune|Pounce|p1a: Zangoose\n|-damage|p1a: Zangoose|108/263 tox\n|-unboost|p1a: Zangoose|spe|1\n|move|p1a: Zangoose|Knock Off|p2a: Kricketune\n|-damage|p2a: Kricketune|38/100\n|-enditem|p2a: Kricketune|Heavy-Duty Boots|[from] move: Knock Off|[of] p1a: Zangoose\n|\n|-damage|p1a: Zangoose|76/263 tox|[from] psn\n|upkeep\n|turn|16\n|inactive|Time left: 300 sec this turn | 300 sec total\n|\n|t:|1783548881\n|switch|p1a: Amoonguss|Amoonguss, L82, M|308/321\n|-activate|p1a: Amoonguss|move: Sticky Web\n|-unboost|p1a: Amoonguss|spe|1\n|move|p2a: Kricketune|Pounce|p1a: Amoonguss\n|-damage|p1a: Amoonguss|181/321\n|-unboost|p1a: Amoonguss|spe|1\n|\n|-heal|p1a: Amoonguss|201/321|[from] item: Leftovers\n|upkeep\n|turn|17\n|inactive|Time left: 300 sec this turn | 300 sec total\n|\n|t:|1783548882\n|move|p2a: Kricketune|Pounce|p1a: Amoonguss\n|-damage|p1a: Amoonguss|75/321\n|-unboost|p1a: Amoonguss|spe|1\n|move|p1a: Amoonguss|Sludge Bomb|p2a: Kricketune\n|-damage|p2a: Kricketune|7/100\n|\n|-heal|p1a: Amoonguss|95/321|[from] item: Leftovers\n|upkeep\n|turn|18\n|inactive|Time left: 300 sec this turn | 300 sec total\n|\n|t:|1783548883\n|switch|p1a: Palafin|Palafin, L77, M|281/281\n|-activate|p1a: Palafin|move: Sticky Web\n|-unboost|p1a: Palafin|spe|1\n|move|p2a: Kricketune|Knock Off|p1a: Palafin\n|-damage|p1a: Palafin|171/281\n|-enditem|p1a: Palafin|Leftovers|[from] move: Knock Off|[of] p2a: Kricketune\n|\n|upkeep\n|turn|19\n|inactive|Time left: 300 sec this turn | 300 sec total\n|\n|t:|1783548884\n|move|p1a: Palafin|Jet Punch|p2a: Kricketune\n|-damage|p2a: Kricketune|0 fnt\n|faint|p2a: Kricketune\n|\n|upkeep\n|\n|t:|1783548884\n|switch|p2a: Gouging Fire|Gouging Fire, L74|100/100\n|turn|20\n|inactive|Time left: 300 sec this turn | 300 sec total\n|\n|t:|1783548886\n|detailschange|p1a: Palafin|Palafin-Hero, L77, M\n|switch|p1a: Wo-Chien|Wo-Chien, L83|277/277\n|-activate|p1a: Wo-Chien|move: Sticky Web\n|-unboost|p1a: Wo-Chien|spe|1\n|-ability|p1a: Wo-Chien|Tablets of Ruin\n|move|p2a: Gouging Fire|Dragon Dance|p2a: Gouging Fire\n|-boost|p2a: Gouging Fire|atk|1\n|-boost|p2a: Gouging Fire|spe|1\n|\n|upkeep\n|turn|21\n|inactive|Time left: 300 sec this turn | 300 sec total\n|\n|t:|1783548886\n|move|p2a: Gouging Fire|Dragon Dance|p2a: Gouging Fire\n|-boost|p2a: Gouging Fire|atk|1\n|-boost|p2a: Gouging Fire|spe|1\n|move|p1a: Wo-Chien|Leech Seed|p2a: Gouging Fire\n|-start|p2a: Gouging Fire|move: Leech Seed\n|\n|-damage|p2a: Gouging Fire|88/100|[from] Leech Seed|[of] p1a: Wo-Chien\n|upkeep\n|turn|22\n|inactive|Time left: 300 sec this turn | 300 sec total\n|\n|t:|1783548887\n|move|p1a: Wo-Chien|Protect|p1a: Wo-Chien\n|-singleturn|p1a: Wo-Chien|Protect\n|move|p2a: Gouging Fire|Heat Crash|p1a: Wo-Chien\n|-activate|p1a: Wo-Chien|move: Protect\n|\n|-damage|p2a: Gouging Fire|76/100|[from] Leech Seed|[of] p1a: Wo-Chien\n|upkeep\n|turn|23\n|inactive|Time left: 300 sec this turn | 300 sec total\n|\n|t:|1783548888\n|switch|p1a: Palafin|Palafin-Hero, L77, M|171/281\n|-activate|p1a: Palafin|move: Sticky Web\n|-unboost|p1a: Palafin|spe|1\n|-activate|p1a: Palafin|ability: Zero to Hero\n|move|p2a: Gouging Fire|Heat Crash|p1a: Palafin\n|-resisted|p1a: Palafin\n|-damage|p1a: Palafin|66/281\n|\n|-damage|p2a: Gouging Fire|64/100|[from] Leech Seed|[of] p1a: Palafin\n|-heal|p1a: Palafin|100/281|[silent]\n|upkeep\n|turn|24\n|inactive|Time left: 300 sec this turn | 300 sec total\n|\n|t:|1783548889\n|move|p1a: Palafin|Jet Punch|p2a: Gouging Fire\n|-damage|p2a: Gouging Fire|37/100\n|move|p2a: Gouging Fire|Heat Crash|p1a: Palafin\n|-resisted|p1a: Palafin\n|-damage|p1a: Palafin|0 fnt\n|faint|p1a: Palafin\n|\n|upkeep\n|inactive|Time left: 300 sec this turn | 300 sec total | 5 sec grace\n|\n|t:|1783548890\n|switch|p1a: Zangoose|Zangoose, L85, M|76/263 tox\n|-activate|p1a: Zangoose|move: Sticky Web\n|-unboost|p1a: Zangoose|spe|1\n|turn|25\n|inactive|Time left: 300 sec this turn | 300 sec total\n|\n|t:|1783548891\n|move|p1a: Zangoose|Quick Attack|p2a: Gouging Fire\n|-damage|p2a: Gouging Fire|13/100\n|move|p2a: Gouging Fire|Heat Crash|p1a: Zangoose\n|-damage|p1a: Zangoose|0 fnt\n|faint|p1a: Zangoose\n|\n|upkeep\n|inactive|Time left: 300 sec this turn | 300 sec total | 5 sec grace\n|\n|t:|1783548892\n|switch|p1a: Wo-Chien|Wo-Chien, L83|277/277\n|-activate|p1a: Wo-Chien|move: Sticky Web\n|-unboost|p1a: Wo-Chien|spe|1\n|-ability|p1a: Wo-Chien|Tablets of Ruin\n|turn|26\n|inactive|Time left: 300 sec this turn | 300 sec total\n|\n|t:|1783548893\n|-terastallize|p2a: Gouging Fire|Ground\n|move|p1a: Wo-Chien|Protect|p1a: Wo-Chien\n|-singleturn|p1a: Wo-Chien|Protect\n|move|p2a: Gouging Fire|Heat Crash|p1a: Wo-Chien\n|-activate|p1a: Wo-Chien|move: Protect\n|\n|-damage|p2a: Gouging Fire|1/100|[from] Leech Seed|[of] p1a: Wo-Chien\n|upkeep\n|turn|27\n|inactive|Time left: 300 sec this turn | 300 sec total\n|\n|t:|1783548894\n|move|p1a: Wo-Chien|Protect||[still]\n|-fail|p1a: Wo-Chien\n|move|p2a: Gouging Fire|Heat Crash|p1a: Wo-Chien\n|-supereffective|p1a: Wo-Chien\n|-damage|p1a: Wo-Chien|0 fnt\n|faint|p1a: Wo-Chien\n|\n|upkeep\n|inactive|Time left: 300 sec this turn | 300 sec total | 5 sec grace\n|\n|t:|1783548895\n|switch|p1a: Amoonguss|Amoonguss, L82, M|202/321\n|-activate|p1a: Amoonguss|move: Sticky Web\n|-unboost|p1a: Amoonguss|spe|1\n|turn|28\n|inactive|Time left: 300 sec this turn | 300 sec total\n|\n|t:|1783548895\n|move|p2a: Gouging Fire|Earthquake|p1a: Amoonguss\n|-damage|p1a: Amoonguss|0 fnt\n|faint|p1a: Amoonguss\n|\n|win|p0y8371357", "uploadtime": 1783548895, "views": 0, "rating": 0, "private": 0, "password": null, "_winner": "p0y8371357", "_our_name": "p0x837cf01"}