{"id": "battle-gen9randombattle-641", "formatid": "gen9randombattle", "format": "[Gen 9] Random Battle", "players": ["p0x641d83f", "p0y64102bd"], "log": "|init|battle\n|title|p0x641d83f vs. p0y64102bd\n|j|\u2606p0x641d83f\n|j|\u2606p0y64102bd\n|t:|1783546536\n|gametype|singles\n|player|p1|p0x641d83f|101|\n|player|p2|p0y64102bd|170|\n|gen|9\n|tier|[Gen 9] Random Battle\n|rule|Species Clause: Limit one of each Pok\u00e9mon\n|rule|HP Percentage Mod: HP is shown in percentages\n|rule|Sleep Clause Mod: Limit one foe put to sleep\n|rule|Illusion Level Mod: Illusion disguises the Pok\u00e9mon's true level\n|\n|t:|1783546536\n|teamsize|p1|6\n|teamsize|p2|6\n|start\n|switch|p1a: Necrozma|Necrozma-Dusk-Mane, L69|248/248\n|switch|p2a: Hydrapple|Hydrapple, L83, F|100/100\n|turn|1\n|inactive|Battle timer is ON: inactive players will automatically lose when time's up. (requested by p0y64102bd)\n|inactive|Time left: 300 sec this turn | 300 sec total | 60 sec grace\n|\n|t:|1783546538\n|move|p1a: Necrozma|Dragon Dance|p1a: Necrozma\n|-boost|p1a: Necrozma|atk|1\n|-boost|p1a: Necrozma|spe|1\n|move|p2a: Hydrapple|Nasty Plot|p2a: Hydrapple\n|-boost|p2a: Hydrapple|spa|2\n|\n|upkeep\n|turn|2\n|inactive|Time left: 300 sec this turn | 300 sec total\n|inactive|p0x641d83f also wants the timer to be on.\n|\n|t:|1783546539\n|switch|p1a: Dragonite|Dragonite, L74, F|257/257\n|move|p2a: Hydrapple|Fickle Beam|p1a: Dragonite|[anim] Fickle Beam All Out\n|-activate|p2a: Hydrapple|move: Fickle Beam\n|-supereffective|p1a: Dragonite\n|-damage|p1a: Dragonite|0 fnt\n|faint|p1a: Dragonite\n|\n|upkeep\n|inactive|Time left: 300 sec this turn | 300 sec total | 5 sec grace\n|\n|t:|1783546539\n|switch|p1a: Palkia|Palkia-Origin, L72|249/249\n|-ability|p1a: Palkia|Pressure\n|turn|3\n|inactive|Time left: 300 sec this turn | 300 sec total\n|\n|t:|1783546541\n|switch|p1a: Necrozma|Necrozma-Dusk-Mane, L69|248/248\n|-terastallize|p2a: Hydrapple|Steel\n|move|p2a: Hydrapple|Fickle Beam|p1a: Necrozma\n|-resisted|p1a: Necrozma\n|-damage|p1a: Necrozma|149/248\n|\n|upkeep\n|turn|4\n|inactive|Time left: 300 sec this turn | 300 sec total\n|\n|t:|1783546542\n|move|p1a: Necrozma|Morning Sun|p1a: Necrozma\n|-heal|p1a: Necrozma|248/248\n|move|p2a: Hydrapple|Earth Power|p1a: Necrozma\n|-supereffective|p1a: Necrozma\n|-damage|p1a: Necrozma|31/248\n|-enditem|p1a: Necrozma|Weakness Policy\n|-boost|p1a: Necrozma|atk|2|[from] item: Weakness Policy\n|-boost|p1a: Necrozma|spa|2|[from] item: Weakness Policy\n|\n|upkeep\n|turn|5\n|inactive|Time left: 300 sec this turn | 300 sec total\n|\n|t:|1783546543\n|move|p1a: Necrozma|Earthquake|p2a: Hydrapple\n|-supereffective|p2a: Hydrapple\n|-damage|p2a: Hydrapple|29/100\n|move|p2a: Hydrapple|Earth Power|p1a: Necrozma\n|-supereffective|p1a: Necrozma\n|-damage|p1a: Necrozma|0 fnt\n|faint|p1a: Necrozma\n|\n|-heal|p2a: Hydrapple|35/100|[from] item: Leftovers\n|upkeep\n|inactive|Time left: 300 sec this turn | 300 sec total | 5 sec grace\n|\n|t:|1783546544\n|switch|p1a: Seviper|Seviper, L93, M|287/287\n|turn|6\n|inactive|Time left: 300 sec this turn | 300 sec total\n|\n|t:|1783546545\n|switch|p2a: Weezing|Weezing, L88, M|100/100\n|move|p1a: Seviper|Earthquake|p2a: Weezing\n|-immune|p2a: Weezing|[from] ability: Levitate\n|\n|upkeep\n|turn|7\n|inactive|Time left: 300 sec this turn | 300 sec total\n|\n|t:|1783546546\n|move|p1a: Seviper|Swords Dance|p1a: Seviper\n|-boost|p1a: Seviper|atk|2\n|move|p2a: Weezing|Gunk Shot|p1a: Seviper\n|-resisted|p1a: Seviper\n|-damage|p1a: Seviper|210/287\n|\n|-heal|p1a: Seviper|227/287|[from] item: Leftovers\n|upkeep\n|turn|8\n|inactive|Time left: 300 sec this turn | 300 sec total\n|\n|t:|1783546547\n|move|p1a: Seviper|Trailblaze|p2a: Weezing\n|-resisted|p2a: Weezing\n|-damage|p2a: Weezing|88/100\n|-boost|p1a: Seviper|spe|1\n|move|p2a: Weezing|Toxic Spikes|p1a: Seviper\n|-sidestart|p1: p0x641d83f|move: Toxic Spikes\n|\n|-heal|p1a: Seviper|244/287|[from] item: Leftovers\n|-heal|p2a: Weezing|94/100|[from] item: Leftovers\n|upkeep\n|turn|9\n|inactive|Time left: 300 sec this turn | 300 sec total\n|\n|t:|1783546548\n|move|p1a: Seviper|Trailblaze|p2a: Weezing\n|-resisted|p2a: Weezing\n|-damage|p2a: Weezing|80/100\n|-boost|p1a: Seviper|spe|1\n|move|p2a: Weezing|Fire Blast|p1a: Seviper\n|-damage|p1a: Seviper|152/287\n|\n|-heal|p1a: Seviper|169/287|[from] item: Leftovers\n|-heal|p2a: Weezing|87/100|[from] item: Leftovers\n|upkeep\n|turn|10\n|inactive|Time left: 300 sec this turn | 300 sec total\n|\n|t:|1783546550\n|move|p1a: Seviper|Gunk Shot|p2a: Weezing|[miss]\n|-miss|p1a: Seviper|p2a: Weezing\n|move|p2a: Weezing|Fire Blast|p1a: Seviper\n|-damage|p1a: Seviper|68/287\n|\n|-heal|p1a: Seviper|85/287|[from] item: Leftovers\n|-heal|p2a: Weezing|93/100|[from] item: Leftovers\n|upkeep\n|turn|11\n|inactive|Time left: 300 sec this turn | 300 sec total\n|\n|t:|1783546551\n|move|p1a: Seviper|Gunk Shot|p2a: Weezing\n|-resisted|p2a: Weezing\n|-crit|p2a: Weezing\n|-damage|p2a: Weezing|25/100\n|move|p2a: Weezing|Fire Blast|p1a: Seviper\n|-damage|p1a: Seviper|0 fnt\n|faint|p1a: Seviper\n|\n|-heal|p2a: Weezing|31/100|[from] item: Leftovers\n|upkeep\n|inactive|Time left: 300 sec this turn | 300 sec total | 5 sec grace\n|\n|t:|1783546552\n|switch|p1a: Swalot|Swalot, L90, M|326/326\n|-sideend|p1: p0x641d83f|move: Toxic Spikes|[of] p1a: Swalot\n|turn|12\n|inactive|Time left: 300 sec this turn | 300 sec total\n|\n|t:|1783546553\n|move|p2a: Weezing|Pain Split|p1a: Swalot\n|-sethp|p1a: Swalot|202/326|[from] move: Pain Split|[silent]\n|-sethp|p2a: Weezing|79/100|[from] move: Pain Split\n|move|p1a: Swalot|Swords Dance|p1a: Swalot\n|-boost|p1a: Swalot|atk|2\n|\n|-heal|p2a: Weezing|85/100|[from] item: Leftovers\n|-heal|p1a: Swalot|222/326|[from] item: Leftovers\n|upkeep\n|turn|13\n|inactive|Time left: 300 sec this turn | 300 sec total\n|\n|t:|1783546554\n|move|p2a: Weezing|Toxic Spikes|p1a: Swalot\n|-sidestart|p1: p0x641d83f|move: Toxic Spikes\n|move|p1a: Swalot|Knock Off|p2a: Weezing\n|-damage|p2a: Weezing|46/100\n|-enditem|p2a: Weezing|Leftovers|[from] move: Knock Off|[of] p1a: Swalot\n|\n|-heal|p1a: Swalot|242/326|[from] item: Leftovers\n|upkeep\n|turn|14\n|inactive|Time left: 300 sec this turn | 300 sec total\n|\n|t:|1783546555\n|move|p2a: Weezing|Pain Split|p1a: Swalot\n|-sethp|p1a: Swalot|180/326|[from] move: Pain Split|[silent]\n|-sethp|p2a: Weezing|70/100|[from] move: Pain Split\n|move|p1a: Swalot|Swords Dance|p1a: Swalot\n|-boost|p1a: Swalot|atk|2\n|\n|-heal|p1a: Swalot|200/326|[from] item: Leftovers\n|upkeep\n|turn|15\n|inactive|Time left: 300 sec this turn | 300 sec total\n|\n|t:|1783546557\n|move|p2a: Weezing|Fire Blast|p1a: Swalot\n|-damage|p1a: Swalot|127/326\n|move|p1a: Swalot|Knock Off|p2a: Weezing\n|-damage|p2a: Weezing|30/100\n|\n|-heal|p1a: Swalot|147/326|[from] item: Leftovers\n|upkeep\n|turn|16\n|inactive|Time left: 300 sec this turn | 300 sec total\n|\n|t:|1783546558\n|move|p2a: Weezing|Fire Blast|p1a: Swalot\n|-crit|p1a: Swalot\n|-damage|p1a: Swalot|40/326\n|move|p1a: Swalot|Gunk Shot|p2a: Weezing\n|-resisted|p2a: Weezing\n|-damage|p2a: Weezing|0 fnt\n|faint|p2a: Weezing\n|\n|-heal|p1a: Swalot|60/326|[from] item: Leftovers\n|upkeep\n|\n|t:|1783546559\n|switch|p2a: Munkidori|Munkidori, L79, M|100/100\n|turn|17\n|inactive|Time left: 300 sec this turn | 300 sec total\n|\n|t:|1783546560\n|move|p2a: Munkidori|Sludge Wave|p1a: Swalot\n|-resisted|p1a: Swalot\n|-damage|p1a: Swalot|0 fnt\n|faint|p1a: Swalot\n|-damage|p2a: Munkidori|91/100|[from] item: Life Orb\n|\n|upkeep\n|inactive|Time left: 300 sec this turn | 300 sec total | 5 sec grace\n|\n|t:|1783546561\n|switch|p1a: Sandaconda|Sandaconda, L84, F|258/258\n|-status|p1a: Sandaconda|psn\n|turn|18\n|inactive|Time left: 300 sec this turn | 300 sec total\n|\n|t:|1783546562\n|switch|p2a: Hitmontop|Hitmontop, L88, M|100/100\n|-ability|p2a: Hitmontop|Intimidate|boost\n|-unboost|p1a: Sandaconda|atk|1\n|move|p1a: Sandaconda|Earthquake|p2a: Hitmontop\n|-damage|p2a: Hitmontop|69/100\n|\n|-damage|p1a: Sandaconda|226/258 psn|[from] psn\n|upkeep\n|turn|19\n|inactive|Time left: 300 sec this turn | 300 sec total\n|\n|t:|1783546563\n|switch|p2a: Hydrapple|Hydrapple, L83, F, tera:Steel|68/100\n|move|p1a: Sandaconda|Earthquake|p2a: Hydrapple\n|-supereffective|p2a: Hydrapple\n|-damage|p2a: Hydrapple|28/100\n|\n|-heal|p1a: Sandaconda|242/258 psn|[from] item: Leftovers\n|-heal|p2a: Hydrapple|34/100|[from] item: Leftovers\n|-damage|p1a: Sandaconda|210/258 psn|[from] psn\n|upkeep\n|turn|20\n|inactive|Time left: 300 sec this turn | 300 sec total\n|\n|t:|1783546564\n|switch|p2a: Hitmontop|Hitmontop, L88, M|69/100\n|-ability|p2a: Hitmontop|Intimidate|boost\n|-unboost|p1a: Sandaconda|atk|1\n|move|p1a: Sandaconda|Earthquake|p2a: Hitmontop\n|-damage|p2a: Hitmontop|46/100\n|\n|-activate|p1a: Sandaconda|ability: Shed Skin\n|-curestatus|p1a: Sandaconda|psn|[msg]\n|-heal|p1a: Sandaconda|226/258|[from] item: Leftovers\n|upkeep\n|turn|21\n|inactive|Time left: 300 sec this turn | 300 sec total\n|\n|t:|1783546565\n|switch|p2a: Hydrapple|Hydrapple, L83, F, tera:Steel|67/100\n|move|p1a: Sandaconda|Stealth Rock|p2a: Hydrapple\n|-sidestart|p2: p0y64102bd|move: Stealth Rock\n|\n|-heal|p1a: Sandaconda|242/258|[from] item: Leftovers\n|-heal|p2a: Hydrapple|73/100|[from] item: Leftovers\n|upkeep\n|turn|22\n|inactive|Time left: 300 sec this turn | 300 sec total\n|\n|t:|1783546566\n|move|p1a: Sandaconda|Earthquake|p2a: Hydrapple\n|-supereffective|p2a: Hydrapple\n|-damage|p2a: Hydrapple|41/100\n|move|p2a: Hydrapple|Fickle Beam|p1a: Sandaconda\n|-damage|p1a: Sandaconda|131/258\n|\n|-heal|p1a: Sandaconda|147/258|[from] item: Leftovers\n|-heal|p2a: Hydrapple|47/100|[from] item: Leftovers\n|upkeep\n|turn|23\n|inactive|Time left: 300 sec this turn | 300 sec total\n|\n|t:|1783546567\n|move|p1a: Sandaconda|Earthquake|p2a: Hydrapple\n|-supereffective|p2a: Hydrapple\n|-damage|p2a: Hydrapple|16/100\n|move|p2a: Hydrapple|Recover|p2a: Hydrapple\n|-heal|p2a: Hydrapple|66/100\n|\n|-heal|p1a: Sandaconda|163/258|[from] item: Leftovers\n|-heal|p2a: Hydrapple|72/100|[from] item: Leftovers\n|upkeep\n|turn|24\n|inactive|Time left: 300 sec this turn | 300 sec total\n|\n|t:|1783546568\n|move|p1a: Sandaconda|Glare|p2a: Hydrapple\n|-status|p2a: Hydrapple|par\n|move|p2a: Hydrapple|Fickle Beam|p1a: Sandaconda|[anim] Fickle Beam All Out\n|-activate|p2a: Hydrapple|move: Fickle Beam\n|-damage|p1a: Sandaconda|0 fnt\n|faint|p1a: Sandaconda\n|\n|-heal|p2a: Hydrapple|78/100 par|[from] item: Leftovers\n|upkeep\n|inactive|Time left: 300 sec this turn | 300 sec total | 5 sec grace\n|\n|t:|1783546569\n|switch|p1a: Palkia|Palkia-Origin, L72|249/249\n|-status|p1a: Palkia|psn\n|-ability|p1a: Palkia|Pressure\n|turn|25\n|inactive|Time left: 300 sec this turn | 300 sec total\n|\n|t:|1783546569\n|move|p1a: Palkia|Fire Blast|p2a: Hydrapple\n|-supereffective|p2a: Hydrapple\n|-damage|p2a: Hydrapple|20/100 par\n|move|p2a: Hydrapple|Fickle Beam|p1a: Palkia\n|-supereffective|p1a: Palkia\n|-damage|p1a: Palkia|79/249 psn\n|\n|-heal|p2a: Hydrapple|26/100 par|[from] item: Leftovers\n|-damage|p1a: Palkia|48/249 psn|[from] psn\n|upkeep\n|turn|26\n|inactive|Time left: 300 sec this turn | 300 sec total\n|\n|t:|1783546570\n|-terastallize|p1a: Palkia|Dragon\n|move|p1a: Palkia|Hydro Pump|p2a: Hydrapple\n|-damage|p2a: Hydrapple|0 fnt\n|faint|p2a: Hydrapple\n|\n|-damage|p1a: Palkia|17/249 psn|[from] psn\n|upkeep\n|\n|t:|1783546571\n|switch|p2a: Hitmontop|Hitmontop, L88, M|46/100\n|-damage|p2a: Hitmontop|39/100|[from] Stealth Rock\n|-ability|p2a: Hitmontop|Intimidate|boost\n|-unboost|p1a: Palkia|atk|1\n|turn|27\n|inactive|Time left: 300 sec this turn | 300 sec total\n|\n|t:|1783546572\n|switch|p2a: Comfey|Comfey, L85, M|100/100\n|-damage|p2a: Comfey|88/100|[from] Stealth Rock\n|move|p1a: Palkia|Thunder Wave|p2a: Comfey\n|-status|p2a: Comfey|par\n|\n|-heal|p2a: Comfey|94/100 par|[from] item: Leftovers\n|-damage|p1a: Palkia|0 fnt|[from] psn\n|faint|p1a: Palkia\n|\n|win|p0y64102bd", "uploadtime": 1783546572, "views": 0, "rating": 0, "private": 0, "password": null, "_winner": "p0y64102bd", "_our_name": "p0x641d83f"}