{"id": "battle-gen9randombattle-2970", "formatid": "gen9randombattle", "format": "[Gen 9] Random Battle", "players": ["p0x29707283", "p0y2970ab58"], "log": "|init|battle\n|title|p0x29707283 vs. p0y2970ab58\n|j|\u2606p0x29707283\n|j|\u2606p0y2970ab58\n|t:|1783573209\n|gametype|singles\n|player|p1|p0x29707283|2|\n|player|p2|p0y2970ab58|169|\n|gen|9\n|tier|[Gen 9] Random Battle\n|rule|Species Clause: Limit one of each Pok\u00e9mon\n|rule|HP Percentage Mod: HP is shown in percentages\n|rule|Sleep Clause Mod: Limit one foe put to sleep\n|rule|Illusion Level Mod: Illusion disguises the Pok\u00e9mon's true level\n|\n|t:|1783573209\n|teamsize|p1|6\n|teamsize|p2|6\n|start\n|switch|p1a: Miraidon|Miraidon, L65|238/238\n|switch|p2a: Diancie|Diancie, L82|100/100\n|-fieldstart|move: Electric Terrain|[from] ability: Hadron Engine|[of] p1a: Miraidon\n|turn|1\n|inactive|Battle timer is ON: inactive players will automatically lose when time's up. (requested by p0x29707283)\n|inactive|p0y2970ab58 also wants the timer to be on.\n|\n|t:|1783573211\n|switch|p1a: Iron Crown|Iron Crown, L78|268/268\n|-activate|p1a: Iron Crown|ability: Quark Drive\n|-start|p1a: Iron Crown|quarkdrivespa\n|move|p2a: Diancie|Diamond Storm|p1a: Iron Crown\n|-resisted|p1a: Iron Crown\n|-damage|p1a: Iron Crown|216/268\n|-boost|p2a: Diancie|def|2\n|\n|upkeep\n|turn|2\n|inactive|Time left: 300 sec this turn | 300 sec total\n|\n|t:|1783573212\n|switch|p2a: Heatran|Heatran, L79, M|100/100\n|-item|p2a: Heatran|Air Balloon\n|move|p1a: Iron Crown|Tachyon Cutter|p2a: Heatran\n|-resisted|p2a: Heatran\n|-damage|p2a: Heatran|91/100\n|-enditem|p2a: Heatran|Air Balloon\n|-resisted|p2a: Heatran\n|-damage|p2a: Heatran|83/100\n|-hitcount|p2a: Heatran|2\n|\n|upkeep\n|turn|3\n|inactive|Time left: 300 sec this turn | 300 sec total\n|\n|t:|1783573214\n|move|p1a: Iron Crown|Tachyon Cutter|p2a: Heatran\n|-resisted|p2a: Heatran\n|-damage|p2a: Heatran|74/100\n|-resisted|p2a: Heatran\n|-damage|p2a: Heatran|64/100\n|-hitcount|p2a: Heatran|2\n|move|p2a: Heatran|Stealth Rock|p1a: Iron Crown\n|-sidestart|p1: p0x29707283|move: Stealth Rock\n|\n|upkeep\n|turn|4\n|inactive|Time left: 300 sec this turn | 300 sec total\n|\n|t:|1783573215\n|move|p1a: Iron Crown|Tachyon Cutter|p2a: Heatran\n|-resisted|p2a: Heatran\n|-damage|p2a: Heatran|56/100\n|-resisted|p2a: Heatran\n|-damage|p2a: Heatran|47/100\n|-hitcount|p2a: Heatran|2\n|move|p2a: Heatran|Magma Storm|p1a: Iron Crown\n|-supereffective|p1a: Iron Crown\n|-damage|p1a: Iron Crown|0 fnt\n|faint|p1a: Iron Crown\n|-end|p1a: Iron Crown|Quark Drive|[silent]\n|\n|upkeep\n|inactive|Time left: 300 sec this turn | 300 sec total | 5 sec grace\n|\n|t:|1783573216\n|switch|p1a: Floatzel|Floatzel, L86, F|286/286\n|-damage|p1a: Floatzel|251/286|[from] Stealth Rock\n|turn|5\n|inactive|Time left: 300 sec this turn | 300 sec total\n|\n|t:|1783573217\n|switch|p2a: Tauros|Tauros-Paldea-Combat, L82, M|100/100\n|-ability|p2a: Tauros|Intimidate|boost\n|-unboost|p1a: Floatzel|atk|1\n|move|p1a: Floatzel|Wave Crash|p2a: Tauros\n|-damage|p2a: Tauros|50/100\n|-damage|p1a: Floatzel|208/286|[from] Recoil\n|\n|-fieldend|move: Electric Terrain\n|upkeep\n|turn|6\n|inactive|Time left: 300 sec this turn | 300 sec total\n|\n|t:|1783573218\n|switch|p2a: Walking Wake|Walking Wake, L79|100/100\n|move|p1a: Floatzel|Wave Crash|p2a: Walking Wake\n|-resisted|p2a: Walking Wake\n|-damage|p2a: Walking Wake|88/100\n|-damage|p1a: Floatzel|196/286|[from] Recoil\n|\n|upkeep\n|turn|7\n|inactive|Time left: 300 sec this turn | 300 sec total\n|\n|t:|1783573219\n|move|p1a: Floatzel|Wave Crash|p2a: Walking Wake\n|-resisted|p2a: Walking Wake\n|-damage|p2a: Walking Wake|76/100\n|-damage|p1a: Floatzel|184/286|[from] Recoil\n|move|p2a: Walking Wake|Draco Meteor|p1a: Floatzel\n|-damage|p1a: Floatzel|0 fnt\n|-unboost|p2a: Walking Wake|spa|2\n|faint|p1a: Floatzel\n|\n|upkeep\n|inactive|Time left: 300 sec this turn | 300 sec total | 5 sec grace\n|\n|t:|1783573220\n|switch|p1a: Delibird|Delibird, M|252/252\n|turn|8\n|inactive|Time left: 300 sec this turn | 300 sec total\n|\n|t:|1783573221\n|move|p2a: Walking Wake|Draco Meteor|p1a: Delibird\n|-damage|p1a: Delibird|99/252\n|-unboost|p2a: Walking Wake|spa|2\n|move|p1a: Delibird|Rapid Spin|p2a: Walking Wake\n|-damage|p2a: Walking Wake|63/100\n|-boost|p1a: Delibird|spe|1\n|-sideend|p1: p0x29707283|Stealth Rock|[from] move: Rapid Spin|[of] p1a: Delibird\n|\n|upkeep\n|turn|9\n|inactive|Time left: 300 sec this turn | 300 sec total\n|\n|t:|1783573222\n|-end|p2a: Walking Wake|Protosynthesis|[silent]\n|switch|p2a: Arbok|Arbok, L87, F|100/100\n|-ability|p2a: Arbok|Intimidate|boost\n|-unboost|p1a: Delibird|atk|1\n|move|p1a: Delibird|Freeze-Dry|p2a: Arbok\n|-damage|p2a: Arbok|65/100\n|\n|-heal|p2a: Arbok|71/100|[from] item: Leftovers\n|upkeep\n|turn|10\n|inactive|Time left: 300 sec this turn | 300 sec total\n|\n|t:|1783573223\n|move|p1a: Delibird|Spikes|p2a: Arbok\n|-sidestart|p2: p0y2970ab58|Spikes\n|move|p2a: Arbok|Gunk Shot|p1a: Delibird\n|-damage|p1a: Delibird|0 fnt\n|faint|p1a: Delibird\n|\n|-heal|p2a: Arbok|77/100|[from] item: Leftovers\n|upkeep\n|inactive|Time left: 300 sec this turn | 300 sec total | 5 sec grace\n|\n|t:|1783573225\n|switch|p1a: Miraidon|Miraidon, L65|238/238\n|-fieldstart|move: Electric Terrain|[from] ability: Hadron Engine|[of] p1a: Miraidon\n|turn|11\n|inactive|Time left: 300 sec this turn | 300 sec total\n|\n|t:|1783573225\n|-terastallize|p2a: Arbok|Ground\n|move|p1a: Miraidon|Electro Drift|p2a: Arbok\n|-immune|p2a: Arbok\n|move|p2a: Arbok|Earthquake|p1a: Miraidon\n|-supereffective|p1a: Miraidon\n|-damage|p1a: Miraidon|0 fnt\n|faint|p1a: Miraidon\n|\n|-heal|p2a: Arbok|83/100|[from] item: Leftovers\n|upkeep\n|inactive|Time left: 300 sec this turn | 300 sec total | 5 sec grace\n|\n|t:|1783573226\n|switch|p1a: Gouging Fire|Gouging Fire, L74|277/277\n|turn|12\n|inactive|Time left: 300 sec this turn | 300 sec total\n|\n|t:|1783573227\n|move|p2a: Arbok|Earthquake|p1a: Gouging Fire\n|-supereffective|p1a: Gouging Fire\n|-damage|p1a: Gouging Fire|77/277\n|move|p1a: Gouging Fire|Dragon Dance|p1a: Gouging Fire\n|-boost|p1a: Gouging Fire|atk|1\n|-boost|p1a: Gouging Fire|spe|1\n|\n|-heal|p2a: Arbok|89/100|[from] item: Leftovers\n|upkeep\n|turn|13\n|inactive|Time left: 300 sec this turn | 300 sec total\n|\n|t:|1783573228\n|move|p1a: Gouging Fire|Outrage|p2a: Arbok\n|-damage|p2a: Arbok|16/100\n|move|p2a: Arbok|Earthquake|p1a: Gouging Fire\n|-supereffective|p1a: Gouging Fire\n|-damage|p1a: Gouging Fire|0 fnt\n|faint|p1a: Gouging Fire\n|-end|p1a: Gouging Fire|Protosynthesis|[silent]\n|\n|-heal|p2a: Arbok|22/100|[from] item: Leftovers\n|upkeep\n|inactive|Time left: 300 sec this turn | 300 sec total | 5 sec grace\n|\n|t:|1783573229\n|switch|p1a: Scream Tail|Scream Tail, L84|330/330\n|turn|14\n|inactive|Time left: 300 sec this turn | 300 sec total\n|\n|t:|1783573229\n|switch|p2a: Heatran|Heatran, L79, M|47/100\n|-damage|p2a: Heatran|35/100|[from] Spikes\n|move|p1a: Scream Tail|Dazzling Gleam|p2a: Heatran\n|-resisted|p2a: Heatran\n|-damage|p2a: Heatran|29/100\n|\n|upkeep\n|turn|15\n|inactive|Time left: 300 sec this turn | 300 sec total\n|\n|t:|1783573230\n|move|p1a: Scream Tail|Thunder Wave|p2a: Heatran\n|-status|p2a: Heatran|par\n|move|p2a: Heatran|Heavy Slam|p1a: Scream Tail\n|-supereffective|p1a: Scream Tail\n|-damage|p1a: Scream Tail|150/330\n|\n|-heal|p1a: Scream Tail|170/330|[from] item: Leftovers\n|-fieldend|move: Electric Terrain\n|upkeep\n|turn|16\n|inactive|Time left: 300 sec this turn | 300 sec total\n|\n|t:|1783573231\n|move|p1a: Scream Tail|Protect|p1a: Scream Tail\n|-singleturn|p1a: Scream Tail|Protect\n|cant|p2a: Heatran|par\n|\n|-heal|p1a: Scream Tail|190/330|[from] item: Leftovers\n|upkeep\n|turn|17\n|inactive|Time left: 300 sec this turn | 300 sec total\n|\n|t:|1783573232\n|-terastallize|p1a: Scream Tail|Steel\n|move|p1a: Scream Tail|Wish|p1a: Scream Tail\n|move|p2a: Heatran|Heavy Slam|p1a: Scream Tail\n|-resisted|p1a: Scream Tail\n|-damage|p1a: Scream Tail|139/330\n|\n|-heal|p1a: Scream Tail|159/330|[from] item: Leftovers\n|upkeep\n|turn|18\n|inactive|Time left: 300 sec this turn | 300 sec total\n|\n|t:|1783573233\n|move|p1a: Scream Tail|Protect|p1a: Scream Tail\n|-singleturn|p1a: Scream Tail|Protect\n|move|p2a: Heatran|Magma Storm|p1a: Scream Tail\n|-activate|p1a: Scream Tail|move: Protect\n|\n|-heal|p1a: Scream Tail|324/330|[from] move: Wish|[wisher] Scream Tail\n|-heal|p1a: Scream Tail|330/330|[from] item: Leftovers\n|upkeep\n|turn|19\n|inactive|Time left: 300 sec this turn | 300 sec total\n|\n|t:|1783573234\n|move|p1a: Scream Tail|Wish|p1a: Scream Tail\n|move|p2a: Heatran|Magma Storm|p1a: Scream Tail\n|-supereffective|p1a: Scream Tail\n|-damage|p1a: Scream Tail|144/330\n|-activate|p1a: Scream Tail|move: Magma Storm|[of] p2a: Heatran\n|\n|-heal|p1a: Scream Tail|164/330|[from] item: Leftovers\n|-damage|p1a: Scream Tail|123/330|[from] move: Magma Storm|[partiallytrapped]\n|upkeep\n|turn|20\n|inactive|Time left: 300 sec this turn | 300 sec total\n|\n|t:|1783573235\n|move|p1a: Scream Tail|Protect|p1a: Scream Tail\n|-singleturn|p1a: Scream Tail|Protect\n|cant|p2a: Heatran|par\n|\n|-heal|p1a: Scream Tail|288/330|[from] move: Wish|[wisher] Scream Tail\n|-heal|p1a: Scream Tail|308/330|[from] item: Leftovers\n|-damage|p1a: Scream Tail|267/330|[from] move: Magma Storm|[partiallytrapped]\n|upkeep\n|turn|21\n|inactive|Time left: 300 sec this turn | 300 sec total\n|\n|t:|1783573236\n|move|p1a: Scream Tail|Wish|p1a: Scream Tail\n|move|p2a: Heatran|Magma Storm|p1a: Scream Tail\n|-supereffective|p1a: Scream Tail\n|-damage|p1a: Scream Tail|69/330\n|\n|-heal|p1a: Scream Tail|89/330|[from] item: Leftovers\n|-damage|p1a: Scream Tail|48/330|[from] move: Magma Storm|[partiallytrapped]\n|upkeep\n|turn|22\n|inactive|Time left: 300 sec this turn | 300 sec total\n|\n|t:|1783573237\n|move|p1a: Scream Tail|Protect|p1a: Scream Tail\n|-singleturn|p1a: Scream Tail|Protect\n|move|p2a: Heatran|Earth Power|p1a: Scream Tail\n|-activate|p1a: Scream Tail|move: Protect\n|\n|-heal|p1a: Scream Tail|213/330|[from] move: Wish|[wisher] Scream Tail\n|-heal|p1a: Scream Tail|233/330|[from] item: Leftovers\n|-damage|p1a: Scream Tail|192/330|[from] move: Magma Storm|[partiallytrapped]\n|upkeep\n|turn|23\n|inactive|Time left: 300 sec this turn | 300 sec total\n|\n|t:|1783573238\n|move|p1a: Scream Tail|Wish|p1a: Scream Tail\n|move|p2a: Heatran|Magma Storm|p1a: Scream Tail\n|-supereffective|p1a: Scream Tail\n|-damage|p1a: Scream Tail|4/330\n|\n|-heal|p1a: Scream Tail|24/330|[from] item: Leftovers\n|-damage|p1a: Scream Tail|0 fnt|[from] move: Magma Storm|[partiallytrapped]\n|faint|p1a: Scream Tail\n|-end|p1a: Scream Tail|Protosynthesis|[silent]\n|\n|win|p0y2970ab58", "uploadtime": 1783573238, "views": 0, "rating": 0, "private": 0, "password": null, "_winner": "p0y2970ab58", "_our_name": "p0x29707283"}