{"id": "battle-gen9randombattle-1379", "formatid": "gen9randombattle", "format": "[Gen 9] Random Battle", "players": ["p0x13799c86", "p0y13790f74"], "log": "|init|battle\n|title|p0x13799c86 vs. p0y13790f74\n|j|\u2606p0x13799c86\n|j|\u2606p0y13790f74\n|t:|1783556034\n|gametype|singles\n|player|p1|p0x13799c86|266|\n|player|p2|p0y13790f74|1|\n|gen|9\n|tier|[Gen 9] Random Battle\n|rule|Species Clause: Limit one of each Pok\u00e9mon\n|rule|HP Percentage Mod: HP is shown in percentages\n|rule|Sleep Clause Mod: Limit one foe put to sleep\n|rule|Illusion Level Mod: Illusion disguises the Pok\u00e9mon's true level\n|\n|t:|1783556034\n|teamsize|p1|6\n|teamsize|p2|6\n|start\n|switch|p1a: Infernape|Infernape, L82, F|100/100\n|switch|p2a: Diancie|Diancie, L82|216/216\n|turn|1\n|inactive|Battle timer is ON: inactive players will automatically lose when time's up. (requested by p0y13790f74)\n|inactive|p0x13799c86 also wants the timer to be on.\n|\n|t:|1783556036\n|switch|p1a: Swalot|Swalot, L90, M|100/100\n|move|p2a: Diancie|Diamond Storm|p1a: Swalot\n|-damage|p1a: Swalot|68/100\n|\n|-heal|p1a: Swalot|74/100|[from] item: Leftovers\n|upkeep\n|turn|2\n|inactive|Time left: 300 sec this turn | 300 sec total\n|\n|t:|1783556037\n|move|p1a: Swalot|Swords Dance|p1a: Swalot\n|-boost|p1a: Swalot|atk|2\n|move|p2a: Diancie|Diamond Storm|p1a: Swalot\n|-damage|p1a: Swalot|44/100\n|-boost|p2a: Diancie|def|2\n|\n|-heal|p1a: Swalot|50/100|[from] item: Leftovers\n|upkeep\n|turn|3\n|inactive|Time left: 300 sec this turn | 300 sec total\n|\n|t:|1783556038\n|move|p1a: Swalot|Gunk Shot|p2a: Diancie\n|-damage|p2a: Diancie|140/216\n|-status|p2a: Diancie|psn\n|move|p2a: Diancie|Diamond Storm|p1a: Swalot\n|-damage|p1a: Swalot|19/100\n|-boost|p2a: Diancie|def|2\n|\n|-heal|p1a: Swalot|25/100|[from] item: Leftovers\n|-heal|p2a: Diancie|153/216 psn|[from] item: Leftovers\n|-damage|p2a: Diancie|126/216 psn|[from] psn\n|upkeep\n|turn|4\n|inactive|Time left: 300 sec this turn | 300 sec total\n|\n|t:|1783556039\n|-terastallize|p1a: Swalot|Ground\n|move|p1a: Swalot|Earthquake|p2a: Diancie\n|-supereffective|p2a: Diancie\n|-damage|p2a: Diancie|30/216 psn\n|move|p2a: Diancie|Body Press|p1a: Swalot\n|-damage|p1a: Swalot|0 fnt\n|faint|p1a: Swalot\n|\n|-heal|p2a: Diancie|43/216 psn|[from] item: Leftovers\n|-damage|p2a: Diancie|16/216 psn|[from] psn\n|upkeep\n|\n|t:|1783556040\n|switch|p1a: Whiscash|Whiscash, L88, F|100/100\n|turn|5\n|inactive|Time left: 300 sec this turn | 300 sec total\n|\n|t:|1783556041\n|switch|p2a: Sinistcha|Sinistcha, L83|254/254\n|move|p1a: Whiscash|Liquidation|p2a: Sinistcha\n|-resisted|p2a: Sinistcha\n|-damage|p2a: Sinistcha|210/254\n|-damage|p1a: Whiscash|91/100|[from] item: Life Orb\n|\n|-heal|p2a: Sinistcha|225/254|[from] item: Leftovers\n|upkeep\n|turn|6\n|inactive|Time left: 300 sec this turn | 300 sec total\n|\n|t:|1783556042\n|switch|p1a: Zangoose|Zangoose, L85, F|100/100\n|move|p2a: Sinistcha|Matcha Gotcha|p1a: Zangoose\n|-damage|p1a: Zangoose|55/100\n|-heal|p2a: Sinistcha|254/254|[from] drain|[of] p1a: Zangoose\n|\n|-status|p1a: Zangoose|tox|[from] item: Toxic Orb\n|upkeep\n|turn|7\n|inactive|Time left: 300 sec this turn | 300 sec total\n|\n|t:|1783556043\n|move|p1a: Zangoose|Knock Off|p2a: Sinistcha\n|-supereffective|p2a: Sinistcha\n|-damage|p2a: Sinistcha|30/254\n|-enditem|p2a: Sinistcha|Leftovers|[from] move: Knock Off|[of] p1a: Zangoose\n|move|p2a: Sinistcha|Matcha Gotcha|p1a: Zangoose\n|-damage|p1a: Zangoose|2/100 tox\n|-heal|p2a: Sinistcha|99/254|[from] drain|[of] p1a: Zangoose\n|\n|-damage|p1a: Zangoose|0 fnt|[from] psn\n|faint|p1a: Zangoose\n|upkeep\n|\n|t:|1783556044\n|switch|p1a: Darkrai|Darkrai, L77|100/100\n|turn|8\n|inactive|Time left: 300 sec this turn | 300 sec total\n|\n|t:|1783556045\n|move|p1a: Darkrai|Dark Pulse|p2a: Sinistcha\n|-supereffective|p2a: Sinistcha\n|-damage|p2a: Sinistcha|0 fnt\n|faint|p2a: Sinistcha\n|-damage|p1a: Darkrai|91/100|[from] item: Life Orb\n|\n|upkeep\n|inactive|Time left: 300 sec this turn | 300 sec total | 5 sec grace\n|\n|t:|1783556046\n|switch|p2a: Braviary|Braviary, L85, M|309/309\n|turn|9\n|inactive|Time left: 300 sec this turn | 300 sec total\n|\n|t:|1783556047\n|move|p1a: Darkrai|Dark Pulse|p2a: Braviary\n|-damage|p2a: Braviary|180/309\n|-damage|p1a: Darkrai|81/100|[from] item: Life Orb\n|move|p2a: Braviary|Close Combat|p1a: Darkrai\n|-supereffective|p1a: Darkrai\n|-damage|p1a: Darkrai|0 fnt\n|-unboost|p2a: Braviary|def|1\n|-unboost|p2a: Braviary|spd|1\n|faint|p1a: Darkrai\n|\n|upkeep\n|\n|t:|1783556048\n|switch|p1a: Whiscash|Whiscash, L88, F|91/100\n|turn|10\n|inactive|Time left: 300 sec this turn | 300 sec total\n|\n|t:|1783556049\n|move|p2a: Braviary|Brave Bird|p1a: Whiscash\n|-damage|p1a: Whiscash|42/100\n|-damage|p2a: Braviary|126/309|[from] Recoil\n|move|p1a: Whiscash|Dragon Dance|p1a: Whiscash\n|-boost|p1a: Whiscash|atk|1\n|-boost|p1a: Whiscash|spe|1\n|\n|upkeep\n|turn|11\n|inactive|Time left: 300 sec this turn | 300 sec total\n|\n|t:|1783556050\n|switch|p2a: Diancie|Diancie, L82|16/216 psn\n|move|p1a: Whiscash|Liquidation|p2a: Diancie\n|-supereffective|p2a: Diancie\n|-damage|p2a: Diancie|0 fnt\n|faint|p2a: Diancie\n|-damage|p1a: Whiscash|32/100|[from] item: Life Orb\n|\n|upkeep\n|inactive|Time left: 300 sec this turn | 300 sec total | 5 sec grace\n|\n|t:|1783556051\n|switch|p2a: Furret|Furret, L94, F|312/312\n|-item|p1a: Whiscash|Life Orb|[from] ability: Frisk|[of] p2a: Furret\n|turn|12\n|inactive|Time left: 300 sec this turn | 300 sec total\n|\n|t:|1783556052\n|move|p1a: Whiscash|Earthquake|p2a: Furret\n|-damage|p2a: Furret|98/312\n|-damage|p1a: Whiscash|22/100|[from] item: Life Orb\n|move|p2a: Furret|U-turn|p1a: Whiscash\n|-damage|p1a: Whiscash|0 fnt\n|faint|p1a: Whiscash\n|inactive|Time left: 300 sec this turn | 300 sec total | 5 sec grace\n|\n|t:|1783556053\n|switch|p2a: Chandelure|Chandelure, L83, M|235/235|[from] U-turn\n|\n|upkeep\n|\n|t:|1783556054\n|switch|p1a: Infernape|Infernape, L82, F|100/100\n|turn|13\n|inactive|Time left: 300 sec this turn | 300 sec total\n|\n|t:|1783556055\n|move|p1a: Infernape|Knock Off|p2a: Chandelure\n|-supereffective|p2a: Chandelure\n|-damage|p2a: Chandelure|53/235\n|-enditem|p2a: Chandelure|Heavy-Duty Boots|[from] move: Knock Off|[of] p1a: Infernape\n|-damage|p1a: Infernape|91/100|[from] item: Life Orb\n|move|p2a: Chandelure|Calm Mind|p2a: Chandelure\n|-boost|p2a: Chandelure|spa|1\n|-boost|p2a: Chandelure|spd|1\n|\n|upkeep\n|turn|14\n|inactive|Time left: 300 sec this turn | 300 sec total\n|\n|t:|1783556057\n|move|p1a: Infernape|Knock Off|p2a: Chandelure\n|-supereffective|p2a: Chandelure\n|-damage|p2a: Chandelure|0 fnt\n|faint|p2a: Chandelure\n|-damage|p1a: Infernape|81/100|[from] item: Life Orb\n|\n|upkeep\n|inactive|Time left: 300 sec this turn | 300 sec total | 5 sec grace\n|\n|t:|1783556058\n|switch|p2a: Gothitelle|Gothitelle, L90, F|272/272\n|turn|15\n|inactive|Time left: 300 sec this turn | 300 sec total\n|\n|t:|1783556059\n|move|p1a: Infernape|Overheat|p2a: Gothitelle\n|-damage|p2a: Gothitelle|120/272\n|-unboost|p1a: Infernape|spa|2\n|-damage|p1a: Infernape|72/100|[from] item: Life Orb\n|move|p2a: Gothitelle|Psychic Noise|p1a: Infernape\n|-supereffective|p1a: Infernape\n|-damage|p1a: Infernape|0 fnt\n|faint|p1a: Infernape\n|\n|-heal|p2a: Gothitelle|137/272|[from] item: Leftovers\n|upkeep\n|\n|t:|1783556060\n|switch|p1a: Gurdurr|Gurdurr, L85, M|100/100\n|turn|16\n|inactive|Time left: 300 sec this turn | 300 sec total\n|\n|t:|1783556061\n|-terastallize|p2a: Gothitelle|Ghost\n|move|p2a: Gothitelle|Psychic Noise|p1a: Gurdurr\n|-supereffective|p1a: Gurdurr\n|-damage|p1a: Gurdurr|39/100\n|-start|p1a: Gurdurr|move: Heal Block\n|move|p1a: Gurdurr|Knock Off|p2a: Gothitelle\n|-supereffective|p2a: Gothitelle\n|-damage|p2a: Gothitelle|3/272\n|-enditem|p2a: Gothitelle|Leftovers|[from] move: Knock Off|[of] p1a: Gurdurr\n|\n|upkeep\n|turn|17\n|inactive|Time left: 300 sec this turn | 300 sec total\n|\n|t:|1783556063\n|move|p2a: Gothitelle|Psychic Noise|p1a: Gurdurr\n|-supereffective|p1a: Gurdurr\n|-damage|p1a: Gurdurr|0 fnt\n|faint|p1a: Gurdurr\n|\n|win|p0y13790f74", "uploadtime": 1783556063, "views": 0, "rating": 0, "private": 0, "password": null, "_winner": "p0y13790f74", "_our_name": "p0y13790f74"}