{"id": "battle-gen9randombattle-1746", "formatid": "gen9randombattle", "format": "[Gen 9] Random Battle", "players": ["p0x17466551", "p0y1746f7d7"], "log": "|init|battle\n|title|p0x17466551 vs. p0y1746f7d7\n|j|\u2606p0x17466551\n|j|\u2606p0y1746f7d7\n|t:|1783560171\n|gametype|singles\n|player|p1|p0x17466551|1|\n|player|p2|p0y1746f7d7|169|\n|gen|9\n|tier|[Gen 9] Random Battle\n|rule|Species Clause: Limit one of each Pok\u00e9mon\n|rule|HP Percentage Mod: HP is shown in percentages\n|rule|Sleep Clause Mod: Limit one foe put to sleep\n|rule|Illusion Level Mod: Illusion disguises the Pok\u00e9mon's true level\n|\n|t:|1783560171\n|teamsize|p1|6\n|teamsize|p2|6\n|start\n|switch|p1a: Conkeldurr|Conkeldurr, L80, M|299/299\n|switch|p2a: Latias|Latias, L79, F|100/100\n|turn|1\n|inactive|Battle timer is ON: inactive players will automatically lose when time's up. (requested by p0x17466551)\n|\n|t:|1783560172\n|move|p2a: Latias|Psyshock|p1a: Conkeldurr\n|-supereffective|p1a: Conkeldurr\n|-damage|p1a: Conkeldurr|87/299\n|move|p1a: Conkeldurr|Knock Off|p2a: Latias\n|-supereffective|p2a: Latias\n|-damage|p2a: Latias|36/100\n|-enditem|p2a: Latias|Soul Dew|[from] move: Knock Off|[of] p1a: Conkeldurr\n|\n|-status|p1a: Conkeldurr|brn|[from] item: Flame Orb\n|upkeep\n|turn|2\n|inactive|Time left: 300 sec this turn | 300 sec total\n|inactive|p0y1746f7d7 also wants the timer to be on.\n|\n|t:|1783560174\n|switch|p1a: Hatterene|Hatterene, L85, F|236/236\n|move|p2a: Latias|Psyshock|p1a: Hatterene\n|-resisted|p1a: Hatterene\n|-damage|p1a: Hatterene|198/236\n|\n|-heal|p1a: Hatterene|212/236|[from] item: Leftovers\n|upkeep\n|turn|3\n|inactive|Time left: 300 sec this turn | 300 sec total\n|\n|t:|1783560175\n|move|p2a: Latias|Recover|p2a: Latias\n|-heal|p2a: Latias|86/100\n|move|p1a: Hatterene|Calm Mind|p1a: Hatterene\n|-boost|p1a: Hatterene|spa|1\n|-boost|p1a: Hatterene|spd|1\n|\n|-heal|p1a: Hatterene|226/236|[from] item: Leftovers\n|upkeep\n|turn|4\n|inactive|Time left: 300 sec this turn | 300 sec total\n|\n|t:|1783560176\n|move|p2a: Latias|Calm Mind|p2a: Latias\n|-boost|p2a: Latias|spa|1\n|-boost|p2a: Latias|spd|1\n|move|p1a: Hatterene|Mystical Fire|p2a: Latias\n|-resisted|p2a: Latias\n|-damage|p2a: Latias|76/100\n|-unboost|p2a: Latias|spa|1\n|\n|-heal|p1a: Hatterene|236/236|[from] item: Leftovers\n|upkeep\n|turn|5\n|inactive|Time left: 300 sec this turn | 300 sec total\n|\n|t:|1783560176\n|move|p2a: Latias|Calm Mind|p2a: Latias\n|-boost|p2a: Latias|spa|1\n|-boost|p2a: Latias|spd|1\n|move|p1a: Hatterene|Draining Kiss|p2a: Latias\n|-supereffective|p2a: Latias\n|-damage|p2a: Latias|40/100\n|\n|upkeep\n|turn|6\n|inactive|Time left: 300 sec this turn | 300 sec total\n|\n|t:|1783560177\n|move|p2a: Latias|Recover|p2a: Latias\n|-heal|p2a: Latias|90/100\n|move|p1a: Hatterene|Psyshock|p2a: Latias\n|-resisted|p2a: Latias\n|-damage|p2a: Latias|54/100\n|\n|upkeep\n|turn|7\n|inactive|Time left: 300 sec this turn | 300 sec total\n|\n|t:|1783560178\n|move|p2a: Latias|Recover|p2a: Latias\n|-heal|p2a: Latias|100/100\n|move|p1a: Hatterene|Psyshock|p2a: Latias\n|-resisted|p2a: Latias\n|-crit|p2a: Latias\n|-damage|p2a: Latias|45/100\n|\n|upkeep\n|turn|8\n|inactive|Time left: 300 sec this turn | 300 sec total\n|\n|t:|1783560179\n|move|p2a: Latias|Recover|p2a: Latias\n|-heal|p2a: Latias|95/100\n|move|p1a: Hatterene|Calm Mind|p1a: Hatterene\n|-boost|p1a: Hatterene|spa|1\n|-boost|p1a: Hatterene|spd|1\n|\n|upkeep\n|turn|9\n|inactive|Time left: 300 sec this turn | 300 sec total\n|\n|t:|1783560180\n|move|p2a: Latias|Calm Mind|p2a: Latias\n|-boost|p2a: Latias|spa|1\n|-boost|p2a: Latias|spd|1\n|move|p1a: Hatterene|Psyshock|p2a: Latias\n|-resisted|p2a: Latias\n|-damage|p2a: Latias|46/100\n|\n|upkeep\n|turn|10\n|inactive|Time left: 300 sec this turn | 300 sec total\n|\n|t:|1783560181\n|move|p2a: Latias|Recover|p2a: Latias\n|-heal|p2a: Latias|96/100\n|move|p1a: Hatterene|Psyshock|p2a: Latias\n|-resisted|p2a: Latias\n|-damage|p2a: Latias|48/100\n|\n|upkeep\n|turn|11\n|inactive|Time left: 300 sec this turn | 300 sec total\n|\n|t:|1783560182\n|move|p2a: Latias|Recover|p2a: Latias\n|-heal|p2a: Latias|98/100\n|move|p1a: Hatterene|Psyshock|p2a: Latias\n|-resisted|p2a: Latias\n|-damage|p2a: Latias|47/100\n|\n|upkeep\n|turn|12\n|inactive|Time left: 300 sec this turn | 300 sec total\n|\n|t:|1783560183\n|move|p2a: Latias|Recover|p2a: Latias\n|-heal|p2a: Latias|97/100\n|move|p1a: Hatterene|Psyshock|p2a: Latias\n|-resisted|p2a: Latias\n|-damage|p2a: Latias|54/100\n|\n|upkeep\n|turn|13\n|inactive|Time left: 300 sec this turn | 300 sec total\n|\n|t:|1783560184\n|move|p2a: Latias|Recover|p2a: Latias\n|-heal|p2a: Latias|100/100\n|move|p1a: Hatterene|Psyshock|p2a: Latias\n|-resisted|p2a: Latias\n|-crit|p2a: Latias\n|-damage|p2a: Latias|27/100\n|\n|upkeep\n|turn|14\n|inactive|Time left: 300 sec this turn | 300 sec total\n|\n|t:|1783560185\n|move|p2a: Latias|Psyshock|p1a: Hatterene\n|-resisted|p1a: Hatterene\n|-crit|p1a: Hatterene\n|-damage|p1a: Hatterene|117/236\n|move|p1a: Hatterene|Psyshock|p2a: Latias\n|-resisted|p2a: Latias\n|-damage|p2a: Latias|0 fnt\n|faint|p2a: Latias\n|\n|-heal|p1a: Hatterene|131/236|[from] item: Leftovers\n|upkeep\n|\n|t:|1783560186\n|switch|p2a: Deoxys|Deoxys-Defense, L84|100/100\n|-ability|p2a: Deoxys|Pressure\n|turn|15\n|inactive|Time left: 300 sec this turn | 300 sec total\n|\n|t:|1783560187\n|move|p2a: Deoxys|Night Shade|p1a: Hatterene\n|-damage|p1a: Hatterene|47/236\n|move|p1a: Hatterene|Draining Kiss|p2a: Deoxys\n|-damage|p2a: Deoxys|63/100\n|-heal|p1a: Hatterene|109/236|[from] drain|[of] p2a: Deoxys\n|\n|-heal|p2a: Deoxys|69/100|[from] item: Leftovers\n|-heal|p1a: Hatterene|123/236|[from] item: Leftovers\n|upkeep\n|turn|16\n|inactive|Time left: 300 sec this turn | 300 sec total\n|\n|t:|1783560189\n|move|p2a: Deoxys|Night Shade|p1a: Hatterene\n|-damage|p1a: Hatterene|39/236\n|move|p1a: Hatterene|Draining Kiss|p2a: Deoxys\n|-damage|p2a: Deoxys|27/100\n|-heal|p1a: Hatterene|109/236|[from] drain|[of] p2a: Deoxys\n|\n|-heal|p2a: Deoxys|33/100|[from] item: Leftovers\n|-heal|p1a: Hatterene|123/236|[from] item: Leftovers\n|upkeep\n|turn|17\n|inactive|Time left: 300 sec this turn | 300 sec total\n|\n|t:|1783560190\n|move|p2a: Deoxys|Recover|p2a: Deoxys\n|-heal|p2a: Deoxys|83/100\n|move|p1a: Hatterene|Draining Kiss|p2a: Deoxys\n|-crit|p2a: Deoxys\n|-damage|p2a: Deoxys|24/100\n|-heal|p1a: Hatterene|221/236|[from] drain|[of] p2a: Deoxys\n|\n|-heal|p2a: Deoxys|30/100|[from] item: Leftovers\n|-heal|p1a: Hatterene|235/236|[from] item: Leftovers\n|upkeep\n|turn|18\n|inactive|Time left: 300 sec this turn | 300 sec total\n|\n|t:|1783560191\n|move|p2a: Deoxys|Recover|p2a: Deoxys\n|-heal|p2a: Deoxys|81/100\n|move|p1a: Hatterene|Mystical Fire|p2a: Deoxys\n|-damage|p2a: Deoxys|40/100\n|-unboost|p2a: Deoxys|spa|1\n|\n|-heal|p2a: Deoxys|46/100|[from] item: Leftovers\n|-heal|p1a: Hatterene|236/236|[from] item: Leftovers\n|upkeep\n|turn|19\n|inactive|Time left: 300 sec this turn | 300 sec total\n|\n|t:|1783560192\n|move|p2a: Deoxys|Recover|p2a: Deoxys\n|-heal|p2a: Deoxys|96/100\n|move|p1a: Hatterene|Mystical Fire|p2a: Deoxys\n|-crit|p2a: Deoxys\n|-damage|p2a: Deoxys|41/100\n|-unboost|p2a: Deoxys|spa|1\n|\n|-heal|p2a: Deoxys|47/100|[from] item: Leftovers\n|upkeep\n|turn|20\n|inactive|Time left: 300 sec this turn | 300 sec total\n|\n|t:|1783560193\n|move|p2a: Deoxys|Recover|p2a: Deoxys\n|-heal|p2a: Deoxys|97/100\n|move|p1a: Hatterene|Mystical Fire|p2a: Deoxys\n|-damage|p2a: Deoxys|53/100\n|-unboost|p2a: Deoxys|spa|1\n|\n|-heal|p2a: Deoxys|59/100|[from] item: Leftovers\n|upkeep\n|turn|21\n|inactive|Time left: 300 sec this turn | 300 sec total\n|\n|t:|1783560194\n|move|p2a: Deoxys|Recover|p2a: Deoxys\n|-heal|p2a: Deoxys|100/100\n|move|p1a: Hatterene|Mystical Fire|p2a: Deoxys\n|-damage|p2a: Deoxys|60/100\n|-unboost|p2a: Deoxys|spa|1\n|\n|-heal|p2a: Deoxys|66/100|[from] item: Leftovers\n|upkeep\n|turn|22\n|inactive|Time left: 300 sec this turn | 300 sec total\n|\n|t:|1783560195\n|move|p2a: Deoxys|Cosmic Power|p2a: Deoxys\n|-boost|p2a: Deoxys|def|1\n|-boost|p2a: Deoxys|spd|1\n|move|p1a: Hatterene|Mystical Fire|p2a: Deoxys\n|-damage|p2a: Deoxys|39/100\n|-unboost|p2a: Deoxys|spa|1\n|\n|-heal|p2a: Deoxys|45/100|[from] item: Leftovers\n|upkeep\n|turn|23\n|inactive|Time left: 300 sec this turn | 300 sec total\n|\n|t:|1783560196\n|move|p2a: Deoxys|Recover|p2a: Deoxys\n|-heal|p2a: Deoxys|96/100\n|move|p1a: Hatterene|Draining Kiss|p2a: Deoxys\n|-damage|p2a: Deoxys|68/100\n|\n|-heal|p2a: Deoxys|74/100|[from] item: Leftovers\n|upkeep\n|turn|24\n|inactive|Time left: 300 sec this turn | 300 sec total\n|\n|t:|1783560196\n|move|p2a: Deoxys|Cosmic Power|p2a: Deoxys\n|-boost|p2a: Deoxys|def|1\n|-boost|p2a: Deoxys|spd|1\n|move|p1a: Hatterene|Draining Kiss|p2a: Deoxys\n|-damage|p2a: Deoxys|52/100\n|\n|-heal|p2a: Deoxys|58/100|[from] item: Leftovers\n|upkeep\n|turn|25\n|inactive|Time left: 300 sec this turn | 300 sec total\n|\n|t:|1783560197\n|move|p2a: Deoxys|Recover|p2a: Deoxys\n|-heal|p2a: Deoxys|100/100\n|move|p1a: Hatterene|Mystical Fire|p2a: Deoxys\n|-damage|p2a: Deoxys|82/100\n|-unboost|p2a: Deoxys|spa|1\n|\n|-heal|p2a: Deoxys|88/100|[from] item: Leftovers\n|upkeep\n|turn|26\n|inactive|Time left: 300 sec this turn | 300 sec total\n|\n|t:|1783560198\n|move|p2a: Deoxys|Cosmic Power|p2a: Deoxys\n|-boost|p2a: Deoxys|def|1\n|-boost|p2a: Deoxys|spd|1\n|move|p1a: Hatterene|Draining Kiss|p2a: Deoxys\n|-damage|p2a: Deoxys|70/100\n|\n|-heal|p2a: Deoxys|76/100|[from] item: Leftovers\n|upkeep\n|turn|27\n|inactive|Time left: 300 sec this turn | 300 sec total\n|\n|t:|1783560199\n|move|p2a: Deoxys|Night Shade|p1a: Hatterene\n|-damage|p1a: Hatterene|152/236\n|move|p1a: Hatterene|Calm Mind|p1a: Hatterene\n|-boost|p1a: Hatterene|spa|1\n|-boost|p1a: Hatterene|spd|1\n|\n|-heal|p2a: Deoxys|82/100|[from] item: Leftovers\n|-heal|p1a: Hatterene|166/236|[from] item: Leftovers\n|upkeep\n|turn|28\n|inactive|Time left: 300 sec this turn | 300 sec total\n|\n|t:|1783560200\n|move|p2a: Deoxys|Night Shade|p1a: Hatterene\n|-damage|p1a: Hatterene|82/236\n|move|p1a: Hatterene|Draining Kiss|p2a: Deoxys\n|-damage|p2a: Deoxys|61/100\n|-heal|p1a: Hatterene|117/236|[from] drain|[of] p2a: Deoxys\n|\n|-heal|p2a: Deoxys|67/100|[from] item: Leftovers\n|-heal|p1a: Hatterene|131/236|[from] item: Leftovers\n|upkeep\n|turn|29\n|inactive|Time left: 300 sec this turn | 300 sec total\n|\n|t:|1783560201\n|move|p2a: Deoxys|Night Shade|p1a: Hatterene\n|-damage|p1a: Hatterene|47/236\n|move|p1a: Hatterene|Draining Kiss|p2a: Deoxys\n|-damage|p2a: Deoxys|46/100\n|-heal|p1a: Hatterene|82/236|[from] drain|[of] p2a: Deoxys\n|\n|-heal|p2a: Deoxys|52/100|[from] item: Leftovers\n|-heal|p1a: Hatterene|96/236|[from] item: Leftovers\n|upkeep\n|turn|30\n|inactive|Time left: 300 sec this turn | 300 sec total\n|\n|t:|1783560202\n|move|p2a: Deoxys|Night Shade|p1a: Hatterene\n|-damage|p1a: Hatterene|12/236\n|move|p1a: Hatterene|Mystical Fire|p2a: Deoxys\n|-damage|p2a: Deoxys|34/100\n|\n|-heal|p2a: Deoxys|39/100|[from] item: Leftovers\n|-heal|p1a: Hatterene|26/236|[from] item: Leftovers\n|upkeep\n|turn|31\n|inactive|Time left: 300 sec this turn | 300 sec total\n|\n|t:|1783560203\n|move|p2a: Deoxys|Night Shade|p1a: Hatterene\n|-damage|p1a: Hatterene|0 fnt\n|faint|p1a: Hatterene\n|\n|-heal|p2a: Deoxys|45/100|[from] item: Leftovers\n|upkeep\n|inactive|Time left: 300 sec this turn | 300 sec total | 5 sec grace\n|\n|t:|1783560203\n|switch|p1a: Tyranitar|Tyranitar, L78, M|284/284\n|-weather|Sandstorm|[from] ability: Sand Stream|[of] p1a: Tyranitar\n|turn|32\n|inactive|Time left: 300 sec this turn | 300 sec total\n|\n|t:|1783560204\n|move|p2a: Deoxys|Recover|p2a: Deoxys\n|-heal|p2a: Deoxys|96/100\n|move|p1a: Tyranitar|Knock Off|p2a: Deoxys\n|-supereffective|p2a: Deoxys\n|-damage|p2a: Deoxys|67/100\n|-enditem|p2a: Deoxys|Leftovers|[from] move: Knock Off|[of] p1a: Tyranitar\n|\n|-weather|Sandstorm|[upkeep]\n|-damage|p2a: Deoxys|62/100|[from] Sandstorm\n|upkeep\n|turn|33\n|inactive|Time left: 300 sec this turn | 300 sec total\n|\n|t:|1783560205\n|move|p2a: Deoxys|Night Shade|p1a: Tyranitar\n|-damage|p1a: Tyranitar|200/284\n|move|p1a: Tyranitar|Stone Edge|p2a: Deoxys\n|-damage|p2a: Deoxys|48/100\n|\n|-weather|Sandstorm|[upkeep]\n|-damage|p2a: Deoxys|42/100|[from] Sandstorm\n|upkeep\n|turn|34\n|inactive|Time left: 300 sec this turn | 300 sec total\n|\n|t:|1783560206\n|switch|p2a: Eiscue|Eiscue, L88, M|100/100\n|move|p1a: Tyranitar|Knock Off|p2a: Eiscue\n|-activate|p2a: Eiscue|ability: Ice Face\n|-damage|p2a: Eiscue|100/100\n|-enditem|p2a: Eiscue|Sitrus Berry|[from] move: Knock Off|[of] p1a: Tyranitar\n|detailschange|p2a: Eiscue|Eiscue-Noice, L88, M\n|\n|-weather|Sandstorm|[upkeep]\n|-damage|p2a: Eiscue|94/100|[from] Sandstorm\n|upkeep\n|turn|35\n|inactive|Time left: 300 sec this turn | 300 sec total\n|\n|t:|1783560207\n|move|p2a: Eiscue|Belly Drum|p2a: Eiscue\n|-damage|p2a: Eiscue|44/100\n|-setboost|p2a: Eiscue|atk|6|[from] move: Belly Drum\n|move|p1a: Tyranitar|Stone Edge|p2a: Eiscue\n|-supereffective|p2a: Eiscue\n|-damage|p2a: Eiscue|0 fnt\n|faint|p2a: Eiscue\n|\n|-weather|Sandstorm|[upkeep]\n|upkeep\n|\n|t:|1783560208\n|switch|p2a: Glaceon|Glaceon, L94, M|100/100\n|turn|36\n|inactive|Time left: 300 sec this turn | 300 sec total\n|\n|t:|1783560208\n|move|p2a: Glaceon|Freeze-Dry|p1a: Tyranitar\n|-damage|p1a: Tyranitar|149/284\n|move|p1a: Tyranitar|Stone Edge|p2a: Glaceon\n|-supereffective|p2a: Glaceon\n|-crit|p2a: Glaceon\n|-damage|p2a: Glaceon|0 fnt\n|faint|p2a: Glaceon\n|\n|-weather|none\n|upkeep\n|\n|t:|1783560210\n|switch|p2a: Volcarona|Volcarona, L77, F|100/100\n|turn|37\n|inactive|Time left: 300 sec this turn | 300 sec total\n|\n|t:|1783560211\n|move|p2a: Volcarona|Bug Buzz|p1a: Tyranitar\n|-supereffective|p1a: Tyranitar\n|-damage|p1a: Tyranitar|3/284\n|-unboost|p1a: Tyranitar|spd|1\n|move|p1a: Tyranitar|Stone Edge|p2a: Volcarona\n|-supereffective|p2a: Volcarona\n|-crit|p2a: Volcarona\n|-damage|p2a: Volcarona|0 fnt\n|faint|p2a: Volcarona\n|\n|upkeep\n|\n|t:|1783560212\n|switch|p2a: Mismagius|Mismagius, L86, F|100/100\n|turn|38\n|inactive|Time left: 300 sec this turn | 300 sec total\n|\n|t:|1783560213\n|switch|p1a: Arboliva|Arboliva, L91, M|290/290\n|move|p2a: Mismagius|Shadow Ball|p1a: Arboliva\n|-immune|p1a: Arboliva\n|\n|upkeep\n|turn|39\n|inactive|Time left: 300 sec this turn | 300 sec total\n|\n|t:|1783560214\n|move|p2a: Mismagius|Shadow Ball|p1a: Arboliva\n|-immune|p1a: Arboliva\n|move|p1a: Arboliva|Energy Ball|p2a: Mismagius\n|-crit|p2a: Mismagius\n|-damage|p2a: Mismagius|24/100\n|\n|upkeep\n|turn|40\n|inactive|Time left: 300 sec this turn | 300 sec total\n|\n|t:|1783560215\n|move|p2a: Mismagius|Shadow Ball|p1a: Arboliva\n|-immune|p1a: Arboliva\n|move|p1a: Arboliva|Energy Ball|p2a: Mismagius\n|-damage|p2a: Mismagius|0 fnt\n|faint|p2a: Mismagius\n|\n|upkeep\n|\n|t:|1783560216\n|switch|p2a: Deoxys|Deoxys-Defense, L84|42/100\n|-ability|p2a: Deoxys|Pressure\n|turn|41\n|inactive|Time left: 300 sec this turn | 300 sec total\n|\n|t:|1783560217\n|move|p2a: Deoxys|Cosmic Power|p2a: Deoxys\n|-boost|p2a: Deoxys|def|1\n|-boost|p2a: Deoxys|spd|1\n|move|p1a: Arboliva|Energy Ball|p2a: Deoxys\n|-damage|p2a: Deoxys|16/100\n|\n|upkeep\n|turn|42\n|inactive|Time left: 300 sec this turn | 300 sec total\n|\n|t:|1783560218\n|-terastallize|p2a: Deoxys|Steel\n|-terastallize|p1a: Arboliva|Poison\n|move|p2a: Deoxys|Night Shade|p1a: Arboliva\n|-damage|p1a: Arboliva|206/290\n|-fieldstart|move: Grassy Terrain|[from] ability: Seed Sower|[of] p1a: Arboliva\n|move|p1a: Arboliva|Earth Power|p2a: Deoxys\n|-supereffective|p2a: Deoxys\n|-damage|p2a: Deoxys|0 fnt\n|faint|p2a: Deoxys\n|\n|win|p0x17466551", "uploadtime": 1783560218, "views": 0, "rating": 0, "private": 0, "password": null, "_winner": "p0x17466551", "_our_name": "p0x17466551"}