{"id": "battle-gen9randombattle-1717", "formatid": "gen9randombattle", "format": "[Gen 9] Random Battle", "players": ["p0x1717308c", "p0y17179d71"], "log": "|init|battle\n|title|p0x1717308c vs. p0y17179d71\n|j|\u2606p0x1717308c\n|j|\u2606p0y17179d71\n|t:|1783559872\n|gametype|singles\n|player|p1|p0x1717308c|266|\n|player|p2|p0y17179d71|2|\n|gen|9\n|tier|[Gen 9] Random Battle\n|rule|Species Clause: Limit one of each Pok\u00e9mon\n|rule|HP Percentage Mod: HP is shown in percentages\n|rule|Sleep Clause Mod: Limit one foe put to sleep\n|rule|Illusion Level Mod: Illusion disguises the Pok\u00e9mon's true level\n|\n|t:|1783559873\n|teamsize|p1|6\n|teamsize|p2|6\n|start\n|switch|p1a: Yanmega|Yanmega, L82, M|100/100\n|switch|p2a: Abomasnow|Abomasnow, L84, M|287/287\n|-weather|Snowscape|[from] ability: Snow Warning|[of] p2a: Abomasnow\n|turn|1\n|inactive|Battle timer is ON: inactive players will automatically lose when time's up. (requested by p0x1717308c)\n|inactive|Time left: 300 sec this turn | 300 sec total | 60 sec grace\n|inactive|p0y17179d71 also wants the timer to be on.\n|\n|t:|1783559874\n|-terastallize|p2a: Abomasnow|Water\n|move|p1a: Yanmega|Air Slash|p2a: Abomasnow|[miss]\n|-miss|p1a: Yanmega|p2a: Abomasnow\n|move|p2a: Abomasnow|Aurora Veil|p2a: Abomasnow\n|-sidestart|p2: p0y17179d71|move: Aurora Veil\n|\n|-weather|Snowscape|[upkeep]\n|-ability|p1a: Yanmega|Speed Boost|boost\n|-boost|p1a: Yanmega|spe|1\n|upkeep\n|turn|2\n|inactive|Time left: 300 sec this turn | 300 sec total\n|\n|t:|1783559875\n|move|p1a: Yanmega|Protect|p1a: Yanmega\n|-singleturn|p1a: Yanmega|Protect\n|move|p2a: Abomasnow|Blizzard|p1a: Yanmega\n|-activate|p1a: Yanmega|move: Protect\n|\n|-weather|Snowscape|[upkeep]\n|-ability|p1a: Yanmega|Speed Boost|boost\n|-boost|p1a: Yanmega|spe|1\n|upkeep\n|turn|3\n|inactive|Time left: 300 sec this turn | 300 sec total\n|\n|t:|1783559876\n|move|p1a: Yanmega|Air Slash|p2a: Abomasnow\n|-crit|p2a: Abomasnow\n|-damage|p2a: Abomasnow|164/287\n|move|p2a: Abomasnow|Blizzard|p1a: Yanmega\n|-supereffective|p1a: Yanmega\n|-damage|p1a: Yanmega|0 fnt\n|faint|p1a: Yanmega\n|\n|-weather|Snowscape|[upkeep]\n|upkeep\n|\n|t:|1783559877\n|switch|p1a: Entei|Entei, L78|100/100\n|turn|4\n|inactive|Time left: 300 sec this turn | 300 sec total\n|\n|t:|1783559878\n|move|p1a: Entei|Sacred Fire|p2a: Abomasnow\n|-resisted|p2a: Abomasnow\n|-damage|p2a: Abomasnow|121/287\n|-status|p2a: Abomasnow|brn\n|move|p2a: Abomasnow|Earthquake|p1a: Entei\n|-supereffective|p1a: Entei\n|-crit|p1a: Entei\n|-damage|p1a: Entei|66/100\n|\n|-weather|Snowscape|[upkeep]\n|-damage|p2a: Abomasnow|104/287 brn|[from] brn\n|upkeep\n|turn|5\n|inactive|Time left: 300 sec this turn | 300 sec total\n|\n|t:|1783559879\n|move|p1a: Entei|Sacred Fire|p2a: Abomasnow\n|-resisted|p2a: Abomasnow\n|-damage|p2a: Abomasnow|64/287 brn\n|move|p2a: Abomasnow|Blizzard|p1a: Entei\n|-resisted|p1a: Entei\n|-damage|p1a: Entei|44/100\n|\n|-weather|none\n|-damage|p2a: Abomasnow|47/287 brn|[from] brn\n|upkeep\n|turn|6\n|inactive|Time left: 300 sec this turn | 300 sec total\n|\n|t:|1783559880\n|move|p1a: Entei|Sacred Fire|p2a: Abomasnow|[miss]\n|-miss|p1a: Entei|p2a: Abomasnow\n|move|p2a: Abomasnow|Blizzard|p1a: Entei\n|-resisted|p1a: Entei\n|-damage|p1a: Entei|24/100\n|\n|-damage|p2a: Abomasnow|30/287 brn|[from] brn\n|upkeep\n|turn|7\n|inactive|Time left: 300 sec this turn | 300 sec total\n|\n|t:|1783559881\n|move|p1a: Entei|Sacred Fire|p2a: Abomasnow\n|-resisted|p2a: Abomasnow\n|-damage|p2a: Abomasnow|0 fnt\n|faint|p2a: Abomasnow\n|\n|upkeep\n|inactive|Time left: 300 sec this turn | 300 sec total | 5 sec grace\n|\n|t:|1783559882\n|switch|p2a: Veluza|Veluza, L85, M|292/292\n|turn|8\n|inactive|Time left: 300 sec this turn | 300 sec total\n|\n|t:|1783559884\n|move|p2a: Veluza|Psycho Cut|p1a: Entei\n|-damage|p1a: Entei|0 fnt\n|faint|p1a: Entei\n|\n|-sideend|p2: p0y17179d71|move: Aurora Veil\n|upkeep\n|\n|t:|1783559885\n|switch|p1a: Granbull|Granbull, L88, M|100/100\n|-ability|p1a: Granbull|Intimidate|boost\n|-unboost|p2a: Veluza|atk|1\n|turn|9\n|inactive|Time left: 300 sec this turn | 300 sec total\n|\n|t:|1783559886\n|switch|p2a: Hatterene|Hatterene, L85, F|236/236\n|move|p1a: Granbull|Play Rough|p2a: Hatterene\n|-damage|p2a: Hatterene|115/236\n|\n|-heal|p2a: Hatterene|129/236|[from] item: Leftovers\n|upkeep\n|turn|10\n|inactive|Time left: 300 sec this turn | 300 sec total\n|\n|t:|1783559887\n|move|p1a: Granbull|Play Rough|p2a: Hatterene\n|-damage|p2a: Hatterene|12/236\n|move|p2a: Hatterene|Draining Kiss|p1a: Granbull\n|-damage|p1a: Granbull|68/100\n|-heal|p2a: Hatterene|86/236|[from] drain|[of] p1a: Granbull\n|\n|-heal|p1a: Granbull|74/100|[from] item: Leftovers\n|-heal|p2a: Hatterene|100/236|[from] item: Leftovers\n|upkeep\n|turn|11\n|inactive|Time left: 300 sec this turn | 300 sec total\n|\n|t:|1783559888\n|move|p1a: Granbull|Play Rough|p2a: Hatterene\n|-damage|p2a: Hatterene|0 fnt\n|faint|p2a: Hatterene\n|\n|-heal|p1a: Granbull|80/100|[from] item: Leftovers\n|upkeep\n|inactive|Time left: 300 sec this turn | 300 sec total | 5 sec grace\n|\n|t:|1783559889\n|switch|p2a: Porygon-Z|Porygon-Z, L83|277/277\n|turn|12\n|inactive|Time left: 300 sec this turn | 300 sec total\n|\n|t:|1783559890\n|move|p2a: Porygon-Z|Tera Blast|p1a: Granbull\n|-damage|p1a: Granbull|4/100\n|-damage|p2a: Porygon-Z|250/277|[from] item: Life Orb\n|move|p1a: Granbull|Play Rough|p2a: Porygon-Z\n|-damage|p2a: Porygon-Z|99/277\n|\n|-heal|p1a: Granbull|10/100|[from] item: Leftovers\n|upkeep\n|turn|13\n|inactive|Time left: 300 sec this turn | 300 sec total\n|\n|t:|1783559891\n|switch|p1a: Grafaiai|Grafaiai, L86, M|100/100\n|move|p2a: Porygon-Z|Tera Blast|p1a: Grafaiai\n|-damage|p1a: Grafaiai|47/100\n|-damage|p2a: Porygon-Z|72/277|[from] item: Life Orb\n|\n|upkeep\n|turn|14\n|inactive|Time left: 300 sec this turn | 300 sec total\n|\n|t:|1783559892\n|move|p1a: Grafaiai|Knock Off|p2a: Porygon-Z\n|-damage|p2a: Porygon-Z|0 fnt\n|-enditem|p2a: Porygon-Z|Life Orb|[from] move: Knock Off|[of] p1a: Grafaiai\n|faint|p2a: Porygon-Z\n|\n|upkeep\n|inactive|Time left: 300 sec this turn | 300 sec total | 5 sec grace\n|\n|t:|1783559893\n|switch|p2a: Veluza|Veluza, L85, M|292/292\n|turn|15\n|inactive|Time left: 300 sec this turn | 300 sec total\n|\n|t:|1783559894\n|switch|p1a: Giratina|Giratina, L75|100/100\n|-ability|p1a: Giratina|Pressure\n|move|p2a: Veluza|Aqua Cutter|p1a: Giratina\n|-resisted|p1a: Giratina\n|-damage|p1a: Giratina|86/100\n|\n|-heal|p1a: Giratina|92/100|[from] item: Leftovers\n|upkeep\n|turn|16\n|inactive|Time left: 300 sec this turn | 300 sec total\n|\n|t:|1783559895\n|move|p2a: Veluza|Aqua Cutter|p1a: Giratina\n|-resisted|p1a: Giratina\n|-damage|p1a: Giratina|78/100\n|move|p1a: Giratina|Shadow Ball|p2a: Veluza\n|-supereffective|p2a: Veluza\n|-damage|p2a: Veluza|128/292\n|-unboost|p2a: Veluza|spd|1\n|\n|-heal|p1a: Giratina|84/100|[from] item: Leftovers\n|upkeep\n|turn|17\n|inactive|Time left: 300 sec this turn | 300 sec total\n|\n|t:|1783559897\n|switch|p2a: Regigigas|Regigigas, L84|322/322\n|-start|p2a: Regigigas|ability: Slow Start\n|move|p1a: Giratina|Shadow Ball|p2a: Regigigas\n|-immune|p2a: Regigigas\n|\n|-heal|p1a: Giratina|90/100|[from] item: Leftovers\n|upkeep\n|turn|18\n|inactive|Time left: 300 sec this turn | 300 sec total\n|\n|t:|1783559898\n|switch|p1a: Granbull|Granbull, L88, M|10/100\n|-ability|p1a: Granbull|Intimidate|boost\n|-unboost|p2a: Regigigas|atk|1\n|move|p2a: Regigigas|Knock Off|p1a: Granbull\n|-resisted|p1a: Granbull\n|-damage|p1a: Granbull|3/100\n|-enditem|p1a: Granbull|Leftovers|[from] move: Knock Off|[of] p2a: Regigigas\n|\n|upkeep\n|turn|19\n|inactive|Time left: 300 sec this turn | 300 sec total\n|\n|t:|1783559899\n|switch|p2a: Ogerpon|Ogerpon-Wellspring, L76, F|247/247\n|move|p1a: Granbull|Thunder Wave|p2a: Ogerpon\n|-status|p2a: Ogerpon|par\n|\n|upkeep\n|turn|20\n|inactive|Time left: 300 sec this turn | 300 sec total\n|\n|t:|1783559900\n|move|p1a: Granbull|Play Rough|p2a: Ogerpon|[miss]\n|-miss|p1a: Granbull|p2a: Ogerpon\n|move|p2a: Ogerpon|U-turn|p1a: Granbull\n|-resisted|p1a: Granbull\n|-damage|p1a: Granbull|0 fnt\n|faint|p1a: Granbull\n|inactive|Time left: 300 sec this turn | 300 sec total | 5 sec grace\n|\n|t:|1783559901\n|switch|p2a: Regigigas|Regigigas, L84|322/322|[from] U-turn\n|-start|p2a: Regigigas|ability: Slow Start\n|\n|upkeep\n|\n|t:|1783559901\n|switch|p1a: Hawlucha|Hawlucha, L80, F|100/100\n|turn|21\n|inactive|Time left: 300 sec this turn | 300 sec total\n|\n|t:|1783559902\n|switch|p2a: Veluza|Veluza, L85, M|128/292\n|move|p1a: Hawlucha|Swords Dance|p1a: Hawlucha\n|-boost|p1a: Hawlucha|atk|2\n|\n|upkeep\n|turn|22\n|inactive|Time left: 300 sec this turn | 300 sec total\n|\n|t:|1783559903\n|-terastallize|p1a: Hawlucha|Flying\n|move|p2a: Veluza|Psycho Cut|p1a: Hawlucha\n|-damage|p1a: Hawlucha|43/100\n|move|p1a: Hawlucha|Throat Chop|p2a: Veluza\n|-supereffective|p2a: Veluza\n|-damage|p2a: Veluza|0 fnt\n|faint|p2a: Veluza\n|\n|upkeep\n|inactive|Time left: 300 sec this turn | 300 sec total | 5 sec grace\n|\n|t:|1783559904\n|switch|p2a: Ogerpon|Ogerpon-Wellspring, L76, F|247/247 par\n|turn|23\n|inactive|Time left: 300 sec this turn | 300 sec total\n|\n|t:|1783559905\n|move|p1a: Hawlucha|Brave Bird|p2a: Ogerpon\n|-supereffective|p2a: Ogerpon\n|-damage|p2a: Ogerpon|0 fnt\n|faint|p2a: Ogerpon\n|-damage|p1a: Hawlucha|11/100|[from] Recoil\n|\n|upkeep\n|inactive|Time left: 300 sec this turn | 300 sec total | 5 sec grace\n|\n|t:|1783559905\n|switch|p2a: Regigigas|Regigigas, L84|322/322\n|-start|p2a: Regigigas|ability: Slow Start\n|turn|24\n|inactive|Time left: 300 sec this turn | 300 sec total\n|\n|t:|1783559906\n|move|p2a: Regigigas|Protect|p2a: Regigigas\n|-singleturn|p2a: Regigigas|Protect\n|move|p1a: Hawlucha|Close Combat|p2a: Regigigas\n|-activate|p2a: Regigigas|move: Protect\n|\n|upkeep\n|turn|25\n|inactive|Time left: 300 sec this turn | 300 sec total\n|\n|t:|1783559907\n|move|p2a: Regigigas|Protect||[still]\n|-fail|p2a: Regigigas\n|move|p1a: Hawlucha|Close Combat|p2a: Regigigas\n|-supereffective|p2a: Regigigas\n|-damage|p2a: Regigigas|0 fnt\n|-unboost|p1a: Hawlucha|def|1\n|-unboost|p1a: Hawlucha|spd|1\n|faint|p2a: Regigigas\n|-end|p2a: Regigigas|Slow Start|[silent]\n|-enditem|p1a: Hawlucha|White Herb\n|-clearnegativeboost|p1a: Hawlucha|[silent]\n|\n|win|p0x1717308c", "uploadtime": 1783559907, "views": 0, "rating": 0, "private": 0, "password": null, "_winner": "p0x1717308c", "_our_name": "p0y17179d71"}