{"id": "battle-gen9randombattle-154", "formatid": "gen9randombattle", "format": "[Gen 9] Random Battle", "players": ["p0x154780e", "p0y154a412"], "log": "|init|battle\n|title|p0x154780e vs. p0y154a412\n|j|\u2606p0x154780e\n|j|\u2606p0y154a412\n|t:|1783541338\n|gametype|singles\n|player|p1|p0x154780e|265|\n|player|p2|p0y154a412|1|\n|gen|9\n|tier|[Gen 9] Random Battle\n|rule|Species Clause: Limit one of each Pok\u00e9mon\n|rule|HP Percentage Mod: HP is shown in percentages\n|rule|Sleep Clause Mod: Limit one foe put to sleep\n|rule|Illusion Level Mod: Illusion disguises the Pok\u00e9mon's true level\n|\n|t:|1783541338\n|teamsize|p1|6\n|teamsize|p2|6\n|start\n|switch|p1a: Masquerain|Masquerain, L87, F|264/264\n|switch|p2a: Breloom|Breloom, L83, M|100/100\n|-ability|p1a: Masquerain|Intimidate|boost\n|-unboost|p2a: Breloom|atk|1\n|turn|1\n|inactive|Battle timer is ON: inactive players will automatically lose when time's up. (requested by p0x154780e)\n|inactive|p0y154a412 also wants the timer to be on.\n|\n|t:|1783541340\n|move|p1a: Masquerain|Sticky Web|p2a: Breloom\n|-sidestart|p2: p0y154a412|move: Sticky Web\n|move|p2a: Breloom|Rock Tomb|p1a: Masquerain\n|-supereffective|p1a: Masquerain\n|-damage|p1a: Masquerain|0 fnt\n|faint|p1a: Masquerain\n|-damage|p2a: Breloom|91/100|[from] item: Life Orb\n|\n|upkeep\n|inactive|Time left: 300 sec this turn | 300 sec total | 65 sec grace\n|\n|t:|1783541341\n|switch|p1a: Heatran|Heatran, L79, M|273/273\n|turn|2\n|inactive|Time left: 300 sec this turn | 300 sec total\n|\n|t:|1783541342\n|switch|p2a: Snorlax|Snorlax, L82, F|100/100\n|-activate|p2a: Snorlax|move: Sticky Web\n|-unboost|p2a: Snorlax|spe|1\n|move|p1a: Heatran|Lava Plume|p2a: Snorlax\n|-damage|p2a: Snorlax|91/100\n|\n|-heal|p2a: Snorlax|97/100|[from] item: Leftovers\n|upkeep\n|turn|3\n|inactive|Time left: 300 sec this turn | 300 sec total\n|\n|t:|1783541344\n|move|p1a: Heatran|Magma Storm|p2a: Snorlax\n|-damage|p2a: Snorlax|84/100\n|-activate|p2a: Snorlax|move: Magma Storm|[of] p1a: Heatran\n|move|p2a: Snorlax|Earthquake|p1a: Heatran\n|-supereffective|p1a: Heatran\n|-damage|p1a: Heatran|5/273\n|\n|-heal|p2a: Snorlax|90/100|[from] item: Leftovers\n|-damage|p2a: Snorlax|78/100|[from] move: Magma Storm|[partiallytrapped]\n|upkeep\n|turn|4\n|inactive|Time left: 300 sec this turn | 300 sec total\n|\n|t:|1783541345\n|switch|p1a: Mudsdale|Mudsdale, L83, M|302/302\n|move|p2a: Snorlax|Body Slam|p1a: Mudsdale\n|-damage|p1a: Mudsdale|221/302\n|-ability|p1a: Mudsdale|Stamina|boost\n|-boost|p1a: Mudsdale|def|1\n|\n|-heal|p1a: Mudsdale|239/302|[from] item: Leftovers\n|-heal|p2a: Snorlax|84/100|[from] item: Leftovers\n|-end|p2a: Snorlax|Magma Storm|[partiallytrapped]|[silent]\n|upkeep\n|turn|5\n|inactive|Time left: 300 sec this turn | 300 sec total\n|\n|t:|1783541345\n|switch|p2a: Granbull|Granbull, L88, M|100/100\n|-activate|p2a: Granbull|move: Sticky Web\n|-unboost|p2a: Granbull|spe|1\n|-ability|p2a: Granbull|Intimidate|boost\n|-unboost|p1a: Mudsdale|atk|1\n|move|p1a: Mudsdale|Stealth Rock|p2a: Granbull\n|-sidestart|p2: p0y154a412|move: Stealth Rock\n|\n|-heal|p1a: Mudsdale|257/302|[from] item: Leftovers\n|upkeep\n|turn|6\n|inactive|Time left: 300 sec this turn | 300 sec total\n|\n|t:|1783541346\n|move|p1a: Mudsdale|Earthquake|p2a: Granbull\n|-damage|p2a: Granbull|68/100\n|move|p2a: Granbull|Play Rough|p1a: Mudsdale\n|-damage|p1a: Mudsdale|175/302\n|-ability|p1a: Mudsdale|Stamina|boost\n|-boost|p1a: Mudsdale|def|1\n|\n|-heal|p1a: Mudsdale|193/302|[from] item: Leftovers\n|-heal|p2a: Granbull|74/100|[from] item: Leftovers\n|upkeep\n|turn|7\n|inactive|Time left: 300 sec this turn | 300 sec total\n|\n|t:|1783541347\n|move|p1a: Mudsdale|Heavy Slam|p2a: Granbull\n|-supereffective|p2a: Granbull\n|-damage|p2a: Granbull|26/100\n|move|p2a: Granbull|Earthquake|p1a: Mudsdale\n|-damage|p1a: Mudsdale|154/302\n|-ability|p1a: Mudsdale|Stamina|boost\n|-boost|p1a: Mudsdale|def|1\n|\n|-heal|p1a: Mudsdale|172/302|[from] item: Leftovers\n|-heal|p2a: Granbull|32/100|[from] item: Leftovers\n|upkeep\n|turn|8\n|inactive|Time left: 300 sec this turn | 300 sec total\n|\n|t:|1783541348\n|move|p1a: Mudsdale|Heavy Slam|p2a: Granbull\n|-supereffective|p2a: Granbull\n|-damage|p2a: Granbull|0 fnt\n|faint|p2a: Granbull\n|\n|-heal|p1a: Mudsdale|190/302|[from] item: Leftovers\n|upkeep\n|\n|t:|1783541349\n|switch|p2a: Meloetta|Meloetta, L82|100/100\n|-activate|p2a: Meloetta|move: Sticky Web\n|-unboost|p2a: Meloetta|spe|1\n|-damage|p2a: Meloetta|88/100|[from] Stealth Rock\n|turn|9\n|inactive|Time left: 300 sec this turn | 300 sec total\n|\n|t:|1783541350\n|move|p2a: Meloetta|Hyper Voice|p1a: Mudsdale\n|-damage|p1a: Mudsdale|28/302\n|-ability|p1a: Mudsdale|Stamina|boost\n|-boost|p1a: Mudsdale|def|1\n|move|p1a: Mudsdale|Heavy Slam|p2a: Meloetta\n|-damage|p2a: Meloetta|60/100\n|\n|-heal|p1a: Mudsdale|46/302|[from] item: Leftovers\n|upkeep\n|turn|10\n|inactive|Time left: 300 sec this turn | 300 sec total\n|\n|t:|1783541351\n|switch|p1a: Basculegion|Basculegion, L80, M|323/323\n|move|p2a: Meloetta|Hyper Voice|p1a: Basculegion\n|-immune|p1a: Basculegion\n|\n|upkeep\n|turn|11\n|inactive|Time left: 300 sec this turn | 300 sec total\n|\n|t:|1783541352\n|move|p1a: Basculegion|Wave Crash|p2a: Meloetta\n|-damage|p2a: Meloetta|0 fnt\n|faint|p2a: Meloetta\n|-damage|p1a: Basculegion|265/323|[from] Recoil\n|\n|upkeep\n|\n|t:|1783541352\n|switch|p2a: Breloom|Breloom, L83, M|91/100\n|-activate|p2a: Breloom|move: Sticky Web\n|-unboost|p2a: Breloom|spe|1\n|-damage|p2a: Breloom|85/100|[from] Stealth Rock\n|turn|12\n|inactive|Time left: 300 sec this turn | 300 sec total\n|\n|t:|1783541353\n|move|p1a: Basculegion|Flip Turn|p2a: Breloom\n|-resisted|p2a: Breloom\n|-damage|p2a: Breloom|64/100\n|inactive|Time left: 300 sec this turn | 300 sec total | 5 sec grace\n|\n|t:|1783541354\n|switch|p1a: Heatran|Heatran, L79, M|5/273|[from] Flip Turn\n|move|p2a: Breloom|Bullet Seed|p1a: Heatran\n|-resisted|p1a: Heatran\n|-damage|p1a: Heatran|0 fnt\n|faint|p1a: Heatran\n|-hitcount|p1: Heatran|1\n|-damage|p2a: Breloom|54/100|[from] item: Life Orb\n|\n|upkeep\n|inactive|Time left: 300 sec this turn | 300 sec total | 10 sec grace\n|\n|t:|1783541355\n|switch|p1a: Rampardos|Rampardos, L90, F|321/321\n|turn|13\n|inactive|Time left: 300 sec this turn | 300 sec total\n|\n|t:|1783541356\n|move|p2a: Breloom|Mach Punch|p1a: Rampardos\n|-supereffective|p1a: Rampardos\n|-damage|p1a: Rampardos|56/321\n|-damage|p2a: Breloom|44/100|[from] item: Life Orb\n|move|p1a: Rampardos|Zen Headbutt|p2a: Breloom\n|-supereffective|p2a: Breloom\n|-damage|p2a: Breloom|0 fnt\n|faint|p2a: Breloom\n|\n|upkeep\n|\n|t:|1783541357\n|switch|p2a: Basculin|Basculin, L86, M|100/100\n|-activate|p2a: Basculin|move: Sticky Web\n|-unboost|p2a: Basculin|spe|1\n|-damage|p2a: Basculin|88/100|[from] Stealth Rock\n|turn|14\n|inactive|Time left: 300 sec this turn | 300 sec total\n|\n|t:|1783541358\n|switch|p1a: Basculegion|Basculegion, L80, M|265/323\n|move|p2a: Basculin|Aqua Jet|p1a: Basculegion\n|-resisted|p1a: Basculegion\n|-damage|p1a: Basculegion|206/323\n|\n|upkeep\n|turn|15\n|inactive|Time left: 300 sec this turn | 300 sec total\n|\n|t:|1783541359\n|move|p2a: Basculin|Aqua Jet|p1a: Basculegion\n|-resisted|p1a: Basculegion\n|-damage|p1a: Basculegion|147/323\n|move|p1a: Basculegion|Wave Crash|p2a: Basculin\n|-resisted|p2a: Basculin\n|-damage|p2a: Basculin|49/100\n|-damage|p1a: Basculegion|113/323|[from] Recoil\n|\n|upkeep\n|turn|16\n|inactive|Time left: 300 sec this turn | 300 sec total\n|\n|t:|1783541360\n|move|p2a: Basculin|Aqua Jet|p1a: Basculegion\n|-resisted|p1a: Basculegion\n|-damage|p1a: Basculegion|59/323\n|move|p1a: Basculegion|Shadow Ball|p2a: Basculin\n|-damage|p2a: Basculin|4/100\n|\n|upkeep\n|turn|17\n|inactive|Time left: 300 sec this turn | 300 sec total\n|\n|t:|1783541361\n|move|p1a: Basculegion|Aqua Jet|p2a: Basculin\n|-resisted|p2a: Basculin\n|-damage|p2a: Basculin|0 fnt\n|faint|p2a: Basculin\n|\n|upkeep\n|\n|t:|1783541362\n|switch|p2a: Snorlax|Snorlax, L82, F|84/100\n|-activate|p2a: Snorlax|move: Sticky Web\n|-unboost|p2a: Snorlax|spe|1\n|-damage|p2a: Snorlax|72/100|[from] Stealth Rock\n|turn|18\n|inactive|Time left: 300 sec this turn | 300 sec total\n|\n|t:|1783541363\n|move|p1a: Basculegion|Wave Crash|p2a: Snorlax\n|-damage|p2a: Snorlax|15/100\n|-damage|p1a: Basculegion|0 fnt|[from] Recoil\n|faint|p1a: Basculegion\n|move|p2a: Snorlax|Body Slam|p1: Basculegion|[notarget]\n|-fail|p2a: Snorlax\n|\n|-heal|p2a: Snorlax|21/100|[from] item: Leftovers\n|upkeep\n|inactive|Time left: 300 sec this turn | 300 sec total | 5 sec grace\n|\n|t:|1783541364\n|switch|p1a: Rampardos|Rampardos, L90, F|56/321\n|turn|19\n|inactive|Time left: 300 sec this turn | 300 sec total\n|\n|t:|1783541365\n|move|p1a: Rampardos|Earthquake|p2a: Snorlax\n|-damage|p2a: Snorlax|0 fnt\n|faint|p2a: Snorlax\n|-damage|p1a: Rampardos|24/321|[from] item: Life Orb\n|\n|upkeep\n|\n|t:|1783541366\n|switch|p2a: Sunflora|Sunflora, F|100/100\n|-activate|p2a: Sunflora|move: Sticky Web\n|-unboost|p2a: Sunflora|spe|1\n|-damage|p2a: Sunflora|88/100|[from] Stealth Rock\n|turn|20\n|inactive|Time left: 300 sec this turn | 300 sec total\n|\n|t:|1783541366\n|-terastallize|p1a: Rampardos|Fire\n|-terastallize|p2a: Sunflora|Fire\n|move|p1a: Rampardos|Fire Punch|p2a: Sunflora\n|-resisted|p2a: Sunflora\n|-damage|p2a: Sunflora|46/100\n|move|p2a: Sunflora|Sunny Day|p2a: Sunflora\n|-weather|SunnyDay\n|\n|-weather|SunnyDay|[upkeep]\n|upkeep\n|turn|21\n|inactive|Time left: 300 sec this turn | 300 sec total\n|\n|t:|1783541367\n|move|p2a: Sunflora|Earth Power|p1a: Rampardos\n|-supereffective|p1a: Rampardos\n|-damage|p1a: Rampardos|0 fnt\n|faint|p1a: Rampardos\n|-damage|p2a: Sunflora|36/100|[from] item: Life Orb\n|\n|-weather|SunnyDay|[upkeep]\n|upkeep\n|inactive|Time left: 300 sec this turn | 300 sec total | 5 sec grace\n|\n|t:|1783541368\n|switch|p1a: Walking Wake|Walking Wake, L79|286/286\n|-activate|p1a: Walking Wake|ability: Protosynthesis\n|-start|p1a: Walking Wake|protosynthesisspa\n|turn|22\n|inactive|Time left: 300 sec this turn | 300 sec total\n|\n|t:|1783541368\n|move|p1a: Walking Wake|Hydro Steam|p2a: Sunflora\n|-supereffective|p2a: Sunflora\n|-damage|p2a: Sunflora|0 fnt\n|faint|p2a: Sunflora\n|-damage|p1a: Walking Wake|258/286|[from] item: Life Orb\n|\n|win|p0x154780e", "uploadtime": 1783541368, "views": 0, "rating": 0, "private": 0, "password": null, "_winner": "p0x154780e", "_our_name": "p0x154780e"}