{"id": "battle-gen9randombattle-434", "formatid": "gen9randombattle", "format": "[Gen 9] Random Battle", "players": ["p0x4346fec", "p0y434981b"], "log": "|init|battle\n|title|p0x4346fec vs. p0y434981b\n|j|\u2606p0x4346fec\n|j|\u2606p0y434981b\n|t:|1783544759\n|gametype|singles\n|player|p1|p0x4346fec|170|\n|player|p2|p0y434981b|265|\n|gen|9\n|tier|[Gen 9] Random Battle\n|rule|Species Clause: Limit one of each Pok\u00e9mon\n|rule|HP Percentage Mod: HP is shown in percentages\n|rule|Sleep Clause Mod: Limit one foe put to sleep\n|rule|Illusion Level Mod: Illusion disguises the Pok\u00e9mon's true level\n|\n|t:|1783544759\n|teamsize|p1|6\n|teamsize|p2|6\n|start\n|switch|p1a: Chandelure|Chandelure, L83, F|100/100\n|switch|p2a: Hawlucha|Hawlucha, L80, F|256/256\n|turn|1\n|inactive|Battle timer is ON: inactive players will automatically lose when time's up. (requested by p0y434981b)\n|inactive|p0x4346fec also wants the timer to be on.\n|\n|t:|1783544761\n|move|p1a: Chandelure|Shadow Ball|p2a: Hawlucha\n|-crit|p2a: Hawlucha\n|-damage|p2a: Hawlucha|30/256\n|move|p2a: Hawlucha|Brave Bird|p1a: Chandelure\n|-damage|p1a: Chandelure|54/100\n|-damage|p2a: Hawlucha|0 fnt|[from] Recoil\n|faint|p2a: Hawlucha\n|\n|upkeep\n|inactive|Time left: 300 sec this turn | 300 sec total | 65 sec grace\n|\n|t:|1783544762\n|switch|p2a: Venomoth|Venomoth, L84, M|255/255\n|turn|2\n|inactive|Time left: 300 sec this turn | 300 sec total\n|\n|t:|1783544764\n|move|p1a: Chandelure|Shadow Ball|p2a: Venomoth\n|-damage|p2a: Venomoth|131/255\n|move|p2a: Venomoth|Quiver Dance|p2a: Venomoth\n|-boost|p2a: Venomoth|spa|1\n|-boost|p2a: Venomoth|spd|1\n|-boost|p2a: Venomoth|spe|1\n|\n|upkeep\n|turn|3\n|inactive|Time left: 300 sec this turn | 300 sec total\n|\n|t:|1783544765\n|switch|p1a: Incineroar|Incineroar, L82, M|100/100\n|-ability|p1a: Incineroar|Intimidate|boost\n|-unboost|p2a: Venomoth|atk|1\n|move|p2a: Venomoth|Sludge Wave|p1a: Incineroar\n|-damage|p1a: Incineroar|53/100\n|\n|upkeep\n|turn|4\n|inactive|Time left: 300 sec this turn | 300 sec total\n|\n|t:|1783544767\n|move|p2a: Venomoth|Sleep Powder|p1a: Incineroar|[miss]\n|-miss|p2a: Venomoth|p1a: Incineroar\n|move|p1a: Incineroar|Knock Off|p2a: Venomoth\n|-damage|p2a: Venomoth|0 fnt\n|-enditem|p2a: Venomoth|Heavy-Duty Boots|[from] move: Knock Off|[of] p1a: Incineroar\n|faint|p2a: Venomoth\n|\n|upkeep\n|inactive|Time left: 300 sec this turn | 300 sec total | 5 sec grace\n|\n|t:|1783544768\n|switch|p2a: Miraidon|Miraidon, L65|238/238\n|-fieldstart|move: Electric Terrain|[from] ability: Hadron Engine|[of] p2a: Miraidon\n|turn|5\n|inactive|Time left: 300 sec this turn | 300 sec total\n|\n|t:|1783544769\n|switch|p1a: Iron Hands|Iron Hands, L79|100/100\n|-activate|p1a: Iron Hands|ability: Quark Drive\n|-start|p1a: Iron Hands|quarkdriveatk\n|move|p2a: Miraidon|Electro Drift|p1a: Iron Hands\n|-resisted|p1a: Iron Hands\n|-damage|p1a: Iron Hands|69/100\n|-damage|p2a: Miraidon|215/238|[from] item: Life Orb\n|\n|-heal|p1a: Iron Hands|75/100|[from] item: Leftovers\n|upkeep\n|turn|6\n|inactive|Time left: 300 sec this turn | 300 sec total\n|\n|t:|1783544771\n|move|p2a: Miraidon|Electro Drift|p1a: Iron Hands\n|-resisted|p1a: Iron Hands\n|-damage|p1a: Iron Hands|43/100\n|-damage|p2a: Miraidon|192/238|[from] item: Life Orb\n|move|p1a: Iron Hands|Drain Punch|p2a: Miraidon\n|-damage|p2a: Miraidon|39/238\n|-heal|p1a: Iron Hands|63/100|[from] drain|[of] p2a: Miraidon\n|\n|-heal|p1a: Iron Hands|69/100|[from] item: Leftovers\n|upkeep\n|turn|7\n|inactive|Time left: 300 sec this turn | 300 sec total\n|\n|t:|1783544772\n|move|p2a: Miraidon|Draco Meteor|p1a: Iron Hands\n|-damage|p1a: Iron Hands|7/100\n|-unboost|p2a: Miraidon|spa|2\n|-damage|p2a: Miraidon|16/238|[from] item: Life Orb\n|move|p1a: Iron Hands|Ice Punch|p2a: Miraidon\n|-supereffective|p2a: Miraidon\n|-damage|p2a: Miraidon|0 fnt\n|faint|p2a: Miraidon\n|\n|-heal|p1a: Iron Hands|14/100|[from] item: Leftovers\n|upkeep\n|inactive|Time left: 300 sec this turn | 300 sec total | 5 sec grace\n|\n|t:|1783544773\n|switch|p2a: Lokix|Lokix, L82, M|251/251\n|turn|8\n|inactive|Time left: 300 sec this turn | 300 sec total\n|\n|t:|1783544774\n|-end|p1a: Iron Hands|Quark Drive|[silent]\n|switch|p1a: Salamence|Salamence, L77, F|100/100\n|-ability|p1a: Salamence|Intimidate|boost\n|-unboost|p2a: Lokix|atk|1\n|move|p2a: Lokix|U-turn|p1a: Salamence\n|-resisted|p1a: Salamence\n|-damage|p1a: Salamence|75/100\n|inactive|Time left: 300 sec this turn | 300 sec total | 5 sec grace\n|\n|t:|1783544775\n|switch|p2a: Maushold|Maushold-Four, L76|238/238|[from] U-turn\n|\n|upkeep\n|turn|9\n|inactive|Time left: 300 sec this turn | 300 sec total\n|\n|t:|1783544776\n|switch|p1a: Chandelure|Chandelure, L83, F|54/100\n|move|p2a: Maushold|Population Bomb|p1a: Chandelure\n|-immune|p1a: Chandelure\n|\n|-fieldend|move: Electric Terrain\n|upkeep\n|turn|10\n|inactive|Time left: 300 sec this turn | 300 sec total\n|\n|t:|1783544777\n|move|p1a: Chandelure|Fire Blast|p2a: Maushold\n|-damage|p2a: Maushold|34/238\n|move|p2a: Maushold|Tidy Up|p2a: Maushold\n|-boost|p2a: Maushold|atk|1\n|-boost|p2a: Maushold|spe|1\n|\n|upkeep\n|turn|11\n|inactive|Time left: 300 sec this turn | 300 sec total\n|\n|t:|1783544779\n|move|p2a: Maushold|Bite|p1a: Chandelure\n|-supereffective|p1a: Chandelure\n|-damage|p1a: Chandelure|2/100\n|cant|p1a: Chandelure|flinch\n|\n|upkeep\n|turn|12\n|inactive|Time left: 300 sec this turn | 300 sec total\n|\n|t:|1783544780\n|move|p2a: Maushold|Bite|p1a: Chandelure\n|-supereffective|p1a: Chandelure\n|-damage|p1a: Chandelure|0 fnt\n|faint|p1a: Chandelure\n|\n|upkeep\n|\n|t:|1783544781\n|switch|p1a: Amoonguss|Amoonguss, L82, F|100/100\n|turn|13\n|inactive|Time left: 300 sec this turn | 300 sec total\n|\n|t:|1783544782\n|-terastallize|p1a: Amoonguss|Steel\n|move|p2a: Maushold|Population Bomb|p1a: Amoonguss\n|-resisted|p1a: Amoonguss\n|-damage|p1a: Amoonguss|94/100\n|-resisted|p1a: Amoonguss\n|-damage|p1a: Amoonguss|87/100\n|-resisted|p1a: Amoonguss\n|-damage|p1a: Amoonguss|82/100\n|-resisted|p1a: Amoonguss\n|-damage|p1a: Amoonguss|75/100\n|-resisted|p1a: Amoonguss\n|-damage|p1a: Amoonguss|69/100\n|-resisted|p1a: Amoonguss\n|-damage|p1a: Amoonguss|62/100\n|-resisted|p1a: Amoonguss\n|-damage|p1a: Amoonguss|56/100\n|-resisted|p1a: Amoonguss\n|-damage|p1a: Amoonguss|50/100\n|-resisted|p1a: Amoonguss\n|-damage|p1a: Amoonguss|43/100\n|-resisted|p1a: Amoonguss\n|-damage|p1a: Amoonguss|37/100\n|-hitcount|p1a: Amoonguss|10\n|move|p1a: Amoonguss|Stomping Tantrum|p2a: Maushold\n|-damage|p2a: Maushold|0 fnt\n|faint|p2a: Maushold\n|\n|-heal|p1a: Amoonguss|43/100|[from] item: Leftovers\n|upkeep\n|inactive|Time left: 300 sec this turn | 300 sec total | 5 sec grace\n|\n|t:|1783544783\n|switch|p2a: Registeel|Registeel, L81|262/262\n|turn|14\n|inactive|Time left: 300 sec this turn | 300 sec total\n|\n|t:|1783544784\n|switch|p1a: Salamence|Salamence, L77, F|75/100\n|-ability|p1a: Salamence|Intimidate|boost\n|-fail|p2a: Registeel|unboost|[from] ability: Clear Body|[of] p2a: Registeel\n|move|p2a: Registeel|Body Press|p1a: Salamence\n|-resisted|p1a: Salamence\n|-damage|p1a: Salamence|59/100\n|\n|upkeep\n|turn|15\n|inactive|Time left: 300 sec this turn | 300 sec total\n|\n|t:|1783544785\n|move|p1a: Salamence|Dragon Dance|p1a: Salamence\n|-boost|p1a: Salamence|atk|1\n|-boost|p1a: Salamence|spe|1\n|move|p2a: Registeel|Iron Defense|p2a: Registeel\n|-boost|p2a: Registeel|def|2\n|\n|upkeep\n|turn|16\n|inactive|Time left: 300 sec this turn | 300 sec total\n|\n|t:|1783544786\n|move|p1a: Salamence|Dragon Dance|p1a: Salamence\n|-boost|p1a: Salamence|atk|1\n|-boost|p1a: Salamence|spe|1\n|move|p2a: Registeel|Body Press|p1a: Salamence\n|-resisted|p1a: Salamence\n|-damage|p1a: Salamence|28/100\n|\n|upkeep\n|turn|17\n|inactive|Time left: 300 sec this turn | 300 sec total\n|\n|t:|1783544787\n|move|p1a: Salamence|Earthquake|p2a: Registeel\n|-supereffective|p2a: Registeel\n|-damage|p2a: Registeel|162/262\n|move|p2a: Registeel|Body Press|p1a: Salamence\n|-resisted|p1a: Salamence\n|-damage|p1a: Salamence|0 fnt\n|faint|p1a: Salamence\n|\n|upkeep\n|\n|t:|1783544788\n|switch|p1a: Veluza|Veluza, L85, M|100/100\n|turn|18\n|inactive|Time left: 300 sec this turn | 300 sec total\n|\n|t:|1783544789\n|move|p1a: Veluza|Fillet Away|p1a: Veluza\n|-boost|p1a: Veluza|atk|2\n|-boost|p1a: Veluza|spa|2\n|-boost|p1a: Veluza|spe|2\n|-damage|p1a: Veluza|50/100\n|-enditem|p1a: Veluza|Sitrus Berry|[eat]\n|-heal|p1a: Veluza|75/100|[from] item: Sitrus Berry\n|move|p2a: Registeel|Body Press|p1a: Veluza\n|-resisted|p1a: Veluza\n|-damage|p1a: Veluza|47/100\n|\n|upkeep\n|turn|19\n|inactive|Time left: 300 sec this turn | 300 sec total\n|\n|t:|1783544790\n|move|p1a: Veluza|Aqua Cutter|p2a: Registeel\n|-damage|p2a: Registeel|77/262\n|move|p2a: Registeel|Body Press|p1a: Veluza\n|-resisted|p1a: Veluza\n|-damage|p1a: Veluza|17/100\n|\n|upkeep\n|turn|20\n|inactive|Time left: 300 sec this turn | 300 sec total\n|\n|t:|1783544791\n|move|p1a: Veluza|Aqua Cutter|p2a: Registeel\n|-damage|p2a: Registeel|0 fnt\n|faint|p2a: Registeel\n|\n|upkeep\n|inactive|Time left: 300 sec this turn | 300 sec total | 5 sec grace\n|\n|t:|1783544792\n|switch|p2a: Lokix|Lokix, L82, M|251/251\n|turn|21\n|inactive|Time left: 300 sec this turn | 300 sec total\n|\n|t:|1783544793\n|-terastallize|p2a: Lokix|Bug\n|move|p2a: Lokix|First Impression|p1a: Veluza\n|-supereffective|p1a: Veluza\n|-damage|p1a: Veluza|0 fnt\n|faint|p1a: Veluza\n|\n|upkeep\n|\n|t:|1783544794\n|switch|p1a: Incineroar|Incineroar, L82, M|53/100\n|-ability|p1a: Incineroar|Intimidate|boost\n|-unboost|p2a: Lokix|atk|1\n|turn|22\n|inactive|Time left: 300 sec this turn | 300 sec total\n|\n|t:|1783544795\n|move|p2a: Lokix|U-turn|p1a: Incineroar\n|-damage|p1a: Incineroar|27/100\n|move|p1a: Incineroar|Flare Blitz|p2a: Lokix\n|-supereffective|p2a: Lokix\n|-damage|p2a: Lokix|0 fnt\n|faint|p2a: Lokix\n|-damage|p1a: Incineroar|0 fnt|[from] Recoil\n|faint|p1a: Incineroar\n|\n|win|p0x4346fec", "uploadtime": 1783544795, "views": 0, "rating": 0, "private": 0, "password": null, "_winner": "p0x4346fec", "_our_name": "p0y434981b"}