{"id": "battle-gen9randombattle-1557", "formatid": "gen9randombattle", "format": "[Gen 9] Random Battle", "players": ["p0x1557ec64", "p0y1557c83e"], "log": "|init|battle\n|title|p0x1557ec64 vs. p0y1557c83e\n|j|\u2606p0x1557ec64\n|j|\u2606p0y1557c83e\n|t:|1783557210\n|gametype|singles\n|player|p1|p0x1557ec64|265|\n|player|p2|p0y1557c83e|266|\n|gen|9\n|tier|[Gen 9] Random Battle\n|rule|Species Clause: Limit one of each Pok\u00e9mon\n|rule|HP Percentage Mod: HP is shown in percentages\n|rule|Sleep Clause Mod: Limit one foe put to sleep\n|rule|Illusion Level Mod: Illusion disguises the Pok\u00e9mon's true level\n|\n|t:|1783557210\n|teamsize|p1|6\n|teamsize|p2|6\n|start\n|switch|p1a: Lumineon|Lumineon, L93, M|100/100\n|switch|p2a: Suicune|Suicune, L82|298/298\n|-ability|p2a: Suicune|Pressure\n|turn|1\n|inactive|Battle timer is ON: inactive players will automatically lose when time's up. (requested by p0x1557ec64)\n|inactive|Time left: 300 sec this turn | 300 sec total | 60 sec grace\n|inactive|p0y1557c83e also wants the timer to be on.\n|\n|t:|1783557212\n|switch|p1a: Empoleon|Empoleon, L84, F|100/100\n|move|p2a: Suicune|Calm Mind|p2a: Suicune\n|-boost|p2a: Suicune|spa|1\n|-boost|p2a: Suicune|spd|1\n|\n|upkeep\n|turn|2\n|inactive|Time left: 300 sec this turn | 300 sec total\n|\n|t:|1783557214\n|move|p2a: Suicune|Calm Mind|p2a: Suicune\n|-boost|p2a: Suicune|spa|1\n|-boost|p2a: Suicune|spd|1\n|move|p1a: Empoleon|Surf|p2a: Suicune\n|-resisted|p2a: Suicune\n|-damage|p2a: Suicune|277/298\n|\n|-heal|p2a: Suicune|295/298|[from] item: Leftovers\n|upkeep\n|turn|3\n|inactive|Time left: 300 sec this turn | 300 sec total\n|\n|t:|1783557215\n|move|p2a: Suicune|Scald|p1a: Empoleon\n|-resisted|p1a: Empoleon\n|-damage|p1a: Empoleon|75/100\n|move|p1a: Empoleon|Roar|p2a: Suicune\n|drag|p2a: Swanna|Swanna, L89, F|278/278\n|\n|-heal|p1a: Empoleon|81/100|[from] item: Leftovers\n|upkeep\n|turn|4\n|inactive|Time left: 300 sec this turn | 300 sec total\n|\n|t:|1783557216\n|switch|p2a: Crabominable|Crabominable, L90, M|321/321\n|move|p1a: Empoleon|Surf|p2a: Crabominable\n|-damage|p2a: Crabominable|242/321\n|\n|-heal|p1a: Empoleon|87/100|[from] item: Leftovers\n|upkeep\n|turn|5\n|inactive|Time left: 300 sec this turn | 300 sec total\n|\n|t:|1783557218\n|switch|p1a: Tauros|Tauros-Paldea-Blaze, L81, M|100/100\n|move|p2a: Crabominable|Drain Punch|p1a: Tauros\n|-damage|p1a: Tauros|54/100\n|-heal|p2a: Crabominable|301/321|[from] drain|[of] p1a: Tauros\n|\n|upkeep\n|turn|6\n|inactive|Time left: 300 sec this turn | 300 sec total\n|\n|t:|1783557219\n|move|p1a: Tauros|Close Combat|p2a: Crabominable\n|-supereffective|p2a: Crabominable\n|-damage|p2a: Crabominable|11/321\n|-unboost|p1a: Tauros|def|1\n|-unboost|p1a: Tauros|spd|1\n|move|p2a: Crabominable|Drain Punch|p1a: Tauros\n|-damage|p1a: Tauros|0 fnt\n|-heal|p2a: Crabominable|78/321|[from] drain|[of] p1a: Tauros\n|faint|p1a: Tauros\n|\n|upkeep\n|\n|t:|1783557220\n|switch|p1a: Excadrill|Excadrill, L79, M|100/100\n|-ability|p1a: Excadrill|Mold Breaker\n|turn|7\n|inactive|Time left: 300 sec this turn | 300 sec total\n|\n|t:|1783557221\n|switch|p2a: Swanna|Swanna, L89, F|278/278\n|move|p1a: Excadrill|Earthquake|p2a: Swanna\n|-immune|p2a: Swanna\n|\n|upkeep\n|turn|8\n|inactive|Time left: 300 sec this turn | 300 sec total\n|\n|t:|1783557223\n|move|p2a: Swanna|Hydro Pump|p1a: Excadrill\n|-supereffective|p1a: Excadrill\n|-damage|p1a: Excadrill|0 fnt\n|faint|p1a: Excadrill\n|\n|upkeep\n|\n|t:|1783557224\n|switch|p1a: Empoleon|Empoleon, L84, F|87/100\n|turn|9\n|inactive|Time left: 300 sec this turn | 300 sec total\n|\n|t:|1783557225\n|switch|p2a: Suicune|Suicune, L82|295/298\n|-ability|p2a: Suicune|Pressure\n|move|p1a: Empoleon|Ice Beam|p2a: Suicune\n|-resisted|p2a: Suicune\n|-damage|p2a: Suicune|264/298\n|\n|-heal|p2a: Suicune|282/298|[from] item: Leftovers\n|-heal|p1a: Empoleon|93/100|[from] item: Leftovers\n|upkeep\n|turn|10\n|inactive|Time left: 300 sec this turn | 300 sec total\n|\n|t:|1783557226\n|move|p2a: Suicune|Calm Mind|p2a: Suicune\n|-boost|p2a: Suicune|spa|1\n|-boost|p2a: Suicune|spd|1\n|move|p1a: Empoleon|Surf|p2a: Suicune\n|-resisted|p2a: Suicune\n|-damage|p2a: Suicune|255/298\n|\n|-heal|p2a: Suicune|273/298|[from] item: Leftovers\n|-heal|p1a: Empoleon|99/100|[from] item: Leftovers\n|upkeep\n|turn|11\n|inactive|Time left: 300 sec this turn | 300 sec total\n|\n|t:|1783557227\n|move|p2a: Suicune|Calm Mind|p2a: Suicune\n|-boost|p2a: Suicune|spa|1\n|-boost|p2a: Suicune|spd|1\n|move|p1a: Empoleon|Roar|p2a: Suicune\n|drag|p2a: Galvantula|Galvantula, L82, M|249/249\n|\n|-heal|p1a: Empoleon|100/100|[from] item: Leftovers\n|upkeep\n|turn|12\n|inactive|Time left: 300 sec this turn | 300 sec total\n|\n|t:|1783557229\n|move|p2a: Galvantula|Sticky Web|p1a: Empoleon\n|-sidestart|p1: p0x1557ec64|move: Sticky Web\n|move|p1a: Empoleon|Surf|p2a: Galvantula\n|-damage|p2a: Galvantula|107/249\n|\n|upkeep\n|turn|13\n|inactive|Time left: 300 sec this turn | 300 sec total\n|\n|t:|1783557230\n|move|p2a: Galvantula|Thunder|p1a: Empoleon\n|-supereffective|p1a: Empoleon\n|-damage|p1a: Empoleon|34/100\n|move|p1a: Empoleon|Surf|p2a: Galvantula\n|-damage|p2a: Galvantula|0 fnt\n|faint|p2a: Galvantula\n|\n|-heal|p1a: Empoleon|40/100|[from] item: Leftovers\n|upkeep\n|inactive|Time left: 300 sec this turn | 300 sec total | 5 sec grace\n|\n|t:|1783557231\n|switch|p2a: Arcanine|Arcanine, L84, F|288/288\n|-ability|p2a: Arcanine|Intimidate|boost\n|-unboost|p1a: Empoleon|atk|1\n|-ability|p1a: Empoleon|Competitive|boost\n|-boost|p1a: Empoleon|spa|2\n|turn|14\n|inactive|Time left: 300 sec this turn | 300 sec total\n|\n|t:|1783557232\n|switch|p1a: Lumineon|Lumineon, L93, M|100/100\n|move|p2a: Arcanine|Flare Blitz|p1a: Lumineon\n|-resisted|p1a: Lumineon\n|-damage|p1a: Lumineon|77/100\n|-damage|p2a: Arcanine|267/288|[from] Recoil\n|\n|upkeep\n|turn|15\n|inactive|Time left: 300 sec this turn | 300 sec total\n|\n|t:|1783557233\n|switch|p2a: Suicune|Suicune, L82|273/298\n|-ability|p2a: Suicune|Pressure\n|move|p1a: Lumineon|Hydro Pump|p2a: Suicune|[miss]\n|-miss|p1a: Lumineon|p2a: Suicune\n|\n|-heal|p2a: Suicune|291/298|[from] item: Leftovers\n|upkeep\n|turn|16\n|inactive|Time left: 300 sec this turn | 300 sec total\n|\n|t:|1783557234\n|move|p1a: Lumineon|Hydro Pump|p2a: Suicune\n|-resisted|p2a: Suicune\n|-damage|p2a: Suicune|248/298\n|move|p2a: Suicune|Calm Mind|p2a: Suicune\n|-boost|p2a: Suicune|spa|1\n|-boost|p2a: Suicune|spd|1\n|\n|-heal|p2a: Suicune|266/298|[from] item: Leftovers\n|upkeep\n|turn|17\n|inactive|Time left: 300 sec this turn | 300 sec total\n|\n|t:|1783557235\n|switch|p1a: Empoleon|Empoleon, L84, F|40/100\n|-activate|p1a: Empoleon|move: Sticky Web\n|-unboost|p1a: Empoleon|spe|1\n|-ability|p1a: Empoleon|Competitive|boost\n|-boost|p1a: Empoleon|spa|2\n|move|p2a: Suicune|Calm Mind|p2a: Suicune\n|-boost|p2a: Suicune|spa|1\n|-boost|p2a: Suicune|spd|1\n|\n|-heal|p2a: Suicune|284/298|[from] item: Leftovers\n|-heal|p1a: Empoleon|46/100|[from] item: Leftovers\n|upkeep\n|turn|18\n|inactive|Time left: 300 sec this turn | 300 sec total\n|\n|t:|1783557236\n|move|p2a: Suicune|Scald|p1a: Empoleon\n|-resisted|p1a: Empoleon\n|-damage|p1a: Empoleon|20/100\n|move|p1a: Empoleon|Roost|p1a: Empoleon\n|-heal|p1a: Empoleon|70/100\n|-singleturn|p1a: Empoleon|move: Roost\n|\n|-heal|p2a: Suicune|298/298|[from] item: Leftovers\n|-heal|p1a: Empoleon|76/100|[from] item: Leftovers\n|upkeep\n|turn|19\n|inactive|Time left: 300 sec this turn | 300 sec total\n|\n|t:|1783557237\n|move|p2a: Suicune|Ice Beam|p1a: Empoleon\n|-resisted|p1a: Empoleon\n|-damage|p1a: Empoleon|67/100\n|move|p1a: Empoleon|Roar|p2a: Suicune\n|drag|p2a: Crabominable|Crabominable, L90, M|78/321\n|\n|-heal|p1a: Empoleon|73/100|[from] item: Leftovers\n|upkeep\n|turn|20\n|inactive|Time left: 300 sec this turn | 300 sec total\n|\n|t:|1783557238\n|-terastallize|p1a: Empoleon|Flying\n|move|p2a: Crabominable|Drain Punch|p1a: Empoleon\n|-resisted|p1a: Empoleon\n|-damage|p1a: Empoleon|48/100\n|-heal|p2a: Crabominable|114/321|[from] drain|[of] p1a: Empoleon\n|move|p1a: Empoleon|Surf|p2a: Crabominable\n|-damage|p2a: Crabominable|0 fnt\n|faint|p2a: Crabominable\n|\n|-heal|p1a: Empoleon|54/100|[from] item: Leftovers\n|upkeep\n|inactive|Time left: 300 sec this turn | 300 sec total | 5 sec grace\n|\n|t:|1783557239\n|switch|p2a: Suicune|Suicune, L82|298/298\n|-ability|p2a: Suicune|Pressure\n|turn|21\n|inactive|Time left: 300 sec this turn | 300 sec total\n|\n|t:|1783557240\n|move|p2a: Suicune|Ice Beam|p1a: Empoleon\n|-supereffective|p1a: Empoleon\n|-damage|p1a: Empoleon|20/100\n|move|p1a: Empoleon|Roost|p1a: Empoleon\n|-heal|p1a: Empoleon|70/100\n|-hint|If a Terastallized Pokemon uses Roost, it remains Flying-type.\n|\n|-heal|p1a: Empoleon|76/100|[from] item: Leftovers\n|upkeep\n|turn|22\n|inactive|Time left: 300 sec this turn | 300 sec total\n|\n|t:|1783557242\n|move|p2a: Suicune|Calm Mind|p2a: Suicune\n|-boost|p2a: Suicune|spa|1\n|-boost|p2a: Suicune|spd|1\n|move|p1a: Empoleon|Surf|p2a: Suicune\n|-resisted|p2a: Suicune\n|-damage|p2a: Suicune|241/298\n|\n|-heal|p2a: Suicune|259/298|[from] item: Leftovers\n|-heal|p1a: Empoleon|82/100|[from] item: Leftovers\n|upkeep\n|turn|23\n|inactive|Time left: 300 sec this turn | 300 sec total\n|\n|t:|1783557243\n|move|p2a: Suicune|Ice Beam|p1a: Empoleon\n|-supereffective|p1a: Empoleon\n|-damage|p1a: Empoleon|31/100\n|move|p1a: Empoleon|Roost|p1a: Empoleon\n|-heal|p1a: Empoleon|81/100\n|-hint|If a Terastallized Pokemon uses Roost, it remains Flying-type.\n|\n|-heal|p2a: Suicune|277/298|[from] item: Leftovers\n|-heal|p1a: Empoleon|87/100|[from] item: Leftovers\n|upkeep\n|turn|24\n|inactive|Time left: 300 sec this turn | 300 sec total\n|\n|t:|1783557244\n|move|p2a: Suicune|Ice Beam|p1a: Empoleon\n|-supereffective|p1a: Empoleon\n|-damage|p1a: Empoleon|32/100\n|move|p1a: Empoleon|Roar|p2a: Suicune\n|drag|p2a: Arcanine|Arcanine, L84, F|267/288\n|-ability|p2a: Arcanine|Intimidate|boost\n|-unboost|p1a: Empoleon|atk|1\n|-ability|p1a: Empoleon|Competitive|boost\n|-boost|p1a: Empoleon|spa|2\n|\n|-heal|p1a: Empoleon|38/100|[from] item: Leftovers\n|upkeep\n|turn|25\n|inactive|Time left: 300 sec this turn | 300 sec total\n|\n|t:|1783557245\n|switch|p1a: Lumineon|Lumineon, L93, M|77/100\n|move|p2a: Arcanine|Flare Blitz|p1a: Lumineon\n|-resisted|p1a: Lumineon\n|-damage|p1a: Lumineon|54/100\n|-damage|p2a: Arcanine|246/288|[from] Recoil\n|\n|upkeep\n|turn|26\n|inactive|Time left: 300 sec this turn | 300 sec total\n|\n|t:|1783557246\n|switch|p2a: Suicune|Suicune, L82|277/298\n|-ability|p2a: Suicune|Pressure\n|move|p1a: Lumineon|Hydro Pump|p2a: Suicune\n|-resisted|p2a: Suicune\n|-damage|p2a: Suicune|232/298\n|\n|-heal|p2a: Suicune|250/298|[from] item: Leftovers\n|upkeep\n|turn|27\n|inactive|Time left: 300 sec this turn | 300 sec total\n|\n|t:|1783557247\n|move|p1a: Lumineon|Hydro Pump|p2a: Suicune\n|-resisted|p2a: Suicune\n|-damage|p2a: Suicune|205/298\n|move|p2a: Suicune|Calm Mind|p2a: Suicune\n|-boost|p2a: Suicune|spa|1\n|-boost|p2a: Suicune|spd|1\n|\n|-heal|p2a: Suicune|223/298|[from] item: Leftovers\n|upkeep\n|turn|28\n|inactive|Time left: 300 sec this turn | 300 sec total\n|\n|t:|1783557248\n|move|p1a: Lumineon|Encore|p2a: Suicune\n|-start|p2a: Suicune|Encore\n|move|p2a: Suicune|Calm Mind|p2a: Suicune\n|-boost|p2a: Suicune|spa|1\n|-boost|p2a: Suicune|spd|1\n|\n|-heal|p2a: Suicune|241/298|[from] item: Leftovers\n|upkeep\n|turn|29\n|inactive|Time left: 300 sec this turn | 300 sec total\n|\n|t:|1783557249\n|switch|p1a: Empoleon|Empoleon, L84, F, tera:Flying|38/100\n|move|p2a: Suicune|Calm Mind|p2a: Suicune\n|-boost|p2a: Suicune|spa|1\n|-boost|p2a: Suicune|spd|1\n|\n|-heal|p2a: Suicune|259/298|[from] item: Leftovers\n|-heal|p1a: Empoleon|44/100|[from] item: Leftovers\n|upkeep\n|turn|30\n|inactive|Time left: 300 sec this turn | 300 sec total\n|\n|t:|1783557249\n|move|p2a: Suicune|Calm Mind|p2a: Suicune\n|-boost|p2a: Suicune|spa|1\n|-boost|p2a: Suicune|spd|1\n|move|p1a: Empoleon|Roar|p2a: Suicune\n|drag|p2a: Greedent|Greedent, L86, M|347/347\n|\n|-heal|p1a: Empoleon|50/100|[from] item: Leftovers\n|upkeep\n|turn|31\n|inactive|Time left: 300 sec this turn | 300 sec total\n|\n|t:|1783557250\n|move|p1a: Empoleon|Roost|p1a: Empoleon\n|-heal|p1a: Empoleon|99/100\n|-hint|If a Terastallized Pokemon uses Roost, it remains Flying-type.\n|move|p2a: Greedent|Swords Dance|p2a: Greedent\n|-boost|p2a: Greedent|atk|2\n|\n|-heal|p1a: Empoleon|100/100|[from] item: Leftovers\n|upkeep\n|turn|32\n|inactive|Time left: 300 sec this turn | 300 sec total\n|\n|t:|1783557251\n|move|p2a: Greedent|Double-Edge|p1a: Empoleon\n|-damage|p1a: Empoleon|12/100\n|-damage|p2a: Greedent|266/347|[from] Recoil\n|move|p1a: Empoleon|Roar|p2a: Greedent\n|drag|p2a: Swanna|Swanna, L89, F|278/278\n|\n|-heal|p1a: Empoleon|18/100|[from] item: Leftovers\n|upkeep\n|turn|33\n|inactive|Time left: 300 sec this turn | 300 sec total\n|\n|t:|1783557252\n|move|p2a: Swanna|Brave Bird|p1a: Empoleon\n|-damage|p1a: Empoleon|0 fnt\n|faint|p1a: Empoleon\n|-damage|p2a: Swanna|262/278|[from] Recoil\n|\n|upkeep\n|\n|t:|1783557253\n|switch|p1a: Chien-Pao|Chien-Pao, L72|100/100\n|-ability|p1a: Chien-Pao|Sword of Ruin\n|turn|34\n|inactive|Time left: 300 sec this turn | 300 sec total\n|\n|t:|1783557254\n|switch|p2a: Arcanine|Arcanine, L84, F|246/288\n|-ability|p2a: Arcanine|Intimidate|boost\n|-unboost|p1a: Chien-Pao|atk|1\n|move|p1a: Chien-Pao|Swords Dance|p1a: Chien-Pao\n|-boost|p1a: Chien-Pao|atk|2\n|\n|upkeep\n|turn|35\n|inactive|Time left: 300 sec this turn | 300 sec total\n|\n|t:|1783557255\n|move|p1a: Chien-Pao|Icicle Crash|p2a: Arcanine\n|-resisted|p2a: Arcanine\n|-damage|p2a: Arcanine|164/288\n|cant|p2a: Arcanine|flinch\n|\n|upkeep\n|turn|36\n|inactive|Time left: 300 sec this turn | 300 sec total\n|\n|t:|1783557256\n|move|p1a: Chien-Pao|Throat Chop|p2a: Arcanine\n|-damage|p2a: Arcanine|5/288\n|-start|p2a: Arcanine|Throat Chop|[silent]\n|move|p2a: Arcanine|Flare Blitz|p1a: Chien-Pao\n|-supereffective|p1a: Chien-Pao\n|-damage|p1a: Chien-Pao|0 fnt\n|faint|p1a: Chien-Pao\n|-damage|p2a: Arcanine|0 fnt|[from] Recoil\n|faint|p2a: Arcanine\n|\n|upkeep\n|inactive|Time left: 300 sec this turn | 300 sec total | 5 sec grace\n|\n|t:|1783557257\n|switch|p1a: Lumineon|Lumineon, L93, M|54/100\n|switch|p2a: Greedent|Greedent, L86, M|266/347\n|turn|37\n|inactive|Time left: 300 sec this turn | 300 sec total\n|\n|t:|1783557258\n|move|p1a: Lumineon|U-turn|p2a: Greedent\n|-damage|p2a: Greedent|222/347\n|\n|t:|1783557259\n|switch|p1a: Mienshao|Mienshao, L83, M|100/100|[from] U-turn\n|-activate|p1a: Mienshao|move: Sticky Web\n|-unboost|p1a: Mienshao|spe|1\n|move|p2a: Greedent|Knock Off|p1a: Mienshao\n|-resisted|p1a: Mienshao\n|-damage|p1a: Mienshao|80/100\n|-enditem|p1a: Mienshao|Life Orb|[from] move: Knock Off|[of] p2a: Greedent\n|\n|upkeep\n|turn|38\n|inactive|Time left: 300 sec this turn | 300 sec total\n|\n|t:|1783557260\n|move|p1a: Mienshao|Swords Dance|p1a: Mienshao\n|-boost|p1a: Mienshao|atk|2\n|move|p2a: Greedent|Double-Edge|p1a: Mienshao\n|-damage|p1a: Mienshao|4/100\n|-damage|p2a: Greedent|161/347|[from] Recoil\n|-enditem|p2a: Greedent|Sitrus Berry|[eat]\n|-heal|p2a: Greedent|247/347|[from] item: Sitrus Berry\n|-heal|p2a: Greedent|347/347|[from] ability: Cheek Pouch\n|\n|upkeep\n|turn|39\n|inactive|Time left: 300 sec this turn | 300 sec total\n|\n|t:|1783557261\n|-terastallize|p2a: Greedent|Ghost\n|move|p1a: Mienshao|Close Combat|p2a: Greedent\n|-immune|p2a: Greedent\n|move|p2a: Greedent|Double-Edge|p1a: Mienshao\n|-damage|p1a: Mienshao|0 fnt\n|faint|p1a: Mienshao\n|-damage|p2a: Greedent|344/347|[from] Recoil\n|\n|upkeep\n|\n|t:|1783557262\n|switch|p1a: Lumineon|Lumineon, L93, M|54/100\n|turn|40\n|inactive|Time left: 300 sec this turn | 300 sec total\n|\n|t:|1783557262\n|move|p1a: Lumineon|Ice Beam|p2a: Greedent\n|-damage|p2a: Greedent|274/347\n|move|p2a: Greedent|Double-Edge|p1a: Lumineon\n|-damage|p1a: Lumineon|8/100\n|-damage|p2a: Greedent|231/347|[from] Recoil\n|\n|upkeep\n|turn|41\n|inactive|Time left: 300 sec this turn | 300 sec total\n|\n|t:|1783557263\n|move|p1a: Lumineon|Ice Beam|p2a: Greedent\n|-damage|p2a: Greedent|169/347\n|move|p2a: Greedent|Double-Edge|p1a: Lumineon\n|-damage|p1a: Lumineon|0 fnt\n|faint|p1a: Lumineon\n|-damage|p2a: Greedent|162/347|[from] Recoil\n|\n|win|p0y1557c83e", "uploadtime": 1783557263, "views": 0, "rating": 0, "private": 0, "password": null, "_winner": "p0y1557c83e", "_our_name": "p0y1557c83e"}