{"id": "battle-gen9randombattle-2668", "formatid": "gen9randombattle", "format": "[Gen 9] Random Battle", "players": ["p0x26689773", "p0y266809b5"], "log": "|init|battle\n|title|p0x26689773 vs. p0y266809b5\n|j|\u2606p0x26689773\n|j|\u2606p0y266809b5\n|t:|1783569777\n|gametype|singles\n|player|p1|p0x26689773|102|\n|player|p2|p0y266809b5|2|\n|gen|9\n|tier|[Gen 9] Random Battle\n|rule|Species Clause: Limit one of each Pok\u00e9mon\n|rule|HP Percentage Mod: HP is shown in percentages\n|rule|Sleep Clause Mod: Limit one foe put to sleep\n|rule|Illusion Level Mod: Illusion disguises the Pok\u00e9mon's true level\n|\n|t:|1783569777\n|teamsize|p1|6\n|teamsize|p2|6\n|start\n|switch|p1a: Cobalion|Cobalion, L80|277/277\n|switch|p2a: Iron Hands|Iron Hands, L79|100/100\n|turn|1\n|inactive|Battle timer is ON: inactive players will automatically lose when time's up. (requested by p0x26689773)\n|inactive|p0y266809b5 also wants the timer to be on.\n|\n|t:|1783569779\n|switch|p1a: Espathra|Espathra, L80, F|283/283\n|move|p2a: Iron Hands|Drain Punch|p1a: Espathra\n|-resisted|p1a: Espathra\n|-crit|p1a: Espathra\n|-damage|p1a: Espathra|184/283\n|\n|-heal|p1a: Espathra|201/283|[from] item: Leftovers\n|upkeep\n|turn|2\n|inactive|Time left: 300 sec this turn | 300 sec total\n|\n|t:|1783569780\n|move|p1a: Espathra|Substitute|p1a: Espathra\n|-start|p1a: Espathra|Substitute\n|-damage|p1a: Espathra|131/283\n|move|p2a: Iron Hands|Swords Dance|p2a: Iron Hands\n|-boost|p2a: Iron Hands|atk|2\n|\n|-heal|p1a: Espathra|148/283|[from] item: Leftovers\n|-ability|p1a: Espathra|Speed Boost|boost\n|-boost|p1a: Espathra|spe|1\n|upkeep\n|turn|3\n|inactive|Time left: 300 sec this turn | 300 sec total\n|\n|t:|1783569781\n|move|p1a: Espathra|Calm Mind|p1a: Espathra\n|-boost|p1a: Espathra|spa|1\n|-boost|p1a: Espathra|spd|1\n|move|p2a: Iron Hands|Thunder Punch|p1a: Espathra\n|-crit|p1a: Espathra\n|-end|p1a: Espathra|Substitute\n|\n|-heal|p1a: Espathra|165/283|[from] item: Leftovers\n|-ability|p1a: Espathra|Speed Boost|boost\n|-boost|p1a: Espathra|spe|1\n|upkeep\n|turn|4\n|inactive|Time left: 300 sec this turn | 300 sec total\n|\n|t:|1783569782\n|-terastallize|p2a: Iron Hands|Steel\n|move|p1a: Espathra|Stored Power|p2a: Iron Hands\n|-resisted|p2a: Iron Hands\n|-damage|p2a: Iron Hands|76/100\n|move|p2a: Iron Hands|Thunder Punch|p1a: Espathra\n|-damage|p1a: Espathra|0 fnt\n|faint|p1a: Espathra\n|\n|-heal|p2a: Iron Hands|83/100|[from] item: Leftovers\n|upkeep\n|inactive|Time left: 300 sec this turn | 300 sec total | 5 sec grace\n|\n|t:|1783569783\n|switch|p1a: Arceus|Arceus-Grass, L73|296/296\n|turn|5\n|inactive|Time left: 300 sec this turn | 300 sec total\n|\n|t:|1783569785\n|move|p1a: Arceus|Calm Mind|p1a: Arceus\n|-boost|p1a: Arceus|spa|1\n|-boost|p1a: Arceus|spd|1\n|move|p2a: Iron Hands|Drain Punch|p1a: Arceus\n|-damage|p1a: Arceus|133/296\n|-heal|p2a: Iron Hands|100/100|[from] drain|[of] p1a: Arceus\n|\n|upkeep\n|turn|6\n|inactive|Time left: 300 sec this turn | 300 sec total\n|\n|t:|1783569786\n|-terastallize|p1a: Arceus|Fire\n|move|p1a: Arceus|Fire Blast|p2a: Iron Hands\n|-supereffective|p2a: Iron Hands\n|-damage|p2a: Iron Hands|0 fnt\n|faint|p2a: Iron Hands\n|-end|p2a: Iron Hands|Quark Drive|[silent]\n|\n|upkeep\n|\n|t:|1783569786\n|switch|p2a: Swanna|Swanna, L89, M|100/100\n|turn|7\n|inactive|Time left: 300 sec this turn | 300 sec total\n|\n|t:|1783569788\n|move|p2a: Swanna|Hydro Pump|p1a: Arceus|[miss]\n|-miss|p2a: Swanna|p1a: Arceus\n|move|p1a: Arceus|Judgment|p2a: Swanna\n|-damage|p2a: Swanna|25/100\n|\n|upkeep\n|turn|8\n|inactive|Time left: 300 sec this turn | 300 sec total\n|\n|t:|1783569788\n|switch|p1a: Kingdra|Kingdra, L84, F|263/263\n|move|p2a: Swanna|Hydro Pump|p1a: Kingdra\n|-resisted|p1a: Kingdra\n|-damage|p1a: Kingdra|233/263\n|\n|upkeep\n|turn|9\n|inactive|Time left: 300 sec this turn | 300 sec total\n|\n|t:|1783569789\n|move|p2a: Swanna|Brave Bird|p1a: Kingdra\n|-damage|p1a: Kingdra|106/263\n|-damage|p2a: Swanna|9/100|[from] Recoil\n|move|p1a: Kingdra|Draco Meteor|p2a: Swanna\n|-damage|p2a: Swanna|0 fnt\n|-unboost|p1a: Kingdra|spa|2\n|faint|p2a: Swanna\n|-damage|p1a: Kingdra|80/263|[from] item: Life Orb\n|\n|upkeep\n|\n|t:|1783569790\n|switch|p2a: Masquerain|Masquerain, L87, F|100/100\n|-ability|p2a: Masquerain|Intimidate|boost\n|-unboost|p1a: Kingdra|atk|1\n|turn|10\n|inactive|Time left: 300 sec this turn | 300 sec total\n|\n|t:|1783569791\n|switch|p1a: Altaria|Altaria, L89, M|278/278\n|move|p2a: Masquerain|Quiver Dance|p2a: Masquerain\n|-boost|p2a: Masquerain|spa|1\n|-boost|p2a: Masquerain|spd|1\n|-boost|p2a: Masquerain|spe|1\n|\n|upkeep\n|turn|11\n|inactive|Time left: 300 sec this turn | 300 sec total\n|\n|t:|1783569792\n|switch|p2a: Greedent|Greedent, L86, M|100/100\n|move|p1a: Altaria|Brave Bird|p2a: Greedent\n|-damage|p2a: Greedent|72/100\n|-damage|p1a: Altaria|245/278|[from] Recoil\n|\n|upkeep\n|turn|12\n|inactive|Time left: 300 sec this turn | 300 sec total\n|\n|t:|1783569792\n|move|p1a: Altaria|Earthquake|p2a: Greedent\n|-damage|p2a: Greedent|56/100\n|move|p2a: Greedent|Swords Dance|p2a: Greedent\n|-boost|p2a: Greedent|atk|2\n|\n|upkeep\n|turn|13\n|inactive|Time left: 300 sec this turn | 300 sec total\n|\n|t:|1783569793\n|move|p1a: Altaria|Haze|p1a: Altaria\n|-clearallboost\n|move|p2a: Greedent|Body Slam|p1a: Altaria\n|-damage|p1a: Altaria|160/278\n|-status|p1a: Altaria|par\n|\n|upkeep\n|turn|14\n|inactive|Time left: 300 sec this turn | 300 sec total\n|\n|t:|1783569794\n|-curestatus|p1a: Altaria|par|[from] ability: Natural Cure|[silent]\n|switch|p1a: Cobalion|Cobalion, L80|277/277\n|move|p2a: Greedent|Swords Dance|p2a: Greedent\n|-boost|p2a: Greedent|atk|2\n|\n|upkeep\n|turn|15\n|inactive|Time left: 300 sec this turn | 300 sec total\n|\n|t:|1783569795\n|move|p1a: Cobalion|Aura Sphere|p2a: Greedent\n|-supereffective|p2a: Greedent\n|-damage|p2a: Greedent|11/100\n|-enditem|p2a: Greedent|Sitrus Berry|[eat]\n|-heal|p2a: Greedent|35/100|[from] item: Sitrus Berry\n|-heal|p2a: Greedent|69/100|[from] ability: Cheek Pouch\n|move|p2a: Greedent|Earthquake|p1a: Cobalion\n|-supereffective|p1a: Cobalion\n|-damage|p1a: Cobalion|63/277\n|\n|-heal|p1a: Cobalion|80/277|[from] item: Leftovers\n|upkeep\n|turn|16\n|inactive|Time left: 300 sec this turn | 300 sec total\n|\n|t:|1783569796\n|move|p1a: Cobalion|Aura Sphere|p2a: Greedent\n|-supereffective|p2a: Greedent\n|-damage|p2a: Greedent|24/100\n|move|p2a: Greedent|Earthquake|p1a: Cobalion\n|-supereffective|p1a: Cobalion\n|-damage|p1a: Cobalion|0 fnt\n|faint|p1a: Cobalion\n|\n|upkeep\n|inactive|Time left: 300 sec this turn | 300 sec total | 5 sec grace\n|\n|t:|1783569797\n|switch|p1a: Arceus|Arceus-Grass, L73, tera:Fire|133/296\n|turn|17\n|inactive|Time left: 300 sec this turn | 300 sec total\n|\n|t:|1783569798\n|move|p1a: Arceus|Fire Blast|p2a: Greedent\n|-damage|p2a: Greedent|0 fnt\n|faint|p2a: Greedent\n|\n|upkeep\n|\n|t:|1783569799\n|switch|p2a: Masquerain|Masquerain, L87, F|100/100\n|-ability|p2a: Masquerain|Intimidate|boost\n|-unboost|p1a: Arceus|atk|1\n|turn|18\n|inactive|Time left: 300 sec this turn | 300 sec total\n|\n|t:|1783569800\n|move|p1a: Arceus|Fire Blast|p2a: Masquerain\n|-supereffective|p2a: Masquerain\n|-damage|p2a: Masquerain|16/100\n|move|p2a: Masquerain|Quiver Dance|p2a: Masquerain\n|-boost|p2a: Masquerain|spa|1\n|-boost|p2a: Masquerain|spd|1\n|-boost|p2a: Masquerain|spe|1\n|\n|upkeep\n|turn|19\n|inactive|Time left: 300 sec this turn | 300 sec total\n|\n|t:|1783569801\n|move|p2a: Masquerain|Hydro Pump|p1a: Arceus\n|-supereffective|p1a: Arceus\n|-damage|p1a: Arceus|0 fnt\n|faint|p1a: Arceus\n|\n|upkeep\n|inactive|Time left: 300 sec this turn | 300 sec total | 5 sec grace\n|\n|t:|1783569802\n|switch|p1a: Altaria|Altaria, L89, M|160/278\n|turn|20\n|inactive|Time left: 300 sec this turn | 300 sec total\n|\n|t:|1783569803\n|move|p2a: Masquerain|Hurricane|p1a: Altaria\n|-damage|p1a: Altaria|0 fnt\n|faint|p1a: Altaria\n|\n|upkeep\n|inactive|Time left: 300 sec this turn | 300 sec total | 5 sec grace\n|\n|t:|1783569803\n|switch|p1a: Delibird|Delibird, M|252/252\n|turn|21\n|inactive|Time left: 300 sec this turn | 300 sec total\n|\n|t:|1783569804\n|move|p2a: Masquerain|Hurricane|p1a: Delibird\n|-damage|p1a: Delibird|0 fnt\n|faint|p1a: Delibird\n|\n|upkeep\n|inactive|Time left: 300 sec this turn | 300 sec total | 5 sec grace\n|\n|t:|1783569805\n|switch|p1a: Kingdra|Kingdra, L84, F|80/263\n|turn|22\n|inactive|Time left: 300 sec this turn | 300 sec total\n|\n|t:|1783569806\n|move|p2a: Masquerain|Bug Buzz|p1a: Kingdra\n|-damage|p1a: Kingdra|0 fnt\n|faint|p1a: Kingdra\n|\n|win|p0y266809b5", "uploadtime": 1783569806, "views": 0, "rating": 0, "private": 0, "password": null, "_winner": "p0y266809b5", "_our_name": "p0x26689773"}