{"id": "battle-gen9randombattle-2142", "formatid": "gen9randombattle", "format": "[Gen 9] Random Battle", "players": ["p0x21423ec4", "p0y214283ea"], "log": "|init|battle\n|title|p0x21423ec4 vs. p0y214283ea\n|j|\u2606p0x21423ec4\n|j|\u2606p0y214283ea\n|t:|1783563989\n|gametype|singles\n|player|p1|p0x21423ec4|101|\n|player|p2|p0y214283ea|1|\n|gen|9\n|tier|[Gen 9] Random Battle\n|rule|Species Clause: Limit one of each Pok\u00e9mon\n|rule|HP Percentage Mod: HP is shown in percentages\n|rule|Sleep Clause Mod: Limit one foe put to sleep\n|rule|Illusion Level Mod: Illusion disguises the Pok\u00e9mon's true level\n|\n|t:|1783563989\n|teamsize|p1|6\n|teamsize|p2|6\n|start\n|switch|p1a: Girafarig|Girafarig, L89, M|100/100\n|switch|p2a: Golurk|Golurk, L87|297/297\n|turn|1\n|inactive|Battle timer is ON: inactive players will automatically lose when time's up. (requested by p0y214283ea)\n|inactive|p0x21423ec4 also wants the timer to be on.\n|\n|t:|1783563991\n|move|p1a: Girafarig|Nasty Plot|p1a: Girafarig\n|-boost|p1a: Girafarig|spa|2\n|move|p2a: Golurk|Stealth Rock|p1a: Girafarig\n|-sidestart|p1: p0x21423ec4|move: Stealth Rock\n|\n|upkeep\n|turn|2\n|inactive|Time left: 300 sec this turn | 300 sec total\n|\n|t:|1783563992\n|move|p1a: Girafarig|Psyshock|p2a: Golurk\n|-damage|p2a: Golurk|122/297\n|move|p2a: Golurk|Dynamic Punch|p1a: Girafarig\n|-damage|p1a: Girafarig|68/100\n|-start|p1a: Girafarig|confusion\n|-damage|p2a: Golurk|93/297|[from] item: Life Orb\n|\n|upkeep\n|turn|3\n|inactive|Time left: 300 sec this turn | 300 sec total\n|\n|t:|1783563994\n|-activate|p1a: Girafarig|confusion\n|-damage|p1a: Girafarig|59/100|[from] confusion\n|move|p2a: Golurk|Earthquake|p1a: Girafarig\n|-damage|p1a: Girafarig|7/100\n|-damage|p2a: Golurk|64/297|[from] item: Life Orb\n|\n|upkeep\n|turn|4\n|inactive|Time left: 300 sec this turn | 300 sec total\n|\n|t:|1783563995\n|switch|p2a: Girafarig|Girafarig, L89, F|269/269\n|-activate|p1a: Girafarig|confusion\n|move|p1a: Girafarig|Psyshock|p2a: Girafarig\n|-resisted|p2a: Girafarig\n|-damage|p2a: Girafarig|197/269\n|\n|upkeep\n|turn|5\n|inactive|Time left: 300 sec this turn | 300 sec total\n|\n|t:|1783563996\n|-activate|p1a: Girafarig|confusion\n|move|p1a: Girafarig|Hyper Voice|p2a: Girafarig\n|-damage|p2a: Girafarig|35/269\n|move|p2a: Girafarig|Psychic|p1a: Girafarig\n|-resisted|p1a: Girafarig\n|-damage|p1a: Girafarig|0 fnt\n|faint|p1a: Girafarig\n|\n|upkeep\n|\n|t:|1783563997\n|switch|p1a: Ariados|Ariados, L95, F|100/100\n|turn|6\n|inactive|Time left: 300 sec this turn | 300 sec total\n|\n|t:|1783563998\n|move|p2a: Girafarig|Psychic|p1a: Ariados\n|-supereffective|p1a: Ariados\n|-damage|p1a: Ariados|27/100\n|move|p1a: Ariados|Sticky Web|p2a: Girafarig\n|-sidestart|p2: p0y214283ea|move: Sticky Web\n|\n|upkeep\n|turn|7\n|inactive|Time left: 300 sec this turn | 300 sec total\n|\n|t:|1783563999\n|move|p1a: Ariados|Sucker Punch|p2a: Girafarig\n|-supereffective|p2a: Girafarig\n|-damage|p2a: Girafarig|0 fnt\n|faint|p2a: Girafarig\n|\n|upkeep\n|inactive|Time left: 300 sec this turn | 300 sec total | 5 sec grace\n|\n|t:|1783563999\n|switch|p2a: Koraidon|Koraidon, L64|235/235\n|-activate|p2a: Koraidon|move: Sticky Web\n|-unboost|p2a: Koraidon|spe|1\n|-weather|SunnyDay|[from] ability: Orichalcum Pulse|[of] p2a: Koraidon\n|-activate|p2a: Koraidon|Orichalcum Pulse|[source]\n|turn|8\n|inactive|Time left: 300 sec this turn | 300 sec total\n|\n|t:|1783564000\n|switch|p1a: Gouging Fire|Gouging Fire, L74|100/100\n|-activate|p1a: Gouging Fire|ability: Protosynthesis\n|-start|p1a: Gouging Fire|protosynthesisdef\n|move|p2a: Koraidon|Outrage|p1a: Gouging Fire\n|-supereffective|p1a: Gouging Fire\n|-damage|p1a: Gouging Fire|1/100\n|\n|-weather|SunnyDay|[upkeep]\n|upkeep\n|turn|9\n|inactive|Time left: 300 sec this turn | 300 sec total\n|\n|t:|1783564001\n|move|p1a: Gouging Fire|Outrage|p2a: Koraidon\n|-supereffective|p2a: Koraidon\n|-damage|p2a: Koraidon|0 fnt\n|faint|p2a: Koraidon\n|\n|-weather|SunnyDay|[upkeep]\n|upkeep\n|inactive|Time left: 300 sec this turn | 300 sec total | 5 sec grace\n|\n|t:|1783564002\n|switch|p2a: Electrode|Electrode, L92|260/260\n|-activate|p2a: Electrode|move: Sticky Web\n|-unboost|p2a: Electrode|spe|1\n|turn|10\n|inactive|Time left: 300 sec this turn | 300 sec total\n|\n|t:|1783564003\n|move|p2a: Electrode|Tera Blast|p1a: Gouging Fire\n|-damage|p1a: Gouging Fire|0 fnt\n|faint|p1a: Gouging Fire\n|-end|p1a: Gouging Fire|Protosynthesis|[silent]\n|-damage|p2a: Electrode|234/260|[from] item: Life Orb\n|\n|-weather|SunnyDay|[upkeep]\n|upkeep\n|\n|t:|1783564004\n|switch|p1a: Medicham|Medicham, L86, F|100/100\n|-damage|p1a: Medicham|94/100|[from] Stealth Rock\n|turn|11\n|inactive|Time left: 300 sec this turn | 300 sec total\n|\n|t:|1783564005\n|move|p1a: Medicham|Zen Headbutt|p2a: Electrode\n|-damage|p2a: Electrode|87/260\n|move|p2a: Electrode|Thunderbolt|p1a: Medicham\n|-damage|p1a: Medicham|38/100\n|-damage|p2a: Electrode|61/260|[from] item: Life Orb\n|\n|-weather|SunnyDay|[upkeep]\n|upkeep\n|turn|12\n|inactive|Time left: 300 sec this turn | 300 sec total\n|\n|t:|1783564006\n|move|p1a: Medicham|Zen Headbutt|p2a: Electrode\n|-damage|p2a: Electrode|0 fnt\n|-damage|p1a: Medicham|13/100|[from] ability: Aftermath|[of] p2a: Electrode\n|faint|p2a: Electrode\n|\n|-weather|none\n|upkeep\n|inactive|Time left: 300 sec this turn | 300 sec total | 5 sec grace\n|\n|t:|1783564007\n|switch|p2a: Inteleon|Inteleon, L81, M|246/246\n|-activate|p2a: Inteleon|move: Sticky Web\n|-unboost|p2a: Inteleon|spe|1\n|turn|13\n|inactive|Time left: 300 sec this turn | 300 sec total\n|\n|t:|1783564007\n|move|p1a: Medicham|Zen Headbutt|p2a: Inteleon\n|-damage|p2a: Inteleon|71/246\n|move|p2a: Inteleon|Ice Beam|p1a: Medicham\n|-damage|p1a: Medicham|0 fnt\n|faint|p1a: Medicham\n|\n|upkeep\n|\n|t:|1783564008\n|switch|p1a: Floatzel|Floatzel, L86, M|100/100\n|-damage|p1a: Floatzel|88/100|[from] Stealth Rock\n|turn|14\n|inactive|Time left: 300 sec this turn | 300 sec total\n|\n|t:|1783564009\n|switch|p2a: Ditto|Ditto, L87|225/225\n|-activate|p2a: Ditto|move: Sticky Web\n|-unboost|p2a: Ditto|spe|1\n|-transform|p2a: Ditto|p1a: Floatzel|[from] ability: Imposter\n|move|p1a: Floatzel|Wave Crash|p2a: Ditto\n|-resisted|p2a: Ditto\n|-damage|p2a: Ditto|126/225\n|-damage|p1a: Floatzel|77/100|[from] Recoil\n|\n|-heal|p1a: Floatzel|83/100|[from] item: Leftovers\n|upkeep\n|turn|15\n|inactive|Time left: 300 sec this turn | 300 sec total\n|\n|t:|1783564010\n|move|p2a: Ditto|Bulk Up|p2a: Ditto\n|-boost|p2a: Ditto|atk|1\n|-boost|p2a: Ditto|def|1\n|move|p1a: Floatzel|Bulk Up|p1a: Floatzel\n|-boost|p1a: Floatzel|atk|1\n|-boost|p1a: Floatzel|def|1\n|\n|-heal|p1a: Floatzel|89/100|[from] item: Leftovers\n|upkeep\n|turn|16\n|inactive|Time left: 300 sec this turn | 300 sec total\n|\n|t:|1783564011\n|move|p2a: Ditto|Bulk Up|p2a: Ditto\n|-boost|p2a: Ditto|atk|1\n|-boost|p2a: Ditto|def|1\n|move|p1a: Floatzel|Wave Crash|p2a: Ditto\n|-resisted|p2a: Ditto\n|-damage|p2a: Ditto|54/225\n|-damage|p1a: Floatzel|80/100|[from] Recoil\n|\n|-heal|p1a: Floatzel|86/100|[from] item: Leftovers\n|upkeep\n|turn|17\n|inactive|Time left: 300 sec this turn | 300 sec total\n|\n|t:|1783564012\n|move|p2a: Ditto|Bulk Up|p2a: Ditto\n|-boost|p2a: Ditto|atk|1\n|-boost|p2a: Ditto|def|1\n|move|p1a: Floatzel|Wave Crash|p2a: Ditto\n|-resisted|p2a: Ditto\n|-damage|p2a: Ditto|0 fnt\n|faint|p2a: Ditto\n|-damage|p1a: Floatzel|80/100|[from] Recoil\n|\n|-heal|p1a: Floatzel|86/100|[from] item: Leftovers\n|upkeep\n|inactive|Time left: 300 sec this turn | 300 sec total | 5 sec grace\n|\n|t:|1783564012\n|switch|p2a: Golurk|Golurk, L87|64/297\n|-activate|p2a: Golurk|move: Sticky Web\n|-unboost|p2a: Golurk|spe|1\n|turn|18\n|inactive|Time left: 300 sec this turn | 300 sec total\n|\n|t:|1783564013\n|-terastallize|p2a: Golurk|Ground\n|move|p1a: Floatzel|Wave Crash|p2a: Golurk\n|-supereffective|p2a: Golurk\n|-damage|p2a: Golurk|0 fnt\n|faint|p2a: Golurk\n|-damage|p1a: Floatzel|78/100|[from] Recoil\n|\n|-heal|p1a: Floatzel|84/100|[from] item: Leftovers\n|upkeep\n|inactive|Time left: 300 sec this turn | 300 sec total | 5 sec grace\n|\n|t:|1783564014\n|switch|p2a: Inteleon|Inteleon, L81, M|71/246\n|-activate|p2a: Inteleon|move: Sticky Web\n|-unboost|p2a: Inteleon|spe|1\n|turn|19\n|inactive|Time left: 300 sec this turn | 300 sec total\n|\n|t:|1783564015\n|-terastallize|p1a: Floatzel|Water\n|move|p1a: Floatzel|Wave Crash|p2a: Inteleon\n|-resisted|p2a: Inteleon\n|-damage|p2a: Inteleon|0 fnt\n|faint|p2a: Inteleon\n|-damage|p1a: Floatzel|76/100|[from] Recoil\n|\n|win|p0x21423ec4", "uploadtime": 1783564015, "views": 0, "rating": 0, "private": 0, "password": null, "_winner": "p0x21423ec4", "_our_name": "p0y214283ea"}