{"id": "battle-gen9randombattle-1347", "formatid": "gen9randombattle", "format": "[Gen 9] Random Battle", "players": ["p0x134743f0", "p0y134733ab"], "log": "|init|battle\n|title|p0x134743f0 vs. p0y134733ab\n|j|\u2606p0x134743f0\n|j|\u2606p0y134733ab\n|t:|1783555647\n|gametype|singles\n|player|p1|p0x134743f0|266|\n|player|p2|p0y134733ab|102|\n|gen|9\n|tier|[Gen 9] Random Battle\n|rule|Species Clause: Limit one of each Pok\u00e9mon\n|rule|HP Percentage Mod: HP is shown in percentages\n|rule|Sleep Clause Mod: Limit one foe put to sleep\n|rule|Illusion Level Mod: Illusion disguises the Pok\u00e9mon's true level\n|\n|t:|1783555647\n|teamsize|p1|6\n|teamsize|p2|6\n|start\n|switch|p1a: Gengar|Gengar, L81, M|230/230\n|switch|p2a: Volbeat|Volbeat, L90, M|100/100\n|turn|1\n|inactive|Battle timer is ON: inactive players will automatically lose when time's up. (requested by p0y134733ab)\n|inactive|Time left: 300 sec this turn | 300 sec total | 60 sec grace\n|\n|t:|1783555649\n|switch|p2a: Ho-Oh|Ho-Oh, L71|100/100\n|move|p1a: Gengar|Shadow Ball|p2a: Ho-Oh\n|-damage|p2a: Ho-Oh|60/100\n|\n|upkeep\n|turn|2\n|inactive|Time left: 300 sec this turn | 300 sec total\n|inactive|p0x134743f0 also wants the timer to be on.\n|\n|t:|1783555650\n|switch|p2a: Oinkologne|Oinkologne, L92, M|100/100\n|move|p1a: Gengar|Shadow Ball|p2a: Oinkologne\n|-immune|p2a: Oinkologne\n|\n|upkeep\n|turn|3\n|inactive|Time left: 300 sec this turn | 300 sec total\n|\n|t:|1783555651\n|switch|p1a: Flamigo|Flamigo, L82, M|269/269\n|move|p2a: Oinkologne|Lash Out|p1a: Flamigo\n|-resisted|p1a: Flamigo\n|-damage|p1a: Flamigo|232/269\n|\n|upkeep\n|turn|4\n|inactive|Time left: 300 sec this turn | 300 sec total\n|\n|t:|1783555652\n|switch|p2a: Ho-Oh|Ho-Oh, L71|93/100\n|move|p1a: Flamigo|Close Combat|p2a: Ho-Oh\n|-resisted|p2a: Ho-Oh\n|-damage|p2a: Ho-Oh|49/100\n|-unboost|p1a: Flamigo|def|1\n|-unboost|p1a: Flamigo|spd|1\n|\n|upkeep\n|turn|5\n|inactive|Time left: 300 sec this turn | 300 sec total\n|\n|t:|1783555653\n|-terastallize|p1a: Flamigo|Fighting\n|move|p1a: Flamigo|Close Combat|p2a: Ho-Oh\n|-resisted|p2a: Ho-Oh\n|-damage|p2a: Ho-Oh|0 fnt\n|-unboost|p1a: Flamigo|def|1\n|-unboost|p1a: Flamigo|spd|1\n|faint|p2a: Ho-Oh\n|\n|upkeep\n|\n|t:|1783555654\n|switch|p2a: Electivire|Electivire, L84, M|100/100\n|turn|6\n|inactive|Time left: 300 sec this turn | 300 sec total\n|\n|t:|1783555655\n|switch|p1a: Meowscarada|Meowscarada, L78, F|247/247\n|move|p2a: Electivire|Bulk Up|p2a: Electivire\n|-boost|p2a: Electivire|atk|1\n|-boost|p2a: Electivire|def|1\n|\n|upkeep\n|turn|7\n|inactive|Time left: 300 sec this turn | 300 sec total\n|\n|t:|1783555656\n|move|p1a: Meowscarada|Flower Trick|p2a: Electivire\n|-start|p1a: Meowscarada|typechange|Grass|[from] ability: Protean\n|-crit|p2a: Electivire\n|-damage|p2a: Electivire|48/100\n|move|p2a: Electivire|Ice Punch|p1a: Meowscarada\n|-supereffective|p1a: Meowscarada\n|-damage|p1a: Meowscarada|0 fnt\n|faint|p1a: Meowscarada\n|-damage|p2a: Electivire|38/100|[from] item: Life Orb\n|\n|upkeep\n|inactive|Time left: 300 sec this turn | 300 sec total | 5 sec grace\n|\n|t:|1783555657\n|switch|p1a: Gengar|Gengar, L81, M|230/230\n|turn|8\n|inactive|Time left: 300 sec this turn | 300 sec total\n|\n|t:|1783555658\n|switch|p2a: Oinkologne|Oinkologne, L92, M|100/100\n|move|p1a: Gengar|Shadow Ball|p2a: Oinkologne\n|-immune|p2a: Oinkologne\n|\n|upkeep\n|turn|9\n|inactive|Time left: 300 sec this turn | 300 sec total\n|\n|t:|1783555659\n|switch|p1a: Corviknight|Corviknight, L80, F|288/288\n|-ability|p1a: Corviknight|Pressure\n|move|p2a: Oinkologne|High Horsepower|p1a: Corviknight\n|-immune|p1a: Corviknight\n|\n|upkeep\n|turn|10\n|inactive|Time left: 300 sec this turn | 300 sec total\n|\n|t:|1783555660\n|move|p2a: Oinkologne|Curse|p2a: Oinkologne\n|-unboost|p2a: Oinkologne|spe|1\n|-boost|p2a: Oinkologne|atk|1\n|-boost|p2a: Oinkologne|def|1\n|move|p1a: Corviknight|Brave Bird|p2a: Oinkologne\n|-damage|p2a: Oinkologne|78/100\n|-damage|p1a: Corviknight|262/288|[from] Recoil\n|\n|-heal|p1a: Corviknight|280/288|[from] item: Leftovers\n|-heal|p2a: Oinkologne|85/100|[from] item: Leftovers\n|upkeep\n|turn|11\n|inactive|Time left: 300 sec this turn | 300 sec total\n|\n|t:|1783555661\n|move|p1a: Corviknight|Brave Bird|p2a: Oinkologne\n|-damage|p2a: Oinkologne|62/100\n|-damage|p1a: Corviknight|254/288|[from] Recoil\n|move|p2a: Oinkologne|Double-Edge|p1a: Corviknight\n|-resisted|p1a: Corviknight\n|-damage|p1a: Corviknight|149/288\n|-damage|p2a: Oinkologne|52/100|[from] Recoil\n|\n|-heal|p1a: Corviknight|167/288|[from] item: Leftovers\n|-heal|p2a: Oinkologne|59/100|[from] item: Leftovers\n|upkeep\n|turn|12\n|inactive|Time left: 300 sec this turn | 300 sec total\n|\n|t:|1783555662\n|move|p1a: Corviknight|Brave Bird|p2a: Oinkologne\n|-damage|p2a: Oinkologne|37/100\n|-damage|p1a: Corviknight|142/288|[from] Recoil\n|move|p2a: Oinkologne|High Horsepower|p1a: Corviknight\n|-immune|p1a: Corviknight\n|\n|-heal|p1a: Corviknight|160/288|[from] item: Leftovers\n|-heal|p2a: Oinkologne|43/100|[from] item: Leftovers\n|upkeep\n|turn|13\n|inactive|Time left: 300 sec this turn | 300 sec total\n|\n|t:|1783555664\n|move|p1a: Corviknight|Brave Bird|p2a: Oinkologne\n|-damage|p2a: Oinkologne|23/100\n|-damage|p1a: Corviknight|136/288|[from] Recoil\n|move|p2a: Oinkologne|Lash Out|p1a: Corviknight\n|-damage|p1a: Corviknight|54/288\n|\n|-heal|p1a: Corviknight|72/288|[from] item: Leftovers\n|-heal|p2a: Oinkologne|29/100|[from] item: Leftovers\n|upkeep\n|turn|14\n|inactive|Time left: 300 sec this turn | 300 sec total\n|\n|t:|1783555665\n|move|p1a: Corviknight|Brave Bird|p2a: Oinkologne\n|-damage|p2a: Oinkologne|10/100\n|-damage|p1a: Corviknight|49/288|[from] Recoil\n|move|p2a: Oinkologne|High Horsepower|p1a: Corviknight\n|-immune|p1a: Corviknight\n|\n|-heal|p1a: Corviknight|67/288|[from] item: Leftovers\n|-heal|p2a: Oinkologne|16/100|[from] item: Leftovers\n|upkeep\n|turn|15\n|inactive|Time left: 300 sec this turn | 300 sec total\n|\n|t:|1783555666\n|move|p1a: Corviknight|Brave Bird|p2a: Oinkologne\n|-damage|p2a: Oinkologne|0 fnt\n|faint|p2a: Oinkologne\n|-damage|p1a: Corviknight|49/288|[from] Recoil\n|\n|-heal|p1a: Corviknight|67/288|[from] item: Leftovers\n|upkeep\n|\n|t:|1783555667\n|switch|p2a: Politoed|Politoed, L88, F|100/100\n|-weather|RainDance|[from] ability: Drizzle|[of] p2a: Politoed\n|turn|16\n|inactive|Time left: 300 sec this turn | 300 sec total\n|\n|t:|1783555668\n|move|p2a: Politoed|Surf|p1a: Corviknight\n|-damage|p1a: Corviknight|0 fnt\n|faint|p1a: Corviknight\n|\n|-weather|RainDance|[upkeep]\n|upkeep\n|inactive|Time left: 300 sec this turn | 300 sec total | 5 sec grace\n|\n|t:|1783555669\n|switch|p1a: Flamigo|Flamigo, L82, M, tera:Fighting|232/269\n|turn|17\n|inactive|Time left: 300 sec this turn | 300 sec total\n|\n|t:|1783555670\n|move|p1a: Flamigo|Close Combat|p2a: Politoed\n|-damage|p2a: Politoed|0 fnt\n|-unboost|p1a: Flamigo|def|1\n|-unboost|p1a: Flamigo|spd|1\n|faint|p2a: Politoed\n|\n|-weather|RainDance|[upkeep]\n|upkeep\n|\n|t:|1783555671\n|switch|p2a: Electivire|Electivire, L84, M|38/100\n|turn|18\n|inactive|Time left: 300 sec this turn | 300 sec total\n|\n|t:|1783555672\n|switch|p1a: Arceus|Arceus-Dark, L71|288/288\n|move|p2a: Electivire|Earthquake|p1a: Arceus\n|-damage|p1a: Arceus|185/288\n|-damage|p2a: Electivire|28/100|[from] item: Life Orb\n|\n|-weather|RainDance|[upkeep]\n|upkeep\n|turn|19\n|inactive|Time left: 300 sec this turn | 300 sec total\n|\n|t:|1783555674\n|switch|p2a: Volbeat|Volbeat, L90, M|100/100\n|move|p1a: Arceus|Judgment|p2a: Volbeat\n|-damage|p2a: Volbeat|64/100\n|\n|-weather|RainDance|[upkeep]\n|upkeep\n|turn|20\n|inactive|Time left: 300 sec this turn | 300 sec total\n|\n|t:|1783555675\n|move|p1a: Arceus|Judgment|p2a: Volbeat\n|-damage|p2a: Volbeat|21/100\n|move|p2a: Volbeat|U-turn|p1a: Arceus\n|-supereffective|p1a: Arceus\n|-damage|p1a: Arceus|57/288\n|\n|t:|1783555676\n|switch|p2a: Regieleki|Regieleki, L79|100/100|[from] U-turn\n|\n|-weather|none\n|upkeep\n|turn|21\n|inactive|Time left: 300 sec this turn | 300 sec total\n|\n|t:|1783555677\n|move|p2a: Regieleki|Thunderbolt|p1a: Arceus\n|-damage|p1a: Arceus|0 fnt\n|faint|p1a: Arceus\n|\n|upkeep\n|inactive|Time left: 300 sec this turn | 300 sec total | 5 sec grace\n|\n|t:|1783555678\n|switch|p1a: Gengar|Gengar, L81, M|230/230\n|turn|22\n|inactive|Time left: 300 sec this turn | 300 sec total\n|\n|t:|1783555679\n|move|p2a: Regieleki|Volt Switch|p1a: Gengar\n|-damage|p1a: Gengar|103/230\n|-start|p2a: Regieleki|Disable|Volt Switch|[from] ability: Cursed Body|[of] p1a: Gengar\n|\n|t:|1783555680\n|switch|p2a: Volbeat|Volbeat, L90, M|21/100|[from] Volt Switch\n|move|p1a: Gengar|Sludge Wave|p2a: Volbeat\n|-damage|p2a: Volbeat|0 fnt\n|faint|p2a: Volbeat\n|\n|upkeep\n|\n|t:|1783555682\n|switch|p2a: Regieleki|Regieleki, L79|100/100\n|turn|23\n|inactive|Time left: 300 sec this turn | 300 sec total\n|\n|t:|1783555683\n|switch|p1a: Flamigo|Flamigo, L82, M, tera:Fighting|232/269\n|move|p2a: Regieleki|Thunderbolt|p1a: Flamigo\n|-damage|p1a: Flamigo|69/269\n|\n|upkeep\n|turn|24\n|inactive|Time left: 300 sec this turn | 300 sec total\n|\n|t:|1783555684\n|move|p2a: Regieleki|Thunderbolt|p1a: Flamigo\n|-damage|p1a: Flamigo|0 fnt\n|faint|p1a: Flamigo\n|\n|upkeep\n|inactive|Time left: 300 sec this turn | 300 sec total | 5 sec grace\n|\n|t:|1783555685\n|switch|p1a: Drednaw|Drednaw, L81, M|278/278\n|turn|25\n|inactive|Time left: 300 sec this turn | 300 sec total\n|\n|t:|1783555685\n|-terastallize|p2a: Regieleki|Ice\n|move|p2a: Regieleki|Thunderbolt|p1a: Drednaw\n|-supereffective|p1a: Drednaw\n|-damage|p1a: Drednaw|0 fnt\n|faint|p1a: Drednaw\n|\n|upkeep\n|inactive|Time left: 300 sec this turn | 300 sec total | 5 sec grace\n|\n|t:|1783555686\n|switch|p1a: Gengar|Gengar, L81, M|103/230\n|turn|26\n|inactive|Time left: 300 sec this turn | 300 sec total\n|\n|t:|1783555687\n|move|p2a: Regieleki|Volt Switch|p1a: Gengar\n|-damage|p1a: Gengar|0 fnt\n|faint|p1a: Gengar\n|\n|win|p0y134733ab", "uploadtime": 1783555687, "views": 0, "rating": 0, "private": 0, "password": null, "_winner": "p0y134733ab", "_our_name": "p0x134743f0"}