{"id": "battle-gen9randombattle-2267", "formatid": "gen9randombattle", "format": "[Gen 9] Random Battle", "players": ["p0x226750c9", "p0y2267e4ca"], "log": "|init|battle\n|title|p0x226750c9 vs. p0y2267e4ca\n|j|\u2606p0x226750c9\n|j|\u2606p0y2267e4ca\n|t:|1783566274\n|gametype|singles\n|player|p1|p0x226750c9|2|\n|player|p2|p0y2267e4ca|169|\n|gen|9\n|tier|[Gen 9] Random Battle\n|rule|Species Clause: Limit one of each Pok\u00e9mon\n|rule|HP Percentage Mod: HP is shown in percentages\n|rule|Sleep Clause Mod: Limit one foe put to sleep\n|rule|Illusion Level Mod: Illusion disguises the Pok\u00e9mon's true level\n|\n|t:|1783566274\n|teamsize|p1|6\n|teamsize|p2|6\n|start\n|switch|p1a: Furret|Furret, L94, M|100/100\n|switch|p2a: Pyroar|Pyroar, L88, F|295/295\n|-ability|p2a: Pyroar|Unnerve\n|-item|p2a: Pyroar|Heavy-Duty Boots|[from] ability: Frisk|[of] p1a: Furret\n|turn|1\n|inactive|Battle timer is ON: inactive players will automatically lose when time's up. (requested by p0x226750c9)\n|inactive|Time left: 300 sec this turn | 300 sec total | 60 sec grace\n|inactive|p0y2267e4ca also wants the timer to be on.\n|\n|t:|1783566276\n|move|p2a: Pyroar|Will-O-Wisp|p1a: Furret\n|-status|p1a: Furret|brn\n|move|p1a: Furret|Tidy Up|p1a: Furret\n|-boost|p1a: Furret|atk|1\n|-boost|p1a: Furret|spe|1\n|\n|-damage|p1a: Furret|94/100 brn|[from] brn\n|upkeep\n|turn|2\n|inactive|Time left: 300 sec this turn | 300 sec total\n|\n|t:|1783566277\n|move|p1a: Furret|Double-Edge|p2a: Pyroar\n|-damage|p2a: Pyroar|153/295\n|-damage|p1a: Furret|79/100 brn|[from] Recoil\n|-damage|p1a: Furret|69/100 brn|[from] item: Life Orb\n|move|p2a: Pyroar|Fire Blast|p1a: Furret\n|-damage|p1a: Furret|11/100 brn\n|\n|-damage|p1a: Furret|5/100 brn|[from] brn\n|upkeep\n|turn|3\n|inactive|Time left: 300 sec this turn | 300 sec total\n|\n|t:|1783566278\n|move|p1a: Furret|Double-Edge|p2a: Pyroar\n|-crit|p2a: Pyroar\n|-damage|p2a: Pyroar|0 fnt\n|faint|p2a: Pyroar\n|-damage|p1a: Furret|0 fnt|[from] Recoil\n|faint|p1a: Furret\n|\n|upkeep\n|inactive|Time left: 300 sec this turn | 300 sec total | 5 sec grace\n|\n|t:|1783566279\n|switch|p2a: Cresselia|Cresselia, L80, F|323/323\n|switch|p1a: Primarina|Primarina, L83, F|100/100\n|turn|4\n|inactive|Time left: 300 sec this turn | 300 sec total\n|\n|t:|1783566280\n|move|p2a: Cresselia|Calm Mind|p2a: Cresselia\n|-boost|p2a: Cresselia|spa|1\n|-boost|p2a: Cresselia|spd|1\n|move|p1a: Primarina|Calm Mind|p1a: Primarina\n|-boost|p1a: Primarina|spa|1\n|-boost|p1a: Primarina|spd|1\n|\n|upkeep\n|turn|5\n|inactive|Time left: 300 sec this turn | 300 sec total\n|\n|t:|1783566280\n|move|p2a: Cresselia|Calm Mind|p2a: Cresselia\n|-boost|p2a: Cresselia|spa|1\n|-boost|p2a: Cresselia|spd|1\n|move|p1a: Primarina|Calm Mind|p1a: Primarina\n|-boost|p1a: Primarina|spa|1\n|-boost|p1a: Primarina|spd|1\n|\n|upkeep\n|turn|6\n|inactive|Time left: 300 sec this turn | 300 sec total\n|\n|t:|1783566281\n|move|p2a: Cresselia|Psyshock|p1a: Primarina\n|-damage|p1a: Primarina|46/100\n|move|p1a: Primarina|Moonblast|p2a: Cresselia\n|-damage|p2a: Cresselia|223/323\n|\n|-heal|p2a: Cresselia|243/323|[from] item: Leftovers\n|-heal|p1a: Primarina|52/100|[from] item: Leftovers\n|upkeep\n|turn|7\n|inactive|Time left: 300 sec this turn | 300 sec total\n|\n|t:|1783566282\n|-terastallize|p1a: Primarina|Steel\n|move|p2a: Cresselia|Psyshock|p1a: Primarina\n|-resisted|p1a: Primarina\n|-damage|p1a: Primarina|23/100\n|move|p1a: Primarina|Moonblast|p2a: Cresselia\n|-damage|p2a: Cresselia|143/323\n|\n|-heal|p2a: Cresselia|163/323|[from] item: Leftovers\n|-heal|p1a: Primarina|29/100|[from] item: Leftovers\n|upkeep\n|turn|8\n|inactive|Time left: 300 sec this turn | 300 sec total\n|\n|t:|1783566283\n|move|p2a: Cresselia|Psyshock|p1a: Primarina\n|-resisted|p1a: Primarina\n|-damage|p1a: Primarina|1/100\n|move|p1a: Primarina|Draining Kiss|p2a: Cresselia\n|-damage|p2a: Cresselia|108/323\n|-heal|p1a: Primarina|16/100|[from] drain|[of] p2a: Cresselia\n|\n|-heal|p2a: Cresselia|128/323|[from] item: Leftovers\n|-heal|p1a: Primarina|22/100|[from] item: Leftovers\n|upkeep\n|turn|9\n|inactive|Time left: 300 sec this turn | 300 sec total\n|\n|t:|1783566284\n|move|p2a: Cresselia|Psyshock|p1a: Primarina\n|-resisted|p1a: Primarina\n|-damage|p1a: Primarina|0 fnt\n|faint|p1a: Primarina\n|\n|-heal|p2a: Cresselia|148/323|[from] item: Leftovers\n|upkeep\n|\n|t:|1783566285\n|switch|p1a: Entei|Entei, L78|100/100\n|turn|10\n|inactive|Time left: 300 sec this turn | 300 sec total\n|\n|t:|1783566286\n|move|p1a: Entei|Flare Blitz|p2a: Cresselia\n|-damage|p2a: Cresselia|0 fnt\n|faint|p2a: Cresselia\n|-damage|p1a: Entei|85/100|[from] Recoil\n|\n|upkeep\n|inactive|Time left: 300 sec this turn | 300 sec total | 5 sec grace\n|\n|t:|1783566287\n|switch|p2a: Iron Bundle|Iron Bundle, L78|215/215\n|turn|11\n|inactive|Time left: 300 sec this turn | 300 sec total\n|\n|t:|1783566288\n|move|p2a: Iron Bundle|Hydro Pump|p1a: Entei\n|-supereffective|p1a: Entei\n|-damage|p1a: Entei|0 fnt\n|faint|p1a: Entei\n|\n|upkeep\n|\n|t:|1783566289\n|switch|p1a: Dedenne|Dedenne, L88, F|100/100\n|turn|12\n|inactive|Time left: 300 sec this turn | 300 sec total\n|\n|t:|1783566290\n|move|p2a: Iron Bundle|Flip Turn|p1a: Dedenne\n|-crit|p1a: Dedenne\n|-damage|p1a: Dedenne|63/100\n|inactive|Time left: 300 sec this turn | 300 sec total | 5 sec grace\n|\n|t:|1783566291\n|-end|p2a: Iron Bundle|Quark Drive|[silent]\n|switch|p2a: Dragalge|Dragalge, L88, F|258/258|[from] Flip Turn\n|move|p1a: Dedenne|Thunderbolt|p2a: Dragalge\n|-resisted|p2a: Dragalge\n|-damage|p2a: Dragalge|226/258\n|\n|-heal|p2a: Dragalge|242/258|[from] item: Leftovers\n|upkeep\n|turn|13\n|inactive|Time left: 300 sec this turn | 300 sec total\n|\n|t:|1783566292\n|move|p1a: Dedenne|Nuzzle|p2a: Dragalge\n|-resisted|p2a: Dragalge\n|-damage|p2a: Dragalge|235/258\n|-status|p2a: Dragalge|par\n|cant|p2a: Dragalge|par\n|\n|-heal|p2a: Dragalge|251/258 par|[from] item: Leftovers\n|upkeep\n|turn|14\n|inactive|Time left: 300 sec this turn | 300 sec total\n|\n|t:|1783566293\n|move|p1a: Dedenne|Dazzling Gleam|p2a: Dragalge\n|-damage|p2a: Dragalge|193/258 par\n|move|p2a: Dragalge|Sludge Wave|p1a: Dedenne\n|-supereffective|p1a: Dedenne\n|-damage|p1a: Dedenne|0 fnt\n|faint|p1a: Dedenne\n|\n|-heal|p2a: Dragalge|209/258 par|[from] item: Leftovers\n|upkeep\n|\n|t:|1783566294\n|switch|p1a: Scyther|Scyther, L82, M|100/100\n|turn|15\n|inactive|Time left: 300 sec this turn | 300 sec total\n|\n|t:|1783566295\n|move|p1a: Scyther|Swords Dance|p1a: Scyther\n|-boost|p1a: Scyther|atk|2\n|move|p2a: Dragalge|Sludge Wave|p1a: Scyther\n|-damage|p1a: Scyther|31/100\n|\n|-heal|p2a: Dragalge|225/258 par|[from] item: Leftovers\n|upkeep\n|turn|16\n|inactive|Time left: 300 sec this turn | 300 sec total\n|\n|t:|1783566296\n|switch|p2a: Dedenne|Dedenne, L88, F|261/261\n|move|p1a: Scyther|Dual Wingbeat|p2a: Dedenne|[miss]\n|-miss|p1a: Scyther|p2a: Dedenne\n|\n|upkeep\n|turn|17\n|inactive|Time left: 300 sec this turn | 300 sec total\n|\n|t:|1783566297\n|switch|p1a: Alomomola|Alomomola, L87, M|100/100\n|move|p2a: Dedenne|Dazzling Gleam|p1a: Alomomola\n|-damage|p1a: Alomomola|74/100\n|\n|-heal|p1a: Alomomola|80/100|[from] item: Leftovers\n|upkeep\n|turn|18\n|inactive|Time left: 300 sec this turn | 300 sec total\n|\n|t:|1783566298\n|move|p1a: Alomomola|Protect|p1a: Alomomola\n|-singleturn|p1a: Alomomola|Protect\n|move|p2a: Dedenne|Thunderbolt|p1a: Alomomola\n|-activate|p1a: Alomomola|move: Protect\n|\n|-heal|p1a: Alomomola|86/100|[from] item: Leftovers\n|upkeep\n|turn|19\n|inactive|Time left: 300 sec this turn | 300 sec total\n|\n|t:|1783566299\n|move|p2a: Dedenne|Thunderbolt|p1a: Alomomola\n|-supereffective|p1a: Alomomola\n|-damage|p1a: Alomomola|21/100\n|-status|p1a: Alomomola|par\n|move|p1a: Alomomola|Wish|p1a: Alomomola\n|\n|-heal|p1a: Alomomola|27/100 par|[from] item: Leftovers\n|upkeep\n|turn|20\n|inactive|Time left: 300 sec this turn | 300 sec total\n|\n|t:|1783566300\n|move|p1a: Alomomola|Protect|p1a: Alomomola\n|-singleturn|p1a: Alomomola|Protect\n|move|p2a: Dedenne|Thunderbolt|p1a: Alomomola\n|-activate|p1a: Alomomola|move: Protect\n|\n|-heal|p1a: Alomomola|77/100 par|[from] move: Wish|[wisher] Alomomola\n|-heal|p1a: Alomomola|83/100 par|[from] item: Leftovers\n|upkeep\n|turn|21\n|inactive|Time left: 300 sec this turn | 300 sec total\n|\n|t:|1783566301\n|move|p2a: Dedenne|Thunderbolt|p1a: Alomomola\n|-supereffective|p1a: Alomomola\n|-damage|p1a: Alomomola|22/100 par\n|move|p1a: Alomomola|Wish|p1a: Alomomola\n|\n|-heal|p1a: Alomomola|28/100 par|[from] item: Leftovers\n|upkeep\n|turn|22\n|inactive|Time left: 300 sec this turn | 300 sec total\n|\n|t:|1783566302\n|cant|p1a: Alomomola|par\n|move|p2a: Dedenne|Thunderbolt|p1a: Alomomola\n|-supereffective|p1a: Alomomola\n|-damage|p1a: Alomomola|0 fnt\n|faint|p1a: Alomomola\n|\n|upkeep\n|\n|t:|1783566303\n|switch|p1a: Scyther|Scyther, L82, M|31/100\n|turn|23\n|inactive|Time left: 300 sec this turn | 300 sec total\n|\n|t:|1783566304\n|move|p2a: Dedenne|Thunderbolt|p1a: Scyther\n|-supereffective|p1a: Scyther\n|-damage|p1a: Scyther|0 fnt\n|faint|p1a: Scyther\n|\n|win|p0y2267e4ca", "uploadtime": 1783566304, "views": 0, "rating": 0, "private": 0, "password": null, "_winner": "p0y2267e4ca", "_our_name": "p0y2267e4ca"}