{"id": "battle-gen9randombattle-2677", "formatid": "gen9randombattle", "format": "[Gen 9] Random Battle", "players": ["p0x2677ddb0", "p0y26772ac7"], "log": "|init|battle\n|title|p0x2677ddb0 vs. p0y26772ac7\n|j|\u2606p0x2677ddb0\n|j|\u2606p0y26772ac7\n|t:|1783569895\n|gametype|singles\n|player|p1|p0x2677ddb0|266|\n|player|p2|p0y26772ac7|1|\n|gen|9\n|tier|[Gen 9] Random Battle\n|rule|Species Clause: Limit one of each Pok\u00e9mon\n|rule|HP Percentage Mod: HP is shown in percentages\n|rule|Sleep Clause Mod: Limit one foe put to sleep\n|rule|Illusion Level Mod: Illusion disguises the Pok\u00e9mon's true level\n|\n|t:|1783569895\n|teamsize|p1|6\n|teamsize|p2|6\n|start\n|switch|p1a: Oranguru|Oranguru, L92, F|315/315\n|switch|p2a: Vivillon|Vivillon-Archipelago, L83, M|100/100\n|turn|1\n|inactive|Battle timer is ON: inactive players will automatically lose when time's up. (requested by p0y26772ac7)\n|inactive|Time left: 300 sec this turn | 300 sec total | 60 sec grace\n|inactive|p0x2677ddb0 also wants the timer to be on.\n|\n|t:|1783569896\n|move|p2a: Vivillon|Sleep Powder|p1a: Oranguru\n|-status|p1a: Oranguru|slp|[from] move: Sleep Powder\n|cant|p1a: Oranguru|slp\n|\n|upkeep\n|turn|2\n|inactive|Time left: 300 sec this turn | 300 sec total\n|\n|t:|1783569897\n|move|p2a: Vivillon|Quiver Dance|p2a: Vivillon\n|-boost|p2a: Vivillon|spa|1\n|-boost|p2a: Vivillon|spd|1\n|-boost|p2a: Vivillon|spe|1\n|cant|p1a: Oranguru|slp\n|\n|upkeep\n|turn|3\n|inactive|Time left: 300 sec this turn | 300 sec total\n|\n|t:|1783569898\n|move|p2a: Vivillon|Quiver Dance|p2a: Vivillon\n|-boost|p2a: Vivillon|spa|1\n|-boost|p2a: Vivillon|spd|1\n|-boost|p2a: Vivillon|spe|1\n|cant|p1a: Oranguru|slp\n|\n|upkeep\n|turn|4\n|inactive|Time left: 300 sec this turn | 300 sec total\n|\n|t:|1783569899\n|move|p2a: Vivillon|Bug Buzz|p1a: Oranguru\n|-supereffective|p1a: Oranguru\n|-damage|p1a: Oranguru|57/315 slp\n|-curestatus|p1a: Oranguru|slp|[msg]\n|move|p1a: Oranguru|Psyshock|p2a: Vivillon\n|-damage|p2a: Vivillon|46/100\n|\n|-heal|p1a: Oranguru|76/315|[from] item: Leftovers\n|upkeep\n|turn|5\n|inactive|Time left: 300 sec this turn | 300 sec total\n|\n|t:|1783569900\n|move|p2a: Vivillon|Hurricane|p1a: Oranguru\n|-damage|p1a: Oranguru|0 fnt\n|faint|p1a: Oranguru\n|\n|upkeep\n|inactive|Time left: 300 sec this turn | 300 sec total | 5 sec grace\n|\n|t:|1783569901\n|switch|p1a: Revavroom|Revavroom, L79, F|256/256\n|turn|6\n|inactive|Time left: 300 sec this turn | 300 sec total\n|\n|t:|1783569902\n|move|p2a: Vivillon|Sleep Powder|p1a: Revavroom\n|-status|p1a: Revavroom|slp|[from] move: Sleep Powder\n|cant|p1a: Revavroom|slp\n|\n|upkeep\n|turn|7\n|inactive|Time left: 300 sec this turn | 300 sec total\n|\n|t:|1783569903\n|move|p2a: Vivillon|Hurricane|p1a: Revavroom\n|-resisted|p1a: Revavroom\n|-damage|p1a: Revavroom|127/256 slp\n|cant|p1a: Revavroom|slp\n|\n|upkeep\n|turn|8\n|inactive|Time left: 300 sec this turn | 300 sec total\n|\n|t:|1783569904\n|move|p2a: Vivillon|Hurricane|p1a: Revavroom\n|-resisted|p1a: Revavroom\n|-damage|p1a: Revavroom|0 fnt\n|faint|p1a: Revavroom\n|\n|upkeep\n|inactive|Time left: 300 sec this turn | 300 sec total | 5 sec grace\n|\n|t:|1783569905\n|switch|p1a: Banette|Banette, L93, F|270/270\n|turn|9\n|inactive|Time left: 300 sec this turn | 300 sec total\n|\n|t:|1783569906\n|move|p1a: Banette|Shadow Sneak|p2a: Vivillon\n|-damage|p2a: Vivillon|0 fnt\n|faint|p2a: Vivillon\n|-damage|p1a: Banette|243/270|[from] item: Life Orb\n|\n|upkeep\n|\n|t:|1783569907\n|switch|p2a: Komala|Komala, L87, F|100/100\n|-ability|p2a: Komala|Comatose\n|turn|10\n|inactive|Time left: 300 sec this turn | 300 sec total\n|\n|t:|1783569908\n|-terastallize|p1a: Banette|Poison\n|move|p1a: Banette|Gunk Shot|p2a: Komala\n|-damage|p2a: Komala|0 fnt\n|faint|p2a: Komala\n|-damage|p1a: Banette|216/270|[from] item: Life Orb\n|\n|upkeep\n|\n|t:|1783569909\n|switch|p2a: Necrozma|Necrozma, L80|100/100\n|turn|11\n|inactive|Time left: 300 sec this turn | 300 sec total\n|\n|t:|1783569910\n|-terastallize|p2a: Necrozma|Ground\n|move|p1a: Banette|Poltergeist|p2a: Necrozma\n|-activate|p2a: Necrozma|move: Poltergeist|Life Orb\n|-damage|p2a: Necrozma|35/100\n|-damage|p1a: Banette|189/270|[from] item: Life Orb\n|move|p2a: Necrozma|Photon Geyser|p1a: Banette\n|-supereffective|p1a: Banette\n|-damage|p1a: Banette|0 fnt\n|faint|p1a: Banette\n|-damage|p2a: Necrozma|25/100|[from] item: Life Orb\n|\n|upkeep\n|inactive|Time left: 300 sec this turn | 300 sec total | 5 sec grace\n|\n|t:|1783569911\n|switch|p1a: Gouging Fire|Gouging Fire, L74|277/277\n|turn|12\n|inactive|Time left: 300 sec this turn | 300 sec total\n|\n|t:|1783569912\n|move|p1a: Gouging Fire|Outrage|p2a: Necrozma\n|-damage|p2a: Necrozma|0 fnt\n|faint|p2a: Necrozma\n|\n|upkeep\n|\n|t:|1783569913\n|switch|p2a: Forretress|Forretress, L84, M|100/100\n|turn|13\n|inactive|Time left: 300 sec this turn | 300 sec total\n|\n|t:|1783569914\n|move|p1a: Gouging Fire|Outrage|p2a: Forretress|[from] lockedmove\n|-resisted|p2a: Forretress\n|-damage|p2a: Forretress|86/100\n|move|p2a: Forretress|Toxic Spikes|p1a: Gouging Fire\n|-sidestart|p1: p0x2677ddb0|move: Toxic Spikes\n|\n|-heal|p2a: Forretress|92/100|[from] item: Leftovers\n|upkeep\n|turn|14\n|inactive|Time left: 300 sec this turn | 300 sec total\n|\n|t:|1783569915\n|move|p1a: Gouging Fire|Outrage|p2a: Forretress|[from] lockedmove\n|-resisted|p2a: Forretress\n|-damage|p2a: Forretress|77/100\n|-start|p1a: Gouging Fire|confusion|[fatigue]\n|move|p2a: Forretress|Stealth Rock|p1a: Gouging Fire\n|-sidestart|p1: p0x2677ddb0|move: Stealth Rock\n|\n|-heal|p2a: Forretress|83/100|[from] item: Leftovers\n|upkeep\n|turn|15\n|inactive|Time left: 300 sec this turn | 300 sec total\n|\n|t:|1783569916\n|switch|p2a: Slowbro|Slowbro-Galar, L87, M|100/100\n|-activate|p1a: Gouging Fire|confusion\n|move|p1a: Gouging Fire|Heat Crash|p2a: Slowbro\n|-damage|p2a: Slowbro|68/100\n|\n|upkeep\n|turn|16\n|inactive|Time left: 300 sec this turn | 300 sec total\n|\n|t:|1783569917\n|-activate|p1a: Gouging Fire|confusion\n|move|p1a: Gouging Fire|Heat Crash|p2a: Slowbro\n|-damage|p2a: Slowbro|34/100\n|move|p2a: Slowbro|Shell Side Arm|p1a: Gouging Fire|[anim] Shell Side Arm Special\n|-crit|p1a: Gouging Fire\n|-damage|p1a: Gouging Fire|74/277\n|-hint|Special Shell Side Arm\n|-damage|p2a: Slowbro|24/100|[from] item: Life Orb\n|\n|upkeep\n|turn|17\n|inactive|Time left: 300 sec this turn | 300 sec total\n|\n|t:|1783569918\n|switch|p2a: Noivern|Noivern, L82, M|100/100\n|-end|p1a: Gouging Fire|confusion\n|move|p1a: Gouging Fire|Heat Crash|p2a: Noivern\n|-resisted|p2a: Noivern\n|-damage|p2a: Noivern|78/100\n|\n|upkeep\n|turn|18\n|inactive|Time left: 300 sec this turn | 300 sec total\n|\n|t:|1783569919\n|move|p2a: Noivern|Hurricane|p1a: Gouging Fire\n|-damage|p1a: Gouging Fire|0 fnt\n|faint|p1a: Gouging Fire\n|-end|p1a: Gouging Fire|Protosynthesis|[silent]\n|\n|upkeep\n|inactive|Time left: 300 sec this turn | 300 sec total | 5 sec grace\n|\n|t:|1783569920\n|switch|p1a: Bellibolt|Bellibolt, L84, M|320/320\n|-status|p1a: Bellibolt|psn\n|-damage|p1a: Bellibolt|280/320 psn|[from] Stealth Rock\n|turn|19\n|inactive|Time left: 300 sec this turn | 300 sec total\n|\n|t:|1783569921\n|move|p2a: Noivern|Roost|p2a: Noivern\n|-heal|p2a: Noivern|100/100\n|-singleturn|p2a: Noivern|move: Roost\n|move|p1a: Bellibolt|Thunderbolt|p2a: Noivern\n|-resisted|p2a: Noivern\n|-damage|p2a: Noivern|81/100\n|\n|-heal|p1a: Bellibolt|300/320 psn|[from] item: Leftovers\n|-damage|p1a: Bellibolt|260/320 psn|[from] psn\n|upkeep\n|turn|20\n|inactive|Time left: 300 sec this turn | 300 sec total\n|\n|t:|1783569922\n|move|p2a: Noivern|Roost|p2a: Noivern\n|-heal|p2a: Noivern|100/100\n|-singleturn|p2a: Noivern|move: Roost\n|move|p1a: Bellibolt|Thunderbolt|p2a: Noivern\n|-resisted|p2a: Noivern\n|-damage|p2a: Noivern|81/100\n|\n|-heal|p1a: Bellibolt|280/320 psn|[from] item: Leftovers\n|-damage|p1a: Bellibolt|240/320 psn|[from] psn\n|upkeep\n|turn|21\n|inactive|Time left: 300 sec this turn | 300 sec total\n|\n|t:|1783569923\n|move|p2a: Noivern|Roost|p2a: Noivern\n|-heal|p2a: Noivern|100/100\n|-singleturn|p2a: Noivern|move: Roost\n|move|p1a: Bellibolt|Thunderbolt|p2a: Noivern\n|-resisted|p2a: Noivern\n|-damage|p2a: Noivern|80/100\n|\n|-heal|p1a: Bellibolt|260/320 psn|[from] item: Leftovers\n|-damage|p1a: Bellibolt|220/320 psn|[from] psn\n|upkeep\n|turn|22\n|inactive|Time left: 300 sec this turn | 300 sec total\n|\n|t:|1783569924\n|move|p2a: Noivern|Roost|p2a: Noivern\n|-heal|p2a: Noivern|100/100\n|-singleturn|p2a: Noivern|move: Roost\n|move|p1a: Bellibolt|Thunderbolt|p2a: Noivern\n|-resisted|p2a: Noivern\n|-damage|p2a: Noivern|79/100\n|\n|-heal|p1a: Bellibolt|240/320 psn|[from] item: Leftovers\n|-damage|p1a: Bellibolt|200/320 psn|[from] psn\n|upkeep\n|turn|23\n|inactive|Time left: 300 sec this turn | 300 sec total\n|\n|t:|1783569925\n|move|p2a: Noivern|Flamethrower|p1a: Bellibolt\n|-damage|p1a: Bellibolt|132/320 psn\n|-start|p1a: Bellibolt|Charge|Flamethrower|[from] ability: Electromorphosis\n|move|p1a: Bellibolt|Slack Off|p1a: Bellibolt\n|-heal|p1a: Bellibolt|292/320 psn\n|\n|-heal|p1a: Bellibolt|312/320 psn|[from] item: Leftovers\n|-damage|p1a: Bellibolt|272/320 psn|[from] psn\n|upkeep\n|turn|24\n|inactive|Time left: 300 sec this turn | 300 sec total\n|\n|t:|1783569926\n|move|p2a: Noivern|Roost|p2a: Noivern\n|-heal|p2a: Noivern|100/100\n|-singleturn|p2a: Noivern|move: Roost\n|move|p1a: Bellibolt|Thunderbolt|p2a: Noivern\n|-resisted|p2a: Noivern\n|-damage|p2a: Noivern|63/100\n|-end|p1a: Bellibolt|Charge|[silent]\n|\n|-heal|p1a: Bellibolt|292/320 psn|[from] item: Leftovers\n|-damage|p1a: Bellibolt|252/320 psn|[from] psn\n|upkeep\n|turn|25\n|inactive|Time left: 300 sec this turn | 300 sec total\n|\n|t:|1783569927\n|move|p2a: Noivern|Roost|p2a: Noivern\n|-heal|p2a: Noivern|100/100\n|-singleturn|p2a: Noivern|move: Roost\n|move|p1a: Bellibolt|Thunderbolt|p2a: Noivern\n|-resisted|p2a: Noivern\n|-damage|p2a: Noivern|81/100\n|\n|-heal|p1a: Bellibolt|272/320 psn|[from] item: Leftovers\n|-damage|p1a: Bellibolt|232/320 psn|[from] psn\n|upkeep\n|turn|26\n|inactive|Time left: 300 sec this turn | 300 sec total\n|\n|t:|1783569928\n|move|p2a: Noivern|Hurricane|p1a: Bellibolt|[miss]\n|-miss|p2a: Noivern|p1a: Bellibolt\n|move|p1a: Bellibolt|Slack Off|p1a: Bellibolt\n|-heal|p1a: Bellibolt|320/320 psn\n|\n|-damage|p1a: Bellibolt|280/320 psn|[from] psn\n|upkeep\n|turn|27\n|inactive|Time left: 300 sec this turn | 300 sec total\n|\n|t:|1783569929\n|move|p2a: Noivern|Roost|p2a: Noivern\n|-heal|p2a: Noivern|100/100\n|-singleturn|p2a: Noivern|move: Roost\n|move|p1a: Bellibolt|Thunderbolt|p2a: Noivern\n|-resisted|p2a: Noivern\n|-damage|p2a: Noivern|82/100\n|\n|-heal|p1a: Bellibolt|300/320 psn|[from] item: Leftovers\n|-damage|p1a: Bellibolt|260/320 psn|[from] psn\n|upkeep\n|turn|28\n|inactive|Time left: 300 sec this turn | 300 sec total\n|\n|t:|1783569930\n|move|p2a: Noivern|Roost|p2a: Noivern\n|-heal|p2a: Noivern|100/100\n|-singleturn|p2a: Noivern|move: Roost\n|move|p1a: Bellibolt|Thunderbolt|p2a: Noivern\n|-resisted|p2a: Noivern\n|-damage|p2a: Noivern|79/100\n|\n|-heal|p1a: Bellibolt|280/320 psn|[from] item: Leftovers\n|-damage|p1a: Bellibolt|240/320 psn|[from] psn\n|upkeep\n|turn|29\n|inactive|Time left: 300 sec this turn | 300 sec total\n|\n|t:|1783569931\n|move|p2a: Noivern|Hurricane|p1a: Bellibolt\n|-resisted|p1a: Bellibolt\n|-damage|p1a: Bellibolt|178/320 psn\n|-start|p1a: Bellibolt|Charge|Hurricane|[from] ability: Electromorphosis\n|move|p1a: Bellibolt|Thunderbolt|p2a: Noivern\n|-damage|p2a: Noivern|0 fnt\n|faint|p2a: Noivern\n|-end|p1a: Bellibolt|Charge|[silent]\n|\n|-heal|p1a: Bellibolt|198/320 psn|[from] item: Leftovers\n|-damage|p1a: Bellibolt|158/320 psn|[from] psn\n|upkeep\n|\n|t:|1783569931\n|switch|p2a: Slowbro|Slowbro-Galar, L87, M|57/100\n|turn|30\n|inactive|Time left: 300 sec this turn | 300 sec total\n|\n|t:|1783569932\n|move|p1a: Bellibolt|Thunderbolt|p2a: Slowbro\n|-damage|p2a: Slowbro|18/100\n|move|p2a: Slowbro|Psychic|p1a: Bellibolt\n|-damage|p1a: Bellibolt|28/320 psn\n|-start|p1a: Bellibolt|Charge|Psychic|[from] ability: Electromorphosis\n|-damage|p2a: Slowbro|8/100|[from] item: Life Orb\n|\n|-heal|p1a: Bellibolt|48/320 psn|[from] item: Leftovers\n|-damage|p1a: Bellibolt|8/320 psn|[from] psn\n|upkeep\n|turn|31\n|inactive|Time left: 300 sec this turn | 300 sec total\n|\n|t:|1783569934\n|move|p1a: Bellibolt|Thunderbolt|p2a: Slowbro\n|-damage|p2a: Slowbro|0 fnt\n|faint|p2a: Slowbro\n|-end|p1a: Bellibolt|Charge|[silent]\n|\n|-heal|p1a: Bellibolt|28/320 psn|[from] item: Leftovers\n|-damage|p1a: Bellibolt|0 fnt|[from] psn\n|faint|p1a: Bellibolt\n|upkeep\n|inactive|Time left: 300 sec this turn | 300 sec total | 5 sec grace\n|\n|t:|1783569935\n|switch|p1a: Swanna|Swanna, L89, F|278/278\n|switch|p2a: Forretress|Forretress, L84, M|83/100\n|turn|32\n|inactive|Time left: 300 sec this turn | 300 sec total\n|\n|t:|1783569936\n|move|p1a: Swanna|Hydro Pump|p2a: Forretress\n|-damage|p2a: Forretress|25/100\n|move|p2a: Forretress|Volt Switch|p1a: Swanna\n|-supereffective|p1a: Swanna\n|-damage|p1a: Swanna|114/278\n|\n|-heal|p2a: Forretress|31/100|[from] item: Leftovers\n|upkeep\n|turn|33\n|inactive|Time left: 300 sec this turn | 300 sec total\n|\n|t:|1783569937\n|move|p1a: Swanna|Brave Bird|p2a: Forretress\n|-damage|p2a: Forretress|0 fnt\n|faint|p2a: Forretress\n|-damage|p1a: Swanna|88/278|[from] Recoil\n|\n|win|p0x2677ddb0", "uploadtime": 1783569937, "views": 0, "rating": 0, "private": 0, "password": null, "_winner": "p0x2677ddb0", "_our_name": "p0x2677ddb0"}