{"id": "battle-gen9randombattle-186", "formatid": "gen9randombattle", "format": "[Gen 9] Random Battle", "players": ["p0x1868c67", "p0y1860d98"], "log": "|init|battle\n|title|p0x1868c67 vs. p0y1860d98\n|j|\u2606p0x1868c67\n|j|\u2606p0y1860d98\n|t:|1783541729\n|gametype|singles\n|player|p1|p0x1868c67|1|\n|player|p2|p0y1860d98|2|\n|gen|9\n|tier|[Gen 9] Random Battle\n|rule|Species Clause: Limit one of each Pok\u00e9mon\n|rule|HP Percentage Mod: HP is shown in percentages\n|rule|Sleep Clause Mod: Limit one foe put to sleep\n|rule|Illusion Level Mod: Illusion disguises the Pok\u00e9mon's true level\n|\n|t:|1783541729\n|teamsize|p1|6\n|teamsize|p2|6\n|start\n|switch|p1a: Honchkrow|Honchkrow, L86, F|100/100\n|switch|p2a: Ho-Oh|Ho-Oh, L71|268/268\n|turn|1\n|inactive|Battle timer is ON: inactive players will automatically lose when time's up. (requested by p0x1868c67)\n|inactive|Time left: 300 sec this turn | 300 sec total | 60 sec grace\n|inactive|p0y1860d98 also wants the timer to be on.\n|\n|t:|1783541731\n|move|p1a: Honchkrow|Brave Bird|p2a: Ho-Oh\n|-damage|p2a: Ho-Oh|75/268\n|-damage|p1a: Honchkrow|80/100|[from] Recoil\n|move|p2a: Ho-Oh|Sacred Fire|p1a: Honchkrow\n|-damage|p1a: Honchkrow|40/100\n|-status|p1a: Honchkrow|brn\n|\n|-damage|p1a: Honchkrow|34/100 brn|[from] brn\n|upkeep\n|turn|2\n|inactive|Time left: 300 sec this turn | 300 sec total\n|\n|t:|1783541732\n|switch|p2a: Dusknoir|Dusknoir, L89, F|225/225\n|-item|p1a: Honchkrow|Heavy-Duty Boots|[from] ability: Frisk|[of] p2a: Dusknoir\n|move|p1a: Honchkrow|Brave Bird|p2a: Dusknoir\n|-damage|p2a: Dusknoir|172/225\n|-damage|p1a: Honchkrow|28/100 brn|[from] Recoil\n|\n|-heal|p2a: Dusknoir|186/225|[from] item: Leftovers\n|-damage|p1a: Honchkrow|22/100 brn|[from] brn\n|upkeep\n|turn|3\n|inactive|Time left: 300 sec this turn | 300 sec total\n|\n|t:|1783541734\n|move|p1a: Honchkrow|Brave Bird|p2a: Dusknoir\n|-damage|p2a: Dusknoir|131/225\n|-damage|p1a: Honchkrow|16/100 brn|[from] Recoil\n|move|p2a: Dusknoir|Poltergeist|p1a: Honchkrow\n|-activate|p1a: Honchkrow|move: Poltergeist|Heavy-Duty Boots\n|-resisted|p1a: Honchkrow\n|-damage|p1a: Honchkrow|0 fnt\n|faint|p1a: Honchkrow\n|\n|-heal|p2a: Dusknoir|145/225|[from] item: Leftovers\n|upkeep\n|\n|t:|1783541735\n|switch|p1a: Scrafty|Scrafty, L83, F|100/100\n|turn|4\n|inactive|Time left: 300 sec this turn | 300 sec total\n|\n|t:|1783541736\n|move|p1a: Scrafty|Bulk Up|p1a: Scrafty\n|-boost|p1a: Scrafty|atk|1\n|-boost|p1a: Scrafty|def|1\n|move|p2a: Dusknoir|Pain Split|p1a: Scrafty\n|-sethp|p1a: Scrafty|80/100|[from] move: Pain Split|[silent]\n|-sethp|p2a: Dusknoir|194/225|[from] move: Pain Split\n|\n|-heal|p1a: Scrafty|86/100|[from] item: Leftovers\n|-heal|p2a: Dusknoir|208/225|[from] item: Leftovers\n|upkeep\n|turn|5\n|inactive|Time left: 300 sec this turn | 300 sec total\n|\n|t:|1783541737\n|switch|p2a: Flapple|Flapple, L88, M|266/266\n|move|p1a: Scrafty|Knock Off|p2a: Flapple\n|-damage|p2a: Flapple|113/266\n|-enditem|p2a: Flapple|Wide Lens|[from] move: Knock Off|[of] p1a: Scrafty\n|\n|-heal|p1a: Scrafty|92/100|[from] item: Leftovers\n|upkeep\n|turn|6\n|inactive|Time left: 300 sec this turn | 300 sec total\n|\n|t:|1783541739\n|move|p2a: Flapple|Outrage|p1a: Scrafty\n|-damage|p1a: Scrafty|38/100\n|move|p1a: Scrafty|Drain Punch|p2a: Flapple\n|-damage|p2a: Flapple|0 fnt\n|-heal|p1a: Scrafty|62/100|[from] drain|[of] p2a: Flapple\n|faint|p2a: Flapple\n|\n|-heal|p1a: Scrafty|68/100|[from] item: Leftovers\n|upkeep\n|inactive|Time left: 300 sec this turn | 300 sec total | 5 sec grace\n|\n|t:|1783541739\n|switch|p2a: Ho-Oh|Ho-Oh, L71|164/268\n|turn|7\n|inactive|Time left: 300 sec this turn | 300 sec total\n|\n|t:|1783541740\n|move|p2a: Ho-Oh|Brave Bird|p1a: Scrafty\n|-supereffective|p1a: Scrafty\n|-damage|p1a: Scrafty|11/100\n|-damage|p2a: Ho-Oh|118/268|[from] Recoil\n|move|p1a: Scrafty|Knock Off|p2a: Ho-Oh\n|-damage|p2a: Ho-Oh|0 fnt\n|-enditem|p2a: Ho-Oh|Heavy-Duty Boots|[from] move: Knock Off|[of] p1a: Scrafty\n|faint|p2a: Ho-Oh\n|\n|-heal|p1a: Scrafty|17/100|[from] item: Leftovers\n|upkeep\n|inactive|Time left: 300 sec this turn | 300 sec total | 5 sec grace\n|\n|t:|1783541741\n|switch|p2a: Trevenant|Trevenant, L89, M|296/296\n|turn|8\n|inactive|Time left: 300 sec this turn | 300 sec total\n|\n|t:|1783541742\n|move|p2a: Trevenant|Poltergeist|p1a: Scrafty\n|-activate|p1a: Scrafty|move: Poltergeist|Leftovers\n|-resisted|p1a: Scrafty\n|-damage|p1a: Scrafty|0 fnt\n|faint|p1a: Scrafty\n|\n|upkeep\n|\n|t:|1783541743\n|switch|p1a: Greedent|Greedent, L86, F|100/100\n|turn|9\n|inactive|Time left: 300 sec this turn | 300 sec total\n|\n|t:|1783541744\n|move|p2a: Trevenant|Poltergeist|p1a: Greedent\n|-immune|p1a: Greedent\n|move|p1a: Greedent|Swords Dance|p1a: Greedent\n|-boost|p1a: Greedent|atk|2\n|\n|upkeep\n|turn|10\n|inactive|Time left: 300 sec this turn | 300 sec total\n|\n|t:|1783541745\n|switch|p2a: Dusknoir|Dusknoir, L89, F|208/225\n|-item|p1a: Greedent|Sitrus Berry|[from] ability: Frisk|[of] p2a: Dusknoir\n|move|p1a: Greedent|Knock Off|p2a: Dusknoir\n|-supereffective|p2a: Dusknoir\n|-damage|p2a: Dusknoir|30/225\n|-enditem|p2a: Dusknoir|Leftovers|[from] move: Knock Off|[of] p1a: Greedent\n|\n|upkeep\n|turn|11\n|inactive|Time left: 300 sec this turn | 300 sec total\n|\n|t:|1783541746\n|move|p2a: Dusknoir|Pain Split|p1a: Greedent\n|-sethp|p1a: Greedent|55/100|[from] move: Pain Split|[silent]\n|-sethp|p2a: Dusknoir|188/225|[from] move: Pain Split\n|move|p1a: Greedent|Knock Off|p2a: Dusknoir\n|-supereffective|p2a: Dusknoir\n|-damage|p2a: Dusknoir|50/225\n|\n|upkeep\n|turn|12\n|inactive|Time left: 300 sec this turn | 300 sec total\n|\n|t:|1783541747\n|move|p2a: Dusknoir|Pain Split|p1a: Greedent\n|-sethp|p1a: Greedent|35/100|[from] move: Pain Split|[silent]\n|-sethp|p2a: Dusknoir|119/225|[from] move: Pain Split\n|-enditem|p1a: Greedent|Sitrus Berry|[eat]\n|-heal|p1a: Greedent|60/100|[from] item: Sitrus Berry\n|-heal|p1a: Greedent|93/100|[from] ability: Cheek Pouch\n|move|p1a: Greedent|Knock Off|p2a: Dusknoir\n|-supereffective|p2a: Dusknoir\n|-damage|p2a: Dusknoir|0 fnt\n|faint|p2a: Dusknoir\n|\n|upkeep\n|inactive|Time left: 300 sec this turn | 300 sec total | 5 sec grace\n|\n|t:|1783541748\n|switch|p2a: Trevenant|Trevenant, L89, M|296/296\n|turn|13\n|inactive|Time left: 300 sec this turn | 300 sec total\n|\n|t:|1783541749\n|move|p2a: Trevenant|Wood Hammer|p1a: Greedent\n|-damage|p1a: Greedent|30/100\n|-damage|p2a: Trevenant|224/296|[from] Recoil\n|move|p1a: Greedent|Knock Off|p2a: Trevenant\n|-supereffective|p2a: Trevenant\n|-damage|p2a: Trevenant|0 fnt\n|-enditem|p2a: Trevenant|Choice Band|[from] move: Knock Off|[of] p1a: Greedent\n|faint|p2a: Trevenant\n|\n|upkeep\n|inactive|Time left: 300 sec this turn | 300 sec total | 5 sec grace\n|\n|t:|1783541749\n|switch|p2a: Girafarig|Girafarig, L89, M|269/269\n|turn|14\n|inactive|Time left: 300 sec this turn | 300 sec total\n|\n|t:|1783541750\n|move|p2a: Girafarig|Nasty Plot|p2a: Girafarig\n|-boost|p2a: Girafarig|spa|2\n|move|p1a: Greedent|Body Slam|p2a: Girafarig\n|-damage|p2a: Girafarig|127/269\n|-status|p2a: Girafarig|par\n|\n|upkeep\n|turn|15\n|inactive|Time left: 300 sec this turn | 300 sec total\n|\n|t:|1783541751\n|move|p2a: Girafarig|Psyshock|p1a: Greedent\n|-damage|p1a: Greedent|0 fnt\n|faint|p1a: Greedent\n|\n|upkeep\n|\n|t:|1783541752\n|switch|p1a: Whiscash|Whiscash, L88, F|100/100\n|turn|16\n|inactive|Time left: 300 sec this turn | 300 sec total\n|\n|t:|1783541753\n|move|p1a: Whiscash|Dragon Dance|p1a: Whiscash\n|-boost|p1a: Whiscash|atk|1\n|-boost|p1a: Whiscash|spe|1\n|move|p2a: Girafarig|Psyshock|p1a: Whiscash\n|-damage|p1a: Whiscash|47/100\n|\n|upkeep\n|turn|17\n|inactive|Time left: 300 sec this turn | 300 sec total\n|\n|t:|1783541754\n|move|p1a: Whiscash|Earthquake|p2a: Girafarig\n|-damage|p2a: Girafarig|0 fnt\n|faint|p2a: Girafarig\n|-damage|p1a: Whiscash|37/100|[from] item: Life Orb\n|\n|upkeep\n|inactive|Time left: 300 sec this turn | 300 sec total | 5 sec grace\n|\n|t:|1783541755\n|switch|p2a: Smeargle|Smeargle, L95, F|258/258\n|turn|18\n|inactive|Time left: 300 sec this turn | 300 sec total\n|\n|t:|1783541756\n|move|p1a: Whiscash|Earthquake|p2a: Smeargle\n|-damage|p2a: Smeargle|0 fnt\n|faint|p2a: Smeargle\n|-damage|p1a: Whiscash|27/100|[from] item: Life Orb\n|\n|win|p0x1868c67", "uploadtime": 1783541756, "views": 0, "rating": 0, "private": 0, "password": null, "_winner": "p0x1868c67", "_our_name": "p0y1860d98"}