{"id": "battle-gen9randombattle-1616", "formatid": "gen9randombattle", "format": "[Gen 9] Random Battle", "players": ["p0x16166927", "p0y1616dfd7"], "log": "|init|battle\n|title|p0x16166927 vs. p0y1616dfd7\n|j|\u2606p0x16166927\n|j|\u2606p0y1616dfd7\n|t:|1783558701\n|gametype|singles\n|player|p1|p0x16166927|102|\n|player|p2|p0y1616dfd7|266|\n|gen|9\n|tier|[Gen 9] Random Battle\n|rule|Species Clause: Limit one of each Pok\u00e9mon\n|rule|HP Percentage Mod: HP is shown in percentages\n|rule|Sleep Clause Mod: Limit one foe put to sleep\n|rule|Illusion Level Mod: Illusion disguises the Pok\u00e9mon's true level\n|\n|t:|1783558701\n|teamsize|p1|6\n|teamsize|p2|6\n|start\n|switch|p1a: Articuno|Articuno, L86|100/100\n|switch|p2a: Enamorus|Enamorus-Therian, L83, F|259/259\n|-ability|p1a: Articuno|Pressure\n|turn|1\n|inactive|Battle timer is ON: inactive players will automatically lose when time's up. (requested by p0x16166927)\n|inactive|Time left: 300 sec this turn | 300 sec total | 60 sec grace\n|inactive|p0y1616dfd7 also wants the timer to be on.\n|\n|t:|1783558702\n|move|p1a: Articuno|Brave Bird|p2a: Enamorus\n|-damage|p2a: Enamorus|148/259\n|-damage|p1a: Articuno|88/100|[from] Recoil\n|move|p2a: Enamorus|Mystical Fire|p1a: Articuno\n|-supereffective|p1a: Articuno\n|-crit|p1a: Articuno\n|-damage|p1a: Articuno|40/100\n|-unboost|p1a: Articuno|spa|1\n|\n|upkeep\n|turn|2\n|inactive|Time left: 300 sec this turn | 300 sec total\n|\n|t:|1783558703\n|switch|p1a: Empoleon|Empoleon, L84, F|100/100\n|move|p2a: Enamorus|Moonblast|p1a: Empoleon\n|-resisted|p1a: Empoleon\n|-damage|p1a: Empoleon|81/100\n|\n|-heal|p1a: Empoleon|87/100|[from] item: Leftovers\n|upkeep\n|turn|3\n|inactive|Time left: 300 sec this turn | 300 sec total\n|\n|t:|1783558704\n|move|p1a: Empoleon|Surf|p2a: Enamorus\n|-damage|p2a: Enamorus|57/259\n|move|p2a: Enamorus|Earth Power|p1a: Empoleon\n|-supereffective|p1a: Empoleon\n|-damage|p1a: Empoleon|33/100\n|\n|-heal|p1a: Empoleon|39/100|[from] item: Leftovers\n|upkeep\n|turn|4\n|inactive|Time left: 300 sec this turn | 300 sec total\n|\n|t:|1783558705\n|switch|p2a: Chesnaught|Chesnaught, L84, F|285/285\n|move|p1a: Empoleon|Surf|p2a: Chesnaught\n|-resisted|p2a: Chesnaught\n|-damage|p2a: Chesnaught|220/285\n|\n|-heal|p1a: Empoleon|45/100|[from] item: Leftovers\n|upkeep\n|turn|5\n|inactive|Time left: 300 sec this turn | 300 sec total\n|\n|t:|1783558707\n|switch|p1a: Gothitelle|Gothitelle, L90, M|100/100\n|move|p2a: Chesnaught|Body Press|p1a: Gothitelle\n|-resisted|p1a: Gothitelle\n|-damage|p1a: Gothitelle|83/100\n|\n|-heal|p1a: Gothitelle|89/100|[from] item: Leftovers\n|upkeep\n|turn|6\n|inactive|Time left: 300 sec this turn | 300 sec total\n|\n|t:|1783558708\n|move|p1a: Gothitelle|Psychic Noise|p2a: Chesnaught\n|-supereffective|p2a: Chesnaught\n|-damage|p2a: Chesnaught|4/285\n|-start|p2a: Chesnaught|move: Heal Block\n|move|p2a: Chesnaught|Knock Off|p1a: Gothitelle\n|-supereffective|p1a: Gothitelle\n|-damage|p1a: Gothitelle|38/100\n|-enditem|p1a: Gothitelle|Leftovers|[from] move: Knock Off|[of] p2a: Chesnaught\n|\n|upkeep\n|turn|7\n|inactive|Time left: 300 sec this turn | 300 sec total\n|\n|t:|1783558709\n|move|p1a: Gothitelle|Psychic Noise|p2a: Chesnaught\n|-supereffective|p2a: Chesnaught\n|-damage|p2a: Chesnaught|0 fnt\n|faint|p2a: Chesnaught\n|\n|upkeep\n|inactive|Time left: 300 sec this turn | 300 sec total | 5 sec grace\n|\n|t:|1783558710\n|switch|p2a: Mudsdale|Mudsdale, L83, M|302/302\n|turn|8\n|inactive|Time left: 300 sec this turn | 300 sec total\n|\n|t:|1783558712\n|move|p1a: Gothitelle|Focus Blast|p2a: Mudsdale|[miss]\n|-miss|p1a: Gothitelle|p2a: Mudsdale\n|move|p2a: Mudsdale|Stealth Rock|p1a: Gothitelle\n|-sidestart|p1: p0x16166927|move: Stealth Rock\n|\n|upkeep\n|turn|9\n|inactive|Time left: 300 sec this turn | 300 sec total\n|\n|t:|1783558713\n|switch|p1a: Articuno|Articuno, L86|40/100\n|-ability|p1a: Articuno|Pressure\n|move|p2a: Mudsdale|Earthquake|p1a: Articuno\n|-immune|p1a: Articuno\n|\n|upkeep\n|turn|10\n|inactive|Time left: 300 sec this turn | 300 sec total\n|\n|t:|1783558714\n|move|p1a: Articuno|Roost|p1a: Articuno\n|-heal|p1a: Articuno|90/100\n|-singleturn|p1a: Articuno|move: Roost\n|move|p2a: Mudsdale|Heavy Slam|p1a: Articuno\n|-supereffective|p1a: Articuno\n|-damage|p1a: Articuno|30/100\n|\n|upkeep\n|turn|11\n|inactive|Time left: 300 sec this turn | 300 sec total\n|\n|t:|1783558715\n|move|p1a: Articuno|Freeze-Dry|p2a: Mudsdale\n|-supereffective|p2a: Mudsdale\n|-damage|p2a: Mudsdale|152/302\n|-ability|p2a: Mudsdale|Stamina|boost\n|-boost|p2a: Mudsdale|def|1\n|move|p2a: Mudsdale|Heavy Slam|p1a: Articuno\n|-supereffective|p1a: Articuno\n|-damage|p1a: Articuno|0 fnt\n|faint|p1a: Articuno\n|\n|-heal|p2a: Mudsdale|170/302|[from] item: Leftovers\n|upkeep\n|\n|t:|1783558716\n|switch|p1a: Empoleon|Empoleon, L84, F|45/100\n|-damage|p1a: Empoleon|39/100|[from] Stealth Rock\n|turn|12\n|inactive|Time left: 300 sec this turn | 300 sec total\n|\n|t:|1783558716\n|-terastallize|p2a: Mudsdale|Steel\n|move|p1a: Empoleon|Surf|p2a: Mudsdale\n|-damage|p2a: Mudsdale|58/302\n|-ability|p2a: Mudsdale|Stamina|boost\n|-boost|p2a: Mudsdale|def|1\n|move|p2a: Mudsdale|Earthquake|p1a: Empoleon\n|-supereffective|p1a: Empoleon\n|-damage|p1a: Empoleon|0 fnt\n|faint|p1a: Empoleon\n|\n|-heal|p2a: Mudsdale|76/302|[from] item: Leftovers\n|upkeep\n|\n|t:|1783558717\n|switch|p1a: Basculegion|Basculegion, L80, M|100/100\n|-damage|p1a: Basculegion|88/100|[from] Stealth Rock\n|turn|13\n|inactive|Time left: 300 sec this turn | 300 sec total\n|\n|t:|1783558718\n|switch|p2a: Ogerpon|Ogerpon-Hearthflame, L74, F|239/239\n|-ability|p2a: Ogerpon|Mold Breaker\n|move|p1a: Basculegion|Shadow Ball|p2a: Ogerpon\n|-damage|p2a: Ogerpon|147/239\n|\n|upkeep\n|turn|14\n|inactive|Time left: 300 sec this turn | 300 sec total\n|\n|t:|1783558719\n|switch|p1a: Coalossal|Coalossal, L89, F|100/100\n|move|p2a: Ogerpon|Horn Leech|p1a: Coalossal\n|-damage|p1a: Coalossal|82/100\n|-heal|p2a: Ogerpon|179/239|[from] drain|[of] p1a: Coalossal\n|\n|upkeep\n|turn|15\n|inactive|Time left: 300 sec this turn | 300 sec total\n|\n|t:|1783558720\n|switch|p2a: Regirock|Regirock, L83|268/268\n|move|p1a: Coalossal|Rapid Spin|p2a: Regirock\n|-resisted|p2a: Regirock\n|-damage|p2a: Regirock|260/268\n|-boost|p1a: Coalossal|spe|1\n|-sideend|p1: p0x16166927|Stealth Rock|[from] move: Rapid Spin|[of] p1a: Coalossal\n|\n|upkeep\n|turn|16\n|inactive|Time left: 300 sec this turn | 300 sec total\n|\n|t:|1783558721\n|move|p1a: Coalossal|Flamethrower|p2a: Regirock\n|-resisted|p2a: Regirock\n|-damage|p2a: Regirock|220/268\n|move|p2a: Regirock|Stone Edge|p1a: Coalossal\n|-supereffective|p1a: Coalossal\n|-crit|p1a: Coalossal\n|-damage|p1a: Coalossal|10/100\n|\n|upkeep\n|turn|17\n|inactive|Time left: 300 sec this turn | 300 sec total\n|\n|t:|1783558722\n|move|p1a: Coalossal|Stone Edge|p2a: Regirock\n|-damage|p2a: Regirock|165/268\n|move|p2a: Regirock|Stone Edge|p1a: Coalossal\n|-supereffective|p1a: Coalossal\n|-damage|p1a: Coalossal|0 fnt\n|faint|p1a: Coalossal\n|\n|upkeep\n|\n|t:|1783558723\n|switch|p1a: Gothitelle|Gothitelle, L90, M|38/100\n|turn|18\n|inactive|Time left: 300 sec this turn | 300 sec total\n|\n|t:|1783558724\n|move|p1a: Gothitelle|Focus Blast|p2a: Regirock\n|-supereffective|p2a: Regirock\n|-damage|p2a: Regirock|0 fnt\n|faint|p2a: Regirock\n|\n|upkeep\n|inactive|Time left: 300 sec this turn | 300 sec total | 5 sec grace\n|\n|t:|1783558725\n|switch|p2a: Ogerpon|Ogerpon-Hearthflame, L74, F|179/239\n|-ability|p2a: Ogerpon|Mold Breaker\n|turn|19\n|inactive|Time left: 300 sec this turn | 300 sec total\n|\n|t:|1783558726\n|move|p2a: Ogerpon|Horn Leech|p1a: Gothitelle\n|-damage|p1a: Gothitelle|7/100\n|-heal|p2a: Ogerpon|220/239|[from] drain|[of] p1a: Gothitelle\n|move|p1a: Gothitelle|Psychic Noise|p2a: Ogerpon\n|-damage|p2a: Ogerpon|123/239\n|-start|p2a: Ogerpon|move: Heal Block\n|\n|upkeep\n|turn|20\n|inactive|Time left: 300 sec this turn | 300 sec total\n|\n|t:|1783558727\n|switch|p1a: Basculegion|Basculegion, L80, M|88/100\n|move|p2a: Ogerpon|Swords Dance|p2a: Ogerpon\n|-boost|p2a: Ogerpon|atk|2\n|\n|-end|p2a: Ogerpon|move: Heal Block\n|upkeep\n|turn|21\n|inactive|Time left: 300 sec this turn | 300 sec total\n|\n|t:|1783558727\n|switch|p1a: Gothitelle|Gothitelle, L90, M|7/100\n|move|p2a: Ogerpon|Horn Leech|p1a: Gothitelle\n|-damage|p1a: Gothitelle|0 fnt\n|-heal|p2a: Ogerpon|133/239|[from] drain|[of] p1a: Gothitelle\n|faint|p1a: Gothitelle\n|\n|upkeep\n|\n|t:|1783558728\n|switch|p1a: Whimsicott|Whimsicott, L84, M|100/100\n|turn|22\n|inactive|Time left: 300 sec this turn | 300 sec total\n|\n|t:|1783558729\n|move|p1a: Whimsicott|Substitute|p1a: Whimsicott\n|-start|p1a: Whimsicott|Substitute\n|-damage|p1a: Whimsicott|76/100\n|move|p2a: Ogerpon|Ivy Cudgel|p1a: Whimsicott|[anim] Ivy Cudgel Fire\n|-supereffective|p1a: Whimsicott\n|-end|p1a: Whimsicott|Substitute\n|\n|-heal|p1a: Whimsicott|82/100|[from] item: Leftovers\n|upkeep\n|turn|23\n|inactive|Time left: 300 sec this turn | 300 sec total\n|\n|t:|1783558730\n|move|p1a: Whimsicott|Substitute|p1a: Whimsicott\n|-start|p1a: Whimsicott|Substitute\n|-damage|p1a: Whimsicott|57/100\n|move|p2a: Ogerpon|Ivy Cudgel|p1a: Whimsicott|[anim] Ivy Cudgel Fire\n|-supereffective|p1a: Whimsicott\n|-end|p1a: Whimsicott|Substitute\n|\n|-heal|p1a: Whimsicott|63/100|[from] item: Leftovers\n|upkeep\n|turn|24\n|inactive|Time left: 300 sec this turn | 300 sec total\n|\n|t:|1783558730\n|move|p1a: Whimsicott|Encore|p2a: Ogerpon\n|-start|p2a: Ogerpon|Encore\n|move|p2a: Ogerpon|Ivy Cudgel|p1a: Whimsicott|[anim] Ivy Cudgel Fire\n|-supereffective|p1a: Whimsicott\n|-damage|p1a: Whimsicott|0 fnt\n|faint|p1a: Whimsicott\n|\n|upkeep\n|\n|t:|1783558731\n|switch|p1a: Basculegion|Basculegion, L80, M|88/100\n|turn|25\n|inactive|Time left: 300 sec this turn | 300 sec total\n|\n|t:|1783558732\n|move|p2a: Ogerpon|Ivy Cudgel|p1a: Basculegion|[anim] Ivy Cudgel Fire\n|-resisted|p1a: Basculegion\n|-damage|p1a: Basculegion|39/100\n|move|p1a: Basculegion|Shadow Ball|p2a: Ogerpon\n|-damage|p2a: Ogerpon|33/239\n|\n|upkeep\n|turn|26\n|inactive|Time left: 300 sec this turn | 300 sec total\n|\n|t:|1783558733\n|move|p1a: Basculegion|Aqua Jet|p2a: Ogerpon\n|-damage|p2a: Ogerpon|0 fnt\n|faint|p2a: Ogerpon\n|\n|upkeep\n|inactive|Time left: 300 sec this turn | 300 sec total | 5 sec grace\n|\n|t:|1783558733\n|switch|p2a: Coalossal|Coalossal, L89, M|341/341\n|turn|27\n|inactive|Time left: 300 sec this turn | 300 sec total\n|\n|t:|1783558734\n|-terastallize|p1a: Basculegion|Water\n|move|p1a: Basculegion|Wave Crash|p2a: Coalossal\n|-supereffective|p2a: Coalossal\n|-damage|p2a: Coalossal|0 fnt\n|faint|p2a: Coalossal\n|-damage|p1a: Basculegion|4/100|[from] Recoil\n|\n|upkeep\n|inactive|Time left: 300 sec this turn | 300 sec total | 5 sec grace\n|\n|t:|1783558735\n|switch|p2a: Enamorus|Enamorus-Therian, L83, F|57/259\n|turn|28\n|inactive|Time left: 300 sec this turn | 300 sec total\n|\n|t:|1783558736\n|move|p1a: Basculegion|Flip Turn|p2a: Enamorus\n|-damage|p2a: Enamorus|0 fnt\n|faint|p2a: Enamorus\n|\n|upkeep\n|inactive|Time left: 300 sec this turn | 300 sec total | 5 sec grace\n|\n|t:|1783558737\n|switch|p2a: Mudsdale|Mudsdale, L83, M, tera:Steel|76/302\n|turn|29\n|inactive|Time left: 300 sec this turn | 300 sec total\n|\n|t:|1783558738\n|move|p1a: Basculegion|Flip Turn|p2a: Mudsdale\n|-damage|p2a: Mudsdale|0 fnt\n|faint|p2a: Mudsdale\n|\n|win|p0x16166927", "uploadtime": 1783558738, "views": 0, "rating": 0, "private": 0, "password": null, "_winner": "p0x16166927", "_our_name": "p0y1616dfd7"}