{"id": "battle-gen9randombattle-1980", "formatid": "gen9randombattle", "format": "[Gen 9] Random Battle", "players": ["p0x1980a127", "p0y198018fa"], "log": "|init|battle\n|title|p0x1980a127 vs. p0y198018fa\n|j|\u2606p0x1980a127\n|j|\u2606p0y198018fa\n|t:|1783562176\n|gametype|singles\n|player|p1|p0x1980a127|170|\n|player|p2|p0y198018fa|102|\n|gen|9\n|tier|[Gen 9] Random Battle\n|rule|Species Clause: Limit one of each Pok\u00e9mon\n|rule|HP Percentage Mod: HP is shown in percentages\n|rule|Sleep Clause Mod: Limit one foe put to sleep\n|rule|Illusion Level Mod: Illusion disguises the Pok\u00e9mon's true level\n|\n|t:|1783562176\n|teamsize|p1|6\n|teamsize|p2|6\n|start\n|switch|p1a: Ogerpon|Ogerpon, L80, F|100/100\n|switch|p2a: Virizion|Virizion, L82|283/283\n|turn|1\n|inactive|Battle timer is ON: inactive players will automatically lose when time's up. (requested by p0y198018fa)\n|inactive|p0x1980a127 also wants the timer to be on.\n|\n|t:|1783562178\n|switch|p1a: Conkeldurr|Conkeldurr, L80, F|100/100\n|move|p2a: Virizion|Swords Dance|p2a: Virizion\n|-boost|p2a: Virizion|atk|2\n|\n|-status|p1a: Conkeldurr|brn|[from] item: Flame Orb\n|upkeep\n|turn|2\n|inactive|Time left: 300 sec this turn | 300 sec total\n|\n|t:|1783562179\n|move|p2a: Virizion|Close Combat|p1a: Conkeldurr\n|-damage|p1a: Conkeldurr|10/100 brn\n|-unboost|p2a: Virizion|def|1\n|-unboost|p2a: Virizion|spd|1\n|-damage|p2a: Virizion|255/283|[from] item: Life Orb\n|move|p1a: Conkeldurr|Close Combat|p2a: Virizion\n|-damage|p2a: Virizion|0 fnt\n|-unboost|p1a: Conkeldurr|def|1\n|-unboost|p1a: Conkeldurr|spd|1\n|faint|p2a: Virizion\n|\n|-damage|p1a: Conkeldurr|4/100 brn|[from] brn\n|upkeep\n|inactive|Time left: 300 sec this turn | 300 sec total | 5 sec grace\n|\n|t:|1783562180\n|switch|p2a: Volcarona|Volcarona, L77, M|257/257\n|turn|3\n|inactive|Time left: 300 sec this turn | 300 sec total\n|\n|t:|1783562181\n|switch|p1a: Houndoom|Houndoom, L87, M|100/100\n|move|p2a: Volcarona|Quiver Dance|p2a: Volcarona\n|-boost|p2a: Volcarona|spa|1\n|-boost|p2a: Volcarona|spd|1\n|-boost|p2a: Volcarona|spe|1\n|\n|upkeep\n|turn|4\n|inactive|Time left: 300 sec this turn | 300 sec total\n|\n|t:|1783562182\n|move|p2a: Volcarona|Quiver Dance|p2a: Volcarona\n|-boost|p2a: Volcarona|spa|1\n|-boost|p2a: Volcarona|spd|1\n|-boost|p2a: Volcarona|spe|1\n|move|p1a: Houndoom|Nasty Plot|p1a: Houndoom\n|-boost|p1a: Houndoom|spa|2\n|\n|upkeep\n|turn|5\n|inactive|Time left: 300 sec this turn | 300 sec total\n|\n|t:|1783562183\n|-terastallize|p1a: Houndoom|Fire\n|move|p2a: Volcarona|Bug Buzz|p1a: Houndoom\n|-resisted|p1a: Houndoom\n|-damage|p1a: Houndoom|60/100\n|move|p1a: Houndoom|Fire Blast|p2a: Volcarona\n|-damage|p2a: Volcarona|75/257\n|\n|upkeep\n|turn|6\n|inactive|Time left: 300 sec this turn | 300 sec total\n|\n|t:|1783562184\n|-terastallize|p2a: Volcarona|Fire\n|move|p2a: Volcarona|Giga Drain|p1a: Houndoom\n|-resisted|p1a: Houndoom\n|-damage|p1a: Houndoom|38/100\n|-heal|p2a: Volcarona|105/257|[from] drain|[of] p1a: Houndoom\n|move|p1a: Houndoom|Fire Blast|p2a: Volcarona\n|-resisted|p2a: Volcarona\n|-damage|p2a: Volcarona|25/257\n|\n|upkeep\n|turn|7\n|inactive|Time left: 300 sec this turn | 300 sec total\n|\n|t:|1783562184\n|move|p2a: Volcarona|Bug Buzz|p1a: Houndoom\n|-resisted|p1a: Houndoom\n|-damage|p1a: Houndoom|2/100\n|move|p1a: Houndoom|Fire Blast|p2a: Volcarona\n|-resisted|p2a: Volcarona\n|-damage|p2a: Volcarona|0 fnt\n|faint|p2a: Volcarona\n|\n|upkeep\n|inactive|Time left: 300 sec this turn | 300 sec total | 5 sec grace\n|\n|t:|1783562185\n|switch|p2a: Darkrai|Darkrai, L77|234/234\n|turn|8\n|inactive|Time left: 300 sec this turn | 300 sec total\n|\n|t:|1783562186\n|switch|p1a: Ting-Lu|Ting-Lu, L78|100/100\n|-ability|p1a: Ting-Lu|Vessel of Ruin\n|move|p2a: Darkrai|Dark Pulse|p1a: Ting-Lu\n|-resisted|p1a: Ting-Lu\n|-damage|p1a: Ting-Lu|89/100\n|\n|-heal|p1a: Ting-Lu|95/100|[from] item: Leftovers\n|upkeep\n|turn|9\n|inactive|Time left: 300 sec this turn | 300 sec total\n|\n|t:|1783562187\n|move|p2a: Darkrai|Nasty Plot|p2a: Darkrai\n|-boost|p2a: Darkrai|spa|2\n|move|p1a: Ting-Lu|Earthquake|p2a: Darkrai\n|-damage|p2a: Darkrai|120/234\n|\n|-heal|p2a: Darkrai|134/234|[from] item: Leftovers\n|-heal|p1a: Ting-Lu|100/100|[from] item: Leftovers\n|upkeep\n|turn|10\n|inactive|Time left: 300 sec this turn | 300 sec total\n|\n|t:|1783562188\n|move|p2a: Darkrai|Substitute|p2a: Darkrai\n|-start|p2a: Darkrai|Substitute\n|-damage|p2a: Darkrai|76/234\n|move|p1a: Ting-Lu|Earthquake|p2a: Darkrai\n|-end|p2a: Darkrai|Substitute\n|\n|-heal|p2a: Darkrai|90/234|[from] item: Leftovers\n|upkeep\n|turn|11\n|inactive|Time left: 300 sec this turn | 300 sec total\n|\n|t:|1783562189\n|move|p2a: Darkrai|Substitute|p2a: Darkrai\n|-start|p2a: Darkrai|Substitute\n|-damage|p2a: Darkrai|32/234\n|move|p1a: Ting-Lu|Earthquake|p2a: Darkrai\n|-end|p2a: Darkrai|Substitute\n|\n|-heal|p2a: Darkrai|46/234|[from] item: Leftovers\n|upkeep\n|turn|12\n|inactive|Time left: 300 sec this turn | 300 sec total\n|\n|t:|1783562190\n|move|p2a: Darkrai|Dark Pulse|p1a: Ting-Lu\n|-resisted|p1a: Ting-Lu\n|-damage|p1a: Ting-Lu|78/100\n|move|p1a: Ting-Lu|Earthquake|p2a: Darkrai\n|-damage|p2a: Darkrai|0 fnt\n|faint|p2a: Darkrai\n|\n|-heal|p1a: Ting-Lu|84/100|[from] item: Leftovers\n|upkeep\n|inactive|Time left: 300 sec this turn | 300 sec total | 5 sec grace\n|\n|t:|1783562191\n|switch|p2a: Sunflora|Sunflora, M|312/312\n|turn|13\n|inactive|Time left: 300 sec this turn | 300 sec total\n|\n|t:|1783562192\n|move|p2a: Sunflora|Solar Beam||[still]\n|-prepare|p2a: Sunflora|Solar Beam\n|move|p1a: Ting-Lu|Throat Chop|p2a: Sunflora\n|-damage|p2a: Sunflora|212/312\n|-start|p2a: Sunflora|Throat Chop|[silent]\n|\n|-heal|p1a: Ting-Lu|90/100|[from] item: Leftovers\n|upkeep\n|turn|14\n|inactive|Time left: 300 sec this turn | 300 sec total\n|\n|t:|1783562193\n|switch|p1a: Ogerpon|Ogerpon, L80, F|100/100\n|move|p2a: Sunflora|Solar Beam|p1a: Ogerpon|[from] lockedmove\n|-resisted|p1a: Ogerpon\n|-damage|p1a: Ogerpon|54/100\n|-damage|p2a: Sunflora|181/312|[from] item: Life Orb\n|\n|-end|p2a: Sunflora|Throat Chop|[silent]\n|upkeep\n|turn|15\n|inactive|Time left: 300 sec this turn | 300 sec total\n|\n|t:|1783562194\n|move|p1a: Ogerpon|Ivy Cudgel|p2a: Sunflora\n|-resisted|p2a: Sunflora\n|-damage|p2a: Sunflora|110/312\n|move|p2a: Sunflora|Sunny Day|p2a: Sunflora\n|-weather|SunnyDay\n|\n|-weather|SunnyDay|[upkeep]\n|upkeep\n|turn|16\n|inactive|Time left: 300 sec this turn | 300 sec total\n|\n|t:|1783562195\n|switch|p1a: Politoed|Politoed, L88, F|100/100\n|-weather|RainDance|[from] ability: Drizzle|[of] p1a: Politoed\n|move|p2a: Sunflora|Weather Ball|p1a: Politoed\n|-resisted|p1a: Politoed\n|-damage|p1a: Politoed|69/100\n|-damage|p2a: Sunflora|79/312|[from] item: Life Orb\n|\n|-weather|RainDance|[upkeep]\n|upkeep\n|turn|17\n|inactive|Time left: 300 sec this turn | 300 sec total\n|\n|t:|1783562196\n|move|p1a: Politoed|Ice Beam|p2a: Sunflora\n|-supereffective|p2a: Sunflora\n|-damage|p2a: Sunflora|0 fnt\n|faint|p2a: Sunflora\n|\n|-weather|RainDance|[upkeep]\n|upkeep\n|inactive|Time left: 300 sec this turn | 300 sec total | 5 sec grace\n|\n|t:|1783562197\n|switch|p2a: Chandelure|Chandelure, L83, F|235/235\n|turn|18\n|inactive|Time left: 300 sec this turn | 300 sec total\n|\n|t:|1783562198\n|move|p2a: Chandelure|Energy Ball|p1a: Politoed\n|-supereffective|p1a: Politoed\n|-crit|p1a: Politoed\n|-damage|p1a: Politoed|0 fnt\n|faint|p1a: Politoed\n|\n|-weather|RainDance|[upkeep]\n|upkeep\n|\n|t:|1783562199\n|switch|p1a: Ting-Lu|Ting-Lu, L78|90/100\n|-ability|p1a: Ting-Lu|Vessel of Ruin\n|turn|19\n|inactive|Time left: 300 sec this turn | 300 sec total\n|\n|t:|1783562200\n|move|p2a: Chandelure|Energy Ball|p1a: Ting-Lu\n|-supereffective|p1a: Ting-Lu\n|-damage|p1a: Ting-Lu|46/100\n|-unboost|p1a: Ting-Lu|spd|1\n|move|p1a: Ting-Lu|Earthquake|p2a: Chandelure\n|-supereffective|p2a: Chandelure\n|-damage|p2a: Chandelure|43/235\n|\n|-weather|RainDance|[upkeep]\n|-heal|p1a: Ting-Lu|53/100|[from] item: Leftovers\n|upkeep\n|turn|20\n|inactive|Time left: 300 sec this turn | 300 sec total\n|\n|t:|1783562201\n|switch|p2a: Rampardos|Rampardos, L90, M|321/321\n|switch|p1a: Ogerpon|Ogerpon, L80, F|54/100\n|\n|-weather|none\n|upkeep\n|turn|21\n|inactive|Time left: 300 sec this turn | 300 sec total\n|\n|t:|1783562201\n|move|p1a: Ogerpon|Ivy Cudgel|p2a: Rampardos\n|-supereffective|p2a: Rampardos\n|-damage|p2a: Rampardos|49/321\n|move|p2a: Rampardos|Zen Headbutt|p1a: Ogerpon\n|-damage|p1a: Ogerpon|0 fnt\n|faint|p1a: Ogerpon\n|\n|upkeep\n|\n|t:|1783562202\n|switch|p1a: Great Tusk|Great Tusk, L77|100/100\n|-enditem|p1a: Great Tusk|Booster Energy\n|-activate|p1a: Great Tusk|ability: Protosynthesis|[fromitem]\n|-start|p1a: Great Tusk|protosynthesisatk\n|turn|22\n|inactive|Time left: 300 sec this turn | 300 sec total\n|\n|t:|1783562203\n|move|p1a: Great Tusk|Earthquake|p2a: Rampardos\n|-supereffective|p2a: Rampardos\n|-damage|p2a: Rampardos|0 fnt\n|faint|p2a: Rampardos\n|\n|upkeep\n|inactive|Time left: 300 sec this turn | 300 sec total | 5 sec grace\n|\n|t:|1783562204\n|switch|p2a: Chandelure|Chandelure, L83, F|43/235\n|turn|23\n|inactive|Time left: 300 sec this turn | 300 sec total\n|\n|t:|1783562205\n|move|p2a: Chandelure|Energy Ball|p1a: Great Tusk\n|-supereffective|p1a: Great Tusk\n|-damage|p1a: Great Tusk|12/100\n|move|p1a: Great Tusk|Earthquake|p2a: Chandelure\n|-supereffective|p2a: Chandelure\n|-damage|p2a: Chandelure|0 fnt\n|faint|p2a: Chandelure\n|\n|win|p0x1980a127", "uploadtime": 1783562205, "views": 0, "rating": 0, "private": 0, "password": null, "_winner": "p0x1980a127", "_our_name": "p0y198018fa"}