{"id": "battle-gen9randombattle-1750", "formatid": "gen9randombattle", "format": "[Gen 9] Random Battle", "players": ["p0x17502572", "p0y1750aba7"], "log": "|init|battle\n|title|p0x17502572 vs. p0y1750aba7\n|j|\u2606p0x17502572\n|j|\u2606p0y1750aba7\n|t:|1783559519\n|gametype|singles\n|player|p1|p0x17502572|170|\n|player|p2|p0y1750aba7|2|\n|gen|9\n|tier|[Gen 9] Random Battle\n|rule|Species Clause: Limit one of each Pok\u00e9mon\n|rule|HP Percentage Mod: HP is shown in percentages\n|rule|Sleep Clause Mod: Limit one foe put to sleep\n|rule|Illusion Level Mod: Illusion disguises the Pok\u00e9mon's true level\n|\n|t:|1783559519\n|teamsize|p1|6\n|teamsize|p2|6\n|start\n|switch|p1a: Kingdra|Kingdra, L84, M|263/263\n|switch|p2a: Ting-Lu|Ting-Lu, L78|100/100\n|-ability|p2a: Ting-Lu|Vessel of Ruin\n|turn|1\n|inactive|Battle timer is ON: inactive players will automatically lose when time's up. (requested by p0y1750aba7)\n|inactive|Time left: 300 sec this turn | 300 sec total | 60 sec grace\n|inactive|p0x17502572 also wants the timer to be on.\n|\n|t:|1783559521\n|move|p1a: Kingdra|Dragon Dance|p1a: Kingdra\n|-boost|p1a: Kingdra|atk|1\n|-boost|p1a: Kingdra|spe|1\n|move|p2a: Ting-Lu|Stealth Rock|p1a: Kingdra\n|-sidestart|p1: p0x17502572|move: Stealth Rock\n|\n|upkeep\n|turn|2\n|inactive|Time left: 300 sec this turn | 300 sec total\n|\n|t:|1783559522\n|move|p1a: Kingdra|Outrage|p2a: Ting-Lu\n|-damage|p2a: Ting-Lu|60/100\n|move|p2a: Ting-Lu|Earthquake|p1a: Kingdra\n|-damage|p1a: Kingdra|173/263\n|\n|-heal|p2a: Ting-Lu|66/100|[from] item: Leftovers\n|upkeep\n|turn|3\n|inactive|Time left: 300 sec this turn | 300 sec total\n|\n|t:|1783559523\n|move|p1a: Kingdra|Outrage|p2a: Ting-Lu|[from] lockedmove\n|-damage|p2a: Ting-Lu|24/100\n|-start|p1a: Kingdra|confusion|[fatigue]\n|-enditem|p1a: Kingdra|Lum Berry|[eat]\n|-end|p1a: Kingdra|confusion\n|move|p2a: Ting-Lu|Payback|p1a: Kingdra\n|-damage|p1a: Kingdra|76/263\n|\n|-heal|p2a: Ting-Lu|30/100|[from] item: Leftovers\n|upkeep\n|turn|4\n|inactive|Time left: 300 sec this turn | 300 sec total\n|\n|t:|1783559525\n|switch|p2a: Cacturne|Cacturne, L92, M|100/100\n|move|p1a: Kingdra|Outrage|p2a: Cacturne\n|-damage|p2a: Cacturne|13/100\n|\n|upkeep\n|turn|5\n|inactive|Time left: 300 sec this turn | 300 sec total\n|\n|t:|1783559526\n|move|p2a: Cacturne|Sucker Punch|p1a: Kingdra\n|-damage|p1a: Kingdra|0 fnt\n|faint|p1a: Kingdra\n|-damage|p2a: Cacturne|3/100|[from] item: Life Orb\n|\n|upkeep\n|inactive|Time left: 300 sec this turn | 300 sec total | 5 sec grace\n|\n|t:|1783559527\n|switch|p1a: Komala|Komala, L87, F|255/255\n|-damage|p1a: Komala|224/255|[from] Stealth Rock\n|-ability|p1a: Komala|Comatose\n|turn|6\n|inactive|Time left: 300 sec this turn | 300 sec total\n|\n|t:|1783559528\n|move|p2a: Cacturne|Sucker Punch|p1a: Komala\n|-damage|p1a: Komala|71/255\n|-damage|p2a: Cacturne|0 fnt|[from] item: Life Orb\n|faint|p2a: Cacturne\n|move|p1a: Komala|Rapid Spin|p2: Cacturne|[notarget]\n|-fail|p1a: Komala\n|\n|upkeep\n|\n|t:|1783559529\n|switch|p2a: Gengar|Gengar, L81, F|100/100\n|turn|7\n|inactive|Time left: 300 sec this turn | 300 sec total\n|\n|t:|1783559531\n|move|p2a: Gengar|Sludge Wave|p1a: Komala\n|-damage|p1a: Komala|0 fnt\n|faint|p1a: Komala\n|\n|upkeep\n|inactive|Time left: 300 sec this turn | 300 sec total | 5 sec grace\n|\n|t:|1783559532\n|switch|p1a: Frosmoth|Frosmoth, L82, M|249/249\n|turn|8\n|inactive|Time left: 300 sec this turn | 300 sec total\n|\n|t:|1783559533\n|move|p2a: Gengar|Sludge Wave|p1a: Frosmoth\n|-damage|p1a: Frosmoth|167/249\n|move|p1a: Frosmoth|Quiver Dance|p1a: Frosmoth\n|-boost|p1a: Frosmoth|spa|1\n|-boost|p1a: Frosmoth|spd|1\n|-boost|p1a: Frosmoth|spe|1\n|\n|upkeep\n|turn|9\n|inactive|Time left: 300 sec this turn | 300 sec total\n|\n|t:|1783559534\n|switch|p2a: Chansey|Chansey, L85, F|100/100\n|move|p1a: Frosmoth|Ice Beam|p2a: Chansey\n|-damage|p2a: Chansey|83/100\n|\n|upkeep\n|turn|10\n|inactive|Time left: 300 sec this turn | 300 sec total\n|\n|t:|1783559535\n|move|p1a: Frosmoth|Ice Beam|p2a: Chansey\n|-damage|p2a: Chansey|65/100\n|move|p2a: Chansey|Seismic Toss|p1a: Frosmoth\n|-damage|p1a: Frosmoth|82/249\n|\n|upkeep\n|turn|11\n|inactive|Time left: 300 sec this turn | 300 sec total\n|\n|t:|1783559536\n|switch|p1a: Iron Leaves|Iron Leaves, L80|275/275\n|-damage|p1a: Iron Leaves|241/275|[from] Stealth Rock\n|move|p2a: Chansey|Seismic Toss|p1a: Iron Leaves\n|-damage|p1a: Iron Leaves|156/275\n|\n|upkeep\n|turn|12\n|inactive|Time left: 300 sec this turn | 300 sec total\n|\n|t:|1783559537\n|switch|p2a: Shaymin|Shaymin-Sky, L73|100/100\n|move|p1a: Iron Leaves|Leaf Blade|p2a: Shaymin\n|-resisted|p2a: Shaymin\n|-damage|p2a: Shaymin|81/100\n|\n|-heal|p2a: Shaymin|87/100|[from] item: Leftovers\n|upkeep\n|turn|13\n|inactive|Time left: 300 sec this turn | 300 sec total\n|\n|t:|1783559538\n|move|p2a: Shaymin|Air Slash|p1a: Iron Leaves\n|-supereffective|p1a: Iron Leaves\n|-damage|p1a: Iron Leaves|34/275\n|cant|p1a: Iron Leaves|flinch\n|\n|-heal|p2a: Shaymin|93/100|[from] item: Leftovers\n|upkeep\n|turn|14\n|inactive|Time left: 300 sec this turn | 300 sec total\n|\n|t:|1783559539\n|move|p2a: Shaymin|Air Slash|p1a: Iron Leaves\n|-supereffective|p1a: Iron Leaves\n|-crit|p1a: Iron Leaves\n|-damage|p1a: Iron Leaves|0 fnt\n|faint|p1a: Iron Leaves\n|-end|p1a: Iron Leaves|Quark Drive|[silent]\n|\n|-heal|p2a: Shaymin|99/100|[from] item: Leftovers\n|upkeep\n|inactive|Time left: 300 sec this turn | 300 sec total | 5 sec grace\n|\n|t:|1783559540\n|switch|p1a: Frosmoth|Frosmoth, L82, M|82/249\n|turn|15\n|inactive|Time left: 300 sec this turn | 300 sec total\n|\n|t:|1783559540\n|move|p2a: Shaymin|Air Slash|p1a: Frosmoth|[miss]\n|-miss|p2a: Shaymin|p1a: Frosmoth\n|move|p1a: Frosmoth|Ice Beam|p2a: Shaymin\n|-supereffective|p2a: Shaymin\n|-damage|p2a: Shaymin|0 fnt\n|faint|p2a: Shaymin\n|\n|upkeep\n|\n|t:|1783559541\n|switch|p2a: Gengar|Gengar, L81, F|100/100\n|turn|16\n|inactive|Time left: 300 sec this turn | 300 sec total\n|\n|t:|1783559542\n|-terastallize|p1a: Frosmoth|Ground\n|move|p2a: Gengar|Sludge Wave|p1a: Frosmoth\n|-resisted|p1a: Frosmoth\n|-damage|p1a: Frosmoth|35/249\n|move|p1a: Frosmoth|Tera Blast|p2a: Gengar|[anim] Tera Blast Ground\n|-supereffective|p2a: Gengar\n|-damage|p2a: Gengar|7/100\n|\n|upkeep\n|turn|17\n|inactive|Time left: 300 sec this turn | 300 sec total\n|\n|t:|1783559543\n|switch|p1a: Houndstone|Houndstone, L86, F|264/264\n|-damage|p1a: Houndstone|231/264|[from] Stealth Rock\n|move|p2a: Gengar|Sludge Wave|p1a: Houndstone\n|-resisted|p1a: Houndstone\n|-crit|p1a: Houndstone\n|-damage|p1a: Houndstone|117/264\n|\n|-heal|p1a: Houndstone|133/264|[from] item: Leftovers\n|upkeep\n|turn|18\n|inactive|Time left: 300 sec this turn | 300 sec total\n|\n|t:|1783559544\n|move|p2a: Gengar|Sludge Wave|p1a: Houndstone\n|-resisted|p1a: Houndstone\n|-damage|p1a: Houndstone|54/264\n|move|p1a: Houndstone|Rest|p1a: Houndstone\n|-status|p1a: Houndstone|slp|[from] move: Rest\n|-heal|p1a: Houndstone|264/264 slp|[silent]\n|\n|upkeep\n|turn|19\n|inactive|Time left: 300 sec this turn | 300 sec total\n|\n|t:|1783559544\n|move|p2a: Gengar|Sludge Wave|p1a: Houndstone\n|-resisted|p1a: Houndstone\n|-damage|p1a: Houndstone|183/264 slp\n|cant|p1a: Houndstone|slp\n|move|p1a: Houndstone|Sleep Talk|p1a: Houndstone\n|move|p1a: Houndstone|Body Press|p2a: Gengar|[from] move: Sleep Talk\n|-immune|p2a: Gengar\n|\n|-heal|p1a: Houndstone|199/264 slp|[from] item: Leftovers\n|upkeep\n|turn|20\n|inactive|Time left: 300 sec this turn | 300 sec total\n|\n|t:|1783559545\n|move|p2a: Gengar|Sludge Wave|p1a: Houndstone\n|-resisted|p1a: Houndstone\n|-damage|p1a: Houndstone|118/264 slp\n|cant|p1a: Houndstone|slp\n|move|p1a: Houndstone|Sleep Talk|p1a: Houndstone\n|move|p1a: Houndstone|Body Press|p2a: Gengar|[from] move: Sleep Talk\n|-immune|p2a: Gengar\n|\n|-heal|p1a: Houndstone|134/264 slp|[from] item: Leftovers\n|upkeep\n|turn|21\n|inactive|Time left: 300 sec this turn | 300 sec total\n|\n|t:|1783559546\n|move|p2a: Gengar|Sludge Wave|p1a: Houndstone\n|-resisted|p1a: Houndstone\n|-damage|p1a: Houndstone|58/264 slp\n|-curestatus|p1a: Houndstone|slp|[msg]\n|move|p1a: Houndstone|Poltergeist|p2a: Gengar\n|-activate|p2a: Gengar|move: Poltergeist|Choice Specs\n|-supereffective|p2a: Gengar\n|-damage|p2a: Gengar|0 fnt\n|faint|p2a: Gengar\n|\n|-heal|p1a: Houndstone|74/264|[from] item: Leftovers\n|upkeep\n|\n|t:|1783559547\n|switch|p2a: Swampert|Swampert, L83, F|100/100\n|turn|22\n|inactive|Time left: 300 sec this turn | 300 sec total\n|\n|t:|1783559548\n|move|p1a: Houndstone|Rest|p1a: Houndstone\n|-status|p1a: Houndstone|slp|[from] move: Rest\n|-heal|p1a: Houndstone|264/264 slp|[silent]\n|move|p2a: Swampert|Earthquake|p1a: Houndstone\n|-damage|p1a: Houndstone|168/264 slp\n|\n|-heal|p1a: Houndstone|184/264 slp|[from] item: Leftovers\n|upkeep\n|turn|23\n|inactive|Time left: 300 sec this turn | 300 sec total\n|\n|t:|1783559549\n|cant|p1a: Houndstone|slp\n|move|p1a: Houndstone|Sleep Talk|p1a: Houndstone\n|move|p1a: Houndstone|Body Press|p2a: Swampert|[from] move: Sleep Talk\n|-damage|p2a: Swampert|81/100\n|move|p2a: Swampert|Earthquake|p1a: Houndstone\n|-damage|p1a: Houndstone|82/264 slp\n|\n|-heal|p1a: Houndstone|98/264 slp|[from] item: Leftovers\n|-heal|p2a: Swampert|87/100|[from] item: Leftovers\n|upkeep\n|turn|24\n|inactive|Time left: 300 sec this turn | 300 sec total\n|\n|t:|1783559550\n|cant|p1a: Houndstone|slp\n|move|p1a: Houndstone|Sleep Talk|p1a: Houndstone\n|move|p1a: Houndstone|Poltergeist|p2a: Swampert|[from] move: Sleep Talk\n|-activate|p2a: Swampert|move: Poltergeist|Leftovers\n|-damage|p2a: Swampert|44/100\n|move|p2a: Swampert|Earthquake|p1a: Houndstone\n|-damage|p1a: Houndstone|1/264 slp\n|\n|-heal|p1a: Houndstone|17/264 slp|[from] item: Leftovers\n|-heal|p2a: Swampert|50/100|[from] item: Leftovers\n|upkeep\n|turn|25\n|inactive|Time left: 300 sec this turn | 300 sec total\n|\n|t:|1783559551\n|-curestatus|p1a: Houndstone|slp|[msg]\n|move|p1a: Houndstone|Rest|p1a: Houndstone\n|-status|p1a: Houndstone|slp|[from] move: Rest\n|-heal|p1a: Houndstone|264/264 slp|[silent]\n|move|p2a: Swampert|Knock Off|p1a: Houndstone\n|-supereffective|p1a: Houndstone\n|-damage|p1a: Houndstone|197/264 slp\n|-enditem|p1a: Houndstone|Leftovers|[from] move: Knock Off|[of] p2a: Swampert\n|\n|-heal|p2a: Swampert|56/100|[from] item: Leftovers\n|upkeep\n|turn|26\n|inactive|Time left: 300 sec this turn | 300 sec total\n|\n|t:|1783559552\n|cant|p1a: Houndstone|slp\n|move|p1a: Houndstone|Sleep Talk|p1a: Houndstone\n|move|p1a: Houndstone|Rest||[from] move: Sleep Talk|[still]\n|-fail|p1a: Houndstone\n|move|p2a: Swampert|Earthquake|p1a: Houndstone\n|-damage|p1a: Houndstone|101/264 slp\n|\n|-heal|p2a: Swampert|62/100|[from] item: Leftovers\n|upkeep\n|turn|27\n|inactive|Time left: 300 sec this turn | 300 sec total\n|\n|t:|1783559553\n|cant|p1a: Houndstone|slp\n|move|p1a: Houndstone|Sleep Talk|p1a: Houndstone\n|move|p1a: Houndstone|Body Press|p2a: Swampert|[from] move: Sleep Talk\n|-damage|p2a: Swampert|41/100\n|move|p2a: Swampert|Earthquake|p1a: Houndstone\n|-damage|p1a: Houndstone|0 fnt\n|faint|p1a: Houndstone\n|\n|-heal|p2a: Swampert|47/100|[from] item: Leftovers\n|upkeep\n|inactive|Time left: 300 sec this turn | 300 sec total | 5 sec grace\n|\n|t:|1783559555\n|switch|p1a: Indeedee|Indeedee, L84, M|238/238\n|-damage|p1a: Indeedee|209/238|[from] Stealth Rock\n|-fieldstart|move: Psychic Terrain|[from] ability: Psychic Surge|[of] p1a: Indeedee\n|turn|28\n|inactive|Time left: 300 sec this turn | 300 sec total\n|\n|t:|1783559556\n|-terastallize|p2a: Swampert|Steel\n|move|p1a: Indeedee|Healing Wish|p1a: Indeedee\n|faint|p1a: Indeedee\n|move|p2a: Swampert|Knock Off|p1: Indeedee|[notarget]\n|-fail|p2a: Swampert\n|\n|-heal|p2a: Swampert|52/100|[from] item: Leftovers\n|upkeep\n|inactive|Time left: 300 sec this turn | 300 sec total | 5 sec grace\n|\n|t:|1783559557\n|switch|p1a: Frosmoth|Frosmoth, L82, M, tera:Ground|35/249\n|-heal|p1a: Frosmoth|249/249|[from] move: Healing Wish\n|turn|29\n|inactive|Time left: 300 sec this turn | 300 sec total\n|\n|t:|1783559558\n|switch|p2a: Chansey|Chansey, L85, F|65/100\n|move|p1a: Frosmoth|Tera Blast|p2a: Chansey|[anim] Tera Blast Ground\n|-damage|p2a: Chansey|54/100\n|\n|upkeep\n|turn|30\n|inactive|Time left: 300 sec this turn | 300 sec total\n|\n|t:|1783559559\n|move|p1a: Frosmoth|Ice Beam|p2a: Chansey\n|-damage|p2a: Chansey|44/100\n|move|p2a: Chansey|Seismic Toss|p1a: Frosmoth\n|-damage|p1a: Frosmoth|164/249\n|\n|upkeep\n|turn|31\n|inactive|Time left: 300 sec this turn | 300 sec total\n|\n|t:|1783559560\n|move|p1a: Frosmoth|Ice Beam|p2a: Chansey\n|-damage|p2a: Chansey|32/100\n|move|p2a: Chansey|Seismic Toss|p1a: Frosmoth\n|-damage|p1a: Frosmoth|79/249\n|\n|upkeep\n|turn|32\n|inactive|Time left: 300 sec this turn | 300 sec total\n|\n|t:|1783559561\n|move|p1a: Frosmoth|Ice Beam|p2a: Chansey\n|-damage|p2a: Chansey|22/100\n|move|p2a: Chansey|Seismic Toss|p1a: Frosmoth\n|-damage|p1a: Frosmoth|0 fnt\n|faint|p1a: Frosmoth\n|\n|win|p0y1750aba7", "uploadtime": 1783559561, "views": 0, "rating": 0, "private": 0, "password": null, "_winner": "p0y1750aba7", "_our_name": "p0x17502572"}