{"id": "battle-gen9randombattle-2851", "formatid": "gen9randombattle", "format": "[Gen 9] Random Battle", "players": ["p0x285151c9", "p0y28515fcc"], "log": "|init|battle\n|title|p0x285151c9 vs. p0y28515fcc\n|j|\u2606p0x285151c9\n|j|\u2606p0y28515fcc\n|t:|1783571876\n|gametype|singles\n|player|p1|p0x285151c9|1|\n|player|p2|p0y28515fcc|266|\n|gen|9\n|tier|[Gen 9] Random Battle\n|rule|Species Clause: Limit one of each Pok\u00e9mon\n|rule|HP Percentage Mod: HP is shown in percentages\n|rule|Sleep Clause Mod: Limit one foe put to sleep\n|rule|Illusion Level Mod: Illusion disguises the Pok\u00e9mon's true level\n|\n|t:|1783571876\n|teamsize|p1|6\n|teamsize|p2|6\n|start\n|switch|p1a: Rampardos|Rampardos, L90, F|100/100\n|switch|p2a: Bronzong|Bronzong, L88|261/261\n|turn|1\n|inactive|Battle timer is ON: inactive players will automatically lose when time's up. (requested by p0y28515fcc)\n|inactive|p0x285151c9 also wants the timer to be on.\n|\n|t:|1783571877\n|move|p1a: Rampardos|Fire Punch|p2a: Bronzong\n|-supereffective|p2a: Bronzong\n|-damage|p2a: Bronzong|83/261\n|move|p2a: Bronzong|Iron Head|p1a: Rampardos\n|-supereffective|p1a: Rampardos\n|-damage|p1a: Rampardos|31/100\n|\n|-heal|p2a: Bronzong|99/261|[from] item: Leftovers\n|upkeep\n|turn|2\n|inactive|Time left: 300 sec this turn | 300 sec total\n|\n|t:|1783571878\n|switch|p2a: Palossand|Palossand, L89, F|296/296\n|move|p1a: Rampardos|Fire Punch|p2a: Palossand\n|-damage|p2a: Palossand|195/296\n|\n|-heal|p2a: Palossand|213/296|[from] item: Leftovers\n|upkeep\n|turn|3\n|inactive|Time left: 300 sec this turn | 300 sec total\n|\n|t:|1783571880\n|switch|p1a: Politoed|Politoed, L88, F|100/100\n|-weather|RainDance|[from] ability: Drizzle|[of] p1a: Politoed\n|move|p2a: Palossand|Earth Power|p1a: Politoed\n|-damage|p1a: Politoed|67/100\n|\n|-weather|RainDance|[upkeep]\n|-heal|p2a: Palossand|231/296|[from] item: Leftovers\n|upkeep\n|turn|4\n|inactive|Time left: 300 sec this turn | 300 sec total\n|\n|t:|1783571881\n|-terastallize|p2a: Palossand|Water\n|move|p1a: Politoed|Weather Ball|p2a: Palossand\n|-resisted|p2a: Palossand\n|-damage|p2a: Palossand|109/296\n|-ability|p2a: Palossand|Water Compaction|boost\n|-boost|p2a: Palossand|def|2\n|move|p2a: Palossand|Shore Up|p2a: Palossand\n|-heal|p2a: Palossand|257/296\n|\n|-weather|RainDance|[upkeep]\n|-heal|p2a: Palossand|275/296|[from] item: Leftovers\n|upkeep\n|turn|5\n|inactive|Time left: 300 sec this turn | 300 sec total\n|\n|t:|1783571882\n|move|p1a: Politoed|Weather Ball|p2a: Palossand\n|-resisted|p2a: Palossand\n|-damage|p2a: Palossand|134/296\n|-ability|p2a: Palossand|Water Compaction|boost\n|-boost|p2a: Palossand|def|2\n|move|p2a: Palossand|Shore Up|p2a: Palossand\n|-heal|p2a: Palossand|282/296\n|\n|-weather|RainDance|[upkeep]\n|-heal|p2a: Palossand|296/296|[from] item: Leftovers\n|upkeep\n|turn|6\n|inactive|Time left: 300 sec this turn | 300 sec total\n|\n|t:|1783571883\n|move|p1a: Politoed|Weather Ball|p2a: Palossand\n|-resisted|p2a: Palossand\n|-damage|p2a: Palossand|163/296\n|-ability|p2a: Palossand|Water Compaction|boost\n|-boost|p2a: Palossand|def|2\n|move|p2a: Palossand|Shore Up|p2a: Palossand\n|-heal|p2a: Palossand|296/296\n|\n|-weather|RainDance|[upkeep]\n|upkeep\n|turn|7\n|inactive|Time left: 300 sec this turn | 300 sec total\n|\n|t:|1783571884\n|move|p1a: Politoed|Weather Ball|p2a: Palossand\n|-resisted|p2a: Palossand\n|-damage|p2a: Palossand|155/296\n|move|p2a: Palossand|Earth Power|p1a: Politoed\n|-damage|p1a: Politoed|33/100\n|\n|-weather|none\n|-heal|p2a: Palossand|173/296|[from] item: Leftovers\n|upkeep\n|turn|8\n|inactive|Time left: 300 sec this turn | 300 sec total\n|\n|t:|1783571886\n|switch|p1a: Kyurem|Kyurem, L77|100/100\n|-ability|p1a: Kyurem|Pressure\n|move|p2a: Palossand|Shadow Ball|p1a: Kyurem\n|-damage|p1a: Kyurem|65/100\n|-unboost|p1a: Kyurem|spd|1\n|\n|-heal|p2a: Palossand|191/296|[from] item: Leftovers\n|upkeep\n|turn|9\n|inactive|Time left: 300 sec this turn | 300 sec total\n|\n|t:|1783571887\n|move|p1a: Kyurem|Freeze-Dry|p2a: Palossand\n|-supereffective|p2a: Palossand\n|-damage|p2a: Palossand|0 fnt\n|faint|p2a: Palossand\n|\n|upkeep\n|inactive|Time left: 300 sec this turn | 300 sec total | 5 sec grace\n|\n|t:|1783571888\n|switch|p2a: Flutter Mane|Flutter Mane, L74|203/203\n|turn|10\n|inactive|Time left: 300 sec this turn | 300 sec total\n|\n|t:|1783571890\n|switch|p1a: Cryogonal|Cryogonal, L89|100/100\n|move|p2a: Flutter Mane|Moonblast|p1a: Cryogonal\n|-damage|p1a: Cryogonal|70/100\n|-unboost|p1a: Cryogonal|spa|1\n|-damage|p2a: Flutter Mane|183/203|[from] item: Life Orb\n|\n|upkeep\n|turn|11\n|inactive|Time left: 300 sec this turn | 300 sec total\n|\n|t:|1783571891\n|move|p2a: Flutter Mane|Calm Mind|p2a: Flutter Mane\n|-boost|p2a: Flutter Mane|spa|1\n|-boost|p2a: Flutter Mane|spd|1\n|move|p1a: Cryogonal|Recover|p1a: Cryogonal\n|-heal|p1a: Cryogonal|100/100\n|\n|upkeep\n|turn|12\n|inactive|Time left: 300 sec this turn | 300 sec total\n|\n|t:|1783571892\n|move|p2a: Flutter Mane|Calm Mind|p2a: Flutter Mane\n|-boost|p2a: Flutter Mane|spa|1\n|-boost|p2a: Flutter Mane|spd|1\n|move|p1a: Cryogonal|Recover||[still]\n|-fail|p1a: Cryogonal|heal\n|\n|upkeep\n|turn|13\n|inactive|Time left: 300 sec this turn | 300 sec total\n|\n|t:|1783571893\n|move|p2a: Flutter Mane|Shadow Ball|p1a: Cryogonal\n|-damage|p1a: Cryogonal|48/100\n|-damage|p2a: Flutter Mane|163/203|[from] item: Life Orb\n|move|p1a: Cryogonal|Recover|p1a: Cryogonal\n|-heal|p1a: Cryogonal|98/100\n|\n|upkeep\n|turn|14\n|inactive|Time left: 300 sec this turn | 300 sec total\n|\n|t:|1783571894\n|switch|p1a: Rampardos|Rampardos, L90, F|31/100\n|move|p2a: Flutter Mane|Shadow Ball|p1a: Rampardos\n|-damage|p1a: Rampardos|0 fnt\n|faint|p1a: Rampardos\n|-damage|p2a: Flutter Mane|143/203|[from] item: Life Orb\n|\n|upkeep\n|\n|t:|1783571895\n|switch|p1a: Altaria|Altaria, L89, F|100/100\n|turn|15\n|inactive|Time left: 300 sec this turn | 300 sec total\n|\n|t:|1783571896\n|-terastallize|p1a: Altaria|Steel\n|move|p2a: Flutter Mane|Moonblast|p1a: Altaria\n|-resisted|p1a: Altaria\n|-damage|p1a: Altaria|58/100\n|-unboost|p1a: Altaria|spa|1\n|-damage|p2a: Flutter Mane|123/203|[from] item: Life Orb\n|move|p1a: Altaria|Brave Bird|p2a: Flutter Mane\n|-damage|p2a: Flutter Mane|0 fnt\n|faint|p2a: Flutter Mane\n|-end|p2a: Flutter Mane|Protosynthesis|[silent]\n|-damage|p1a: Altaria|44/100|[from] Recoil\n|\n|upkeep\n|inactive|Time left: 300 sec this turn | 300 sec total | 5 sec grace\n|\n|t:|1783571897\n|switch|p2a: Bronzong|Bronzong, L88|99/261\n|turn|16\n|inactive|Time left: 300 sec this turn | 300 sec total\n|\n|t:|1783571898\n|move|p1a: Altaria|Roost|p1a: Altaria\n|-heal|p1a: Altaria|94/100\n|move|p2a: Bronzong|Earthquake|p1a: Altaria\n|-supereffective|p1a: Altaria\n|-damage|p1a: Altaria|41/100\n|\n|-heal|p2a: Bronzong|115/261|[from] item: Leftovers\n|upkeep\n|turn|17\n|inactive|Time left: 300 sec this turn | 300 sec total\n|\n|t:|1783571899\n|move|p1a: Altaria|Roost|p1a: Altaria\n|-heal|p1a: Altaria|91/100\n|move|p2a: Bronzong|Earthquake|p1a: Altaria\n|-supereffective|p1a: Altaria\n|-damage|p1a: Altaria|42/100\n|\n|-heal|p2a: Bronzong|131/261|[from] item: Leftovers\n|upkeep\n|turn|18\n|inactive|Time left: 300 sec this turn | 300 sec total\n|\n|t:|1783571900\n|switch|p1a: Politoed|Politoed, L88, F|33/100\n|-weather|RainDance|[from] ability: Drizzle|[of] p1a: Politoed\n|move|p2a: Bronzong|Earthquake|p1a: Politoed\n|-damage|p1a: Politoed|9/100\n|\n|-weather|RainDance|[upkeep]\n|-heal|p2a: Bronzong|147/261|[from] item: Leftovers\n|upkeep\n|turn|19\n|inactive|Time left: 300 sec this turn | 300 sec total\n|\n|t:|1783571901\n|switch|p2a: Fezandipiti|Fezandipiti, L82, M|278/278\n|move|p1a: Politoed|Weather Ball|p2a: Fezandipiti\n|-damage|p2a: Fezandipiti|100/278\n|\n|-weather|RainDance|[upkeep]\n|-heal|p2a: Fezandipiti|117/278|[from] item: Leftovers\n|upkeep\n|turn|20\n|inactive|Time left: 300 sec this turn | 300 sec total\n|\n|t:|1783571902\n|switch|p1a: Altaria|Altaria, L89, F, tera:Steel|42/100\n|move|p2a: Fezandipiti|Play Rough|p1a: Altaria\n|-resisted|p1a: Altaria\n|-damage|p1a: Altaria|29/100\n|\n|-weather|RainDance|[upkeep]\n|-heal|p2a: Fezandipiti|134/278|[from] item: Leftovers\n|upkeep\n|turn|21\n|inactive|Time left: 300 sec this turn | 300 sec total\n|\n|t:|1783571904\n|switch|p2a: Bronzong|Bronzong, L88|147/261\n|move|p1a: Altaria|Roost|p1a: Altaria\n|-heal|p1a: Altaria|79/100\n|\n|-weather|RainDance|[upkeep]\n|-heal|p2a: Bronzong|163/261|[from] item: Leftovers\n|upkeep\n|turn|22\n|inactive|Time left: 300 sec this turn | 300 sec total\n|\n|t:|1783571905\n|switch|p1a: Golurk|Golurk, L87|100/100\n|move|p2a: Bronzong|Earthquake|p1a: Golurk\n|-damage|p1a: Golurk|74/100\n|\n|-weather|none\n|-heal|p2a: Bronzong|179/261|[from] item: Leftovers\n|upkeep\n|turn|23\n|inactive|Time left: 300 sec this turn | 300 sec total\n|\n|t:|1783571906\n|switch|p2a: Umbreon|Umbreon, L84, F|297/297\n|move|p1a: Golurk|Poltergeist|p2a: Umbreon\n|-activate|p2a: Umbreon|move: Poltergeist|Leftovers\n|-resisted|p2a: Umbreon\n|-damage|p2a: Umbreon|195/297\n|\n|-heal|p2a: Umbreon|213/297|[from] item: Leftovers\n|upkeep\n|turn|24\n|inactive|Time left: 300 sec this turn | 300 sec total\n|\n|t:|1783571906\n|switch|p1a: Altaria|Altaria, L89, F, tera:Steel|79/100\n|move|p2a: Umbreon|Foul Play|p1a: Altaria\n|-damage|p1a: Altaria|51/100\n|\n|-heal|p2a: Umbreon|231/297|[from] item: Leftovers\n|upkeep\n|turn|25\n|inactive|Time left: 300 sec this turn | 300 sec total\n|\n|t:|1783571907\n|move|p1a: Altaria|Roost|p1a: Altaria\n|-heal|p1a: Altaria|100/100\n|move|p2a: Umbreon|Foul Play|p1a: Altaria\n|-damage|p1a: Altaria|74/100\n|\n|-heal|p2a: Umbreon|249/297|[from] item: Leftovers\n|upkeep\n|turn|26\n|inactive|Time left: 300 sec this turn | 300 sec total\n|\n|t:|1783571908\n|move|p1a: Altaria|Brave Bird|p2a: Umbreon\n|-damage|p2a: Umbreon|159/297\n|-damage|p1a: Altaria|63/100|[from] Recoil\n|move|p2a: Umbreon|Foul Play|p1a: Altaria\n|-damage|p1a: Altaria|35/100\n|\n|-heal|p2a: Umbreon|177/297|[from] item: Leftovers\n|upkeep\n|turn|27\n|inactive|Time left: 300 sec this turn | 300 sec total\n|\n|t:|1783571909\n|move|p1a: Altaria|Roost|p1a: Altaria\n|-heal|p1a: Altaria|85/100\n|move|p2a: Umbreon|Wish|p2a: Umbreon\n|\n|-heal|p2a: Umbreon|195/297|[from] item: Leftovers\n|upkeep\n|turn|28\n|inactive|Time left: 300 sec this turn | 300 sec total\n|\n|t:|1783571910\n|move|p1a: Altaria|Roost|p1a: Altaria\n|-heal|p1a: Altaria|100/100\n|move|p2a: Umbreon|Foul Play|p1a: Altaria\n|-damage|p1a: Altaria|71/100\n|\n|-heal|p2a: Umbreon|297/297|[from] move: Wish|[wisher] Umbreon\n|upkeep\n|turn|29\n|inactive|Time left: 300 sec this turn | 300 sec total\n|\n|t:|1783571911\n|move|p1a: Altaria|Roost|p1a: Altaria\n|-heal|p1a: Altaria|100/100\n|move|p2a: Umbreon|Foul Play|p1a: Altaria\n|-damage|p1a: Altaria|71/100\n|\n|upkeep\n|turn|30\n|inactive|Time left: 300 sec this turn | 300 sec total\n|\n|t:|1783571912\n|move|p1a: Altaria|Roost|p1a: Altaria\n|-heal|p1a: Altaria|100/100\n|move|p2a: Umbreon|Foul Play|p1a: Altaria\n|-damage|p1a: Altaria|73/100\n|\n|upkeep\n|turn|31\n|inactive|Time left: 300 sec this turn | 300 sec total\n|\n|t:|1783571913\n|move|p1a: Altaria|Brave Bird|p2a: Umbreon\n|-damage|p2a: Umbreon|210/297\n|-damage|p1a: Altaria|63/100|[from] Recoil\n|move|p2a: Umbreon|Foul Play|p1a: Altaria\n|-damage|p1a: Altaria|33/100\n|\n|-heal|p2a: Umbreon|228/297|[from] item: Leftovers\n|upkeep\n|turn|32\n|inactive|Time left: 300 sec this turn | 300 sec total\n|\n|t:|1783571915\n|move|p1a: Altaria|Earthquake|p2a: Umbreon\n|-damage|p2a: Umbreon|177/297\n|move|p2a: Umbreon|Foul Play|p1a: Altaria\n|-damage|p1a: Altaria|4/100\n|\n|-heal|p2a: Umbreon|195/297|[from] item: Leftovers\n|upkeep\n|turn|33\n|inactive|Time left: 300 sec this turn | 300 sec total\n|\n|t:|1783571916\n|move|p1a: Altaria|Brave Bird|p2a: Umbreon\n|-damage|p2a: Umbreon|104/297\n|-damage|p1a: Altaria|0 fnt|[from] Recoil\n|faint|p1a: Altaria\n|move|p2a: Umbreon|Foul Play|p1: Altaria|[notarget]\n|-fail|p2a: Umbreon\n|\n|-heal|p2a: Umbreon|122/297|[from] item: Leftovers\n|upkeep\n|\n|t:|1783571917\n|switch|p1a: Politoed|Politoed, L88, F|9/100\n|-weather|RainDance|[from] ability: Drizzle|[of] p1a: Politoed\n|turn|34\n|inactive|Time left: 300 sec this turn | 300 sec total\n|\n|t:|1783571918\n|move|p2a: Umbreon|Protect|p2a: Umbreon\n|-singleturn|p2a: Umbreon|Protect\n|move|p1a: Politoed|Weather Ball|p2a: Umbreon\n|-activate|p2a: Umbreon|move: Protect\n|\n|-weather|RainDance|[upkeep]\n|-heal|p2a: Umbreon|140/297|[from] item: Leftovers\n|upkeep\n|turn|35\n|inactive|Time left: 300 sec this turn | 300 sec total\n|\n|t:|1783571919\n|switch|p2a: Palafin|Palafin, L77, M|281/281\n|move|p1a: Politoed|Weather Ball|p2a: Palafin\n|-resisted|p2a: Palafin\n|-damage|p2a: Palafin|96/281\n|\n|-weather|RainDance|[upkeep]\n|-heal|p2a: Palafin|113/281|[from] item: Leftovers\n|upkeep\n|turn|36\n|inactive|Time left: 300 sec this turn | 300 sec total\n|\n|t:|1783571920\n|move|p2a: Palafin|Drain Punch|p1a: Politoed\n|-damage|p1a: Politoed|0 fnt\n|-heal|p2a: Palafin|126/281|[from] drain|[of] p1a: Politoed\n|faint|p1a: Politoed\n|\n|-weather|RainDance|[upkeep]\n|-heal|p2a: Palafin|143/281|[from] item: Leftovers\n|upkeep\n|\n|t:|1783571921\n|switch|p1a: Kyurem|Kyurem, L77|65/100\n|-ability|p1a: Kyurem|Pressure\n|turn|37\n|inactive|Time left: 300 sec this turn | 300 sec total\n|\n|t:|1783571922\n|detailschange|p2a: Palafin|Palafin-Hero, L77, M\n|switch|p2a: Bronzong|Bronzong, L88|179/261\n|move|p1a: Kyurem|Freeze-Dry|p2a: Bronzong\n|-resisted|p2a: Bronzong\n|-damage|p2a: Bronzong|130/261\n|\n|-weather|RainDance|[upkeep]\n|-heal|p2a: Bronzong|146/261|[from] item: Leftovers\n|upkeep\n|turn|38\n|inactive|Time left: 300 sec this turn | 300 sec total\n|\n|t:|1783571923\n|move|p1a: Kyurem|Freeze-Dry|p2a: Bronzong\n|-resisted|p2a: Bronzong\n|-damage|p2a: Bronzong|101/261\n|move|p2a: Bronzong|Iron Head|p1a: Kyurem\n|-supereffective|p1a: Kyurem\n|-damage|p1a: Kyurem|12/100\n|\n|-weather|none\n|-heal|p2a: Bronzong|117/261|[from] item: Leftovers\n|upkeep\n|turn|39\n|inactive|Time left: 300 sec this turn | 300 sec total\n|\n|t:|1783571924\n|move|p1a: Kyurem|Freeze-Dry|p2a: Bronzong\n|-resisted|p2a: Bronzong\n|-crit|p2a: Bronzong\n|-damage|p2a: Bronzong|49/261\n|move|p2a: Bronzong|Iron Head|p1a: Kyurem\n|-supereffective|p1a: Kyurem\n|-damage|p1a: Kyurem|0 fnt\n|faint|p1a: Kyurem\n|\n|-heal|p2a: Bronzong|65/261|[from] item: Leftovers\n|upkeep\n|\n|t:|1783571925\n|switch|p1a: Golurk|Golurk, L87|74/100\n|turn|40\n|inactive|Time left: 300 sec this turn | 300 sec total\n|\n|t:|1783571925\n|move|p1a: Golurk|Poltergeist|p2a: Bronzong\n|-activate|p2a: Bronzong|move: Poltergeist|Leftovers\n|-supereffective|p2a: Bronzong\n|-damage|p2a: Bronzong|0 fnt\n|faint|p2a: Bronzong\n|\n|upkeep\n|inactive|Time left: 300 sec this turn | 300 sec total | 5 sec grace\n|\n|t:|1783571926\n|switch|p2a: Palafin|Palafin-Hero, L77, M|143/281\n|-activate|p2a: Palafin|ability: Zero to Hero\n|turn|41\n|inactive|Time left: 300 sec this turn | 300 sec total\n|\n|t:|1783571927\n|move|p2a: Palafin|Wave Crash|p1a: Golurk\n|-supereffective|p1a: Golurk\n|-damage|p1a: Golurk|0 fnt\n|faint|p1a: Golurk\n|-damage|p2a: Palafin|71/281|[from] Recoil\n|\n|-heal|p2a: Palafin|88/281|[from] item: Leftovers\n|upkeep\n|\n|t:|1783571928\n|switch|p1a: Cryogonal|Cryogonal, L89|98/100\n|turn|42\n|inactive|Time left: 300 sec this turn | 300 sec total\n|\n|t:|1783571929\n|move|p1a: Cryogonal|Freeze-Dry|p2a: Palafin\n|-supereffective|p2a: Palafin\n|-damage|p2a: Palafin|0 fnt\n|faint|p2a: Palafin\n|\n|upkeep\n|inactive|Time left: 300 sec this turn | 300 sec total | 5 sec grace\n|\n|t:|1783571930\n|switch|p2a: Fezandipiti|Fezandipiti, L82, M|134/278\n|turn|43\n|inactive|Time left: 300 sec this turn | 300 sec total\n|\n|t:|1783571931\n|move|p1a: Cryogonal|Flash Cannon|p2a: Fezandipiti\n|-supereffective|p2a: Fezandipiti\n|-damage|p2a: Fezandipiti|44/278\n|move|p2a: Fezandipiti|Gunk Shot|p1a: Cryogonal\n|-damage|p1a: Cryogonal|37/100\n|\n|-heal|p2a: Fezandipiti|61/278|[from] item: Leftovers\n|upkeep\n|turn|44\n|inactive|Time left: 300 sec this turn | 300 sec total\n|\n|t:|1783571932\n|move|p1a: Cryogonal|Flash Cannon|p2a: Fezandipiti\n|-supereffective|p2a: Fezandipiti\n|-crit|p2a: Fezandipiti\n|-damage|p2a: Fezandipiti|0 fnt\n|faint|p2a: Fezandipiti\n|\n|upkeep\n|inactive|Time left: 300 sec this turn | 300 sec total | 5 sec grace\n|\n|t:|1783571933\n|switch|p2a: Umbreon|Umbreon, L84, F|140/297\n|turn|45\n|inactive|Time left: 300 sec this turn | 300 sec total\n|\n|t:|1783571934\n|move|p1a: Cryogonal|Recover|p1a: Cryogonal\n|-heal|p1a: Cryogonal|87/100\n|move|p2a: Umbreon|Toxic|p1a: Cryogonal\n|-status|p1a: Cryogonal|tox\n|\n|-heal|p2a: Umbreon|158/297|[from] item: Leftovers\n|-damage|p1a: Cryogonal|81/100 tox|[from] psn\n|upkeep\n|turn|46\n|inactive|Time left: 300 sec this turn | 300 sec total\n|\n|t:|1783571935\n|move|p1a: Cryogonal|Recover|p1a: Cryogonal\n|-heal|p1a: Cryogonal|100/100 tox\n|move|p2a: Umbreon|Foul Play|p1a: Cryogonal\n|-damage|p1a: Cryogonal|68/100 tox\n|\n|-heal|p2a: Umbreon|176/297|[from] item: Leftovers\n|-damage|p1a: Cryogonal|56/100 tox|[from] psn\n|upkeep\n|turn|47\n|inactive|Time left: 300 sec this turn | 300 sec total\n|\n|t:|1783571936\n|move|p1a: Cryogonal|Recover|p1a: Cryogonal\n|-heal|p1a: Cryogonal|100/100 tox\n|move|p2a: Umbreon|Foul Play|p1a: Cryogonal\n|-crit|p1a: Cryogonal\n|-damage|p1a: Cryogonal|51/100 tox\n|\n|-heal|p2a: Umbreon|194/297|[from] item: Leftovers\n|-damage|p1a: Cryogonal|34/100 tox|[from] psn\n|upkeep\n|turn|48\n|inactive|Time left: 300 sec this turn | 300 sec total\n|\n|t:|1783571937\n|move|p1a: Cryogonal|Recover|p1a: Cryogonal\n|-heal|p1a: Cryogonal|84/100 tox\n|move|p2a: Umbreon|Toxic|p1a: Cryogonal\n|-fail|p1a: Cryogonal|tox\n|\n|-heal|p2a: Umbreon|212/297|[from] item: Leftovers\n|-damage|p1a: Cryogonal|60/100 tox|[from] psn\n|upkeep\n|turn|49\n|inactive|Time left: 300 sec this turn | 300 sec total\n|\n|t:|1783571937\n|move|p1a: Cryogonal|Freeze-Dry|p2a: Umbreon\n|-damage|p2a: Umbreon|149/297\n|move|p2a: Umbreon|Toxic|p1a: Cryogonal\n|-fail|p1a: Cryogonal|tox\n|\n|-heal|p2a: Umbreon|167/297|[from] item: Leftovers\n|-damage|p1a: Cryogonal|30/100 tox|[from] psn\n|upkeep\n|turn|50\n|inactive|Time left: 300 sec this turn | 300 sec total\n|\n|t:|1783571938\n|move|p1a: Cryogonal|Recover|p1a: Cryogonal\n|-heal|p1a: Cryogonal|81/100 tox\n|move|p2a: Umbreon|Foul Play|p1a: Cryogonal\n|-damage|p1a: Cryogonal|47/100 tox\n|\n|-heal|p2a: Umbreon|185/297|[from] item: Leftovers\n|-damage|p1a: Cryogonal|12/100 tox|[from] psn\n|upkeep\n|turn|51\n|inactive|Time left: 300 sec this turn | 300 sec total\n|\n|t:|1783571939\n|move|p1a: Cryogonal|Flash Cannon|p2a: Umbreon\n|-damage|p2a: Umbreon|140/297\n|move|p2a: Umbreon|Foul Play|p1a: Cryogonal\n|-damage|p1a: Cryogonal|0 fnt\n|faint|p1a: Cryogonal\n|\n|win|p0y28515fcc", "uploadtime": 1783571939, "views": 0, "rating": 0, "private": 0, "password": null, "_winner": "p0y28515fcc", "_our_name": "p0y28515fcc"}