{"id": "battle-gen9randombattle-1502", "formatid": "gen9randombattle", "format": "[Gen 9] Random Battle", "players": ["p0x15025049", "p0y15025354"], "log": "|init|battle\n|title|p0x15025049 vs. p0y15025354\n|j|\u2606p0x15025049\n|j|\u2606p0y15025354\n|t:|1783557499\n|gametype|singles\n|player|p1|p0x15025049|2|\n|player|p2|p0y15025354|102|\n|gen|9\n|tier|[Gen 9] Random Battle\n|rule|Species Clause: Limit one of each Pok\u00e9mon\n|rule|HP Percentage Mod: HP is shown in percentages\n|rule|Sleep Clause Mod: Limit one foe put to sleep\n|rule|Illusion Level Mod: Illusion disguises the Pok\u00e9mon's true level\n|\n|t:|1783557499\n|teamsize|p1|6\n|teamsize|p2|6\n|start\n|switch|p1a: Swanna|Swanna, L89, M|278/278\n|switch|p2a: Oricorio|Oricorio-Pom-Pom, L82, F|100/100\n|turn|1\n|inactive|Battle timer is ON: inactive players will automatically lose when time's up. (requested by p0y15025354)\n|inactive|Time left: 300 sec this turn | 300 sec total | 60 sec grace\n|inactive|p0x15025049 also wants the timer to be on.\n|\n|t:|1783557501\n|switch|p1a: Entei|Entei, L78|307/307\n|move|p2a: Oricorio|Revelation Dance|p1a: Entei\n|-damage|p1a: Entei|198/307\n|\n|upkeep\n|turn|2\n|inactive|Time left: 300 sec this turn | 300 sec total\n|\n|t:|1783557502\n|switch|p2a: Giratina|Giratina, L75|100/100\n|-ability|p2a: Giratina|Pressure\n|move|p1a: Entei|Sacred Fire|p2a: Giratina\n|-resisted|p2a: Giratina\n|-damage|p2a: Giratina|82/100\n|-status|p2a: Giratina|brn\n|\n|-heal|p2a: Giratina|88/100 brn|[from] item: Leftovers\n|-damage|p2a: Giratina|82/100 brn|[from] brn\n|upkeep\n|turn|3\n|inactive|Time left: 300 sec this turn | 300 sec total\n|\n|t:|1783557503\n|move|p1a: Entei|Sacred Fire|p2a: Giratina\n|-resisted|p2a: Giratina\n|-damage|p2a: Giratina|61/100 brn\n|move|p2a: Giratina|Calm Mind|p2a: Giratina\n|-boost|p2a: Giratina|spa|1\n|-boost|p2a: Giratina|spd|1\n|\n|-heal|p2a: Giratina|67/100 brn|[from] item: Leftovers\n|-damage|p2a: Giratina|61/100 brn|[from] brn\n|upkeep\n|turn|4\n|inactive|Time left: 300 sec this turn | 300 sec total\n|\n|t:|1783557504\n|move|p1a: Entei|Sacred Fire|p2a: Giratina\n|-resisted|p2a: Giratina\n|-damage|p2a: Giratina|41/100 brn\n|move|p2a: Giratina|Dragon Pulse|p1a: Entei\n|-crit|p1a: Entei\n|-damage|p1a: Entei|11/307\n|\n|-heal|p2a: Giratina|47/100 brn|[from] item: Leftovers\n|-damage|p2a: Giratina|41/100 brn|[from] brn\n|upkeep\n|turn|5\n|inactive|Time left: 300 sec this turn | 300 sec total\n|\n|t:|1783557505\n|move|p1a: Entei|Sacred Fire|p2a: Giratina\n|-resisted|p2a: Giratina\n|-damage|p2a: Giratina|21/100 brn\n|move|p2a: Giratina|Dragon Pulse|p1a: Entei\n|-damage|p1a: Entei|0 fnt\n|faint|p1a: Entei\n|\n|-heal|p2a: Giratina|27/100 brn|[from] item: Leftovers\n|-damage|p2a: Giratina|21/100 brn|[from] brn\n|upkeep\n|inactive|Time left: 300 sec this turn | 300 sec total | 5 sec grace\n|\n|t:|1783557506\n|switch|p1a: Falinks|Falinks, L84|246/246\n|turn|6\n|inactive|Time left: 300 sec this turn | 300 sec total\n|\n|t:|1783557507\n|move|p2a: Giratina|Dragon Pulse|p1a: Falinks\n|-damage|p1a: Falinks|90/246\n|move|p1a: Falinks|No Retreat|p1a: Falinks\n|-boost|p1a: Falinks|atk|1\n|-boost|p1a: Falinks|def|1\n|-boost|p1a: Falinks|spa|1\n|-boost|p1a: Falinks|spd|1\n|-boost|p1a: Falinks|spe|1\n|-start|p1a: Falinks|move: No Retreat\n|\n|-heal|p2a: Giratina|27/100 brn|[from] item: Leftovers\n|-damage|p2a: Giratina|21/100 brn|[from] brn\n|upkeep\n|turn|7\n|inactive|Time left: 300 sec this turn | 300 sec total\n|\n|t:|1783557508\n|move|p1a: Falinks|Knock Off|p2a: Giratina\n|-supereffective|p2a: Giratina\n|-damage|p2a: Giratina|0 fnt\n|-enditem|p2a: Giratina|Leftovers|[from] move: Knock Off|[of] p1a: Falinks\n|faint|p2a: Giratina\n|-damage|p1a: Falinks|66/246|[from] item: Life Orb\n|\n|upkeep\n|\n|t:|1783557509\n|switch|p2a: Swampert|Swampert, L83, F|100/100\n|turn|8\n|inactive|Time left: 300 sec this turn | 300 sec total\n|\n|t:|1783557510\n|move|p1a: Falinks|Close Combat|p2a: Swampert\n|-damage|p2a: Swampert|24/100\n|-unboost|p1a: Falinks|def|1\n|-unboost|p1a: Falinks|spd|1\n|-damage|p1a: Falinks|42/246|[from] item: Life Orb\n|move|p2a: Swampert|Earthquake|p1a: Falinks\n|-damage|p1a: Falinks|0 fnt\n|faint|p1a: Falinks\n|\n|-heal|p2a: Swampert|30/100|[from] item: Leftovers\n|upkeep\n|inactive|Time left: 300 sec this turn | 300 sec total | 5 sec grace\n|\n|t:|1783557511\n|switch|p1a: Rillaboom|Rillaboom, L79, M|288/288\n|-fieldstart|move: Grassy Terrain|[from] ability: Grassy Surge|[of] p1a: Rillaboom\n|turn|9\n|inactive|Time left: 300 sec this turn | 300 sec total\n|\n|t:|1783557512\n|switch|p2a: Qwilfish|Qwilfish-Hisui, L83, M|100/100\n|-ability|p2a: Qwilfish|Intimidate|boost\n|-unboost|p1a: Rillaboom|atk|1\n|move|p1a: Rillaboom|Swords Dance|p1a: Rillaboom\n|-boost|p1a: Rillaboom|atk|2\n|\n|upkeep\n|turn|10\n|inactive|Time left: 300 sec this turn | 300 sec total\n|\n|t:|1783557513\n|switch|p1a: Pecharunt|Pecharunt, L77|262/262\n|move|p2a: Qwilfish|Gunk Shot|p1a: Pecharunt\n|-resisted|p1a: Pecharunt\n|-damage|p1a: Pecharunt|242/262\n|\n|-heal|p1a: Pecharunt|258/262|[from] Grassy Terrain\n|-heal|p1a: Pecharunt|262/262|[from] item: Leftovers\n|upkeep\n|turn|11\n|inactive|Time left: 300 sec this turn | 300 sec total\n|\n|t:|1783557514\n|move|p2a: Qwilfish|Toxic Spikes|p1a: Pecharunt\n|-sidestart|p1: p0x15025049|move: Toxic Spikes\n|move|p1a: Pecharunt|Malignant Chain|p2a: Qwilfish\n|-resisted|p2a: Qwilfish\n|-damage|p2a: Qwilfish|85/100\n|\n|-heal|p2a: Qwilfish|91/100|[from] Grassy Terrain\n|upkeep\n|turn|12\n|inactive|Time left: 300 sec this turn | 300 sec total\n|\n|t:|1783557515\n|move|p2a: Qwilfish|Crunch|p1a: Pecharunt\n|-supereffective|p1a: Pecharunt\n|-damage|p1a: Pecharunt|148/262\n|move|p1a: Pecharunt|Shadow Ball|p2a: Qwilfish\n|-resisted|p2a: Qwilfish\n|-damage|p2a: Qwilfish|78/100\n|\n|-heal|p2a: Qwilfish|84/100|[from] Grassy Terrain\n|-heal|p1a: Pecharunt|164/262|[from] Grassy Terrain\n|-heal|p1a: Pecharunt|180/262|[from] item: Leftovers\n|upkeep\n|turn|13\n|inactive|Time left: 300 sec this turn | 300 sec total\n|\n|t:|1783557516\n|move|p2a: Qwilfish|Crunch|p1a: Pecharunt\n|-supereffective|p1a: Pecharunt\n|-damage|p1a: Pecharunt|66/262\n|move|p1a: Pecharunt|Recover|p1a: Pecharunt\n|-heal|p1a: Pecharunt|197/262\n|\n|-heal|p2a: Qwilfish|90/100|[from] Grassy Terrain\n|-heal|p1a: Pecharunt|213/262|[from] Grassy Terrain\n|-heal|p1a: Pecharunt|229/262|[from] item: Leftovers\n|-fieldend|move: Grassy Terrain\n|upkeep\n|turn|14\n|inactive|Time left: 300 sec this turn | 300 sec total\n|\n|t:|1783557518\n|move|p2a: Qwilfish|Crunch|p1a: Pecharunt\n|-supereffective|p1a: Pecharunt\n|-damage|p1a: Pecharunt|121/262\n|move|p1a: Pecharunt|Shadow Ball|p2a: Qwilfish\n|-resisted|p2a: Qwilfish\n|-damage|p2a: Qwilfish|78/100\n|\n|-heal|p1a: Pecharunt|137/262|[from] item: Leftovers\n|upkeep\n|turn|15\n|inactive|Time left: 300 sec this turn | 300 sec total\n|\n|t:|1783557519\n|move|p2a: Qwilfish|Crunch|p1a: Pecharunt\n|-supereffective|p1a: Pecharunt\n|-damage|p1a: Pecharunt|29/262\n|move|p1a: Pecharunt|Recover|p1a: Pecharunt\n|-heal|p1a: Pecharunt|160/262\n|\n|-heal|p1a: Pecharunt|176/262|[from] item: Leftovers\n|upkeep\n|turn|16\n|inactive|Time left: 300 sec this turn | 300 sec total\n|\n|t:|1783557520\n|move|p2a: Qwilfish|Crunch|p1a: Pecharunt\n|-supereffective|p1a: Pecharunt\n|-damage|p1a: Pecharunt|74/262\n|move|p1a: Pecharunt|Malignant Chain|p2a: Qwilfish\n|-resisted|p2a: Qwilfish\n|-damage|p2a: Qwilfish|62/100\n|\n|-heal|p1a: Pecharunt|90/262|[from] item: Leftovers\n|upkeep\n|turn|17\n|inactive|Time left: 300 sec this turn | 300 sec total\n|\n|t:|1783557521\n|-terastallize|p1a: Pecharunt|Dark\n|move|p2a: Qwilfish|Crunch|p1a: Pecharunt\n|-resisted|p1a: Pecharunt\n|-damage|p1a: Pecharunt|65/262\n|move|p1a: Pecharunt|Recover|p1a: Pecharunt\n|-heal|p1a: Pecharunt|196/262\n|\n|-heal|p1a: Pecharunt|212/262|[from] item: Leftovers\n|upkeep\n|turn|18\n|inactive|Time left: 300 sec this turn | 300 sec total\n|\n|t:|1783557522\n|move|p2a: Qwilfish|Gunk Shot|p1a: Pecharunt\n|-damage|p1a: Pecharunt|125/262\n|-status|p1a: Pecharunt|psn\n|move|p1a: Pecharunt|Malignant Chain|p2a: Qwilfish\n|-resisted|p2a: Qwilfish\n|-damage|p2a: Qwilfish|46/100\n|\n|-heal|p1a: Pecharunt|141/262 psn|[from] item: Leftovers\n|-damage|p1a: Pecharunt|109/262 psn|[from] psn\n|upkeep\n|turn|19\n|inactive|Time left: 300 sec this turn | 300 sec total\n|\n|t:|1783557523\n|move|p2a: Qwilfish|Gunk Shot|p1a: Pecharunt\n|-damage|p1a: Pecharunt|30/262 psn\n|move|p1a: Pecharunt|Recover|p1a: Pecharunt\n|-heal|p1a: Pecharunt|161/262 psn\n|\n|-heal|p1a: Pecharunt|177/262 psn|[from] item: Leftovers\n|-damage|p1a: Pecharunt|145/262 psn|[from] psn\n|upkeep\n|turn|20\n|inactive|Time left: 300 sec this turn | 300 sec total\n|\n|t:|1783557524\n|move|p2a: Qwilfish|Gunk Shot|p1a: Pecharunt\n|-damage|p1a: Pecharunt|55/262 psn\n|move|p1a: Pecharunt|Recover|p1a: Pecharunt\n|-heal|p1a: Pecharunt|186/262 psn\n|\n|-heal|p1a: Pecharunt|202/262 psn|[from] item: Leftovers\n|-damage|p1a: Pecharunt|170/262 psn|[from] psn\n|upkeep\n|turn|21\n|inactive|Time left: 300 sec this turn | 300 sec total\n|\n|t:|1783557525\n|move|p2a: Qwilfish|Gunk Shot|p1a: Pecharunt\n|-damage|p1a: Pecharunt|85/262 psn\n|move|p1a: Pecharunt|Recover|p1a: Pecharunt\n|-heal|p1a: Pecharunt|216/262 psn\n|\n|-heal|p1a: Pecharunt|232/262 psn|[from] item: Leftovers\n|-damage|p1a: Pecharunt|200/262 psn|[from] psn\n|upkeep\n|turn|22\n|inactive|Time left: 300 sec this turn | 300 sec total\n|\n|t:|1783557525\n|move|p2a: Qwilfish|Gunk Shot|p1a: Pecharunt\n|-damage|p1a: Pecharunt|119/262 psn\n|move|p1a: Pecharunt|Recover|p1a: Pecharunt\n|-heal|p1a: Pecharunt|250/262 psn\n|\n|-heal|p1a: Pecharunt|262/262 psn|[from] item: Leftovers\n|-damage|p1a: Pecharunt|230/262 psn|[from] psn\n|upkeep\n|turn|23\n|inactive|Time left: 300 sec this turn | 300 sec total\n|\n|t:|1783557526\n|move|p2a: Qwilfish|Spikes|p1a: Pecharunt\n|-sidestart|p1: p0x15025049|Spikes\n|move|p1a: Pecharunt|Malignant Chain|p2a: Qwilfish\n|-resisted|p2a: Qwilfish\n|-damage|p2a: Qwilfish|31/100\n|\n|-heal|p1a: Pecharunt|246/262 psn|[from] item: Leftovers\n|-damage|p1a: Pecharunt|214/262 psn|[from] psn\n|upkeep\n|turn|24\n|inactive|Time left: 300 sec this turn | 300 sec total\n|\n|t:|1783557527\n|move|p2a: Qwilfish|Gunk Shot|p1a: Pecharunt|[miss]\n|-miss|p2a: Qwilfish|p1a: Pecharunt\n|move|p1a: Pecharunt|Malignant Chain|p2a: Qwilfish\n|-resisted|p2a: Qwilfish\n|-damage|p2a: Qwilfish|16/100\n|\n|-heal|p1a: Pecharunt|230/262 psn|[from] item: Leftovers\n|-damage|p1a: Pecharunt|198/262 psn|[from] psn\n|upkeep\n|turn|25\n|inactive|Time left: 300 sec this turn | 300 sec total\n|\n|t:|1783557528\n|move|p2a: Qwilfish|Gunk Shot|p1a: Pecharunt\n|-damage|p1a: Pecharunt|113/262 psn\n|move|p1a: Pecharunt|Malignant Chain|p2a: Qwilfish\n|-resisted|p2a: Qwilfish\n|-damage|p2a: Qwilfish|0 fnt\n|faint|p2a: Qwilfish\n|\n|-heal|p1a: Pecharunt|129/262 psn|[from] item: Leftovers\n|-damage|p1a: Pecharunt|97/262 psn|[from] psn\n|upkeep\n|\n|t:|1783557529\n|switch|p2a: Oricorio|Oricorio-Pom-Pom, L82, F|100/100\n|turn|26\n|inactive|Time left: 300 sec this turn | 300 sec total\n|\n|t:|1783557530\n|move|p2a: Oricorio|Quiver Dance|p2a: Oricorio\n|-boost|p2a: Oricorio|spa|1\n|-boost|p2a: Oricorio|spd|1\n|-boost|p2a: Oricorio|spe|1\n|move|p1a: Pecharunt|Recover|p1a: Pecharunt\n|-heal|p1a: Pecharunt|228/262 psn\n|\n|-heal|p1a: Pecharunt|244/262 psn|[from] item: Leftovers\n|-damage|p1a: Pecharunt|212/262 psn|[from] psn\n|upkeep\n|turn|27\n|inactive|Time left: 300 sec this turn | 300 sec total\n|\n|t:|1783557531\n|move|p2a: Oricorio|Quiver Dance|p2a: Oricorio\n|-boost|p2a: Oricorio|spa|1\n|-boost|p2a: Oricorio|spd|1\n|-boost|p2a: Oricorio|spe|1\n|move|p1a: Pecharunt|Parting Shot|p2a: Oricorio\n|-unboost|p2a: Oricorio|atk|1\n|-unboost|p2a: Oricorio|spa|1\n|inactive|Time left: 300 sec this turn | 300 sec total | 5 sec grace\n|\n|t:|1783557532\n|switch|p1a: Swanna|Swanna, L89, M|278/278|[from] Parting Shot\n|\n|upkeep\n|turn|28\n|inactive|Time left: 300 sec this turn | 300 sec total\n|\n|t:|1783557533\n|switch|p1a: Rillaboom|Rillaboom, L79, M|288/288\n|-status|p1a: Rillaboom|psn\n|-damage|p1a: Rillaboom|252/288 psn|[from] Spikes\n|-fieldstart|move: Grassy Terrain|[from] ability: Grassy Surge|[of] p1a: Rillaboom\n|move|p2a: Oricorio|Revelation Dance|p1a: Rillaboom\n|-resisted|p1a: Rillaboom\n|-damage|p1a: Rillaboom|163/288 psn\n|\n|-heal|p1a: Rillaboom|181/288 psn|[from] Grassy Terrain\n|-damage|p1a: Rillaboom|145/288 psn|[from] psn\n|upkeep\n|turn|29\n|inactive|Time left: 300 sec this turn | 300 sec total\n|\n|t:|1783557534\n|move|p2a: Oricorio|Hurricane|p1a: Rillaboom|[miss]\n|-miss|p2a: Oricorio|p1a: Rillaboom\n|move|p1a: Rillaboom|Swords Dance|p1a: Rillaboom\n|-boost|p1a: Rillaboom|atk|2\n|-activate|p2a: Oricorio|ability: Dancer\n|move|p2a: Oricorio|Swords Dance|p2a: Oricorio|[from] ability: Dancer\n|-boost|p2a: Oricorio|atk|2\n|\n|-heal|p1a: Rillaboom|163/288 psn|[from] Grassy Terrain\n|-damage|p1a: Rillaboom|127/288 psn|[from] psn\n|upkeep\n|turn|30\n|inactive|Time left: 300 sec this turn | 300 sec total\n|\n|t:|1783557535\n|move|p2a: Oricorio|Hurricane|p1a: Rillaboom\n|-supereffective|p1a: Rillaboom\n|-damage|p1a: Rillaboom|0 fnt\n|faint|p1a: Rillaboom\n|\n|upkeep\n|inactive|Time left: 300 sec this turn | 300 sec total | 5 sec grace\n|\n|t:|1783557536\n|switch|p1a: Pecharunt|Pecharunt, L77, tera:Dark|212/262 psn\n|-damage|p1a: Pecharunt|180/262 psn|[from] Spikes\n|turn|31\n|inactive|Time left: 300 sec this turn | 300 sec total\n|\n|t:|1783557536\n|move|p2a: Oricorio|Quiver Dance|p2a: Oricorio\n|-boost|p2a: Oricorio|spa|1\n|-boost|p2a: Oricorio|spd|1\n|-boost|p2a: Oricorio|spe|1\n|move|p1a: Pecharunt|Malignant Chain|p2a: Oricorio\n|-damage|p2a: Oricorio|84/100\n|\n|-heal|p1a: Pecharunt|196/262 psn|[from] Grassy Terrain\n|-heal|p1a: Pecharunt|212/262 psn|[from] item: Leftovers\n|-damage|p1a: Pecharunt|180/262 psn|[from] psn\n|upkeep\n|turn|32\n|inactive|Time left: 300 sec this turn | 300 sec total\n|\n|t:|1783557537\n|switch|p1a: Scovillain|Scovillain, L91, F|266/266\n|-status|p1a: Scovillain|psn\n|-damage|p1a: Scovillain|233/266 psn|[from] Spikes\n|move|p2a: Oricorio|Revelation Dance|p1a: Scovillain\n|-resisted|p1a: Scovillain\n|-damage|p1a: Scovillain|122/266 psn\n|\n|-heal|p1a: Scovillain|138/266 psn|[from] Grassy Terrain\n|-damage|p1a: Scovillain|105/266 psn|[from] psn\n|-fieldend|move: Grassy Terrain\n|upkeep\n|turn|33\n|inactive|Time left: 300 sec this turn | 300 sec total\n|\n|t:|1783557538\n|move|p2a: Oricorio|Revelation Dance|p1a: Scovillain\n|-resisted|p1a: Scovillain\n|-damage|p1a: Scovillain|0 fnt\n|faint|p1a: Scovillain\n|\n|upkeep\n|inactive|Time left: 300 sec this turn | 300 sec total | 5 sec grace\n|\n|t:|1783557539\n|switch|p1a: Swanna|Swanna, L89, M|278/278\n|turn|34\n|inactive|Time left: 300 sec this turn | 300 sec total\n|\n|t:|1783557541\n|move|p2a: Oricorio|Revelation Dance|p1a: Swanna\n|-supereffective|p1a: Swanna\n|-damage|p1a: Swanna|0 fnt\n|faint|p1a: Swanna\n|\n|upkeep\n|inactive|Time left: 300 sec this turn | 300 sec total | 5 sec grace\n|\n|t:|1783557541\n|switch|p1a: Pecharunt|Pecharunt, L77, tera:Dark|180/262 psn\n|-damage|p1a: Pecharunt|148/262 psn|[from] Spikes\n|turn|35\n|inactive|Time left: 300 sec this turn | 300 sec total\n|\n|t:|1783557542\n|move|p2a: Oricorio|Revelation Dance|p1a: Pecharunt\n|-damage|p1a: Pecharunt|0 fnt\n|faint|p1a: Pecharunt\n|\n|win|p0y15025354", "uploadtime": 1783557542, "views": 0, "rating": 0, "private": 0, "password": null, "_winner": "p0y15025354", "_our_name": "p0x15025049"}