{"id": "battle-gen9randombattle-1570", "formatid": "gen9randombattle", "format": "[Gen 9] Random Battle", "players": ["p0x15707daa", "p0y1570c03d"], "log": "|init|battle\n|title|p0x15707daa vs. p0y1570c03d\n|j|\u2606p0x15707daa\n|j|\u2606p0y1570c03d\n|t:|1783558205\n|gametype|singles\n|player|p1|p0x15707daa|2|\n|player|p2|p0y1570c03d|170|\n|gen|9\n|tier|[Gen 9] Random Battle\n|rule|Species Clause: Limit one of each Pok\u00e9mon\n|rule|HP Percentage Mod: HP is shown in percentages\n|rule|Sleep Clause Mod: Limit one foe put to sleep\n|rule|Illusion Level Mod: Illusion disguises the Pok\u00e9mon's true level\n|\n|t:|1783558205\n|teamsize|p1|6\n|teamsize|p2|6\n|start\n|switch|p1a: Mamoswine|Mamoswine, L81, M|311/311\n|switch|p2a: Virizion|Virizion, L82|100/100\n|turn|1\n|inactive|Battle timer is ON: inactive players will automatically lose when time's up. (requested by p0x15707daa)\n|inactive|p0y1570c03d also wants the timer to be on.\n|\n|t:|1783558206\n|move|p2a: Virizion|Close Combat|p1a: Mamoswine\n|-supereffective|p1a: Mamoswine\n|-damage|p1a: Mamoswine|0 fnt\n|-unboost|p2a: Virizion|def|1\n|-unboost|p2a: Virizion|spd|1\n|faint|p1a: Mamoswine\n|-damage|p2a: Virizion|91/100|[from] item: Life Orb\n|\n|upkeep\n|inactive|Time left: 300 sec this turn | 300 sec total | 65 sec grace\n|\n|t:|1783558207\n|switch|p1a: Misdreavus|Misdreavus, L90, F|254/254\n|turn|2\n|inactive|Time left: 300 sec this turn | 300 sec total\n|\n|t:|1783558208\n|switch|p2a: Snorlax|Snorlax, L82, F|100/100\n|move|p1a: Misdreavus|Will-O-Wisp|p2a: Snorlax\n|-status|p2a: Snorlax|brn\n|\n|-damage|p2a: Snorlax|94/100 brn|[from] brn\n|upkeep\n|turn|3\n|inactive|Time left: 300 sec this turn | 300 sec total\n|\n|t:|1783558209\n|switch|p2a: Tinkaton|Tinkaton, L82, F|100/100\n|-ability|p2a: Tinkaton|Mold Breaker\n|move|p1a: Misdreavus|Calm Mind|p1a: Misdreavus\n|-boost|p1a: Misdreavus|spa|1\n|-boost|p1a: Misdreavus|spd|1\n|\n|upkeep\n|turn|4\n|inactive|Time left: 300 sec this turn | 300 sec total\n|\n|t:|1783558210\n|move|p1a: Misdreavus|Will-O-Wisp|p2a: Tinkaton\n|-status|p2a: Tinkaton|brn\n|move|p2a: Tinkaton|Swords Dance|p2a: Tinkaton\n|-boost|p2a: Tinkaton|atk|2\n|\n|-damage|p2a: Tinkaton|94/100 brn|[from] brn\n|upkeep\n|turn|5\n|inactive|Time left: 300 sec this turn | 300 sec total\n|\n|t:|1783558211\n|move|p1a: Misdreavus|Shadow Ball|p2a: Tinkaton\n|-damage|p2a: Tinkaton|53/100 brn\n|move|p2a: Tinkaton|Knock Off|p1a: Misdreavus\n|-supereffective|p1a: Misdreavus\n|-damage|p1a: Misdreavus|162/254\n|-enditem|p1a: Misdreavus|Eviolite|[from] move: Knock Off|[of] p2a: Tinkaton\n|\n|-heal|p2a: Tinkaton|59/100 brn|[from] item: Leftovers\n|-damage|p2a: Tinkaton|53/100 brn|[from] brn\n|upkeep\n|turn|6\n|inactive|Time left: 300 sec this turn | 300 sec total\n|\n|t:|1783558212\n|move|p1a: Misdreavus|Shadow Ball|p2a: Tinkaton\n|-damage|p2a: Tinkaton|10/100 brn\n|move|p2a: Tinkaton|Gigaton Hammer|p1a: Misdreavus\n|-damage|p1a: Misdreavus|10/254\n|\n|-heal|p2a: Tinkaton|16/100 brn|[from] item: Leftovers\n|-damage|p2a: Tinkaton|10/100 brn|[from] brn\n|upkeep\n|turn|7\n|inactive|Time left: 300 sec this turn | 300 sec total\n|\n|t:|1783558213\n|move|p1a: Misdreavus|Shadow Ball|p2a: Tinkaton\n|-damage|p2a: Tinkaton|0 fnt\n|faint|p2a: Tinkaton\n|\n|upkeep\n|\n|t:|1783558213\n|switch|p2a: Iron Boulder|Iron Boulder, L77|100/100\n|turn|8\n|inactive|Time left: 300 sec this turn | 300 sec total\n|\n|t:|1783558214\n|move|p2a: Iron Boulder|Mighty Cleave|p1a: Misdreavus\n|-damage|p1a: Misdreavus|0 fnt\n|faint|p1a: Misdreavus\n|-damage|p2a: Iron Boulder|91/100|[from] item: Life Orb\n|\n|upkeep\n|inactive|Time left: 300 sec this turn | 300 sec total | 5 sec grace\n|\n|t:|1783558215\n|switch|p1a: Tauros|Tauros-Paldea-Aqua, L81, M|254/254\n|-ability|p1a: Tauros|Intimidate|boost\n|-unboost|p2a: Iron Boulder|atk|1\n|turn|9\n|inactive|Time left: 300 sec this turn | 300 sec total\n|\n|t:|1783558216\n|-end|p2a: Iron Boulder|Quark Drive|[silent]\n|switch|p2a: Zapdos|Zapdos-Galar, L77|100/100\n|move|p1a: Tauros|Bulk Up|p1a: Tauros\n|-boost|p1a: Tauros|atk|1\n|-boost|p1a: Tauros|def|1\n|\n|upkeep\n|turn|10\n|inactive|Time left: 300 sec this turn | 300 sec total\n|\n|t:|1783558217\n|-terastallize|p1a: Tauros|Water\n|move|p1a: Tauros|Liquidation|p2a: Zapdos\n|-damage|p2a: Zapdos|11/100\n|-damage|p1a: Tauros|229/254|[from] item: Life Orb\n|move|p2a: Zapdos|Brave Bird|p1a: Tauros\n|-damage|p1a: Tauros|126/254\n|-damage|p2a: Zapdos|0 fnt|[from] Recoil\n|faint|p2a: Zapdos\n|\n|upkeep\n|\n|t:|1783558217\n|switch|p2a: Virizion|Virizion, L82|91/100\n|turn|11\n|inactive|Time left: 300 sec this turn | 300 sec total\n|\n|t:|1783558218\n|move|p2a: Virizion|Leaf Blade|p1a: Tauros\n|-supereffective|p1a: Tauros\n|-damage|p1a: Tauros|0 fnt\n|faint|p1a: Tauros\n|-damage|p2a: Virizion|81/100|[from] item: Life Orb\n|\n|upkeep\n|inactive|Time left: 300 sec this turn | 300 sec total | 5 sec grace\n|\n|t:|1783558219\n|switch|p1a: Chien-Pao|Chien-Pao, L72|234/234\n|-ability|p1a: Chien-Pao|Sword of Ruin\n|turn|12\n|inactive|Time left: 300 sec this turn | 300 sec total\n|\n|t:|1783558220\n|switch|p2a: Duraludon|Duraludon, L82, F|100/100\n|move|p1a: Chien-Pao|Icicle Crash|p2a: Duraludon\n|-damage|p2a: Duraludon|79/100\n|\n|upkeep\n|turn|13\n|inactive|Time left: 300 sec this turn | 300 sec total\n|\n|t:|1783558221\n|switch|p1a: Volcarona|Volcarona, L77, M|257/257\n|move|p2a: Duraludon|Flash Cannon|p1a: Volcarona\n|-resisted|p1a: Volcarona\n|-damage|p1a: Volcarona|210/257\n|\n|upkeep\n|turn|14\n|inactive|Time left: 300 sec this turn | 300 sec total\n|\n|t:|1783558222\n|move|p1a: Volcarona|Quiver Dance|p1a: Volcarona\n|-boost|p1a: Volcarona|spa|1\n|-boost|p1a: Volcarona|spd|1\n|-boost|p1a: Volcarona|spe|1\n|move|p2a: Duraludon|Dragon Tail|p1a: Volcarona|[miss]\n|-miss|p2a: Duraludon|p1a: Volcarona\n|\n|upkeep\n|turn|15\n|inactive|Time left: 300 sec this turn | 300 sec total\n|\n|t:|1783558223\n|move|p1a: Volcarona|Fiery Dance|p2a: Duraludon\n|-crit|p2a: Duraludon\n|-damage|p2a: Duraludon|0 fnt\n|faint|p2a: Duraludon\n|\n|upkeep\n|\n|t:|1783558224\n|switch|p2a: Iron Boulder|Iron Boulder, L77|91/100\n|turn|16\n|inactive|Time left: 300 sec this turn | 300 sec total\n|\n|t:|1783558225\n|-terastallize|p2a: Iron Boulder|Fighting\n|move|p1a: Volcarona|Giga Drain|p2a: Iron Boulder\n|-damage|p2a: Iron Boulder|59/100\n|-heal|p1a: Volcarona|252/257|[from] drain|[of] p2a: Iron Boulder\n|move|p2a: Iron Boulder|Mighty Cleave|p1a: Volcarona\n|-supereffective|p1a: Volcarona\n|-damage|p1a: Volcarona|0 fnt\n|-status|p2a: Iron Boulder|brn|[from] ability: Flame Body|[of] p1a: Volcarona\n|faint|p1a: Volcarona\n|-damage|p2a: Iron Boulder|49/100 brn|[from] item: Life Orb\n|\n|-damage|p2a: Iron Boulder|43/100 brn|[from] brn\n|upkeep\n|inactive|Time left: 300 sec this turn | 300 sec total | 5 sec grace\n|\n|t:|1783558225\n|switch|p1a: Rabsca|Rabsca, L91, M|284/284\n|turn|17\n|inactive|Time left: 300 sec this turn | 300 sec total\n|\n|t:|1783558226\n|move|p2a: Iron Boulder|Mighty Cleave|p1a: Rabsca\n|-supereffective|p1a: Rabsca\n|-damage|p1a: Rabsca|155/284\n|-damage|p2a: Iron Boulder|33/100 brn|[from] item: Life Orb\n|move|p1a: Rabsca|Earth Power|p2a: Iron Boulder\n|-damage|p2a: Iron Boulder|2/100 brn\n|\n|-damage|p2a: Iron Boulder|0 fnt|[from] brn\n|faint|p2a: Iron Boulder\n|-end|p2a: Iron Boulder|Quark Drive|[silent]\n|upkeep\n|\n|t:|1783558227\n|switch|p2a: Snorlax|Snorlax, L82, F|94/100 brn\n|turn|18\n|inactive|Time left: 300 sec this turn | 300 sec total\n|\n|t:|1783558228\n|switch|p1a: Chien-Pao|Chien-Pao, L72|234/234\n|-ability|p1a: Chien-Pao|Sword of Ruin\n|move|p2a: Snorlax|Body Slam|p1a: Chien-Pao\n|-damage|p1a: Chien-Pao|173/234\n|-status|p1a: Chien-Pao|par\n|\n|-heal|p2a: Snorlax|100/100 brn|[from] item: Leftovers\n|-damage|p2a: Snorlax|94/100 brn|[from] brn\n|upkeep\n|turn|19\n|inactive|Time left: 300 sec this turn | 300 sec total\n|\n|t:|1783558229\n|move|p1a: Chien-Pao|Icicle Crash|p2a: Snorlax\n|-damage|p2a: Snorlax|76/100 brn\n|cant|p2a: Snorlax|flinch\n|\n|-heal|p2a: Snorlax|82/100 brn|[from] item: Leftovers\n|-damage|p2a: Snorlax|76/100 brn|[from] brn\n|upkeep\n|turn|20\n|inactive|Time left: 300 sec this turn | 300 sec total\n|\n|t:|1783558230\n|move|p1a: Chien-Pao|Swords Dance|p1a: Chien-Pao\n|-boost|p1a: Chien-Pao|atk|2\n|move|p2a: Snorlax|Body Slam|p1a: Chien-Pao\n|-damage|p1a: Chien-Pao|117/234 par\n|\n|-heal|p2a: Snorlax|82/100 brn|[from] item: Leftovers\n|-damage|p2a: Snorlax|76/100 brn|[from] brn\n|upkeep\n|turn|21\n|inactive|Time left: 300 sec this turn | 300 sec total\n|\n|t:|1783558231\n|move|p1a: Chien-Pao|Icicle Crash|p2a: Snorlax|[miss]\n|-miss|p1a: Chien-Pao|p2a: Snorlax\n|move|p2a: Snorlax|Rest|p2a: Snorlax\n|-status|p2a: Snorlax|slp|[from] move: Rest\n|-heal|p2a: Snorlax|100/100 slp|[silent]\n|\n|upkeep\n|turn|22\n|inactive|Time left: 300 sec this turn | 300 sec total\n|\n|t:|1783558232\n|cant|p1a: Chien-Pao|par\n|cant|p2a: Snorlax|slp\n|move|p2a: Snorlax|Sleep Talk|p2a: Snorlax\n|move|p2a: Snorlax|Body Slam|p1a: Chien-Pao|[from] move: Sleep Talk\n|-damage|p1a: Chien-Pao|5/234 par\n|\n|upkeep\n|turn|23\n|inactive|Time left: 300 sec this turn | 300 sec total\n|\n|t:|1783558232\n|cant|p1a: Chien-Pao|par\n|cant|p2a: Snorlax|slp\n|move|p2a: Snorlax|Sleep Talk|p2a: Snorlax\n|move|p2a: Snorlax|Body Slam|p1a: Chien-Pao|[from] move: Sleep Talk\n|-damage|p1a: Chien-Pao|0 fnt\n|faint|p1a: Chien-Pao\n|\n|upkeep\n|inactive|Time left: 300 sec this turn | 300 sec total | 5 sec grace\n|\n|t:|1783558233\n|switch|p1a: Rabsca|Rabsca, L91, M|155/284\n|turn|24\n|inactive|Time left: 300 sec this turn | 300 sec total\n|\n|t:|1783558234\n|move|p1a: Rabsca|Earth Power|p2a: Snorlax\n|-damage|p2a: Snorlax|81/100 slp\n|-curestatus|p2a: Snorlax|slp|[msg]\n|move|p2a: Snorlax|Body Slam|p1a: Rabsca\n|-damage|p1a: Rabsca|67/284\n|\n|-heal|p2a: Snorlax|87/100|[from] item: Leftovers\n|upkeep\n|turn|25\n|inactive|Time left: 300 sec this turn | 300 sec total\n|\n|t:|1783558235\n|move|p1a: Rabsca|Earth Power|p2a: Snorlax\n|-damage|p2a: Snorlax|67/100\n|move|p2a: Snorlax|Body Slam|p1a: Rabsca\n|-damage|p1a: Rabsca|0 fnt\n|faint|p1a: Rabsca\n|\n|win|p0y1570c03d", "uploadtime": 1783558235, "views": 0, "rating": 0, "private": 0, "password": null, "_winner": "p0y1570c03d", "_our_name": "p0x15707daa"}