{"id": "battle-gen9randombattle-962", "formatid": "gen9randombattle", "format": "[Gen 9] Random Battle", "players": ["p0x96210d2", "p0y9629bd4"], "log": "|init|battle\n|title|p0x96210d2 vs. p0y9629bd4\n|j|\u2606p0x96210d2\n|j|\u2606p0y9629bd4\n|t:|1783551049\n|gametype|singles\n|player|p1|p0x96210d2|169|\n|player|p2|p0y9629bd4|169|\n|gen|9\n|tier|[Gen 9] Random Battle\n|rule|Species Clause: Limit one of each Pok\u00e9mon\n|rule|HP Percentage Mod: HP is shown in percentages\n|rule|Sleep Clause Mod: Limit one foe put to sleep\n|rule|Illusion Level Mod: Illusion disguises the Pok\u00e9mon's true level\n|\n|t:|1783551049\n|teamsize|p1|6\n|teamsize|p2|6\n|start\n|switch|p1a: Politoed|Politoed, L88, M|100/100\n|switch|p2a: Corviknight|Corviknight, L80, M|288/288\n|-weather|RainDance|[from] ability: Drizzle|[of] p1a: Politoed\n|-ability|p2a: Corviknight|Pressure\n|turn|1\n|inactive|Battle timer is ON: inactive players will automatically lose when time's up. (requested by p0x96210d2)\n|inactive|Time left: 300 sec this turn | 300 sec total | 60 sec grace\n|inactive|p0y9629bd4 also wants the timer to be on.\n|\n|t:|1783551051\n|switch|p2a: Araquanid|Araquanid, L82, M|246/246\n|move|p1a: Politoed|Surf|p2a: Araquanid\n|-resisted|p2a: Araquanid\n|-damage|p2a: Araquanid|193/246\n|\n|-weather|RainDance|[upkeep]\n|upkeep\n|turn|2\n|inactive|Time left: 300 sec this turn | 300 sec total\n|\n|t:|1783551052\n|move|p1a: Politoed|Hypnosis|p2a: Araquanid\n|-status|p2a: Araquanid|slp|[from] move: Hypnosis\n|cant|p2a: Araquanid|slp\n|\n|-weather|RainDance|[upkeep]\n|upkeep\n|turn|3\n|inactive|Time left: 300 sec this turn | 300 sec total\n|\n|t:|1783551054\n|move|p1a: Politoed|Surf|p2a: Araquanid\n|-resisted|p2a: Araquanid\n|-damage|p2a: Araquanid|135/246 slp\n|cant|p2a: Araquanid|slp\n|\n|-weather|RainDance|[upkeep]\n|upkeep\n|turn|4\n|inactive|Time left: 300 sec this turn | 300 sec total\n|\n|t:|1783551055\n|move|p1a: Politoed|Surf|p2a: Araquanid\n|-resisted|p2a: Araquanid\n|-damage|p2a: Araquanid|78/246 slp\n|-curestatus|p2a: Araquanid|slp|[msg]\n|move|p2a: Araquanid|Sticky Web|p1a: Politoed\n|-sidestart|p1: p0x96210d2|move: Sticky Web\n|\n|-weather|RainDance|[upkeep]\n|upkeep\n|turn|5\n|inactive|Time left: 300 sec this turn | 300 sec total\n|\n|t:|1783551056\n|move|p1a: Politoed|Surf|p2a: Araquanid\n|-resisted|p2a: Araquanid\n|-damage|p2a: Araquanid|24/246\n|move|p2a: Araquanid|Leech Life|p1a: Politoed\n|-damage|p1a: Politoed|78/100\n|-heal|p2a: Araquanid|59/246|[from] drain|[of] p1a: Politoed\n|\n|-weather|none\n|-heal|p1a: Politoed|84/100|[from] item: Leftovers\n|upkeep\n|turn|6\n|inactive|Time left: 300 sec this turn | 300 sec total\n|\n|t:|1783551057\n|move|p1a: Politoed|Hypnosis|p2a: Araquanid\n|-status|p2a: Araquanid|slp|[from] move: Hypnosis\n|cant|p2a: Araquanid|slp\n|\n|-heal|p1a: Politoed|90/100|[from] item: Leftovers\n|upkeep\n|turn|7\n|inactive|Time left: 300 sec this turn | 300 sec total\n|\n|t:|1783551058\n|move|p1a: Politoed|Surf|p2a: Araquanid\n|-resisted|p2a: Araquanid\n|-damage|p2a: Araquanid|22/246 slp\n|-curestatus|p2a: Araquanid|slp|[msg]\n|move|p2a: Araquanid|Leech Life|p1a: Politoed\n|-crit|p1a: Politoed\n|-damage|p1a: Politoed|55/100\n|-heal|p2a: Araquanid|75/246|[from] drain|[of] p1a: Politoed\n|\n|-heal|p1a: Politoed|61/100|[from] item: Leftovers\n|upkeep\n|turn|8\n|inactive|Time left: 300 sec this turn | 300 sec total\n|\n|t:|1783551059\n|move|p1a: Politoed|Hypnosis|p2a: Araquanid\n|-status|p2a: Araquanid|slp|[from] move: Hypnosis\n|cant|p2a: Araquanid|slp\n|\n|-heal|p1a: Politoed|67/100|[from] item: Leftovers\n|upkeep\n|turn|9\n|inactive|Time left: 300 sec this turn | 300 sec total\n|\n|t:|1783551060\n|move|p1a: Politoed|Surf|p2a: Araquanid\n|-resisted|p2a: Araquanid\n|-damage|p2a: Araquanid|41/246 slp\n|cant|p2a: Araquanid|slp\n|\n|-heal|p1a: Politoed|73/100|[from] item: Leftovers\n|upkeep\n|turn|10\n|inactive|Time left: 300 sec this turn | 300 sec total\n|\n|t:|1783551061\n|move|p1a: Politoed|Surf|p2a: Araquanid\n|-resisted|p2a: Araquanid\n|-damage|p2a: Araquanid|2/246 slp\n|-curestatus|p2a: Araquanid|slp|[msg]\n|move|p2a: Araquanid|Leech Life|p1a: Politoed\n|-damage|p1a: Politoed|51/100\n|-heal|p2a: Araquanid|34/246|[from] drain|[of] p1a: Politoed\n|\n|-heal|p1a: Politoed|57/100|[from] item: Leftovers\n|upkeep\n|turn|11\n|inactive|Time left: 300 sec this turn | 300 sec total\n|\n|t:|1783551063\n|switch|p2a: Pincurchin|Pincurchin, M|258/258\n|-fieldstart|move: Electric Terrain|[from] ability: Electric Surge|[of] p2a: Pincurchin\n|move|p1a: Politoed|Surf|p2a: Pincurchin\n|-damage|p2a: Pincurchin|174/258\n|\n|-heal|p1a: Politoed|63/100|[from] item: Leftovers\n|-heal|p2a: Pincurchin|190/258|[from] item: Leftovers\n|upkeep\n|turn|12\n|inactive|Time left: 300 sec this turn | 300 sec total\n|\n|t:|1783551064\n|move|p1a: Politoed|Ice Beam|p2a: Pincurchin\n|-damage|p2a: Pincurchin|128/258\n|move|p2a: Pincurchin|Thunderbolt|p1a: Politoed\n|-supereffective|p1a: Politoed\n|-damage|p1a: Politoed|0 fnt\n|faint|p1a: Politoed\n|\n|-heal|p2a: Pincurchin|144/258|[from] item: Leftovers\n|upkeep\n|\n|t:|1783551065\n|switch|p1a: Emboar|Emboar, L84, M|100/100\n|-activate|p1a: Emboar|move: Sticky Web\n|-unboost|p1a: Emboar|spe|1\n|turn|13\n|inactive|Time left: 300 sec this turn | 300 sec total\n|\n|t:|1783551066\n|move|p1a: Emboar|Flare Blitz|p2a: Pincurchin\n|-damage|p2a: Pincurchin|0 fnt\n|faint|p2a: Pincurchin\n|-damage|p1a: Emboar|86/100|[from] Recoil\n|\n|-heal|p1a: Emboar|92/100|[from] item: Leftovers\n|upkeep\n|inactive|Time left: 300 sec this turn | 300 sec total | 5 sec grace\n|\n|t:|1783551067\n|switch|p2a: Typhlosion|Typhlosion-Hisui, L83, M|257/257\n|turn|14\n|inactive|Time left: 300 sec this turn | 300 sec total\n|\n|t:|1783551068\n|move|p2a: Typhlosion|Eruption|p1a: Emboar\n|-resisted|p1a: Emboar\n|-crit|p1a: Emboar\n|-damage|p1a: Emboar|10/100\n|move|p1a: Emboar|Bulk Up|p1a: Emboar\n|-boost|p1a: Emboar|atk|1\n|-boost|p1a: Emboar|def|1\n|\n|-heal|p1a: Emboar|16/100|[from] item: Leftovers\n|upkeep\n|turn|15\n|inactive|Time left: 300 sec this turn | 300 sec total\n|\n|t:|1783551069\n|switch|p1a: Appletun|Appletun, L92, M|100/100\n|-activate|p1a: Appletun|move: Sticky Web\n|-unboost|p1a: Appletun|spe|1\n|move|p2a: Typhlosion|Eruption|p1a: Appletun\n|-damage|p1a: Appletun|64/100\n|\n|-heal|p1a: Appletun|70/100|[from] item: Leftovers\n|-fieldend|move: Electric Terrain\n|upkeep\n|turn|16\n|inactive|Time left: 300 sec this turn | 300 sec total\n|\n|t:|1783551070\n|move|p2a: Typhlosion|Eruption|p1a: Appletun\n|-damage|p1a: Appletun|32/100\n|move|p1a: Appletun|Dragon Pulse|p2a: Typhlosion\n|-damage|p2a: Typhlosion|149/257\n|\n|-heal|p1a: Appletun|38/100|[from] item: Leftovers\n|upkeep\n|turn|17\n|inactive|Time left: 300 sec this turn | 300 sec total\n|\n|t:|1783551072\n|move|p2a: Typhlosion|Eruption|p1a: Appletun\n|-damage|p1a: Appletun|16/100\n|move|p1a: Appletun|Recover|p1a: Appletun\n|-heal|p1a: Appletun|66/100\n|\n|-heal|p1a: Appletun|72/100|[from] item: Leftovers\n|upkeep\n|turn|18\n|inactive|Time left: 300 sec this turn | 300 sec total\n|\n|t:|1783551072\n|move|p2a: Typhlosion|Eruption|p1a: Appletun\n|-damage|p1a: Appletun|49/100\n|move|p1a: Appletun|Dragon Pulse|p2a: Typhlosion\n|-damage|p2a: Typhlosion|32/257\n|\n|-heal|p1a: Appletun|56/100|[from] item: Leftovers\n|upkeep\n|turn|19\n|inactive|Time left: 300 sec this turn | 300 sec total\n|\n|t:|1783551074\n|switch|p2a: Sinistcha|Sinistcha-Masterpiece, L83|254/254\n|move|p1a: Appletun|Apple Acid|p2a: Sinistcha\n|-resisted|p2a: Sinistcha\n|-damage|p2a: Sinistcha|200/254\n|-unboost|p2a: Sinistcha|spd|1\n|\n|-heal|p2a: Sinistcha|215/254|[from] item: Leftovers\n|-heal|p1a: Appletun|62/100|[from] item: Leftovers\n|upkeep\n|turn|20\n|inactive|Time left: 300 sec this turn | 300 sec total\n|\n|t:|1783551075\n|move|p2a: Sinistcha|Calm Mind|p2a: Sinistcha\n|-boost|p2a: Sinistcha|spa|1\n|-boost|p2a: Sinistcha|spd|1\n|move|p1a: Appletun|Dragon Pulse|p2a: Sinistcha\n|-damage|p2a: Sinistcha|86/254\n|\n|-heal|p2a: Sinistcha|101/254|[from] item: Leftovers\n|-heal|p1a: Appletun|68/100|[from] item: Leftovers\n|upkeep\n|turn|21\n|inactive|Time left: 300 sec this turn | 300 sec total\n|\n|t:|1783551076\n|move|p2a: Sinistcha|Strength Sap|p1a: Appletun\n|-unboost|p1a: Appletun|atk|1\n|-heal|p2a: Sinistcha|254/254\n|move|p1a: Appletun|Dragon Tail|p2a: Sinistcha\n|-damage|p2a: Sinistcha|215/254\n|drag|p2a: Corviknight|Corviknight, L80, M|288/288\n|-ability|p2a: Corviknight|Pressure\n|\n|-heal|p1a: Appletun|74/100|[from] item: Leftovers\n|upkeep\n|turn|22\n|inactive|Time left: 300 sec this turn | 300 sec total\n|\n|t:|1783551077\n|move|p2a: Corviknight|U-turn|p1a: Appletun\n|-supereffective|p1a: Appletun\n|-damage|p1a: Appletun|48/100\n|inactive|Time left: 300 sec this turn | 300 sec total | 5 sec grace\n|\n|t:|1783551078\n|switch|p2a: Sinistcha|Sinistcha-Masterpiece, L83|215/254|[from] U-turn\n|move|p1a: Appletun|Dragon Pulse|p2a: Sinistcha\n|-damage|p2a: Sinistcha|97/254\n|\n|-heal|p2a: Sinistcha|112/254|[from] item: Leftovers\n|-heal|p1a: Appletun|54/100|[from] item: Leftovers\n|upkeep\n|turn|23\n|inactive|Time left: 300 sec this turn | 300 sec total\n|\n|t:|1783551078\n|move|p2a: Sinistcha|Strength Sap|p1a: Appletun\n|-unboost|p1a: Appletun|atk|1\n|-heal|p2a: Sinistcha|251/254\n|move|p1a: Appletun|Dragon Tail|p2a: Sinistcha\n|-damage|p2a: Sinistcha|218/254\n|drag|p2a: Squawkabilly|Squawkabilly-Yellow, L89, M|291/291\n|\n|-heal|p1a: Appletun|61/100|[from] item: Leftovers\n|upkeep\n|turn|24\n|inactive|Time left: 300 sec this turn | 300 sec total\n|\n|t:|1783551079\n|switch|p1a: Emboar|Emboar, L84, M|16/100\n|-activate|p1a: Emboar|move: Sticky Web\n|-unboost|p1a: Emboar|spe|1\n|move|p2a: Squawkabilly|Double-Edge|p1a: Emboar\n|-damage|p1a: Emboar|0 fnt\n|faint|p1a: Emboar\n|-damage|p2a: Squawkabilly|274/291|[from] Recoil\n|\n|upkeep\n|\n|t:|1783551080\n|switch|p1a: Beartic|Beartic, L91, M|100/100\n|turn|25\n|inactive|Time left: 300 sec this turn | 300 sec total\n|\n|t:|1783551081\n|move|p2a: Squawkabilly|Double-Edge|p1a: Beartic|[miss]\n|-miss|p2a: Squawkabilly|p1a: Beartic\n|move|p1a: Beartic|Icicle Crash|p2a: Squawkabilly\n|-supereffective|p2a: Squawkabilly\n|-damage|p2a: Squawkabilly|0 fnt\n|faint|p2a: Squawkabilly\n|\n|upkeep\n|inactive|Time left: 300 sec this turn | 300 sec total | 5 sec grace\n|\n|t:|1783551082\n|switch|p2a: Typhlosion|Typhlosion-Hisui, L83, M|32/257\n|turn|26\n|inactive|Time left: 300 sec this turn | 300 sec total\n|\n|t:|1783551083\n|move|p1a: Beartic|Aqua Jet|p2a: Typhlosion\n|-supereffective|p2a: Typhlosion\n|-damage|p2a: Typhlosion|0 fnt\n|faint|p2a: Typhlosion\n|\n|upkeep\n|inactive|Time left: 300 sec this turn | 300 sec total | 5 sec grace\n|\n|t:|1783551084\n|switch|p2a: Sinistcha|Sinistcha-Masterpiece, L83|218/254\n|turn|27\n|inactive|Time left: 300 sec this turn | 300 sec total\n|\n|t:|1783551086\n|move|p2a: Sinistcha|Matcha Gotcha|p1a: Beartic\n|-damage|p1a: Beartic|70/100\n|-heal|p2a: Sinistcha|254/254|[from] drain|[of] p1a: Beartic\n|move|p1a: Beartic|Swords Dance|p1a: Beartic\n|-boost|p1a: Beartic|atk|2\n|\n|upkeep\n|turn|28\n|inactive|Time left: 300 sec this turn | 300 sec total\n|\n|t:|1783551087\n|move|p2a: Sinistcha|Matcha Gotcha|p1a: Beartic|[miss]\n|-miss|p2a: Sinistcha|p1a: Beartic\n|move|p1a: Beartic|Icicle Crash|p2a: Sinistcha\n|-supereffective|p2a: Sinistcha\n|-damage|p2a: Sinistcha|0 fnt\n|faint|p2a: Sinistcha\n|\n|upkeep\n|inactive|Time left: 300 sec this turn | 300 sec total | 5 sec grace\n|\n|t:|1783551088\n|switch|p2a: Corviknight|Corviknight, L80, M|288/288\n|-ability|p2a: Corviknight|Pressure\n|turn|29\n|inactive|Time left: 300 sec this turn | 300 sec total\n|\n|t:|1783551089\n|move|p2a: Corviknight|Brave Bird|p1a: Beartic\n|-damage|p1a: Beartic|33/100\n|-damage|p2a: Corviknight|249/288|[from] Recoil\n|move|p1a: Beartic|Icicle Crash|p2a: Corviknight\n|-damage|p2a: Corviknight|8/288\n|\n|upkeep\n|turn|30\n|inactive|Time left: 300 sec this turn | 300 sec total\n|\n|t:|1783551090\n|move|p1a: Beartic|Aqua Jet|p2a: Corviknight\n|-damage|p2a: Corviknight|0 fnt\n|-damage|p1a: Beartic|17/100|[from] item: Rocky Helmet|[of] p2a: Corviknight\n|faint|p2a: Corviknight\n|\n|upkeep\n|inactive|Time left: 300 sec this turn | 300 sec total | 5 sec grace\n|\n|t:|1783551091\n|switch|p2a: Araquanid|Araquanid, L82, M|34/246\n|turn|31\n|inactive|Time left: 300 sec this turn | 300 sec total\n|\n|t:|1783551092\n|-terastallize|p2a: Araquanid|Ground\n|move|p1a: Beartic|Aqua Jet|p2a: Araquanid\n|-supereffective|p2a: Araquanid\n|-damage|p2a: Araquanid|0 fnt\n|faint|p2a: Araquanid\n|\n|win|p0x96210d2", "uploadtime": 1783551092, "views": 0, "rating": 0, "private": 0, "password": null, "_winner": "p0x96210d2", "_our_name": "p0y9629bd4"}