{"id": "battle-gen9randombattle-2838", "formatid": "gen9randombattle", "format": "[Gen 9] Random Battle", "players": ["p0x2838e5fa", "p0y28384867"], "log": "|init|battle\n|title|p0x2838e5fa vs. p0y28384867\n|j|\u2606p0x2838e5fa\n|j|\u2606p0y28384867\n|t:|1783571726\n|gametype|singles\n|player|p1|p0x2838e5fa|265|\n|player|p2|p0y28384867|169|\n|gen|9\n|tier|[Gen 9] Random Battle\n|rule|Species Clause: Limit one of each Pok\u00e9mon\n|rule|HP Percentage Mod: HP is shown in percentages\n|rule|Sleep Clause Mod: Limit one foe put to sleep\n|rule|Illusion Level Mod: Illusion disguises the Pok\u00e9mon's true level\n|\n|t:|1783571726\n|teamsize|p1|6\n|teamsize|p2|6\n|start\n|switch|p1a: Ampharos|Ampharos, L88, M|302/302\n|switch|p2a: Chesnaught|Chesnaught, L84, F|100/100\n|turn|1\n|inactive|Battle timer is ON: inactive players will automatically lose when time's up. (requested by p0x2838e5fa)\n|inactive|p0y28384867 also wants the timer to be on.\n|\n|t:|1783571727\n|move|p2a: Chesnaught|Spikes|p1a: Ampharos\n|-sidestart|p1: p0x2838e5fa|Spikes\n|move|p1a: Ampharos|Dazzling Gleam|p2a: Chesnaught\n|-supereffective|p2a: Chesnaught\n|-damage|p2a: Chesnaught|49/100\n|\n|upkeep\n|turn|2\n|inactive|Time left: 300 sec this turn | 300 sec total\n|\n|t:|1783571728\n|move|p2a: Chesnaught|Synthesis|p2a: Chesnaught\n|-heal|p2a: Chesnaught|98/100\n|move|p1a: Ampharos|Dazzling Gleam|p2a: Chesnaught\n|-supereffective|p2a: Chesnaught\n|-damage|p2a: Chesnaught|45/100\n|\n|upkeep\n|turn|3\n|inactive|Time left: 300 sec this turn | 300 sec total\n|\n|t:|1783571729\n|move|p2a: Chesnaught|Synthesis|p2a: Chesnaught\n|-heal|p2a: Chesnaught|95/100\n|move|p1a: Ampharos|Dazzling Gleam|p2a: Chesnaught\n|-supereffective|p2a: Chesnaught\n|-damage|p2a: Chesnaught|39/100\n|\n|upkeep\n|turn|4\n|inactive|Time left: 300 sec this turn | 300 sec total\n|\n|t:|1783571730\n|move|p2a: Chesnaught|Synthesis|p2a: Chesnaught\n|-heal|p2a: Chesnaught|89/100\n|move|p1a: Ampharos|Dazzling Gleam|p2a: Chesnaught\n|-supereffective|p2a: Chesnaught\n|-damage|p2a: Chesnaught|29/100\n|\n|upkeep\n|turn|5\n|inactive|Time left: 300 sec this turn | 300 sec total\n|\n|t:|1783571731\n|move|p2a: Chesnaught|Synthesis|p2a: Chesnaught\n|-heal|p2a: Chesnaught|79/100\n|move|p1a: Ampharos|Dazzling Gleam|p2a: Chesnaught\n|-supereffective|p2a: Chesnaught\n|-damage|p2a: Chesnaught|23/100\n|\n|upkeep\n|turn|6\n|inactive|Time left: 300 sec this turn | 300 sec total\n|\n|t:|1783571732\n|move|p2a: Chesnaught|Synthesis|p2a: Chesnaught\n|-heal|p2a: Chesnaught|73/100\n|move|p1a: Ampharos|Dazzling Gleam|p2a: Chesnaught\n|-supereffective|p2a: Chesnaught\n|-damage|p2a: Chesnaught|15/100\n|\n|upkeep\n|turn|7\n|inactive|Time left: 300 sec this turn | 300 sec total\n|\n|t:|1783571733\n|move|p2a: Chesnaught|Synthesis|p2a: Chesnaught\n|-heal|p2a: Chesnaught|65/100\n|move|p1a: Ampharos|Dazzling Gleam|p2a: Chesnaught\n|-supereffective|p2a: Chesnaught\n|-damage|p2a: Chesnaught|6/100\n|\n|upkeep\n|turn|8\n|inactive|Time left: 300 sec this turn | 300 sec total\n|\n|t:|1783571734\n|move|p2a: Chesnaught|Spikes|p1a: Ampharos\n|-sidestart|p1: p0x2838e5fa|Spikes\n|move|p1a: Ampharos|Dazzling Gleam|p2a: Chesnaught\n|-supereffective|p2a: Chesnaught\n|-damage|p2a: Chesnaught|0 fnt\n|faint|p2a: Chesnaught\n|\n|upkeep\n|\n|t:|1783571735\n|switch|p2a: Scrafty|Scrafty, L83, F|100/100\n|-ability|p2a: Scrafty|Intimidate|boost\n|-unboost|p1a: Ampharos|atk|1\n|turn|9\n|inactive|Time left: 300 sec this turn | 300 sec total\n|\n|t:|1783571736\n|-terastallize|p2a: Scrafty|Poison\n|move|p1a: Ampharos|Dazzling Gleam|p2a: Scrafty\n|-resisted|p2a: Scrafty\n|-damage|p2a: Scrafty|88/100\n|move|p2a: Scrafty|Dragon Dance|p2a: Scrafty\n|-boost|p2a: Scrafty|atk|1\n|-boost|p2a: Scrafty|spe|1\n|\n|-heal|p2a: Scrafty|94/100|[from] item: Leftovers\n|upkeep\n|turn|10\n|inactive|Time left: 300 sec this turn | 300 sec total\n|\n|t:|1783571737\n|move|p2a: Scrafty|Knock Off|p1a: Ampharos\n|-damage|p1a: Ampharos|155/302\n|-enditem|p1a: Ampharos|Assault Vest|[from] move: Knock Off|[of] p2a: Scrafty\n|move|p1a: Ampharos|Discharge|p2a: Scrafty\n|-damage|p2a: Scrafty|56/100\n|\n|-heal|p2a: Scrafty|62/100|[from] item: Leftovers\n|upkeep\n|turn|11\n|inactive|Time left: 300 sec this turn | 300 sec total\n|\n|t:|1783571738\n|move|p2a: Scrafty|Drain Punch|p1a: Ampharos\n|-damage|p1a: Ampharos|50/302\n|-heal|p2a: Scrafty|84/100|[from] drain|[of] p1a: Ampharos\n|move|p1a: Ampharos|Dragon Tail|p2a: Scrafty\n|-damage|p2a: Scrafty|75/100\n|drag|p2a: Volbeat|Volbeat, L90, M|100/100\n|\n|upkeep\n|turn|12\n|inactive|Time left: 300 sec this turn | 300 sec total\n|\n|t:|1783571739\n|move|p2a: Volbeat|U-turn|p1a: Ampharos\n|-damage|p1a: Ampharos|0 fnt\n|faint|p1a: Ampharos\n|\n|t:|1783571740\n|switch|p2a: Scrafty|Scrafty, L83, F, tera:Poison|75/100|[from] U-turn\n|\n|-heal|p2a: Scrafty|82/100|[from] item: Leftovers\n|upkeep\n|inactive|Time left: 300 sec this turn | 300 sec total | 10 sec grace\n|\n|t:|1783571741\n|switch|p1a: Farigiraf|Farigiraf, L90, F|362/362\n|-damage|p1a: Farigiraf|302/362|[from] Spikes\n|turn|13\n|inactive|Time left: 300 sec this turn | 300 sec total\n|\n|t:|1783571742\n|move|p1a: Farigiraf|Psychic Noise|p2a: Scrafty\n|-supereffective|p2a: Scrafty\n|-damage|p2a: Scrafty|13/100\n|-start|p2a: Scrafty|move: Heal Block\n|move|p2a: Scrafty|Knock Off|p1a: Farigiraf\n|-supereffective|p1a: Farigiraf\n|-damage|p1a: Farigiraf|78/362\n|-enditem|p1a: Farigiraf|Leftovers|[from] move: Knock Off|[of] p2a: Scrafty\n|\n|upkeep\n|turn|14\n|inactive|Time left: 300 sec this turn | 300 sec total\n|\n|t:|1783571743\n|switch|p2a: Girafarig|Girafarig, L89, F|100/100\n|move|p1a: Farigiraf|Psychic Noise|p2a: Girafarig\n|-resisted|p2a: Girafarig\n|-damage|p2a: Girafarig|85/100\n|-start|p2a: Girafarig|move: Heal Block\n|\n|upkeep\n|turn|15\n|inactive|Time left: 300 sec this turn | 300 sec total\n|\n|t:|1783571744\n|move|p2a: Girafarig|Hyper Voice|p1a: Farigiraf\n|-damage|p1a: Farigiraf|0 fnt\n|faint|p1a: Farigiraf\n|\n|-end|p2a: Girafarig|move: Heal Block\n|upkeep\n|inactive|Time left: 300 sec this turn | 300 sec total | 5 sec grace\n|\n|t:|1783571745\n|switch|p1a: Moltres|Moltres-Galar, L79|271/271\n|turn|16\n|inactive|Time left: 300 sec this turn | 300 sec total\n|\n|t:|1783571745\n|move|p2a: Girafarig|Nasty Plot|p2a: Girafarig\n|-boost|p2a: Girafarig|spa|2\n|move|p1a: Moltres|Fiery Wrath|p2a: Girafarig\n|-supereffective|p2a: Girafarig\n|-damage|p2a: Girafarig|31/100\n|\n|upkeep\n|turn|17\n|inactive|Time left: 300 sec this turn | 300 sec total\n|\n|t:|1783571746\n|move|p2a: Girafarig|Thunderbolt|p1a: Moltres\n|-supereffective|p1a: Moltres\n|-crit|p1a: Moltres\n|-damage|p1a: Moltres|0 fnt\n|faint|p1a: Moltres\n|\n|upkeep\n|inactive|Time left: 300 sec this turn | 300 sec total | 5 sec grace\n|\n|t:|1783571747\n|switch|p1a: Electrode|Electrode, L92|260/260\n|turn|18\n|inactive|Time left: 300 sec this turn | 300 sec total\n|\n|t:|1783571748\n|move|p1a: Electrode|Foul Play|p2a: Girafarig\n|-supereffective|p2a: Girafarig\n|-damage|p2a: Girafarig|0 fnt\n|faint|p2a: Girafarig\n|\n|upkeep\n|\n|t:|1783571749\n|switch|p2a: Suicune|Suicune, L82|100/100\n|-ability|p2a: Suicune|Pressure\n|turn|19\n|inactive|Time left: 300 sec this turn | 300 sec total\n|\n|t:|1783571750\n|move|p1a: Electrode|Thunderbolt|p2a: Suicune\n|-supereffective|p2a: Suicune\n|-damage|p2a: Suicune|44/100\n|move|p2a: Suicune|Calm Mind|p2a: Suicune\n|-boost|p2a: Suicune|spa|1\n|-boost|p2a: Suicune|spd|1\n|\n|-heal|p2a: Suicune|50/100|[from] item: Leftovers\n|upkeep\n|turn|20\n|inactive|Time left: 300 sec this turn | 300 sec total\n|\n|t:|1783571751\n|move|p1a: Electrode|Thunderbolt|p2a: Suicune\n|-supereffective|p2a: Suicune\n|-damage|p2a: Suicune|10/100\n|move|p2a: Suicune|Scald|p1a: Electrode\n|-damage|p1a: Electrode|152/260\n|\n|-heal|p2a: Suicune|16/100|[from] item: Leftovers\n|upkeep\n|turn|21\n|inactive|Time left: 300 sec this turn | 300 sec total\n|\n|t:|1783571752\n|switch|p2a: Scrafty|Scrafty, L83, F, tera:Poison|13/100\n|-ability|p2a: Scrafty|Intimidate|boost\n|-unboost|p1a: Electrode|atk|1\n|move|p1a: Electrode|Thunderbolt|p2a: Scrafty\n|-damage|p2a: Scrafty|0 fnt\n|faint|p2a: Scrafty\n|\n|upkeep\n|\n|t:|1783571753\n|switch|p2a: Volbeat|Volbeat, L90, M|100/100\n|turn|22\n|inactive|Time left: 300 sec this turn | 300 sec total\n|\n|t:|1783571754\n|move|p1a: Electrode|Thunderbolt|p2a: Volbeat\n|-damage|p2a: Volbeat|63/100\n|move|p2a: Volbeat|U-turn|p1a: Electrode\n|-damage|p1a: Electrode|70/260\n|-status|p2a: Volbeat|par|[from] ability: Static|[of] p1a: Electrode\n|\n|t:|1783571756\n|switch|p2a: Suicune|Suicune, L82|16/100|[from] U-turn\n|-ability|p2a: Suicune|Pressure\n|\n|-heal|p2a: Suicune|22/100|[from] item: Leftovers\n|upkeep\n|turn|23\n|inactive|Time left: 300 sec this turn | 300 sec total\n|\n|t:|1783571757\n|switch|p2a: Volbeat|Volbeat, L90, M|63/100 par\n|move|p1a: Electrode|Volt Switch|p2a: Volbeat\n|-damage|p2a: Volbeat|34/100 par\n|inactive|Time left: 300 sec this turn | 300 sec total | 5 sec grace\n|\n|t:|1783571758\n|switch|p1a: Zangoose|Zangoose, L85, F|263/263|[from] Volt Switch\n|-damage|p1a: Zangoose|220/263|[from] Spikes\n|\n|-status|p1a: Zangoose|tox|[from] item: Toxic Orb\n|upkeep\n|turn|24\n|inactive|Time left: 300 sec this turn | 300 sec total\n|\n|t:|1783571759\n|move|p2a: Volbeat|Roost|p2a: Volbeat\n|-heal|p2a: Volbeat|85/100 par\n|-singleturn|p2a: Volbeat|move: Roost\n|move|p1a: Zangoose|Facade|p2a: Volbeat\n|-damage|p2a: Volbeat|0 fnt\n|faint|p2a: Volbeat\n|\n|-damage|p1a: Zangoose|204/263 tox|[from] psn\n|upkeep\n|\n|t:|1783571760\n|switch|p2a: Suicune|Suicune, L82|22/100\n|-ability|p2a: Suicune|Pressure\n|turn|25\n|inactive|Time left: 300 sec this turn | 300 sec total\n|\n|t:|1783571761\n|-terastallize|p1a: Zangoose|Normal\n|move|p1a: Zangoose|Facade|p2a: Suicune\n|-damage|p2a: Suicune|0 fnt\n|faint|p2a: Suicune\n|\n|-damage|p1a: Zangoose|172/263 tox|[from] psn\n|upkeep\n|\n|t:|1783571761\n|switch|p2a: Pelipper|Pelipper, L86, M|100/100\n|-weather|RainDance|[from] ability: Drizzle|[of] p2a: Pelipper\n|turn|26\n|inactive|Time left: 300 sec this turn | 300 sec total\n|\n|t:|1783571762\n|move|p1a: Zangoose|Facade|p2a: Pelipper\n|-damage|p2a: Pelipper|0 fnt\n|faint|p2a: Pelipper\n|\n|win|p0x2838e5fa", "uploadtime": 1783571762, "views": 0, "rating": 0, "private": 0, "password": null, "_winner": "p0x2838e5fa", "_our_name": "p0x2838e5fa"}