{"id": "battle-gen9randombattle-1360", "formatid": "gen9randombattle", "format": "[Gen 9] Random Battle", "players": ["p0x136035d8", "p0y13606317"], "log": "|init|battle\n|title|p0x136035d8 vs. p0y13606317\n|j|\u2606p0x136035d8\n|j|\u2606p0y13606317\n|t:|1783555793\n|gametype|singles\n|player|p1|p0x136035d8|169|\n|player|p2|p0y13606317|265|\n|gen|9\n|tier|[Gen 9] Random Battle\n|rule|Species Clause: Limit one of each Pok\u00e9mon\n|rule|HP Percentage Mod: HP is shown in percentages\n|rule|Sleep Clause Mod: Limit one foe put to sleep\n|rule|Illusion Level Mod: Illusion disguises the Pok\u00e9mon's true level\n|\n|t:|1783555793\n|teamsize|p1|6\n|teamsize|p2|6\n|start\n|switch|p1a: Dugtrio|Dugtrio-Alola, L84, F|196/196\n|switch|p2a: Ambipom|Ambipom, L84, F|100/100\n|turn|1\n|inactive|Battle timer is ON: inactive players will automatically lose when time's up. (requested by p0y13606317)\n|inactive|Time left: 300 sec this turn | 300 sec total | 60 sec grace\n|inactive|p0x136035d8 also wants the timer to be on.\n|\n|t:|1783555795\n|move|p2a: Ambipom|Triple Axel|p1a: Dugtrio\n|-damage|p1a: Dugtrio|154/196\n|-ability|p1a: Dugtrio|Tangling Hair\n|-unboost|p2a: Ambipom|spe|1\n|-damage|p1a: Dugtrio|74/196\n|-ability|p1a: Dugtrio|Tangling Hair\n|-unboost|p2a: Ambipom|spe|1\n|-damage|p1a: Dugtrio|0 fnt\n|-ability|p1a: Dugtrio|Tangling Hair\n|-unboost|p2a: Ambipom|spe|1\n|faint|p1a: Dugtrio\n|-hitcount|p1: Dugtrio|3\n|\n|upkeep\n|inactive|Time left: 300 sec this turn | 300 sec total | 65 sec grace\n|\n|t:|1783555796\n|switch|p1a: Malamar|Malamar, L82, M|275/275\n|turn|2\n|inactive|Time left: 300 sec this turn | 300 sec total\n|\n|t:|1783555797\n|switch|p2a: Rhyperior|Rhyperior, L82, F|100/100\n|move|p1a: Malamar|Superpower|p2a: Rhyperior\n|-supereffective|p2a: Rhyperior\n|-damage|p2a: Rhyperior|75/100\n|-boost|p1a: Malamar|atk|1\n|-boost|p1a: Malamar|def|1\n|-enditem|p2a: Rhyperior|Weakness Policy\n|-boost|p2a: Rhyperior|atk|2|[from] item: Weakness Policy\n|-boost|p2a: Rhyperior|spa|2|[from] item: Weakness Policy\n|\n|upkeep\n|turn|3\n|inactive|Time left: 300 sec this turn | 300 sec total\n|\n|t:|1783555799\n|move|p1a: Malamar|Superpower|p2a: Rhyperior\n|-supereffective|p2a: Rhyperior\n|-damage|p2a: Rhyperior|36/100\n|-boost|p1a: Malamar|atk|1\n|-boost|p1a: Malamar|def|1\n|move|p2a: Rhyperior|Megahorn|p1a: Malamar\n|-supereffective|p1a: Malamar\n|-crit|p1a: Malamar\n|-damage|p1a: Malamar|0 fnt\n|faint|p1a: Malamar\n|\n|upkeep\n|inactive|Time left: 300 sec this turn | 300 sec total | 5 sec grace\n|\n|t:|1783555800\n|switch|p1a: Alcremie|Alcremie-Matcha-Cream, L90, F|263/263\n|turn|4\n|inactive|Time left: 300 sec this turn | 300 sec total\n|\n|t:|1783555801\n|move|p1a: Alcremie|Alluring Voice|p2a: Rhyperior\n|-damage|p2a: Rhyperior|0 fnt\n|faint|p2a: Rhyperior\n|\n|upkeep\n|\n|t:|1783555802\n|switch|p2a: Ambipom|Ambipom, L84, F|100/100\n|turn|5\n|inactive|Time left: 300 sec this turn | 300 sec total\n|\n|t:|1783555803\n|switch|p1a: Lapras|Lapras, L87, M|367/367\n|-terastallize|p2a: Ambipom|Ice\n|move|p2a: Ambipom|Triple Axel|p1a: Lapras\n|-resisted|p1a: Lapras\n|-damage|p1a: Lapras|355/367\n|-resisted|p1a: Lapras\n|-damage|p1a: Lapras|329/367\n|-resisted|p1a: Lapras\n|-damage|p1a: Lapras|294/367\n|-hitcount|p1a: Lapras|3\n|\n|upkeep\n|turn|6\n|inactive|Time left: 300 sec this turn | 300 sec total\n|\n|t:|1783555803\n|move|p2a: Ambipom|Triple Axel|p1a: Lapras\n|-resisted|p1a: Lapras\n|-damage|p1a: Lapras|282/367\n|-resisted|p1a: Lapras\n|-damage|p1a: Lapras|259/367\n|-resisted|p1a: Lapras\n|-damage|p1a: Lapras|225/367\n|-hitcount|p1a: Lapras|3\n|move|p1a: Lapras|Dragon Dance|p1a: Lapras\n|-boost|p1a: Lapras|atk|1\n|-boost|p1a: Lapras|spe|1\n|\n|upkeep\n|turn|7\n|inactive|Time left: 300 sec this turn | 300 sec total\n|\n|t:|1783555804\n|move|p2a: Ambipom|Triple Axel|p1a: Lapras|[miss]\n|-miss|p2a: Ambipom|p1a: Lapras\n|move|p1a: Lapras|Dragon Dance|p1a: Lapras\n|-boost|p1a: Lapras|atk|1\n|-boost|p1a: Lapras|spe|1\n|\n|upkeep\n|turn|8\n|inactive|Time left: 300 sec this turn | 300 sec total\n|\n|t:|1783555805\n|move|p1a: Lapras|Icicle Spear|p2a: Ambipom\n|-resisted|p2a: Ambipom\n|-damage|p2a: Ambipom|89/100\n|-resisted|p2a: Ambipom\n|-damage|p2a: Ambipom|77/100\n|-resisted|p2a: Ambipom\n|-damage|p2a: Ambipom|64/100\n|-resisted|p2a: Ambipom\n|-damage|p2a: Ambipom|52/100\n|-hitcount|p2a: Ambipom|4\n|move|p2a: Ambipom|Triple Axel|p1a: Lapras\n|-resisted|p1a: Lapras\n|-damage|p1a: Lapras|212/367\n|-resisted|p1a: Lapras\n|-damage|p1a: Lapras|185/367\n|-hitcount|p1a: Lapras|2\n|\n|upkeep\n|turn|9\n|inactive|Time left: 300 sec this turn | 300 sec total\n|\n|t:|1783555806\n|move|p1a: Lapras|Icicle Spear|p2a: Ambipom\n|-resisted|p2a: Ambipom\n|-damage|p2a: Ambipom|40/100\n|-resisted|p2a: Ambipom\n|-damage|p2a: Ambipom|27/100\n|-resisted|p2a: Ambipom\n|-damage|p2a: Ambipom|15/100\n|-resisted|p2a: Ambipom\n|-damage|p2a: Ambipom|4/100\n|-resisted|p2a: Ambipom\n|-damage|p2a: Ambipom|0 fnt\n|faint|p2a: Ambipom\n|-hitcount|p2: Ambipom|5\n|\n|upkeep\n|\n|t:|1783555807\n|switch|p2a: Slither Wing|Slither Wing, L81|100/100\n|turn|10\n|inactive|Time left: 300 sec this turn | 300 sec total\n|\n|t:|1783555808\n|-terastallize|p1a: Lapras|Ground\n|move|p1a: Lapras|Icicle Spear|p2a: Slither Wing\n|-damage|p2a: Slither Wing|78/100\n|-damage|p2a: Slither Wing|56/100\n|-damage|p2a: Slither Wing|35/100\n|-damage|p2a: Slither Wing|12/100\n|-damage|p2a: Slither Wing|0 fnt\n|faint|p2a: Slither Wing\n|-end|p2a: Slither Wing|Protosynthesis|[silent]\n|-hitcount|p2: Slither Wing|5\n|\n|upkeep\n|\n|t:|1783555809\n|switch|p2a: Iron Treads|Iron Treads, L77|100/100\n|turn|11\n|inactive|Time left: 300 sec this turn | 300 sec total\n|\n|t:|1783555811\n|move|p1a: Lapras|Earthquake|p2a: Iron Treads\n|-supereffective|p2a: Iron Treads\n|-damage|p2a: Iron Treads|0 fnt\n|faint|p2a: Iron Treads\n|-end|p2a: Iron Treads|Quark Drive|[silent]\n|\n|upkeep\n|\n|t:|1783555812\n|switch|p2a: Giratina|Giratina-Origin, L72|100/100\n|turn|12\n|inactive|Time left: 300 sec this turn | 300 sec total\n|\n|t:|1783555813\n|switch|p2a: Latias|Latias, L79, F|100/100\n|move|p1a: Lapras|Icicle Spear|p2a: Latias\n|-supereffective|p2a: Latias\n|-damage|p2a: Latias|56/100\n|-supereffective|p2a: Latias\n|-damage|p2a: Latias|18/100\n|-supereffective|p2a: Latias\n|-damage|p2a: Latias|0 fnt\n|faint|p2a: Latias\n|-hitcount|p2: Latias|3\n|\n|upkeep\n|\n|t:|1783555814\n|switch|p2a: Giratina|Giratina-Origin, L72|100/100\n|turn|13\n|inactive|Time left: 300 sec this turn | 300 sec total\n|\n|t:|1783555815\n|move|p1a: Lapras|Icicle Spear|p2a: Giratina\n|-supereffective|p2a: Giratina\n|-crit|p2a: Giratina\n|-damage|p2a: Giratina|49/100\n|-supereffective|p2a: Giratina\n|-damage|p2a: Giratina|16/100\n|-supereffective|p2a: Giratina\n|-damage|p2a: Giratina|0 fnt\n|faint|p2a: Giratina\n|-hitcount|p2: Giratina|3\n|\n|win|p0x136035d8", "uploadtime": 1783555815, "views": 0, "rating": 0, "private": 0, "password": null, "_winner": "p0x136035d8", "_our_name": "p0x136035d8"}