{"id": "battle-gen9randombattle-1527", "formatid": "gen9randombattle", "format": "[Gen 9] Random Battle", "players": ["p0x1527c844", "p0y1527cede"], "log": "|init|battle\n|title|p0x1527c844 vs. p0y1527cede\n|j|\u2606p0x1527c844\n|j|\u2606p0y1527cede\n|t:|1783556842\n|gametype|singles\n|player|p1|p0x1527c844|169|\n|player|p2|p0y1527cede|2|\n|gen|9\n|tier|[Gen 9] Random Battle\n|rule|Species Clause: Limit one of each Pok\u00e9mon\n|rule|HP Percentage Mod: HP is shown in percentages\n|rule|Sleep Clause Mod: Limit one foe put to sleep\n|rule|Illusion Level Mod: Illusion disguises the Pok\u00e9mon's true level\n|\n|t:|1783556842\n|teamsize|p1|6\n|teamsize|p2|6\n|start\n|switch|p1a: Appletun|Appletun, L92, M|100/100\n|switch|p2a: Persian|Persian-Alola, L86, M|252/252\n|turn|1\n|inactive|Battle timer is ON: inactive players will automatically lose when time's up. (requested by p0y1527cede)\n|inactive|p0x1527c844 also wants the timer to be on.\n|\n|t:|1783556844\n|move|p2a: Persian|Hypnosis|p1a: Appletun\n|-status|p1a: Appletun|slp|[from] move: Hypnosis\n|cant|p1a: Appletun|slp\n|\n|upkeep\n|turn|2\n|inactive|Time left: 300 sec this turn | 300 sec total | 60 sec grace\n|\n|t:|1783556845\n|move|p2a: Persian|Nasty Plot|p2a: Persian\n|-boost|p2a: Persian|spa|2\n|-curestatus|p1a: Appletun|slp|[msg]\n|move|p1a: Appletun|Dragon Pulse|p2a: Persian\n|-damage|p2a: Persian|119/252\n|\n|-heal|p2a: Persian|134/252|[from] item: Leftovers\n|upkeep\n|turn|3\n|inactive|Time left: 300 sec this turn | 300 sec total\n|\n|t:|1783556846\n|move|p2a: Persian|Hypnosis|p1a: Appletun\n|-status|p1a: Appletun|slp|[from] move: Hypnosis\n|cant|p1a: Appletun|slp\n|\n|-heal|p2a: Persian|149/252|[from] item: Leftovers\n|upkeep\n|turn|4\n|inactive|Time left: 300 sec this turn | 300 sec total\n|\n|t:|1783556847\n|move|p2a: Persian|Dark Pulse|p1a: Appletun\n|-damage|p1a: Appletun|57/100 slp\n|cant|p1a: Appletun|slp\n|\n|-heal|p2a: Persian|164/252|[from] item: Leftovers\n|-heal|p1a: Appletun|63/100 slp|[from] item: Leftovers\n|upkeep\n|turn|5\n|inactive|Time left: 300 sec this turn | 300 sec total\n|\n|t:|1783556848\n|move|p2a: Persian|Dark Pulse|p1a: Appletun\n|-damage|p1a: Appletun|22/100 slp\n|cant|p1a: Appletun|slp\n|\n|-heal|p2a: Persian|179/252|[from] item: Leftovers\n|-heal|p1a: Appletun|29/100 slp|[from] item: Leftovers\n|upkeep\n|turn|6\n|inactive|Time left: 300 sec this turn | 300 sec total\n|\n|t:|1783556849\n|move|p2a: Persian|Dark Pulse|p1a: Appletun\n|-damage|p1a: Appletun|0 fnt\n|faint|p1a: Appletun\n|\n|-heal|p2a: Persian|194/252|[from] item: Leftovers\n|upkeep\n|\n|t:|1783556850\n|switch|p1a: Iron Bundle|Iron Bundle, L78|100/100\n|turn|7\n|inactive|Time left: 300 sec this turn | 300 sec total\n|\n|t:|1783556852\n|move|p1a: Iron Bundle|Hydro Pump|p2a: Persian\n|-damage|p2a: Persian|0 fnt\n|faint|p2a: Persian\n|\n|upkeep\n|inactive|Time left: 300 sec this turn | 300 sec total | 5 sec grace\n|\n|t:|1783556853\n|switch|p2a: Bellossom|Bellossom, L84, F|263/263\n|turn|8\n|inactive|Time left: 300 sec this turn | 300 sec total\n|\n|t:|1783556854\n|-end|p1a: Iron Bundle|Quark Drive|[silent]\n|switch|p1a: Decidueye|Decidueye, L88, F|100/100\n|move|p2a: Bellossom|Quiver Dance|p2a: Bellossom\n|-boost|p2a: Bellossom|spa|1\n|-boost|p2a: Bellossom|spd|1\n|-boost|p2a: Bellossom|spe|1\n|\n|upkeep\n|turn|9\n|inactive|Time left: 300 sec this turn | 300 sec total\n|\n|t:|1783556856\n|move|p2a: Bellossom|Quiver Dance|p2a: Bellossom\n|-boost|p2a: Bellossom|spa|1\n|-boost|p2a: Bellossom|spd|1\n|-boost|p2a: Bellossom|spe|1\n|move|p1a: Decidueye|Swords Dance|p1a: Decidueye\n|-boost|p1a: Decidueye|atk|2\n|\n|upkeep\n|turn|10\n|inactive|Time left: 300 sec this turn | 300 sec total\n|\n|t:|1783556857\n|move|p2a: Bellossom|Strength Sap|p1a: Decidueye\n|-unboost|p1a: Decidueye|atk|1\n|move|p1a: Decidueye|Poltergeist|p2a: Bellossom\n|-activate|p2a: Bellossom|move: Poltergeist|Leftovers\n|-damage|p2a: Bellossom|6/263\n|-damage|p1a: Decidueye|91/100|[from] item: Life Orb\n|\n|-heal|p2a: Bellossom|22/263|[from] item: Leftovers\n|upkeep\n|turn|11\n|inactive|Time left: 300 sec this turn | 300 sec total\n|\n|t:|1783556858\n|move|p1a: Decidueye|Shadow Sneak|p2a: Bellossom\n|-crit|p2a: Bellossom\n|-damage|p2a: Bellossom|0 fnt\n|faint|p2a: Bellossom\n|-damage|p1a: Decidueye|81/100|[from] item: Life Orb\n|\n|upkeep\n|inactive|Time left: 300 sec this turn | 300 sec total | 5 sec grace\n|\n|t:|1783556859\n|switch|p2a: Wo-Chien|Wo-Chien, L83|277/277\n|-ability|p2a: Wo-Chien|Tablets of Ruin\n|turn|12\n|inactive|Time left: 300 sec this turn | 300 sec total\n|\n|t:|1783556860\n|move|p1a: Decidueye|Swords Dance|p1a: Decidueye\n|-boost|p1a: Decidueye|atk|2\n|move|p2a: Wo-Chien|Knock Off|p1a: Decidueye\n|-supereffective|p1a: Decidueye\n|-damage|p1a: Decidueye|4/100\n|-enditem|p1a: Decidueye|Life Orb|[from] move: Knock Off|[of] p2a: Wo-Chien\n|\n|upkeep\n|turn|13\n|inactive|Time left: 300 sec this turn | 300 sec total\n|\n|t:|1783556861\n|move|p1a: Decidueye|Leaf Blade|p2a: Wo-Chien\n|-resisted|p2a: Wo-Chien\n|-damage|p2a: Wo-Chien|137/277\n|move|p2a: Wo-Chien|Giga Drain|p1a: Decidueye\n|-resisted|p1a: Decidueye\n|-damage|p1a: Decidueye|0 fnt\n|-heal|p2a: Wo-Chien|142/277|[from] drain|[of] p1a: Decidueye\n|faint|p1a: Decidueye\n|\n|-heal|p2a: Wo-Chien|159/277|[from] item: Leftovers\n|upkeep\n|\n|t:|1783556863\n|switch|p1a: Kilowattrel|Kilowattrel, L83, M|100/100\n|turn|14\n|inactive|Time left: 300 sec this turn | 300 sec total\n|\n|t:|1783556864\n|move|p1a: Kilowattrel|Hurricane|p2a: Wo-Chien\n|-supereffective|p2a: Wo-Chien\n|-damage|p2a: Wo-Chien|0 fnt\n|faint|p2a: Wo-Chien\n|\n|upkeep\n|inactive|Time left: 300 sec this turn | 300 sec total | 5 sec grace\n|\n|t:|1783556865\n|switch|p2a: Wigglytuff|Wigglytuff, L96, F|424/424\n|turn|15\n|inactive|Time left: 300 sec this turn | 300 sec total\n|\n|t:|1783556866\n|move|p1a: Kilowattrel|Hurricane|p2a: Wigglytuff\n|-damage|p2a: Wigglytuff|268/424\n|-start|p2a: Wigglytuff|confusion\n|-activate|p2a: Wigglytuff|confusion\n|-damage|p2a: Wigglytuff|228/424|[from] confusion\n|\n|-heal|p2a: Wigglytuff|254/424|[from] item: Leftovers\n|upkeep\n|turn|16\n|inactive|Time left: 300 sec this turn | 300 sec total\n|\n|t:|1783556867\n|move|p1a: Kilowattrel|Thunderbolt|p2a: Wigglytuff\n|-damage|p2a: Wigglytuff|128/424\n|-activate|p2a: Wigglytuff|confusion\n|move|p2a: Wigglytuff|Knock Off|p1a: Kilowattrel\n|-damage|p1a: Kilowattrel|65/100\n|-enditem|p1a: Kilowattrel|Heavy-Duty Boots|[from] move: Knock Off|[of] p2a: Wigglytuff\n|\n|-heal|p2a: Wigglytuff|154/424|[from] item: Leftovers\n|upkeep\n|turn|17\n|inactive|Time left: 300 sec this turn | 300 sec total\n|\n|t:|1783556868\n|switch|p2a: Duraludon|Duraludon, L82, M|249/249\n|move|p1a: Kilowattrel|Hurricane|p2a: Duraludon|[miss]\n|-miss|p1a: Kilowattrel|p2a: Duraludon\n|\n|upkeep\n|turn|18\n|inactive|Time left: 300 sec this turn | 300 sec total\n|\n|t:|1783556869\n|move|p1a: Kilowattrel|Thunderbolt|p2a: Duraludon\n|-resisted|p2a: Duraludon\n|-damage|p2a: Duraludon|202/249\n|move|p2a: Duraludon|Flash Cannon|p1a: Kilowattrel\n|-resisted|p1a: Kilowattrel\n|-damage|p1a: Kilowattrel|39/100\n|\n|upkeep\n|turn|19\n|inactive|Time left: 300 sec this turn | 300 sec total\n|\n|t:|1783556870\n|move|p1a: Kilowattrel|Roost|p1a: Kilowattrel\n|-heal|p1a: Kilowattrel|89/100\n|-singleturn|p1a: Kilowattrel|move: Roost\n|move|p2a: Duraludon|Iron Defense|p2a: Duraludon\n|-boost|p2a: Duraludon|def|2\n|\n|upkeep\n|turn|20\n|inactive|Time left: 300 sec this turn | 300 sec total\n|\n|t:|1783556871\n|move|p1a: Kilowattrel|Hurricane|p2a: Duraludon|[miss]\n|-miss|p1a: Kilowattrel|p2a: Duraludon\n|move|p2a: Duraludon|Body Press|p1a: Kilowattrel\n|-resisted|p1a: Kilowattrel\n|-damage|p1a: Kilowattrel|59/100\n|\n|upkeep\n|turn|21\n|inactive|Time left: 300 sec this turn | 300 sec total\n|\n|t:|1783556873\n|move|p1a: Kilowattrel|Thunderbolt|p2a: Duraludon\n|-resisted|p2a: Duraludon\n|-damage|p2a: Duraludon|154/249\n|-status|p2a: Duraludon|par\n|cant|p2a: Duraludon|par\n|\n|upkeep\n|turn|22\n|inactive|Time left: 300 sec this turn | 300 sec total\n|\n|t:|1783556874\n|move|p1a: Kilowattrel|Hurricane|p2a: Duraludon\n|-resisted|p2a: Duraludon\n|-damage|p2a: Duraludon|88/249 par\n|move|p2a: Duraludon|Body Press|p1a: Kilowattrel\n|-resisted|p1a: Kilowattrel\n|-damage|p1a: Kilowattrel|24/100\n|\n|upkeep\n|turn|23\n|inactive|Time left: 300 sec this turn | 300 sec total\n|\n|t:|1783556875\n|move|p1a: Kilowattrel|Roost|p1a: Kilowattrel\n|-heal|p1a: Kilowattrel|74/100\n|-singleturn|p1a: Kilowattrel|move: Roost\n|move|p2a: Duraludon|Body Press|p1a: Kilowattrel\n|-damage|p1a: Kilowattrel|13/100\n|\n|upkeep\n|turn|24\n|inactive|Time left: 300 sec this turn | 300 sec total\n|\n|t:|1783556876\n|move|p1a: Kilowattrel|Thunderbolt|p2a: Duraludon\n|-resisted|p2a: Duraludon\n|-damage|p2a: Duraludon|39/249 par\n|move|p2a: Duraludon|Body Press|p1a: Kilowattrel\n|-resisted|p1a: Kilowattrel\n|-damage|p1a: Kilowattrel|0 fnt\n|faint|p1a: Kilowattrel\n|\n|upkeep\n|\n|t:|1783556877\n|switch|p1a: Iron Bundle|Iron Bundle, L78|100/100\n|turn|25\n|inactive|Time left: 300 sec this turn | 300 sec total\n|\n|t:|1783556878\n|move|p1a: Iron Bundle|Hydro Pump|p2a: Duraludon\n|-resisted|p2a: Duraludon\n|-damage|p2a: Duraludon|0 fnt\n|faint|p2a: Duraludon\n|\n|upkeep\n|inactive|Time left: 300 sec this turn | 300 sec total | 5 sec grace\n|\n|t:|1783556879\n|switch|p2a: Milotic|Milotic, L83, M|293/293\n|turn|26\n|inactive|Time left: 300 sec this turn | 300 sec total\n|\n|t:|1783556879\n|move|p1a: Iron Bundle|Hydro Pump|p2a: Milotic\n|-resisted|p2a: Milotic\n|-damage|p2a: Milotic|216/293\n|move|p2a: Milotic|Scald|p1a: Iron Bundle\n|-resisted|p1a: Iron Bundle\n|-damage|p1a: Iron Bundle|74/100\n|\n|-heal|p2a: Milotic|234/293|[from] item: Leftovers\n|upkeep\n|turn|27\n|inactive|Time left: 300 sec this turn | 300 sec total\n|\n|t:|1783556880\n|move|p1a: Iron Bundle|Hydro Pump|p2a: Milotic\n|-resisted|p2a: Milotic\n|-damage|p2a: Milotic|166/293\n|move|p2a: Milotic|Scald|p1a: Iron Bundle\n|-resisted|p1a: Iron Bundle\n|-damage|p1a: Iron Bundle|45/100\n|\n|-heal|p2a: Milotic|184/293|[from] item: Leftovers\n|upkeep\n|turn|28\n|inactive|Time left: 300 sec this turn | 300 sec total\n|\n|t:|1783556881\n|move|p1a: Iron Bundle|Hydro Pump|p2a: Milotic|[miss]\n|-miss|p1a: Iron Bundle|p2a: Milotic\n|move|p2a: Milotic|Scald|p1a: Iron Bundle\n|-resisted|p1a: Iron Bundle\n|-damage|p1a: Iron Bundle|17/100\n|\n|-heal|p2a: Milotic|202/293|[from] item: Leftovers\n|upkeep\n|turn|29\n|inactive|Time left: 300 sec this turn | 300 sec total\n|\n|t:|1783556882\n|-end|p1a: Iron Bundle|Quark Drive|[silent]\n|switch|p1a: Cinccino|Cinccino, L83, F|100/100\n|move|p2a: Milotic|Scald|p1a: Cinccino\n|-damage|p1a: Cinccino|54/100\n|\n|-heal|p2a: Milotic|220/293|[from] item: Leftovers\n|upkeep\n|turn|30\n|inactive|Time left: 300 sec this turn | 300 sec total\n|\n|t:|1783556883\n|move|p1a: Cinccino|Bullet Seed|p2a: Milotic\n|-supereffective|p2a: Milotic\n|-damage|p2a: Milotic|164/293\n|-supereffective|p2a: Milotic\n|-damage|p2a: Milotic|108/293\n|-supereffective|p2a: Milotic\n|-damage|p2a: Milotic|56/293\n|-supereffective|p2a: Milotic\n|-damage|p2a: Milotic|0 fnt\n|faint|p2a: Milotic\n|-hitcount|p2: Milotic|4\n|\n|upkeep\n|inactive|Time left: 300 sec this turn | 300 sec total | 5 sec grace\n|\n|t:|1783556884\n|switch|p2a: Wigglytuff|Wigglytuff, L96, F|154/424\n|turn|31\n|inactive|Time left: 300 sec this turn | 300 sec total\n|\n|t:|1783556885\n|-terastallize|p1a: Cinccino|Normal\n|move|p2a: Wigglytuff|Protect|p2a: Wigglytuff\n|-singleturn|p2a: Wigglytuff|Protect\n|move|p1a: Cinccino|Tail Slap|p2a: Wigglytuff\n|-activate|p2a: Wigglytuff|move: Protect\n|\n|-heal|p2a: Wigglytuff|180/424|[from] item: Leftovers\n|upkeep\n|turn|32\n|inactive|Time left: 300 sec this turn | 300 sec total\n|\n|t:|1783556886\n|move|p2a: Wigglytuff|Protect||[still]\n|-fail|p2a: Wigglytuff\n|move|p1a: Cinccino|Tail Slap|p2a: Wigglytuff\n|-damage|p2a: Wigglytuff|106/424\n|-damage|p2a: Wigglytuff|38/424\n|-damage|p2a: Wigglytuff|0 fnt\n|faint|p2a: Wigglytuff\n|-hitcount|p2: Wigglytuff|3\n|\n|win|p0x1527c844", "uploadtime": 1783556886, "views": 0, "rating": 0, "private": 0, "password": null, "_winner": "p0x1527c844", "_our_name": "p0y1527cede"}