{"id": "battle-gen9randombattle-136", "formatid": "gen9randombattle", "format": "[Gen 9] Random Battle", "players": ["p0x136fb38", "p0y1366d65"], "log": "|init|battle\n|title|p0x136fb38 vs. p0y1366d65\n|j|\u2606p0x136fb38\n|j|\u2606p0y1366d65\n|t:|1783534830\n|gametype|singles\n|player|p1|p0x136fb38|2|\n|player|p2|p0y1366d65|169|\n|gen|9\n|tier|[Gen 9] Random Battle\n|rule|Species Clause: Limit one of each Pok\u00e9mon\n|rule|HP Percentage Mod: HP is shown in percentages\n|rule|Sleep Clause Mod: Limit one foe put to sleep\n|rule|Illusion Level Mod: Illusion disguises the Pok\u00e9mon's true level\n|\n|t:|1783534830\n|teamsize|p1|6\n|teamsize|p2|6\n|start\n|switch|p1a: Wo-Chien|Wo-Chien, L83|100/100\n|switch|p2a: Feraligatr|Feraligatr, L79, M|264/264\n|-ability|p1a: Wo-Chien|Tablets of Ruin\n|turn|1\n|inactive|Battle timer is ON: inactive players will automatically lose when time's up. (requested by p0x136fb38)\n|inactive|Time left: 300 sec this turn | 300 sec total | 60 sec grace\n|inactive|p0y1366d65 also wants the timer to be on.\n|\n|t:|1783534831\n|move|p2a: Feraligatr|Dragon Dance|p2a: Feraligatr\n|-boost|p2a: Feraligatr|atk|1\n|-boost|p2a: Feraligatr|spe|1\n|move|p1a: Wo-Chien|Giga Drain|p2a: Feraligatr\n|-supereffective|p2a: Feraligatr\n|-damage|p2a: Feraligatr|108/264\n|\n|upkeep\n|turn|2\n|inactive|Time left: 300 sec this turn | 300 sec total\n|\n|t:|1783534833\n|move|p2a: Feraligatr|Ice Punch|p1a: Wo-Chien\n|-supereffective|p1a: Wo-Chien\n|-damage|p1a: Wo-Chien|32/100\n|move|p1a: Wo-Chien|Knock Off|p2a: Feraligatr\n|-damage|p2a: Feraligatr|18/264\n|-enditem|p2a: Feraligatr|Life Orb|[from] move: Knock Off|[of] p1a: Wo-Chien\n|\n|-heal|p1a: Wo-Chien|38/100|[from] item: Leftovers\n|upkeep\n|turn|3\n|inactive|Time left: 300 sec this turn | 300 sec total\n|\n|t:|1783534834\n|switch|p1a: Calyrex|Calyrex-Ice, L72|100/100\n|-ability|p1a: Calyrex|As One\n|-ability|p1a: Calyrex|Unnerve\n|move|p2a: Feraligatr|Ice Punch|p1a: Calyrex\n|-resisted|p1a: Calyrex\n|-damage|p1a: Calyrex|86/100\n|\n|upkeep\n|turn|4\n|inactive|Time left: 300 sec this turn | 300 sec total\n|\n|t:|1783534835\n|move|p2a: Feraligatr|Liquidation|p1a: Calyrex\n|-damage|p1a: Calyrex|40/100\n|move|p1a: Calyrex|Glacial Lance|p2a: Feraligatr\n|-resisted|p2a: Feraligatr\n|-damage|p2a: Feraligatr|0 fnt\n|faint|p2a: Feraligatr\n|-ability|p1a: Calyrex|Chilling Neigh|boost\n|-boost|p1a: Calyrex|atk|1\n|\n|upkeep\n|inactive|Time left: 300 sec this turn | 300 sec total | 5 sec grace\n|\n|t:|1783534836\n|switch|p2a: Terrakion|Terrakion, L79|273/273\n|turn|5\n|inactive|Time left: 300 sec this turn | 300 sec total\n|\n|t:|1783534837\n|switch|p1a: Medicham|Medicham, L86, F|100/100\n|move|p2a: Terrakion|Close Combat|p1a: Medicham\n|-resisted|p1a: Medicham\n|-damage|p1a: Medicham|59/100\n|-unboost|p2a: Terrakion|def|1\n|-unboost|p2a: Terrakion|spd|1\n|-damage|p2a: Terrakion|246/273|[from] item: Life Orb\n|\n|upkeep\n|turn|6\n|inactive|Time left: 300 sec this turn | 300 sec total\n|\n|t:|1783534839\n|switch|p2a: Drifblim|Drifblim, L86, M|398/398\n|move|p1a: Medicham|Close Combat|p2a: Drifblim\n|-immune|p2a: Drifblim\n|\n|upkeep\n|turn|7\n|inactive|Time left: 300 sec this turn | 300 sec total\n|\n|t:|1783534840\n|switch|p1a: Garganacl|Garganacl, L80, F|100/100\n|move|p2a: Drifblim|Air Slash|p1a: Garganacl|[miss]\n|-miss|p2a: Drifblim|p1a: Garganacl\n|\n|upkeep\n|turn|8\n|inactive|Time left: 300 sec this turn | 300 sec total\n|\n|t:|1783534841\n|move|p2a: Drifblim|Shadow Ball|p1a: Garganacl\n|-damage|p1a: Garganacl|86/100\n|move|p1a: Garganacl|Salt Cure|p2a: Drifblim\n|-supereffective|p2a: Drifblim\n|-damage|p2a: Drifblim|278/398\n|-start|p2a: Drifblim|Salt Cure\n|\n|-heal|p1a: Garganacl|92/100|[from] item: Leftovers\n|-damage|p2a: Drifblim|229/398|[from] Salt Cure\n|upkeep\n|turn|9\n|inactive|Time left: 300 sec this turn | 300 sec total\n|\n|t:|1783534842\n|move|p1a: Garganacl|Protect|p1a: Garganacl\n|-singleturn|p1a: Garganacl|Protect\n|move|p2a: Drifblim|Strength Sap|p1a: Garganacl\n|-activate|p1a: Garganacl|move: Protect\n|\n|-heal|p1a: Garganacl|98/100|[from] item: Leftovers\n|-damage|p2a: Drifblim|180/398|[from] Salt Cure\n|upkeep\n|turn|10\n|inactive|Time left: 300 sec this turn | 300 sec total\n|\n|t:|1783534843\n|move|p2a: Drifblim|Strength Sap|p1a: Garganacl\n|-unboost|p1a: Garganacl|atk|1\n|-heal|p2a: Drifblim|386/398\n|move|p1a: Garganacl|Salt Cure|p2a: Drifblim\n|-supereffective|p2a: Drifblim\n|-damage|p2a: Drifblim|296/398\n|\n|-heal|p1a: Garganacl|100/100|[from] item: Leftovers\n|-damage|p2a: Drifblim|247/398|[from] Salt Cure\n|upkeep\n|turn|11\n|inactive|Time left: 300 sec this turn | 300 sec total\n|\n|t:|1783534845\n|switch|p1a: Heatran|Heatran, L79, F|100/100\n|-item|p1a: Heatran|Air Balloon\n|move|p2a: Drifblim|Strength Sap|p1a: Heatran\n|-unboost|p1a: Heatran|atk|1\n|-heal|p2a: Drifblim|398/398\n|\n|-damage|p2a: Drifblim|349/398|[from] Salt Cure\n|upkeep\n|turn|12\n|inactive|Time left: 300 sec this turn | 300 sec total\n|\n|t:|1783534846\n|move|p2a: Drifblim|Shadow Ball|p1a: Heatran\n|-damage|p1a: Heatran|69/100\n|-unboost|p1a: Heatran|spd|1\n|-enditem|p1a: Heatran|Air Balloon\n|move|p1a: Heatran|Stealth Rock|p2a: Drifblim\n|-sidestart|p2: p0y1366d65|move: Stealth Rock\n|\n|-damage|p2a: Drifblim|300/398|[from] Salt Cure\n|upkeep\n|turn|13\n|inactive|Time left: 300 sec this turn | 300 sec total\n|\n|t:|1783534847\n|move|p2a: Drifblim|Strength Sap|p1a: Heatran\n|-unboost|p1a: Heatran|atk|1\n|-heal|p2a: Drifblim|398/398\n|move|p1a: Heatran|Magma Storm|p2a: Drifblim\n|-damage|p2a: Drifblim|235/398\n|-activate|p2a: Drifblim|move: Magma Storm|[of] p1a: Heatran\n|\n|-damage|p2a: Drifblim|186/398|[from] Salt Cure\n|-damage|p2a: Drifblim|137/398|[from] move: Magma Storm|[partiallytrapped]\n|upkeep\n|turn|14\n|inactive|Time left: 300 sec this turn | 300 sec total\n|\n|t:|1783534848\n|move|p2a: Drifblim|Strength Sap|p1a: Heatran\n|-unboost|p1a: Heatran|atk|1\n|-heal|p2a: Drifblim|231/398\n|move|p1a: Heatran|Magma Storm|p2a: Drifblim|[miss]\n|-miss|p1a: Heatran|p2a: Drifblim\n|\n|-damage|p2a: Drifblim|182/398|[from] move: Magma Storm|[partiallytrapped]\n|-damage|p2a: Drifblim|133/398|[from] Salt Cure\n|upkeep\n|turn|15\n|inactive|Time left: 300 sec this turn | 300 sec total\n|\n|t:|1783534849\n|switch|p1a: Wo-Chien|Wo-Chien, L83|38/100\n|-ability|p1a: Wo-Chien|Tablets of Ruin\n|move|p2a: Drifblim|Strength Sap|p1a: Wo-Chien\n|-unboost|p1a: Wo-Chien|atk|1\n|-heal|p2a: Drifblim|322/398\n|\n|-heal|p1a: Wo-Chien|44/100|[from] item: Leftovers\n|-end|p2a: Drifblim|Magma Storm|[partiallytrapped]|[silent]\n|-damage|p2a: Drifblim|273/398|[from] Salt Cure\n|upkeep\n|turn|16\n|inactive|Time left: 300 sec this turn | 300 sec total\n|\n|t:|1783534850\n|move|p2a: Drifblim|Air Slash|p1a: Wo-Chien\n|-supereffective|p1a: Wo-Chien\n|-damage|p1a: Wo-Chien|5/100\n|move|p1a: Wo-Chien|Knock Off|p2a: Drifblim\n|-supereffective|p2a: Drifblim\n|-damage|p2a: Drifblim|85/398\n|-enditem|p2a: Drifblim|Heavy-Duty Boots|[from] move: Knock Off|[of] p1a: Wo-Chien\n|\n|-heal|p1a: Wo-Chien|11/100|[from] item: Leftovers\n|-damage|p2a: Drifblim|36/398|[from] Salt Cure\n|upkeep\n|turn|17\n|inactive|Time left: 300 sec this turn | 300 sec total\n|\n|t:|1783534852\n|move|p2a: Drifblim|Strength Sap|p1a: Wo-Chien\n|-unboost|p1a: Wo-Chien|atk|1\n|-heal|p2a: Drifblim|162/398\n|move|p1a: Wo-Chien|Giga Drain|p2a: Drifblim\n|-resisted|p2a: Drifblim\n|-crit|p2a: Drifblim\n|-damage|p2a: Drifblim|87/398\n|-heal|p1a: Wo-Chien|25/100|[from] drain|[of] p2a: Drifblim\n|\n|-heal|p1a: Wo-Chien|31/100|[from] item: Leftovers\n|-damage|p2a: Drifblim|38/398|[from] Salt Cure\n|upkeep\n|turn|18\n|inactive|Time left: 300 sec this turn | 300 sec total\n|\n|t:|1783534853\n|switch|p1a: Garganacl|Garganacl, L80, F|100/100\n|move|p2a: Drifblim|Strength Sap|p1a: Garganacl\n|-unboost|p1a: Garganacl|atk|1\n|-heal|p2a: Drifblim|244/398\n|\n|-damage|p2a: Drifblim|195/398|[from] Salt Cure\n|upkeep\n|turn|19\n|inactive|Time left: 300 sec this turn | 300 sec total\n|\n|t:|1783534854\n|move|p2a: Drifblim|Strength Sap|p1a: Garganacl\n|-unboost|p1a: Garganacl|atk|1\n|-heal|p2a: Drifblim|332/398\n|move|p1a: Garganacl|Salt Cure|p2a: Drifblim\n|-supereffective|p2a: Drifblim\n|-damage|p2a: Drifblim|264/398\n|\n|-damage|p2a: Drifblim|215/398|[from] Salt Cure\n|upkeep\n|turn|20\n|inactive|Time left: 300 sec this turn | 300 sec total\n|\n|t:|1783534855\n|switch|p1a: Heatran|Heatran, L79, F|69/100\n|move|p2a: Drifblim|Strength Sap|p1a: Heatran\n|-unboost|p1a: Heatran|atk|1\n|-heal|p2a: Drifblim|398/398\n|\n|-damage|p2a: Drifblim|349/398|[from] Salt Cure\n|upkeep\n|turn|21\n|inactive|Time left: 300 sec this turn | 300 sec total\n|\n|t:|1783534856\n|move|p2a: Drifblim|Shadow Ball|p1a: Heatran\n|-damage|p1a: Heatran|39/100\n|move|p1a: Heatran|Magma Storm|p2a: Drifblim|[miss]\n|-miss|p1a: Heatran|p2a: Drifblim\n|\n|-damage|p2a: Drifblim|300/398|[from] Salt Cure\n|upkeep\n|turn|22\n|inactive|Time left: 300 sec this turn | 300 sec total\n|\n|t:|1783534857\n|move|p2a: Drifblim|Strength Sap|p1a: Heatran\n|-unboost|p1a: Heatran|atk|1\n|-heal|p2a: Drifblim|398/398\n|move|p1a: Heatran|Magma Storm|p2a: Drifblim\n|-damage|p2a: Drifblim|227/398\n|-activate|p2a: Drifblim|move: Magma Storm|[of] p1a: Heatran\n|\n|-damage|p2a: Drifblim|178/398|[from] move: Magma Storm|[partiallytrapped]\n|-damage|p2a: Drifblim|129/398|[from] Salt Cure\n|upkeep\n|turn|23\n|inactive|Time left: 300 sec this turn | 300 sec total\n|\n|t:|1783534858\n|move|p2a: Drifblim|Strength Sap|p1a: Heatran\n|-unboost|p1a: Heatran|atk|1\n|-heal|p2a: Drifblim|223/398\n|move|p1a: Heatran|Magma Storm|p2a: Drifblim\n|-damage|p2a: Drifblim|69/398\n|\n|-damage|p2a: Drifblim|20/398|[from] Salt Cure\n|-damage|p2a: Drifblim|0 fnt|[from] move: Magma Storm|[partiallytrapped]\n|faint|p2a: Drifblim\n|upkeep\n|inactive|Time left: 300 sec this turn | 300 sec total | 5 sec grace\n|\n|t:|1783534859\n|switch|p2a: Talonflame|Talonflame, L83, M|265/265\n|turn|24\n|inactive|Time left: 300 sec this turn | 300 sec total\n|\n|t:|1783534860\n|switch|p1a: Garganacl|Garganacl, L80, F|100/100\n|move|p2a: Talonflame|Swords Dance|p2a: Talonflame\n|-boost|p2a: Talonflame|atk|2\n|\n|upkeep\n|turn|25\n|inactive|Time left: 300 sec this turn | 300 sec total\n|\n|t:|1783534861\n|-terastallize|p2a: Talonflame|Ground\n|move|p2a: Talonflame|Tera Blast|p1a: Garganacl|[anim] Tera Blast Ground\n|-supereffective|p1a: Garganacl\n|-damage|p1a: Garganacl|26/100\n|move|p1a: Garganacl|Salt Cure|p2a: Talonflame\n|-resisted|p2a: Talonflame\n|-damage|p2a: Talonflame|239/265\n|-start|p2a: Talonflame|Salt Cure\n|\n|-heal|p1a: Garganacl|32/100|[from] item: Leftovers\n|-damage|p2a: Talonflame|206/265|[from] Salt Cure\n|upkeep\n|turn|26\n|inactive|Time left: 300 sec this turn | 300 sec total\n|\n|t:|1783534862\n|move|p2a: Talonflame|Tera Blast|p1a: Garganacl|[anim] Tera Blast Ground\n|-supereffective|p1a: Garganacl\n|-damage|p1a: Garganacl|0 fnt\n|faint|p1a: Garganacl\n|\n|-damage|p2a: Talonflame|173/265|[from] Salt Cure\n|upkeep\n|\n|t:|1783534863\n|switch|p1a: Medicham|Medicham, L86, F|59/100\n|turn|27\n|inactive|Time left: 300 sec this turn | 300 sec total\n|\n|t:|1783534863\n|move|p1a: Medicham|Close Combat|p2a: Talonflame\n|-damage|p2a: Talonflame|0 fnt\n|-unboost|p1a: Medicham|def|1\n|-unboost|p1a: Medicham|spd|1\n|faint|p2a: Talonflame\n|\n|upkeep\n|inactive|Time left: 300 sec this turn | 300 sec total | 5 sec grace\n|\n|t:|1783534864\n|switch|p2a: Mewtwo|Mewtwo, L72|272/272\n|-ability|p2a: Mewtwo|Unnerve\n|-damage|p2a: Mewtwo|238/272|[from] Stealth Rock\n|turn|28\n|inactive|Time left: 300 sec this turn | 300 sec total\n|\n|t:|1783534865\n|move|p1a: Medicham|Close Combat|p2a: Mewtwo\n|-resisted|p2a: Mewtwo\n|-damage|p2a: Mewtwo|128/272\n|-unboost|p1a: Medicham|def|1\n|-unboost|p1a: Medicham|spd|1\n|move|p2a: Mewtwo|Nasty Plot|p2a: Mewtwo\n|-boost|p2a: Mewtwo|spa|2\n|\n|upkeep\n|turn|29\n|inactive|Time left: 300 sec this turn | 300 sec total\n|\n|t:|1783534866\n|-terastallize|p1a: Medicham|Fighting\n|move|p1a: Medicham|Close Combat|p2a: Mewtwo\n|-resisted|p2a: Mewtwo\n|-damage|p2a: Mewtwo|0 fnt\n|-unboost|p1a: Medicham|def|1\n|-unboost|p1a: Medicham|spd|1\n|faint|p2a: Mewtwo\n|\n|upkeep\n|inactive|Time left: 300 sec this turn | 300 sec total | 5 sec grace\n|\n|t:|1783534867\n|switch|p2a: Beartic|Beartic, L91, F|321/321\n|turn|30\n|inactive|Time left: 300 sec this turn | 300 sec total\n|\n|t:|1783534868\n|move|p1a: Medicham|Close Combat|p2a: Beartic\n|-supereffective|p2a: Beartic\n|-damage|p2a: Beartic|0 fnt\n|-unboost|p1a: Medicham|def|1\n|-unboost|p1a: Medicham|spd|1\n|faint|p2a: Beartic\n|\n|upkeep\n|inactive|Time left: 300 sec this turn | 300 sec total | 5 sec grace\n|\n|t:|1783534869\n|switch|p2a: Terrakion|Terrakion, L79|246/273\n|-damage|p2a: Terrakion|229/273|[from] Stealth Rock\n|turn|31\n|inactive|Time left: 300 sec this turn | 300 sec total\n|\n|t:|1783534870\n|move|p1a: Medicham|Close Combat|p2a: Terrakion\n|-supereffective|p2a: Terrakion\n|-damage|p2a: Terrakion|0 fnt\n|-unboost|p1a: Medicham|def|1\n|-unboost|p1a: Medicham|spd|1\n|faint|p2a: Terrakion\n|\n|win|p0x136fb38", "uploadtime": 1783534870, "views": 0, "rating": 0, "private": 0, "password": null, "_winner": "p0x136fb38", "_our_name": "p0y1366d65"}