{"id": "battle-gen9randombattle-1524", "formatid": "gen9randombattle", "format": "[Gen 9] Random Battle", "players": ["p0x1524eed2", "p0y1524e8a4"], "log": "|init|battle\n|title|p0x1524eed2 vs. p0y1524e8a4\n|j|\u2606p0x1524eed2\n|j|\u2606p0y1524e8a4\n|t:|1783556810\n|gametype|singles\n|player|p1|p0x1524eed2|2|\n|player|p2|p0y1524e8a4|169|\n|gen|9\n|tier|[Gen 9] Random Battle\n|rule|Species Clause: Limit one of each Pok\u00e9mon\n|rule|HP Percentage Mod: HP is shown in percentages\n|rule|Sleep Clause Mod: Limit one foe put to sleep\n|rule|Illusion Level Mod: Illusion disguises the Pok\u00e9mon's true level\n|\n|t:|1783556810\n|teamsize|p1|6\n|teamsize|p2|6\n|start\n|switch|p1a: Toxicroak|Toxicroak, L84, F|277/277\n|switch|p2a: Houndstone|Houndstone, L86, F|100/100\n|turn|1\n|inactive|Battle timer is ON: inactive players will automatically lose when time's up. (requested by p0y1524e8a4)\n|inactive|Time left: 300 sec this turn | 300 sec total | 60 sec grace\n|inactive|p0x1524eed2 also wants the timer to be on.\n|\n|t:|1783556812\n|move|p1a: Toxicroak|Swords Dance|p1a: Toxicroak\n|-boost|p1a: Toxicroak|atk|2\n|move|p2a: Houndstone|Poltergeist|p1a: Toxicroak\n|-activate|p1a: Toxicroak|move: Poltergeist|Life Orb\n|-crit|p1a: Toxicroak\n|-damage|p1a: Toxicroak|0 fnt\n|faint|p1a: Toxicroak\n|\n|upkeep\n|inactive|Time left: 300 sec this turn | 300 sec total | 65 sec grace\n|\n|t:|1783556813\n|switch|p1a: Ludicolo|Ludicolo, L90, F|290/290\n|turn|2\n|inactive|Time left: 300 sec this turn | 300 sec total\n|\n|t:|1783556814\n|move|p1a: Ludicolo|Hydro Pump|p2a: Houndstone\n|-damage|p2a: Houndstone|37/100\n|move|p2a: Houndstone|Poltergeist|p1a: Ludicolo\n|-activate|p1a: Ludicolo|move: Poltergeist|Choice Specs\n|-damage|p1a: Ludicolo|74/290\n|\n|upkeep\n|turn|3\n|inactive|Time left: 300 sec this turn | 300 sec total\n|\n|t:|1783556815\n|switch|p2a: Miraidon|Miraidon, L65|100/100\n|-fieldstart|move: Electric Terrain|[from] ability: Hadron Engine|[of] p2a: Miraidon\n|move|p1a: Ludicolo|Hydro Pump|p2a: Miraidon|[miss]\n|-miss|p1a: Ludicolo|p2a: Miraidon\n|\n|upkeep\n|turn|4\n|inactive|Time left: 300 sec this turn | 300 sec total\n|\n|t:|1783556816\n|move|p2a: Miraidon|Electro Drift|p1a: Ludicolo\n|-damage|p1a: Ludicolo|0 fnt\n|faint|p1a: Ludicolo\n|-damage|p2a: Miraidon|91/100|[from] item: Life Orb\n|\n|upkeep\n|inactive|Time left: 300 sec this turn | 300 sec total | 5 sec grace\n|\n|t:|1783556817\n|switch|p1a: Cinccino|Cinccino, L83, F|260/260\n|turn|5\n|inactive|Time left: 300 sec this turn | 300 sec total\n|\n|t:|1783556818\n|-terastallize|p2a: Miraidon|Electric\n|move|p1a: Cinccino|Triple Axel|p2a: Miraidon\n|-damage|p2a: Miraidon|81/100\n|-damage|p2a: Miraidon|60/100\n|-damage|p2a: Miraidon|30/100\n|-hitcount|p2a: Miraidon|3\n|move|p2a: Miraidon|Electro Drift|p1a: Cinccino\n|-damage|p1a: Cinccino|0 fnt\n|faint|p1a: Cinccino\n|-damage|p2a: Miraidon|21/100|[from] item: Life Orb\n|\n|upkeep\n|inactive|Time left: 300 sec this turn | 300 sec total | 5 sec grace\n|\n|t:|1783556819\n|switch|p1a: Eternatus|Eternatus, L69|308/308\n|-ability|p1a: Eternatus|Pressure\n|turn|6\n|inactive|Time left: 300 sec this turn | 300 sec total\n|\n|t:|1783556820\n|switch|p2a: Mewtwo|Mewtwo, L72|100/100\n|-ability|p2a: Mewtwo|Unnerve\n|move|p1a: Eternatus|Flamethrower|p2a: Mewtwo\n|-damage|p2a: Mewtwo|75/100\n|\n|upkeep\n|turn|7\n|inactive|Time left: 300 sec this turn | 300 sec total\n|\n|t:|1783556821\n|switch|p1a: Roaring Moon|Roaring Moon, L72|270/270\n|-enditem|p1a: Roaring Moon|Booster Energy\n|-activate|p1a: Roaring Moon|ability: Protosynthesis|[fromitem]\n|-start|p1a: Roaring Moon|protosynthesisatk\n|move|p2a: Mewtwo|Psystrike|p1a: Roaring Moon\n|-immune|p1a: Roaring Moon\n|\n|-fieldend|move: Electric Terrain\n|upkeep\n|turn|8\n|inactive|Time left: 300 sec this turn | 300 sec total\n|\n|t:|1783556822\n|move|p2a: Mewtwo|Aura Sphere|p1a: Roaring Moon\n|-supereffective|p1a: Roaring Moon\n|-damage|p1a: Roaring Moon|106/270\n|-damage|p2a: Mewtwo|66/100|[from] item: Life Orb\n|move|p1a: Roaring Moon|Dragon Dance|p1a: Roaring Moon\n|-boost|p1a: Roaring Moon|atk|1\n|-boost|p1a: Roaring Moon|spe|1\n|\n|upkeep\n|turn|9\n|inactive|Time left: 300 sec this turn | 300 sec total\n|\n|t:|1783556824\n|switch|p2a: Miraidon|Miraidon, L65, tera:Electric|21/100\n|-fieldstart|move: Electric Terrain|[from] ability: Hadron Engine|[of] p2a: Miraidon\n|move|p1a: Roaring Moon|Outrage|p2a: Miraidon\n|-damage|p2a: Miraidon|0 fnt\n|faint|p2a: Miraidon\n|\n|upkeep\n|\n|t:|1783556824\n|switch|p2a: Hitmonlee|Hitmonlee, L85, M|100/100\n|turn|10\n|inactive|Time left: 300 sec this turn | 300 sec total\n|\n|t:|1783556825\n|move|p2a: Hitmonlee|Mach Punch|p1a: Roaring Moon\n|-supereffective|p1a: Roaring Moon\n|-damage|p1a: Roaring Moon|0 fnt\n|faint|p1a: Roaring Moon\n|-end|p1a: Roaring Moon|Protosynthesis|[silent]\n|\n|upkeep\n|inactive|Time left: 300 sec this turn | 300 sec total | 5 sec grace\n|\n|t:|1783556826\n|switch|p1a: Metagross|Metagross, L79|256/256\n|turn|11\n|inactive|Time left: 300 sec this turn | 300 sec total\n|\n|t:|1783556827\n|switch|p2a: Houndstone|Houndstone, L86, F|37/100\n|move|p1a: Metagross|Heavy Slam|p2a: Houndstone\n|-crit|p2a: Houndstone\n|-damage|p2a: Houndstone|0 fnt\n|faint|p2a: Houndstone\n|\n|upkeep\n|\n|t:|1783556829\n|switch|p2a: Flygon|Flygon, L82, M|100/100\n|turn|12\n|inactive|Time left: 300 sec this turn | 300 sec total\n|\n|t:|1783556830\n|move|p2a: Flygon|Earthquake|p1a: Metagross\n|-supereffective|p1a: Metagross\n|-damage|p1a: Metagross|16/256\n|move|p1a: Metagross|Heavy Slam|p2a: Flygon\n|-damage|p2a: Flygon|3/100\n|\n|upkeep\n|turn|13\n|inactive|Time left: 300 sec this turn | 300 sec total\n|\n|t:|1783556831\n|move|p2a: Flygon|Earthquake|p1a: Metagross\n|-supereffective|p1a: Metagross\n|-damage|p1a: Metagross|0 fnt\n|faint|p1a: Metagross\n|\n|-fieldend|move: Electric Terrain\n|upkeep\n|inactive|Time left: 300 sec this turn | 300 sec total | 5 sec grace\n|\n|t:|1783556832\n|switch|p1a: Eternatus|Eternatus, L69|308/308\n|-ability|p1a: Eternatus|Pressure\n|turn|14\n|inactive|Time left: 300 sec this turn | 300 sec total\n|\n|t:|1783556833\n|move|p1a: Eternatus|Flamethrower|p2a: Flygon\n|-resisted|p2a: Flygon\n|-damage|p2a: Flygon|0 fnt\n|faint|p2a: Flygon\n|\n|upkeep\n|\n|t:|1783556834\n|switch|p2a: Mewtwo|Mewtwo, L72|66/100\n|-ability|p2a: Mewtwo|Unnerve\n|turn|15\n|inactive|Time left: 300 sec this turn | 300 sec total\n|\n|t:|1783556835\n|-terastallize|p1a: Eternatus|Water\n|move|p2a: Mewtwo|Nasty Plot|p2a: Mewtwo\n|-boost|p2a: Mewtwo|spa|2\n|move|p1a: Eternatus|Recover||[still]\n|-fail|p1a: Eternatus|heal\n|\n|upkeep\n|turn|16\n|inactive|Time left: 300 sec this turn | 300 sec total\n|\n|t:|1783556836\n|move|p2a: Mewtwo|Psystrike|p1a: Eternatus\n|-damage|p1a: Eternatus|0 fnt\n|faint|p1a: Eternatus\n|-damage|p2a: Mewtwo|56/100|[from] item: Life Orb\n|\n|win|p0y1524e8a4", "uploadtime": 1783556836, "views": 0, "rating": 0, "private": 0, "password": null, "_winner": "p0y1524e8a4", "_our_name": "p0x1524eed2"}