{"id": "battle-gen9randombattle-1449", "formatid": "gen9randombattle", "format": "[Gen 9] Random Battle", "players": ["p0x144914c6", "p0y14492a0b"], "log": "|init|battle\n|title|p0x144914c6 vs. p0y14492a0b\n|j|\u2606p0x144914c6\n|j|\u2606p0y14492a0b\n|t:|1783555953\n|gametype|singles\n|player|p1|p0x144914c6|265|\n|player|p2|p0y14492a0b|265|\n|gen|9\n|tier|[Gen 9] Random Battle\n|rule|Species Clause: Limit one of each Pok\u00e9mon\n|rule|HP Percentage Mod: HP is shown in percentages\n|rule|Sleep Clause Mod: Limit one foe put to sleep\n|rule|Illusion Level Mod: Illusion disguises the Pok\u00e9mon's true level\n|\n|t:|1783555953\n|teamsize|p1|6\n|teamsize|p2|6\n|start\n|switch|p1a: Mienshao|Mienshao, L83, F|100/100\n|switch|p2a: Appletun|Appletun, L92, F|352/352\n|turn|1\n|inactive|Battle timer is ON: inactive players will automatically lose when time's up. (requested by p0y14492a0b)\n|inactive|p0x144914c6 also wants the timer to be on.\n|\n|t:|1783555954\n|move|p1a: Mienshao|Knock Off|p2a: Appletun\n|-damage|p2a: Appletun|275/352\n|-enditem|p2a: Appletun|Leftovers|[from] move: Knock Off|[of] p1a: Mienshao\n|move|p2a: Appletun|Apple Acid|p1a: Mienshao\n|-damage|p1a: Mienshao|62/100\n|-unboost|p1a: Mienshao|spd|1\n|\n|upkeep\n|turn|2\n|inactive|Time left: 300 sec this turn | 300 sec total\n|\n|t:|1783555956\n|move|p1a: Mienshao|U-turn|p2a: Appletun\n|-supereffective|p2a: Appletun\n|-damage|p2a: Appletun|147/352\n|\n|t:|1783555957\n|switch|p1a: Magmortar|Magmortar, L88, M|100/100|[from] U-turn\n|move|p2a: Appletun|Apple Acid|p1a: Magmortar\n|-resisted|p1a: Magmortar\n|-damage|p1a: Magmortar|84/100\n|-unboost|p1a: Magmortar|spd|1\n|\n|upkeep\n|turn|3\n|inactive|Time left: 300 sec this turn | 300 sec total\n|\n|t:|1783555958\n|move|p1a: Magmortar|Fire Blast|p2a: Appletun\n|-damage|p2a: Appletun|69/352\n|move|p2a: Appletun|Recover|p2a: Appletun\n|-heal|p2a: Appletun|245/352\n|\n|upkeep\n|turn|4\n|inactive|Time left: 300 sec this turn | 300 sec total\n|\n|t:|1783555959\n|switch|p1a: Mienshao|Mienshao, L83, F|96/100\n|move|p2a: Appletun|Draco Meteor|p1a: Mienshao\n|-damage|p1a: Mienshao|36/100\n|-unboost|p2a: Appletun|spa|2\n|\n|upkeep\n|turn|5\n|inactive|Time left: 300 sec this turn | 300 sec total\n|\n|t:|1783555960\n|move|p1a: Mienshao|U-turn|p2a: Appletun\n|-supereffective|p2a: Appletun\n|-damage|p2a: Appletun|121/352\n|\n|t:|1783555961\n|switch|p1a: Suicune|Suicune, L82|100/100|[from] U-turn\n|-ability|p1a: Suicune|Pressure\n|move|p2a: Appletun|Recover|p2a: Appletun\n|-heal|p2a: Appletun|297/352\n|\n|upkeep\n|turn|6\n|inactive|Time left: 300 sec this turn | 300 sec total\n|\n|t:|1783555962\n|switch|p2a: Morpeko|Morpeko, L88, F|245/245\n|move|p1a: Suicune|Calm Mind|p1a: Suicune\n|-boost|p1a: Suicune|spa|1\n|-boost|p1a: Suicune|spd|1\n|\n|-formechange|p2a: Morpeko|Morpeko-Hangry||[from] ability: Hunger Switch\n|upkeep\n|turn|7\n|inactive|Time left: 300 sec this turn | 300 sec total\n|\n|t:|1783555963\n|move|p2a: Morpeko|Knock Off|p1a: Suicune\n|-damage|p1a: Suicune|67/100\n|-enditem|p1a: Suicune|Leftovers|[from] move: Knock Off|[of] p2a: Morpeko\n|move|p1a: Suicune|Scald|p2a: Morpeko\n|-damage|p2a: Morpeko|95/245\n|\n|-heal|p2a: Morpeko|110/245|[from] item: Leftovers\n|-formechange|p2a: Morpeko|Morpeko||[from] ability: Hunger Switch\n|upkeep\n|turn|8\n|inactive|Time left: 300 sec this turn | 300 sec total\n|\n|t:|1783555964\n|-terastallize|p1a: Suicune|Dragon\n|move|p2a: Morpeko|Aura Wheel|p1a: Suicune\n|-resisted|p1a: Suicune\n|-damage|p1a: Suicune|49/100\n|-boost|p2a: Morpeko|spe|1\n|move|p1a: Suicune|Scald|p2a: Morpeko\n|-damage|p2a: Morpeko|0 fnt\n|faint|p2a: Morpeko\n|\n|upkeep\n|inactive|Time left: 300 sec this turn | 300 sec total | 5 sec grace\n|\n|t:|1783555964\n|switch|p2a: Delphox|Delphox, L84, F|263/263\n|turn|9\n|inactive|Time left: 300 sec this turn | 300 sec total\n|\n|t:|1783555966\n|move|p2a: Delphox|Nasty Plot|p2a: Delphox\n|-boost|p2a: Delphox|spa|2\n|move|p1a: Suicune|Scald|p2a: Delphox\n|-supereffective|p2a: Delphox\n|-damage|p2a: Delphox|63/263\n|\n|upkeep\n|turn|10\n|inactive|Time left: 300 sec this turn | 300 sec total\n|\n|t:|1783555967\n|move|p2a: Delphox|Psyshock|p1a: Suicune\n|-damage|p1a: Suicune|0 fnt\n|faint|p1a: Suicune\n|\n|upkeep\n|\n|t:|1783555968\n|switch|p1a: Flygon|Flygon, L82, F|100/100\n|turn|11\n|inactive|Time left: 300 sec this turn | 300 sec total\n|\n|t:|1783555969\n|move|p1a: Flygon|Outrage|p2a: Delphox\n|-damage|p2a: Delphox|0 fnt\n|faint|p2a: Delphox\n|\n|upkeep\n|inactive|Time left: 300 sec this turn | 300 sec total | 5 sec grace\n|\n|t:|1783555970\n|switch|p2a: Archaludon|Archaludon, L78, F|268/268\n|turn|12\n|inactive|Time left: 300 sec this turn | 300 sec total\n|\n|t:|1783555970\n|move|p1a: Flygon|Outrage|p2a: Archaludon|[from] lockedmove\n|-damage|p2a: Archaludon|174/268\n|-ability|p2a: Archaludon|Stamina|boost\n|-boost|p2a: Archaludon|def|1\n|move|p2a: Archaludon|Draco Meteor|p1a: Flygon\n|-supereffective|p1a: Flygon\n|-damage|p1a: Flygon|0 fnt\n|-unboost|p2a: Archaludon|spa|2\n|faint|p1a: Flygon\n|\n|upkeep\n|\n|t:|1783555971\n|switch|p1a: Magmortar|Magmortar, L88, M|84/100\n|turn|13\n|inactive|Time left: 300 sec this turn | 300 sec total\n|\n|t:|1783555972\n|switch|p2a: Appletun|Appletun, L92, F|297/352\n|move|p1a: Magmortar|Fire Blast|p2a: Appletun\n|-damage|p2a: Appletun|218/352\n|-status|p2a: Appletun|brn\n|\n|-damage|p2a: Appletun|196/352 brn|[from] brn\n|upkeep\n|turn|14\n|inactive|Time left: 300 sec this turn | 300 sec total\n|\n|t:|1783555973\n|move|p1a: Magmortar|Fire Blast|p2a: Appletun\n|-damage|p2a: Appletun|112/352 brn\n|move|p2a: Appletun|Recover|p2a: Appletun\n|-heal|p2a: Appletun|288/352 brn\n|\n|-damage|p2a: Appletun|266/352 brn|[from] brn\n|upkeep\n|turn|15\n|inactive|Time left: 300 sec this turn | 300 sec total\n|\n|t:|1783555974\n|move|p1a: Magmortar|Fire Blast|p2a: Appletun\n|-damage|p2a: Appletun|184/352 brn\n|move|p2a: Appletun|Apple Acid|p1a: Magmortar\n|-resisted|p1a: Magmortar\n|-damage|p1a: Magmortar|66/100\n|-unboost|p1a: Magmortar|spd|1\n|\n|-damage|p2a: Appletun|162/352 brn|[from] brn\n|upkeep\n|turn|16\n|inactive|Time left: 300 sec this turn | 300 sec total\n|\n|t:|1783555975\n|switch|p1a: Mienshao|Mienshao, L83, F|69/100\n|move|p2a: Appletun|Draco Meteor|p1a: Mienshao|[miss]\n|-miss|p2a: Appletun|p1a: Mienshao\n|\n|-damage|p2a: Appletun|140/352 brn|[from] brn\n|upkeep\n|turn|17\n|inactive|Time left: 300 sec this turn | 300 sec total\n|\n|t:|1783555977\n|switch|p2a: Leafeon|Leafeon, L88, F|258/258\n|move|p1a: Mienshao|Close Combat|p2a: Leafeon\n|-damage|p2a: Leafeon|141/258\n|-unboost|p1a: Mienshao|def|1\n|-unboost|p1a: Mienshao|spd|1\n|\n|upkeep\n|turn|18\n|inactive|Time left: 300 sec this turn | 300 sec total\n|\n|t:|1783555978\n|move|p1a: Mienshao|U-turn|p2a: Leafeon\n|-supereffective|p2a: Leafeon\n|-damage|p2a: Leafeon|53/258\n|\n|t:|1783555979\n|switch|p1a: Magmortar|Magmortar, L88, M|66/100|[from] U-turn\n|move|p2a: Leafeon|Leaf Blade|p1a: Magmortar\n|-resisted|p1a: Magmortar\n|-damage|p1a: Magmortar|35/100\n|-damage|p2a: Leafeon|28/258|[from] item: Life Orb\n|\n|upkeep\n|turn|19\n|inactive|Time left: 300 sec this turn | 300 sec total\n|\n|t:|1783555980\n|move|p2a: Leafeon|Knock Off|p1a: Magmortar\n|-damage|p1a: Magmortar|0 fnt\n|-enditem|p1a: Magmortar|Heavy-Duty Boots|[from] move: Knock Off|[of] p2a: Leafeon\n|faint|p1a: Magmortar\n|-damage|p2a: Leafeon|3/258|[from] item: Life Orb\n|\n|upkeep\n|\n|t:|1783555981\n|switch|p1a: Mienshao|Mienshao, L83, F|100/100\n|turn|20\n|inactive|Time left: 300 sec this turn | 300 sec total\n|\n|t:|1783555982\n|switch|p2a: Archaludon|Archaludon, L78, F|174/268\n|move|p1a: Mienshao|Close Combat|p2a: Archaludon\n|-supereffective|p2a: Archaludon\n|-damage|p2a: Archaludon|0 fnt\n|-unboost|p1a: Mienshao|def|1\n|-unboost|p1a: Mienshao|spd|1\n|faint|p2a: Archaludon\n|\n|upkeep\n|inactive|Time left: 300 sec this turn | 300 sec total | 5 sec grace\n|\n|t:|1783555983\n|switch|p2a: Leafeon|Leafeon, L88, F|3/258\n|turn|21\n|inactive|Time left: 300 sec this turn | 300 sec total\n|\n|t:|1783555984\n|move|p1a: Mienshao|U-turn|p2a: Leafeon\n|-supereffective|p2a: Leafeon\n|-damage|p2a: Leafeon|0 fnt\n|faint|p2a: Leafeon\n|\n|t:|1783555985\n|switch|p1a: Cinccino|Cinccino, L83, M|100/100|[from] U-turn\n|\n|upkeep\n|inactive|Time left: 300 sec this turn | 300 sec total | 10 sec grace\n|\n|t:|1783555986\n|switch|p2a: Appletun|Appletun, L92, F|140/352 brn\n|turn|22\n|inactive|Time left: 300 sec this turn | 300 sec total\n|\n|t:|1783555987\n|-terastallize|p2a: Appletun|Steel\n|move|p1a: Cinccino|Tail Slap|p2a: Appletun\n|-resisted|p2a: Appletun\n|-damage|p2a: Appletun|122/352 brn\n|-resisted|p2a: Appletun\n|-damage|p2a: Appletun|104/352 brn\n|-resisted|p2a: Appletun\n|-damage|p2a: Appletun|84/352 brn\n|-resisted|p2a: Appletun\n|-damage|p2a: Appletun|66/352 brn\n|-resisted|p2a: Appletun\n|-damage|p2a: Appletun|47/352 brn\n|-hitcount|p2a: Appletun|5\n|move|p2a: Appletun|Recover|p2a: Appletun\n|-heal|p2a: Appletun|223/352 brn\n|\n|-damage|p2a: Appletun|201/352 brn|[from] brn\n|upkeep\n|turn|23\n|inactive|Time left: 300 sec this turn | 300 sec total\n|\n|t:|1783555988\n|switch|p1a: Mienshao|Mienshao, L83, F|100/100\n|move|p2a: Appletun|Recover|p2a: Appletun\n|-heal|p2a: Appletun|352/352 brn\n|\n|-damage|p2a: Appletun|330/352 brn|[from] brn\n|upkeep\n|turn|24\n|inactive|Time left: 300 sec this turn | 300 sec total\n|\n|t:|1783555989\n|move|p1a: Mienshao|Close Combat|p2a: Appletun\n|-supereffective|p2a: Appletun\n|-damage|p2a: Appletun|28/352 brn\n|-unboost|p1a: Mienshao|def|1\n|-unboost|p1a: Mienshao|spd|1\n|move|p2a: Appletun|Leech Seed|p1a: Mienshao\n|-start|p1a: Mienshao|move: Leech Seed\n|\n|-damage|p1a: Mienshao|88/100|[from] Leech Seed|[of] p2a: Appletun\n|-heal|p2a: Appletun|58/352 brn|[silent]\n|-damage|p2a: Appletun|36/352 brn|[from] brn\n|upkeep\n|turn|25\n|inactive|Time left: 300 sec this turn | 300 sec total\n|\n|t:|1783555990\n|move|p1a: Mienshao|Knock Off|p2a: Appletun\n|-damage|p2a: Appletun|0 fnt\n|faint|p2a: Appletun\n|\n|upkeep\n|inactive|Time left: 300 sec this turn | 300 sec total | 5 sec grace\n|\n|t:|1783555991\n|switch|p2a: Ditto|Ditto, L87|225/225\n|-transform|p2a: Ditto|p1a: Mienshao|[from] ability: Imposter\n|turn|26\n|inactive|Time left: 300 sec this turn | 300 sec total\n|\n|t:|1783555992\n|move|p2a: Ditto|Knock Off|p1a: Mienshao\n|-resisted|p1a: Mienshao\n|-damage|p1a: Mienshao|55/100\n|-enditem|p1a: Mienshao|Assault Vest|[from] move: Knock Off|[of] p2a: Ditto\n|move|p1a: Mienshao|Close Combat|p2a: Ditto\n|-damage|p2a: Ditto|0 fnt\n|-unboost|p1a: Mienshao|def|1\n|-unboost|p1a: Mienshao|spd|1\n|faint|p2a: Ditto\n|\n|win|p0x144914c6", "uploadtime": 1783555992, "views": 0, "rating": 0, "private": 0, "password": null, "_winner": "p0x144914c6", "_our_name": "p0y14492a0b"}