{"id": "battle-gen9randombattle-1747", "formatid": "gen9randombattle", "format": "[Gen 9] Random Battle", "players": ["p0x1747b1b7", "p0y17478a6f"], "log": "|init|battle\n|title|p0x1747b1b7 vs. p0y17478a6f\n|j|\u2606p0x1747b1b7\n|j|\u2606p0y17478a6f\n|t:|1783560182\n|gametype|singles\n|player|p1|p0x1747b1b7|265|\n|player|p2|p0y17478a6f|169|\n|gen|9\n|tier|[Gen 9] Random Battle\n|rule|Species Clause: Limit one of each Pok\u00e9mon\n|rule|HP Percentage Mod: HP is shown in percentages\n|rule|Sleep Clause Mod: Limit one foe put to sleep\n|rule|Illusion Level Mod: Illusion disguises the Pok\u00e9mon's true level\n|\n|t:|1783560182\n|teamsize|p1|6\n|teamsize|p2|6\n|start\n|switch|p1a: Smeargle|Smeargle, L95, F|100/100\n|switch|p2a: Grafaiai|Grafaiai, L86, M|249/249\n|turn|1\n|inactive|Battle timer is ON: inactive players will automatically lose when time's up. (requested by p0x1747b1b7)\n|inactive|Time left: 300 sec this turn | 300 sec total | 60 sec grace\n|\n|t:|1783560184\n|move|p2a: Grafaiai|Knock Off|p1a: Smeargle\n|-damage|p1a: Smeargle|42/100\n|-enditem|p1a: Smeargle|Wide Lens|[from] move: Knock Off|[of] p2a: Grafaiai\n|-damage|p2a: Grafaiai|225/249|[from] item: Life Orb\n|move|p1a: Smeargle|Shell Smash|p1a: Smeargle\n|-unboost|p1a: Smeargle|def|1\n|-unboost|p1a: Smeargle|spd|1\n|-boost|p1a: Smeargle|atk|2\n|-boost|p1a: Smeargle|spa|2\n|-boost|p1a: Smeargle|spe|2\n|\n|upkeep\n|turn|2\n|inactive|Time left: 300 sec this turn | 300 sec total\n|inactive|p0y17478a6f also wants the timer to be on.\n|\n|t:|1783560185\n|switch|p2a: Banette|Banette, L93, M|270/270\n|move|p1a: Smeargle|Population Bomb|p2a: Banette\n|-immune|p2a: Banette\n|\n|upkeep\n|turn|3\n|inactive|Time left: 300 sec this turn | 300 sec total\n|\n|t:|1783560186\n|move|p1a: Smeargle|Power Trip|p2a: Banette\n|-supereffective|p2a: Banette\n|-crit|p2a: Banette\n|-damage|p2a: Banette|0 fnt\n|faint|p2a: Banette\n|\n|upkeep\n|inactive|Time left: 300 sec this turn | 300 sec total | 5 sec grace\n|\n|t:|1783560187\n|switch|p2a: Crabominable|Crabominable, L90, M|321/321\n|turn|4\n|inactive|Time left: 300 sec this turn | 300 sec total\n|\n|t:|1783560188\n|move|p1a: Smeargle|Spore|p2a: Crabominable\n|-status|p2a: Crabominable|slp|[from] move: Spore\n|cant|p2a: Crabominable|slp\n|\n|upkeep\n|turn|5\n|inactive|Time left: 300 sec this turn | 300 sec total\n|\n|t:|1783560190\n|move|p1a: Smeargle|Population Bomb|p2a: Crabominable\n|-damage|p2a: Crabominable|287/321 slp\n|-damage|p2a: Crabominable|251/321 slp\n|-damage|p2a: Crabominable|220/321 slp\n|-damage|p2a: Crabominable|184/321 slp\n|-hitcount|p2a: Crabominable|4\n|cant|p2a: Crabominable|slp\n|\n|upkeep\n|turn|6\n|inactive|Time left: 300 sec this turn | 300 sec total\n|\n|t:|1783560191\n|switch|p2a: Passimian|Passimian, L83, M|302/302\n|move|p1a: Smeargle|Population Bomb|p2a: Passimian|[miss]\n|-miss|p1a: Smeargle|p2a: Passimian\n|\n|upkeep\n|turn|7\n|inactive|Time left: 300 sec this turn | 300 sec total\n|\n|t:|1783560192\n|move|p1a: Smeargle|Population Bomb|p2a: Passimian\n|-damage|p2a: Passimian|271/302\n|-damage|p2a: Passimian|237/302\n|-damage|p2a: Passimian|203/302\n|-damage|p2a: Passimian|170/302\n|-damage|p2a: Passimian|137/302\n|-crit|p2a: Passimian\n|-damage|p2a: Passimian|85/302\n|-damage|p2a: Passimian|52/302\n|-damage|p2a: Passimian|19/302\n|-hitcount|p2a: Passimian|8\n|move|p2a: Passimian|Earthquake|p1a: Smeargle\n|-damage|p1a: Smeargle|0 fnt\n|faint|p1a: Smeargle\n|\n|upkeep\n|\n|t:|1783560193\n|switch|p1a: Rhyperior|Rhyperior, L82, F|100/100\n|turn|8\n|inactive|Time left: 300 sec this turn | 300 sec total\n|\n|t:|1783560194\n|move|p2a: Passimian|Earthquake|p1a: Rhyperior\n|-supereffective|p1a: Rhyperior\n|-damage|p1a: Rhyperior|61/100\n|-enditem|p1a: Rhyperior|Weakness Policy\n|-boost|p1a: Rhyperior|atk|2|[from] item: Weakness Policy\n|-boost|p1a: Rhyperior|spa|2|[from] item: Weakness Policy\n|move|p1a: Rhyperior|Rock Polish|p1a: Rhyperior\n|-boost|p1a: Rhyperior|spe|2\n|\n|upkeep\n|turn|9\n|inactive|Time left: 300 sec this turn | 300 sec total\n|\n|t:|1783560195\n|move|p1a: Rhyperior|Earthquake|p2a: Passimian\n|-damage|p2a: Passimian|0 fnt\n|faint|p2a: Passimian\n|\n|upkeep\n|inactive|Time left: 300 sec this turn | 300 sec total | 5 sec grace\n|\n|t:|1783560195\n|switch|p2a: Kingdra|Kingdra, L84, M|263/263\n|turn|10\n|inactive|Time left: 300 sec this turn | 300 sec total\n|\n|t:|1783560196\n|-terastallize|p1a: Rhyperior|Ground\n|move|p1a: Rhyperior|Earthquake|p2a: Kingdra\n|-damage|p2a: Kingdra|0 fnt\n|faint|p2a: Kingdra\n|\n|upkeep\n|inactive|Time left: 300 sec this turn | 300 sec total | 5 sec grace\n|\n|t:|1783560197\n|switch|p2a: Grafaiai|Grafaiai, L86, M|225/249\n|turn|11\n|inactive|Time left: 300 sec this turn | 300 sec total\n|\n|t:|1783560198\n|move|p2a: Grafaiai|Low Kick|p1a: Rhyperior\n|-damage|p1a: Rhyperior|35/100\n|-status|p1a: Rhyperior|psn|[from] ability: Poison Touch|[of] p2a: Grafaiai\n|-damage|p2a: Grafaiai|201/249|[from] item: Life Orb\n|move|p1a: Rhyperior|Earthquake|p2a: Grafaiai\n|-supereffective|p2a: Grafaiai\n|-damage|p2a: Grafaiai|0 fnt\n|faint|p2a: Grafaiai\n|\n|-damage|p1a: Rhyperior|23/100 psn|[from] psn\n|upkeep\n|inactive|Time left: 300 sec this turn | 300 sec total | 5 sec grace\n|\n|t:|1783560199\n|switch|p2a: Chansey|Chansey, L85, F|564/564\n|turn|12\n|inactive|Time left: 300 sec this turn | 300 sec total\n|\n|t:|1783560199\n|move|p1a: Rhyperior|Earthquake|p2a: Chansey\n|-damage|p2a: Chansey|0 fnt\n|faint|p2a: Chansey\n|\n|-damage|p1a: Rhyperior|11/100 psn|[from] psn\n|upkeep\n|inactive|Time left: 300 sec this turn | 300 sec total | 5 sec grace\n|\n|t:|1783560200\n|switch|p2a: Crabominable|Crabominable, L90, M|184/321 slp\n|turn|13\n|inactive|Time left: 300 sec this turn | 300 sec total\n|\n|t:|1783560201\n|-terastallize|p2a: Crabominable|Ground\n|move|p1a: Rhyperior|Earthquake|p2a: Crabominable\n|-damage|p2a: Crabominable|0 fnt\n|faint|p2a: Crabominable\n|\n|win|p0x1747b1b7", "uploadtime": 1783560201, "views": 0, "rating": 0, "private": 0, "password": null, "_winner": "p0x1747b1b7", "_our_name": "p0y17478a6f"}