{"id": "battle-gen9randombattle-1350", "formatid": "gen9randombattle", "format": "[Gen 9] Random Battle", "players": ["p0x13505535", "p0y135049c2"], "log": "|init|battle\n|title|p0x13505535 vs. p0y135049c2\n|j|\u2606p0x13505535\n|j|\u2606p0y135049c2\n|t:|1783555692\n|gametype|singles\n|player|p1|p0x13505535|169|\n|player|p2|p0y135049c2|266|\n|gen|9\n|tier|[Gen 9] Random Battle\n|rule|Species Clause: Limit one of each Pok\u00e9mon\n|rule|HP Percentage Mod: HP is shown in percentages\n|rule|Sleep Clause Mod: Limit one foe put to sleep\n|rule|Illusion Level Mod: Illusion disguises the Pok\u00e9mon's true level\n|\n|t:|1783555692\n|teamsize|p1|6\n|teamsize|p2|6\n|start\n|switch|p1a: Arbok|Arbok, L87, M|100/100\n|switch|p2a: Bellibolt|Bellibolt, L84, F|320/320\n|-ability|p1a: Arbok|Intimidate|boost\n|-unboost|p2a: Bellibolt|atk|1\n|turn|1\n|inactive|Battle timer is ON: inactive players will automatically lose when time's up. (requested by p0x13505535)\n|inactive|Time left: 300 sec this turn | 300 sec total | 60 sec grace\n|inactive|p0y135049c2 also wants the timer to be on.\n|\n|t:|1783555693\n|switch|p2a: Gyarados|Gyarados, L79, M|280/280\n|-ability|p2a: Gyarados|Intimidate|boost\n|-unboost|p1a: Arbok|atk|1\n|move|p1a: Arbok|Gunk Shot|p2a: Gyarados\n|-damage|p2a: Gyarados|172/280\n|-status|p2a: Gyarados|psn\n|\n|-damage|p2a: Gyarados|137/280 psn|[from] psn\n|upkeep\n|turn|2\n|inactive|Time left: 300 sec this turn | 300 sec total\n|\n|t:|1783555695\n|switch|p1a: Alcremie|Alcremie-Ruby-Cream, L90, F|100/100\n|switch|p2a: Mightyena|Mightyena, L96, F|290/290\n|-ability|p2a: Mightyena|Intimidate|boost\n|-unboost|p1a: Alcremie|atk|1\n|\n|upkeep\n|turn|3\n|inactive|Time left: 300 sec this turn | 300 sec total\n|\n|t:|1783555696\n|move|p2a: Mightyena|Throat Chop|p1a: Alcremie\n|-resisted|p1a: Alcremie\n|-damage|p1a: Alcremie|81/100\n|-start|p1a: Alcremie|Throat Chop|[silent]\n|cant|p1a: Alcremie|move: Throat Chop\n|\n|-heal|p1a: Alcremie|87/100|[from] item: Leftovers\n|upkeep\n|turn|4\n|inactive|Time left: 300 sec this turn | 300 sec total\n|\n|t:|1783555696\n|move|p2a: Mightyena|Throat Chop|p1a: Alcremie\n|-resisted|p1a: Alcremie\n|-damage|p1a: Alcremie|67/100\n|move|p1a: Alcremie|Calm Mind|p1a: Alcremie\n|-boost|p1a: Alcremie|spa|1\n|-boost|p1a: Alcremie|spd|1\n|\n|-heal|p1a: Alcremie|73/100|[from] item: Leftovers\n|-end|p1a: Alcremie|Throat Chop|[silent]\n|upkeep\n|turn|5\n|inactive|Time left: 300 sec this turn | 300 sec total\n|\n|t:|1783555697\n|move|p2a: Mightyena|Throat Chop|p1a: Alcremie\n|-resisted|p1a: Alcremie\n|-damage|p1a: Alcremie|53/100\n|-start|p1a: Alcremie|Throat Chop|[silent]\n|cant|p1a: Alcremie|move: Throat Chop\n|\n|-heal|p1a: Alcremie|59/100|[from] item: Leftovers\n|upkeep\n|turn|6\n|inactive|Time left: 300 sec this turn | 300 sec total\n|\n|t:|1783555699\n|move|p2a: Mightyena|Poison Fang|p1a: Alcremie\n|-supereffective|p1a: Alcremie\n|-damage|p1a: Alcremie|26/100\n|-status|p1a: Alcremie|tox\n|move|p1a: Alcremie|Recover|p1a: Alcremie\n|-heal|p1a: Alcremie|76/100 tox\n|\n|-heal|p1a: Alcremie|82/100 tox|[from] item: Leftovers\n|-damage|p1a: Alcremie|76/100 tox|[from] psn\n|-end|p1a: Alcremie|Throat Chop|[silent]\n|upkeep\n|turn|7\n|inactive|Time left: 300 sec this turn | 300 sec total\n|\n|t:|1783555700\n|move|p2a: Mightyena|Poison Fang|p1a: Alcremie\n|-supereffective|p1a: Alcremie\n|-damage|p1a: Alcremie|40/100 tox\n|move|p1a: Alcremie|Alluring Voice|p2a: Mightyena\n|-supereffective|p2a: Mightyena\n|-damage|p2a: Mightyena|0 fnt\n|faint|p2a: Mightyena\n|\n|-heal|p1a: Alcremie|46/100 tox|[from] item: Leftovers\n|-damage|p1a: Alcremie|34/100 tox|[from] psn\n|upkeep\n|inactive|Time left: 300 sec this turn | 300 sec total | 5 sec grace\n|\n|t:|1783555701\n|switch|p2a: Gyarados|Gyarados, L79, M|137/280 psn\n|-ability|p2a: Gyarados|Intimidate|boost\n|-unboost|p1a: Alcremie|atk|1\n|turn|8\n|inactive|Time left: 300 sec this turn | 300 sec total\n|\n|t:|1783555702\n|move|p2a: Gyarados|Waterfall|p1a: Alcremie\n|-damage|p1a: Alcremie|0 fnt\n|faint|p1a: Alcremie\n|\n|-damage|p2a: Gyarados|102/280 psn|[from] psn\n|upkeep\n|\n|t:|1783555703\n|switch|p1a: Yanmega|Yanmega, L82, M|100/100\n|turn|9\n|inactive|Time left: 300 sec this turn | 300 sec total\n|\n|t:|1783555704\n|switch|p2a: Bellibolt|Bellibolt, L84, F|320/320\n|move|p1a: Yanmega|Bug Buzz|p2a: Bellibolt\n|-damage|p2a: Bellibolt|163/320\n|-start|p2a: Bellibolt|Charge|Bug Buzz|[from] ability: Electromorphosis\n|\n|-heal|p2a: Bellibolt|183/320|[from] item: Leftovers\n|upkeep\n|turn|10\n|inactive|Time left: 300 sec this turn | 300 sec total\n|\n|t:|1783555705\n|switch|p2a: Gyarados|Gyarados, L79, M|102/280 psn\n|-ability|p2a: Gyarados|Intimidate|boost\n|-unboost|p1a: Yanmega|atk|1\n|-terastallize|p1a: Yanmega|Bug\n|move|p1a: Yanmega|Bug Buzz|p2a: Gyarados\n|-resisted|p2a: Gyarados\n|-damage|p2a: Gyarados|0 fnt\n|faint|p2a: Gyarados\n|\n|upkeep\n|inactive|Time left: 300 sec this turn | 300 sec total | 5 sec grace\n|\n|t:|1783555706\n|switch|p2a: Cinderace|Cinderace, L77, M|250/250\n|turn|11\n|inactive|Time left: 300 sec this turn | 300 sec total\n|\n|t:|1783555707\n|move|p2a: Cinderace|Pyro Ball|p1a: Yanmega\n|-supereffective|p1a: Yanmega\n|-damage|p1a: Yanmega|11/100\n|move|p1a: Yanmega|Bug Buzz|p2a: Cinderace\n|-resisted|p2a: Cinderace\n|-damage|p2a: Cinderace|0 fnt\n|faint|p2a: Cinderace\n|\n|upkeep\n|inactive|Time left: 300 sec this turn | 300 sec total | 5 sec grace\n|\n|t:|1783555708\n|switch|p2a: Dedenne|Dedenne, L88, F|261/261\n|turn|12\n|inactive|Time left: 300 sec this turn | 300 sec total\n|\n|t:|1783555709\n|switch|p1a: Sandy Shocks|Sandy Shocks, L80|100/100\n|move|p2a: Dedenne|U-turn|p1a: Sandy Shocks\n|-damage|p1a: Sandy Shocks|86/100\n|inactive|Time left: 300 sec this turn | 300 sec total | 5 sec grace\n|\n|t:|1783555709\n|switch|p2a: Brute Bonnet|Brute Bonnet, L80|309/309|[from] U-turn\n|\n|upkeep\n|turn|13\n|inactive|Time left: 300 sec this turn | 300 sec total\n|\n|t:|1783555710\n|-end|p1a: Sandy Shocks|Protosynthesis|[silent]\n|switch|p1a: Arbok|Arbok, L87, M|100/100\n|-ability|p1a: Arbok|Intimidate|boost\n|-unboost|p2a: Brute Bonnet|atk|1\n|move|p2a: Brute Bonnet|Crunch|p1a: Arbok\n|-damage|p1a: Arbok|67/100\n|\n|upkeep\n|turn|14\n|inactive|Time left: 300 sec this turn | 300 sec total\n|\n|t:|1783555711\n|move|p1a: Arbok|Gunk Shot|p2a: Brute Bonnet\n|-supereffective|p2a: Brute Bonnet\n|-damage|p2a: Brute Bonnet|49/309\n|move|p2a: Brute Bonnet|Spore|p1a: Arbok\n|-status|p1a: Arbok|slp|[from] move: Spore\n|\n|-heal|p2a: Brute Bonnet|68/309|[from] item: Leftovers\n|upkeep\n|turn|15\n|inactive|Time left: 300 sec this turn | 300 sec total\n|\n|t:|1783555713\n|switch|p1a: Sandy Shocks|Sandy Shocks, L80|86/100\n|move|p2a: Brute Bonnet|Crunch|p1a: Sandy Shocks\n|-damage|p1a: Sandy Shocks|63/100\n|-unboost|p1a: Sandy Shocks|def|1\n|\n|-heal|p2a: Brute Bonnet|87/309|[from] item: Leftovers\n|upkeep\n|turn|16\n|inactive|Time left: 300 sec this turn | 300 sec total\n|\n|t:|1783555714\n|-end|p1a: Sandy Shocks|Protosynthesis|[silent]\n|switch|p1a: Arbok|Arbok, L87, M|67/100 slp\n|-ability|p1a: Arbok|Intimidate|boost\n|-unboost|p2a: Brute Bonnet|atk|1\n|move|p2a: Brute Bonnet|Seed Bomb|p1a: Arbok\n|-resisted|p1a: Arbok\n|-damage|p1a: Arbok|55/100 slp\n|\n|-heal|p2a: Brute Bonnet|106/309|[from] item: Leftovers\n|upkeep\n|turn|17\n|inactive|Time left: 300 sec this turn | 300 sec total\n|\n|t:|1783555715\n|switch|p1a: Sandy Shocks|Sandy Shocks, L80|63/100\n|-end|p2a: Brute Bonnet|Protosynthesis|[silent]\n|switch|p2a: Bellibolt|Bellibolt, L84, F|183/320\n|\n|-heal|p2a: Bellibolt|203/320|[from] item: Leftovers\n|upkeep\n|turn|18\n|inactive|Time left: 300 sec this turn | 300 sec total\n|\n|t:|1783555716\n|switch|p2a: Brute Bonnet|Brute Bonnet, L80|106/309\n|move|p1a: Sandy Shocks|Earth Power|p2a: Brute Bonnet\n|-resisted|p2a: Brute Bonnet\n|-damage|p2a: Brute Bonnet|53/309\n|\n|-heal|p2a: Brute Bonnet|72/309|[from] item: Leftovers\n|upkeep\n|turn|19\n|inactive|Time left: 300 sec this turn | 300 sec total\n|\n|t:|1783555717\n|-end|p1a: Sandy Shocks|Protosynthesis|[silent]\n|switch|p1a: Arbok|Arbok, L87, M|55/100 slp\n|-ability|p1a: Arbok|Intimidate|boost\n|-unboost|p2a: Brute Bonnet|atk|1\n|move|p2a: Brute Bonnet|Crunch|p1a: Arbok\n|-damage|p1a: Arbok|25/100 slp\n|\n|-heal|p2a: Brute Bonnet|91/309|[from] item: Leftovers\n|upkeep\n|turn|20\n|inactive|Time left: 300 sec this turn | 300 sec total\n|\n|t:|1783555718\n|switch|p1a: Sandy Shocks|Sandy Shocks, L80|63/100\n|move|p2a: Brute Bonnet|Seed Bomb|p1a: Sandy Shocks\n|-supereffective|p1a: Sandy Shocks\n|-damage|p1a: Sandy Shocks|17/100\n|\n|-heal|p2a: Brute Bonnet|110/309|[from] item: Leftovers\n|upkeep\n|turn|21\n|inactive|Time left: 300 sec this turn | 300 sec total\n|\n|t:|1783555719\n|move|p1a: Sandy Shocks|Stealth Rock|p2a: Brute Bonnet\n|-sidestart|p2: p0y135049c2|move: Stealth Rock\n|move|p2a: Brute Bonnet|Crunch|p1a: Sandy Shocks\n|-damage|p1a: Sandy Shocks|0 fnt\n|faint|p1a: Sandy Shocks\n|-end|p1a: Sandy Shocks|Protosynthesis|[silent]\n|\n|-heal|p2a: Brute Bonnet|129/309|[from] item: Leftovers\n|upkeep\n|\n|t:|1783555720\n|switch|p1a: Gengar|Gengar, L81, M|100/100\n|turn|22\n|inactive|Time left: 300 sec this turn | 300 sec total\n|\n|t:|1783555721\n|move|p2a: Brute Bonnet|Sucker Punch||[still]\n|-fail|p2a: Brute Bonnet\n|move|p1a: Gengar|Will-O-Wisp|p2a: Brute Bonnet\n|-status|p2a: Brute Bonnet|brn\n|\n|-heal|p2a: Brute Bonnet|148/309 brn|[from] item: Leftovers\n|-damage|p2a: Brute Bonnet|129/309 brn|[from] brn\n|upkeep\n|turn|23\n|inactive|Time left: 300 sec this turn | 300 sec total\n|\n|t:|1783555722\n|switch|p1a: Arbok|Arbok, L87, M|25/100 slp\n|-ability|p1a: Arbok|Intimidate|boost\n|-unboost|p2a: Brute Bonnet|atk|1\n|move|p2a: Brute Bonnet|Crunch|p1a: Arbok\n|-damage|p1a: Arbok|13/100 slp\n|\n|-heal|p2a: Brute Bonnet|148/309 brn|[from] item: Leftovers\n|-damage|p2a: Brute Bonnet|129/309 brn|[from] brn\n|upkeep\n|turn|24\n|inactive|Time left: 300 sec this turn | 300 sec total\n|\n|t:|1783555723\n|switch|p1a: Yanmega|Yanmega, L82, M, tera:Bug|11/100\n|-end|p2a: Brute Bonnet|Protosynthesis|[silent]\n|switch|p2a: Bellibolt|Bellibolt, L84, F|203/320\n|-damage|p2a: Bellibolt|163/320|[from] Stealth Rock\n|\n|-heal|p2a: Bellibolt|183/320|[from] item: Leftovers\n|upkeep\n|turn|25\n|inactive|Time left: 300 sec this turn | 300 sec total\n|\n|t:|1783555725\n|switch|p2a: Brute Bonnet|Brute Bonnet, L80|129/309 brn\n|-damage|p2a: Brute Bonnet|91/309 brn|[from] Stealth Rock\n|move|p1a: Yanmega|Bug Buzz|p2a: Brute Bonnet\n|-supereffective|p2a: Brute Bonnet\n|-damage|p2a: Brute Bonnet|0 fnt\n|faint|p2a: Brute Bonnet\n|-end|p2a: Brute Bonnet|Protosynthesis|[silent]\n|\n|upkeep\n|inactive|Time left: 300 sec this turn | 300 sec total | 5 sec grace\n|\n|t:|1783555726\n|switch|p2a: Dedenne|Dedenne, L88, F|261/261\n|-damage|p2a: Dedenne|229/261|[from] Stealth Rock\n|turn|26\n|inactive|Time left: 300 sec this turn | 300 sec total\n|\n|t:|1783555726\n|switch|p1a: Gengar|Gengar, L81, M|100/100\n|move|p2a: Dedenne|U-turn|p1a: Gengar\n|-resisted|p1a: Gengar\n|-damage|p1a: Gengar|95/100\n|inactive|Time left: 300 sec this turn | 300 sec total | 5 sec grace\n|\n|t:|1783555728\n|switch|p2a: Bellibolt|Bellibolt, L84, F|183/320|[from] U-turn\n|-damage|p2a: Bellibolt|143/320|[from] Stealth Rock\n|\n|-heal|p2a: Bellibolt|163/320|[from] item: Leftovers\n|upkeep\n|turn|27\n|inactive|Time left: 300 sec this turn | 300 sec total\n|\n|t:|1783555729\n|move|p1a: Gengar|Sludge Wave|p2a: Bellibolt\n|-damage|p2a: Bellibolt|0 fnt\n|faint|p2a: Bellibolt\n|-damage|p1a: Gengar|85/100|[from] item: Life Orb\n|\n|upkeep\n|inactive|Time left: 300 sec this turn | 300 sec total | 5 sec grace\n|\n|t:|1783555730\n|switch|p2a: Dedenne|Dedenne, L88, F|229/261\n|-damage|p2a: Dedenne|197/261|[from] Stealth Rock\n|turn|28\n|inactive|Time left: 300 sec this turn | 300 sec total\n|\n|t:|1783555731\n|-terastallize|p2a: Dedenne|Flying\n|move|p2a: Dedenne|Thunderbolt|p1a: Gengar\n|-damage|p1a: Gengar|38/100\n|-start|p2a: Dedenne|Disable|Thunderbolt|[from] ability: Cursed Body|[of] p1a: Gengar\n|move|p1a: Gengar|Sludge Wave|p2a: Dedenne\n|-damage|p2a: Dedenne|10/261\n|-enditem|p2a: Dedenne|Sitrus Berry|[eat]\n|-heal|p2a: Dedenne|75/261|[from] item: Sitrus Berry\n|-heal|p2a: Dedenne|162/261|[from] ability: Cheek Pouch\n|-damage|p1a: Gengar|28/100|[from] item: Life Orb\n|\n|upkeep\n|turn|29\n|inactive|Time left: 300 sec this turn | 300 sec total\n|\n|t:|1783555732\n|switch|p1a: Arbok|Arbok, L87, M|13/100 slp\n|-ability|p1a: Arbok|Intimidate|boost\n|-unboost|p2a: Dedenne|atk|1\n|move|p2a: Dedenne|Dazzling Gleam|p1a: Arbok\n|-resisted|p1a: Arbok\n|-damage|p1a: Arbok|0 fnt\n|faint|p1a: Arbok\n|\n|upkeep\n|\n|t:|1783555733\n|switch|p1a: Gengar|Gengar, L81, M|28/100\n|turn|30\n|inactive|Time left: 300 sec this turn | 300 sec total\n|\n|t:|1783555734\n|switch|p1a: Ditto|Ditto, L87|100/100\n|-transform|p1a: Ditto|p2a: Dedenne|[from] ability: Imposter\n|move|p2a: Dedenne|Dazzling Gleam|p1a: Ditto\n|-damage|p1a: Ditto|59/100\n|\n|upkeep\n|-start|p1a: Ditto|typechange|Electric/Fairy|[silent]\n|turn|31\n|inactive|Time left: 300 sec this turn | 300 sec total\n|\n|t:|1783555735\n|move|p1a: Ditto|Thunderbolt|p2a: Dedenne\n|-supereffective|p2a: Dedenne\n|-damage|p2a: Dedenne|0 fnt\n|faint|p2a: Dedenne\n|\n|win|p0x13505535", "uploadtime": 1783555735, "views": 0, "rating": 0, "private": 0, "password": null, "_winner": "p0x13505535", "_our_name": "p0y135049c2"}