{"id": "battle-gen9randombattle-1368", "formatid": "gen9randombattle", "format": "[Gen 9] Random Battle", "players": ["p0x13685295", "p0y13680534"], "log": "|init|battle\n|title|p0x13685295 vs. p0y13680534\n|j|\u2606p0x13685295\n|j|\u2606p0y13680534\n|t:|1783554999\n|gametype|singles\n|player|p1|p0x13685295|170|\n|player|p2|p0y13680534|102|\n|gen|9\n|tier|[Gen 9] Random Battle\n|rule|Species Clause: Limit one of each Pok\u00e9mon\n|rule|HP Percentage Mod: HP is shown in percentages\n|rule|Sleep Clause Mod: Limit one foe put to sleep\n|rule|Illusion Level Mod: Illusion disguises the Pok\u00e9mon's true level\n|\n|t:|1783554999\n|teamsize|p1|6\n|teamsize|p2|6\n|start\n|switch|p1a: Roaring Moon|Roaring Moon, L72|270/270\n|switch|p2a: Gurdurr|Gurdurr, L85, M|100/100\n|turn|1\n|inactive|Battle timer is ON: inactive players will automatically lose when time's up. (requested by p0x13685295)\n|inactive|p0y13680534 also wants the timer to be on.\n|\n|t:|1783555000\n|-end|p1a: Roaring Moon|Protosynthesis|[silent]\n|switch|p1a: Rhyperior|Rhyperior, L82, M|323/323\n|move|p2a: Gurdurr|Drain Punch|p1a: Rhyperior\n|-supereffective|p1a: Rhyperior\n|-damage|p1a: Rhyperior|215/323\n|-enditem|p1a: Rhyperior|Weakness Policy\n|-boost|p1a: Rhyperior|atk|2|[from] item: Weakness Policy\n|-boost|p1a: Rhyperior|spa|2|[from] item: Weakness Policy\n|\n|upkeep\n|turn|2\n|inactive|Time left: 300 sec this turn | 300 sec total\n|\n|t:|1783555002\n|move|p2a: Gurdurr|Bulk Up|p2a: Gurdurr\n|-boost|p2a: Gurdurr|atk|1\n|-boost|p2a: Gurdurr|def|1\n|move|p1a: Rhyperior|Earthquake|p2a: Gurdurr\n|-damage|p2a: Gurdurr|58/100\n|\n|upkeep\n|turn|3\n|inactive|Time left: 300 sec this turn | 300 sec total\n|\n|t:|1783555003\n|-terastallize|p1a: Rhyperior|Bug\n|move|p2a: Gurdurr|Drain Punch|p1a: Rhyperior\n|-resisted|p1a: Rhyperior\n|-damage|p1a: Rhyperior|164/323\n|-heal|p2a: Gurdurr|67/100|[from] drain|[of] p1a: Rhyperior\n|move|p1a: Rhyperior|Earthquake|p2a: Gurdurr\n|-damage|p2a: Gurdurr|20/100\n|\n|upkeep\n|turn|4\n|inactive|Time left: 300 sec this turn | 300 sec total\n|\n|t:|1783555004\n|move|p2a: Gurdurr|Knock Off|p1a: Rhyperior\n|-damage|p1a: Rhyperior|105/323\n|move|p1a: Rhyperior|Rock Polish|p1a: Rhyperior\n|-boost|p1a: Rhyperior|spe|2\n|\n|upkeep\n|turn|5\n|inactive|Time left: 300 sec this turn | 300 sec total\n|\n|t:|1783555005\n|move|p1a: Rhyperior|Earthquake|p2a: Gurdurr\n|-damage|p2a: Gurdurr|0 fnt\n|faint|p2a: Gurdurr\n|\n|upkeep\n|\n|t:|1783555006\n|switch|p2a: Bronzong|Bronzong, L88|100/100\n|turn|6\n|inactive|Time left: 300 sec this turn | 300 sec total\n|\n|t:|1783555007\n|-terastallize|p2a: Bronzong|Fighting\n|move|p1a: Rhyperior|Megahorn|p2a: Bronzong\n|-resisted|p2a: Bronzong\n|-crit|p2a: Bronzong\n|-damage|p2a: Bronzong|32/100\n|move|p2a: Bronzong|Psychic Noise|p1a: Rhyperior\n|-damage|p1a: Rhyperior|5/323\n|-start|p1a: Rhyperior|move: Heal Block\n|\n|-heal|p2a: Bronzong|38/100|[from] item: Leftovers\n|upkeep\n|turn|7\n|inactive|Time left: 300 sec this turn | 300 sec total\n|\n|t:|1783555008\n|move|p1a: Rhyperior|Megahorn|p2a: Bronzong\n|-resisted|p2a: Bronzong\n|-damage|p2a: Bronzong|0 fnt\n|faint|p2a: Bronzong\n|\n|-end|p1a: Rhyperior|move: Heal Block\n|upkeep\n|\n|t:|1783555009\n|switch|p2a: Clodsire|Clodsire, L81, M|100/100\n|turn|8\n|inactive|Time left: 300 sec this turn | 300 sec total\n|\n|t:|1783555011\n|switch|p2a: Dipplin|Dipplin, L88, F|100/100\n|move|p1a: Rhyperior|Earthquake|p2a: Dipplin\n|-resisted|p2a: Dipplin\n|-damage|p2a: Dipplin|76/100\n|\n|upkeep\n|turn|9\n|inactive|Time left: 300 sec this turn | 300 sec total\n|\n|t:|1783555012\n|move|p1a: Rhyperior|Megahorn|p2a: Dipplin\n|-supereffective|p2a: Dipplin\n|-damage|p2a: Dipplin|0 fnt\n|faint|p2a: Dipplin\n|\n|upkeep\n|\n|t:|1783555013\n|switch|p2a: Reuniclus|Reuniclus, L88, M|100/100\n|turn|10\n|inactive|Time left: 300 sec this turn | 300 sec total\n|\n|t:|1783555014\n|switch|p2a: Clodsire|Clodsire, L81, M|100/100\n|move|p1a: Rhyperior|Megahorn|p2a: Clodsire|[miss]\n|-miss|p1a: Rhyperior|p2a: Clodsire\n|\n|upkeep\n|turn|11\n|inactive|Time left: 300 sec this turn | 300 sec total\n|\n|t:|1783555015\n|switch|p2a: Reuniclus|Reuniclus, L88, M|100/100\n|move|p1a: Rhyperior|Earthquake|p2a: Reuniclus\n|-damage|p2a: Reuniclus|16/100\n|\n|upkeep\n|turn|12\n|inactive|Time left: 300 sec this turn | 300 sec total\n|\n|t:|1783555016\n|move|p1a: Rhyperior|Earthquake|p2a: Reuniclus\n|-damage|p2a: Reuniclus|0 fnt\n|faint|p2a: Reuniclus\n|\n|upkeep\n|\n|t:|1783555017\n|switch|p2a: Clodsire|Clodsire, L81, M|100/100\n|turn|13\n|inactive|Time left: 300 sec this turn | 300 sec total\n|\n|t:|1783555017\n|move|p1a: Rhyperior|Earthquake|p2a: Clodsire\n|-supereffective|p2a: Clodsire\n|-damage|p2a: Clodsire|0 fnt\n|faint|p2a: Clodsire\n|\n|upkeep\n|\n|t:|1783555018\n|switch|p2a: Emboar|Emboar, L84, M|100/100\n|turn|14\n|inactive|Time left: 300 sec this turn | 300 sec total\n|\n|t:|1783555019\n|move|p1a: Rhyperior|Earthquake|p2a: Emboar\n|-supereffective|p2a: Emboar\n|-damage|p2a: Emboar|0 fnt\n|faint|p2a: Emboar\n|\n|win|p0x13685295", "uploadtime": 1783555019, "views": 0, "rating": 0, "private": 0, "password": null, "_winner": "p0x13685295", "_our_name": "p0x13685295"}