{"id": "battle-gen9randombattle-1320", "formatid": "gen9randombattle", "format": "[Gen 9] Random Battle", "players": ["p0x1320a10d", "p0y1320e5db"], "log": "|init|battle\n|title|p0x1320a10d vs. p0y1320e5db\n|j|\u2606p0x1320a10d\n|j|\u2606p0y1320e5db\n|t:|1783555318\n|gametype|singles\n|player|p1|p0x1320a10d|2|\n|player|p2|p0y1320e5db|101|\n|gen|9\n|tier|[Gen 9] Random Battle\n|rule|Species Clause: Limit one of each Pok\u00e9mon\n|rule|HP Percentage Mod: HP is shown in percentages\n|rule|Sleep Clause Mod: Limit one foe put to sleep\n|rule|Illusion Level Mod: Illusion disguises the Pok\u00e9mon's true level\n|\n|t:|1783555318\n|teamsize|p1|6\n|teamsize|p2|6\n|start\n|switch|p1a: Braviary|Braviary-Hisui, L85, M|100/100\n|switch|p2a: Ariados|Ariados, L95, M|287/287\n|turn|1\n|inactive|Battle timer is ON: inactive players will automatically lose when time's up. (requested by p0x1320a10d)\n|inactive|Time left: 300 sec this turn | 300 sec total | 60 sec grace\n|inactive|p0y1320e5db also wants the timer to be on.\n|\n|t:|1783555320\n|move|p1a: Braviary|Psychic|p2a: Ariados\n|-supereffective|p2a: Ariados\n|-enditem|p2a: Ariados|Focus Sash\n|-damage|p2a: Ariados|1/287\n|move|p2a: Ariados|Sticky Web|p1a: Braviary\n|-sidestart|p1: p0x1320a10d|move: Sticky Web\n|\n|upkeep\n|turn|2\n|inactive|Time left: 300 sec this turn | 300 sec total\n|\n|t:|1783555321\n|move|p1a: Braviary|Psychic|p2a: Ariados\n|-supereffective|p2a: Ariados\n|-damage|p2a: Ariados|0 fnt\n|faint|p2a: Ariados\n|\n|upkeep\n|inactive|Time left: 300 sec this turn | 300 sec total | 5 sec grace\n|\n|t:|1783555322\n|switch|p2a: Gallade|Gallade, L80, M|240/240\n|turn|3\n|inactive|Time left: 300 sec this turn | 300 sec total\n|\n|t:|1783555322\n|move|p2a: Gallade|Night Slash|p1a: Braviary\n|-supereffective|p1a: Braviary\n|-damage|p1a: Braviary|18/100\n|move|p1a: Braviary|Hurricane|p2a: Gallade|[miss]\n|-miss|p1a: Braviary|p2a: Gallade\n|\n|upkeep\n|turn|4\n|inactive|Time left: 300 sec this turn | 300 sec total\n|\n|t:|1783555323\n|switch|p1a: Iron Treads|Iron Treads, L77|100/100\n|-activate|p1a: Iron Treads|move: Sticky Web\n|-unboost|p1a: Iron Treads|spe|1\n|move|p2a: Gallade|Night Slash|p1a: Iron Treads\n|-damage|p1a: Iron Treads|60/100\n|\n|upkeep\n|turn|5\n|inactive|Time left: 300 sec this turn | 300 sec total\n|\n|t:|1783555324\n|move|p2a: Gallade|Night Slash|p1a: Iron Treads\n|-damage|p1a: Iron Treads|17/100\n|move|p1a: Iron Treads|Rapid Spin|p2a: Gallade\n|-damage|p2a: Gallade|193/240\n|-boost|p1a: Iron Treads|spe|1\n|-sideend|p1: p0x1320a10d|Sticky Web|[from] move: Rapid Spin|[of] p1a: Iron Treads\n|\n|upkeep\n|turn|6\n|inactive|Time left: 300 sec this turn | 300 sec total\n|\n|t:|1783555325\n|move|p1a: Iron Treads|Iron Head|p2a: Gallade\n|-damage|p2a: Gallade|87/240\n|move|p2a: Gallade|Night Slash|p1a: Iron Treads\n|-damage|p1a: Iron Treads|0 fnt\n|faint|p1a: Iron Treads\n|-end|p1a: Iron Treads|Quark Drive|[silent]\n|\n|upkeep\n|\n|t:|1783555326\n|switch|p1a: Sandslash|Sandslash, L89, F|100/100\n|turn|7\n|inactive|Time left: 300 sec this turn | 300 sec total\n|\n|t:|1783555327\n|move|p2a: Gallade|Night Slash|p1a: Sandslash\n|-damage|p1a: Sandslash|64/100\n|move|p1a: Sandslash|Earthquake|p2a: Gallade\n|-damage|p2a: Gallade|0 fnt\n|faint|p2a: Gallade\n|\n|-heal|p1a: Sandslash|70/100|[from] item: Leftovers\n|upkeep\n|inactive|Time left: 300 sec this turn | 300 sec total | 5 sec grace\n|\n|t:|1783555328\n|switch|p2a: Suicune|Suicune, L82|298/298\n|-ability|p2a: Suicune|Pressure\n|turn|8\n|inactive|Time left: 300 sec this turn | 300 sec total\n|\n|t:|1783555329\n|switch|p1a: Porygon2|Porygon2, L81|100/100\n|-ability|p1a: Porygon2|Download|boost\n|-boost|p1a: Porygon2|spa|1\n|move|p2a: Suicune|Scald|p1a: Porygon2\n|-damage|p1a: Porygon2|83/100\n|-status|p1a: Porygon2|brn\n|\n|-damage|p1a: Porygon2|77/100 brn|[from] brn\n|upkeep\n|turn|9\n|inactive|Time left: 300 sec this turn | 300 sec total\n|\n|t:|1783555330\n|move|p2a: Suicune|Calm Mind|p2a: Suicune\n|-boost|p2a: Suicune|spa|1\n|-boost|p2a: Suicune|spd|1\n|move|p1a: Porygon2|Recover|p1a: Porygon2\n|-heal|p1a: Porygon2|100/100 brn\n|\n|-damage|p1a: Porygon2|95/100 brn|[from] brn\n|upkeep\n|turn|10\n|inactive|Time left: 300 sec this turn | 300 sec total\n|\n|t:|1783555331\n|move|p2a: Suicune|Calm Mind|p2a: Suicune\n|-boost|p2a: Suicune|spa|1\n|-boost|p2a: Suicune|spd|1\n|move|p1a: Porygon2|Recover|p1a: Porygon2\n|-heal|p1a: Porygon2|100/100 brn\n|\n|-damage|p1a: Porygon2|95/100 brn|[from] brn\n|upkeep\n|turn|11\n|inactive|Time left: 300 sec this turn | 300 sec total\n|\n|t:|1783555332\n|move|p2a: Suicune|Scald|p1a: Porygon2\n|-damage|p1a: Porygon2|56/100 brn\n|move|p1a: Porygon2|Thunder Wave|p2a: Suicune\n|-status|p2a: Suicune|par\n|\n|-damage|p1a: Porygon2|50/100 brn|[from] brn\n|upkeep\n|turn|12\n|inactive|Time left: 300 sec this turn | 300 sec total\n|\n|t:|1783555333\n|move|p1a: Porygon2|Recover|p1a: Porygon2\n|-heal|p1a: Porygon2|100/100 brn\n|move|p2a: Suicune|Scald|p1a: Porygon2\n|-damage|p1a: Porygon2|60/100 brn\n|\n|-damage|p1a: Porygon2|55/100 brn|[from] brn\n|upkeep\n|turn|13\n|inactive|Time left: 300 sec this turn | 300 sec total\n|\n|t:|1783555334\n|move|p1a: Porygon2|Recover|p1a: Porygon2\n|-heal|p1a: Porygon2|100/100 brn\n|move|p2a: Suicune|Scald|p1a: Porygon2\n|-damage|p1a: Porygon2|63/100 brn\n|\n|-damage|p1a: Porygon2|58/100 brn|[from] brn\n|upkeep\n|turn|14\n|inactive|Time left: 300 sec this turn | 300 sec total\n|\n|t:|1783555335\n|move|p1a: Porygon2|Recover|p1a: Porygon2\n|-heal|p1a: Porygon2|100/100 brn\n|cant|p2a: Suicune|par\n|\n|-damage|p1a: Porygon2|95/100 brn|[from] brn\n|upkeep\n|turn|15\n|inactive|Time left: 300 sec this turn | 300 sec total\n|\n|t:|1783555336\n|move|p1a: Porygon2|Recover|p1a: Porygon2\n|-heal|p1a: Porygon2|100/100 brn\n|move|p2a: Suicune|Scald|p1a: Porygon2\n|-damage|p1a: Porygon2|63/100 brn\n|\n|-damage|p1a: Porygon2|57/100 brn|[from] brn\n|upkeep\n|turn|16\n|inactive|Time left: 300 sec this turn | 300 sec total\n|\n|t:|1783555337\n|move|p1a: Porygon2|Recover|p1a: Porygon2\n|-heal|p1a: Porygon2|100/100 brn\n|move|p2a: Suicune|Scald|p1a: Porygon2\n|-damage|p1a: Porygon2|61/100 brn\n|\n|-damage|p1a: Porygon2|55/100 brn|[from] brn\n|upkeep\n|turn|17\n|inactive|Time left: 300 sec this turn | 300 sec total\n|\n|t:|1783555338\n|move|p1a: Porygon2|Recover|p1a: Porygon2\n|-heal|p1a: Porygon2|100/100 brn\n|move|p2a: Suicune|Scald|p1a: Porygon2\n|-damage|p1a: Porygon2|67/100 brn\n|\n|-damage|p1a: Porygon2|61/100 brn|[from] brn\n|upkeep\n|turn|18\n|inactive|Time left: 300 sec this turn | 300 sec total\n|\n|t:|1783555339\n|move|p1a: Porygon2|Tera Blast|p2a: Suicune\n|-damage|p2a: Suicune|246/298 par\n|move|p2a: Suicune|Scald|p1a: Porygon2\n|-damage|p1a: Porygon2|27/100 brn\n|\n|-heal|p2a: Suicune|264/298 par|[from] item: Leftovers\n|-damage|p1a: Porygon2|21/100 brn|[from] brn\n|upkeep\n|turn|19\n|inactive|Time left: 300 sec this turn | 300 sec total\n|\n|t:|1783555340\n|move|p1a: Porygon2|Tera Blast|p2a: Suicune\n|-damage|p2a: Suicune|206/298 par\n|move|p2a: Suicune|Scald|p1a: Porygon2\n|-damage|p1a: Porygon2|0 fnt\n|faint|p1a: Porygon2\n|\n|-heal|p2a: Suicune|224/298 par|[from] item: Leftovers\n|upkeep\n|\n|t:|1783555341\n|switch|p1a: Dachsbun|Dachsbun, L92, M|100/100\n|turn|20\n|inactive|Time left: 300 sec this turn | 300 sec total\n|\n|t:|1783555342\n|move|p1a: Dachsbun|Wish|p1a: Dachsbun\n|cant|p2a: Suicune|par\n|\n|-heal|p2a: Suicune|242/298 par|[from] item: Leftovers\n|upkeep\n|turn|21\n|inactive|Time left: 300 sec this turn | 300 sec total\n|\n|t:|1783555343\n|move|p1a: Dachsbun|Play Rough|p2a: Suicune\n|-damage|p2a: Suicune|166/298 par\n|move|p2a: Suicune|Scald|p1a: Dachsbun\n|-damage|p1a: Dachsbun|37/100\n|\n|-heal|p1a: Dachsbun|87/100|[from] move: Wish|[wisher] Dachsbun\n|-heal|p1a: Dachsbun|93/100|[from] item: Leftovers\n|-heal|p2a: Suicune|184/298 par|[from] item: Leftovers\n|upkeep\n|turn|22\n|inactive|Time left: 300 sec this turn | 300 sec total\n|\n|t:|1783555344\n|move|p1a: Dachsbun|Play Rough|p2a: Suicune\n|-damage|p2a: Suicune|108/298 par\n|cant|p2a: Suicune|par\n|\n|-heal|p1a: Dachsbun|99/100|[from] item: Leftovers\n|-heal|p2a: Suicune|126/298 par|[from] item: Leftovers\n|upkeep\n|turn|23\n|inactive|Time left: 300 sec this turn | 300 sec total\n|\n|t:|1783555345\n|move|p1a: Dachsbun|Play Rough|p2a: Suicune\n|-damage|p2a: Suicune|44/298 par\n|move|p2a: Suicune|Scald|p1a: Dachsbun\n|-damage|p1a: Dachsbun|37/100\n|\n|-heal|p1a: Dachsbun|43/100|[from] item: Leftovers\n|-heal|p2a: Suicune|62/298 par|[from] item: Leftovers\n|upkeep\n|turn|24\n|inactive|Time left: 300 sec this turn | 300 sec total\n|\n|t:|1783555347\n|move|p1a: Dachsbun|Play Rough|p2a: Suicune\n|-damage|p2a: Suicune|0 fnt\n|faint|p2a: Suicune\n|\n|-heal|p1a: Dachsbun|49/100|[from] item: Leftovers\n|upkeep\n|inactive|Time left: 300 sec this turn | 300 sec total | 5 sec grace\n|\n|t:|1783555348\n|switch|p2a: Mimikyu|Mimikyu, L79, M|216/216\n|turn|25\n|inactive|Time left: 300 sec this turn | 300 sec total\n|\n|t:|1783555349\n|move|p1a: Dachsbun|Yawn|p2a: Mimikyu\n|-start|p2a: Mimikyu|move: Yawn|[of] p1a: Dachsbun\n|move|p2a: Mimikyu|Swords Dance|p2a: Mimikyu\n|-boost|p2a: Mimikyu|atk|2\n|\n|-heal|p1a: Dachsbun|54/100|[from] item: Leftovers\n|upkeep\n|turn|26\n|inactive|Time left: 300 sec this turn | 300 sec total\n|\n|t:|1783555350\n|move|p1a: Dachsbun|Protect|p1a: Dachsbun\n|-singleturn|p1a: Dachsbun|Protect\n|move|p2a: Mimikyu|Play Rough|p1a: Dachsbun\n|-activate|p1a: Dachsbun|move: Protect\n|\n|-heal|p1a: Dachsbun|60/100|[from] item: Leftovers\n|-end|p2a: Mimikyu|move: Yawn|[silent]\n|-status|p2a: Mimikyu|slp\n|upkeep\n|turn|27\n|inactive|Time left: 300 sec this turn | 300 sec total\n|\n|t:|1783555351\n|move|p1a: Dachsbun|Wish|p1a: Dachsbun\n|cant|p2a: Mimikyu|slp\n|\n|-heal|p1a: Dachsbun|66/100|[from] item: Leftovers\n|upkeep\n|turn|28\n|inactive|Time left: 300 sec this turn | 300 sec total\n|\n|t:|1783555352\n|move|p1a: Dachsbun|Play Rough|p2a: Mimikyu\n|-activate|p2a: Mimikyu|ability: Disguise\n|-damage|p2a: Mimikyu|216/216 slp\n|detailschange|p2a: Mimikyu|Mimikyu-Busted, L79, M\n|-damage|p2a: Mimikyu|189/216 slp|[from] pokemon: Mimikyu-Busted\n|cant|p2a: Mimikyu|slp\n|\n|-heal|p1a: Dachsbun|100/100|[from] move: Wish|[wisher] Dachsbun\n|upkeep\n|turn|29\n|inactive|Time left: 300 sec this turn | 300 sec total\n|\n|t:|1783555353\n|move|p1a: Dachsbun|Play Rough|p2a: Mimikyu\n|-damage|p2a: Mimikyu|80/216 slp\n|cant|p2a: Mimikyu|slp\n|\n|upkeep\n|turn|30\n|inactive|Time left: 300 sec this turn | 300 sec total\n|\n|t:|1783555354\n|move|p1a: Dachsbun|Play Rough|p2a: Mimikyu\n|-damage|p2a: Mimikyu|0 fnt\n|faint|p2a: Mimikyu\n|\n|upkeep\n|inactive|Time left: 300 sec this turn | 300 sec total | 5 sec grace\n|\n|t:|1783555355\n|switch|p2a: Quagsire|Quagsire, L84, F|297/297\n|turn|31\n|inactive|Time left: 300 sec this turn | 300 sec total\n|\n|t:|1783555356\n|switch|p1a: Braviary|Braviary-Hisui, L85, M|18/100\n|move|p2a: Quagsire|Toxic|p1a: Braviary\n|-status|p1a: Braviary|tox\n|\n|-damage|p1a: Braviary|12/100 tox|[from] psn\n|upkeep\n|turn|32\n|inactive|Time left: 300 sec this turn | 300 sec total\n|\n|t:|1783555357\n|move|p1a: Braviary|Psychic|p2a: Quagsire\n|-damage|p2a: Quagsire|47/297\n|move|p2a: Quagsire|Recover|p2a: Quagsire\n|-heal|p2a: Quagsire|196/297\n|\n|-heal|p2a: Quagsire|214/297|[from] item: Leftovers\n|-damage|p1a: Braviary|0 fnt|[from] psn\n|faint|p1a: Braviary\n|upkeep\n|\n|t:|1783555358\n|switch|p1a: Deoxys|Deoxys, L74|100/100\n|-ability|p1a: Deoxys|Pressure\n|turn|33\n|inactive|Time left: 300 sec this turn | 300 sec total\n|\n|t:|1783555359\n|move|p1a: Deoxys|Psycho Boost|p2a: Quagsire\n|-damage|p2a: Quagsire|0 fnt\n|-unboost|p1a: Deoxys|spa|2\n|faint|p2a: Quagsire\n|-damage|p1a: Deoxys|91/100|[from] item: Life Orb\n|\n|upkeep\n|inactive|Time left: 300 sec this turn | 300 sec total | 5 sec grace\n|\n|t:|1783555360\n|switch|p2a: Tropius|Tropius, L91, F|328/328\n|turn|34\n|inactive|Time left: 300 sec this turn | 300 sec total\n|\n|t:|1783555362\n|switch|p1a: Dachsbun|Dachsbun, L92, M|100/100\n|move|p2a: Tropius|Air Slash|p1a: Dachsbun\n|-damage|p1a: Dachsbun|69/100\n|\n|-heal|p1a: Dachsbun|75/100|[from] item: Leftovers\n|upkeep\n|turn|35\n|inactive|Time left: 300 sec this turn | 300 sec total\n|\n|t:|1783555363\n|move|p1a: Dachsbun|Yawn|p2a: Tropius\n|-start|p2a: Tropius|move: Yawn|[of] p1a: Dachsbun\n|move|p2a: Tropius|Leech Seed|p1a: Dachsbun\n|-start|p1a: Dachsbun|move: Leech Seed\n|\n|-heal|p1a: Dachsbun|81/100|[from] item: Leftovers\n|-damage|p1a: Dachsbun|69/100|[from] Leech Seed|[of] p2a: Tropius\n|upkeep\n|turn|36\n|inactive|Time left: 300 sec this turn | 300 sec total\n|\n|t:|1783555364\n|switch|p1a: Sandslash|Sandslash, L89, F|70/100\n|move|p2a: Tropius|Substitute|p2a: Tropius\n|-start|p2a: Tropius|Substitute\n|-damage|p2a: Tropius|246/328\n|\n|-heal|p1a: Sandslash|76/100|[from] item: Leftovers\n|-end|p2a: Tropius|move: Yawn|[silent]\n|-status|p2a: Tropius|slp\n|upkeep\n|turn|37\n|inactive|Time left: 300 sec this turn | 300 sec total\n|\n|t:|1783555365\n|move|p1a: Sandslash|Stone Edge|p2a: Tropius\n|-supereffective|p2a: Tropius\n|-crit|p2a: Tropius\n|-end|p2a: Tropius|Substitute\n|cant|p2a: Tropius|slp\n|\n|-heal|p1a: Sandslash|82/100|[from] item: Leftovers\n|upkeep\n|turn|38\n|inactive|Time left: 300 sec this turn | 300 sec total\n|\n|t:|1783555366\n|move|p1a: Sandslash|Knock Off|p2a: Tropius\n|-damage|p2a: Tropius|173/328 slp\n|-enditem|p2a: Tropius|Sitrus Berry|[from] move: Knock Off|[of] p1a: Sandslash\n|-curestatus|p2a: Tropius|slp|[msg]\n|move|p2a: Tropius|Leech Seed|p1a: Sandslash\n|-start|p1a: Sandslash|move: Leech Seed\n|\n|-heal|p1a: Sandslash|88/100|[from] item: Leftovers\n|-damage|p1a: Sandslash|76/100|[from] Leech Seed|[of] p2a: Tropius\n|-heal|p2a: Tropius|207/328|[silent]\n|upkeep\n|turn|39\n|inactive|Time left: 300 sec this turn | 300 sec total\n|\n|t:|1783555367\n|move|p1a: Sandslash|Stone Edge|p2a: Tropius|[miss]\n|-miss|p1a: Sandslash|p2a: Tropius\n|move|p2a: Tropius|Air Slash|p1a: Sandslash\n|-damage|p1a: Sandslash|40/100\n|\n|-heal|p1a: Sandslash|47/100|[from] item: Leftovers\n|-damage|p1a: Sandslash|34/100|[from] Leech Seed|[of] p2a: Tropius\n|-heal|p2a: Tropius|241/328|[silent]\n|upkeep\n|turn|40\n|inactive|Time left: 300 sec this turn | 300 sec total\n|\n|t:|1783555368\n|switch|p1a: Dachsbun|Dachsbun, L92, M|69/100\n|move|p2a: Tropius|Substitute|p2a: Tropius\n|-start|p2a: Tropius|Substitute\n|-damage|p2a: Tropius|159/328\n|\n|-heal|p1a: Dachsbun|75/100|[from] item: Leftovers\n|upkeep\n|turn|41\n|inactive|Time left: 300 sec this turn | 300 sec total\n|\n|t:|1783555370\n|move|p1a: Dachsbun|Play Rough|p2a: Tropius\n|-end|p2a: Tropius|Substitute\n|move|p2a: Tropius|Leech Seed|p1a: Dachsbun|[miss]\n|-miss|p2a: Tropius|p1a: Dachsbun\n|\n|-heal|p1a: Dachsbun|81/100|[from] item: Leftovers\n|upkeep\n|turn|42\n|inactive|Time left: 300 sec this turn | 300 sec total\n|\n|t:|1783555371\n|move|p1a: Dachsbun|Yawn|p2a: Tropius\n|-start|p2a: Tropius|move: Yawn|[of] p1a: Dachsbun\n|move|p2a: Tropius|Leech Seed|p1a: Dachsbun\n|-start|p1a: Dachsbun|move: Leech Seed\n|\n|-heal|p1a: Dachsbun|87/100|[from] item: Leftovers\n|-damage|p1a: Dachsbun|75/100|[from] Leech Seed|[of] p2a: Tropius\n|-heal|p2a: Tropius|190/328|[silent]\n|upkeep\n|turn|43\n|inactive|Time left: 300 sec this turn | 300 sec total\n|\n|t:|1783555372\n|switch|p1a: Sandslash|Sandslash, L89, F|34/100\n|move|p2a: Tropius|Leech Seed|p1a: Sandslash\n|-start|p1a: Sandslash|move: Leech Seed\n|\n|-heal|p1a: Sandslash|40/100|[from] item: Leftovers\n|-damage|p1a: Sandslash|28/100|[from] Leech Seed|[of] p2a: Tropius\n|-heal|p2a: Tropius|224/328|[silent]\n|-end|p2a: Tropius|move: Yawn|[silent]\n|-status|p2a: Tropius|slp\n|upkeep\n|turn|44\n|inactive|Time left: 300 sec this turn | 300 sec total\n|\n|t:|1783555373\n|move|p1a: Sandslash|Stone Edge|p2a: Tropius|[miss]\n|-miss|p1a: Sandslash|p2a: Tropius\n|cant|p2a: Tropius|slp\n|\n|-heal|p1a: Sandslash|34/100|[from] item: Leftovers\n|-damage|p1a: Sandslash|22/100|[from] Leech Seed|[of] p2a: Tropius\n|-heal|p2a: Tropius|258/328 slp|[silent]\n|upkeep\n|turn|45\n|inactive|Time left: 300 sec this turn | 300 sec total\n|\n|t:|1783555374\n|move|p1a: Sandslash|Stone Edge|p2a: Tropius\n|-supereffective|p2a: Tropius\n|-damage|p2a: Tropius|100/328 slp\n|-curestatus|p2a: Tropius|slp|[msg]\n|move|p2a: Tropius|Air Slash|p1a: Sandslash\n|-damage|p1a: Sandslash|0 fnt\n|faint|p1a: Sandslash\n|\n|upkeep\n|\n|t:|1783555374\n|switch|p1a: Deoxys|Deoxys, L74|91/100\n|-ability|p1a: Deoxys|Pressure\n|turn|46\n|inactive|Time left: 300 sec this turn | 300 sec total\n|\n|t:|1783555375\n|-terastallize|p1a: Deoxys|Psychic\n|move|p2a: Tropius|Protect|p2a: Tropius\n|-singleturn|p2a: Tropius|Protect\n|move|p1a: Deoxys|Psycho Boost|p2a: Tropius\n|-activate|p2a: Tropius|move: Protect\n|\n|upkeep\n|turn|47\n|inactive|Time left: 300 sec this turn | 300 sec total\n|\n|t:|1783555376\n|move|p2a: Tropius|Protect|p2a: Tropius\n|-singleturn|p2a: Tropius|Protect\n|move|p1a: Deoxys|Psycho Boost|p2a: Tropius\n|-activate|p2a: Tropius|move: Protect\n|\n|upkeep\n|turn|48\n|inactive|Time left: 300 sec this turn | 300 sec total\n|\n|t:|1783555377\n|move|p1a: Deoxys|Psycho Boost|p2a: Tropius\n|-damage|p2a: Tropius|0 fnt\n|-unboost|p1a: Deoxys|spa|2\n|faint|p2a: Tropius\n|-damage|p1a: Deoxys|81/100|[from] item: Life Orb\n|\n|win|p0x1320a10d", "uploadtime": 1783555377, "views": 0, "rating": 0, "private": 0, "password": null, "_winner": "p0x1320a10d", "_our_name": "p0y1320e5db"}