{"id": "battle-gen9randombattle-341", "formatid": "gen9randombattle", "format": "[Gen 9] Random Battle", "players": ["p0x341d291", "p0y3410146"], "log": "|init|battle\n|title|p0x341d291 vs. p0y3410146\n|j|\u2606p0x341d291\n|j|\u2606p0y3410146\n|t:|1783543607\n|gametype|singles\n|player|p1|p0x341d291|265|\n|player|p2|p0y3410146|101|\n|gen|9\n|tier|[Gen 9] Random Battle\n|rule|Species Clause: Limit one of each Pok\u00e9mon\n|rule|HP Percentage Mod: HP is shown in percentages\n|rule|Sleep Clause Mod: Limit one foe put to sleep\n|rule|Illusion Level Mod: Illusion disguises the Pok\u00e9mon's true level\n|\n|t:|1783543607\n|teamsize|p1|6\n|teamsize|p2|6\n|start\n|switch|p1a: Porygon2|Porygon2, L81|270/270\n|switch|p2a: Kingambit|Kingambit, L74, M|100/100\n|-ability|p1a: Porygon2|Download|boost\n|-boost|p1a: Porygon2|spa|1\n|turn|1\n|inactive|Battle timer is ON: inactive players will automatically lose when time's up. (requested by p0y3410146)\n|inactive|Time left: 300 sec this turn | 300 sec total | 60 sec grace\n|inactive|p0x341d291 also wants the timer to be on.\n|\n|t:|1783543609\n|move|p1a: Porygon2|Discharge|p2a: Kingambit\n|-damage|p2a: Kingambit|61/100\n|move|p2a: Kingambit|Swords Dance|p2a: Kingambit\n|-boost|p2a: Kingambit|atk|2\n|\n|-heal|p2a: Kingambit|67/100|[from] item: Leftovers\n|upkeep\n|turn|2\n|inactive|Time left: 300 sec this turn | 300 sec total\n|\n|t:|1783543610\n|move|p1a: Porygon2|Discharge|p2a: Kingambit\n|-damage|p2a: Kingambit|32/100\n|move|p2a: Kingambit|Kowtow Cleave|p1a: Porygon2\n|-damage|p1a: Porygon2|137/270\n|\n|-heal|p2a: Kingambit|38/100|[from] item: Leftovers\n|upkeep\n|turn|3\n|inactive|Time left: 300 sec this turn | 300 sec total\n|\n|t:|1783543611\n|move|p1a: Porygon2|Recover|p1a: Porygon2\n|-heal|p1a: Porygon2|270/270\n|move|p2a: Kingambit|Kowtow Cleave|p1a: Porygon2\n|-damage|p1a: Porygon2|144/270\n|\n|-heal|p2a: Kingambit|44/100|[from] item: Leftovers\n|upkeep\n|turn|4\n|inactive|Time left: 300 sec this turn | 300 sec total\n|\n|t:|1783543612\n|-terastallize|p1a: Porygon2|Electric\n|move|p1a: Porygon2|Discharge|p2a: Kingambit\n|-damage|p2a: Kingambit|0 fnt\n|faint|p2a: Kingambit\n|-end|p2a: Kingambit|fallenundefined|[silent]\n|\n|upkeep\n|\n|t:|1783543613\n|switch|p2a: Golem|Golem, L87, F|100/100\n|turn|5\n|inactive|Time left: 300 sec this turn | 300 sec total\n|\n|t:|1783543615\n|move|p1a: Porygon2|Recover|p1a: Porygon2\n|-heal|p1a: Porygon2|270/270\n|move|p2a: Golem|Earthquake|p1a: Porygon2\n|-supereffective|p1a: Porygon2\n|-damage|p1a: Porygon2|90/270\n|\n|upkeep\n|turn|6\n|inactive|Time left: 300 sec this turn | 300 sec total\n|\n|t:|1783543616\n|move|p1a: Porygon2|Recover|p1a: Porygon2\n|-heal|p1a: Porygon2|225/270\n|move|p2a: Golem|Earthquake|p1a: Porygon2\n|-supereffective|p1a: Porygon2\n|-damage|p1a: Porygon2|39/270\n|\n|upkeep\n|turn|7\n|inactive|Time left: 300 sec this turn | 300 sec total\n|\n|t:|1783543617\n|move|p1a: Porygon2|Ice Beam|p2a: Golem\n|-supereffective|p2a: Golem\n|-damage|p2a: Golem|25/100\n|-enditem|p2a: Golem|Weakness Policy\n|-boost|p2a: Golem|atk|2|[from] item: Weakness Policy\n|-boost|p2a: Golem|spa|2|[from] item: Weakness Policy\n|move|p2a: Golem|Earthquake|p1a: Porygon2\n|-supereffective|p1a: Porygon2\n|-damage|p1a: Porygon2|0 fnt\n|faint|p1a: Porygon2\n|\n|upkeep\n|inactive|Time left: 300 sec this turn | 300 sec total | 5 sec grace\n|\n|t:|1783543618\n|switch|p1a: Hoopa|Hoopa, L85|275/275\n|turn|8\n|inactive|Time left: 300 sec this turn | 300 sec total\n|\n|t:|1783543619\n|move|p1a: Hoopa|Psyshock|p2a: Golem\n|-damage|p2a: Golem|0 fnt\n|faint|p2a: Golem\n|\n|upkeep\n|\n|t:|1783543621\n|switch|p2a: Necrozma|Necrozma, L80|100/100\n|turn|9\n|inactive|Time left: 300 sec this turn | 300 sec total\n|\n|t:|1783543622\n|move|p1a: Hoopa|Psyshock|p2a: Necrozma\n|-resisted|p2a: Necrozma\n|-damage|p2a: Necrozma|80/100\n|move|p2a: Necrozma|Swords Dance|p2a: Necrozma\n|-boost|p2a: Necrozma|atk|2\n|\n|upkeep\n|turn|10\n|inactive|Time left: 300 sec this turn | 300 sec total\n|\n|t:|1783543623\n|move|p1a: Hoopa|Psyshock|p2a: Necrozma\n|-resisted|p2a: Necrozma\n|-damage|p2a: Necrozma|57/100\n|move|p2a: Necrozma|Photon Geyser|p1a: Hoopa\n|-resisted|p1a: Hoopa\n|-damage|p1a: Hoopa|85/275\n|-damage|p2a: Necrozma|48/100|[from] item: Life Orb\n|\n|upkeep\n|turn|11\n|inactive|Time left: 300 sec this turn | 300 sec total\n|\n|t:|1783543624\n|move|p1a: Hoopa|Psyshock|p2a: Necrozma\n|-resisted|p2a: Necrozma\n|-damage|p2a: Necrozma|27/100\n|move|p2a: Necrozma|Knock Off|p1a: Hoopa\n|-supereffective|p1a: Hoopa\n|-damage|p1a: Hoopa|0 fnt\n|-enditem|p1a: Hoopa|Choice Scarf|[from] move: Knock Off|[of] p2a: Necrozma\n|faint|p1a: Hoopa\n|-damage|p2a: Necrozma|18/100|[from] item: Life Orb\n|\n|upkeep\n|inactive|Time left: 300 sec this turn | 300 sec total | 5 sec grace\n|\n|t:|1783543625\n|switch|p1a: Whimsicott|Whimsicott, L84, M|238/238\n|turn|12\n|inactive|Time left: 300 sec this turn | 300 sec total\n|\n|t:|1783543626\n|-terastallize|p2a: Necrozma|Steel\n|move|p1a: Whimsicott|Moonblast|p2a: Necrozma\n|-resisted|p2a: Necrozma\n|-damage|p2a: Necrozma|3/100\n|-unboost|p2a: Necrozma|spa|1\n|move|p2a: Necrozma|Photon Geyser|p1a: Whimsicott\n|-damage|p1a: Whimsicott|0 fnt\n|faint|p1a: Whimsicott\n|-damage|p2a: Necrozma|0 fnt|[from] item: Life Orb\n|faint|p2a: Necrozma\n|\n|upkeep\n|inactive|Time left: 300 sec this turn | 300 sec total | 5 sec grace\n|\n|t:|1783543627\n|switch|p1a: Ninetales|Ninetales, L85, M|263/263\n|switch|p2a: Lugia|Lugia, L73|100/100\n|-weather|SunnyDay|[from] ability: Drought|[of] p1a: Ninetales\n|turn|13\n|inactive|Time left: 300 sec this turn | 300 sec total\n|\n|t:|1783543628\n|move|p1a: Ninetales|Nasty Plot|p1a: Ninetales\n|-boost|p1a: Ninetales|spa|2\n|move|p2a: Lugia|Calm Mind|p2a: Lugia\n|-boost|p2a: Lugia|spa|1\n|-boost|p2a: Lugia|spd|1\n|\n|-weather|SunnyDay|[upkeep]\n|upkeep\n|turn|14\n|inactive|Time left: 300 sec this turn | 300 sec total\n|\n|t:|1783543629\n|move|p1a: Ninetales|Fire Blast|p2a: Lugia\n|-damage|p2a: Lugia|72/100\n|move|p2a: Lugia|Calm Mind|p2a: Lugia\n|-boost|p2a: Lugia|spa|1\n|-boost|p2a: Lugia|spd|1\n|\n|-weather|SunnyDay|[upkeep]\n|upkeep\n|turn|15\n|inactive|Time left: 300 sec this turn | 300 sec total\n|\n|t:|1783543630\n|move|p1a: Ninetales|Fire Blast|p2a: Lugia\n|-damage|p2a: Lugia|27/100\n|move|p2a: Lugia|Recover|p2a: Lugia\n|-heal|p2a: Lugia|77/100\n|\n|-weather|SunnyDay|[upkeep]\n|upkeep\n|turn|16\n|inactive|Time left: 300 sec this turn | 300 sec total\n|\n|t:|1783543631\n|move|p1a: Ninetales|Fire Blast|p2a: Lugia\n|-damage|p2a: Lugia|35/100\n|move|p2a: Lugia|Recover|p2a: Lugia\n|-heal|p2a: Lugia|86/100\n|\n|-weather|SunnyDay|[upkeep]\n|upkeep\n|turn|17\n|inactive|Time left: 300 sec this turn | 300 sec total\n|\n|t:|1783543632\n|move|p1a: Ninetales|Fire Blast|p2a: Lugia\n|-damage|p2a: Lugia|43/100\n|move|p2a: Lugia|Earth Power|p1a: Ninetales\n|-supereffective|p1a: Ninetales\n|-damage|p1a: Ninetales|111/263\n|\n|-weather|none\n|upkeep\n|turn|18\n|inactive|Time left: 300 sec this turn | 300 sec total\n|\n|t:|1783543633\n|move|p1a: Ninetales|Fire Blast|p2a: Lugia\n|-damage|p2a: Lugia|14/100\n|move|p2a: Lugia|Recover|p2a: Lugia\n|-heal|p2a: Lugia|64/100\n|\n|upkeep\n|turn|19\n|inactive|Time left: 300 sec this turn | 300 sec total\n|\n|t:|1783543634\n|move|p1a: Ninetales|Fire Blast|p2a: Lugia\n|-damage|p2a: Lugia|38/100\n|move|p2a: Lugia|Recover|p2a: Lugia\n|-heal|p2a: Lugia|88/100\n|\n|upkeep\n|turn|20\n|inactive|Time left: 300 sec this turn | 300 sec total\n|\n|t:|1783543635\n|move|p1a: Ninetales|Fire Blast|p2a: Lugia\n|-damage|p2a: Lugia|59/100\n|move|p2a: Lugia|Earth Power|p1a: Ninetales\n|-supereffective|p1a: Ninetales\n|-damage|p1a: Ninetales|0 fnt\n|faint|p1a: Ninetales\n|\n|upkeep\n|inactive|Time left: 300 sec this turn | 300 sec total | 5 sec grace\n|\n|t:|1783543636\n|switch|p1a: Comfey|Comfey, L85, F|225/225\n|turn|21\n|inactive|Time left: 300 sec this turn | 300 sec total\n|\n|t:|1783543637\n|move|p1a: Comfey|Calm Mind|p1a: Comfey\n|-boost|p1a: Comfey|spa|1\n|-boost|p1a: Comfey|spd|1\n|move|p2a: Lugia|Aeroblast|p1a: Comfey\n|-damage|p1a: Comfey|140/225\n|\n|-heal|p1a: Comfey|154/225|[from] item: Leftovers\n|upkeep\n|turn|22\n|inactive|Time left: 300 sec this turn | 300 sec total\n|\n|t:|1783543638\n|move|p1a: Comfey|Calm Mind|p1a: Comfey\n|-boost|p1a: Comfey|spa|1\n|-boost|p1a: Comfey|spd|1\n|move|p2a: Lugia|Aeroblast|p1a: Comfey\n|-damage|p1a: Comfey|96/225\n|\n|-heal|p1a: Comfey|110/225|[from] item: Leftovers\n|upkeep\n|turn|23\n|inactive|Time left: 300 sec this turn | 300 sec total\n|\n|t:|1783543639\n|move|p1a: Comfey|Calm Mind|p1a: Comfey\n|-boost|p1a: Comfey|spa|1\n|-boost|p1a: Comfey|spd|1\n|move|p2a: Lugia|Aeroblast|p1a: Comfey\n|-damage|p1a: Comfey|59/225\n|\n|-heal|p1a: Comfey|73/225|[from] item: Leftovers\n|upkeep\n|turn|24\n|inactive|Time left: 300 sec this turn | 300 sec total\n|\n|t:|1783543640\n|move|p1a: Comfey|Draining Kiss|p2a: Lugia\n|-damage|p2a: Lugia|42/100\n|-heal|p1a: Comfey|108/225|[from] drain|[of] p2a: Lugia\n|move|p2a: Lugia|Aeroblast|p1a: Comfey\n|-damage|p1a: Comfey|57/225\n|\n|-heal|p1a: Comfey|71/225|[from] item: Leftovers\n|upkeep\n|turn|25\n|inactive|Time left: 300 sec this turn | 300 sec total\n|\n|t:|1783543641\n|move|p1a: Comfey|Draining Kiss|p2a: Lugia\n|-damage|p2a: Lugia|25/100\n|-heal|p1a: Comfey|106/225|[from] drain|[of] p2a: Lugia\n|move|p2a: Lugia|Recover|p2a: Lugia\n|-heal|p2a: Lugia|75/100\n|\n|-heal|p1a: Comfey|120/225|[from] item: Leftovers\n|upkeep\n|turn|26\n|inactive|Time left: 300 sec this turn | 300 sec total\n|\n|t:|1783543642\n|move|p1a: Comfey|Draining Kiss|p2a: Lugia\n|-damage|p2a: Lugia|58/100\n|-heal|p1a: Comfey|156/225|[from] drain|[of] p2a: Lugia\n|move|p2a: Lugia|Aeroblast|p1a: Comfey\n|-damage|p1a: Comfey|101/225\n|\n|-heal|p1a: Comfey|115/225|[from] item: Leftovers\n|upkeep\n|turn|27\n|inactive|Time left: 300 sec this turn | 300 sec total\n|\n|t:|1783543644\n|move|p1a: Comfey|Draining Kiss|p2a: Lugia\n|-damage|p2a: Lugia|42/100\n|-heal|p1a: Comfey|149/225|[from] drain|[of] p2a: Lugia\n|move|p2a: Lugia|Aeroblast|p1a: Comfey\n|-crit|p1a: Comfey\n|-damage|p1a: Comfey|0 fnt\n|faint|p1a: Comfey\n|\n|upkeep\n|inactive|Time left: 300 sec this turn | 300 sec total | 5 sec grace\n|\n|t:|1783543645\n|switch|p1a: Dragalge|Dragalge, L88, F|258/258\n|turn|28\n|inactive|Time left: 300 sec this turn | 300 sec total\n|\n|t:|1783543646\n|move|p2a: Lugia|Earth Power|p1a: Dragalge\n|-supereffective|p1a: Dragalge\n|-damage|p1a: Dragalge|130/258\n|move|p1a: Dragalge|Sludge Wave|p2a: Lugia\n|-damage|p2a: Lugia|21/100\n|\n|-heal|p1a: Dragalge|146/258|[from] item: Leftovers\n|upkeep\n|turn|29\n|inactive|Time left: 300 sec this turn | 300 sec total\n|\n|t:|1783543647\n|move|p2a: Lugia|Earth Power|p1a: Dragalge\n|-supereffective|p1a: Dragalge\n|-damage|p1a: Dragalge|16/258\n|move|p1a: Dragalge|Sludge Wave|p2a: Lugia\n|-crit|p2a: Lugia\n|-damage|p2a: Lugia|0 fnt\n|faint|p2a: Lugia\n|\n|-heal|p1a: Dragalge|32/258|[from] item: Leftovers\n|upkeep\n|\n|t:|1783543648\n|switch|p2a: Poliwrath|Poliwrath, L88, M|100/100\n|turn|30\n|inactive|Time left: 300 sec this turn | 300 sec total\n|\n|t:|1783543649\n|move|p2a: Poliwrath|Liquidation|p1a: Dragalge\n|-resisted|p1a: Dragalge\n|-damage|p1a: Dragalge|0 fnt\n|faint|p1a: Dragalge\n|\n|win|p0y3410146", "uploadtime": 1783543649, "views": 0, "rating": 0, "private": 0, "password": null, "_winner": "p0y3410146", "_our_name": "p0x341d291"}