{"id": "battle-gen9randombattle-2322", "formatid": "gen9randombattle", "format": "[Gen 9] Random Battle", "players": ["p0x23226d9c", "p0y2322a02a"], "log": "|init|battle\n|title|p0x23226d9c vs. p0y2322a02a\n|j|\u2606p0x23226d9c\n|j|\u2606p0y2322a02a\n|t:|1783565934\n|gametype|singles\n|player|p1|p0x23226d9c|169|\n|player|p2|p0y2322a02a|1|\n|gen|9\n|tier|[Gen 9] Random Battle\n|rule|Species Clause: Limit one of each Pok\u00e9mon\n|rule|HP Percentage Mod: HP is shown in percentages\n|rule|Sleep Clause Mod: Limit one foe put to sleep\n|rule|Illusion Level Mod: Illusion disguises the Pok\u00e9mon's true level\n|\n|t:|1783565934\n|teamsize|p1|6\n|teamsize|p2|6\n|start\n|switch|p1a: Gholdengo|Gholdengo, L77|261/261\n|switch|p2a: Beartic|Beartic, L91, M|100/100\n|turn|1\n|inactive|Battle timer is ON: inactive players will automatically lose when time's up. (requested by p0x23226d9c)\n|inactive|p0y2322a02a also wants the timer to be on.\n|\n|t:|1783565936\n|move|p1a: Gholdengo|Nasty Plot|p1a: Gholdengo\n|-boost|p1a: Gholdengo|spa|2\n|move|p2a: Beartic|Earthquake|p1a: Gholdengo\n|-supereffective|p1a: Gholdengo\n|-damage|p1a: Gholdengo|33/261\n|\n|-heal|p1a: Gholdengo|49/261|[from] item: Leftovers\n|upkeep\n|turn|2\n|inactive|Time left: 300 sec this turn | 300 sec total\n|\n|t:|1783565937\n|switch|p2a: Chi-Yu|Chi-Yu, L77|100/100\n|-ability|p2a: Chi-Yu|Beads of Ruin\n|move|p1a: Gholdengo|Make It Rain|p2a: Chi-Yu\n|-resisted|p2a: Chi-Yu\n|-damage|p2a: Chi-Yu|50/100\n|-unboost|p1a: Gholdengo|spa|1\n|\n|-heal|p1a: Gholdengo|65/261|[from] item: Leftovers\n|upkeep\n|turn|3\n|inactive|Time left: 300 sec this turn | 300 sec total\n|\n|t:|1783565938\n|switch|p1a: Gastrodon|Gastrodon-East, L86, M|331/331\n|move|p2a: Chi-Yu|Dark Pulse|p1a: Gastrodon\n|-damage|p1a: Gastrodon|148/331\n|\n|-heal|p1a: Gastrodon|168/331|[from] item: Leftovers\n|upkeep\n|turn|4\n|inactive|Time left: 300 sec this turn | 300 sec total\n|\n|t:|1783565940\n|move|p2a: Chi-Yu|Dark Pulse|p1a: Gastrodon\n|-damage|p1a: Gastrodon|0 fnt\n|faint|p1a: Gastrodon\n|\n|upkeep\n|inactive|Time left: 300 sec this turn | 300 sec total | 5 sec grace\n|\n|t:|1783565940\n|switch|p1a: Iron Treads|Iron Treads, L77|265/265\n|turn|5\n|inactive|Time left: 300 sec this turn | 300 sec total\n|\n|t:|1783565941\n|switch|p2a: Talonflame|Talonflame, L83, M|100/100\n|move|p1a: Iron Treads|Earthquake|p2a: Talonflame\n|-immune|p2a: Talonflame\n|\n|upkeep\n|turn|6\n|inactive|Time left: 300 sec this turn | 300 sec total\n|\n|t:|1783565943\n|-end|p1a: Iron Treads|Quark Drive|[silent]\n|switch|p1a: Porygon2|Porygon2, L81|270/270\n|-ability|p1a: Porygon2|Download|boost\n|-boost|p1a: Porygon2|spa|1\n|move|p2a: Talonflame|Overheat|p1a: Porygon2\n|-damage|p1a: Porygon2|200/270\n|-unboost|p2a: Talonflame|spa|2\n|\n|upkeep\n|turn|7\n|inactive|Time left: 300 sec this turn | 300 sec total\n|\n|t:|1783565944\n|move|p2a: Talonflame|U-turn|p1a: Porygon2\n|-damage|p1a: Porygon2|171/270\n|\n|t:|1783565944\n|switch|p2a: Hoopa|Hoopa-Unbound, L80|100/100|[from] U-turn\n|move|p1a: Porygon2|Tera Blast|p2a: Hoopa\n|-damage|p2a: Hoopa|65/100\n|\n|upkeep\n|turn|8\n|inactive|Time left: 300 sec this turn | 300 sec total\n|\n|t:|1783565945\n|move|p2a: Hoopa|Drain Punch|p1a: Porygon2\n|-supereffective|p1a: Porygon2\n|-damage|p1a: Porygon2|19/270\n|-heal|p2a: Hoopa|94/100|[from] drain|[of] p1a: Porygon2\n|move|p1a: Porygon2|Recover|p1a: Porygon2\n|-heal|p1a: Porygon2|154/270\n|\n|upkeep\n|turn|9\n|inactive|Time left: 300 sec this turn | 300 sec total\n|\n|t:|1783565946\n|-terastallize|p1a: Porygon2|Fairy\n|move|p2a: Hoopa|Drain Punch|p1a: Porygon2\n|-resisted|p1a: Porygon2\n|-damage|p1a: Porygon2|119/270\n|-heal|p2a: Hoopa|100/100|[from] drain|[of] p1a: Porygon2\n|move|p1a: Porygon2|Tera Blast|p2a: Hoopa|[anim] Tera Blast Fairy\n|-supereffective|p2a: Hoopa\n|-crit|p2a: Hoopa\n|-damage|p2a: Hoopa|0 fnt\n|faint|p2a: Hoopa\n|\n|upkeep\n|\n|t:|1783565947\n|switch|p2a: Chi-Yu|Chi-Yu, L77|50/100\n|-ability|p2a: Chi-Yu|Beads of Ruin\n|turn|10\n|inactive|Time left: 300 sec this turn | 300 sec total\n|\n|t:|1783565948\n|move|p2a: Chi-Yu|Flamethrower|p1a: Porygon2\n|-damage|p1a: Porygon2|0 fnt\n|faint|p1a: Porygon2\n|\n|upkeep\n|inactive|Time left: 300 sec this turn | 300 sec total | 5 sec grace\n|\n|t:|1783565949\n|switch|p1a: Feraligatr|Feraligatr, L79, M|264/264\n|turn|11\n|inactive|Time left: 300 sec this turn | 300 sec total\n|\n|t:|1783565950\n|move|p2a: Chi-Yu|Flamethrower|p1a: Feraligatr\n|-resisted|p1a: Feraligatr\n|-damage|p1a: Feraligatr|159/264\n|move|p1a: Feraligatr|Liquidation|p2a: Chi-Yu\n|-supereffective|p2a: Chi-Yu\n|-damage|p2a: Chi-Yu|0 fnt\n|faint|p2a: Chi-Yu\n|\n|upkeep\n|\n|t:|1783565951\n|switch|p2a: Beartic|Beartic, L91, M|100/100\n|turn|12\n|inactive|Time left: 300 sec this turn | 300 sec total\n|\n|t:|1783565951\n|move|p1a: Feraligatr|Liquidation|p2a: Beartic\n|-damage|p2a: Beartic|52/100\n|move|p2a: Beartic|Swords Dance|p2a: Beartic\n|-boost|p2a: Beartic|atk|2\n|\n|upkeep\n|turn|13\n|inactive|Time left: 300 sec this turn | 300 sec total\n|\n|t:|1783565952\n|move|p1a: Feraligatr|Liquidation|p2a: Beartic\n|-damage|p2a: Beartic|10/100\n|move|p2a: Beartic|Icicle Crash|p1a: Feraligatr\n|-resisted|p1a: Feraligatr\n|-damage|p1a: Feraligatr|33/264\n|\n|upkeep\n|turn|14\n|inactive|Time left: 300 sec this turn | 300 sec total\n|\n|t:|1783565954\n|move|p1a: Feraligatr|Liquidation|p2a: Beartic\n|-damage|p2a: Beartic|0 fnt\n|faint|p2a: Beartic\n|\n|upkeep\n|\n|t:|1783565955\n|switch|p2a: Seviper|Seviper, L93, M|100/100\n|turn|15\n|inactive|Time left: 300 sec this turn | 300 sec total\n|\n|t:|1783565956\n|move|p2a: Seviper|Earthquake|p1a: Feraligatr\n|-damage|p1a: Feraligatr|0 fnt\n|faint|p1a: Feraligatr\n|-damage|p2a: Seviper|91/100|[from] item: Life Orb\n|\n|upkeep\n|inactive|Time left: 300 sec this turn | 300 sec total | 5 sec grace\n|\n|t:|1783565957\n|switch|p1a: Iron Treads|Iron Treads, L77|265/265\n|turn|16\n|inactive|Time left: 300 sec this turn | 300 sec total\n|\n|t:|1783565958\n|switch|p2a: Talonflame|Talonflame, L83, M|100/100\n|move|p1a: Iron Treads|Earthquake|p2a: Talonflame\n|-immune|p2a: Talonflame\n|\n|upkeep\n|turn|17\n|inactive|Time left: 300 sec this turn | 300 sec total\n|\n|t:|1783565959\n|-end|p1a: Iron Treads|Quark Drive|[silent]\n|switch|p1a: Gholdengo|Gholdengo, L77|65/261\n|move|p2a: Talonflame|Overheat|p1a: Gholdengo|[miss]\n|-miss|p2a: Talonflame|p1a: Gholdengo\n|\n|-heal|p1a: Gholdengo|81/261|[from] item: Leftovers\n|upkeep\n|turn|18\n|inactive|Time left: 300 sec this turn | 300 sec total\n|\n|t:|1783565960\n|move|p2a: Talonflame|Overheat|p1a: Gholdengo|[miss]\n|-miss|p2a: Talonflame|p1a: Gholdengo\n|move|p1a: Gholdengo|Recover|p1a: Gholdengo\n|-heal|p1a: Gholdengo|212/261\n|\n|-heal|p1a: Gholdengo|228/261|[from] item: Leftovers\n|upkeep\n|turn|19\n|inactive|Time left: 300 sec this turn | 300 sec total\n|\n|t:|1783565961\n|switch|p1a: Toxicroak|Toxicroak, L84, M|277/277\n|move|p2a: Talonflame|Overheat|p1a: Toxicroak\n|-damage|p1a: Toxicroak|96/277\n|-unboost|p2a: Talonflame|spa|2\n|\n|upkeep\n|turn|20\n|inactive|Time left: 300 sec this turn | 300 sec total\n|\n|t:|1783565962\n|move|p2a: Talonflame|U-turn|p1a: Toxicroak\n|-resisted|p1a: Toxicroak\n|-damage|p1a: Toxicroak|84/277\n|\n|t:|1783565963\n|switch|p2a: Seviper|Seviper, L93, M|91/100|[from] U-turn\n|move|p1a: Toxicroak|Close Combat|p2a: Seviper\n|-resisted|p2a: Seviper\n|-damage|p2a: Seviper|50/100\n|-unboost|p1a: Toxicroak|def|1\n|-unboost|p1a: Toxicroak|spd|1\n|\n|upkeep\n|turn|21\n|inactive|Time left: 300 sec this turn | 300 sec total\n|\n|t:|1783565965\n|move|p1a: Toxicroak|Close Combat|p2a: Seviper\n|-resisted|p2a: Seviper\n|-damage|p2a: Seviper|10/100\n|-unboost|p1a: Toxicroak|def|1\n|-unboost|p1a: Toxicroak|spd|1\n|move|p2a: Seviper|Glare|p1a: Toxicroak\n|-status|p1a: Toxicroak|par\n|\n|upkeep\n|turn|22\n|inactive|Time left: 300 sec this turn | 300 sec total\n|\n|t:|1783565966\n|move|p2a: Seviper|Earthquake|p1a: Toxicroak\n|-supereffective|p1a: Toxicroak\n|-crit|p1a: Toxicroak\n|-damage|p1a: Toxicroak|0 fnt\n|faint|p1a: Toxicroak\n|-damage|p2a: Seviper|0 fnt|[from] item: Life Orb\n|faint|p2a: Seviper\n|\n|upkeep\n|inactive|Time left: 300 sec this turn | 300 sec total | 5 sec grace\n|\n|t:|1783565967\n|switch|p1a: Gholdengo|Gholdengo, L77|228/261\n|switch|p2a: Mienshao|Mienshao, L83, F|100/100\n|turn|23\n|inactive|Time left: 300 sec this turn | 300 sec total\n|\n|t:|1783565968\n|switch|p1a: Iron Treads|Iron Treads, L77|265/265\n|move|p2a: Mienshao|Knock Off|p1a: Iron Treads\n|-damage|p1a: Iron Treads|179/265\n|-enditem|p1a: Iron Treads|Leftovers|[from] move: Knock Off|[of] p2a: Mienshao\n|-damage|p2a: Mienshao|91/100|[from] item: Life Orb\n|\n|upkeep\n|turn|24\n|inactive|Time left: 300 sec this turn | 300 sec total\n|\n|t:|1783565969\n|-end|p1a: Iron Treads|Quark Drive|[silent]\n|switch|p1a: Gholdengo|Gholdengo, L77|228/261\n|move|p2a: Mienshao|Close Combat|p1a: Gholdengo\n|-immune|p1a: Gholdengo\n|\n|-heal|p1a: Gholdengo|244/261|[from] item: Leftovers\n|upkeep\n|turn|25\n|inactive|Time left: 300 sec this turn | 300 sec total\n|\n|t:|1783565970\n|switch|p1a: Iron Treads|Iron Treads, L77|179/265\n|move|p2a: Mienshao|Knock Off|p1a: Iron Treads\n|-damage|p1a: Iron Treads|121/265\n|-damage|p2a: Mienshao|81/100|[from] item: Life Orb\n|\n|upkeep\n|turn|26\n|inactive|Time left: 300 sec this turn | 300 sec total\n|\n|t:|1783565971\n|move|p2a: Mienshao|Close Combat|p1a: Iron Treads\n|-supereffective|p1a: Iron Treads\n|-damage|p1a: Iron Treads|0 fnt\n|-unboost|p2a: Mienshao|def|1\n|-unboost|p2a: Mienshao|spd|1\n|faint|p1a: Iron Treads\n|-end|p1a: Iron Treads|Quark Drive|[silent]\n|-damage|p2a: Mienshao|71/100|[from] item: Life Orb\n|\n|upkeep\n|inactive|Time left: 300 sec this turn | 300 sec total | 5 sec grace\n|\n|t:|1783565972\n|switch|p1a: Gholdengo|Gholdengo, L77|244/261\n|turn|27\n|inactive|Time left: 300 sec this turn | 300 sec total\n|\n|t:|1783565973\n|-terastallize|p2a: Mienshao|Poison\n|move|p2a: Mienshao|Knock Off|p1a: Gholdengo\n|-supereffective|p1a: Gholdengo\n|-damage|p1a: Gholdengo|10/261\n|-enditem|p1a: Gholdengo|Leftovers|[from] move: Knock Off|[of] p2a: Mienshao\n|-damage|p2a: Mienshao|61/100|[from] item: Life Orb\n|move|p1a: Gholdengo|Recover|p1a: Gholdengo\n|-heal|p1a: Gholdengo|141/261\n|\n|upkeep\n|turn|28\n|inactive|Time left: 300 sec this turn | 300 sec total\n|\n|t:|1783565974\n|move|p2a: Mienshao|Knock Off|p1a: Gholdengo\n|-supereffective|p1a: Gholdengo\n|-damage|p1a: Gholdengo|6/261\n|-damage|p2a: Mienshao|51/100|[from] item: Life Orb\n|move|p1a: Gholdengo|Recover|p1a: Gholdengo\n|-heal|p1a: Gholdengo|137/261\n|\n|upkeep\n|turn|29\n|inactive|Time left: 300 sec this turn | 300 sec total\n|\n|t:|1783565975\n|move|p2a: Mienshao|Knock Off|p1a: Gholdengo\n|-supereffective|p1a: Gholdengo\n|-damage|p1a: Gholdengo|0 fnt\n|faint|p1a: Gholdengo\n|-damage|p2a: Mienshao|41/100|[from] item: Life Orb\n|\n|win|p0y2322a02a", "uploadtime": 1783565975, "views": 0, "rating": 0, "private": 0, "password": null, "_winner": "p0y2322a02a", "_our_name": "p0x23226d9c"}