{"id": "battle-gen9randombattle-1252", "formatid": "gen9randombattle", "format": "[Gen 9] Random Battle", "players": ["p0x1252e5cb", "p0y1252bfe8"], "log": "|init|battle\n|title|p0x1252e5cb vs. p0y1252bfe8\n|j|\u2606p0x1252e5cb\n|j|\u2606p0y1252bfe8\n|t:|1783554490\n|gametype|singles\n|player|p1|p0x1252e5cb|2|\n|player|p2|p0y1252bfe8|1|\n|gen|9\n|tier|[Gen 9] Random Battle\n|rule|Species Clause: Limit one of each Pok\u00e9mon\n|rule|HP Percentage Mod: HP is shown in percentages\n|rule|Sleep Clause Mod: Limit one foe put to sleep\n|rule|Illusion Level Mod: Illusion disguises the Pok\u00e9mon's true level\n|\n|t:|1783554490\n|teamsize|p1|6\n|teamsize|p2|6\n|start\n|switch|p1a: Politoed|Politoed, L88, M|302/302\n|switch|p2a: Empoleon|Empoleon, L84, M|100/100\n|-weather|RainDance|[from] ability: Drizzle|[of] p1a: Politoed\n|turn|1\n|inactive|Battle timer is ON: inactive players will automatically lose when time's up. (requested by p0x1252e5cb)\n|inactive|p0y1252bfe8 also wants the timer to be on.\n|\n|t:|1783554492\n|move|p1a: Politoed|Surf|p2a: Empoleon\n|-resisted|p2a: Empoleon\n|-damage|p2a: Empoleon|77/100\n|move|p2a: Empoleon|Stealth Rock|p1a: Politoed\n|-sidestart|p1: p0x1252e5cb|move: Stealth Rock\n|\n|-weather|RainDance|[upkeep]\n|-heal|p2a: Empoleon|83/100|[from] item: Leftovers\n|upkeep\n|turn|2\n|inactive|Time left: 300 sec this turn | 300 sec total\n|\n|t:|1783554493\n|move|p1a: Politoed|Surf|p2a: Empoleon\n|-resisted|p2a: Empoleon\n|-damage|p2a: Empoleon|58/100\n|move|p2a: Empoleon|Knock Off|p1a: Politoed\n|-damage|p1a: Politoed|231/302\n|-enditem|p1a: Politoed|Leftovers|[from] move: Knock Off|[of] p2a: Empoleon\n|\n|-weather|RainDance|[upkeep]\n|-heal|p2a: Empoleon|64/100|[from] item: Leftovers\n|upkeep\n|turn|3\n|inactive|Time left: 300 sec this turn | 300 sec total\n|\n|t:|1783554495\n|move|p1a: Politoed|Surf|p2a: Empoleon\n|-resisted|p2a: Empoleon\n|-damage|p2a: Empoleon|39/100\n|move|p2a: Empoleon|Roost|p2a: Empoleon\n|-heal|p2a: Empoleon|89/100\n|-singleturn|p2a: Empoleon|move: Roost\n|\n|-weather|RainDance|[upkeep]\n|-heal|p2a: Empoleon|95/100|[from] item: Leftovers\n|upkeep\n|turn|4\n|inactive|Time left: 300 sec this turn | 300 sec total\n|\n|t:|1783554496\n|move|p1a: Politoed|Encore|p2a: Empoleon\n|-start|p2a: Empoleon|Encore\n|move|p2a: Empoleon|Roost|p2a: Empoleon\n|-heal|p2a: Empoleon|100/100\n|-singleturn|p2a: Empoleon|move: Roost\n|\n|-weather|RainDance|[upkeep]\n|upkeep\n|turn|5\n|inactive|Time left: 300 sec this turn | 300 sec total\n|\n|t:|1783554497\n|switch|p2a: Venusaur|Venusaur, L84, F|100/100\n|move|p1a: Politoed|Surf|p2a: Venusaur\n|-resisted|p2a: Venusaur\n|-damage|p2a: Venusaur|74/100\n|\n|-weather|none\n|-heal|p2a: Venusaur|80/100|[from] item: Leftovers\n|upkeep\n|turn|6\n|inactive|Time left: 300 sec this turn | 300 sec total\n|\n|t:|1783554498\n|switch|p1a: Arbok|Arbok, L87, F|246/246\n|-damage|p1a: Arbok|216/246|[from] Stealth Rock\n|-ability|p1a: Arbok|Intimidate|boost\n|-unboost|p2a: Venusaur|atk|1\n|move|p2a: Venusaur|Sludge Bomb|p1a: Arbok\n|-resisted|p1a: Arbok\n|-damage|p1a: Arbok|162/246\n|\n|-heal|p1a: Arbok|177/246|[from] item: Leftovers\n|-heal|p2a: Venusaur|87/100|[from] item: Leftovers\n|upkeep\n|turn|7\n|inactive|Time left: 300 sec this turn | 300 sec total\n|\n|t:|1783554499\n|move|p1a: Arbok|Coil|p1a: Arbok\n|-boost|p1a: Arbok|atk|1\n|-boost|p1a: Arbok|def|1\n|-boost|p1a: Arbok|accuracy|1\n|move|p2a: Venusaur|Energy Ball|p1a: Arbok\n|-resisted|p1a: Arbok\n|-damage|p1a: Arbok|128/246\n|\n|-heal|p1a: Arbok|143/246|[from] item: Leftovers\n|-heal|p2a: Venusaur|93/100|[from] item: Leftovers\n|upkeep\n|turn|8\n|inactive|Time left: 300 sec this turn | 300 sec total\n|\n|t:|1783554500\n|move|p1a: Arbok|Gunk Shot|p2a: Venusaur\n|-damage|p2a: Venusaur|22/100\n|move|p2a: Venusaur|Earth Power|p1a: Arbok\n|-supereffective|p1a: Arbok\n|-damage|p1a: Arbok|0 fnt\n|faint|p1a: Arbok\n|\n|-heal|p2a: Venusaur|28/100|[from] item: Leftovers\n|upkeep\n|inactive|Time left: 300 sec this turn | 300 sec total | 5 sec grace\n|\n|t:|1783554502\n|switch|p1a: Chi-Yu|Chi-Yu, L77|211/211\n|-damage|p1a: Chi-Yu|159/211|[from] Stealth Rock\n|-ability|p1a: Chi-Yu|Beads of Ruin\n|turn|9\n|inactive|Time left: 300 sec this turn | 300 sec total\n|\n|t:|1783554503\n|switch|p2a: Rhydon|Rhydon, L85, M|100/100\n|move|p1a: Chi-Yu|Flamethrower|p2a: Rhydon\n|-resisted|p2a: Rhydon\n|-damage|p2a: Rhydon|67/100\n|\n|upkeep\n|turn|10\n|inactive|Time left: 300 sec this turn | 300 sec total\n|\n|t:|1783554504\n|move|p1a: Chi-Yu|Flamethrower|p2a: Rhydon\n|-resisted|p2a: Rhydon\n|-damage|p2a: Rhydon|33/100\n|-status|p2a: Rhydon|brn\n|move|p2a: Rhydon|Stone Edge|p1a: Chi-Yu\n|-supereffective|p1a: Chi-Yu\n|-damage|p1a: Chi-Yu|0 fnt\n|faint|p1a: Chi-Yu\n|\n|-damage|p2a: Rhydon|27/100 brn|[from] brn\n|upkeep\n|inactive|Time left: 300 sec this turn | 300 sec total | 5 sec grace\n|\n|t:|1783554506\n|switch|p1a: Incineroar|Incineroar, L82, F|290/290\n|-ability|p1a: Incineroar|Intimidate|boost\n|-unboost|p2a: Rhydon|atk|1\n|turn|11\n|inactive|Time left: 300 sec this turn | 300 sec total\n|\n|t:|1783554507\n|move|p1a: Incineroar|Swords Dance|p1a: Incineroar\n|-boost|p1a: Incineroar|atk|2\n|move|p2a: Rhydon|Stone Edge|p1a: Incineroar\n|-supereffective|p1a: Incineroar\n|-damage|p1a: Incineroar|199/290\n|\n|-damage|p2a: Rhydon|21/100 brn|[from] brn\n|upkeep\n|turn|12\n|inactive|Time left: 300 sec this turn | 300 sec total\n|\n|t:|1783554508\n|move|p1a: Incineroar|Trailblaze|p2a: Rhydon\n|-supereffective|p2a: Rhydon\n|-damage|p2a: Rhydon|0 fnt\n|-boost|p1a: Incineroar|spe|1\n|faint|p2a: Rhydon\n|\n|upkeep\n|\n|t:|1783554509\n|switch|p2a: Sneasler|Sneasler, L74, M|100/100\n|turn|13\n|inactive|Time left: 300 sec this turn | 300 sec total\n|\n|t:|1783554510\n|-terastallize|p1a: Incineroar|Grass\n|move|p2a: Sneasler|Close Combat|p1a: Incineroar\n|-damage|p1a: Incineroar|70/290\n|-unboost|p2a: Sneasler|def|1\n|-unboost|p2a: Sneasler|spd|1\n|-enditem|p2a: Sneasler|White Herb\n|-clearnegativeboost|p2a: Sneasler|[silent]\n|move|p1a: Incineroar|Trailblaze|p2a: Sneasler\n|-resisted|p2a: Sneasler\n|-damage|p2a: Sneasler|58/100\n|-boost|p1a: Incineroar|spe|1\n|\n|upkeep\n|turn|14\n|inactive|Time left: 300 sec this turn | 300 sec total\n|\n|t:|1783554511\n|switch|p1a: Meowstic|Meowstic, L89, M|277/277\n|-damage|p1a: Meowstic|243/277|[from] Stealth Rock\n|move|p2a: Sneasler|Dire Claw|p1a: Meowstic\n|-damage|p1a: Meowstic|162/277\n|-status|p1a: Meowstic|slp\n|\n|upkeep\n|turn|15\n|inactive|Time left: 300 sec this turn | 300 sec total\n|\n|t:|1783554512\n|cant|p1a: Meowstic|slp\n|move|p2a: Sneasler|Swords Dance|p2a: Sneasler\n|-boost|p2a: Sneasler|atk|2\n|\n|upkeep\n|turn|16\n|inactive|Time left: 300 sec this turn | 300 sec total\n|\n|t:|1783554514\n|cant|p1a: Meowstic|slp\n|move|p2a: Sneasler|Dire Claw|p1a: Meowstic\n|-damage|p1a: Meowstic|0 fnt\n|faint|p1a: Meowstic\n|\n|upkeep\n|inactive|Time left: 300 sec this turn | 300 sec total | 5 sec grace\n|\n|t:|1783554515\n|switch|p1a: Politoed|Politoed, L88, M|231/302\n|-damage|p1a: Politoed|194/302|[from] Stealth Rock\n|-weather|RainDance|[from] ability: Drizzle|[of] p1a: Politoed\n|turn|17\n|inactive|Time left: 300 sec this turn | 300 sec total\n|\n|t:|1783554516\n|switch|p1a: Incineroar|Incineroar, L82, F, tera:Grass|70/290\n|-ability|p1a: Incineroar|Intimidate|boost\n|-unboost|p2a: Sneasler|atk|1\n|move|p2a: Sneasler|Close Combat|p1a: Incineroar\n|-damage|p1a: Incineroar|0 fnt\n|-unboost|p2a: Sneasler|def|1\n|-unboost|p2a: Sneasler|spd|1\n|faint|p1a: Incineroar\n|\n|-weather|RainDance|[upkeep]\n|upkeep\n|inactive|Time left: 300 sec this turn | 300 sec total | 5 sec grace\n|\n|t:|1783554517\n|switch|p1a: Politoed|Politoed, L88, M|194/302\n|-damage|p1a: Politoed|157/302|[from] Stealth Rock\n|turn|18\n|inactive|Time left: 300 sec this turn | 300 sec total\n|\n|t:|1783554518\n|move|p2a: Sneasler|Close Combat|p1a: Politoed\n|-damage|p1a: Politoed|0 fnt\n|-unboost|p2a: Sneasler|def|1\n|-unboost|p2a: Sneasler|spd|1\n|faint|p1a: Politoed\n|\n|-weather|RainDance|[upkeep]\n|upkeep\n|inactive|Time left: 300 sec this turn | 300 sec total | 5 sec grace\n|\n|t:|1783554519\n|switch|p1a: Arceus|Arceus-Fairy, L69|280/280\n|-damage|p1a: Arceus|245/280|[from] Stealth Rock\n|turn|19\n|inactive|Time left: 300 sec this turn | 300 sec total\n|\n|t:|1783554520\n|-terastallize|p2a: Sneasler|Flying\n|move|p2a: Sneasler|Dire Claw|p1a: Arceus\n|-supereffective|p1a: Arceus\n|-damage|p1a: Arceus|5/280\n|move|p1a: Arceus|Recover|p1a: Arceus\n|-heal|p1a: Arceus|145/280\n|\n|-weather|RainDance|[upkeep]\n|upkeep\n|turn|20\n|inactive|Time left: 300 sec this turn | 300 sec total\n|\n|t:|1783554521\n|move|p2a: Sneasler|Dire Claw|p1a: Arceus\n|-supereffective|p1a: Arceus\n|-damage|p1a: Arceus|0 fnt\n|faint|p1a: Arceus\n|\n|win|p0y1252bfe8", "uploadtime": 1783554521, "views": 0, "rating": 0, "private": 0, "password": null, "_winner": "p0y1252bfe8", "_our_name": "p0x1252e5cb"}