{"id": "battle-gen9randombattle-1617", "formatid": "gen9randombattle", "format": "[Gen 9] Random Battle", "players": ["p0x161752fc", "p0y16176b72"], "log": "|init|battle\n|title|p0x161752fc vs. p0y16176b72\n|j|\u2606p0x161752fc\n|j|\u2606p0y16176b72\n|t:|1783558703\n|gametype|singles\n|player|p1|p0x161752fc|101|\n|player|p2|p0y16176b72|1|\n|gen|9\n|tier|[Gen 9] Random Battle\n|rule|Species Clause: Limit one of each Pok\u00e9mon\n|rule|HP Percentage Mod: HP is shown in percentages\n|rule|Sleep Clause Mod: Limit one foe put to sleep\n|rule|Illusion Level Mod: Illusion disguises the Pok\u00e9mon's true level\n|\n|t:|1783558703\n|teamsize|p1|6\n|teamsize|p2|6\n|start\n|switch|p1a: Arbok|Arbok, L87, M|100/100\n|switch|p2a: Pyroar|Pyroar, L88, F|295/295\n|-ability|p2a: Pyroar|Unnerve\n|-ability|p1a: Arbok|Intimidate|boost\n|-unboost|p2a: Pyroar|atk|1\n|turn|1\n|inactive|Battle timer is ON: inactive players will automatically lose when time's up. (requested by p0y16176b72)\n|\n|t:|1783558704\n|move|p2a: Pyroar|Fire Blast|p1a: Arbok\n|-damage|p1a: Arbok|41/100\n|move|p1a: Arbok|Gunk Shot|p2a: Pyroar\n|-damage|p2a: Pyroar|160/295\n|\n|-heal|p1a: Arbok|47/100|[from] item: Leftovers\n|upkeep\n|turn|2\n|inactive|Time left: 300 sec this turn | 300 sec total\n|inactive|p0x161752fc also wants the timer to be on.\n|\n|t:|1783558706\n|switch|p1a: Manaphy|Manaphy, L78|100/100\n|move|p2a: Pyroar|Hyper Voice|p1a: Manaphy\n|-damage|p1a: Manaphy|59/100\n|\n|-heal|p1a: Manaphy|65/100|[from] item: Leftovers\n|upkeep\n|turn|3\n|inactive|Time left: 300 sec this turn | 300 sec total\n|\n|t:|1783558707\n|move|p2a: Pyroar|Hyper Voice|p1a: Manaphy\n|-damage|p1a: Manaphy|22/100\n|move|p1a: Manaphy|Surf|p2a: Pyroar\n|-supereffective|p2a: Pyroar\n|-crit|p2a: Pyroar\n|-damage|p2a: Pyroar|0 fnt\n|faint|p2a: Pyroar\n|\n|-heal|p1a: Manaphy|28/100|[from] item: Leftovers\n|upkeep\n|inactive|Time left: 300 sec this turn | 300 sec total | 5 sec grace\n|\n|t:|1783558708\n|switch|p2a: Sneasler|Sneasler, L74, F|240/240\n|turn|4\n|inactive|Time left: 300 sec this turn | 300 sec total\n|\n|t:|1783558709\n|switch|p1a: Arbok|Arbok, L87, M|47/100\n|-ability|p1a: Arbok|Intimidate|boost\n|-unboost|p2a: Sneasler|atk|1\n|move|p2a: Sneasler|Dire Claw|p1a: Arbok\n|-resisted|p1a: Arbok\n|-damage|p1a: Arbok|29/100\n|-status|p1a: Arbok|slp\n|\n|-heal|p1a: Arbok|35/100 slp|[from] item: Leftovers\n|upkeep\n|turn|5\n|inactive|Time left: 300 sec this turn | 300 sec total\n|\n|t:|1783558710\n|move|p2a: Sneasler|Dire Claw|p1a: Arbok\n|-resisted|p1a: Arbok\n|-damage|p1a: Arbok|17/100 slp\n|cant|p1a: Arbok|slp\n|\n|-heal|p1a: Arbok|23/100 slp|[from] item: Leftovers\n|upkeep\n|turn|6\n|inactive|Time left: 300 sec this turn | 300 sec total\n|\n|t:|1783558711\n|switch|p2a: Espathra|Espathra, L80, F|283/283\n|-curestatus|p1a: Arbok|slp|[msg]\n|move|p1a: Arbok|Earthquake|p2a: Espathra\n|-damage|p2a: Espathra|189/283\n|\n|-heal|p2a: Espathra|206/283|[from] item: Leftovers\n|-heal|p1a: Arbok|29/100|[from] item: Leftovers\n|upkeep\n|turn|7\n|inactive|Time left: 300 sec this turn | 300 sec total\n|\n|t:|1783558712\n|move|p2a: Espathra|Calm Mind|p2a: Espathra\n|-boost|p2a: Espathra|spa|1\n|-boost|p2a: Espathra|spd|1\n|move|p1a: Arbok|Gunk Shot|p2a: Espathra|[miss]\n|-miss|p1a: Arbok|p2a: Espathra\n|\n|-heal|p2a: Espathra|223/283|[from] item: Leftovers\n|-heal|p1a: Arbok|35/100|[from] item: Leftovers\n|-ability|p2a: Espathra|Speed Boost|boost\n|-boost|p2a: Espathra|spe|1\n|upkeep\n|turn|8\n|inactive|Time left: 300 sec this turn | 300 sec total\n|\n|t:|1783558713\n|switch|p1a: Krookodile|Krookodile, L79, M|100/100\n|-ability|p1a: Krookodile|Intimidate|boost\n|-unboost|p2a: Espathra|atk|1\n|move|p2a: Espathra|Stored Power|p1a: Krookodile\n|-immune|p1a: Krookodile\n|\n|-heal|p2a: Espathra|240/283|[from] item: Leftovers\n|-ability|p2a: Espathra|Speed Boost|boost\n|-boost|p2a: Espathra|spe|1\n|upkeep\n|turn|9\n|inactive|Time left: 300 sec this turn | 300 sec total\n|\n|t:|1783558714\n|-terastallize|p2a: Espathra|Fairy\n|move|p2a: Espathra|Dazzling Gleam|p1a: Krookodile\n|-supereffective|p1a: Krookodile\n|-damage|p1a: Krookodile|0 fnt\n|faint|p1a: Krookodile\n|\n|-heal|p2a: Espathra|257/283|[from] item: Leftovers\n|-ability|p2a: Espathra|Speed Boost|boost\n|-boost|p2a: Espathra|spe|1\n|upkeep\n|\n|t:|1783558715\n|switch|p1a: Meganium|Meganium, L90, M|100/100\n|turn|10\n|inactive|Time left: 300 sec this turn | 300 sec total\n|\n|t:|1783558716\n|move|p2a: Espathra|Calm Mind|p2a: Espathra\n|-boost|p2a: Espathra|spa|1\n|-boost|p2a: Espathra|spd|1\n|move|p1a: Meganium|Petal Blizzard|p2a: Espathra\n|-damage|p2a: Espathra|122/283\n|\n|-heal|p2a: Espathra|139/283|[from] item: Leftovers\n|-ability|p2a: Espathra|Speed Boost|boost\n|-boost|p2a: Espathra|spe|1\n|upkeep\n|turn|11\n|inactive|Time left: 300 sec this turn | 300 sec total\n|\n|t:|1783558717\n|move|p2a: Espathra|Stored Power|p1a: Meganium\n|-damage|p1a: Meganium|0 fnt\n|faint|p1a: Meganium\n|\n|-heal|p2a: Espathra|156/283|[from] item: Leftovers\n|-ability|p2a: Espathra|Speed Boost|boost\n|-boost|p2a: Espathra|spe|1\n|upkeep\n|\n|t:|1783558718\n|switch|p1a: Arbok|Arbok, L87, M|35/100\n|-ability|p1a: Arbok|Intimidate|boost\n|-unboost|p2a: Espathra|atk|1\n|turn|12\n|inactive|Time left: 300 sec this turn | 300 sec total\n|\n|t:|1783558719\n|switch|p1a: Manaphy|Manaphy, L78|28/100\n|move|p2a: Espathra|Stored Power|p1a: Manaphy\n|-damage|p1a: Manaphy|0 fnt\n|faint|p1a: Manaphy\n|\n|-heal|p2a: Espathra|173/283|[from] item: Leftovers\n|-ability|p2a: Espathra|Speed Boost|boost\n|-boost|p2a: Espathra|spe|1\n|upkeep\n|\n|t:|1783558720\n|switch|p1a: Arbok|Arbok, L87, M|35/100\n|-ability|p1a: Arbok|Intimidate|boost\n|-unboost|p2a: Espathra|atk|1\n|turn|13\n|inactive|Time left: 300 sec this turn | 300 sec total\n|\n|t:|1783558721\n|move|p2a: Espathra|Stored Power|p1a: Arbok\n|-supereffective|p1a: Arbok\n|-damage|p1a: Arbok|0 fnt\n|faint|p1a: Arbok\n|\n|-heal|p2a: Espathra|190/283|[from] item: Leftovers\n|upkeep\n|\n|t:|1783558722\n|switch|p1a: Deoxys|Deoxys, L74|100/100\n|-ability|p1a: Deoxys|Pressure\n|turn|14\n|inactive|Time left: 300 sec this turn | 300 sec total\n|\n|t:|1783558723\n|move|p2a: Espathra|Stored Power|p1a: Deoxys\n|-resisted|p1a: Deoxys\n|-damage|p1a: Deoxys|0 fnt\n|faint|p1a: Deoxys\n|\n|-heal|p2a: Espathra|207/283|[from] item: Leftovers\n|upkeep\n|\n|t:|1783558723\n|switch|p1a: Lumineon|Lumineon, L93, M|100/100\n|turn|15\n|inactive|Time left: 300 sec this turn | 300 sec total\n|\n|t:|1783558724\n|move|p2a: Espathra|Stored Power|p1a: Lumineon\n|-damage|p1a: Lumineon|0 fnt\n|faint|p1a: Lumineon\n|\n|win|p0y16176b72", "uploadtime": 1783558724, "views": 0, "rating": 0, "private": 0, "password": null, "_winner": "p0y16176b72", "_our_name": "p0y16176b72"}