{"id": "battle-gen9randombattle-1208", "formatid": "gen9randombattle", "format": "[Gen 9] Random Battle", "players": ["p0x120810b4", "p0y1208af6a"], "log": "|init|battle\n|title|p0x120810b4 vs. p0y1208af6a\n|j|\u2606p0x120810b4\n|j|\u2606p0y1208af6a\n|t:|1783553102\n|gametype|singles\n|player|p1|p0x120810b4|169|\n|player|p2|p0y1208af6a|170|\n|gen|9\n|tier|[Gen 9] Random Battle\n|rule|Species Clause: Limit one of each Pok\u00e9mon\n|rule|HP Percentage Mod: HP is shown in percentages\n|rule|Sleep Clause Mod: Limit one foe put to sleep\n|rule|Illusion Level Mod: Illusion disguises the Pok\u00e9mon's true level\n|\n|t:|1783553102\n|teamsize|p1|6\n|teamsize|p2|6\n|start\n|switch|p1a: Froslass|Froslass, L87, F|263/263\n|switch|p2a: Oranguru|Oranguru, L92, M|100/100\n|turn|1\n|inactive|Battle timer is ON: inactive players will automatically lose when time's up. (requested by p0x120810b4)\n|inactive|p0y1208af6a also wants the timer to be on.\n|\n|t:|1783553104\n|move|p1a: Froslass|Spikes|p2a: Oranguru\n|-sidestart|p2: p0y1208af6a|Spikes\n|move|p2a: Oranguru|Psyshock|p1a: Froslass\n|-damage|p1a: Froslass|115/263\n|\n|upkeep\n|turn|2\n|inactive|Time left: 300 sec this turn | 300 sec total\n|\n|t:|1783553105\n|switch|p1a: Cresselia|Cresselia, L80, F|323/323\n|move|p2a: Oranguru|Psyshock|p1a: Cresselia\n|-resisted|p1a: Cresselia\n|-damage|p1a: Cresselia|260/323\n|\n|-heal|p1a: Cresselia|280/323|[from] item: Leftovers\n|upkeep\n|turn|3\n|inactive|Time left: 300 sec this turn | 300 sec total\n|\n|t:|1783553106\n|move|p1a: Cresselia|Calm Mind|p1a: Cresselia\n|-boost|p1a: Cresselia|spa|1\n|-boost|p1a: Cresselia|spd|1\n|move|p2a: Oranguru|Psyshock|p1a: Cresselia\n|-resisted|p1a: Cresselia\n|-damage|p1a: Cresselia|218/323\n|\n|-heal|p1a: Cresselia|238/323|[from] item: Leftovers\n|upkeep\n|turn|4\n|inactive|Time left: 300 sec this turn | 300 sec total\n|\n|t:|1783553107\n|move|p1a: Cresselia|Calm Mind|p1a: Cresselia\n|-boost|p1a: Cresselia|spa|1\n|-boost|p1a: Cresselia|spd|1\n|move|p2a: Oranguru|Psyshock|p1a: Cresselia\n|-resisted|p1a: Cresselia\n|-damage|p1a: Cresselia|175/323\n|\n|-heal|p1a: Cresselia|195/323|[from] item: Leftovers\n|upkeep\n|turn|5\n|inactive|Time left: 300 sec this turn | 300 sec total\n|\n|t:|1783553108\n|move|p1a: Cresselia|Moonblast|p2a: Oranguru\n|-damage|p2a: Oranguru|73/100\n|move|p2a: Oranguru|Psyshock|p1a: Cresselia\n|-resisted|p1a: Cresselia\n|-damage|p1a: Cresselia|131/323\n|\n|-heal|p1a: Cresselia|151/323|[from] item: Leftovers\n|upkeep\n|turn|6\n|inactive|Time left: 300 sec this turn | 300 sec total\n|\n|t:|1783553109\n|move|p1a: Cresselia|Moonblast|p2a: Oranguru\n|-damage|p2a: Oranguru|48/100\n|move|p2a: Oranguru|Psyshock|p1a: Cresselia\n|-resisted|p1a: Cresselia\n|-damage|p1a: Cresselia|84/323\n|\n|-heal|p1a: Cresselia|104/323|[from] item: Leftovers\n|upkeep\n|turn|7\n|inactive|Time left: 300 sec this turn | 300 sec total\n|\n|t:|1783553110\n|move|p1a: Cresselia|Moonlight|p1a: Cresselia\n|-heal|p1a: Cresselia|265/323\n|move|p2a: Oranguru|Psyshock|p1a: Cresselia\n|-resisted|p1a: Cresselia\n|-damage|p1a: Cresselia|202/323\n|\n|-heal|p1a: Cresselia|222/323|[from] item: Leftovers\n|upkeep\n|turn|8\n|inactive|Time left: 300 sec this turn | 300 sec total\n|\n|t:|1783553111\n|move|p1a: Cresselia|Moonblast|p2a: Oranguru\n|-damage|p2a: Oranguru|24/100\n|-unboost|p2a: Oranguru|spa|1\n|move|p2a: Oranguru|Psyshock|p1a: Cresselia\n|-resisted|p1a: Cresselia\n|-damage|p1a: Cresselia|183/323\n|\n|-heal|p1a: Cresselia|203/323|[from] item: Leftovers\n|upkeep\n|turn|9\n|inactive|Time left: 300 sec this turn | 300 sec total\n|\n|t:|1783553112\n|switch|p2a: Bastiodon|Bastiodon, L89, M|100/100\n|-damage|p2a: Bastiodon|88/100|[from] Spikes\n|move|p1a: Cresselia|Moonblast|p2a: Bastiodon\n|-resisted|p2a: Bastiodon\n|-damage|p2a: Bastiodon|75/100\n|-unboost|p2a: Bastiodon|spa|1\n|\n|-heal|p1a: Cresselia|223/323|[from] item: Leftovers\n|upkeep\n|turn|10\n|inactive|Time left: 300 sec this turn | 300 sec total\n|\n|t:|1783553113\n|move|p1a: Cresselia|Moonblast|p2a: Bastiodon\n|-resisted|p2a: Bastiodon\n|-damage|p2a: Bastiodon|62/100\n|-unboost|p2a: Bastiodon|spa|1\n|move|p2a: Bastiodon|Rest|p2a: Bastiodon\n|-status|p2a: Bastiodon|slp|[from] move: Rest\n|-heal|p2a: Bastiodon|100/100 slp|[silent]\n|-enditem|p2a: Bastiodon|Chesto Berry|[eat]\n|-curestatus|p2a: Bastiodon|slp|[msg]\n|\n|-heal|p1a: Cresselia|243/323|[from] item: Leftovers\n|upkeep\n|turn|11\n|inactive|Time left: 300 sec this turn | 300 sec total\n|\n|t:|1783553114\n|switch|p2a: Altaria|Altaria, L89, F|100/100\n|move|p1a: Cresselia|Psyshock|p2a: Altaria\n|-damage|p2a: Altaria|54/100\n|\n|-heal|p1a: Cresselia|263/323|[from] item: Leftovers\n|upkeep\n|turn|12\n|inactive|Time left: 300 sec this turn | 300 sec total\n|\n|t:|1783553116\n|move|p2a: Altaria|Roost|p2a: Altaria\n|-heal|p2a: Altaria|100/100\n|-singleturn|p2a: Altaria|move: Roost\n|move|p1a: Cresselia|Moonblast|p2a: Altaria\n|-supereffective|p2a: Altaria\n|-damage|p2a: Altaria|40/100\n|\n|-heal|p1a: Cresselia|283/323|[from] item: Leftovers\n|upkeep\n|turn|13\n|inactive|Time left: 300 sec this turn | 300 sec total\n|\n|t:|1783553117\n|move|p2a: Altaria|Roost|p2a: Altaria\n|-heal|p2a: Altaria|90/100\n|-singleturn|p2a: Altaria|move: Roost\n|move|p1a: Cresselia|Moonblast|p2a: Altaria\n|-supereffective|p2a: Altaria\n|-damage|p2a: Altaria|26/100\n|\n|-heal|p1a: Cresselia|303/323|[from] item: Leftovers\n|upkeep\n|turn|14\n|inactive|Time left: 300 sec this turn | 300 sec total\n|\n|t:|1783553118\n|move|p2a: Altaria|Roost|p2a: Altaria\n|-heal|p2a: Altaria|76/100\n|-singleturn|p2a: Altaria|move: Roost\n|move|p1a: Cresselia|Moonblast|p2a: Altaria\n|-supereffective|p2a: Altaria\n|-damage|p2a: Altaria|13/100\n|-unboost|p2a: Altaria|spa|1\n|\n|-heal|p1a: Cresselia|323/323|[from] item: Leftovers\n|upkeep\n|turn|15\n|inactive|Time left: 300 sec this turn | 300 sec total\n|\n|t:|1783553119\n|move|p2a: Altaria|Defog|p1a: Cresselia\n|-unboost|p1a: Cresselia|evasion|1\n|-sideend|p2: p0y1208af6a|Spikes|[from] move: Defog|[of] p2a: Altaria\n|move|p1a: Cresselia|Moonblast|p2a: Altaria\n|-supereffective|p2a: Altaria\n|-damage|p2a: Altaria|0 fnt\n|faint|p2a: Altaria\n|\n|upkeep\n|\n|t:|1783553120\n|switch|p2a: Drednaw|Drednaw, L81, M|100/100\n|turn|16\n|inactive|Time left: 300 sec this turn | 300 sec total\n|\n|t:|1783553121\n|move|p1a: Cresselia|Moonblast|p2a: Drednaw\n|-damage|p2a: Drednaw|55/100\n|move|p2a: Drednaw|Shell Smash|p2a: Drednaw\n|-unboost|p2a: Drednaw|def|1\n|-unboost|p2a: Drednaw|spd|1\n|-boost|p2a: Drednaw|atk|2\n|-boost|p2a: Drednaw|spa|2\n|-boost|p2a: Drednaw|spe|2\n|-enditem|p2a: Drednaw|White Herb\n|-clearnegativeboost|p2a: Drednaw|[silent]\n|\n|upkeep\n|turn|17\n|inactive|Time left: 300 sec this turn | 300 sec total\n|\n|t:|1783553122\n|move|p2a: Drednaw|Liquidation|p1a: Cresselia\n|-damage|p1a: Cresselia|152/323\n|move|p1a: Cresselia|Moonlight|p1a: Cresselia\n|-heal|p1a: Cresselia|313/323\n|\n|-heal|p1a: Cresselia|323/323|[from] item: Leftovers\n|upkeep\n|turn|18\n|inactive|Time left: 300 sec this turn | 300 sec total\n|\n|t:|1783553123\n|move|p2a: Drednaw|Liquidation|p1a: Cresselia\n|-damage|p1a: Cresselia|163/323\n|move|p1a: Cresselia|Moonlight|p1a: Cresselia\n|-heal|p1a: Cresselia|323/323\n|\n|upkeep\n|turn|19\n|inactive|Time left: 300 sec this turn | 300 sec total\n|\n|t:|1783553124\n|move|p2a: Drednaw|Liquidation|p1a: Cresselia\n|-damage|p1a: Cresselia|146/323\n|-unboost|p1a: Cresselia|def|1\n|move|p1a: Cresselia|Moonlight|p1a: Cresselia\n|-heal|p1a: Cresselia|307/323\n|\n|-heal|p1a: Cresselia|323/323|[from] item: Leftovers\n|upkeep\n|turn|20\n|inactive|Time left: 300 sec this turn | 300 sec total\n|\n|t:|1783553125\n|-terastallize|p2a: Drednaw|Water\n|move|p2a: Drednaw|Liquidation|p1a: Cresselia\n|-damage|p1a: Cresselia|0 fnt\n|faint|p1a: Cresselia\n|\n|upkeep\n|inactive|Time left: 300 sec this turn | 300 sec total | 5 sec grace\n|\n|t:|1783553126\n|switch|p1a: Electrode|Electrode-Hisui, L87|246/246\n|turn|21\n|inactive|Time left: 300 sec this turn | 300 sec total\n|\n|t:|1783553127\n|move|p2a: Drednaw|Stone Edge|p1a: Electrode\n|-damage|p1a: Electrode|0 fnt\n|faint|p1a: Electrode\n|\n|upkeep\n|inactive|Time left: 300 sec this turn | 300 sec total | 5 sec grace\n|\n|t:|1783553128\n|switch|p1a: Scizor|Scizor, L79, F|240/240\n|turn|22\n|inactive|Time left: 300 sec this turn | 300 sec total\n|\n|t:|1783553130\n|-terastallize|p1a: Scizor|Dragon\n|move|p2a: Drednaw|Liquidation|p1a: Scizor\n|-resisted|p1a: Scizor\n|-damage|p1a: Scizor|127/240\n|move|p1a: Scizor|U-turn|p2a: Drednaw\n|-damage|p2a: Drednaw|25/100\n|inactive|Time left: 300 sec this turn | 300 sec total | 5 sec grace\n|\n|t:|1783553131\n|switch|p1a: Froslass|Froslass, L87, F|115/263|[from] U-turn\n|\n|upkeep\n|turn|23\n|inactive|Time left: 300 sec this turn | 300 sec total\n|\n|t:|1783553132\n|move|p2a: Drednaw|Earthquake|p1a: Froslass\n|-damage|p1a: Froslass|0 fnt\n|faint|p1a: Froslass\n|\n|upkeep\n|inactive|Time left: 300 sec this turn | 300 sec total | 5 sec grace\n|\n|t:|1783553133\n|switch|p1a: Barraskewda|Barraskewda, L81, M|231/231\n|turn|24\n|inactive|Time left: 300 sec this turn | 300 sec total\n|\n|t:|1783553134\n|move|p2a: Drednaw|Stone Edge|p1a: Barraskewda|[miss]\n|-miss|p2a: Drednaw|p1a: Barraskewda\n|move|p1a: Barraskewda|Poison Jab|p2a: Drednaw\n|-damage|p2a: Drednaw|0 fnt\n|faint|p2a: Drednaw\n|\n|upkeep\n|\n|t:|1783553135\n|switch|p2a: Armarouge|Armarouge, L80, M|100/100\n|turn|25\n|inactive|Time left: 300 sec this turn | 300 sec total\n|\n|t:|1783553136\n|switch|p1a: Chandelure|Chandelure, L83, F|235/235\n|move|p2a: Armarouge|Armor Cannon|p1a: Chandelure\n|-start|p1a: Chandelure|ability: Flash Fire\n|\n|upkeep\n|turn|26\n|inactive|Time left: 300 sec this turn | 300 sec total\n|\n|t:|1783553137\n|switch|p2a: Oranguru|Oranguru, L92, M|24/100\n|move|p1a: Chandelure|Shadow Ball|p2a: Oranguru\n|-immune|p2a: Oranguru\n|\n|upkeep\n|turn|27\n|inactive|Time left: 300 sec this turn | 300 sec total\n|\n|t:|1783553137\n|-end|p1a: Chandelure|ability: Flash Fire|[silent]\n|switch|p1a: Scizor|Scizor, L79, F, tera:Dragon|127/240\n|move|p2a: Oranguru|Psyshock|p1a: Scizor\n|-damage|p1a: Scizor|0 fnt\n|faint|p1a: Scizor\n|\n|upkeep\n|inactive|Time left: 300 sec this turn | 300 sec total | 5 sec grace\n|\n|t:|1783553138\n|switch|p1a: Barraskewda|Barraskewda, L81, M|231/231\n|turn|28\n|inactive|Time left: 300 sec this turn | 300 sec total\n|\n|t:|1783553139\n|switch|p2a: Armarouge|Armarouge, L80, M|100/100\n|move|p1a: Barraskewda|Waterfall|p2a: Armarouge\n|-supereffective|p2a: Armarouge\n|-damage|p2a: Armarouge|0 fnt\n|faint|p2a: Armarouge\n|\n|upkeep\n|\n|t:|1783553140\n|switch|p2a: Bastiodon|Bastiodon, L89, M|100/100\n|turn|29\n|inactive|Time left: 300 sec this turn | 300 sec total\n|\n|t:|1783553141\n|move|p1a: Barraskewda|Waterfall|p2a: Bastiodon\n|-supereffective|p2a: Bastiodon\n|-damage|p2a: Bastiodon|38/100\n|move|p2a: Bastiodon|Body Press|p1a: Barraskewda\n|-damage|p1a: Barraskewda|107/231\n|\n|upkeep\n|turn|30\n|inactive|Time left: 300 sec this turn | 300 sec total\n|\n|t:|1783553142\n|move|p1a: Barraskewda|Waterfall|p2a: Bastiodon\n|-supereffective|p2a: Bastiodon\n|-damage|p2a: Bastiodon|0 fnt\n|faint|p2a: Bastiodon\n|\n|upkeep\n|\n|t:|1783553143\n|switch|p2a: Cetitan|Cetitan, L82, F|100/100\n|turn|31\n|inactive|Time left: 300 sec this turn | 300 sec total\n|\n|t:|1783553144\n|move|p1a: Barraskewda|Waterfall|p2a: Cetitan\n|-damage|p2a: Cetitan|58/100\n|move|p2a: Cetitan|Earthquake|p1a: Barraskewda\n|-damage|p1a: Barraskewda|5/231\n|\n|upkeep\n|turn|32\n|inactive|Time left: 300 sec this turn | 300 sec total\n|\n|t:|1783553145\n|move|p2a: Cetitan|Ice Shard|p1a: Barraskewda\n|-resisted|p1a: Barraskewda\n|-damage|p1a: Barraskewda|0 fnt\n|faint|p1a: Barraskewda\n|\n|upkeep\n|inactive|Time left: 300 sec this turn | 300 sec total | 5 sec grace\n|\n|t:|1783553145\n|switch|p1a: Chandelure|Chandelure, L83, F|235/235\n|turn|33\n|inactive|Time left: 300 sec this turn | 300 sec total\n|\n|t:|1783553146\n|move|p1a: Chandelure|Fire Blast|p2a: Cetitan\n|-supereffective|p2a: Cetitan\n|-damage|p2a: Cetitan|2/100\n|-enditem|p2a: Cetitan|Sitrus Berry|[eat]\n|-heal|p2a: Cetitan|27/100|[from] item: Sitrus Berry\n|move|p2a: Cetitan|Earthquake|p1a: Chandelure\n|-supereffective|p1a: Chandelure\n|-damage|p1a: Chandelure|91/235\n|\n|upkeep\n|turn|34\n|inactive|Time left: 300 sec this turn | 300 sec total\n|\n|t:|1783553147\n|move|p1a: Chandelure|Fire Blast|p2a: Cetitan\n|-supereffective|p2a: Cetitan\n|-damage|p2a: Cetitan|0 fnt\n|faint|p2a: Cetitan\n|\n|upkeep\n|\n|t:|1783553147\n|switch|p2a: Oranguru|Oranguru, L92, M|24/100\n|turn|35\n|inactive|Time left: 300 sec this turn | 300 sec total\n|\n|t:|1783553148\n|move|p1a: Chandelure|Fire Blast|p2a: Oranguru\n|-damage|p2a: Oranguru|0 fnt\n|faint|p2a: Oranguru\n|\n|win|p0x120810b4", "uploadtime": 1783553148, "views": 0, "rating": 0, "private": 0, "password": null, "_winner": "p0x120810b4", "_our_name": "p0x120810b4"}