{"id": "battle-gen9randombattle-1732", "formatid": "gen9randombattle", "format": "[Gen 9] Random Battle", "players": ["p0x17325bb1", "p0y173249e4"], "log": "|init|battle\n|title|p0x17325bb1 vs. p0y173249e4\n|j|\u2606p0x17325bb1\n|j|\u2606p0y173249e4\n|t:|1783560039\n|gametype|singles\n|player|p1|p0x17325bb1|266|\n|player|p2|p0y173249e4|1|\n|gen|9\n|tier|[Gen 9] Random Battle\n|rule|Species Clause: Limit one of each Pok\u00e9mon\n|rule|HP Percentage Mod: HP is shown in percentages\n|rule|Sleep Clause Mod: Limit one foe put to sleep\n|rule|Illusion Level Mod: Illusion disguises the Pok\u00e9mon's true level\n|\n|t:|1783560039\n|teamsize|p1|6\n|teamsize|p2|6\n|start\n|switch|p1a: Mudsdale|Mudsdale, L83, M|302/302\n|switch|p2a: Salamence|Salamence, L77, F|100/100\n|turn|1\n|inactive|Battle timer is ON: inactive players will automatically lose when time's up. (requested by p0x17325bb1)\n|inactive|p0y173249e4 also wants the timer to be on.\n|\n|t:|1783560040\n|move|p2a: Salamence|Dragon Dance|p2a: Salamence\n|-boost|p2a: Salamence|atk|1\n|-boost|p2a: Salamence|spe|1\n|move|p1a: Mudsdale|Stone Edge|p2a: Salamence\n|-supereffective|p2a: Salamence\n|-damage|p2a: Salamence|32/100\n|\n|upkeep\n|turn|2\n|inactive|Time left: 300 sec this turn | 300 sec total\n|\n|t:|1783560041\n|move|p2a: Salamence|Outrage|p1a: Mudsdale\n|-damage|p1a: Mudsdale|100/302\n|-ability|p1a: Mudsdale|Stamina|boost\n|-boost|p1a: Mudsdale|def|1\n|move|p1a: Mudsdale|Heavy Slam|p2a: Salamence\n|-damage|p2a: Salamence|0 fnt\n|faint|p2a: Salamence\n|\n|-heal|p1a: Mudsdale|118/302|[from] item: Leftovers\n|upkeep\n|\n|t:|1783560042\n|switch|p2a: Wugtrio|Wugtrio, L91, F|100/100\n|turn|3\n|inactive|Time left: 300 sec this turn | 300 sec total\n|\n|t:|1783560043\n|-terastallize|p1a: Mudsdale|Steel\n|move|p2a: Wugtrio|Liquidation|p1a: Mudsdale\n|-damage|p1a: Mudsdale|22/302\n|-ability|p1a: Mudsdale|Stamina|boost\n|-boost|p1a: Mudsdale|def|1\n|move|p1a: Mudsdale|Earthquake|p2a: Wugtrio\n|-damage|p2a: Wugtrio|14/100\n|\n|-heal|p1a: Mudsdale|40/302|[from] item: Leftovers\n|upkeep\n|turn|4\n|inactive|Time left: 300 sec this turn | 300 sec total\n|\n|t:|1783560044\n|switch|p1a: Sunflora|Sunflora, F|312/312\n|move|p2a: Wugtrio|Liquidation|p1a: Sunflora\n|-resisted|p1a: Sunflora\n|-damage|p1a: Sunflora|212/312\n|\n|upkeep\n|turn|5\n|inactive|Time left: 300 sec this turn | 300 sec total\n|\n|t:|1783560045\n|move|p2a: Wugtrio|Liquidation|p1a: Sunflora\n|-resisted|p1a: Sunflora\n|-damage|p1a: Sunflora|111/312\n|-unboost|p1a: Sunflora|def|1\n|move|p1a: Sunflora|Earth Power|p2a: Wugtrio\n|-damage|p2a: Wugtrio|0 fnt\n|faint|p2a: Wugtrio\n|\n|upkeep\n|\n|t:|1783560046\n|switch|p2a: Vivillon|Vivillon-Continental, L83, M|100/100\n|turn|6\n|inactive|Time left: 300 sec this turn | 300 sec total\n|\n|t:|1783560047\n|switch|p1a: Gardevoir|Gardevoir, L83, M|249/249\n|-ability|p1a: Gardevoir|Compound Eyes|Trace|[from] ability: Trace|[of] p2a: Vivillon\n|move|p2a: Vivillon|Quiver Dance|p2a: Vivillon\n|-boost|p2a: Vivillon|spa|1\n|-boost|p2a: Vivillon|spd|1\n|-boost|p2a: Vivillon|spe|1\n|\n|upkeep\n|turn|7\n|inactive|Time left: 300 sec this turn | 300 sec total\n|\n|t:|1783560048\n|move|p2a: Vivillon|Sleep Powder|p1a: Gardevoir\n|-status|p1a: Gardevoir|slp|[from] move: Sleep Powder\n|cant|p1a: Gardevoir|slp\n|\n|upkeep\n|turn|8\n|inactive|Time left: 300 sec this turn | 300 sec total\n|\n|t:|1783560049\n|move|p2a: Vivillon|Quiver Dance|p2a: Vivillon\n|-boost|p2a: Vivillon|spa|1\n|-boost|p2a: Vivillon|spd|1\n|-boost|p2a: Vivillon|spe|1\n|cant|p1a: Gardevoir|slp\n|\n|upkeep\n|turn|9\n|inactive|Time left: 300 sec this turn | 300 sec total\n|\n|t:|1783560050\n|move|p2a: Vivillon|Hurricane|p1a: Gardevoir\n|-damage|p1a: Gardevoir|87/249 slp\n|-start|p1a: Gardevoir|confusion\n|cant|p1a: Gardevoir|slp\n|\n|upkeep\n|turn|10\n|inactive|Time left: 300 sec this turn | 300 sec total\n|\n|t:|1783560051\n|move|p2a: Vivillon|Hurricane|p1a: Gardevoir\n|-damage|p1a: Gardevoir|0 fnt\n|faint|p1a: Gardevoir\n|\n|upkeep\n|inactive|Time left: 300 sec this turn | 300 sec total | 5 sec grace\n|\n|t:|1783560052\n|switch|p1a: Whiscash|Whiscash, L88, M|337/337\n|turn|11\n|inactive|Time left: 300 sec this turn | 300 sec total\n|\n|t:|1783560053\n|move|p2a: Vivillon|Hurricane|p1a: Whiscash\n|-damage|p1a: Whiscash|78/337\n|-start|p1a: Whiscash|confusion\n|-activate|p1a: Whiscash|confusion\n|move|p1a: Whiscash|Stone Edge|p2a: Vivillon\n|-supereffective|p2a: Vivillon\n|-damage|p2a: Vivillon|0 fnt\n|faint|p2a: Vivillon\n|-damage|p1a: Whiscash|45/337|[from] item: Life Orb\n|\n|upkeep\n|\n|t:|1783560054\n|switch|p2a: Tyranitar|Tyranitar, L78, F|100/100\n|-weather|Sandstorm|[from] ability: Sand Stream|[of] p2a: Tyranitar\n|turn|12\n|inactive|Time left: 300 sec this turn | 300 sec total\n|\n|t:|1783560055\n|-end|p1a: Whiscash|confusion\n|move|p1a: Whiscash|Earthquake|p2a: Tyranitar\n|-supereffective|p2a: Tyranitar\n|-damage|p2a: Tyranitar|21/100\n|-damage|p1a: Whiscash|12/337|[from] item: Life Orb\n|move|p2a: Tyranitar|Knock Off|p1a: Whiscash\n|-damage|p1a: Whiscash|0 fnt\n|-enditem|p1a: Whiscash|Life Orb|[from] move: Knock Off|[of] p2a: Tyranitar\n|faint|p1a: Whiscash\n|\n|-weather|Sandstorm|[upkeep]\n|-heal|p2a: Tyranitar|27/100|[from] item: Leftovers\n|upkeep\n|inactive|Time left: 300 sec this turn | 300 sec total | 5 sec grace\n|\n|t:|1783560056\n|switch|p1a: Kommo-o|Kommo-o, L77, M|242/242\n|turn|13\n|inactive|Time left: 300 sec this turn | 300 sec total\n|\n|t:|1783560057\n|switch|p2a: Clodsire|Clodsire, L81, M|100/100\n|move|p1a: Kommo-o|Scale Shot|p2a: Clodsire\n|-damage|p2a: Clodsire|91/100\n|-damage|p2a: Clodsire|81/100\n|-damage|p2a: Clodsire|70/100\n|-damage|p2a: Clodsire|60/100\n|-damage|p2a: Clodsire|50/100\n|-hitcount|p2a: Clodsire|5\n|-unboost|p1a: Kommo-o|def|1\n|-boost|p1a: Kommo-o|spe|1\n|\n|-weather|Sandstorm|[upkeep]\n|-damage|p1a: Kommo-o|227/242|[from] Sandstorm\n|-heal|p2a: Clodsire|56/100|[from] item: Leftovers\n|upkeep\n|turn|14\n|inactive|Time left: 300 sec this turn | 300 sec total\n|\n|t:|1783560058\n|move|p1a: Kommo-o|Swords Dance|p1a: Kommo-o\n|-boost|p1a: Kommo-o|atk|2\n|move|p2a: Clodsire|Earthquake|p1a: Kommo-o\n|-damage|p1a: Kommo-o|161/242\n|\n|-weather|Sandstorm|[upkeep]\n|-damage|p1a: Kommo-o|146/242|[from] Sandstorm\n|-heal|p2a: Clodsire|63/100|[from] item: Leftovers\n|upkeep\n|turn|15\n|inactive|Time left: 300 sec this turn | 300 sec total\n|\n|t:|1783560060\n|move|p1a: Kommo-o|Scale Shot|p2a: Clodsire\n|-damage|p2a: Clodsire|54/100\n|-damage|p2a: Clodsire|45/100\n|-damage|p2a: Clodsire|35/100\n|-damage|p2a: Clodsire|25/100\n|-damage|p2a: Clodsire|15/100\n|-hitcount|p2a: Clodsire|5\n|-unboost|p1a: Kommo-o|def|1\n|-boost|p1a: Kommo-o|spe|1\n|move|p2a: Clodsire|Toxic|p1a: Kommo-o\n|-status|p1a: Kommo-o|tox\n|\n|-weather|Sandstorm|[upkeep]\n|-damage|p1a: Kommo-o|131/242 tox|[from] Sandstorm\n|-heal|p2a: Clodsire|21/100|[from] item: Leftovers\n|-damage|p1a: Kommo-o|116/242 tox|[from] psn\n|upkeep\n|turn|16\n|inactive|Time left: 300 sec this turn | 300 sec total\n|\n|t:|1783560061\n|move|p1a: Kommo-o|Scale Shot|p2a: Clodsire\n|-damage|p2a: Clodsire|11/100\n|-damage|p2a: Clodsire|2/100\n|-damage|p2a: Clodsire|0 fnt\n|faint|p2a: Clodsire\n|-hitcount|p2: Clodsire|3\n|-unboost|p1a: Kommo-o|def|1\n|-boost|p1a: Kommo-o|spe|1\n|\n|-weather|none\n|-damage|p1a: Kommo-o|86/242 tox|[from] psn\n|upkeep\n|\n|t:|1783560062\n|switch|p2a: Bellibolt|Bellibolt, L84, M|100/100\n|turn|17\n|inactive|Time left: 300 sec this turn | 300 sec total\n|\n|t:|1783560063\n|move|p1a: Kommo-o|Close Combat|p2a: Bellibolt\n|-damage|p2a: Bellibolt|32/100\n|-unboost|p1a: Kommo-o|def|1\n|-unboost|p1a: Kommo-o|spd|1\n|-start|p2a: Bellibolt|Charge|Close Combat|[from] ability: Electromorphosis\n|move|p2a: Bellibolt|Volt Switch|p1a: Kommo-o\n|-resisted|p1a: Kommo-o\n|-damage|p1a: Kommo-o|0 fnt\n|faint|p1a: Kommo-o\n|-end|p2a: Bellibolt|Charge|[silent]\n|\n|t:|1783560064\n|switch|p2a: Tyranitar|Tyranitar, L78, F|27/100|[from] Volt Switch\n|-weather|Sandstorm|[from] ability: Sand Stream|[of] p2a: Tyranitar\n|\n|-weather|Sandstorm|[upkeep]\n|-heal|p2a: Tyranitar|33/100|[from] item: Leftovers\n|upkeep\n|inactive|Time left: 300 sec this turn | 300 sec total | 10 sec grace\n|\n|t:|1783560065\n|switch|p1a: Skuntank|Skuntank, L84, F|310/310\n|turn|18\n|inactive|Time left: 300 sec this turn | 300 sec total\n|\n|t:|1783560066\n|move|p1a: Skuntank|Knock Off|p2a: Tyranitar\n|-resisted|p2a: Tyranitar\n|-damage|p2a: Tyranitar|11/100\n|-enditem|p2a: Tyranitar|Leftovers|[from] move: Knock Off|[of] p1a: Skuntank\n|-damage|p1a: Skuntank|279/310|[from] item: Life Orb\n|move|p2a: Tyranitar|Knock Off|p1a: Skuntank\n|-resisted|p1a: Skuntank\n|-damage|p1a: Skuntank|211/310\n|-enditem|p1a: Skuntank|Life Orb|[from] move: Knock Off|[of] p2a: Tyranitar\n|\n|-weather|Sandstorm|[upkeep]\n|-damage|p1a: Skuntank|192/310|[from] Sandstorm\n|upkeep\n|turn|19\n|inactive|Time left: 300 sec this turn | 300 sec total\n|\n|t:|1783560067\n|move|p1a: Skuntank|Gunk Shot|p2a: Tyranitar\n|-resisted|p2a: Tyranitar\n|-damage|p2a: Tyranitar|0 fnt\n|faint|p2a: Tyranitar\n|\n|-weather|Sandstorm|[upkeep]\n|-damage|p1a: Skuntank|173/310|[from] Sandstorm\n|upkeep\n|\n|t:|1783560067\n|switch|p2a: Bellibolt|Bellibolt, L84, M|32/100\n|turn|20\n|inactive|Time left: 300 sec this turn | 300 sec total\n|\n|t:|1783560068\n|move|p1a: Skuntank|Gunk Shot|p2a: Bellibolt\n|-damage|p2a: Bellibolt|0 fnt\n|faint|p2a: Bellibolt\n|\n|win|p0x17325bb1", "uploadtime": 1783560068, "views": 0, "rating": 0, "private": 0, "password": null, "_winner": "p0x17325bb1", "_our_name": "p0x17325bb1"}