{"id": "battle-gen9randombattle-19", "formatid": "gen9randombattle", "format": "[Gen 9] Random Battle", "players": ["p0x01921f0", "p0y0192474"], "log": "|init|battle\n|title|p0x01921f0 vs. p0y0192474\n|j|\u2606p0x01921f0\n|j|\u2606p0y0192474\n|t:|1783533486\n|gametype|singles\n|player|p1|p0x01921f0|170|\n|player|p2|p0y0192474|101|\n|gen|9\n|tier|[Gen 9] Random Battle\n|rule|Species Clause: Limit one of each Pok\u00e9mon\n|rule|HP Percentage Mod: HP is shown in percentages\n|rule|Sleep Clause Mod: Limit one foe put to sleep\n|rule|Illusion Level Mod: Illusion disguises the Pok\u00e9mon's true level\n|\n|t:|1783533486\n|teamsize|p1|6\n|teamsize|p2|6\n|start\n|switch|p1a: Shaymin|Shaymin, L82|100/100\n|switch|p2a: Passimian|Passimian, L83, F|302/302\n|turn|1\n|inactive|Battle timer is ON: inactive players will automatically lose when time's up. (requested by p0y0192474)\n|inactive|p0x01921f0 also wants the timer to be on.\n|\n|t:|1783533488\n|move|p1a: Shaymin|Air Slash|p2a: Passimian\n|-supereffective|p2a: Passimian\n|-damage|p2a: Passimian|156/302\n|move|p2a: Passimian|Gunk Shot|p1a: Shaymin\n|-supereffective|p1a: Shaymin\n|-damage|p1a: Shaymin|34/100\n|\n|-heal|p1a: Shaymin|40/100|[from] item: Leftovers\n|-heal|p2a: Passimian|174/302|[from] item: Leftovers\n|upkeep\n|turn|2\n|inactive|Time left: 300 sec this turn | 300 sec total\n|\n|t:|1783533489\n|move|p1a: Shaymin|Air Slash|p2a: Passimian\n|-supereffective|p2a: Passimian\n|-damage|p2a: Passimian|28/302\n|move|p2a: Passimian|Drain Punch|p1a: Shaymin\n|-damage|p1a: Shaymin|13/100\n|-heal|p2a: Passimian|69/302|[from] drain|[of] p1a: Shaymin\n|\n|-heal|p1a: Shaymin|19/100|[from] item: Leftovers\n|-heal|p2a: Passimian|87/302|[from] item: Leftovers\n|upkeep\n|turn|3\n|inactive|Time left: 300 sec this turn | 300 sec total\n|\n|t:|1783533490\n|move|p1a: Shaymin|Air Slash|p2a: Passimian\n|-supereffective|p2a: Passimian\n|-damage|p2a: Passimian|0 fnt\n|faint|p2a: Passimian\n|\n|-heal|p1a: Shaymin|25/100|[from] item: Leftovers\n|upkeep\n|inactive|Time left: 300 sec this turn | 300 sec total | 5 sec grace\n|\n|t:|1783533491\n|switch|p2a: Azelf|Azelf, L82|257/257\n|turn|4\n|inactive|Time left: 300 sec this turn | 300 sec total\n|\n|t:|1783533492\n|move|p2a: Azelf|Nasty Plot|p2a: Azelf\n|-boost|p2a: Azelf|spa|2\n|move|p1a: Shaymin|Synthesis|p1a: Shaymin\n|-heal|p1a: Shaymin|75/100\n|\n|-heal|p1a: Shaymin|81/100|[from] item: Leftovers\n|upkeep\n|turn|5\n|inactive|Time left: 300 sec this turn | 300 sec total\n|\n|t:|1783533493\n|move|p2a: Azelf|Fire Blast|p1a: Shaymin\n|-supereffective|p1a: Shaymin\n|-damage|p1a: Shaymin|0 fnt\n|faint|p1a: Shaymin\n|-damage|p2a: Azelf|232/257|[from] item: Life Orb\n|\n|upkeep\n|\n|t:|1783533494\n|switch|p1a: Alomomola|Alomomola, L87, F|100/100\n|turn|6\n|inactive|Time left: 300 sec this turn | 300 sec total\n|\n|t:|1783533495\n|move|p1a: Alomomola|Protect|p1a: Alomomola\n|-singleturn|p1a: Alomomola|Protect\n|move|p2a: Azelf|Fire Blast|p1a: Alomomola\n|-activate|p1a: Alomomola|move: Protect\n|\n|upkeep\n|turn|7\n|inactive|Time left: 300 sec this turn | 300 sec total\n|\n|t:|1783533496\n|move|p2a: Azelf|Nasty Plot|p2a: Azelf\n|-boost|p2a: Azelf|spa|2\n|move|p1a: Alomomola|Flip Turn|p2a: Azelf\n|-damage|p2a: Azelf|162/257\n|\n|t:|1783533497\n|switch|p1a: Pikachu|Pikachu-Alola, L93, M|100/100|[from] Flip Turn\n|\n|upkeep\n|turn|8\n|inactive|Time left: 300 sec this turn | 300 sec total\n|\n|t:|1783533499\n|move|p1a: Pikachu|Fake Out|p2a: Azelf\n|-damage|p2a: Azelf|111/257\n|cant|p2a: Azelf|flinch\n|\n|upkeep\n|turn|9\n|inactive|Time left: 300 sec this turn | 300 sec total\n|\n|t:|1783533500\n|move|p2a: Azelf|Dazzling Gleam|p1a: Pikachu\n|-damage|p1a: Pikachu|0 fnt\n|faint|p1a: Pikachu\n|-damage|p2a: Azelf|86/257|[from] item: Life Orb\n|\n|upkeep\n|\n|t:|1783533501\n|switch|p1a: Lycanroc|Lycanroc-Dusk, L81, M|100/100\n|turn|10\n|inactive|Time left: 300 sec this turn | 300 sec total\n|\n|t:|1783533502\n|switch|p2a: Appletun|Appletun, L92, F|352/352\n|move|p1a: Lycanroc|Accelerock|p2a: Appletun\n|-damage|p2a: Appletun|259/352\n|\n|-heal|p2a: Appletun|281/352|[from] item: Leftovers\n|upkeep\n|turn|11\n|inactive|Time left: 300 sec this turn | 300 sec total\n|\n|t:|1783533503\n|switch|p1a: Lurantis|Lurantis, L87, M|100/100\n|move|p2a: Appletun|Apple Acid|p1a: Lurantis\n|-resisted|p1a: Lurantis\n|-damage|p1a: Lurantis|82/100\n|-boost|p1a: Lurantis|spd|1\n|\n|-heal|p1a: Lurantis|88/100|[from] item: Leftovers\n|-heal|p2a: Appletun|303/352|[from] item: Leftovers\n|upkeep\n|turn|12\n|inactive|Time left: 300 sec this turn | 300 sec total\n|\n|t:|1783533504\n|switch|p2a: Chandelure|Chandelure, L83, F|235/235\n|move|p1a: Lurantis|Superpower|p2a: Chandelure\n|-immune|p2a: Chandelure\n|\n|-heal|p1a: Lurantis|94/100|[from] item: Leftovers\n|upkeep\n|turn|13\n|inactive|Time left: 300 sec this turn | 300 sec total\n|\n|t:|1783533505\n|move|p2a: Chandelure|Fire Blast|p1a: Lurantis\n|-supereffective|p1a: Lurantis\n|-damage|p1a: Lurantis|21/100\n|move|p1a: Lurantis|Knock Off|p2a: Chandelure\n|-supereffective|p2a: Chandelure\n|-damage|p2a: Chandelure|81/235\n|-enditem|p2a: Chandelure|Heavy-Duty Boots|[from] move: Knock Off|[of] p1a: Lurantis\n|\n|-heal|p1a: Lurantis|27/100|[from] item: Leftovers\n|upkeep\n|turn|14\n|inactive|Time left: 300 sec this turn | 300 sec total\n|\n|t:|1783533507\n|move|p2a: Chandelure|Shadow Ball|p1a: Lurantis\n|-damage|p1a: Lurantis|0 fnt\n|faint|p1a: Lurantis\n|\n|upkeep\n|\n|t:|1783533508\n|switch|p1a: Thundurus|Thundurus-Therian, L80, M|100/100\n|turn|15\n|inactive|Time left: 300 sec this turn | 300 sec total\n|\n|t:|1783533509\n|switch|p2a: Appletun|Appletun, L92, F|303/352\n|move|p1a: Thundurus|Thunderbolt|p2a: Appletun\n|-resisted|p2a: Appletun\n|-damage|p2a: Appletun|272/352\n|\n|-heal|p2a: Appletun|294/352|[from] item: Leftovers\n|upkeep\n|turn|16\n|inactive|Time left: 300 sec this turn | 300 sec total\n|\n|t:|1783533510\n|move|p1a: Thundurus|Nasty Plot|p1a: Thundurus\n|-boost|p1a: Thundurus|spa|2\n|move|p2a: Appletun|Apple Acid|p1a: Thundurus\n|-resisted|p1a: Thundurus\n|-damage|p1a: Thundurus|80/100\n|-unboost|p1a: Thundurus|spd|1\n|\n|-heal|p2a: Appletun|316/352|[from] item: Leftovers\n|upkeep\n|turn|17\n|inactive|Time left: 300 sec this turn | 300 sec total\n|\n|t:|1783533512\n|-terastallize|p1a: Thundurus|Flying\n|-terastallize|p2a: Appletun|Steel\n|move|p1a: Thundurus|Tera Blast|p2a: Appletun|[anim] Tera Blast Flying\n|-resisted|p2a: Appletun\n|-damage|p2a: Appletun|168/352\n|move|p2a: Appletun|Draco Meteor|p1a: Thundurus\n|-damage|p1a: Thundurus|0 fnt\n|-unboost|p2a: Appletun|spa|2\n|faint|p1a: Thundurus\n|\n|-heal|p2a: Appletun|190/352|[from] item: Leftovers\n|upkeep\n|\n|t:|1783533512\n|switch|p1a: Lycanroc|Lycanroc-Dusk, L81, M|100/100\n|turn|18\n|inactive|Time left: 300 sec this turn | 300 sec total\n|\n|t:|1783533513\n|switch|p2a: Chandelure|Chandelure, L83, F|81/235\n|move|p1a: Lycanroc|Close Combat|p2a: Chandelure\n|-immune|p2a: Chandelure\n|\n|upkeep\n|turn|19\n|inactive|Time left: 300 sec this turn | 300 sec total\n|\n|t:|1783533514\n|switch|p1a: Alomomola|Alomomola, L87, F|100/100\n|move|p2a: Chandelure|Will-O-Wisp|p1a: Alomomola|[miss]\n|-miss|p2a: Chandelure|p1a: Alomomola\n|\n|upkeep\n|turn|20\n|inactive|Time left: 300 sec this turn | 300 sec total\n|\n|t:|1783533515\n|switch|p2a: Appletun|Appletun, L92, F, tera:Steel|190/352\n|move|p1a: Alomomola|Flip Turn|p2a: Appletun\n|-damage|p2a: Appletun|135/352\n|\n|t:|1783533516\n|switch|p1a: Lycanroc|Lycanroc-Dusk, L81, M|100/100|[from] Flip Turn\n|\n|-heal|p2a: Appletun|157/352|[from] item: Leftovers\n|upkeep\n|turn|21\n|inactive|Time left: 300 sec this turn | 300 sec total\n|\n|t:|1783533517\n|switch|p2a: Chandelure|Chandelure, L83, F|81/235\n|move|p1a: Lycanroc|Close Combat|p2a: Chandelure\n|-immune|p2a: Chandelure\n|\n|upkeep\n|turn|22\n|inactive|Time left: 300 sec this turn | 300 sec total\n|\n|t:|1783533519\n|switch|p1a: Alomomola|Alomomola, L87, F|100/100\n|move|p2a: Chandelure|Will-O-Wisp|p1a: Alomomola\n|-status|p1a: Alomomola|brn\n|\n|-damage|p1a: Alomomola|94/100 brn|[from] brn\n|upkeep\n|turn|23\n|inactive|Time left: 300 sec this turn | 300 sec total\n|\n|t:|1783533520\n|switch|p2a: Appletun|Appletun, L92, F, tera:Steel|157/352\n|move|p1a: Alomomola|Scald|p2a: Appletun\n|-damage|p2a: Appletun|109/352\n|\n|-heal|p2a: Appletun|131/352|[from] item: Leftovers\n|-damage|p1a: Alomomola|88/100 brn|[from] brn\n|upkeep\n|turn|24\n|inactive|Time left: 300 sec this turn | 300 sec total\n|\n|t:|1783533520\n|move|p1a: Alomomola|Scald|p2a: Appletun\n|-damage|p2a: Appletun|80/352\n|move|p2a: Appletun|Apple Acid|p1a: Alomomola\n|-supereffective|p1a: Alomomola\n|-damage|p1a: Alomomola|17/100 brn\n|-unboost|p1a: Alomomola|spd|1\n|\n|-heal|p2a: Appletun|102/352|[from] item: Leftovers\n|-damage|p1a: Alomomola|11/100 brn|[from] brn\n|upkeep\n|turn|25\n|inactive|Time left: 300 sec this turn | 300 sec total\n|\n|t:|1783533521\n|move|p1a: Alomomola|Scald|p2a: Appletun\n|-crit|p2a: Appletun\n|-damage|p2a: Appletun|23/352\n|-status|p2a: Appletun|brn\n|move|p2a: Appletun|Apple Acid|p1a: Alomomola\n|-supereffective|p1a: Alomomola\n|-damage|p1a: Alomomola|0 fnt\n|faint|p1a: Alomomola\n|\n|-heal|p2a: Appletun|45/352 brn|[from] item: Leftovers\n|-damage|p2a: Appletun|23/352 brn|[from] brn\n|upkeep\n|\n|t:|1783533522\n|switch|p1a: Lycanroc|Lycanroc-Dusk, L81, M|100/100\n|turn|26\n|inactive|Time left: 300 sec this turn | 300 sec total\n|\n|t:|1783533523\n|move|p1a: Lycanroc|Stone Edge|p2a: Appletun\n|-resisted|p2a: Appletun\n|-damage|p2a: Appletun|0 fnt\n|faint|p2a: Appletun\n|\n|upkeep\n|inactive|Time left: 300 sec this turn | 300 sec total | 5 sec grace\n|\n|t:|1783533523\n|switch|p2a: Hawlucha|Hawlucha, L80, M|256/256\n|turn|27\n|inactive|Time left: 300 sec this turn | 300 sec total\n|\n|t:|1783533524\n|move|p2a: Hawlucha|Close Combat|p1a: Lycanroc\n|-supereffective|p1a: Lycanroc\n|-damage|p1a: Lycanroc|0 fnt\n|-unboost|p2a: Hawlucha|def|1\n|-unboost|p2a: Hawlucha|spd|1\n|faint|p1a: Lycanroc\n|-enditem|p2a: Hawlucha|White Herb\n|-clearnegativeboost|p2a: Hawlucha|[silent]\n|\n|win|p0y0192474", "uploadtime": 1783533524, "views": 0, "rating": 0, "private": 0, "password": null, "_winner": "p0y0192474", "_our_name": "p0y0192474"}