{"id": "battle-gen9randombattle-2202", "formatid": "gen9randombattle", "format": "[Gen 9] Random Battle", "players": ["p0x22024ff1", "p0y22024b64"], "log": "|init|battle\n|title|p0x22024ff1 vs. p0y22024b64\n|j|\u2606p0x22024ff1\n|j|\u2606p0y22024b64\n|t:|1783565525\n|gametype|singles\n|player|p1|p0x22024ff1|266|\n|player|p2|p0y22024b64|265|\n|gen|9\n|tier|[Gen 9] Random Battle\n|rule|Species Clause: Limit one of each Pok\u00e9mon\n|rule|HP Percentage Mod: HP is shown in percentages\n|rule|Sleep Clause Mod: Limit one foe put to sleep\n|rule|Illusion Level Mod: Illusion disguises the Pok\u00e9mon's true level\n|\n|t:|1783565525\n|teamsize|p1|6\n|teamsize|p2|6\n|start\n|switch|p1a: Serperior|Serperior, L79, M|248/248\n|switch|p2a: Espathra|Espathra, L80, M|100/100\n|turn|1\n|inactive|Battle timer is ON: inactive players will automatically lose when time's up. (requested by p0x22024ff1)\n|inactive|p0y22024b64 also wants the timer to be on.\n|\n|t:|1783565527\n|move|p1a: Serperior|Leaf Storm|p2a: Espathra\n|-damage|p2a: Espathra|38/100\n|-boost|p1a: Serperior|spa|2\n|-damage|p1a: Serperior|224/248|[from] item: Life Orb\n|move|p2a: Espathra|Dazzling Gleam|p1a: Serperior\n|-damage|p1a: Serperior|138/248\n|\n|-ability|p2a: Espathra|Speed Boost|boost\n|-boost|p2a: Espathra|spe|1\n|upkeep\n|turn|2\n|inactive|Time left: 300 sec this turn | 300 sec total\n|\n|t:|1783565528\n|-terastallize|p2a: Espathra|Fairy\n|move|p2a: Espathra|Dazzling Gleam|p1a: Serperior\n|-damage|p1a: Serperior|8/248\n|move|p1a: Serperior|Leaf Storm|p2a: Espathra\n|-damage|p2a: Espathra|0 fnt\n|-boost|p1a: Serperior|spa|2\n|faint|p2a: Espathra\n|-damage|p1a: Serperior|0 fnt|[from] item: Life Orb\n|faint|p1a: Serperior\n|\n|upkeep\n|inactive|Time left: 300 sec this turn | 300 sec total | 5 sec grace\n|\n|t:|1783565529\n|switch|p1a: Pyroar|Pyroar, L88, M|295/295\n|switch|p2a: Excadrill|Excadrill, L79, M|100/100\n|-ability|p1a: Pyroar|Unnerve\n|-ability|p2a: Excadrill|Mold Breaker\n|turn|3\n|inactive|Time left: 300 sec this turn | 300 sec total\n|\n|t:|1783565530\n|switch|p2a: Scrafty|Scrafty, L83, F|100/100\n|-ability|p2a: Scrafty|Intimidate|boost\n|-unboost|p1a: Pyroar|atk|1\n|move|p1a: Pyroar|Fire Blast|p2a: Scrafty\n|-crit|p2a: Scrafty\n|-damage|p2a: Scrafty|28/100\n|\n|-heal|p2a: Scrafty|34/100|[from] item: Leftovers\n|upkeep\n|turn|4\n|inactive|Time left: 300 sec this turn | 300 sec total\n|\n|t:|1783565531\n|switch|p2a: Clodsire|Clodsire, L81, F|100/100\n|move|p1a: Pyroar|Hyper Voice|p2a: Clodsire\n|-damage|p2a: Clodsire|68/100\n|\n|-heal|p2a: Clodsire|74/100|[from] item: Leftovers\n|upkeep\n|turn|5\n|inactive|Time left: 300 sec this turn | 300 sec total\n|\n|t:|1783565532\n|switch|p1a: Zapdos|Zapdos-Galar, L77|265/265\n|move|p2a: Clodsire|Earthquake|p1a: Zapdos\n|-immune|p1a: Zapdos\n|\n|-heal|p2a: Clodsire|80/100|[from] item: Leftovers\n|upkeep\n|turn|6\n|inactive|Time left: 300 sec this turn | 300 sec total\n|\n|t:|1783565533\n|move|p1a: Zapdos|Brave Bird|p2a: Clodsire\n|-damage|p2a: Clodsire|30/100\n|-damage|p1a: Zapdos|208/265|[from] Recoil\n|move|p2a: Clodsire|Poison Jab|p1a: Zapdos\n|-damage|p1a: Zapdos|136/265\n|\n|-heal|p2a: Clodsire|36/100|[from] item: Leftovers\n|upkeep\n|turn|7\n|inactive|Time left: 300 sec this turn | 300 sec total\n|\n|t:|1783565534\n|switch|p2a: Excadrill|Excadrill, L79, M|100/100\n|-ability|p2a: Excadrill|Mold Breaker\n|move|p1a: Zapdos|Brave Bird|p2a: Excadrill\n|-resisted|p2a: Excadrill\n|-damage|p2a: Excadrill|73/100\n|-damage|p1a: Zapdos|108/265|[from] Recoil\n|\n|-heal|p2a: Excadrill|79/100|[from] item: Leftovers\n|upkeep\n|turn|8\n|inactive|Time left: 300 sec this turn | 300 sec total\n|\n|t:|1783565535\n|move|p1a: Zapdos|Brave Bird|p2a: Excadrill\n|-resisted|p2a: Excadrill\n|-damage|p2a: Excadrill|51/100\n|-damage|p1a: Zapdos|80/265|[from] Recoil\n|move|p2a: Excadrill|Iron Head|p1a: Zapdos\n|-damage|p1a: Zapdos|0 fnt\n|faint|p1a: Zapdos\n|\n|-heal|p2a: Excadrill|57/100|[from] item: Leftovers\n|upkeep\n|inactive|Time left: 300 sec this turn | 300 sec total | 5 sec grace\n|\n|t:|1783565537\n|switch|p1a: Pyroar|Pyroar, L88, M|295/295\n|-ability|p1a: Pyroar|Unnerve\n|turn|9\n|inactive|Time left: 300 sec this turn | 300 sec total\n|\n|t:|1783565538\n|move|p1a: Pyroar|Fire Blast|p2a: Excadrill|[miss]\n|-miss|p1a: Pyroar|p2a: Excadrill\n|move|p2a: Excadrill|Earthquake|p1a: Pyroar\n|-supereffective|p1a: Pyroar\n|-damage|p1a: Pyroar|43/295\n|\n|-heal|p2a: Excadrill|63/100|[from] item: Leftovers\n|upkeep\n|turn|10\n|inactive|Time left: 300 sec this turn | 300 sec total\n|\n|t:|1783565539\n|move|p1a: Pyroar|Fire Blast|p2a: Excadrill\n|-supereffective|p2a: Excadrill\n|-damage|p2a: Excadrill|0 fnt\n|faint|p2a: Excadrill\n|\n|upkeep\n|\n|t:|1783565539\n|switch|p2a: Indeedee|Indeedee-F, L90, F|100/100\n|-fieldstart|move: Psychic Terrain|[from] ability: Psychic Surge|[of] p2a: Indeedee\n|turn|11\n|inactive|Time left: 300 sec this turn | 300 sec total\n|\n|t:|1783565540\n|move|p1a: Pyroar|Hyper Voice|p2a: Indeedee\n|-damage|p2a: Indeedee|67/100\n|move|p2a: Indeedee|Hyper Voice|p1a: Pyroar\n|-damage|p1a: Pyroar|0 fnt\n|faint|p1a: Pyroar\n|-damage|p2a: Indeedee|57/100|[from] item: Life Orb\n|\n|upkeep\n|inactive|Time left: 300 sec this turn | 300 sec total | 5 sec grace\n|\n|t:|1783565541\n|switch|p1a: Kleavor|Kleavor, L78, F|237/237\n|turn|12\n|inactive|Time left: 300 sec this turn | 300 sec total\n|\n|t:|1783565542\n|move|p2a: Indeedee|Psyshock|p1a: Kleavor\n|-damage|p1a: Kleavor|60/237\n|-damage|p2a: Indeedee|48/100|[from] item: Life Orb\n|move|p1a: Kleavor|Stone Axe|p2a: Indeedee\n|-damage|p2a: Indeedee|0 fnt\n|-sidestart|p2: p0y22024b64|move: Stealth Rock\n|faint|p2a: Indeedee\n|\n|upkeep\n|\n|t:|1783565543\n|switch|p2a: Zarude|Zarude, L77|100/100\n|-damage|p2a: Zarude|88/100|[from] Stealth Rock\n|turn|13\n|inactive|Time left: 300 sec this turn | 300 sec total\n|\n|t:|1783565544\n|switch|p1a: Giratina|Giratina-Origin, L72|335/335\n|move|p2a: Zarude|Knock Off|p1a: Giratina\n|-supereffective|p1a: Giratina\n|-damage|p1a: Giratina|185/335\n|\n|-heal|p2a: Zarude|94/100|[from] item: Leftovers\n|upkeep\n|turn|14\n|inactive|Time left: 300 sec this turn | 300 sec total\n|\n|t:|1783565545\n|move|p2a: Zarude|Knock Off|p1a: Giratina\n|-supereffective|p1a: Giratina\n|-damage|p1a: Giratina|33/335\n|move|p1a: Giratina|Poltergeist|p2a: Zarude\n|-activate|p2a: Zarude|move: Poltergeist|Leftovers\n|-resisted|p2a: Zarude\n|-damage|p2a: Zarude|73/100\n|\n|-heal|p2a: Zarude|79/100|[from] item: Leftovers\n|upkeep\n|turn|15\n|inactive|Time left: 300 sec this turn | 300 sec total\n|\n|t:|1783565546\n|move|p2a: Zarude|Swords Dance|p2a: Zarude\n|-boost|p2a: Zarude|atk|2\n|move|p1a: Giratina|Draco Meteor|p2a: Zarude\n|-damage|p2a: Zarude|24/100\n|-unboost|p1a: Giratina|spa|2\n|\n|-heal|p2a: Zarude|31/100|[from] item: Leftovers\n|-fieldend|move: Psychic Terrain\n|upkeep\n|turn|16\n|inactive|Time left: 300 sec this turn | 300 sec total\n|\n|t:|1783565547\n|move|p1a: Giratina|Shadow Sneak|p2a: Zarude\n|-resisted|p2a: Zarude\n|-damage|p2a: Zarude|23/100\n|move|p2a: Zarude|Synthesis|p2a: Zarude\n|-heal|p2a: Zarude|73/100\n|\n|-heal|p2a: Zarude|80/100|[from] item: Leftovers\n|upkeep\n|turn|17\n|inactive|Time left: 300 sec this turn | 300 sec total\n|\n|t:|1783565548\n|move|p1a: Giratina|Shadow Sneak|p2a: Zarude\n|-resisted|p2a: Zarude\n|-damage|p2a: Zarude|72/100\n|move|p2a: Zarude|Knock Off|p1a: Giratina\n|-supereffective|p1a: Giratina\n|-damage|p1a: Giratina|0 fnt\n|faint|p1a: Giratina\n|\n|-heal|p2a: Zarude|79/100|[from] item: Leftovers\n|upkeep\n|inactive|Time left: 300 sec this turn | 300 sec total | 5 sec grace\n|\n|t:|1783565549\n|switch|p1a: Deoxys|Deoxys, L74|196/196\n|-ability|p1a: Deoxys|Pressure\n|turn|18\n|inactive|Time left: 300 sec this turn | 300 sec total\n|\n|t:|1783565549\n|switch|p2a: Scrafty|Scrafty, L83, F|34/100\n|-damage|p2a: Scrafty|28/100|[from] Stealth Rock\n|-ability|p2a: Scrafty|Intimidate|boost\n|-unboost|p1a: Deoxys|atk|1\n|-terastallize|p1a: Deoxys|Fighting\n|move|p1a: Deoxys|Superpower|p2a: Scrafty\n|-supereffective|p2a: Scrafty\n|-damage|p2a: Scrafty|0 fnt\n|-unboost|p1a: Deoxys|atk|1\n|-unboost|p1a: Deoxys|def|1\n|faint|p2a: Scrafty\n|-damage|p1a: Deoxys|177/196|[from] item: Life Orb\n|\n|upkeep\n|\n|t:|1783565550\n|switch|p2a: Clodsire|Clodsire, L81, F|36/100\n|-damage|p2a: Clodsire|30/100|[from] Stealth Rock\n|turn|19\n|inactive|Time left: 300 sec this turn | 300 sec total\n|\n|t:|1783565551\n|move|p1a: Deoxys|Psycho Boost|p2a: Clodsire|[miss]\n|-miss|p1a: Deoxys|p2a: Clodsire\n|move|p2a: Clodsire|Recover|p2a: Clodsire\n|-heal|p2a: Clodsire|80/100\n|\n|-heal|p2a: Clodsire|86/100|[from] item: Leftovers\n|upkeep\n|turn|20\n|inactive|Time left: 300 sec this turn | 300 sec total\n|\n|t:|1783565552\n|move|p1a: Deoxys|Psycho Boost|p2a: Clodsire\n|-supereffective|p2a: Clodsire\n|-damage|p2a: Clodsire|0 fnt\n|-unboost|p1a: Deoxys|spa|2\n|faint|p2a: Clodsire\n|-damage|p1a: Deoxys|158/196|[from] item: Life Orb\n|\n|upkeep\n|\n|t:|1783565552\n|switch|p2a: Zarude|Zarude, L77|79/100\n|-damage|p2a: Zarude|66/100|[from] Stealth Rock\n|turn|21\n|inactive|Time left: 300 sec this turn | 300 sec total\n|\n|t:|1783565553\n|switch|p1a: Kleavor|Kleavor, L78, F|60/237\n|move|p2a: Zarude|Synthesis|p2a: Zarude\n|-heal|p2a: Zarude|100/100\n|\n|upkeep\n|turn|22\n|inactive|Time left: 300 sec this turn | 300 sec total\n|\n|t:|1783565554\n|move|p2a: Zarude|Power Whip|p1a: Kleavor\n|-damage|p1a: Kleavor|0 fnt\n|faint|p1a: Kleavor\n|\n|upkeep\n|inactive|Time left: 300 sec this turn | 300 sec total | 5 sec grace\n|\n|t:|1783565555\n|switch|p1a: Deoxys|Deoxys, L74, tera:Fighting|158/196\n|-ability|p1a: Deoxys|Pressure\n|turn|23\n|inactive|Time left: 300 sec this turn | 300 sec total\n|\n|t:|1783565556\n|move|p1a: Deoxys|Superpower|p2a: Zarude\n|-supereffective|p2a: Zarude\n|-damage|p2a: Zarude|0 fnt\n|-unboost|p1a: Deoxys|atk|1\n|-unboost|p1a: Deoxys|def|1\n|faint|p2a: Zarude\n|-damage|p1a: Deoxys|139/196|[from] item: Life Orb\n|\n|win|p0x22024ff1", "uploadtime": 1783565556, "views": 0, "rating": 0, "private": 0, "password": null, "_winner": "p0x22024ff1", "_our_name": "p0x22024ff1"}