{"id": "battle-gen9randombattle-2173", "formatid": "gen9randombattle", "format": "[Gen 9] Random Battle", "players": ["p0x2173f333", "p0y2173381e"], "log": "|init|battle\n|title|p0x2173f333 vs. p0y2173381e\n|j|\u2606p0x2173f333\n|j|\u2606p0y2173381e\n|t:|1783565169\n|gametype|singles\n|player|p1|p0x2173f333|101|\n|player|p2|p0y2173381e|266|\n|gen|9\n|tier|[Gen 9] Random Battle\n|rule|Species Clause: Limit one of each Pok\u00e9mon\n|rule|HP Percentage Mod: HP is shown in percentages\n|rule|Sleep Clause Mod: Limit one foe put to sleep\n|rule|Illusion Level Mod: Illusion disguises the Pok\u00e9mon's true level\n|\n|t:|1783565169\n|teamsize|p1|6\n|teamsize|p2|6\n|start\n|switch|p1a: Oricorio|Oricorio-Pa'u, L87, M|272/272\n|switch|p2a: Donphan|Donphan, L84, M|100/100\n|turn|1\n|inactive|Battle timer is ON: inactive players will automatically lose when time's up. (requested by p0y2173381e)\n|inactive|Time left: 300 sec this turn | 300 sec total | 60 sec grace\n|\n|t:|1783565170\n|move|p1a: Oricorio|Quiver Dance|p1a: Oricorio\n|-boost|p1a: Oricorio|spa|1\n|-boost|p1a: Oricorio|spd|1\n|-boost|p1a: Oricorio|spe|1\n|move|p2a: Donphan|Ice Spinner|p1a: Oricorio\n|-supereffective|p1a: Oricorio\n|-damage|p1a: Oricorio|114/272\n|\n|upkeep\n|turn|2\n|inactive|Time left: 300 sec this turn | 300 sec total\n|inactive|p0x2173f333 also wants the timer to be on.\n|\n|t:|1783565171\n|move|p1a: Oricorio|Roost|p1a: Oricorio\n|-heal|p1a: Oricorio|250/272\n|-singleturn|p1a: Oricorio|move: Roost\n|move|p2a: Donphan|Ice Spinner|p1a: Oricorio\n|-damage|p1a: Oricorio|180/272\n|\n|upkeep\n|turn|3\n|inactive|Time left: 300 sec this turn | 300 sec total\n|\n|t:|1783565173\n|move|p1a: Oricorio|Roost|p1a: Oricorio\n|-heal|p1a: Oricorio|272/272\n|-singleturn|p1a: Oricorio|move: Roost\n|move|p2a: Donphan|Ice Spinner|p1a: Oricorio\n|-damage|p1a: Oricorio|201/272\n|\n|upkeep\n|turn|4\n|inactive|Time left: 300 sec this turn | 300 sec total\n|\n|t:|1783565174\n|move|p1a: Oricorio|Revelation Dance|p2a: Donphan\n|-damage|p2a: Donphan|36/100\n|move|p2a: Donphan|Ice Spinner|p1a: Oricorio\n|-supereffective|p1a: Oricorio\n|-damage|p1a: Oricorio|43/272\n|\n|-heal|p2a: Donphan|42/100|[from] item: Leftovers\n|upkeep\n|turn|5\n|inactive|Time left: 300 sec this turn | 300 sec total\n|\n|t:|1783565175\n|switch|p2a: Scizor|Scizor, L79, F|100/100\n|move|p1a: Oricorio|Revelation Dance|p2a: Scizor\n|-resisted|p2a: Scizor\n|-damage|p2a: Scizor|67/100\n|\n|upkeep\n|turn|6\n|inactive|Time left: 300 sec this turn | 300 sec total\n|\n|t:|1783565176\n|move|p2a: Scizor|Bullet Punch|p1a: Oricorio\n|-damage|p1a: Oricorio|0 fnt\n|faint|p1a: Oricorio\n|\n|upkeep\n|inactive|Time left: 300 sec this turn | 300 sec total | 5 sec grace\n|\n|t:|1783565176\n|switch|p1a: Rhyperior|Rhyperior, L82, F|323/323\n|turn|7\n|inactive|Time left: 300 sec this turn | 300 sec total\n|\n|t:|1783565178\n|move|p2a: Scizor|Bullet Punch|p1a: Rhyperior\n|-supereffective|p1a: Rhyperior\n|-damage|p1a: Rhyperior|211/323\n|-enditem|p1a: Rhyperior|Weakness Policy\n|-boost|p1a: Rhyperior|atk|2|[from] item: Weakness Policy\n|-boost|p1a: Rhyperior|spa|2|[from] item: Weakness Policy\n|move|p1a: Rhyperior|Earthquake|p2a: Scizor\n|-damage|p2a: Scizor|0 fnt\n|faint|p2a: Scizor\n|\n|upkeep\n|\n|t:|1783565178\n|switch|p2a: Volcanion|Volcanion, L79|100/100\n|turn|8\n|inactive|Time left: 300 sec this turn | 300 sec total\n|\n|t:|1783565179\n|move|p2a: Volcanion|Steam Eruption|p1a: Rhyperior\n|-supereffective|p1a: Rhyperior\n|-damage|p1a: Rhyperior|0 fnt\n|faint|p1a: Rhyperior\n|\n|upkeep\n|inactive|Time left: 300 sec this turn | 300 sec total | 5 sec grace\n|\n|t:|1783565180\n|switch|p1a: Primarina|Primarina, L83, F|268/268\n|turn|9\n|inactive|Time left: 300 sec this turn | 300 sec total\n|\n|t:|1783565182\n|move|p2a: Volcanion|Sludge Bomb|p1a: Primarina\n|-supereffective|p1a: Primarina\n|-damage|p1a: Primarina|158/268\n|move|p1a: Primarina|Calm Mind|p1a: Primarina\n|-boost|p1a: Primarina|spa|1\n|-boost|p1a: Primarina|spd|1\n|\n|-heal|p1a: Primarina|174/268|[from] item: Leftovers\n|upkeep\n|turn|10\n|inactive|Time left: 300 sec this turn | 300 sec total\n|\n|t:|1783565183\n|move|p2a: Volcanion|Sludge Bomb|p1a: Primarina\n|-supereffective|p1a: Primarina\n|-damage|p1a: Primarina|92/268\n|-status|p1a: Primarina|psn\n|move|p1a: Primarina|Calm Mind|p1a: Primarina\n|-boost|p1a: Primarina|spa|1\n|-boost|p1a: Primarina|spd|1\n|\n|-heal|p1a: Primarina|108/268 psn|[from] item: Leftovers\n|-damage|p1a: Primarina|75/268 psn|[from] psn\n|upkeep\n|turn|11\n|inactive|Time left: 300 sec this turn | 300 sec total\n|\n|t:|1783565184\n|move|p2a: Volcanion|Haze|p2a: Volcanion\n|-clearallboost\n|move|p1a: Primarina|Draining Kiss|p2a: Volcanion\n|-resisted|p2a: Volcanion\n|-damage|p2a: Volcanion|89/100\n|-heal|p1a: Primarina|98/268 psn|[from] drain|[of] p2a: Volcanion\n|\n|-heal|p1a: Primarina|114/268 psn|[from] item: Leftovers\n|-damage|p1a: Primarina|81/268 psn|[from] psn\n|upkeep\n|turn|12\n|inactive|Time left: 300 sec this turn | 300 sec total\n|\n|t:|1783565185\n|switch|p1a: Vigoroth|Vigoroth, L85, M|275/275\n|move|p2a: Volcanion|Steam Eruption|p1a: Vigoroth\n|-crit|p1a: Vigoroth\n|-damage|p1a: Vigoroth|86/275\n|\n|upkeep\n|turn|13\n|inactive|Time left: 300 sec this turn | 300 sec total\n|\n|t:|1783565186\n|move|p1a: Vigoroth|Slack Off|p1a: Vigoroth\n|-heal|p1a: Vigoroth|224/275\n|move|p2a: Volcanion|Steam Eruption|p1a: Vigoroth\n|-damage|p1a: Vigoroth|97/275\n|-status|p1a: Vigoroth|brn\n|\n|-damage|p1a: Vigoroth|80/275 brn|[from] brn\n|upkeep\n|turn|14\n|inactive|Time left: 300 sec this turn | 300 sec total\n|\n|t:|1783565187\n|move|p1a: Vigoroth|Slack Off|p1a: Vigoroth\n|-heal|p1a: Vigoroth|218/275 brn\n|move|p2a: Volcanion|Steam Eruption|p1a: Vigoroth\n|-damage|p1a: Vigoroth|94/275 brn\n|\n|-damage|p1a: Vigoroth|77/275 brn|[from] brn\n|upkeep\n|turn|15\n|inactive|Time left: 300 sec this turn | 300 sec total\n|\n|t:|1783565188\n|move|p1a: Vigoroth|Slack Off|p1a: Vigoroth\n|-heal|p1a: Vigoroth|215/275 brn\n|move|p2a: Volcanion|Flamethrower|p1a: Vigoroth\n|-damage|p1a: Vigoroth|116/275 brn\n|\n|-damage|p1a: Vigoroth|99/275 brn|[from] brn\n|upkeep\n|turn|16\n|inactive|Time left: 300 sec this turn | 300 sec total\n|\n|t:|1783565189\n|move|p1a: Vigoroth|Slack Off|p1a: Vigoroth\n|-heal|p1a: Vigoroth|237/275 brn\n|move|p2a: Volcanion|Steam Eruption|p1a: Vigoroth\n|-damage|p1a: Vigoroth|108/275 brn\n|\n|-damage|p1a: Vigoroth|91/275 brn|[from] brn\n|upkeep\n|turn|17\n|inactive|Time left: 300 sec this turn | 300 sec total\n|\n|t:|1783565190\n|move|p1a: Vigoroth|Slack Off|p1a: Vigoroth\n|-heal|p1a: Vigoroth|229/275 brn\n|move|p2a: Volcanion|Steam Eruption|p1a: Vigoroth\n|-damage|p1a: Vigoroth|99/275 brn\n|\n|-damage|p1a: Vigoroth|82/275 brn|[from] brn\n|upkeep\n|turn|18\n|inactive|Time left: 300 sec this turn | 300 sec total\n|\n|t:|1783565191\n|move|p1a: Vigoroth|Slack Off|p1a: Vigoroth\n|-heal|p1a: Vigoroth|220/275 brn\n|move|p2a: Volcanion|Flamethrower|p1a: Vigoroth\n|-damage|p1a: Vigoroth|120/275 brn\n|\n|-damage|p1a: Vigoroth|103/275 brn|[from] brn\n|upkeep\n|turn|19\n|inactive|Time left: 300 sec this turn | 300 sec total\n|\n|t:|1783565192\n|move|p1a: Vigoroth|Slack Off|p1a: Vigoroth\n|-heal|p1a: Vigoroth|241/275 brn\n|move|p2a: Volcanion|Flamethrower|p1a: Vigoroth\n|-damage|p1a: Vigoroth|142/275 brn\n|\n|-damage|p1a: Vigoroth|125/275 brn|[from] brn\n|upkeep\n|turn|20\n|inactive|Time left: 300 sec this turn | 300 sec total\n|\n|t:|1783565193\n|move|p1a: Vigoroth|Slack Off|p1a: Vigoroth\n|-heal|p1a: Vigoroth|263/275 brn\n|move|p2a: Volcanion|Steam Eruption|p1a: Vigoroth\n|-damage|p1a: Vigoroth|143/275 brn\n|\n|-damage|p1a: Vigoroth|126/275 brn|[from] brn\n|upkeep\n|turn|21\n|inactive|Time left: 300 sec this turn | 300 sec total\n|\n|t:|1783565194\n|move|p1a: Vigoroth|Body Slam|p2a: Volcanion\n|-damage|p2a: Volcanion|77/100\n|-status|p2a: Volcanion|par\n|move|p2a: Volcanion|Steam Eruption|p1a: Vigoroth\n|-damage|p1a: Vigoroth|0 fnt\n|faint|p1a: Vigoroth\n|\n|upkeep\n|inactive|Time left: 300 sec this turn | 300 sec total | 5 sec grace\n|\n|t:|1783565195\n|switch|p1a: Salazzle|Salazzle, L83, F|249/249\n|turn|22\n|inactive|Time left: 300 sec this turn | 300 sec total\n|\n|t:|1783565196\n|move|p1a: Salazzle|Nasty Plot|p1a: Salazzle\n|-boost|p1a: Salazzle|spa|2\n|cant|p2a: Volcanion|par\n|\n|upkeep\n|turn|23\n|inactive|Time left: 300 sec this turn | 300 sec total\n|\n|t:|1783565197\n|switch|p2a: Iron Moth|Iron Moth, L78|100/100\n|move|p1a: Salazzle|Sludge Wave|p2a: Iron Moth\n|-resisted|p2a: Iron Moth\n|-damage|p2a: Iron Moth|60/100\n|\n|upkeep\n|turn|24\n|inactive|Time left: 300 sec this turn | 300 sec total\n|\n|t:|1783565199\n|move|p1a: Salazzle|Sludge Wave|p2a: Iron Moth\n|-resisted|p2a: Iron Moth\n|-damage|p2a: Iron Moth|19/100\n|move|p2a: Iron Moth|Morning Sun|p2a: Iron Moth\n|-heal|p2a: Iron Moth|69/100\n|\n|upkeep\n|turn|25\n|inactive|Time left: 300 sec this turn | 300 sec total\n|\n|t:|1783565200\n|move|p1a: Salazzle|Sludge Wave|p2a: Iron Moth\n|-resisted|p2a: Iron Moth\n|-damage|p2a: Iron Moth|30/100\n|move|p2a: Iron Moth|Morning Sun|p2a: Iron Moth\n|-heal|p2a: Iron Moth|80/100\n|\n|upkeep\n|turn|26\n|inactive|Time left: 300 sec this turn | 300 sec total\n|\n|t:|1783565201\n|move|p1a: Salazzle|Nasty Plot|p1a: Salazzle\n|-boost|p1a: Salazzle|spa|2\n|move|p2a: Iron Moth|Morning Sun|p2a: Iron Moth\n|-heal|p2a: Iron Moth|100/100\n|\n|upkeep\n|turn|27\n|inactive|Time left: 300 sec this turn | 300 sec total\n|\n|t:|1783565202\n|move|p1a: Salazzle|Sludge Wave|p2a: Iron Moth\n|-resisted|p2a: Iron Moth\n|-damage|p2a: Iron Moth|44/100\n|move|p2a: Iron Moth|Morning Sun|p2a: Iron Moth\n|-heal|p2a: Iron Moth|94/100\n|\n|upkeep\n|turn|28\n|inactive|Time left: 300 sec this turn | 300 sec total\n|\n|t:|1783565203\n|move|p1a: Salazzle|Sludge Wave|p2a: Iron Moth\n|-resisted|p2a: Iron Moth\n|-damage|p2a: Iron Moth|38/100\n|move|p2a: Iron Moth|Morning Sun|p2a: Iron Moth\n|-heal|p2a: Iron Moth|88/100\n|\n|upkeep\n|turn|29\n|inactive|Time left: 300 sec this turn | 300 sec total\n|\n|t:|1783565204\n|move|p1a: Salazzle|Tera Blast|p2a: Iron Moth\n|-damage|p2a: Iron Moth|21/100\n|move|p2a: Iron Moth|Morning Sun|p2a: Iron Moth\n|-heal|p2a: Iron Moth|70/100\n|\n|upkeep\n|turn|30\n|inactive|Time left: 300 sec this turn | 300 sec total\n|\n|t:|1783565205\n|move|p1a: Salazzle|Sludge Wave|p2a: Iron Moth\n|-resisted|p2a: Iron Moth\n|-damage|p2a: Iron Moth|14/100\n|move|p2a: Iron Moth|Morning Sun|p2a: Iron Moth\n|-heal|p2a: Iron Moth|64/100\n|\n|upkeep\n|turn|31\n|inactive|Time left: 300 sec this turn | 300 sec total\n|\n|t:|1783565207\n|move|p1a: Salazzle|Tera Blast|p2a: Iron Moth\n|-damage|p2a: Iron Moth|0 fnt\n|faint|p2a: Iron Moth\n|-end|p2a: Iron Moth|Quark Drive|[silent]\n|\n|upkeep\n|\n|t:|1783565208\n|switch|p2a: Dunsparce|Dunsparce, L86, M|100/100\n|turn|32\n|inactive|Time left: 300 sec this turn | 300 sec total\n|\n|t:|1783565209\n|-terastallize|p1a: Salazzle|Grass\n|move|p1a: Salazzle|Fire Blast|p2a: Dunsparce\n|-damage|p2a: Dunsparce|4/100\n|move|p2a: Dunsparce|Earthquake|p1a: Salazzle\n|-resisted|p1a: Salazzle\n|-damage|p1a: Salazzle|211/249\n|\n|upkeep\n|turn|33\n|inactive|Time left: 300 sec this turn | 300 sec total\n|\n|t:|1783565210\n|move|p1a: Salazzle|Tera Blast|p2a: Dunsparce|[anim] Tera Blast Grass\n|-damage|p2a: Dunsparce|0 fnt\n|faint|p2a: Dunsparce\n|\n|upkeep\n|\n|t:|1783565211\n|switch|p2a: Mudsdale|Mudsdale, L83, F|100/100\n|turn|34\n|inactive|Time left: 300 sec this turn | 300 sec total\n|\n|t:|1783565212\n|-terastallize|p2a: Mudsdale|Steel\n|move|p1a: Salazzle|Fire Blast|p2a: Mudsdale|[miss]\n|-miss|p1a: Salazzle|p2a: Mudsdale\n|move|p2a: Mudsdale|Heavy Slam|p1a: Salazzle\n|-damage|p1a: Salazzle|0 fnt\n|faint|p1a: Salazzle\n|\n|upkeep\n|inactive|Time left: 300 sec this turn | 300 sec total | 5 sec grace\n|\n|t:|1783565213\n|switch|p1a: Arcanine|Arcanine, L84, F|288/288\n|-ability|p1a: Arcanine|Intimidate|boost\n|-unboost|p2a: Mudsdale|atk|1\n|turn|35\n|inactive|Time left: 300 sec this turn | 300 sec total\n|\n|t:|1783565214\n|move|p1a: Arcanine|Flare Blitz|p2a: Mudsdale\n|-supereffective|p2a: Mudsdale\n|-damage|p2a: Mudsdale|20/100\n|-ability|p2a: Mudsdale|Stamina|boost\n|-boost|p2a: Mudsdale|def|1\n|-damage|p1a: Arcanine|208/288|[from] Recoil\n|move|p2a: Mudsdale|Earthquake|p1a: Arcanine\n|-supereffective|p1a: Arcanine\n|-damage|p1a: Arcanine|34/288\n|\n|-heal|p2a: Mudsdale|26/100|[from] item: Leftovers\n|upkeep\n|turn|36\n|inactive|Time left: 300 sec this turn | 300 sec total\n|\n|t:|1783565215\n|move|p1a: Arcanine|Close Combat|p2a: Mudsdale\n|-supereffective|p2a: Mudsdale\n|-damage|p2a: Mudsdale|0 fnt\n|-unboost|p1a: Arcanine|def|1\n|-unboost|p1a: Arcanine|spd|1\n|faint|p2a: Mudsdale\n|\n|upkeep\n|\n|t:|1783565216\n|switch|p2a: Donphan|Donphan, L84, M|42/100\n|turn|37\n|inactive|Time left: 300 sec this turn | 300 sec total\n|\n|t:|1783565217\n|move|p1a: Arcanine|Flare Blitz|p2a: Donphan\n|-damage|p2a: Donphan|5/100\n|-status|p2a: Donphan|brn\n|-damage|p1a: Arcanine|0 fnt|[from] Recoil\n|faint|p1a: Arcanine\n|move|p2a: Donphan|Rapid Spin|p1: Arcanine|[notarget]\n|-fail|p2a: Donphan\n|\n|-heal|p2a: Donphan|11/100 brn|[from] item: Leftovers\n|-damage|p2a: Donphan|5/100 brn|[from] brn\n|upkeep\n|inactive|Time left: 300 sec this turn | 300 sec total | 5 sec grace\n|\n|t:|1783565218\n|switch|p1a: Primarina|Primarina, L83, F|81/268 psn\n|turn|38\n|inactive|Time left: 300 sec this turn | 300 sec total\n|\n|t:|1783565218\n|move|p1a: Primarina|Draining Kiss|p2a: Donphan\n|-damage|p2a: Donphan|0 fnt\n|-heal|p1a: Primarina|90/268 psn|[from] drain|[of] p2a: Donphan\n|faint|p2a: Donphan\n|\n|-heal|p1a: Primarina|106/268 psn|[from] item: Leftovers\n|-damage|p1a: Primarina|73/268 psn|[from] psn\n|upkeep\n|\n|t:|1783565219\n|switch|p2a: Volcanion|Volcanion, L79|77/100 par\n|turn|39\n|inactive|Time left: 300 sec this turn | 300 sec total\n|\n|t:|1783565220\n|move|p1a: Primarina|Psychic|p2a: Volcanion\n|-damage|p2a: Volcanion|46/100 par\n|move|p2a: Volcanion|Sludge Bomb|p1a: Primarina\n|-supereffective|p1a: Primarina\n|-damage|p1a: Primarina|0 fnt\n|faint|p1a: Primarina\n|\n|win|p0y2173381e", "uploadtime": 1783565220, "views": 0, "rating": 0, "private": 0, "password": null, "_winner": "p0y2173381e", "_our_name": "p0x2173f333"}