{"id": "battle-gen9randombattle-2880", "formatid": "gen9randombattle", "format": "[Gen 9] Random Battle", "players": ["p0x28801545", "p0y2880ed2f"], "log": "|init|battle\n|title|p0x28801545 vs. p0y2880ed2f\n|j|\u2606p0x28801545\n|j|\u2606p0y2880ed2f\n|t:|1783572223\n|gametype|singles\n|player|p1|p0x28801545|266|\n|player|p2|p0y2880ed2f|102|\n|gen|9\n|tier|[Gen 9] Random Battle\n|rule|Species Clause: Limit one of each Pok\u00e9mon\n|rule|HP Percentage Mod: HP is shown in percentages\n|rule|Sleep Clause Mod: Limit one foe put to sleep\n|rule|Illusion Level Mod: Illusion disguises the Pok\u00e9mon's true level\n|\n|t:|1783572223\n|teamsize|p1|6\n|teamsize|p2|6\n|start\n|switch|p1a: Blastoise|Blastoise, L80, M|100/100\n|switch|p2a: Tentacruel|Tentacruel, L84, M|272/272\n|turn|1\n|inactive|Battle timer is ON: inactive players will automatically lose when time's up. (requested by p0y2880ed2f)\n|inactive|p0x28801545 also wants the timer to be on.\n|\n|t:|1783572224\n|move|p2a: Tentacruel|Sludge Bomb|p1a: Blastoise\n|-damage|p1a: Blastoise|73/100\n|move|p1a: Blastoise|Shell Smash|p1a: Blastoise\n|-unboost|p1a: Blastoise|def|1\n|-unboost|p1a: Blastoise|spd|1\n|-boost|p1a: Blastoise|atk|2\n|-boost|p1a: Blastoise|spa|2\n|-boost|p1a: Blastoise|spe|2\n|-enditem|p1a: Blastoise|White Herb\n|-clearnegativeboost|p1a: Blastoise|[silent]\n|\n|upkeep\n|turn|2\n|inactive|Time left: 300 sec this turn | 300 sec total\n|\n|t:|1783572225\n|switch|p2a: Brute Bonnet|Brute Bonnet, L80|309/309\n|move|p1a: Blastoise|Earthquake|p2a: Brute Bonnet\n|-resisted|p2a: Brute Bonnet\n|-damage|p2a: Brute Bonnet|257/309\n|\n|-heal|p2a: Brute Bonnet|276/309|[from] item: Leftovers\n|upkeep\n|turn|3\n|inactive|Time left: 300 sec this turn | 300 sec total\n|\n|t:|1783572226\n|move|p1a: Blastoise|Ice Beam|p2a: Brute Bonnet\n|-supereffective|p2a: Brute Bonnet\n|-damage|p2a: Brute Bonnet|64/309\n|move|p2a: Brute Bonnet|Seed Bomb|p1a: Blastoise\n|-supereffective|p1a: Blastoise\n|-damage|p1a: Blastoise|3/100\n|\n|-heal|p2a: Brute Bonnet|83/309|[from] item: Leftovers\n|upkeep\n|turn|4\n|inactive|Time left: 300 sec this turn | 300 sec total\n|\n|t:|1783572227\n|move|p2a: Brute Bonnet|Sucker Punch||[still]\n|-fail|p2a: Brute Bonnet\n|move|p1a: Blastoise|Shell Smash|p1a: Blastoise\n|-unboost|p1a: Blastoise|def|1\n|-unboost|p1a: Blastoise|spd|1\n|-boost|p1a: Blastoise|atk|2\n|-boost|p1a: Blastoise|spa|2\n|-boost|p1a: Blastoise|spe|2\n|\n|-heal|p2a: Brute Bonnet|102/309|[from] item: Leftovers\n|upkeep\n|turn|5\n|inactive|Time left: 300 sec this turn | 300 sec total\n|\n|t:|1783572228\n|move|p2a: Brute Bonnet|Sucker Punch|p1a: Blastoise\n|-damage|p1a: Blastoise|0 fnt\n|faint|p1a: Blastoise\n|\n|-heal|p2a: Brute Bonnet|121/309|[from] item: Leftovers\n|upkeep\n|\n|t:|1783572229\n|switch|p1a: Beartic|Beartic, L91, M|100/100\n|turn|6\n|inactive|Time left: 300 sec this turn | 300 sec total\n|\n|t:|1783572230\n|move|p1a: Beartic|Icicle Crash|p2a: Brute Bonnet\n|-supereffective|p2a: Brute Bonnet\n|-damage|p2a: Brute Bonnet|0 fnt\n|faint|p2a: Brute Bonnet\n|-end|p2a: Brute Bonnet|Protosynthesis|[silent]\n|\n|upkeep\n|inactive|Time left: 300 sec this turn | 300 sec total | 5 sec grace\n|\n|t:|1783572231\n|switch|p2a: Klawf|Klawf, L90, M|272/272\n|turn|7\n|inactive|Time left: 300 sec this turn | 300 sec total\n|\n|t:|1783572232\n|move|p2a: Klawf|Stone Edge|p1a: Beartic|[miss]\n|-miss|p2a: Klawf|p1a: Beartic\n|move|p1a: Beartic|Icicle Crash|p2a: Klawf\n|-damage|p2a: Klawf|107/272\n|\n|upkeep\n|turn|8\n|inactive|Time left: 300 sec this turn | 300 sec total\n|\n|t:|1783572233\n|move|p2a: Klawf|Stone Edge|p1a: Beartic|[miss]\n|-miss|p2a: Klawf|p1a: Beartic\n|move|p1a: Beartic|Icicle Crash|p2a: Klawf\n|-damage|p2a: Klawf|0 fnt\n|faint|p2a: Klawf\n|\n|upkeep\n|inactive|Time left: 300 sec this turn | 300 sec total | 5 sec grace\n|\n|t:|1783572234\n|switch|p2a: Hippowdon|Hippowdon, L82, M|311/311\n|-weather|Sandstorm|[from] ability: Sand Stream|[of] p2a: Hippowdon\n|turn|9\n|inactive|Time left: 300 sec this turn | 300 sec total\n|\n|t:|1783572235\n|move|p1a: Beartic|Icicle Crash|p2a: Hippowdon\n|-supereffective|p2a: Hippowdon\n|-damage|p2a: Hippowdon|0 fnt\n|faint|p2a: Hippowdon\n|\n|-weather|Sandstorm|[upkeep]\n|-damage|p1a: Beartic|94/100|[from] Sandstorm\n|upkeep\n|inactive|Time left: 300 sec this turn | 300 sec total | 5 sec grace\n|\n|t:|1783572236\n|switch|p2a: Swampert|Swampert, L83, M|302/302\n|turn|10\n|inactive|Time left: 300 sec this turn | 300 sec total\n|\n|t:|1783572237\n|move|p2a: Swampert|Earthquake|p1a: Beartic\n|-damage|p1a: Beartic|56/100\n|move|p1a: Beartic|Icicle Crash|p2a: Swampert|[miss]\n|-miss|p1a: Beartic|p2a: Swampert\n|\n|-weather|Sandstorm|[upkeep]\n|-damage|p1a: Beartic|49/100|[from] Sandstorm\n|upkeep\n|turn|11\n|inactive|Time left: 300 sec this turn | 300 sec total\n|\n|t:|1783572239\n|move|p2a: Swampert|Earthquake|p1a: Beartic\n|-damage|p1a: Beartic|12/100\n|move|p1a: Beartic|Icicle Crash|p2a: Swampert\n|-damage|p2a: Swampert|110/302\n|\n|-weather|Sandstorm|[upkeep]\n|-damage|p1a: Beartic|5/100|[from] Sandstorm\n|-heal|p2a: Swampert|128/302|[from] item: Leftovers\n|upkeep\n|turn|12\n|inactive|Time left: 300 sec this turn | 300 sec total\n|\n|t:|1783572240\n|switch|p1a: Mandibuzz|Mandibuzz, L85, F|100/100\n|move|p2a: Swampert|Ice Beam|p1a: Mandibuzz\n|-supereffective|p1a: Mandibuzz\n|-damage|p1a: Mandibuzz|65/100\n|\n|-weather|Sandstorm|[upkeep]\n|-heal|p2a: Swampert|146/302|[from] item: Leftovers\n|upkeep\n|turn|13\n|inactive|Time left: 300 sec this turn | 300 sec total\n|\n|t:|1783572241\n|move|p1a: Mandibuzz|Foul Play|p2a: Swampert\n|-damage|p2a: Swampert|34/302\n|move|p2a: Swampert|Ice Beam|p1a: Mandibuzz\n|-supereffective|p1a: Mandibuzz\n|-damage|p1a: Mandibuzz|32/100\n|\n|-weather|none\n|-heal|p2a: Swampert|52/302|[from] item: Leftovers\n|upkeep\n|turn|14\n|inactive|Time left: 300 sec this turn | 300 sec total\n|\n|t:|1783572243\n|switch|p2a: Houndoom|Houndoom, L87, F|272/272\n|move|p1a: Mandibuzz|Foul Play|p2a: Houndoom\n|-resisted|p2a: Houndoom\n|-damage|p2a: Houndoom|212/272\n|\n|upkeep\n|turn|15\n|inactive|Time left: 300 sec this turn | 300 sec total\n|\n|t:|1783572244\n|move|p2a: Houndoom|Nasty Plot|p2a: Houndoom\n|-boost|p2a: Houndoom|spa|2\n|move|p1a: Mandibuzz|Roost|p1a: Mandibuzz\n|-heal|p1a: Mandibuzz|82/100\n|-singleturn|p1a: Mandibuzz|move: Roost\n|\n|upkeep\n|turn|16\n|inactive|Time left: 300 sec this turn | 300 sec total\n|\n|t:|1783572245\n|switch|p1a: Beartic|Beartic, L91, M|5/100\n|move|p2a: Houndoom|Fire Blast|p1a: Beartic\n|-supereffective|p1a: Beartic\n|-damage|p1a: Beartic|0 fnt\n|faint|p1a: Beartic\n|\n|upkeep\n|\n|t:|1783572246\n|switch|p1a: Greninja|Greninja, L80, M|100/100\n|turn|17\n|inactive|Time left: 300 sec this turn | 300 sec total\n|\n|t:|1783572247\n|move|p1a: Greninja|Hydro Pump|p2a: Houndoom\n|-start|p1a: Greninja|typechange|Water|[from] ability: Protean\n|-supereffective|p2a: Houndoom\n|-damage|p2a: Houndoom|0 fnt\n|faint|p2a: Houndoom\n|-damage|p1a: Greninja|91/100|[from] item: Life Orb\n|\n|upkeep\n|inactive|Time left: 300 sec this turn | 300 sec total | 5 sec grace\n|\n|t:|1783572248\n|switch|p2a: Tentacruel|Tentacruel, L84, M|272/272\n|turn|18\n|inactive|Time left: 300 sec this turn | 300 sec total\n|\n|t:|1783572249\n|switch|p1a: Mandibuzz|Mandibuzz, L85, F|82/100\n|move|p2a: Tentacruel|Sludge Bomb|p1a: Mandibuzz\n|-damage|p1a: Mandibuzz|58/100\n|-status|p1a: Mandibuzz|psn\n|\n|-damage|p1a: Mandibuzz|46/100 psn|[from] psn\n|upkeep\n|turn|19\n|inactive|Time left: 300 sec this turn | 300 sec total\n|\n|t:|1783572250\n|move|p2a: Tentacruel|Surf|p1a: Mandibuzz\n|-damage|p1a: Mandibuzz|20/100 psn\n|move|p1a: Mandibuzz|Roost|p1a: Mandibuzz\n|-heal|p1a: Mandibuzz|70/100 psn\n|-singleturn|p1a: Mandibuzz|move: Roost\n|\n|-damage|p1a: Mandibuzz|58/100 psn|[from] psn\n|upkeep\n|turn|20\n|inactive|Time left: 300 sec this turn | 300 sec total\n|\n|t:|1783572251\n|move|p2a: Tentacruel|Rapid Spin|p1a: Mandibuzz\n|-damage|p1a: Mandibuzz|49/100 psn\n|-boost|p2a: Tentacruel|spe|1\n|move|p1a: Mandibuzz|Roost|p1a: Mandibuzz\n|-heal|p1a: Mandibuzz|99/100 psn\n|-singleturn|p1a: Mandibuzz|move: Roost\n|\n|-damage|p1a: Mandibuzz|87/100 psn|[from] psn\n|upkeep\n|turn|21\n|inactive|Time left: 300 sec this turn | 300 sec total\n|\n|t:|1783572252\n|move|p2a: Tentacruel|Rapid Spin|p1a: Mandibuzz\n|-damage|p1a: Mandibuzz|79/100 psn\n|-boost|p2a: Tentacruel|spe|1\n|move|p1a: Mandibuzz|Foul Play|p2a: Tentacruel\n|-damage|p2a: Tentacruel|166/272\n|\n|-heal|p2a: Tentacruel|183/272|[from] item: Leftovers\n|-damage|p1a: Mandibuzz|67/100 psn|[from] psn\n|upkeep\n|turn|22\n|inactive|Time left: 300 sec this turn | 300 sec total\n|\n|t:|1783572253\n|move|p2a: Tentacruel|Surf|p1a: Mandibuzz\n|-damage|p1a: Mandibuzz|42/100 psn\n|move|p1a: Mandibuzz|Foul Play|p2a: Tentacruel\n|-damage|p2a: Tentacruel|87/272\n|\n|-heal|p2a: Tentacruel|104/272|[from] item: Leftovers\n|-damage|p1a: Mandibuzz|30/100 psn|[from] psn\n|upkeep\n|turn|23\n|inactive|Time left: 300 sec this turn | 300 sec total\n|\n|t:|1783572254\n|move|p2a: Tentacruel|Toxic Spikes|p1a: Mandibuzz\n|-sidestart|p1: p0x28801545|move: Toxic Spikes\n|move|p1a: Mandibuzz|Foul Play|p2a: Tentacruel\n|-damage|p2a: Tentacruel|4/272\n|\n|-heal|p2a: Tentacruel|21/272|[from] item: Leftovers\n|-damage|p1a: Mandibuzz|18/100 psn|[from] psn\n|upkeep\n|turn|24\n|inactive|Time left: 300 sec this turn | 300 sec total\n|\n|t:|1783572255\n|-terastallize|p1a: Mandibuzz|Steel\n|move|p2a: Tentacruel|Surf|p1a: Mandibuzz\n|-damage|p1a: Mandibuzz|0 fnt\n|faint|p1a: Mandibuzz\n|\n|-heal|p2a: Tentacruel|38/272|[from] item: Leftovers\n|upkeep\n|\n|t:|1783572255\n|switch|p1a: Greninja|Greninja, L80, M|91/100\n|-status|p1a: Greninja|psn\n|turn|25\n|inactive|Time left: 300 sec this turn | 300 sec total\n|\n|t:|1783572256\n|move|p2a: Tentacruel|Toxic Spikes|p1a: Greninja\n|-sidestart|p1: p0x28801545|move: Toxic Spikes\n|move|p1a: Greninja|Ice Beam|p2a: Tentacruel\n|-start|p1a: Greninja|typechange|Ice|[from] ability: Protean\n|-resisted|p2a: Tentacruel\n|-damage|p2a: Tentacruel|0 fnt\n|faint|p2a: Tentacruel\n|-damage|p1a: Greninja|81/100 psn|[from] item: Life Orb\n|\n|-damage|p1a: Greninja|69/100 psn|[from] psn\n|upkeep\n|inactive|Time left: 300 sec this turn | 300 sec total | 5 sec grace\n|\n|t:|1783572257\n|switch|p2a: Swampert|Swampert, L83, M|52/302\n|turn|26\n|inactive|Time left: 300 sec this turn | 300 sec total\n|\n|t:|1783572257\n|-terastallize|p2a: Swampert|Poison\n|move|p1a: Greninja|Ice Beam|p2a: Swampert\n|-damage|p2a: Swampert|0 fnt\n|faint|p2a: Swampert\n|-damage|p1a: Greninja|59/100 psn|[from] item: Life Orb\n|\n|win|p0x28801545", "uploadtime": 1783572257, "views": 0, "rating": 0, "private": 0, "password": null, "_winner": "p0x28801545", "_our_name": "p0y2880ed2f"}