{"id": "battle-gen9randombattle-2283", "formatid": "gen9randombattle", "format": "[Gen 9] Random Battle", "players": ["p0x2283d68d", "p0y228361b2"], "log": "|init|battle\n|title|p0x2283d68d vs. p0y228361b2\n|j|\u2606p0x2283d68d\n|j|\u2606p0y228361b2\n|t:|1783565492\n|gametype|singles\n|player|p1|p0x2283d68d|2|\n|player|p2|p0y228361b2|266|\n|gen|9\n|tier|[Gen 9] Random Battle\n|rule|Species Clause: Limit one of each Pok\u00e9mon\n|rule|HP Percentage Mod: HP is shown in percentages\n|rule|Sleep Clause Mod: Limit one foe put to sleep\n|rule|Illusion Level Mod: Illusion disguises the Pok\u00e9mon's true level\n|\n|t:|1783565492\n|teamsize|p1|6\n|teamsize|p2|6\n|start\n|switch|p1a: Samurott|Samurott, L88, M|100/100\n|switch|p2a: Minun|Minun, L95, M|268/268\n|turn|1\n|inactive|Battle timer is ON: inactive players will automatically lose when time's up. (requested by p0y228361b2)\n|inactive|p0x2283d68d also wants the timer to be on.\n|\n|t:|1783565494\n|move|p2a: Minun|Thunderbolt|p1a: Samurott\n|-supereffective|p1a: Samurott\n|-damage|p1a: Samurott|32/100\n|-status|p1a: Samurott|par\n|-damage|p2a: Minun|242/268|[from] item: Life Orb\n|cant|p1a: Samurott|par\n|\n|upkeep\n|turn|2\n|inactive|Time left: 300 sec this turn | 300 sec total\n|\n|t:|1783565495\n|move|p2a: Minun|Thunderbolt|p1a: Samurott\n|-supereffective|p1a: Samurott\n|-damage|p1a: Samurott|0 fnt\n|faint|p1a: Samurott\n|-damage|p2a: Minun|216/268|[from] item: Life Orb\n|\n|upkeep\n|\n|t:|1783565497\n|switch|p1a: Kommo-o|Kommo-o, L77, M|100/100\n|turn|3\n|inactive|Time left: 300 sec this turn | 300 sec total\n|\n|t:|1783565498\n|switch|p2a: Golurk|Golurk, L87|297/297\n|move|p1a: Kommo-o|Swords Dance|p1a: Kommo-o\n|-boost|p1a: Kommo-o|atk|2\n|\n|upkeep\n|turn|4\n|inactive|Time left: 300 sec this turn | 300 sec total\n|\n|t:|1783565499\n|move|p1a: Kommo-o|Iron Head|p2a: Golurk\n|-crit|p2a: Golurk\n|-damage|p2a: Golurk|122/297\n|move|p2a: Golurk|Poltergeist|p1a: Kommo-o\n|-activate|p1a: Kommo-o|move: Poltergeist|Loaded Dice\n|-damage|p1a: Kommo-o|32/100\n|-damage|p2a: Golurk|93/297|[from] item: Life Orb\n|\n|upkeep\n|turn|5\n|inactive|Time left: 300 sec this turn | 300 sec total\n|\n|t:|1783565500\n|switch|p2a: Arceus|Arceus-Steel, L70|284/284\n|move|p1a: Kommo-o|Scale Shot|p2a: Arceus\n|-resisted|p2a: Arceus\n|-damage|p2a: Arceus|260/284\n|-resisted|p2a: Arceus\n|-damage|p2a: Arceus|239/284\n|-resisted|p2a: Arceus\n|-damage|p2a: Arceus|216/284\n|-resisted|p2a: Arceus\n|-damage|p2a: Arceus|192/284\n|-resisted|p2a: Arceus\n|-damage|p2a: Arceus|169/284\n|-hitcount|p2a: Arceus|5\n|-unboost|p1a: Kommo-o|def|1\n|-boost|p1a: Kommo-o|spe|1\n|\n|upkeep\n|turn|6\n|inactive|Time left: 300 sec this turn | 300 sec total\n|\n|t:|1783565501\n|-terastallize|p2a: Arceus|Ghost\n|move|p1a: Kommo-o|Close Combat|p2a: Arceus\n|-immune|p2a: Arceus\n|move|p2a: Arceus|Judgment|p1a: Kommo-o\n|-crit|p1a: Kommo-o\n|-damage|p1a: Kommo-o|0 fnt\n|faint|p1a: Kommo-o\n|\n|upkeep\n|\n|t:|1783565502\n|switch|p1a: Girafarig|Girafarig, L89, F|100/100\n|turn|7\n|inactive|Time left: 300 sec this turn | 300 sec total\n|\n|t:|1783565503\n|move|p2a: Arceus|Judgment|p1a: Girafarig\n|-damage|p1a: Girafarig|69/100\n|move|p1a: Girafarig|Nasty Plot|p1a: Girafarig\n|-boost|p1a: Girafarig|spa|2\n|\n|upkeep\n|turn|8\n|inactive|Time left: 300 sec this turn | 300 sec total\n|\n|t:|1783565504\n|move|p2a: Arceus|Recover|p2a: Arceus\n|-heal|p2a: Arceus|284/284\n|move|p1a: Girafarig|Psyshock|p2a: Arceus\n|-damage|p2a: Arceus|124/284\n|\n|upkeep\n|turn|9\n|inactive|Time left: 300 sec this turn | 300 sec total\n|\n|t:|1783565505\n|move|p2a: Arceus|Recover|p2a: Arceus\n|-heal|p2a: Arceus|266/284\n|move|p1a: Girafarig|Psyshock|p2a: Arceus\n|-damage|p2a: Arceus|107/284\n|\n|upkeep\n|turn|10\n|inactive|Time left: 300 sec this turn | 300 sec total\n|\n|t:|1783565506\n|move|p2a: Arceus|Recover|p2a: Arceus\n|-heal|p2a: Arceus|249/284\n|move|p1a: Girafarig|Psyshock|p2a: Arceus\n|-damage|p2a: Arceus|84/284\n|\n|upkeep\n|turn|11\n|inactive|Time left: 300 sec this turn | 300 sec total\n|\n|t:|1783565507\n|move|p2a: Arceus|Recover|p2a: Arceus\n|-heal|p2a: Arceus|226/284\n|move|p1a: Girafarig|Psyshock|p2a: Arceus\n|-damage|p2a: Arceus|48/284\n|\n|upkeep\n|turn|12\n|inactive|Time left: 300 sec this turn | 300 sec total\n|\n|t:|1783565508\n|move|p2a: Arceus|Judgment|p1a: Girafarig\n|-damage|p1a: Girafarig|38/100\n|move|p1a: Girafarig|Psyshock|p2a: Arceus\n|-damage|p2a: Arceus|0 fnt\n|faint|p2a: Arceus\n|\n|upkeep\n|inactive|Time left: 300 sec this turn | 300 sec total | 5 sec grace\n|\n|t:|1783565509\n|switch|p2a: Volbeat|Volbeat, L90, M|263/263\n|turn|13\n|inactive|Time left: 300 sec this turn | 300 sec total\n|\n|t:|1783565510\n|-terastallize|p1a: Girafarig|Normal\n|move|p2a: Volbeat|Lunge|p1a: Girafarig\n|-damage|p1a: Girafarig|14/100\n|-unboost|p1a: Girafarig|atk|1\n|move|p1a: Girafarig|Hyper Voice|p2a: Volbeat\n|-damage|p2a: Volbeat|0 fnt\n|faint|p2a: Volbeat\n|\n|upkeep\n|inactive|Time left: 300 sec this turn | 300 sec total | 5 sec grace\n|\n|t:|1783565511\n|switch|p2a: Minun|Minun, L95, M|216/268\n|turn|14\n|inactive|Time left: 300 sec this turn | 300 sec total\n|\n|t:|1783565512\n|move|p2a: Minun|Thunderbolt|p1a: Girafarig\n|-damage|p1a: Girafarig|0 fnt\n|faint|p1a: Girafarig\n|-damage|p2a: Minun|190/268|[from] item: Life Orb\n|\n|upkeep\n|\n|t:|1783565513\n|switch|p1a: Mew|Mew, L82|100/100\n|turn|15\n|inactive|Time left: 300 sec this turn | 300 sec total\n|\n|t:|1783565514\n|move|p2a: Minun|Nasty Plot|p2a: Minun\n|-boost|p2a: Minun|spa|2\n|move|p1a: Mew|Knock Off|p2a: Minun\n|-damage|p2a: Minun|78/268\n|-enditem|p2a: Minun|Life Orb|[from] move: Knock Off|[of] p1a: Mew\n|-damage|p1a: Mew|91/100|[from] item: Life Orb\n|\n|upkeep\n|turn|16\n|inactive|Time left: 300 sec this turn | 300 sec total\n|\n|t:|1783565515\n|move|p2a: Minun|Thunderbolt|p1a: Mew\n|-damage|p1a: Mew|30/100\n|move|p1a: Mew|Psychic Fangs|p2a: Minun\n|-damage|p2a: Minun|0 fnt\n|faint|p2a: Minun\n|-damage|p1a: Mew|20/100|[from] item: Life Orb\n|\n|upkeep\n|inactive|Time left: 300 sec this turn | 300 sec total | 5 sec grace\n|\n|t:|1783565517\n|switch|p2a: Rotom|Rotom-Fan, L86|226/226\n|turn|17\n|inactive|Time left: 300 sec this turn | 300 sec total\n|\n|t:|1783565518\n|move|p1a: Mew|Knock Off|p2a: Rotom\n|-damage|p2a: Rotom|151/226\n|-enditem|p2a: Rotom|Heavy-Duty Boots|[from] move: Knock Off|[of] p1a: Mew\n|-damage|p1a: Mew|11/100|[from] item: Life Orb\n|move|p2a: Rotom|Air Slash|p1a: Mew\n|-damage|p1a: Mew|0 fnt\n|faint|p1a: Mew\n|\n|upkeep\n|\n|t:|1783565519\n|switch|p1a: Kleavor|Kleavor, L78, F|100/100\n|turn|18\n|inactive|Time left: 300 sec this turn | 300 sec total\n|\n|t:|1783565520\n|move|p2a: Rotom|Air Slash|p1a: Kleavor\n|-damage|p1a: Kleavor|53/100\n|cant|p1a: Kleavor|flinch\n|\n|upkeep\n|turn|19\n|inactive|Time left: 300 sec this turn | 300 sec total\n|\n|t:|1783565521\n|move|p2a: Rotom|Thunderbolt|p1a: Kleavor\n|-damage|p1a: Kleavor|0 fnt\n|faint|p1a: Kleavor\n|\n|upkeep\n|\n|t:|1783565522\n|switch|p1a: Milotic|Milotic, L83, M|100/100\n|turn|20\n|inactive|Time left: 300 sec this turn | 300 sec total\n|\n|t:|1783565523\n|move|p2a: Rotom|Thunderbolt|p1a: Milotic\n|-supereffective|p1a: Milotic\n|-damage|p1a: Milotic|49/100\n|-status|p1a: Milotic|par\n|move|p1a: Milotic|Haze|p1a: Milotic\n|-clearallboost\n|\n|-heal|p1a: Milotic|55/100 par|[from] item: Leftovers\n|upkeep\n|turn|21\n|inactive|Time left: 300 sec this turn | 300 sec total\n|\n|t:|1783565524\n|move|p2a: Rotom|Thunderbolt|p1a: Milotic\n|-supereffective|p1a: Milotic\n|-damage|p1a: Milotic|2/100 par\n|move|p1a: Milotic|Recover|p1a: Milotic\n|-heal|p1a: Milotic|52/100 par\n|\n|-heal|p1a: Milotic|58/100 par|[from] item: Leftovers\n|upkeep\n|turn|22\n|inactive|Time left: 300 sec this turn | 300 sec total\n|\n|t:|1783565525\n|move|p2a: Rotom|Thunderbolt|p1a: Milotic\n|-supereffective|p1a: Milotic\n|-damage|p1a: Milotic|2/100 par\n|move|p1a: Milotic|Recover|p1a: Milotic\n|-heal|p1a: Milotic|52/100 par\n|\n|-heal|p1a: Milotic|58/100 par|[from] item: Leftovers\n|upkeep\n|turn|23\n|inactive|Time left: 300 sec this turn | 300 sec total\n|\n|t:|1783565526\n|move|p2a: Rotom|Thunderbolt|p1a: Milotic\n|-supereffective|p1a: Milotic\n|-damage|p1a: Milotic|0 fnt\n|faint|p1a: Milotic\n|\n|win|p0y228361b2", "uploadtime": 1783565526, "views": 0, "rating": 0, "private": 0, "password": null, "_winner": "p0y228361b2", "_our_name": "p0y228361b2"}