{"id": "battle-gen9randombattle-10", "formatid": "gen9randombattle", "format": "[Gen 9] Random Battle", "players": ["p0x010c5ff", "p0y0102361"], "log": "|init|battle\n|title|p0x010c5ff vs. p0y0102361\n|j|\u2606p0x010c5ff\n|j|\u2606p0y0102361\n|t:|1783539277\n|gametype|singles\n|player|p1|p0x010c5ff|2|\n|player|p2|p0y0102361|266|\n|gen|9\n|tier|[Gen 9] Random Battle\n|rule|Species Clause: Limit one of each Pok\u00e9mon\n|rule|HP Percentage Mod: HP is shown in percentages\n|rule|Sleep Clause Mod: Limit one foe put to sleep\n|rule|Illusion Level Mod: Illusion disguises the Pok\u00e9mon's true level\n|\n|t:|1783539277\n|teamsize|p1|6\n|teamsize|p2|6\n|start\n|switch|p1a: Swalot|Swalot, L90, M|100/100\n|switch|p2a: Terrakion|Terrakion, L79|273/273\n|turn|1\n|inactive|Battle timer is ON: inactive players will automatically lose when time's up. (requested by p0y0102361)\n|inactive|p0x010c5ff also wants the timer to be on.\n|\n|t:|1783539279\n|move|p2a: Terrakion|Swords Dance|p2a: Terrakion\n|-boost|p2a: Terrakion|atk|2\n|move|p1a: Swalot|Swords Dance|p1a: Swalot\n|-boost|p1a: Swalot|atk|2\n|\n|upkeep\n|turn|2\n|inactive|Time left: 300 sec this turn | 300 sec total\n|\n|t:|1783539280\n|-terastallize|p2a: Terrakion|Ground\n|-terastallize|p1a: Swalot|Ground\n|move|p2a: Terrakion|Earthquake|p1a: Swalot\n|-damage|p1a: Swalot|10/100\n|-damage|p2a: Terrakion|246/273|[from] item: Life Orb\n|move|p1a: Swalot|Earthquake|p2a: Terrakion\n|-damage|p2a: Terrakion|35/273\n|\n|-heal|p1a: Swalot|16/100|[from] item: Leftovers\n|upkeep\n|turn|3\n|inactive|Time left: 300 sec this turn | 300 sec total\n|\n|t:|1783539281\n|move|p2a: Terrakion|Earthquake|p1a: Swalot\n|-damage|p1a: Swalot|0 fnt\n|faint|p1a: Swalot\n|-damage|p2a: Terrakion|8/273|[from] item: Life Orb\n|\n|upkeep\n|\n|t:|1783539282\n|switch|p1a: Sneasler|Sneasler, L74, F|100/100\n|turn|4\n|inactive|Time left: 300 sec this turn | 300 sec total\n|\n|t:|1783539284\n|move|p1a: Sneasler|U-turn|p2a: Terrakion\n|-damage|p2a: Terrakion|0 fnt\n|faint|p2a: Terrakion\n|\n|t:|1783539285\n|switch|p1a: Indeedee|Indeedee, L84, M|100/100|[from] U-turn\n|-fieldstart|move: Psychic Terrain|[from] ability: Psychic Surge|[of] p1a: Indeedee\n|\n|upkeep\n|inactive|Time left: 300 sec this turn | 300 sec total | 10 sec grace\n|\n|t:|1783539285\n|switch|p2a: Oinkologne|Oinkologne-F, L92, F|361/361\n|turn|5\n|inactive|Time left: 300 sec this turn | 300 sec total\n|\n|t:|1783539287\n|move|p1a: Indeedee|Expanding Force|p2a: Oinkologne\n|-damage|p2a: Oinkologne|138/361\n|move|p2a: Oinkologne|Body Slam|p1a: Indeedee\n|-damage|p1a: Indeedee|47/100\n|\n|-heal|p2a: Oinkologne|160/361|[from] item: Leftovers\n|upkeep\n|turn|6\n|inactive|Time left: 300 sec this turn | 300 sec total\n|\n|t:|1783539288\n|move|p1a: Indeedee|Expanding Force|p2a: Oinkologne\n|-damage|p2a: Oinkologne|0 fnt\n|faint|p2a: Oinkologne\n|\n|upkeep\n|inactive|Time left: 300 sec this turn | 300 sec total | 5 sec grace\n|\n|t:|1783539289\n|switch|p2a: Bellossom|Bellossom, L84, M|263/263\n|turn|7\n|inactive|Time left: 300 sec this turn | 300 sec total\n|\n|t:|1783539290\n|move|p1a: Indeedee|Expanding Force|p2a: Bellossom\n|-damage|p2a: Bellossom|22/263\n|move|p2a: Bellossom|Quiver Dance|p2a: Bellossom\n|-boost|p2a: Bellossom|spa|1\n|-boost|p2a: Bellossom|spd|1\n|-boost|p2a: Bellossom|spe|1\n|\n|-heal|p2a: Bellossom|38/263|[from] item: Leftovers\n|upkeep\n|turn|8\n|inactive|Time left: 300 sec this turn | 300 sec total\n|\n|t:|1783539291\n|move|p1a: Indeedee|Expanding Force|p2a: Bellossom\n|-damage|p2a: Bellossom|0 fnt\n|faint|p2a: Bellossom\n|\n|-fieldend|move: Psychic Terrain\n|upkeep\n|inactive|Time left: 300 sec this turn | 300 sec total | 5 sec grace\n|\n|t:|1783539292\n|switch|p2a: Breloom|Breloom, L83, F|235/235\n|turn|9\n|inactive|Time left: 300 sec this turn | 300 sec total\n|\n|t:|1783539293\n|move|p2a: Breloom|Mach Punch|p1a: Indeedee\n|-crit|p1a: Indeedee\n|-damage|p1a: Indeedee|0 fnt\n|faint|p1a: Indeedee\n|-damage|p2a: Breloom|212/235|[from] item: Life Orb\n|\n|upkeep\n|\n|t:|1783539294\n|switch|p1a: Sneasler|Sneasler, L74, F|100/100\n|turn|10\n|inactive|Time left: 300 sec this turn | 300 sec total\n|\n|t:|1783539296\n|switch|p2a: Stonjourner|Stonjourner, L91, F|330/330\n|move|p1a: Sneasler|Dire Claw|p2a: Stonjourner\n|-resisted|p2a: Stonjourner\n|-damage|p2a: Stonjourner|291/330\n|\n|upkeep\n|turn|11\n|inactive|Time left: 300 sec this turn | 300 sec total\n|\n|t:|1783539297\n|switch|p1a: Stantler|Stantler, L92, F|100/100\n|-ability|p1a: Stantler|Intimidate|boost\n|-unboost|p2a: Stonjourner|atk|1\n|move|p2a: Stonjourner|Heat Crash|p1a: Stantler\n|-damage|p1a: Stantler|71/100\n|-damage|p2a: Stonjourner|258/330|[from] item: Life Orb\n|\n|upkeep\n|turn|12\n|inactive|Time left: 300 sec this turn | 300 sec total\n|\n|t:|1783539298\n|move|p1a: Stantler|Body Slam|p2a: Stonjourner\n|-resisted|p2a: Stonjourner\n|-damage|p2a: Stonjourner|226/330\n|move|p2a: Stonjourner|Earthquake|p1a: Stantler\n|-damage|p1a: Stantler|48/100\n|-damage|p2a: Stonjourner|193/330|[from] item: Life Orb\n|\n|upkeep\n|turn|13\n|inactive|Time left: 300 sec this turn | 300 sec total\n|\n|t:|1783539299\n|move|p1a: Stantler|Earthquake|p2a: Stonjourner\n|-supereffective|p2a: Stonjourner\n|-damage|p2a: Stonjourner|91/330\n|move|p2a: Stonjourner|Stealth Rock|p1a: Stantler\n|-sidestart|p1: p0x010c5ff|move: Stealth Rock\n|\n|upkeep\n|turn|14\n|inactive|Time left: 300 sec this turn | 300 sec total\n|\n|t:|1783539300\n|switch|p2a: Breloom|Breloom, L83, F|212/235\n|move|p1a: Stantler|Body Slam|p2a: Breloom\n|-damage|p2a: Breloom|97/235\n|\n|upkeep\n|turn|15\n|inactive|Time left: 300 sec this turn | 300 sec total\n|\n|t:|1783539301\n|move|p2a: Breloom|Mach Punch|p1a: Stantler\n|-supereffective|p1a: Stantler\n|-damage|p1a: Stantler|0 fnt\n|faint|p1a: Stantler\n|-damage|p2a: Breloom|74/235|[from] item: Life Orb\n|\n|upkeep\n|\n|t:|1783539302\n|switch|p1a: Sneasler|Sneasler, L74, F|100/100\n|-damage|p1a: Sneasler|94/100|[from] Stealth Rock\n|turn|16\n|inactive|Time left: 300 sec this turn | 300 sec total\n|\n|t:|1783539303\n|move|p2a: Breloom|Mach Punch|p1a: Sneasler\n|-resisted|p1a: Sneasler\n|-damage|p1a: Sneasler|63/100\n|-damage|p2a: Breloom|51/235|[from] item: Life Orb\n|move|p1a: Sneasler|U-turn|p2a: Breloom\n|-damage|p2a: Breloom|0 fnt\n|faint|p2a: Breloom\n|\n|t:|1783539304\n|switch|p1a: Passimian|Passimian, L83, M|100/100|[from] U-turn\n|-damage|p1a: Passimian|95/100|[from] Stealth Rock\n|\n|upkeep\n|inactive|Time left: 300 sec this turn | 300 sec total | 10 sec grace\n|\n|t:|1783539305\n|switch|p2a: Lumineon|Lumineon, L93, M|279/279\n|turn|17\n|inactive|Time left: 300 sec this turn | 300 sec total\n|\n|t:|1783539306\n|move|p1a: Passimian|Close Combat|p2a: Lumineon\n|-damage|p2a: Lumineon|132/279\n|-unboost|p1a: Passimian|def|1\n|-unboost|p1a: Passimian|spd|1\n|move|p2a: Lumineon|Alluring Voice|p1a: Passimian\n|-supereffective|p1a: Passimian\n|-damage|p1a: Passimian|5/100\n|-damage|p2a: Lumineon|105/279|[from] item: Life Orb\n|\n|upkeep\n|turn|18\n|inactive|Time left: 300 sec this turn | 300 sec total\n|\n|t:|1783539307\n|move|p1a: Passimian|Close Combat|p2a: Lumineon\n|-damage|p2a: Lumineon|0 fnt\n|-unboost|p1a: Passimian|def|1\n|-unboost|p1a: Passimian|spd|1\n|faint|p2a: Lumineon\n|\n|upkeep\n|inactive|Time left: 300 sec this turn | 300 sec total | 5 sec grace\n|\n|t:|1783539308\n|switch|p2a: Stonjourner|Stonjourner, L91, F|91/330\n|turn|19\n|inactive|Time left: 300 sec this turn | 300 sec total\n|\n|t:|1783539309\n|move|p1a: Passimian|Close Combat|p2a: Stonjourner\n|-supereffective|p2a: Stonjourner\n|-damage|p2a: Stonjourner|0 fnt\n|-unboost|p1a: Passimian|def|1\n|-unboost|p1a: Passimian|spd|1\n|faint|p2a: Stonjourner\n|\n|win|p0x010c5ff", "uploadtime": 1783539309, "views": 0, "rating": 0, "private": 0, "password": null, "_winner": "p0x010c5ff", "_our_name": "p0y0102361"}