{"id": "battle-gen9randombattle-338", "formatid": "gen9randombattle", "format": "[Gen 9] Random Battle", "players": ["p0x338d382", "p0y338b5f5"], "log": "|init|battle\n|title|p0x338d382 vs. p0y338b5f5\n|j|\u2606p0x338d382\n|j|\u2606p0y338b5f5\n|t:|1783543553\n|gametype|singles\n|player|p1|p0x338d382|266|\n|player|p2|p0y338b5f5|101|\n|gen|9\n|tier|[Gen 9] Random Battle\n|rule|Species Clause: Limit one of each Pok\u00e9mon\n|rule|HP Percentage Mod: HP is shown in percentages\n|rule|Sleep Clause Mod: Limit one foe put to sleep\n|rule|Illusion Level Mod: Illusion disguises the Pok\u00e9mon's true level\n|\n|t:|1783543553\n|teamsize|p1|6\n|teamsize|p2|6\n|start\n|switch|p1a: Smeargle|Smeargle, L95, F|100/100\n|switch|p2a: Metagross|Metagross, L79|256/256\n|turn|1\n|inactive|Battle timer is ON: inactive players will automatically lose when time's up. (requested by p0y338b5f5)\n|inactive|p0x338d382 also wants the timer to be on.\n|\n|t:|1783543555\n|move|p1a: Smeargle|Sticky Web|p2a: Metagross\n|-sidestart|p2: p0y338b5f5|move: Sticky Web\n|move|p2a: Metagross|Heavy Slam|p1a: Smeargle\n|-damage|p1a: Smeargle|4/100\n|\n|upkeep\n|turn|2\n|inactive|Time left: 300 sec this turn | 300 sec total\n|\n|t:|1783543556\n|move|p1a: Smeargle|Spore|p2a: Metagross\n|-status|p2a: Metagross|slp|[from] move: Spore\n|cant|p2a: Metagross|slp\n|\n|upkeep\n|turn|3\n|inactive|Time left: 300 sec this turn | 300 sec total\n|\n|t:|1783543557\n|switch|p1a: Conkeldurr|Conkeldurr, L80, M|100/100\n|cant|p2a: Metagross|slp\n|\n|-status|p1a: Conkeldurr|brn|[from] item: Flame Orb\n|upkeep\n|turn|4\n|inactive|Time left: 300 sec this turn | 300 sec total\n|\n|t:|1783543559\n|-curestatus|p2a: Metagross|slp|[msg]\n|move|p2a: Metagross|Heavy Slam|p1a: Conkeldurr\n|-damage|p1a: Conkeldurr|51/100 brn\n|move|p1a: Conkeldurr|Knock Off|p2a: Metagross\n|-supereffective|p2a: Metagross\n|-damage|p2a: Metagross|60/256\n|-enditem|p2a: Metagross|Weakness Policy\n|-boost|p2a: Metagross|atk|2|[from] item: Weakness Policy\n|-boost|p2a: Metagross|spa|2|[from] item: Weakness Policy\n|\n|-damage|p1a: Conkeldurr|45/100 brn|[from] brn\n|upkeep\n|turn|5\n|inactive|Time left: 300 sec this turn | 300 sec total\n|\n|t:|1783543560\n|move|p1a: Conkeldurr|Mach Punch|p2a: Metagross\n|-damage|p2a: Metagross|2/256\n|move|p2a: Metagross|Psychic Fangs|p1a: Conkeldurr\n|-supereffective|p1a: Conkeldurr\n|-damage|p1a: Conkeldurr|0 fnt\n|faint|p1a: Conkeldurr\n|\n|upkeep\n|\n|t:|1783543561\n|switch|p1a: Hydreigon|Hydreigon, L79, F|100/100\n|turn|6\n|inactive|Time left: 300 sec this turn | 300 sec total\n|\n|t:|1783543563\n|move|p1a: Hydreigon|Flash Cannon|p2a: Metagross\n|-resisted|p2a: Metagross\n|-damage|p2a: Metagross|0 fnt\n|faint|p2a: Metagross\n|\n|upkeep\n|inactive|Time left: 300 sec this turn | 300 sec total | 5 sec grace\n|\n|t:|1783543564\n|switch|p2a: Miraidon|Miraidon, L65|238/238\n|-activate|p2a: Miraidon|move: Sticky Web\n|-unboost|p2a: Miraidon|spe|1\n|-fieldstart|move: Electric Terrain|[from] ability: Hadron Engine|[of] p2a: Miraidon\n|turn|7\n|inactive|Time left: 300 sec this turn | 300 sec total\n|\n|t:|1783543565\n|switch|p1a: Smeargle|Smeargle, L95, F|4/100\n|move|p2a: Miraidon|Draco Meteor|p1a: Smeargle\n|-damage|p1a: Smeargle|0 fnt\n|-unboost|p2a: Miraidon|spa|2\n|faint|p1a: Smeargle\n|\n|upkeep\n|\n|t:|1783543566\n|switch|p1a: Crawdaunt|Crawdaunt, L84, F|100/100\n|turn|8\n|inactive|Time left: 300 sec this turn | 300 sec total\n|\n|t:|1783543567\n|move|p2a: Miraidon|Draco Meteor|p1a: Crawdaunt|[miss]\n|-miss|p2a: Miraidon|p1a: Crawdaunt\n|move|p1a: Crawdaunt|Knock Off|p2a: Miraidon\n|-damage|p2a: Miraidon|0 fnt\n|-enditem|p2a: Miraidon|Choice Specs|[from] move: Knock Off|[of] p1a: Crawdaunt\n|faint|p2a: Miraidon\n|\n|upkeep\n|inactive|Time left: 300 sec this turn | 300 sec total | 5 sec grace\n|\n|t:|1783543568\n|switch|p2a: Enamorus|Enamorus, L79, F|247/247\n|turn|9\n|inactive|Time left: 300 sec this turn | 300 sec total\n|\n|t:|1783543569\n|switch|p1a: Squawkabilly|Squawkabilly-Yellow, L89, M|100/100\n|move|p2a: Enamorus|Superpower|p1a: Squawkabilly\n|-damage|p1a: Squawkabilly|57/100\n|-boost|p2a: Enamorus|atk|1\n|-boost|p2a: Enamorus|def|1\n|\n|upkeep\n|turn|10\n|inactive|Time left: 300 sec this turn | 300 sec total\n|\n|t:|1783543571\n|-terastallize|p1a: Squawkabilly|Flying\n|move|p1a: Squawkabilly|Brave Bird|p2a: Enamorus\n|-damage|p2a: Enamorus|21/247\n|-damage|p1a: Squawkabilly|31/100|[from] Recoil\n|move|p2a: Enamorus|Superpower|p1a: Squawkabilly\n|-resisted|p1a: Squawkabilly\n|-damage|p1a: Squawkabilly|3/100\n|-boost|p2a: Enamorus|atk|1\n|-boost|p2a: Enamorus|def|1\n|\n|-heal|p2a: Enamorus|36/247|[from] item: Leftovers\n|upkeep\n|turn|11\n|inactive|Time left: 300 sec this turn | 300 sec total\n|\n|t:|1783543572\n|move|p1a: Squawkabilly|Quick Attack|p2a: Enamorus\n|-damage|p2a: Enamorus|0 fnt\n|faint|p2a: Enamorus\n|\n|-fieldend|move: Electric Terrain\n|upkeep\n|inactive|Time left: 300 sec this turn | 300 sec total | 5 sec grace\n|\n|t:|1783543573\n|switch|p2a: Luvdisc|Luvdisc, F|247/247\n|turn|12\n|inactive|Time left: 300 sec this turn | 300 sec total\n|\n|t:|1783543574\n|switch|p1a: Crawdaunt|Crawdaunt, L84, F|100/100\n|move|p2a: Luvdisc|Flip Turn|p1a: Crawdaunt\n|-resisted|p1a: Crawdaunt\n|-damage|p1a: Crawdaunt|91/100\n|inactive|Time left: 300 sec this turn | 300 sec total | 5 sec grace\n|\n|t:|1783543575\n|switch|p2a: Samurott|Samurott, L88, F|310/310|[from] Flip Turn\n|-activate|p2a: Samurott|move: Sticky Web\n|-unboost|p2a: Samurott|spe|1\n|\n|upkeep\n|turn|13\n|inactive|Time left: 300 sec this turn | 300 sec total\n|\n|t:|1783543576\n|move|p1a: Crawdaunt|Knock Off|p2a: Samurott\n|-damage|p2a: Samurott|92/310\n|-enditem|p2a: Samurott|Assault Vest|[from] move: Knock Off|[of] p1a: Crawdaunt\n|move|p2a: Samurott|Megahorn|p1a: Crawdaunt\n|-supereffective|p1a: Crawdaunt\n|-damage|p1a: Crawdaunt|16/100\n|\n|upkeep\n|turn|14\n|inactive|Time left: 300 sec this turn | 300 sec total\n|\n|t:|1783543577\n|move|p1a: Crawdaunt|Knock Off|p2a: Samurott\n|-damage|p2a: Samurott|0 fnt\n|faint|p2a: Samurott\n|\n|upkeep\n|inactive|Time left: 300 sec this turn | 300 sec total | 5 sec grace\n|\n|t:|1783543578\n|switch|p2a: Luvdisc|Luvdisc, F|247/247\n|turn|15\n|inactive|Time left: 300 sec this turn | 300 sec total\n|\n|t:|1783543579\n|switch|p1a: Hydreigon|Hydreigon, L79, F|100/100\n|move|p2a: Luvdisc|Surf|p1a: Hydreigon\n|-resisted|p1a: Hydreigon\n|-damage|p1a: Hydreigon|85/100\n|\n|upkeep\n|turn|16\n|inactive|Time left: 300 sec this turn | 300 sec total\n|\n|t:|1783543580\n|move|p2a: Luvdisc|Flip Turn|p1a: Hydreigon\n|-resisted|p1a: Hydreigon\n|-damage|p1a: Hydreigon|77/100\n|inactive|Time left: 300 sec this turn | 300 sec total | 5 sec grace\n|\n|t:|1783543581\n|switch|p2a: Snorlax|Snorlax, L82, M|397/397|[from] Flip Turn\n|-activate|p2a: Snorlax|move: Sticky Web\n|-unboost|p2a: Snorlax|spe|1\n|move|p1a: Hydreigon|Dark Pulse|p2a: Snorlax\n|-crit|p2a: Snorlax\n|-damage|p2a: Snorlax|210/397\n|\n|upkeep\n|turn|17\n|inactive|Time left: 300 sec this turn | 300 sec total\n|\n|t:|1783543582\n|move|p1a: Hydreigon|Dark Pulse|p2a: Snorlax\n|-damage|p2a: Snorlax|98/397\n|move|p2a: Snorlax|Rest|p2a: Snorlax\n|-status|p2a: Snorlax|slp|[from] move: Rest\n|-heal|p2a: Snorlax|397/397 slp|[silent]\n|-enditem|p2a: Snorlax|Chesto Berry|[eat]\n|-curestatus|p2a: Snorlax|slp|[msg]\n|\n|upkeep\n|turn|18\n|inactive|Time left: 300 sec this turn | 300 sec total\n|\n|t:|1783543583\n|move|p1a: Hydreigon|Dark Pulse|p2a: Snorlax\n|-damage|p2a: Snorlax|268/397\n|move|p2a: Snorlax|Body Slam|p1a: Hydreigon\n|-crit|p1a: Hydreigon\n|-damage|p1a: Hydreigon|24/100\n|\n|upkeep\n|turn|19\n|inactive|Time left: 300 sec this turn | 300 sec total\n|\n|t:|1783543584\n|move|p1a: Hydreigon|Dark Pulse|p2a: Snorlax\n|-damage|p2a: Snorlax|147/397\n|cant|p2a: Snorlax|flinch\n|\n|upkeep\n|turn|20\n|inactive|Time left: 300 sec this turn | 300 sec total\n|\n|t:|1783543585\n|move|p1a: Hydreigon|Dark Pulse|p2a: Snorlax\n|-damage|p2a: Snorlax|20/397\n|move|p2a: Snorlax|Body Slam|p1a: Hydreigon\n|-damage|p1a: Hydreigon|0 fnt\n|faint|p1a: Hydreigon\n|\n|upkeep\n|\n|t:|1783543586\n|switch|p1a: Crawdaunt|Crawdaunt, L84, F|16/100\n|turn|21\n|inactive|Time left: 300 sec this turn | 300 sec total\n|\n|t:|1783543588\n|move|p1a: Crawdaunt|Knock Off|p2a: Snorlax\n|-damage|p2a: Snorlax|0 fnt\n|faint|p2a: Snorlax\n|\n|upkeep\n|inactive|Time left: 300 sec this turn | 300 sec total | 5 sec grace\n|\n|t:|1783543589\n|switch|p2a: Luvdisc|Luvdisc, F|247/247\n|turn|22\n|inactive|Time left: 300 sec this turn | 300 sec total\n|\n|t:|1783543590\n|move|p2a: Luvdisc|Surf|p1a: Crawdaunt\n|-resisted|p1a: Crawdaunt\n|-damage|p1a: Crawdaunt|0 fnt\n|faint|p1a: Crawdaunt\n|\n|upkeep\n|\n|t:|1783543591\n|switch|p1a: Scyther|Scyther, L82, F|100/100\n|turn|23\n|inactive|Time left: 300 sec this turn | 300 sec total\n|\n|t:|1783543592\n|-terastallize|p2a: Luvdisc|Ghost\n|move|p2a: Luvdisc|Surf|p1a: Scyther\n|-crit|p1a: Scyther\n|-damage|p1a: Scyther|51/100\n|move|p1a: Scyther|Dual Wingbeat|p2a: Luvdisc\n|-damage|p2a: Luvdisc|171/247\n|-damage|p2a: Luvdisc|92/247\n|-hitcount|p2a: Luvdisc|2\n|\n|upkeep\n|turn|24\n|inactive|Time left: 300 sec this turn | 300 sec total\n|\n|t:|1783543593\n|move|p2a: Luvdisc|Surf|p1a: Scyther\n|-damage|p1a: Scyther|16/100\n|move|p1a: Scyther|Dual Wingbeat|p2a: Luvdisc\n|-damage|p2a: Luvdisc|16/247\n|-damage|p2a: Luvdisc|0 fnt\n|faint|p2a: Luvdisc\n|-hitcount|p2: Luvdisc|2\n|\n|win|p0x338d382", "uploadtime": 1783543593, "views": 0, "rating": 0, "private": 0, "password": null, "_winner": "p0x338d382", "_our_name": "p0y338b5f5"}