{"id": "battle-gen9randombattle-1077", "formatid": "gen9randombattle", "format": "[Gen 9] Random Battle", "players": ["p0x1077c0ed", "p0y1077d2ea"], "log": "|init|battle\n|title|p0x1077c0ed vs. p0y1077d2ea\n|j|\u2606p0x1077c0ed\n|j|\u2606p0y1077d2ea\n|t:|1783551682\n|gametype|singles\n|player|p1|p0x1077c0ed|2|\n|player|p2|p0y1077d2ea|266|\n|gen|9\n|tier|[Gen 9] Random Battle\n|rule|Species Clause: Limit one of each Pok\u00e9mon\n|rule|HP Percentage Mod: HP is shown in percentages\n|rule|Sleep Clause Mod: Limit one foe put to sleep\n|rule|Illusion Level Mod: Illusion disguises the Pok\u00e9mon's true level\n|\n|t:|1783551682\n|teamsize|p1|6\n|teamsize|p2|6\n|start\n|switch|p1a: Emboar|Emboar, L84, M|100/100\n|switch|p2a: Cyclizar|Cyclizar, L84, M|255/255\n|turn|1\n|inactive|Battle timer is ON: inactive players will automatically lose when time's up. (requested by p0x1077c0ed)\n|inactive|Time left: 300 sec this turn | 300 sec total | 60 sec grace\n|inactive|p0y1077d2ea also wants the timer to be on.\n|\n|t:|1783551684\n|move|p2a: Cyclizar|Shed Tail|p2a: Cyclizar\n|-start|p2a: Cyclizar|Substitute|[from] move: Shed Tail\n|-damage|p2a: Cyclizar|127/255\n|inactive|Time left: 300 sec this turn | 300 sec total | 65 sec grace\n|\n|t:|1783551685\n|switch|p2a: Klawf|Klawf, L90, F|272/272|[from] Shed Tail\n|move|p1a: Emboar|Close Combat|p2a: Klawf\n|-supereffective|p2a: Klawf\n|-end|p2a: Klawf|Substitute\n|-unboost|p1a: Emboar|def|1\n|-unboost|p1a: Emboar|spd|1\n|\n|upkeep\n|turn|2\n|inactive|Time left: 300 sec this turn | 300 sec total\n|\n|t:|1783551687\n|move|p2a: Klawf|Stone Edge|p1a: Emboar\n|-damage|p1a: Emboar|29/100\n|move|p1a: Emboar|Close Combat|p2a: Klawf\n|-supereffective|p2a: Klawf\n|-damage|p2a: Klawf|0 fnt\n|-unboost|p1a: Emboar|def|1\n|-unboost|p1a: Emboar|spd|1\n|faint|p2a: Klawf\n|\n|upkeep\n|inactive|Time left: 300 sec this turn | 300 sec total | 5 sec grace\n|\n|t:|1783551688\n|switch|p2a: Iron Hands|Iron Hands, L79|373/373\n|turn|3\n|inactive|Time left: 300 sec this turn | 300 sec total\n|\n|t:|1783551689\n|move|p1a: Emboar|Close Combat|p2a: Iron Hands\n|-damage|p2a: Iron Hands|171/373\n|-unboost|p1a: Emboar|def|1\n|-unboost|p1a: Emboar|spd|1\n|move|p2a: Iron Hands|Drain Punch|p1a: Emboar\n|-damage|p1a: Emboar|0 fnt\n|-heal|p2a: Iron Hands|218/373|[from] drain|[of] p1a: Emboar\n|faint|p1a: Emboar\n|\n|-heal|p2a: Iron Hands|241/373|[from] item: Leftovers\n|upkeep\n|\n|t:|1783551690\n|switch|p1a: Palossand|Palossand, L89, F|100/100\n|turn|4\n|inactive|Time left: 300 sec this turn | 300 sec total\n|\n|t:|1783551691\n|-end|p2a: Iron Hands|Quark Drive|[silent]\n|switch|p2a: Bellossom|Bellossom, L84, M|263/263\n|move|p1a: Palossand|Earth Power|p2a: Bellossom\n|-resisted|p2a: Bellossom\n|-damage|p2a: Bellossom|212/263\n|\n|-heal|p2a: Bellossom|228/263|[from] item: Leftovers\n|upkeep\n|turn|5\n|inactive|Time left: 300 sec this turn | 300 sec total\n|\n|t:|1783551692\n|move|p2a: Bellossom|Quiver Dance|p2a: Bellossom\n|-boost|p2a: Bellossom|spa|1\n|-boost|p2a: Bellossom|spd|1\n|-boost|p2a: Bellossom|spe|1\n|move|p1a: Palossand|Sludge Bomb|p2a: Bellossom\n|-supereffective|p2a: Bellossom\n|-damage|p2a: Bellossom|142/263\n|\n|-heal|p2a: Bellossom|158/263|[from] item: Leftovers\n|upkeep\n|turn|6\n|inactive|Time left: 300 sec this turn | 300 sec total\n|\n|t:|1783551693\n|-terastallize|p1a: Palossand|Poison\n|move|p2a: Bellossom|Quiver Dance|p2a: Bellossom\n|-boost|p2a: Bellossom|spa|1\n|-boost|p2a: Bellossom|spd|1\n|-boost|p2a: Bellossom|spe|1\n|move|p1a: Palossand|Sludge Bomb|p2a: Bellossom\n|-supereffective|p2a: Bellossom\n|-damage|p2a: Bellossom|54/263\n|\n|-heal|p2a: Bellossom|70/263|[from] item: Leftovers\n|upkeep\n|turn|7\n|inactive|Time left: 300 sec this turn | 300 sec total\n|\n|t:|1783551694\n|move|p2a: Bellossom|Strength Sap|p1a: Palossand\n|-unboost|p1a: Palossand|atk|1\n|-heal|p2a: Bellossom|208/263\n|move|p1a: Palossand|Sludge Bomb|p2a: Bellossom\n|-supereffective|p2a: Bellossom\n|-damage|p2a: Bellossom|112/263\n|\n|-heal|p2a: Bellossom|128/263|[from] item: Leftovers\n|upkeep\n|turn|8\n|inactive|Time left: 300 sec this turn | 300 sec total\n|\n|t:|1783551695\n|move|p2a: Bellossom|Strength Sap|p1a: Palossand\n|-unboost|p1a: Palossand|atk|1\n|-heal|p2a: Bellossom|220/263\n|move|p1a: Palossand|Sludge Bomb|p2a: Bellossom\n|-supereffective|p2a: Bellossom\n|-damage|p2a: Bellossom|124/263\n|\n|-heal|p2a: Bellossom|140/263|[from] item: Leftovers\n|upkeep\n|turn|9\n|inactive|Time left: 300 sec this turn | 300 sec total\n|\n|t:|1783551696\n|move|p2a: Bellossom|Quiver Dance|p2a: Bellossom\n|-boost|p2a: Bellossom|spa|1\n|-boost|p2a: Bellossom|spd|1\n|-boost|p2a: Bellossom|spe|1\n|move|p1a: Palossand|Sludge Bomb|p2a: Bellossom\n|-supereffective|p2a: Bellossom\n|-damage|p2a: Bellossom|60/263\n|\n|-heal|p2a: Bellossom|76/263|[from] item: Leftovers\n|upkeep\n|turn|10\n|inactive|Time left: 300 sec this turn | 300 sec total\n|\n|t:|1783551697\n|move|p2a: Bellossom|Strength Sap|p1a: Palossand\n|-unboost|p1a: Palossand|atk|1\n|-heal|p2a: Bellossom|145/263\n|move|p1a: Palossand|Sludge Bomb|p2a: Bellossom\n|-supereffective|p2a: Bellossom\n|-damage|p2a: Bellossom|67/263\n|-status|p2a: Bellossom|psn\n|\n|-heal|p2a: Bellossom|83/263 psn|[from] item: Leftovers\n|-damage|p2a: Bellossom|51/263 psn|[from] psn\n|upkeep\n|turn|11\n|inactive|Time left: 300 sec this turn | 300 sec total\n|\n|t:|1783551698\n|move|p2a: Bellossom|Strength Sap|p1a: Palossand\n|-unboost|p1a: Palossand|atk|1\n|-heal|p2a: Bellossom|106/263 psn\n|move|p1a: Palossand|Sludge Bomb|p2a: Bellossom\n|-supereffective|p2a: Bellossom\n|-damage|p2a: Bellossom|26/263 psn\n|\n|-heal|p2a: Bellossom|42/263 psn|[from] item: Leftovers\n|-damage|p2a: Bellossom|10/263 psn|[from] psn\n|upkeep\n|turn|12\n|inactive|Time left: 300 sec this turn | 300 sec total\n|\n|t:|1783551699\n|move|p2a: Bellossom|Strength Sap|p1a: Palossand\n|-unboost|p1a: Palossand|atk|1\n|-heal|p2a: Bellossom|56/263 psn\n|move|p1a: Palossand|Shadow Ball|p2a: Bellossom\n|-damage|p2a: Bellossom|19/263 psn\n|\n|-heal|p2a: Bellossom|35/263 psn|[from] item: Leftovers\n|-damage|p2a: Bellossom|3/263 psn|[from] psn\n|upkeep\n|turn|13\n|inactive|Time left: 300 sec this turn | 300 sec total\n|\n|t:|1783551700\n|move|p2a: Bellossom|Giga Drain|p1a: Palossand\n|-resisted|p1a: Palossand\n|-damage|p1a: Palossand|67/100\n|-heal|p2a: Bellossom|52/263 psn|[from] drain|[of] p1a: Palossand\n|move|p1a: Palossand|Shadow Ball|p2a: Bellossom\n|-damage|p2a: Bellossom|15/263 psn\n|\n|-heal|p2a: Bellossom|31/263 psn|[from] item: Leftovers\n|-heal|p1a: Palossand|73/100|[from] item: Leftovers\n|-damage|p2a: Bellossom|0 fnt|[from] psn\n|faint|p2a: Bellossom\n|upkeep\n|inactive|Time left: 300 sec this turn | 300 sec total | 5 sec grace\n|\n|t:|1783551701\n|switch|p2a: Braviary|Braviary, L85, M|309/309\n|turn|14\n|inactive|Time left: 300 sec this turn | 300 sec total\n|\n|t:|1783551702\n|move|p2a: Braviary|Bulk Up|p2a: Braviary\n|-boost|p2a: Braviary|atk|1\n|-boost|p2a: Braviary|def|1\n|move|p1a: Palossand|Sludge Bomb|p2a: Braviary\n|-damage|p2a: Braviary|177/309\n|-status|p2a: Braviary|psn\n|\n|-heal|p1a: Palossand|80/100|[from] item: Leftovers\n|-damage|p2a: Braviary|139/309 psn|[from] psn\n|upkeep\n|turn|15\n|inactive|Time left: 300 sec this turn | 300 sec total\n|\n|t:|1783551703\n|move|p2a: Braviary|Roost|p2a: Braviary\n|-heal|p2a: Braviary|294/309 psn\n|-singleturn|p2a: Braviary|move: Roost\n|move|p1a: Palossand|Sludge Bomb|p2a: Braviary\n|-damage|p2a: Braviary|171/309 psn\n|\n|-heal|p1a: Palossand|86/100|[from] item: Leftovers\n|-damage|p2a: Braviary|133/309 psn|[from] psn\n|upkeep\n|turn|16\n|inactive|Time left: 300 sec this turn | 300 sec total\n|\n|t:|1783551704\n|move|p2a: Braviary|Roost|p2a: Braviary\n|-heal|p2a: Braviary|288/309 psn\n|-singleturn|p2a: Braviary|move: Roost\n|move|p1a: Palossand|Sludge Bomb|p2a: Braviary\n|-damage|p2a: Braviary|165/309 psn\n|\n|-heal|p1a: Palossand|92/100|[from] item: Leftovers\n|-damage|p2a: Braviary|127/309 psn|[from] psn\n|upkeep\n|turn|17\n|inactive|Time left: 300 sec this turn | 300 sec total\n|\n|t:|1783551705\n|move|p2a: Braviary|Roost|p2a: Braviary\n|-heal|p2a: Braviary|282/309 psn\n|-singleturn|p2a: Braviary|move: Roost\n|move|p1a: Palossand|Sludge Bomb|p2a: Braviary\n|-damage|p2a: Braviary|156/309 psn\n|\n|-heal|p1a: Palossand|98/100|[from] item: Leftovers\n|-damage|p2a: Braviary|118/309 psn|[from] psn\n|upkeep\n|turn|18\n|inactive|Time left: 300 sec this turn | 300 sec total\n|\n|t:|1783551706\n|move|p2a: Braviary|Roost|p2a: Braviary\n|-heal|p2a: Braviary|273/309 psn\n|-singleturn|p2a: Braviary|move: Roost\n|move|p1a: Palossand|Sludge Bomb|p2a: Braviary\n|-damage|p2a: Braviary|155/309 psn\n|\n|-heal|p1a: Palossand|100/100|[from] item: Leftovers\n|-damage|p2a: Braviary|117/309 psn|[from] psn\n|upkeep\n|turn|19\n|inactive|Time left: 300 sec this turn | 300 sec total\n|\n|t:|1783551707\n|move|p2a: Braviary|Roost|p2a: Braviary\n|-heal|p2a: Braviary|272/309 psn\n|-singleturn|p2a: Braviary|move: Roost\n|move|p1a: Palossand|Sludge Bomb|p2a: Braviary\n|-damage|p2a: Braviary|140/309 psn\n|\n|-damage|p2a: Braviary|102/309 psn|[from] psn\n|upkeep\n|turn|20\n|inactive|Time left: 300 sec this turn | 300 sec total\n|\n|t:|1783551708\n|switch|p1a: Lumineon|Lumineon, L93, M|100/100\n|move|p2a: Braviary|Roost|p2a: Braviary\n|-heal|p2a: Braviary|257/309 psn\n|-singleturn|p2a: Braviary|move: Roost\n|\n|-damage|p2a: Braviary|219/309 psn|[from] psn\n|upkeep\n|turn|21\n|inactive|Time left: 300 sec this turn | 300 sec total\n|\n|t:|1783551710\n|move|p1a: Lumineon|Hydro Pump|p2a: Braviary\n|-damage|p2a: Braviary|50/309 psn\n|-damage|p1a: Lumineon|91/100|[from] item: Life Orb\n|move|p2a: Braviary|Brave Bird|p1a: Lumineon\n|-crit|p1a: Lumineon\n|-damage|p1a: Lumineon|0 fnt\n|faint|p1a: Lumineon\n|-damage|p2a: Braviary|0 fnt|[from] Recoil\n|faint|p2a: Braviary\n|\n|upkeep\n|inactive|Time left: 300 sec this turn | 300 sec total | 5 sec grace\n|\n|t:|1783551711\n|switch|p1a: Palossand|Palossand, L89, F, tera:Poison|100/100\n|switch|p2a: Avalugg|Avalugg-Hisui, L90, F|317/317\n|turn|22\n|inactive|Time left: 300 sec this turn | 300 sec total\n|\n|t:|1783551712\n|move|p1a: Palossand|Earth Power|p2a: Avalugg\n|-supereffective|p2a: Avalugg\n|-ability|p2a: Avalugg|Sturdy\n|-damage|p2a: Avalugg|1/317\n|move|p2a: Avalugg|Avalanche|p1a: Palossand\n|-damage|p1a: Palossand|53/100\n|\n|-heal|p1a: Palossand|59/100|[from] item: Leftovers\n|upkeep\n|turn|23\n|inactive|Time left: 300 sec this turn | 300 sec total\n|\n|t:|1783551713\n|move|p2a: Avalugg|Stone Edge|p1a: Palossand\n|-damage|p1a: Palossand|15/100\n|move|p1a: Palossand|Earth Power|p2a: Avalugg\n|-supereffective|p2a: Avalugg\n|-damage|p2a: Avalugg|0 fnt\n|faint|p2a: Avalugg\n|\n|-heal|p1a: Palossand|21/100|[from] item: Leftovers\n|upkeep\n|inactive|Time left: 300 sec this turn | 300 sec total | 5 sec grace\n|\n|t:|1783551714\n|switch|p2a: Iron Hands|Iron Hands, L79|241/373\n|turn|24\n|inactive|Time left: 300 sec this turn | 300 sec total\n|\n|t:|1783551715\n|switch|p1a: Alomomola|Alomomola, L87, F|100/100\n|move|p2a: Iron Hands|Wild Charge|p1a: Alomomola\n|-supereffective|p1a: Alomomola\n|-damage|p1a: Alomomola|50/100\n|-damage|p2a: Iron Hands|186/373|[from] Recoil\n|\n|-heal|p2a: Iron Hands|209/373|[from] item: Leftovers\n|upkeep\n|turn|25\n|inactive|Time left: 300 sec this turn | 300 sec total\n|\n|t:|1783551716\n|move|p1a: Alomomola|Scald|p2a: Iron Hands\n|-damage|p2a: Iron Hands|149/373\n|-status|p2a: Iron Hands|brn\n|move|p2a: Iron Hands|Swords Dance|p2a: Iron Hands\n|-boost|p2a: Iron Hands|atk|2\n|\n|-heal|p2a: Iron Hands|172/373 brn|[from] item: Leftovers\n|-damage|p2a: Iron Hands|149/373 brn|[from] brn\n|upkeep\n|turn|26\n|inactive|Time left: 300 sec this turn | 300 sec total\n|\n|t:|1783551717\n|move|p1a: Alomomola|Flip Turn|p2a: Iron Hands\n|-damage|p2a: Iron Hands|97/373 brn\n|\n|t:|1783551718\n|switch|p1a: Palossand|Palossand, L89, F, tera:Poison|21/100|[from] Flip Turn\n|move|p2a: Iron Hands|Swords Dance|p2a: Iron Hands\n|-boost|p2a: Iron Hands|atk|2\n|\n|-heal|p2a: Iron Hands|120/373 brn|[from] item: Leftovers\n|-heal|p1a: Palossand|27/100|[from] item: Leftovers\n|-damage|p2a: Iron Hands|97/373 brn|[from] brn\n|upkeep\n|turn|27\n|inactive|Time left: 300 sec this turn | 300 sec total\n|\n|t:|1783551719\n|move|p2a: Iron Hands|Wild Charge|p1a: Palossand\n|-damage|p1a: Palossand|0 fnt\n|faint|p1a: Palossand\n|-damage|p2a: Iron Hands|77/373 brn|[from] Recoil\n|\n|-heal|p2a: Iron Hands|100/373 brn|[from] item: Leftovers\n|-damage|p2a: Iron Hands|77/373 brn|[from] brn\n|upkeep\n|\n|t:|1783551720\n|switch|p1a: Heatran|Heatran, L79, M|100/100\n|-item|p1a: Heatran|Air Balloon\n|turn|28\n|inactive|Time left: 300 sec this turn | 300 sec total\n|\n|t:|1783551721\n|move|p1a: Heatran|Earth Power|p2a: Iron Hands\n|-supereffective|p2a: Iron Hands\n|-damage|p2a: Iron Hands|0 fnt\n|faint|p2a: Iron Hands\n|-end|p2a: Iron Hands|Quark Drive|[silent]\n|\n|upkeep\n|inactive|Time left: 300 sec this turn | 300 sec total | 5 sec grace\n|\n|t:|1783551722\n|switch|p2a: Cyclizar|Cyclizar, L84, M|212/255\n|turn|29\n|inactive|Time left: 300 sec this turn | 300 sec total\n|\n|t:|1783551723\n|move|p2a: Cyclizar|Rapid Spin|p1a: Heatran\n|-resisted|p1a: Heatran\n|-damage|p1a: Heatran|92/100\n|-boost|p2a: Cyclizar|spe|1\n|-enditem|p1a: Heatran|Air Balloon\n|move|p1a: Heatran|Heavy Slam|p2a: Cyclizar\n|-damage|p2a: Cyclizar|85/255\n|\n|upkeep\n|turn|30\n|inactive|Time left: 300 sec this turn | 300 sec total\n|\n|t:|1783551724\n|move|p2a: Cyclizar|Rapid Spin|p1a: Heatran\n|-resisted|p1a: Heatran\n|-damage|p1a: Heatran|83/100\n|-boost|p2a: Cyclizar|spe|1\n|move|p1a: Heatran|Heavy Slam|p2a: Cyclizar\n|-damage|p2a: Cyclizar|0 fnt\n|faint|p2a: Cyclizar\n|\n|win|p0x1077c0ed", "uploadtime": 1783551724, "views": 0, "rating": 0, "private": 0, "password": null, "_winner": "p0x1077c0ed", "_our_name": "p0y1077d2ea"}