{"id": "battle-gen9randombattle-2645", "formatid": "gen9randombattle", "format": "[Gen 9] Random Battle", "players": ["p0x26457049", "p0y264521e7"], "log": "|init|battle\n|title|p0x26457049 vs. p0y264521e7\n|j|\u2606p0x26457049\n|j|\u2606p0y264521e7\n|t:|1783569511\n|gametype|singles\n|player|p1|p0x26457049|170|\n|player|p2|p0y264521e7|102|\n|gen|9\n|tier|[Gen 9] Random Battle\n|rule|Species Clause: Limit one of each Pok\u00e9mon\n|rule|HP Percentage Mod: HP is shown in percentages\n|rule|Sleep Clause Mod: Limit one foe put to sleep\n|rule|Illusion Level Mod: Illusion disguises the Pok\u00e9mon's true level\n|\n|t:|1783569511\n|teamsize|p1|6\n|teamsize|p2|6\n|start\n|switch|p1a: Clawitzer|Clawitzer, L87, M|100/100\n|switch|p2a: Gouging Fire|Gouging Fire, L74|277/277\n|turn|1\n|inactive|Battle timer is ON: inactive players will automatically lose when time's up. (requested by p0x26457049)\n|inactive|Time left: 300 sec this turn | 300 sec total | 60 sec grace\n|inactive|p0y264521e7 also wants the timer to be on.\n|\n|t:|1783569513\n|move|p2a: Gouging Fire|Outrage|p1a: Clawitzer\n|-crit|p1a: Clawitzer\n|-damage|p1a: Clawitzer|38/100\n|move|p1a: Clawitzer|Water Pulse|p2a: Gouging Fire\n|-damage|p2a: Gouging Fire|138/277\n|-start|p2a: Gouging Fire|confusion\n|\n|upkeep\n|turn|2\n|inactive|Time left: 300 sec this turn | 300 sec total\n|\n|t:|1783569514\n|switch|p1a: Whimsicott|Whimsicott, L84, F|100/100\n|-activate|p2a: Gouging Fire|confusion\n|move|p2a: Gouging Fire|Outrage|p1a: Whimsicott|[from] lockedmove\n|-immune|p1a: Whimsicott\n|\n|upkeep\n|turn|3\n|inactive|Time left: 300 sec this turn | 300 sec total\n|\n|t:|1783569515\n|move|p1a: Whimsicott|Moonblast|p2a: Gouging Fire\n|-damage|p2a: Gouging Fire|38/277\n|-unboost|p2a: Gouging Fire|spa|1\n|-activate|p2a: Gouging Fire|confusion\n|-damage|p2a: Gouging Fire|14/277|[from] confusion\n|\n|upkeep\n|turn|4\n|inactive|Time left: 300 sec this turn | 300 sec total\n|\n|t:|1783569517\n|move|p1a: Whimsicott|Substitute|p1a: Whimsicott\n|-start|p1a: Whimsicott|Substitute\n|-damage|p1a: Whimsicott|76/100\n|-activate|p2a: Gouging Fire|confusion\n|-damage|p2a: Gouging Fire|0 fnt|[from] confusion\n|faint|p2a: Gouging Fire\n|-end|p2a: Gouging Fire|Protosynthesis|[silent]\n|\n|-heal|p1a: Whimsicott|82/100|[from] item: Leftovers\n|upkeep\n|inactive|Time left: 300 sec this turn | 300 sec total | 5 sec grace\n|\n|t:|1783569517\n|switch|p2a: Rhyperior|Rhyperior, L82, M|323/323\n|turn|5\n|inactive|Time left: 300 sec this turn | 300 sec total\n|\n|t:|1783569519\n|move|p1a: Whimsicott|Moonblast|p2a: Rhyperior\n|-damage|p2a: Rhyperior|248/323\n|move|p2a: Rhyperior|Earthquake|p1a: Whimsicott\n|-resisted|p1a: Whimsicott\n|-end|p1a: Whimsicott|Substitute\n|\n|-heal|p1a: Whimsicott|87/100|[from] item: Leftovers\n|upkeep\n|turn|6\n|inactive|Time left: 300 sec this turn | 300 sec total\n|\n|t:|1783569520\n|move|p1a: Whimsicott|Moonblast|p2a: Rhyperior\n|-damage|p2a: Rhyperior|166/323\n|-unboost|p2a: Rhyperior|spa|1\n|move|p2a: Rhyperior|Stone Edge|p1a: Whimsicott\n|-damage|p1a: Whimsicott|33/100\n|\n|-heal|p1a: Whimsicott|39/100|[from] item: Leftovers\n|upkeep\n|turn|7\n|inactive|Time left: 300 sec this turn | 300 sec total\n|\n|t:|1783569521\n|move|p1a: Whimsicott|Moonblast|p2a: Rhyperior\n|-damage|p2a: Rhyperior|87/323\n|move|p2a: Rhyperior|Stone Edge|p1a: Whimsicott\n|-damage|p1a: Whimsicott|0 fnt\n|faint|p1a: Whimsicott\n|\n|upkeep\n|\n|t:|1783569522\n|switch|p1a: Gothitelle|Gothitelle, L90, F|100/100\n|turn|8\n|inactive|Time left: 300 sec this turn | 300 sec total\n|\n|t:|1783569523\n|move|p1a: Gothitelle|Psychic|p2a: Rhyperior\n|-damage|p2a: Rhyperior|0 fnt\n|faint|p2a: Rhyperior\n|\n|upkeep\n|inactive|Time left: 300 sec this turn | 300 sec total | 5 sec grace\n|\n|t:|1783569524\n|switch|p2a: Iron Treads|Iron Treads, L77|265/265\n|turn|9\n|inactive|Time left: 300 sec this turn | 300 sec total\n|\n|t:|1783569525\n|switch|p1a: Giratina|Giratina-Origin, L72|100/100\n|move|p2a: Iron Treads|Knock Off|p1a: Giratina\n|-supereffective|p1a: Giratina\n|-damage|p1a: Giratina|74/100\n|\n|upkeep\n|turn|10\n|inactive|Time left: 300 sec this turn | 300 sec total\n|\n|t:|1783569526\n|move|p2a: Iron Treads|Knock Off|p1a: Giratina\n|-supereffective|p1a: Giratina\n|-damage|p1a: Giratina|45/100\n|move|p1a: Giratina|Will-O-Wisp|p2a: Iron Treads\n|-status|p2a: Iron Treads|brn\n|\n|-damage|p2a: Iron Treads|249/265 brn|[from] brn\n|upkeep\n|turn|11\n|inactive|Time left: 300 sec this turn | 300 sec total\n|\n|t:|1783569527\n|move|p2a: Iron Treads|Knock Off|p1a: Giratina\n|-supereffective|p1a: Giratina\n|-damage|p1a: Giratina|32/100\n|move|p1a: Giratina|Poltergeist|p2a: Iron Treads\n|-activate|p2a: Iron Treads|move: Poltergeist|Assault Vest\n|-damage|p2a: Iron Treads|153/265 brn\n|\n|-damage|p2a: Iron Treads|137/265 brn|[from] brn\n|upkeep\n|turn|12\n|inactive|Time left: 300 sec this turn | 300 sec total\n|\n|t:|1783569528\n|move|p2a: Iron Treads|Knock Off|p1a: Giratina\n|-supereffective|p1a: Giratina\n|-damage|p1a: Giratina|19/100\n|move|p1a: Giratina|Poltergeist|p2a: Iron Treads\n|-activate|p2a: Iron Treads|move: Poltergeist|Assault Vest\n|-damage|p2a: Iron Treads|32/265 brn\n|\n|-damage|p2a: Iron Treads|16/265 brn|[from] brn\n|upkeep\n|turn|13\n|inactive|Time left: 300 sec this turn | 300 sec total\n|\n|t:|1783569530\n|move|p1a: Giratina|Shadow Sneak|p2a: Iron Treads\n|-damage|p2a: Iron Treads|0 fnt\n|faint|p2a: Iron Treads\n|-end|p2a: Iron Treads|Quark Drive|[silent]\n|\n|upkeep\n|inactive|Time left: 300 sec this turn | 300 sec total | 5 sec grace\n|\n|t:|1783569530\n|switch|p2a: Samurott|Samurott, L88, F|310/310\n|turn|14\n|inactive|Time left: 300 sec this turn | 300 sec total\n|\n|t:|1783569531\n|switch|p1a: Torkoal|Torkoal, L88, M|100/100\n|-weather|SunnyDay|[from] ability: Drought|[of] p1a: Torkoal\n|move|p2a: Samurott|Ice Beam|p1a: Torkoal\n|-resisted|p1a: Torkoal\n|-damage|p1a: Torkoal|85/100\n|\n|-weather|SunnyDay|[upkeep]\n|upkeep\n|turn|15\n|inactive|Time left: 300 sec this turn | 300 sec total\n|\n|t:|1783569532\n|move|p2a: Samurott|Hydro Pump|p1a: Torkoal\n|-supereffective|p1a: Torkoal\n|-damage|p1a: Torkoal|26/100\n|move|p1a: Torkoal|Fire Blast|p2a: Samurott\n|-resisted|p2a: Samurott\n|-damage|p2a: Samurott|241/310\n|\n|-weather|SunnyDay|[upkeep]\n|upkeep\n|turn|16\n|inactive|Time left: 300 sec this turn | 300 sec total\n|\n|t:|1783569534\n|move|p2a: Samurott|Hydro Pump|p1a: Torkoal\n|-supereffective|p1a: Torkoal\n|-damage|p1a: Torkoal|0 fnt\n|faint|p1a: Torkoal\n|\n|-weather|SunnyDay|[upkeep]\n|upkeep\n|\n|t:|1783569535\n|switch|p1a: Ursaring|Ursaring, L84, F|100/100\n|turn|17\n|inactive|Time left: 300 sec this turn | 300 sec total\n|\n|t:|1783569536\n|move|p2a: Samurott|Grass Knot|p1a: Ursaring\n|-damage|p1a: Ursaring|69/100\n|move|p1a: Ursaring|Swords Dance|p1a: Ursaring\n|-boost|p1a: Ursaring|atk|2\n|\n|-weather|SunnyDay|[upkeep]\n|-status|p1a: Ursaring|tox|[from] item: Toxic Orb\n|upkeep\n|turn|18\n|inactive|Time left: 300 sec this turn | 300 sec total\n|\n|t:|1783569536\n|move|p1a: Ursaring|Facade|p2a: Samurott\n|-damage|p2a: Samurott|0 fnt\n|faint|p2a: Samurott\n|\n|-weather|none\n|-damage|p1a: Ursaring|62/100 tox|[from] psn\n|upkeep\n|inactive|Time left: 300 sec this turn | 300 sec total | 5 sec grace\n|\n|t:|1783569537\n|switch|p2a: Keldeo|Keldeo-Resolute, L79|273/273\n|turn|19\n|inactive|Time left: 300 sec this turn | 300 sec total\n|\n|t:|1783569538\n|switch|p1a: Gothitelle|Gothitelle, L90, F|100/100\n|move|p2a: Keldeo|Secret Sword|p1a: Gothitelle\n|-resisted|p1a: Gothitelle\n|-damage|p1a: Gothitelle|85/100\n|\n|upkeep\n|turn|20\n|inactive|Time left: 300 sec this turn | 300 sec total\n|\n|t:|1783569539\n|move|p2a: Keldeo|Secret Sword|p1a: Gothitelle\n|-resisted|p1a: Gothitelle\n|-damage|p1a: Gothitelle|69/100\n|move|p1a: Gothitelle|Psychic|p2a: Keldeo\n|-supereffective|p2a: Keldeo\n|-damage|p2a: Keldeo|55/273\n|\n|upkeep\n|turn|21\n|inactive|Time left: 300 sec this turn | 300 sec total\n|\n|t:|1783569540\n|move|p2a: Keldeo|Secret Sword|p1a: Gothitelle\n|-resisted|p1a: Gothitelle\n|-damage|p1a: Gothitelle|54/100\n|move|p1a: Gothitelle|Psychic|p2a: Keldeo\n|-supereffective|p2a: Keldeo\n|-damage|p2a: Keldeo|0 fnt\n|faint|p2a: Keldeo\n|\n|upkeep\n|inactive|Time left: 300 sec this turn | 300 sec total | 5 sec grace\n|\n|t:|1783569541\n|switch|p2a: Dipplin|Dipplin, L88, M|284/284\n|turn|22\n|inactive|Time left: 300 sec this turn | 300 sec total\n|\n|t:|1783569541\n|move|p1a: Gothitelle|Psychic|p2a: Dipplin\n|-damage|p2a: Dipplin|203/284\n|move|p2a: Dipplin|Giga Drain|p1a: Gothitelle\n|-damage|p1a: Gothitelle|27/100\n|-heal|p2a: Dipplin|239/284|[from] drain|[of] p1a: Gothitelle\n|\n|upkeep\n|turn|23\n|inactive|Time left: 300 sec this turn | 300 sec total\n|\n|t:|1783569542\n|move|p1a: Gothitelle|Psychic|p2a: Dipplin\n|-damage|p2a: Dipplin|160/284\n|move|p2a: Dipplin|Giga Drain|p1a: Gothitelle\n|-damage|p1a: Gothitelle|4/100\n|-heal|p2a: Dipplin|192/284|[from] drain|[of] p1a: Gothitelle\n|\n|upkeep\n|turn|24\n|inactive|Time left: 300 sec this turn | 300 sec total\n|\n|t:|1783569543\n|move|p1a: Gothitelle|Psychic|p2a: Dipplin\n|-damage|p2a: Dipplin|117/284\n|-unboost|p2a: Dipplin|spd|1\n|move|p2a: Dipplin|Recover|p2a: Dipplin\n|-heal|p2a: Dipplin|259/284\n|\n|upkeep\n|turn|25\n|inactive|Time left: 300 sec this turn | 300 sec total\n|\n|t:|1783569544\n|-terastallize|p2a: Dipplin|Steel\n|move|p1a: Gothitelle|Psychic|p2a: Dipplin\n|-resisted|p2a: Dipplin\n|-crit|p2a: Dipplin\n|-damage|p2a: Dipplin|178/284\n|move|p2a: Dipplin|Giga Drain|p1a: Gothitelle\n|-damage|p1a: Gothitelle|0 fnt\n|-heal|p2a: Dipplin|183/284|[from] drain|[of] p1a: Gothitelle\n|faint|p1a: Gothitelle\n|\n|upkeep\n|\n|t:|1783569545\n|switch|p1a: Clawitzer|Clawitzer, L87, M|38/100\n|turn|26\n|inactive|Time left: 300 sec this turn | 300 sec total\n|\n|t:|1783569546\n|move|p1a: Clawitzer|Aura Sphere|p2a: Dipplin\n|-supereffective|p2a: Dipplin\n|-damage|p2a: Dipplin|0 fnt\n|faint|p2a: Dipplin\n|\n|win|p0x26457049", "uploadtime": 1783569546, "views": 0, "rating": 0, "private": 0, "password": null, "_winner": "p0x26457049", "_our_name": "p0y264521e7"}