{"id": "battle-gen9randombattle-1769", "formatid": "gen9randombattle", "format": "[Gen 9] Random Battle", "players": ["p0x17692e8f", "p0y1769429f"], "log": "|init|battle\n|title|p0x17692e8f vs. p0y1769429f\n|j|\u2606p0x17692e8f\n|j|\u2606p0y1769429f\n|t:|1783560483\n|gametype|singles\n|player|p1|p0x17692e8f|169|\n|player|p2|p0y1769429f|102|\n|gen|9\n|tier|[Gen 9] Random Battle\n|rule|Species Clause: Limit one of each Pok\u00e9mon\n|rule|HP Percentage Mod: HP is shown in percentages\n|rule|Sleep Clause Mod: Limit one foe put to sleep\n|rule|Illusion Level Mod: Illusion disguises the Pok\u00e9mon's true level\n|\n|t:|1783560483\n|teamsize|p1|6\n|teamsize|p2|6\n|start\n|switch|p1a: Kingdra|Kingdra, L84, M|263/263\n|switch|p2a: Garchomp|Garchomp, L74, M|100/100\n|turn|1\n|inactive|Battle timer is ON: inactive players will automatically lose when time's up. (requested by p0x17692e8f)\n|inactive|p0y1769429f also wants the timer to be on.\n|\n|t:|1783560484\n|move|p2a: Garchomp|Scale Shot|p1a: Kingdra\n|-supereffective|p1a: Kingdra\n|-damage|p1a: Kingdra|213/263\n|-supereffective|p1a: Kingdra\n|-damage|p1a: Kingdra|157/263\n|-supereffective|p1a: Kingdra\n|-damage|p1a: Kingdra|103/263\n|-supereffective|p1a: Kingdra\n|-damage|p1a: Kingdra|49/263\n|-hitcount|p1a: Kingdra|4\n|-unboost|p2a: Garchomp|def|1\n|-boost|p2a: Garchomp|spe|1\n|move|p1a: Kingdra|Outrage|p2a: Garchomp\n|-supereffective|p2a: Garchomp\n|-damage|p2a: Garchomp|0 fnt\n|-damage|p1a: Kingdra|17/263|[from] ability: Rough Skin|[of] p2a: Garchomp\n|faint|p2a: Garchomp\n|\n|upkeep\n|\n|t:|1783560485\n|switch|p2a: Volcarona|Volcarona, L77, F|100/100\n|turn|2\n|inactive|Time left: 300 sec this turn | 300 sec total\n|\n|t:|1783560486\n|move|p2a: Volcarona|Tera Blast|p1a: Kingdra\n|-damage|p1a: Kingdra|0 fnt\n|faint|p1a: Kingdra\n|\n|upkeep\n|inactive|Time left: 300 sec this turn | 300 sec total | 5 sec grace\n|\n|t:|1783560487\n|switch|p1a: Regieleki|Regieleki, L79|256/256\n|turn|3\n|inactive|Time left: 300 sec this turn | 300 sec total\n|\n|t:|1783560488\n|move|p1a: Regieleki|Thunderbolt|p2a: Volcarona\n|-damage|p2a: Volcarona|48/100\n|move|p2a: Volcarona|Quiver Dance|p2a: Volcarona\n|-boost|p2a: Volcarona|spa|1\n|-boost|p2a: Volcarona|spd|1\n|-boost|p2a: Volcarona|spe|1\n|\n|upkeep\n|turn|4\n|inactive|Time left: 300 sec this turn | 300 sec total\n|\n|t:|1783560488\n|move|p1a: Regieleki|Explosion|p2a: Volcarona\n|-damage|p2a: Volcarona|0 fnt\n|faint|p1a: Regieleki\n|faint|p2a: Volcarona\n|\n|upkeep\n|inactive|Time left: 300 sec this turn | 300 sec total | 5 sec grace\n|\n|t:|1783560489\n|switch|p1a: Ninetales|Ninetales, L85, M|263/263\n|switch|p2a: Tyranitar|Tyranitar, L78, M|100/100\n|-weather|SunnyDay|[from] ability: Drought|[of] p1a: Ninetales\n|-weather|Sandstorm|[from] ability: Sand Stream|[of] p2a: Tyranitar\n|turn|5\n|inactive|Time left: 300 sec this turn | 300 sec total\n|\n|t:|1783560490\n|switch|p1a: Pawmot|Pawmot, L80, F|243/243\n|move|p2a: Tyranitar|Stone Edge|p1a: Pawmot\n|-resisted|p1a: Pawmot\n|-damage|p1a: Pawmot|166/243\n|\n|-weather|Sandstorm|[upkeep]\n|-damage|p1a: Pawmot|151/243|[from] Sandstorm\n|upkeep\n|turn|6\n|inactive|Time left: 300 sec this turn | 300 sec total\n|\n|t:|1783560491\n|-terastallize|p2a: Tyranitar|Ghost\n|move|p1a: Pawmot|Close Combat|p2a: Tyranitar\n|-immune|p2a: Tyranitar\n|move|p2a: Tyranitar|Knock Off|p1a: Pawmot\n|-resisted|p1a: Pawmot\n|-damage|p1a: Pawmot|82/243\n|-enditem|p1a: Pawmot|Leppa Berry|[from] move: Knock Off|[of] p2a: Tyranitar\n|\n|-weather|Sandstorm|[upkeep]\n|-damage|p1a: Pawmot|67/243|[from] Sandstorm\n|-damage|p2a: Tyranitar|95/100|[from] Sandstorm\n|upkeep\n|turn|7\n|inactive|Time left: 300 sec this turn | 300 sec total\n|\n|t:|1783560491\n|move|p1a: Pawmot|Nuzzle|p2a: Tyranitar\n|-damage|p2a: Tyranitar|87/100\n|-status|p2a: Tyranitar|par\n|cant|p2a: Tyranitar|par\n|\n|-weather|Sandstorm|[upkeep]\n|-damage|p1a: Pawmot|52/243|[from] Sandstorm\n|-damage|p2a: Tyranitar|81/100 par|[from] Sandstorm\n|upkeep\n|turn|8\n|inactive|Time left: 300 sec this turn | 300 sec total\n|\n|t:|1783560492\n|move|p1a: Pawmot|Double Shock|p2a: Tyranitar\n|-damage|p2a: Tyranitar|37/100 par\n|-start|p1a: Pawmot|typechange|???/Fighting|[from] move: Double Shock\n|move|p2a: Tyranitar|Dragon Dance|p2a: Tyranitar\n|-boost|p2a: Tyranitar|atk|1\n|-boost|p2a: Tyranitar|spe|1\n|\n|-weather|Sandstorm|[upkeep]\n|-damage|p1a: Pawmot|37/243|[from] Sandstorm\n|-damage|p2a: Tyranitar|31/100 par|[from] Sandstorm\n|upkeep\n|turn|9\n|inactive|Time left: 300 sec this turn | 300 sec total\n|\n|t:|1783560493\n|-terastallize|p1a: Pawmot|Electric\n|move|p1a: Pawmot|Double Shock|p2a: Tyranitar\n|-damage|p2a: Tyranitar|0 fnt\n|-start|p1a: Pawmot|typechange|Electric|[from] move: Double Shock\n|faint|p2a: Tyranitar\n|\n|-weather|none\n|upkeep\n|\n|t:|1783560494\n|switch|p2a: Zebstrika|Zebstrika, L87, M|100/100\n|turn|10\n|inactive|Time left: 300 sec this turn | 300 sec total\n|\n|t:|1783560494\n|move|p2a: Zebstrika|High Horsepower|p1a: Pawmot\n|-supereffective|p1a: Pawmot\n|-damage|p1a: Pawmot|0 fnt\n|faint|p1a: Pawmot\n|-damage|p2a: Zebstrika|91/100|[from] item: Life Orb\n|\n|upkeep\n|inactive|Time left: 300 sec this turn | 300 sec total | 5 sec grace\n|\n|t:|1783560495\n|switch|p1a: Uxie|Uxie, L83|260/260\n|turn|11\n|inactive|Time left: 300 sec this turn | 300 sec total\n|\n|t:|1783560496\n|move|p2a: Zebstrika|Volt Switch|p1a: Uxie\n|-damage|p1a: Uxie|192/260\n|-damage|p2a: Zebstrika|81/100|[from] item: Life Orb\n|\n|t:|1783560497\n|switch|p2a: Scizor|Scizor, L79, F|100/100|[from] Volt Switch\n|move|p1a: Uxie|Stealth Rock|p2a: Scizor\n|-sidestart|p2: p0y1769429f|move: Stealth Rock\n|\n|-heal|p1a: Uxie|208/260|[from] item: Leftovers\n|upkeep\n|turn|12\n|inactive|Time left: 300 sec this turn | 300 sec total\n|\n|t:|1783560498\n|switch|p1a: Ninetales|Ninetales, L85, M|263/263\n|-weather|SunnyDay|[from] ability: Drought|[of] p1a: Ninetales\n|move|p2a: Scizor|Knock Off|p1a: Ninetales\n|-damage|p1a: Ninetales|159/263\n|-enditem|p1a: Ninetales|Heavy-Duty Boots|[from] move: Knock Off|[of] p2a: Scizor\n|-damage|p2a: Scizor|90/100|[from] item: Life Orb\n|\n|-weather|SunnyDay|[upkeep]\n|upkeep\n|turn|13\n|inactive|Time left: 300 sec this turn | 300 sec total\n|\n|t:|1783560499\n|switch|p2a: Hitmontop|Hitmontop, L88, M|100/100\n|-damage|p2a: Hitmontop|94/100|[from] Stealth Rock\n|-ability|p2a: Hitmontop|Intimidate|boost\n|-unboost|p1a: Ninetales|atk|1\n|move|p1a: Ninetales|Fire Blast|p2a: Hitmontop\n|-damage|p2a: Hitmontop|58/100\n|\n|-weather|SunnyDay|[upkeep]\n|upkeep\n|turn|14\n|inactive|Time left: 300 sec this turn | 300 sec total\n|\n|t:|1783560500\n|switch|p1a: Uxie|Uxie, L83|208/260\n|move|p2a: Hitmontop|Rapid Spin|p1a: Uxie\n|-damage|p1a: Uxie|181/260\n|-boost|p2a: Hitmontop|spe|1\n|-sideend|p2: p0y1769429f|Stealth Rock|[from] move: Rapid Spin|[of] p2a: Hitmontop\n|\n|-weather|SunnyDay|[upkeep]\n|-heal|p1a: Uxie|197/260|[from] item: Leftovers\n|upkeep\n|turn|15\n|inactive|Time left: 300 sec this turn | 300 sec total\n|\n|t:|1783560501\n|switch|p2a: Scizor|Scizor, L79, F|90/100\n|move|p1a: Uxie|Psychic Noise|p2a: Scizor\n|-resisted|p2a: Scizor\n|-damage|p2a: Scizor|75/100\n|-start|p2a: Scizor|move: Heal Block\n|\n|-weather|SunnyDay|[upkeep]\n|-heal|p1a: Uxie|213/260|[from] item: Leftovers\n|upkeep\n|turn|16\n|inactive|Time left: 300 sec this turn | 300 sec total\n|\n|t:|1783560502\n|move|p1a: Uxie|U-turn|p2a: Scizor\n|-resisted|p2a: Scizor\n|-damage|p2a: Scizor|66/100\n|inactive|Time left: 300 sec this turn | 300 sec total | 5 sec grace\n|\n|t:|1783560503\n|switch|p1a: Ninetales|Ninetales, L85, M|159/263|[from] U-turn\n|move|p2a: Scizor|Knock Off|p1a: Ninetales\n|-damage|p1a: Ninetales|89/263\n|-damage|p2a: Scizor|56/100|[from] item: Life Orb\n|\n|-weather|none\n|-end|p2a: Scizor|move: Heal Block\n|upkeep\n|turn|17\n|inactive|Time left: 300 sec this turn | 300 sec total\n|\n|t:|1783560504\n|switch|p2a: Hitmontop|Hitmontop, L88, M|58/100\n|-ability|p2a: Hitmontop|Intimidate|boost\n|-unboost|p1a: Ninetales|atk|1\n|move|p1a: Ninetales|Fire Blast|p2a: Hitmontop\n|-damage|p2a: Hitmontop|34/100\n|\n|upkeep\n|turn|18\n|inactive|Time left: 300 sec this turn | 300 sec total\n|\n|t:|1783560505\n|switch|p1a: Uxie|Uxie, L83|213/260\n|move|p2a: Hitmontop|Rapid Spin|p1a: Uxie\n|-damage|p1a: Uxie|184/260\n|-boost|p2a: Hitmontop|spe|1\n|\n|-heal|p1a: Uxie|200/260|[from] item: Leftovers\n|upkeep\n|turn|19\n|inactive|Time left: 300 sec this turn | 300 sec total\n|\n|t:|1783560506\n|switch|p2a: Scizor|Scizor, L79, F|56/100\n|move|p1a: Uxie|Psychic Noise|p2a: Scizor\n|-resisted|p2a: Scizor\n|-damage|p2a: Scizor|40/100\n|-start|p2a: Scizor|move: Heal Block\n|\n|-heal|p1a: Uxie|216/260|[from] item: Leftovers\n|upkeep\n|turn|20\n|inactive|Time left: 300 sec this turn | 300 sec total\n|\n|t:|1783560507\n|move|p1a: Uxie|U-turn|p2a: Scizor\n|-resisted|p2a: Scizor\n|-damage|p2a: Scizor|32/100\n|inactive|Time left: 300 sec this turn | 300 sec total | 5 sec grace\n|\n|t:|1783560507\n|switch|p1a: Ninetales|Ninetales, L85, M|89/263|[from] U-turn\n|-weather|SunnyDay|[from] ability: Drought|[of] p1a: Ninetales\n|move|p2a: Scizor|Swords Dance|p2a: Scizor\n|-boost|p2a: Scizor|atk|2\n|\n|-weather|SunnyDay|[upkeep]\n|-end|p2a: Scizor|move: Heal Block\n|upkeep\n|turn|21\n|inactive|Time left: 300 sec this turn | 300 sec total\n|\n|t:|1783560508\n|move|p2a: Scizor|Bullet Punch|p1a: Ninetales\n|-resisted|p1a: Ninetales\n|-damage|p1a: Ninetales|0 fnt\n|faint|p1a: Ninetales\n|-damage|p2a: Scizor|22/100|[from] item: Life Orb\n|\n|-weather|SunnyDay|[upkeep]\n|upkeep\n|inactive|Time left: 300 sec this turn | 300 sec total | 5 sec grace\n|\n|t:|1783560509\n|switch|p1a: Umbreon|Umbreon, L84, M|297/297\n|turn|22\n|inactive|Time left: 300 sec this turn | 300 sec total\n|\n|t:|1783560510\n|move|p2a: Scizor|Bullet Punch|p1a: Umbreon\n|-damage|p1a: Umbreon|137/297\n|-damage|p2a: Scizor|12/100|[from] item: Life Orb\n|move|p1a: Umbreon|Foul Play|p2a: Scizor\n|-damage|p2a: Scizor|0 fnt\n|faint|p2a: Scizor\n|\n|-weather|SunnyDay|[upkeep]\n|-heal|p1a: Umbreon|155/297|[from] item: Leftovers\n|upkeep\n|\n|t:|1783560511\n|switch|p2a: Hitmontop|Hitmontop, L88, M|34/100\n|-ability|p2a: Hitmontop|Intimidate|boost\n|-unboost|p1a: Umbreon|atk|1\n|turn|23\n|inactive|Time left: 300 sec this turn | 300 sec total\n|\n|t:|1783560511\n|switch|p1a: Uxie|Uxie, L83|216/260\n|move|p2a: Hitmontop|Close Combat|p1a: Uxie\n|-resisted|p1a: Uxie\n|-damage|p1a: Uxie|162/260\n|-unboost|p2a: Hitmontop|def|1\n|-unboost|p2a: Hitmontop|spd|1\n|\n|-weather|SunnyDay|[upkeep]\n|-heal|p1a: Uxie|178/260|[from] item: Leftovers\n|upkeep\n|turn|24\n|inactive|Time left: 300 sec this turn | 300 sec total\n|\n|t:|1783560513\n|switch|p2a: Zebstrika|Zebstrika, L87, M|81/100\n|move|p1a: Uxie|Psychic Noise|p2a: Zebstrika\n|-damage|p2a: Zebstrika|53/100\n|-start|p2a: Zebstrika|move: Heal Block\n|\n|-weather|none\n|-heal|p1a: Uxie|194/260|[from] item: Leftovers\n|upkeep\n|turn|25\n|inactive|Time left: 300 sec this turn | 300 sec total\n|\n|t:|1783560513\n|move|p2a: Zebstrika|Supercell Slam|p1a: Uxie\n|-damage|p1a: Uxie|80/260\n|-damage|p2a: Zebstrika|43/100|[from] item: Life Orb\n|move|p1a: Uxie|Knock Off|p2a: Zebstrika\n|-damage|p2a: Zebstrika|20/100\n|-enditem|p2a: Zebstrika|Life Orb|[from] move: Knock Off|[of] p1a: Uxie\n|\n|-heal|p1a: Uxie|96/260|[from] item: Leftovers\n|-end|p2a: Zebstrika|move: Heal Block\n|upkeep\n|turn|26\n|inactive|Time left: 300 sec this turn | 300 sec total\n|\n|t:|1783560515\n|move|p2a: Zebstrika|Supercell Slam|p1a: Uxie\n|-damage|p1a: Uxie|15/260\n|move|p1a: Uxie|U-turn|p2a: Zebstrika\n|-damage|p2a: Zebstrika|0 fnt\n|faint|p2a: Zebstrika\n|inactive|Time left: 300 sec this turn | 300 sec total | 5 sec grace\n|\n|t:|1783560515\n|switch|p1a: Umbreon|Umbreon, L84, M|155/297|[from] U-turn\n|\n|-heal|p1a: Umbreon|173/297|[from] item: Leftovers\n|upkeep\n|\n|t:|1783560516\n|switch|p2a: Hitmontop|Hitmontop, L88, M|34/100\n|-ability|p2a: Hitmontop|Intimidate|boost\n|-unboost|p1a: Umbreon|atk|1\n|turn|27\n|inactive|Time left: 300 sec this turn | 300 sec total\n|\n|t:|1783560517\n|move|p1a: Umbreon|Protect|p1a: Umbreon\n|-singleturn|p1a: Umbreon|Protect\n|move|p2a: Hitmontop|Close Combat|p1a: Umbreon\n|-activate|p1a: Umbreon|move: Protect\n|\n|-heal|p1a: Umbreon|191/297|[from] item: Leftovers\n|upkeep\n|turn|28\n|inactive|Time left: 300 sec this turn | 300 sec total\n|\n|t:|1783560518\n|move|p1a: Umbreon|Protect||[still]\n|-fail|p1a: Umbreon\n|move|p2a: Hitmontop|Close Combat|p1a: Umbreon\n|-supereffective|p1a: Umbreon\n|-damage|p1a: Umbreon|0 fnt\n|-unboost|p2a: Hitmontop|def|1\n|-unboost|p2a: Hitmontop|spd|1\n|faint|p1a: Umbreon\n|\n|upkeep\n|inactive|Time left: 300 sec this turn | 300 sec total | 5 sec grace\n|\n|t:|1783560519\n|switch|p1a: Uxie|Uxie, L83|15/260\n|turn|29\n|inactive|Time left: 300 sec this turn | 300 sec total\n|\n|t:|1783560519\n|move|p2a: Hitmontop|Sucker Punch||[still]\n|-fail|p2a: Hitmontop\n|move|p1a: Uxie|Stealth Rock|p2a: Hitmontop\n|-sidestart|p2: p0y1769429f|move: Stealth Rock\n|\n|-heal|p1a: Uxie|31/260|[from] item: Leftovers\n|upkeep\n|turn|30\n|inactive|Time left: 300 sec this turn | 300 sec total\n|\n|t:|1783560520\n|move|p2a: Hitmontop|Sucker Punch||[still]\n|-fail|p2a: Hitmontop\n|move|p1a: Uxie|Stealth Rock||[still]\n|-fail|p1a: Uxie\n|\n|-heal|p1a: Uxie|47/260|[from] item: Leftovers\n|upkeep\n|turn|31\n|inactive|Time left: 300 sec this turn | 300 sec total\n|\n|t:|1783560521\n|move|p2a: Hitmontop|Sucker Punch||[still]\n|-fail|p2a: Hitmontop\n|move|p1a: Uxie|Stealth Rock||[still]\n|-fail|p1a: Uxie\n|\n|-heal|p1a: Uxie|63/260|[from] item: Leftovers\n|upkeep\n|turn|32\n|inactive|Time left: 300 sec this turn | 300 sec total\n|\n|t:|1783560522\n|move|p2a: Hitmontop|Sucker Punch||[still]\n|-fail|p2a: Hitmontop\n|move|p1a: Uxie|Stealth Rock||[still]\n|-fail|p1a: Uxie\n|\n|-heal|p1a: Uxie|79/260|[from] item: Leftovers\n|upkeep\n|turn|33\n|inactive|Time left: 300 sec this turn | 300 sec total\n|\n|t:|1783560523\n|move|p2a: Hitmontop|Sucker Punch|p1a: Uxie\n|-supereffective|p1a: Uxie\n|-damage|p1a: Uxie|0 fnt\n|faint|p1a: Uxie\n|\n|win|p0y1769429f", "uploadtime": 1783560523, "views": 0, "rating": 0, "private": 0, "password": null, "_winner": "p0y1769429f", "_our_name": "p0x17692e8f"}