{"id": "battle-gen9randombattle-980", "formatid": "gen9randombattle", "format": "[Gen 9] Random Battle", "players": ["p0x980b6b7", "p0y9807472"], "log": "|init|battle\n|title|p0x980b6b7 vs. p0y9807472\n|j|\u2606p0x980b6b7\n|j|\u2606p0y9807472\n|t:|1783550513\n|gametype|singles\n|player|p1|p0x980b6b7|169|\n|player|p2|p0y9807472|266|\n|gen|9\n|tier|[Gen 9] Random Battle\n|rule|Species Clause: Limit one of each Pok\u00e9mon\n|rule|HP Percentage Mod: HP is shown in percentages\n|rule|Sleep Clause Mod: Limit one foe put to sleep\n|rule|Illusion Level Mod: Illusion disguises the Pok\u00e9mon's true level\n|\n|t:|1783550513\n|teamsize|p1|6\n|teamsize|p2|6\n|start\n|switch|p1a: Farigiraf|Farigiraf, L90, M|362/362\n|switch|p2a: Swalot|Swalot, L90, F|100/100\n|turn|1\n|inactive|Battle timer is ON: inactive players will automatically lose when time's up. (requested by p0x980b6b7)\n|inactive|p0y9807472 also wants the timer to be on.\n|\n|t:|1783550515\n|move|p1a: Farigiraf|Psychic Noise|p2a: Swalot\n|-supereffective|p2a: Swalot\n|-damage|p2a: Swalot|39/100\n|-start|p2a: Swalot|move: Heal Block\n|move|p2a: Swalot|Toxic|p1a: Farigiraf\n|-status|p1a: Farigiraf|tox\n|\n|-damage|p1a: Farigiraf|340/362 tox|[from] psn\n|upkeep\n|turn|2\n|inactive|Time left: 300 sec this turn | 300 sec total\n|\n|t:|1783550516\n|switch|p2a: Slaking|Slaking, L84, F|100/100\n|move|p1a: Farigiraf|Psychic Noise|p2a: Slaking\n|-damage|p2a: Slaking|70/100\n|-start|p2a: Slaking|move: Heal Block\n|\n|-heal|p1a: Farigiraf|362/362 tox|[from] item: Leftovers\n|-damage|p1a: Farigiraf|318/362 tox|[from] psn\n|upkeep\n|turn|3\n|inactive|Time left: 300 sec this turn | 300 sec total\n|\n|t:|1783550518\n|switch|p1a: Misdreavus|Misdreavus, L90, F|254/254\n|move|p2a: Slaking|Giga Impact|p1a: Misdreavus\n|-immune|p1a: Misdreavus\n|\n|-end|p2a: Slaking|move: Heal Block\n|upkeep\n|turn|4\n|inactive|Time left: 300 sec this turn | 300 sec total\n|\n|t:|1783550519\n|switch|p2a: Camerupt|Camerupt, L91, M|100/100\n|move|p1a: Misdreavus|Will-O-Wisp|p2a: Camerupt|[miss]\n|-miss|p1a: Misdreavus|p2a: Camerupt\n|\n|upkeep\n|turn|5\n|inactive|Time left: 300 sec this turn | 300 sec total\n|\n|t:|1783550520\n|move|p1a: Misdreavus|Shadow Ball|p2a: Camerupt\n|-damage|p2a: Camerupt|69/100\n|move|p2a: Camerupt|Stealth Rock|p1a: Misdreavus\n|-sidestart|p1: p0x980b6b7|move: Stealth Rock\n|\n|-heal|p2a: Camerupt|75/100|[from] item: Leftovers\n|upkeep\n|turn|6\n|inactive|Time left: 300 sec this turn | 300 sec total\n|\n|t:|1783550522\n|move|p1a: Misdreavus|Calm Mind|p1a: Misdreavus\n|-boost|p1a: Misdreavus|spa|1\n|-boost|p1a: Misdreavus|spd|1\n|move|p2a: Camerupt|Roar|p1a: Misdreavus\n|drag|p1a: Keldeo|Keldeo-Resolute, L79|273/273\n|-damage|p1a: Keldeo|256/273|[from] Stealth Rock\n|\n|-heal|p1a: Keldeo|273/273|[from] item: Leftovers\n|-heal|p2a: Camerupt|81/100|[from] item: Leftovers\n|upkeep\n|turn|7\n|inactive|Time left: 300 sec this turn | 300 sec total\n|\n|t:|1783550523\n|move|p1a: Keldeo|Surf|p2a: Camerupt\n|-supereffective|p2a: Camerupt\n|-damage|p2a: Camerupt|0 fnt\n|faint|p2a: Camerupt\n|\n|upkeep\n|\n|t:|1783550524\n|switch|p2a: Slaking|Slaking, L84, F|70/100\n|turn|8\n|inactive|Time left: 300 sec this turn | 300 sec total\n|\n|t:|1783550525\n|switch|p1a: Misdreavus|Misdreavus, L90, F|254/254\n|-damage|p1a: Misdreavus|223/254|[from] Stealth Rock\n|move|p2a: Slaking|Giga Impact|p1a: Misdreavus\n|-immune|p1a: Misdreavus\n|\n|upkeep\n|turn|9\n|inactive|Time left: 300 sec this turn | 300 sec total\n|\n|t:|1783550526\n|switch|p2a: Cryogonal|Cryogonal, L89|100/100\n|move|p1a: Misdreavus|Calm Mind|p1a: Misdreavus\n|-boost|p1a: Misdreavus|spa|1\n|-boost|p1a: Misdreavus|spd|1\n|\n|upkeep\n|turn|10\n|inactive|Time left: 300 sec this turn | 300 sec total\n|\n|t:|1783550527\n|move|p2a: Cryogonal|Ice Beam|p1a: Misdreavus\n|-damage|p1a: Misdreavus|177/254\n|move|p1a: Misdreavus|Shadow Ball|p2a: Cryogonal\n|-damage|p2a: Cryogonal|69/100\n|\n|upkeep\n|turn|11\n|inactive|Time left: 300 sec this turn | 300 sec total\n|\n|t:|1783550528\n|switch|p2a: Slaking|Slaking, L84, F|70/100\n|move|p1a: Misdreavus|Calm Mind|p1a: Misdreavus\n|-boost|p1a: Misdreavus|spa|1\n|-boost|p1a: Misdreavus|spd|1\n|\n|upkeep\n|turn|12\n|inactive|Time left: 300 sec this turn | 300 sec total\n|\n|t:|1783550529\n|-terastallize|p1a: Misdreavus|Fairy\n|move|p2a: Slaking|Knock Off|p1a: Misdreavus\n|-resisted|p1a: Misdreavus\n|-crit|p1a: Misdreavus\n|-damage|p1a: Misdreavus|86/254\n|-enditem|p1a: Misdreavus|Eviolite|[from] move: Knock Off|[of] p2a: Slaking\n|move|p1a: Misdreavus|Draining Kiss|p2a: Slaking\n|-damage|p2a: Slaking|24/100\n|-heal|p1a: Misdreavus|219/254|[from] drain|[of] p2a: Slaking\n|\n|upkeep\n|turn|13\n|inactive|Time left: 300 sec this turn | 300 sec total\n|\n|t:|1783550530\n|switch|p2a: Swalot|Swalot, L90, F|39/100\n|move|p1a: Misdreavus|Draining Kiss|p2a: Swalot\n|-resisted|p2a: Swalot\n|-damage|p2a: Swalot|20/100\n|-damage|p1a: Misdreavus|172/254|[from] ability: Liquid Ooze|[of] p2a: Swalot\n|\n|-heal|p2a: Swalot|26/100|[from] item: Leftovers\n|upkeep\n|turn|14\n|inactive|Time left: 300 sec this turn | 300 sec total\n|\n|t:|1783550531\n|move|p1a: Misdreavus|Shadow Ball|p2a: Swalot\n|-damage|p2a: Swalot|0 fnt\n|faint|p2a: Swalot\n|\n|upkeep\n|\n|t:|1783550532\n|switch|p2a: Slaking|Slaking, L84, F|24/100\n|turn|15\n|inactive|Time left: 300 sec this turn | 300 sec total\n|\n|t:|1783550533\n|switch|p1a: Ceruledge|Ceruledge, L78, F|245/245\n|move|p2a: Slaking|Giga Impact|p1a: Ceruledge\n|-immune|p1a: Ceruledge\n|\n|upkeep\n|turn|16\n|inactive|Time left: 300 sec this turn | 300 sec total\n|\n|t:|1783550534\n|switch|p2a: Flamigo|Flamigo, L82, M|100/100\n|move|p1a: Ceruledge|Swords Dance|p1a: Ceruledge\n|-boost|p1a: Ceruledge|atk|2\n|\n|upkeep\n|turn|17\n|inactive|Time left: 300 sec this turn | 300 sec total\n|\n|t:|1783550535\n|-terastallize|p2a: Flamigo|Fighting\n|move|p2a: Flamigo|Close Combat|p1a: Ceruledge\n|-damage|p1a: Ceruledge|0 fnt\n|-unboost|p2a: Flamigo|def|1\n|-unboost|p2a: Flamigo|spd|1\n|faint|p1a: Ceruledge\n|\n|upkeep\n|inactive|Time left: 300 sec this turn | 300 sec total | 5 sec grace\n|\n|t:|1783550536\n|switch|p1a: Kilowattrel|Kilowattrel, L83, M|252/252\n|turn|18\n|inactive|Time left: 300 sec this turn | 300 sec total\n|\n|t:|1783550537\n|switch|p2a: Cryogonal|Cryogonal, L89|69/100\n|move|p1a: Kilowattrel|Hurricane|p2a: Cryogonal\n|-damage|p2a: Cryogonal|38/100\n|\n|upkeep\n|turn|19\n|inactive|Time left: 300 sec this turn | 300 sec total\n|\n|t:|1783550537\n|switch|p1a: Keldeo|Keldeo-Resolute, L79|273/273\n|-damage|p1a: Keldeo|256/273|[from] Stealth Rock\n|move|p2a: Cryogonal|Ice Beam|p1a: Keldeo\n|-resisted|p1a: Keldeo\n|-crit|p1a: Keldeo\n|-damage|p1a: Keldeo|175/273\n|\n|-heal|p1a: Keldeo|192/273|[from] item: Leftovers\n|upkeep\n|turn|20\n|inactive|Time left: 300 sec this turn | 300 sec total\n|\n|t:|1783550538\n|switch|p2a: Dedenne|Dedenne, L88, M|100/100\n|move|p1a: Keldeo|Secret Sword|p2a: Dedenne\n|-resisted|p2a: Dedenne\n|-damage|p2a: Dedenne|78/100\n|\n|-heal|p1a: Keldeo|209/273|[from] item: Leftovers\n|upkeep\n|turn|21\n|inactive|Time left: 300 sec this turn | 300 sec total\n|\n|t:|1783550539\n|switch|p1a: Kilowattrel|Kilowattrel, L83, M|252/252\n|move|p2a: Dedenne|Dazzling Gleam|p1a: Kilowattrel\n|-damage|p1a: Kilowattrel|152/252\n|\n|upkeep\n|turn|22\n|inactive|Time left: 300 sec this turn | 300 sec total\n|\n|t:|1783550539\n|move|p1a: Kilowattrel|Roost|p1a: Kilowattrel\n|-heal|p1a: Kilowattrel|252/252\n|-singleturn|p1a: Kilowattrel|move: Roost\n|move|p2a: Dedenne|Dazzling Gleam|p1a: Kilowattrel\n|-damage|p1a: Kilowattrel|134/252\n|\n|upkeep\n|turn|23\n|inactive|Time left: 300 sec this turn | 300 sec total\n|\n|t:|1783550540\n|move|p1a: Kilowattrel|Roost|p1a: Kilowattrel\n|-heal|p1a: Kilowattrel|252/252\n|-singleturn|p1a: Kilowattrel|move: Roost\n|move|p2a: Dedenne|Dazzling Gleam|p1a: Kilowattrel\n|-damage|p1a: Kilowattrel|135/252\n|\n|upkeep\n|turn|24\n|inactive|Time left: 300 sec this turn | 300 sec total\n|\n|t:|1783550541\n|move|p1a: Kilowattrel|Roost|p1a: Kilowattrel\n|-heal|p1a: Kilowattrel|252/252\n|-singleturn|p1a: Kilowattrel|move: Roost\n|move|p2a: Dedenne|Dazzling Gleam|p1a: Kilowattrel\n|-damage|p1a: Kilowattrel|140/252\n|\n|upkeep\n|turn|25\n|inactive|Time left: 300 sec this turn | 300 sec total\n|\n|t:|1783550542\n|move|p1a: Kilowattrel|Roost|p1a: Kilowattrel\n|-heal|p1a: Kilowattrel|252/252\n|-singleturn|p1a: Kilowattrel|move: Roost\n|move|p2a: Dedenne|Dazzling Gleam|p1a: Kilowattrel\n|-damage|p1a: Kilowattrel|141/252\n|\n|upkeep\n|turn|26\n|inactive|Time left: 300 sec this turn | 300 sec total\n|\n|t:|1783550543\n|move|p1a: Kilowattrel|Roost|p1a: Kilowattrel\n|-heal|p1a: Kilowattrel|252/252\n|-singleturn|p1a: Kilowattrel|move: Roost\n|move|p2a: Dedenne|Dazzling Gleam|p1a: Kilowattrel\n|-damage|p1a: Kilowattrel|147/252\n|\n|upkeep\n|turn|27\n|inactive|Time left: 300 sec this turn | 300 sec total\n|\n|t:|1783550544\n|move|p1a: Kilowattrel|Hurricane|p2a: Dedenne\n|-resisted|p2a: Dedenne\n|-damage|p2a: Dedenne|50/100\n|-enditem|p2a: Dedenne|Sitrus Berry|[eat]\n|-heal|p2a: Dedenne|75/100|[from] item: Sitrus Berry\n|-heal|p2a: Dedenne|100/100|[from] ability: Cheek Pouch\n|move|p2a: Dedenne|Dazzling Gleam|p1a: Kilowattrel\n|-damage|p1a: Kilowattrel|42/252\n|\n|upkeep\n|turn|28\n|inactive|Time left: 300 sec this turn | 300 sec total\n|\n|t:|1783550545\n|move|p1a: Kilowattrel|Roost|p1a: Kilowattrel\n|-heal|p1a: Kilowattrel|168/252\n|-singleturn|p1a: Kilowattrel|move: Roost\n|move|p2a: Dedenne|Dazzling Gleam|p1a: Kilowattrel\n|-damage|p1a: Kilowattrel|65/252\n|\n|upkeep\n|turn|29\n|inactive|Time left: 300 sec this turn | 300 sec total\n|\n|t:|1783550546\n|move|p1a: Kilowattrel|Roost|p1a: Kilowattrel\n|-heal|p1a: Kilowattrel|191/252\n|-singleturn|p1a: Kilowattrel|move: Roost\n|move|p2a: Dedenne|Dazzling Gleam|p1a: Kilowattrel\n|-damage|p1a: Kilowattrel|83/252\n|\n|upkeep\n|turn|30\n|inactive|Time left: 300 sec this turn | 300 sec total\n|\n|t:|1783550547\n|move|p1a: Kilowattrel|Roost|p1a: Kilowattrel\n|-heal|p1a: Kilowattrel|209/252\n|-singleturn|p1a: Kilowattrel|move: Roost\n|move|p2a: Dedenne|Dazzling Gleam|p1a: Kilowattrel\n|-damage|p1a: Kilowattrel|97/252\n|\n|upkeep\n|turn|31\n|inactive|Time left: 300 sec this turn | 300 sec total\n|\n|t:|1783550548\n|move|p1a: Kilowattrel|Hurricane|p2a: Dedenne\n|-resisted|p2a: Dedenne\n|-damage|p2a: Dedenne|73/100\n|move|p2a: Dedenne|Dazzling Gleam|p1a: Kilowattrel\n|-damage|p1a: Kilowattrel|0 fnt\n|faint|p1a: Kilowattrel\n|\n|upkeep\n|inactive|Time left: 300 sec this turn | 300 sec total | 5 sec grace\n|\n|t:|1783550549\n|switch|p1a: Farigiraf|Farigiraf, L90, M|318/362 tox\n|-damage|p1a: Farigiraf|273/362 tox|[from] Stealth Rock\n|turn|32\n|inactive|Time left: 300 sec this turn | 300 sec total\n|\n|t:|1783550551\n|move|p2a: Dedenne|Super Fang|p1a: Farigiraf\n|-damage|p1a: Farigiraf|137/362 tox\n|move|p1a: Farigiraf|Psychic Noise|p2a: Dedenne\n|-damage|p2a: Dedenne|27/100\n|-start|p2a: Dedenne|move: Heal Block\n|\n|-heal|p1a: Farigiraf|159/362 tox|[from] item: Leftovers\n|-damage|p1a: Farigiraf|137/362 tox|[from] psn\n|upkeep\n|turn|33\n|inactive|Time left: 300 sec this turn | 300 sec total\n|\n|t:|1783550552\n|move|p2a: Dedenne|Thunderbolt|p1a: Farigiraf\n|-damage|p1a: Farigiraf|44/362 tox\n|move|p1a: Farigiraf|Psychic Noise|p2a: Dedenne\n|-damage|p2a: Dedenne|0 fnt\n|faint|p2a: Dedenne\n|\n|-heal|p1a: Farigiraf|66/362 tox|[from] item: Leftovers\n|-damage|p1a: Farigiraf|22/362 tox|[from] psn\n|upkeep\n|\n|t:|1783550553\n|switch|p2a: Flamigo|Flamigo, L82, M, tera:Fighting|100/100\n|turn|34\n|inactive|Time left: 300 sec this turn | 300 sec total\n|\n|t:|1783550554\n|move|p2a: Flamigo|Brave Bird|p1a: Farigiraf\n|-damage|p1a: Farigiraf|0 fnt\n|faint|p1a: Farigiraf\n|-damage|p2a: Flamigo|98/100|[from] Recoil\n|\n|upkeep\n|inactive|Time left: 300 sec this turn | 300 sec total | 5 sec grace\n|\n|t:|1783550555\n|switch|p1a: Milotic|Milotic, L83, M|293/293\n|-damage|p1a: Milotic|257/293|[from] Stealth Rock\n|turn|35\n|inactive|Time left: 300 sec this turn | 300 sec total\n|\n|t:|1783550556\n|move|p2a: Flamigo|Brave Bird|p1a: Milotic\n|-damage|p1a: Milotic|13/293\n|-damage|p2a: Flamigo|68/100|[from] Recoil\n|move|p1a: Milotic|Scald|p2a: Flamigo\n|-damage|p2a: Flamigo|30/100\n|\n|-heal|p1a: Milotic|31/293|[from] item: Leftovers\n|upkeep\n|turn|36\n|inactive|Time left: 300 sec this turn | 300 sec total\n|\n|t:|1783550557\n|move|p2a: Flamigo|Brave Bird|p1a: Milotic\n|-damage|p1a: Milotic|0 fnt\n|faint|p1a: Milotic\n|-damage|p2a: Flamigo|26/100|[from] Recoil\n|\n|upkeep\n|inactive|Time left: 300 sec this turn | 300 sec total | 5 sec grace\n|\n|t:|1783550558\n|switch|p1a: Keldeo|Keldeo-Resolute, L79|209/273\n|-damage|p1a: Keldeo|192/273|[from] Stealth Rock\n|turn|37\n|inactive|Time left: 300 sec this turn | 300 sec total\n|\n|t:|1783550559\n|move|p1a: Keldeo|Surf|p2a: Flamigo\n|-damage|p2a: Flamigo|0 fnt\n|faint|p2a: Flamigo\n|\n|-heal|p1a: Keldeo|209/273|[from] item: Leftovers\n|upkeep\n|\n|t:|1783550560\n|switch|p2a: Slaking|Slaking, L84, F|24/100\n|turn|38\n|inactive|Time left: 300 sec this turn | 300 sec total\n|\n|t:|1783550561\n|move|p2a: Slaking|Giga Impact|p1a: Keldeo\n|-damage|p1a: Keldeo|0 fnt\n|-mustrecharge|p2a: Slaking\n|faint|p1a: Keldeo\n|\n|upkeep\n|inactive|Time left: 300 sec this turn | 300 sec total | 5 sec grace\n|\n|t:|1783550562\n|switch|p1a: Misdreavus|Misdreavus, L90, F, tera:Fairy|172/254\n|-damage|p1a: Misdreavus|141/254|[from] Stealth Rock\n|turn|39\n|inactive|Time left: 300 sec this turn | 300 sec total\n|\n|t:|1783550563\n|cant|p2a: Slaking|recharge\n|move|p1a: Misdreavus|Draining Kiss|p2a: Slaking\n|-damage|p2a: Slaking|2/100\n|-heal|p1a: Misdreavus|205/254|[from] drain|[of] p2a: Slaking\n|\n|upkeep\n|turn|40\n|inactive|Time left: 300 sec this turn | 300 sec total\n|\n|t:|1783550564\n|move|p2a: Slaking|Giga Impact|p1a: Misdreavus\n|-damage|p1a: Misdreavus|0 fnt\n|-mustrecharge|p2a: Slaking\n|faint|p1a: Misdreavus\n|\n|win|p0y9807472", "uploadtime": 1783550564, "views": 0, "rating": 0, "private": 0, "password": null, "_winner": "p0y9807472", "_our_name": "p0x980b6b7"}