{"id": "battle-gen9randombattle-2795", "formatid": "gen9randombattle", "format": "[Gen 9] Random Battle", "players": ["p0x279539fe", "p0y279550d7"], "log": "|init|battle\n|title|p0x279539fe vs. p0y279550d7\n|j|\u2606p0x279539fe\n|j|\u2606p0y279550d7\n|t:|1783572220\n|gametype|singles\n|player|p1|p0x279539fe|266|\n|player|p2|p0y279550d7|101|\n|gen|9\n|tier|[Gen 9] Random Battle\n|rule|Species Clause: Limit one of each Pok\u00e9mon\n|rule|HP Percentage Mod: HP is shown in percentages\n|rule|Sleep Clause Mod: Limit one foe put to sleep\n|rule|Illusion Level Mod: Illusion disguises the Pok\u00e9mon's true level\n|\n|t:|1783572220\n|teamsize|p1|6\n|teamsize|p2|6\n|start\n|switch|p1a: Bisharp|Bisharp, L79, M|232/232\n|switch|p2a: Pyroar|Pyroar, L88, M|100/100\n|-ability|p2a: Pyroar|Unnerve\n|turn|1\n|inactive|Battle timer is ON: inactive players will automatically lose when time's up. (requested by p0x279539fe)\n|inactive|p0y279550d7 also wants the timer to be on.\n|\n|t:|1783572221\n|switch|p1a: Tauros|Tauros-Paldea-Aqua, L81, M|254/254\n|-ability|p1a: Tauros|Intimidate|boost\n|-unboost|p2a: Pyroar|atk|1\n|move|p2a: Pyroar|Fire Blast|p1a: Tauros\n|-resisted|p1a: Tauros\n|-damage|p1a: Tauros|173/254\n|-status|p1a: Tauros|brn\n|\n|-damage|p1a: Tauros|158/254 brn|[from] brn\n|upkeep\n|turn|2\n|inactive|Time left: 300 sec this turn | 300 sec total\n|\n|t:|1783572222\n|switch|p2a: Palkia|Palkia, L75|100/100\n|-ability|p2a: Palkia|Pressure\n|move|p1a: Tauros|Liquidation|p2a: Palkia\n|-resisted|p2a: Palkia\n|-damage|p2a: Palkia|95/100\n|-damage|p1a: Tauros|133/254 brn|[from] item: Life Orb\n|\n|-damage|p1a: Tauros|118/254 brn|[from] brn\n|upkeep\n|turn|3\n|inactive|Time left: 300 sec this turn | 300 sec total\n|\n|t:|1783572223\n|move|p1a: Tauros|Close Combat|p2a: Palkia\n|-damage|p2a: Palkia|63/100\n|-unboost|p1a: Tauros|def|1\n|-unboost|p1a: Tauros|spd|1\n|-damage|p1a: Tauros|93/254 brn|[from] item: Life Orb\n|move|p2a: Palkia|Spacial Rend|p1a: Tauros\n|-crit|p1a: Tauros\n|-damage|p1a: Tauros|0 fnt\n|faint|p1a: Tauros\n|\n|upkeep\n|inactive|Time left: 300 sec this turn | 300 sec total | 5 sec grace\n|\n|t:|1783572224\n|switch|p1a: Moltres|Moltres-Galar, L79|271/271\n|turn|4\n|inactive|Time left: 300 sec this turn | 300 sec total\n|\n|t:|1783572225\n|move|p2a: Palkia|Spacial Rend|p1a: Moltres\n|-damage|p1a: Moltres|141/271\n|move|p1a: Moltres|Hurricane|p2a: Palkia\n|-damage|p2a: Palkia|26/100\n|\n|upkeep\n|turn|5\n|inactive|Time left: 300 sec this turn | 300 sec total\n|\n|t:|1783572226\n|move|p2a: Palkia|Spacial Rend|p1a: Moltres\n|-damage|p1a: Moltres|20/271\n|-ability|p1a: Moltres|Berserk|boost\n|-boost|p1a: Moltres|spa|1\n|move|p1a: Moltres|Fiery Wrath|p2a: Palkia\n|-damage|p2a: Palkia|0 fnt\n|faint|p2a: Palkia\n|\n|upkeep\n|\n|t:|1783572227\n|switch|p2a: Cinccino|Cinccino, L83, F|100/100\n|turn|6\n|inactive|Time left: 300 sec this turn | 300 sec total\n|\n|t:|1783572228\n|switch|p1a: Slowbro|Slowbro-Galar, L87, M|307/307\n|move|p2a: Cinccino|U-turn|p1a: Slowbro\n|-damage|p1a: Slowbro|265/307\n|\n|t:|1783572229\n|switch|p2a: Urshifu|Urshifu, L74, M|100/100|[from] U-turn\n|\n|upkeep\n|turn|7\n|inactive|Time left: 300 sec this turn | 300 sec total\n|\n|t:|1783572230\n|switch|p1a: Bisharp|Bisharp, L79, M|232/232\n|move|p2a: Urshifu|Wicked Blow|p1a: Bisharp\n|-resisted|p1a: Bisharp\n|-crit|p1a: Bisharp\n|-damage|p1a: Bisharp|181/232\n|-damage|p2a: Urshifu|90/100|[from] item: Life Orb\n|\n|upkeep\n|turn|8\n|inactive|Time left: 300 sec this turn | 300 sec total\n|\n|t:|1783572231\n|move|p2a: Urshifu|Close Combat|p1a: Bisharp\n|-supereffective|p1a: Bisharp\n|-damage|p1a: Bisharp|0 fnt\n|-unboost|p2a: Urshifu|def|1\n|-unboost|p2a: Urshifu|spd|1\n|faint|p1a: Bisharp\n|-damage|p2a: Urshifu|80/100|[from] item: Life Orb\n|\n|upkeep\n|inactive|Time left: 300 sec this turn | 300 sec total | 5 sec grace\n|\n|t:|1783572231\n|switch|p1a: Slowbro|Slowbro-Galar, L87, M|219/219\n|turn|9\n|inactive|Time left: 300 sec this turn | 300 sec total\n|\n|t:|1783572232\n|move|p1a: Slowbro|Hyper Voice|p2a: Urshifu\n|-crit|p2a: Urshifu\n|-damage|p2a: Urshifu|0 fnt\n|faint|p2a: Urshifu\n|-damage|p1a: Slowbro|198/219|[from] item: Life Orb\n|\n|upkeep\n|\n|t:|1783572233\n|switch|p2a: Pyroar|Pyroar, L88, M|100/100\n|-ability|p2a: Pyroar|Unnerve\n|turn|10\n|inactive|Time left: 300 sec this turn | 300 sec total\n|\n|t:|1783572234\n|move|p2a: Pyroar|Fire Blast|p1a: Slowbro\n|-damage|p1a: Slowbro|12/219\n|replace|p1a: Zoroark|Zoroark-Hisui, L80, M\n|-end|p1a: Zoroark|Illusion\n|-hint|Illusion Level Mod is active, so this Pok\u00e9mon's true level was hidden.\n|move|p1a: Zoroark|Focus Blast|p2a: Pyroar\n|-supereffective|p2a: Pyroar\n|-damage|p2a: Pyroar|0 fnt\n|faint|p2a: Pyroar\n|-damage|p1a: Zoroark|0 fnt|[from] item: Life Orb\n|faint|p1a: Zoroark\n|\n|upkeep\n|inactive|Time left: 300 sec this turn | 300 sec total | 5 sec grace\n|\n|t:|1783572236\n|switch|p2a: Cinccino|Cinccino, L83, F|100/100\n|switch|p1a: Slowbro|Slowbro-Galar, L87, M|307/307\n|turn|11\n|inactive|Time left: 300 sec this turn | 300 sec total\n|\n|t:|1783572237\n|move|p2a: Cinccino|Tail Slap|p1a: Slowbro\n|-damage|p1a: Slowbro|271/307\n|-damage|p1a: Slowbro|235/307\n|-damage|p1a: Slowbro|198/307\n|-damage|p1a: Slowbro|162/307\n|-hitcount|p1a: Slowbro|4\n|move|p1a: Slowbro|Psychic|p2a: Cinccino\n|-damage|p2a: Cinccino|33/100\n|-damage|p1a: Slowbro|132/307|[from] item: Life Orb\n|\n|upkeep\n|turn|12\n|inactive|Time left: 300 sec this turn | 300 sec total\n|\n|t:|1783572238\n|switch|p1a: Moltres|Moltres-Galar, L79|20/271\n|move|p2a: Cinccino|Tail Slap|p1a: Moltres\n|-damage|p1a: Moltres|0 fnt\n|faint|p1a: Moltres\n|-hitcount|p1: Moltres|1\n|\n|upkeep\n|inactive|Time left: 300 sec this turn | 300 sec total | 5 sec grace\n|\n|t:|1783572239\n|switch|p1a: Slowbro|Slowbro-Galar, L87, M|234/307\n|turn|13\n|inactive|Time left: 300 sec this turn | 300 sec total\n|\n|t:|1783572240\n|move|p2a: Cinccino|U-turn|p1a: Slowbro\n|-damage|p1a: Slowbro|188/307\n|\n|t:|1783572241\n|switch|p2a: Slowking|Slowking, L88, M|100/100|[from] U-turn\n|move|p1a: Slowbro|Psychic|p2a: Slowking\n|-resisted|p2a: Slowking\n|-damage|p2a: Slowking|84/100\n|-unboost|p2a: Slowking|spd|1\n|-damage|p1a: Slowbro|158/307|[from] item: Life Orb\n|\n|upkeep\n|turn|14\n|inactive|Time left: 300 sec this turn | 300 sec total\n|\n|t:|1783572242\n|switch|p1a: Tornadus|Tornadus, L82, M|264/264\n|move|p2a: Slowking|Scald|p1a: Tornadus\n|-damage|p1a: Tornadus|161/264\n|\n|upkeep\n|turn|15\n|inactive|Time left: 300 sec this turn | 300 sec total\n|\n|t:|1783572243\n|move|p1a: Tornadus|Nasty Plot|p1a: Tornadus\n|-boost|p1a: Tornadus|spa|2\n|-prepare|p2a: Slowking|Chilly Reception|[premajor]\n|move|p2a: Slowking|Chilly Reception|p2a: Slowking\n|-weather|Snowscape\n|\n|t:|1783572243\n|switch|p2a: Cinccino|Cinccino, L83, F|33/100|[from] Chilly Reception\n|\n|-weather|Snowscape|[upkeep]\n|upkeep\n|turn|16\n|inactive|Time left: 300 sec this turn | 300 sec total\n|\n|t:|1783572244\n|switch|p1a: Slowbro|Slowbro-Galar, L87, M|260/307\n|move|p2a: Cinccino|Tail Slap|p1a: Slowbro\n|-damage|p1a: Slowbro|227/307\n|-damage|p1a: Slowbro|191/307\n|-damage|p1a: Slowbro|155/307\n|-damage|p1a: Slowbro|122/307\n|-damage|p1a: Slowbro|85/307\n|-hitcount|p1a: Slowbro|5\n|\n|-weather|Snowscape|[upkeep]\n|upkeep\n|turn|17\n|inactive|Time left: 300 sec this turn | 300 sec total\n|\n|t:|1783572245\n|switch|p1a: Tornadus|Tornadus, L82, M|161/264\n|move|p2a: Cinccino|Triple Axel|p1a: Tornadus|[miss]\n|-miss|p2a: Cinccino|p1a: Tornadus\n|\n|-weather|Snowscape|[upkeep]\n|upkeep\n|turn|18\n|inactive|Time left: 300 sec this turn | 300 sec total\n|\n|t:|1783572246\n|switch|p1a: Slowbro|Slowbro-Galar, L87, M|187/307\n|move|p2a: Cinccino|Tail Slap|p1a: Slowbro\n|-damage|p1a: Slowbro|151/307\n|-damage|p1a: Slowbro|117/307\n|-damage|p1a: Slowbro|78/307\n|-damage|p1a: Slowbro|41/307\n|-hitcount|p1a: Slowbro|4\n|\n|-weather|Snowscape|[upkeep]\n|upkeep\n|turn|19\n|inactive|Time left: 300 sec this turn | 300 sec total\n|\n|t:|1783572247\n|switch|p1a: Tornadus|Tornadus, L82, M|161/264\n|move|p2a: Cinccino|Triple Axel|p1a: Tornadus\n|-supereffective|p1a: Tornadus\n|-crit|p1a: Tornadus\n|-damage|p1a: Tornadus|91/264\n|-supereffective|p1a: Tornadus\n|-crit|p1a: Tornadus\n|-damage|p1a: Tornadus|0 fnt\n|faint|p1a: Tornadus\n|-hitcount|p1: Tornadus|2\n|\n|-weather|none\n|upkeep\n|inactive|Time left: 300 sec this turn | 300 sec total | 5 sec grace\n|\n|t:|1783572247\n|switch|p1a: Slowbro|Slowbro-Galar, L87, M|143/307\n|turn|20\n|inactive|Time left: 300 sec this turn | 300 sec total\n|\n|t:|1783572248\n|-terastallize|p2a: Cinccino|Normal\n|move|p2a: Cinccino|Tail Slap|p1a: Slowbro\n|-damage|p1a: Slowbro|93/307\n|-damage|p1a: Slowbro|45/307\n|-damage|p1a: Slowbro|1/307\n|-damage|p1a: Slowbro|0 fnt\n|faint|p1a: Slowbro\n|-hitcount|p1: Slowbro|4\n|\n|win|p0y279550d7", "uploadtime": 1783572248, "views": 0, "rating": 0, "private": 0, "password": null, "_winner": "p0y279550d7", "_our_name": "p0x279539fe"}