{"id": "battle-gen9randombattle-920", "formatid": "gen9randombattle", "format": "[Gen 9] Random Battle", "players": ["p0x92013b5", "p0y9202932"], "log": "|init|battle\n|title|p0x92013b5 vs. p0y9202932\n|j|\u2606p0x92013b5\n|j|\u2606p0y9202932\n|t:|1783549811\n|gametype|singles\n|player|p1|p0x92013b5|2|\n|player|p2|p0y9202932|102|\n|gen|9\n|tier|[Gen 9] Random Battle\n|rule|Species Clause: Limit one of each Pok\u00e9mon\n|rule|HP Percentage Mod: HP is shown in percentages\n|rule|Sleep Clause Mod: Limit one foe put to sleep\n|rule|Illusion Level Mod: Illusion disguises the Pok\u00e9mon's true level\n|\n|t:|1783549811\n|teamsize|p1|6\n|teamsize|p2|6\n|start\n|switch|p1a: Magmortar|Magmortar, L88, F|100/100\n|switch|p2a: Kingdra|Kingdra, L84, F|263/263\n|turn|1\n|inactive|Battle timer is ON: inactive players will automatically lose when time's up. (requested by p0x92013b5)\n|inactive|Time left: 300 sec this turn | 300 sec total | 60 sec grace\n|\n|t:|1783549813\n|switch|p1a: Slowbro|Slowbro, L85, F|100/100\n|move|p2a: Kingdra|Outrage|p1a: Slowbro\n|-damage|p1a: Slowbro|67/100\n|-damage|p2a: Kingdra|220/263|[from] item: Rocky Helmet|[of] p1a: Slowbro\n|\n|upkeep\n|turn|2\n|inactive|Time left: 300 sec this turn | 300 sec total\n|inactive|p0y9202932 also wants the timer to be on.\n|\n|t:|1783549815\n|switch|p1a: Magearna|Magearna-Original, L77|100/100\n|move|p2a: Kingdra|Outrage|p1a: Magearna|[from] lockedmove\n|-immune|p1a: Magearna\n|-start|p2a: Kingdra|confusion|[fatigue]\n|-enditem|p2a: Kingdra|Lum Berry|[eat]\n|-end|p2a: Kingdra|confusion\n|\n|upkeep\n|turn|3\n|inactive|Time left: 300 sec this turn | 300 sec total\n|\n|t:|1783549816\n|move|p2a: Kingdra|Wave Crash|p1a: Magearna\n|-damage|p1a: Magearna|55/100\n|-damage|p2a: Kingdra|182/263|[from] Recoil\n|move|p1a: Magearna|Shift Gear|p1a: Magearna\n|-boost|p1a: Magearna|spe|2\n|-boost|p1a: Magearna|atk|1\n|\n|-heal|p1a: Magearna|61/100|[from] item: Leftovers\n|upkeep\n|turn|4\n|inactive|Time left: 300 sec this turn | 300 sec total\n|\n|t:|1783549817\n|switch|p2a: Ho-Oh|Ho-Oh, L71|268/268\n|move|p1a: Magearna|Fleur Cannon|p2a: Ho-Oh\n|-resisted|p2a: Ho-Oh\n|-damage|p2a: Ho-Oh|211/268\n|-unboost|p1a: Magearna|spa|2\n|\n|-heal|p1a: Magearna|67/100|[from] item: Leftovers\n|upkeep\n|turn|5\n|inactive|Time left: 300 sec this turn | 300 sec total\n|\n|t:|1783549818\n|move|p1a: Magearna|Shift Gear|p1a: Magearna\n|-boost|p1a: Magearna|spe|2\n|-boost|p1a: Magearna|atk|1\n|move|p2a: Ho-Oh|Sacred Fire|p1a: Magearna\n|-supereffective|p1a: Magearna\n|-damage|p1a: Magearna|2/100\n|-status|p1a: Magearna|brn\n|\n|-heal|p1a: Magearna|8/100 brn|[from] item: Leftovers\n|-damage|p1a: Magearna|2/100 brn|[from] brn\n|upkeep\n|turn|6\n|inactive|Time left: 300 sec this turn | 300 sec total\n|\n|t:|1783549819\n|switch|p1a: Slowbro|Slowbro, L85, F|100/100\n|move|p2a: Ho-Oh|Recover|p2a: Ho-Oh\n|-heal|p2a: Ho-Oh|268/268\n|\n|upkeep\n|turn|7\n|inactive|Time left: 300 sec this turn | 300 sec total\n|\n|t:|1783549820\n|move|p2a: Ho-Oh|Sacred Fire|p1a: Slowbro\n|-resisted|p1a: Slowbro\n|-damage|p1a: Slowbro|87/100\n|move|p1a: Slowbro|Scald|p2a: Ho-Oh\n|-supereffective|p2a: Ho-Oh\n|-damage|p2a: Ho-Oh|128/268\n|\n|upkeep\n|turn|8\n|inactive|Time left: 300 sec this turn | 300 sec total\n|\n|t:|1783549821\n|switch|p2a: Manaphy|Manaphy, L78|284/284\n|move|p1a: Slowbro|Scald|p2a: Manaphy\n|-resisted|p2a: Manaphy\n|-damage|p2a: Manaphy|241/284\n|-status|p2a: Manaphy|brn\n|\n|-heal|p2a: Manaphy|258/284 brn|[from] item: Leftovers\n|-damage|p2a: Manaphy|241/284 brn|[from] brn\n|upkeep\n|turn|9\n|inactive|Time left: 300 sec this turn | 300 sec total\n|\n|t:|1783549822\n|move|p2a: Manaphy|Tail Glow|p2a: Manaphy\n|-boost|p2a: Manaphy|spa|3\n|move|p1a: Slowbro|Psyshock|p2a: Manaphy\n|-damage|p2a: Manaphy|157/284 brn\n|\n|-heal|p2a: Manaphy|174/284 brn|[from] item: Leftovers\n|-damage|p2a: Manaphy|157/284 brn|[from] brn\n|upkeep\n|turn|10\n|inactive|Time left: 300 sec this turn | 300 sec total\n|\n|t:|1783549823\n|switch|p1a: Glalie|Glalie, L96, M|100/100\n|move|p2a: Manaphy|Energy Ball|p1a: Glalie\n|-damage|p1a: Glalie|54/100\n|\n|-heal|p2a: Manaphy|174/284 brn|[from] item: Leftovers\n|-damage|p2a: Manaphy|157/284 brn|[from] brn\n|upkeep\n|turn|11\n|inactive|Time left: 300 sec this turn | 300 sec total\n|\n|t:|1783549824\n|switch|p2a: Glastrier|Glastrier, L86|312/312\n|move|p1a: Glalie|Freeze-Dry|p2a: Glastrier\n|-resisted|p2a: Glastrier\n|-damage|p2a: Glastrier|280/312\n|\n|upkeep\n|turn|12\n|inactive|Time left: 300 sec this turn | 300 sec total\n|\n|t:|1783549825\n|switch|p1a: Slowbro|Slowbro, L85, F|100/100\n|move|p2a: Glastrier|Swords Dance|p2a: Glastrier\n|-boost|p2a: Glastrier|atk|2\n|\n|upkeep\n|turn|13\n|inactive|Time left: 300 sec this turn | 300 sec total\n|\n|t:|1783549826\n|move|p2a: Glastrier|Swords Dance|p2a: Glastrier\n|-boost|p2a: Glastrier|atk|2\n|move|p1a: Slowbro|Scald|p2a: Glastrier\n|-damage|p2a: Glastrier|201/312\n|\n|upkeep\n|turn|14\n|inactive|Time left: 300 sec this turn | 300 sec total\n|\n|t:|1783549826\n|move|p2a: Glastrier|Icicle Crash|p1a: Slowbro\n|-resisted|p1a: Slowbro\n|-damage|p1a: Slowbro|43/100\n|move|p1a: Slowbro|Scald|p2a: Glastrier\n|-damage|p2a: Glastrier|119/312\n|\n|upkeep\n|turn|15\n|inactive|Time left: 300 sec this turn | 300 sec total\n|\n|t:|1783549827\n|switch|p1a: Magearna|Magearna-Original, L77|2/100 brn\n|move|p2a: Glastrier|Icicle Crash|p1a: Magearna|[miss]\n|-miss|p2a: Glastrier|p1a: Magearna\n|\n|-heal|p1a: Magearna|8/100 brn|[from] item: Leftovers\n|-damage|p1a: Magearna|2/100 brn|[from] brn\n|upkeep\n|turn|16\n|inactive|Time left: 300 sec this turn | 300 sec total\n|\n|t:|1783549828\n|switch|p2a: Ho-Oh|Ho-Oh, L71|217/268\n|move|p1a: Magearna|Fleur Cannon|p2a: Ho-Oh|[miss]\n|-miss|p1a: Magearna|p2a: Ho-Oh\n|\n|-heal|p1a: Magearna|8/100 brn|[from] item: Leftovers\n|-damage|p1a: Magearna|2/100 brn|[from] brn\n|upkeep\n|turn|17\n|inactive|Time left: 300 sec this turn | 300 sec total\n|\n|t:|1783549829\n|switch|p1a: Slowbro|Slowbro, L85, F|76/100\n|move|p2a: Ho-Oh|Earthquake|p1a: Slowbro\n|-damage|p1a: Slowbro|58/100\n|\n|upkeep\n|turn|18\n|inactive|Time left: 300 sec this turn | 300 sec total\n|\n|t:|1783549830\n|switch|p2a: Manaphy|Manaphy, L78|157/284 brn\n|move|p1a: Slowbro|Scald|p2a: Manaphy\n|-resisted|p2a: Manaphy\n|-damage|p2a: Manaphy|111/284 brn\n|\n|-heal|p2a: Manaphy|128/284 brn|[from] item: Leftovers\n|-damage|p2a: Manaphy|111/284 brn|[from] brn\n|upkeep\n|turn|19\n|inactive|Time left: 300 sec this turn | 300 sec total\n|\n|t:|1783549831\n|switch|p1a: Glalie|Glalie, L96, M|54/100\n|move|p2a: Manaphy|Tail Glow|p2a: Manaphy\n|-boost|p2a: Manaphy|spa|3\n|\n|-heal|p2a: Manaphy|128/284 brn|[from] item: Leftovers\n|-damage|p2a: Manaphy|111/284 brn|[from] brn\n|upkeep\n|turn|20\n|inactive|Time left: 300 sec this turn | 300 sec total\n|\n|t:|1783549832\n|switch|p2a: Glastrier|Glastrier, L86|119/312\n|move|p1a: Glalie|Freeze-Dry|p2a: Glastrier\n|-resisted|p2a: Glastrier\n|-damage|p2a: Glastrier|87/312\n|\n|upkeep\n|turn|21\n|inactive|Time left: 300 sec this turn | 300 sec total\n|\n|t:|1783549833\n|switch|p1a: Slowbro|Slowbro, L85, F|91/100\n|move|p2a: Glastrier|Swords Dance|p2a: Glastrier\n|-boost|p2a: Glastrier|atk|2\n|\n|upkeep\n|turn|22\n|inactive|Time left: 300 sec this turn | 300 sec total\n|\n|t:|1783549835\n|move|p2a: Glastrier|Icicle Crash|p1a: Slowbro\n|-resisted|p1a: Slowbro\n|-damage|p1a: Slowbro|54/100\n|move|p1a: Slowbro|Scald|p2a: Glastrier\n|-damage|p2a: Glastrier|8/312\n|\n|upkeep\n|turn|23\n|inactive|Time left: 300 sec this turn | 300 sec total\n|\n|t:|1783549836\n|move|p2a: Glastrier|High Horsepower|p1a: Slowbro\n|-damage|p1a: Slowbro|0 fnt\n|-damage|p2a: Glastrier|0 fnt|[from] item: Rocky Helmet|[of] p1a: Slowbro\n|faint|p1a: Slowbro\n|faint|p2a: Glastrier\n|\n|upkeep\n|inactive|Time left: 300 sec this turn | 300 sec total | 5 sec grace\n|\n|t:|1783549837\n|switch|p2a: Ho-Oh|Ho-Oh, L71|268/268\n|switch|p1a: Magmortar|Magmortar, L88, F|100/100\n|turn|24\n|inactive|Time left: 300 sec this turn | 300 sec total\n|\n|t:|1783549839\n|move|p1a: Magmortar|Thunderbolt|p2a: Ho-Oh\n|-supereffective|p2a: Ho-Oh\n|-damage|p2a: Ho-Oh|146/268\n|move|p2a: Ho-Oh|Earthquake|p1a: Magmortar\n|-supereffective|p1a: Magmortar\n|-damage|p1a: Magmortar|44/100\n|\n|upkeep\n|turn|25\n|inactive|Time left: 300 sec this turn | 300 sec total\n|\n|t:|1783549840\n|move|p1a: Magmortar|Thunderbolt|p2a: Ho-Oh\n|-supereffective|p2a: Ho-Oh\n|-damage|p2a: Ho-Oh|10/268\n|move|p2a: Ho-Oh|Earthquake|p1a: Magmortar\n|-supereffective|p1a: Magmortar\n|-damage|p1a: Magmortar|0 fnt\n|faint|p1a: Magmortar\n|\n|upkeep\n|\n|t:|1783549841\n|switch|p1a: Glalie|Glalie, L96, M|54/100\n|turn|26\n|inactive|Time left: 300 sec this turn | 300 sec total\n|\n|t:|1783549842\n|switch|p2a: Mesprit|Mesprit, L85|275/275\n|move|p1a: Glalie|Freeze-Dry|p2a: Mesprit\n|-damage|p2a: Mesprit|196/275\n|-status|p2a: Mesprit|frz\n|\n|upkeep\n|turn|27\n|inactive|Time left: 300 sec this turn | 300 sec total\n|\n|t:|1783549843\n|switch|p2a: Ho-Oh|Ho-Oh, L71|99/268\n|move|p1a: Glalie|Freeze-Dry|p2a: Ho-Oh\n|-damage|p2a: Ho-Oh|36/268\n|\n|upkeep\n|turn|28\n|inactive|Time left: 300 sec this turn | 300 sec total\n|\n|t:|1783549845\n|switch|p2a: Mesprit|Mesprit, L85|196/275 frz\n|move|p1a: Glalie|Freeze-Dry|p2a: Mesprit\n|-damage|p2a: Mesprit|123/275 frz\n|\n|upkeep\n|turn|29\n|inactive|Time left: 300 sec this turn | 300 sec total\n|\n|t:|1783549846\n|switch|p2a: Ho-Oh|Ho-Oh, L71|125/268\n|move|p1a: Glalie|Freeze-Dry|p2a: Ho-Oh\n|-damage|p2a: Ho-Oh|67/268\n|\n|upkeep\n|turn|30\n|inactive|Time left: 300 sec this turn | 300 sec total\n|\n|t:|1783549847\n|move|p1a: Glalie|Freeze-Dry|p2a: Ho-Oh\n|-damage|p2a: Ho-Oh|6/268\n|move|p2a: Ho-Oh|Sacred Fire|p1a: Glalie\n|-supereffective|p1a: Glalie\n|-damage|p1a: Glalie|0 fnt\n|faint|p1a: Glalie\n|\n|upkeep\n|\n|t:|1783549848\n|switch|p1a: Arceus|Arceus-Psychic, L70|100/100\n|turn|31\n|inactive|Time left: 300 sec this turn | 300 sec total\n|\n|t:|1783549849\n|switch|p2a: Kingdra|Kingdra, L84, F|182/263\n|move|p1a: Arceus|Cosmic Power|p1a: Arceus\n|-boost|p1a: Arceus|def|1\n|-boost|p1a: Arceus|spd|1\n|\n|upkeep\n|turn|32\n|inactive|Time left: 300 sec this turn | 300 sec total\n|\n|t:|1783549850\n|move|p1a: Arceus|Cosmic Power|p1a: Arceus\n|-boost|p1a: Arceus|def|1\n|-boost|p1a: Arceus|spd|1\n|move|p2a: Kingdra|Dragon Dance|p2a: Kingdra\n|-boost|p2a: Kingdra|atk|1\n|-boost|p2a: Kingdra|spe|1\n|\n|upkeep\n|turn|33\n|inactive|Time left: 300 sec this turn | 300 sec total\n|\n|t:|1783549851\n|move|p2a: Kingdra|Iron Head|p1a: Arceus\n|-crit|p1a: Arceus\n|-damage|p1a: Arceus|39/100\n|move|p1a: Arceus|Stored Power|p2a: Kingdra\n|-damage|p2a: Kingdra|77/263\n|\n|upkeep\n|turn|34\n|inactive|Time left: 300 sec this turn | 300 sec total\n|\n|t:|1783549852\n|move|p2a: Kingdra|Iron Head|p1a: Arceus\n|-damage|p1a: Arceus|25/100\n|move|p1a: Arceus|Body Press|p2a: Kingdra\n|-crit|p2a: Kingdra\n|-damage|p2a: Kingdra|0 fnt\n|faint|p2a: Kingdra\n|\n|upkeep\n|inactive|Time left: 300 sec this turn | 300 sec total | 5 sec grace\n|\n|t:|1783549853\n|switch|p2a: Ho-Oh|Ho-Oh, L71|95/268\n|turn|35\n|inactive|Time left: 300 sec this turn | 300 sec total\n|\n|t:|1783549854\n|move|p1a: Arceus|Recover|p1a: Arceus\n|-heal|p1a: Arceus|75/100\n|move|p2a: Ho-Oh|Recover|p2a: Ho-Oh\n|-heal|p2a: Ho-Oh|229/268\n|\n|upkeep\n|turn|36\n|inactive|Time left: 300 sec this turn | 300 sec total\n|\n|t:|1783549855\n|move|p1a: Arceus|Stored Power|p2a: Ho-Oh\n|-damage|p2a: Ho-Oh|144/268\n|move|p2a: Ho-Oh|Sacred Fire|p1a: Arceus|[miss]\n|-miss|p2a: Ho-Oh|p1a: Arceus\n|\n|upkeep\n|turn|37\n|inactive|Time left: 300 sec this turn | 300 sec total\n|\n|t:|1783549856\n|move|p1a: Arceus|Body Press|p2a: Ho-Oh\n|-resisted|p2a: Ho-Oh\n|-damage|p2a: Ho-Oh|88/268\n|move|p2a: Ho-Oh|Recover|p2a: Ho-Oh\n|-heal|p2a: Ho-Oh|222/268\n|\n|upkeep\n|turn|38\n|inactive|Time left: 300 sec this turn | 300 sec total\n|\n|t:|1783549857\n|move|p1a: Arceus|Cosmic Power|p1a: Arceus\n|-boost|p1a: Arceus|def|1\n|-boost|p1a: Arceus|spd|1\n|move|p2a: Ho-Oh|Sacred Fire|p1a: Arceus\n|-damage|p1a: Arceus|62/100\n|-status|p1a: Arceus|brn\n|\n|-damage|p1a: Arceus|56/100 brn|[from] brn\n|upkeep\n|turn|39\n|inactive|Time left: 300 sec this turn | 300 sec total\n|\n|t:|1783549859\n|move|p1a: Arceus|Stored Power|p2a: Ho-Oh\n|-damage|p2a: Ho-Oh|101/268\n|move|p2a: Ho-Oh|Recover|p2a: Ho-Oh\n|-heal|p2a: Ho-Oh|235/268\n|\n|-damage|p1a: Arceus|50/100 brn|[from] brn\n|upkeep\n|turn|40\n|inactive|Time left: 300 sec this turn | 300 sec total\n|\n|t:|1783549860\n|move|p1a: Arceus|Recover|p1a: Arceus\n|-heal|p1a: Arceus|99/100 brn\n|move|p2a: Ho-Oh|Sacred Fire|p1a: Arceus\n|-damage|p1a: Arceus|87/100 brn\n|\n|-damage|p1a: Arceus|81/100 brn|[from] brn\n|upkeep\n|turn|41\n|inactive|Time left: 300 sec this turn | 300 sec total\n|\n|t:|1783549861\n|move|p1a: Arceus|Stored Power|p2a: Ho-Oh\n|-damage|p2a: Ho-Oh|118/268\n|move|p2a: Ho-Oh|Recover|p2a: Ho-Oh\n|-heal|p2a: Ho-Oh|252/268\n|\n|-damage|p1a: Arceus|75/100 brn|[from] brn\n|upkeep\n|turn|42\n|inactive|Time left: 300 sec this turn | 300 sec total\n|\n|t:|1783549862\n|move|p1a: Arceus|Stored Power|p2a: Ho-Oh\n|-damage|p2a: Ho-Oh|131/268\n|move|p2a: Ho-Oh|Recover|p2a: Ho-Oh\n|-heal|p2a: Ho-Oh|265/268\n|\n|-damage|p1a: Arceus|69/100 brn|[from] brn\n|upkeep\n|turn|43\n|inactive|Time left: 300 sec this turn | 300 sec total\n|\n|t:|1783549863\n|move|p1a: Arceus|Stored Power|p2a: Ho-Oh\n|-damage|p2a: Ho-Oh|159/268\n|move|p2a: Ho-Oh|Earthquake|p1a: Arceus\n|-damage|p1a: Arceus|60/100 brn\n|\n|-damage|p1a: Arceus|54/100 brn|[from] brn\n|upkeep\n|turn|44\n|inactive|Time left: 300 sec this turn | 300 sec total\n|\n|t:|1783549864\n|move|p1a: Arceus|Recover|p1a: Arceus\n|-heal|p1a: Arceus|100/100 brn\n|move|p2a: Ho-Oh|Recover|p2a: Ho-Oh\n|-heal|p2a: Ho-Oh|268/268\n|\n|-damage|p1a: Arceus|95/100 brn|[from] brn\n|upkeep\n|turn|45\n|inactive|Time left: 300 sec this turn | 300 sec total\n|\n|t:|1783549865\n|move|p1a: Arceus|Stored Power|p2a: Ho-Oh\n|-damage|p2a: Ho-Oh|148/268\n|move|p2a: Ho-Oh|Earthquake|p1a: Arceus\n|-damage|p1a: Arceus|87/100 brn\n|\n|-damage|p1a: Arceus|81/100 brn|[from] brn\n|upkeep\n|turn|46\n|inactive|Time left: 300 sec this turn | 300 sec total\n|\n|t:|1783549866\n|move|p1a: Arceus|Stored Power|p2a: Ho-Oh\n|-damage|p2a: Ho-Oh|31/268\n|move|p2a: Ho-Oh|Recover|p2a: Ho-Oh\n|-heal|p2a: Ho-Oh|165/268\n|\n|-damage|p1a: Arceus|75/100 brn|[from] brn\n|upkeep\n|turn|47\n|inactive|Time left: 300 sec this turn | 300 sec total\n|\n|t:|1783549867\n|switch|p2a: Mesprit|Mesprit, L85|123/275 frz\n|move|p1a: Arceus|Stored Power|p2a: Mesprit\n|-resisted|p2a: Mesprit\n|-damage|p2a: Mesprit|63/275 frz\n|\n|-damage|p1a: Arceus|69/100 brn|[from] brn\n|upkeep\n|turn|48\n|inactive|Time left: 300 sec this turn | 300 sec total\n|\n|t:|1783549868\n|cant|p2a: Mesprit|frz\n|move|p1a: Arceus|Stored Power|p2a: Mesprit\n|-resisted|p2a: Mesprit\n|-damage|p2a: Mesprit|0 fnt\n|faint|p2a: Mesprit\n|\n|-damage|p1a: Arceus|63/100 brn|[from] brn\n|upkeep\n|inactive|Time left: 300 sec this turn | 300 sec total | 5 sec grace\n|\n|t:|1783549869\n|switch|p2a: Ho-Oh|Ho-Oh, L71|254/268\n|turn|49\n|inactive|Time left: 300 sec this turn | 300 sec total\n|\n|t:|1783549870\n|move|p1a: Arceus|Stored Power|p2a: Ho-Oh\n|-damage|p2a: Ho-Oh|134/268\n|move|p2a: Ho-Oh|Brave Bird|p1a: Arceus\n|-damage|p1a: Arceus|48/100 brn\n|-damage|p2a: Ho-Oh|120/268|[from] Recoil\n|\n|-damage|p1a: Arceus|42/100 brn|[from] brn\n|upkeep\n|turn|50\n|inactive|Time left: 300 sec this turn | 300 sec total\n|\n|t:|1783549871\n|switch|p2a: Toedscruel|Toedscruel, L87, F|281/281\n|move|p1a: Arceus|Stored Power|p2a: Toedscruel\n|-damage|p2a: Toedscruel|209/281\n|\n|-damage|p1a: Arceus|36/100 brn|[from] brn\n|upkeep\n|turn|51\n|inactive|Time left: 300 sec this turn | 300 sec total\n|\n|t:|1783549872\n|switch|p2a: Ho-Oh|Ho-Oh, L71|209/268\n|move|p1a: Arceus|Recover|p1a: Arceus\n|-heal|p1a: Arceus|86/100 brn\n|\n|-damage|p1a: Arceus|80/100 brn|[from] brn\n|upkeep\n|turn|52\n|inactive|Time left: 300 sec this turn | 300 sec total\n|\n|t:|1783549873\n|move|p1a: Arceus|Stored Power|p2a: Ho-Oh\n|-damage|p2a: Ho-Oh|92/268\n|move|p2a: Ho-Oh|Brave Bird|p1a: Arceus\n|-damage|p1a: Arceus|65/100 brn\n|-damage|p2a: Ho-Oh|78/268|[from] Recoil\n|\n|-damage|p1a: Arceus|59/100 brn|[from] brn\n|upkeep\n|turn|53\n|inactive|Time left: 300 sec this turn | 300 sec total\n|\n|t:|1783549874\n|switch|p2a: Toedscruel|Toedscruel, L87, F|209/281\n|move|p1a: Arceus|Stored Power|p2a: Toedscruel\n|-damage|p2a: Toedscruel|128/281\n|\n|-damage|p1a: Arceus|53/100 brn|[from] brn\n|upkeep\n|turn|54\n|inactive|Time left: 300 sec this turn | 300 sec total\n|\n|t:|1783549875\n|switch|p2a: Ho-Oh|Ho-Oh, L71|167/268\n|move|p1a: Arceus|Stored Power|p2a: Ho-Oh\n|-damage|p2a: Ho-Oh|58/268\n|\n|-damage|p1a: Arceus|47/100 brn|[from] brn\n|upkeep\n|turn|55\n|inactive|Time left: 300 sec this turn | 300 sec total\n|\n|t:|1783549876\n|switch|p2a: Toedscruel|Toedscruel, L87, F|128/281\n|move|p1a: Arceus|Recover|p1a: Arceus\n|-heal|p1a: Arceus|97/100 brn\n|\n|-damage|p1a: Arceus|91/100 brn|[from] brn\n|upkeep\n|turn|56\n|inactive|Time left: 300 sec this turn | 300 sec total\n|\n|t:|1783549877\n|switch|p2a: Ho-Oh|Ho-Oh, L71|147/268\n|move|p1a: Arceus|Body Press|p2a: Ho-Oh\n|-resisted|p2a: Ho-Oh\n|-damage|p2a: Ho-Oh|114/268\n|\n|-damage|p1a: Arceus|85/100 brn|[from] brn\n|upkeep\n|turn|57\n|inactive|Time left: 300 sec this turn | 300 sec total\n|\n|t:|1783549878\n|switch|p2a: Toedscruel|Toedscruel, L87, F|128/281\n|move|p1a: Arceus|Stored Power|p2a: Toedscruel\n|-damage|p2a: Toedscruel|46/281\n|\n|-damage|p1a: Arceus|79/100 brn|[from] brn\n|upkeep\n|turn|58\n|inactive|Time left: 300 sec this turn | 300 sec total\n|\n|t:|1783549880\n|switch|p2a: Ho-Oh|Ho-Oh, L71|203/268\n|move|p1a: Arceus|Body Press|p2a: Ho-Oh\n|-resisted|p2a: Ho-Oh\n|-damage|p2a: Ho-Oh|169/268\n|\n|-damage|p1a: Arceus|73/100 brn|[from] brn\n|upkeep\n|turn|59\n|inactive|Time left: 300 sec this turn | 300 sec total\n|\n|t:|1783549881\n|move|p1a: Arceus|Body Press|p2a: Ho-Oh\n|-resisted|p2a: Ho-Oh\n|-damage|p2a: Ho-Oh|133/268\n|move|p2a: Ho-Oh|Sacred Fire|p1a: Arceus\n|-damage|p1a: Arceus|61/100 brn\n|\n|-damage|p1a: Arceus|55/100 brn|[from] brn\n|upkeep\n|turn|60\n|inactive|Time left: 300 sec this turn | 300 sec total\n|\n|t:|1783549882\n|move|p1a: Arceus|Recover|p1a: Arceus\n|-heal|p1a: Arceus|100/100 brn\n|move|p2a: Ho-Oh|Brave Bird|p1a: Arceus\n|-damage|p1a: Arceus|84/100 brn\n|-damage|p2a: Ho-Oh|117/268|[from] Recoil\n|\n|-damage|p1a: Arceus|78/100 brn|[from] brn\n|upkeep\n|turn|61\n|inactive|Time left: 300 sec this turn | 300 sec total\n|\n|t:|1783549883\n|move|p1a: Arceus|Body Press|p2a: Ho-Oh\n|-resisted|p2a: Ho-Oh\n|-damage|p2a: Ho-Oh|80/268\n|move|p2a: Ho-Oh|Sacred Fire|p1a: Arceus\n|-damage|p1a: Arceus|65/100 brn\n|\n|-damage|p1a: Arceus|59/100 brn|[from] brn\n|upkeep\n|turn|62\n|inactive|Time left: 300 sec this turn | 300 sec total\n|\n|t:|1783549884\n|move|p1a: Arceus|Body Press|p2a: Ho-Oh\n|-resisted|p2a: Ho-Oh\n|-damage|p2a: Ho-Oh|46/268\n|move|p2a: Ho-Oh|Earthquake|p1a: Arceus\n|-damage|p1a: Arceus|50/100 brn\n|\n|-damage|p1a: Arceus|44/100 brn|[from] brn\n|upkeep\n|turn|63\n|inactive|Time left: 300 sec this turn | 300 sec total\n|\n|t:|1783549885\n|switch|p2a: Manaphy|Manaphy, L78|111/284 brn\n|move|p1a: Arceus|Recover|p1a: Arceus\n|-heal|p1a: Arceus|94/100 brn\n|\n|-heal|p2a: Manaphy|128/284 brn|[from] item: Leftovers\n|-damage|p1a: Arceus|88/100 brn|[from] brn\n|-damage|p2a: Manaphy|111/284 brn|[from] brn\n|upkeep\n|turn|64\n|inactive|Time left: 300 sec this turn | 300 sec total\n|\n|t:|1783549886\n|switch|p2a: Ho-Oh|Ho-Oh, L71|135/268\n|move|p1a: Arceus|Body Press|p2a: Ho-Oh\n|-resisted|p2a: Ho-Oh\n|-damage|p2a: Ho-Oh|98/268\n|\n|-damage|p1a: Arceus|82/100 brn|[from] brn\n|upkeep\n|turn|65\n|inactive|Time left: 300 sec this turn | 300 sec total\n|\n|t:|1783549887\n|move|p1a: Arceus|Body Press|p2a: Ho-Oh\n|-resisted|p2a: Ho-Oh\n|-damage|p2a: Ho-Oh|66/268\n|move|p2a: Ho-Oh|Brave Bird|p1a: Arceus\n|-damage|p1a: Arceus|67/100 brn\n|-damage|p2a: Ho-Oh|52/268|[from] Recoil\n|\n|-damage|p1a: Arceus|61/100 brn|[from] brn\n|upkeep\n|turn|66\n|inactive|Time left: 300 sec this turn | 300 sec total\n|\n|t:|1783549888\n|switch|p2a: Manaphy|Manaphy, L78|111/284 brn\n|move|p1a: Arceus|Body Press|p2a: Manaphy\n|-damage|p2a: Manaphy|52/284 brn\n|\n|-heal|p2a: Manaphy|69/284 brn|[from] item: Leftovers\n|-damage|p1a: Arceus|55/100 brn|[from] brn\n|-damage|p2a: Manaphy|52/284 brn|[from] brn\n|upkeep\n|turn|67\n|inactive|Time left: 300 sec this turn | 300 sec total\n|\n|t:|1783549889\n|switch|p2a: Ho-Oh|Ho-Oh, L71|141/268\n|move|p1a: Arceus|Body Press|p2a: Ho-Oh\n|-resisted|p2a: Ho-Oh\n|-damage|p2a: Ho-Oh|110/268\n|\n|-damage|p1a: Arceus|49/100 brn|[from] brn\n|upkeep\n|turn|68\n|inactive|Time left: 300 sec this turn | 300 sec total\n|\n|t:|1783549890\n|move|p1a: Arceus|Recover|p1a: Arceus\n|-heal|p1a: Arceus|99/100 brn\n|move|p2a: Ho-Oh|Brave Bird|p1a: Arceus\n|-damage|p1a: Arceus|85/100 brn\n|-damage|p2a: Ho-Oh|96/268|[from] Recoil\n|\n|-damage|p1a: Arceus|79/100 brn|[from] brn\n|upkeep\n|turn|69\n|inactive|Time left: 300 sec this turn | 300 sec total\n|\n|t:|1783549891\n|move|p1a: Arceus|Body Press|p2a: Ho-Oh\n|-resisted|p2a: Ho-Oh\n|-damage|p2a: Ho-Oh|63/268\n|move|p2a: Ho-Oh|Brave Bird|p1a: Arceus\n|-damage|p1a: Arceus|64/100 brn\n|-damage|p2a: Ho-Oh|49/268|[from] Recoil\n|\n|-damage|p1a: Arceus|58/100 brn|[from] brn\n|upkeep\n|turn|70\n|inactive|Time left: 300 sec this turn | 300 sec total\n|\n|t:|1783549892\n|switch|p2a: Toedscruel|Toedscruel, L87, F|46/281\n|move|p1a: Arceus|Body Press|p2a: Toedscruel\n|-damage|p2a: Toedscruel|0 fnt\n|faint|p2a: Toedscruel\n|\n|-damage|p1a: Arceus|52/100 brn|[from] brn\n|upkeep\n|inactive|Time left: 300 sec this turn | 300 sec total | 5 sec grace\n|\n|t:|1783549893\n|switch|p2a: Ho-Oh|Ho-Oh, L71|138/268\n|turn|71\n|inactive|Time left: 300 sec this turn | 300 sec total\n|\n|t:|1783549894\n|move|p1a: Arceus|Cosmic Power|p1a: Arceus\n|-boost|p1a: Arceus|def|1\n|-boost|p1a: Arceus|spd|1\n|move|p2a: Ho-Oh|Brave Bird|p1a: Arceus\n|-damage|p1a: Arceus|39/100 brn\n|-damage|p2a: Ho-Oh|126/268|[from] Recoil\n|\n|-damage|p1a: Arceus|33/100 brn|[from] brn\n|upkeep\n|turn|72\n|inactive|Time left: 300 sec this turn | 300 sec total\n|\n|t:|1783549895\n|move|p1a: Arceus|Body Press|p2a: Ho-Oh\n|-resisted|p2a: Ho-Oh\n|-damage|p2a: Ho-Oh|86/268\n|move|p2a: Ho-Oh|Brave Bird|p1a: Arceus\n|-damage|p1a: Arceus|20/100 brn\n|-damage|p2a: Ho-Oh|73/268|[from] Recoil\n|\n|-damage|p1a: Arceus|14/100 brn|[from] brn\n|upkeep\n|turn|73\n|inactive|Time left: 300 sec this turn | 300 sec total\n|\n|t:|1783549896\n|-terastallize|p1a: Arceus|Steel\n|move|p1a: Arceus|Body Press|p2a: Ho-Oh\n|-resisted|p2a: Ho-Oh\n|-damage|p2a: Ho-Oh|30/268\n|move|p2a: Ho-Oh|Brave Bird|p1a: Arceus\n|-resisted|p1a: Arceus\n|-damage|p1a: Arceus|7/100 brn\n|-damage|p2a: Ho-Oh|24/268|[from] Recoil\n|\n|-damage|p1a: Arceus|1/100 brn|[from] brn\n|upkeep\n|turn|74\n|inactive|Time left: 300 sec this turn | 300 sec total\n|\n|t:|1783549897\n|switch|p2a: Manaphy|Manaphy, L78|52/284 brn\n|move|p1a: Arceus|Body Press|p2a: Manaphy\n|-damage|p2a: Manaphy|0 fnt\n|faint|p2a: Manaphy\n|\n|-damage|p1a: Arceus|0 fnt|[from] brn\n|faint|p1a: Arceus\n|upkeep\n|inactive|Time left: 300 sec this turn | 300 sec total | 5 sec grace\n|\n|t:|1783549898\n|switch|p1a: Sableye|Sableye, L88, F|100/100\n|switch|p2a: Ho-Oh|Ho-Oh, L71|113/268\n|turn|75\n|inactive|Time left: 300 sec this turn | 300 sec total\n|\n|t:|1783549899\n|move|p2a: Ho-Oh|Earthquake|p1a: Sableye\n|-crit|p1a: Sableye\n|-damage|p1a: Sableye|54/100\n|move|p1a: Sableye|Knock Off|p2a: Ho-Oh\n|-damage|p2a: Ho-Oh|4/268\n|-enditem|p2a: Ho-Oh|Heavy-Duty Boots|[from] move: Knock Off|[of] p1a: Sableye\n|\n|-heal|p1a: Sableye|60/100|[from] item: Leftovers\n|upkeep\n|turn|76\n|inactive|Time left: 300 sec this turn | 300 sec total\n|\n|t:|1783549900\n|-terastallize|p2a: Ho-Oh|Ground\n|move|p2a: Ho-Oh|Earthquake|p1a: Sableye\n|-damage|p1a: Sableye|13/100\n|move|p1a: Sableye|Knock Off|p2a: Ho-Oh\n|-damage|p2a: Ho-Oh|0 fnt\n|faint|p2a: Ho-Oh\n|\n|win|p0x92013b5", "uploadtime": 1783549900, "views": 0, "rating": 0, "private": 0, "password": null, "_winner": "p0x92013b5", "_our_name": "p0y9202932"}