{"id": "battle-gen9randombattle-778", "formatid": "gen9randombattle", "format": "[Gen 9] Random Battle", "players": ["p0x77857f9", "p0y778540e"], "log": "|init|battle\n|title|p0x77857f9 vs. p0y778540e\n|j|\u2606p0x77857f9\n|j|\u2606p0y778540e\n|t:|1783548904\n|gametype|singles\n|player|p1|p0x77857f9|266|\n|player|p2|p0y778540e|1|\n|gen|9\n|tier|[Gen 9] Random Battle\n|rule|Species Clause: Limit one of each Pok\u00e9mon\n|rule|HP Percentage Mod: HP is shown in percentages\n|rule|Sleep Clause Mod: Limit one foe put to sleep\n|rule|Illusion Level Mod: Illusion disguises the Pok\u00e9mon's true level\n|\n|t:|1783548904\n|teamsize|p1|6\n|teamsize|p2|6\n|start\n|switch|p1a: Cramorant|Cramorant, L86, F|261/261\n|switch|p2a: Flareon|Flareon, L90, M|100/100\n|turn|1\n|inactive|Battle timer is ON: inactive players will automatically lose when time's up. (requested by p0x77857f9)\n|inactive|p0y778540e also wants the timer to be on.\n|\n|t:|1783548905\n|move|p1a: Cramorant|Surf|p2a: Flareon\n|-formechange|p1a: Cramorant|Cramorant-Gulping|\n|-supereffective|p2a: Flareon\n|-damage|p2a: Flareon|45/100\n|move|p2a: Flareon|Trailblaze|p1a: Cramorant\n|-damage|p1a: Cramorant|190/261\n|-boost|p2a: Flareon|spe|1\n|-damage|p2a: Flareon|20/100|[from] ability: Gulp Missile|[of] p1a: Cramorant\n|-unboost|p2a: Flareon|def|1\n|-formechange|p1a: Cramorant|Cramorant|\n|\n|-status|p2a: Flareon|tox|[from] item: Toxic Orb\n|upkeep\n|turn|2\n|inactive|Time left: 300 sec this turn | 300 sec total\n|\n|t:|1783548906\n|switch|p1a: Pecharunt|Pecharunt, L77|262/262\n|move|p2a: Flareon|Facade|p1a: Pecharunt\n|-immune|p1a: Pecharunt\n|\n|-damage|p2a: Flareon|14/100 tox|[from] psn\n|upkeep\n|turn|3\n|inactive|Time left: 300 sec this turn | 300 sec total\n|\n|t:|1783548907\n|move|p2a: Flareon|Flare Blitz|p1a: Pecharunt\n|-damage|p1a: Pecharunt|64/262\n|-status|p1a: Pecharunt|brn\n|-damage|p2a: Flareon|0 fnt|[from] Recoil\n|faint|p2a: Flareon\n|move|p1a: Pecharunt|Malignant Chain|p2: Flareon|[notarget]\n|-fail|p1a: Pecharunt\n|\n|-heal|p1a: Pecharunt|80/262 brn|[from] item: Leftovers\n|-damage|p1a: Pecharunt|64/262 brn|[from] brn\n|upkeep\n|\n|t:|1783548908\n|switch|p2a: Mienshao|Mienshao, L83, M|100/100\n|turn|4\n|inactive|Time left: 300 sec this turn | 300 sec total\n|\n|t:|1783548909\n|move|p2a: Mienshao|Knock Off|p1a: Pecharunt\n|-supereffective|p1a: Pecharunt\n|-damage|p1a: Pecharunt|0 fnt\n|-enditem|p1a: Pecharunt|Leftovers|[from] move: Knock Off|[of] p2a: Mienshao\n|faint|p1a: Pecharunt\n|\n|upkeep\n|inactive|Time left: 300 sec this turn | 300 sec total | 5 sec grace\n|\n|t:|1783548910\n|switch|p1a: Flamigo|Flamigo, L82, F|269/269\n|turn|5\n|inactive|Time left: 300 sec this turn | 300 sec total\n|\n|t:|1783548911\n|move|p2a: Mienshao|Knock Off|p1a: Flamigo\n|-resisted|p1a: Flamigo\n|-crit|p1a: Flamigo\n|-damage|p1a: Flamigo|165/269\n|-enditem|p1a: Flamigo|Life Orb|[from] move: Knock Off|[of] p2a: Mienshao\n|move|p1a: Flamigo|Brave Bird|p2a: Mienshao\n|-supereffective|p2a: Mienshao\n|-damage|p2a: Mienshao|0 fnt\n|faint|p2a: Mienshao\n|-damage|p1a: Flamigo|85/269|[from] Recoil\n|\n|upkeep\n|\n|t:|1783548912\n|switch|p2a: Metagross|Metagross, L79|100/100\n|turn|6\n|inactive|Time left: 300 sec this turn | 300 sec total\n|\n|t:|1783548913\n|move|p1a: Flamigo|Throat Chop|p2a: Metagross\n|-supereffective|p2a: Metagross\n|-damage|p2a: Metagross|62/100\n|-start|p2a: Metagross|Throat Chop|[silent]\n|-enditem|p2a: Metagross|Weakness Policy\n|-boost|p2a: Metagross|atk|2|[from] item: Weakness Policy\n|-boost|p2a: Metagross|spa|2|[from] item: Weakness Policy\n|move|p2a: Metagross|Agility|p2a: Metagross\n|-boost|p2a: Metagross|spe|2\n|\n|upkeep\n|turn|7\n|inactive|Time left: 300 sec this turn | 300 sec total\n|\n|t:|1783548914\n|move|p2a: Metagross|Heavy Slam|p1a: Flamigo\n|-damage|p1a: Flamigo|0 fnt\n|faint|p1a: Flamigo\n|\n|-end|p2a: Metagross|Throat Chop|[silent]\n|upkeep\n|inactive|Time left: 300 sec this turn | 300 sec total | 5 sec grace\n|\n|t:|1783548915\n|switch|p1a: Milotic|Milotic, L83, M|293/293\n|turn|8\n|inactive|Time left: 300 sec this turn | 300 sec total\n|\n|t:|1783548915\n|move|p2a: Metagross|Psychic Fangs|p1a: Milotic\n|-damage|p1a: Milotic|53/293\n|move|p1a: Milotic|Dragon Tail|p2a: Metagross|[miss]\n|-miss|p1a: Milotic|p2a: Metagross\n|\n|-heal|p1a: Milotic|71/293|[from] item: Leftovers\n|upkeep\n|turn|9\n|inactive|Time left: 300 sec this turn | 300 sec total\n|\n|t:|1783548916\n|move|p2a: Metagross|Heavy Slam|p1a: Milotic\n|-resisted|p1a: Milotic\n|-damage|p1a: Milotic|0 fnt\n|faint|p1a: Milotic\n|\n|upkeep\n|inactive|Time left: 300 sec this turn | 300 sec total | 5 sec grace\n|\n|t:|1783548917\n|switch|p1a: Hariyama|Hariyama, L87, M|392/392\n|turn|10\n|inactive|Time left: 300 sec this turn | 300 sec total\n|\n|t:|1783548918\n|move|p2a: Metagross|Psychic Fangs|p1a: Hariyama\n|-supereffective|p1a: Hariyama\n|-crit|p1a: Hariyama\n|-damage|p1a: Hariyama|0 fnt\n|faint|p1a: Hariyama\n|\n|upkeep\n|inactive|Time left: 300 sec this turn | 300 sec total | 5 sec grace\n|\n|t:|1783548919\n|switch|p1a: Cramorant|Cramorant, L86, F|190/261\n|turn|11\n|inactive|Time left: 300 sec this turn | 300 sec total\n|\n|t:|1783548920\n|-terastallize|p2a: Metagross|Ground\n|move|p2a: Metagross|Psychic Fangs|p1a: Cramorant\n|-damage|p1a: Cramorant|0 fnt\n|faint|p1a: Cramorant\n|\n|upkeep\n|inactive|Time left: 300 sec this turn | 300 sec total | 5 sec grace\n|\n|t:|1783548921\n|switch|p1a: Shiftry|Shiftry, L89, F|305/305\n|turn|12\n|inactive|Time left: 300 sec this turn | 300 sec total\n|\n|t:|1783548922\n|move|p2a: Metagross|Heavy Slam|p1a: Shiftry\n|-damage|p1a: Shiftry|0 fnt\n|faint|p1a: Shiftry\n|\n|win|p0y778540e", "uploadtime": 1783548922, "views": 0, "rating": 0, "private": 0, "password": null, "_winner": "p0y778540e", "_our_name": "p0x77857f9"}