{"id": "battle-gen9randombattle-2963", "formatid": "gen9randombattle", "format": "[Gen 9] Random Battle", "players": ["p0x2963b4a7", "p0y29638539"], "log": "|init|battle\n|title|p0x2963b4a7 vs. p0y29638539\n|j|\u2606p0x2963b4a7\n|j|\u2606p0y29638539\n|t:|1783574107\n|gametype|singles\n|player|p1|p0x2963b4a7|170|\n|player|p2|p0y29638539|265|\n|gen|9\n|tier|[Gen 9] Random Battle\n|rule|Species Clause: Limit one of each Pok\u00e9mon\n|rule|HP Percentage Mod: HP is shown in percentages\n|rule|Sleep Clause Mod: Limit one foe put to sleep\n|rule|Illusion Level Mod: Illusion disguises the Pok\u00e9mon's true level\n|\n|t:|1783574107\n|teamsize|p1|6\n|teamsize|p2|6\n|start\n|switch|p1a: Toxicroak|Toxicroak, L84, F|100/100\n|switch|p2a: Sudowoodo|Sudowoodo, L94, M|284/284\n|turn|1\n|inactive|Battle timer is ON: inactive players will automatically lose when time's up. (requested by p0y29638539)\n|inactive|p0x2963b4a7 also wants the timer to be on.\n|\n|t:|1783574109\n|move|p1a: Toxicroak|Close Combat|p2a: Sudowoodo\n|-supereffective|p2a: Sudowoodo\n|-damage|p2a: Sudowoodo|0 fnt\n|-unboost|p1a: Toxicroak|def|1\n|-unboost|p1a: Toxicroak|spd|1\n|faint|p2a: Sudowoodo\n|\n|upkeep\n|inactive|Time left: 300 sec this turn | 300 sec total | 65 sec grace\n|\n|t:|1783574110\n|switch|p2a: Entei|Entei, L78|307/307\n|turn|2\n|inactive|Time left: 300 sec this turn | 300 sec total\n|\n|t:|1783574111\n|switch|p1a: Dipplin|Dipplin, L88, F|100/100\n|move|p2a: Entei|Sacred Fire|p1a: Dipplin|[miss]\n|-miss|p2a: Entei|p1a: Dipplin\n|\n|upkeep\n|turn|3\n|inactive|Time left: 300 sec this turn | 300 sec total\n|\n|t:|1783574112\n|move|p2a: Entei|Sacred Fire|p1a: Dipplin\n|-damage|p1a: Dipplin|68/100\n|-status|p1a: Dipplin|brn\n|move|p1a: Dipplin|Dragon Pulse|p2a: Entei\n|-damage|p2a: Entei|180/307\n|\n|-damage|p1a: Dipplin|62/100 brn|[from] brn\n|upkeep\n|turn|4\n|inactive|Time left: 300 sec this turn | 300 sec total\n|\n|t:|1783574113\n|move|p2a: Entei|Sacred Fire|p1a: Dipplin\n|-damage|p1a: Dipplin|34/100 brn\n|move|p1a: Dipplin|Recover|p1a: Dipplin\n|-heal|p1a: Dipplin|84/100 brn\n|\n|-damage|p1a: Dipplin|78/100 brn|[from] brn\n|upkeep\n|turn|5\n|inactive|Time left: 300 sec this turn | 300 sec total\n|\n|t:|1783574114\n|move|p2a: Entei|Sacred Fire|p1a: Dipplin\n|-damage|p1a: Dipplin|48/100 brn\n|move|p1a: Dipplin|Dragon Pulse|p2a: Entei\n|-damage|p2a: Entei|62/307\n|\n|-damage|p1a: Dipplin|42/100 brn|[from] brn\n|upkeep\n|turn|6\n|inactive|Time left: 300 sec this turn | 300 sec total\n|\n|t:|1783574115\n|move|p2a: Entei|Sacred Fire|p1a: Dipplin\n|-damage|p1a: Dipplin|12/100 brn\n|move|p1a: Dipplin|Recover|p1a: Dipplin\n|-heal|p1a: Dipplin|62/100 brn\n|\n|-damage|p1a: Dipplin|56/100 brn|[from] brn\n|upkeep\n|turn|7\n|inactive|Time left: 300 sec this turn | 300 sec total\n|\n|t:|1783574116\n|move|p2a: Entei|Sacred Fire|p1a: Dipplin\n|-crit|p1a: Dipplin\n|-damage|p1a: Dipplin|14/100 brn\n|move|p1a: Dipplin|Dragon Pulse|p2a: Entei\n|-damage|p2a: Entei|0 fnt\n|faint|p2a: Entei\n|\n|-damage|p1a: Dipplin|8/100 brn|[from] brn\n|upkeep\n|inactive|Time left: 300 sec this turn | 300 sec total | 5 sec grace\n|\n|t:|1783574117\n|switch|p2a: Arceus|Arceus-Ghost, L69|280/280\n|turn|8\n|inactive|Time left: 300 sec this turn | 300 sec total\n|\n|t:|1783574118\n|switch|p1a: Masquerain|Masquerain, L87, M|100/100\n|-ability|p1a: Masquerain|Intimidate|boost\n|-unboost|p2a: Arceus|atk|1\n|move|p2a: Arceus|Judgment|p1a: Masquerain\n|-damage|p1a: Masquerain|57/100\n|\n|upkeep\n|turn|9\n|inactive|Time left: 300 sec this turn | 300 sec total\n|\n|t:|1783574119\n|move|p2a: Arceus|Calm Mind|p2a: Arceus\n|-boost|p2a: Arceus|spa|1\n|-boost|p2a: Arceus|spd|1\n|move|p1a: Masquerain|Quiver Dance|p1a: Masquerain\n|-boost|p1a: Masquerain|spa|1\n|-boost|p1a: Masquerain|spd|1\n|-boost|p1a: Masquerain|spe|1\n|\n|upkeep\n|turn|10\n|inactive|Time left: 300 sec this turn | 300 sec total\n|\n|t:|1783574120\n|move|p1a: Masquerain|Quiver Dance|p1a: Masquerain\n|-boost|p1a: Masquerain|spa|1\n|-boost|p1a: Masquerain|spd|1\n|-boost|p1a: Masquerain|spe|1\n|move|p2a: Arceus|Judgment|p1a: Masquerain\n|-damage|p1a: Masquerain|25/100\n|\n|upkeep\n|turn|11\n|inactive|Time left: 300 sec this turn | 300 sec total\n|\n|t:|1783574121\n|move|p1a: Masquerain|Hurricane|p2a: Arceus|[miss]\n|-miss|p1a: Masquerain|p2a: Arceus\n|move|p2a: Arceus|Judgment|p1a: Masquerain\n|-damage|p1a: Masquerain|0 fnt\n|faint|p1a: Masquerain\n|\n|upkeep\n|\n|t:|1783574122\n|switch|p1a: Wyrdeer|Wyrdeer, L87, M|100/100\n|-ability|p1a: Wyrdeer|Intimidate|boost\n|-unboost|p2a: Arceus|atk|1\n|turn|12\n|inactive|Time left: 300 sec this turn | 300 sec total\n|\n|t:|1783574123\n|move|p2a: Arceus|Calm Mind|p2a: Arceus\n|-boost|p2a: Arceus|spa|1\n|-boost|p2a: Arceus|spd|1\n|move|p1a: Wyrdeer|Earthquake|p2a: Arceus\n|-damage|p2a: Arceus|202/280\n|\n|upkeep\n|turn|13\n|inactive|Time left: 300 sec this turn | 300 sec total\n|\n|t:|1783574124\n|move|p2a: Arceus|Recover|p2a: Arceus\n|-heal|p2a: Arceus|280/280\n|move|p1a: Wyrdeer|Thunder Wave|p2a: Arceus|[miss]\n|-miss|p1a: Wyrdeer|p2a: Arceus\n|\n|upkeep\n|turn|14\n|inactive|Time left: 300 sec this turn | 300 sec total\n|\n|t:|1783574125\n|move|p2a: Arceus|Focus Blast|p1a: Wyrdeer|[miss]\n|-miss|p2a: Arceus|p1a: Wyrdeer\n|move|p1a: Wyrdeer|Earthquake|p2a: Arceus\n|-crit|p2a: Arceus\n|-damage|p2a: Arceus|161/280\n|\n|upkeep\n|turn|15\n|inactive|Time left: 300 sec this turn | 300 sec total\n|\n|t:|1783574126\n|move|p2a: Arceus|Recover|p2a: Arceus\n|-heal|p2a: Arceus|280/280\n|move|p1a: Wyrdeer|Thunder Wave|p2a: Arceus\n|-status|p2a: Arceus|par\n|\n|upkeep\n|turn|16\n|inactive|Time left: 300 sec this turn | 300 sec total\n|\n|t:|1783574127\n|move|p1a: Wyrdeer|Earthquake|p2a: Arceus\n|-damage|p2a: Arceus|209/280 par\n|cant|p2a: Arceus|par\n|\n|upkeep\n|turn|17\n|inactive|Time left: 300 sec this turn | 300 sec total\n|\n|t:|1783574128\n|move|p1a: Wyrdeer|Psychic Noise|p2a: Arceus\n|-damage|p2a: Arceus|169/280 par\n|-start|p2a: Arceus|move: Heal Block\n|cant|p2a: Arceus|par\n|\n|upkeep\n|turn|18\n|inactive|Time left: 300 sec this turn | 300 sec total\n|\n|t:|1783574129\n|move|p1a: Wyrdeer|Earthquake|p2a: Arceus\n|-damage|p2a: Arceus|99/280 par\n|move|p2a: Arceus|Focus Blast|p1a: Wyrdeer|[miss]\n|-miss|p2a: Arceus|p1a: Wyrdeer\n|\n|-end|p2a: Arceus|move: Heal Block\n|upkeep\n|turn|19\n|inactive|Time left: 300 sec this turn | 300 sec total\n|\n|t:|1783574130\n|move|p1a: Wyrdeer|Psychic Noise|p2a: Arceus\n|-damage|p2a: Arceus|53/280 par\n|-start|p2a: Arceus|move: Heal Block\n|cant|p2a: Arceus|move: Heal Block|Recover\n|\n|upkeep\n|turn|20\n|inactive|Time left: 300 sec this turn | 300 sec total\n|\n|t:|1783574131\n|move|p1a: Wyrdeer|Earthquake|p2a: Arceus\n|-damage|p2a: Arceus|0 fnt\n|faint|p2a: Arceus\n|\n|upkeep\n|inactive|Time left: 300 sec this turn | 300 sec total | 5 sec grace\n|\n|t:|1783574132\n|switch|p2a: Golem|Golem, L87, F|281/281\n|turn|21\n|inactive|Time left: 300 sec this turn | 300 sec total\n|\n|t:|1783574133\n|move|p1a: Wyrdeer|Psychic Noise|p2a: Golem\n|-damage|p2a: Golem|170/281\n|-start|p2a: Golem|move: Heal Block\n|move|p2a: Golem|Earthquake|p1a: Wyrdeer\n|-damage|p1a: Wyrdeer|53/100\n|\n|-heal|p1a: Wyrdeer|59/100|[from] item: Leftovers\n|upkeep\n|turn|22\n|inactive|Time left: 300 sec this turn | 300 sec total\n|\n|t:|1783574135\n|move|p1a: Wyrdeer|Megahorn|p2a: Golem\n|-damage|p2a: Golem|101/281\n|move|p2a: Golem|Stealth Rock|p1a: Wyrdeer\n|-sidestart|p1: p0x2963b4a7|move: Stealth Rock\n|\n|-heal|p1a: Wyrdeer|65/100|[from] item: Leftovers\n|-end|p2a: Golem|move: Heal Block\n|upkeep\n|turn|23\n|inactive|Time left: 300 sec this turn | 300 sec total\n|\n|t:|1783574136\n|switch|p2a: Braviary|Braviary, L85, M|309/309\n|move|p1a: Wyrdeer|Psychic Noise|p2a: Braviary\n|-damage|p2a: Braviary|201/309\n|-start|p2a: Braviary|move: Heal Block\n|\n|-heal|p1a: Wyrdeer|72/100|[from] item: Leftovers\n|upkeep\n|turn|24\n|inactive|Time left: 300 sec this turn | 300 sec total\n|\n|t:|1783574137\n|move|p2a: Braviary|Bulk Up|p2a: Braviary\n|-boost|p2a: Braviary|atk|1\n|-boost|p2a: Braviary|def|1\n|move|p1a: Wyrdeer|Psychic Noise|p2a: Braviary\n|-damage|p2a: Braviary|105/309\n|\n|-heal|p1a: Wyrdeer|78/100|[from] item: Leftovers\n|-end|p2a: Braviary|move: Heal Block\n|upkeep\n|turn|25\n|inactive|Time left: 300 sec this turn | 300 sec total\n|\n|t:|1783574138\n|move|p2a: Braviary|Brave Bird|p1a: Wyrdeer\n|-damage|p1a: Wyrdeer|0 fnt\n|faint|p1a: Wyrdeer\n|-damage|p2a: Braviary|23/309|[from] Recoil\n|\n|upkeep\n|\n|t:|1783574139\n|switch|p1a: Toxicroak|Toxicroak, L84, F|100/100\n|-damage|p1a: Toxicroak|94/100|[from] Stealth Rock\n|turn|26\n|inactive|Time left: 300 sec this turn | 300 sec total\n|\n|t:|1783574140\n|move|p1a: Toxicroak|Knock Off|p2a: Braviary\n|-damage|p2a: Braviary|0 fnt\n|-enditem|p2a: Braviary|Heavy-Duty Boots|[from] move: Knock Off|[of] p1a: Toxicroak\n|faint|p2a: Braviary\n|\n|upkeep\n|inactive|Time left: 300 sec this turn | 300 sec total | 5 sec grace\n|\n|t:|1783574141\n|switch|p2a: Golem|Golem, L87, F|101/281\n|turn|27\n|inactive|Time left: 300 sec this turn | 300 sec total\n|\n|t:|1783574142\n|-terastallize|p1a: Toxicroak|Dark\n|move|p1a: Toxicroak|Knock Off|p2a: Golem\n|-damage|p2a: Golem|0 fnt\n|-enditem|p2a: Golem|Custap Berry|[from] move: Knock Off|[of] p1a: Toxicroak\n|faint|p2a: Golem\n|\n|upkeep\n|inactive|Time left: 300 sec this turn | 300 sec total | 5 sec grace\n|\n|t:|1783574143\n|switch|p2a: Ditto|Ditto, L87|225/225\n|-transform|p2a: Ditto|p1a: Toxicroak|[from] ability: Imposter\n|-start|p2a: Ditto|typechange|Poison/Fighting|[silent]\n|turn|28\n|inactive|Time left: 300 sec this turn | 300 sec total\n|\n|t:|1783574144\n|move|p2a: Ditto|Knock Off|p1a: Toxicroak\n|-resisted|p1a: Toxicroak\n|-damage|p1a: Toxicroak|77/100\n|-enditem|p1a: Toxicroak|Choice Band|[from] move: Knock Off|[of] p2a: Ditto\n|move|p1a: Toxicroak|Knock Off|p2a: Ditto\n|-resisted|p2a: Ditto\n|-damage|p2a: Ditto|159/225\n|-enditem|p2a: Ditto|Choice Scarf|[from] move: Knock Off|[of] p1a: Toxicroak\n|\n|upkeep\n|turn|29\n|inactive|Time left: 300 sec this turn | 300 sec total\n|\n|t:|1783574145\n|move|p1a: Toxicroak|Earthquake|p2a: Ditto\n|-supereffective|p2a: Ditto\n|-damage|p2a: Ditto|0 fnt\n|faint|p2a: Ditto\n|\n|win|p0x2963b4a7", "uploadtime": 1783574145, "views": 0, "rating": 0, "private": 0, "password": null, "_winner": "p0x2963b4a7", "_our_name": "p0y29638539"}