{"id": "battle-gen9randombattle-2489", "formatid": "gen9randombattle", "format": "[Gen 9] Random Battle", "players": ["p0x24896566", "p0y2489e64f"], "log": "|init|battle\n|title|p0x24896566 vs. p0y2489e64f\n|j|\u2606p0x24896566\n|j|\u2606p0y2489e64f\n|t:|1783568848\n|gametype|singles\n|player|p1|p0x24896566|169|\n|player|p2|p0y2489e64f|101|\n|gen|9\n|tier|[Gen 9] Random Battle\n|rule|Species Clause: Limit one of each Pok\u00e9mon\n|rule|HP Percentage Mod: HP is shown in percentages\n|rule|Sleep Clause Mod: Limit one foe put to sleep\n|rule|Illusion Level Mod: Illusion disguises the Pok\u00e9mon's true level\n|\n|t:|1783568848\n|teamsize|p1|6\n|teamsize|p2|6\n|start\n|switch|p1a: Eelektross|Eelektross, L87, F|290/290\n|switch|p2a: Quaquaval|Quaquaval, L79, F|100/100\n|turn|1\n|inactive|Battle timer is ON: inactive players will automatically lose when time's up. (requested by p0x24896566)\n|inactive|p0y2489e64f also wants the timer to be on.\n|\n|t:|1783568850\n|switch|p2a: Slaking|Slaking, L84, M|100/100\n|move|p1a: Eelektross|Supercell Slam|p2a: Slaking\n|-damage|p2a: Slaking|69/100\n|\n|upkeep\n|turn|2\n|inactive|Time left: 300 sec this turn | 300 sec total\n|\n|t:|1783568851\n|move|p2a: Slaking|Giga Impact|p1a: Eelektross\n|-damage|p1a: Eelektross|0 fnt\n|-mustrecharge|p2a: Slaking\n|faint|p1a: Eelektross\n|\n|upkeep\n|inactive|Time left: 300 sec this turn | 300 sec total | 5 sec grace\n|\n|t:|1783568852\n|switch|p1a: Vespiquen|Vespiquen, L99, F|299/299\n|-ability|p1a: Vespiquen|Pressure\n|turn|3\n|inactive|Time left: 300 sec this turn | 300 sec total\n|\n|t:|1783568853\n|cant|p2a: Slaking|recharge\n|move|p1a: Vespiquen|Toxic|p2a: Slaking\n|-status|p2a: Slaking|tox\n|\n|-damage|p2a: Slaking|63/100 tox|[from] psn\n|upkeep\n|turn|4\n|inactive|Time left: 300 sec this turn | 300 sec total\n|\n|t:|1783568854\n|move|p2a: Slaking|Giga Impact|p1a: Vespiquen\n|-damage|p1a: Vespiquen|37/299\n|-mustrecharge|p2a: Slaking\n|move|p1a: Vespiquen|Roost|p1a: Vespiquen\n|-heal|p1a: Vespiquen|187/299\n|-singleturn|p1a: Vespiquen|move: Roost\n|\n|-damage|p2a: Slaking|51/100 tox|[from] psn\n|upkeep\n|turn|5\n|inactive|Time left: 300 sec this turn | 300 sec total\n|\n|t:|1783568855\n|cant|p2a: Slaking|recharge\n|move|p1a: Vespiquen|Roost|p1a: Vespiquen\n|-heal|p1a: Vespiquen|299/299\n|-singleturn|p1a: Vespiquen|move: Roost\n|\n|-damage|p2a: Slaking|32/100 tox|[from] psn\n|upkeep\n|turn|6\n|inactive|Time left: 300 sec this turn | 300 sec total\n|\n|t:|1783568856\n|move|p2a: Slaking|Giga Impact|p1a: Vespiquen\n|-damage|p1a: Vespiquen|40/299\n|-mustrecharge|p2a: Slaking\n|move|p1a: Vespiquen|Roost|p1a: Vespiquen\n|-heal|p1a: Vespiquen|190/299\n|-singleturn|p1a: Vespiquen|move: Roost\n|\n|-damage|p2a: Slaking|8/100 tox|[from] psn\n|upkeep\n|turn|7\n|inactive|Time left: 300 sec this turn | 300 sec total\n|\n|t:|1783568857\n|cant|p2a: Slaking|recharge\n|move|p1a: Vespiquen|Roost|p1a: Vespiquen\n|-heal|p1a: Vespiquen|299/299\n|-singleturn|p1a: Vespiquen|move: Roost\n|\n|-damage|p2a: Slaking|0 fnt|[from] psn\n|faint|p2a: Slaking\n|upkeep\n|\n|t:|1783568858\n|switch|p2a: Thundurus|Thundurus, L80, M|100/100\n|turn|8\n|inactive|Time left: 300 sec this turn | 300 sec total\n|\n|t:|1783568859\n|move|p2a: Thundurus|Nasty Plot|p2a: Thundurus\n|-boost|p2a: Thundurus|spa|2\n|move|p1a: Vespiquen|Toxic|p2a: Thundurus\n|-status|p2a: Thundurus|tox\n|\n|-damage|p2a: Thundurus|94/100 tox|[from] psn\n|upkeep\n|turn|9\n|inactive|Time left: 300 sec this turn | 300 sec total\n|\n|t:|1783568860\n|switch|p1a: Alcremie|Alcremie, L90, F|263/263\n|move|p2a: Thundurus|Thunderbolt|p1a: Alcremie\n|-damage|p1a: Alcremie|116/263\n|\n|-heal|p1a: Alcremie|132/263|[from] item: Leftovers\n|-damage|p2a: Thundurus|82/100 tox|[from] psn\n|upkeep\n|turn|10\n|inactive|Time left: 300 sec this turn | 300 sec total\n|\n|t:|1783568862\n|-terastallize|p1a: Alcremie|Ground\n|move|p2a: Thundurus|Thunderbolt|p1a: Alcremie\n|-immune|p1a: Alcremie\n|move|p1a: Alcremie|Alluring Voice|p2a: Thundurus\n|-damage|p2a: Thundurus|38/100 tox\n|\n|-heal|p1a: Alcremie|148/263|[from] item: Leftovers\n|-damage|p2a: Thundurus|19/100 tox|[from] psn\n|upkeep\n|turn|11\n|inactive|Time left: 300 sec this turn | 300 sec total\n|\n|t:|1783568863\n|-terastallize|p2a: Thundurus|Flying\n|move|p2a: Thundurus|Tera Blast|p1a: Alcremie|[anim] Tera Blast Flying\n|-damage|p1a: Alcremie|0 fnt\n|faint|p1a: Alcremie\n|\n|-damage|p2a: Thundurus|0 fnt|[from] psn\n|faint|p2a: Thundurus\n|upkeep\n|inactive|Time left: 300 sec this turn | 300 sec total | 5 sec grace\n|\n|t:|1783568864\n|switch|p2a: Raikou|Raikou, L81|100/100\n|switch|p1a: Tatsugiri|Tatsugiri, L87, M|260/260\n|-ability|p2a: Raikou|Pressure\n|turn|12\n|inactive|Time left: 300 sec this turn | 300 sec total\n|\n|t:|1783568865\n|move|p2a: Raikou|Calm Mind|p2a: Raikou\n|-boost|p2a: Raikou|spa|1\n|-boost|p2a: Raikou|spd|1\n|move|p1a: Tatsugiri|Nasty Plot|p1a: Tatsugiri\n|-boost|p1a: Tatsugiri|spa|2\n|\n|upkeep\n|turn|13\n|inactive|Time left: 300 sec this turn | 300 sec total\n|\n|t:|1783568866\n|move|p2a: Raikou|Thunderbolt|p1a: Tatsugiri\n|-damage|p1a: Tatsugiri|112/260\n|move|p1a: Tatsugiri|Draco Meteor|p2a: Raikou\n|-damage|p2a: Raikou|17/100\n|-unboost|p1a: Tatsugiri|spa|2\n|\n|-heal|p2a: Raikou|24/100|[from] item: Leftovers\n|upkeep\n|turn|14\n|inactive|Time left: 300 sec this turn | 300 sec total\n|\n|t:|1783568867\n|switch|p1a: Entei|Entei, L78|307/307\n|move|p2a: Raikou|Thunderbolt|p1a: Entei\n|-damage|p1a: Entei|124/307\n|\n|-heal|p2a: Raikou|30/100|[from] item: Leftovers\n|upkeep\n|turn|15\n|inactive|Time left: 300 sec this turn | 300 sec total\n|\n|t:|1783568868\n|switch|p2a: Quaquaval|Quaquaval, L79, F|100/100\n|move|p1a: Entei|Extreme Speed|p2a: Quaquaval\n|-damage|p2a: Quaquaval|63/100\n|\n|-heal|p2a: Quaquaval|69/100|[from] item: Leftovers\n|upkeep\n|turn|16\n|inactive|Time left: 300 sec this turn | 300 sec total\n|\n|t:|1783568869\n|switch|p1a: Vespiquen|Vespiquen, L99, F|299/299\n|-ability|p1a: Vespiquen|Pressure\n|move|p2a: Quaquaval|Roost|p2a: Quaquaval\n|-heal|p2a: Quaquaval|100/100\n|-singleturn|p2a: Quaquaval|move: Roost\n|\n|upkeep\n|turn|17\n|inactive|Time left: 300 sec this turn | 300 sec total\n|\n|t:|1783568871\n|switch|p2a: Raikou|Raikou, L81|30/100\n|-ability|p2a: Raikou|Pressure\n|move|p1a: Vespiquen|Air Slash|p2a: Raikou\n|-resisted|p2a: Raikou\n|-damage|p2a: Raikou|13/100\n|\n|-heal|p2a: Raikou|19/100|[from] item: Leftovers\n|upkeep\n|turn|18\n|inactive|Time left: 300 sec this turn | 300 sec total\n|\n|t:|1783568872\n|move|p2a: Raikou|Thunderbolt|p1a: Vespiquen\n|-supereffective|p1a: Vespiquen\n|-damage|p1a: Vespiquen|135/299\n|move|p1a: Vespiquen|U-turn|p2a: Raikou\n|-damage|p2a: Raikou|0 fnt\n|faint|p2a: Raikou\n|inactive|Time left: 300 sec this turn | 300 sec total | 5 sec grace\n|\n|t:|1783568873\n|switch|p1a: Entei|Entei, L78|124/307|[from] U-turn\n|\n|upkeep\n|\n|t:|1783568874\n|switch|p2a: Quaquaval|Quaquaval, L79, F|100/100\n|turn|19\n|inactive|Time left: 300 sec this turn | 300 sec total\n|\n|t:|1783568875\n|move|p1a: Entei|Sacred Fire|p2a: Quaquaval\n|-resisted|p2a: Quaquaval\n|-damage|p2a: Quaquaval|64/100\n|move|p2a: Quaquaval|Aqua Step|p1a: Entei\n|-supereffective|p1a: Entei\n|-damage|p1a: Entei|0 fnt\n|-boost|p2a: Quaquaval|spe|1\n|faint|p1a: Entei\n|-ability|p2a: Quaquaval|Moxie|boost\n|-boost|p2a: Quaquaval|atk|1\n|\n|-heal|p2a: Quaquaval|70/100|[from] item: Leftovers\n|upkeep\n|inactive|Time left: 300 sec this turn | 300 sec total | 5 sec grace\n|\n|t:|1783568876\n|switch|p1a: Vespiquen|Vespiquen, L99, F|135/299\n|-ability|p1a: Vespiquen|Pressure\n|turn|20\n|inactive|Time left: 300 sec this turn | 300 sec total\n|\n|t:|1783568877\n|move|p2a: Quaquaval|Aqua Step|p1a: Vespiquen\n|-damage|p1a: Vespiquen|33/299\n|-boost|p2a: Quaquaval|spe|1\n|move|p1a: Vespiquen|Air Slash|p2a: Quaquaval\n|-supereffective|p2a: Quaquaval\n|-damage|p2a: Quaquaval|0 fnt\n|faint|p2a: Quaquaval\n|\n|upkeep\n|\n|t:|1783568878\n|switch|p2a: Barraskewda|Barraskewda, L81, M|100/100\n|turn|21\n|inactive|Time left: 300 sec this turn | 300 sec total\n|\n|t:|1783568879\n|switch|p1a: Toxapex|Toxapex, L82, F|216/216\n|move|p2a: Barraskewda|Poison Jab|p1a: Toxapex\n|-resisted|p1a: Toxapex\n|-damage|p1a: Toxapex|182/216\n|\n|-heal|p1a: Toxapex|195/216|[from] item: Leftovers\n|upkeep\n|turn|22\n|inactive|Time left: 300 sec this turn | 300 sec total\n|\n|t:|1783568880\n|switch|p2a: Blissey|Blissey, L85, F|100/100\n|move|p1a: Toxapex|Toxic Spikes|p2a: Blissey\n|-sidestart|p2: p0y2489e64f|move: Toxic Spikes\n|\n|-heal|p1a: Toxapex|208/216|[from] item: Leftovers\n|upkeep\n|turn|23\n|inactive|Time left: 300 sec this turn | 300 sec total\n|\n|t:|1783568881\n|move|p2a: Blissey|Thunder Wave|p1a: Toxapex\n|-status|p1a: Toxapex|par\n|move|p1a: Toxapex|Liquidation|p2a: Blissey\n|-damage|p2a: Blissey|70/100\n|\n|-heal|p2a: Blissey|76/100|[from] item: Leftovers\n|-heal|p1a: Toxapex|216/216 par|[from] item: Leftovers\n|upkeep\n|turn|24\n|inactive|Time left: 300 sec this turn | 300 sec total\n|\n|t:|1783568881\n|move|p2a: Blissey|Seismic Toss|p1a: Toxapex\n|-damage|p1a: Toxapex|131/216 par\n|move|p1a: Toxapex|Liquidation|p2a: Blissey\n|-damage|p2a: Blissey|42/100\n|\n|-heal|p2a: Blissey|48/100|[from] item: Leftovers\n|-heal|p1a: Toxapex|144/216 par|[from] item: Leftovers\n|upkeep\n|turn|25\n|inactive|Time left: 300 sec this turn | 300 sec total\n|\n|t:|1783568882\n|move|p2a: Blissey|Seismic Toss|p1a: Toxapex\n|-damage|p1a: Toxapex|59/216 par\n|move|p1a: Toxapex|Recover|p1a: Toxapex\n|-heal|p1a: Toxapex|167/216 par\n|\n|-heal|p2a: Blissey|55/100|[from] item: Leftovers\n|-heal|p1a: Toxapex|180/216 par|[from] item: Leftovers\n|upkeep\n|turn|26\n|inactive|Time left: 300 sec this turn | 300 sec total\n|\n|t:|1783568883\n|move|p2a: Blissey|Soft-Boiled|p2a: Blissey\n|-heal|p2a: Blissey|100/100\n|move|p1a: Toxapex|Liquidation|p2a: Blissey\n|-damage|p2a: Blissey|69/100\n|\n|-heal|p2a: Blissey|75/100|[from] item: Leftovers\n|-heal|p1a: Toxapex|193/216 par|[from] item: Leftovers\n|upkeep\n|turn|27\n|inactive|Time left: 300 sec this turn | 300 sec total\n|\n|t:|1783568884\n|move|p2a: Blissey|Seismic Toss|p1a: Toxapex\n|-damage|p1a: Toxapex|108/216 par\n|move|p1a: Toxapex|Liquidation|p2a: Blissey\n|-damage|p2a: Blissey|46/100\n|\n|-heal|p2a: Blissey|52/100|[from] item: Leftovers\n|-heal|p1a: Toxapex|121/216 par|[from] item: Leftovers\n|upkeep\n|turn|28\n|inactive|Time left: 300 sec this turn | 300 sec total\n|\n|t:|1783568885\n|move|p2a: Blissey|Seismic Toss|p1a: Toxapex\n|-damage|p1a: Toxapex|36/216 par\n|move|p1a: Toxapex|Recover|p1a: Toxapex\n|-heal|p1a: Toxapex|144/216 par\n|\n|-heal|p2a: Blissey|58/100|[from] item: Leftovers\n|-heal|p1a: Toxapex|157/216 par|[from] item: Leftovers\n|upkeep\n|turn|29\n|inactive|Time left: 300 sec this turn | 300 sec total\n|\n|t:|1783568886\n|move|p2a: Blissey|Seismic Toss|p1a: Toxapex\n|-damage|p1a: Toxapex|72/216 par\n|move|p1a: Toxapex|Recover|p1a: Toxapex\n|-heal|p1a: Toxapex|180/216 par\n|\n|-heal|p2a: Blissey|64/100|[from] item: Leftovers\n|-heal|p1a: Toxapex|193/216 par|[from] item: Leftovers\n|upkeep\n|turn|30\n|inactive|Time left: 300 sec this turn | 300 sec total\n|\n|t:|1783568887\n|move|p2a: Blissey|Seismic Toss|p1a: Toxapex\n|-damage|p1a: Toxapex|108/216 par\n|move|p1a: Toxapex|Liquidation|p2a: Blissey\n|-damage|p2a: Blissey|32/100\n|\n|-heal|p2a: Blissey|38/100|[from] item: Leftovers\n|-heal|p1a: Toxapex|121/216 par|[from] item: Leftovers\n|upkeep\n|turn|31\n|inactive|Time left: 300 sec this turn | 300 sec total\n|\n|t:|1783568888\n|move|p2a: Blissey|Seismic Toss|p1a: Toxapex\n|-damage|p1a: Toxapex|36/216 par\n|move|p1a: Toxapex|Recover|p1a: Toxapex\n|-heal|p1a: Toxapex|144/216 par\n|\n|-heal|p2a: Blissey|45/100|[from] item: Leftovers\n|-heal|p1a: Toxapex|157/216 par|[from] item: Leftovers\n|upkeep\n|turn|32\n|inactive|Time left: 300 sec this turn | 300 sec total\n|\n|t:|1783568889\n|move|p2a: Blissey|Soft-Boiled|p2a: Blissey\n|-heal|p2a: Blissey|95/100\n|move|p1a: Toxapex|Liquidation|p2a: Blissey\n|-damage|p2a: Blissey|64/100\n|\n|-heal|p2a: Blissey|70/100|[from] item: Leftovers\n|-heal|p1a: Toxapex|170/216 par|[from] item: Leftovers\n|upkeep\n|turn|33\n|inactive|Time left: 300 sec this turn | 300 sec total\n|\n|t:|1783568890\n|move|p2a: Blissey|Seismic Toss|p1a: Toxapex\n|-damage|p1a: Toxapex|85/216 par\n|move|p1a: Toxapex|Liquidation|p2a: Blissey\n|-damage|p2a: Blissey|35/100\n|-unboost|p2a: Blissey|def|1\n|\n|-heal|p2a: Blissey|41/100|[from] item: Leftovers\n|-heal|p1a: Toxapex|98/216 par|[from] item: Leftovers\n|upkeep\n|turn|34\n|inactive|Time left: 300 sec this turn | 300 sec total\n|\n|t:|1783568891\n|move|p2a: Blissey|Soft-Boiled|p2a: Blissey\n|-heal|p2a: Blissey|91/100\n|move|p1a: Toxapex|Liquidation|p2a: Blissey\n|-damage|p2a: Blissey|44/100\n|-unboost|p2a: Blissey|def|1\n|\n|-heal|p2a: Blissey|50/100|[from] item: Leftovers\n|-heal|p1a: Toxapex|111/216 par|[from] item: Leftovers\n|upkeep\n|turn|35\n|inactive|Time left: 300 sec this turn | 300 sec total\n|\n|t:|1783568892\n|move|p2a: Blissey|Soft-Boiled|p2a: Blissey\n|-heal|p2a: Blissey|99/100\n|cant|p1a: Toxapex|par\n|\n|-heal|p2a: Blissey|100/100|[from] item: Leftovers\n|-heal|p1a: Toxapex|124/216 par|[from] item: Leftovers\n|upkeep\n|turn|36\n|inactive|Time left: 300 sec this turn | 300 sec total\n|\n|t:|1783568893\n|move|p2a: Blissey|Seismic Toss|p1a: Toxapex\n|-damage|p1a: Toxapex|39/216 par\n|move|p1a: Toxapex|Recover|p1a: Toxapex\n|-heal|p1a: Toxapex|147/216 par\n|\n|-heal|p1a: Toxapex|160/216 par|[from] item: Leftovers\n|upkeep\n|turn|37\n|inactive|Time left: 300 sec this turn | 300 sec total\n|\n|t:|1783568894\n|move|p2a: Blissey|Seismic Toss|p1a: Toxapex\n|-damage|p1a: Toxapex|75/216 par\n|move|p1a: Toxapex|Liquidation|p2a: Blissey\n|-damage|p2a: Blissey|35/100\n|\n|-heal|p2a: Blissey|42/100|[from] item: Leftovers\n|-heal|p1a: Toxapex|88/216 par|[from] item: Leftovers\n|upkeep\n|turn|38\n|inactive|Time left: 300 sec this turn | 300 sec total\n|\n|t:|1783568895\n|move|p2a: Blissey|Soft-Boiled|p2a: Blissey\n|-heal|p2a: Blissey|92/100\n|move|p1a: Toxapex|Liquidation|p2a: Blissey\n|-damage|p2a: Blissey|26/100\n|\n|-heal|p2a: Blissey|32/100|[from] item: Leftovers\n|-heal|p1a: Toxapex|101/216 par|[from] item: Leftovers\n|upkeep\n|turn|39\n|inactive|Time left: 300 sec this turn | 300 sec total\n|\n|t:|1783568896\n|move|p2a: Blissey|Soft-Boiled|p2a: Blissey\n|-heal|p2a: Blissey|82/100\n|move|p1a: Toxapex|Liquidation|p2a: Blissey\n|-damage|p2a: Blissey|22/100\n|\n|-heal|p2a: Blissey|28/100|[from] item: Leftovers\n|-heal|p1a: Toxapex|114/216 par|[from] item: Leftovers\n|upkeep\n|turn|40\n|inactive|Time left: 300 sec this turn | 300 sec total\n|\n|t:|1783568897\n|move|p2a: Blissey|Soft-Boiled|p2a: Blissey\n|-heal|p2a: Blissey|78/100\n|move|p1a: Toxapex|Liquidation|p2a: Blissey\n|-damage|p2a: Blissey|17/100\n|\n|-heal|p2a: Blissey|23/100|[from] item: Leftovers\n|-heal|p1a: Toxapex|127/216 par|[from] item: Leftovers\n|upkeep\n|turn|41\n|inactive|Time left: 300 sec this turn | 300 sec total\n|\n|t:|1783568898\n|move|p2a: Blissey|Soft-Boiled|p2a: Blissey\n|-heal|p2a: Blissey|73/100\n|cant|p1a: Toxapex|par\n|\n|-heal|p2a: Blissey|79/100|[from] item: Leftovers\n|-heal|p1a: Toxapex|140/216 par|[from] item: Leftovers\n|upkeep\n|turn|42\n|inactive|Time left: 300 sec this turn | 300 sec total\n|\n|t:|1783568898\n|move|p2a: Blissey|Seismic Toss|p1a: Toxapex\n|-damage|p1a: Toxapex|55/216 par\n|cant|p1a: Toxapex|par\n|\n|-heal|p2a: Blissey|85/100|[from] item: Leftovers\n|-heal|p1a: Toxapex|68/216 par|[from] item: Leftovers\n|upkeep\n|turn|43\n|inactive|Time left: 300 sec this turn | 300 sec total\n|\n|t:|1783568899\n|switch|p1a: Vespiquen|Vespiquen, L99, F|33/299\n|-ability|p1a: Vespiquen|Pressure\n|move|p2a: Blissey|Seismic Toss|p1a: Vespiquen\n|-damage|p1a: Vespiquen|0 fnt\n|faint|p1a: Vespiquen\n|\n|-heal|p2a: Blissey|91/100|[from] item: Leftovers\n|upkeep\n|inactive|Time left: 300 sec this turn | 300 sec total | 5 sec grace\n|\n|t:|1783568900\n|switch|p1a: Toxapex|Toxapex, L82, F|140/216 par\n|turn|44\n|inactive|Time left: 300 sec this turn | 300 sec total\n|\n|t:|1783568901\n|move|p2a: Blissey|Seismic Toss|p1a: Toxapex\n|-damage|p1a: Toxapex|55/216 par\n|move|p1a: Toxapex|Recover|p1a: Toxapex\n|-heal|p1a: Toxapex|163/216 par\n|\n|-heal|p2a: Blissey|98/100|[from] item: Leftovers\n|-heal|p1a: Toxapex|176/216 par|[from] item: Leftovers\n|upkeep\n|turn|45\n|inactive|Time left: 300 sec this turn | 300 sec total\n|\n|t:|1783568902\n|move|p2a: Blissey|Seismic Toss|p1a: Toxapex\n|-damage|p1a: Toxapex|91/216 par\n|cant|p1a: Toxapex|par\n|\n|-heal|p2a: Blissey|100/100|[from] item: Leftovers\n|-heal|p1a: Toxapex|104/216 par|[from] item: Leftovers\n|upkeep\n|turn|46\n|inactive|Time left: 300 sec this turn | 300 sec total\n|\n|t:|1783568903\n|move|p2a: Blissey|Seismic Toss|p1a: Toxapex\n|-damage|p1a: Toxapex|19/216 par\n|move|p1a: Toxapex|Recover|p1a: Toxapex\n|-heal|p1a: Toxapex|127/216 par\n|\n|-heal|p1a: Toxapex|140/216 par|[from] item: Leftovers\n|upkeep\n|turn|47\n|inactive|Time left: 300 sec this turn | 300 sec total\n|\n|t:|1783568904\n|move|p2a: Blissey|Seismic Toss|p1a: Toxapex\n|-damage|p1a: Toxapex|55/216 par\n|move|p1a: Toxapex|Recover|p1a: Toxapex\n|-heal|p1a: Toxapex|163/216 par\n|\n|-heal|p1a: Toxapex|176/216 par|[from] item: Leftovers\n|upkeep\n|turn|48\n|inactive|Time left: 300 sec this turn | 300 sec total\n|\n|t:|1783568905\n|move|p2a: Blissey|Seismic Toss|p1a: Toxapex\n|-damage|p1a: Toxapex|91/216 par\n|move|p1a: Toxapex|Liquidation|p2a: Blissey\n|-damage|p2a: Blissey|37/100\n|\n|-heal|p2a: Blissey|43/100|[from] item: Leftovers\n|-heal|p1a: Toxapex|104/216 par|[from] item: Leftovers\n|upkeep\n|turn|49\n|inactive|Time left: 300 sec this turn | 300 sec total\n|\n|t:|1783568906\n|move|p2a: Blissey|Seismic Toss|p1a: Toxapex\n|-damage|p1a: Toxapex|19/216 par\n|cant|p1a: Toxapex|par\n|\n|-heal|p2a: Blissey|49/100|[from] item: Leftovers\n|-heal|p1a: Toxapex|32/216 par|[from] item: Leftovers\n|upkeep\n|turn|50\n|inactive|Time left: 300 sec this turn | 300 sec total\n|\n|t:|1783568906\n|switch|p1a: Tatsugiri|Tatsugiri, L87, M|112/260\n|move|p2a: Blissey|Seismic Toss|p1a: Tatsugiri\n|-damage|p1a: Tatsugiri|27/260\n|\n|-heal|p2a: Blissey|55/100|[from] item: Leftovers\n|upkeep\n|turn|51\n|inactive|Time left: 300 sec this turn | 300 sec total\n|\n|t:|1783568907\n|move|p1a: Tatsugiri|Hydro Pump|p2a: Blissey\n|-damage|p2a: Blissey|38/100\n|move|p2a: Blissey|Seismic Toss|p1a: Tatsugiri\n|-damage|p1a: Tatsugiri|0 fnt\n|faint|p1a: Tatsugiri\n|\n|-heal|p2a: Blissey|44/100|[from] item: Leftovers\n|upkeep\n|inactive|Time left: 300 sec this turn | 300 sec total | 5 sec grace\n|\n|t:|1783568908\n|switch|p1a: Toxapex|Toxapex, L82, F|104/216 par\n|turn|52\n|inactive|Time left: 300 sec this turn | 300 sec total\n|\n|t:|1783568909\n|move|p2a: Blissey|Seismic Toss|p1a: Toxapex\n|-damage|p1a: Toxapex|19/216 par\n|move|p1a: Toxapex|Toxic Spikes|p2a: Blissey\n|-sidestart|p2: p0y2489e64f|move: Toxic Spikes\n|\n|-heal|p2a: Blissey|50/100|[from] item: Leftovers\n|-heal|p1a: Toxapex|32/216 par|[from] item: Leftovers\n|upkeep\n|turn|53\n|inactive|Time left: 300 sec this turn | 300 sec total\n|\n|t:|1783568910\n|move|p2a: Blissey|Seismic Toss|p1a: Toxapex\n|-damage|p1a: Toxapex|0 fnt\n|faint|p1a: Toxapex\n|\n|win|p0y2489e64f", "uploadtime": 1783568910, "views": 0, "rating": 0, "private": 0, "password": null, "_winner": "p0y2489e64f", "_our_name": "p0x24896566"}