{"id": "battle-gen9randombattle-1318", "formatid": "gen9randombattle", "format": "[Gen 9] Random Battle", "players": ["p0x1318f5d3", "p0y131874df"], "log": "|init|battle\n|title|p0x1318f5d3 vs. p0y131874df\n|j|\u2606p0x1318f5d3\n|j|\u2606p0y131874df\n|t:|1783554441\n|gametype|singles\n|player|p1|p0x1318f5d3|102|\n|player|p2|p0y131874df|102|\n|gen|9\n|tier|[Gen 9] Random Battle\n|rule|Species Clause: Limit one of each Pok\u00e9mon\n|rule|HP Percentage Mod: HP is shown in percentages\n|rule|Sleep Clause Mod: Limit one foe put to sleep\n|rule|Illusion Level Mod: Illusion disguises the Pok\u00e9mon's true level\n|\n|t:|1783554441\n|teamsize|p1|6\n|teamsize|p2|6\n|start\n|switch|p1a: Golem|Golem, L87, F|100/100\n|switch|p2a: Leafeon|Leafeon, L88, M|258/258\n|turn|1\n|inactive|Battle timer is ON: inactive players will automatically lose when time's up. (requested by p0y131874df)\n|inactive|p0x1318f5d3 also wants the timer to be on.\n|\n|t:|1783554442\n|move|p2a: Leafeon|Swords Dance|p2a: Leafeon\n|-boost|p2a: Leafeon|atk|2\n|move|p1a: Golem|Stone Edge|p2a: Leafeon\n|-damage|p2a: Leafeon|162/258\n|\n|upkeep\n|turn|2\n|inactive|Time left: 300 sec this turn | 300 sec total\n|\n|t:|1783554443\n|move|p2a: Leafeon|Knock Off|p1a: Golem\n|-damage|p1a: Golem|43/100\n|-enditem|p1a: Golem|Weakness Policy|[from] move: Knock Off|[of] p2a: Leafeon\n|-damage|p2a: Leafeon|137/258|[from] item: Life Orb\n|move|p1a: Golem|Stone Edge|p2a: Leafeon\n|-damage|p2a: Leafeon|52/258\n|\n|upkeep\n|turn|3\n|inactive|Time left: 300 sec this turn | 300 sec total\n|\n|t:|1783554444\n|-terastallize|p1a: Golem|Steel\n|move|p2a: Leafeon|Synthesis|p2a: Leafeon\n|-heal|p2a: Leafeon|181/258\n|move|p1a: Golem|Earthquake|p2a: Leafeon\n|-resisted|p2a: Leafeon\n|-damage|p2a: Leafeon|139/258\n|\n|upkeep\n|turn|4\n|inactive|Time left: 300 sec this turn | 300 sec total\n|\n|t:|1783554445\n|move|p2a: Leafeon|Synthesis|p2a: Leafeon\n|-heal|p2a: Leafeon|258/258\n|move|p1a: Golem|Explosion|p2a: Leafeon\n|-damage|p2a: Leafeon|98/258\n|faint|p1a: Golem\n|\n|upkeep\n|\n|t:|1783554445\n|switch|p1a: Mienshao|Mienshao, L83, M|100/100\n|turn|5\n|inactive|Time left: 300 sec this turn | 300 sec total\n|\n|t:|1783554446\n|move|p1a: Mienshao|Close Combat|p2a: Leafeon\n|-damage|p2a: Leafeon|0 fnt\n|-unboost|p1a: Mienshao|def|1\n|-unboost|p1a: Mienshao|spd|1\n|faint|p2a: Leafeon\n|-damage|p1a: Mienshao|91/100|[from] item: Life Orb\n|\n|upkeep\n|inactive|Time left: 300 sec this turn | 300 sec total | 5 sec grace\n|\n|t:|1783554447\n|switch|p2a: Oricorio|Oricorio, L84, F|263/263\n|turn|6\n|inactive|Time left: 300 sec this turn | 300 sec total\n|\n|t:|1783554447\n|switch|p1a: Articuno|Articuno-Galar, L84|100/100\n|move|p2a: Oricorio|Quiver Dance|p2a: Oricorio\n|-boost|p2a: Oricorio|spa|1\n|-boost|p2a: Oricorio|spd|1\n|-boost|p2a: Oricorio|spe|1\n|\n|upkeep\n|turn|7\n|inactive|Time left: 300 sec this turn | 300 sec total\n|\n|t:|1783554448\n|move|p2a: Oricorio|Quiver Dance|p2a: Oricorio\n|-boost|p2a: Oricorio|spa|1\n|-boost|p2a: Oricorio|spd|1\n|-boost|p2a: Oricorio|spe|1\n|move|p1a: Articuno|Calm Mind|p1a: Articuno\n|-boost|p1a: Articuno|spa|1\n|-boost|p1a: Articuno|spd|1\n|\n|upkeep\n|turn|8\n|inactive|Time left: 300 sec this turn | 300 sec total\n|\n|t:|1783554449\n|move|p2a: Oricorio|Hurricane|p1a: Articuno\n|-damage|p1a: Articuno|49/100\n|-start|p1a: Articuno|confusion\n|-activate|p1a: Articuno|confusion\n|move|p1a: Articuno|Freezing Glare|p2a: Oricorio\n|-damage|p2a: Oricorio|160/263\n|\n|upkeep\n|turn|9\n|inactive|Time left: 300 sec this turn | 300 sec total\n|\n|t:|1783554450\n|move|p2a: Oricorio|Revelation Dance|p1a: Articuno\n|-damage|p1a: Articuno|12/100\n|-activate|p1a: Articuno|confusion\n|-damage|p1a: Articuno|4/100|[from] confusion\n|\n|upkeep\n|turn|10\n|inactive|Time left: 300 sec this turn | 300 sec total\n|\n|t:|1783554451\n|move|p2a: Oricorio|Revelation Dance|p1a: Articuno\n|-damage|p1a: Articuno|0 fnt\n|faint|p1a: Articuno\n|\n|upkeep\n|\n|t:|1783554452\n|switch|p1a: Toxtricity|Toxtricity, L82, M|100/100\n|turn|11\n|inactive|Time left: 300 sec this turn | 300 sec total\n|\n|t:|1783554453\n|-terastallize|p2a: Oricorio|Ground\n|move|p2a: Oricorio|Revelation Dance|p1a: Toxtricity\n|-supereffective|p1a: Toxtricity\n|-damage|p1a: Toxtricity|0 fnt\n|faint|p1a: Toxtricity\n|\n|upkeep\n|\n|t:|1783554454\n|switch|p1a: Victreebel|Victreebel, L90, M|100/100\n|turn|12\n|inactive|Time left: 300 sec this turn | 300 sec total\n|\n|t:|1783554455\n|move|p2a: Oricorio|Hurricane|p1a: Victreebel\n|-supereffective|p1a: Victreebel\n|-damage|p1a: Victreebel|0 fnt\n|faint|p1a: Victreebel\n|\n|upkeep\n|\n|t:|1783554456\n|switch|p1a: Mienshao|Mienshao, L83, M|100/100\n|turn|13\n|inactive|Time left: 300 sec this turn | 300 sec total\n|\n|t:|1783554457\n|move|p2a: Oricorio|Revelation Dance|p1a: Mienshao\n|-damage|p1a: Mienshao|0 fnt\n|faint|p1a: Mienshao\n|\n|upkeep\n|\n|t:|1783554457\n|switch|p1a: Stonjourner|Stonjourner, L91, M|100/100\n|turn|14\n|inactive|Time left: 300 sec this turn | 300 sec total\n|\n|t:|1783554458\n|move|p2a: Oricorio|Revelation Dance|p1a: Stonjourner\n|-supereffective|p1a: Stonjourner\n|-damage|p1a: Stonjourner|0 fnt\n|faint|p1a: Stonjourner\n|\n|win|p0y131874df", "uploadtime": 1783554458, "views": 0, "rating": 0, "private": 0, "password": null, "_winner": "p0y131874df", "_our_name": "p0y131874df"}