{"id": "battle-gen9randombattle-2927", "formatid": "gen9randombattle", "format": "[Gen 9] Random Battle", "players": ["p0x2927f027", "p0y292740e9"], "log": "|init|battle\n|title|p0x2927f027 vs. p0y292740e9\n|j|\u2606p0x2927f027\n|j|\u2606p0y292740e9\n|t:|1783572737\n|gametype|singles\n|player|p1|p0x2927f027|1|\n|player|p2|p0y292740e9|2|\n|gen|9\n|tier|[Gen 9] Random Battle\n|rule|Species Clause: Limit one of each Pok\u00e9mon\n|rule|HP Percentage Mod: HP is shown in percentages\n|rule|Sleep Clause Mod: Limit one foe put to sleep\n|rule|Illusion Level Mod: Illusion disguises the Pok\u00e9mon's true level\n|\n|t:|1783572737\n|teamsize|p1|6\n|teamsize|p2|6\n|start\n|switch|p1a: Lycanroc|Lycanroc-Dusk, L81, F|100/100\n|switch|p2a: Zarude|Zarude, L77|288/288\n|turn|1\n|inactive|Battle timer is ON: inactive players will automatically lose when time's up. (requested by p0x2927f027)\n|inactive|Time left: 300 sec this turn | 300 sec total | 60 sec grace\n|inactive|p0y292740e9 also wants the timer to be on.\n|\n|t:|1783572738\n|-terastallize|p2a: Zarude|Fighting\n|move|p1a: Lycanroc|Close Combat|p2a: Zarude\n|-damage|p2a: Zarude|121/288\n|-unboost|p1a: Lycanroc|def|1\n|-unboost|p1a: Lycanroc|spd|1\n|move|p2a: Zarude|Knock Off|p1a: Lycanroc\n|-damage|p1a: Lycanroc|0 fnt\n|-enditem|p1a: Lycanroc|Choice Band|[from] move: Knock Off|[of] p2a: Zarude\n|faint|p1a: Lycanroc\n|-damage|p2a: Zarude|93/288|[from] item: Life Orb\n|\n|upkeep\n|\n|t:|1783572739\n|switch|p1a: Malamar|Malamar, L82, F|100/100\n|turn|2\n|inactive|Time left: 300 sec this turn | 300 sec total\n|\n|t:|1783572740\n|move|p2a: Zarude|Knock Off|p1a: Malamar\n|-damage|p1a: Malamar|52/100\n|-enditem|p1a: Malamar|Chesto Berry|[from] move: Knock Off|[of] p2a: Zarude\n|-damage|p2a: Zarude|65/288|[from] item: Life Orb\n|move|p1a: Malamar|Superpower|p2a: Zarude\n|-damage|p2a: Zarude|0 fnt\n|-boost|p1a: Malamar|atk|1\n|-boost|p1a: Malamar|def|1\n|faint|p2a: Zarude\n|\n|upkeep\n|inactive|Time left: 300 sec this turn | 300 sec total | 5 sec grace\n|\n|t:|1783572741\n|switch|p2a: Raichu|Raichu-Alola, L87, M|246/246\n|turn|3\n|inactive|Time left: 300 sec this turn | 300 sec total\n|\n|t:|1783572741\n|move|p2a: Raichu|Thunderbolt|p1a: Malamar\n|-damage|p1a: Malamar|0 fnt\n|faint|p1a: Malamar\n|-damage|p2a: Raichu|222/246|[from] item: Life Orb\n|\n|upkeep\n|\n|t:|1783572742\n|switch|p1a: Archaludon|Archaludon, L78, F|100/100\n|turn|4\n|inactive|Time left: 300 sec this turn | 300 sec total\n|\n|t:|1783572744\n|move|p2a: Raichu|Nasty Plot|p2a: Raichu\n|-boost|p2a: Raichu|spa|2\n|move|p1a: Archaludon|Swords Dance|p1a: Archaludon\n|-boost|p1a: Archaludon|atk|2\n|\n|upkeep\n|turn|5\n|inactive|Time left: 300 sec this turn | 300 sec total\n|\n|t:|1783572745\n|move|p2a: Raichu|Thunderbolt|p1a: Archaludon\n|-resisted|p1a: Archaludon\n|-damage|p1a: Archaludon|37/100\n|-status|p1a: Archaludon|par\n|-enditem|p1a: Archaludon|Lum Berry|[eat]\n|-curestatus|p1a: Archaludon|par|[msg]\n|-ability|p1a: Archaludon|Stamina|boost\n|-boost|p1a: Archaludon|def|1\n|-damage|p2a: Raichu|198/246|[from] item: Life Orb\n|move|p1a: Archaludon|Earthquake|p2a: Raichu\n|-supereffective|p2a: Raichu\n|-damage|p2a: Raichu|0 fnt\n|faint|p2a: Raichu\n|\n|upkeep\n|inactive|Time left: 300 sec this turn | 300 sec total | 5 sec grace\n|\n|t:|1783572746\n|switch|p2a: Talonflame|Talonflame, L83, M|265/265\n|turn|6\n|inactive|Time left: 300 sec this turn | 300 sec total\n|\n|t:|1783572747\n|move|p2a: Talonflame|Overheat|p1a: Archaludon\n|-crit|p1a: Archaludon\n|-damage|p1a: Archaludon|0 fnt\n|-unboost|p2a: Talonflame|spa|2\n|faint|p1a: Archaludon\n|\n|upkeep\n|\n|t:|1783572748\n|switch|p1a: Lugia|Lugia, L73|100/100\n|turn|7\n|inactive|Time left: 300 sec this turn | 300 sec total\n|\n|t:|1783572748\n|switch|p2a: Roaring Moon|Roaring Moon, L72|270/270\n|move|p1a: Lugia|Calm Mind|p1a: Lugia\n|-boost|p1a: Lugia|spa|1\n|-boost|p1a: Lugia|spd|1\n|\n|upkeep\n|turn|8\n|inactive|Time left: 300 sec this turn | 300 sec total\n|\n|t:|1783572749\n|-terastallize|p1a: Lugia|Steel\n|move|p2a: Roaring Moon|Dragon Dance|p2a: Roaring Moon\n|-boost|p2a: Roaring Moon|atk|1\n|-boost|p2a: Roaring Moon|spe|1\n|move|p1a: Lugia|Calm Mind|p1a: Lugia\n|-boost|p1a: Lugia|spa|1\n|-boost|p1a: Lugia|spd|1\n|\n|upkeep\n|turn|9\n|inactive|Time left: 300 sec this turn | 300 sec total\n|\n|t:|1783572750\n|move|p2a: Roaring Moon|Iron Head|p1a: Lugia\n|-resisted|p1a: Lugia\n|-damage|p1a: Lugia|95/100\n|move|p1a: Lugia|Aeroblast|p2a: Roaring Moon\n|-damage|p2a: Roaring Moon|98/270\n|\n|upkeep\n|turn|10\n|inactive|Time left: 300 sec this turn | 300 sec total\n|\n|t:|1783572751\n|move|p2a: Roaring Moon|Knock Off|p1a: Lugia\n|-damage|p1a: Lugia|50/100\n|-enditem|p1a: Lugia|Heavy-Duty Boots|[from] move: Knock Off|[of] p2a: Roaring Moon\n|move|p1a: Lugia|Aeroblast|p2a: Roaring Moon\n|-damage|p2a: Roaring Moon|0 fnt\n|faint|p2a: Roaring Moon\n|-end|p2a: Roaring Moon|Protosynthesis|[silent]\n|\n|upkeep\n|inactive|Time left: 300 sec this turn | 300 sec total | 5 sec grace\n|\n|t:|1783572752\n|switch|p2a: Goodra|Goodra-Hisui, L82, M|265/265\n|turn|11\n|inactive|Time left: 300 sec this turn | 300 sec total\n|\n|t:|1783572753\n|move|p1a: Lugia|Recover|p1a: Lugia\n|-heal|p1a: Lugia|99/100\n|move|p2a: Goodra|Earthquake|p1a: Lugia\n|-supereffective|p1a: Lugia\n|-damage|p1a: Lugia|55/100\n|\n|upkeep\n|turn|12\n|inactive|Time left: 300 sec this turn | 300 sec total\n|\n|t:|1783572754\n|move|p1a: Lugia|Recover|p1a: Lugia\n|-heal|p1a: Lugia|100/100\n|move|p2a: Goodra|Earthquake|p1a: Lugia\n|-supereffective|p1a: Lugia\n|-crit|p1a: Lugia\n|-damage|p1a: Lugia|70/100\n|\n|upkeep\n|turn|13\n|inactive|Time left: 300 sec this turn | 300 sec total\n|\n|t:|1783572755\n|move|p1a: Lugia|Recover|p1a: Lugia\n|-heal|p1a: Lugia|100/100\n|move|p2a: Goodra|Earthquake|p1a: Lugia\n|-supereffective|p1a: Lugia\n|-damage|p1a: Lugia|78/100\n|\n|upkeep\n|turn|14\n|inactive|Time left: 300 sec this turn | 300 sec total\n|\n|t:|1783572756\n|move|p1a: Lugia|Recover|p1a: Lugia\n|-heal|p1a: Lugia|100/100\n|move|p2a: Goodra|Earthquake|p1a: Lugia\n|-supereffective|p1a: Lugia\n|-damage|p1a: Lugia|81/100\n|\n|upkeep\n|turn|15\n|inactive|Time left: 300 sec this turn | 300 sec total\n|\n|t:|1783572757\n|move|p1a: Lugia|Recover|p1a: Lugia\n|-heal|p1a: Lugia|100/100\n|move|p2a: Goodra|Earthquake|p1a: Lugia\n|-supereffective|p1a: Lugia\n|-damage|p1a: Lugia|78/100\n|\n|upkeep\n|turn|16\n|inactive|Time left: 300 sec this turn | 300 sec total\n|\n|t:|1783572758\n|move|p1a: Lugia|Recover|p1a: Lugia\n|-heal|p1a: Lugia|100/100\n|move|p2a: Goodra|Earthquake|p1a: Lugia\n|-supereffective|p1a: Lugia\n|-damage|p1a: Lugia|78/100\n|\n|upkeep\n|turn|17\n|inactive|Time left: 300 sec this turn | 300 sec total\n|\n|t:|1783572759\n|move|p1a: Lugia|Recover|p1a: Lugia\n|-heal|p1a: Lugia|100/100\n|move|p2a: Goodra|Earthquake|p1a: Lugia\n|-supereffective|p1a: Lugia\n|-damage|p1a: Lugia|81/100\n|\n|upkeep\n|turn|18\n|inactive|Time left: 300 sec this turn | 300 sec total\n|\n|t:|1783572761\n|move|p1a: Lugia|Recover|p1a: Lugia\n|-heal|p1a: Lugia|100/100\n|move|p2a: Goodra|Earthquake|p1a: Lugia\n|-supereffective|p1a: Lugia\n|-damage|p1a: Lugia|78/100\n|\n|upkeep\n|turn|19\n|inactive|Time left: 300 sec this turn | 300 sec total\n|\n|t:|1783572761\n|move|p1a: Lugia|Psychic Noise|p2a: Goodra\n|-resisted|p2a: Goodra\n|-damage|p2a: Goodra|240/265\n|-start|p2a: Goodra|move: Heal Block\n|move|p2a: Goodra|Earthquake|p1a: Lugia\n|-supereffective|p1a: Lugia\n|-damage|p1a: Lugia|32/100\n|\n|upkeep\n|turn|20\n|inactive|Time left: 300 sec this turn | 300 sec total\n|\n|t:|1783572763\n|move|p1a: Lugia|Psychic Noise|p2a: Goodra\n|-resisted|p2a: Goodra\n|-damage|p2a: Goodra|216/265\n|move|p2a: Goodra|Earthquake|p1a: Lugia\n|-supereffective|p1a: Lugia\n|-damage|p1a: Lugia|0 fnt\n|faint|p1a: Lugia\n|\n|-end|p2a: Goodra|move: Heal Block\n|upkeep\n|\n|t:|1783572764\n|switch|p1a: Jumpluff|Jumpluff, L87, F|100/100\n|turn|21\n|inactive|Time left: 300 sec this turn | 300 sec total\n|\n|t:|1783572765\n|move|p1a: Jumpluff|Encore|p2a: Goodra\n|-start|p2a: Goodra|Encore\n|move|p2a: Goodra|Earthquake|p1a: Jumpluff\n|-immune|p1a: Jumpluff\n|\n|upkeep\n|turn|22\n|inactive|Time left: 300 sec this turn | 300 sec total\n|\n|t:|1783572766\n|switch|p1a: Mismagius|Mismagius, L86, F|100/100\n|switch|p2a: Talonflame|Talonflame, L83, M|265/265\n|\n|upkeep\n|turn|23\n|inactive|Time left: 300 sec this turn | 300 sec total\n|\n|t:|1783572767\n|move|p2a: Talonflame|Brave Bird|p1a: Mismagius\n|-damage|p1a: Mismagius|44/100\n|-damage|p2a: Talonflame|219/265|[from] Recoil\n|move|p1a: Mismagius|Substitute|p1a: Mismagius\n|-start|p1a: Mismagius|Substitute\n|-damage|p1a: Mismagius|19/100\n|\n|-heal|p1a: Mismagius|25/100|[from] item: Leftovers\n|upkeep\n|turn|24\n|inactive|Time left: 300 sec this turn | 300 sec total\n|\n|t:|1783572768\n|move|p2a: Talonflame|Brave Bird|p1a: Mismagius\n|-end|p1a: Mismagius|Substitute\n|-damage|p2a: Talonflame|199/265|[from] Recoil|[of] p1a: Mismagius\n|move|p1a: Mismagius|Shadow Ball|p2a: Talonflame\n|-damage|p2a: Talonflame|91/265\n|\n|-heal|p1a: Mismagius|31/100|[from] item: Leftovers\n|upkeep\n|turn|25\n|inactive|Time left: 300 sec this turn | 300 sec total\n|\n|t:|1783572769\n|move|p2a: Talonflame|Brave Bird|p1a: Mismagius\n|-damage|p1a: Mismagius|0 fnt\n|faint|p1a: Mismagius\n|-damage|p2a: Talonflame|66/265|[from] Recoil\n|\n|upkeep\n|\n|t:|1783572770\n|switch|p1a: Jumpluff|Jumpluff, L87, F|100/100\n|turn|26\n|inactive|Time left: 300 sec this turn | 300 sec total\n|\n|t:|1783572771\n|move|p2a: Talonflame|Brave Bird|p1a: Jumpluff\n|-supereffective|p1a: Jumpluff\n|-damage|p1a: Jumpluff|8/100\n|-damage|p2a: Talonflame|0 fnt|[from] Recoil\n|faint|p2a: Talonflame\n|move|p1a: Jumpluff|Strength Sap|p2: Talonflame|[notarget]\n|-fail|p1a: Jumpluff\n|\n|upkeep\n|inactive|Time left: 300 sec this turn | 300 sec total | 5 sec grace\n|\n|t:|1783572772\n|switch|p2a: Goodra|Goodra-Hisui, L82, M|216/265\n|turn|27\n|inactive|Time left: 300 sec this turn | 300 sec total\n|\n|t:|1783572773\n|move|p1a: Jumpluff|Encore||[still]\n|-fail|p1a: Jumpluff\n|move|p2a: Goodra|Knock Off|p1a: Jumpluff\n|-damage|p1a: Jumpluff|0 fnt\n|faint|p1a: Jumpluff\n|\n|win|p0y292740e9", "uploadtime": 1783572773, "views": 0, "rating": 0, "private": 0, "password": null, "_winner": "p0y292740e9", "_our_name": "p0y292740e9"}