{"id": "battle-gen9randombattle-1346", "formatid": "gen9randombattle", "format": "[Gen 9] Random Battle", "players": ["p0x1346a4c9", "p0y1346f7a7"], "log": "|init|battle\n|title|p0x1346a4c9 vs. p0y1346f7a7\n|j|\u2606p0x1346a4c9\n|j|\u2606p0y1346f7a7\n|t:|1783555647\n|gametype|singles\n|player|p1|p0x1346a4c9|265|\n|player|p2|p0y1346f7a7|102|\n|gen|9\n|tier|[Gen 9] Random Battle\n|rule|Species Clause: Limit one of each Pok\u00e9mon\n|rule|HP Percentage Mod: HP is shown in percentages\n|rule|Sleep Clause Mod: Limit one foe put to sleep\n|rule|Illusion Level Mod: Illusion disguises the Pok\u00e9mon's true level\n|\n|t:|1783555647\n|teamsize|p1|6\n|teamsize|p2|6\n|start\n|switch|p1a: Glalie|Glalie, L96, M|309/309\n|switch|p2a: Dunsparce|Dunsparce, L86, F|100/100\n|turn|1\n|inactive|Battle timer is ON: inactive players will automatically lose when time's up. (requested by p0x1346a4c9)\n|\n|t:|1783555648\n|move|p1a: Glalie|Freeze-Dry|p2a: Dunsparce\n|-damage|p2a: Dunsparce|77/100\n|move|p2a: Dunsparce|Body Slam|p1a: Glalie\n|-damage|p1a: Glalie|237/309\n|\n|upkeep\n|turn|2\n|inactive|Time left: 300 sec this turn | 300 sec total\n|inactive|p0y1346f7a7 also wants the timer to be on.\n|\n|t:|1783555649\n|move|p1a: Glalie|Spikes|p2a: Dunsparce\n|-sidestart|p2: p0y1346f7a7|Spikes\n|move|p2a: Dunsparce|Coil|p2a: Dunsparce\n|-boost|p2a: Dunsparce|atk|1\n|-boost|p2a: Dunsparce|def|1\n|-boost|p2a: Dunsparce|accuracy|1\n|\n|upkeep\n|turn|3\n|inactive|Time left: 300 sec this turn | 300 sec total\n|\n|t:|1783555650\n|move|p1a: Glalie|Spikes|p2a: Dunsparce\n|-sidestart|p2: p0y1346f7a7|Spikes\n|move|p2a: Dunsparce|Body Slam|p1a: Glalie\n|-crit|p1a: Glalie\n|-damage|p1a: Glalie|75/309\n|-status|p1a: Glalie|par\n|\n|upkeep\n|turn|4\n|inactive|Time left: 300 sec this turn | 300 sec total\n|\n|t:|1783555651\n|switch|p1a: Houndstone|Houndstone, L86, M|264/264\n|move|p2a: Dunsparce|Body Slam|p1a: Houndstone\n|-immune|p1a: Houndstone\n|\n|upkeep\n|turn|5\n|inactive|Time left: 300 sec this turn | 300 sec total\n|\n|t:|1783555652\n|move|p2a: Dunsparce|Coil|p2a: Dunsparce\n|-boost|p2a: Dunsparce|atk|1\n|-boost|p2a: Dunsparce|def|1\n|-boost|p2a: Dunsparce|accuracy|1\n|move|p1a: Houndstone|Roar|p2a: Dunsparce\n|drag|p2a: Alomomola|Alomomola, L87, F|100/100\n|\n|upkeep\n|turn|6\n|inactive|Time left: 300 sec this turn | 300 sec total\n|\n|t:|1783555653\n|switch|p1a: Gastrodon|Gastrodon-East, L86, F|331/331\n|move|p2a: Alomomola|Scald|p1a: Gastrodon\n|-ability|p1a: Gastrodon|Storm Drain|boost\n|-boost|p1a: Gastrodon|spa|1\n|\n|upkeep\n|turn|7\n|inactive|Time left: 300 sec this turn | 300 sec total\n|\n|t:|1783555654\n|move|p2a: Alomomola|Wish|p2a: Alomomola\n|move|p1a: Gastrodon|Ice Beam|p2a: Alomomola\n|-resisted|p2a: Alomomola\n|-damage|p2a: Alomomola|83/100\n|\n|upkeep\n|turn|8\n|inactive|Time left: 300 sec this turn | 300 sec total\n|\n|t:|1783555655\n|switch|p2a: Dunsparce|Dunsparce, L86, F|77/100\n|-damage|p2a: Dunsparce|61/100|[from] Spikes\n|move|p1a: Gastrodon|Ice Beam|p2a: Dunsparce\n|-damage|p2a: Dunsparce|34/100\n|\n|-heal|p2a: Dunsparce|100/100|[from] move: Wish|[wisher] Alomomola\n|upkeep\n|turn|9\n|inactive|Time left: 300 sec this turn | 300 sec total\n|\n|t:|1783555656\n|move|p2a: Dunsparce|Coil|p2a: Dunsparce\n|-boost|p2a: Dunsparce|atk|1\n|-boost|p2a: Dunsparce|def|1\n|-boost|p2a: Dunsparce|accuracy|1\n|move|p1a: Gastrodon|Ice Beam|p2a: Dunsparce\n|-damage|p2a: Dunsparce|77/100\n|\n|upkeep\n|turn|10\n|inactive|Time left: 300 sec this turn | 300 sec total\n|\n|t:|1783555656\n|move|p2a: Dunsparce|Body Slam|p1a: Gastrodon\n|-damage|p1a: Gastrodon|187/331\n|-status|p1a: Gastrodon|par\n|move|p1a: Gastrodon|Clear Smog|p2a: Dunsparce\n|-damage|p2a: Dunsparce|62/100\n|-clearboost|p2a: Dunsparce\n|\n|-heal|p1a: Gastrodon|207/331 par|[from] item: Leftovers\n|upkeep\n|turn|11\n|inactive|Time left: 300 sec this turn | 300 sec total\n|\n|t:|1783555657\n|move|p2a: Dunsparce|Roost|p2a: Dunsparce\n|-heal|p2a: Dunsparce|100/100\n|-singleturn|p2a: Dunsparce|move: Roost\n|cant|p1a: Gastrodon|par\n|\n|-heal|p1a: Gastrodon|227/331 par|[from] item: Leftovers\n|upkeep\n|turn|12\n|inactive|Time left: 300 sec this turn | 300 sec total\n|\n|t:|1783555659\n|move|p2a: Dunsparce|Coil|p2a: Dunsparce\n|-boost|p2a: Dunsparce|atk|1\n|-boost|p2a: Dunsparce|def|1\n|-boost|p2a: Dunsparce|accuracy|1\n|move|p1a: Gastrodon|Recover|p1a: Gastrodon\n|-heal|p1a: Gastrodon|331/331 par\n|\n|upkeep\n|turn|13\n|inactive|Time left: 300 sec this turn | 300 sec total\n|\n|t:|1783555660\n|move|p2a: Dunsparce|Body Slam|p1a: Gastrodon\n|-damage|p1a: Gastrodon|187/331 par\n|move|p1a: Gastrodon|Clear Smog|p2a: Dunsparce\n|-damage|p2a: Dunsparce|87/100\n|-clearboost|p2a: Dunsparce\n|\n|-heal|p1a: Gastrodon|207/331 par|[from] item: Leftovers\n|upkeep\n|turn|14\n|inactive|Time left: 300 sec this turn | 300 sec total\n|\n|t:|1783555661\n|move|p2a: Dunsparce|Coil|p2a: Dunsparce\n|-boost|p2a: Dunsparce|atk|1\n|-boost|p2a: Dunsparce|def|1\n|-boost|p2a: Dunsparce|accuracy|1\n|move|p1a: Gastrodon|Recover|p1a: Gastrodon\n|-heal|p1a: Gastrodon|331/331 par\n|\n|upkeep\n|turn|15\n|inactive|Time left: 300 sec this turn | 300 sec total\n|\n|t:|1783555662\n|move|p2a: Dunsparce|Earthquake|p1a: Gastrodon\n|-damage|p1a: Gastrodon|227/331 par\n|move|p1a: Gastrodon|Clear Smog|p2a: Dunsparce\n|-damage|p2a: Dunsparce|74/100\n|-clearboost|p2a: Dunsparce\n|\n|-heal|p1a: Gastrodon|247/331 par|[from] item: Leftovers\n|upkeep\n|turn|16\n|inactive|Time left: 300 sec this turn | 300 sec total\n|\n|t:|1783555663\n|move|p2a: Dunsparce|Coil|p2a: Dunsparce\n|-boost|p2a: Dunsparce|atk|1\n|-boost|p2a: Dunsparce|def|1\n|-boost|p2a: Dunsparce|accuracy|1\n|move|p1a: Gastrodon|Ice Beam|p2a: Dunsparce\n|-damage|p2a: Dunsparce|51/100\n|\n|-heal|p1a: Gastrodon|267/331 par|[from] item: Leftovers\n|upkeep\n|turn|17\n|inactive|Time left: 300 sec this turn | 300 sec total\n|\n|t:|1783555664\n|move|p2a: Dunsparce|Roost|p2a: Dunsparce\n|-heal|p2a: Dunsparce|100/100\n|-singleturn|p2a: Dunsparce|move: Roost\n|move|p1a: Gastrodon|Clear Smog|p2a: Dunsparce\n|-damage|p2a: Dunsparce|85/100\n|-clearboost|p2a: Dunsparce\n|\n|-heal|p1a: Gastrodon|287/331 par|[from] item: Leftovers\n|upkeep\n|turn|18\n|inactive|Time left: 300 sec this turn | 300 sec total\n|\n|t:|1783555665\n|move|p2a: Dunsparce|Coil|p2a: Dunsparce\n|-boost|p2a: Dunsparce|atk|1\n|-boost|p2a: Dunsparce|def|1\n|-boost|p2a: Dunsparce|accuracy|1\n|move|p1a: Gastrodon|Clear Smog|p2a: Dunsparce\n|-damage|p2a: Dunsparce|71/100\n|-clearboost|p2a: Dunsparce\n|\n|-heal|p1a: Gastrodon|307/331 par|[from] item: Leftovers\n|upkeep\n|turn|19\n|inactive|Time left: 300 sec this turn | 300 sec total\n|\n|t:|1783555667\n|move|p2a: Dunsparce|Coil|p2a: Dunsparce\n|-boost|p2a: Dunsparce|atk|1\n|-boost|p2a: Dunsparce|def|1\n|-boost|p2a: Dunsparce|accuracy|1\n|move|p1a: Gastrodon|Ice Beam|p2a: Dunsparce\n|-damage|p2a: Dunsparce|44/100\n|-status|p2a: Dunsparce|frz\n|\n|-heal|p1a: Gastrodon|327/331 par|[from] item: Leftovers\n|upkeep\n|turn|20\n|inactive|Time left: 300 sec this turn | 300 sec total\n|\n|t:|1783555668\n|cant|p2a: Dunsparce|frz\n|cant|p1a: Gastrodon|par\n|\n|-heal|p1a: Gastrodon|331/331 par|[from] item: Leftovers\n|upkeep\n|turn|21\n|inactive|Time left: 300 sec this turn | 300 sec total\n|\n|t:|1783555669\n|cant|p2a: Dunsparce|frz\n|move|p1a: Gastrodon|Clear Smog|p2a: Dunsparce\n|-damage|p2a: Dunsparce|29/100 frz\n|-clearboost|p2a: Dunsparce\n|\n|upkeep\n|turn|22\n|inactive|Time left: 300 sec this turn | 300 sec total\n|\n|t:|1783555670\n|cant|p2a: Dunsparce|frz\n|move|p1a: Gastrodon|Ice Beam|p2a: Dunsparce\n|-damage|p2a: Dunsparce|2/100 frz\n|\n|upkeep\n|turn|23\n|inactive|Time left: 300 sec this turn | 300 sec total\n|\n|t:|1783555671\n|cant|p2a: Dunsparce|frz\n|move|p1a: Gastrodon|Ice Beam|p2a: Dunsparce\n|-damage|p2a: Dunsparce|0 fnt\n|faint|p2a: Dunsparce\n|\n|upkeep\n|\n|t:|1783555672\n|switch|p2a: Calyrex|Calyrex-Shadow, L64|100/100\n|-ability|p2a: Calyrex|As One\n|-ability|p2a: Calyrex|Unnerve\n|-damage|p2a: Calyrex|84/100|[from] Spikes\n|turn|24\n|inactive|Time left: 300 sec this turn | 300 sec total\n|\n|t:|1783555673\n|move|p2a: Calyrex|Astral Barrage|p1a: Gastrodon\n|-damage|p1a: Gastrodon|168/331 par\n|move|p1a: Gastrodon|Earthquake|p2a: Calyrex\n|-damage|p2a: Calyrex|22/100\n|\n|-heal|p1a: Gastrodon|188/331 par|[from] item: Leftovers\n|upkeep\n|turn|25\n|inactive|Time left: 300 sec this turn | 300 sec total\n|\n|t:|1783555675\n|move|p2a: Calyrex|Astral Barrage|p1a: Gastrodon\n|-damage|p1a: Gastrodon|5/331 par\n|cant|p1a: Gastrodon|par\n|\n|-heal|p1a: Gastrodon|25/331 par|[from] item: Leftovers\n|upkeep\n|turn|26\n|inactive|Time left: 300 sec this turn | 300 sec total\n|\n|t:|1783555676\n|move|p2a: Calyrex|Astral Barrage|p1a: Gastrodon\n|-damage|p1a: Gastrodon|0 fnt\n|faint|p1a: Gastrodon\n|-ability|p2a: Calyrex|Grim Neigh|boost\n|-boost|p2a: Calyrex|spa|1\n|\n|upkeep\n|inactive|Time left: 300 sec this turn | 300 sec total | 5 sec grace\n|\n|t:|1783555677\n|switch|p1a: Houndstone|Houndstone, L86, M|264/264\n|turn|27\n|inactive|Time left: 300 sec this turn | 300 sec total\n|\n|t:|1783555678\n|move|p1a: Houndstone|Shadow Sneak|p2a: Calyrex\n|-supereffective|p2a: Calyrex\n|-damage|p2a: Calyrex|0 fnt\n|faint|p2a: Calyrex\n|\n|upkeep\n|\n|t:|1783555679\n|switch|p2a: Alomomola|Alomomola, L87, F|100/100\n|turn|28\n|inactive|Time left: 300 sec this turn | 300 sec total\n|\n|t:|1783555680\n|switch|p1a: Torterra|Torterra, L78, F|276/276\n|move|p2a: Alomomola|Scald|p1a: Torterra\n|-damage|p1a: Torterra|219/276\n|\n|upkeep\n|turn|29\n|inactive|Time left: 300 sec this turn | 300 sec total\n|\n|t:|1783555681\n|move|p2a: Alomomola|Scald|p1a: Torterra\n|-damage|p1a: Torterra|165/276\n|move|p1a: Torterra|Shell Smash|p1a: Torterra\n|-unboost|p1a: Torterra|def|1\n|-unboost|p1a: Torterra|spd|1\n|-boost|p1a: Torterra|atk|2\n|-boost|p1a: Torterra|spa|2\n|-boost|p1a: Torterra|spe|2\n|\n|upkeep\n|turn|30\n|inactive|Time left: 300 sec this turn | 300 sec total\n|\n|t:|1783555682\n|-terastallize|p2a: Alomomola|Steel\n|move|p1a: Torterra|Bullet Seed|p2a: Alomomola\n|-resisted|p2a: Alomomola\n|-damage|p2a: Alomomola|94/100\n|-resisted|p2a: Alomomola\n|-damage|p2a: Alomomola|88/100\n|-resisted|p2a: Alomomola\n|-damage|p2a: Alomomola|82/100\n|-resisted|p2a: Alomomola\n|-damage|p2a: Alomomola|76/100\n|-hitcount|p2a: Alomomola|4\n|move|p2a: Alomomola|Scald|p1a: Torterra\n|-damage|p1a: Torterra|77/276\n|-status|p1a: Torterra|brn\n|\n|-damage|p1a: Torterra|60/276 brn|[from] brn\n|upkeep\n|turn|31\n|inactive|Time left: 300 sec this turn | 300 sec total\n|\n|t:|1783555683\n|move|p1a: Torterra|Headlong Rush|p2a: Alomomola\n|-supereffective|p2a: Alomomola\n|-damage|p2a: Alomomola|13/100\n|-unboost|p1a: Torterra|def|1\n|-unboost|p1a: Torterra|spd|1\n|move|p2a: Alomomola|Flip Turn|p1a: Torterra\n|-damage|p1a: Torterra|0 fnt\n|faint|p1a: Torterra\n|\n|t:|1783555684\n|switch|p2a: Garganacl|Garganacl, L80, F|100/100|[from] Flip Turn\n|-damage|p2a: Garganacl|84/100|[from] Spikes\n|\n|-heal|p2a: Garganacl|90/100|[from] item: Leftovers\n|upkeep\n|inactive|Time left: 300 sec this turn | 300 sec total | 10 sec grace\n|\n|t:|1783555685\n|switch|p1a: Terrakion|Terrakion, L79|273/273\n|turn|32\n|inactive|Time left: 300 sec this turn | 300 sec total\n|\n|t:|1783555686\n|move|p2a: Garganacl|Protect|p2a: Garganacl\n|-singleturn|p2a: Garganacl|Protect\n|move|p1a: Terrakion|Close Combat|p2a: Garganacl\n|-activate|p2a: Garganacl|move: Protect\n|\n|-heal|p2a: Garganacl|96/100|[from] item: Leftovers\n|upkeep\n|turn|33\n|inactive|Time left: 300 sec this turn | 300 sec total\n|\n|t:|1783555687\n|switch|p2a: Hatterene|Hatterene, L85, F|100/100\n|-damage|p2a: Hatterene|84/100|[from] Spikes\n|move|p1a: Terrakion|Close Combat|p2a: Hatterene\n|-resisted|p2a: Hatterene\n|-damage|p2a: Hatterene|64/100\n|-unboost|p1a: Terrakion|def|1\n|-unboost|p1a: Terrakion|spd|1\n|\n|-heal|p2a: Hatterene|70/100|[from] item: Leftovers\n|upkeep\n|turn|34\n|inactive|Time left: 300 sec this turn | 300 sec total\n|\n|t:|1783555688\n|switch|p1a: Houndstone|Houndstone, L86, M|264/264\n|move|p2a: Hatterene|Mystical Fire|p1a: Houndstone\n|-damage|p1a: Houndstone|134/264\n|-unboost|p1a: Houndstone|spa|1\n|\n|-heal|p1a: Houndstone|150/264|[from] item: Leftovers\n|-heal|p2a: Hatterene|75/100|[from] item: Leftovers\n|upkeep\n|turn|35\n|inactive|Time left: 300 sec this turn | 300 sec total\n|\n|t:|1783555689\n|switch|p2a: Alomomola|Alomomola, L87, F, tera:Steel|47/100\n|move|p1a: Houndstone|Poltergeist|p2a: Alomomola\n|-activate|p2a: Alomomola|move: Poltergeist|Heavy-Duty Boots\n|-damage|p2a: Alomomola|17/100\n|\n|-heal|p1a: Houndstone|166/264|[from] item: Leftovers\n|upkeep\n|turn|36\n|inactive|Time left: 300 sec this turn | 300 sec total\n|\n|t:|1783555690\n|switch|p2a: Garganacl|Garganacl, L80, F|96/100\n|-damage|p2a: Garganacl|80/100|[from] Spikes\n|move|p1a: Houndstone|Poltergeist|p2a: Garganacl\n|-activate|p2a: Garganacl|move: Poltergeist|Leftovers\n|-damage|p2a: Garganacl|64/100\n|\n|-heal|p1a: Houndstone|182/264|[from] item: Leftovers\n|-heal|p2a: Garganacl|70/100|[from] item: Leftovers\n|upkeep\n|turn|37\n|inactive|Time left: 300 sec this turn | 300 sec total\n|\n|t:|1783555691\n|switch|p1a: Terrakion|Terrakion, L79|273/273\n|move|p2a: Garganacl|Salt Cure|p1a: Terrakion\n|-resisted|p1a: Terrakion\n|-damage|p1a: Terrakion|253/273\n|-start|p1a: Terrakion|Salt Cure\n|\n|-heal|p2a: Garganacl|76/100|[from] item: Leftovers\n|-damage|p1a: Terrakion|219/273|[from] Salt Cure\n|upkeep\n|turn|38\n|inactive|Time left: 300 sec this turn | 300 sec total\n|\n|t:|1783555692\n|-terastallize|p1a: Terrakion|Ground\n|move|p2a: Garganacl|Protect|p2a: Garganacl\n|-singleturn|p2a: Garganacl|Protect\n|move|p1a: Terrakion|Earthquake|p2a: Garganacl\n|-activate|p2a: Garganacl|move: Protect\n|\n|-heal|p2a: Garganacl|83/100|[from] item: Leftovers\n|-damage|p1a: Terrakion|185/273|[from] Salt Cure\n|upkeep\n|turn|39\n|inactive|Time left: 300 sec this turn | 300 sec total\n|\n|t:|1783555693\n|move|p2a: Garganacl|Protect|p2a: Garganacl\n|-singleturn|p2a: Garganacl|Protect\n|move|p1a: Terrakion|Earthquake|p2a: Garganacl\n|-activate|p2a: Garganacl|move: Protect\n|\n|-heal|p2a: Garganacl|89/100|[from] item: Leftovers\n|-damage|p1a: Terrakion|151/273|[from] Salt Cure\n|upkeep\n|turn|40\n|inactive|Time left: 300 sec this turn | 300 sec total\n|\n|t:|1783555694\n|move|p1a: Terrakion|Earthquake|p2a: Garganacl\n|-supereffective|p2a: Garganacl\n|-damage|p2a: Garganacl|0 fnt\n|faint|p2a: Garganacl\n|\n|-damage|p1a: Terrakion|117/273|[from] Salt Cure\n|upkeep\n|\n|t:|1783555695\n|switch|p2a: Lycanroc|Lycanroc-Dusk, L81, F|100/100\n|-damage|p2a: Lycanroc|84/100|[from] Spikes\n|turn|41\n|inactive|Time left: 300 sec this turn | 300 sec total\n|\n|t:|1783555695\n|move|p2a: Lycanroc|Close Combat|p1a: Terrakion\n|-damage|p1a: Terrakion|0 fnt\n|-unboost|p2a: Lycanroc|def|1\n|-unboost|p2a: Lycanroc|spd|1\n|faint|p1a: Terrakion\n|-damage|p2a: Lycanroc|74/100|[from] item: Life Orb\n|\n|upkeep\n|inactive|Time left: 300 sec this turn | 300 sec total | 5 sec grace\n|\n|t:|1783555696\n|switch|p1a: Houndstone|Houndstone, L86, M|182/264\n|turn|42\n|inactive|Time left: 300 sec this turn | 300 sec total\n|\n|t:|1783555697\n|move|p2a: Lycanroc|Stone Edge|p1a: Houndstone\n|-crit|p1a: Houndstone\n|-damage|p1a: Houndstone|0 fnt\n|faint|p1a: Houndstone\n|-damage|p2a: Lycanroc|64/100|[from] item: Life Orb\n|\n|upkeep\n|inactive|Time left: 300 sec this turn | 300 sec total | 5 sec grace\n|\n|t:|1783555698\n|switch|p1a: Glalie|Glalie, L96, M|75/309 par\n|turn|43\n|inactive|Time left: 300 sec this turn | 300 sec total\n|\n|t:|1783555699\n|move|p2a: Lycanroc|Close Combat|p1a: Glalie\n|-supereffective|p1a: Glalie\n|-damage|p1a: Glalie|0 fnt\n|-unboost|p2a: Lycanroc|def|1\n|-unboost|p2a: Lycanroc|spd|1\n|faint|p1a: Glalie\n|-damage|p2a: Lycanroc|54/100|[from] item: Life Orb\n|\n|upkeep\n|inactive|Time left: 300 sec this turn | 300 sec total | 5 sec grace\n|\n|t:|1783555700\n|switch|p1a: Arcanine|Arcanine-Hisui, L79, F|280/280\n|turn|44\n|inactive|Time left: 300 sec this turn | 300 sec total\n|\n|t:|1783555701\n|move|p2a: Lycanroc|Close Combat|p1a: Arcanine\n|-supereffective|p1a: Arcanine\n|-damage|p1a: Arcanine|0 fnt\n|-unboost|p2a: Lycanroc|def|1\n|-unboost|p2a: Lycanroc|spd|1\n|faint|p1a: Arcanine\n|-damage|p2a: Lycanroc|45/100|[from] item: Life Orb\n|\n|win|p0y1346f7a7", "uploadtime": 1783555701, "views": 0, "rating": 0, "private": 0, "password": null, "_winner": "p0y1346f7a7", "_our_name": "p0x1346a4c9"}