{"id": "battle-gen9randombattle-465", "formatid": "gen9randombattle", "format": "[Gen 9] Random Battle", "players": ["p0x4650729", "p0y4651b1e"], "log": "|init|battle\n|title|p0x4650729 vs. p0y4651b1e\n|j|\u2606p0x4650729\n|j|\u2606p0y4651b1e\n|t:|1783545165\n|gametype|singles\n|player|p1|p0x4650729|101|\n|player|p2|p0y4651b1e|169|\n|gen|9\n|tier|[Gen 9] Random Battle\n|rule|Species Clause: Limit one of each Pok\u00e9mon\n|rule|HP Percentage Mod: HP is shown in percentages\n|rule|Sleep Clause Mod: Limit one foe put to sleep\n|rule|Illusion Level Mod: Illusion disguises the Pok\u00e9mon's true level\n|\n|t:|1783545165\n|teamsize|p1|6\n|teamsize|p2|6\n|start\n|switch|p1a: Lapras|Lapras, L87, M|367/367\n|switch|p2a: Clefable|Clefable, L83, M|100/100\n|turn|1\n|inactive|Battle timer is ON: inactive players will automatically lose when time's up. (requested by p0y4651b1e)\n|inactive|Time left: 300 sec this turn | 300 sec total | 60 sec grace\n|inactive|p0x4650729 also wants the timer to be on.\n|\n|t:|1783545166\n|move|p1a: Lapras|Sparkling Aria|p2a: Clefable\n|-damage|p2a: Clefable|52/100\n|move|p2a: Clefable|Calm Mind|p2a: Clefable\n|-boost|p2a: Clefable|spa|1\n|-boost|p2a: Clefable|spd|1\n|\n|-heal|p2a: Clefable|58/100|[from] item: Leftovers\n|upkeep\n|turn|2\n|inactive|Time left: 300 sec this turn | 300 sec total\n|\n|t:|1783545168\n|move|p1a: Lapras|Sparkling Aria|p2a: Clefable\n|-damage|p2a: Clefable|28/100\n|move|p2a: Clefable|Moonblast|p1a: Lapras\n|-damage|p1a: Lapras|244/367\n|\n|-heal|p2a: Clefable|35/100|[from] item: Leftovers\n|upkeep\n|turn|3\n|inactive|Time left: 300 sec this turn | 300 sec total\n|\n|t:|1783545169\n|-terastallize|p1a: Lapras|Water\n|move|p1a: Lapras|Sparkling Aria|p2a: Clefable\n|-damage|p2a: Clefable|0 fnt\n|faint|p2a: Clefable\n|\n|upkeep\n|\n|t:|1783545170\n|switch|p2a: Mimikyu|Mimikyu, L79, M|100/100\n|turn|4\n|inactive|Time left: 300 sec this turn | 300 sec total\n|\n|t:|1783545171\n|move|p2a: Mimikyu|Play Rough|p1a: Lapras\n|-damage|p1a: Lapras|131/367\n|-unboost|p1a: Lapras|atk|1\n|-damage|p2a: Mimikyu|91/100|[from] item: Life Orb\n|move|p1a: Lapras|Sparkling Aria|p2a: Mimikyu\n|-activate|p2a: Mimikyu|ability: Disguise\n|-damage|p2a: Mimikyu|91/100\n|detailschange|p2a: Mimikyu|Mimikyu-Busted, L79, M\n|-damage|p2a: Mimikyu|78/100|[from] pokemon: Mimikyu-Busted\n|\n|upkeep\n|turn|5\n|inactive|Time left: 300 sec this turn | 300 sec total\n|\n|t:|1783545172\n|switch|p2a: Regice|Regice, L88|100/100\n|move|p1a: Lapras|Sparkling Aria|p2a: Regice\n|-damage|p2a: Regice|71/100\n|\n|upkeep\n|turn|6\n|inactive|Time left: 300 sec this turn | 300 sec total\n|\n|t:|1783545173\n|move|p1a: Lapras|Sparkling Aria|p2a: Regice\n|-damage|p2a: Regice|37/100\n|move|p2a: Regice|Ice Beam|p1a: Lapras\n|-resisted|p1a: Lapras\n|-damage|p1a: Lapras|82/367\n|\n|upkeep\n|turn|7\n|inactive|Time left: 300 sec this turn | 300 sec total\n|\n|t:|1783545174\n|move|p1a: Lapras|Sparkling Aria|p2a: Regice\n|-damage|p2a: Regice|5/100\n|move|p2a: Regice|Thunderbolt|p1a: Lapras\n|-supereffective|p1a: Lapras\n|-damage|p1a: Lapras|0 fnt\n|faint|p1a: Lapras\n|\n|upkeep\n|inactive|Time left: 300 sec this turn | 300 sec total | 5 sec grace\n|\n|t:|1783545175\n|switch|p1a: Groudon|Groudon, L72|263/263\n|-weather|SunnyDay|[from] ability: Drought|[of] p1a: Groudon\n|turn|8\n|inactive|Time left: 300 sec this turn | 300 sec total\n|\n|t:|1783545176\n|move|p1a: Groudon|Heat Crash|p2a: Regice\n|-supereffective|p2a: Regice\n|-damage|p2a: Regice|0 fnt\n|faint|p2a: Regice\n|\n|-weather|SunnyDay|[upkeep]\n|upkeep\n|\n|t:|1783545177\n|switch|p2a: Farigiraf|Farigiraf, L90, M|100/100\n|turn|9\n|inactive|Time left: 300 sec this turn | 300 sec total\n|\n|t:|1783545178\n|move|p1a: Groudon|Swords Dance|p1a: Groudon\n|-boost|p1a: Groudon|atk|2\n|move|p2a: Farigiraf|Psychic Noise|p1a: Groudon\n|-damage|p1a: Groudon|137/263\n|-start|p1a: Groudon|move: Heal Block\n|\n|-weather|SunnyDay|[upkeep]\n|upkeep\n|turn|10\n|inactive|Time left: 300 sec this turn | 300 sec total\n|\n|t:|1783545179\n|move|p1a: Groudon|Heat Crash|p2a: Farigiraf\n|-damage|p2a: Farigiraf|18/100\n|move|p2a: Farigiraf|Body Slam|p1a: Groudon\n|-damage|p1a: Groudon|64/263\n|\n|-weather|SunnyDay|[upkeep]\n|-heal|p2a: Farigiraf|25/100|[from] item: Leftovers\n|-end|p1a: Groudon|move: Heal Block\n|upkeep\n|turn|11\n|inactive|Time left: 300 sec this turn | 300 sec total\n|\n|t:|1783545180\n|move|p1a: Groudon|Heat Crash|p2a: Farigiraf\n|-damage|p2a: Farigiraf|0 fnt\n|faint|p2a: Farigiraf\n|\n|-weather|SunnyDay|[upkeep]\n|-heal|p1a: Groudon|80/263|[from] item: Leftovers\n|upkeep\n|\n|t:|1783545181\n|switch|p2a: Deoxys|Deoxys, L74|100/100\n|-ability|p2a: Deoxys|Pressure\n|turn|12\n|inactive|Time left: 300 sec this turn | 300 sec total\n|\n|t:|1783545182\n|move|p2a: Deoxys|Ice Beam|p1a: Groudon\n|-supereffective|p1a: Groudon\n|-damage|p1a: Groudon|0 fnt\n|faint|p1a: Groudon\n|-damage|p2a: Deoxys|91/100|[from] item: Life Orb\n|\n|-weather|none\n|upkeep\n|inactive|Time left: 300 sec this turn | 300 sec total | 5 sec grace\n|\n|t:|1783545183\n|switch|p1a: Scream Tail|Scream Tail, L84|330/330\n|turn|13\n|inactive|Time left: 300 sec this turn | 300 sec total\n|\n|t:|1783545184\n|switch|p2a: Mimikyu|Mimikyu-Busted, L79, M|78/100\n|move|p1a: Scream Tail|Dazzling Gleam|p2a: Mimikyu\n|-damage|p2a: Mimikyu|52/100\n|\n|upkeep\n|turn|14\n|inactive|Time left: 300 sec this turn | 300 sec total\n|\n|t:|1783545185\n|move|p1a: Scream Tail|Dazzling Gleam|p2a: Mimikyu\n|-damage|p2a: Mimikyu|25/100\n|move|p2a: Mimikyu|Swords Dance|p2a: Mimikyu\n|-boost|p2a: Mimikyu|atk|2\n|\n|upkeep\n|turn|15\n|inactive|Time left: 300 sec this turn | 300 sec total\n|\n|t:|1783545186\n|switch|p2a: Pachirisu|Pachirisu, L96, M|100/100\n|move|p1a: Scream Tail|Dazzling Gleam|p2a: Pachirisu\n|-damage|p2a: Pachirisu|86/100\n|\n|upkeep\n|turn|16\n|inactive|Time left: 300 sec this turn | 300 sec total\n|\n|t:|1783545188\n|move|p2a: Pachirisu|Super Fang|p1a: Scream Tail\n|-damage|p1a: Scream Tail|165/330\n|move|p1a: Scream Tail|Dazzling Gleam|p2a: Pachirisu\n|-damage|p2a: Pachirisu|73/100\n|\n|-heal|p1a: Scream Tail|185/330|[from] item: Leftovers\n|upkeep\n|turn|17\n|inactive|Time left: 300 sec this turn | 300 sec total\n|\n|t:|1783545189\n|move|p2a: Pachirisu|Nuzzle|p1a: Scream Tail\n|-damage|p1a: Scream Tail|167/330\n|-status|p1a: Scream Tail|par\n|cant|p1a: Scream Tail|par\n|\n|-heal|p1a: Scream Tail|187/330 par|[from] item: Leftovers\n|upkeep\n|turn|18\n|inactive|Time left: 300 sec this turn | 300 sec total\n|\n|t:|1783545190\n|move|p2a: Pachirisu|Super Fang|p1a: Scream Tail\n|-damage|p1a: Scream Tail|94/330 par\n|cant|p1a: Scream Tail|par\n|\n|-heal|p1a: Scream Tail|114/330 par|[from] item: Leftovers\n|upkeep\n|turn|19\n|inactive|Time left: 300 sec this turn | 300 sec total\n|\n|t:|1783545191\n|move|p2a: Pachirisu|Thunderbolt|p1a: Scream Tail\n|-damage|p1a: Scream Tail|54/330 par\n|move|p1a: Scream Tail|Wish|p1a: Scream Tail\n|\n|-heal|p1a: Scream Tail|74/330 par|[from] item: Leftovers\n|upkeep\n|turn|20\n|inactive|Time left: 300 sec this turn | 300 sec total\n|\n|t:|1783545192\n|move|p2a: Pachirisu|Super Fang|p1a: Scream Tail\n|-damage|p1a: Scream Tail|37/330 par\n|cant|p1a: Scream Tail|par\n|\n|-heal|p1a: Scream Tail|202/330 par|[from] move: Wish|[wisher] Scream Tail\n|-heal|p1a: Scream Tail|222/330 par|[from] item: Leftovers\n|upkeep\n|turn|21\n|inactive|Time left: 300 sec this turn | 300 sec total\n|\n|t:|1783545193\n|move|p2a: Pachirisu|Super Fang|p1a: Scream Tail\n|-damage|p1a: Scream Tail|111/330 par\n|move|p1a: Scream Tail|Wish|p1a: Scream Tail\n|\n|-heal|p1a: Scream Tail|131/330 par|[from] item: Leftovers\n|upkeep\n|turn|22\n|inactive|Time left: 300 sec this turn | 300 sec total\n|\n|t:|1783545195\n|move|p2a: Pachirisu|Thunderbolt|p1a: Scream Tail\n|-damage|p1a: Scream Tail|71/330 par\n|move|p1a: Scream Tail|Dazzling Gleam|p2a: Pachirisu\n|-damage|p2a: Pachirisu|61/100\n|\n|-heal|p1a: Scream Tail|236/330 par|[from] move: Wish|[wisher] Scream Tail\n|-heal|p1a: Scream Tail|256/330 par|[from] item: Leftovers\n|upkeep\n|turn|23\n|inactive|Time left: 300 sec this turn | 300 sec total\n|\n|t:|1783545196\n|move|p2a: Pachirisu|Super Fang|p1a: Scream Tail\n|-damage|p1a: Scream Tail|128/330 par\n|move|p1a: Scream Tail|Wish|p1a: Scream Tail\n|\n|-heal|p1a: Scream Tail|148/330 par|[from] item: Leftovers\n|upkeep\n|turn|24\n|inactive|Time left: 300 sec this turn | 300 sec total\n|\n|t:|1783545197\n|move|p2a: Pachirisu|Super Fang|p1a: Scream Tail\n|-damage|p1a: Scream Tail|74/330 par\n|move|p1a: Scream Tail|Dazzling Gleam|p2a: Pachirisu\n|-damage|p2a: Pachirisu|48/100\n|\n|-heal|p1a: Scream Tail|239/330 par|[from] move: Wish|[wisher] Scream Tail\n|-heal|p1a: Scream Tail|259/330 par|[from] item: Leftovers\n|upkeep\n|turn|25\n|inactive|Time left: 300 sec this turn | 300 sec total\n|\n|t:|1783545198\n|move|p2a: Pachirisu|Super Fang|p1a: Scream Tail\n|-damage|p1a: Scream Tail|130/330 par\n|move|p1a: Scream Tail|Dazzling Gleam|p2a: Pachirisu\n|-damage|p2a: Pachirisu|36/100\n|\n|-heal|p1a: Scream Tail|150/330 par|[from] item: Leftovers\n|upkeep\n|turn|26\n|inactive|Time left: 300 sec this turn | 300 sec total\n|\n|t:|1783545199\n|move|p2a: Pachirisu|Super Fang|p1a: Scream Tail\n|-damage|p1a: Scream Tail|75/330 par\n|move|p1a: Scream Tail|Dazzling Gleam|p2a: Pachirisu\n|-damage|p2a: Pachirisu|22/100\n|\n|-heal|p1a: Scream Tail|95/330 par|[from] item: Leftovers\n|upkeep\n|turn|27\n|inactive|Time left: 300 sec this turn | 300 sec total\n|\n|t:|1783545200\n|move|p2a: Pachirisu|Thunderbolt|p1a: Scream Tail\n|-damage|p1a: Scream Tail|37/330 par\n|move|p1a: Scream Tail|Dazzling Gleam|p2a: Pachirisu\n|-damage|p2a: Pachirisu|10/100\n|\n|-heal|p1a: Scream Tail|57/330 par|[from] item: Leftovers\n|upkeep\n|turn|28\n|inactive|Time left: 300 sec this turn | 300 sec total\n|\n|t:|1783545201\n|move|p2a: Pachirisu|Thunderbolt|p1a: Scream Tail\n|-damage|p1a: Scream Tail|0 fnt\n|faint|p1a: Scream Tail\n|-end|p1a: Scream Tail|Protosynthesis|[silent]\n|\n|upkeep\n|inactive|Time left: 300 sec this turn | 300 sec total | 5 sec grace\n|\n|t:|1783545202\n|switch|p1a: Cobalion|Cobalion, L80|277/277\n|turn|29\n|inactive|Time left: 300 sec this turn | 300 sec total\n|\n|t:|1783545203\n|move|p2a: Pachirisu|Nuzzle|p1a: Cobalion\n|-damage|p1a: Cobalion|264/277\n|-status|p1a: Cobalion|par\n|move|p1a: Cobalion|Iron Head|p2a: Pachirisu\n|-resisted|p2a: Pachirisu\n|-damage|p2a: Pachirisu|0 fnt\n|faint|p2a: Pachirisu\n|\n|-heal|p1a: Cobalion|277/277 par|[from] item: Leftovers\n|upkeep\n|\n|t:|1783545204\n|switch|p2a: Deoxys|Deoxys, L74|91/100\n|-ability|p2a: Deoxys|Pressure\n|turn|30\n|inactive|Time left: 300 sec this turn | 300 sec total\n|\n|t:|1783545205\n|move|p2a: Deoxys|Psycho Boost|p1a: Cobalion\n|-damage|p1a: Cobalion|14/277 par\n|-unboost|p2a: Deoxys|spa|2\n|-damage|p2a: Deoxys|81/100|[from] item: Life Orb\n|cant|p1a: Cobalion|par\n|\n|-heal|p1a: Cobalion|31/277 par|[from] item: Leftovers\n|upkeep\n|turn|31\n|inactive|Time left: 300 sec this turn | 300 sec total\n|\n|t:|1783545206\n|switch|p2a: Mimikyu|Mimikyu-Busted, L79, M|25/100\n|move|p1a: Cobalion|Iron Head|p2a: Mimikyu\n|-supereffective|p2a: Mimikyu\n|-damage|p2a: Mimikyu|0 fnt\n|faint|p2a: Mimikyu\n|\n|-heal|p1a: Cobalion|48/277 par|[from] item: Leftovers\n|upkeep\n|\n|t:|1783545207\n|switch|p2a: Deoxys|Deoxys, L74|81/100\n|-ability|p2a: Deoxys|Pressure\n|turn|32\n|inactive|Time left: 300 sec this turn | 300 sec total\n|\n|t:|1783545207\n|move|p2a: Deoxys|Ice Beam|p1a: Cobalion\n|-resisted|p1a: Cobalion\n|-damage|p1a: Cobalion|0 fnt\n|faint|p1a: Cobalion\n|-damage|p2a: Deoxys|71/100|[from] item: Life Orb\n|\n|upkeep\n|inactive|Time left: 300 sec this turn | 300 sec total | 5 sec grace\n|\n|t:|1783545208\n|switch|p1a: Dipplin|Dipplin, L88, F|284/284\n|turn|33\n|inactive|Time left: 300 sec this turn | 300 sec total\n|\n|t:|1783545209\n|-terastallize|p2a: Deoxys|Dark\n|move|p2a: Deoxys|Ice Beam|p1a: Dipplin\n|-supereffective|p1a: Dipplin\n|-damage|p1a: Dipplin|19/284\n|-status|p1a: Dipplin|frz\n|-damage|p2a: Deoxys|62/100|[from] item: Life Orb\n|cant|p1a: Dipplin|frz\n|\n|upkeep\n|turn|34\n|inactive|Time left: 300 sec this turn | 300 sec total\n|\n|t:|1783545210\n|switch|p1a: Mew|Mew, L82|298/298\n|move|p2a: Deoxys|Knock Off|p1a: Mew\n|-supereffective|p1a: Mew\n|-damage|p1a: Mew|33/298\n|-enditem|p1a: Mew|Leftovers|[from] move: Knock Off|[of] p2a: Deoxys\n|-damage|p2a: Deoxys|52/100|[from] item: Life Orb\n|\n|upkeep\n|turn|35\n|inactive|Time left: 300 sec this turn | 300 sec total\n|\n|t:|1783545212\n|switch|p1a: Dipplin|Dipplin, L88, F|19/284 frz\n|move|p2a: Deoxys|Ice Beam|p1a: Dipplin\n|-supereffective|p1a: Dipplin\n|-damage|p1a: Dipplin|0 fnt\n|faint|p1a: Dipplin\n|-damage|p2a: Deoxys|42/100|[from] item: Life Orb\n|\n|upkeep\n|inactive|Time left: 300 sec this turn | 300 sec total | 5 sec grace\n|\n|t:|1783545213\n|switch|p1a: Mew|Mew, L82|33/298\n|turn|36\n|inactive|Time left: 300 sec this turn | 300 sec total\n|\n|t:|1783545214\n|move|p2a: Deoxys|Superpower|p1a: Mew\n|-resisted|p1a: Mew\n|-damage|p1a: Mew|0 fnt\n|-unboost|p2a: Deoxys|atk|1\n|-unboost|p2a: Deoxys|def|1\n|faint|p1a: Mew\n|-damage|p2a: Deoxys|33/100|[from] item: Life Orb\n|\n|win|p0y4651b1e", "uploadtime": 1783545214, "views": 0, "rating": 0, "private": 0, "password": null, "_winner": "p0y4651b1e", "_our_name": "p0x4650729"}