{"id": "battle-gen9randombattle-1249", "formatid": "gen9randombattle", "format": "[Gen 9] Random Battle", "players": ["p0x124942af", "p0y1249624b"], "log": "|init|battle\n|title|p0x124942af vs. p0y1249624b\n|j|\u2606p0x124942af\n|j|\u2606p0y1249624b\n|t:|1783553595\n|gametype|singles\n|player|p1|p0x124942af|102|\n|player|p2|p0y1249624b|2|\n|gen|9\n|tier|[Gen 9] Random Battle\n|rule|Species Clause: Limit one of each Pok\u00e9mon\n|rule|HP Percentage Mod: HP is shown in percentages\n|rule|Sleep Clause Mod: Limit one foe put to sleep\n|rule|Illusion Level Mod: Illusion disguises the Pok\u00e9mon's true level\n|\n|t:|1783553595\n|teamsize|p1|6\n|teamsize|p2|6\n|start\n|switch|p1a: Empoleon|Empoleon, L84, F|100/100\n|switch|p2a: Gothitelle|Gothitelle, L90, M|272/272\n|turn|1\n|inactive|Battle timer is ON: inactive players will automatically lose when time's up. (requested by p0x124942af)\n|inactive|Time left: 300 sec this turn | 300 sec total | 60 sec grace\n|inactive|p0y1249624b also wants the timer to be on.\n|\n|t:|1783553597\n|switch|p2a: Rillaboom|Rillaboom, L79, F|288/288\n|-fieldstart|move: Grassy Terrain|[from] ability: Grassy Surge|[of] p2a: Rillaboom\n|move|p1a: Empoleon|Surf|p2a: Rillaboom\n|-resisted|p2a: Rillaboom\n|-damage|p2a: Rillaboom|223/288\n|\n|-heal|p2a: Rillaboom|241/288|[from] Grassy Terrain\n|upkeep\n|turn|2\n|inactive|Time left: 300 sec this turn | 300 sec total\n|\n|t:|1783553599\n|switch|p1a: Arboliva|Arboliva, L91, F|100/100\n|move|p2a: Rillaboom|Swords Dance|p2a: Rillaboom\n|-boost|p2a: Rillaboom|atk|2\n|\n|-heal|p2a: Rillaboom|259/288|[from] Grassy Terrain\n|upkeep\n|turn|3\n|inactive|Time left: 300 sec this turn | 300 sec total\n|\n|t:|1783553600\n|move|p2a: Rillaboom|Knock Off|p1a: Arboliva\n|-damage|p1a: Arboliva|43/100\n|-enditem|p1a: Arboliva|Leftovers|[from] move: Knock Off|[of] p2a: Rillaboom\n|-damage|p2a: Rillaboom|231/288|[from] item: Life Orb\n|move|p1a: Arboliva|Hyper Voice|p2a: Rillaboom\n|-damage|p2a: Rillaboom|48/288\n|\n|-heal|p2a: Rillaboom|66/288|[from] Grassy Terrain\n|-heal|p1a: Arboliva|49/100|[from] Grassy Terrain\n|upkeep\n|turn|4\n|inactive|Time left: 300 sec this turn | 300 sec total\n|\n|t:|1783553601\n|move|p2a: Rillaboom|Wood Hammer|p1a: Arboliva\n|-resisted|p1a: Arboliva\n|-damage|p1a: Arboliva|0 fnt\n|faint|p1a: Arboliva\n|-damage|p2a: Rillaboom|19/288|[from] Recoil\n|-damage|p2a: Rillaboom|0 fnt|[from] item: Life Orb\n|faint|p2a: Rillaboom\n|\n|upkeep\n|inactive|Time left: 300 sec this turn | 300 sec total | 5 sec grace\n|\n|t:|1783553602\n|switch|p2a: Hitmonlee|Hitmonlee, L85, M|224/224\n|switch|p1a: Delphox|Delphox, L84, M|100/100\n|turn|5\n|inactive|Time left: 300 sec this turn | 300 sec total\n|\n|t:|1783553603\n|switch|p2a: Noctowl|Noctowl, L95, F|344/344\n|move|p1a: Delphox|Psyshock|p2a: Noctowl\n|-damage|p2a: Noctowl|214/344\n|\n|-fieldend|move: Grassy Terrain\n|upkeep\n|turn|6\n|inactive|Time left: 300 sec this turn | 300 sec total\n|\n|t:|1783553604\n|move|p1a: Delphox|Nasty Plot|p1a: Delphox\n|-boost|p1a: Delphox|spa|2\n|move|p2a: Noctowl|Roost|p2a: Noctowl\n|-heal|p2a: Noctowl|344/344\n|-singleturn|p2a: Noctowl|move: Roost\n|\n|upkeep\n|turn|7\n|inactive|Time left: 300 sec this turn | 300 sec total\n|\n|t:|1783553605\n|move|p1a: Delphox|Psyshock|p2a: Noctowl\n|-damage|p2a: Noctowl|88/344\n|move|p2a: Noctowl|Hurricane|p1a: Delphox|[miss]\n|-miss|p2a: Noctowl|p1a: Delphox\n|\n|upkeep\n|turn|8\n|inactive|Time left: 300 sec this turn | 300 sec total\n|\n|t:|1783553606\n|move|p1a: Delphox|Psyshock|p2a: Noctowl\n|-damage|p2a: Noctowl|0 fnt\n|faint|p2a: Noctowl\n|\n|upkeep\n|inactive|Time left: 300 sec this turn | 300 sec total | 5 sec grace\n|\n|t:|1783553607\n|switch|p2a: Calyrex|Calyrex-Shadow, L64|235/235\n|-ability|p2a: Calyrex|As One\n|-ability|p2a: Calyrex|Unnerve\n|turn|9\n|inactive|Time left: 300 sec this turn | 300 sec total\n|\n|t:|1783553608\n|-terastallize|p1a: Delphox|Fire\n|move|p2a: Calyrex|Astral Barrage|p1a: Delphox\n|-damage|p1a: Delphox|46/100\n|-damage|p2a: Calyrex|212/235|[from] item: Life Orb\n|move|p1a: Delphox|Fire Blast|p2a: Calyrex\n|-damage|p2a: Calyrex|0 fnt\n|faint|p2a: Calyrex\n|\n|upkeep\n|inactive|Time left: 300 sec this turn | 300 sec total | 5 sec grace\n|\n|t:|1783553609\n|switch|p2a: Clodsire|Clodsire, L81, F|343/343\n|turn|10\n|inactive|Time left: 300 sec this turn | 300 sec total\n|\n|t:|1783553610\n|move|p1a: Delphox|Psyshock|p2a: Clodsire\n|-supereffective|p2a: Clodsire\n|-damage|p2a: Clodsire|101/343\n|move|p2a: Clodsire|Earthquake|p1a: Delphox\n|-supereffective|p1a: Delphox\n|-damage|p1a: Delphox|0 fnt\n|faint|p1a: Delphox\n|\n|-heal|p2a: Clodsire|122/343|[from] item: Leftovers\n|upkeep\n|\n|t:|1783553611\n|switch|p1a: Raichu|Raichu-Alola, L87, M|100/100\n|turn|11\n|inactive|Time left: 300 sec this turn | 300 sec total\n|\n|t:|1783553612\n|switch|p2a: Gothitelle|Gothitelle, L90, M|272/272\n|move|p1a: Raichu|Psyshock|p2a: Gothitelle\n|-resisted|p2a: Gothitelle\n|-damage|p2a: Gothitelle|209/272\n|\n|upkeep\n|turn|12\n|inactive|Time left: 300 sec this turn | 300 sec total\n|\n|t:|1783553614\n|move|p2a: Gothitelle|Dark Pulse|p1a: Raichu\n|-supereffective|p1a: Raichu\n|-damage|p1a: Raichu|49/100\n|move|p1a: Raichu|Psyshock|p2a: Gothitelle\n|-resisted|p2a: Gothitelle\n|-damage|p2a: Gothitelle|150/272\n|\n|upkeep\n|turn|13\n|inactive|Time left: 300 sec this turn | 300 sec total\n|\n|t:|1783553615\n|move|p2a: Gothitelle|Dark Pulse|p1a: Raichu\n|-supereffective|p1a: Raichu\n|-damage|p1a: Raichu|0 fnt\n|faint|p1a: Raichu\n|\n|upkeep\n|\n|t:|1783553616\n|switch|p1a: Serperior|Serperior, L79, M|100/100\n|turn|14\n|inactive|Time left: 300 sec this turn | 300 sec total\n|\n|t:|1783553617\n|switch|p2a: Clodsire|Clodsire, L81, F|122/343\n|move|p1a: Serperior|Leaf Storm|p2a: Clodsire\n|-damage|p2a: Clodsire|0 fnt\n|-boost|p1a: Serperior|spa|2\n|faint|p2a: Clodsire\n|-damage|p1a: Serperior|91/100|[from] item: Life Orb\n|\n|upkeep\n|inactive|Time left: 300 sec this turn | 300 sec total | 5 sec grace\n|\n|t:|1783553618\n|switch|p2a: Hitmonlee|Hitmonlee, L85, M|224/224\n|turn|15\n|inactive|Time left: 300 sec this turn | 300 sec total\n|\n|t:|1783553619\n|move|p1a: Serperior|Leaf Storm|p2a: Hitmonlee\n|-damage|p2a: Hitmonlee|20/224\n|-boost|p1a: Serperior|spa|2\n|-damage|p1a: Serperior|81/100|[from] item: Life Orb\n|move|p2a: Hitmonlee|Poison Jab|p1a: Serperior\n|-supereffective|p1a: Serperior\n|-damage|p1a: Serperior|21/100\n|\n|upkeep\n|turn|16\n|inactive|Time left: 300 sec this turn | 300 sec total\n|\n|t:|1783553620\n|move|p1a: Serperior|Tera Blast|p2a: Hitmonlee\n|-damage|p2a: Hitmonlee|0 fnt\n|faint|p2a: Hitmonlee\n|-damage|p1a: Serperior|12/100|[from] item: Life Orb\n|\n|upkeep\n|inactive|Time left: 300 sec this turn | 300 sec total | 5 sec grace\n|\n|t:|1783553621\n|switch|p2a: Gothitelle|Gothitelle, L90, M|150/272\n|turn|17\n|inactive|Time left: 300 sec this turn | 300 sec total\n|\n|t:|1783553622\n|-terastallize|p2a: Gothitelle|Fairy\n|move|p2a: Gothitelle|Dark Pulse|p1a: Serperior\n|-crit|p1a: Serperior\n|-damage|p1a: Serperior|0 fnt\n|faint|p1a: Serperior\n|\n|upkeep\n|\n|t:|1783553623\n|switch|p1a: Empoleon|Empoleon, L84, F|100/100\n|turn|18\n|inactive|Time left: 300 sec this turn | 300 sec total\n|\n|t:|1783553624\n|move|p2a: Gothitelle|Dark Pulse|p1a: Empoleon\n|-damage|p1a: Empoleon|79/100\n|move|p1a: Empoleon|Surf|p2a: Gothitelle\n|-damage|p2a: Gothitelle|59/272\n|\n|-heal|p1a: Empoleon|85/100|[from] item: Leftovers\n|upkeep\n|turn|19\n|inactive|Time left: 300 sec this turn | 300 sec total\n|\n|t:|1783553626\n|move|p2a: Gothitelle|Dark Pulse|p1a: Empoleon\n|-damage|p1a: Empoleon|64/100\n|move|p1a: Empoleon|Surf|p2a: Gothitelle\n|-damage|p2a: Gothitelle|0 fnt\n|faint|p2a: Gothitelle\n|\n|win|p0x124942af", "uploadtime": 1783553626, "views": 0, "rating": 0, "private": 0, "password": null, "_winner": "p0x124942af", "_our_name": "p0y1249624b"}