{"id": "battle-gen9randombattle-1261", "formatid": "gen9randombattle", "format": "[Gen 9] Random Battle", "players": ["p0x1261b2aa", "p0y1261ad3c"], "log": "|init|battle\n|title|p0x1261b2aa vs. p0y1261ad3c\n|j|\u2606p0x1261b2aa\n|j|\u2606p0y1261ad3c\n|t:|1783554635\n|gametype|singles\n|player|p1|p0x1261b2aa|101|\n|player|p2|p0y1261ad3c|266|\n|gen|9\n|tier|[Gen 9] Random Battle\n|rule|Species Clause: Limit one of each Pok\u00e9mon\n|rule|HP Percentage Mod: HP is shown in percentages\n|rule|Sleep Clause Mod: Limit one foe put to sleep\n|rule|Illusion Level Mod: Illusion disguises the Pok\u00e9mon's true level\n|\n|t:|1783554635\n|teamsize|p1|6\n|teamsize|p2|6\n|start\n|switch|p1a: Ariados|Ariados, L95, F|100/100\n|switch|p2a: Luxray|Luxray, L88, M|283/283\n|turn|1\n|inactive|Battle timer is ON: inactive players will automatically lose when time's up. (requested by p0x1261b2aa)\n|inactive|Time left: 300 sec this turn | 300 sec total | 60 sec grace\n|inactive|p0y1261ad3c also wants the timer to be on.\n|\n|t:|1783554637\n|move|p2a: Luxray|Supercell Slam|p1a: Ariados\n|-damage|p1a: Ariados|48/100\n|move|p1a: Ariados|Sticky Web|p2a: Luxray\n|-sidestart|p2: p0y1261ad3c|move: Sticky Web\n|\n|-status|p2a: Luxray|brn|[from] item: Flame Orb\n|upkeep\n|turn|2\n|inactive|Time left: 300 sec this turn | 300 sec total\n|\n|t:|1783554638\n|switch|p1a: Hydreigon|Hydreigon, L79, M|100/100\n|move|p2a: Luxray|Supercell Slam|p1a: Hydreigon\n|-resisted|p1a: Hydreigon\n|-damage|p1a: Hydreigon|59/100\n|\n|-damage|p2a: Luxray|266/283 brn|[from] brn\n|upkeep\n|turn|3\n|inactive|Time left: 300 sec this turn | 300 sec total\n|\n|t:|1783554639\n|move|p1a: Hydreigon|Dark Pulse|p2a: Luxray\n|-damage|p2a: Luxray|130/283 brn\n|move|p2a: Luxray|Facade|p1a: Hydreigon\n|-damage|p1a: Hydreigon|0 fnt\n|faint|p1a: Hydreigon\n|\n|-damage|p2a: Luxray|113/283 brn|[from] brn\n|upkeep\n|\n|t:|1783554640\n|switch|p1a: Keldeo|Keldeo-Resolute, L79|100/100\n|turn|4\n|inactive|Time left: 300 sec this turn | 300 sec total\n|\n|t:|1783554641\n|switch|p2a: Latias|Latias, L79, F|256/256\n|move|p1a: Keldeo|Surf|p2a: Latias\n|-resisted|p2a: Latias\n|-damage|p2a: Latias|217/256\n|\n|upkeep\n|turn|5\n|inactive|Time left: 300 sec this turn | 300 sec total\n|\n|t:|1783554643\n|move|p2a: Latias|Psyshock|p1a: Keldeo\n|-supereffective|p1a: Keldeo\n|-damage|p1a: Keldeo|25/100\n|move|p1a: Keldeo|Calm Mind|p1a: Keldeo\n|-boost|p1a: Keldeo|spa|1\n|-boost|p1a: Keldeo|spd|1\n|\n|-heal|p1a: Keldeo|31/100|[from] item: Leftovers\n|upkeep\n|turn|6\n|inactive|Time left: 300 sec this turn | 300 sec total\n|\n|t:|1783554644\n|-terastallize|p1a: Keldeo|Steel\n|move|p2a: Latias|Psyshock|p1a: Keldeo\n|-resisted|p1a: Keldeo\n|-damage|p1a: Keldeo|12/100\n|move|p1a: Keldeo|Calm Mind|p1a: Keldeo\n|-boost|p1a: Keldeo|spa|1\n|-boost|p1a: Keldeo|spd|1\n|\n|-heal|p1a: Keldeo|18/100|[from] item: Leftovers\n|upkeep\n|turn|7\n|inactive|Time left: 300 sec this turn | 300 sec total\n|\n|t:|1783554645\n|move|p2a: Latias|Psyshock|p1a: Keldeo\n|-resisted|p1a: Keldeo\n|-damage|p1a: Keldeo|0 fnt\n|faint|p1a: Keldeo\n|\n|upkeep\n|\n|t:|1783554646\n|switch|p1a: Jirachi|Jirachi, L80|100/100\n|turn|8\n|inactive|Time left: 300 sec this turn | 300 sec total\n|\n|t:|1783554647\n|move|p2a: Latias|Calm Mind|p2a: Latias\n|-boost|p2a: Latias|spa|1\n|-boost|p2a: Latias|spd|1\n|move|p1a: Jirachi|Stealth Rock|p2a: Latias\n|-sidestart|p2: p0y1261ad3c|move: Stealth Rock\n|\n|upkeep\n|turn|9\n|inactive|Time left: 300 sec this turn | 300 sec total\n|\n|t:|1783554648\n|move|p2a: Latias|Calm Mind|p2a: Latias\n|-boost|p2a: Latias|spa|1\n|-boost|p2a: Latias|spd|1\n|move|p1a: Jirachi|Iron Head|p2a: Latias\n|-damage|p2a: Latias|138/256\n|\n|upkeep\n|turn|10\n|inactive|Time left: 300 sec this turn | 300 sec total\n|\n|t:|1783554649\n|move|p2a: Latias|Recover|p2a: Latias\n|-heal|p2a: Latias|256/256\n|move|p1a: Jirachi|Iron Head|p2a: Latias\n|-damage|p2a: Latias|175/256\n|\n|upkeep\n|turn|11\n|inactive|Time left: 300 sec this turn | 300 sec total\n|\n|t:|1783554650\n|move|p2a: Latias|Recover|p2a: Latias\n|-heal|p2a: Latias|256/256\n|move|p1a: Jirachi|Iron Head|p2a: Latias\n|-damage|p2a: Latias|177/256\n|\n|upkeep\n|turn|12\n|inactive|Time left: 300 sec this turn | 300 sec total\n|\n|t:|1783554651\n|move|p2a: Latias|Calm Mind|p2a: Latias\n|-boost|p2a: Latias|spa|1\n|-boost|p2a: Latias|spd|1\n|move|p1a: Jirachi|Iron Head|p2a: Latias\n|-damage|p2a: Latias|101/256\n|\n|upkeep\n|turn|13\n|inactive|Time left: 300 sec this turn | 300 sec total\n|\n|t:|1783554651\n|move|p2a: Latias|Recover|p2a: Latias\n|-heal|p2a: Latias|229/256\n|move|p1a: Jirachi|Iron Head|p2a: Latias\n|-damage|p2a: Latias|144/256\n|\n|upkeep\n|turn|14\n|inactive|Time left: 300 sec this turn | 300 sec total\n|\n|t:|1783554652\n|move|p2a: Latias|Recover|p2a: Latias\n|-heal|p2a: Latias|256/256\n|move|p1a: Jirachi|Iron Head|p2a: Latias\n|-damage|p2a: Latias|169/256\n|\n|upkeep\n|turn|15\n|inactive|Time left: 300 sec this turn | 300 sec total\n|\n|t:|1783554653\n|move|p2a: Latias|Recover|p2a: Latias\n|-heal|p2a: Latias|256/256\n|move|p1a: Jirachi|Iron Head|p2a: Latias\n|-damage|p2a: Latias|174/256\n|\n|upkeep\n|turn|16\n|inactive|Time left: 300 sec this turn | 300 sec total\n|\n|t:|1783554653\n|move|p2a: Latias|Recover|p2a: Latias\n|-heal|p2a: Latias|256/256\n|move|p1a: Jirachi|Iron Head|p2a: Latias\n|-damage|p2a: Latias|172/256\n|\n|upkeep\n|turn|17\n|inactive|Time left: 300 sec this turn | 300 sec total\n|\n|t:|1783554654\n|move|p2a: Latias|Recover|p2a: Latias\n|-heal|p2a: Latias|256/256\n|move|p1a: Jirachi|Iron Head|p2a: Latias\n|-damage|p2a: Latias|168/256\n|\n|upkeep\n|turn|18\n|inactive|Time left: 300 sec this turn | 300 sec total\n|\n|t:|1783554655\n|move|p2a: Latias|Calm Mind|p2a: Latias\n|-boost|p2a: Latias|spa|1\n|-boost|p2a: Latias|spd|1\n|move|p1a: Jirachi|Iron Head|p2a: Latias\n|-damage|p2a: Latias|86/256\n|\n|upkeep\n|turn|19\n|inactive|Time left: 300 sec this turn | 300 sec total\n|\n|t:|1783554655\n|move|p2a: Latias|Recover|p2a: Latias\n|-heal|p2a: Latias|214/256\n|move|p1a: Jirachi|U-turn|p2a: Latias\n|-supereffective|p2a: Latias\n|-damage|p2a: Latias|108/256\n|\n|t:|1783554656\n|switch|p1a: Volbeat|Volbeat, L90, M|100/100|[from] U-turn\n|\n|upkeep\n|turn|20\n|inactive|Time left: 300 sec this turn | 300 sec total\n|\n|t:|1783554657\n|move|p1a: Volbeat|Encore||[still]\n|-fail|p1a: Volbeat\n|move|p2a: Latias|Psyshock|p1a: Volbeat\n|-damage|p1a: Volbeat|0 fnt\n|faint|p1a: Volbeat\n|\n|upkeep\n|\n|t:|1783554658\n|switch|p1a: Ariados|Ariados, L95, F|48/100\n|turn|21\n|inactive|Time left: 300 sec this turn | 300 sec total\n|\n|t:|1783554659\n|move|p1a: Ariados|Sucker Punch|p2a: Latias\n|-supereffective|p2a: Latias\n|-damage|p2a: Latias|0 fnt\n|faint|p2a: Latias\n|\n|upkeep\n|inactive|Time left: 300 sec this turn | 300 sec total | 5 sec grace\n|\n|t:|1783554660\n|switch|p2a: Golem|Golem-Alola, L93, M|300/300\n|-activate|p2a: Golem|move: Sticky Web\n|-unboost|p2a: Golem|spe|1\n|-damage|p2a: Golem|263/300|[from] Stealth Rock\n|turn|22\n|inactive|Time left: 300 sec this turn | 300 sec total\n|\n|t:|1783554661\n|move|p1a: Ariados|Megahorn|p2a: Golem\n|-damage|p2a: Golem|169/300\n|move|p2a: Golem|Double-Edge|p1a: Ariados\n|-damage|p1a: Ariados|0 fnt\n|faint|p1a: Ariados\n|-damage|p2a: Golem|124/300|[from] Recoil\n|\n|upkeep\n|\n|t:|1783554662\n|switch|p1a: Volcanion|Volcanion, L79|100/100\n|turn|23\n|inactive|Time left: 300 sec this turn | 300 sec total\n|\n|t:|1783554663\n|switch|p2a: Keldeo|Keldeo-Resolute, L79|273/273\n|-activate|p2a: Keldeo|move: Sticky Web\n|-unboost|p2a: Keldeo|spe|1\n|-damage|p2a: Keldeo|256/273|[from] Stealth Rock\n|move|p1a: Volcanion|Steam Eruption|p2a: Keldeo\n|-resisted|p2a: Keldeo\n|-damage|p2a: Keldeo|187/273\n|-status|p2a: Keldeo|brn\n|\n|-heal|p2a: Keldeo|204/273 brn|[from] item: Leftovers\n|-damage|p2a: Keldeo|187/273 brn|[from] brn\n|upkeep\n|turn|24\n|inactive|Time left: 300 sec this turn | 300 sec total\n|\n|t:|1783554664\n|move|p1a: Volcanion|Steam Eruption|p2a: Keldeo\n|-resisted|p2a: Keldeo\n|-damage|p2a: Keldeo|124/273 brn\n|move|p2a: Keldeo|Secret Sword|p1a: Volcanion\n|-damage|p1a: Volcanion|70/100\n|\n|-heal|p2a: Keldeo|141/273 brn|[from] item: Leftovers\n|-damage|p2a: Keldeo|124/273 brn|[from] brn\n|upkeep\n|turn|25\n|inactive|Time left: 300 sec this turn | 300 sec total\n|\n|t:|1783554665\n|move|p1a: Volcanion|Steam Eruption|p2a: Keldeo\n|-resisted|p2a: Keldeo\n|-damage|p2a: Keldeo|59/273 brn\n|move|p2a: Keldeo|Secret Sword|p1a: Volcanion\n|-damage|p1a: Volcanion|34/100\n|\n|-heal|p2a: Keldeo|76/273 brn|[from] item: Leftovers\n|-damage|p2a: Keldeo|59/273 brn|[from] brn\n|upkeep\n|turn|26\n|inactive|Time left: 300 sec this turn | 300 sec total\n|\n|t:|1783554666\n|move|p1a: Volcanion|Steam Eruption|p2a: Keldeo\n|-resisted|p2a: Keldeo\n|-damage|p2a: Keldeo|0 fnt\n|faint|p2a: Keldeo\n|\n|upkeep\n|inactive|Time left: 300 sec this turn | 300 sec total | 5 sec grace\n|\n|t:|1783554667\n|switch|p2a: Wigglytuff|Wigglytuff, L96, M|424/424\n|-activate|p2a: Wigglytuff|move: Sticky Web\n|-unboost|p2a: Wigglytuff|spe|1\n|-ability|p2a: Wigglytuff|Competitive|boost\n|-boost|p2a: Wigglytuff|spa|2\n|-damage|p2a: Wigglytuff|371/424|[from] Stealth Rock\n|turn|27\n|inactive|Time left: 300 sec this turn | 300 sec total\n|\n|t:|1783554668\n|move|p1a: Volcanion|Sludge Bomb|p2a: Wigglytuff\n|-supereffective|p2a: Wigglytuff\n|-damage|p2a: Wigglytuff|169/424\n|move|p2a: Wigglytuff|Dazzling Gleam|p1a: Volcanion\n|-resisted|p1a: Volcanion\n|-damage|p1a: Volcanion|7/100\n|\n|-heal|p2a: Wigglytuff|195/424|[from] item: Leftovers\n|upkeep\n|turn|28\n|inactive|Time left: 300 sec this turn | 300 sec total\n|\n|t:|1783554669\n|-terastallize|p2a: Wigglytuff|Poison\n|move|p1a: Volcanion|Flamethrower|p2a: Wigglytuff\n|-crit|p2a: Wigglytuff\n|-damage|p2a: Wigglytuff|0 fnt\n|faint|p2a: Wigglytuff\n|\n|upkeep\n|inactive|Time left: 300 sec this turn | 300 sec total | 5 sec grace\n|\n|t:|1783554670\n|switch|p2a: Perrserker|Perrserker, L89, F|269/269\n|-activate|p2a: Perrserker|move: Sticky Web\n|-unboost|p2a: Perrserker|spe|1\n|-damage|p2a: Perrserker|253/269|[from] Stealth Rock\n|turn|29\n|inactive|Time left: 300 sec this turn | 300 sec total\n|\n|t:|1783554671\n|move|p1a: Volcanion|Flamethrower|p2a: Perrserker\n|-supereffective|p2a: Perrserker\n|-damage|p2a: Perrserker|11/269\n|move|p2a: Perrserker|Knock Off|p1a: Volcanion\n|-damage|p1a: Volcanion|0 fnt\n|-enditem|p1a: Volcanion|Assault Vest|[from] move: Knock Off|[of] p2a: Perrserker\n|faint|p1a: Volcanion\n|-damage|p2a: Perrserker|0 fnt|[from] item: Life Orb\n|faint|p2a: Perrserker\n|\n|upkeep\n|inactive|Time left: 300 sec this turn | 300 sec total | 5 sec grace\n|\n|t:|1783554673\n|switch|p1a: Jirachi|Jirachi, L80|100/100\n|switch|p2a: Golem|Golem-Alola, L93, M|124/300\n|-activate|p2a: Golem|move: Sticky Web\n|-unboost|p2a: Golem|spe|1\n|-damage|p2a: Golem|87/300|[from] Stealth Rock\n|turn|30\n|inactive|Time left: 300 sec this turn | 300 sec total\n|\n|t:|1783554674\n|move|p1a: Jirachi|Iron Head|p2a: Golem\n|-damage|p2a: Golem|38/300\n|cant|p2a: Golem|flinch\n|\n|upkeep\n|turn|31\n|inactive|Time left: 300 sec this turn | 300 sec total\n|\n|t:|1783554675\n|move|p1a: Jirachi|Iron Head|p2a: Golem\n|-damage|p2a: Golem|0 fnt\n|faint|p2a: Golem\n|\n|upkeep\n|inactive|Time left: 300 sec this turn | 300 sec total | 5 sec grace\n|\n|t:|1783554676\n|switch|p2a: Luxray|Luxray, L88, M|113/283 brn\n|-activate|p2a: Luxray|move: Sticky Web\n|-unboost|p2a: Luxray|spe|1\n|-damage|p2a: Luxray|78/283 brn|[from] Stealth Rock\n|turn|32\n|inactive|Time left: 300 sec this turn | 300 sec total\n|\n|t:|1783554677\n|move|p1a: Jirachi|Iron Head|p2a: Luxray\n|-resisted|p2a: Luxray\n|-damage|p2a: Luxray|36/283 brn\n|cant|p2a: Luxray|flinch\n|\n|-damage|p2a: Luxray|19/283 brn|[from] brn\n|upkeep\n|turn|33\n|inactive|Time left: 300 sec this turn | 300 sec total\n|\n|t:|1783554678\n|move|p1a: Jirachi|Drain Punch|p2a: Luxray\n|-damage|p2a: Luxray|0 fnt\n|faint|p2a: Luxray\n|\n|win|p0x1261b2aa", "uploadtime": 1783554678, "views": 0, "rating": 0, "private": 0, "password": null, "_winner": "p0x1261b2aa", "_our_name": "p0y1261ad3c"}