{"id": "battle-gen9randombattle-2492", "formatid": "gen9randombattle", "format": "[Gen 9] Random Battle", "players": ["p0x2492e608", "p0y24927cd3"], "log": "|init|battle\n|title|p0x2492e608 vs. p0y24927cd3\n|j|\u2606p0x2492e608\n|j|\u2606p0y24927cd3\n|t:|1783567914\n|gametype|singles\n|player|p1|p0x2492e608|170|\n|player|p2|p0y24927cd3|266|\n|gen|9\n|tier|[Gen 9] Random Battle\n|rule|Species Clause: Limit one of each Pok\u00e9mon\n|rule|HP Percentage Mod: HP is shown in percentages\n|rule|Sleep Clause Mod: Limit one foe put to sleep\n|rule|Illusion Level Mod: Illusion disguises the Pok\u00e9mon's true level\n|\n|t:|1783567914\n|teamsize|p1|6\n|teamsize|p2|6\n|start\n|switch|p1a: Dunsparce|Dunsparce, L86, M|100/100\n|switch|p2a: Malamar|Malamar, L82, M|275/275\n|turn|1\n|inactive|Battle timer is ON: inactive players will automatically lose when time's up. (requested by p0x2492e608)\n|inactive|Time left: 300 sec this turn | 300 sec total | 60 sec grace\n|\n|t:|1783567915\n|move|p2a: Malamar|Superpower|p1a: Dunsparce\n|-supereffective|p1a: Dunsparce\n|-damage|p1a: Dunsparce|59/100\n|-boost|p2a: Malamar|atk|1\n|-boost|p2a: Malamar|def|1\n|move|p1a: Dunsparce|Coil|p1a: Dunsparce\n|-boost|p1a: Dunsparce|atk|1\n|-boost|p1a: Dunsparce|def|1\n|-boost|p1a: Dunsparce|accuracy|1\n|\n|upkeep\n|turn|2\n|inactive|Time left: 300 sec this turn | 300 sec total\n|inactive|p0y24927cd3 also wants the timer to be on.\n|\n|t:|1783567916\n|move|p2a: Malamar|Superpower|p1a: Dunsparce\n|-supereffective|p1a: Dunsparce\n|-damage|p1a: Dunsparce|22/100\n|-boost|p2a: Malamar|atk|1\n|-boost|p2a: Malamar|def|1\n|move|p1a: Dunsparce|Roost|p1a: Dunsparce\n|-heal|p1a: Dunsparce|72/100\n|-singleturn|p1a: Dunsparce|move: Roost\n|\n|upkeep\n|turn|3\n|inactive|Time left: 300 sec this turn | 300 sec total\n|\n|t:|1783567917\n|move|p2a: Malamar|Superpower|p1a: Dunsparce\n|-supereffective|p1a: Dunsparce\n|-damage|p1a: Dunsparce|17/100\n|-boost|p2a: Malamar|atk|1\n|-boost|p2a: Malamar|def|1\n|move|p1a: Dunsparce|Roost|p1a: Dunsparce\n|-heal|p1a: Dunsparce|67/100\n|-singleturn|p1a: Dunsparce|move: Roost\n|\n|upkeep\n|turn|4\n|inactive|Time left: 300 sec this turn | 300 sec total\n|\n|t:|1783567918\n|-terastallize|p1a: Dunsparce|Ground\n|move|p2a: Malamar|Knock Off|p1a: Dunsparce\n|-damage|p1a: Dunsparce|29/100\n|-enditem|p1a: Dunsparce|Eviolite|[from] move: Knock Off|[of] p2a: Malamar\n|move|p1a: Dunsparce|Roost|p1a: Dunsparce\n|-heal|p1a: Dunsparce|79/100\n|\n|upkeep\n|turn|5\n|inactive|Time left: 300 sec this turn | 300 sec total\n|\n|t:|1783567919\n|move|p2a: Malamar|Superpower|p1a: Dunsparce\n|-crit|p1a: Dunsparce\n|-damage|p1a: Dunsparce|0 fnt\n|-boost|p2a: Malamar|atk|1\n|-boost|p2a: Malamar|def|1\n|faint|p1a: Dunsparce\n|\n|upkeep\n|\n|t:|1783567920\n|switch|p1a: Hydrapple|Hydrapple, L83, M|100/100\n|turn|6\n|inactive|Time left: 300 sec this turn | 300 sec total\n|\n|t:|1783567921\n|move|p2a: Malamar|Knock Off|p1a: Hydrapple\n|-damage|p1a: Hydrapple|24/100\n|-enditem|p1a: Hydrapple|Choice Specs|[from] move: Knock Off|[of] p2a: Malamar\n|move|p1a: Hydrapple|Leaf Storm|p2a: Malamar\n|-damage|p2a: Malamar|101/275\n|-unboost|p1a: Hydrapple|spa|2\n|\n|-heal|p2a: Malamar|118/275|[from] item: Leftovers\n|upkeep\n|turn|7\n|inactive|Time left: 300 sec this turn | 300 sec total\n|\n|t:|1783567922\n|switch|p1a: Luxray|Luxray, L88, F|100/100\n|move|p2a: Malamar|Superpower|p1a: Luxray\n|-damage|p1a: Luxray|12/100\n|-boost|p2a: Malamar|atk|1\n|-boost|p2a: Malamar|def|1\n|\n|-heal|p2a: Malamar|135/275|[from] item: Leftovers\n|-status|p1a: Luxray|brn|[from] item: Flame Orb\n|upkeep\n|turn|8\n|inactive|Time left: 300 sec this turn | 300 sec total\n|\n|t:|1783567923\n|move|p1a: Luxray|Supercell Slam|p2a: Malamar\n|-damage|p2a: Malamar|68/275\n|move|p2a: Malamar|Superpower|p1a: Luxray\n|-damage|p1a: Luxray|0 fnt\n|-boost|p2a: Malamar|atk|1\n|-boost|p2a: Malamar|def|1\n|faint|p1a: Luxray\n|\n|-heal|p2a: Malamar|85/275|[from] item: Leftovers\n|upkeep\n|\n|t:|1783567924\n|switch|p1a: Minior|Minior-Yellow, L79|100/100\n|-formechange|p1a: Minior|Minior-Meteor||[from] ability: Shields Down\n|turn|9\n|inactive|Time left: 300 sec this turn | 300 sec total\n|\n|t:|1783567925\n|switch|p1a: Hydrapple|Hydrapple, L83, M|58/100\n|move|p2a: Malamar|Knock Off|p1a: Hydrapple\n|-damage|p1a: Hydrapple|0 fnt\n|faint|p1a: Hydrapple\n|\n|-heal|p2a: Malamar|102/275|[from] item: Leftovers\n|upkeep\n|\n|t:|1783567926\n|switch|p1a: Minior|Minior-Yellow, L79|100/100\n|-formechange|p1a: Minior|Minior-Meteor||[from] ability: Shields Down\n|turn|10\n|inactive|Time left: 300 sec this turn | 300 sec total\n|\n|t:|1783567927\n|switch|p1a: Zarude|Zarude, L77|100/100\n|move|p2a: Malamar|Knock Off|p1a: Zarude\n|-resisted|p1a: Zarude\n|-damage|p1a: Zarude|37/100\n|-enditem|p1a: Zarude|Life Orb|[from] move: Knock Off|[of] p2a: Malamar\n|\n|-heal|p2a: Malamar|119/275|[from] item: Leftovers\n|upkeep\n|turn|11\n|inactive|Time left: 300 sec this turn | 300 sec total\n|\n|t:|1783567927\n|move|p1a: Zarude|Knock Off|p2a: Malamar\n|-damage|p2a: Malamar|92/275\n|-enditem|p2a: Malamar|Leftovers|[from] move: Knock Off|[of] p1a: Zarude\n|move|p2a: Malamar|Knock Off|p1a: Zarude\n|-resisted|p1a: Zarude\n|-damage|p1a: Zarude|0 fnt\n|faint|p1a: Zarude\n|\n|upkeep\n|\n|t:|1783567928\n|switch|p1a: Minior|Minior-Yellow, L79|100/100\n|-formechange|p1a: Minior|Minior-Meteor||[from] ability: Shields Down\n|turn|12\n|inactive|Time left: 300 sec this turn | 300 sec total\n|\n|t:|1783567929\n|move|p2a: Malamar|Knock Off|p1a: Minior\n|-damage|p1a: Minior|0 fnt\n|-enditem|p1a: Minior|White Herb|[from] move: Knock Off|[of] p2a: Malamar\n|faint|p1a: Minior\n|\n|upkeep\n|\n|t:|1783567930\n|switch|p1a: Chien-Pao|Chien-Pao, L72|100/100\n|-ability|p1a: Chien-Pao|Sword of Ruin\n|turn|13\n|inactive|Time left: 300 sec this turn | 300 sec total\n|\n|t:|1783567931\n|-terastallize|p2a: Malamar|Fighting\n|move|p1a: Chien-Pao|Icicle Crash|p2a: Malamar\n|-damage|p2a: Malamar|62/275\n|cant|p2a: Malamar|flinch\n|\n|upkeep\n|turn|14\n|inactive|Time left: 300 sec this turn | 300 sec total\n|\n|t:|1783567932\n|move|p1a: Chien-Pao|Icicle Crash|p2a: Malamar\n|-damage|p2a: Malamar|32/275\n|cant|p2a: Malamar|flinch\n|\n|upkeep\n|turn|15\n|inactive|Time left: 300 sec this turn | 300 sec total\n|\n|t:|1783567932\n|move|p1a: Chien-Pao|Icicle Crash|p2a: Malamar\n|-damage|p2a: Malamar|1/275\n|cant|p2a: Malamar|flinch\n|\n|upkeep\n|turn|16\n|inactive|Time left: 300 sec this turn | 300 sec total\n|\n|t:|1783567933\n|switch|p2a: Glastrier|Glastrier, L86|312/312\n|move|p1a: Chien-Pao|Throat Chop|p2a: Glastrier\n|-damage|p2a: Glastrier|242/312\n|-start|p2a: Glastrier|Throat Chop|[silent]\n|\n|upkeep\n|turn|17\n|inactive|Time left: 300 sec this turn | 300 sec total\n|\n|t:|1783567935\n|move|p1a: Chien-Pao|Icicle Crash|p2a: Glastrier\n|-resisted|p2a: Glastrier\n|-damage|p2a: Glastrier|206/312\n|cant|p2a: Glastrier|flinch\n|\n|-end|p2a: Glastrier|Throat Chop|[silent]\n|upkeep\n|turn|18\n|inactive|Time left: 300 sec this turn | 300 sec total\n|\n|t:|1783567936\n|move|p1a: Chien-Pao|Icicle Crash|p2a: Glastrier\n|-resisted|p2a: Glastrier\n|-damage|p2a: Glastrier|171/312\n|move|p2a: Glastrier|Close Combat|p1a: Chien-Pao\n|-supereffective|p1a: Chien-Pao\n|-damage|p1a: Chien-Pao|0 fnt\n|-unboost|p2a: Glastrier|def|1\n|-unboost|p2a: Glastrier|spd|1\n|faint|p1a: Chien-Pao\n|\n|win|p0y24927cd3", "uploadtime": 1783567936, "views": 0, "rating": 0, "private": 0, "password": null, "_winner": "p0y24927cd3", "_our_name": "p0y24927cd3"}