{"id": "battle-gen9randombattle-2181", "formatid": "gen9randombattle", "format": "[Gen 9] Random Battle", "players": ["p0x21814b06", "p0y21811f71"], "log": "|init|battle\n|title|p0x21814b06 vs. p0y21811f71\n|j|\u2606p0x21814b06\n|j|\u2606p0y21811f71\n|t:|1783565270\n|gametype|singles\n|player|p1|p0x21814b06|266|\n|player|p2|p0y21811f71|170|\n|gen|9\n|tier|[Gen 9] Random Battle\n|rule|Species Clause: Limit one of each Pok\u00e9mon\n|rule|HP Percentage Mod: HP is shown in percentages\n|rule|Sleep Clause Mod: Limit one foe put to sleep\n|rule|Illusion Level Mod: Illusion disguises the Pok\u00e9mon's true level\n|\n|t:|1783565270\n|teamsize|p1|6\n|teamsize|p2|6\n|start\n|switch|p1a: Trevenant|Trevenant, L89, F|100/100\n|switch|p2a: Swanna|Swanna, L89, F|278/278\n|turn|1\n|inactive|Battle timer is ON: inactive players will automatically lose when time's up. (requested by p0y21811f71)\n|\n|t:|1783565271\n|move|p2a: Swanna|Brave Bird|p1a: Trevenant\n|-supereffective|p1a: Trevenant\n|-damage|p1a: Trevenant|9/100\n|-damage|p2a: Swanna|189/278|[from] Recoil\n|move|p1a: Trevenant|Horn Leech|p2a: Swanna\n|-damage|p2a: Swanna|37/278\n|-heal|p1a: Trevenant|35/100|[from] drain|[of] p2a: Swanna\n|-damage|p1a: Trevenant|25/100|[from] item: Life Orb\n|\n|upkeep\n|turn|2\n|inactive|Time left: 300 sec this turn | 300 sec total\n|inactive|p0x21814b06 also wants the timer to be on.\n|\n|t:|1783565272\n|switch|p1a: Slaking|Slaking, L84, F|100/100\n|move|p2a: Swanna|Brave Bird|p1a: Slaking\n|-damage|p1a: Slaking|72/100\n|-damage|p2a: Swanna|0 fnt|[from] Recoil\n|faint|p2a: Swanna\n|\n|upkeep\n|inactive|Time left: 300 sec this turn | 300 sec total | 5 sec grace\n|\n|t:|1783565273\n|switch|p2a: Iron Valiant|Iron Valiant, L78|244/244\n|turn|3\n|inactive|Time left: 300 sec this turn | 300 sec total\n|\n|t:|1783565273\n|move|p2a: Iron Valiant|Close Combat|p1a: Slaking\n|-supereffective|p1a: Slaking\n|-damage|p1a: Slaking|0 fnt\n|-unboost|p2a: Iron Valiant|def|1\n|-unboost|p2a: Iron Valiant|spd|1\n|faint|p1a: Slaking\n|-damage|p2a: Iron Valiant|220/244|[from] item: Life Orb\n|\n|upkeep\n|\n|t:|1783565274\n|switch|p1a: Volcarona|Volcarona, L77, F|100/100\n|turn|4\n|inactive|Time left: 300 sec this turn | 300 sec total\n|\n|t:|1783565275\n|-end|p2a: Iron Valiant|Quark Drive|[silent]\n|switch|p2a: Minior|Minior, L79|224/224\n|-formechange|p2a: Minior|Minior-Meteor||[from] ability: Shields Down\n|move|p1a: Volcarona|Quiver Dance|p1a: Volcarona\n|-boost|p1a: Volcarona|spa|1\n|-boost|p1a: Volcarona|spd|1\n|-boost|p1a: Volcarona|spe|1\n|\n|upkeep\n|turn|5\n|inactive|Time left: 300 sec this turn | 300 sec total\n|\n|t:|1783565276\n|move|p1a: Volcarona|Quiver Dance|p1a: Volcarona\n|-boost|p1a: Volcarona|spa|1\n|-boost|p1a: Volcarona|spd|1\n|-boost|p1a: Volcarona|spe|1\n|move|p2a: Minior|Shell Smash|p2a: Minior\n|-unboost|p2a: Minior|def|1\n|-unboost|p2a: Minior|spd|1\n|-boost|p2a: Minior|atk|2\n|-boost|p2a: Minior|spa|2\n|-boost|p2a: Minior|spe|2\n|-enditem|p2a: Minior|White Herb\n|-clearnegativeboost|p2a: Minior|[silent]\n|\n|upkeep\n|turn|6\n|inactive|Time left: 300 sec this turn | 300 sec total\n|\n|t:|1783565277\n|switch|p1a: Mudsdale|Mudsdale, L83, F|100/100\n|move|p2a: Minior|Acrobatics|p1a: Mudsdale\n|-damage|p1a: Mudsdale|59/100\n|-ability|p1a: Mudsdale|Stamina|boost\n|-boost|p1a: Mudsdale|def|1\n|\n|-heal|p1a: Mudsdale|65/100|[from] item: Leftovers\n|upkeep\n|turn|7\n|inactive|Time left: 300 sec this turn | 300 sec total\n|\n|t:|1783565278\n|move|p2a: Minior|Acrobatics|p1a: Mudsdale\n|-damage|p1a: Mudsdale|36/100\n|-ability|p1a: Mudsdale|Stamina|boost\n|-boost|p1a: Mudsdale|def|1\n|move|p1a: Mudsdale|Roar|p2a: Minior\n|drag|p2a: Iron Valiant|Iron Valiant, L78|220/244\n|\n|-heal|p1a: Mudsdale|42/100|[from] item: Leftovers\n|upkeep\n|turn|8\n|inactive|Time left: 300 sec this turn | 300 sec total\n|\n|t:|1783565279\n|move|p2a: Iron Valiant|Moonblast|p1a: Mudsdale\n|-damage|p1a: Mudsdale|0 fnt\n|faint|p1a: Mudsdale\n|-damage|p2a: Iron Valiant|196/244|[from] item: Life Orb\n|\n|upkeep\n|\n|t:|1783565280\n|switch|p1a: Espeon|Espeon, L84, M|100/100\n|turn|9\n|inactive|Time left: 300 sec this turn | 300 sec total\n|\n|t:|1783565281\n|-end|p2a: Iron Valiant|Quark Drive|[silent]\n|switch|p2a: Frosmoth|Frosmoth, L82, M|249/249\n|move|p1a: Espeon|Psyshock|p2a: Frosmoth\n|-damage|p2a: Frosmoth|150/249\n|\n|upkeep\n|turn|10\n|inactive|Time left: 300 sec this turn | 300 sec total\n|\n|t:|1783565282\n|move|p1a: Espeon|Psyshock|p2a: Frosmoth\n|-damage|p2a: Frosmoth|45/249\n|move|p2a: Frosmoth|Ice Beam|p1a: Espeon\n|-damage|p1a: Espeon|60/100\n|\n|upkeep\n|turn|11\n|inactive|Time left: 300 sec this turn | 300 sec total\n|\n|t:|1783565284\n|move|p1a: Espeon|Psyshock|p2a: Frosmoth\n|-damage|p2a: Frosmoth|0 fnt\n|faint|p2a: Frosmoth\n|\n|upkeep\n|inactive|Time left: 300 sec this turn | 300 sec total | 5 sec grace\n|\n|t:|1783565284\n|switch|p2a: Porygon-Z|Porygon-Z, L83|277/277\n|turn|12\n|inactive|Time left: 300 sec this turn | 300 sec total\n|\n|t:|1783565286\n|move|p1a: Espeon|Psyshock|p2a: Porygon-Z\n|-damage|p2a: Porygon-Z|91/277\n|move|p2a: Porygon-Z|Tri Attack|p1a: Espeon\n|-damage|p1a: Espeon|0 fnt\n|faint|p1a: Espeon\n|-damage|p2a: Porygon-Z|64/277|[from] item: Life Orb\n|\n|upkeep\n|\n|t:|1783565287\n|switch|p1a: Volcarona|Volcarona, L77, F|100/100\n|turn|13\n|inactive|Time left: 300 sec this turn | 300 sec total\n|\n|t:|1783565288\n|switch|p2a: Minior|Minior, L79|224/224\n|-formechange|p2a: Minior|Minior-Meteor||[from] ability: Shields Down\n|move|p1a: Volcarona|Quiver Dance|p1a: Volcarona\n|-boost|p1a: Volcarona|spa|1\n|-boost|p1a: Volcarona|spd|1\n|-boost|p1a: Volcarona|spe|1\n|\n|upkeep\n|turn|14\n|inactive|Time left: 300 sec this turn | 300 sec total\n|\n|t:|1783565289\n|-terastallize|p1a: Volcarona|Fire\n|move|p1a: Volcarona|Quiver Dance|p1a: Volcarona\n|-boost|p1a: Volcarona|spa|1\n|-boost|p1a: Volcarona|spd|1\n|-boost|p1a: Volcarona|spe|1\n|move|p2a: Minior|Acrobatics|p1a: Volcarona\n|-damage|p1a: Volcarona|58/100\n|\n|upkeep\n|turn|15\n|inactive|Time left: 300 sec this turn | 300 sec total\n|\n|t:|1783565290\n|move|p1a: Volcarona|Giga Drain|p2a: Minior\n|-damage|p2a: Minior|114/224\n|-heal|p1a: Volcarona|80/100|[from] drain|[of] p2a: Minior\n|move|p2a: Minior|Acrobatics|p1a: Volcarona\n|-damage|p1a: Volcarona|44/100\n|\n|upkeep\n|turn|16\n|inactive|Time left: 300 sec this turn | 300 sec total\n|\n|t:|1783565292\n|move|p1a: Volcarona|Fire Blast|p2a: Minior|[miss]\n|-miss|p1a: Volcarona|p2a: Minior\n|move|p2a: Minior|Shell Smash|p2a: Minior\n|-unboost|p2a: Minior|def|1\n|-unboost|p2a: Minior|spd|1\n|-boost|p2a: Minior|atk|2\n|-boost|p2a: Minior|spa|2\n|-boost|p2a: Minior|spe|2\n|\n|upkeep\n|turn|17\n|inactive|Time left: 300 sec this turn | 300 sec total\n|\n|t:|1783565293\n|move|p1a: Volcarona|Bug Buzz|p2a: Minior\n|-resisted|p2a: Minior\n|-damage|p2a: Minior|0 fnt\n|faint|p2a: Minior\n|\n|upkeep\n|inactive|Time left: 300 sec this turn | 300 sec total | 5 sec grace\n|\n|t:|1783565294\n|switch|p2a: Porygon-Z|Porygon-Z, L83|64/277\n|turn|18\n|inactive|Time left: 300 sec this turn | 300 sec total\n|\n|t:|1783565295\n|move|p1a: Volcarona|Giga Drain|p2a: Porygon-Z\n|-damage|p2a: Porygon-Z|0 fnt\n|-heal|p1a: Volcarona|56/100|[from] drain|[of] p2a: Porygon-Z\n|faint|p2a: Porygon-Z\n|\n|upkeep\n|inactive|Time left: 300 sec this turn | 300 sec total | 5 sec grace\n|\n|t:|1783565296\n|switch|p2a: Iron Valiant|Iron Valiant, L78|196/244\n|turn|19\n|inactive|Time left: 300 sec this turn | 300 sec total\n|\n|t:|1783565297\n|-terastallize|p2a: Iron Valiant|Steel\n|move|p1a: Volcarona|Fire Blast|p2a: Iron Valiant|[miss]\n|-miss|p1a: Volcarona|p2a: Iron Valiant\n|move|p2a: Iron Valiant|Close Combat|p1a: Volcarona\n|-damage|p1a: Volcarona|0 fnt\n|-unboost|p2a: Iron Valiant|def|1\n|-unboost|p2a: Iron Valiant|spd|1\n|faint|p1a: Volcarona\n|-damage|p2a: Iron Valiant|172/244|[from] item: Life Orb\n|\n|upkeep\n|\n|t:|1783565298\n|switch|p1a: Uxie|Uxie, L83|100/100\n|turn|20\n|inactive|Time left: 300 sec this turn | 300 sec total\n|\n|t:|1783565299\n|move|p2a: Iron Valiant|Calm Mind|p2a: Iron Valiant\n|-boost|p2a: Iron Valiant|spa|1\n|-boost|p2a: Iron Valiant|spd|1\n|move|p1a: Uxie|Yawn|p2a: Iron Valiant\n|-start|p2a: Iron Valiant|move: Yawn|[of] p1a: Uxie\n|\n|upkeep\n|turn|21\n|inactive|Time left: 300 sec this turn | 300 sec total\n|\n|t:|1783565300\n|move|p2a: Iron Valiant|Moonblast|p1a: Uxie\n|-damage|p1a: Uxie|40/100\n|-unboost|p1a: Uxie|spa|1\n|-damage|p2a: Iron Valiant|148/244|[from] item: Life Orb\n|move|p1a: Uxie|U-turn|p2a: Iron Valiant\n|-resisted|p2a: Iron Valiant\n|-damage|p2a: Iron Valiant|115/244\n|\n|t:|1783565301\n|switch|p1a: Trevenant|Trevenant, L89, F|25/100|[from] U-turn\n|\n|-end|p2a: Iron Valiant|move: Yawn|[silent]\n|-status|p2a: Iron Valiant|slp\n|upkeep\n|turn|22\n|inactive|Time left: 300 sec this turn | 300 sec total\n|\n|t:|1783565302\n|-end|p2a: Iron Valiant|Quark Drive|[silent]\n|switch|p2a: Slither Wing|Slither Wing, L81|270/270\n|move|p1a: Trevenant|Horn Leech|p2a: Slither Wing\n|-resisted|p2a: Slither Wing\n|-damage|p2a: Slither Wing|200/270\n|-heal|p1a: Trevenant|37/100|[from] drain|[of] p2a: Slither Wing\n|-damage|p1a: Trevenant|27/100|[from] item: Life Orb\n|\n|upkeep\n|turn|23\n|inactive|Time left: 300 sec this turn | 300 sec total\n|\n|t:|1783565303\n|move|p2a: Slither Wing|U-turn|p1a: Trevenant\n|-damage|p1a: Trevenant|0 fnt\n|faint|p1a: Trevenant\n|inactive|Time left: 300 sec this turn | 300 sec total | 5 sec grace\n|\n|t:|1783565305\n|-end|p2a: Slither Wing|Protosynthesis|[silent]\n|switch|p2a: Iron Valiant|Iron Valiant, L78, tera:Steel|115/244 slp|[from] U-turn\n|\n|upkeep\n|\n|t:|1783565306\n|switch|p1a: Uxie|Uxie, L83|40/100\n|turn|24\n|inactive|Time left: 300 sec this turn | 300 sec total\n|\n|t:|1783565307\n|cant|p2a: Iron Valiant|slp\n|move|p1a: Uxie|Psychic Noise|p2a: Iron Valiant\n|-resisted|p2a: Iron Valiant\n|-damage|p2a: Iron Valiant|67/244 slp\n|-start|p2a: Iron Valiant|move: Heal Block\n|\n|-heal|p1a: Uxie|47/100|[from] item: Leftovers\n|upkeep\n|turn|25\n|inactive|Time left: 300 sec this turn | 300 sec total\n|\n|t:|1783565308\n|cant|p2a: Iron Valiant|slp\n|move|p1a: Uxie|Psychic Noise|p2a: Iron Valiant\n|-resisted|p2a: Iron Valiant\n|-damage|p2a: Iron Valiant|25/244 slp\n|\n|-heal|p1a: Uxie|53/100|[from] item: Leftovers\n|-end|p2a: Iron Valiant|move: Heal Block\n|upkeep\n|turn|26\n|inactive|Time left: 300 sec this turn | 300 sec total\n|\n|t:|1783565309\n|-curestatus|p2a: Iron Valiant|slp|[msg]\n|move|p2a: Iron Valiant|Moonblast|p1a: Uxie\n|-damage|p1a: Uxie|16/100\n|-damage|p2a: Iron Valiant|1/244|[from] item: Life Orb\n|move|p1a: Uxie|Psychic Noise|p2a: Iron Valiant\n|-resisted|p2a: Iron Valiant\n|-damage|p2a: Iron Valiant|0 fnt\n|faint|p2a: Iron Valiant\n|-end|p2a: Iron Valiant|Quark Drive|[silent]\n|\n|-heal|p1a: Uxie|22/100|[from] item: Leftovers\n|upkeep\n|inactive|Time left: 300 sec this turn | 300 sec total | 5 sec grace\n|\n|t:|1783565310\n|switch|p2a: Slither Wing|Slither Wing, L81|200/270\n|turn|27\n|inactive|Time left: 300 sec this turn | 300 sec total\n|\n|t:|1783565311\n|move|p1a: Uxie|Yawn|p2a: Slither Wing\n|-start|p2a: Slither Wing|move: Yawn|[of] p1a: Uxie\n|move|p2a: Slither Wing|U-turn|p1a: Uxie\n|-supereffective|p1a: Uxie\n|-damage|p1a: Uxie|0 fnt\n|faint|p1a: Uxie\n|\n|win|p0y21811f71", "uploadtime": 1783565311, "views": 0, "rating": 0, "private": 0, "password": null, "_winner": "p0y21811f71", "_our_name": "p0y21811f71"}