{"id": "battle-gen9randombattle-1789", "formatid": "gen9randombattle", "format": "[Gen 9] Random Battle", "players": ["p0x17891a60", "p0y1789fac0"], "log": "|init|battle\n|title|p0x17891a60 vs. p0y1789fac0\n|j|\u2606p0x17891a60\n|j|\u2606p0y1789fac0\n|t:|1783559965\n|gametype|singles\n|player|p1|p0x17891a60|170|\n|player|p2|p0y1789fac0|170|\n|gen|9\n|tier|[Gen 9] Random Battle\n|rule|Species Clause: Limit one of each Pok\u00e9mon\n|rule|HP Percentage Mod: HP is shown in percentages\n|rule|Sleep Clause Mod: Limit one foe put to sleep\n|rule|Illusion Level Mod: Illusion disguises the Pok\u00e9mon's true level\n|\n|t:|1783559965\n|teamsize|p1|6\n|teamsize|p2|6\n|start\n|switch|p1a: Iron Hands|Iron Hands, L79|373/373\n|switch|p2a: Tyranitar|Tyranitar, L78, M|100/100\n|-weather|Sandstorm|[from] ability: Sand Stream|[of] p2a: Tyranitar\n|turn|1\n|inactive|Battle timer is ON: inactive players will automatically lose when time's up. (requested by p0x17891a60)\n|inactive|p0y1789fac0 also wants the timer to be on.\n|\n|t:|1783559966\n|switch|p2a: Swalot|Swalot, L90, M|100/100\n|move|p1a: Iron Hands|Drain Punch|p2a: Swalot\n|-resisted|p2a: Swalot\n|-damage|p2a: Swalot|87/100\n|-damage|p1a: Iron Hands|351/373|[from] ability: Liquid Ooze|[of] p2a: Swalot\n|\n|-weather|Sandstorm|[upkeep]\n|-damage|p2a: Swalot|81/100|[from] Sandstorm\n|-damage|p1a: Iron Hands|328/373|[from] Sandstorm\n|-heal|p2a: Swalot|87/100|[from] item: Leftovers\n|-heal|p1a: Iron Hands|351/373|[from] item: Leftovers\n|upkeep\n|turn|2\n|inactive|Time left: 300 sec this turn | 300 sec total\n|\n|t:|1783559968\n|move|p2a: Swalot|Sludge Bomb|p1a: Iron Hands\n|-damage|p1a: Iron Hands|231/373\n|move|p1a: Iron Hands|Swords Dance|p1a: Iron Hands\n|-boost|p1a: Iron Hands|atk|2\n|\n|-weather|Sandstorm|[upkeep]\n|-damage|p2a: Swalot|81/100|[from] Sandstorm\n|-damage|p1a: Iron Hands|208/373|[from] Sandstorm\n|-heal|p2a: Swalot|87/100|[from] item: Leftovers\n|-heal|p1a: Iron Hands|231/373|[from] item: Leftovers\n|upkeep\n|turn|3\n|inactive|Time left: 300 sec this turn | 300 sec total\n|\n|t:|1783559969\n|move|p2a: Swalot|Clear Smog|p1a: Iron Hands\n|-damage|p1a: Iron Hands|162/373\n|-clearboost|p1a: Iron Hands\n|move|p1a: Iron Hands|Ice Punch|p2a: Swalot\n|-damage|p2a: Swalot|67/100\n|\n|-weather|Sandstorm|[upkeep]\n|-damage|p2a: Swalot|61/100|[from] Sandstorm\n|-damage|p1a: Iron Hands|139/373|[from] Sandstorm\n|-heal|p2a: Swalot|67/100|[from] item: Leftovers\n|-heal|p1a: Iron Hands|162/373|[from] item: Leftovers\n|upkeep\n|turn|4\n|inactive|Time left: 300 sec this turn | 300 sec total\n|\n|t:|1783559970\n|move|p2a: Swalot|Sludge Bomb|p1a: Iron Hands\n|-damage|p1a: Iron Hands|57/373\n|-status|p1a: Iron Hands|psn\n|move|p1a: Iron Hands|Ice Punch|p2a: Swalot\n|-damage|p2a: Swalot|48/100\n|\n|-weather|Sandstorm|[upkeep]\n|-damage|p2a: Swalot|42/100|[from] Sandstorm\n|-damage|p1a: Iron Hands|34/373 psn|[from] Sandstorm\n|-heal|p2a: Swalot|48/100|[from] item: Leftovers\n|-heal|p1a: Iron Hands|57/373 psn|[from] item: Leftovers\n|-damage|p1a: Iron Hands|11/373 psn|[from] psn\n|upkeep\n|turn|5\n|inactive|Time left: 300 sec this turn | 300 sec total\n|\n|t:|1783559971\n|move|p2a: Swalot|Knock Off|p1a: Iron Hands\n|-resisted|p1a: Iron Hands\n|-damage|p1a: Iron Hands|0 fnt\n|-enditem|p1a: Iron Hands|Leftovers|[from] move: Knock Off|[of] p2a: Swalot\n|faint|p1a: Iron Hands\n|-end|p1a: Iron Hands|Quark Drive|[silent]\n|\n|-weather|none\n|-heal|p2a: Swalot|54/100|[from] item: Leftovers\n|upkeep\n|inactive|Time left: 300 sec this turn | 300 sec total | 5 sec grace\n|\n|t:|1783559972\n|switch|p1a: Falinks|Falinks, L84|246/246\n|turn|6\n|inactive|Time left: 300 sec this turn | 300 sec total\n|\n|t:|1783559974\n|-terastallize|p1a: Falinks|Steel\n|move|p1a: Falinks|No Retreat|p1a: Falinks\n|-boost|p1a: Falinks|atk|1\n|-boost|p1a: Falinks|def|1\n|-boost|p1a: Falinks|spa|1\n|-boost|p1a: Falinks|spd|1\n|-boost|p1a: Falinks|spe|1\n|-start|p1a: Falinks|move: No Retreat\n|move|p2a: Swalot|Clear Smog|p1a: Falinks\n|-immune|p1a: Falinks\n|\n|-heal|p2a: Swalot|60/100|[from] item: Leftovers\n|upkeep\n|turn|7\n|inactive|Time left: 300 sec this turn | 300 sec total\n|\n|t:|1783559975\n|move|p1a: Falinks|Iron Head|p2a: Swalot\n|-damage|p2a: Swalot|5/100\n|-damage|p1a: Falinks|222/246|[from] item: Life Orb\n|move|p2a: Swalot|Knock Off|p1a: Falinks\n|-damage|p1a: Falinks|182/246\n|-enditem|p1a: Falinks|Life Orb|[from] move: Knock Off|[of] p2a: Swalot\n|\n|-heal|p2a: Swalot|11/100|[from] item: Leftovers\n|upkeep\n|turn|8\n|inactive|Time left: 300 sec this turn | 300 sec total\n|\n|t:|1783559976\n|move|p1a: Falinks|Iron Head|p2a: Swalot\n|-damage|p2a: Swalot|0 fnt\n|faint|p2a: Swalot\n|\n|upkeep\n|\n|t:|1783559977\n|switch|p2a: Glastrier|Glastrier, L86|100/100\n|turn|9\n|inactive|Time left: 300 sec this turn | 300 sec total\n|\n|t:|1783559978\n|-terastallize|p2a: Glastrier|Ground\n|move|p1a: Falinks|Iron Head|p2a: Glastrier\n|-damage|p2a: Glastrier|72/100\n|move|p2a: Glastrier|High Horsepower|p1a: Falinks\n|-supereffective|p1a: Falinks\n|-damage|p1a: Falinks|0 fnt\n|faint|p1a: Falinks\n|-ability|p2a: Glastrier|Chilling Neigh|boost\n|-boost|p2a: Glastrier|atk|1\n|\n|upkeep\n|inactive|Time left: 300 sec this turn | 300 sec total | 5 sec grace\n|\n|t:|1783559979\n|switch|p1a: Tsareena|Tsareena, L87, F|267/267\n|turn|10\n|inactive|Time left: 300 sec this turn | 300 sec total\n|\n|t:|1783559980\n|move|p1a: Tsareena|Power Whip|p2a: Glastrier\n|-supereffective|p2a: Glastrier\n|-damage|p2a: Glastrier|1/100\n|move|p2a: Glastrier|High Horsepower|p1a: Tsareena\n|-resisted|p1a: Tsareena\n|-damage|p1a: Tsareena|134/267\n|\n|upkeep\n|turn|11\n|inactive|Time left: 300 sec this turn | 300 sec total\n|\n|t:|1783559981\n|move|p1a: Tsareena|Rapid Spin|p2a: Glastrier\n|-damage|p2a: Glastrier|0 fnt\n|-boost|p1a: Tsareena|spe|1\n|faint|p2a: Glastrier\n|\n|upkeep\n|\n|t:|1783559982\n|switch|p2a: Toucannon|Toucannon, L88, F|100/100\n|turn|12\n|inactive|Time left: 300 sec this turn | 300 sec total\n|\n|t:|1783559984\n|-singleturn|p2a: Toucannon|move: Beak Blast\n|move|p1a: Tsareena|Synthesis|p1a: Tsareena\n|-heal|p1a: Tsareena|267/267\n|move|p2a: Toucannon|Beak Blast|p1a: Tsareena\n|-supereffective|p1a: Tsareena\n|-damage|p1a: Tsareena|13/267\n|\n|upkeep\n|turn|13\n|inactive|Time left: 300 sec this turn | 300 sec total\n|\n|t:|1783559985\n|-singleturn|p2a: Toucannon|move: Beak Blast\n|move|p1a: Tsareena|Synthesis|p1a: Tsareena\n|-heal|p1a: Tsareena|146/267\n|move|p2a: Toucannon|Beak Blast|p1a: Tsareena\n|-supereffective|p1a: Tsareena\n|-damage|p1a: Tsareena|0 fnt\n|faint|p1a: Tsareena\n|\n|upkeep\n|inactive|Time left: 300 sec this turn | 300 sec total | 5 sec grace\n|\n|t:|1783559986\n|switch|p1a: Feraligatr|Feraligatr, L79, M|264/264\n|turn|14\n|inactive|Time left: 300 sec this turn | 300 sec total\n|\n|t:|1783559987\n|move|p1a: Feraligatr|Ice Punch|p2a: Toucannon\n|-supereffective|p2a: Toucannon\n|-damage|p2a: Toucannon|35/100\n|move|p2a: Toucannon|Boomburst|p1a: Feraligatr\n|-damage|p1a: Feraligatr|119/264\n|\n|upkeep\n|turn|15\n|inactive|Time left: 300 sec this turn | 300 sec total\n|\n|t:|1783559988\n|switch|p2a: Sawsbuck|Sawsbuck-Winter, L88, M|100/100\n|move|p1a: Feraligatr|Liquidation|p2a: Sawsbuck\n|-resisted|p2a: Sawsbuck\n|-damage|p2a: Sawsbuck|72/100\n|\n|upkeep\n|turn|16\n|inactive|Time left: 300 sec this turn | 300 sec total\n|\n|t:|1783559989\n|switch|p1a: Dragapult|Dragapult, L77, F|262/262\n|move|p2a: Sawsbuck|Horn Leech|p1a: Dragapult\n|-resisted|p1a: Dragapult\n|-damage|p1a: Dragapult|188/262\n|-heal|p2a: Sawsbuck|85/100|[from] drain|[of] p1a: Dragapult\n|-damage|p2a: Sawsbuck|75/100|[from] item: Life Orb\n|\n|upkeep\n|turn|17\n|inactive|Time left: 300 sec this turn | 300 sec total\n|\n|t:|1783559990\n|switch|p2a: Tyranitar|Tyranitar, L78, M|100/100\n|-weather|Sandstorm|[from] ability: Sand Stream|[of] p2a: Tyranitar\n|move|p1a: Dragapult|Fire Blast|p2a: Tyranitar\n|-resisted|p2a: Tyranitar\n|-damage|p2a: Tyranitar|89/100\n|\n|-weather|Sandstorm|[upkeep]\n|-damage|p1a: Dragapult|172/262|[from] Sandstorm\n|upkeep\n|turn|18\n|inactive|Time left: 300 sec this turn | 300 sec total\n|\n|t:|1783559991\n|move|p1a: Dragapult|Fire Blast|p2a: Tyranitar\n|-resisted|p2a: Tyranitar\n|-damage|p2a: Tyranitar|78/100\n|move|p2a: Tyranitar|Dragon Dance|p2a: Tyranitar\n|-boost|p2a: Tyranitar|atk|1\n|-boost|p2a: Tyranitar|spe|1\n|\n|-weather|Sandstorm|[upkeep]\n|-damage|p1a: Dragapult|156/262|[from] Sandstorm\n|upkeep\n|turn|19\n|inactive|Time left: 300 sec this turn | 300 sec total\n|\n|t:|1783559992\n|move|p1a: Dragapult|Fire Blast|p2a: Tyranitar\n|-resisted|p2a: Tyranitar\n|-damage|p2a: Tyranitar|67/100\n|move|p2a: Tyranitar|Knock Off|p1a: Dragapult\n|-supereffective|p1a: Dragapult\n|-damage|p1a: Dragapult|0 fnt\n|-enditem|p1a: Dragapult|Choice Specs|[from] move: Knock Off|[of] p2a: Tyranitar\n|faint|p1a: Dragapult\n|\n|-weather|Sandstorm|[upkeep]\n|upkeep\n|inactive|Time left: 300 sec this turn | 300 sec total | 5 sec grace\n|\n|t:|1783559993\n|switch|p1a: Feraligatr|Feraligatr, L79, M|119/264\n|turn|20\n|inactive|Time left: 300 sec this turn | 300 sec total\n|\n|t:|1783559993\n|move|p2a: Tyranitar|Knock Off|p1a: Feraligatr\n|-damage|p1a: Feraligatr|0 fnt\n|-enditem|p1a: Feraligatr|Life Orb|[from] move: Knock Off|[of] p2a: Tyranitar\n|faint|p1a: Feraligatr\n|\n|-weather|Sandstorm|[upkeep]\n|upkeep\n|inactive|Time left: 300 sec this turn | 300 sec total | 5 sec grace\n|\n|t:|1783559994\n|switch|p1a: Houndoom|Houndoom, L87, F|272/272\n|turn|21\n|inactive|Time left: 300 sec this turn | 300 sec total\n|\n|t:|1783559995\n|move|p1a: Houndoom|Dark Pulse|p2a: Tyranitar\n|-resisted|p2a: Tyranitar\n|-damage|p2a: Tyranitar|55/100\n|move|p2a: Tyranitar|Stone Edge|p1a: Houndoom|[miss]\n|-miss|p2a: Tyranitar|p1a: Houndoom\n|\n|-weather|none\n|upkeep\n|turn|22\n|inactive|Time left: 300 sec this turn | 300 sec total\n|\n|t:|1783559996\n|move|p1a: Houndoom|Dark Pulse|p2a: Tyranitar\n|-resisted|p2a: Tyranitar\n|-damage|p2a: Tyranitar|37/100\n|move|p2a: Tyranitar|Stone Edge|p1a: Houndoom\n|-supereffective|p1a: Houndoom\n|-damage|p1a: Houndoom|0 fnt\n|faint|p1a: Houndoom\n|\n|win|p0y1789fac0", "uploadtime": 1783559996, "views": 0, "rating": 0, "private": 0, "password": null, "_winner": "p0y1789fac0", "_our_name": "p0x17891a60"}