{"id": "battle-gen9randombattle-752", "formatid": "gen9randombattle", "format": "[Gen 9] Random Battle", "players": ["p0x75246f9", "p0y752f449"], "log": "|init|battle\n|title|p0x75246f9 vs. p0y752f449\n|j|\u2606p0x75246f9\n|j|\u2606p0y752f449\n|t:|1783548578\n|gametype|singles\n|player|p1|p0x75246f9|265|\n|player|p2|p0y752f449|266|\n|gen|9\n|tier|[Gen 9] Random Battle\n|rule|Species Clause: Limit one of each Pok\u00e9mon\n|rule|HP Percentage Mod: HP is shown in percentages\n|rule|Sleep Clause Mod: Limit one foe put to sleep\n|rule|Illusion Level Mod: Illusion disguises the Pok\u00e9mon's true level\n|\n|t:|1783548578\n|teamsize|p1|6\n|teamsize|p2|6\n|start\n|switch|p1a: Grimmsnarl|Grimmsnarl, L83, M|293/293\n|switch|p2a: Ogerpon|Ogerpon-Wellspring, L76, F|100/100\n|turn|1\n|inactive|Battle timer is ON: inactive players will automatically lose when time's up. (requested by p0x75246f9)\n|inactive|p0y752f449 also wants the timer to be on.\n|\n|t:|1783548580\n|move|p2a: Ogerpon|Swords Dance|p2a: Ogerpon\n|-boost|p2a: Ogerpon|atk|2\n|move|p1a: Grimmsnarl|Spirit Break|p2a: Ogerpon\n|-damage|p2a: Ogerpon|60/100\n|-unboost|p2a: Ogerpon|spa|1\n|\n|upkeep\n|turn|2\n|inactive|Time left: 300 sec this turn | 300 sec total\n|\n|t:|1783548581\n|switch|p1a: Brute Bonnet|Brute Bonnet, L80|309/309\n|move|p2a: Ogerpon|Ivy Cudgel|p1a: Brute Bonnet|[anim] Ivy Cudgel Water\n|-resisted|p1a: Brute Bonnet\n|-damage|p1a: Brute Bonnet|199/309\n|\n|-heal|p1a: Brute Bonnet|218/309|[from] item: Leftovers\n|upkeep\n|turn|3\n|inactive|Time left: 300 sec this turn | 300 sec total\n|\n|t:|1783548582\n|move|p2a: Ogerpon|Horn Leech|p1a: Brute Bonnet\n|-resisted|p1a: Brute Bonnet\n|-damage|p1a: Brute Bonnet|131/309\n|-heal|p2a: Ogerpon|78/100|[from] drain|[of] p1a: Brute Bonnet\n|move|p1a: Brute Bonnet|Seed Bomb|p2a: Ogerpon\n|-damage|p2a: Ogerpon|32/100\n|\n|-heal|p1a: Brute Bonnet|150/309|[from] item: Leftovers\n|upkeep\n|turn|4\n|inactive|Time left: 300 sec this turn | 300 sec total\n|\n|t:|1783548583\n|move|p1a: Brute Bonnet|Sucker Punch|p2a: Ogerpon\n|-damage|p2a: Ogerpon|0 fnt\n|faint|p2a: Ogerpon\n|\n|-heal|p1a: Brute Bonnet|169/309|[from] item: Leftovers\n|upkeep\n|\n|t:|1783548584\n|switch|p2a: Entei|Entei, L78|100/100\n|turn|5\n|inactive|Time left: 300 sec this turn | 300 sec total\n|\n|t:|1783548585\n|-end|p1a: Brute Bonnet|Protosynthesis|[silent]\n|switch|p1a: Hippowdon|Hippowdon, L82, M|311/311\n|-weather|Sandstorm|[from] ability: Sand Stream|[of] p1a: Hippowdon\n|move|p2a: Entei|Sacred Fire|p1a: Hippowdon\n|-damage|p1a: Hippowdon|188/311\n|-status|p1a: Hippowdon|brn\n|\n|-weather|Sandstorm|[upkeep]\n|-damage|p2a: Entei|94/100|[from] Sandstorm\n|-damage|p1a: Hippowdon|169/311 brn|[from] brn\n|upkeep\n|turn|6\n|inactive|Time left: 300 sec this turn | 300 sec total\n|\n|t:|1783548586\n|move|p2a: Entei|Sacred Fire|p1a: Hippowdon\n|-damage|p1a: Hippowdon|48/311 brn\n|move|p1a: Hippowdon|Earthquake|p2a: Entei\n|-supereffective|p2a: Entei\n|-crit|p2a: Entei\n|-damage|p2a: Entei|35/100\n|\n|-weather|Sandstorm|[upkeep]\n|-damage|p2a: Entei|29/100|[from] Sandstorm\n|-damage|p1a: Hippowdon|29/311 brn|[from] brn\n|upkeep\n|turn|7\n|inactive|Time left: 300 sec this turn | 300 sec total\n|\n|t:|1783548587\n|move|p2a: Entei|Sacred Fire|p1a: Hippowdon\n|-damage|p1a: Hippowdon|0 fnt\n|faint|p1a: Hippowdon\n|\n|-weather|Sandstorm|[upkeep]\n|-damage|p2a: Entei|22/100|[from] Sandstorm\n|upkeep\n|inactive|Time left: 300 sec this turn | 300 sec total | 5 sec grace\n|\n|t:|1783548588\n|switch|p1a: Squawkabilly|Squawkabilly-Yellow, L89, F|291/291\n|turn|8\n|inactive|Time left: 300 sec this turn | 300 sec total\n|\n|t:|1783548589\n|switch|p2a: Gholdengo|Gholdengo, L77|100/100\n|move|p1a: Squawkabilly|Brave Bird|p2a: Gholdengo|[miss]\n|-miss|p1a: Squawkabilly|p2a: Gholdengo\n|\n|-weather|Sandstorm|[upkeep]\n|-damage|p1a: Squawkabilly|273/291|[from] Sandstorm\n|upkeep\n|turn|9\n|inactive|Time left: 300 sec this turn | 300 sec total\n|\n|t:|1783548590\n|move|p2a: Gholdengo|Make It Rain|p1a: Squawkabilly\n|-damage|p1a: Squawkabilly|92/291\n|-unboost|p2a: Gholdengo|spa|1\n|move|p1a: Squawkabilly|Brave Bird|p2a: Gholdengo|[miss]\n|-miss|p1a: Squawkabilly|p2a: Gholdengo\n|\n|-weather|none\n|upkeep\n|turn|10\n|inactive|Time left: 300 sec this turn | 300 sec total\n|\n|t:|1783548591\n|move|p2a: Gholdengo|Make It Rain|p1a: Squawkabilly\n|-damage|p1a: Squawkabilly|0 fnt\n|-unboost|p2a: Gholdengo|spa|1\n|faint|p1a: Squawkabilly\n|\n|upkeep\n|inactive|Time left: 300 sec this turn | 300 sec total | 5 sec grace\n|\n|t:|1783548592\n|switch|p1a: Lanturn|Lanturn, L89, M|367/367\n|turn|11\n|inactive|Time left: 300 sec this turn | 300 sec total\n|\n|t:|1783548593\n|switch|p2a: Mabosstiff|Mabosstiff, L86, F|100/100\n|move|p1a: Lanturn|Scald|p2a: Mabosstiff\n|-damage|p2a: Mabosstiff|65/100\n|\n|upkeep\n|turn|12\n|inactive|Time left: 300 sec this turn | 300 sec total\n|\n|t:|1783548594\n|move|p2a: Mabosstiff|Crunch|p1a: Lanturn\n|-damage|p1a: Lanturn|172/367\n|move|p1a: Lanturn|Scald|p2a: Mabosstiff\n|-damage|p2a: Mabosstiff|33/100\n|-status|p2a: Mabosstiff|brn\n|\n|-damage|p2a: Mabosstiff|27/100 brn|[from] brn\n|upkeep\n|turn|13\n|inactive|Time left: 300 sec this turn | 300 sec total\n|\n|t:|1783548595\n|move|p2a: Mabosstiff|Crunch|p1a: Lanturn\n|-damage|p1a: Lanturn|75/367\n|move|p1a: Lanturn|Thunderbolt|p2a: Mabosstiff\n|-damage|p2a: Mabosstiff|0 fnt\n|faint|p2a: Mabosstiff\n|\n|upkeep\n|\n|t:|1783548596\n|switch|p2a: Entei|Entei, L78|22/100\n|turn|14\n|inactive|Time left: 300 sec this turn | 300 sec total\n|\n|t:|1783548597\n|move|p2a: Entei|Sacred Fire|p1a: Lanturn\n|-resisted|p1a: Lanturn\n|-damage|p1a: Lanturn|0 fnt\n|faint|p1a: Lanturn\n|\n|upkeep\n|inactive|Time left: 300 sec this turn | 300 sec total | 5 sec grace\n|\n|t:|1783548598\n|switch|p1a: Brute Bonnet|Brute Bonnet, L80|169/309\n|turn|15\n|inactive|Time left: 300 sec this turn | 300 sec total\n|\n|t:|1783548599\n|move|p1a: Brute Bonnet|Sucker Punch|p2a: Entei\n|-damage|p2a: Entei|0 fnt\n|faint|p2a: Entei\n|\n|-heal|p1a: Brute Bonnet|188/309|[from] item: Leftovers\n|upkeep\n|\n|t:|1783548600\n|switch|p2a: Lokix|Lokix, L82, M|100/100\n|turn|16\n|inactive|Time left: 300 sec this turn | 300 sec total\n|\n|t:|1783548601\n|-terastallize|p1a: Brute Bonnet|Poison\n|move|p2a: Lokix|Leech Life|p1a: Brute Bonnet\n|-resisted|p1a: Brute Bonnet\n|-damage|p1a: Brute Bonnet|79/309\n|-damage|p2a: Lokix|91/100|[from] item: Life Orb\n|move|p1a: Brute Bonnet|Spore|p2a: Lokix\n|-status|p2a: Lokix|slp|[from] move: Spore\n|\n|-heal|p1a: Brute Bonnet|98/309|[from] item: Leftovers\n|upkeep\n|turn|17\n|inactive|Time left: 300 sec this turn | 300 sec total\n|\n|t:|1783548603\n|cant|p2a: Lokix|slp\n|move|p1a: Brute Bonnet|Crunch|p2a: Lokix\n|-resisted|p2a: Lokix\n|-damage|p2a: Lokix|70/100 slp\n|-unboost|p2a: Lokix|def|1\n|\n|-heal|p1a: Brute Bonnet|117/309|[from] item: Leftovers\n|upkeep\n|turn|18\n|inactive|Time left: 300 sec this turn | 300 sec total\n|\n|t:|1783548604\n|cant|p2a: Lokix|slp\n|move|p1a: Brute Bonnet|Crunch|p2a: Lokix\n|-resisted|p2a: Lokix\n|-damage|p2a: Lokix|40/100 slp\n|\n|-heal|p1a: Brute Bonnet|136/309|[from] item: Leftovers\n|upkeep\n|turn|19\n|inactive|Time left: 300 sec this turn | 300 sec total\n|\n|t:|1783548605\n|-curestatus|p2a: Lokix|slp|[msg]\n|move|p2a: Lokix|Swords Dance|p2a: Lokix\n|-boost|p2a: Lokix|atk|2\n|move|p1a: Brute Bonnet|Seed Bomb|p2a: Lokix\n|-resisted|p2a: Lokix\n|-damage|p2a: Lokix|10/100\n|\n|-heal|p1a: Brute Bonnet|155/309|[from] item: Leftovers\n|upkeep\n|turn|20\n|inactive|Time left: 300 sec this turn | 300 sec total\n|\n|t:|1783548606\n|move|p2a: Lokix|Sucker Punch|p1a: Brute Bonnet\n|-damage|p1a: Brute Bonnet|0 fnt\n|faint|p1a: Brute Bonnet\n|-end|p1a: Brute Bonnet|Protosynthesis|[silent]\n|-damage|p2a: Lokix|0 fnt|[from] item: Life Orb\n|faint|p2a: Lokix\n|\n|upkeep\n|inactive|Time left: 300 sec this turn | 300 sec total | 5 sec grace\n|\n|t:|1783548606\n|switch|p2a: Salazzle|Salazzle, L83, F|100/100\n|switch|p1a: Grimmsnarl|Grimmsnarl, L83, M|293/293\n|turn|21\n|inactive|Time left: 300 sec this turn | 300 sec total\n|\n|t:|1783548607\n|switch|p1a: Blissey|Blissey, L85, F|572/572\n|move|p2a: Salazzle|Flamethrower|p1a: Blissey\n|-damage|p1a: Blissey|502/572\n|\n|-heal|p1a: Blissey|537/572|[from] item: Leftovers\n|upkeep\n|turn|22\n|inactive|Time left: 300 sec this turn | 300 sec total\n|\n|t:|1783548608\n|move|p2a: Salazzle|Toxic|p1a: Blissey\n|-status|p1a: Blissey|tox\n|move|p1a: Blissey|Seismic Toss|p2a: Salazzle\n|-damage|p2a: Salazzle|66/100\n|\n|-heal|p2a: Salazzle|72/100|[from] item: Leftovers\n|-heal|p1a: Blissey|572/572 tox|[from] item: Leftovers\n|-damage|p1a: Blissey|537/572 tox|[from] psn\n|upkeep\n|turn|23\n|inactive|Time left: 300 sec this turn | 300 sec total\n|\n|t:|1783548609\n|switch|p2a: Gholdengo|Gholdengo, L77|100/100\n|move|p1a: Blissey|Seismic Toss|p2a: Gholdengo\n|-immune|p2a: Gholdengo\n|\n|-heal|p1a: Blissey|572/572 tox|[from] item: Leftovers\n|-damage|p1a: Blissey|502/572 tox|[from] psn\n|upkeep\n|turn|24\n|inactive|Time left: 300 sec this turn | 300 sec total\n|\n|t:|1783548610\n|move|p2a: Gholdengo|Focus Blast|p1a: Blissey\n|-supereffective|p1a: Blissey\n|-damage|p1a: Blissey|376/572 tox\n|move|p1a: Blissey|Stealth Rock|p2a: Gholdengo\n|-sidestart|p2: p0y752f449|move: Stealth Rock\n|\n|-heal|p1a: Blissey|411/572 tox|[from] item: Leftovers\n|-damage|p1a: Blissey|306/572 tox|[from] psn\n|upkeep\n|turn|25\n|inactive|Time left: 300 sec this turn | 300 sec total\n|\n|t:|1783548611\n|-curestatus|p1a: Blissey|tox|[from] ability: Natural Cure|[silent]\n|switch|p1a: Grimmsnarl|Grimmsnarl, L83, M|293/293\n|move|p2a: Gholdengo|Focus Blast|p1a: Grimmsnarl\n|-damage|p1a: Grimmsnarl|196/293\n|\n|-heal|p1a: Grimmsnarl|214/293|[from] item: Leftovers\n|upkeep\n|turn|26\n|inactive|Time left: 300 sec this turn | 300 sec total\n|\n|t:|1783548612\n|move|p1a: Grimmsnarl|Sucker Punch|p2a: Gholdengo\n|-supereffective|p2a: Gholdengo\n|-damage|p2a: Gholdengo|33/100\n|move|p2a: Gholdengo|Focus Blast|p1a: Grimmsnarl|[miss]\n|-miss|p2a: Gholdengo|p1a: Grimmsnarl\n|\n|-heal|p1a: Grimmsnarl|232/293|[from] item: Leftovers\n|upkeep\n|turn|27\n|inactive|Time left: 300 sec this turn | 300 sec total\n|\n|t:|1783548613\n|switch|p2a: Salazzle|Salazzle, L83, F|72/100\n|-damage|p2a: Salazzle|47/100|[from] Stealth Rock\n|move|p1a: Grimmsnarl|Sucker Punch||[still]\n|-fail|p1a: Grimmsnarl\n|\n|-heal|p2a: Salazzle|54/100|[from] item: Leftovers\n|-heal|p1a: Grimmsnarl|250/293|[from] item: Leftovers\n|upkeep\n|turn|28\n|inactive|Time left: 300 sec this turn | 300 sec total\n|\n|t:|1783548615\n|switch|p1a: Blissey|Blissey, L85, F|306/572\n|move|p2a: Salazzle|Toxic|p1a: Blissey\n|-status|p1a: Blissey|tox\n|\n|-heal|p2a: Salazzle|60/100|[from] item: Leftovers\n|-heal|p1a: Blissey|341/572 tox|[from] item: Leftovers\n|-damage|p1a: Blissey|306/572 tox|[from] psn\n|upkeep\n|turn|29\n|inactive|Time left: 300 sec this turn | 300 sec total\n|\n|t:|1783548616\n|move|p2a: Salazzle|Flamethrower|p1a: Blissey\n|-damage|p1a: Blissey|233/572 tox\n|move|p1a: Blissey|Soft-Boiled|p1a: Blissey\n|-heal|p1a: Blissey|519/572 tox\n|\n|-heal|p2a: Salazzle|66/100|[from] item: Leftovers\n|-heal|p1a: Blissey|554/572 tox|[from] item: Leftovers\n|-damage|p1a: Blissey|484/572 tox|[from] psn\n|upkeep\n|turn|30\n|inactive|Time left: 300 sec this turn | 300 sec total\n|\n|t:|1783548617\n|move|p2a: Salazzle|Flamethrower|p1a: Blissey\n|-damage|p1a: Blissey|412/572 tox\n|move|p1a: Blissey|Seismic Toss|p2a: Salazzle\n|-damage|p2a: Salazzle|31/100\n|\n|-heal|p2a: Salazzle|37/100|[from] item: Leftovers\n|-heal|p1a: Blissey|447/572 tox|[from] item: Leftovers\n|-damage|p1a: Blissey|342/572 tox|[from] psn\n|upkeep\n|turn|31\n|inactive|Time left: 300 sec this turn | 300 sec total\n|\n|t:|1783548618\n|move|p2a: Salazzle|Flamethrower|p1a: Blissey\n|-damage|p1a: Blissey|264/572 tox\n|move|p1a: Blissey|Soft-Boiled|p1a: Blissey\n|-heal|p1a: Blissey|550/572 tox\n|\n|-heal|p2a: Salazzle|43/100|[from] item: Leftovers\n|-heal|p1a: Blissey|572/572 tox|[from] item: Leftovers\n|-damage|p1a: Blissey|432/572 tox|[from] psn\n|upkeep\n|turn|32\n|inactive|Time left: 300 sec this turn | 300 sec total\n|\n|t:|1783548619\n|move|p2a: Salazzle|Flamethrower|p1a: Blissey\n|-damage|p1a: Blissey|360/572 tox\n|move|p1a: Blissey|Seismic Toss|p2a: Salazzle\n|-damage|p2a: Salazzle|9/100\n|\n|-heal|p2a: Salazzle|15/100|[from] item: Leftovers\n|-heal|p1a: Blissey|395/572 tox|[from] item: Leftovers\n|-damage|p1a: Blissey|220/572 tox|[from] psn\n|upkeep\n|turn|33\n|inactive|Time left: 300 sec this turn | 300 sec total\n|\n|t:|1783548620\n|-curestatus|p1a: Blissey|tox|[from] ability: Natural Cure|[silent]\n|switch|p1a: Grimmsnarl|Grimmsnarl, L83, M|250/293\n|move|p2a: Salazzle|Flamethrower|p1a: Grimmsnarl\n|-damage|p1a: Grimmsnarl|141/293\n|\n|-heal|p2a: Salazzle|21/100|[from] item: Leftovers\n|-heal|p1a: Grimmsnarl|159/293|[from] item: Leftovers\n|upkeep\n|turn|34\n|inactive|Time left: 300 sec this turn | 300 sec total\n|\n|t:|1783548621\n|switch|p1a: Blissey|Blissey, L85, F|220/572\n|move|p2a: Salazzle|Toxic|p1a: Blissey\n|-status|p1a: Blissey|tox\n|\n|-heal|p2a: Salazzle|27/100|[from] item: Leftovers\n|-heal|p1a: Blissey|255/572 tox|[from] item: Leftovers\n|-damage|p1a: Blissey|220/572 tox|[from] psn\n|upkeep\n|turn|35\n|inactive|Time left: 300 sec this turn | 300 sec total\n|\n|t:|1783548622\n|switch|p2a: Gholdengo|Gholdengo, L77|33/100\n|-damage|p2a: Gholdengo|27/100|[from] Stealth Rock\n|move|p1a: Blissey|Soft-Boiled|p1a: Blissey\n|-heal|p1a: Blissey|506/572 tox\n|\n|-heal|p1a: Blissey|541/572 tox|[from] item: Leftovers\n|-damage|p1a: Blissey|471/572 tox|[from] psn\n|upkeep\n|turn|36\n|inactive|Time left: 300 sec this turn | 300 sec total\n|\n|t:|1783548623\n|-curestatus|p1a: Blissey|tox|[from] ability: Natural Cure|[silent]\n|switch|p1a: Grimmsnarl|Grimmsnarl, L83, M|159/293\n|move|p2a: Gholdengo|Focus Blast|p1a: Grimmsnarl\n|-damage|p1a: Grimmsnarl|56/293\n|-unboost|p1a: Grimmsnarl|spd|1\n|\n|-heal|p1a: Grimmsnarl|74/293|[from] item: Leftovers\n|upkeep\n|turn|37\n|inactive|Time left: 300 sec this turn | 300 sec total\n|\n|t:|1783548624\n|switch|p2a: Salazzle|Salazzle, L83, F|27/100\n|-damage|p2a: Salazzle|3/100|[from] Stealth Rock\n|move|p1a: Grimmsnarl|Sucker Punch||[still]\n|-fail|p1a: Grimmsnarl\n|\n|-heal|p2a: Salazzle|9/100|[from] item: Leftovers\n|-heal|p1a: Grimmsnarl|92/293|[from] item: Leftovers\n|upkeep\n|turn|38\n|inactive|Time left: 300 sec this turn | 300 sec total\n|\n|t:|1783548625\n|switch|p1a: Blissey|Blissey, L85, F|471/572\n|move|p2a: Salazzle|Protect||[still]\n|-fail|p2a: Salazzle\n|\n|-heal|p2a: Salazzle|15/100|[from] item: Leftovers\n|-heal|p1a: Blissey|506/572|[from] item: Leftovers\n|upkeep\n|turn|39\n|inactive|Time left: 300 sec this turn | 300 sec total\n|\n|t:|1783548626\n|move|p2a: Salazzle|Toxic|p1a: Blissey\n|-status|p1a: Blissey|tox\n|move|p1a: Blissey|Seismic Toss|p2a: Salazzle\n|-damage|p2a: Salazzle|0 fnt\n|faint|p2a: Salazzle\n|\n|-heal|p1a: Blissey|541/572 tox|[from] item: Leftovers\n|-damage|p1a: Blissey|506/572 tox|[from] psn\n|upkeep\n|\n|t:|1783548627\n|switch|p2a: Gholdengo|Gholdengo, L77|27/100\n|-damage|p2a: Gholdengo|21/100|[from] Stealth Rock\n|turn|40\n|inactive|Time left: 300 sec this turn | 300 sec total\n|\n|t:|1783548628\n|-curestatus|p1a: Blissey|tox|[from] ability: Natural Cure|[silent]\n|switch|p1a: Grimmsnarl|Grimmsnarl, L83, M|92/293\n|move|p2a: Gholdengo|Focus Blast|p1a: Grimmsnarl\n|-damage|p1a: Grimmsnarl|0 fnt\n|faint|p1a: Grimmsnarl\n|\n|upkeep\n|inactive|Time left: 300 sec this turn | 300 sec total | 5 sec grace\n|\n|t:|1783548629\n|switch|p1a: Blissey|Blissey, L85, F|506/572\n|turn|41\n|inactive|Time left: 300 sec this turn | 300 sec total\n|\n|t:|1783548630\n|move|p2a: Gholdengo|Focus Blast|p1a: Blissey|[miss]\n|-miss|p2a: Gholdengo|p1a: Blissey\n|move|p1a: Blissey|Soft-Boiled|p1a: Blissey\n|-heal|p1a: Blissey|572/572\n|\n|upkeep\n|turn|42\n|inactive|Time left: 300 sec this turn | 300 sec total\n|\n|t:|1783548631\n|move|p2a: Gholdengo|Focus Blast|p1a: Blissey\n|-supereffective|p1a: Blissey\n|-damage|p1a: Blissey|446/572\n|move|p1a: Blissey|Stealth Rock||[still]\n|-fail|p1a: Blissey\n|\n|-heal|p1a: Blissey|481/572|[from] item: Leftovers\n|upkeep\n|turn|43\n|inactive|Time left: 300 sec this turn | 300 sec total\n|\n|t:|1783548632\n|move|p2a: Gholdengo|Focus Blast|p1a: Blissey\n|-supereffective|p1a: Blissey\n|-damage|p1a: Blissey|355/572\n|move|p1a: Blissey|Thunder Wave|p2a: Gholdengo\n|-immune|p2a: Gholdengo|[from] ability: Good as Gold\n|\n|-heal|p1a: Blissey|390/572|[from] item: Leftovers\n|upkeep\n|turn|44\n|inactive|Time left: 300 sec this turn | 300 sec total\n|\n|t:|1783548633\n|-activate|p2a: Gholdengo|move: Struggle\n|move|p2a: Gholdengo|Struggle|p1a: Blissey\n|-damage|p1a: Blissey|343/572\n|-damage|p2a: Gholdengo|0 fnt|[from] recoil\n|faint|p2a: Gholdengo\n|\n|win|p0x75246f9", "uploadtime": 1783548633, "views": 0, "rating": 0, "private": 0, "password": null, "_winner": "p0x75246f9", "_our_name": "p0x75246f9"}