{"id": "battle-gen9randombattle-2614", "formatid": "gen9randombattle", "format": "[Gen 9] Random Battle", "players": ["p0x26142c10", "p0y2614adc0"], "log": "|init|battle\n|title|p0x26142c10 vs. p0y2614adc0\n|j|\u2606p0x26142c10\n|j|\u2606p0y2614adc0\n|t:|1783569191\n|gametype|singles\n|player|p1|p0x26142c10|265|\n|player|p2|p0y2614adc0|2|\n|gen|9\n|tier|[Gen 9] Random Battle\n|rule|Species Clause: Limit one of each Pok\u00e9mon\n|rule|HP Percentage Mod: HP is shown in percentages\n|rule|Sleep Clause Mod: Limit one foe put to sleep\n|rule|Illusion Level Mod: Illusion disguises the Pok\u00e9mon's true level\n|\n|t:|1783569191\n|teamsize|p1|6\n|teamsize|p2|6\n|start\n|switch|p1a: Klawf|Klawf, L90, F|100/100\n|switch|p2a: Barraskewda|Barraskewda, L81, M|231/231\n|turn|1\n|inactive|Battle timer is ON: inactive players will automatically lose when time's up. (requested by p0y2614adc0)\n|inactive|p0x26142c10 also wants the timer to be on.\n|\n|t:|1783569193\n|move|p2a: Barraskewda|Flip Turn|p1a: Klawf\n|-supereffective|p1a: Klawf\n|-damage|p1a: Klawf|38/100\n|inactive|Time left: 300 sec this turn | 300 sec total | 65 sec grace\n|\n|t:|1783569194\n|switch|p2a: Magearna|Magearna-Original, L77|250/250|[from] Flip Turn\n|move|p1a: Klawf|Stone Edge|p2a: Magearna\n|-resisted|p2a: Magearna\n|-crit|p2a: Magearna\n|-damage|p2a: Magearna|117/250\n|\n|upkeep\n|turn|2\n|inactive|Time left: 300 sec this turn | 300 sec total\n|\n|t:|1783569195\n|switch|p1a: Chi-Yu|Chi-Yu, L77|100/100\n|-ability|p1a: Chi-Yu|Beads of Ruin\n|move|p2a: Magearna|Shift Gear|p2a: Magearna\n|-boost|p2a: Magearna|spe|2\n|-boost|p2a: Magearna|atk|1\n|\n|upkeep\n|turn|3\n|inactive|Time left: 300 sec this turn | 300 sec total\n|\n|t:|1783569197\n|switch|p1a: Rotom|Rotom-Wash, L82|100/100\n|-terastallize|p2a: Magearna|Ground\n|move|p2a: Magearna|Tera Blast|p1a: Rotom|[anim] Tera Blast Ground\n|-immune|p1a: Rotom|[from] ability: Levitate\n|\n|upkeep\n|turn|4\n|inactive|Time left: 300 sec this turn | 300 sec total\n|\n|t:|1783569198\n|move|p2a: Magearna|Fleur Cannon|p1a: Rotom|[miss]\n|-miss|p2a: Magearna|p1a: Rotom\n|move|p1a: Rotom|Hydro Pump|p2a: Magearna\n|-supereffective|p2a: Magearna\n|-damage|p2a: Magearna|0 fnt\n|faint|p2a: Magearna\n|\n|upkeep\n|inactive|Time left: 300 sec this turn | 300 sec total | 5 sec grace\n|\n|t:|1783569199\n|switch|p2a: Vikavolt|Vikavolt, L83, F|263/263\n|turn|5\n|inactive|Time left: 300 sec this turn | 300 sec total\n|\n|t:|1783569200\n|switch|p1a: Chi-Yu|Chi-Yu, L77|100/100\n|-ability|p1a: Chi-Yu|Beads of Ruin\n|move|p2a: Vikavolt|Sticky Web|p1a: Chi-Yu\n|-sidestart|p1: p0x26142c10|move: Sticky Web\n|\n|upkeep\n|turn|6\n|inactive|Time left: 300 sec this turn | 300 sec total\n|\n|t:|1783569201\n|switch|p2a: Barraskewda|Barraskewda, L81, M|231/231\n|move|p1a: Chi-Yu|Flamethrower|p2a: Barraskewda\n|-resisted|p2a: Barraskewda\n|-damage|p2a: Barraskewda|87/231\n|\n|upkeep\n|turn|7\n|inactive|Time left: 300 sec this turn | 300 sec total\n|\n|t:|1783569202\n|switch|p1a: Rotom|Rotom-Wash, L82|100/100\n|move|p2a: Barraskewda|Close Combat|p1a: Rotom\n|-damage|p1a: Rotom|40/100\n|-unboost|p2a: Barraskewda|def|1\n|-unboost|p2a: Barraskewda|spd|1\n|\n|-heal|p1a: Rotom|46/100|[from] item: Leftovers\n|upkeep\n|turn|8\n|inactive|Time left: 300 sec this turn | 300 sec total\n|\n|t:|1783569203\n|switch|p1a: Bombirdier|Bombirdier, L85, M|100/100\n|move|p2a: Barraskewda|Close Combat|p1a: Bombirdier\n|-damage|p1a: Bombirdier|41/100\n|-unboost|p2a: Barraskewda|def|1\n|-unboost|p2a: Barraskewda|spd|1\n|\n|upkeep\n|turn|9\n|inactive|Time left: 300 sec this turn | 300 sec total\n|\n|t:|1783569204\n|move|p1a: Bombirdier|Sucker Punch|p2a: Barraskewda\n|-damage|p2a: Barraskewda|0 fnt\n|faint|p2a: Barraskewda\n|\n|upkeep\n|inactive|Time left: 300 sec this turn | 300 sec total | 5 sec grace\n|\n|t:|1783569205\n|switch|p2a: Flamigo|Flamigo, L82, M|269/269\n|turn|10\n|inactive|Time left: 300 sec this turn | 300 sec total\n|\n|t:|1783569206\n|move|p1a: Bombirdier|Sucker Punch|p2a: Flamigo\n|-resisted|p2a: Flamigo\n|-damage|p2a: Flamigo|201/269\n|move|p2a: Flamigo|Close Combat|p1a: Bombirdier\n|-damage|p1a: Bombirdier|0 fnt\n|-unboost|p2a: Flamigo|def|1\n|-unboost|p2a: Flamigo|spd|1\n|faint|p1a: Bombirdier\n|\n|upkeep\n|\n|t:|1783569207\n|switch|p1a: Furret|Furret, L94, F|100/100\n|-activate|p1a: Furret|move: Sticky Web\n|-unboost|p1a: Furret|spe|1\n|-item|p2a: Flamigo|Choice Band|[from] ability: Frisk|[of] p1a: Furret\n|turn|11\n|inactive|Time left: 300 sec this turn | 300 sec total\n|\n|t:|1783569208\n|-terastallize|p1a: Furret|Ghost\n|move|p2a: Flamigo|Close Combat|p1a: Furret\n|-damage|p1a: Furret|27/100\n|-unboost|p2a: Flamigo|def|1\n|-unboost|p2a: Flamigo|spd|1\n|move|p1a: Furret|Tidy Up|p1a: Furret\n|-sideend|p1: p0x26142c10|Sticky Web\n|-activate|p1a: Furret|move: Tidy Up\n|-boost|p1a: Furret|atk|1\n|-boost|p1a: Furret|spe|1\n|\n|upkeep\n|turn|12\n|inactive|Time left: 300 sec this turn | 300 sec total\n|\n|t:|1783569209\n|switch|p2a: Vikavolt|Vikavolt, L83, F|263/263\n|move|p1a: Furret|Knock Off|p2a: Vikavolt\n|-damage|p2a: Vikavolt|117/263\n|-enditem|p2a: Vikavolt|Heavy-Duty Boots|[from] move: Knock Off|[of] p1a: Furret\n|-damage|p1a: Furret|17/100|[from] item: Life Orb\n|\n|upkeep\n|turn|13\n|inactive|Time left: 300 sec this turn | 300 sec total\n|\n|t:|1783569210\n|move|p1a: Furret|Double-Edge|p2a: Vikavolt\n|-damage|p2a: Vikavolt|0 fnt\n|faint|p2a: Vikavolt\n|-damage|p1a: Furret|5/100|[from] Recoil\n|-damage|p1a: Furret|0 fnt|[from] item: Life Orb\n|faint|p1a: Furret\n|\n|upkeep\n|inactive|Time left: 300 sec this turn | 300 sec total | 5 sec grace\n|\n|t:|1783569211\n|switch|p1a: Chi-Yu|Chi-Yu, L77|100/100\n|switch|p2a: Grafaiai|Grafaiai, L86, F|249/249\n|-ability|p1a: Chi-Yu|Beads of Ruin\n|turn|14\n|inactive|Time left: 300 sec this turn | 300 sec total\n|\n|t:|1783569212\n|move|p2a: Grafaiai|Gunk Shot|p1a: Chi-Yu\n|-damage|p1a: Chi-Yu|29/100\n|move|p1a: Chi-Yu|Psychic|p2a: Grafaiai\n|-supereffective|p2a: Grafaiai\n|-damage|p2a: Grafaiai|0 fnt\n|faint|p2a: Grafaiai\n|\n|upkeep\n|inactive|Time left: 300 sec this turn | 300 sec total | 5 sec grace\n|\n|t:|1783569212\n|switch|p2a: Revavroom|Revavroom, L79, M|256/256\n|turn|15\n|inactive|Time left: 300 sec this turn | 300 sec total\n|\n|t:|1783569213\n|move|p1a: Chi-Yu|Psychic|p2a: Revavroom\n|-damage|p2a: Revavroom|70/256\n|move|p2a: Revavroom|Shift Gear|p2a: Revavroom\n|-boost|p2a: Revavroom|spe|2\n|-boost|p2a: Revavroom|atk|1\n|\n|upkeep\n|turn|16\n|inactive|Time left: 300 sec this turn | 300 sec total\n|\n|t:|1783569214\n|move|p2a: Revavroom|Iron Head|p1a: Chi-Yu\n|-resisted|p1a: Chi-Yu\n|-damage|p1a: Chi-Yu|0 fnt\n|faint|p1a: Chi-Yu\n|-damage|p2a: Revavroom|45/256|[from] item: Life Orb\n|\n|upkeep\n|\n|t:|1783569215\n|switch|p1a: Rotom|Rotom-Wash, L82|46/100\n|turn|17\n|inactive|Time left: 300 sec this turn | 300 sec total\n|\n|t:|1783569216\n|move|p2a: Revavroom|Gunk Shot|p1a: Rotom\n|-damage|p1a: Rotom|0 fnt\n|faint|p1a: Rotom\n|-damage|p2a: Revavroom|20/256|[from] item: Life Orb\n|\n|upkeep\n|\n|t:|1783569217\n|switch|p1a: Klawf|Klawf, L90, F|71/100\n|turn|18\n|inactive|Time left: 300 sec this turn | 300 sec total\n|\n|t:|1783569218\n|move|p2a: Revavroom|High Horsepower|p1a: Klawf\n|-supereffective|p1a: Klawf\n|-damage|p1a: Klawf|0 fnt\n|faint|p1a: Klawf\n|-damage|p2a: Revavroom|0 fnt|[from] item: Life Orb\n|faint|p2a: Revavroom\n|\n|upkeep\n|inactive|Time left: 300 sec this turn | 300 sec total | 5 sec grace\n|\n|t:|1783569219\n|switch|p2a: Flamigo|Flamigo, L82, M|201/269\n|switch|p1a: Meloetta|Meloetta, L82|100/100\n|turn|19\n|inactive|Time left: 300 sec this turn | 300 sec total\n|\n|t:|1783569219\n|move|p2a: Flamigo|Close Combat|p1a: Meloetta\n|-damage|p1a: Meloetta|22/100\n|-unboost|p2a: Flamigo|def|1\n|-unboost|p2a: Flamigo|spd|1\n|move|p1a: Meloetta|Psyshock|p2a: Flamigo\n|-supereffective|p2a: Flamigo\n|-damage|p2a: Flamigo|0 fnt\n|faint|p2a: Flamigo\n|\n|win|p0x26142c10", "uploadtime": 1783569219, "views": 0, "rating": 0, "private": 0, "password": null, "_winner": "p0x26142c10", "_our_name": "p0y2614adc0"}