{"id": "battle-gen9randombattle-717", "formatid": "gen9randombattle", "format": "[Gen 9] Random Battle", "players": ["p0x717fbce", "p0y7177771"], "log": "|init|battle\n|title|p0x717fbce vs. p0y7177771\n|j|\u2606p0x717fbce\n|j|\u2606p0y7177771\n|t:|1783547422\n|gametype|singles\n|player|p1|p0x717fbce|102|\n|player|p2|p0y7177771|266|\n|gen|9\n|tier|[Gen 9] Random Battle\n|rule|Species Clause: Limit one of each Pok\u00e9mon\n|rule|HP Percentage Mod: HP is shown in percentages\n|rule|Sleep Clause Mod: Limit one foe put to sleep\n|rule|Illusion Level Mod: Illusion disguises the Pok\u00e9mon's true level\n|\n|t:|1783547422\n|teamsize|p1|6\n|teamsize|p2|6\n|start\n|switch|p1a: Passimian|Passimian, L83, M, shiny|302/302\n|switch|p2a: Eternatus|Eternatus, L69|100/100\n|-ability|p2a: Eternatus|Pressure\n|turn|1\n|inactive|Battle timer is ON: inactive players will automatically lose when time's up. (requested by p0x717fbce)\n|inactive|p0y7177771 also wants the timer to be on.\n|\n|t:|1783547423\n|switch|p1a: Hariyama|Hariyama, L87, M|392/392\n|move|p2a: Eternatus|Meteor Beam||[still]\n|-prepare|p2a: Eternatus|Meteor Beam\n|-boost|p2a: Eternatus|spa|1\n|-enditem|p2a: Eternatus|Power Herb\n|-anim|p2a: Eternatus|Meteor Beam|p1a: Hariyama|[miss]\n|-miss|p2a: Eternatus|p1a: Hariyama\n|\n|-status|p1a: Hariyama|brn|[from] item: Flame Orb\n|upkeep\n|turn|2\n|inactive|Time left: 300 sec this turn | 300 sec total\n|\n|t:|1783547425\n|-terastallize|p1a: Hariyama|Normal\n|move|p2a: Eternatus|Dynamax Cannon|p1a: Hariyama\n|-damage|p1a: Hariyama|217/392 brn\n|move|p1a: Hariyama|Facade|p2a: Eternatus\n|-damage|p2a: Eternatus|1/100\n|\n|-damage|p1a: Hariyama|193/392 brn|[from] brn\n|upkeep\n|turn|3\n|inactive|Time left: 300 sec this turn | 300 sec total\n|\n|t:|1783547426\n|switch|p1a: Slowking|Slowking-Galar, L85, M|300/300\n|move|p2a: Eternatus|Dynamax Cannon|p1a: Slowking\n|-damage|p1a: Slowking|173/300\n|\n|-heal|p1a: Slowking|191/300|[from] item: Leftovers\n|upkeep\n|turn|4\n|inactive|Time left: 300 sec this turn | 300 sec total\n|\n|t:|1783547427\n|move|p2a: Eternatus|Dynamax Cannon|p1a: Slowking\n|-damage|p1a: Slowking|68/300\n|move|p1a: Slowking|Sludge Bomb|p2a: Eternatus\n|-resisted|p2a: Eternatus\n|-damage|p2a: Eternatus|0 fnt\n|faint|p2a: Eternatus\n|\n|-heal|p1a: Slowking|86/300|[from] item: Leftovers\n|upkeep\n|\n|t:|1783547429\n|switch|p2a: Baxcalibur|Baxcalibur, L75, F|100/100\n|turn|5\n|inactive|Time left: 300 sec this turn | 300 sec total\n|\n|t:|1783547430\n|switch|p1a: Regirock|Regirock, L83|268/268\n|move|p2a: Baxcalibur|Icicle Spear|p1a: Regirock\n|-damage|p1a: Regirock|253/268\n|-damage|p1a: Regirock|237/268\n|-damage|p1a: Regirock|222/268\n|-damage|p1a: Regirock|207/268\n|-hitcount|p1a: Regirock|4\n|\n|upkeep\n|turn|6\n|inactive|Time left: 300 sec this turn | 300 sec total\n|\n|t:|1783547431\n|move|p2a: Baxcalibur|Swords Dance|p2a: Baxcalibur\n|-boost|p2a: Baxcalibur|atk|2\n|move|p1a: Regirock|Body Press|p2a: Baxcalibur\n|-supereffective|p2a: Baxcalibur\n|-damage|p2a: Baxcalibur|23/100\n|\n|upkeep\n|turn|7\n|inactive|Time left: 300 sec this turn | 300 sec total\n|\n|t:|1783547432\n|-terastallize|p2a: Baxcalibur|Ground\n|move|p2a: Baxcalibur|Earthquake|p1a: Regirock\n|-supereffective|p1a: Regirock\n|-damage|p1a: Regirock|0 fnt\n|faint|p1a: Regirock\n|\n|upkeep\n|inactive|Time left: 300 sec this turn | 300 sec total | 5 sec grace\n|\n|t:|1783547433\n|switch|p1a: Rillaboom|Rillaboom, L79, M|288/288\n|-fieldstart|move: Grassy Terrain|[from] ability: Grassy Surge|[of] p1a: Rillaboom\n|turn|8\n|inactive|Time left: 300 sec this turn | 300 sec total\n|\n|t:|1783547434\n|switch|p2a: Passimian|Passimian, L83, F|100/100\n|move|p1a: Rillaboom|High Horsepower|p2a: Passimian\n|-damage|p2a: Passimian|70/100\n|-damage|p1a: Rillaboom|260/288|[from] item: Life Orb\n|\n|-heal|p1a: Rillaboom|278/288|[from] Grassy Terrain\n|-heal|p2a: Passimian|76/100|[from] Grassy Terrain\n|-heal|p2a: Passimian|82/100|[from] item: Leftovers\n|upkeep\n|turn|9\n|inactive|Time left: 300 sec this turn | 300 sec total\n|\n|t:|1783547436\n|move|p1a: Rillaboom|Wood Hammer|p2a: Passimian\n|-damage|p2a: Passimian|3/100\n|-damage|p1a: Rillaboom|199/288|[from] Recoil\n|-damage|p1a: Rillaboom|171/288|[from] item: Life Orb\n|move|p2a: Passimian|Gunk Shot|p1a: Rillaboom|[miss]\n|-miss|p2a: Passimian|p1a: Rillaboom\n|\n|-heal|p1a: Rillaboom|189/288|[from] Grassy Terrain\n|-heal|p2a: Passimian|9/100|[from] Grassy Terrain\n|-heal|p2a: Passimian|15/100|[from] item: Leftovers\n|upkeep\n|turn|10\n|inactive|Time left: 300 sec this turn | 300 sec total\n|\n|t:|1783547437\n|move|p1a: Rillaboom|Grassy Glide|p2a: Passimian\n|-damage|p2a: Passimian|0 fnt\n|faint|p2a: Passimian\n|-damage|p1a: Rillaboom|161/288|[from] item: Life Orb\n|\n|-heal|p1a: Rillaboom|179/288|[from] Grassy Terrain\n|upkeep\n|\n|t:|1783547438\n|switch|p2a: Meganium|Meganium, L90, F|100/100\n|turn|11\n|inactive|Time left: 300 sec this turn | 300 sec total\n|\n|t:|1783547439\n|move|p2a: Meganium|Swords Dance|p2a: Meganium\n|-boost|p2a: Meganium|atk|2\n|move|p1a: Rillaboom|Swords Dance|p1a: Rillaboom\n|-boost|p1a: Rillaboom|atk|2\n|\n|-heal|p1a: Rillaboom|197/288|[from] Grassy Terrain\n|upkeep\n|turn|12\n|inactive|Time left: 300 sec this turn | 300 sec total\n|\n|t:|1783547440\n|move|p2a: Meganium|Petal Blizzard|p1a: Rillaboom\n|-resisted|p1a: Rillaboom\n|-damage|p1a: Rillaboom|65/288\n|move|p1a: Rillaboom|Wood Hammer|p2a: Meganium\n|-resisted|p2a: Meganium\n|-damage|p2a: Meganium|38/100\n|-damage|p1a: Rillaboom|5/288|[from] Recoil\n|-damage|p1a: Rillaboom|0 fnt|[from] item: Life Orb\n|faint|p1a: Rillaboom\n|\n|-heal|p2a: Meganium|44/100|[from] Grassy Terrain\n|-heal|p2a: Meganium|50/100|[from] item: Leftovers\n|-fieldend|move: Grassy Terrain\n|upkeep\n|inactive|Time left: 300 sec this turn | 300 sec total | 5 sec grace\n|\n|t:|1783547441\n|switch|p1a: Passimian|Passimian, L83, M, shiny|302/302\n|turn|13\n|inactive|Time left: 300 sec this turn | 300 sec total\n|\n|t:|1783547442\n|move|p1a: Passimian|Gunk Shot|p2a: Meganium\n|-supereffective|p2a: Meganium\n|-damage|p2a: Meganium|0 fnt\n|faint|p2a: Meganium\n|\n|upkeep\n|\n|t:|1783547444\n|switch|p2a: Azelf|Azelf, L82|100/100\n|turn|14\n|inactive|Time left: 300 sec this turn | 300 sec total\n|\n|t:|1783547445\n|switch|p1a: Slowking|Slowking-Galar, L85, M|186/300\n|move|p2a: Azelf|Psychic|p1a: Slowking\n|-damage|p1a: Slowking|72/300\n|-unboost|p1a: Slowking|spd|1\n|-damage|p2a: Azelf|91/100|[from] item: Life Orb\n|\n|-heal|p1a: Slowking|90/300|[from] item: Leftovers\n|upkeep\n|turn|15\n|inactive|Time left: 300 sec this turn | 300 sec total\n|\n|t:|1783547446\n|switch|p1a: Zekrom|Zekrom, L71|259/259\n|-ability|p1a: Zekrom|Teravolt\n|move|p2a: Azelf|Psychic|p1a: Zekrom\n|-damage|p1a: Zekrom|94/259\n|-damage|p2a: Azelf|81/100|[from] item: Life Orb\n|\n|-heal|p1a: Zekrom|110/259|[from] item: Leftovers\n|upkeep\n|turn|16\n|inactive|Time left: 300 sec this turn | 300 sec total\n|\n|t:|1783547447\n|move|p2a: Azelf|Psychic|p1a: Zekrom\n|-damage|p1a: Zekrom|0 fnt\n|faint|p1a: Zekrom\n|-damage|p2a: Azelf|71/100|[from] item: Life Orb\n|\n|upkeep\n|inactive|Time left: 300 sec this turn | 300 sec total | 5 sec grace\n|\n|t:|1783547448\n|switch|p1a: Passimian|Passimian, L83, M, shiny|302/302\n|turn|17\n|inactive|Time left: 300 sec this turn | 300 sec total\n|\n|t:|1783547449\n|move|p1a: Passimian|Knock Off|p2a: Azelf\n|-supereffective|p2a: Azelf\n|-damage|p2a: Azelf|1/100\n|-enditem|p2a: Azelf|Life Orb|[from] move: Knock Off|[of] p1a: Passimian\n|move|p2a: Azelf|Psychic|p1a: Passimian\n|-supereffective|p1a: Passimian\n|-damage|p1a: Passimian|0 fnt\n|faint|p1a: Passimian\n|\n|upkeep\n|inactive|Time left: 300 sec this turn | 300 sec total | 5 sec grace\n|\n|t:|1783547450\n|switch|p1a: Slowking|Slowking-Galar, L85, M|190/300\n|turn|18\n|inactive|Time left: 300 sec this turn | 300 sec total\n|\n|t:|1783547451\n|move|p2a: Azelf|Nasty Plot|p2a: Azelf\n|-boost|p2a: Azelf|spa|2\n|move|p1a: Slowking|Slack Off|p1a: Slowking\n|-heal|p1a: Slowking|300/300\n|\n|upkeep\n|turn|19\n|inactive|Time left: 300 sec this turn | 300 sec total\n|\n|t:|1783547452\n|move|p2a: Azelf|Psychic|p1a: Slowking\n|-damage|p1a: Slowking|120/300\n|move|p1a: Slowking|Slack Off|p1a: Slowking\n|-heal|p1a: Slowking|270/300\n|\n|-heal|p1a: Slowking|288/300|[from] item: Leftovers\n|upkeep\n|turn|20\n|inactive|Time left: 300 sec this turn | 300 sec total\n|\n|t:|1783547453\n|move|p2a: Azelf|Psychic|p1a: Slowking\n|-damage|p1a: Slowking|90/300\n|move|p1a: Slowking|Slack Off|p1a: Slowking\n|-heal|p1a: Slowking|240/300\n|\n|-heal|p1a: Slowking|258/300|[from] item: Leftovers\n|upkeep\n|turn|21\n|inactive|Time left: 300 sec this turn | 300 sec total\n|\n|t:|1783547454\n|move|p2a: Azelf|Psychic|p1a: Slowking\n|-damage|p1a: Slowking|83/300\n|move|p1a: Slowking|Slack Off|p1a: Slowking\n|-heal|p1a: Slowking|233/300\n|\n|-heal|p1a: Slowking|251/300|[from] item: Leftovers\n|upkeep\n|turn|22\n|inactive|Time left: 300 sec this turn | 300 sec total\n|\n|t:|1783547455\n|move|p2a: Azelf|Psychic|p1a: Slowking\n|-damage|p1a: Slowking|76/300\n|move|p1a: Slowking|Slack Off|p1a: Slowking\n|-heal|p1a: Slowking|226/300\n|\n|-heal|p1a: Slowking|244/300|[from] item: Leftovers\n|upkeep\n|turn|23\n|inactive|Time left: 300 sec this turn | 300 sec total\n|\n|t:|1783547457\n|move|p2a: Azelf|Psychic|p1a: Slowking\n|-damage|p1a: Slowking|73/300\n|move|p1a: Slowking|Slack Off|p1a: Slowking\n|-heal|p1a: Slowking|223/300\n|\n|-heal|p1a: Slowking|241/300|[from] item: Leftovers\n|upkeep\n|turn|24\n|inactive|Time left: 300 sec this turn | 300 sec total\n|\n|t:|1783547458\n|move|p2a: Azelf|Psychic|p1a: Slowking\n|-damage|p1a: Slowking|48/300\n|move|p1a: Slowking|Slack Off|p1a: Slowking\n|-heal|p1a: Slowking|198/300\n|\n|-heal|p1a: Slowking|216/300|[from] item: Leftovers\n|upkeep\n|turn|25\n|inactive|Time left: 300 sec this turn | 300 sec total\n|\n|t:|1783547459\n|move|p2a: Azelf|Psychic|p1a: Slowking\n|-damage|p1a: Slowking|45/300\n|move|p1a: Slowking|Slack Off|p1a: Slowking\n|-heal|p1a: Slowking|195/300\n|\n|-heal|p1a: Slowking|213/300|[from] item: Leftovers\n|upkeep\n|turn|26\n|inactive|Time left: 300 sec this turn | 300 sec total\n|\n|t:|1783547460\n|move|p2a: Azelf|Psychic|p1a: Slowking\n|-damage|p1a: Slowking|39/300\n|move|p1a: Slowking|Psyshock|p2a: Azelf\n|-resisted|p2a: Azelf\n|-damage|p2a: Azelf|0 fnt\n|faint|p2a: Azelf\n|\n|-heal|p1a: Slowking|57/300|[from] item: Leftovers\n|upkeep\n|\n|t:|1783547461\n|switch|p2a: Espeon|Espeon, L84, M|100/100\n|turn|27\n|inactive|Time left: 300 sec this turn | 300 sec total\n|\n|t:|1783547462\n|move|p2a: Espeon|Psyshock|p1a: Slowking\n|-damage|p1a: Slowking|0 fnt\n|faint|p1a: Slowking\n|-damage|p2a: Espeon|91/100|[from] item: Life Orb\n|\n|upkeep\n|inactive|Time left: 300 sec this turn | 300 sec total | 5 sec grace\n|\n|t:|1783547463\n|switch|p1a: Hariyama|Hariyama, L87, M, tera:Normal|193/392 brn\n|turn|28\n|inactive|Time left: 300 sec this turn | 300 sec total\n|\n|t:|1783547464\n|move|p1a: Hariyama|Fake Out|p2a: Espeon\n|-damage|p2a: Espeon|51/100\n|cant|p2a: Espeon|flinch\n|\n|-damage|p1a: Hariyama|169/392 brn|[from] brn\n|upkeep\n|turn|29\n|inactive|Time left: 300 sec this turn | 300 sec total\n|\n|t:|1783547464\n|move|p2a: Espeon|Psyshock|p1a: Hariyama\n|-damage|p1a: Hariyama|0 fnt\n|faint|p1a: Hariyama\n|-damage|p2a: Espeon|42/100|[from] item: Life Orb\n|\n|win|p0y7177771", "uploadtime": 1783547464, "views": 0, "rating": 0, "private": 0, "password": null, "_winner": "p0y7177771", "_our_name": "p0x717fbce"}