{"id": "battle-gen9randombattle-1351", "formatid": "gen9randombattle", "format": "[Gen 9] Random Battle", "players": ["p0x1351ff5e", "p0y135142d1"], "log": "|init|battle\n|title|p0x1351ff5e vs. p0y135142d1\n|j|\u2606p0x1351ff5e\n|j|\u2606p0y135142d1\n|t:|1783555696\n|gametype|singles\n|player|p1|p0x1351ff5e|101|\n|player|p2|p0y135142d1|170|\n|gen|9\n|tier|[Gen 9] Random Battle\n|rule|Species Clause: Limit one of each Pok\u00e9mon\n|rule|HP Percentage Mod: HP is shown in percentages\n|rule|Sleep Clause Mod: Limit one foe put to sleep\n|rule|Illusion Level Mod: Illusion disguises the Pok\u00e9mon's true level\n|\n|t:|1783555696\n|teamsize|p1|6\n|teamsize|p2|6\n|start\n|switch|p1a: Gogoat|Gogoat, L88, M|360/360\n|switch|p2a: Cyclizar|Cyclizar, L84, M|100/100\n|turn|1\n|inactive|Battle timer is ON: inactive players will automatically lose when time's up. (requested by p0y135142d1)\n|inactive|Time left: 300 sec this turn | 300 sec total | 60 sec grace\n|\n|t:|1783555698\n|switch|p2a: Pecharunt|Pecharunt, L77|100/100\n|move|p1a: Gogoat|Bulk Up|p1a: Gogoat\n|-boost|p1a: Gogoat|atk|1\n|-boost|p1a: Gogoat|def|1\n|\n|upkeep\n|turn|2\n|inactive|Time left: 300 sec this turn | 300 sec total\n|inactive|p0x1351ff5e also wants the timer to be on.\n|\n|t:|1783555700\n|move|p2a: Pecharunt|Nasty Plot|p2a: Pecharunt\n|-boost|p2a: Pecharunt|spa|2\n|move|p1a: Gogoat|Bulk Up|p1a: Gogoat\n|-boost|p1a: Gogoat|atk|1\n|-boost|p1a: Gogoat|def|1\n|\n|upkeep\n|turn|3\n|inactive|Time left: 300 sec this turn | 300 sec total\n|\n|t:|1783555701\n|move|p2a: Pecharunt|Malignant Chain|p1a: Gogoat\n|-supereffective|p1a: Gogoat\n|-damage|p1a: Gogoat|46/360\n|move|p1a: Gogoat|Milk Drink|p1a: Gogoat\n|-heal|p1a: Gogoat|226/360\n|\n|-heal|p1a: Gogoat|248/360|[from] item: Leftovers\n|upkeep\n|turn|4\n|inactive|Time left: 300 sec this turn | 300 sec total\n|\n|t:|1783555702\n|-terastallize|p1a: Gogoat|Water\n|move|p2a: Pecharunt|Malignant Chain|p1a: Gogoat\n|-damage|p1a: Gogoat|67/360\n|-status|p1a: Gogoat|tox\n|-start|p1a: Gogoat|confusion|[from] ability: Poison Puppeteer|[of] p2a: Pecharunt\n|-activate|p1a: Gogoat|confusion\n|-damage|p1a: Gogoat|27/360 tox|[from] confusion\n|\n|-heal|p1a: Gogoat|49/360 tox|[from] item: Leftovers\n|-damage|p1a: Gogoat|27/360 tox|[from] psn\n|upkeep\n|turn|5\n|inactive|Time left: 300 sec this turn | 300 sec total\n|\n|t:|1783555703\n|switch|p1a: Toxapex|Toxapex, L82, M|216/216\n|move|p2a: Pecharunt|Shadow Ball|p1a: Toxapex\n|-crit|p1a: Toxapex\n|-damage|p1a: Toxapex|75/216\n|\n|upkeep\n|turn|6\n|inactive|Time left: 300 sec this turn | 300 sec total\n|\n|t:|1783555704\n|switch|p1a: Garganacl|Garganacl, L80, M|291/291\n|move|p2a: Pecharunt|Shadow Ball|p1a: Garganacl\n|-damage|p1a: Garganacl|222/291\n|\n|-heal|p1a: Garganacl|240/291|[from] item: Leftovers\n|upkeep\n|turn|7\n|inactive|Time left: 300 sec this turn | 300 sec total\n|\n|t:|1783555705\n|move|p2a: Pecharunt|Nasty Plot|p2a: Pecharunt\n|-boost|p2a: Pecharunt|spa|2\n|move|p1a: Garganacl|Salt Cure|p2a: Pecharunt\n|-damage|p2a: Pecharunt|89/100\n|-start|p2a: Pecharunt|Salt Cure\n|\n|-heal|p2a: Pecharunt|95/100|[from] item: Leftovers\n|-heal|p1a: Garganacl|258/291|[from] item: Leftovers\n|-damage|p2a: Pecharunt|83/100|[from] Salt Cure\n|upkeep\n|turn|8\n|inactive|Time left: 300 sec this turn | 300 sec total\n|\n|t:|1783555705\n|move|p2a: Pecharunt|Malignant Chain|p1a: Garganacl\n|-resisted|p1a: Garganacl\n|-damage|p1a: Garganacl|134/291\n|move|p1a: Garganacl|Recover|p1a: Garganacl\n|-heal|p1a: Garganacl|280/291\n|\n|-heal|p2a: Pecharunt|89/100|[from] item: Leftovers\n|-heal|p1a: Garganacl|291/291|[from] item: Leftovers\n|-damage|p2a: Pecharunt|77/100|[from] Salt Cure\n|upkeep\n|turn|9\n|inactive|Time left: 300 sec this turn | 300 sec total\n|\n|t:|1783555706\n|move|p2a: Pecharunt|Malignant Chain|p1a: Garganacl\n|-resisted|p1a: Garganacl\n|-damage|p1a: Garganacl|156/291\n|move|p1a: Garganacl|Recover|p1a: Garganacl\n|-heal|p1a: Garganacl|291/291\n|\n|-heal|p2a: Pecharunt|83/100|[from] item: Leftovers\n|-damage|p2a: Pecharunt|71/100|[from] Salt Cure\n|upkeep\n|turn|10\n|inactive|Time left: 300 sec this turn | 300 sec total\n|\n|t:|1783555707\n|move|p2a: Pecharunt|Shadow Ball|p1a: Garganacl\n|-damage|p1a: Garganacl|194/291\n|move|p1a: Garganacl|Iron Defense|p1a: Garganacl\n|-boost|p1a: Garganacl|def|2\n|\n|-heal|p2a: Pecharunt|77/100|[from] item: Leftovers\n|-heal|p1a: Garganacl|212/291|[from] item: Leftovers\n|-damage|p2a: Pecharunt|65/100|[from] Salt Cure\n|upkeep\n|turn|11\n|inactive|Time left: 300 sec this turn | 300 sec total\n|\n|t:|1783555708\n|move|p2a: Pecharunt|Malignant Chain|p1a: Garganacl\n|-resisted|p1a: Garganacl\n|-damage|p1a: Garganacl|83/291\n|move|p1a: Garganacl|Recover|p1a: Garganacl\n|-heal|p1a: Garganacl|229/291\n|\n|-heal|p2a: Pecharunt|71/100|[from] item: Leftovers\n|-heal|p1a: Garganacl|247/291|[from] item: Leftovers\n|-damage|p2a: Pecharunt|59/100|[from] Salt Cure\n|upkeep\n|turn|12\n|inactive|Time left: 300 sec this turn | 300 sec total\n|\n|t:|1783555709\n|move|p2a: Pecharunt|Recover|p2a: Pecharunt\n|-heal|p2a: Pecharunt|100/100\n|move|p1a: Garganacl|Recover|p1a: Garganacl\n|-heal|p1a: Garganacl|291/291\n|\n|-damage|p2a: Pecharunt|88/100|[from] Salt Cure\n|upkeep\n|turn|13\n|inactive|Time left: 300 sec this turn | 300 sec total\n|\n|t:|1783555710\n|move|p2a: Pecharunt|Malignant Chain|p1a: Garganacl\n|-resisted|p1a: Garganacl\n|-damage|p1a: Garganacl|172/291\n|move|p1a: Garganacl|Recover|p1a: Garganacl\n|-heal|p1a: Garganacl|291/291\n|\n|-heal|p2a: Pecharunt|94/100|[from] item: Leftovers\n|-damage|p2a: Pecharunt|82/100|[from] Salt Cure\n|upkeep\n|turn|14\n|inactive|Time left: 300 sec this turn | 300 sec total\n|\n|t:|1783555711\n|move|p2a: Pecharunt|Shadow Ball|p1a: Garganacl\n|-damage|p1a: Garganacl|182/291\n|move|p1a: Garganacl|Recover|p1a: Garganacl\n|-heal|p1a: Garganacl|291/291\n|\n|-heal|p2a: Pecharunt|88/100|[from] item: Leftovers\n|-damage|p2a: Pecharunt|76/100|[from] Salt Cure\n|upkeep\n|turn|15\n|inactive|Time left: 300 sec this turn | 300 sec total\n|\n|t:|1783555712\n|move|p2a: Pecharunt|Shadow Ball|p1a: Garganacl\n|-damage|p1a: Garganacl|194/291\n|-unboost|p1a: Garganacl|spd|1\n|move|p1a: Garganacl|Recover|p1a: Garganacl\n|-heal|p1a: Garganacl|291/291\n|\n|-heal|p2a: Pecharunt|82/100|[from] item: Leftovers\n|-damage|p2a: Pecharunt|70/100|[from] Salt Cure\n|upkeep\n|turn|16\n|inactive|Time left: 300 sec this turn | 300 sec total\n|\n|t:|1783555713\n|move|p2a: Pecharunt|Malignant Chain|p1a: Garganacl\n|-resisted|p1a: Garganacl\n|-damage|p1a: Garganacl|95/291\n|move|p1a: Garganacl|Recover|p1a: Garganacl\n|-heal|p1a: Garganacl|241/291\n|\n|-heal|p2a: Pecharunt|76/100|[from] item: Leftovers\n|-heal|p1a: Garganacl|259/291|[from] item: Leftovers\n|-damage|p2a: Pecharunt|64/100|[from] Salt Cure\n|upkeep\n|turn|17\n|inactive|Time left: 300 sec this turn | 300 sec total\n|\n|t:|1783555714\n|switch|p1a: Gogoat|Gogoat, L88, M, tera:Water|27/360 tox\n|move|p2a: Pecharunt|Shadow Ball|p1a: Gogoat\n|-damage|p1a: Gogoat|0 fnt\n|faint|p1a: Gogoat\n|\n|-heal|p2a: Pecharunt|70/100|[from] item: Leftovers\n|-damage|p2a: Pecharunt|58/100|[from] Salt Cure\n|upkeep\n|inactive|Time left: 300 sec this turn | 300 sec total | 5 sec grace\n|\n|t:|1783555715\n|switch|p1a: Volcarona|Volcarona, L77, F|257/257\n|turn|18\n|inactive|Time left: 300 sec this turn | 300 sec total\n|\n|t:|1783555716\n|move|p1a: Volcarona|Fire Blast|p2a: Pecharunt|[miss]\n|-miss|p1a: Volcarona|p2a: Pecharunt\n|move|p2a: Pecharunt|Malignant Chain|p1a: Volcarona\n|-damage|p1a: Volcarona|20/257\n|\n|-heal|p2a: Pecharunt|64/100|[from] item: Leftovers\n|-damage|p2a: Pecharunt|52/100|[from] Salt Cure\n|upkeep\n|turn|19\n|inactive|Time left: 300 sec this turn | 300 sec total\n|\n|t:|1783555717\n|move|p1a: Volcarona|Fire Blast|p2a: Pecharunt\n|-damage|p2a: Pecharunt|3/100\n|move|p2a: Pecharunt|Recover|p2a: Pecharunt\n|-heal|p2a: Pecharunt|53/100\n|\n|-heal|p2a: Pecharunt|59/100|[from] item: Leftovers\n|-damage|p2a: Pecharunt|47/100|[from] Salt Cure\n|upkeep\n|turn|20\n|inactive|Time left: 300 sec this turn | 300 sec total\n|\n|t:|1783555719\n|move|p1a: Volcarona|Fire Blast|p2a: Pecharunt|[miss]\n|-miss|p1a: Volcarona|p2a: Pecharunt\n|move|p2a: Pecharunt|Shadow Ball|p1a: Volcarona\n|-damage|p1a: Volcarona|0 fnt\n|faint|p1a: Volcarona\n|\n|-heal|p2a: Pecharunt|53/100|[from] item: Leftovers\n|-damage|p2a: Pecharunt|41/100|[from] Salt Cure\n|upkeep\n|inactive|Time left: 300 sec this turn | 300 sec total | 5 sec grace\n|\n|t:|1783555720\n|switch|p1a: Iron Bundle|Iron Bundle, L78|215/215\n|turn|21\n|inactive|Time left: 300 sec this turn | 300 sec total\n|\n|t:|1783555721\n|move|p1a: Iron Bundle|Ice Beam|p2a: Pecharunt\n|-crit|p2a: Pecharunt\n|-damage|p2a: Pecharunt|0 fnt\n|faint|p2a: Pecharunt\n|\n|upkeep\n|\n|t:|1783555722\n|switch|p2a: Kyogre|Kyogre, L71|100/100\n|-weather|RainDance|[from] ability: Drizzle|[of] p2a: Kyogre\n|turn|22\n|inactive|Time left: 300 sec this turn | 300 sec total\n|\n|t:|1783555723\n|move|p1a: Iron Bundle|Freeze-Dry|p2a: Kyogre\n|-supereffective|p2a: Kyogre\n|-damage|p2a: Kyogre|54/100\n|move|p2a: Kyogre|Thunder|p1a: Iron Bundle\n|-supereffective|p1a: Iron Bundle\n|-damage|p1a: Iron Bundle|3/215\n|\n|-weather|RainDance|[upkeep]\n|-heal|p2a: Kyogre|60/100|[from] item: Leftovers\n|upkeep\n|turn|23\n|inactive|Time left: 300 sec this turn | 300 sec total\n|\n|t:|1783555724\n|move|p1a: Iron Bundle|Freeze-Dry|p2a: Kyogre\n|-supereffective|p2a: Kyogre\n|-damage|p2a: Kyogre|12/100\n|move|p2a: Kyogre|Ice Beam|p1a: Iron Bundle\n|-resisted|p1a: Iron Bundle\n|-damage|p1a: Iron Bundle|0 fnt\n|faint|p1a: Iron Bundle\n|-end|p1a: Iron Bundle|Quark Drive|[silent]\n|\n|-weather|RainDance|[upkeep]\n|-heal|p2a: Kyogre|18/100|[from] item: Leftovers\n|upkeep\n|inactive|Time left: 300 sec this turn | 300 sec total | 5 sec grace\n|\n|t:|1783555725\n|switch|p1a: Farigiraf|Farigiraf, L90, F|362/362\n|turn|24\n|inactive|Time left: 300 sec this turn | 300 sec total\n|\n|t:|1783555726\n|move|p2a: Kyogre|Origin Pulse|p1a: Farigiraf\n|-damage|p1a: Farigiraf|151/362\n|move|p1a: Farigiraf|Psychic Noise|p2a: Kyogre\n|-damage|p2a: Kyogre|0 fnt\n|faint|p2a: Kyogre\n|\n|-weather|RainDance|[upkeep]\n|-heal|p1a: Farigiraf|173/362|[from] item: Leftovers\n|upkeep\n|\n|t:|1783555727\n|switch|p2a: Rampardos|Rampardos, L90, F|100/100\n|turn|25\n|inactive|Time left: 300 sec this turn | 300 sec total\n|\n|t:|1783555728\n|move|p1a: Farigiraf|Protect|p1a: Farigiraf\n|-singleturn|p1a: Farigiraf|Protect\n|move|p2a: Rampardos|Rock Slide|p1a: Farigiraf\n|-activate|p1a: Farigiraf|move: Protect\n|\n|-weather|RainDance|[upkeep]\n|-heal|p1a: Farigiraf|195/362|[from] item: Leftovers\n|upkeep\n|turn|26\n|inactive|Time left: 300 sec this turn | 300 sec total\n|\n|t:|1783555730\n|move|p2a: Rampardos|Rock Slide|p1a: Farigiraf\n|-damage|p1a: Farigiraf|0 fnt\n|faint|p1a: Farigiraf\n|\n|-weather|none\n|upkeep\n|inactive|Time left: 300 sec this turn | 300 sec total | 5 sec grace\n|\n|t:|1783555731\n|switch|p1a: Garganacl|Garganacl, L80, M|259/291\n|turn|27\n|inactive|Time left: 300 sec this turn | 300 sec total\n|\n|t:|1783555732\n|move|p2a: Rampardos|Rock Slide|p1a: Garganacl|[miss]\n|-miss|p2a: Rampardos|p1a: Garganacl\n|move|p1a: Garganacl|Iron Defense|p1a: Garganacl\n|-boost|p1a: Garganacl|def|2\n|\n|-heal|p1a: Garganacl|277/291|[from] item: Leftovers\n|upkeep\n|turn|28\n|inactive|Time left: 300 sec this turn | 300 sec total\n|\n|t:|1783555733\n|switch|p2a: Flutter Mane|Flutter Mane, L74|100/100\n|move|p1a: Garganacl|Body Press|p2a: Flutter Mane\n|-immune|p2a: Flutter Mane\n|\n|-heal|p1a: Garganacl|291/291|[from] item: Leftovers\n|upkeep\n|turn|29\n|inactive|Time left: 300 sec this turn | 300 sec total\n|\n|t:|1783555734\n|move|p2a: Flutter Mane|Calm Mind|p2a: Flutter Mane\n|-boost|p2a: Flutter Mane|spa|1\n|-boost|p2a: Flutter Mane|spd|1\n|move|p1a: Garganacl|Salt Cure|p2a: Flutter Mane\n|-crit|p2a: Flutter Mane\n|-damage|p2a: Flutter Mane|52/100\n|-start|p2a: Flutter Mane|Salt Cure\n|\n|-damage|p2a: Flutter Mane|39/100|[from] Salt Cure\n|upkeep\n|turn|30\n|inactive|Time left: 300 sec this turn | 300 sec total\n|\n|t:|1783555735\n|move|p2a: Flutter Mane|Moonblast|p1a: Garganacl\n|-damage|p1a: Garganacl|75/291\n|-damage|p2a: Flutter Mane|30/100|[from] item: Life Orb\n|move|p1a: Garganacl|Salt Cure|p2a: Flutter Mane\n|-damage|p2a: Flutter Mane|0 fnt\n|faint|p2a: Flutter Mane\n|-end|p2a: Flutter Mane|Protosynthesis|[silent]\n|\n|-heal|p1a: Garganacl|93/291|[from] item: Leftovers\n|upkeep\n|\n|t:|1783555736\n|switch|p2a: Rampardos|Rampardos, L90, F|100/100\n|turn|31\n|inactive|Time left: 300 sec this turn | 300 sec total\n|\n|t:|1783555737\n|-terastallize|p2a: Rampardos|Ground\n|move|p2a: Rampardos|Earthquake|p1a: Garganacl\n|-supereffective|p1a: Garganacl\n|-damage|p1a: Garganacl|0 fnt\n|faint|p1a: Garganacl\n|\n|upkeep\n|inactive|Time left: 300 sec this turn | 300 sec total | 5 sec grace\n|\n|t:|1783555738\n|switch|p1a: Toxapex|Toxapex, L82, M|147/216\n|turn|32\n|inactive|Time left: 300 sec this turn | 300 sec total\n|\n|t:|1783555739\n|move|p2a: Rampardos|Earthquake|p1a: Toxapex\n|-supereffective|p1a: Toxapex\n|-damage|p1a: Toxapex|0 fnt\n|faint|p1a: Toxapex\n|\n|win|p0y135142d1", "uploadtime": 1783555739, "views": 0, "rating": 0, "private": 0, "password": null, "_winner": "p0y135142d1", "_our_name": "p0x1351ff5e"}