{"id": "battle-gen9randombattle-248", "formatid": "gen9randombattle", "format": "[Gen 9] Random Battle", "players": ["p0x2484c1a", "p0y248bfd7"], "log": "|init|battle\n|title|p0x2484c1a vs. p0y248bfd7\n|j|\u2606p0x2484c1a\n|j|\u2606p0y248bfd7\n|t:|1783542453\n|gametype|singles\n|player|p1|p0x2484c1a|102|\n|player|p2|p0y248bfd7|102|\n|gen|9\n|tier|[Gen 9] Random Battle\n|rule|Species Clause: Limit one of each Pok\u00e9mon\n|rule|HP Percentage Mod: HP is shown in percentages\n|rule|Sleep Clause Mod: Limit one foe put to sleep\n|rule|Illusion Level Mod: Illusion disguises the Pok\u00e9mon's true level\n|\n|t:|1783542453\n|teamsize|p1|6\n|teamsize|p2|6\n|start\n|switch|p1a: Qwilfish|Qwilfish-Hisui, L83, M|244/244\n|switch|p2a: Annihilape|Annihilape, L76, M|100/100\n|-ability|p1a: Qwilfish|Intimidate|boost\n|-unboost|p2a: Annihilape|atk|1\n|-ability|p2a: Annihilape|Defiant|boost\n|-boost|p2a: Annihilape|atk|2\n|turn|1\n|inactive|Battle timer is ON: inactive players will automatically lose when time's up. (requested by p0y248bfd7)\n|inactive|Time left: 300 sec this turn | 300 sec total | 60 sec grace\n|inactive|p0x2484c1a also wants the timer to be on.\n|\n|t:|1783542455\n|move|p1a: Qwilfish|Toxic Spikes|p2a: Annihilape\n|-sidestart|p2: p0y248bfd7|move: Toxic Spikes\n|move|p2a: Annihilape|Drain Punch|p1a: Qwilfish\n|-damage|p1a: Qwilfish|163/244\n|\n|upkeep\n|turn|2\n|inactive|Time left: 300 sec this turn | 300 sec total\n|\n|t:|1783542456\n|move|p1a: Qwilfish|Toxic Spikes|p2a: Annihilape\n|-sidestart|p2: p0y248bfd7|move: Toxic Spikes\n|move|p2a: Annihilape|Bulk Up|p2a: Annihilape\n|-boost|p2a: Annihilape|atk|1\n|-boost|p2a: Annihilape|def|1\n|\n|upkeep\n|turn|3\n|inactive|Time left: 300 sec this turn | 300 sec total\n|\n|t:|1783542457\n|switch|p1a: Landorus|Landorus, L75, M|257/257\n|move|p2a: Annihilape|Drain Punch|p1a: Landorus\n|-resisted|p1a: Landorus\n|-damage|p1a: Landorus|171/257\n|\n|upkeep\n|turn|4\n|inactive|Time left: 300 sec this turn | 300 sec total\n|\n|t:|1783542458\n|move|p1a: Landorus|Earth Power|p2a: Annihilape\n|-crit|p2a: Annihilape\n|-damage|p2a: Annihilape|12/100\n|move|p2a: Annihilape|Drain Punch|p1a: Landorus\n|-resisted|p1a: Landorus\n|-damage|p1a: Landorus|86/257\n|-heal|p2a: Annihilape|27/100|[from] drain|[of] p1a: Landorus\n|\n|-heal|p2a: Annihilape|33/100|[from] item: Leftovers\n|upkeep\n|turn|5\n|inactive|Time left: 300 sec this turn | 300 sec total\n|\n|t:|1783542459\n|move|p1a: Landorus|Earth Power|p2a: Annihilape\n|-damage|p2a: Annihilape|0 fnt\n|faint|p2a: Annihilape\n|\n|upkeep\n|\n|t:|1783542460\n|switch|p2a: Tornadus|Tornadus-Therian, L79, M|100/100\n|turn|6\n|inactive|Time left: 300 sec this turn | 300 sec total\n|\n|t:|1783542461\n|switch|p1a: Tyranitar|Tyranitar, L78, F|284/284\n|-weather|Sandstorm|[from] ability: Sand Stream|[of] p1a: Tyranitar\n|move|p2a: Tornadus|Bleakwind Storm|p1a: Tyranitar\n|-resisted|p1a: Tyranitar\n|-damage|p1a: Tyranitar|252/284\n|-unboost|p1a: Tyranitar|spe|1\n|\n|-weather|Sandstorm|[upkeep]\n|-damage|p2a: Tornadus|95/100|[from] Sandstorm\n|upkeep\n|turn|7\n|inactive|Time left: 300 sec this turn | 300 sec total\n|\n|t:|1783542463\n|switch|p2a: Coalossal|Coalossal, L89, F|100/100\n|move|p1a: Tyranitar|Knock Off|p2a: Coalossal\n|-damage|p2a: Coalossal|77/100\n|-status|p1a: Tyranitar|brn|[from] ability: Flame Body|[of] p2a: Coalossal\n|-enditem|p2a: Coalossal|Heavy-Duty Boots|[from] move: Knock Off|[of] p1a: Tyranitar\n|\n|-weather|Sandstorm|[upkeep]\n|-damage|p1a: Tyranitar|235/284 brn|[from] brn\n|upkeep\n|turn|8\n|inactive|Time left: 300 sec this turn | 300 sec total\n|\n|t:|1783542464\n|move|p2a: Coalossal|Rapid Spin|p1a: Tyranitar\n|-resisted|p1a: Tyranitar\n|-damage|p1a: Tyranitar|219/284 brn\n|-boost|p2a: Coalossal|spe|1\n|-sideend|p2: p0y248bfd7|Toxic Spikes|[from] move: Rapid Spin|[of] p2a: Coalossal\n|move|p1a: Tyranitar|Dragon Dance|p1a: Tyranitar\n|-boost|p1a: Tyranitar|atk|1\n|-boost|p1a: Tyranitar|spe|1\n|\n|-weather|Sandstorm|[upkeep]\n|-damage|p1a: Tyranitar|202/284 brn|[from] brn\n|upkeep\n|turn|9\n|inactive|Time left: 300 sec this turn | 300 sec total\n|\n|t:|1783542465\n|move|p2a: Coalossal|Stealth Rock|p1a: Tyranitar\n|-sidestart|p1: p0x2484c1a|move: Stealth Rock\n|move|p1a: Tyranitar|Dragon Dance|p1a: Tyranitar\n|-boost|p1a: Tyranitar|atk|1\n|-boost|p1a: Tyranitar|spe|1\n|\n|-weather|Sandstorm|[upkeep]\n|-damage|p1a: Tyranitar|185/284 brn|[from] brn\n|upkeep\n|turn|10\n|inactive|Time left: 300 sec this turn | 300 sec total\n|\n|t:|1783542466\n|switch|p2a: Drednaw|Drednaw, L81, F|100/100\n|move|p1a: Tyranitar|Earthquake|p2a: Drednaw\n|-supereffective|p2a: Drednaw\n|-damage|p2a: Drednaw|44/100\n|\n|-weather|none\n|-damage|p1a: Tyranitar|168/284 brn|[from] brn\n|upkeep\n|turn|11\n|inactive|Time left: 300 sec this turn | 300 sec total\n|\n|t:|1783542467\n|-terastallize|p2a: Drednaw|Dark\n|move|p1a: Tyranitar|Stone Edge|p2a: Drednaw\n|-crit|p2a: Drednaw\n|-damage|p2a: Drednaw|0 fnt\n|faint|p2a: Drednaw\n|\n|-damage|p1a: Tyranitar|151/284 brn|[from] brn\n|upkeep\n|\n|t:|1783542468\n|switch|p2a: Pikachu|Pikachu-Kalos, L93, M|100/100\n|turn|12\n|inactive|Time left: 300 sec this turn | 300 sec total\n|\n|t:|1783542469\n|move|p2a: Pikachu|Volt Tackle|p1a: Tyranitar\n|-damage|p1a: Tyranitar|0 fnt\n|faint|p1a: Tyranitar\n|-damage|p2a: Pikachu|77/100|[from] Recoil\n|\n|upkeep\n|inactive|Time left: 300 sec this turn | 300 sec total | 5 sec grace\n|\n|t:|1783542470\n|switch|p1a: Farigiraf|Farigiraf, L90, M|362/362\n|-damage|p1a: Farigiraf|317/362|[from] Stealth Rock\n|turn|13\n|inactive|Time left: 300 sec this turn | 300 sec total\n|\n|t:|1783542471\n|move|p2a: Pikachu|Knock Off|p1a: Farigiraf\n|-supereffective|p1a: Farigiraf\n|-damage|p1a: Farigiraf|49/362\n|-enditem|p1a: Farigiraf|Leftovers|[from] move: Knock Off|[of] p2a: Pikachu\n|move|p1a: Farigiraf|Psychic Noise|p2a: Pikachu\n|-damage|p2a: Pikachu|18/100\n|-start|p2a: Pikachu|move: Heal Block\n|\n|upkeep\n|turn|14\n|inactive|Time left: 300 sec this turn | 300 sec total\n|\n|t:|1783542472\n|move|p1a: Farigiraf|Protect|p1a: Farigiraf\n|-singleturn|p1a: Farigiraf|Protect\n|move|p2a: Pikachu|Knock Off|p1a: Farigiraf\n|-activate|p1a: Farigiraf|move: Protect\n|\n|-end|p2a: Pikachu|move: Heal Block\n|upkeep\n|turn|15\n|inactive|Time left: 300 sec this turn | 300 sec total\n|\n|t:|1783542473\n|move|p2a: Pikachu|Surf|p1a: Farigiraf\n|-damage|p1a: Farigiraf|0 fnt\n|faint|p1a: Farigiraf\n|\n|upkeep\n|inactive|Time left: 300 sec this turn | 300 sec total | 5 sec grace\n|\n|t:|1783542474\n|switch|p1a: Froslass|Froslass, L87, F|263/263\n|-damage|p1a: Froslass|198/263|[from] Stealth Rock\n|turn|16\n|inactive|Time left: 300 sec this turn | 300 sec total\n|\n|t:|1783542475\n|switch|p2a: Coalossal|Coalossal, L89, F|77/100\n|move|p1a: Froslass|Poltergeist||[still]\n|-fail|p1a: Froslass\n|\n|upkeep\n|turn|17\n|inactive|Time left: 300 sec this turn | 300 sec total\n|\n|t:|1783542476\n|switch|p1a: Rampardos|Rampardos, L90, M|321/321\n|-damage|p1a: Rampardos|281/321|[from] Stealth Rock\n|move|p2a: Coalossal|Flamethrower|p1a: Rampardos\n|-resisted|p1a: Rampardos\n|-damage|p1a: Rampardos|212/321\n|\n|upkeep\n|turn|18\n|inactive|Time left: 300 sec this turn | 300 sec total\n|\n|t:|1783542478\n|move|p1a: Rampardos|Rock Slide|p2a: Coalossal\n|-supereffective|p2a: Coalossal\n|-damage|p2a: Coalossal|0 fnt\n|faint|p2a: Coalossal\n|\n|upkeep\n|\n|t:|1783542479\n|switch|p2a: Pikachu|Pikachu-Kalos, L93, M|18/100\n|turn|19\n|inactive|Time left: 300 sec this turn | 300 sec total\n|\n|t:|1783542480\n|switch|p1a: Froslass|Froslass, L87, F|198/263\n|-damage|p1a: Froslass|133/263|[from] Stealth Rock\n|move|p2a: Pikachu|Surf|p1a: Froslass\n|-damage|p1a: Froslass|26/263\n|\n|upkeep\n|turn|20\n|inactive|Time left: 300 sec this turn | 300 sec total\n|\n|t:|1783542481\n|move|p1a: Froslass|Triple Axel|p2a: Pikachu\n|-damage|p2a: Pikachu|3/100\n|-damage|p2a: Pikachu|0 fnt\n|faint|p2a: Pikachu\n|-hitcount|p2: Pikachu|2\n|\n|upkeep\n|\n|t:|1783542482\n|switch|p2a: Kyurem|Kyurem, L77|100/100\n|-ability|p2a: Kyurem|Pressure\n|turn|21\n|inactive|Time left: 300 sec this turn | 300 sec total\n|\n|t:|1783542483\n|move|p1a: Froslass|Will-O-Wisp|p2a: Kyurem\n|-status|p2a: Kyurem|brn\n|move|p2a: Kyurem|Dragon Dance|p2a: Kyurem\n|-boost|p2a: Kyurem|atk|1\n|-boost|p2a: Kyurem|spe|1\n|\n|-damage|p2a: Kyurem|95/100 brn|[from] brn\n|upkeep\n|turn|22\n|inactive|Time left: 300 sec this turn | 300 sec total\n|\n|t:|1783542484\n|move|p2a: Kyurem|Icicle Spear|p1a: Froslass\n|-resisted|p1a: Froslass\n|-damage|p1a: Froslass|14/263\n|-start|p2a: Kyurem|Disable|Icicle Spear|[from] ability: Cursed Body|[of] p1a: Froslass\n|-resisted|p1a: Froslass\n|-crit|p1a: Froslass\n|-damage|p1a: Froslass|0 fnt\n|faint|p1a: Froslass\n|-hitcount|p1: Froslass|2\n|\n|-damage|p2a: Kyurem|89/100 brn|[from] brn\n|upkeep\n|inactive|Time left: 300 sec this turn | 300 sec total | 5 sec grace\n|\n|t:|1783542485\n|switch|p1a: Rampardos|Rampardos, L90, M|212/321\n|-damage|p1a: Rampardos|172/321|[from] Stealth Rock\n|turn|23\n|inactive|Time left: 300 sec this turn | 300 sec total\n|\n|t:|1783542486\n|move|p2a: Kyurem|Scale Shot|p1a: Rampardos\n|-damage|p1a: Rampardos|146/321\n|-damage|p1a: Rampardos|121/321\n|-damage|p1a: Rampardos|97/321\n|-damage|p1a: Rampardos|70/321\n|-damage|p1a: Rampardos|43/321\n|-hitcount|p1a: Rampardos|5\n|-unboost|p2a: Kyurem|def|1\n|-boost|p2a: Kyurem|spe|1\n|move|p1a: Rampardos|Rock Slide|p2a: Kyurem\n|-supereffective|p2a: Kyurem\n|-damage|p2a: Kyurem|0 fnt\n|faint|p2a: Kyurem\n|\n|upkeep\n|\n|t:|1783542487\n|switch|p2a: Tornadus|Tornadus-Therian, L79, M|100/100\n|turn|24\n|inactive|Time left: 300 sec this turn | 300 sec total\n|\n|t:|1783542488\n|move|p2a: Tornadus|Knock Off|p1a: Rampardos\n|-damage|p1a: Rampardos|0 fnt\n|-enditem|p1a: Rampardos|Life Orb|[from] move: Knock Off|[of] p2a: Tornadus\n|faint|p1a: Rampardos\n|\n|upkeep\n|inactive|Time left: 300 sec this turn | 300 sec total | 5 sec grace\n|\n|t:|1783542489\n|switch|p1a: Qwilfish|Qwilfish-Hisui, L83, M|163/244\n|-damage|p1a: Qwilfish|133/244|[from] Stealth Rock\n|-ability|p1a: Qwilfish|Intimidate|boost\n|-unboost|p2a: Tornadus|atk|1\n|turn|25\n|inactive|Time left: 300 sec this turn | 300 sec total\n|\n|t:|1783542490\n|-terastallize|p1a: Qwilfish|Poison\n|move|p2a: Tornadus|Bleakwind Storm|p1a: Qwilfish\n|-damage|p1a: Qwilfish|31/244\n|move|p1a: Qwilfish|Gunk Shot|p2a: Tornadus\n|-damage|p2a: Tornadus|30/100\n|\n|upkeep\n|turn|26\n|inactive|Time left: 300 sec this turn | 300 sec total\n|\n|t:|1783542491\n|move|p2a: Tornadus|Heat Wave|p1a: Qwilfish|[miss]\n|-miss|p2a: Tornadus|p1a: Qwilfish\n|move|p1a: Qwilfish|Crunch|p2a: Tornadus\n|-damage|p2a: Tornadus|0 fnt\n|faint|p2a: Tornadus\n|\n|win|p0x2484c1a", "uploadtime": 1783542491, "views": 0, "rating": 0, "private": 0, "password": null, "_winner": "p0x2484c1a", "_our_name": "p0x2484c1a"}