{"id": "battle-gen9randombattle-431", "formatid": "gen9randombattle", "format": "[Gen 9] Random Battle", "players": ["p0x43103b1", "p0y431af8a"], "log": "|init|battle\n|title|p0x43103b1 vs. p0y431af8a\n|j|\u2606p0x43103b1\n|j|\u2606p0y431af8a\n|t:|1783544050\n|gametype|singles\n|player|p1|p0x43103b1|170|\n|player|p2|p0y431af8a|102|\n|gen|9\n|tier|[Gen 9] Random Battle\n|rule|Species Clause: Limit one of each Pok\u00e9mon\n|rule|HP Percentage Mod: HP is shown in percentages\n|rule|Sleep Clause Mod: Limit one foe put to sleep\n|rule|Illusion Level Mod: Illusion disguises the Pok\u00e9mon's true level\n|\n|t:|1783544050\n|teamsize|p1|6\n|teamsize|p2|6\n|start\n|switch|p1a: Espeon|Espeon, L84, F|246/246\n|switch|p2a: Corviknight|Corviknight, L80, F|100/100\n|turn|1\n|inactive|Battle timer is ON: inactive players will automatically lose when time's up. (requested by p0x43103b1)\n|inactive|p0y431af8a also wants the timer to be on.\n|\n|t:|1783544052\n|move|p1a: Espeon|Calm Mind|p1a: Espeon\n|-boost|p1a: Espeon|spa|1\n|-boost|p1a: Espeon|spd|1\n|move|p2a: Corviknight|Brave Bird|p1a: Espeon\n|-damage|p1a: Espeon|101/246\n|-damage|p2a: Corviknight|84/100|[from] Recoil\n|\n|upkeep\n|turn|2\n|inactive|Time left: 300 sec this turn | 300 sec total\n|\n|t:|1783544053\n|move|p1a: Espeon|Psychic|p2a: Corviknight\n|-resisted|p2a: Corviknight\n|-damage|p2a: Corviknight|41/100\n|-damage|p1a: Espeon|77/246|[from] item: Life Orb\n|move|p2a: Corviknight|Brave Bird|p1a: Espeon\n|-damage|p1a: Espeon|0 fnt\n|faint|p1a: Espeon\n|-damage|p2a: Corviknight|33/100|[from] Recoil\n|\n|upkeep\n|inactive|Time left: 300 sec this turn | 300 sec total | 5 sec grace\n|\n|t:|1783544054\n|switch|p1a: Ogerpon|Ogerpon-Cornerstone, L76, F|247/247\n|turn|3\n|inactive|Time left: 300 sec this turn | 300 sec total\n|\n|t:|1783544055\n|switch|p2a: Rhydon|Rhydon, L85, M|100/100\n|move|p1a: Ogerpon|Ivy Cudgel|p2a: Rhydon|[anim] Ivy Cudgel Rock\n|-resisted|p2a: Rhydon\n|-damage|p2a: Rhydon|90/100\n|\n|upkeep\n|turn|4\n|inactive|Time left: 300 sec this turn | 300 sec total\n|\n|t:|1783544056\n|-terastallize|p2a: Rhydon|Water\n|move|p1a: Ogerpon|Power Whip|p2a: Rhydon\n|-supereffective|p2a: Rhydon\n|-damage|p2a: Rhydon|40/100\n|move|p2a: Rhydon|Earthquake|p1a: Ogerpon\n|-damage|p1a: Ogerpon|79/247\n|\n|upkeep\n|turn|5\n|inactive|Time left: 300 sec this turn | 300 sec total\n|\n|t:|1783544057\n|switch|p2a: Corviknight|Corviknight, L80, F|33/100\n|move|p1a: Ogerpon|Power Whip|p2a: Corviknight\n|-resisted|p2a: Corviknight\n|-damage|p2a: Corviknight|21/100\n|-damage|p1a: Ogerpon|38/247|[from] item: Rocky Helmet|[of] p2a: Corviknight\n|\n|upkeep\n|turn|6\n|inactive|Time left: 300 sec this turn | 300 sec total\n|\n|t:|1783544058\n|move|p1a: Ogerpon|Ivy Cudgel|p2a: Corviknight|[anim] Ivy Cudgel Rock\n|-damage|p2a: Corviknight|0 fnt\n|faint|p2a: Corviknight\n|\n|upkeep\n|\n|t:|1783544059\n|switch|p2a: Kilowattrel|Kilowattrel, L83, F|100/100\n|turn|7\n|inactive|Time left: 300 sec this turn | 300 sec total\n|\n|t:|1783544060\n|switch|p1a: Misdreavus|Misdreavus, L90, M|254/254\n|move|p2a: Kilowattrel|Discharge|p1a: Misdreavus\n|-damage|p1a: Misdreavus|202/254\n|\n|upkeep\n|turn|8\n|inactive|Time left: 300 sec this turn | 300 sec total\n|\n|t:|1783544062\n|move|p2a: Kilowattrel|Hurricane|p1a: Misdreavus\n|-damage|p1a: Misdreavus|120/254\n|-start|p1a: Misdreavus|confusion\n|-activate|p1a: Misdreavus|confusion\n|-damage|p1a: Misdreavus|100/254|[from] confusion\n|\n|upkeep\n|turn|9\n|inactive|Time left: 300 sec this turn | 300 sec total\n|\n|t:|1783544063\n|move|p2a: Kilowattrel|Hurricane|p1a: Misdreavus|[miss]\n|-miss|p2a: Kilowattrel|p1a: Misdreavus\n|-activate|p1a: Misdreavus|confusion\n|move|p1a: Misdreavus|Calm Mind|p1a: Misdreavus\n|-boost|p1a: Misdreavus|spa|1\n|-boost|p1a: Misdreavus|spd|1\n|\n|upkeep\n|turn|10\n|inactive|Time left: 300 sec this turn | 300 sec total\n|\n|t:|1783544064\n|move|p2a: Kilowattrel|Discharge|p1a: Misdreavus\n|-damage|p1a: Misdreavus|61/254\n|-activate|p1a: Misdreavus|confusion\n|move|p1a: Misdreavus|Shadow Ball|p2a: Kilowattrel\n|-damage|p2a: Kilowattrel|32/100\n|\n|upkeep\n|turn|11\n|inactive|Time left: 300 sec this turn | 300 sec total\n|\n|t:|1783544066\n|move|p2a: Kilowattrel|Roost|p2a: Kilowattrel\n|-heal|p2a: Kilowattrel|82/100\n|-singleturn|p2a: Kilowattrel|move: Roost\n|-activate|p1a: Misdreavus|confusion\n|move|p1a: Misdreavus|Shadow Ball|p2a: Kilowattrel\n|-damage|p2a: Kilowattrel|6/100\n|-unboost|p2a: Kilowattrel|spd|1\n|\n|upkeep\n|turn|12\n|inactive|Time left: 300 sec this turn | 300 sec total\n|\n|t:|1783544067\n|move|p2a: Kilowattrel|Discharge|p1a: Misdreavus\n|-damage|p1a: Misdreavus|22/254\n|-end|p1a: Misdreavus|confusion\n|move|p1a: Misdreavus|Shadow Ball|p2a: Kilowattrel\n|-damage|p2a: Kilowattrel|0 fnt\n|faint|p2a: Kilowattrel\n|\n|upkeep\n|\n|t:|1783544068\n|switch|p2a: Palafin|Palafin, L77, M|100/100\n|turn|13\n|inactive|Time left: 300 sec this turn | 300 sec total\n|\n|t:|1783544069\n|move|p2a: Palafin|Jet Punch|p1a: Misdreavus\n|-damage|p1a: Misdreavus|0 fnt\n|faint|p1a: Misdreavus\n|\n|upkeep\n|inactive|Time left: 300 sec this turn | 300 sec total | 5 sec grace\n|\n|t:|1783544070\n|switch|p1a: Grumpig|Grumpig, L92, F|297/297\n|turn|14\n|inactive|Time left: 300 sec this turn | 300 sec total\n|\n|t:|1783544071\n|move|p1a: Grumpig|Nasty Plot|p1a: Grumpig\n|-boost|p1a: Grumpig|spa|2\n|move|p2a: Palafin|Bulk Up|p2a: Palafin\n|-boost|p2a: Palafin|atk|1\n|-boost|p2a: Palafin|def|1\n|\n|upkeep\n|turn|15\n|inactive|Time left: 300 sec this turn | 300 sec total\n|\n|t:|1783544072\n|detailschange|p2a: Palafin|Palafin-Hero, L77, M\n|switch|p2a: Rhydon|Rhydon, L85, M, tera:Water|40/100\n|move|p1a: Grumpig|Earth Power|p2a: Rhydon\n|-damage|p2a: Rhydon|0 fnt\n|faint|p2a: Rhydon\n|\n|upkeep\n|\n|t:|1783544073\n|switch|p2a: Palossand|Palossand, L89, M|100/100\n|turn|16\n|inactive|Time left: 300 sec this turn | 300 sec total\n|\n|t:|1783544074\n|-terastallize|p1a: Grumpig|Ground\n|move|p1a: Grumpig|Nasty Plot|p1a: Grumpig\n|-boost|p1a: Grumpig|spa|2\n|move|p2a: Palossand|Shadow Ball|p1a: Grumpig\n|-damage|p1a: Grumpig|228/297\n|\n|-heal|p1a: Grumpig|246/297|[from] item: Leftovers\n|upkeep\n|turn|17\n|inactive|Time left: 300 sec this turn | 300 sec total\n|\n|t:|1783544075\n|switch|p2a: Palafin|Palafin-Hero, L77, M|100/100\n|-activate|p2a: Palafin|ability: Zero to Hero\n|move|p1a: Grumpig|Earth Power|p2a: Palafin\n|-damage|p2a: Palafin|0 fnt\n|faint|p2a: Palafin\n|\n|-heal|p1a: Grumpig|264/297|[from] item: Leftovers\n|upkeep\n|\n|t:|1783544076\n|switch|p2a: Hitmonchan|Hitmonchan, L87, M|100/100\n|turn|18\n|inactive|Time left: 300 sec this turn | 300 sec total\n|\n|t:|1783544077\n|move|p1a: Grumpig|Earth Power|p2a: Hitmonchan\n|-damage|p2a: Hitmonchan|0 fnt\n|faint|p2a: Hitmonchan\n|\n|-heal|p1a: Grumpig|282/297|[from] item: Leftovers\n|upkeep\n|\n|t:|1783544078\n|switch|p2a: Palossand|Palossand, L89, M|100/100\n|turn|19\n|inactive|Time left: 300 sec this turn | 300 sec total\n|\n|t:|1783544079\n|move|p1a: Grumpig|Earth Power|p2a: Palossand\n|-damage|p2a: Palossand|0 fnt\n|faint|p2a: Palossand\n|\n|win|p0x43103b1", "uploadtime": 1783544079, "views": 0, "rating": 0, "private": 0, "password": null, "_winner": "p0x43103b1", "_our_name": "p0x43103b1"}