{"id": "battle-gen9randombattle-183", "formatid": "gen9randombattle", "format": "[Gen 9] Random Battle", "players": ["p0x183637f", "p0y18359ea"], "log": "|init|battle\n|title|p0x183637f vs. p0y18359ea\n|j|\u2606p0x183637f\n|j|\u2606p0y18359ea\n|t:|1783535350\n|gametype|singles\n|player|p1|p0x183637f|266|\n|player|p2|p0y18359ea|102|\n|gen|9\n|tier|[Gen 9] Random Battle\n|rule|Species Clause: Limit one of each Pok\u00e9mon\n|rule|HP Percentage Mod: HP is shown in percentages\n|rule|Sleep Clause Mod: Limit one foe put to sleep\n|rule|Illusion Level Mod: Illusion disguises the Pok\u00e9mon's true level\n|\n|t:|1783535350\n|teamsize|p1|6\n|teamsize|p2|6\n|start\n|switch|p1a: Heracross|Heracross, L80, M|100/100\n|switch|p2a: Lokix|Lokix, L82, F|251/251\n|turn|1\n|inactive|Battle timer is ON: inactive players will automatically lose when time's up. (requested by p0y18359ea)\n|inactive|p0x183637f also wants the timer to be on.\n|\n|t:|1783535352\n|move|p1a: Heracross|Megahorn|p2a: Lokix\n|-supereffective|p2a: Lokix\n|-damage|p2a: Lokix|0 fnt\n|faint|p2a: Lokix\n|-ability|p1a: Heracross|Moxie|boost\n|-boost|p1a: Heracross|atk|1\n|\n|upkeep\n|inactive|Time left: 300 sec this turn | 300 sec total | 65 sec grace\n|\n|t:|1783535353\n|switch|p2a: Cinderace|Cinderace, L77, M|250/250\n|turn|2\n|inactive|Time left: 300 sec this turn | 300 sec total\n|\n|t:|1783535354\n|move|p1a: Heracross|Megahorn|p2a: Cinderace\n|-resisted|p2a: Cinderace\n|-damage|p2a: Cinderace|120/250\n|move|p2a: Cinderace|Pyro Ball|p1a: Heracross\n|-supereffective|p1a: Heracross\n|-damage|p1a: Heracross|0 fnt\n|faint|p1a: Heracross\n|\n|upkeep\n|\n|t:|1783535355\n|switch|p1a: Zamazenta|Zamazenta, L71|100/100\n|-ability|p1a: Zamazenta|Dauntless Shield|boost\n|-boost|p1a: Zamazenta|def|1\n|turn|3\n|inactive|Time left: 300 sec this turn | 300 sec total\n|\n|t:|1783535357\n|switch|p2a: Manaphy|Manaphy, L78|284/284\n|move|p1a: Zamazenta|Close Combat|p2a: Manaphy\n|-damage|p2a: Manaphy|128/284\n|-unboost|p1a: Zamazenta|def|1\n|-unboost|p1a: Zamazenta|spd|1\n|\n|-heal|p2a: Manaphy|145/284|[from] item: Leftovers\n|upkeep\n|turn|4\n|inactive|Time left: 300 sec this turn | 300 sec total\n|\n|t:|1783535358\n|move|p1a: Zamazenta|Close Combat|p2a: Manaphy\n|-damage|p2a: Manaphy|0 fnt\n|-unboost|p1a: Zamazenta|def|1\n|-unboost|p1a: Zamazenta|spd|1\n|faint|p2a: Manaphy\n|\n|upkeep\n|inactive|Time left: 300 sec this turn | 300 sec total | 5 sec grace\n|\n|t:|1783535359\n|switch|p2a: Cloyster|Cloyster, L80, M|211/211\n|turn|5\n|inactive|Time left: 300 sec this turn | 300 sec total\n|\n|t:|1783535360\n|-terastallize|p2a: Cloyster|Ground\n|move|p1a: Zamazenta|Close Combat|p2a: Cloyster\n|-damage|p2a: Cloyster|108/211\n|-unboost|p1a: Zamazenta|def|1\n|-unboost|p1a: Zamazenta|spd|1\n|move|p2a: Cloyster|Shell Smash|p2a: Cloyster\n|-unboost|p2a: Cloyster|def|1\n|-unboost|p2a: Cloyster|spd|1\n|-boost|p2a: Cloyster|atk|2\n|-boost|p2a: Cloyster|spa|2\n|-boost|p2a: Cloyster|spe|2\n|-enditem|p2a: Cloyster|White Herb\n|-clearnegativeboost|p2a: Cloyster|[silent]\n|\n|upkeep\n|turn|6\n|inactive|Time left: 300 sec this turn | 300 sec total\n|\n|t:|1783535361\n|switch|p1a: Avalugg|Avalugg, L88, F|100/100\n|move|p2a: Cloyster|Icicle Spear|p1a: Avalugg\n|-resisted|p1a: Avalugg\n|-damage|p1a: Avalugg|96/100\n|-resisted|p1a: Avalugg\n|-damage|p1a: Avalugg|92/100\n|-resisted|p1a: Avalugg\n|-damage|p1a: Avalugg|88/100\n|-resisted|p1a: Avalugg\n|-damage|p1a: Avalugg|83/100\n|-resisted|p1a: Avalugg\n|-damage|p1a: Avalugg|79/100\n|-hitcount|p1a: Avalugg|5\n|\n|upkeep\n|turn|7\n|inactive|Time left: 300 sec this turn | 300 sec total\n|\n|t:|1783535362\n|move|p2a: Cloyster|Rock Blast|p1a: Avalugg\n|-supereffective|p1a: Avalugg\n|-damage|p1a: Avalugg|68/100\n|-supereffective|p1a: Avalugg\n|-damage|p1a: Avalugg|56/100\n|-supereffective|p1a: Avalugg\n|-damage|p1a: Avalugg|44/100\n|-supereffective|p1a: Avalugg\n|-damage|p1a: Avalugg|32/100\n|-supereffective|p1a: Avalugg\n|-damage|p1a: Avalugg|20/100\n|-hitcount|p1a: Avalugg|5\n|move|p1a: Avalugg|Avalanche|p2a: Cloyster\n|-supereffective|p2a: Cloyster\n|-damage|p2a: Cloyster|0 fnt\n|faint|p2a: Cloyster\n|\n|upkeep\n|inactive|Time left: 300 sec this turn | 300 sec total | 5 sec grace\n|\n|t:|1783535363\n|switch|p2a: Cinderace|Cinderace, L77, M|120/250\n|turn|8\n|inactive|Time left: 300 sec this turn | 300 sec total\n|\n|t:|1783535365\n|move|p2a: Cinderace|Pyro Ball|p1a: Avalugg\n|-supereffective|p1a: Avalugg\n|-damage|p1a: Avalugg|0 fnt\n|faint|p1a: Avalugg\n|\n|upkeep\n|\n|t:|1783535366\n|switch|p1a: Zamazenta|Zamazenta, L71|100/100\n|turn|9\n|inactive|Time left: 300 sec this turn | 300 sec total\n|\n|t:|1783535367\n|move|p1a: Zamazenta|Close Combat|p2a: Cinderace\n|-damage|p2a: Cinderace|0 fnt\n|-unboost|p1a: Zamazenta|def|1\n|-unboost|p1a: Zamazenta|spd|1\n|faint|p2a: Cinderace\n|\n|upkeep\n|inactive|Time left: 300 sec this turn | 300 sec total | 5 sec grace\n|\n|t:|1783535368\n|switch|p2a: Piloswine|Piloswine, L85, M|309/309\n|turn|10\n|inactive|Time left: 300 sec this turn | 300 sec total\n|\n|t:|1783535369\n|move|p1a: Zamazenta|Close Combat|p2a: Piloswine\n|-supereffective|p2a: Piloswine\n|-damage|p2a: Piloswine|81/309\n|-unboost|p1a: Zamazenta|def|1\n|-unboost|p1a: Zamazenta|spd|1\n|move|p2a: Piloswine|Earthquake|p1a: Zamazenta\n|-damage|p1a: Zamazenta|19/100\n|\n|upkeep\n|turn|11\n|inactive|Time left: 300 sec this turn | 300 sec total\n|\n|t:|1783535370\n|move|p2a: Piloswine|Ice Shard|p1a: Zamazenta\n|-damage|p1a: Zamazenta|0 fnt\n|faint|p1a: Zamazenta\n|\n|upkeep\n|\n|t:|1783535371\n|switch|p1a: Gengar|Gengar, L81, F|100/100\n|turn|12\n|inactive|Time left: 300 sec this turn | 300 sec total\n|\n|t:|1783535372\n|move|p1a: Gengar|Shadow Ball|p2a: Piloswine\n|-damage|p2a: Piloswine|0 fnt\n|faint|p2a: Piloswine\n|\n|upkeep\n|inactive|Time left: 300 sec this turn | 300 sec total | 5 sec grace\n|\n|t:|1783535373\n|switch|p2a: Stantler|Stantler, L92, M|284/284\n|-ability|p2a: Stantler|Intimidate|boost\n|-unboost|p1a: Gengar|atk|1\n|turn|13\n|inactive|Time left: 300 sec this turn | 300 sec total\n|\n|t:|1783535374\n|switch|p1a: Volbeat|Volbeat, L90, M|100/100\n|move|p2a: Stantler|Body Slam|p1a: Volbeat\n|-damage|p1a: Volbeat|61/100\n|\n|upkeep\n|turn|14\n|inactive|Time left: 300 sec this turn | 300 sec total\n|\n|t:|1783535375\n|switch|p1a: Gengar|Gengar, L81, F|100/100\n|move|p2a: Stantler|Body Slam|p1a: Gengar\n|-immune|p1a: Gengar\n|\n|upkeep\n|turn|15\n|inactive|Time left: 300 sec this turn | 300 sec total\n|\n|t:|1783535376\n|move|p1a: Gengar|Sludge Wave|p2a: Stantler\n|-damage|p2a: Stantler|149/284\n|-status|p2a: Stantler|psn\n|move|p2a: Stantler|Thunder Wave|p1a: Gengar|[miss]\n|-miss|p2a: Stantler|p1a: Gengar\n|\n|-damage|p2a: Stantler|114/284 psn|[from] psn\n|upkeep\n|turn|16\n|inactive|Time left: 300 sec this turn | 300 sec total\n|\n|t:|1783535377\n|-terastallize|p1a: Gengar|Fighting\n|move|p1a: Gengar|Sludge Wave|p2a: Stantler\n|-damage|p2a: Stantler|0 fnt\n|faint|p2a: Stantler\n|\n|win|p0x183637f", "uploadtime": 1783535377, "views": 0, "rating": 0, "private": 0, "password": null, "_winner": "p0x183637f", "_our_name": "p0y18359ea"}