{"id": "battle-gen9randombattle-2912", "formatid": "gen9randombattle", "format": "[Gen 9] Random Battle", "players": ["p0x29120b63", "p0y29126d3a"], "log": "|init|battle\n|title|p0x29120b63 vs. p0y29126d3a\n|j|\u2606p0x29120b63\n|j|\u2606p0y29126d3a\n|t:|1783573542\n|gametype|singles\n|player|p1|p0x29120b63|1|\n|player|p2|p0y29126d3a|102|\n|gen|9\n|tier|[Gen 9] Random Battle\n|rule|Species Clause: Limit one of each Pok\u00e9mon\n|rule|HP Percentage Mod: HP is shown in percentages\n|rule|Sleep Clause Mod: Limit one foe put to sleep\n|rule|Illusion Level Mod: Illusion disguises the Pok\u00e9mon's true level\n|\n|t:|1783573542\n|teamsize|p1|6\n|teamsize|p2|6\n|start\n|switch|p1a: Magcargo|Magcargo, L95, M|100/100\n|switch|p2a: Primarina|Primarina, L83, F|268/268\n|turn|1\n|inactive|Battle timer is ON: inactive players will automatically lose when time's up. (requested by p0x29120b63)\n|inactive|Time left: 300 sec this turn | 300 sec total | 60 sec grace\n|\n|t:|1783573543\n|switch|p1a: Wyrdeer|Wyrdeer, L87, M|100/100\n|-ability|p1a: Wyrdeer|Intimidate|boost\n|-unboost|p2a: Primarina|atk|1\n|move|p2a: Primarina|Sparkling Aria|p1a: Wyrdeer\n|-damage|p1a: Wyrdeer|63/100\n|\n|-heal|p1a: Wyrdeer|69/100|[from] item: Leftovers\n|upkeep\n|turn|2\n|inactive|Time left: 300 sec this turn | 300 sec total\n|inactive|p0y29126d3a also wants the timer to be on.\n|\n|t:|1783573544\n|move|p1a: Wyrdeer|Thunder Wave|p2a: Primarina\n|-status|p2a: Primarina|par\n|cant|p2a: Primarina|par\n|\n|-heal|p1a: Wyrdeer|76/100|[from] item: Leftovers\n|upkeep\n|turn|3\n|inactive|Time left: 300 sec this turn | 300 sec total\n|\n|t:|1783573545\n|move|p1a: Wyrdeer|Earthquake|p2a: Primarina\n|-damage|p2a: Primarina|178/268 par\n|move|p2a: Primarina|Sparkling Aria|p1a: Wyrdeer\n|-damage|p1a: Wyrdeer|38/100\n|\n|-heal|p1a: Wyrdeer|44/100|[from] item: Leftovers\n|-heal|p2a: Primarina|194/268 par|[from] item: Leftovers\n|upkeep\n|turn|4\n|inactive|Time left: 300 sec this turn | 300 sec total\n|\n|t:|1783573547\n|move|p1a: Wyrdeer|Earthquake|p2a: Primarina\n|-damage|p2a: Primarina|100/268 par\n|move|p2a: Primarina|Sparkling Aria|p1a: Wyrdeer\n|-damage|p1a: Wyrdeer|6/100\n|\n|-heal|p1a: Wyrdeer|13/100|[from] item: Leftovers\n|-heal|p2a: Primarina|116/268 par|[from] item: Leftovers\n|upkeep\n|turn|5\n|inactive|Time left: 300 sec this turn | 300 sec total\n|\n|t:|1783573548\n|move|p1a: Wyrdeer|Earthquake|p2a: Primarina\n|-damage|p2a: Primarina|22/268 par\n|move|p2a: Primarina|Sparkling Aria|p1a: Wyrdeer\n|-damage|p1a: Wyrdeer|0 fnt\n|faint|p1a: Wyrdeer\n|\n|-heal|p2a: Primarina|38/268 par|[from] item: Leftovers\n|upkeep\n|\n|t:|1783573548\n|switch|p1a: Serperior|Serperior, L79, F|100/100\n|turn|6\n|inactive|Time left: 300 sec this turn | 300 sec total\n|\n|t:|1783573550\n|switch|p2a: Farigiraf|Farigiraf, L90, M|362/362\n|move|p1a: Serperior|Leaf Storm|p2a: Farigiraf\n|-ability|p2a: Farigiraf|Sap Sipper|boost\n|-boost|p2a: Farigiraf|atk|1\n|\n|upkeep\n|turn|7\n|inactive|Time left: 300 sec this turn | 300 sec total\n|\n|t:|1783573551\n|switch|p1a: Empoleon|Empoleon, L84, M|100/100\n|move|p2a: Farigiraf|Body Slam|p1a: Empoleon\n|-resisted|p1a: Empoleon\n|-damage|p1a: Empoleon|76/100\n|\n|-heal|p1a: Empoleon|82/100|[from] item: Leftovers\n|upkeep\n|turn|8\n|inactive|Time left: 300 sec this turn | 300 sec total\n|\n|t:|1783573552\n|move|p2a: Farigiraf|Body Slam|p1a: Empoleon\n|-resisted|p1a: Empoleon\n|-damage|p1a: Empoleon|56/100\n|move|p1a: Empoleon|Knock Off|p2a: Farigiraf\n|-supereffective|p2a: Farigiraf\n|-damage|p2a: Farigiraf|212/362\n|-enditem|p2a: Farigiraf|Leftovers|[from] move: Knock Off|[of] p1a: Empoleon\n|\n|-heal|p1a: Empoleon|62/100|[from] item: Leftovers\n|upkeep\n|turn|9\n|inactive|Time left: 300 sec this turn | 300 sec total\n|\n|t:|1783573553\n|move|p2a: Farigiraf|Body Slam|p1a: Empoleon\n|-resisted|p1a: Empoleon\n|-damage|p1a: Empoleon|36/100\n|move|p1a: Empoleon|Surf|p2a: Farigiraf\n|-crit|p2a: Farigiraf\n|-damage|p2a: Farigiraf|47/362\n|\n|-heal|p1a: Empoleon|42/100|[from] item: Leftovers\n|upkeep\n|turn|10\n|inactive|Time left: 300 sec this turn | 300 sec total\n|\n|t:|1783573554\n|move|p2a: Farigiraf|Body Slam|p1a: Empoleon\n|-resisted|p1a: Empoleon\n|-damage|p1a: Empoleon|17/100\n|move|p1a: Empoleon|Surf|p2a: Farigiraf\n|-damage|p2a: Farigiraf|0 fnt\n|faint|p2a: Farigiraf\n|\n|-heal|p1a: Empoleon|24/100|[from] item: Leftovers\n|upkeep\n|inactive|Time left: 300 sec this turn | 300 sec total | 5 sec grace\n|\n|t:|1783573555\n|switch|p2a: Emboar|Emboar, L84, M|322/322\n|turn|11\n|inactive|Time left: 300 sec this turn | 300 sec total\n|\n|t:|1783573556\n|switch|p1a: Magcargo|Magcargo, L95, M|100/100\n|move|p2a: Emboar|Drain Punch|p1a: Magcargo\n|-supereffective|p1a: Magcargo\n|-damage|p1a: Magcargo|48/100\n|\n|upkeep\n|turn|12\n|inactive|Time left: 300 sec this turn | 300 sec total\n|\n|t:|1783573557\n|move|p2a: Emboar|Drain Punch|p1a: Magcargo\n|-supereffective|p1a: Magcargo\n|-damage|p1a: Magcargo|0 fnt\n|faint|p1a: Magcargo\n|\n|upkeep\n|\n|t:|1783573558\n|switch|p1a: Clefable|Clefable, L83, M|100/100\n|turn|13\n|inactive|Time left: 300 sec this turn | 300 sec total\n|\n|t:|1783573559\n|move|p2a: Emboar|Flare Blitz|p1a: Clefable\n|-damage|p1a: Clefable|34/100\n|-damage|p2a: Emboar|258/322|[from] Recoil\n|move|p1a: Clefable|Moonblast|p2a: Emboar\n|-damage|p2a: Emboar|147/322\n|\n|-heal|p2a: Emboar|167/322|[from] item: Leftovers\n|-heal|p1a: Clefable|40/100|[from] item: Leftovers\n|upkeep\n|turn|14\n|inactive|Time left: 300 sec this turn | 300 sec total\n|\n|t:|1783573560\n|switch|p1a: Zamazenta|Zamazenta, L71|100/100\n|-ability|p1a: Zamazenta|Dauntless Shield|boost\n|-boost|p1a: Zamazenta|def|1\n|move|p2a: Emboar|Flare Blitz|p1a: Zamazenta\n|-damage|p1a: Zamazenta|51/100\n|-damage|p2a: Emboar|126/322|[from] Recoil\n|\n|-heal|p2a: Emboar|146/322|[from] item: Leftovers\n|upkeep\n|turn|15\n|inactive|Time left: 300 sec this turn | 300 sec total\n|\n|t:|1783573561\n|switch|p2a: Primarina|Primarina, L83, F|38/268 par\n|move|p1a: Zamazenta|Body Press|p2a: Primarina\n|-resisted|p2a: Primarina\n|-damage|p2a: Primarina|0 fnt\n|faint|p2a: Primarina\n|\n|upkeep\n|inactive|Time left: 300 sec this turn | 300 sec total | 5 sec grace\n|\n|t:|1783573562\n|switch|p2a: Plusle|Plusle, L95, F|268/268\n|turn|16\n|inactive|Time left: 300 sec this turn | 300 sec total\n|\n|t:|1783573563\n|move|p1a: Zamazenta|Body Press|p2a: Plusle\n|-damage|p2a: Plusle|118/268\n|move|p2a: Plusle|Thunderbolt|p1a: Zamazenta\n|-damage|p1a: Zamazenta|0 fnt\n|faint|p1a: Zamazenta\n|-damage|p2a: Plusle|92/268|[from] item: Life Orb\n|\n|upkeep\n|\n|t:|1783573564\n|switch|p1a: Serperior|Serperior, L79, F|100/100\n|turn|17\n|inactive|Time left: 300 sec this turn | 300 sec total\n|\n|t:|1783573565\n|switch|p2a: Dialga|Dialga-Origin, L73|266/266\n|-ability|p2a: Dialga|Pressure\n|move|p1a: Serperior|Leaf Storm|p2a: Dialga\n|-resisted|p2a: Dialga\n|-damage|p2a: Dialga|245/266\n|-boost|p1a: Serperior|spa|2\n|\n|upkeep\n|turn|18\n|inactive|Time left: 300 sec this turn | 300 sec total\n|\n|t:|1783573566\n|move|p1a: Serperior|Leaf Storm|p2a: Dialga|[miss]\n|-miss|p1a: Serperior|p2a: Dialga\n|move|p2a: Dialga|Fire Blast|p1a: Serperior\n|-supereffective|p1a: Serperior\n|-damage|p1a: Serperior|27/100\n|\n|-heal|p1a: Serperior|33/100|[from] item: Leftovers\n|upkeep\n|turn|19\n|inactive|Time left: 300 sec this turn | 300 sec total\n|\n|t:|1783573567\n|-terastallize|p1a: Serperior|Fire\n|move|p1a: Serperior|Leech Seed|p2a: Dialga\n|-start|p2a: Dialga|move: Leech Seed\n|move|p2a: Dialga|Flash Cannon|p1a: Serperior\n|-resisted|p1a: Serperior\n|-damage|p1a: Serperior|13/100\n|-boost|p1a: Serperior|spd|1\n|\n|-heal|p1a: Serperior|19/100|[from] item: Leftovers\n|-damage|p2a: Dialga|212/266|[from] Leech Seed|[of] p1a: Serperior\n|-heal|p1a: Serperior|32/100|[silent]\n|upkeep\n|turn|20\n|inactive|Time left: 300 sec this turn | 300 sec total\n|\n|t:|1783573568\n|switch|p2a: Emboar|Emboar, L84, M|146/322\n|move|p1a: Serperior|Substitute|p1a: Serperior\n|-start|p1a: Serperior|Substitute\n|-damage|p1a: Serperior|7/100\n|\n|-heal|p1a: Serperior|13/100|[from] item: Leftovers\n|-heal|p2a: Emboar|166/322|[from] item: Leftovers\n|upkeep\n|turn|21\n|inactive|Time left: 300 sec this turn | 300 sec total\n|\n|t:|1783573569\n|move|p1a: Serperior|Leaf Storm|p2a: Emboar\n|-resisted|p2a: Emboar\n|-damage|p2a: Emboar|47/322\n|-boost|p1a: Serperior|spa|2\n|move|p2a: Emboar|Drain Punch|p1a: Serperior\n|-crit|p1a: Serperior\n|-end|p1a: Serperior|Substitute\n|-heal|p2a: Emboar|78/322|[from] drain|[of] p1a: Serperior\n|\n|-heal|p1a: Serperior|19/100|[from] item: Leftovers\n|-heal|p2a: Emboar|98/322|[from] item: Leftovers\n|upkeep\n|turn|22\n|inactive|Time left: 300 sec this turn | 300 sec total\n|\n|t:|1783573570\n|move|p1a: Serperior|Tera Blast|p2a: Emboar|[anim] Tera Blast Fire\n|-resisted|p2a: Emboar\n|-damage|p2a: Emboar|0 fnt\n|faint|p2a: Emboar\n|\n|-heal|p1a: Serperior|25/100|[from] item: Leftovers\n|upkeep\n|inactive|Time left: 300 sec this turn | 300 sec total | 5 sec grace\n|\n|t:|1783573571\n|switch|p2a: Plusle|Plusle, L95, F|92/268\n|turn|23\n|inactive|Time left: 300 sec this turn | 300 sec total\n|\n|t:|1783573572\n|move|p2a: Plusle|Thunderbolt|p1a: Serperior\n|-damage|p1a: Serperior|0 fnt\n|faint|p1a: Serperior\n|-damage|p2a: Plusle|66/268|[from] item: Life Orb\n|\n|upkeep\n|\n|t:|1783573573\n|switch|p1a: Clefable|Clefable, L83, M|40/100\n|turn|24\n|inactive|Time left: 300 sec this turn | 300 sec total\n|\n|t:|1783573573\n|-terastallize|p2a: Plusle|Grass\n|move|p2a: Plusle|Thunderbolt|p1a: Clefable\n|-damage|p1a: Clefable|0 fnt\n|faint|p1a: Clefable\n|-damage|p2a: Plusle|40/268|[from] item: Life Orb\n|\n|upkeep\n|\n|t:|1783573574\n|switch|p1a: Empoleon|Empoleon, L84, M|24/100\n|turn|25\n|inactive|Time left: 300 sec this turn | 300 sec total\n|\n|t:|1783573575\n|move|p2a: Plusle|Thunderbolt|p1a: Empoleon\n|-supereffective|p1a: Empoleon\n|-damage|p1a: Empoleon|0 fnt\n|faint|p1a: Empoleon\n|-damage|p2a: Plusle|14/268|[from] item: Life Orb\n|\n|win|p0y29126d3a", "uploadtime": 1783573575, "views": 0, "rating": 0, "private": 0, "password": null, "_winner": "p0y29126d3a", "_our_name": "p0y29126d3a"}