{"id": "battle-gen9randombattle-572", "formatid": "gen9randombattle", "format": "[Gen 9] Random Battle", "players": ["p0x571bf6a", "p0y57177de"], "log": "|init|battle\n|title|p0x571bf6a vs. p0y57177de\n|j|\u2606p0x571bf6a\n|j|\u2606p0y57177de\n|t:|1783546410\n|gametype|singles\n|player|p1|p0x571bf6a|2|\n|player|p2|p0y57177de|265|\n|gen|9\n|tier|[Gen 9] Random Battle\n|rule|Species Clause: Limit one of each Pok\u00e9mon\n|rule|HP Percentage Mod: HP is shown in percentages\n|rule|Sleep Clause Mod: Limit one foe put to sleep\n|rule|Illusion Level Mod: Illusion disguises the Pok\u00e9mon's true level\n|\n|t:|1783546410\n|teamsize|p1|6\n|teamsize|p2|6\n|start\n|switch|p1a: Arboliva|Arboliva, L91, M|290/290\n|switch|p2a: Delibird|Delibird, M|100/100\n|turn|1\n|inactive|Battle timer is ON: inactive players will automatically lose when time's up. (requested by p0x571bf6a)\n|inactive|p0y57177de also wants the timer to be on.\n|\n|t:|1783546412\n|move|p2a: Delibird|Brave Bird|p1a: Arboliva\n|-supereffective|p1a: Arboliva\n|-damage|p1a: Arboliva|0 fnt\n|-fieldstart|move: Grassy Terrain|[from] ability: Seed Sower|[of] p1a: Arboliva\n|faint|p1a: Arboliva\n|-damage|p2a: Delibird|62/100|[from] Recoil\n|\n|upkeep\n|inactive|Time left: 300 sec this turn | 300 sec total | 65 sec grace\n|\n|t:|1783546413\n|switch|p1a: Virizion|Virizion, L82|283/283\n|turn|2\n|inactive|Time left: 300 sec this turn | 300 sec total\n|\n|t:|1783546414\n|switch|p2a: Okidogi|Okidogi, L77, M|100/100\n|move|p1a: Virizion|Stone Edge|p2a: Okidogi\n|-resisted|p2a: Okidogi\n|-damage|p2a: Okidogi|86/100\n|-damage|p1a: Virizion|255/283|[from] item: Life Orb\n|\n|-heal|p1a: Virizion|272/283|[from] Grassy Terrain\n|-heal|p2a: Okidogi|92/100|[from] Grassy Terrain\n|-heal|p2a: Okidogi|98/100|[from] item: Leftovers\n|upkeep\n|turn|3\n|inactive|Time left: 300 sec this turn | 300 sec total\n|\n|t:|1783546415\n|move|p1a: Virizion|Swords Dance|p1a: Virizion\n|-boost|p1a: Virizion|atk|2\n|move|p2a: Okidogi|Gunk Shot|p1a: Virizion\n|-supereffective|p1a: Virizion\n|-damage|p1a: Virizion|0 fnt\n|faint|p1a: Virizion\n|\n|-heal|p2a: Okidogi|100/100|[from] Grassy Terrain\n|upkeep\n|inactive|Time left: 300 sec this turn | 300 sec total | 5 sec grace\n|\n|t:|1783546416\n|switch|p1a: Oricorio|Oricorio-Pa'u, L87, M|272/272\n|turn|4\n|inactive|Time left: 300 sec this turn | 300 sec total\n|\n|t:|1783546417\n|-terastallize|p2a: Okidogi|Dark\n|move|p1a: Oricorio|Quiver Dance|p1a: Oricorio\n|-boost|p1a: Oricorio|spa|1\n|-boost|p1a: Oricorio|spd|1\n|-boost|p1a: Oricorio|spe|1\n|move|p2a: Okidogi|Knock Off|p1a: Oricorio\n|-supereffective|p1a: Oricorio\n|-damage|p1a: Oricorio|48/272\n|-status|p1a: Oricorio|tox|[from] ability: Toxic Chain|[of] p2a: Okidogi\n|-enditem|p1a: Oricorio|Heavy-Duty Boots|[from] move: Knock Off|[of] p2a: Okidogi\n|\n|-damage|p1a: Oricorio|31/272 tox|[from] psn\n|upkeep\n|turn|5\n|inactive|Time left: 300 sec this turn | 300 sec total\n|\n|t:|1783546418\n|switch|p2a: Lunala|Lunala, L70|100/100\n|-terastallize|p1a: Oricorio|Fighting\n|move|p1a: Oricorio|Revelation Dance|p2a: Lunala\n|-immune|p2a: Lunala\n|\n|-heal|p1a: Oricorio|48/272 tox|[from] Grassy Terrain\n|-damage|p1a: Oricorio|14/272 tox|[from] psn\n|-fieldend|move: Grassy Terrain\n|upkeep\n|turn|6\n|inactive|Time left: 300 sec this turn | 300 sec total\n|\n|t:|1783546419\n|move|p1a: Oricorio|Roost|p1a: Oricorio\n|-heal|p1a: Oricorio|150/272 tox\n|move|p2a: Lunala|Calm Mind|p2a: Lunala\n|-boost|p2a: Lunala|spa|1\n|-boost|p2a: Lunala|spd|1\n|\n|-damage|p1a: Oricorio|99/272 tox|[from] psn\n|upkeep\n|turn|7\n|inactive|Time left: 300 sec this turn | 300 sec total\n|\n|t:|1783546420\n|move|p1a: Oricorio|Roost|p1a: Oricorio\n|-heal|p1a: Oricorio|235/272 tox\n|move|p2a: Lunala|Moongeist Beam|p1a: Oricorio\n|-damage|p1a: Oricorio|118/272 tox\n|\n|-damage|p1a: Oricorio|50/272 tox|[from] psn\n|upkeep\n|turn|8\n|inactive|Time left: 300 sec this turn | 300 sec total\n|\n|t:|1783546421\n|move|p1a: Oricorio|Hurricane|p2a: Lunala\n|-damage|p2a: Lunala|81/100\n|-start|p2a: Lunala|confusion\n|-activate|p2a: Lunala|confusion\n|move|p2a: Lunala|Moongeist Beam|p1a: Oricorio\n|-damage|p1a: Oricorio|0 fnt\n|faint|p1a: Oricorio\n|\n|-heal|p2a: Lunala|88/100|[from] item: Leftovers\n|upkeep\n|inactive|Time left: 300 sec this turn | 300 sec total | 5 sec grace\n|\n|t:|1783546422\n|switch|p1a: Ho-Oh|Ho-Oh, L71|268/268\n|turn|9\n|inactive|Time left: 300 sec this turn | 300 sec total\n|\n|t:|1783546423\n|-activate|p2a: Lunala|confusion\n|-damage|p2a: Lunala|80/100|[from] confusion\n|move|p1a: Ho-Oh|Sacred Fire|p2a: Lunala\n|-damage|p2a: Lunala|44/100\n|-status|p2a: Lunala|brn\n|\n|-heal|p2a: Lunala|50/100 brn|[from] item: Leftovers\n|-damage|p2a: Lunala|44/100 brn|[from] brn\n|upkeep\n|turn|10\n|inactive|Time left: 300 sec this turn | 300 sec total\n|\n|t:|1783546424\n|-end|p2a: Lunala|confusion\n|move|p2a: Lunala|Moonlight|p2a: Lunala\n|-heal|p2a: Lunala|94/100 brn\n|move|p1a: Ho-Oh|Sacred Fire|p2a: Lunala|[miss]\n|-miss|p1a: Ho-Oh|p2a: Lunala\n|\n|-heal|p2a: Lunala|99/100 brn|[from] item: Leftovers\n|-damage|p2a: Lunala|94/100 brn|[from] brn\n|upkeep\n|turn|11\n|inactive|Time left: 300 sec this turn | 300 sec total\n|\n|t:|1783546425\n|move|p2a: Lunala|Psyshock|p1a: Ho-Oh\n|-damage|p1a: Ho-Oh|117/268\n|move|p1a: Ho-Oh|Sacred Fire|p2a: Lunala\n|-damage|p2a: Lunala|54/100 brn\n|\n|-heal|p2a: Lunala|60/100 brn|[from] item: Leftovers\n|-damage|p2a: Lunala|54/100 brn|[from] brn\n|upkeep\n|turn|12\n|inactive|Time left: 300 sec this turn | 300 sec total\n|\n|t:|1783546427\n|switch|p1a: Urshifu|Urshifu-Rapid-Strike, L75, M|274/274\n|move|p2a: Lunala|Psyshock|p1a: Urshifu\n|-supereffective|p1a: Urshifu\n|-damage|p1a: Urshifu|46/274\n|\n|-heal|p2a: Lunala|60/100 brn|[from] item: Leftovers\n|-damage|p2a: Lunala|54/100 brn|[from] brn\n|upkeep\n|turn|13\n|inactive|Time left: 300 sec this turn | 300 sec total\n|\n|t:|1783546428\n|switch|p2a: Tauros|Tauros-Paldea-Aqua, L81, M|100/100\n|move|p1a: Urshifu|Surging Strikes|p2a: Tauros\n|-resisted|p2a: Tauros\n|-crit|p2a: Tauros\n|-damage|p2a: Tauros|91/100\n|-resisted|p2a: Tauros\n|-crit|p2a: Tauros\n|-damage|p2a: Tauros|81/100\n|-resisted|p2a: Tauros\n|-crit|p2a: Tauros\n|-damage|p2a: Tauros|72/100\n|-hitcount|p2a: Tauros|3\n|-damage|p1a: Urshifu|19/274|[from] item: Life Orb\n|\n|upkeep\n|turn|14\n|inactive|Time left: 300 sec this turn | 300 sec total\n|\n|t:|1783546429\n|move|p2a: Tauros|Bulk Up|p2a: Tauros\n|-boost|p2a: Tauros|atk|1\n|-boost|p2a: Tauros|def|1\n|move|p1a: Urshifu|Surging Strikes|p2a: Tauros\n|-resisted|p2a: Tauros\n|-crit|p2a: Tauros\n|-damage|p2a: Tauros|62/100\n|-resisted|p2a: Tauros\n|-crit|p2a: Tauros\n|-damage|p2a: Tauros|52/100\n|-resisted|p2a: Tauros\n|-crit|p2a: Tauros\n|-damage|p2a: Tauros|42/100\n|-enditem|p2a: Tauros|Sitrus Berry|[eat]\n|-heal|p2a: Tauros|67/100|[from] item: Sitrus Berry\n|-hitcount|p2a: Tauros|3\n|-damage|p1a: Urshifu|0 fnt|[from] item: Life Orb\n|faint|p1a: Urshifu\n|\n|upkeep\n|inactive|Time left: 300 sec this turn | 300 sec total | 5 sec grace\n|\n|t:|1783546430\n|switch|p1a: Plusle|Plusle, L95, M|268/268\n|turn|15\n|inactive|Time left: 300 sec this turn | 300 sec total\n|\n|t:|1783546431\n|switch|p2a: Okidogi|Okidogi, L77, M, tera:Dark|100/100\n|move|p1a: Plusle|Thunderbolt|p2a: Okidogi\n|-damage|p2a: Okidogi|35/100\n|-status|p2a: Okidogi|par\n|-damage|p1a: Plusle|242/268|[from] item: Life Orb\n|\n|-heal|p2a: Okidogi|41/100 par|[from] item: Leftovers\n|upkeep\n|turn|16\n|inactive|Time left: 300 sec this turn | 300 sec total\n|\n|t:|1783546432\n|move|p1a: Plusle|Thunderbolt|p2a: Okidogi\n|-damage|p2a: Okidogi|0 fnt\n|faint|p2a: Okidogi\n|-damage|p1a: Plusle|216/268|[from] item: Life Orb\n|\n|upkeep\n|\n|t:|1783546433\n|switch|p2a: Klawf|Klawf, L90, F|100/100\n|turn|17\n|inactive|Time left: 300 sec this turn | 300 sec total\n|\n|t:|1783546434\n|move|p1a: Plusle|Thunderbolt|p2a: Klawf\n|-damage|p2a: Klawf|35/100\n|-ability|p2a: Klawf|Anger Shell|boost\n|-boost|p2a: Klawf|atk|1\n|-boost|p2a: Klawf|spa|1\n|-boost|p2a: Klawf|spe|1\n|-unboost|p2a: Klawf|def|1\n|-unboost|p2a: Klawf|spd|1\n|-damage|p1a: Plusle|190/268|[from] item: Life Orb\n|move|p2a: Klawf|High Horsepower|p1a: Plusle\n|-supereffective|p1a: Plusle\n|-damage|p1a: Plusle|0 fnt\n|faint|p1a: Plusle\n|\n|upkeep\n|inactive|Time left: 300 sec this turn | 300 sec total | 5 sec grace\n|\n|t:|1783546435\n|switch|p1a: Ho-Oh|Ho-Oh, L71|206/268\n|turn|18\n|inactive|Time left: 300 sec this turn | 300 sec total\n|\n|t:|1783546436\n|move|p2a: Klawf|Stone Edge|p1a: Ho-Oh\n|-supereffective|p1a: Ho-Oh\n|-damage|p1a: Ho-Oh|0 fnt\n|faint|p1a: Ho-Oh\n|\n|win|p0y57177de", "uploadtime": 1783546436, "views": 0, "rating": 0, "private": 0, "password": null, "_winner": "p0y57177de", "_our_name": "p0x571bf6a"}