{"id": "battle-gen9randombattle-934", "formatid": "gen9randombattle", "format": "[Gen 9] Random Battle", "players": ["p0x93474b4", "p0y93418fb"], "log": "|init|battle\n|title|p0x93474b4 vs. p0y93418fb\n|j|\u2606p0x93474b4\n|j|\u2606p0y93418fb\n|t:|1783550722\n|gametype|singles\n|player|p1|p0x93474b4|2|\n|player|p2|p0y93418fb|101|\n|gen|9\n|tier|[Gen 9] Random Battle\n|rule|Species Clause: Limit one of each Pok\u00e9mon\n|rule|HP Percentage Mod: HP is shown in percentages\n|rule|Sleep Clause Mod: Limit one foe put to sleep\n|rule|Illusion Level Mod: Illusion disguises the Pok\u00e9mon's true level\n|\n|t:|1783550722\n|teamsize|p1|6\n|teamsize|p2|6\n|start\n|switch|p1a: Skuntank|Skuntank, L84, F|100/100\n|switch|p2a: Vivillon|Vivillon-Continental, L83, M|268/268\n|turn|1\n|inactive|Battle timer is ON: inactive players will automatically lose when time's up. (requested by p0y93418fb)\n|inactive|p0x93474b4 also wants the timer to be on.\n|\n|t:|1783550723\n|move|p2a: Vivillon|Sleep Powder|p1a: Skuntank\n|-status|p1a: Skuntank|slp|[from] move: Sleep Powder\n|cant|p1a: Skuntank|slp\n|\n|upkeep\n|turn|2\n|inactive|Time left: 300 sec this turn | 300 sec total\n|\n|t:|1783550725\n|switch|p1a: Primarina|Primarina, L83, F|100/100\n|move|p2a: Vivillon|Hurricane|p1a: Primarina\n|-damage|p1a: Primarina|70/100\n|\n|-heal|p1a: Primarina|76/100|[from] item: Leftovers\n|upkeep\n|turn|3\n|inactive|Time left: 300 sec this turn | 300 sec total\n|\n|t:|1783550726\n|move|p2a: Vivillon|Quiver Dance|p2a: Vivillon\n|-boost|p2a: Vivillon|spa|1\n|-boost|p2a: Vivillon|spd|1\n|-boost|p2a: Vivillon|spe|1\n|move|p1a: Primarina|Sparkling Aria|p2a: Vivillon\n|-damage|p2a: Vivillon|162/268\n|\n|-heal|p1a: Primarina|82/100|[from] item: Leftovers\n|upkeep\n|turn|4\n|inactive|Time left: 300 sec this turn | 300 sec total\n|\n|t:|1783550727\n|move|p2a: Vivillon|Quiver Dance|p2a: Vivillon\n|-boost|p2a: Vivillon|spa|1\n|-boost|p2a: Vivillon|spd|1\n|-boost|p2a: Vivillon|spe|1\n|move|p1a: Primarina|Sparkling Aria|p2a: Vivillon\n|-damage|p2a: Vivillon|72/268\n|\n|-heal|p1a: Primarina|88/100|[from] item: Leftovers\n|upkeep\n|turn|5\n|inactive|Time left: 300 sec this turn | 300 sec total\n|\n|t:|1783550728\n|move|p2a: Vivillon|Hurricane|p1a: Primarina\n|-damage|p1a: Primarina|25/100\n|move|p1a: Primarina|Sparkling Aria|p2a: Vivillon\n|-damage|p2a: Vivillon|0 fnt\n|faint|p2a: Vivillon\n|\n|-heal|p1a: Primarina|31/100|[from] item: Leftovers\n|upkeep\n|inactive|Time left: 300 sec this turn | 300 sec total | 5 sec grace\n|\n|t:|1783550728\n|switch|p2a: Cinderace|Cinderace, L77, F|249/249\n|turn|6\n|inactive|Time left: 300 sec this turn | 300 sec total\n|\n|t:|1783550729\n|move|p2a: Cinderace|Pyro Ball|p1a: Primarina\n|-resisted|p1a: Primarina\n|-damage|p1a: Primarina|0 fnt\n|faint|p1a: Primarina\n|\n|upkeep\n|\n|t:|1783550730\n|switch|p1a: Lugia|Lugia, L73|100/100\n|turn|7\n|inactive|Time left: 300 sec this turn | 300 sec total\n|\n|t:|1783550731\n|move|p2a: Cinderace|Pyro Ball|p1a: Lugia\n|-damage|p1a: Lugia|72/100\n|move|p1a: Lugia|Calm Mind|p1a: Lugia\n|-boost|p1a: Lugia|spa|1\n|-boost|p1a: Lugia|spd|1\n|\n|upkeep\n|turn|8\n|inactive|Time left: 300 sec this turn | 300 sec total\n|\n|t:|1783550732\n|move|p2a: Cinderace|Pyro Ball|p1a: Lugia\n|-damage|p1a: Lugia|19/100\n|move|p1a: Lugia|Aeroblast|p2a: Cinderace\n|-damage|p2a: Cinderace|113/249\n|\n|upkeep\n|turn|9\n|inactive|Time left: 300 sec this turn | 300 sec total\n|\n|t:|1783550733\n|move|p2a: Cinderace|Pyro Ball|p1a: Lugia\n|-damage|p1a: Lugia|0 fnt\n|faint|p1a: Lugia\n|\n|upkeep\n|\n|t:|1783550733\n|switch|p1a: Oricorio|Oricorio-Pom-Pom, L82, F|100/100\n|turn|10\n|inactive|Time left: 300 sec this turn | 300 sec total\n|\n|t:|1783550734\n|-terastallize|p2a: Cinderace|Fire\n|move|p2a: Cinderace|Pyro Ball|p1a: Oricorio\n|-damage|p1a: Oricorio|0 fnt\n|faint|p1a: Oricorio\n|\n|upkeep\n|\n|t:|1783550735\n|switch|p1a: Decidueye|Decidueye-Hisui, L87, F|100/100\n|turn|11\n|inactive|Time left: 300 sec this turn | 300 sec total\n|\n|t:|1783550736\n|-terastallize|p1a: Decidueye|Water\n|move|p2a: Cinderace|Pyro Ball|p1a: Decidueye\n|-resisted|p1a: Decidueye\n|-damage|p1a: Decidueye|55/100\n|move|p1a: Decidueye|Triple Arrows|p2a: Cinderace\n|-damage|p2a: Cinderace|0 fnt\n|faint|p2a: Cinderace\n|\n|-heal|p1a: Decidueye|61/100|[from] item: Leftovers\n|upkeep\n|inactive|Time left: 300 sec this turn | 300 sec total | 5 sec grace\n|\n|t:|1783550737\n|switch|p2a: Rillaboom|Rillaboom, L79, M|288/288\n|-fieldstart|move: Grassy Terrain|[from] ability: Grassy Surge|[of] p2a: Rillaboom\n|turn|12\n|inactive|Time left: 300 sec this turn | 300 sec total\n|\n|t:|1783550738\n|switch|p1a: Skuntank|Skuntank, L84, F|100/100 slp\n|move|p2a: Rillaboom|Grassy Glide|p1a: Skuntank\n|-resisted|p1a: Skuntank\n|-damage|p1a: Skuntank|81/100 slp\n|-damage|p2a: Rillaboom|260/288|[from] item: Life Orb\n|\n|-heal|p1a: Skuntank|87/100 slp|[from] Grassy Terrain\n|-heal|p2a: Rillaboom|278/288|[from] Grassy Terrain\n|upkeep\n|turn|13\n|inactive|Time left: 300 sec this turn | 300 sec total\n|\n|t:|1783550739\n|-curestatus|p1a: Skuntank|slp|[msg]\n|move|p1a: Skuntank|Gunk Shot|p2a: Rillaboom\n|-supereffective|p2a: Rillaboom\n|-crit|p2a: Rillaboom\n|-damage|p2a: Rillaboom|0 fnt\n|faint|p2a: Rillaboom\n|\n|-heal|p1a: Skuntank|93/100|[from] Grassy Terrain\n|upkeep\n|inactive|Time left: 300 sec this turn | 300 sec total | 5 sec grace\n|\n|t:|1783550740\n|switch|p2a: Okidogi|Okidogi, L77, M|262/262\n|turn|14\n|inactive|Time left: 300 sec this turn | 300 sec total\n|\n|t:|1783550741\n|switch|p1a: Munkidori|Munkidori, L79, M|100/100\n|move|p2a: Okidogi|Bulk Up|p2a: Okidogi\n|-boost|p2a: Okidogi|atk|1\n|-boost|p2a: Okidogi|def|1\n|\n|upkeep\n|turn|15\n|inactive|Time left: 300 sec this turn | 300 sec total\n|\n|t:|1783550742\n|switch|p2a: Hatterene|Hatterene, L85, F|236/236\n|move|p1a: Munkidori|Psyshock|p2a: Hatterene\n|-resisted|p2a: Hatterene\n|-damage|p2a: Hatterene|183/236\n|-damage|p1a: Munkidori|91/100|[from] item: Life Orb\n|\n|-heal|p1a: Munkidori|97/100|[from] Grassy Terrain\n|-heal|p2a: Hatterene|197/236|[from] Grassy Terrain\n|upkeep\n|turn|16\n|inactive|Time left: 300 sec this turn | 300 sec total\n|\n|t:|1783550743\n|move|p1a: Munkidori|Sludge Wave|p2a: Hatterene\n|-supereffective|p2a: Hatterene\n|-damage|p2a: Hatterene|23/236\n|-damage|p1a: Munkidori|87/100|[from] item: Life Orb\n|move|p2a: Hatterene|Mystical Fire|p1a: Munkidori\n|-damage|p1a: Munkidori|58/100\n|-unboost|p1a: Munkidori|spa|1\n|\n|-heal|p1a: Munkidori|64/100|[from] Grassy Terrain\n|-heal|p2a: Hatterene|37/236|[from] Grassy Terrain\n|-fieldend|move: Grassy Terrain\n|upkeep\n|turn|17\n|inactive|Time left: 300 sec this turn | 300 sec total\n|\n|t:|1783550744\n|move|p1a: Munkidori|Sludge Wave|p2a: Hatterene\n|-supereffective|p2a: Hatterene\n|-damage|p2a: Hatterene|0 fnt\n|faint|p2a: Hatterene\n|-damage|p1a: Munkidori|54/100|[from] item: Life Orb\n|\n|upkeep\n|inactive|Time left: 300 sec this turn | 300 sec total | 5 sec grace\n|\n|t:|1783550745\n|switch|p2a: Wugtrio|Wugtrio, L91, M|212/212\n|turn|18\n|inactive|Time left: 300 sec this turn | 300 sec total\n|\n|t:|1783550746\n|switch|p1a: Decidueye|Decidueye-Hisui, L87, F, tera:Water|61/100\n|move|p2a: Wugtrio|Stomping Tantrum|p1a: Decidueye\n|-damage|p1a: Decidueye|26/100\n|\n|-heal|p1a: Decidueye|32/100|[from] item: Leftovers\n|upkeep\n|turn|19\n|inactive|Time left: 300 sec this turn | 300 sec total\n|\n|t:|1783550747\n|move|p2a: Wugtrio|Stomping Tantrum|p1a: Decidueye\n|-damage|p1a: Decidueye|0 fnt\n|faint|p1a: Decidueye\n|\n|upkeep\n|\n|t:|1783550748\n|switch|p1a: Skuntank|Skuntank, L84, F|93/100\n|turn|20\n|inactive|Time left: 300 sec this turn | 300 sec total\n|\n|t:|1783550749\n|move|p2a: Wugtrio|Stomping Tantrum|p1a: Skuntank\n|-supereffective|p1a: Skuntank\n|-damage|p1a: Skuntank|20/100\n|move|p1a: Skuntank|Gunk Shot|p2a: Wugtrio\n|-damage|p2a: Wugtrio|52/212\n|-status|p2a: Wugtrio|psn\n|\n|-damage|p2a: Wugtrio|26/212 psn|[from] psn\n|upkeep\n|turn|21\n|inactive|Time left: 300 sec this turn | 300 sec total\n|\n|t:|1783550750\n|switch|p2a: Okidogi|Okidogi, L77, M|262/262\n|move|p1a: Skuntank|Fire Blast|p2a: Okidogi\n|-damage|p2a: Okidogi|190/262\n|\n|-heal|p2a: Okidogi|206/262|[from] item: Leftovers\n|upkeep\n|turn|22\n|inactive|Time left: 300 sec this turn | 300 sec total\n|\n|t:|1783550751\n|switch|p1a: Munkidori|Munkidori, L79, M|54/100\n|move|p2a: Okidogi|Bulk Up|p2a: Okidogi\n|-boost|p2a: Okidogi|atk|1\n|-boost|p2a: Okidogi|def|1\n|\n|-heal|p2a: Okidogi|222/262|[from] item: Leftovers\n|upkeep\n|turn|23\n|inactive|Time left: 300 sec this turn | 300 sec total\n|\n|t:|1783550751\n|switch|p2a: Wugtrio|Wugtrio, L91, M|26/212 psn\n|move|p1a: Munkidori|Psyshock|p2a: Wugtrio\n|-damage|p2a: Wugtrio|0 fnt\n|faint|p2a: Wugtrio\n|-damage|p1a: Munkidori|44/100|[from] item: Life Orb\n|\n|upkeep\n|inactive|Time left: 300 sec this turn | 300 sec total | 5 sec grace\n|\n|t:|1783550752\n|switch|p2a: Okidogi|Okidogi, L77, M|222/262\n|turn|24\n|inactive|Time left: 300 sec this turn | 300 sec total\n|\n|t:|1783550753\n|move|p1a: Munkidori|Psyshock|p2a: Okidogi\n|-supereffective|p2a: Okidogi\n|-damage|p2a: Okidogi|0 fnt\n|faint|p2a: Okidogi\n|-damage|p1a: Munkidori|35/100|[from] item: Life Orb\n|\n|win|p0x93474b4", "uploadtime": 1783550753, "views": 0, "rating": 0, "private": 0, "password": null, "_winner": "p0x93474b4", "_our_name": "p0y93418fb"}