{"id": "battle-gen9randombattle-1307", "formatid": "gen9randombattle", "format": "[Gen 9] Random Battle", "players": ["p0x1307306a", "p0y13074a8a"], "log": "|init|battle\n|title|p0x1307306a vs. p0y13074a8a\n|j|\u2606p0x1307306a\n|j|\u2606p0y13074a8a\n|t:|1783555170\n|gametype|singles\n|player|p1|p0x1307306a|266|\n|player|p2|p0y13074a8a|266|\n|gen|9\n|tier|[Gen 9] Random Battle\n|rule|Species Clause: Limit one of each Pok\u00e9mon\n|rule|HP Percentage Mod: HP is shown in percentages\n|rule|Sleep Clause Mod: Limit one foe put to sleep\n|rule|Illusion Level Mod: Illusion disguises the Pok\u00e9mon's true level\n|\n|t:|1783555170\n|teamsize|p1|6\n|teamsize|p2|6\n|start\n|switch|p1a: Spiritomb|Spiritomb, L89, M|234/234\n|switch|p2a: Illumise|Illumise, L91, F|100/100\n|turn|1\n|inactive|Battle timer is ON: inactive players will automatically lose when time's up. (requested by p0y13074a8a)\n|inactive|Time left: 300 sec this turn | 300 sec total | 60 sec grace\n|inactive|p0x1307306a also wants the timer to be on.\n|\n|t:|1783555171\n|switch|p2a: Eternatus|Eternatus, L69|100/100\n|-ability|p2a: Eternatus|Pressure\n|move|p1a: Spiritomb|Foul Play|p2a: Eternatus\n|-damage|p2a: Eternatus|77/100\n|\n|-heal|p2a: Eternatus|83/100|[from] item: Leftovers\n|upkeep\n|turn|2\n|inactive|Time left: 300 sec this turn | 300 sec total\n|\n|t:|1783555173\n|move|p2a: Eternatus|Dynamax Cannon|p1a: Spiritomb\n|-damage|p1a: Spiritomb|158/234\n|move|p1a: Spiritomb|Poltergeist|p2a: Eternatus\n|-activate|p2a: Eternatus|move: Poltergeist|Leftovers\n|-damage|p2a: Eternatus|35/100\n|\n|-heal|p2a: Eternatus|41/100|[from] item: Leftovers\n|-heal|p1a: Spiritomb|172/234|[from] item: Leftovers\n|upkeep\n|turn|3\n|inactive|Time left: 300 sec this turn | 300 sec total\n|\n|t:|1783555174\n|move|p2a: Eternatus|Recover|p2a: Eternatus\n|-heal|p2a: Eternatus|91/100\n|move|p1a: Spiritomb|Poltergeist|p2a: Eternatus\n|-activate|p2a: Eternatus|move: Poltergeist|Leftovers\n|-damage|p2a: Eternatus|46/100\n|\n|-heal|p2a: Eternatus|52/100|[from] item: Leftovers\n|-heal|p1a: Spiritomb|186/234|[from] item: Leftovers\n|upkeep\n|turn|4\n|inactive|Time left: 300 sec this turn | 300 sec total\n|\n|t:|1783555175\n|move|p2a: Eternatus|Recover|p2a: Eternatus\n|-heal|p2a: Eternatus|100/100\n|move|p1a: Spiritomb|Poltergeist|p2a: Eternatus\n|-activate|p2a: Eternatus|move: Poltergeist|Leftovers\n|-damage|p2a: Eternatus|56/100\n|\n|-heal|p2a: Eternatus|63/100|[from] item: Leftovers\n|-heal|p1a: Spiritomb|200/234|[from] item: Leftovers\n|upkeep\n|turn|5\n|inactive|Time left: 300 sec this turn | 300 sec total\n|\n|t:|1783555176\n|move|p2a: Eternatus|Dynamax Cannon|p1a: Spiritomb\n|-damage|p1a: Spiritomb|121/234\n|move|p1a: Spiritomb|Poltergeist|p2a: Eternatus\n|-activate|p2a: Eternatus|move: Poltergeist|Leftovers\n|-damage|p2a: Eternatus|16/100\n|\n|-heal|p2a: Eternatus|23/100|[from] item: Leftovers\n|-heal|p1a: Spiritomb|135/234|[from] item: Leftovers\n|upkeep\n|turn|6\n|inactive|Time left: 300 sec this turn | 300 sec total\n|\n|t:|1783555177\n|move|p2a: Eternatus|Recover|p2a: Eternatus\n|-heal|p2a: Eternatus|73/100\n|move|p1a: Spiritomb|Foul Play|p2a: Eternatus\n|-damage|p2a: Eternatus|51/100\n|\n|-heal|p2a: Eternatus|57/100|[from] item: Leftovers\n|-heal|p1a: Spiritomb|149/234|[from] item: Leftovers\n|upkeep\n|turn|7\n|inactive|Time left: 300 sec this turn | 300 sec total\n|\n|t:|1783555178\n|move|p2a: Eternatus|Fire Blast|p1a: Spiritomb\n|-damage|p1a: Spiritomb|94/234\n|move|p1a: Spiritomb|Foul Play|p2a: Eternatus\n|-damage|p2a: Eternatus|36/100\n|\n|-heal|p2a: Eternatus|42/100|[from] item: Leftovers\n|-heal|p1a: Spiritomb|108/234|[from] item: Leftovers\n|upkeep\n|turn|8\n|inactive|Time left: 300 sec this turn | 300 sec total\n|\n|t:|1783555178\n|move|p2a: Eternatus|Recover|p2a: Eternatus\n|-heal|p2a: Eternatus|92/100\n|move|p1a: Spiritomb|Foul Play|p2a: Eternatus\n|-damage|p2a: Eternatus|68/100\n|\n|-heal|p2a: Eternatus|75/100|[from] item: Leftovers\n|-heal|p1a: Spiritomb|122/234|[from] item: Leftovers\n|upkeep\n|turn|9\n|inactive|Time left: 300 sec this turn | 300 sec total\n|\n|t:|1783555179\n|switch|p1a: Mudsdale|Mudsdale, L83, F|302/302\n|move|p2a: Eternatus|Fire Blast|p1a: Mudsdale\n|-damage|p1a: Mudsdale|221/302\n|-ability|p1a: Mudsdale|Stamina|boost\n|-boost|p1a: Mudsdale|def|1\n|\n|-heal|p2a: Eternatus|81/100|[from] item: Leftovers\n|-heal|p1a: Mudsdale|239/302|[from] item: Leftovers\n|upkeep\n|turn|10\n|inactive|Time left: 300 sec this turn | 300 sec total\n|\n|t:|1783555180\n|switch|p2a: Bronzong|Bronzong, L88|100/100\n|move|p1a: Mudsdale|Earthquake|p2a: Bronzong\n|-immune|p2a: Bronzong|[from] ability: Levitate\n|\n|-heal|p1a: Mudsdale|257/302|[from] item: Leftovers\n|upkeep\n|turn|11\n|inactive|Time left: 300 sec this turn | 300 sec total\n|\n|t:|1783555182\n|move|p2a: Bronzong|Iron Head|p1a: Mudsdale\n|-damage|p1a: Mudsdale|203/302\n|-ability|p1a: Mudsdale|Stamina|boost\n|-boost|p1a: Mudsdale|def|1\n|cant|p1a: Mudsdale|flinch\n|\n|-heal|p1a: Mudsdale|221/302|[from] item: Leftovers\n|upkeep\n|turn|12\n|inactive|Time left: 300 sec this turn | 300 sec total\n|\n|t:|1783555183\n|move|p2a: Bronzong|Iron Defense|p2a: Bronzong\n|-boost|p2a: Bronzong|def|2\n|move|p1a: Mudsdale|Stealth Rock|p2a: Bronzong\n|-sidestart|p2: p0y13074a8a|move: Stealth Rock\n|\n|-heal|p1a: Mudsdale|239/302|[from] item: Leftovers\n|upkeep\n|turn|13\n|inactive|Time left: 300 sec this turn | 300 sec total\n|\n|t:|1783555184\n|move|p2a: Bronzong|Psychic Noise|p1a: Mudsdale\n|-damage|p1a: Mudsdale|154/302\n|-start|p1a: Mudsdale|move: Heal Block\n|-ability|p1a: Mudsdale|Stamina|boost\n|-boost|p1a: Mudsdale|def|1\n|move|p1a: Mudsdale|Earthquake|p2a: Bronzong\n|-immune|p2a: Bronzong|[from] ability: Levitate\n|\n|upkeep\n|turn|14\n|inactive|Time left: 300 sec this turn | 300 sec total\n|\n|t:|1783555185\n|move|p2a: Bronzong|Body Press|p1a: Mudsdale\n|-damage|p1a: Mudsdale|102/302\n|-ability|p1a: Mudsdale|Stamina|boost\n|-boost|p1a: Mudsdale|def|1\n|move|p1a: Mudsdale|Earthquake|p2a: Bronzong\n|-immune|p2a: Bronzong|[from] ability: Levitate\n|\n|-end|p1a: Mudsdale|move: Heal Block\n|upkeep\n|turn|15\n|inactive|Time left: 300 sec this turn | 300 sec total\n|\n|t:|1783555186\n|switch|p1a: Spiritomb|Spiritomb, L89, M|122/234\n|move|p2a: Bronzong|Body Press|p1a: Spiritomb\n|-immune|p1a: Spiritomb\n|\n|-heal|p1a: Spiritomb|136/234|[from] item: Leftovers\n|upkeep\n|turn|16\n|inactive|Time left: 300 sec this turn | 300 sec total\n|\n|t:|1783555187\n|move|p1a: Spiritomb|Will-O-Wisp|p2a: Bronzong\n|-status|p2a: Bronzong|brn\n|move|p2a: Bronzong|Iron Head|p1a: Spiritomb\n|-damage|p1a: Spiritomb|100/234\n|\n|-heal|p1a: Spiritomb|114/234|[from] item: Leftovers\n|-damage|p2a: Bronzong|94/100 brn|[from] brn\n|upkeep\n|turn|17\n|inactive|Time left: 300 sec this turn | 300 sec total\n|\n|t:|1783555189\n|move|p1a: Spiritomb|Foul Play|p2a: Bronzong\n|-supereffective|p2a: Bronzong\n|-damage|p2a: Bronzong|61/100 brn\n|move|p2a: Bronzong|Body Press|p1a: Spiritomb\n|-immune|p1a: Spiritomb\n|\n|-heal|p1a: Spiritomb|128/234|[from] item: Leftovers\n|-heal|p2a: Bronzong|68/100 brn|[from] item: Leftovers\n|-damage|p2a: Bronzong|61/100 brn|[from] brn\n|upkeep\n|turn|18\n|inactive|Time left: 300 sec this turn | 300 sec total\n|\n|t:|1783555190\n|move|p1a: Spiritomb|Foul Play|p2a: Bronzong\n|-supereffective|p2a: Bronzong\n|-damage|p2a: Bronzong|31/100 brn\n|move|p2a: Bronzong|Body Press|p1a: Spiritomb\n|-immune|p1a: Spiritomb\n|\n|-heal|p1a: Spiritomb|142/234|[from] item: Leftovers\n|-heal|p2a: Bronzong|37/100 brn|[from] item: Leftovers\n|-damage|p2a: Bronzong|31/100 brn|[from] brn\n|upkeep\n|turn|19\n|inactive|Time left: 300 sec this turn | 300 sec total\n|\n|t:|1783555191\n|move|p1a: Spiritomb|Foul Play|p2a: Bronzong\n|-supereffective|p2a: Bronzong\n|-damage|p2a: Bronzong|0 fnt\n|faint|p2a: Bronzong\n|\n|-heal|p1a: Spiritomb|156/234|[from] item: Leftovers\n|upkeep\n|\n|t:|1783555192\n|switch|p2a: Eternatus|Eternatus, L69|81/100\n|-damage|p2a: Eternatus|68/100|[from] Stealth Rock\n|-ability|p2a: Eternatus|Pressure\n|turn|20\n|inactive|Time left: 300 sec this turn | 300 sec total\n|\n|t:|1783555193\n|move|p2a: Eternatus|Dynamax Cannon|p1a: Spiritomb\n|-damage|p1a: Spiritomb|81/234\n|move|p1a: Spiritomb|Foul Play|p2a: Eternatus\n|-damage|p2a: Eternatus|44/100\n|\n|-heal|p2a: Eternatus|50/100|[from] item: Leftovers\n|-heal|p1a: Spiritomb|95/234|[from] item: Leftovers\n|upkeep\n|turn|21\n|inactive|Time left: 300 sec this turn | 300 sec total\n|\n|t:|1783555194\n|switch|p1a: Carbink|Carbink, L90|236/236\n|move|p2a: Eternatus|Dynamax Cannon|p1a: Carbink\n|-immune|p1a: Carbink\n|\n|-heal|p2a: Eternatus|56/100|[from] item: Leftovers\n|upkeep\n|turn|22\n|inactive|Time left: 300 sec this turn | 300 sec total\n|\n|t:|1783555195\n|move|p2a: Eternatus|Sludge Bomb|p1a: Carbink\n|-damage|p1a: Carbink|181/236\n|move|p1a: Carbink|Moonblast|p2a: Eternatus\n|-damage|p2a: Eternatus|30/100\n|\n|-heal|p2a: Eternatus|36/100|[from] item: Leftovers\n|-heal|p1a: Carbink|195/236|[from] item: Leftovers\n|upkeep\n|turn|23\n|inactive|Time left: 300 sec this turn | 300 sec total\n|\n|t:|1783555196\n|move|p2a: Eternatus|Recover|p2a: Eternatus\n|-heal|p2a: Eternatus|86/100\n|move|p1a: Carbink|Moonblast|p2a: Eternatus\n|-damage|p2a: Eternatus|61/100\n|\n|-heal|p2a: Eternatus|67/100|[from] item: Leftovers\n|-heal|p1a: Carbink|209/236|[from] item: Leftovers\n|upkeep\n|turn|24\n|inactive|Time left: 300 sec this turn | 300 sec total\n|\n|t:|1783555198\n|move|p2a: Eternatus|Sludge Bomb|p1a: Carbink\n|-damage|p1a: Carbink|148/236\n|move|p1a: Carbink|Rock Polish|p1a: Carbink\n|-boost|p1a: Carbink|spe|2\n|\n|-heal|p1a: Carbink|162/236|[from] item: Leftovers\n|-heal|p2a: Eternatus|73/100|[from] item: Leftovers\n|upkeep\n|turn|25\n|inactive|Time left: 300 sec this turn | 300 sec total\n|\n|t:|1783555199\n|move|p1a: Carbink|Moonblast|p2a: Eternatus\n|-damage|p2a: Eternatus|47/100\n|move|p2a: Eternatus|Sludge Bomb|p1a: Carbink\n|-crit|p1a: Carbink\n|-damage|p1a: Carbink|78/236\n|\n|-heal|p1a: Carbink|92/236|[from] item: Leftovers\n|-heal|p2a: Eternatus|53/100|[from] item: Leftovers\n|upkeep\n|turn|26\n|inactive|Time left: 300 sec this turn | 300 sec total\n|\n|t:|1783555200\n|move|p1a: Carbink|Moonblast|p2a: Eternatus\n|-damage|p2a: Eternatus|26/100\n|move|p2a: Eternatus|Sludge Bomb|p1a: Carbink\n|-damage|p1a: Carbink|31/236\n|\n|-heal|p1a: Carbink|45/236|[from] item: Leftovers\n|-heal|p2a: Eternatus|32/100|[from] item: Leftovers\n|upkeep\n|turn|27\n|inactive|Time left: 300 sec this turn | 300 sec total\n|\n|t:|1783555201\n|move|p1a: Carbink|Moonblast|p2a: Eternatus\n|-damage|p2a: Eternatus|3/100\n|-unboost|p2a: Eternatus|spa|1\n|move|p2a: Eternatus|Sludge Bomb|p1a: Carbink\n|-damage|p1a: Carbink|5/236\n|\n|-heal|p1a: Carbink|19/236|[from] item: Leftovers\n|-heal|p2a: Eternatus|9/100|[from] item: Leftovers\n|upkeep\n|turn|28\n|inactive|Time left: 300 sec this turn | 300 sec total\n|\n|t:|1783555203\n|switch|p2a: Calyrex|Calyrex, L93|100/100\n|-ability|p2a: Calyrex|Unnerve\n|-damage|p2a: Calyrex|88/100|[from] Stealth Rock\n|move|p1a: Carbink|Body Press|p2a: Calyrex\n|-resisted|p2a: Calyrex\n|-damage|p2a: Calyrex|75/100\n|\n|-heal|p1a: Carbink|33/236|[from] item: Leftovers\n|-heal|p2a: Calyrex|82/100|[from] item: Leftovers\n|upkeep\n|turn|29\n|inactive|Time left: 300 sec this turn | 300 sec total\n|\n|t:|1783555204\n|move|p1a: Carbink|Moonblast|p2a: Calyrex\n|-damage|p2a: Calyrex|61/100\n|move|p2a: Calyrex|Giga Drain|p1a: Carbink\n|-supereffective|p1a: Carbink\n|-damage|p1a: Carbink|0 fnt\n|-heal|p2a: Calyrex|66/100|[from] drain|[of] p1a: Carbink\n|faint|p1a: Carbink\n|\n|-heal|p2a: Calyrex|72/100|[from] item: Leftovers\n|upkeep\n|inactive|Time left: 300 sec this turn | 300 sec total | 5 sec grace\n|\n|t:|1783555205\n|switch|p1a: Miraidon|Miraidon, L65|238/238\n|-fieldstart|move: Electric Terrain|[from] ability: Hadron Engine|[of] p1a: Miraidon\n|turn|30\n|inactive|Time left: 300 sec this turn | 300 sec total\n|\n|t:|1783555205\n|move|p1a: Miraidon|Overheat|p2a: Calyrex\n|-supereffective|p2a: Calyrex\n|-damage|p2a: Calyrex|0 fnt\n|-unboost|p1a: Miraidon|spa|2\n|faint|p2a: Calyrex\n|\n|upkeep\n|\n|t:|1783555206\n|switch|p2a: Sandslash|Sandslash, L89, F|100/100\n|-damage|p2a: Sandslash|94/100|[from] Stealth Rock\n|turn|31\n|inactive|Time left: 300 sec this turn | 300 sec total\n|\n|t:|1783555207\n|switch|p1a: Gliscor|Gliscor, L76, F|239/239\n|move|p2a: Sandslash|Swords Dance|p2a: Sandslash\n|-boost|p2a: Sandslash|atk|2\n|\n|-heal|p2a: Sandslash|100/100|[from] item: Leftovers\n|-status|p1a: Gliscor|tox|[from] item: Toxic Orb\n|upkeep\n|turn|32\n|inactive|Time left: 300 sec this turn | 300 sec total\n|\n|t:|1783555208\n|move|p1a: Gliscor|Toxic|p2a: Sandslash\n|-status|p2a: Sandslash|tox\n|move|p2a: Sandslash|Rapid Spin|p1a: Gliscor\n|-damage|p1a: Gliscor|173/239 tox\n|-boost|p2a: Sandslash|spe|1\n|-sideend|p2: p0y13074a8a|Stealth Rock|[from] move: Rapid Spin|[of] p2a: Sandslash\n|\n|-damage|p2a: Sandslash|94/100 tox|[from] psn\n|-heal|p1a: Gliscor|202/239 tox|[from] ability: Poison Heal\n|upkeep\n|turn|33\n|inactive|Time left: 300 sec this turn | 300 sec total\n|\n|t:|1783555208\n|move|p2a: Sandslash|Stone Edge|p1a: Gliscor\n|-damage|p1a: Gliscor|68/239 tox\n|move|p1a: Gliscor|Knock Off|p2a: Sandslash\n|-damage|p2a: Sandslash|78/100 tox\n|-enditem|p2a: Sandslash|Leftovers|[from] move: Knock Off|[of] p1a: Gliscor\n|\n|-damage|p2a: Sandslash|66/100 tox|[from] psn\n|-heal|p1a: Gliscor|97/239 tox|[from] ability: Poison Heal\n|upkeep\n|turn|34\n|inactive|Time left: 300 sec this turn | 300 sec total\n|\n|t:|1783555209\n|move|p1a: Gliscor|Protect|p1a: Gliscor\n|-singleturn|p1a: Gliscor|Protect\n|move|p2a: Sandslash|Stone Edge|p1a: Gliscor\n|-activate|p1a: Gliscor|move: Protect\n|\n|-damage|p2a: Sandslash|47/100 tox|[from] psn\n|-heal|p1a: Gliscor|126/239 tox|[from] ability: Poison Heal\n|-fieldend|move: Electric Terrain\n|upkeep\n|turn|35\n|inactive|Time left: 300 sec this turn | 300 sec total\n|\n|t:|1783555210\n|move|p2a: Sandslash|Stone Edge|p1a: Gliscor\n|-damage|p1a: Gliscor|0 fnt\n|faint|p1a: Gliscor\n|\n|-damage|p2a: Sandslash|23/100 tox|[from] psn\n|upkeep\n|inactive|Time left: 300 sec this turn | 300 sec total | 5 sec grace\n|\n|t:|1783555211\n|switch|p1a: Spiritomb|Spiritomb, L89, M|95/234\n|turn|36\n|inactive|Time left: 300 sec this turn | 300 sec total\n|\n|t:|1783555212\n|move|p1a: Spiritomb|Sucker Punch|p2a: Sandslash\n|-damage|p2a: Sandslash|1/100 tox\n|move|p2a: Sandslash|Earthquake|p1a: Spiritomb\n|-damage|p1a: Spiritomb|0 fnt\n|faint|p1a: Spiritomb\n|\n|-damage|p2a: Sandslash|0 fnt|[from] psn\n|faint|p2a: Sandslash\n|upkeep\n|inactive|Time left: 300 sec this turn | 300 sec total | 5 sec grace\n|\n|t:|1783555213\n|switch|p2a: Eternatus|Eternatus, L69|9/100\n|switch|p1a: Raikou|Raikou, L81|278/278\n|-ability|p1a: Raikou|Pressure\n|-ability|p2a: Eternatus|Pressure\n|turn|37\n|inactive|Time left: 300 sec this turn | 300 sec total\n|\n|t:|1783555214\n|move|p1a: Raikou|Thunderbolt|p2a: Eternatus\n|-resisted|p2a: Eternatus\n|-damage|p2a: Eternatus|0 fnt\n|faint|p2a: Eternatus\n|\n|upkeep\n|\n|t:|1783555215\n|switch|p2a: Illumise|Illumise, L91, F|100/100\n|turn|38\n|inactive|Time left: 300 sec this turn | 300 sec total\n|\n|t:|1783555216\n|move|p1a: Raikou|Calm Mind|p1a: Raikou\n|-boost|p1a: Raikou|spa|1\n|-boost|p1a: Raikou|spd|1\n|move|p2a: Illumise|Bug Buzz|p1a: Raikou\n|-damage|p1a: Raikou|215/278\n|\n|-heal|p1a: Raikou|232/278|[from] item: Leftovers\n|upkeep\n|turn|39\n|inactive|Time left: 300 sec this turn | 300 sec total\n|\n|t:|1783555217\n|move|p2a: Illumise|Encore|p1a: Raikou\n|-start|p1a: Raikou|Encore\n|move|p1a: Raikou|Calm Mind|p1a: Raikou\n|-boost|p1a: Raikou|spa|1\n|-boost|p1a: Raikou|spd|1\n|\n|-heal|p1a: Raikou|249/278|[from] item: Leftovers\n|upkeep\n|turn|40\n|inactive|Time left: 300 sec this turn | 300 sec total\n|\n|t:|1783555218\n|switch|p1a: Miraidon|Miraidon, L65|238/238\n|-fieldstart|move: Electric Terrain|[from] ability: Hadron Engine|[of] p1a: Miraidon\n|move|p2a: Illumise|Bug Buzz|p1a: Miraidon\n|-damage|p1a: Miraidon|141/238\n|-unboost|p1a: Miraidon|spd|1\n|\n|upkeep\n|turn|41\n|inactive|Time left: 300 sec this turn | 300 sec total\n|\n|t:|1783555219\n|-terastallize|p1a: Miraidon|Electric\n|move|p1a: Miraidon|Electro Drift|p2a: Illumise\n|-damage|p2a: Illumise|1/100\n|move|p2a: Illumise|Bug Buzz|p1a: Miraidon\n|-damage|p1a: Miraidon|11/238\n|\n|upkeep\n|turn|42\n|inactive|Time left: 300 sec this turn | 300 sec total\n|\n|t:|1783555220\n|move|p2a: Illumise|Roost|p2a: Illumise\n|-heal|p2a: Illumise|51/100\n|-singleturn|p2a: Illumise|move: Roost\n|move|p1a: Miraidon|Electro Drift|p2a: Illumise\n|-damage|p2a: Illumise|0 fnt\n|faint|p2a: Illumise\n|\n|upkeep\n|\n|t:|1783555221\n|switch|p2a: Cramorant|Cramorant, L86, M|100/100\n|turn|43\n|inactive|Time left: 300 sec this turn | 300 sec total\n|\n|t:|1783555222\n|-terastallize|p2a: Cramorant|Ground\n|move|p1a: Miraidon|Electro Drift|p2a: Cramorant\n|-immune|p2a: Cramorant\n|move|p2a: Cramorant|Surf|p1a: Miraidon\n|-formechange|p2a: Cramorant|Cramorant-Gulping|\n|-damage|p1a: Miraidon|0 fnt\n|faint|p1a: Miraidon\n|\n|upkeep\n|inactive|Time left: 300 sec this turn | 300 sec total | 5 sec grace\n|\n|t:|1783555223\n|switch|p1a: Raikou|Raikou, L81|249/278\n|-ability|p1a: Raikou|Pressure\n|turn|44\n|inactive|Time left: 300 sec this turn | 300 sec total\n|\n|t:|1783555224\n|move|p1a: Raikou|Calm Mind|p1a: Raikou\n|-boost|p1a: Raikou|spa|1\n|-boost|p1a: Raikou|spd|1\n|move|p2a: Cramorant|Surf|p1a: Raikou\n|-damage|p1a: Raikou|189/278\n|\n|-heal|p1a: Raikou|206/278|[from] item: Leftovers\n|-fieldend|move: Electric Terrain\n|upkeep\n|turn|45\n|inactive|Time left: 300 sec this turn | 300 sec total\n|\n|t:|1783555225\n|move|p1a: Raikou|Scald|p2a: Cramorant\n|-supereffective|p2a: Cramorant\n|-damage|p2a: Cramorant|35/100\n|-damage|p1a: Raikou|137/278|[from] ability: Gulp Missile|[of] p2a: Cramorant\n|-unboost|p1a: Raikou|def|1\n|-formechange|p2a: Cramorant|Cramorant|\n|move|p2a: Cramorant|Roost|p2a: Cramorant\n|-heal|p2a: Cramorant|85/100\n|\n|-heal|p1a: Raikou|154/278|[from] item: Leftovers\n|upkeep\n|turn|46\n|inactive|Time left: 300 sec this turn | 300 sec total\n|\n|t:|1783555226\n|move|p1a: Raikou|Scald|p2a: Cramorant\n|-supereffective|p2a: Cramorant\n|-damage|p2a: Cramorant|25/100\n|move|p2a: Cramorant|Roost|p2a: Cramorant\n|-heal|p2a: Cramorant|75/100\n|\n|-heal|p1a: Raikou|171/278|[from] item: Leftovers\n|upkeep\n|turn|47\n|inactive|Time left: 300 sec this turn | 300 sec total\n|\n|t:|1783555227\n|move|p1a: Raikou|Scald|p2a: Cramorant\n|-supereffective|p2a: Cramorant\n|-damage|p2a: Cramorant|8/100\n|move|p2a: Cramorant|Roost|p2a: Cramorant\n|-heal|p2a: Cramorant|58/100\n|\n|-heal|p1a: Raikou|188/278|[from] item: Leftovers\n|upkeep\n|turn|48\n|inactive|Time left: 300 sec this turn | 300 sec total\n|\n|t:|1783555228\n|move|p1a: Raikou|Scald|p2a: Cramorant\n|-supereffective|p2a: Cramorant\n|-damage|p2a: Cramorant|0 fnt\n|faint|p2a: Cramorant\n|\n|win|p0x1307306a", "uploadtime": 1783555228, "views": 0, "rating": 0, "private": 0, "password": null, "_winner": "p0x1307306a", "_our_name": "p0x1307306a"}