{"id": "battle-gen9randombattle-2475", "formatid": "gen9randombattle", "format": "[Gen 9] Random Battle", "players": ["p0x2475bbc0", "p0y247524f1"], "log": "|init|battle\n|title|p0x2475bbc0 vs. p0y247524f1\n|j|\u2606p0x2475bbc0\n|j|\u2606p0y247524f1\n|t:|1783568693\n|gametype|singles\n|player|p1|p0x2475bbc0|102|\n|player|p2|p0y247524f1|2|\n|gen|9\n|tier|[Gen 9] Random Battle\n|rule|Species Clause: Limit one of each Pok\u00e9mon\n|rule|HP Percentage Mod: HP is shown in percentages\n|rule|Sleep Clause Mod: Limit one foe put to sleep\n|rule|Illusion Level Mod: Illusion disguises the Pok\u00e9mon's true level\n|\n|t:|1783568693\n|teamsize|p1|6\n|teamsize|p2|6\n|start\n|switch|p1a: Gholdengo|Gholdengo, L77|261/261\n|switch|p2a: Malamar|Malamar, L82, M|100/100\n|turn|1\n|inactive|Battle timer is ON: inactive players will automatically lose when time's up. (requested by p0x2475bbc0)\n|inactive|p0y247524f1 also wants the timer to be on.\n|\n|t:|1783568694\n|move|p1a: Gholdengo|Nasty Plot|p1a: Gholdengo\n|-boost|p1a: Gholdengo|spa|2\n|move|p2a: Malamar|Knock Off|p1a: Gholdengo\n|-supereffective|p1a: Gholdengo\n|-damage|p1a: Gholdengo|85/261\n|-enditem|p1a: Gholdengo|Leftovers|[from] move: Knock Off|[of] p2a: Malamar\n|\n|upkeep\n|turn|2\n|inactive|Time left: 300 sec this turn | 300 sec total\n|\n|t:|1783568695\n|switch|p2a: Tentacruel|Tentacruel, L84, F|100/100\n|move|p1a: Gholdengo|Make It Rain|p2a: Tentacruel\n|-resisted|p2a: Tentacruel\n|-damage|p2a: Tentacruel|65/100\n|-unboost|p1a: Gholdengo|spa|1\n|\n|-heal|p2a: Tentacruel|71/100|[from] item: Leftovers\n|upkeep\n|turn|3\n|inactive|Time left: 300 sec this turn | 300 sec total\n|\n|t:|1783568697\n|move|p2a: Tentacruel|Surf|p1a: Gholdengo\n|-damage|p1a: Gholdengo|0 fnt\n|faint|p1a: Gholdengo\n|\n|-heal|p2a: Tentacruel|77/100|[from] item: Leftovers\n|upkeep\n|inactive|Time left: 300 sec this turn | 300 sec total | 5 sec grace\n|\n|t:|1783568698\n|switch|p1a: Dragapult|Dragapult, L77, M|262/262\n|turn|4\n|inactive|Time left: 300 sec this turn | 300 sec total\n|\n|t:|1783568699\n|move|p1a: Dragapult|Dragon Dance|p1a: Dragapult\n|-boost|p1a: Dragapult|atk|1\n|-boost|p1a: Dragapult|spe|1\n|move|p2a: Tentacruel|Sludge Bomb|p1a: Dragapult\n|-resisted|p1a: Dragapult\n|-damage|p1a: Dragapult|207/262\n|\n|-heal|p2a: Tentacruel|84/100|[from] item: Leftovers\n|upkeep\n|turn|5\n|inactive|Time left: 300 sec this turn | 300 sec total\n|\n|t:|1783568700\n|switch|p2a: Rhyperior|Rhyperior, L82, M|100/100\n|move|p1a: Dragapult|Dragon Darts|p2a: Rhyperior\n|-damage|p2a: Rhyperior|75/100\n|-anim|p1a: Dragapult|Dragon Darts|p2a: Rhyperior\n|-damage|p2a: Rhyperior|52/100\n|-damage|p1a: Dragapult|181/262|[from] item: Life Orb\n|\n|upkeep\n|turn|6\n|inactive|Time left: 300 sec this turn | 300 sec total\n|\n|t:|1783568701\n|-terastallize|p1a: Dragapult|Ghost\n|move|p1a: Dragapult|Tera Blast|p2a: Rhyperior|[anim] Tera Blast Ghost\n|-damage|p2a: Rhyperior|0 fnt\n|faint|p2a: Rhyperior\n|-damage|p1a: Dragapult|155/262|[from] item: Life Orb\n|\n|upkeep\n|\n|t:|1783568702\n|switch|p2a: Mudsdale|Mudsdale, L83, M|100/100\n|turn|7\n|inactive|Time left: 300 sec this turn | 300 sec total\n|\n|t:|1783568703\n|move|p1a: Dragapult|Tera Blast|p2a: Mudsdale|[anim] Tera Blast Ghost\n|-damage|p2a: Mudsdale|34/100\n|-ability|p2a: Mudsdale|Stamina|boost\n|-boost|p2a: Mudsdale|def|1\n|-damage|p1a: Dragapult|129/262|[from] item: Life Orb\n|move|p2a: Mudsdale|Earthquake|p1a: Dragapult\n|-damage|p1a: Dragapult|0 fnt\n|faint|p1a: Dragapult\n|\n|-heal|p2a: Mudsdale|40/100|[from] item: Leftovers\n|upkeep\n|inactive|Time left: 300 sec this turn | 300 sec total | 5 sec grace\n|\n|t:|1783568704\n|switch|p1a: Golduck|Golduck, L90, M|290/290\n|-ability|p1a: Golduck|Cloud Nine\n|turn|8\n|inactive|Time left: 300 sec this turn | 300 sec total\n|\n|t:|1783568705\n|switch|p2a: Hydrapple|Hydrapple, L83, M|100/100\n|move|p1a: Golduck|Hydro Pump|p2a: Hydrapple\n|-resisted|p2a: Hydrapple\n|-damage|p2a: Hydrapple|89/100\n|\n|upkeep\n|turn|9\n|inactive|Time left: 300 sec this turn | 300 sec total\n|\n|t:|1783568705\n|switch|p1a: Jirachi|Jirachi, L80|291/291\n|move|p2a: Hydrapple|Leaf Storm|p1a: Jirachi\n|-resisted|p1a: Jirachi\n|-damage|p1a: Jirachi|211/291\n|-unboost|p2a: Hydrapple|spa|2\n|\n|-heal|p1a: Jirachi|229/291|[from] item: Leftovers\n|upkeep\n|turn|10\n|inactive|Time left: 300 sec this turn | 300 sec total\n|\n|t:|1783568706\n|switch|p2a: Mudsdale|Mudsdale, L83, M|40/100\n|move|p1a: Jirachi|Body Slam|p2a: Mudsdale\n|-damage|p2a: Mudsdale|21/100\n|-status|p2a: Mudsdale|par\n|-ability|p2a: Mudsdale|Stamina|boost\n|-boost|p2a: Mudsdale|def|1\n|\n|-heal|p1a: Jirachi|247/291|[from] item: Leftovers\n|-heal|p2a: Mudsdale|27/100 par|[from] item: Leftovers\n|upkeep\n|turn|11\n|inactive|Time left: 300 sec this turn | 300 sec total\n|\n|t:|1783568707\n|move|p1a: Jirachi|Protect|p1a: Jirachi\n|-singleturn|p1a: Jirachi|Protect\n|move|p2a: Mudsdale|Earthquake|p1a: Jirachi\n|-activate|p1a: Jirachi|move: Protect\n|\n|-heal|p1a: Jirachi|265/291|[from] item: Leftovers\n|-heal|p2a: Mudsdale|33/100 par|[from] item: Leftovers\n|upkeep\n|turn|12\n|inactive|Time left: 300 sec this turn | 300 sec total\n|\n|t:|1783568708\n|move|p1a: Jirachi|Iron Head|p2a: Mudsdale\n|-damage|p2a: Mudsdale|16/100 par\n|-ability|p2a: Mudsdale|Stamina|boost\n|-boost|p2a: Mudsdale|def|1\n|cant|p2a: Mudsdale|flinch\n|\n|-heal|p1a: Jirachi|283/291|[from] item: Leftovers\n|-heal|p2a: Mudsdale|22/100 par|[from] item: Leftovers\n|upkeep\n|turn|13\n|inactive|Time left: 300 sec this turn | 300 sec total\n|\n|t:|1783568709\n|move|p1a: Jirachi|Protect|p1a: Jirachi\n|-singleturn|p1a: Jirachi|Protect\n|move|p2a: Mudsdale|Earthquake|p1a: Jirachi\n|-activate|p1a: Jirachi|move: Protect\n|\n|-heal|p1a: Jirachi|291/291|[from] item: Leftovers\n|-heal|p2a: Mudsdale|28/100 par|[from] item: Leftovers\n|upkeep\n|turn|14\n|inactive|Time left: 300 sec this turn | 300 sec total\n|\n|t:|1783568710\n|switch|p1a: Golduck|Golduck, L90, M|290/290\n|-ability|p1a: Golduck|Cloud Nine\n|cant|p2a: Mudsdale|par\n|\n|-heal|p2a: Mudsdale|34/100 par|[from] item: Leftovers\n|upkeep\n|turn|15\n|inactive|Time left: 300 sec this turn | 300 sec total\n|\n|t:|1783568711\n|move|p1a: Golduck|Hydro Pump|p2a: Mudsdale\n|-supereffective|p2a: Mudsdale\n|-damage|p2a: Mudsdale|0 fnt\n|faint|p2a: Mudsdale\n|\n|upkeep\n|\n|t:|1783568712\n|switch|p2a: Hydrapple|Hydrapple, L83, M|100/100\n|turn|16\n|inactive|Time left: 300 sec this turn | 300 sec total\n|\n|t:|1783568713\n|switch|p1a: Jirachi|Jirachi, L80|291/291\n|move|p2a: Hydrapple|Fickle Beam|p1a: Jirachi\n|-resisted|p1a: Jirachi\n|-damage|p1a: Jirachi|243/291\n|\n|-heal|p1a: Jirachi|261/291|[from] item: Leftovers\n|upkeep\n|turn|17\n|inactive|Time left: 300 sec this turn | 300 sec total\n|\n|t:|1783568714\n|move|p1a: Jirachi|Iron Head|p2a: Hydrapple\n|-damage|p2a: Hydrapple|79/100\n|cant|p2a: Hydrapple|flinch\n|\n|-heal|p1a: Jirachi|279/291|[from] item: Leftovers\n|upkeep\n|turn|18\n|inactive|Time left: 300 sec this turn | 300 sec total\n|\n|t:|1783568715\n|switch|p2a: Malamar|Malamar, L82, M|100/100\n|move|p1a: Jirachi|Body Slam|p2a: Malamar\n|-damage|p2a: Malamar|80/100\n|\n|-heal|p1a: Jirachi|291/291|[from] item: Leftovers\n|upkeep\n|turn|19\n|inactive|Time left: 300 sec this turn | 300 sec total\n|\n|t:|1783568717\n|move|p1a: Jirachi|Iron Head|p2a: Malamar\n|-damage|p2a: Malamar|50/100\n|move|p2a: Malamar|Superpower|p1a: Jirachi\n|-damage|p1a: Jirachi|217/291\n|-boost|p2a: Malamar|atk|1\n|-boost|p2a: Malamar|def|1\n|\n|-heal|p1a: Jirachi|235/291|[from] item: Leftovers\n|upkeep\n|turn|20\n|inactive|Time left: 300 sec this turn | 300 sec total\n|\n|t:|1783568718\n|move|p1a: Jirachi|Iron Head|p2a: Malamar\n|-damage|p2a: Malamar|30/100\n|cant|p2a: Malamar|flinch\n|\n|-heal|p1a: Jirachi|253/291|[from] item: Leftovers\n|upkeep\n|turn|21\n|inactive|Time left: 300 sec this turn | 300 sec total\n|\n|t:|1783568719\n|move|p1a: Jirachi|Iron Head|p2a: Malamar\n|-damage|p2a: Malamar|9/100\n|cant|p2a: Malamar|flinch\n|\n|-heal|p1a: Jirachi|271/291|[from] item: Leftovers\n|upkeep\n|turn|22\n|inactive|Time left: 300 sec this turn | 300 sec total\n|\n|t:|1783568720\n|move|p1a: Jirachi|Iron Head|p2a: Malamar\n|-damage|p2a: Malamar|0 fnt\n|faint|p2a: Malamar\n|\n|-heal|p1a: Jirachi|289/291|[from] item: Leftovers\n|upkeep\n|\n|t:|1783568721\n|switch|p2a: Registeel|Registeel, L81|100/100\n|turn|23\n|inactive|Time left: 300 sec this turn | 300 sec total\n|\n|t:|1783568722\n|move|p1a: Jirachi|Body Slam|p2a: Registeel\n|-resisted|p2a: Registeel\n|-damage|p2a: Registeel|93/100\n|-status|p2a: Registeel|par\n|move|p2a: Registeel|Iron Defense|p2a: Registeel\n|-boost|p2a: Registeel|def|2\n|\n|-heal|p1a: Jirachi|291/291|[from] item: Leftovers\n|-heal|p2a: Registeel|99/100 par|[from] item: Leftovers\n|upkeep\n|turn|24\n|inactive|Time left: 300 sec this turn | 300 sec total\n|\n|t:|1783568723\n|switch|p1a: Quagsire|Quagsire, L84, F|297/297\n|move|p2a: Registeel|Body Press|p1a: Quagsire\n|-damage|p1a: Quagsire|213/297\n|\n|-heal|p1a: Quagsire|231/297|[from] item: Leftovers\n|-heal|p2a: Registeel|100/100 par|[from] item: Leftovers\n|upkeep\n|turn|25\n|inactive|Time left: 300 sec this turn | 300 sec total\n|\n|t:|1783568724\n|move|p1a: Quagsire|Earthquake|p2a: Registeel\n|-supereffective|p2a: Registeel\n|-damage|p2a: Registeel|47/100 par\n|move|p2a: Registeel|Body Press|p1a: Quagsire\n|-damage|p1a: Quagsire|150/297\n|\n|-heal|p1a: Quagsire|168/297|[from] item: Leftovers\n|-heal|p2a: Registeel|53/100 par|[from] item: Leftovers\n|upkeep\n|turn|26\n|inactive|Time left: 300 sec this turn | 300 sec total\n|\n|t:|1783568726\n|move|p1a: Quagsire|Earthquake|p2a: Registeel\n|-supereffective|p2a: Registeel\n|-damage|p2a: Registeel|7/100 par\n|cant|p2a: Registeel|par\n|\n|-heal|p1a: Quagsire|186/297|[from] item: Leftovers\n|-heal|p2a: Registeel|13/100 par|[from] item: Leftovers\n|upkeep\n|turn|27\n|inactive|Time left: 300 sec this turn | 300 sec total\n|\n|t:|1783568727\n|move|p1a: Quagsire|Earthquake|p2a: Registeel\n|-supereffective|p2a: Registeel\n|-damage|p2a: Registeel|0 fnt\n|faint|p2a: Registeel\n|\n|-heal|p1a: Quagsire|204/297|[from] item: Leftovers\n|upkeep\n|\n|t:|1783568728\n|switch|p2a: Hydrapple|Hydrapple, L83, M|100/100\n|turn|28\n|inactive|Time left: 300 sec this turn | 300 sec total\n|\n|t:|1783568729\n|switch|p1a: Jirachi|Jirachi, L80|291/291\n|move|p2a: Hydrapple|Fickle Beam|p1a: Jirachi|[anim] Fickle Beam All Out\n|-activate|p2a: Hydrapple|move: Fickle Beam\n|-resisted|p1a: Jirachi\n|-damage|p1a: Jirachi|193/291\n|\n|-heal|p1a: Jirachi|211/291|[from] item: Leftovers\n|upkeep\n|turn|29\n|inactive|Time left: 300 sec this turn | 300 sec total\n|\n|t:|1783568730\n|move|p1a: Jirachi|Iron Head|p2a: Hydrapple\n|-damage|p2a: Hydrapple|79/100\n|move|p2a: Hydrapple|Fickle Beam|p1a: Jirachi|[anim] Fickle Beam All Out\n|-activate|p2a: Hydrapple|move: Fickle Beam\n|-resisted|p1a: Jirachi\n|-damage|p1a: Jirachi|124/291\n|\n|-heal|p1a: Jirachi|142/291|[from] item: Leftovers\n|upkeep\n|turn|30\n|inactive|Time left: 300 sec this turn | 300 sec total\n|\n|t:|1783568731\n|move|p1a: Jirachi|Iron Head|p2a: Hydrapple\n|-damage|p2a: Hydrapple|56/100\n|cant|p2a: Hydrapple|flinch\n|\n|-heal|p1a: Jirachi|160/291|[from] item: Leftovers\n|upkeep\n|turn|31\n|inactive|Time left: 300 sec this turn | 300 sec total\n|\n|t:|1783568732\n|switch|p2a: Tentacruel|Tentacruel, L84, F|84/100\n|move|p1a: Jirachi|Body Slam|p2a: Tentacruel\n|-damage|p2a: Tentacruel|60/100\n|-status|p2a: Tentacruel|par\n|\n|-heal|p1a: Jirachi|178/291|[from] item: Leftovers\n|-heal|p2a: Tentacruel|66/100 par|[from] item: Leftovers\n|upkeep\n|turn|32\n|inactive|Time left: 300 sec this turn | 300 sec total\n|\n|t:|1783568733\n|move|p1a: Jirachi|Body Slam|p2a: Tentacruel\n|-damage|p2a: Tentacruel|38/100 par\n|cant|p2a: Tentacruel|par\n|\n|-heal|p1a: Jirachi|196/291|[from] item: Leftovers\n|-heal|p2a: Tentacruel|45/100 par|[from] item: Leftovers\n|upkeep\n|turn|33\n|inactive|Time left: 300 sec this turn | 300 sec total\n|\n|t:|1783568734\n|move|p1a: Jirachi|Iron Head|p2a: Tentacruel\n|-resisted|p2a: Tentacruel\n|-damage|p2a: Tentacruel|28/100 par\n|cant|p2a: Tentacruel|flinch\n|\n|-heal|p1a: Jirachi|214/291|[from] item: Leftovers\n|-heal|p2a: Tentacruel|34/100 par|[from] item: Leftovers\n|upkeep\n|turn|34\n|inactive|Time left: 300 sec this turn | 300 sec total\n|\n|t:|1783568735\n|move|p1a: Jirachi|Iron Head|p2a: Tentacruel\n|-resisted|p2a: Tentacruel\n|-damage|p2a: Tentacruel|16/100 par\n|move|p2a: Tentacruel|Surf|p1a: Jirachi\n|-damage|p1a: Jirachi|141/291\n|\n|-heal|p1a: Jirachi|159/291|[from] item: Leftovers\n|-heal|p2a: Tentacruel|23/100 par|[from] item: Leftovers\n|upkeep\n|turn|35\n|inactive|Time left: 300 sec this turn | 300 sec total\n|\n|t:|1783568736\n|move|p1a: Jirachi|Body Slam|p2a: Tentacruel\n|-damage|p2a: Tentacruel|0 fnt\n|faint|p2a: Tentacruel\n|\n|-heal|p1a: Jirachi|177/291|[from] item: Leftovers\n|upkeep\n|\n|t:|1783568737\n|switch|p2a: Hydrapple|Hydrapple, L83, M|89/100\n|turn|36\n|inactive|Time left: 300 sec this turn | 300 sec total\n|\n|t:|1783568738\n|move|p1a: Jirachi|Iron Head|p2a: Hydrapple\n|-damage|p2a: Hydrapple|68/100\n|cant|p2a: Hydrapple|flinch\n|\n|-heal|p1a: Jirachi|195/291|[from] item: Leftovers\n|upkeep\n|turn|37\n|inactive|Time left: 300 sec this turn | 300 sec total\n|\n|t:|1783568739\n|switch|p1a: Golduck|Golduck, L90, M|290/290\n|-ability|p1a: Golduck|Cloud Nine\n|move|p2a: Hydrapple|Earth Power|p1a: Golduck\n|-damage|p1a: Golduck|219/290\n|\n|upkeep\n|turn|38\n|inactive|Time left: 300 sec this turn | 300 sec total\n|\n|t:|1783568740\n|-terastallize|p2a: Hydrapple|Steel\n|move|p1a: Golduck|Ice Beam|p2a: Hydrapple\n|-resisted|p2a: Hydrapple\n|-damage|p2a: Hydrapple|56/100\n|move|p2a: Hydrapple|Fickle Beam|p1a: Golduck\n|-damage|p1a: Golduck|114/290\n|\n|upkeep\n|turn|39\n|inactive|Time left: 300 sec this turn | 300 sec total\n|\n|t:|1783568740\n|switch|p1a: Jirachi|Jirachi, L80|195/291\n|move|p2a: Hydrapple|Fickle Beam|p1a: Jirachi\n|-resisted|p1a: Jirachi\n|-damage|p1a: Jirachi|150/291\n|\n|-heal|p1a: Jirachi|168/291|[from] item: Leftovers\n|upkeep\n|turn|40\n|inactive|Time left: 300 sec this turn | 300 sec total\n|\n|t:|1783568741\n|move|p1a: Jirachi|Iron Head|p2a: Hydrapple\n|-resisted|p2a: Hydrapple\n|-damage|p2a: Hydrapple|45/100\n|cant|p2a: Hydrapple|flinch\n|\n|-heal|p1a: Jirachi|186/291|[from] item: Leftovers\n|upkeep\n|turn|41\n|inactive|Time left: 300 sec this turn | 300 sec total\n|\n|t:|1783568743\n|move|p1a: Jirachi|Iron Head|p2a: Hydrapple\n|-resisted|p2a: Hydrapple\n|-damage|p2a: Hydrapple|33/100\n|cant|p2a: Hydrapple|flinch\n|\n|-heal|p1a: Jirachi|204/291|[from] item: Leftovers\n|upkeep\n|turn|42\n|inactive|Time left: 300 sec this turn | 300 sec total\n|\n|t:|1783568744\n|switch|p1a: Golduck|Golduck, L90, M|114/290\n|-ability|p1a: Golduck|Cloud Nine\n|move|p2a: Hydrapple|Fickle Beam|p1a: Golduck\n|-damage|p1a: Golduck|21/290\n|\n|upkeep\n|turn|43\n|inactive|Time left: 300 sec this turn | 300 sec total\n|\n|t:|1783568745\n|move|p1a: Golduck|Hydro Pump|p2a: Hydrapple\n|-damage|p2a: Hydrapple|0 fnt\n|faint|p2a: Hydrapple\n|\n|win|p0x2475bbc0", "uploadtime": 1783568745, "views": 0, "rating": 0, "private": 0, "password": null, "_winner": "p0x2475bbc0", "_our_name": "p0x2475bbc0"}