{"id": "battle-gen9randombattle-760", "formatid": "gen9randombattle", "format": "[Gen 9] Random Battle", "players": ["p0x7604a32", "p0y760f698"], "log": "|init|battle\n|title|p0x7604a32 vs. p0y760f698\n|j|\u2606p0x7604a32\n|j|\u2606p0y760f698\n|t:|1783548682\n|gametype|singles\n|player|p1|p0x7604a32|1|\n|player|p2|p0y760f698|101|\n|gen|9\n|tier|[Gen 9] Random Battle\n|rule|Species Clause: Limit one of each Pok\u00e9mon\n|rule|HP Percentage Mod: HP is shown in percentages\n|rule|Sleep Clause Mod: Limit one foe put to sleep\n|rule|Illusion Level Mod: Illusion disguises the Pok\u00e9mon's true level\n|\n|t:|1783548682\n|teamsize|p1|6\n|teamsize|p2|6\n|start\n|switch|p1a: Palkia|Palkia, L75|100/100\n|switch|p2a: Venusaur|Venusaur, L84, M|272/272\n|-ability|p1a: Palkia|Pressure\n|turn|1\n|inactive|Battle timer is ON: inactive players will automatically lose when time's up. (requested by p0x7604a32)\n|inactive|Time left: 300 sec this turn | 300 sec total | 60 sec grace\n|inactive|p0y760f698 also wants the timer to be on.\n|\n|t:|1783548683\n|move|p1a: Palkia|Fire Blast|p2a: Venusaur\n|-supereffective|p2a: Venusaur\n|-damage|p2a: Venusaur|106/272\n|move|p2a: Venusaur|Sludge Bomb|p1a: Palkia\n|-damage|p1a: Palkia|68/100\n|-status|p1a: Palkia|psn\n|\n|-heal|p2a: Venusaur|123/272|[from] item: Leftovers\n|-damage|p1a: Palkia|55/100 psn|[from] psn\n|upkeep\n|turn|2\n|inactive|Time left: 300 sec this turn | 300 sec total\n|\n|t:|1783548685\n|switch|p2a: Uxie|Uxie, L83|260/260\n|move|p1a: Palkia|Draco Meteor|p2a: Uxie\n|-damage|p2a: Uxie|107/260\n|-unboost|p1a: Palkia|spa|2\n|\n|-heal|p2a: Uxie|123/260|[from] item: Leftovers\n|-damage|p1a: Palkia|43/100 psn|[from] psn\n|upkeep\n|turn|3\n|inactive|Time left: 300 sec this turn | 300 sec total\n|\n|t:|1783548686\n|switch|p1a: Kyurem|Kyurem, L77|100/100\n|-ability|p1a: Kyurem|Pressure\n|move|p2a: Uxie|Stealth Rock|p1a: Kyurem\n|-sidestart|p1: p0x7604a32|move: Stealth Rock\n|\n|-heal|p2a: Uxie|139/260|[from] item: Leftovers\n|upkeep\n|turn|4\n|inactive|Time left: 300 sec this turn | 300 sec total\n|\n|t:|1783548687\n|move|p2a: Uxie|Psychic Noise|p1a: Kyurem\n|-damage|p1a: Kyurem|79/100\n|-start|p1a: Kyurem|move: Heal Block\n|move|p1a: Kyurem|Outrage|p2a: Uxie\n|-crit|p2a: Uxie\n|-damage|p2a: Uxie|0 fnt\n|faint|p2a: Uxie\n|\n|upkeep\n|inactive|Time left: 300 sec this turn | 300 sec total | 5 sec grace\n|\n|t:|1783548688\n|switch|p2a: Bruxish|Bruxish, L85, M|254/254\n|turn|5\n|inactive|Time left: 300 sec this turn | 300 sec total\n|\n|t:|1783548689\n|-terastallize|p2a: Bruxish|Psychic\n|move|p2a: Bruxish|Psychic Fangs|p1a: Kyurem\n|-crit|p1a: Kyurem\n|-damage|p1a: Kyurem|0 fnt\n|faint|p1a: Kyurem\n|\n|upkeep\n|\n|t:|1783548690\n|switch|p1a: Pecharunt|Pecharunt, L77|100/100\n|-damage|p1a: Pecharunt|88/100|[from] Stealth Rock\n|turn|6\n|inactive|Time left: 300 sec this turn | 300 sec total\n|\n|t:|1783548691\n|-terastallize|p1a: Pecharunt|Dark\n|move|p2a: Bruxish|Psychic Fangs|p1a: Pecharunt\n|-immune|p1a: Pecharunt\n|move|p1a: Pecharunt|Malignant Chain|p2a: Bruxish\n|-damage|p2a: Bruxish|149/254\n|-status|p2a: Bruxish|tox\n|-start|p2a: Bruxish|confusion|[from] ability: Poison Puppeteer|[of] p1a: Pecharunt\n|\n|-damage|p2a: Bruxish|134/254 tox|[from] psn\n|upkeep\n|turn|7\n|inactive|Time left: 300 sec this turn | 300 sec total\n|\n|t:|1783548692\n|switch|p2a: Venusaur|Venusaur, L84, M|123/272\n|move|p1a: Pecharunt|Malignant Chain|p2a: Venusaur\n|-damage|p2a: Venusaur|51/272\n|\n|-heal|p2a: Venusaur|68/272|[from] item: Leftovers\n|upkeep\n|turn|8\n|inactive|Time left: 300 sec this turn | 300 sec total\n|\n|t:|1783548693\n|move|p2a: Venusaur|Synthesis|p2a: Venusaur\n|-heal|p2a: Venusaur|204/272\n|move|p1a: Pecharunt|Malignant Chain|p2a: Venusaur\n|-damage|p2a: Venusaur|126/272\n|\n|-heal|p2a: Venusaur|143/272|[from] item: Leftovers\n|upkeep\n|turn|9\n|inactive|Time left: 300 sec this turn | 300 sec total\n|\n|t:|1783548695\n|move|p2a: Venusaur|Sleep Powder|p1a: Pecharunt\n|-status|p1a: Pecharunt|slp|[from] move: Sleep Powder\n|cant|p1a: Pecharunt|slp\n|\n|-heal|p2a: Venusaur|160/272|[from] item: Leftovers\n|upkeep\n|turn|10\n|inactive|Time left: 300 sec this turn | 300 sec total\n|\n|t:|1783548696\n|move|p2a: Venusaur|Sludge Bomb|p1a: Pecharunt\n|-damage|p1a: Pecharunt|50/100 slp\n|-curestatus|p1a: Pecharunt|slp|[msg]\n|move|p1a: Pecharunt|Parting Shot|p2a: Venusaur\n|-unboost|p2a: Venusaur|atk|1\n|-unboost|p2a: Venusaur|spa|1\n|\n|t:|1783548697\n|switch|p1a: Ogerpon|Ogerpon-Cornerstone, L76, F|100/100|[from] Parting Shot\n|-damage|p1a: Ogerpon|88/100|[from] Stealth Rock\n|\n|-heal|p2a: Venusaur|177/272|[from] item: Leftovers\n|upkeep\n|turn|11\n|inactive|Time left: 300 sec this turn | 300 sec total\n|\n|t:|1783548698\n|move|p1a: Ogerpon|Ivy Cudgel|p2a: Venusaur|[anim] Ivy Cudgel Rock\n|-damage|p2a: Venusaur|38/272\n|move|p2a: Venusaur|Synthesis|p2a: Venusaur\n|-heal|p2a: Venusaur|174/272\n|\n|-heal|p2a: Venusaur|191/272|[from] item: Leftovers\n|upkeep\n|turn|12\n|inactive|Time left: 300 sec this turn | 300 sec total\n|\n|t:|1783548699\n|switch|p2a: Trevenant|Trevenant, L89, F|296/296\n|move|p1a: Ogerpon|Ivy Cudgel|p2a: Trevenant|[anim] Ivy Cudgel Rock\n|-damage|p2a: Trevenant|169/296\n|\n|upkeep\n|turn|13\n|inactive|Time left: 300 sec this turn | 300 sec total\n|\n|t:|1783548700\n|move|p1a: Ogerpon|Ivy Cudgel|p2a: Trevenant|[anim] Ivy Cudgel Rock\n|-damage|p2a: Trevenant|45/296\n|-enditem|p2a: Trevenant|Sitrus Berry|[eat]\n|-heal|p2a: Trevenant|119/296|[from] item: Sitrus Berry\n|move|p2a: Trevenant|Drain Punch|p1a: Ogerpon\n|-supereffective|p1a: Ogerpon\n|-damage|p1a: Ogerpon|27/100\n|-heal|p2a: Trevenant|195/296|[from] drain|[of] p1a: Ogerpon\n|\n|upkeep\n|turn|14\n|inactive|Time left: 300 sec this turn | 300 sec total\n|\n|t:|1783548701\n|move|p1a: Ogerpon|Ivy Cudgel|p2a: Trevenant|[anim] Ivy Cudgel Rock\n|-damage|p2a: Trevenant|74/296\n|move|p2a: Trevenant|Drain Punch|p1a: Ogerpon\n|-supereffective|p1a: Ogerpon\n|-damage|p1a: Ogerpon|0 fnt\n|-heal|p2a: Trevenant|107/296|[from] drain|[of] p1a: Ogerpon\n|faint|p1a: Ogerpon\n|\n|-item|p2a: Trevenant|Sitrus Berry|[from] ability: Harvest\n|upkeep\n|-enditem|p2a: Trevenant|Sitrus Berry|[eat]\n|-heal|p2a: Trevenant|181/296|[from] item: Sitrus Berry\n|\n|t:|1783548702\n|switch|p1a: Pecharunt|Pecharunt, L77, tera:Dark|50/100\n|-damage|p1a: Pecharunt|38/100|[from] Stealth Rock\n|turn|15\n|inactive|Time left: 300 sec this turn | 300 sec total\n|\n|t:|1783548703\n|switch|p2a: Venusaur|Venusaur, L84, M|191/272\n|move|p1a: Pecharunt|Recover|p1a: Pecharunt\n|-heal|p1a: Pecharunt|88/100\n|\n|-heal|p2a: Venusaur|208/272|[from] item: Leftovers\n|upkeep\n|turn|16\n|inactive|Time left: 300 sec this turn | 300 sec total\n|\n|t:|1783548705\n|move|p2a: Venusaur|Sleep Powder|p1a: Pecharunt\n|-status|p1a: Pecharunt|slp|[from] move: Sleep Powder\n|cant|p1a: Pecharunt|slp\n|\n|-heal|p2a: Venusaur|225/272|[from] item: Leftovers\n|upkeep\n|turn|17\n|inactive|Time left: 300 sec this turn | 300 sec total\n|\n|t:|1783548706\n|move|p2a: Venusaur|Sludge Bomb|p1a: Pecharunt\n|-damage|p1a: Pecharunt|51/100 slp\n|cant|p1a: Pecharunt|slp\n|\n|-heal|p2a: Venusaur|242/272|[from] item: Leftovers\n|upkeep\n|turn|18\n|inactive|Time left: 300 sec this turn | 300 sec total\n|\n|t:|1783548707\n|move|p2a: Venusaur|Sludge Bomb|p1a: Pecharunt\n|-damage|p1a: Pecharunt|11/100 slp\n|-curestatus|p1a: Pecharunt|slp|[msg]\n|move|p1a: Pecharunt|Recover|p1a: Pecharunt\n|-heal|p1a: Pecharunt|61/100\n|\n|-heal|p2a: Venusaur|259/272|[from] item: Leftovers\n|upkeep\n|turn|19\n|inactive|Time left: 300 sec this turn | 300 sec total\n|\n|t:|1783548708\n|move|p2a: Venusaur|Sludge Bomb|p1a: Pecharunt\n|-damage|p1a: Pecharunt|23/100\n|-status|p1a: Pecharunt|psn\n|move|p1a: Pecharunt|Recover|p1a: Pecharunt\n|-heal|p1a: Pecharunt|73/100 psn\n|\n|-heal|p2a: Venusaur|272/272|[from] item: Leftovers\n|-damage|p1a: Pecharunt|61/100 psn|[from] psn\n|upkeep\n|turn|20\n|inactive|Time left: 300 sec this turn | 300 sec total\n|\n|t:|1783548710\n|move|p2a: Venusaur|Sludge Bomb|p1a: Pecharunt\n|-damage|p1a: Pecharunt|20/100 psn\n|move|p1a: Pecharunt|Recover|p1a: Pecharunt\n|-heal|p1a: Pecharunt|70/100 psn\n|\n|-damage|p1a: Pecharunt|57/100 psn|[from] psn\n|upkeep\n|turn|21\n|inactive|Time left: 300 sec this turn | 300 sec total\n|\n|t:|1783548711\n|move|p2a: Venusaur|Sludge Bomb|p1a: Pecharunt\n|-damage|p1a: Pecharunt|15/100 psn\n|move|p1a: Pecharunt|Recover|p1a: Pecharunt\n|-heal|p1a: Pecharunt|65/100 psn\n|\n|-damage|p1a: Pecharunt|53/100 psn|[from] psn\n|upkeep\n|turn|22\n|inactive|Time left: 300 sec this turn | 300 sec total\n|\n|t:|1783548712\n|move|p2a: Venusaur|Sludge Bomb|p1a: Pecharunt\n|-damage|p1a: Pecharunt|9/100 psn\n|move|p1a: Pecharunt|Recover|p1a: Pecharunt\n|-heal|p1a: Pecharunt|59/100 psn\n|\n|-damage|p1a: Pecharunt|47/100 psn|[from] psn\n|upkeep\n|turn|23\n|inactive|Time left: 300 sec this turn | 300 sec total\n|\n|t:|1783548714\n|move|p2a: Venusaur|Sludge Bomb|p1a: Pecharunt\n|-damage|p1a: Pecharunt|7/100 psn\n|move|p1a: Pecharunt|Recover|p1a: Pecharunt\n|-heal|p1a: Pecharunt|57/100 psn\n|\n|-damage|p1a: Pecharunt|45/100 psn|[from] psn\n|upkeep\n|turn|24\n|inactive|Time left: 300 sec this turn | 300 sec total\n|\n|t:|1783548715\n|move|p2a: Venusaur|Sludge Bomb|p1a: Pecharunt\n|-damage|p1a: Pecharunt|1/100 psn\n|move|p1a: Pecharunt|Recover|p1a: Pecharunt\n|-heal|p1a: Pecharunt|51/100 psn\n|\n|-damage|p1a: Pecharunt|39/100 psn|[from] psn\n|upkeep\n|turn|25\n|inactive|Time left: 300 sec this turn | 300 sec total\n|\n|t:|1783548716\n|move|p2a: Venusaur|Sludge Bomb|p1a: Pecharunt\n|-damage|p1a: Pecharunt|0 fnt\n|faint|p1a: Pecharunt\n|\n|upkeep\n|\n|t:|1783548717\n|switch|p1a: Zamazenta|Zamazenta, L71|100/100\n|-damage|p1a: Zamazenta|94/100|[from] Stealth Rock\n|-ability|p1a: Zamazenta|Dauntless Shield|boost\n|-boost|p1a: Zamazenta|def|1\n|turn|26\n|inactive|Time left: 300 sec this turn | 300 sec total\n|\n|t:|1783548718\n|move|p1a: Zamazenta|Psychic Fangs|p2a: Venusaur\n|-supereffective|p2a: Venusaur\n|-damage|p2a: Venusaur|118/272\n|move|p2a: Venusaur|Sludge Bomb|p1a: Zamazenta\n|-damage|p1a: Zamazenta|59/100\n|-status|p1a: Zamazenta|psn\n|\n|-heal|p2a: Venusaur|135/272|[from] item: Leftovers\n|-damage|p1a: Zamazenta|47/100 psn|[from] psn\n|upkeep\n|turn|27\n|inactive|Time left: 300 sec this turn | 300 sec total\n|\n|t:|1783548720\n|switch|p2a: Dialga|Dialga, L73|266/266\n|-ability|p2a: Dialga|Pressure\n|move|p1a: Zamazenta|Psychic Fangs|p2a: Dialga\n|-resisted|p2a: Dialga\n|-damage|p2a: Dialga|234/266\n|\n|-damage|p1a: Zamazenta|34/100 psn|[from] psn\n|upkeep\n|turn|28\n|inactive|Time left: 300 sec this turn | 300 sec total\n|\n|t:|1783548721\n|move|p1a: Zamazenta|Psychic Fangs|p2a: Dialga\n|-resisted|p2a: Dialga\n|-damage|p2a: Dialga|201/266\n|move|p2a: Dialga|Fire Blast|p1a: Zamazenta\n|-damage|p1a: Zamazenta|1/100 psn\n|\n|-damage|p1a: Zamazenta|0 fnt|[from] psn\n|faint|p1a: Zamazenta\n|upkeep\n|\n|t:|1783548722\n|switch|p1a: Palkia|Palkia, L75|43/100 psn\n|-damage|p1a: Palkia|31/100 psn|[from] Stealth Rock\n|-ability|p1a: Palkia|Pressure\n|turn|29\n|inactive|Time left: 300 sec this turn | 300 sec total\n|\n|t:|1783548723\n|move|p1a: Palkia|Draco Meteor|p2a: Dialga\n|-damage|p2a: Dialga|68/266\n|-unboost|p1a: Palkia|spa|2\n|move|p2a: Dialga|Dragon Tail|p1a: Palkia\n|-supereffective|p1a: Palkia\n|-damage|p1a: Palkia|0 fnt\n|faint|p1a: Palkia\n|\n|upkeep\n|\n|t:|1783548725\n|switch|p1a: Wigglytuff|Wigglytuff, L96, F|100/100\n|-damage|p1a: Wigglytuff|88/100|[from] Stealth Rock\n|turn|30\n|inactive|Time left: 300 sec this turn | 300 sec total\n|\n|t:|1783548726\n|move|p1a: Wigglytuff|Protect|p1a: Wigglytuff\n|-singleturn|p1a: Wigglytuff|Protect\n|move|p2a: Dialga|Heavy Slam|p1a: Wigglytuff\n|-activate|p1a: Wigglytuff|move: Protect\n|\n|-heal|p1a: Wigglytuff|94/100|[from] item: Leftovers\n|upkeep\n|turn|31\n|inactive|Time left: 300 sec this turn | 300 sec total\n|\n|t:|1783548727\n|move|p2a: Dialga|Heavy Slam|p1a: Wigglytuff\n|-supereffective|p1a: Wigglytuff\n|-damage|p1a: Wigglytuff|13/100\n|move|p1a: Wigglytuff|Wish|p1a: Wigglytuff\n|\n|-heal|p1a: Wigglytuff|19/100|[from] item: Leftovers\n|upkeep\n|turn|32\n|inactive|Time left: 300 sec this turn | 300 sec total\n|\n|t:|1783548728\n|move|p1a: Wigglytuff|Protect|p1a: Wigglytuff\n|-singleturn|p1a: Wigglytuff|Protect\n|move|p2a: Dialga|Heavy Slam|p1a: Wigglytuff\n|-activate|p1a: Wigglytuff|move: Protect\n|\n|-heal|p1a: Wigglytuff|69/100|[from] move: Wish|[wisher] Wigglytuff\n|-heal|p1a: Wigglytuff|75/100|[from] item: Leftovers\n|upkeep\n|turn|33\n|inactive|Time left: 300 sec this turn | 300 sec total\n|\n|t:|1783548729\n|move|p1a: Wigglytuff|Protect||[still]\n|-fail|p1a: Wigglytuff\n|move|p2a: Dialga|Heavy Slam|p1a: Wigglytuff\n|-supereffective|p1a: Wigglytuff\n|-damage|p1a: Wigglytuff|5/100\n|\n|-heal|p1a: Wigglytuff|11/100|[from] item: Leftovers\n|upkeep\n|turn|34\n|inactive|Time left: 300 sec this turn | 300 sec total\n|\n|t:|1783548730\n|move|p1a: Wigglytuff|Protect|p1a: Wigglytuff\n|-singleturn|p1a: Wigglytuff|Protect\n|move|p2a: Dialga|Heavy Slam|p1a: Wigglytuff\n|-activate|p1a: Wigglytuff|move: Protect\n|\n|-heal|p1a: Wigglytuff|17/100|[from] item: Leftovers\n|upkeep\n|turn|35\n|inactive|Time left: 300 sec this turn | 300 sec total\n|\n|t:|1783548731\n|move|p1a: Wigglytuff|Protect||[still]\n|-fail|p1a: Wigglytuff\n|move|p2a: Dialga|Heavy Slam|p1a: Wigglytuff\n|-supereffective|p1a: Wigglytuff\n|-damage|p1a: Wigglytuff|0 fnt\n|faint|p1a: Wigglytuff\n|\n|win|p0y760f698", "uploadtime": 1783548731, "views": 0, "rating": 0, "private": 0, "password": null, "_winner": "p0y760f698", "_our_name": "p0y760f698"}