{"id": "battle-gen9randombattle-2854", "formatid": "gen9randombattle", "format": "[Gen 9] Random Battle", "players": ["p0x2854b709", "p0y2854c66b"], "log": "|init|battle\n|title|p0x2854b709 vs. p0y2854c66b\n|j|\u2606p0x2854b709\n|j|\u2606p0y2854c66b\n|t:|1783571947\n|gametype|singles\n|player|p1|p0x2854b709|2|\n|player|p2|p0y2854c66b|265|\n|gen|9\n|tier|[Gen 9] Random Battle\n|rule|Species Clause: Limit one of each Pok\u00e9mon\n|rule|HP Percentage Mod: HP is shown in percentages\n|rule|Sleep Clause Mod: Limit one foe put to sleep\n|rule|Illusion Level Mod: Illusion disguises the Pok\u00e9mon's true level\n|\n|t:|1783571947\n|teamsize|p1|6\n|teamsize|p2|6\n|start\n|switch|p1a: Vigoroth|Vigoroth, L85, F|275/275\n|switch|p2a: Gastrodon|Gastrodon-East, L86, M|100/100\n|turn|1\n|inactive|Battle timer is ON: inactive players will automatically lose when time's up. (requested by p0x2854b709)\n|inactive|p0y2854c66b also wants the timer to be on.\n|\n|t:|1783571949\n|move|p1a: Vigoroth|Bulk Up|p1a: Vigoroth\n|-boost|p1a: Vigoroth|atk|1\n|-boost|p1a: Vigoroth|def|1\n|move|p2a: Gastrodon|Sludge Bomb|p1a: Vigoroth\n|-damage|p1a: Vigoroth|218/275\n|\n|upkeep\n|turn|2\n|inactive|Time left: 300 sec this turn | 300 sec total\n|\n|t:|1783571950\n|move|p1a: Vigoroth|Body Slam|p2a: Gastrodon\n|-damage|p2a: Gastrodon|61/100\n|move|p2a: Gastrodon|Sludge Bomb|p1a: Vigoroth\n|-damage|p1a: Vigoroth|164/275\n|\n|-heal|p2a: Gastrodon|67/100|[from] item: Leftovers\n|upkeep\n|turn|3\n|inactive|Time left: 300 sec this turn | 300 sec total\n|\n|t:|1783571951\n|move|p1a: Vigoroth|Body Slam|p2a: Gastrodon\n|-damage|p2a: Gastrodon|22/100\n|move|p2a: Gastrodon|Surf|p1a: Vigoroth\n|-damage|p1a: Vigoroth|82/275\n|\n|-heal|p2a: Gastrodon|28/100|[from] item: Leftovers\n|upkeep\n|turn|4\n|inactive|Time left: 300 sec this turn | 300 sec total\n|\n|t:|1783571952\n|switch|p2a: Glaceon|Glaceon, L94, F|100/100\n|move|p1a: Vigoroth|Body Slam|p2a: Glaceon\n|-damage|p2a: Glaceon|64/100\n|-status|p2a: Glaceon|par\n|\n|upkeep\n|turn|5\n|inactive|Time left: 300 sec this turn | 300 sec total\n|\n|t:|1783571953\n|move|p1a: Vigoroth|Slack Off|p1a: Vigoroth\n|-heal|p1a: Vigoroth|220/275\n|move|p2a: Glaceon|Freeze-Dry|p1a: Vigoroth\n|-damage|p1a: Vigoroth|109/275\n|\n|upkeep\n|turn|6\n|inactive|Time left: 300 sec this turn | 300 sec total\n|\n|t:|1783571954\n|move|p1a: Vigoroth|Slack Off|p1a: Vigoroth\n|-heal|p1a: Vigoroth|247/275\n|cant|p2a: Glaceon|par\n|\n|upkeep\n|turn|7\n|inactive|Time left: 300 sec this turn | 300 sec total\n|\n|t:|1783571954\n|move|p1a: Vigoroth|Bulk Up|p1a: Vigoroth\n|-boost|p1a: Vigoroth|atk|1\n|-boost|p1a: Vigoroth|def|1\n|move|p2a: Glaceon|Mud Shot|p1a: Vigoroth\n|-damage|p1a: Vigoroth|190/275\n|-unboost|p1a: Vigoroth|spe|1\n|\n|upkeep\n|turn|8\n|inactive|Time left: 300 sec this turn | 300 sec total\n|\n|t:|1783571955\n|move|p1a: Vigoroth|Body Slam|p2a: Glaceon\n|-crit|p2a: Glaceon\n|-damage|p2a: Glaceon|0 fnt\n|faint|p2a: Glaceon\n|\n|upkeep\n|\n|t:|1783571956\n|switch|p2a: Falinks|Falinks, L84|100/100\n|turn|9\n|inactive|Time left: 300 sec this turn | 300 sec total\n|\n|t:|1783571958\n|move|p2a: Falinks|No Retreat|p2a: Falinks\n|-boost|p2a: Falinks|atk|1\n|-boost|p2a: Falinks|def|1\n|-boost|p2a: Falinks|spa|1\n|-boost|p2a: Falinks|spd|1\n|-boost|p2a: Falinks|spe|1\n|-start|p2a: Falinks|move: No Retreat\n|move|p1a: Vigoroth|Body Slam|p2a: Falinks\n|-damage|p2a: Falinks|59/100\n|\n|upkeep\n|turn|10\n|inactive|Time left: 300 sec this turn | 300 sec total\n|\n|t:|1783571959\n|-terastallize|p1a: Vigoroth|Ground\n|move|p2a: Falinks|Close Combat|p1a: Vigoroth\n|-damage|p1a: Vigoroth|104/275\n|-unboost|p2a: Falinks|def|1\n|-unboost|p2a: Falinks|spd|1\n|-damage|p2a: Falinks|49/100|[from] item: Life Orb\n|move|p1a: Vigoroth|Earthquake|p2a: Falinks\n|-damage|p2a: Falinks|0 fnt\n|faint|p2a: Falinks\n|\n|upkeep\n|\n|t:|1783571959\n|switch|p2a: Sylveon|Sylveon, L85, F|100/100\n|turn|11\n|inactive|Time left: 300 sec this turn | 300 sec total\n|\n|t:|1783571960\n|switch|p1a: Ursaring|Ursaring, L84, F|288/288\n|move|p2a: Sylveon|Hyper Voice|p1a: Ursaring\n|-damage|p1a: Ursaring|146/288\n|\n|-status|p1a: Ursaring|tox|[from] item: Toxic Orb\n|upkeep\n|turn|12\n|inactive|Time left: 300 sec this turn | 300 sec total\n|\n|t:|1783571962\n|move|p1a: Ursaring|Facade|p2a: Sylveon\n|-damage|p2a: Sylveon|30/100\n|move|p2a: Sylveon|Hyper Voice|p1a: Ursaring\n|-damage|p1a: Ursaring|0 fnt\n|faint|p1a: Ursaring\n|\n|-heal|p2a: Sylveon|36/100|[from] item: Leftovers\n|upkeep\n|inactive|Time left: 300 sec this turn | 300 sec total | 5 sec grace\n|\n|t:|1783571962\n|switch|p1a: Vigoroth|Vigoroth, L85, F, tera:Ground|104/275\n|turn|13\n|inactive|Time left: 300 sec this turn | 300 sec total\n|\n|t:|1783571963\n|move|p1a: Vigoroth|Earthquake|p2a: Sylveon\n|-damage|p2a: Sylveon|0 fnt\n|faint|p2a: Sylveon\n|\n|upkeep\n|\n|t:|1783571964\n|switch|p2a: Emboar|Emboar, L84, F|100/100\n|turn|14\n|inactive|Time left: 300 sec this turn | 300 sec total\n|\n|t:|1783571965\n|move|p1a: Vigoroth|Earthquake|p2a: Emboar\n|-supereffective|p2a: Emboar\n|-damage|p2a: Emboar|32/100\n|move|p2a: Emboar|Bulk Up|p2a: Emboar\n|-boost|p2a: Emboar|atk|1\n|-boost|p2a: Emboar|def|1\n|\n|-heal|p2a: Emboar|38/100|[from] item: Leftovers\n|upkeep\n|turn|15\n|inactive|Time left: 300 sec this turn | 300 sec total\n|\n|t:|1783571966\n|-terastallize|p2a: Emboar|Grass\n|move|p1a: Vigoroth|Earthquake|p2a: Emboar\n|-resisted|p2a: Emboar\n|-damage|p2a: Emboar|25/100\n|move|p2a: Emboar|Drain Punch|p1a: Vigoroth\n|-damage|p1a: Vigoroth|11/275\n|-heal|p2a: Emboar|40/100|[from] drain|[of] p1a: Vigoroth\n|\n|-heal|p2a: Emboar|46/100|[from] item: Leftovers\n|upkeep\n|turn|16\n|inactive|Time left: 300 sec this turn | 300 sec total\n|\n|t:|1783571967\n|move|p1a: Vigoroth|Body Slam|p2a: Emboar\n|-damage|p2a: Emboar|24/100\n|move|p2a: Emboar|Bulk Up|p2a: Emboar\n|-boost|p2a: Emboar|atk|1\n|-boost|p2a: Emboar|def|1\n|\n|-heal|p2a: Emboar|31/100|[from] item: Leftovers\n|upkeep\n|turn|17\n|inactive|Time left: 300 sec this turn | 300 sec total\n|\n|t:|1783571968\n|move|p1a: Vigoroth|Body Slam|p2a: Emboar\n|-damage|p2a: Emboar|14/100\n|move|p2a: Emboar|Trailblaze|p1a: Vigoroth\n|-supereffective|p1a: Vigoroth\n|-damage|p1a: Vigoroth|0 fnt\n|-boost|p2a: Emboar|spe|1\n|faint|p1a: Vigoroth\n|\n|-heal|p2a: Emboar|20/100|[from] item: Leftovers\n|upkeep\n|inactive|Time left: 300 sec this turn | 300 sec total | 5 sec grace\n|\n|t:|1783571969\n|switch|p1a: Latios|Latios, L78, M|253/253\n|turn|18\n|inactive|Time left: 300 sec this turn | 300 sec total\n|\n|t:|1783571970\n|move|p2a: Emboar|Drain Punch|p1a: Latios\n|-resisted|p1a: Latios\n|-damage|p1a: Latios|136/253\n|-heal|p2a: Emboar|38/100|[from] drain|[of] p1a: Latios\n|move|p1a: Latios|Luster Purge|p2a: Emboar\n|-damage|p2a: Emboar|0 fnt\n|faint|p2a: Emboar\n|\n|upkeep\n|\n|t:|1783571971\n|switch|p2a: Rayquaza|Rayquaza, L72|100/100\n|-ability|p2a: Rayquaza|Air Lock\n|turn|19\n|inactive|Time left: 300 sec this turn | 300 sec total\n|\n|t:|1783571972\n|switch|p2a: Gastrodon|Gastrodon-East, L86, M|28/100\n|move|p1a: Latios|Draco Meteor|p2a: Gastrodon\n|-damage|p2a: Gastrodon|0 fnt\n|-unboost|p1a: Latios|spa|2\n|faint|p2a: Gastrodon\n|\n|upkeep\n|\n|t:|1783571973\n|switch|p2a: Rayquaza|Rayquaza, L72|100/100\n|-ability|p2a: Rayquaza|Air Lock\n|turn|20\n|inactive|Time left: 300 sec this turn | 300 sec total\n|\n|t:|1783571974\n|move|p1a: Latios|Draco Meteor|p2a: Rayquaza\n|-supereffective|p2a: Rayquaza\n|-damage|p2a: Rayquaza|25/100\n|-unboost|p1a: Latios|spa|2\n|move|p2a: Rayquaza|Swords Dance|p2a: Rayquaza\n|-boost|p2a: Rayquaza|atk|2\n|\n|upkeep\n|turn|21\n|inactive|Time left: 300 sec this turn | 300 sec total\n|\n|t:|1783571975\n|move|p1a: Latios|Draco Meteor|p2a: Rayquaza\n|-supereffective|p2a: Rayquaza\n|-damage|p2a: Rayquaza|0 fnt\n|-unboost|p1a: Latios|spa|2\n|faint|p2a: Rayquaza\n|\n|win|p0x2854b709", "uploadtime": 1783571975, "views": 0, "rating": 0, "private": 0, "password": null, "_winner": "p0x2854b709", "_our_name": "p0x2854b709"}