{"id": "battle-gen9randombattle-24", "formatid": "gen9randombattle", "format": "[Gen 9] Random Battle", "players": ["p0x0247ce7", "p0y0248c37"], "log": "|init|battle\n|title|p0x0247ce7 vs. p0y0248c37\n|j|\u2606p0x0247ce7\n|j|\u2606p0y0248c37\n|t:|1783534083\n|gametype|singles\n|player|p1|p0x0247ce7|101|\n|player|p2|p0y0248c37|101|\n|gen|9\n|tier|[Gen 9] Random Battle\n|rule|Species Clause: Limit one of each Pok\u00e9mon\n|rule|HP Percentage Mod: HP is shown in percentages\n|rule|Sleep Clause Mod: Limit one foe put to sleep\n|rule|Illusion Level Mod: Illusion disguises the Pok\u00e9mon's true level\n|\n|t:|1783534083\n|teamsize|p1|6\n|teamsize|p2|6\n|start\n|switch|p1a: Crawdaunt|Crawdaunt, L84, M|100/100\n|switch|p2a: Glaceon|Glaceon, L94, F|275/275\n|turn|1\n|inactive|Battle timer is ON: inactive players will automatically lose when time's up. (requested by p0y0248c37)\n|inactive|p0x0247ce7 also wants the timer to be on.\n|\n|t:|1783534085\n|switch|p1a: Piloswine|Piloswine, L85, F|100/100\n|move|p2a: Glaceon|Freeze-Dry|p1a: Piloswine\n|-damage|p1a: Piloswine|86/100\n|\n|upkeep\n|turn|2\n|inactive|Time left: 300 sec this turn | 300 sec total\n|\n|t:|1783534086\n|move|p2a: Glaceon|Mud Shot|p1a: Piloswine\n|-damage|p1a: Piloswine|67/100\n|-unboost|p1a: Piloswine|spe|1\n|move|p1a: Piloswine|Stealth Rock|p2a: Glaceon\n|-sidestart|p2: p0y0248c37|move: Stealth Rock\n|\n|upkeep\n|turn|3\n|inactive|Time left: 300 sec this turn | 300 sec total\n|\n|t:|1783534087\n|switch|p1a: Articuno|Articuno, L86|100/100\n|-ability|p1a: Articuno|Pressure\n|move|p2a: Glaceon|Freeze-Dry|p1a: Articuno\n|-damage|p1a: Articuno|73/100\n|\n|upkeep\n|turn|4\n|inactive|Time left: 300 sec this turn | 300 sec total\n|\n|t:|1783534088\n|move|p1a: Articuno|Roost|p1a: Articuno\n|-heal|p1a: Articuno|100/100\n|-singleturn|p1a: Articuno|move: Roost\n|move|p2a: Glaceon|Freeze-Dry|p1a: Articuno\n|-resisted|p1a: Articuno\n|-damage|p1a: Articuno|86/100\n|\n|upkeep\n|turn|5\n|inactive|Time left: 300 sec this turn | 300 sec total\n|\n|t:|1783534089\n|move|p1a: Articuno|Freeze-Dry|p2a: Glaceon\n|-resisted|p2a: Glaceon\n|-damage|p2a: Glaceon|243/275\n|move|p2a: Glaceon|Freeze-Dry|p1a: Articuno\n|-crit|p1a: Articuno\n|-damage|p1a: Articuno|39/100\n|\n|upkeep\n|turn|6\n|inactive|Time left: 300 sec this turn | 300 sec total\n|\n|t:|1783534090\n|move|p1a: Articuno|Roost|p1a: Articuno\n|-heal|p1a: Articuno|90/100\n|-singleturn|p1a: Articuno|move: Roost\n|move|p2a: Glaceon|Freeze-Dry|p1a: Articuno\n|-resisted|p1a: Articuno\n|-damage|p1a: Articuno|74/100\n|\n|upkeep\n|turn|7\n|inactive|Time left: 300 sec this turn | 300 sec total\n|\n|t:|1783534091\n|move|p1a: Articuno|Brave Bird|p2a: Glaceon\n|-damage|p2a: Glaceon|150/275\n|-damage|p1a: Articuno|64/100|[from] Recoil\n|move|p2a: Glaceon|Freeze-Dry|p1a: Articuno\n|-damage|p1a: Articuno|36/100\n|\n|upkeep\n|turn|8\n|inactive|Time left: 300 sec this turn | 300 sec total\n|\n|t:|1783534093\n|move|p1a: Articuno|Roost|p1a: Articuno\n|-heal|p1a: Articuno|87/100\n|-singleturn|p1a: Articuno|move: Roost\n|move|p2a: Glaceon|Freeze-Dry|p1a: Articuno\n|-resisted|p1a: Articuno\n|-damage|p1a: Articuno|71/100\n|\n|upkeep\n|turn|9\n|inactive|Time left: 300 sec this turn | 300 sec total\n|\n|t:|1783534094\n|move|p1a: Articuno|Brave Bird|p2a: Glaceon\n|-damage|p2a: Glaceon|54/275\n|-damage|p1a: Articuno|60/100|[from] Recoil\n|move|p2a: Glaceon|Freeze-Dry|p1a: Articuno\n|-damage|p1a: Articuno|34/100\n|\n|upkeep\n|turn|10\n|inactive|Time left: 300 sec this turn | 300 sec total\n|\n|t:|1783534095\n|switch|p2a: Orthworm|Orthworm, L88, F|266/266\n|-damage|p2a: Orthworm|250/266|[from] Stealth Rock\n|move|p1a: Articuno|Brave Bird|p2a: Orthworm\n|-resisted|p2a: Orthworm\n|-damage|p2a: Orthworm|211/266\n|-damage|p1a: Articuno|29/100|[from] Recoil\n|\n|upkeep\n|turn|11\n|inactive|Time left: 300 sec this turn | 300 sec total\n|\n|t:|1783534096\n|move|p1a: Articuno|Roost|p1a: Articuno\n|-heal|p1a: Articuno|79/100\n|-singleturn|p1a: Articuno|move: Roost\n|move|p2a: Orthworm|Coil|p2a: Orthworm\n|-boost|p2a: Orthworm|atk|1\n|-boost|p2a: Orthworm|def|1\n|-boost|p2a: Orthworm|accuracy|1\n|\n|upkeep\n|turn|12\n|inactive|Time left: 300 sec this turn | 300 sec total\n|\n|t:|1783534097\n|move|p1a: Articuno|Haze|p1a: Articuno\n|-clearallboost\n|move|p2a: Orthworm|Body Press|p1a: Articuno\n|-damage|p1a: Articuno|54/100\n|\n|upkeep\n|turn|13\n|inactive|Time left: 300 sec this turn | 300 sec total\n|\n|t:|1783534098\n|move|p1a: Articuno|Roost|p1a: Articuno\n|-heal|p1a: Articuno|100/100\n|-singleturn|p1a: Articuno|move: Roost\n|move|p2a: Orthworm|Coil|p2a: Orthworm\n|-boost|p2a: Orthworm|atk|1\n|-boost|p2a: Orthworm|def|1\n|-boost|p2a: Orthworm|accuracy|1\n|\n|upkeep\n|turn|14\n|inactive|Time left: 300 sec this turn | 300 sec total\n|\n|t:|1783534099\n|move|p1a: Articuno|Haze|p1a: Articuno\n|-clearallboost\n|move|p2a: Orthworm|Iron Tail|p1a: Articuno\n|-supereffective|p1a: Articuno\n|-damage|p1a: Articuno|43/100\n|\n|upkeep\n|turn|15\n|inactive|Time left: 300 sec this turn | 300 sec total\n|\n|t:|1783534100\n|move|p1a: Articuno|Roost|p1a: Articuno\n|-heal|p1a: Articuno|93/100\n|-singleturn|p1a: Articuno|move: Roost\n|move|p2a: Orthworm|Coil|p2a: Orthworm\n|-boost|p2a: Orthworm|atk|1\n|-boost|p2a: Orthworm|def|1\n|-boost|p2a: Orthworm|accuracy|1\n|\n|upkeep\n|turn|16\n|inactive|Time left: 300 sec this turn | 300 sec total\n|\n|t:|1783534101\n|move|p1a: Articuno|Haze|p1a: Articuno\n|-clearallboost\n|move|p2a: Orthworm|Coil|p2a: Orthworm\n|-boost|p2a: Orthworm|atk|1\n|-boost|p2a: Orthworm|def|1\n|-boost|p2a: Orthworm|accuracy|1\n|\n|upkeep\n|turn|17\n|inactive|Time left: 300 sec this turn | 300 sec total\n|\n|t:|1783534102\n|move|p1a: Articuno|Haze|p1a: Articuno\n|-clearallboost\n|move|p2a: Orthworm|Iron Tail|p1a: Articuno\n|-supereffective|p1a: Articuno\n|-damage|p1a: Articuno|24/100\n|-unboost|p1a: Articuno|def|1\n|\n|upkeep\n|turn|18\n|inactive|Time left: 300 sec this turn | 300 sec total\n|\n|t:|1783534103\n|switch|p1a: Gothitelle|Gothitelle, L90, M|100/100\n|move|p2a: Orthworm|Body Press|p1a: Gothitelle\n|-resisted|p1a: Gothitelle\n|-damage|p1a: Gothitelle|88/100\n|\n|upkeep\n|turn|19\n|inactive|Time left: 300 sec this turn | 300 sec total\n|\n|t:|1783534103\n|move|p1a: Gothitelle|Focus Blast|p2a: Orthworm\n|-supereffective|p2a: Orthworm\n|-damage|p2a: Orthworm|0 fnt\n|faint|p2a: Orthworm\n|\n|upkeep\n|inactive|Time left: 300 sec this turn | 300 sec total | 5 sec grace\n|\n|t:|1783534104\n|switch|p2a: Grimmsnarl|Grimmsnarl, L83, M|293/293\n|-damage|p2a: Grimmsnarl|257/293|[from] Stealth Rock\n|turn|20\n|inactive|Time left: 300 sec this turn | 300 sec total\n|\n|t:|1783534105\n|move|p1a: Gothitelle|Focus Blast|p2a: Grimmsnarl|[miss]\n|-miss|p1a: Gothitelle|p2a: Grimmsnarl\n|move|p2a: Grimmsnarl|Spirit Break|p1a: Gothitelle\n|-damage|p1a: Gothitelle|55/100\n|-unboost|p1a: Gothitelle|spa|1\n|\n|-heal|p2a: Grimmsnarl|275/293|[from] item: Leftovers\n|upkeep\n|turn|21\n|inactive|Time left: 300 sec this turn | 300 sec total\n|\n|t:|1783534105\n|switch|p1a: Azumarill|Azumarill, L82, F|100/100\n|move|p2a: Grimmsnarl|Spirit Break|p1a: Azumarill\n|-damage|p1a: Azumarill|68/100\n|-unboost|p1a: Azumarill|spa|1\n|\n|-heal|p2a: Grimmsnarl|293/293|[from] item: Leftovers\n|upkeep\n|turn|22\n|inactive|Time left: 300 sec this turn | 300 sec total\n|\n|t:|1783534106\n|move|p2a: Grimmsnarl|Parting Shot|p1a: Azumarill\n|-unboost|p1a: Azumarill|atk|1\n|-unboost|p1a: Azumarill|spa|1\n|inactive|Time left: 300 sec this turn | 300 sec total | 5 sec grace\n|\n|t:|1783534107\n|switch|p2a: Gogoat|Gogoat, L88, M|360/360|[from] Parting Shot\n|-damage|p2a: Gogoat|315/360|[from] Stealth Rock\n|move|p1a: Azumarill|Play Rough|p2a: Gogoat|[miss]\n|-miss|p1a: Azumarill|p2a: Gogoat\n|\n|-heal|p2a: Gogoat|337/360|[from] item: Leftovers\n|upkeep\n|turn|23\n|inactive|Time left: 300 sec this turn | 300 sec total\n|\n|t:|1783534108\n|switch|p1a: Articuno|Articuno, L86|24/100\n|-ability|p1a: Articuno|Pressure\n|move|p2a: Gogoat|Bulk Up|p2a: Gogoat\n|-boost|p2a: Gogoat|atk|1\n|-boost|p2a: Gogoat|def|1\n|\n|-heal|p2a: Gogoat|359/360|[from] item: Leftovers\n|upkeep\n|turn|24\n|inactive|Time left: 300 sec this turn | 300 sec total\n|\n|t:|1783534109\n|move|p1a: Articuno|Roost|p1a: Articuno\n|-heal|p1a: Articuno|74/100\n|-singleturn|p1a: Articuno|move: Roost\n|move|p2a: Gogoat|Horn Leech|p1a: Articuno\n|-damage|p1a: Articuno|36/100\n|-heal|p2a: Gogoat|360/360|[from] drain|[of] p1a: Articuno\n|\n|upkeep\n|turn|25\n|inactive|Time left: 300 sec this turn | 300 sec total\n|\n|t:|1783534109\n|move|p1a: Articuno|Roost|p1a: Articuno\n|-heal|p1a: Articuno|86/100\n|-singleturn|p1a: Articuno|move: Roost\n|move|p2a: Gogoat|Horn Leech|p1a: Articuno\n|-damage|p1a: Articuno|47/100\n|\n|upkeep\n|turn|26\n|inactive|Time left: 300 sec this turn | 300 sec total\n|\n|t:|1783534110\n|move|p1a: Articuno|Freeze-Dry|p2a: Gogoat\n|-supereffective|p2a: Gogoat\n|-damage|p2a: Gogoat|204/360\n|move|p2a: Gogoat|Horn Leech|p1a: Articuno\n|-resisted|p1a: Articuno\n|-damage|p1a: Articuno|26/100\n|-heal|p2a: Gogoat|235/360|[from] drain|[of] p1a: Articuno\n|\n|-heal|p2a: Gogoat|257/360|[from] item: Leftovers\n|upkeep\n|turn|27\n|inactive|Time left: 300 sec this turn | 300 sec total\n|\n|t:|1783534111\n|move|p1a: Articuno|Freeze-Dry|p2a: Gogoat\n|-supereffective|p2a: Gogoat\n|-damage|p2a: Gogoat|105/360\n|-status|p2a: Gogoat|frz\n|cant|p2a: Gogoat|frz\n|\n|-heal|p2a: Gogoat|127/360 frz|[from] item: Leftovers\n|upkeep\n|turn|28\n|inactive|Time left: 300 sec this turn | 300 sec total\n|\n|t:|1783534112\n|move|p1a: Articuno|Freeze-Dry|p2a: Gogoat\n|-supereffective|p2a: Gogoat\n|-damage|p2a: Gogoat|0 fnt\n|faint|p2a: Gogoat\n|\n|upkeep\n|inactive|Time left: 300 sec this turn | 300 sec total | 5 sec grace\n|\n|t:|1783534113\n|switch|p2a: Grimmsnarl|Grimmsnarl, L83, M|293/293\n|-damage|p2a: Grimmsnarl|257/293|[from] Stealth Rock\n|turn|29\n|inactive|Time left: 300 sec this turn | 300 sec total\n|\n|t:|1783534114\n|move|p1a: Articuno|Brave Bird|p2a: Grimmsnarl\n|-damage|p2a: Grimmsnarl|115/293\n|-damage|p1a: Articuno|10/100|[from] Recoil\n|move|p2a: Grimmsnarl|Spirit Break|p1a: Articuno\n|-damage|p1a: Articuno|0 fnt\n|faint|p1a: Articuno\n|\n|-heal|p2a: Grimmsnarl|133/293|[from] item: Leftovers\n|upkeep\n|\n|t:|1783534115\n|switch|p1a: Morpeko|Morpeko, L88, M|100/100\n|turn|30\n|inactive|Time left: 300 sec this turn | 300 sec total\n|\n|t:|1783534116\n|switch|p2a: Giratina|Giratina, L75|349/349\n|-damage|p2a: Giratina|306/349|[from] Stealth Rock\n|-ability|p2a: Giratina|Pressure\n|move|p1a: Morpeko|Aura Wheel|p2a: Giratina\n|-resisted|p2a: Giratina\n|-damage|p2a: Giratina|253/349\n|-boost|p1a: Morpeko|spe|1\n|\n|-heal|p2a: Giratina|274/349|[from] item: Leftovers\n|-formechange|p1a: Morpeko|Morpeko-Hangry||[from] ability: Hunger Switch\n|upkeep\n|turn|31\n|inactive|Time left: 300 sec this turn | 300 sec total\n|\n|t:|1783534117\n|move|p1a: Morpeko|Aura Wheel|p2a: Giratina\n|-supereffective|p2a: Giratina\n|-damage|p2a: Giratina|52/349\n|-boost|p1a: Morpeko|spe|1\n|move|p2a: Giratina|Calm Mind|p2a: Giratina\n|-boost|p2a: Giratina|spa|1\n|-boost|p2a: Giratina|spd|1\n|\n|-heal|p2a: Giratina|73/349|[from] item: Leftovers\n|-formechange|p1a: Morpeko|Morpeko||[from] ability: Hunger Switch\n|upkeep\n|turn|32\n|inactive|Time left: 300 sec this turn | 300 sec total\n|\n|t:|1783534118\n|move|p1a: Morpeko|Knock Off|p2a: Giratina\n|-supereffective|p2a: Giratina\n|-damage|p2a: Giratina|0 fnt\n|-enditem|p2a: Giratina|Leftovers|[from] move: Knock Off|[of] p1a: Morpeko\n|faint|p2a: Giratina\n|\n|-formechange|p1a: Morpeko|Morpeko-Hangry||[from] ability: Hunger Switch\n|upkeep\n|inactive|Time left: 300 sec this turn | 300 sec total | 5 sec grace\n|\n|t:|1783534119\n|switch|p2a: Grimmsnarl|Grimmsnarl, L83, M|133/293\n|-damage|p2a: Grimmsnarl|97/293|[from] Stealth Rock\n|turn|33\n|inactive|Time left: 300 sec this turn | 300 sec total\n|\n|t:|1783534120\n|move|p1a: Morpeko|Protect|p1a: Morpeko\n|-singleturn|p1a: Morpeko|Protect\n|move|p2a: Grimmsnarl|Spirit Break|p1a: Morpeko\n|-activate|p1a: Morpeko|move: Protect\n|\n|-heal|p2a: Grimmsnarl|115/293|[from] item: Leftovers\n|-formechange|p1a: Morpeko|Morpeko||[from] ability: Hunger Switch\n|upkeep\n|turn|34\n|inactive|Time left: 300 sec this turn | 300 sec total\n|\n|t:|1783534121\n|switch|p2a: Glaceon|Glaceon, L94, F|54/275\n|move|p1a: Morpeko|Aura Wheel|p2a: Glaceon\n|-damage|p2a: Glaceon|0 fnt\n|-boost|p1a: Morpeko|spe|1\n|faint|p2a: Glaceon\n|\n|-formechange|p1a: Morpeko|Morpeko-Hangry||[from] ability: Hunger Switch\n|upkeep\n|inactive|Time left: 300 sec this turn | 300 sec total | 5 sec grace\n|\n|t:|1783534122\n|switch|p2a: Grimmsnarl|Grimmsnarl, L83, M|115/293\n|-damage|p2a: Grimmsnarl|79/293|[from] Stealth Rock\n|turn|35\n|inactive|Time left: 300 sec this turn | 300 sec total\n|\n|t:|1783534123\n|move|p1a: Morpeko|Protect|p1a: Morpeko\n|-singleturn|p1a: Morpeko|Protect\n|move|p2a: Grimmsnarl|Spirit Break|p1a: Morpeko\n|-activate|p1a: Morpeko|move: Protect\n|\n|-heal|p2a: Grimmsnarl|97/293|[from] item: Leftovers\n|-formechange|p1a: Morpeko|Morpeko||[from] ability: Hunger Switch\n|upkeep\n|turn|36\n|inactive|Time left: 300 sec this turn | 300 sec total\n|\n|t:|1783534124\n|-terastallize|p1a: Morpeko|Electric\n|move|p1a: Morpeko|Aura Wheel|p2a: Grimmsnarl\n|-damage|p2a: Grimmsnarl|0 fnt\n|-boost|p1a: Morpeko|spe|1\n|faint|p2a: Grimmsnarl\n|\n|upkeep\n|inactive|Time left: 300 sec this turn | 300 sec total | 5 sec grace\n|\n|t:|1783534125\n|switch|p2a: Ursaring|Ursaring, L84, M|288/288\n|-damage|p2a: Ursaring|252/288|[from] Stealth Rock\n|turn|37\n|inactive|Time left: 300 sec this turn | 300 sec total\n|\n|t:|1783534126\n|move|p1a: Morpeko|Aura Wheel|p2a: Ursaring\n|-damage|p2a: Ursaring|114/288\n|-boost|p1a: Morpeko|spe|1\n|move|p2a: Ursaring|Rest|p2a: Ursaring\n|-status|p2a: Ursaring|slp|[from] move: Rest\n|-heal|p2a: Ursaring|288/288 slp|[silent]\n|\n|upkeep\n|turn|38\n|inactive|Time left: 300 sec this turn | 300 sec total\n|\n|t:|1783534127\n|move|p1a: Morpeko|Knock Off|p2a: Ursaring\n|-crit|p2a: Ursaring\n|-damage|p2a: Ursaring|161/288 slp\n|-enditem|p2a: Ursaring|Eviolite|[from] move: Knock Off|[of] p1a: Morpeko\n|cant|p2a: Ursaring|slp\n|move|p2a: Ursaring|Sleep Talk|p2a: Ursaring\n|move|p2a: Ursaring|Throat Chop|p1a: Morpeko|[from] move: Sleep Talk\n|-damage|p1a: Morpeko|46/100\n|-start|p1a: Morpeko|Throat Chop|[silent]\n|\n|-heal|p1a: Morpeko|52/100|[from] item: Leftovers\n|upkeep\n|turn|39\n|inactive|Time left: 300 sec this turn | 300 sec total\n|\n|t:|1783534128\n|-terastallize|p2a: Ursaring|Ghost\n|move|p1a: Morpeko|Aura Wheel|p2a: Ursaring\n|-damage|p2a: Ursaring|0 fnt\n|-boost|p1a: Morpeko|spe|1\n|faint|p2a: Ursaring\n|\n|win|p0x0247ce7", "uploadtime": 1783534128, "views": 0, "rating": 0, "private": 0, "password": null, "_winner": "p0x0247ce7", "_our_name": "p0y0248c37"}