{"id": "battle-gen9randombattle-1835", "formatid": "gen9randombattle", "format": "[Gen 9] Random Battle", "players": ["p0x18350201", "p0y1835975e"], "log": "|init|battle\n|title|p0x18350201 vs. p0y1835975e\n|j|\u2606p0x18350201\n|j|\u2606p0y1835975e\n|t:|1783560510\n|gametype|singles\n|player|p1|p0x18350201|102|\n|player|p2|p0y1835975e|2|\n|gen|9\n|tier|[Gen 9] Random Battle\n|rule|Species Clause: Limit one of each Pok\u00e9mon\n|rule|HP Percentage Mod: HP is shown in percentages\n|rule|Sleep Clause Mod: Limit one foe put to sleep\n|rule|Illusion Level Mod: Illusion disguises the Pok\u00e9mon's true level\n|\n|t:|1783560510\n|teamsize|p1|6\n|teamsize|p2|6\n|start\n|switch|p1a: Iron Hands|Iron Hands, L79|373/373\n|switch|p2a: Ampharos|Ampharos, L88, M|100/100\n|turn|1\n|inactive|Battle timer is ON: inactive players will automatically lose when time's up. (requested by p0y1835975e)\n|inactive|Time left: 300 sec this turn | 300 sec total | 60 sec grace\n|inactive|p0x18350201 also wants the timer to be on.\n|\n|t:|1783560511\n|move|p2a: Ampharos|Thunderbolt|p1a: Iron Hands\n|-resisted|p1a: Iron Hands\n|-damage|p1a: Iron Hands|300/373\n|-damage|p2a: Ampharos|91/100|[from] item: Life Orb\n|move|p1a: Iron Hands|Drain Punch|p2a: Ampharos\n|-damage|p2a: Ampharos|60/100\n|-heal|p1a: Iron Hands|346/373|[from] drain|[of] p2a: Ampharos\n|\n|upkeep\n|turn|2\n|inactive|Time left: 300 sec this turn | 300 sec total\n|\n|t:|1783560513\n|switch|p2a: Trevenant|Trevenant, L89, F|100/100\n|move|p1a: Iron Hands|Drain Punch|p2a: Trevenant\n|-immune|p2a: Trevenant\n|\n|upkeep\n|turn|3\n|inactive|Time left: 300 sec this turn | 300 sec total\n|\n|t:|1783560514\n|move|p2a: Trevenant|Will-O-Wisp|p1a: Iron Hands\n|-status|p1a: Iron Hands|brn\n|move|p1a: Iron Hands|Ice Punch|p2a: Trevenant\n|-supereffective|p2a: Trevenant\n|-damage|p2a: Trevenant|77/100\n|\n|-damage|p1a: Iron Hands|323/373 brn|[from] brn\n|upkeep\n|turn|4\n|inactive|Time left: 300 sec this turn | 300 sec total\n|\n|t:|1783560515\n|move|p2a: Trevenant|Horn Leech|p1a: Iron Hands\n|-damage|p1a: Iron Hands|216/373 brn\n|-heal|p2a: Trevenant|95/100|[from] drain|[of] p1a: Iron Hands\n|-damage|p2a: Trevenant|85/100|[from] item: Life Orb\n|move|p1a: Iron Hands|Volt Switch|p2a: Trevenant\n|-resisted|p2a: Trevenant\n|-damage|p2a: Trevenant|78/100\n|inactive|Time left: 300 sec this turn | 300 sec total | 5 sec grace\n|\n|t:|1783560515\n|-end|p1a: Iron Hands|Quark Drive|[silent]\n|switch|p1a: Vikavolt|Vikavolt, L83, F|263/263|[from] Volt Switch\n|\n|upkeep\n|turn|5\n|inactive|Time left: 300 sec this turn | 300 sec total\n|\n|t:|1783560516\n|move|p2a: Trevenant|Poltergeist|p1a: Vikavolt\n|-activate|p1a: Vikavolt|move: Poltergeist|Heavy-Duty Boots\n|-damage|p1a: Vikavolt|60/263\n|-damage|p2a: Trevenant|68/100|[from] item: Life Orb\n|move|p1a: Vikavolt|Sticky Web|p2a: Trevenant\n|-sidestart|p2: p0y1835975e|move: Sticky Web\n|\n|upkeep\n|turn|6\n|inactive|Time left: 300 sec this turn | 300 sec total\n|\n|t:|1783560517\n|switch|p1a: Iron Hands|Iron Hands, L79|216/373 brn\n|move|p2a: Trevenant|Horn Leech|p1a: Iron Hands\n|-damage|p1a: Iron Hands|95/373 brn\n|-heal|p2a: Trevenant|88/100|[from] drain|[of] p1a: Iron Hands\n|-damage|p2a: Trevenant|79/100|[from] item: Life Orb\n|\n|-damage|p1a: Iron Hands|72/373 brn|[from] brn\n|upkeep\n|turn|7\n|inactive|Time left: 300 sec this turn | 300 sec total\n|\n|t:|1783560518\n|-end|p1a: Iron Hands|Quark Drive|[silent]\n|switch|p1a: Charizard|Charizard, L85, F|271/271\n|move|p2a: Trevenant|Horn Leech|p1a: Charizard\n|-resisted|p1a: Charizard\n|-damage|p1a: Charizard|236/271\n|-heal|p2a: Trevenant|85/100|[from] drain|[of] p1a: Charizard\n|-damage|p2a: Trevenant|75/100|[from] item: Life Orb\n|\n|upkeep\n|turn|8\n|inactive|Time left: 300 sec this turn | 300 sec total\n|\n|t:|1783560519\n|move|p1a: Charizard|Hurricane|p2a: Trevenant\n|-supereffective|p2a: Trevenant\n|-damage|p2a: Trevenant|0 fnt\n|faint|p2a: Trevenant\n|\n|upkeep\n|\n|t:|1783560520\n|switch|p2a: Gurdurr|Gurdurr, L85, M|100/100\n|-activate|p2a: Gurdurr|move: Sticky Web\n|-unboost|p2a: Gurdurr|spe|1\n|turn|9\n|inactive|Time left: 300 sec this turn | 300 sec total\n|\n|t:|1783560521\n|move|p1a: Charizard|Hurricane|p2a: Gurdurr\n|-supereffective|p2a: Gurdurr\n|-damage|p2a: Gurdurr|11/100\n|move|p2a: Gurdurr|Defog|p1a: Charizard\n|-unboost|p1a: Charizard|evasion|1\n|-sideend|p2: p0y1835975e|Sticky Web|[from] move: Defog|[of] p2a: Gurdurr\n|\n|upkeep\n|turn|10\n|inactive|Time left: 300 sec this turn | 300 sec total\n|\n|t:|1783560522\n|switch|p2a: Whiscash|Whiscash, L88, M|100/100\n|move|p1a: Charizard|Flamethrower|p2a: Whiscash\n|-resisted|p2a: Whiscash\n|-damage|p2a: Whiscash|84/100\n|\n|-heal|p2a: Whiscash|90/100|[from] item: Leftovers\n|upkeep\n|turn|11\n|inactive|Time left: 300 sec this turn | 300 sec total\n|\n|t:|1783560523\n|move|p1a: Charizard|Hurricane|p2a: Whiscash\n|-damage|p2a: Whiscash|45/100\n|move|p2a: Whiscash|Spikes|p1a: Charizard\n|-sidestart|p1: p0x18350201|Spikes\n|\n|-heal|p2a: Whiscash|52/100|[from] item: Leftovers\n|upkeep\n|turn|12\n|inactive|Time left: 300 sec this turn | 300 sec total\n|\n|t:|1783560524\n|move|p1a: Charizard|Hurricane|p2a: Whiscash|[miss]\n|-miss|p1a: Charizard|p2a: Whiscash\n|move|p2a: Whiscash|Ice Beam|p1a: Charizard\n|-damage|p1a: Charizard|173/271\n|\n|-heal|p2a: Whiscash|58/100|[from] item: Leftovers\n|upkeep\n|turn|13\n|inactive|Time left: 300 sec this turn | 300 sec total\n|\n|t:|1783560525\n|move|p1a: Charizard|Hurricane|p2a: Whiscash\n|-damage|p2a: Whiscash|11/100\n|-start|p2a: Whiscash|confusion\n|-activate|p2a: Whiscash|confusion\n|move|p2a: Whiscash|Ice Beam|p1a: Charizard\n|-damage|p1a: Charizard|110/271\n|\n|-heal|p2a: Whiscash|18/100|[from] item: Leftovers\n|upkeep\n|turn|14\n|inactive|Time left: 300 sec this turn | 300 sec total\n|\n|t:|1783560526\n|switch|p2a: Delphox|Delphox, L84, F|100/100\n|move|p1a: Charizard|Flamethrower|p2a: Delphox\n|-resisted|p2a: Delphox\n|-damage|p2a: Delphox|81/100\n|\n|upkeep\n|turn|15\n|inactive|Time left: 300 sec this turn | 300 sec total\n|\n|t:|1783560527\n|move|p2a: Delphox|Psyshock|p1a: Charizard\n|-damage|p1a: Charizard|0 fnt\n|faint|p1a: Charizard\n|\n|upkeep\n|inactive|Time left: 300 sec this turn | 300 sec total | 5 sec grace\n|\n|t:|1783560528\n|switch|p1a: Inteleon|Inteleon, L81, F|246/246\n|-damage|p1a: Inteleon|216/246|[from] Spikes\n|turn|16\n|inactive|Time left: 300 sec this turn | 300 sec total\n|\n|t:|1783560529\n|switch|p2a: Wo-Chien|Wo-Chien, L83|100/100\n|-ability|p2a: Wo-Chien|Tablets of Ruin\n|move|p1a: Inteleon|Scald|p2a: Wo-Chien\n|-resisted|p2a: Wo-Chien\n|-damage|p2a: Wo-Chien|83/100\n|\n|-heal|p2a: Wo-Chien|89/100|[from] item: Leftovers\n|upkeep\n|turn|17\n|inactive|Time left: 300 sec this turn | 300 sec total\n|\n|t:|1783560530\n|move|p1a: Inteleon|Scald|p2a: Wo-Chien\n|-resisted|p2a: Wo-Chien\n|-damage|p2a: Wo-Chien|68/100\n|move|p2a: Wo-Chien|Knock Off|p1a: Inteleon\n|-damage|p1a: Inteleon|98/246\n|-enditem|p1a: Inteleon|Choice Specs|[from] move: Knock Off|[of] p2a: Wo-Chien\n|\n|-heal|p2a: Wo-Chien|75/100|[from] item: Leftovers\n|upkeep\n|turn|18\n|inactive|Time left: 300 sec this turn | 300 sec total\n|\n|t:|1783560531\n|move|p1a: Inteleon|U-turn|p2a: Wo-Chien\n|-supereffective|p2a: Wo-Chien\n|-damage|p2a: Wo-Chien|30/100\n|inactive|Time left: 300 sec this turn | 300 sec total | 5 sec grace\n|\n|t:|1783560532\n|switch|p1a: Haxorus|Haxorus, L77, M|244/244|[from] U-turn\n|-damage|p1a: Haxorus|214/244|[from] Spikes\n|-ability|p1a: Haxorus|Mold Breaker\n|move|p2a: Wo-Chien|Leech Seed|p1a: Haxorus\n|-start|p1a: Haxorus|move: Leech Seed\n|\n|-heal|p2a: Wo-Chien|36/100|[from] item: Leftovers\n|-damage|p1a: Haxorus|184/244|[from] Leech Seed|[of] p2a: Wo-Chien\n|-heal|p2a: Wo-Chien|47/100|[silent]\n|upkeep\n|turn|19\n|inactive|Time left: 300 sec this turn | 300 sec total\n|\n|t:|1783560533\n|move|p1a: Haxorus|Outrage|p2a: Wo-Chien\n|-damage|p2a: Wo-Chien|9/100\n|move|p2a: Wo-Chien|Knock Off|p1a: Haxorus\n|-damage|p1a: Haxorus|91/244\n|-enditem|p1a: Haxorus|Lum Berry|[from] move: Knock Off|[of] p2a: Wo-Chien\n|\n|-heal|p2a: Wo-Chien|15/100|[from] item: Leftovers\n|-damage|p1a: Haxorus|61/244|[from] Leech Seed|[of] p2a: Wo-Chien\n|-heal|p2a: Wo-Chien|26/100|[silent]\n|upkeep\n|turn|20\n|inactive|Time left: 300 sec this turn | 300 sec total\n|\n|t:|1783560533\n|move|p2a: Wo-Chien|Protect|p2a: Wo-Chien\n|-singleturn|p2a: Wo-Chien|Protect\n|move|p1a: Haxorus|Outrage|p2a: Wo-Chien|[from] lockedmove\n|-activate|p2a: Wo-Chien|move: Protect\n|-start|p1a: Haxorus|confusion|[fatigue]\n|\n|-heal|p2a: Wo-Chien|32/100|[from] item: Leftovers\n|-damage|p1a: Haxorus|31/244|[from] Leech Seed|[of] p2a: Wo-Chien\n|-heal|p2a: Wo-Chien|43/100|[silent]\n|upkeep\n|turn|21\n|inactive|Time left: 300 sec this turn | 300 sec total\n|\n|t:|1783560534\n|switch|p2a: Ampharos|Ampharos, L88, M|60/100\n|-activate|p1a: Haxorus|confusion\n|move|p1a: Haxorus|Outrage|p2a: Ampharos\n|-damage|p2a: Ampharos|9/100\n|\n|-damage|p1a: Haxorus|1/244|[from] Leech Seed|[of] p2a: Ampharos\n|-heal|p2a: Ampharos|19/100|[silent]\n|upkeep\n|turn|22\n|inactive|Time left: 300 sec this turn | 300 sec total\n|\n|t:|1783560536\n|-terastallize|p2a: Ampharos|Fairy\n|-end|p1a: Haxorus|confusion\n|move|p1a: Haxorus|Outrage|p2a: Ampharos|[from] lockedmove\n|-immune|p2a: Ampharos\n|move|p2a: Ampharos|Agility|p2a: Ampharos\n|-boost|p2a: Ampharos|spe|2\n|\n|-damage|p1a: Haxorus|0 fnt|[from] Leech Seed|[of] p2a: Ampharos\n|-heal|p2a: Ampharos|20/100|[silent]\n|faint|p1a: Haxorus\n|upkeep\n|inactive|Time left: 300 sec this turn | 300 sec total | 5 sec grace\n|\n|t:|1783560536\n|switch|p1a: Iron Hands|Iron Hands, L79|72/373 brn\n|-damage|p1a: Iron Hands|26/373 brn|[from] Spikes\n|turn|23\n|inactive|Time left: 300 sec this turn | 300 sec total\n|\n|t:|1783560538\n|move|p2a: Ampharos|Focus Blast|p1a: Iron Hands\n|-damage|p1a: Iron Hands|0 fnt\n|faint|p1a: Iron Hands\n|-end|p1a: Iron Hands|Quark Drive|[silent]\n|-damage|p2a: Ampharos|10/100|[from] item: Life Orb\n|\n|upkeep\n|inactive|Time left: 300 sec this turn | 300 sec total | 5 sec grace\n|\n|t:|1783560538\n|switch|p1a: Vikavolt|Vikavolt, L83, F|60/263\n|turn|24\n|inactive|Time left: 300 sec this turn | 300 sec total\n|\n|t:|1783560539\n|move|p2a: Ampharos|Dazzling Gleam|p1a: Vikavolt\n|-damage|p1a: Vikavolt|0 fnt\n|faint|p1a: Vikavolt\n|-damage|p2a: Ampharos|0 fnt|[from] item: Life Orb\n|faint|p2a: Ampharos\n|\n|upkeep\n|inactive|Time left: 300 sec this turn | 300 sec total | 5 sec grace\n|\n|t:|1783560540\n|switch|p2a: Wo-Chien|Wo-Chien, L83|43/100\n|switch|p1a: Persian|Persian, L92, F|269/269\n|-damage|p1a: Persian|236/269|[from] Spikes\n|-ability|p2a: Wo-Chien|Tablets of Ruin\n|turn|25\n|inactive|Time left: 300 sec this turn | 300 sec total\n|\n|t:|1783560541\n|move|p2a: Wo-Chien|Protect|p2a: Wo-Chien\n|-singleturn|p2a: Wo-Chien|Protect\n|move|p1a: Persian|Double-Edge|p2a: Wo-Chien\n|-activate|p2a: Wo-Chien|move: Protect\n|\n|-heal|p2a: Wo-Chien|49/100|[from] item: Leftovers\n|upkeep\n|turn|26\n|inactive|Time left: 300 sec this turn | 300 sec total\n|\n|t:|1783560542\n|-terastallize|p1a: Persian|Normal\n|move|p1a: Persian|Double-Edge|p2a: Wo-Chien\n|-damage|p2a: Wo-Chien|0 fnt\n|faint|p2a: Wo-Chien\n|-damage|p1a: Persian|192/269|[from] Recoil\n|\n|upkeep\n|\n|t:|1783560543\n|switch|p2a: Delphox|Delphox, L84, F|81/100\n|turn|27\n|inactive|Time left: 300 sec this turn | 300 sec total\n|\n|t:|1783560544\n|move|p1a: Persian|Double-Edge|p2a: Delphox\n|-damage|p2a: Delphox|0 fnt\n|faint|p2a: Delphox\n|-damage|p1a: Persian|122/269|[from] Recoil\n|\n|upkeep\n|\n|t:|1783560545\n|switch|p2a: Whiscash|Whiscash, L88, M|18/100\n|turn|28\n|inactive|Time left: 300 sec this turn | 300 sec total\n|\n|t:|1783560545\n|move|p1a: Persian|Double-Edge|p2a: Whiscash\n|-damage|p2a: Whiscash|0 fnt\n|faint|p2a: Whiscash\n|-damage|p1a: Persian|103/269|[from] Recoil\n|\n|upkeep\n|\n|t:|1783560546\n|switch|p2a: Gurdurr|Gurdurr, L85, M|11/100\n|turn|29\n|inactive|Time left: 300 sec this turn | 300 sec total\n|\n|t:|1783560547\n|move|p1a: Persian|Double-Edge|p2a: Gurdurr\n|-damage|p2a: Gurdurr|0 fnt\n|faint|p2a: Gurdurr\n|-damage|p1a: Persian|93/269|[from] Recoil\n|\n|win|p0x18350201", "uploadtime": 1783560547, "views": 0, "rating": 0, "private": 0, "password": null, "_winner": "p0x18350201", "_our_name": "p0x18350201"}