{"id": "battle-gen9randombattle-85", "formatid": "gen9randombattle", "format": "[Gen 9] Random Battle", "players": ["p0x08677dd", "p0y086c720"], "log": "|init|battle\n|title|p0x08677dd vs. p0y086c720\n|j|\u2606p0x08677dd\n|j|\u2606p0y086c720\n|t:|1783534232\n|gametype|singles\n|player|p1|p0x08677dd|265|\n|player|p2|p0y086c720|170|\n|gen|9\n|tier|[Gen 9] Random Battle\n|rule|Species Clause: Limit one of each Pok\u00e9mon\n|rule|HP Percentage Mod: HP is shown in percentages\n|rule|Sleep Clause Mod: Limit one foe put to sleep\n|rule|Illusion Level Mod: Illusion disguises the Pok\u00e9mon's true level\n|\n|t:|1783534232\n|teamsize|p1|6\n|teamsize|p2|6\n|start\n|switch|p1a: Bronzong|Bronzong, L88|100/100\n|switch|p2a: Scovillain|Scovillain, L91, F|266/266\n|turn|1\n|inactive|Battle timer is ON: inactive players will automatically lose when time's up. (requested by p0x08677dd)\n|inactive|Time left: 300 sec this turn | 300 sec total | 60 sec grace\n|inactive|p0y086c720 also wants the timer to be on.\n|\n|t:|1783534234\n|move|p2a: Scovillain|Fire Blast|p1a: Bronzong\n|-supereffective|p1a: Bronzong\n|-damage|p1a: Bronzong|18/100\n|move|p1a: Bronzong|Body Press|p2a: Scovillain\n|-damage|p2a: Scovillain|185/266\n|\n|upkeep\n|turn|2\n|inactive|Time left: 300 sec this turn | 300 sec total\n|\n|t:|1783534235\n|move|p2a: Scovillain|Fire Blast|p1a: Bronzong\n|-supereffective|p1a: Bronzong\n|-damage|p1a: Bronzong|0 fnt\n|faint|p1a: Bronzong\n|\n|upkeep\n|\n|t:|1783534236\n|switch|p1a: Wyrdeer|Wyrdeer, L87, F|100/100\n|-ability|p1a: Wyrdeer|Intimidate|boost\n|-unboost|p2a: Scovillain|atk|1\n|turn|3\n|inactive|Time left: 300 sec this turn | 300 sec total\n|\n|t:|1783534238\n|switch|p2a: Spiritomb|Spiritomb, L89, F|234/234\n|move|p1a: Wyrdeer|Psychic Noise|p2a: Spiritomb\n|-immune|p2a: Spiritomb\n|\n|upkeep\n|turn|4\n|inactive|Time left: 300 sec this turn | 300 sec total\n|\n|t:|1783534239\n|switch|p1a: Bastiodon|Bastiodon, L89, F|100/100\n|move|p2a: Spiritomb|Will-O-Wisp|p1a: Bastiodon\n|-status|p1a: Bastiodon|brn\n|\n|-damage|p1a: Bastiodon|95/100 brn|[from] brn\n|upkeep\n|turn|5\n|inactive|Time left: 300 sec this turn | 300 sec total\n|\n|t:|1783534240\n|move|p2a: Spiritomb|Poltergeist|p1a: Bastiodon|[miss]\n|-miss|p2a: Spiritomb|p1a: Bastiodon\n|move|p1a: Bastiodon|Iron Defense|p1a: Bastiodon\n|-boost|p1a: Bastiodon|def|2\n|\n|-damage|p1a: Bastiodon|89/100 brn|[from] brn\n|upkeep\n|turn|6\n|inactive|Time left: 300 sec this turn | 300 sec total\n|\n|t:|1783534241\n|switch|p2a: Delphox|Delphox, L84, M|263/263\n|move|p1a: Bastiodon|Rest|p1a: Bastiodon\n|-status|p1a: Bastiodon|slp|[from] move: Rest\n|-heal|p1a: Bastiodon|100/100 slp|[silent]\n|-enditem|p1a: Bastiodon|Chesto Berry|[eat]\n|-curestatus|p1a: Bastiodon|slp|[msg]\n|\n|upkeep\n|turn|7\n|inactive|Time left: 300 sec this turn | 300 sec total\n|\n|t:|1783534243\n|move|p2a: Delphox|Focus Blast|p1a: Bastiodon\n|-supereffective|p1a: Bastiodon\n|-damage|p1a: Bastiodon|0 fnt\n|faint|p1a: Bastiodon\n|\n|upkeep\n|\n|t:|1783534244\n|switch|p1a: Wyrdeer|Wyrdeer, L87, F|100/100\n|-ability|p1a: Wyrdeer|Intimidate|boost\n|-unboost|p2a: Delphox|atk|1\n|turn|8\n|inactive|Time left: 300 sec this turn | 300 sec total\n|\n|t:|1783534245\n|switch|p2a: Spiritomb|Spiritomb, L89, F|234/234\n|move|p1a: Wyrdeer|Megahorn|p2a: Spiritomb\n|-damage|p2a: Spiritomb|150/234\n|\n|-heal|p2a: Spiritomb|164/234|[from] item: Leftovers\n|upkeep\n|turn|9\n|inactive|Time left: 300 sec this turn | 300 sec total\n|\n|t:|1783534246\n|switch|p1a: Vivillon|Vivillon-Garden, L83, M|100/100\n|move|p2a: Spiritomb|Will-O-Wisp|p1a: Vivillon\n|-status|p1a: Vivillon|brn\n|\n|-heal|p2a: Spiritomb|178/234|[from] item: Leftovers\n|-damage|p1a: Vivillon|95/100 brn|[from] brn\n|upkeep\n|turn|10\n|inactive|Time left: 300 sec this turn | 300 sec total\n|\n|t:|1783534247\n|move|p1a: Vivillon|Sleep Powder|p2a: Spiritomb\n|-status|p2a: Spiritomb|slp|[from] move: Sleep Powder\n|cant|p2a: Spiritomb|slp\n|\n|-heal|p2a: Spiritomb|192/234 slp|[from] item: Leftovers\n|-damage|p1a: Vivillon|89/100 brn|[from] brn\n|upkeep\n|turn|11\n|inactive|Time left: 300 sec this turn | 300 sec total\n|\n|t:|1783534248\n|move|p1a: Vivillon|Quiver Dance|p1a: Vivillon\n|-boost|p1a: Vivillon|spa|1\n|-boost|p1a: Vivillon|spd|1\n|-boost|p1a: Vivillon|spe|1\n|cant|p2a: Spiritomb|slp\n|\n|-heal|p2a: Spiritomb|206/234 slp|[from] item: Leftovers\n|-damage|p1a: Vivillon|83/100 brn|[from] brn\n|upkeep\n|turn|12\n|inactive|Time left: 300 sec this turn | 300 sec total\n|\n|t:|1783534249\n|move|p1a: Vivillon|Hurricane|p2a: Spiritomb\n|-damage|p2a: Spiritomb|74/234 slp\n|cant|p2a: Spiritomb|slp\n|\n|-heal|p2a: Spiritomb|88/234 slp|[from] item: Leftovers\n|-damage|p1a: Vivillon|77/100 brn|[from] brn\n|upkeep\n|turn|13\n|inactive|Time left: 300 sec this turn | 300 sec total\n|\n|t:|1783534250\n|move|p1a: Vivillon|Hurricane|p2a: Spiritomb\n|-damage|p2a: Spiritomb|0 fnt\n|faint|p2a: Spiritomb\n|\n|-damage|p1a: Vivillon|71/100 brn|[from] brn\n|upkeep\n|inactive|Time left: 300 sec this turn | 300 sec total | 5 sec grace\n|\n|t:|1783534252\n|switch|p2a: Plusle|Plusle, L95, F|268/268\n|turn|14\n|inactive|Time left: 300 sec this turn | 300 sec total\n|\n|t:|1783534253\n|move|p1a: Vivillon|Sleep Powder|p2a: Plusle\n|-status|p2a: Plusle|slp|[from] move: Sleep Powder\n|cant|p2a: Plusle|slp\n|\n|-damage|p1a: Vivillon|65/100 brn|[from] brn\n|upkeep\n|turn|15\n|inactive|Time left: 300 sec this turn | 300 sec total\n|\n|t:|1783534254\n|move|p1a: Vivillon|Hurricane|p2a: Plusle\n|-resisted|p2a: Plusle\n|-damage|p2a: Plusle|193/268 slp\n|cant|p2a: Plusle|slp\n|\n|-damage|p1a: Vivillon|59/100 brn|[from] brn\n|upkeep\n|turn|16\n|inactive|Time left: 300 sec this turn | 300 sec total\n|\n|t:|1783534255\n|move|p1a: Vivillon|Hurricane|p2a: Plusle\n|-resisted|p2a: Plusle\n|-damage|p2a: Plusle|107/268 slp\n|-curestatus|p2a: Plusle|slp|[msg]\n|move|p2a: Plusle|Thunderbolt|p1a: Vivillon\n|-supereffective|p1a: Vivillon\n|-damage|p1a: Vivillon|0 fnt\n|faint|p1a: Vivillon\n|-damage|p2a: Plusle|81/268|[from] item: Life Orb\n|\n|upkeep\n|\n|t:|1783534256\n|switch|p1a: Wyrdeer|Wyrdeer, L87, F|100/100\n|-ability|p1a: Wyrdeer|Intimidate|boost\n|-unboost|p2a: Plusle|atk|1\n|turn|17\n|inactive|Time left: 300 sec this turn | 300 sec total\n|\n|t:|1783534257\n|move|p2a: Plusle|Thunderbolt|p1a: Wyrdeer\n|-damage|p1a: Wyrdeer|68/100\n|-status|p1a: Wyrdeer|par\n|-damage|p2a: Plusle|55/268|[from] item: Life Orb\n|move|p1a: Wyrdeer|Psychic Noise|p2a: Plusle\n|-damage|p2a: Plusle|0 fnt\n|faint|p2a: Plusle\n|\n|upkeep\n|inactive|Time left: 300 sec this turn | 300 sec total | 5 sec grace\n|\n|t:|1783534258\n|switch|p2a: Gurdurr|Gurdurr, L85, F|283/283\n|turn|18\n|inactive|Time left: 300 sec this turn | 300 sec total\n|\n|t:|1783534259\n|move|p2a: Gurdurr|Bulk Up|p2a: Gurdurr\n|-boost|p2a: Gurdurr|atk|1\n|-boost|p2a: Gurdurr|def|1\n|move|p1a: Wyrdeer|Psychic Noise|p2a: Gurdurr\n|-supereffective|p2a: Gurdurr\n|-damage|p2a: Gurdurr|109/283\n|-start|p2a: Gurdurr|move: Heal Block\n|\n|upkeep\n|turn|19\n|inactive|Time left: 300 sec this turn | 300 sec total\n|\n|t:|1783534260\n|move|p2a: Gurdurr|Knock Off|p1a: Wyrdeer\n|-supereffective|p1a: Wyrdeer\n|-damage|p1a: Wyrdeer|0 fnt\n|-enditem|p1a: Wyrdeer|Assault Vest|[from] move: Knock Off|[of] p2a: Gurdurr\n|faint|p1a: Wyrdeer\n|\n|-end|p2a: Gurdurr|move: Heal Block\n|upkeep\n|\n|t:|1783534261\n|switch|p1a: Walking Wake|Walking Wake, L79|100/100\n|turn|20\n|inactive|Time left: 300 sec this turn | 300 sec total\n|\n|t:|1783534262\n|move|p1a: Walking Wake|Hydro Steam|p2a: Gurdurr\n|-damage|p2a: Gurdurr|2/283\n|-damage|p1a: Walking Wake|91/100|[from] item: Life Orb\n|move|p2a: Gurdurr|Knock Off|p1a: Walking Wake\n|-damage|p1a: Walking Wake|49/100\n|-enditem|p1a: Walking Wake|Life Orb|[from] move: Knock Off|[of] p2a: Gurdurr\n|\n|upkeep\n|turn|21\n|inactive|Time left: 300 sec this turn | 300 sec total\n|\n|t:|1783534263\n|move|p2a: Gurdurr|Mach Punch|p1a: Walking Wake\n|-crit|p1a: Walking Wake\n|-damage|p1a: Walking Wake|12/100\n|move|p1a: Walking Wake|Hydro Steam|p2a: Gurdurr\n|-damage|p2a: Gurdurr|0 fnt\n|faint|p2a: Gurdurr\n|\n|upkeep\n|inactive|Time left: 300 sec this turn | 300 sec total | 5 sec grace\n|\n|t:|1783534264\n|switch|p2a: Delphox|Delphox, L84, M|263/263\n|turn|22\n|inactive|Time left: 300 sec this turn | 300 sec total\n|\n|t:|1783534265\n|move|p2a: Delphox|Nasty Plot|p2a: Delphox\n|-boost|p2a: Delphox|spa|2\n|move|p1a: Walking Wake|Hydro Steam|p2a: Delphox\n|-supereffective|p2a: Delphox\n|-damage|p2a: Delphox|81/263\n|\n|upkeep\n|turn|23\n|inactive|Time left: 300 sec this turn | 300 sec total\n|\n|t:|1783534266\n|move|p2a: Delphox|Psyshock|p1a: Walking Wake\n|-damage|p1a: Walking Wake|0 fnt\n|faint|p1a: Walking Wake\n|-end|p1a: Walking Wake|Protosynthesis|[silent]\n|\n|upkeep\n|\n|t:|1783534267\n|switch|p1a: Annihilape|Annihilape, L76, F|100/100\n|turn|24\n|inactive|Time left: 300 sec this turn | 300 sec total\n|\n|t:|1783534267\n|-terastallize|p2a: Delphox|Fire\n|-terastallize|p1a: Annihilape|Fairy\n|move|p2a: Delphox|Psyshock|p1a: Annihilape\n|-damage|p1a: Annihilape|20/100\n|move|p1a: Annihilape|Drain Punch|p2a: Delphox\n|-damage|p2a: Delphox|0 fnt\n|-heal|p1a: Annihilape|34/100|[from] drain|[of] p2a: Delphox\n|faint|p2a: Delphox\n|\n|-heal|p1a: Annihilape|41/100|[from] item: Leftovers\n|upkeep\n|inactive|Time left: 300 sec this turn | 300 sec total | 5 sec grace\n|\n|t:|1783534268\n|switch|p2a: Swalot|Swalot, L90, F|326/326\n|turn|25\n|inactive|Time left: 300 sec this turn | 300 sec total\n|\n|t:|1783534269\n|move|p1a: Annihilape|Gunk Shot|p2a: Swalot|[miss]\n|-miss|p1a: Annihilape|p2a: Swalot\n|move|p2a: Swalot|Sludge Bomb|p1a: Annihilape\n|-supereffective|p1a: Annihilape\n|-damage|p1a: Annihilape|0 fnt\n|faint|p1a: Annihilape\n|\n|win|p0y086c720", "uploadtime": 1783534269, "views": 0, "rating": 0, "private": 0, "password": null, "_winner": "p0y086c720", "_our_name": "p0y086c720"}