{"id": "battle-gen9randombattle-233", "formatid": "gen9randombattle", "format": "[Gen 9] Random Battle", "players": ["p0x2337266", "p0y233f6a4"], "log": "|init|battle\n|title|p0x2337266 vs. p0y233f6a4\n|j|\u2606p0x2337266\n|j|\u2606p0y233f6a4\n|t:|1783535971\n|gametype|singles\n|player|p1|p0x2337266|170|\n|player|p2|p0y233f6a4|266|\n|gen|9\n|tier|[Gen 9] Random Battle\n|rule|Species Clause: Limit one of each Pok\u00e9mon\n|rule|HP Percentage Mod: HP is shown in percentages\n|rule|Sleep Clause Mod: Limit one foe put to sleep\n|rule|Illusion Level Mod: Illusion disguises the Pok\u00e9mon's true level\n|\n|t:|1783535971\n|teamsize|p1|6\n|teamsize|p2|6\n|start\n|switch|p1a: Ariados|Ariados, L95, M|287/287\n|switch|p2a: Iron Crown|Iron Crown, L78|100/100\n|turn|1\n|inactive|Battle timer is ON: inactive players will automatically lose when time's up. (requested by p0x2337266)\n|inactive|p0y233f6a4 also wants the timer to be on.\n|\n|t:|1783535972\n|move|p2a: Iron Crown|Psyshock|p1a: Ariados\n|-supereffective|p1a: Ariados\n|-damage|p1a: Ariados|113/287\n|move|p1a: Ariados|Sticky Web|p2a: Iron Crown\n|-sidestart|p2: p0y233f6a4|move: Sticky Web\n|\n|upkeep\n|turn|2\n|inactive|Time left: 300 sec this turn | 300 sec total\n|\n|t:|1783535973\n|switch|p1a: Hypno|Hypno, L95, M|315/315\n|move|p2a: Iron Crown|Calm Mind|p2a: Iron Crown\n|-boost|p2a: Iron Crown|spa|1\n|-boost|p2a: Iron Crown|spd|1\n|\n|upkeep\n|turn|3\n|inactive|Time left: 300 sec this turn | 300 sec total\n|\n|t:|1783535974\n|move|p2a: Iron Crown|Calm Mind|p2a: Iron Crown\n|-boost|p2a: Iron Crown|spa|1\n|-boost|p2a: Iron Crown|spd|1\n|move|p1a: Hypno|Toxic|p2a: Iron Crown\n|-immune|p2a: Iron Crown\n|\n|upkeep\n|turn|4\n|inactive|Time left: 300 sec this turn | 300 sec total\n|\n|t:|1783535975\n|move|p1a: Hypno|Protect|p1a: Hypno\n|-singleturn|p1a: Hypno|Protect\n|move|p2a: Iron Crown|Tachyon Cutter|p1a: Hypno\n|-activate|p1a: Hypno|move: Protect\n|\n|upkeep\n|turn|5\n|inactive|Time left: 300 sec this turn | 300 sec total\n|\n|t:|1783535976\n|move|p2a: Iron Crown|Tachyon Cutter|p1a: Hypno\n|-damage|p1a: Hypno|237/315\n|-damage|p1a: Hypno|162/315\n|-hitcount|p1a: Hypno|2\n|move|p1a: Hypno|Psychic Noise|p2a: Iron Crown\n|-resisted|p2a: Iron Crown\n|-damage|p2a: Iron Crown|97/100\n|-start|p2a: Iron Crown|move: Heal Block\n|\n|-heal|p1a: Hypno|181/315|[from] item: Leftovers\n|upkeep\n|turn|6\n|inactive|Time left: 300 sec this turn | 300 sec total\n|\n|t:|1783535977\n|move|p1a: Hypno|Protect|p1a: Hypno\n|-singleturn|p1a: Hypno|Protect\n|move|p2a: Iron Crown|Tachyon Cutter|p1a: Hypno\n|-activate|p1a: Hypno|move: Protect\n|\n|-heal|p1a: Hypno|200/315|[from] item: Leftovers\n|-end|p2a: Iron Crown|move: Heal Block\n|upkeep\n|turn|7\n|inactive|Time left: 300 sec this turn | 300 sec total\n|\n|t:|1783535978\n|move|p1a: Hypno|Protect||[still]\n|-fail|p1a: Hypno\n|move|p2a: Iron Crown|Tachyon Cutter|p1a: Hypno\n|-damage|p1a: Hypno|119/315\n|-damage|p1a: Hypno|38/315\n|-hitcount|p1a: Hypno|2\n|\n|-heal|p2a: Iron Crown|100/100|[from] item: Leftovers\n|-heal|p1a: Hypno|57/315|[from] item: Leftovers\n|upkeep\n|turn|8\n|inactive|Time left: 300 sec this turn | 300 sec total\n|\n|t:|1783535980\n|move|p1a: Hypno|Protect|p1a: Hypno\n|-singleturn|p1a: Hypno|Protect\n|move|p2a: Iron Crown|Tachyon Cutter|p1a: Hypno\n|-activate|p1a: Hypno|move: Protect\n|\n|-heal|p1a: Hypno|76/315|[from] item: Leftovers\n|upkeep\n|turn|9\n|inactive|Time left: 300 sec this turn | 300 sec total\n|\n|t:|1783535981\n|move|p1a: Hypno|Protect||[still]\n|-fail|p1a: Hypno\n|move|p2a: Iron Crown|Tachyon Cutter|p1a: Hypno\n|-crit|p1a: Hypno\n|-damage|p1a: Hypno|0 fnt\n|faint|p1a: Hypno\n|-hitcount|p1: Hypno|1\n|\n|upkeep\n|inactive|Time left: 300 sec this turn | 300 sec total | 5 sec grace\n|\n|t:|1783535982\n|switch|p1a: Tinkaton|Tinkaton, L82, F|274/274\n|-ability|p1a: Tinkaton|Mold Breaker\n|turn|10\n|inactive|Time left: 300 sec this turn | 300 sec total\n|\n|t:|1783535983\n|move|p1a: Tinkaton|Thunder Wave|p2a: Iron Crown\n|-status|p2a: Iron Crown|par\n|move|p2a: Iron Crown|Tachyon Cutter|p1a: Tinkaton\n|-damage|p1a: Tinkaton|174/274\n|-damage|p1a: Tinkaton|72/274\n|-hitcount|p1a: Tinkaton|2\n|\n|-heal|p1a: Tinkaton|89/274|[from] item: Leftovers\n|upkeep\n|turn|11\n|inactive|Time left: 300 sec this turn | 300 sec total\n|\n|t:|1783535984\n|move|p1a: Tinkaton|Gigaton Hammer|p2a: Iron Crown\n|-resisted|p2a: Iron Crown\n|-damage|p2a: Iron Crown|77/100 par\n|move|p2a: Iron Crown|Tachyon Cutter|p1a: Tinkaton\n|-damage|p1a: Tinkaton|0 fnt\n|faint|p1a: Tinkaton\n|-hitcount|p1: Tinkaton|1\n|\n|-heal|p2a: Iron Crown|83/100 par|[from] item: Leftovers\n|upkeep\n|inactive|Time left: 300 sec this turn | 300 sec total | 5 sec grace\n|\n|t:|1783535985\n|switch|p1a: Mamoswine|Mamoswine, L81, M|311/311\n|turn|12\n|inactive|Time left: 300 sec this turn | 300 sec total\n|\n|t:|1783535986\n|-end|p2a: Iron Crown|Quark Drive|[silent]\n|switch|p2a: Talonflame|Talonflame, L83, M|100/100\n|move|p1a: Mamoswine|Earthquake|p2a: Talonflame\n|-immune|p2a: Talonflame\n|\n|upkeep\n|turn|13\n|inactive|Time left: 300 sec this turn | 300 sec total\n|\n|t:|1783535988\n|switch|p1a: Bellibolt|Bellibolt, L84, M|320/320\n|move|p2a: Talonflame|Defog|p1a: Bellibolt\n|-unboost|p1a: Bellibolt|evasion|1\n|-sideend|p2: p0y233f6a4|Sticky Web|[from] move: Defog|[of] p2a: Talonflame\n|\n|upkeep\n|turn|14\n|inactive|Time left: 300 sec this turn | 300 sec total\n|\n|t:|1783535989\n|switch|p2a: Iron Crown|Iron Crown, L78|83/100 par\n|move|p1a: Bellibolt|Thunderbolt|p2a: Iron Crown\n|-damage|p2a: Iron Crown|46/100 par\n|\n|-heal|p2a: Iron Crown|52/100 par|[from] item: Leftovers\n|upkeep\n|turn|15\n|inactive|Time left: 300 sec this turn | 300 sec total\n|\n|t:|1783535990\n|move|p1a: Bellibolt|Thunderbolt|p2a: Iron Crown\n|-damage|p2a: Iron Crown|18/100 par\n|move|p2a: Iron Crown|Calm Mind|p2a: Iron Crown\n|-boost|p2a: Iron Crown|spa|1\n|-boost|p2a: Iron Crown|spd|1\n|\n|-heal|p2a: Iron Crown|24/100 par|[from] item: Leftovers\n|upkeep\n|turn|16\n|inactive|Time left: 300 sec this turn | 300 sec total\n|\n|t:|1783535991\n|move|p1a: Bellibolt|Thunderbolt|p2a: Iron Crown\n|-damage|p2a: Iron Crown|2/100 par\n|move|p2a: Iron Crown|Tachyon Cutter|p1a: Bellibolt\n|-resisted|p1a: Bellibolt\n|-damage|p1a: Bellibolt|276/320\n|-start|p1a: Bellibolt|Charge|Tachyon Cutter|[from] ability: Electromorphosis\n|-resisted|p1a: Bellibolt\n|-damage|p1a: Bellibolt|237/320\n|-start|p1a: Bellibolt|Charge|Tachyon Cutter|[from] ability: Electromorphosis\n|-hitcount|p1a: Bellibolt|2\n|\n|-heal|p1a: Bellibolt|257/320|[from] item: Leftovers\n|-heal|p2a: Iron Crown|8/100 par|[from] item: Leftovers\n|upkeep\n|turn|17\n|inactive|Time left: 300 sec this turn | 300 sec total\n|\n|t:|1783535992\n|move|p1a: Bellibolt|Thunderbolt|p2a: Iron Crown\n|-damage|p2a: Iron Crown|0 fnt\n|faint|p2a: Iron Crown\n|-end|p2a: Iron Crown|Quark Drive|[silent]\n|-end|p1a: Bellibolt|Charge|[silent]\n|\n|-heal|p1a: Bellibolt|277/320|[from] item: Leftovers\n|upkeep\n|\n|t:|1783535993\n|switch|p2a: Falinks|Falinks, L84|100/100\n|turn|18\n|inactive|Time left: 300 sec this turn | 300 sec total\n|\n|t:|1783535994\n|-terastallize|p1a: Bellibolt|Electric\n|move|p2a: Falinks|No Retreat|p2a: Falinks\n|-boost|p2a: Falinks|atk|1\n|-boost|p2a: Falinks|def|1\n|-boost|p2a: Falinks|spa|1\n|-boost|p2a: Falinks|spd|1\n|-boost|p2a: Falinks|spe|1\n|-start|p2a: Falinks|move: No Retreat\n|move|p1a: Bellibolt|Thunderbolt|p2a: Falinks\n|-damage|p2a: Falinks|55/100\n|\n|-heal|p1a: Bellibolt|297/320|[from] item: Leftovers\n|upkeep\n|turn|19\n|inactive|Time left: 300 sec this turn | 300 sec total\n|\n|t:|1783535995\n|move|p2a: Falinks|Close Combat|p1a: Bellibolt\n|-damage|p1a: Bellibolt|71/320\n|-unboost|p2a: Falinks|def|1\n|-unboost|p2a: Falinks|spd|1\n|-start|p1a: Bellibolt|Charge|Close Combat|[from] ability: Electromorphosis\n|-damage|p2a: Falinks|45/100|[from] item: Life Orb\n|move|p1a: Bellibolt|Thunderbolt|p2a: Falinks\n|-damage|p2a: Falinks|0 fnt\n|faint|p2a: Falinks\n|-end|p1a: Bellibolt|Charge|[silent]\n|\n|-heal|p1a: Bellibolt|91/320|[from] item: Leftovers\n|upkeep\n|\n|t:|1783535996\n|switch|p2a: Hitmonchan|Hitmonchan, L87, M|100/100\n|turn|20\n|inactive|Time left: 300 sec this turn | 300 sec total\n|\n|t:|1783535997\n|switch|p1a: Cramorant|Cramorant, L86, F|261/261\n|move|p2a: Hitmonchan|Drain Punch|p1a: Cramorant\n|-resisted|p1a: Cramorant\n|-damage|p1a: Cramorant|171/261\n|-damage|p2a: Hitmonchan|91/100|[from] item: Life Orb\n|\n|upkeep\n|turn|21\n|inactive|Time left: 300 sec this turn | 300 sec total\n|\n|t:|1783535998\n|-terastallize|p2a: Hitmonchan|Dark\n|move|p1a: Cramorant|Brave Bird|p2a: Hitmonchan\n|-damage|p2a: Hitmonchan|36/100\n|-damage|p1a: Cramorant|129/261|[from] Recoil\n|move|p2a: Hitmonchan|Knock Off|p1a: Cramorant\n|-damage|p1a: Cramorant|0 fnt\n|-enditem|p1a: Cramorant|Heavy-Duty Boots|[from] move: Knock Off|[of] p2a: Hitmonchan\n|faint|p1a: Cramorant\n|-damage|p2a: Hitmonchan|26/100|[from] item: Life Orb\n|\n|upkeep\n|inactive|Time left: 300 sec this turn | 300 sec total | 5 sec grace\n|\n|t:|1783535999\n|switch|p1a: Mamoswine|Mamoswine, L81, M|311/311\n|turn|22\n|inactive|Time left: 300 sec this turn | 300 sec total\n|\n|t:|1783536000\n|move|p1a: Mamoswine|Ice Shard|p2a: Hitmonchan\n|-damage|p2a: Hitmonchan|0 fnt\n|faint|p2a: Hitmonchan\n|\n|upkeep\n|\n|t:|1783536001\n|switch|p2a: Iron Moth|Iron Moth, L78|100/100\n|turn|23\n|inactive|Time left: 300 sec this turn | 300 sec total\n|\n|t:|1783536002\n|switch|p1a: Ariados|Ariados, L95, M|113/287\n|move|p2a: Iron Moth|Fiery Dance|p1a: Ariados\n|-supereffective|p1a: Ariados\n|-damage|p1a: Ariados|0 fnt\n|-boost|p2a: Iron Moth|spa|1\n|faint|p1a: Ariados\n|\n|upkeep\n|inactive|Time left: 300 sec this turn | 300 sec total | 5 sec grace\n|\n|t:|1783536003\n|switch|p1a: Mamoswine|Mamoswine, L81, M|311/311\n|turn|24\n|inactive|Time left: 300 sec this turn | 300 sec total\n|\n|t:|1783536004\n|move|p2a: Iron Moth|Energy Ball|p1a: Mamoswine\n|-supereffective|p1a: Mamoswine\n|-crit|p1a: Mamoswine\n|-damage|p1a: Mamoswine|0 fnt\n|faint|p1a: Mamoswine\n|\n|upkeep\n|inactive|Time left: 300 sec this turn | 300 sec total | 5 sec grace\n|\n|t:|1783536005\n|switch|p1a: Bellibolt|Bellibolt, L84, M, tera:Electric|91/320\n|turn|25\n|inactive|Time left: 300 sec this turn | 300 sec total\n|\n|t:|1783536006\n|move|p2a: Iron Moth|Fiery Dance|p1a: Bellibolt\n|-damage|p1a: Bellibolt|0 fnt\n|faint|p1a: Bellibolt\n|\n|win|p0y233f6a4", "uploadtime": 1783536006, "views": 0, "rating": 0, "private": 0, "password": null, "_winner": "p0y233f6a4", "_our_name": "p0x2337266"}