{"id": "battle-gen9randombattle-1960", "formatid": "gen9randombattle", "format": "[Gen 9] Random Battle", "players": ["p0x1960bbeb", "p0y1960704e"], "log": "|init|battle\n|title|p0x1960bbeb vs. p0y1960704e\n|j|\u2606p0x1960bbeb\n|j|\u2606p0y1960704e\n|t:|1783561939\n|gametype|singles\n|player|p1|p0x1960bbeb|170|\n|player|p2|p0y1960704e|265|\n|gen|9\n|tier|[Gen 9] Random Battle\n|rule|Species Clause: Limit one of each Pok\u00e9mon\n|rule|HP Percentage Mod: HP is shown in percentages\n|rule|Sleep Clause Mod: Limit one foe put to sleep\n|rule|Illusion Level Mod: Illusion disguises the Pok\u00e9mon's true level\n|\n|t:|1783561939\n|teamsize|p1|6\n|teamsize|p2|6\n|start\n|switch|p1a: Cloyster|Cloyster, L80, M|100/100\n|switch|p2a: Iron Hands|Iron Hands, L79|373/373\n|turn|1\n|inactive|Battle timer is ON: inactive players will automatically lose when time's up. (requested by p0y1960704e)\n|inactive|p0x1960bbeb also wants the timer to be on.\n|\n|t:|1783561941\n|move|p1a: Cloyster|Shell Smash|p1a: Cloyster\n|-unboost|p1a: Cloyster|def|1\n|-unboost|p1a: Cloyster|spd|1\n|-boost|p1a: Cloyster|atk|2\n|-boost|p1a: Cloyster|spa|2\n|-boost|p1a: Cloyster|spe|2\n|-enditem|p1a: Cloyster|White Herb\n|-clearnegativeboost|p1a: Cloyster|[silent]\n|move|p2a: Iron Hands|Swords Dance|p2a: Iron Hands\n|-boost|p2a: Iron Hands|atk|2\n|\n|upkeep\n|turn|2\n|inactive|Time left: 300 sec this turn | 300 sec total\n|\n|t:|1783561942\n|-terastallize|p1a: Cloyster|Ground\n|move|p1a: Cloyster|Drill Run|p2a: Iron Hands\n|-supereffective|p2a: Iron Hands\n|-damage|p2a: Iron Hands|71/373\n|move|p2a: Iron Hands|Drain Punch|p1a: Cloyster\n|-damage|p1a: Cloyster|50/100\n|-heal|p2a: Iron Hands|124/373|[from] drain|[of] p1a: Cloyster\n|\n|-heal|p2a: Iron Hands|147/373|[from] item: Leftovers\n|upkeep\n|turn|3\n|inactive|Time left: 300 sec this turn | 300 sec total\n|\n|t:|1783561943\n|move|p1a: Cloyster|Icicle Spear|p2a: Iron Hands\n|-damage|p2a: Iron Hands|102/373\n|-damage|p2a: Iron Hands|60/373\n|-damage|p2a: Iron Hands|14/373\n|-damage|p2a: Iron Hands|0 fnt\n|faint|p2a: Iron Hands\n|-end|p2a: Iron Hands|Quark Drive|[silent]\n|-hitcount|p2: Iron Hands|4\n|\n|upkeep\n|inactive|Time left: 300 sec this turn | 300 sec total | 5 sec grace\n|\n|t:|1783561944\n|switch|p2a: Slowbro|Slowbro-Galar, L87, F|307/307\n|turn|4\n|inactive|Time left: 300 sec this turn | 300 sec total\n|\n|t:|1783561945\n|move|p1a: Cloyster|Drill Run|p2a: Slowbro|[miss]\n|-miss|p1a: Cloyster|p2a: Slowbro\n|move|p2a: Slowbro|Psychic|p1a: Cloyster\n|-damage|p1a: Cloyster|0 fnt\n|faint|p1a: Cloyster\n|\n|upkeep\n|\n|t:|1783561946\n|switch|p1a: Dusknoir|Dusknoir, L89, M|100/100\n|-item|p2a: Slowbro|Assault Vest|[from] ability: Frisk|[of] p1a: Dusknoir\n|turn|5\n|inactive|Time left: 300 sec this turn | 300 sec total\n|\n|t:|1783561947\n|switch|p2a: Garganacl|Garganacl, L80, F|291/291\n|move|p1a: Dusknoir|Poltergeist|p2a: Garganacl\n|-activate|p2a: Garganacl|move: Poltergeist|Leftovers\n|-damage|p2a: Garganacl|236/291\n|\n|-heal|p2a: Garganacl|254/291|[from] item: Leftovers\n|upkeep\n|turn|6\n|inactive|Time left: 300 sec this turn | 300 sec total\n|\n|t:|1783561948\n|move|p1a: Dusknoir|Earthquake|p2a: Garganacl\n|-supereffective|p2a: Garganacl\n|-damage|p2a: Garganacl|124/291\n|move|p2a: Garganacl|Salt Cure|p1a: Dusknoir\n|-damage|p1a: Dusknoir|87/100\n|-start|p1a: Dusknoir|Salt Cure\n|\n|-heal|p1a: Dusknoir|93/100|[from] item: Leftovers\n|-heal|p2a: Garganacl|142/291|[from] item: Leftovers\n|-damage|p1a: Dusknoir|81/100|[from] Salt Cure\n|upkeep\n|turn|7\n|inactive|Time left: 300 sec this turn | 300 sec total\n|\n|t:|1783561949\n|move|p1a: Dusknoir|Earthquake|p2a: Garganacl\n|-supereffective|p2a: Garganacl\n|-damage|p2a: Garganacl|14/291\n|move|p2a: Garganacl|Recover|p2a: Garganacl\n|-heal|p2a: Garganacl|160/291\n|\n|-heal|p1a: Dusknoir|87/100|[from] item: Leftovers\n|-heal|p2a: Garganacl|178/291|[from] item: Leftovers\n|-damage|p1a: Dusknoir|75/100|[from] Salt Cure\n|upkeep\n|turn|8\n|inactive|Time left: 300 sec this turn | 300 sec total\n|\n|t:|1783561950\n|move|p1a: Dusknoir|Earthquake|p2a: Garganacl\n|-supereffective|p2a: Garganacl\n|-damage|p2a: Garganacl|60/291\n|move|p2a: Garganacl|Stealth Rock|p1a: Dusknoir\n|-sidestart|p1: p0x1960bbeb|move: Stealth Rock\n|\n|-heal|p1a: Dusknoir|81/100|[from] item: Leftovers\n|-heal|p2a: Garganacl|78/291|[from] item: Leftovers\n|-damage|p1a: Dusknoir|68/100|[from] Salt Cure\n|upkeep\n|turn|9\n|inactive|Time left: 300 sec this turn | 300 sec total\n|\n|t:|1783561951\n|move|p2a: Garganacl|Protect|p2a: Garganacl\n|-singleturn|p2a: Garganacl|Protect\n|move|p1a: Dusknoir|Earthquake|p2a: Garganacl\n|-activate|p2a: Garganacl|move: Protect\n|\n|-heal|p1a: Dusknoir|75/100|[from] item: Leftovers\n|-heal|p2a: Garganacl|96/291|[from] item: Leftovers\n|-damage|p1a: Dusknoir|62/100|[from] Salt Cure\n|upkeep\n|turn|10\n|inactive|Time left: 300 sec this turn | 300 sec total\n|\n|t:|1783561952\n|move|p1a: Dusknoir|Earthquake|p2a: Garganacl\n|-supereffective|p2a: Garganacl\n|-damage|p2a: Garganacl|0 fnt\n|faint|p2a: Garganacl\n|\n|-heal|p1a: Dusknoir|68/100|[from] item: Leftovers\n|-damage|p1a: Dusknoir|56/100|[from] Salt Cure\n|upkeep\n|inactive|Time left: 300 sec this turn | 300 sec total | 5 sec grace\n|\n|t:|1783561953\n|switch|p2a: Sinistcha|Sinistcha-Masterpiece, L83|254/254\n|turn|11\n|inactive|Time left: 300 sec this turn | 300 sec total\n|\n|t:|1783561954\n|switch|p1a: Zangoose|Zangoose, L85, M|100/100\n|-damage|p1a: Zangoose|88/100|[from] Stealth Rock\n|move|p2a: Sinistcha|Shadow Ball|p1a: Zangoose\n|-immune|p1a: Zangoose\n|\n|-status|p1a: Zangoose|tox|[from] item: Toxic Orb\n|upkeep\n|turn|12\n|inactive|Time left: 300 sec this turn | 300 sec total\n|\n|t:|1783561955\n|move|p1a: Zangoose|Swords Dance|p1a: Zangoose\n|-boost|p1a: Zangoose|atk|2\n|move|p2a: Sinistcha|Matcha Gotcha|p1a: Zangoose\n|-damage|p1a: Zangoose|43/100 tox\n|\n|-damage|p1a: Zangoose|37/100 tox|[from] psn\n|upkeep\n|turn|13\n|inactive|Time left: 300 sec this turn | 300 sec total\n|\n|t:|1783561956\n|-terastallize|p2a: Sinistcha|Steel\n|move|p1a: Zangoose|Knock Off|p2a: Sinistcha\n|-damage|p2a: Sinistcha|49/254\n|-enditem|p2a: Sinistcha|Leftovers|[from] move: Knock Off|[of] p1a: Zangoose\n|move|p2a: Sinistcha|Matcha Gotcha|p1a: Zangoose\n|-damage|p1a: Zangoose|0 fnt\n|-heal|p2a: Sinistcha|98/254|[from] drain|[of] p1a: Zangoose\n|faint|p1a: Zangoose\n|\n|upkeep\n|\n|t:|1783561957\n|switch|p1a: Corviknight|Corviknight, L80, M|100/100\n|-damage|p1a: Corviknight|88/100|[from] Stealth Rock\n|turn|14\n|inactive|Time left: 300 sec this turn | 300 sec total\n|\n|t:|1783561958\n|move|p2a: Sinistcha|Strength Sap|p1a: Corviknight\n|-ability|p1a: Corviknight|Mirror Armor\n|-unboost|p2a: Sinistcha|atk|1\n|-heal|p2a: Sinistcha|254/254\n|move|p1a: Corviknight|Body Press|p2a: Sinistcha\n|-supereffective|p2a: Sinistcha\n|-crit|p2a: Sinistcha\n|-damage|p2a: Sinistcha|120/254\n|\n|upkeep\n|turn|15\n|inactive|Time left: 300 sec this turn | 300 sec total\n|\n|t:|1783561959\n|move|p2a: Sinistcha|Strength Sap|p1a: Corviknight\n|-ability|p1a: Corviknight|Mirror Armor\n|-unboost|p2a: Sinistcha|atk|1\n|-heal|p2a: Sinistcha|254/254\n|move|p1a: Corviknight|Defog|p2a: Sinistcha\n|-unboost|p2a: Sinistcha|evasion|1\n|-sideend|p1: p0x1960bbeb|Stealth Rock|[from] move: Defog|[of] p1a: Corviknight\n|\n|upkeep\n|turn|16\n|inactive|Time left: 300 sec this turn | 300 sec total\n|\n|t:|1783561960\n|move|p2a: Sinistcha|Shadow Ball|p1a: Corviknight\n|-damage|p1a: Corviknight|50/100\n|move|p1a: Corviknight|Body Press|p2a: Sinistcha\n|-supereffective|p2a: Sinistcha\n|-damage|p2a: Sinistcha|164/254\n|\n|upkeep\n|turn|17\n|inactive|Time left: 300 sec this turn | 300 sec total\n|\n|t:|1783561961\n|move|p2a: Sinistcha|Strength Sap|p1a: Corviknight\n|-ability|p1a: Corviknight|Mirror Armor\n|-unboost|p2a: Sinistcha|atk|1\n|-heal|p2a: Sinistcha|254/254\n|move|p1a: Corviknight|Roost|p1a: Corviknight\n|-heal|p1a: Corviknight|100/100\n|-singleturn|p1a: Corviknight|move: Roost\n|\n|upkeep\n|turn|18\n|inactive|Time left: 300 sec this turn | 300 sec total\n|\n|t:|1783561962\n|move|p2a: Sinistcha|Shadow Ball|p1a: Corviknight\n|-damage|p1a: Corviknight|66/100\n|move|p1a: Corviknight|Brave Bird|p2a: Sinistcha\n|-resisted|p2a: Sinistcha\n|-damage|p2a: Sinistcha|206/254\n|-damage|p1a: Corviknight|61/100|[from] Recoil\n|\n|upkeep\n|turn|19\n|inactive|Time left: 300 sec this turn | 300 sec total\n|\n|t:|1783561963\n|move|p2a: Sinistcha|Shadow Ball|p1a: Corviknight\n|-damage|p1a: Corviknight|21/100\n|move|p1a: Corviknight|Roost|p1a: Corviknight\n|-heal|p1a: Corviknight|71/100\n|-singleturn|p1a: Corviknight|move: Roost\n|\n|upkeep\n|turn|20\n|inactive|Time left: 300 sec this turn | 300 sec total\n|\n|t:|1783561964\n|move|p2a: Sinistcha|Strength Sap|p1a: Corviknight\n|-ability|p1a: Corviknight|Mirror Armor\n|-unboost|p2a: Sinistcha|atk|1\n|-heal|p2a: Sinistcha|254/254\n|move|p1a: Corviknight|Roost|p1a: Corviknight\n|-heal|p1a: Corviknight|100/100\n|-singleturn|p1a: Corviknight|move: Roost\n|\n|upkeep\n|turn|21\n|inactive|Time left: 300 sec this turn | 300 sec total\n|\n|t:|1783561965\n|move|p2a: Sinistcha|Calm Mind|p2a: Sinistcha\n|-boost|p2a: Sinistcha|spa|1\n|-boost|p2a: Sinistcha|spd|1\n|move|p1a: Corviknight|Brave Bird|p2a: Sinistcha\n|-resisted|p2a: Sinistcha\n|-damage|p2a: Sinistcha|203/254\n|-damage|p1a: Corviknight|95/100|[from] Recoil\n|\n|upkeep\n|turn|22\n|inactive|Time left: 300 sec this turn | 300 sec total\n|\n|t:|1783561966\n|move|p2a: Sinistcha|Shadow Ball|p1a: Corviknight\n|-damage|p1a: Corviknight|36/100\n|-ability|p1a: Corviknight|Mirror Armor\n|-unboost|p2a: Sinistcha|spd|1\n|move|p1a: Corviknight|Body Press|p2a: Sinistcha\n|-supereffective|p2a: Sinistcha\n|-damage|p2a: Sinistcha|99/254\n|\n|upkeep\n|turn|23\n|inactive|Time left: 300 sec this turn | 300 sec total\n|\n|t:|1783561967\n|switch|p1a: Quagsire|Quagsire, L84, M|100/100\n|move|p2a: Sinistcha|Shadow Ball|p1a: Quagsire\n|-damage|p1a: Quagsire|60/100\n|\n|-heal|p1a: Quagsire|66/100|[from] item: Leftovers\n|upkeep\n|turn|24\n|inactive|Time left: 300 sec this turn | 300 sec total\n|\n|t:|1783561968\n|move|p2a: Sinistcha|Matcha Gotcha|p1a: Quagsire\n|-supereffective|p1a: Quagsire\n|-damage|p1a: Quagsire|0 fnt\n|-heal|p2a: Sinistcha|197/254|[from] drain|[of] p1a: Quagsire\n|faint|p1a: Quagsire\n|\n|upkeep\n|\n|t:|1783561969\n|switch|p1a: Weezing|Weezing-Galar, L86, F|100/100\n|turn|25\n|inactive|Time left: 300 sec this turn | 300 sec total\n|\n|t:|1783561970\n|move|p2a: Sinistcha|Shadow Ball|p1a: Weezing\n|-damage|p1a: Weezing|33/100\n|move|p1a: Weezing|Fire Blast|p2a: Sinistcha\n|-supereffective|p2a: Sinistcha\n|-damage|p2a: Sinistcha|123/254\n|\n|-heal|p1a: Weezing|39/100|[from] item: Leftovers\n|upkeep\n|turn|26\n|inactive|Time left: 300 sec this turn | 300 sec total\n|\n|t:|1783561972\n|switch|p1a: Corviknight|Corviknight, L80, M|36/100\n|move|p2a: Sinistcha|Shadow Ball|p1a: Corviknight\n|-damage|p1a: Corviknight|0 fnt\n|faint|p1a: Corviknight\n|\n|upkeep\n|\n|t:|1783561973\n|switch|p1a: Weezing|Weezing-Galar, L86, F|39/100\n|turn|27\n|inactive|Time left: 300 sec this turn | 300 sec total\n|\n|t:|1783561974\n|move|p2a: Sinistcha|Shadow Ball|p1a: Weezing\n|-damage|p1a: Weezing|0 fnt\n|faint|p1a: Weezing\n|\n|upkeep\n|\n|t:|1783561975\n|switch|p1a: Dusknoir|Dusknoir, L89, M|56/100\n|turn|28\n|inactive|Time left: 300 sec this turn | 300 sec total\n|\n|t:|1783561976\n|move|p2a: Sinistcha|Shadow Ball|p1a: Dusknoir\n|-supereffective|p1a: Dusknoir\n|-damage|p1a: Dusknoir|0 fnt\n|faint|p1a: Dusknoir\n|\n|win|p0y1960704e", "uploadtime": 1783561976, "views": 0, "rating": 0, "private": 0, "password": null, "_winner": "p0y1960704e", "_our_name": "p0y1960704e"}