{"id": "battle-gen9randombattle-2719", "formatid": "gen9randombattle", "format": "[Gen 9] Random Battle", "players": ["p0x27194782", "p0y271947e8"], "log": "|init|battle\n|title|p0x27194782 vs. p0y271947e8\n|j|\u2606p0x27194782\n|j|\u2606p0y271947e8\n|t:|1783570329\n|gametype|singles\n|player|p1|p0x27194782|169|\n|player|p2|p0y271947e8|265|\n|gen|9\n|tier|[Gen 9] Random Battle\n|rule|Species Clause: Limit one of each Pok\u00e9mon\n|rule|HP Percentage Mod: HP is shown in percentages\n|rule|Sleep Clause Mod: Limit one foe put to sleep\n|rule|Illusion Level Mod: Illusion disguises the Pok\u00e9mon's true level\n|\n|t:|1783570329\n|teamsize|p1|6\n|teamsize|p2|6\n|start\n|switch|p1a: Umbreon|Umbreon, L84, F|297/297\n|switch|p2a: Regieleki|Regieleki, L79|100/100\n|turn|1\n|inactive|Battle timer is ON: inactive players will automatically lose when time's up. (requested by p0x27194782)\n|inactive|p0y271947e8 also wants the timer to be on.\n|\n|t:|1783570331\n|move|p2a: Regieleki|Volt Switch|p1a: Umbreon\n|-damage|p1a: Umbreon|218/297\n|\n|t:|1783570332\n|switch|p2a: Iron Crown|Iron Crown, L78|100/100|[from] Volt Switch\n|move|p1a: Umbreon|Foul Play|p2a: Iron Crown\n|-supereffective|p2a: Iron Crown\n|-damage|p2a: Iron Crown|62/100\n|\n|-heal|p2a: Iron Crown|68/100|[from] item: Leftovers\n|-heal|p1a: Umbreon|236/297|[from] item: Leftovers\n|upkeep\n|turn|2\n|inactive|Time left: 300 sec this turn | 300 sec total\n|\n|t:|1783570333\n|move|p2a: Iron Crown|Calm Mind|p2a: Iron Crown\n|-boost|p2a: Iron Crown|spa|1\n|-boost|p2a: Iron Crown|spd|1\n|move|p1a: Umbreon|Foul Play|p2a: Iron Crown\n|-supereffective|p2a: Iron Crown\n|-damage|p2a: Iron Crown|26/100\n|\n|-heal|p2a: Iron Crown|32/100|[from] item: Leftovers\n|-heal|p1a: Umbreon|254/297|[from] item: Leftovers\n|upkeep\n|turn|3\n|inactive|Time left: 300 sec this turn | 300 sec total\n|\n|t:|1783570334\n|-terastallize|p2a: Iron Crown|Steel\n|move|p2a: Iron Crown|Tachyon Cutter|p1a: Umbreon\n|-damage|p1a: Umbreon|178/297\n|-damage|p1a: Umbreon|92/297\n|-hitcount|p1a: Umbreon|2\n|move|p1a: Umbreon|Foul Play|p2a: Iron Crown\n|-damage|p2a: Iron Crown|12/100\n|\n|-heal|p2a: Iron Crown|18/100|[from] item: Leftovers\n|-heal|p1a: Umbreon|110/297|[from] item: Leftovers\n|upkeep\n|turn|4\n|inactive|Time left: 300 sec this turn | 300 sec total\n|\n|t:|1783570335\n|switch|p1a: Skeledirge|Skeledirge, L79, M|294/294\n|move|p2a: Iron Crown|Tachyon Cutter|p1a: Skeledirge\n|-resisted|p1a: Skeledirge\n|-damage|p1a: Skeledirge|245/294\n|-resisted|p1a: Skeledirge\n|-damage|p1a: Skeledirge|198/294\n|-hitcount|p1a: Skeledirge|2\n|\n|-heal|p2a: Iron Crown|24/100|[from] item: Leftovers\n|upkeep\n|turn|5\n|inactive|Time left: 300 sec this turn | 300 sec total\n|\n|t:|1783570336\n|move|p2a: Iron Crown|Tachyon Cutter|p1a: Skeledirge\n|-resisted|p1a: Skeledirge\n|-damage|p1a: Skeledirge|152/294\n|-resisted|p1a: Skeledirge\n|-crit|p1a: Skeledirge\n|-damage|p1a: Skeledirge|88/294\n|-hitcount|p1a: Skeledirge|2\n|move|p1a: Skeledirge|Torch Song|p2a: Iron Crown\n|-supereffective|p2a: Iron Crown\n|-damage|p2a: Iron Crown|0 fnt\n|-boost|p1a: Skeledirge|spa|1\n|faint|p2a: Iron Crown\n|-end|p2a: Iron Crown|Quark Drive|[silent]\n|\n|upkeep\n|\n|t:|1783570337\n|switch|p2a: Bombirdier|Bombirdier, L85, M|100/100\n|turn|6\n|inactive|Time left: 300 sec this turn | 300 sec total\n|\n|t:|1783570339\n|switch|p1a: Altaria|Altaria, L89, M|278/278\n|move|p2a: Bombirdier|Knock Off|p1a: Altaria\n|-damage|p1a: Altaria|118/278\n|-enditem|p1a: Altaria|Heavy-Duty Boots|[from] move: Knock Off|[of] p2a: Bombirdier\n|\n|upkeep\n|turn|7\n|inactive|Time left: 300 sec this turn | 300 sec total\n|\n|t:|1783570340\n|move|p1a: Altaria|Roost|p1a: Altaria\n|-heal|p1a: Altaria|257/278\n|-singleturn|p1a: Altaria|move: Roost\n|move|p2a: Bombirdier|Knock Off|p1a: Altaria\n|-damage|p1a: Altaria|151/278\n|\n|upkeep\n|turn|8\n|inactive|Time left: 300 sec this turn | 300 sec total\n|\n|t:|1783570341\n|move|p1a: Altaria|Roost|p1a: Altaria\n|-heal|p1a: Altaria|278/278\n|-singleturn|p1a: Altaria|move: Roost\n|move|p2a: Bombirdier|Knock Off|p1a: Altaria\n|-damage|p1a: Altaria|164/278\n|\n|upkeep\n|turn|9\n|inactive|Time left: 300 sec this turn | 300 sec total\n|\n|t:|1783570342\n|move|p1a: Altaria|Roost|p1a: Altaria\n|-heal|p1a: Altaria|278/278\n|-singleturn|p1a: Altaria|move: Roost\n|move|p2a: Bombirdier|Knock Off|p1a: Altaria\n|-damage|p1a: Altaria|182/278\n|\n|upkeep\n|turn|10\n|inactive|Time left: 300 sec this turn | 300 sec total\n|\n|t:|1783570343\n|move|p1a: Altaria|Brave Bird|p2a: Bombirdier\n|-damage|p2a: Bombirdier|59/100\n|-damage|p1a: Altaria|146/278|[from] Recoil\n|move|p2a: Bombirdier|Knock Off|p1a: Altaria\n|-damage|p1a: Altaria|34/278\n|\n|upkeep\n|turn|11\n|inactive|Time left: 300 sec this turn | 300 sec total\n|\n|t:|1783570344\n|move|p1a: Altaria|Roost|p1a: Altaria\n|-heal|p1a: Altaria|173/278\n|-singleturn|p1a: Altaria|move: Roost\n|move|p2a: Bombirdier|Knock Off|p1a: Altaria\n|-crit|p1a: Altaria\n|-damage|p1a: Altaria|26/278\n|\n|upkeep\n|turn|12\n|inactive|Time left: 300 sec this turn | 300 sec total\n|\n|t:|1783570345\n|move|p1a: Altaria|Roost|p1a: Altaria\n|-heal|p1a: Altaria|165/278\n|-singleturn|p1a: Altaria|move: Roost\n|move|p2a: Bombirdier|Knock Off|p1a: Altaria\n|-damage|p1a: Altaria|69/278\n|\n|upkeep\n|turn|13\n|inactive|Time left: 300 sec this turn | 300 sec total\n|\n|t:|1783570346\n|move|p1a: Altaria|Roost|p1a: Altaria\n|-heal|p1a: Altaria|208/278\n|-singleturn|p1a: Altaria|move: Roost\n|move|p2a: Bombirdier|Knock Off|p1a: Altaria\n|-damage|p1a: Altaria|103/278\n|\n|upkeep\n|turn|14\n|inactive|Time left: 300 sec this turn | 300 sec total\n|\n|t:|1783570347\n|move|p1a: Altaria|Roost|p1a: Altaria\n|-heal|p1a: Altaria|242/278\n|-singleturn|p1a: Altaria|move: Roost\n|move|p2a: Bombirdier|Knock Off|p1a: Altaria\n|-damage|p1a: Altaria|140/278\n|\n|upkeep\n|turn|15\n|inactive|Time left: 300 sec this turn | 300 sec total\n|\n|t:|1783570348\n|move|p1a: Altaria|Roost|p1a: Altaria\n|-heal|p1a: Altaria|278/278\n|-singleturn|p1a: Altaria|move: Roost\n|move|p2a: Bombirdier|Knock Off|p1a: Altaria\n|-damage|p1a: Altaria|176/278\n|\n|upkeep\n|turn|16\n|inactive|Time left: 300 sec this turn | 300 sec total\n|\n|t:|1783570349\n|move|p1a: Altaria|Brave Bird|p2a: Bombirdier\n|-damage|p2a: Bombirdier|14/100\n|-damage|p1a: Altaria|138/278|[from] Recoil\n|move|p2a: Bombirdier|Knock Off|p1a: Altaria\n|-damage|p1a: Altaria|30/278\n|\n|upkeep\n|turn|17\n|inactive|Time left: 300 sec this turn | 300 sec total\n|\n|t:|1783570350\n|move|p1a: Altaria|Brave Bird|p2a: Bombirdier\n|-damage|p2a: Bombirdier|0 fnt\n|faint|p2a: Bombirdier\n|-damage|p1a: Altaria|18/278|[from] Recoil\n|\n|upkeep\n|\n|t:|1783570351\n|switch|p2a: Mewtwo|Mewtwo, L72|100/100\n|-ability|p2a: Mewtwo|Pressure\n|turn|18\n|inactive|Time left: 300 sec this turn | 300 sec total\n|\n|t:|1783570352\n|switch|p1a: Umbreon|Umbreon, L84, F|110/297\n|move|p2a: Mewtwo|Nasty Plot|p2a: Mewtwo\n|-boost|p2a: Mewtwo|spa|2\n|\n|-heal|p1a: Umbreon|128/297|[from] item: Leftovers\n|upkeep\n|turn|19\n|inactive|Time left: 300 sec this turn | 300 sec total\n|\n|t:|1783570353\n|move|p1a: Umbreon|Protect|p1a: Umbreon\n|-singleturn|p1a: Umbreon|Protect\n|move|p2a: Mewtwo|Fire Blast|p1a: Umbreon\n|-activate|p1a: Umbreon|move: Protect\n|\n|-heal|p1a: Umbreon|146/297|[from] item: Leftovers\n|upkeep\n|turn|20\n|inactive|Time left: 300 sec this turn | 300 sec total\n|\n|t:|1783570353\n|move|p2a: Mewtwo|Fire Blast|p1a: Umbreon\n|-damage|p1a: Umbreon|0 fnt\n|faint|p1a: Umbreon\n|-damage|p2a: Mewtwo|91/100|[from] item: Life Orb\n|\n|upkeep\n|inactive|Time left: 300 sec this turn | 300 sec total | 5 sec grace\n|\n|t:|1783570355\n|switch|p1a: Armarouge|Armarouge, L80, F|267/267\n|turn|21\n|inactive|Time left: 300 sec this turn | 300 sec total\n|\n|t:|1783570356\n|move|p2a: Mewtwo|Dark Pulse|p1a: Armarouge\n|-supereffective|p1a: Armarouge\n|-damage|p1a: Armarouge|0 fnt\n|faint|p1a: Armarouge\n|-damage|p2a: Mewtwo|81/100|[from] item: Life Orb\n|\n|upkeep\n|inactive|Time left: 300 sec this turn | 300 sec total | 5 sec grace\n|\n|t:|1783570357\n|switch|p1a: Altaria|Altaria, L89, M|18/278\n|turn|22\n|inactive|Time left: 300 sec this turn | 300 sec total\n|\n|t:|1783570358\n|move|p2a: Mewtwo|Dark Pulse|p1a: Altaria\n|-damage|p1a: Altaria|0 fnt\n|faint|p1a: Altaria\n|-damage|p2a: Mewtwo|71/100|[from] item: Life Orb\n|\n|upkeep\n|inactive|Time left: 300 sec this turn | 300 sec total | 5 sec grace\n|\n|t:|1783570359\n|switch|p1a: Solgaleo|Solgaleo, L74|325/325\n|turn|23\n|inactive|Time left: 300 sec this turn | 300 sec total\n|\n|t:|1783570360\n|-terastallize|p1a: Solgaleo|Water\n|move|p2a: Mewtwo|Dark Pulse|p1a: Solgaleo\n|-damage|p1a: Solgaleo|163/325\n|-damage|p2a: Mewtwo|61/100|[from] item: Life Orb\n|cant|p1a: Solgaleo|flinch\n|\n|-heal|p1a: Solgaleo|183/325|[from] item: Leftovers\n|upkeep\n|turn|24\n|inactive|Time left: 300 sec this turn | 300 sec total\n|\n|t:|1783570361\n|switch|p1a: Skeledirge|Skeledirge, L79, M|88/294\n|move|p2a: Mewtwo|Psystrike|p1a: Skeledirge\n|-damage|p1a: Skeledirge|0 fnt\n|faint|p1a: Skeledirge\n|-damage|p2a: Mewtwo|51/100|[from] item: Life Orb\n|\n|upkeep\n|inactive|Time left: 300 sec this turn | 300 sec total | 5 sec grace\n|\n|t:|1783570362\n|switch|p1a: Milotic|Milotic, L83, F|293/293\n|turn|25\n|inactive|Time left: 300 sec this turn | 300 sec total\n|\n|t:|1783570363\n|move|p2a: Mewtwo|Psystrike|p1a: Milotic\n|-damage|p1a: Milotic|0 fnt\n|faint|p1a: Milotic\n|-damage|p2a: Mewtwo|41/100|[from] item: Life Orb\n|\n|upkeep\n|inactive|Time left: 300 sec this turn | 300 sec total | 5 sec grace\n|\n|t:|1783570364\n|switch|p1a: Solgaleo|Solgaleo, L74, tera:Water|183/325\n|turn|26\n|inactive|Time left: 300 sec this turn | 300 sec total\n|\n|t:|1783570364\n|move|p2a: Mewtwo|Psystrike|p1a: Solgaleo\n|-damage|p1a: Solgaleo|0 fnt\n|faint|p1a: Solgaleo\n|-damage|p2a: Mewtwo|31/100|[from] item: Life Orb\n|\n|win|p0y271947e8", "uploadtime": 1783570364, "views": 0, "rating": 0, "private": 0, "password": null, "_winner": "p0y271947e8", "_our_name": "p0x27194782"}