{"id": "battle-gen9randombattle-1886", "formatid": "gen9randombattle", "format": "[Gen 9] Random Battle", "players": ["p0x1886e3bf", "p0y1886ee9b"], "log": "|init|battle\n|title|p0x1886e3bf vs. p0y1886ee9b\n|j|\u2606p0x1886e3bf\n|j|\u2606p0y1886ee9b\n|t:|1783561835\n|gametype|singles\n|player|p1|p0x1886e3bf|169|\n|player|p2|p0y1886ee9b|265|\n|gen|9\n|tier|[Gen 9] Random Battle\n|rule|Species Clause: Limit one of each Pok\u00e9mon\n|rule|HP Percentage Mod: HP is shown in percentages\n|rule|Sleep Clause Mod: Limit one foe put to sleep\n|rule|Illusion Level Mod: Illusion disguises the Pok\u00e9mon's true level\n|\n|t:|1783561835\n|teamsize|p1|6\n|teamsize|p2|6\n|start\n|switch|p1a: Mandibuzz|Mandibuzz, L85, F|100/100\n|switch|p2a: Lokix|Lokix, L82, F|251/251\n|turn|1\n|inactive|Battle timer is ON: inactive players will automatically lose when time's up. (requested by p0x1886e3bf)\n|inactive|Time left: 300 sec this turn | 300 sec total | 60 sec grace\n|inactive|p0y1886ee9b also wants the timer to be on.\n|\n|t:|1783561836\n|move|p2a: Lokix|Swords Dance|p2a: Lokix\n|-boost|p2a: Lokix|atk|2\n|move|p1a: Mandibuzz|Brave Bird|p2a: Lokix\n|-supereffective|p2a: Lokix\n|-damage|p2a: Lokix|33/251\n|-damage|p1a: Mandibuzz|78/100|[from] Recoil\n|\n|upkeep\n|turn|2\n|inactive|Time left: 300 sec this turn | 300 sec total\n|\n|t:|1783561837\n|-terastallize|p2a: Lokix|Dark\n|move|p2a: Lokix|Knock Off|p1a: Mandibuzz\n|-resisted|p1a: Mandibuzz\n|-damage|p1a: Mandibuzz|0 fnt\n|-enditem|p1a: Mandibuzz|Heavy-Duty Boots|[from] move: Knock Off|[of] p2a: Lokix\n|faint|p1a: Mandibuzz\n|-damage|p2a: Lokix|8/251|[from] item: Life Orb\n|\n|upkeep\n|\n|t:|1783561838\n|switch|p1a: Tinkaton|Tinkaton, L82, F|100/100\n|-ability|p1a: Tinkaton|Mold Breaker\n|turn|3\n|inactive|Time left: 300 sec this turn | 300 sec total\n|\n|t:|1783561839\n|move|p2a: Lokix|Sucker Punch||[still]\n|-fail|p2a: Lokix\n|move|p1a: Tinkaton|Thunder Wave|p2a: Lokix\n|-status|p2a: Lokix|par\n|\n|upkeep\n|turn|4\n|inactive|Time left: 300 sec this turn | 300 sec total\n|\n|t:|1783561840\n|move|p2a: Lokix|Sucker Punch|p1a: Tinkaton\n|-resisted|p1a: Tinkaton\n|-damage|p1a: Tinkaton|0 fnt\n|faint|p1a: Tinkaton\n|-damage|p2a: Lokix|0 fnt|[from] item: Life Orb\n|faint|p2a: Lokix\n|\n|upkeep\n|inactive|Time left: 300 sec this turn | 300 sec total | 5 sec grace\n|\n|t:|1783561841\n|switch|p1a: Glaceon|Glaceon, L94, F|100/100\n|switch|p2a: Girafarig|Girafarig, L89, M|269/269\n|turn|5\n|inactive|Time left: 300 sec this turn | 300 sec total\n|\n|t:|1783561842\n|move|p2a: Girafarig|Nasty Plot|p2a: Girafarig\n|-boost|p2a: Girafarig|spa|2\n|move|p1a: Glaceon|Freeze-Dry|p2a: Girafarig\n|-damage|p2a: Girafarig|176/269\n|\n|upkeep\n|turn|6\n|inactive|Time left: 300 sec this turn | 300 sec total\n|\n|t:|1783561843\n|move|p2a: Girafarig|Hyper Voice|p1a: Glaceon\n|-damage|p1a: Glaceon|36/100\n|move|p1a: Glaceon|Freeze-Dry|p2a: Girafarig\n|-damage|p2a: Girafarig|89/269\n|\n|upkeep\n|turn|7\n|inactive|Time left: 300 sec this turn | 300 sec total\n|\n|t:|1783561844\n|switch|p1a: Registeel|Registeel, L81|100/100\n|move|p2a: Girafarig|Hyper Voice|p1a: Registeel\n|-resisted|p1a: Registeel\n|-damage|p1a: Registeel|74/100\n|\n|-heal|p1a: Registeel|80/100|[from] item: Leftovers\n|upkeep\n|turn|8\n|inactive|Time left: 300 sec this turn | 300 sec total\n|\n|t:|1783561845\n|move|p2a: Girafarig|Thunderbolt|p1a: Registeel\n|-damage|p1a: Registeel|47/100\n|move|p1a: Registeel|Iron Defense|p1a: Registeel\n|-boost|p1a: Registeel|def|2\n|\n|-heal|p1a: Registeel|54/100|[from] item: Leftovers\n|upkeep\n|turn|9\n|inactive|Time left: 300 sec this turn | 300 sec total\n|\n|t:|1783561846\n|move|p2a: Girafarig|Thunderbolt|p1a: Registeel\n|-damage|p1a: Registeel|19/100\n|move|p1a: Registeel|Body Press|p2a: Girafarig\n|-damage|p2a: Girafarig|0 fnt\n|faint|p2a: Girafarig\n|\n|-heal|p1a: Registeel|25/100|[from] item: Leftovers\n|upkeep\n|inactive|Time left: 300 sec this turn | 300 sec total | 5 sec grace\n|\n|t:|1783561847\n|switch|p2a: Manaphy|Manaphy, L78|284/284\n|turn|10\n|inactive|Time left: 300 sec this turn | 300 sec total\n|\n|t:|1783561848\n|move|p2a: Manaphy|Hydro Pump|p1a: Registeel|[miss]\n|-miss|p2a: Manaphy|p1a: Registeel\n|move|p1a: Registeel|Body Press|p2a: Manaphy\n|-damage|p2a: Manaphy|145/284\n|\n|-heal|p2a: Manaphy|162/284|[from] item: Leftovers\n|-heal|p1a: Registeel|31/100|[from] item: Leftovers\n|upkeep\n|turn|11\n|inactive|Time left: 300 sec this turn | 300 sec total\n|\n|t:|1783561849\n|move|p2a: Manaphy|Hydro Pump|p1a: Registeel|[miss]\n|-miss|p2a: Manaphy|p1a: Registeel\n|move|p1a: Registeel|Body Press|p2a: Manaphy\n|-damage|p2a: Manaphy|14/284\n|\n|-heal|p2a: Manaphy|31/284|[from] item: Leftovers\n|-heal|p1a: Registeel|37/100|[from] item: Leftovers\n|upkeep\n|turn|12\n|inactive|Time left: 300 sec this turn | 300 sec total\n|\n|t:|1783561850\n|move|p2a: Manaphy|Hydro Pump|p1a: Registeel|[miss]\n|-miss|p2a: Manaphy|p1a: Registeel\n|move|p1a: Registeel|Body Press|p2a: Manaphy\n|-damage|p2a: Manaphy|0 fnt\n|faint|p2a: Manaphy\n|\n|-heal|p1a: Registeel|43/100|[from] item: Leftovers\n|upkeep\n|inactive|Time left: 300 sec this turn | 300 sec total | 5 sec grace\n|\n|t:|1783561851\n|switch|p2a: Flamigo|Flamigo, L82, M|269/269\n|turn|13\n|inactive|Time left: 300 sec this turn | 300 sec total\n|\n|t:|1783561852\n|move|p2a: Flamigo|Close Combat|p1a: Registeel\n|-supereffective|p1a: Registeel\n|-damage|p1a: Registeel|8/100\n|-unboost|p2a: Flamigo|def|1\n|-unboost|p2a: Flamigo|spd|1\n|move|p1a: Registeel|Thunder Wave|p2a: Flamigo\n|-status|p2a: Flamigo|par\n|\n|-heal|p1a: Registeel|14/100|[from] item: Leftovers\n|upkeep\n|turn|14\n|inactive|Time left: 300 sec this turn | 300 sec total\n|\n|t:|1783561853\n|move|p2a: Flamigo|Close Combat|p1a: Registeel\n|-supereffective|p1a: Registeel\n|-damage|p1a: Registeel|0 fnt\n|-unboost|p2a: Flamigo|def|1\n|-unboost|p2a: Flamigo|spd|1\n|faint|p1a: Registeel\n|\n|upkeep\n|\n|t:|1783561854\n|switch|p1a: Florges|Florges-Orange, L85, F|100/100\n|turn|15\n|inactive|Time left: 300 sec this turn | 300 sec total\n|\n|t:|1783561855\n|switch|p2a: Garganacl|Garganacl, L80, M|291/291\n|move|p1a: Florges|Calm Mind|p1a: Florges\n|-boost|p1a: Florges|spa|1\n|-boost|p1a: Florges|spd|1\n|\n|upkeep\n|turn|16\n|inactive|Time left: 300 sec this turn | 300 sec total\n|\n|t:|1783561856\n|move|p1a: Florges|Moonblast|p2a: Garganacl\n|-damage|p2a: Garganacl|122/291\n|-unboost|p2a: Garganacl|spa|1\n|move|p2a: Garganacl|Salt Cure|p1a: Florges\n|-damage|p1a: Florges|84/100\n|-start|p1a: Florges|Salt Cure\n|\n|-heal|p1a: Florges|89/100|[from] item: Leftovers\n|-heal|p2a: Garganacl|140/291|[from] item: Leftovers\n|-damage|p1a: Florges|77/100|[from] Salt Cure\n|upkeep\n|turn|17\n|inactive|Time left: 300 sec this turn | 300 sec total\n|\n|t:|1783561857\n|move|p2a: Garganacl|Protect|p2a: Garganacl\n|-singleturn|p2a: Garganacl|Protect\n|move|p1a: Florges|Moonblast|p2a: Garganacl\n|-activate|p2a: Garganacl|move: Protect\n|\n|-heal|p1a: Florges|83/100|[from] item: Leftovers\n|-heal|p2a: Garganacl|158/291|[from] item: Leftovers\n|-damage|p1a: Florges|71/100|[from] Salt Cure\n|upkeep\n|turn|18\n|inactive|Time left: 300 sec this turn | 300 sec total\n|\n|t:|1783561858\n|move|p2a: Garganacl|Protect|p2a: Garganacl\n|-singleturn|p2a: Garganacl|Protect\n|move|p1a: Florges|Moonblast|p2a: Garganacl\n|-activate|p2a: Garganacl|move: Protect\n|\n|-heal|p1a: Florges|77/100|[from] item: Leftovers\n|-heal|p2a: Garganacl|176/291|[from] item: Leftovers\n|-damage|p1a: Florges|65/100|[from] Salt Cure\n|upkeep\n|turn|19\n|inactive|Time left: 300 sec this turn | 300 sec total\n|\n|t:|1783561859\n|move|p1a: Florges|Moonblast|p2a: Garganacl\n|-damage|p2a: Garganacl|0 fnt\n|faint|p2a: Garganacl\n|\n|-heal|p1a: Florges|71/100|[from] item: Leftovers\n|-damage|p1a: Florges|58/100|[from] Salt Cure\n|upkeep\n|inactive|Time left: 300 sec this turn | 300 sec total | 5 sec grace\n|\n|t:|1783561860\n|switch|p2a: Flamigo|Flamigo, L82, M|269/269 par\n|turn|20\n|inactive|Time left: 300 sec this turn | 300 sec total\n|\n|t:|1783561861\n|move|p1a: Florges|Moonblast|p2a: Flamigo\n|-supereffective|p2a: Flamigo\n|-damage|p2a: Flamigo|0 fnt\n|faint|p2a: Flamigo\n|\n|-heal|p1a: Florges|64/100|[from] item: Leftovers\n|-damage|p1a: Florges|52/100|[from] Salt Cure\n|upkeep\n|inactive|Time left: 300 sec this turn | 300 sec total | 5 sec grace\n|\n|t:|1783561861\n|switch|p2a: Minior|Minior-Indigo, L79|224/224\n|-formechange|p2a: Minior|Minior-Meteor||[from] ability: Shields Down\n|turn|21\n|inactive|Time left: 300 sec this turn | 300 sec total\n|\n|t:|1783561862\n|move|p1a: Florges|Calm Mind|p1a: Florges\n|-boost|p1a: Florges|spa|1\n|-boost|p1a: Florges|spd|1\n|move|p2a: Minior|Shell Smash|p2a: Minior\n|-unboost|p2a: Minior|def|1\n|-unboost|p2a: Minior|spd|1\n|-boost|p2a: Minior|atk|2\n|-boost|p2a: Minior|spa|2\n|-boost|p2a: Minior|spe|2\n|-enditem|p2a: Minior|White Herb\n|-clearnegativeboost|p2a: Minior|[silent]\n|\n|-heal|p1a: Florges|58/100|[from] item: Leftovers\n|-damage|p1a: Florges|46/100|[from] Salt Cure\n|upkeep\n|turn|22\n|inactive|Time left: 300 sec this turn | 300 sec total\n|\n|t:|1783561863\n|move|p2a: Minior|Acrobatics|p1a: Florges\n|-damage|p1a: Florges|0 fnt\n|faint|p1a: Florges\n|\n|upkeep\n|\n|t:|1783561864\n|switch|p1a: Glaceon|Glaceon, L94, F|36/100\n|turn|23\n|inactive|Time left: 300 sec this turn | 300 sec total\n|\n|t:|1783561865\n|-terastallize|p1a: Glaceon|Ground\n|move|p1a: Glaceon|Protect|p1a: Glaceon\n|-singleturn|p1a: Glaceon|Protect\n|move|p2a: Minior|Acrobatics|p1a: Glaceon\n|-activate|p1a: Glaceon|move: Protect\n|\n|upkeep\n|turn|24\n|inactive|Time left: 300 sec this turn | 300 sec total\n|\n|t:|1783561866\n|switch|p1a: Thundurus|Thundurus, L80, M|100/100\n|move|p2a: Minior|Acrobatics|p1a: Thundurus\n|-resisted|p1a: Thundurus\n|-damage|p1a: Thundurus|65/100\n|\n|upkeep\n|turn|25\n|inactive|Time left: 300 sec this turn | 300 sec total\n|\n|t:|1783561867\n|switch|p1a: Glaceon|Glaceon, L94, F, tera:Ground|36/100\n|move|p2a: Minior|Power Gem|p1a: Glaceon\n|-resisted|p1a: Glaceon\n|-damage|p1a: Glaceon|19/100\n|\n|upkeep\n|turn|26\n|inactive|Time left: 300 sec this turn | 300 sec total\n|\n|t:|1783561868\n|move|p1a: Glaceon|Protect|p1a: Glaceon\n|-singleturn|p1a: Glaceon|Protect\n|move|p2a: Minior|Acrobatics|p1a: Glaceon\n|-activate|p1a: Glaceon|move: Protect\n|\n|upkeep\n|turn|27\n|inactive|Time left: 300 sec this turn | 300 sec total\n|\n|t:|1783561869\n|move|p1a: Glaceon|Protect|p1a: Glaceon\n|-singleturn|p1a: Glaceon|Protect\n|move|p2a: Minior|Acrobatics|p1a: Glaceon\n|-activate|p1a: Glaceon|move: Protect\n|\n|upkeep\n|turn|28\n|inactive|Time left: 300 sec this turn | 300 sec total\n|\n|t:|1783561870\n|switch|p1a: Thundurus|Thundurus, L80, M|65/100\n|move|p2a: Minior|Acrobatics|p1a: Thundurus\n|-resisted|p1a: Thundurus\n|-damage|p1a: Thundurus|30/100\n|\n|upkeep\n|turn|29\n|inactive|Time left: 300 sec this turn | 300 sec total\n|\n|t:|1783561871\n|move|p2a: Minior|Acrobatics|p1a: Thundurus\n|-resisted|p1a: Thundurus\n|-damage|p1a: Thundurus|0 fnt\n|faint|p1a: Thundurus\n|\n|upkeep\n|\n|t:|1783561872\n|switch|p1a: Glaceon|Glaceon, L94, F, tera:Ground|19/100\n|turn|30\n|inactive|Time left: 300 sec this turn | 300 sec total\n|\n|t:|1783561873\n|move|p1a: Glaceon|Protect|p1a: Glaceon\n|-singleturn|p1a: Glaceon|Protect\n|move|p2a: Minior|Earthquake|p1a: Glaceon\n|-activate|p1a: Glaceon|move: Protect\n|\n|upkeep\n|turn|31\n|inactive|Time left: 300 sec this turn | 300 sec total\n|\n|t:|1783561874\n|move|p2a: Minior|Earthquake|p1a: Glaceon\n|-crit|p1a: Glaceon\n|-damage|p1a: Glaceon|0 fnt\n|faint|p1a: Glaceon\n|\n|win|p0y1886ee9b", "uploadtime": 1783561874, "views": 0, "rating": 0, "private": 0, "password": null, "_winner": "p0y1886ee9b", "_our_name": "p0y1886ee9b"}