{"id": "battle-gen9randombattle-628", "formatid": "gen9randombattle", "format": "[Gen 9] Random Battle", "players": ["p0x6280ddc", "p0y6286419"], "log": "|init|battle\n|title|p0x6280ddc vs. p0y6286419\n|j|\u2606p0x6280ddc\n|j|\u2606p0y6286419\n|t:|1783546396\n|gametype|singles\n|player|p1|p0x6280ddc|265|\n|player|p2|p0y6286419|169|\n|gen|9\n|tier|[Gen 9] Random Battle\n|rule|Species Clause: Limit one of each Pok\u00e9mon\n|rule|HP Percentage Mod: HP is shown in percentages\n|rule|Sleep Clause Mod: Limit one foe put to sleep\n|rule|Illusion Level Mod: Illusion disguises the Pok\u00e9mon's true level\n|\n|t:|1783546396\n|teamsize|p1|6\n|teamsize|p2|6\n|start\n|switch|p1a: Houndstone|Houndstone, L86, F|100/100\n|switch|p2a: Dewgong|Dewgong, L94, F|322/322\n|turn|1\n|inactive|Battle timer is ON: inactive players will automatically lose when time's up. (requested by p0x6280ddc)\n|inactive|Time left: 300 sec this turn | 300 sec total | 60 sec grace\n|inactive|p0y6286419 also wants the timer to be on.\n|\n|t:|1783546397\n|move|p2a: Dewgong|Surf|p1a: Houndstone\n|-damage|p1a: Houndstone|69/100\n|move|p1a: Houndstone|Poltergeist|p2a: Dewgong\n|-activate|p2a: Dewgong|move: Poltergeist|Heavy-Duty Boots\n|-damage|p2a: Dewgong|210/322\n|\n|-heal|p1a: Houndstone|75/100|[from] item: Leftovers\n|upkeep\n|turn|2\n|inactive|Time left: 300 sec this turn | 300 sec total\n|\n|t:|1783546399\n|move|p2a: Dewgong|Ice Beam|p1a: Houndstone\n|-damage|p1a: Houndstone|45/100\n|move|p1a: Houndstone|Poltergeist|p2a: Dewgong\n|-activate|p2a: Dewgong|move: Poltergeist|Heavy-Duty Boots\n|-crit|p2a: Dewgong\n|-damage|p2a: Dewgong|27/322\n|\n|-heal|p1a: Houndstone|51/100|[from] item: Leftovers\n|upkeep\n|turn|3\n|inactive|Time left: 300 sec this turn | 300 sec total\n|\n|t:|1783546400\n|move|p2a: Dewgong|Ice Beam|p1a: Houndstone\n|-damage|p1a: Houndstone|16/100\n|move|p1a: Houndstone|Poltergeist|p2a: Dewgong\n|-activate|p2a: Dewgong|move: Poltergeist|Heavy-Duty Boots\n|-damage|p2a: Dewgong|0 fnt\n|faint|p2a: Dewgong\n|\n|-heal|p1a: Houndstone|22/100|[from] item: Leftovers\n|upkeep\n|inactive|Time left: 300 sec this turn | 300 sec total | 5 sec grace\n|\n|t:|1783546401\n|switch|p2a: Sandaconda|Sandaconda, L84, F|258/258\n|turn|4\n|inactive|Time left: 300 sec this turn | 300 sec total\n|\n|t:|1783546402\n|switch|p1a: Enamorus|Enamorus-Therian, L83, F|100/100\n|move|p2a: Sandaconda|Earthquake|p1a: Enamorus\n|-immune|p1a: Enamorus\n|\n|upkeep\n|turn|5\n|inactive|Time left: 300 sec this turn | 300 sec total\n|\n|t:|1783546403\n|move|p2a: Sandaconda|Coil|p2a: Sandaconda\n|-boost|p2a: Sandaconda|atk|1\n|-boost|p2a: Sandaconda|def|1\n|-boost|p2a: Sandaconda|accuracy|1\n|move|p1a: Enamorus|Moonblast|p2a: Sandaconda\n|-damage|p2a: Sandaconda|101/258\n|\n|-heal|p2a: Sandaconda|117/258|[from] item: Leftovers\n|upkeep\n|turn|6\n|inactive|Time left: 300 sec this turn | 300 sec total\n|\n|t:|1783546404\n|move|p2a: Sandaconda|Rest|p2a: Sandaconda\n|-status|p2a: Sandaconda|slp|[from] move: Rest\n|-heal|p2a: Sandaconda|258/258 slp|[silent]\n|move|p1a: Enamorus|Moonblast|p2a: Sandaconda\n|-crit|p2a: Sandaconda\n|-damage|p2a: Sandaconda|33/258 slp\n|\n|-heal|p2a: Sandaconda|49/258 slp|[from] item: Leftovers\n|upkeep\n|turn|7\n|inactive|Time left: 300 sec this turn | 300 sec total\n|\n|t:|1783546405\n|cant|p2a: Sandaconda|slp\n|move|p1a: Enamorus|Moonblast|p2a: Sandaconda\n|-damage|p2a: Sandaconda|0 fnt\n|faint|p2a: Sandaconda\n|\n|upkeep\n|inactive|Time left: 300 sec this turn | 300 sec total | 5 sec grace\n|\n|t:|1783546406\n|switch|p2a: Crabominable|Crabominable, L90, F|321/321\n|turn|8\n|inactive|Time left: 300 sec this turn | 300 sec total\n|\n|t:|1783546408\n|switch|p1a: Forretress|Forretress, L84, F|100/100\n|move|p2a: Crabominable|Ice Hammer|p1a: Forretress|[miss]\n|-miss|p2a: Crabominable|p1a: Forretress\n|\n|upkeep\n|turn|9\n|inactive|Time left: 300 sec this turn | 300 sec total\n|\n|t:|1783546409\n|move|p2a: Crabominable|Knock Off|p1a: Forretress\n|-damage|p1a: Forretress|71/100\n|-enditem|p1a: Forretress|Leftovers|[from] move: Knock Off|[of] p2a: Crabominable\n|move|p1a: Forretress|Body Press|p2a: Crabominable\n|-supereffective|p2a: Crabominable\n|-damage|p2a: Crabominable|153/321\n|\n|upkeep\n|turn|10\n|inactive|Time left: 300 sec this turn | 300 sec total\n|\n|t:|1783546410\n|move|p2a: Crabominable|Drain Punch|p1a: Forretress\n|-damage|p1a: Forretress|32/100\n|-heal|p2a: Crabominable|204/321|[from] drain|[of] p1a: Forretress\n|move|p1a: Forretress|Body Press|p2a: Crabominable\n|-supereffective|p2a: Crabominable\n|-damage|p2a: Crabominable|44/321\n|\n|upkeep\n|turn|11\n|inactive|Time left: 300 sec this turn | 300 sec total\n|\n|t:|1783546411\n|switch|p1a: Houndstone|Houndstone, L86, F|22/100\n|move|p2a: Crabominable|Drain Punch|p1a: Houndstone\n|-immune|p1a: Houndstone\n|\n|-heal|p1a: Houndstone|28/100|[from] item: Leftovers\n|upkeep\n|turn|12\n|inactive|Time left: 300 sec this turn | 300 sec total\n|\n|t:|1783546412\n|switch|p2a: Wigglytuff|Wigglytuff, L96, F|424/424\n|move|p1a: Houndstone|Poltergeist|p2a: Wigglytuff\n|-immune|p2a: Wigglytuff\n|\n|-heal|p1a: Houndstone|34/100|[from] item: Leftovers\n|upkeep\n|turn|13\n|inactive|Time left: 300 sec this turn | 300 sec total\n|\n|t:|1783546413\n|move|p1a: Houndstone|Rest|p1a: Houndstone\n|-status|p1a: Houndstone|slp|[from] move: Rest\n|-heal|p1a: Houndstone|100/100 slp|[silent]\n|move|p2a: Wigglytuff|Fire Blast|p1a: Houndstone\n|-damage|p1a: Houndstone|32/100 slp\n|\n|-heal|p1a: Houndstone|38/100 slp|[from] item: Leftovers\n|upkeep\n|turn|14\n|inactive|Time left: 300 sec this turn | 300 sec total\n|\n|t:|1783546414\n|switch|p1a: Grafaiai|Grafaiai, L86, F|100/100\n|move|p2a: Wigglytuff|Fire Blast|p1a: Grafaiai\n|-damage|p1a: Grafaiai|61/100\n|\n|upkeep\n|turn|15\n|inactive|Time left: 300 sec this turn | 300 sec total\n|\n|t:|1783546415\n|move|p1a: Grafaiai|Gunk Shot|p2a: Wigglytuff\n|-supereffective|p2a: Wigglytuff\n|-damage|p2a: Wigglytuff|0 fnt\n|faint|p2a: Wigglytuff\n|-damage|p1a: Grafaiai|52/100|[from] item: Life Orb\n|\n|upkeep\n|inactive|Time left: 300 sec this turn | 300 sec total | 5 sec grace\n|\n|t:|1783546416\n|switch|p2a: Camerupt|Camerupt, L91, M|275/275\n|turn|16\n|inactive|Time left: 300 sec this turn | 300 sec total\n|\n|t:|1783546417\n|switch|p1a: Enamorus|Enamorus-Therian, L83, F|100/100\n|move|p2a: Camerupt|Earthquake|p1a: Enamorus\n|-immune|p1a: Enamorus\n|\n|upkeep\n|turn|17\n|inactive|Time left: 300 sec this turn | 300 sec total\n|\n|t:|1783546418\n|move|p2a: Camerupt|Stealth Rock|p1a: Enamorus\n|-sidestart|p1: p0x6280ddc|move: Stealth Rock\n|move|p1a: Enamorus|Earth Power|p2a: Camerupt\n|-supereffective|p2a: Camerupt\n|-damage|p2a: Camerupt|137/275\n|-unboost|p2a: Camerupt|spd|1\n|\n|-heal|p2a: Camerupt|154/275|[from] item: Leftovers\n|upkeep\n|turn|18\n|inactive|Time left: 300 sec this turn | 300 sec total\n|\n|t:|1783546419\n|move|p2a: Camerupt|Overheat|p1a: Enamorus\n|-damage|p1a: Enamorus|41/100\n|-unboost|p2a: Camerupt|spa|2\n|move|p1a: Enamorus|Moonblast|p2a: Camerupt\n|-resisted|p2a: Camerupt\n|-damage|p2a: Camerupt|58/275\n|\n|-heal|p2a: Camerupt|75/275|[from] item: Leftovers\n|upkeep\n|turn|19\n|inactive|Time left: 300 sec this turn | 300 sec total\n|\n|t:|1783546420\n|move|p2a: Camerupt|Overheat|p1a: Enamorus\n|-damage|p1a: Enamorus|10/100\n|-unboost|p2a: Camerupt|spa|2\n|move|p1a: Enamorus|Earth Power|p2a: Camerupt\n|-supereffective|p2a: Camerupt\n|-damage|p2a: Camerupt|0 fnt\n|faint|p2a: Camerupt\n|\n|upkeep\n|inactive|Time left: 300 sec this turn | 300 sec total | 5 sec grace\n|\n|t:|1783546421\n|switch|p2a: Crabominable|Crabominable, L90, F|44/321\n|turn|20\n|inactive|Time left: 300 sec this turn | 300 sec total\n|\n|t:|1783546422\n|move|p2a: Crabominable|Knock Off|p1a: Enamorus\n|-resisted|p1a: Enamorus\n|-damage|p1a: Enamorus|0 fnt\n|-enditem|p1a: Enamorus|Weakness Policy|[from] move: Knock Off|[of] p2a: Crabominable\n|faint|p1a: Enamorus\n|\n|upkeep\n|\n|t:|1783546423\n|switch|p1a: Baxcalibur|Baxcalibur, L75, M|100/100\n|turn|21\n|inactive|Time left: 300 sec this turn | 300 sec total\n|\n|t:|1783546424\n|move|p1a: Baxcalibur|Glaive Rush|p2a: Crabominable\n|-damage|p2a: Crabominable|0 fnt\n|-singlemove|p1a: Baxcalibur|Glaive Rush|[silent]\n|faint|p2a: Crabominable\n|\n|upkeep\n|inactive|Time left: 300 sec this turn | 300 sec total | 5 sec grace\n|\n|t:|1783546425\n|switch|p2a: Palkia|Palkia, L75|259/259\n|-ability|p2a: Palkia|Pressure\n|turn|22\n|inactive|Time left: 300 sec this turn | 300 sec total\n|\n|t:|1783546426\n|switch|p1a: Houndstone|Houndstone, L86, F|38/100 slp\n|-damage|p1a: Houndstone|26/100 slp|[from] Stealth Rock\n|move|p2a: Palkia|Draco Meteor|p1a: Houndstone\n|-damage|p1a: Houndstone|0 fnt\n|-unboost|p2a: Palkia|spa|2\n|faint|p1a: Houndstone\n|\n|upkeep\n|\n|t:|1783546427\n|switch|p1a: Baxcalibur|Baxcalibur, L75, M|100/100\n|turn|23\n|inactive|Time left: 300 sec this turn | 300 sec total\n|\n|t:|1783546428\n|-terastallize|p2a: Palkia|Dragon\n|move|p2a: Palkia|Draco Meteor|p1a: Baxcalibur\n|-supereffective|p1a: Baxcalibur\n|-damage|p1a: Baxcalibur|0 fnt\n|-unboost|p2a: Palkia|spa|2\n|faint|p1a: Baxcalibur\n|\n|upkeep\n|\n|t:|1783546429\n|switch|p1a: Poliwrath|Poliwrath, L88, F|100/100\n|-damage|p1a: Poliwrath|95/100|[from] Stealth Rock\n|turn|24\n|inactive|Time left: 300 sec this turn | 300 sec total\n|\n|t:|1783546430\n|-terastallize|p1a: Poliwrath|Water\n|move|p2a: Palkia|Thunder Wave|p1a: Poliwrath\n|-status|p1a: Poliwrath|par\n|cant|p1a: Poliwrath|par\n|\n|upkeep\n|turn|25\n|inactive|Time left: 300 sec this turn | 300 sec total\n|\n|t:|1783546432\n|move|p2a: Palkia|Draco Meteor|p1a: Poliwrath\n|-damage|p1a: Poliwrath|65/100 par\n|-unboost|p2a: Palkia|spa|2\n|cant|p1a: Poliwrath|par\n|\n|upkeep\n|turn|26\n|inactive|Time left: 300 sec this turn | 300 sec total\n|\n|t:|1783546433\n|move|p2a: Palkia|Draco Meteor|p1a: Poliwrath\n|-damage|p1a: Poliwrath|46/100 par\n|move|p1a: Poliwrath|Close Combat|p2a: Palkia\n|-damage|p2a: Palkia|72/259\n|-unboost|p1a: Poliwrath|def|1\n|-unboost|p1a: Poliwrath|spd|1\n|-damage|p1a: Poliwrath|36/100 par|[from] item: Life Orb\n|\n|upkeep\n|turn|27\n|inactive|Time left: 300 sec this turn | 300 sec total\n|\n|t:|1783546434\n|move|p2a: Palkia|Draco Meteor|p1a: Poliwrath\n|-damage|p1a: Poliwrath|8/100 par\n|move|p1a: Poliwrath|Close Combat|p2a: Palkia\n|-damage|p2a: Palkia|0 fnt\n|-unboost|p1a: Poliwrath|def|1\n|-unboost|p1a: Poliwrath|spd|1\n|faint|p2a: Palkia\n|-damage|p1a: Poliwrath|0 fnt|[from] item: Life Orb\n|faint|p1a: Poliwrath\n|\n|win|p0x6280ddc", "uploadtime": 1783546434, "views": 0, "rating": 0, "private": 0, "password": null, "_winner": "p0x6280ddc", "_our_name": "p0y6286419"}