{"id": "battle-gen9randombattle-2256", "formatid": "gen9randombattle", "format": "[Gen 9] Random Battle", "players": ["p0x2256d2ac", "p0y225622dc"], "log": "|init|battle\n|title|p0x2256d2ac vs. p0y225622dc\n|j|\u2606p0x2256d2ac\n|j|\u2606p0y225622dc\n|t:|1783565200\n|gametype|singles\n|player|p1|p0x2256d2ac|170|\n|player|p2|p0y225622dc|102|\n|gen|9\n|tier|[Gen 9] Random Battle\n|rule|Species Clause: Limit one of each Pok\u00e9mon\n|rule|HP Percentage Mod: HP is shown in percentages\n|rule|Sleep Clause Mod: Limit one foe put to sleep\n|rule|Illusion Level Mod: Illusion disguises the Pok\u00e9mon's true level\n|\n|t:|1783565200\n|teamsize|p1|6\n|teamsize|p2|6\n|start\n|switch|p1a: Alcremie|Alcremie-Matcha-Cream, L90, F|100/100\n|switch|p2a: Metagross|Metagross, L79|256/256\n|turn|1\n|inactive|Battle timer is ON: inactive players will automatically lose when time's up. (requested by p0y225622dc)\n|inactive|p0x2256d2ac also wants the timer to be on.\n|\n|t:|1783565201\n|switch|p1a: Blastoise|Blastoise, L80, M|100/100\n|move|p2a: Metagross|Heavy Slam|p1a: Blastoise\n|-resisted|p1a: Blastoise\n|-damage|p1a: Blastoise|73/100\n|\n|upkeep\n|turn|2\n|inactive|Time left: 300 sec this turn | 300 sec total\n|\n|t:|1783565203\n|move|p1a: Blastoise|Shell Smash|p1a: Blastoise\n|-unboost|p1a: Blastoise|def|1\n|-unboost|p1a: Blastoise|spd|1\n|-boost|p1a: Blastoise|atk|2\n|-boost|p1a: Blastoise|spa|2\n|-boost|p1a: Blastoise|spe|2\n|-enditem|p1a: Blastoise|White Herb\n|-clearnegativeboost|p1a: Blastoise|[silent]\n|move|p2a: Metagross|Psychic Fangs|p1a: Blastoise\n|-damage|p1a: Blastoise|38/100\n|\n|upkeep\n|turn|3\n|inactive|Time left: 300 sec this turn | 300 sec total\n|\n|t:|1783565204\n|-terastallize|p1a: Blastoise|Water\n|move|p1a: Blastoise|Hydro Pump|p2a: Metagross\n|-damage|p2a: Metagross|8/256\n|move|p2a: Metagross|Psychic Fangs|p1a: Blastoise\n|-damage|p1a: Blastoise|0 fnt\n|faint|p1a: Blastoise\n|\n|upkeep\n|\n|t:|1783565205\n|switch|p1a: Bombirdier|Bombirdier, L85, M|100/100\n|turn|4\n|inactive|Time left: 300 sec this turn | 300 sec total\n|\n|t:|1783565206\n|move|p1a: Bombirdier|Stealth Rock|p2a: Metagross\n|-sidestart|p2: p0y225622dc|move: Stealth Rock\n|move|p2a: Metagross|Psychic Fangs|p1a: Bombirdier\n|-immune|p1a: Bombirdier\n|\n|upkeep\n|turn|5\n|inactive|Time left: 300 sec this turn | 300 sec total\n|\n|t:|1783565207\n|move|p1a: Bombirdier|Knock Off|p2a: Metagross\n|-supereffective|p2a: Metagross\n|-damage|p2a: Metagross|0 fnt\n|-enditem|p2a: Metagross|Weakness Policy|[from] move: Knock Off|[of] p1a: Bombirdier\n|faint|p2a: Metagross\n|\n|upkeep\n|inactive|Time left: 300 sec this turn | 300 sec total | 5 sec grace\n|\n|t:|1783565208\n|switch|p2a: Cramorant|Cramorant, L86, F|261/261\n|turn|6\n|inactive|Time left: 300 sec this turn | 300 sec total\n|\n|t:|1783565209\n|move|p2a: Cramorant|Surf|p1a: Bombirdier\n|-formechange|p2a: Cramorant|Cramorant-Gulping|\n|-damage|p1a: Bombirdier|63/100\n|move|p1a: Bombirdier|Knock Off|p2a: Cramorant\n|-damage|p2a: Cramorant|99/261\n|-damage|p1a: Bombirdier|38/100|[from] ability: Gulp Missile|[of] p2a: Cramorant\n|-fail|p1a: Bombirdier|unboost|Defense|[from] ability: Big Pecks|[of] p1a: Bombirdier\n|-formechange|p2a: Cramorant|Cramorant|\n|-enditem|p2a: Cramorant|Heavy-Duty Boots|[from] move: Knock Off|[of] p1a: Bombirdier\n|\n|upkeep\n|turn|7\n|inactive|Time left: 300 sec this turn | 300 sec total\n|\n|t:|1783565210\n|move|p2a: Cramorant|Brave Bird|p1a: Bombirdier\n|-damage|p1a: Bombirdier|0 fnt\n|faint|p1a: Bombirdier\n|-damage|p2a: Cramorant|67/261|[from] Recoil\n|\n|upkeep\n|\n|t:|1783565211\n|switch|p1a: Dodrio|Dodrio, L85, M|100/100\n|turn|8\n|inactive|Time left: 300 sec this turn | 300 sec total\n|\n|t:|1783565212\n|move|p1a: Dodrio|Knock Off|p2a: Cramorant\n|-damage|p2a: Cramorant|0 fnt\n|faint|p2a: Cramorant\n|\n|upkeep\n|inactive|Time left: 300 sec this turn | 300 sec total | 5 sec grace\n|\n|t:|1783565213\n|switch|p2a: Wugtrio|Wugtrio, L91, M|212/212\n|-damage|p2a: Wugtrio|186/212|[from] Stealth Rock\n|turn|9\n|inactive|Time left: 300 sec this turn | 300 sec total\n|\n|t:|1783565214\n|move|p2a: Wugtrio|Liquidation|p1a: Dodrio\n|-damage|p1a: Dodrio|18/100\n|-unboost|p1a: Dodrio|def|1\n|move|p1a: Dodrio|Knock Off|p2a: Wugtrio\n|-damage|p2a: Wugtrio|12/212\n|-ability|p2a: Wugtrio|Gooey\n|-unboost|p1a: Dodrio|spe|1\n|-enditem|p2a: Wugtrio|Choice Band|[from] move: Knock Off|[of] p1a: Dodrio\n|\n|upkeep\n|turn|10\n|inactive|Time left: 300 sec this turn | 300 sec total\n|\n|t:|1783565215\n|switch|p1a: Alcremie|Alcremie-Matcha-Cream, L90, F|100/100\n|move|p2a: Wugtrio|Liquidation|p1a: Alcremie\n|-crit|p1a: Alcremie\n|-damage|p1a: Alcremie|31/100\n|-unboost|p1a: Alcremie|def|1\n|\n|-heal|p1a: Alcremie|37/100|[from] item: Leftovers\n|upkeep\n|turn|11\n|inactive|Time left: 300 sec this turn | 300 sec total\n|\n|t:|1783565216\n|switch|p1a: Trevenant|Trevenant, L89, F|100/100\n|move|p2a: Wugtrio|Liquidation|p1a: Trevenant\n|-resisted|p1a: Trevenant\n|-damage|p1a: Trevenant|83/100\n|\n|upkeep\n|turn|12\n|inactive|Time left: 300 sec this turn | 300 sec total\n|\n|t:|1783565217\n|move|p2a: Wugtrio|Throat Chop|p1a: Trevenant\n|-supereffective|p1a: Trevenant\n|-damage|p1a: Trevenant|30/100\n|-start|p1a: Trevenant|Throat Chop|[silent]\n|-enditem|p1a: Trevenant|Sitrus Berry|[eat]\n|-heal|p1a: Trevenant|55/100|[from] item: Sitrus Berry\n|move|p1a: Trevenant|Toxic|p2a: Wugtrio\n|-status|p2a: Wugtrio|tox\n|\n|-damage|p2a: Wugtrio|0 fnt|[from] psn\n|faint|p2a: Wugtrio\n|upkeep\n|inactive|Time left: 300 sec this turn | 300 sec total | 5 sec grace\n|\n|t:|1783565218\n|switch|p2a: Scyther|Scyther, L82, M|249/249\n|turn|13\n|inactive|Time left: 300 sec this turn | 300 sec total\n|\n|t:|1783565219\n|move|p1a: Trevenant|Protect|p1a: Trevenant\n|-singleturn|p1a: Trevenant|Protect\n|move|p2a: Scyther|Dual Wingbeat|p1a: Trevenant\n|-activate|p1a: Trevenant|move: Protect\n|\n|-end|p1a: Trevenant|Throat Chop|[silent]\n|-item|p1a: Trevenant|Sitrus Berry|[from] ability: Harvest\n|upkeep\n|turn|14\n|inactive|Time left: 300 sec this turn | 300 sec total\n|\n|t:|1783565220\n|move|p2a: Scyther|Dual Wingbeat|p1a: Trevenant\n|-supereffective|p1a: Trevenant\n|-damage|p1a: Trevenant|7/100\n|-enditem|p1a: Trevenant|Sitrus Berry|[eat]\n|-heal|p1a: Trevenant|32/100|[from] item: Sitrus Berry\n|-supereffective|p1a: Trevenant\n|-damage|p1a: Trevenant|0 fnt\n|faint|p1a: Trevenant\n|-hitcount|p1: Trevenant|2\n|\n|upkeep\n|\n|t:|1783565221\n|switch|p1a: Dodrio|Dodrio, L85, M|18/100\n|turn|15\n|inactive|Time left: 300 sec this turn | 300 sec total\n|\n|t:|1783565222\n|move|p1a: Dodrio|Brave Bird|p2a: Scyther\n|-supereffective|p2a: Scyther\n|-damage|p2a: Scyther|0 fnt\n|faint|p2a: Scyther\n|-damage|p1a: Dodrio|0 fnt|[from] Recoil\n|faint|p1a: Dodrio\n|\n|upkeep\n|inactive|Time left: 300 sec this turn | 300 sec total | 5 sec grace\n|\n|t:|1783565223\n|switch|p1a: Deoxys|Deoxys, L74|100/100\n|switch|p2a: Emboar|Emboar, L84, M|322/322\n|-ability|p1a: Deoxys|Pressure\n|-damage|p2a: Emboar|282/322|[from] Stealth Rock\n|turn|16\n|inactive|Time left: 300 sec this turn | 300 sec total\n|\n|t:|1783565224\n|-terastallize|p2a: Emboar|Water\n|move|p1a: Deoxys|Psycho Boost|p2a: Emboar|[miss]\n|-miss|p1a: Deoxys|p2a: Emboar\n|move|p2a: Emboar|Flare Blitz|p1a: Deoxys\n|-damage|p1a: Deoxys|0 fnt\n|faint|p1a: Deoxys\n|-damage|p2a: Emboar|217/322|[from] Recoil\n|\n|upkeep\n|\n|t:|1783565225\n|switch|p1a: Alcremie|Alcremie-Matcha-Cream, L90, F|37/100\n|turn|17\n|inactive|Time left: 300 sec this turn | 300 sec total\n|\n|t:|1783565226\n|move|p1a: Alcremie|Recover|p1a: Alcremie\n|-heal|p1a: Alcremie|87/100\n|move|p2a: Emboar|Flare Blitz|p1a: Alcremie\n|-damage|p1a: Alcremie|13/100\n|-damage|p2a: Emboar|153/322|[from] Recoil\n|\n|-heal|p1a: Alcremie|19/100|[from] item: Leftovers\n|upkeep\n|turn|18\n|inactive|Time left: 300 sec this turn | 300 sec total\n|\n|t:|1783565227\n|move|p1a: Alcremie|Recover|p1a: Alcremie\n|-heal|p1a: Alcremie|69/100\n|move|p2a: Emboar|Flare Blitz|p1a: Alcremie\n|-damage|p1a: Alcremie|0 fnt\n|faint|p1a: Alcremie\n|-damage|p2a: Emboar|93/322|[from] Recoil\n|\n|win|p0y225622dc", "uploadtime": 1783565227, "views": 0, "rating": 0, "private": 0, "password": null, "_winner": "p0y225622dc", "_our_name": "p0y225622dc"}