{"id": "battle-gen9randombattle-1870", "formatid": "gen9randombattle", "format": "[Gen 9] Random Battle", "players": ["p0x1870e94e", "p0y1870fded"], "log": "|init|battle\n|title|p0x1870e94e vs. p0y1870fded\n|j|\u2606p0x1870e94e\n|j|\u2606p0y1870fded\n|t:|1783561659\n|gametype|singles\n|player|p1|p0x1870e94e|170|\n|player|p2|p0y1870fded|169|\n|gen|9\n|tier|[Gen 9] Random Battle\n|rule|Species Clause: Limit one of each Pok\u00e9mon\n|rule|HP Percentage Mod: HP is shown in percentages\n|rule|Sleep Clause Mod: Limit one foe put to sleep\n|rule|Illusion Level Mod: Illusion disguises the Pok\u00e9mon's true level\n|\n|t:|1783561659\n|teamsize|p1|6\n|teamsize|p2|6\n|start\n|switch|p1a: Sawsbuck|Sawsbuck-Winter, L88, M|284/284\n|switch|p2a: Latios|Latios, L78, M|100/100\n|turn|1\n|inactive|Battle timer is ON: inactive players will automatically lose when time's up. (requested by p0y1870fded)\n|inactive|Time left: 300 sec this turn | 300 sec total | 60 sec grace\n|inactive|p0x1870e94e also wants the timer to be on.\n|\n|t:|1783561660\n|move|p2a: Latios|Luster Purge|p1a: Sawsbuck\n|-damage|p1a: Sawsbuck|130/284\n|-unboost|p1a: Sawsbuck|spd|1\n|move|p1a: Sawsbuck|Swords Dance|p1a: Sawsbuck\n|-boost|p1a: Sawsbuck|atk|2\n|\n|upkeep\n|turn|2\n|inactive|Time left: 300 sec this turn | 300 sec total\n|\n|t:|1783561661\n|move|p2a: Latios|Luster Purge|p1a: Sawsbuck\n|-damage|p1a: Sawsbuck|0 fnt\n|faint|p1a: Sawsbuck\n|\n|upkeep\n|inactive|Time left: 300 sec this turn | 300 sec total | 5 sec grace\n|\n|t:|1783561662\n|switch|p1a: Chien-Pao|Chien-Pao, L72|234/234\n|-ability|p1a: Chien-Pao|Sword of Ruin\n|turn|3\n|inactive|Time left: 300 sec this turn | 300 sec total\n|\n|t:|1783561663\n|switch|p2a: Kyogre|Kyogre, L71|100/100\n|-weather|RainDance|[from] ability: Drizzle|[of] p2a: Kyogre\n|move|p1a: Chien-Pao|Crunch|p2a: Kyogre\n|-damage|p2a: Kyogre|32/100\n|\n|-weather|RainDance|[upkeep]\n|upkeep\n|turn|4\n|inactive|Time left: 300 sec this turn | 300 sec total\n|\n|t:|1783561664\n|switch|p1a: Slowking|Slowking-Galar, L85, M|300/300\n|move|p2a: Kyogre|Origin Pulse|p1a: Slowking\n|-damage|p1a: Slowking|201/300\n|\n|-weather|RainDance|[upkeep]\n|upkeep\n|turn|5\n|inactive|Time left: 300 sec this turn | 300 sec total\n|\n|t:|1783561665\n|move|p2a: Kyogre|Origin Pulse|p1a: Slowking\n|-damage|p1a: Slowking|101/300\n|move|p1a: Slowking|Sludge Bomb|p2a: Kyogre\n|-damage|p2a: Kyogre|0 fnt\n|faint|p2a: Kyogre\n|\n|-weather|RainDance|[upkeep]\n|upkeep\n|\n|t:|1783561666\n|switch|p2a: Iron Jugulis|Iron Jugulis, L77|100/100\n|turn|6\n|inactive|Time left: 300 sec this turn | 300 sec total\n|\n|t:|1783561667\n|switch|p1a: Dunsparce|Dunsparce, L86, F|312/312\n|move|p2a: Iron Jugulis|Hurricane|p1a: Dunsparce\n|-damage|p1a: Dunsparce|162/312\n|\n|-weather|RainDance|[upkeep]\n|upkeep\n|turn|7\n|inactive|Time left: 300 sec this turn | 300 sec total\n|\n|t:|1783561668\n|move|p2a: Iron Jugulis|Hurricane|p1a: Dunsparce\n|-damage|p1a: Dunsparce|21/312\n|-start|p1a: Dunsparce|confusion\n|-activate|p1a: Dunsparce|confusion\n|move|p1a: Dunsparce|Roost|p1a: Dunsparce\n|-heal|p1a: Dunsparce|177/312\n|-singleturn|p1a: Dunsparce|move: Roost\n|\n|-weather|none\n|upkeep\n|turn|8\n|inactive|Time left: 300 sec this turn | 300 sec total\n|\n|t:|1783561668\n|move|p2a: Iron Jugulis|Hurricane|p1a: Dunsparce|[miss]\n|-miss|p2a: Iron Jugulis|p1a: Dunsparce\n|-end|p1a: Dunsparce|confusion\n|move|p1a: Dunsparce|Roost|p1a: Dunsparce\n|-heal|p1a: Dunsparce|312/312\n|-singleturn|p1a: Dunsparce|move: Roost\n|\n|upkeep\n|turn|9\n|inactive|Time left: 300 sec this turn | 300 sec total\n|\n|t:|1783561669\n|move|p2a: Iron Jugulis|Hurricane|p1a: Dunsparce|[miss]\n|-miss|p2a: Iron Jugulis|p1a: Dunsparce\n|move|p1a: Dunsparce|Body Slam|p2a: Iron Jugulis\n|-damage|p2a: Iron Jugulis|71/100\n|-status|p2a: Iron Jugulis|par\n|\n|upkeep\n|turn|10\n|inactive|Time left: 300 sec this turn | 300 sec total\n|\n|t:|1783561670\n|move|p1a: Dunsparce|Coil|p1a: Dunsparce\n|-boost|p1a: Dunsparce|atk|1\n|-boost|p1a: Dunsparce|def|1\n|-boost|p1a: Dunsparce|accuracy|1\n|move|p2a: Iron Jugulis|Hurricane|p1a: Dunsparce\n|-damage|p1a: Dunsparce|167/312\n|\n|upkeep\n|turn|11\n|inactive|Time left: 300 sec this turn | 300 sec total\n|\n|t:|1783561671\n|move|p1a: Dunsparce|Roost|p1a: Dunsparce\n|-heal|p1a: Dunsparce|312/312\n|-singleturn|p1a: Dunsparce|move: Roost\n|move|p2a: Iron Jugulis|Hurricane|p1a: Dunsparce\n|-damage|p1a: Dunsparce|180/312\n|\n|upkeep\n|turn|12\n|inactive|Time left: 300 sec this turn | 300 sec total\n|\n|t:|1783561672\n|move|p1a: Dunsparce|Body Slam|p2a: Iron Jugulis\n|-damage|p2a: Iron Jugulis|25/100 par\n|cant|p2a: Iron Jugulis|par\n|\n|upkeep\n|turn|13\n|inactive|Time left: 300 sec this turn | 300 sec total\n|\n|t:|1783561673\n|move|p1a: Dunsparce|Body Slam|p2a: Iron Jugulis\n|-damage|p2a: Iron Jugulis|0 fnt\n|faint|p2a: Iron Jugulis\n|-end|p2a: Iron Jugulis|Quark Drive|[silent]\n|\n|upkeep\n|\n|t:|1783561674\n|switch|p2a: Vigoroth|Vigoroth, L85, F|100/100\n|turn|14\n|inactive|Time left: 300 sec this turn | 300 sec total\n|\n|t:|1783561675\n|move|p2a: Vigoroth|Bulk Up|p2a: Vigoroth\n|-boost|p2a: Vigoroth|atk|1\n|-boost|p2a: Vigoroth|def|1\n|move|p1a: Dunsparce|Roost|p1a: Dunsparce\n|-heal|p1a: Dunsparce|312/312\n|-singleturn|p1a: Dunsparce|move: Roost\n|\n|upkeep\n|turn|15\n|inactive|Time left: 300 sec this turn | 300 sec total\n|\n|t:|1783561676\n|move|p2a: Vigoroth|Bulk Up|p2a: Vigoroth\n|-boost|p2a: Vigoroth|atk|1\n|-boost|p2a: Vigoroth|def|1\n|move|p1a: Dunsparce|Coil|p1a: Dunsparce\n|-boost|p1a: Dunsparce|atk|1\n|-boost|p1a: Dunsparce|def|1\n|-boost|p1a: Dunsparce|accuracy|1\n|\n|upkeep\n|turn|16\n|inactive|Time left: 300 sec this turn | 300 sec total\n|\n|t:|1783561677\n|move|p2a: Vigoroth|Bulk Up|p2a: Vigoroth\n|-boost|p2a: Vigoroth|atk|1\n|-boost|p2a: Vigoroth|def|1\n|move|p1a: Dunsparce|Coil|p1a: Dunsparce\n|-boost|p1a: Dunsparce|atk|1\n|-boost|p1a: Dunsparce|def|1\n|-boost|p1a: Dunsparce|accuracy|1\n|\n|upkeep\n|turn|17\n|inactive|Time left: 300 sec this turn | 300 sec total\n|\n|t:|1783561678\n|move|p2a: Vigoroth|Knock Off|p1a: Dunsparce\n|-damage|p1a: Dunsparce|265/312\n|-enditem|p1a: Dunsparce|Eviolite|[from] move: Knock Off|[of] p2a: Vigoroth\n|move|p1a: Dunsparce|Body Slam|p2a: Vigoroth\n|-damage|p2a: Vigoroth|82/100\n|-status|p2a: Vigoroth|par\n|\n|upkeep\n|turn|18\n|inactive|Time left: 300 sec this turn | 300 sec total\n|\n|t:|1783561679\n|move|p1a: Dunsparce|Coil|p1a: Dunsparce\n|-boost|p1a: Dunsparce|atk|1\n|-boost|p1a: Dunsparce|def|1\n|-boost|p1a: Dunsparce|accuracy|1\n|cant|p2a: Vigoroth|par\n|\n|upkeep\n|turn|19\n|inactive|Time left: 300 sec this turn | 300 sec total\n|\n|t:|1783561680\n|move|p1a: Dunsparce|Coil|p1a: Dunsparce\n|-boost|p1a: Dunsparce|atk|1\n|-boost|p1a: Dunsparce|def|1\n|-boost|p1a: Dunsparce|accuracy|1\n|move|p2a: Vigoroth|Bulk Up|p2a: Vigoroth\n|-boost|p2a: Vigoroth|atk|1\n|-boost|p2a: Vigoroth|def|1\n|\n|upkeep\n|turn|20\n|inactive|Time left: 300 sec this turn | 300 sec total\n|\n|t:|1783561681\n|move|p1a: Dunsparce|Earthquake|p2a: Vigoroth\n|-damage|p2a: Vigoroth|63/100 par\n|cant|p2a: Vigoroth|par\n|\n|upkeep\n|turn|21\n|inactive|Time left: 300 sec this turn | 300 sec total\n|\n|t:|1783561682\n|move|p1a: Dunsparce|Body Slam|p2a: Vigoroth\n|-damage|p2a: Vigoroth|42/100 par\n|move|p2a: Vigoroth|Body Slam|p1a: Dunsparce\n|-crit|p1a: Dunsparce\n|-damage|p1a: Dunsparce|0 fnt\n|faint|p1a: Dunsparce\n|\n|upkeep\n|inactive|Time left: 300 sec this turn | 300 sec total | 5 sec grace\n|\n|t:|1783561683\n|switch|p1a: Skeledirge|Skeledirge, L79, F|294/294\n|turn|22\n|inactive|Time left: 300 sec this turn | 300 sec total\n|\n|t:|1783561684\n|move|p1a: Skeledirge|Torch Song|p2a: Vigoroth\n|-damage|p2a: Vigoroth|11/100 par\n|-boost|p1a: Skeledirge|spa|1\n|move|p2a: Vigoroth|Slack Off|p2a: Vigoroth\n|-heal|p2a: Vigoroth|61/100 par\n|\n|upkeep\n|turn|23\n|inactive|Time left: 300 sec this turn | 300 sec total\n|\n|t:|1783561685\n|move|p1a: Skeledirge|Torch Song|p2a: Vigoroth\n|-damage|p2a: Vigoroth|22/100 par\n|-boost|p1a: Skeledirge|spa|1\n|move|p2a: Vigoroth|Slack Off|p2a: Vigoroth\n|-heal|p2a: Vigoroth|72/100 par\n|\n|upkeep\n|turn|24\n|inactive|Time left: 300 sec this turn | 300 sec total\n|\n|t:|1783561686\n|move|p1a: Skeledirge|Torch Song|p2a: Vigoroth\n|-damage|p2a: Vigoroth|15/100 par\n|-boost|p1a: Skeledirge|spa|1\n|move|p2a: Vigoroth|Knock Off|p1a: Skeledirge\n|-supereffective|p1a: Skeledirge\n|-damage|p1a: Skeledirge|170/294\n|-enditem|p1a: Skeledirge|Heavy-Duty Boots|[from] move: Knock Off|[of] p2a: Vigoroth\n|\n|upkeep\n|turn|25\n|inactive|Time left: 300 sec this turn | 300 sec total\n|\n|t:|1783561687\n|move|p1a: Skeledirge|Torch Song|p2a: Vigoroth\n|-damage|p2a: Vigoroth|0 fnt\n|-boost|p1a: Skeledirge|spa|1\n|faint|p2a: Vigoroth\n|\n|upkeep\n|\n|t:|1783561688\n|switch|p2a: Latios|Latios, L78, M|100/100\n|turn|26\n|inactive|Time left: 300 sec this turn | 300 sec total\n|\n|t:|1783561689\n|move|p2a: Latios|Draco Meteor|p1a: Skeledirge\n|-damage|p1a: Skeledirge|0 fnt\n|-unboost|p2a: Latios|spa|2\n|faint|p1a: Skeledirge\n|\n|upkeep\n|inactive|Time left: 300 sec this turn | 300 sec total | 5 sec grace\n|\n|t:|1783561689\n|switch|p1a: Chien-Pao|Chien-Pao, L72|234/234\n|-ability|p1a: Chien-Pao|Sword of Ruin\n|turn|27\n|inactive|Time left: 300 sec this turn | 300 sec total\n|\n|t:|1783561690\n|-terastallize|p2a: Latios|Steel\n|move|p1a: Chien-Pao|Icicle Crash|p2a: Latios\n|-resisted|p2a: Latios\n|-damage|p2a: Latios|62/100\n|move|p2a: Latios|Aura Sphere|p1a: Chien-Pao\n|-supereffective|p1a: Chien-Pao\n|-damage|p1a: Chien-Pao|54/234\n|\n|upkeep\n|turn|28\n|inactive|Time left: 300 sec this turn | 300 sec total\n|\n|t:|1783561691\n|move|p1a: Chien-Pao|Icicle Crash|p2a: Latios|[miss]\n|-miss|p1a: Chien-Pao|p2a: Latios\n|move|p2a: Latios|Recover|p2a: Latios\n|-heal|p2a: Latios|100/100\n|\n|upkeep\n|turn|29\n|inactive|Time left: 300 sec this turn | 300 sec total\n|\n|t:|1783561692\n|move|p1a: Chien-Pao|Icicle Crash|p2a: Latios\n|-resisted|p2a: Latios\n|-damage|p2a: Latios|64/100\n|move|p2a: Latios|Aura Sphere|p1a: Chien-Pao\n|-supereffective|p1a: Chien-Pao\n|-damage|p1a: Chien-Pao|0 fnt\n|faint|p1a: Chien-Pao\n|\n|upkeep\n|inactive|Time left: 300 sec this turn | 300 sec total | 5 sec grace\n|\n|t:|1783561693\n|switch|p1a: Tropius|Tropius, L91, F|328/328\n|turn|30\n|inactive|Time left: 300 sec this turn | 300 sec total\n|\n|t:|1783561694\n|move|p2a: Latios|Recover|p2a: Latios\n|-heal|p2a: Latios|100/100\n|move|p1a: Tropius|Dragon Dance|p1a: Tropius\n|-boost|p1a: Tropius|atk|1\n|-boost|p1a: Tropius|spe|1\n|\n|upkeep\n|turn|31\n|inactive|Time left: 300 sec this turn | 300 sec total\n|\n|t:|1783561695\n|switch|p2a: Chimecho|Chimecho, L93, F|100/100\n|move|p1a: Tropius|Dragon Dance|p1a: Tropius\n|-boost|p1a: Tropius|atk|1\n|-boost|p1a: Tropius|spe|1\n|\n|upkeep\n|turn|32\n|inactive|Time left: 300 sec this turn | 300 sec total\n|\n|t:|1783561696\n|move|p1a: Tropius|Dragon Dance|p1a: Tropius\n|-boost|p1a: Tropius|atk|1\n|-boost|p1a: Tropius|spe|1\n|move|p2a: Chimecho|Recover||[still]\n|-fail|p2a: Chimecho|heal\n|\n|upkeep\n|turn|33\n|inactive|Time left: 300 sec this turn | 300 sec total\n|\n|t:|1783561697\n|switch|p2a: Latios|Latios, L78, M, tera:Steel|100/100\n|move|p1a: Tropius|Dual Wingbeat|p2a: Latios\n|-resisted|p2a: Latios\n|-damage|p2a: Latios|78/100\n|-resisted|p2a: Latios\n|-damage|p2a: Latios|57/100\n|-hitcount|p2a: Latios|2\n|\n|upkeep\n|turn|34\n|inactive|Time left: 300 sec this turn | 300 sec total\n|\n|t:|1783561698\n|move|p1a: Tropius|Dual Wingbeat|p2a: Latios\n|-resisted|p2a: Latios\n|-damage|p2a: Latios|35/100\n|-resisted|p2a: Latios\n|-damage|p2a: Latios|14/100\n|-hitcount|p2a: Latios|2\n|move|p2a: Latios|Recover|p2a: Latios\n|-heal|p2a: Latios|64/100\n|\n|upkeep\n|turn|35\n|inactive|Time left: 300 sec this turn | 300 sec total\n|\n|t:|1783561699\n|move|p1a: Tropius|Dual Wingbeat|p2a: Latios\n|-resisted|p2a: Latios\n|-damage|p2a: Latios|43/100\n|-resisted|p2a: Latios\n|-damage|p2a: Latios|22/100\n|-hitcount|p2a: Latios|2\n|move|p2a: Latios|Recover|p2a: Latios\n|-heal|p2a: Latios|72/100\n|\n|upkeep\n|turn|36\n|inactive|Time left: 300 sec this turn | 300 sec total\n|\n|t:|1783561700\n|move|p1a: Tropius|Dual Wingbeat|p2a: Latios\n|-resisted|p2a: Latios\n|-damage|p2a: Latios|52/100\n|-resisted|p2a: Latios\n|-damage|p2a: Latios|30/100\n|-hitcount|p2a: Latios|2\n|move|p2a: Latios|Recover|p2a: Latios\n|-heal|p2a: Latios|80/100\n|\n|upkeep\n|turn|37\n|inactive|Time left: 300 sec this turn | 300 sec total\n|\n|t:|1783561701\n|move|p1a: Tropius|Dual Wingbeat|p2a: Latios\n|-resisted|p2a: Latios\n|-damage|p2a: Latios|58/100\n|-resisted|p2a: Latios\n|-damage|p2a: Latios|35/100\n|-hitcount|p2a: Latios|2\n|move|p2a: Latios|Recover|p2a: Latios\n|-heal|p2a: Latios|85/100\n|\n|upkeep\n|turn|38\n|inactive|Time left: 300 sec this turn | 300 sec total\n|\n|t:|1783561703\n|move|p1a: Tropius|Dual Wingbeat|p2a: Latios\n|-resisted|p2a: Latios\n|-crit|p2a: Latios\n|-damage|p2a: Latios|50/100\n|-resisted|p2a: Latios\n|-damage|p2a: Latios|30/100\n|-hitcount|p2a: Latios|2\n|move|p2a: Latios|Recover|p2a: Latios\n|-heal|p2a: Latios|80/100\n|\n|upkeep\n|turn|39\n|inactive|Time left: 300 sec this turn | 300 sec total\n|\n|t:|1783561704\n|move|p1a: Tropius|Dual Wingbeat|p2a: Latios\n|-resisted|p2a: Latios\n|-damage|p2a: Latios|57/100\n|-resisted|p2a: Latios\n|-damage|p2a: Latios|34/100\n|-hitcount|p2a: Latios|2\n|move|p2a: Latios|Luster Purge|p1a: Tropius\n|-crit|p1a: Tropius\n|-damage|p1a: Tropius|130/328\n|-unboost|p1a: Tropius|spd|1\n|-enditem|p1a: Tropius|Sitrus Berry|[eat]\n|-heal|p1a: Tropius|212/328|[from] item: Sitrus Berry\n|\n|upkeep\n|turn|40\n|inactive|Time left: 300 sec this turn | 300 sec total\n|\n|t:|1783561705\n|move|p1a: Tropius|Dual Wingbeat|p2a: Latios\n|-resisted|p2a: Latios\n|-damage|p2a: Latios|14/100\n|-resisted|p2a: Latios\n|-damage|p2a: Latios|0 fnt\n|faint|p2a: Latios\n|-hitcount|p2: Latios|2\n|\n|upkeep\n|\n|t:|1783561705\n|switch|p2a: Chimecho|Chimecho, L93, F|100/100\n|turn|41\n|inactive|Time left: 300 sec this turn | 300 sec total\n|\n|t:|1783561706\n|move|p1a: Tropius|Dual Wingbeat|p2a: Chimecho\n|-damage|p2a: Chimecho|69/100\n|-damage|p2a: Chimecho|38/100\n|-hitcount|p2a: Chimecho|2\n|move|p2a: Chimecho|Recover|p2a: Chimecho\n|-heal|p2a: Chimecho|88/100\n|\n|-heal|p2a: Chimecho|94/100|[from] item: Leftovers\n|upkeep\n|turn|42\n|inactive|Time left: 300 sec this turn | 300 sec total\n|\n|t:|1783561707\n|move|p1a: Tropius|Dual Wingbeat|p2a: Chimecho\n|-damage|p2a: Chimecho|62/100\n|-damage|p2a: Chimecho|29/100\n|-hitcount|p2a: Chimecho|2\n|move|p2a: Chimecho|Recover|p2a: Chimecho\n|-heal|p2a: Chimecho|79/100\n|\n|-heal|p2a: Chimecho|86/100|[from] item: Leftovers\n|upkeep\n|turn|43\n|inactive|Time left: 300 sec this turn | 300 sec total\n|\n|t:|1783561708\n|move|p1a: Tropius|Dual Wingbeat|p2a: Chimecho\n|-damage|p2a: Chimecho|52/100\n|-damage|p2a: Chimecho|22/100\n|-hitcount|p2a: Chimecho|2\n|move|p2a: Chimecho|Recover|p2a: Chimecho\n|-heal|p2a: Chimecho|72/100\n|\n|-heal|p2a: Chimecho|78/100|[from] item: Leftovers\n|-item|p1a: Tropius|Sitrus Berry|[from] ability: Harvest\n|upkeep\n|turn|44\n|inactive|Time left: 300 sec this turn | 300 sec total\n|\n|t:|1783561709\n|move|p1a: Tropius|Dual Wingbeat|p2a: Chimecho|[miss]\n|-miss|p1a: Tropius|p2a: Chimecho\n|move|p2a: Chimecho|Recover|p2a: Chimecho\n|-heal|p2a: Chimecho|100/100\n|\n|upkeep\n|turn|45\n|inactive|Time left: 300 sec this turn | 300 sec total\n|\n|t:|1783561710\n|move|p1a: Tropius|Dual Wingbeat|p2a: Chimecho\n|-damage|p2a: Chimecho|68/100\n|-damage|p2a: Chimecho|36/100\n|-hitcount|p2a: Chimecho|2\n|move|p2a: Chimecho|Recover|p2a: Chimecho\n|-heal|p2a: Chimecho|86/100\n|\n|-heal|p2a: Chimecho|92/100|[from] item: Leftovers\n|upkeep\n|turn|46\n|inactive|Time left: 300 sec this turn | 300 sec total\n|\n|t:|1783561711\n|move|p1a: Tropius|Dual Wingbeat|p2a: Chimecho\n|-damage|p2a: Chimecho|57/100\n|-damage|p2a: Chimecho|25/100\n|-hitcount|p2a: Chimecho|2\n|move|p2a: Chimecho|Recover|p2a: Chimecho\n|-heal|p2a: Chimecho|75/100\n|\n|-heal|p2a: Chimecho|81/100|[from] item: Leftovers\n|upkeep\n|turn|47\n|inactive|Time left: 300 sec this turn | 300 sec total\n|\n|t:|1783561712\n|move|p1a: Tropius|Dual Wingbeat|p2a: Chimecho\n|-damage|p2a: Chimecho|47/100\n|-damage|p2a: Chimecho|14/100\n|-hitcount|p2a: Chimecho|2\n|move|p2a: Chimecho|Encore|p1a: Tropius\n|-start|p1a: Tropius|Encore\n|\n|-heal|p2a: Chimecho|20/100|[from] item: Leftovers\n|upkeep\n|turn|48\n|inactive|Time left: 300 sec this turn | 300 sec total\n|\n|t:|1783561712\n|move|p1a: Tropius|Dual Wingbeat|p2a: Chimecho\n|-damage|p2a: Chimecho|0 fnt\n|faint|p2a: Chimecho\n|-hitcount|p2: Chimecho|1\n|\n|-end|p1a: Tropius|Encore\n|upkeep\n|\n|t:|1783561713\n|switch|p2a: Venomoth|Venomoth, L84, M|100/100\n|turn|49\n|inactive|Time left: 300 sec this turn | 300 sec total\n|\n|t:|1783561714\n|-terastallize|p1a: Tropius|Ground\n|move|p1a: Tropius|Earthquake|p2a: Venomoth\n|-damage|p2a: Venomoth|0 fnt\n|faint|p2a: Venomoth\n|\n|win|p0x1870e94e", "uploadtime": 1783561714, "views": 0, "rating": 0, "private": 0, "password": null, "_winner": "p0x1870e94e", "_our_name": "p0x1870e94e"}