{"id": "battle-gen9randombattle-1051", "formatid": "gen9randombattle", "format": "[Gen 9] Random Battle", "players": ["p0x1051cb63", "p0y1051d362"], "log": "|init|battle\n|title|p0x1051cb63 vs. p0y1051d362\n|j|\u2606p0x1051cb63\n|j|\u2606p0y1051d362\n|t:|1783551373\n|gametype|singles\n|player|p1|p0x1051cb63|265|\n|player|p2|p0y1051d362|2|\n|gen|9\n|tier|[Gen 9] Random Battle\n|rule|Species Clause: Limit one of each Pok\u00e9mon\n|rule|HP Percentage Mod: HP is shown in percentages\n|rule|Sleep Clause Mod: Limit one foe put to sleep\n|rule|Illusion Level Mod: Illusion disguises the Pok\u00e9mon's true level\n|\n|t:|1783551373\n|teamsize|p1|6\n|teamsize|p2|6\n|start\n|switch|p1a: Blastoise|Blastoise, L80, M|100/100\n|switch|p2a: Terapagos|Terapagos, L77, F|265/265\n|-activate|p2a: Terapagos|ability: Tera Shift\n|detailschange|p2a: Terapagos|Terapagos-Terastal, L77, F\n|-heal|p2a: Terapagos|273/273|[silent]\n|turn|1\n|inactive|Battle timer is ON: inactive players will automatically lose when time's up. (requested by p0y1051d362)\n|inactive|p0x1051cb63 also wants the timer to be on.\n|\n|t:|1783551374\n|move|p2a: Terapagos|Tera Starstorm|p1a: Blastoise\n|-damage|p1a: Blastoise|59/100\n|move|p1a: Blastoise|Shell Smash|p1a: Blastoise\n|-unboost|p1a: Blastoise|def|1\n|-unboost|p1a: Blastoise|spd|1\n|-boost|p1a: Blastoise|atk|2\n|-boost|p1a: Blastoise|spa|2\n|-boost|p1a: Blastoise|spe|2\n|-enditem|p1a: Blastoise|White Herb\n|-clearnegativeboost|p1a: Blastoise|[silent]\n|\n|upkeep\n|turn|2\n|inactive|Time left: 300 sec this turn | 300 sec total\n|\n|t:|1783551375\n|switch|p2a: Goodra|Goodra-Hisui, L82, F|265/265\n|move|p1a: Blastoise|Hydro Pump|p2a: Goodra|[miss]\n|-miss|p1a: Blastoise|p2a: Goodra\n|\n|upkeep\n|turn|3\n|inactive|Time left: 300 sec this turn | 300 sec total\n|\n|t:|1783551376\n|move|p1a: Blastoise|Ice Beam|p2a: Goodra\n|-damage|p2a: Goodra|216/265\n|move|p2a: Goodra|Dragon Tail|p1a: Blastoise\n|-damage|p1a: Blastoise|35/100\n|drag|p1a: Maushold|Maushold, L76|100/100\n|\n|upkeep\n|turn|4\n|inactive|Time left: 300 sec this turn | 300 sec total\n|\n|t:|1783551377\n|switch|p1a: Gliscor|Gliscor, L76, M|100/100\n|move|p2a: Goodra|Heavy Slam|p1a: Gliscor\n|-damage|p1a: Gliscor|59/100\n|\n|-status|p1a: Gliscor|tox|[from] item: Toxic Orb\n|upkeep\n|turn|5\n|inactive|Time left: 300 sec this turn | 300 sec total\n|\n|t:|1783551378\n|move|p1a: Gliscor|Earthquake|p2a: Goodra\n|-supereffective|p2a: Goodra\n|-damage|p2a: Goodra|64/265\n|move|p2a: Goodra|Draco Meteor|p1a: Gliscor\n|-damage|p1a: Gliscor|0 fnt\n|-unboost|p2a: Goodra|spa|2\n|faint|p1a: Gliscor\n|\n|upkeep\n|\n|t:|1783551379\n|switch|p1a: Noctowl|Noctowl, L95, M|100/100\n|turn|6\n|inactive|Time left: 300 sec this turn | 300 sec total\n|\n|t:|1783551380\n|move|p1a: Noctowl|Nasty Plot|p1a: Noctowl\n|-boost|p1a: Noctowl|spa|2\n|move|p2a: Goodra|Heavy Slam|p1a: Noctowl\n|-damage|p1a: Noctowl|53/100\n|\n|upkeep\n|turn|7\n|inactive|Time left: 300 sec this turn | 300 sec total\n|\n|t:|1783551381\n|move|p1a: Noctowl|Hyper Voice|p2a: Goodra\n|-resisted|p2a: Goodra\n|-damage|p2a: Goodra|0 fnt\n|faint|p2a: Goodra\n|\n|upkeep\n|inactive|Time left: 300 sec this turn | 300 sec total | 5 sec grace\n|\n|t:|1783551382\n|switch|p2a: Palkia|Palkia, L75|259/259\n|-ability|p2a: Palkia|Pressure\n|turn|8\n|inactive|Time left: 300 sec this turn | 300 sec total\n|\n|t:|1783551384\n|-terastallize|p2a: Palkia|Dragon\n|move|p2a: Palkia|Draco Meteor|p1a: Noctowl|[miss]\n|-miss|p2a: Palkia|p1a: Noctowl\n|move|p1a: Noctowl|Roost|p1a: Noctowl\n|-heal|p1a: Noctowl|100/100\n|-singleturn|p1a: Noctowl|move: Roost\n|\n|upkeep\n|turn|9\n|inactive|Time left: 300 sec this turn | 300 sec total\n|\n|t:|1783551385\n|move|p2a: Palkia|Hydro Pump|p1a: Noctowl\n|-damage|p1a: Noctowl|64/100\n|move|p1a: Noctowl|Hurricane|p2a: Palkia\n|-damage|p2a: Palkia|30/259\n|\n|upkeep\n|turn|10\n|inactive|Time left: 300 sec this turn | 300 sec total\n|\n|t:|1783551386\n|move|p2a: Palkia|Draco Meteor|p1a: Noctowl\n|-damage|p1a: Noctowl|0 fnt\n|-unboost|p2a: Palkia|spa|2\n|faint|p1a: Noctowl\n|\n|upkeep\n|\n|t:|1783551387\n|switch|p1a: Maushold|Maushold, L76|100/100\n|turn|11\n|inactive|Time left: 300 sec this turn | 300 sec total\n|\n|t:|1783551388\n|move|p1a: Maushold|Population Bomb|p2a: Palkia\n|-damage|p2a: Palkia|8/259\n|-damage|p2a: Palkia|0 fnt\n|faint|p2a: Palkia\n|-hitcount|p2: Palkia|2\n|\n|upkeep\n|inactive|Time left: 300 sec this turn | 300 sec total | 5 sec grace\n|\n|t:|1783551389\n|switch|p2a: Sandaconda|Sandaconda, L84, F|258/258\n|turn|12\n|inactive|Time left: 300 sec this turn | 300 sec total\n|\n|t:|1783551390\n|move|p1a: Maushold|Population Bomb|p2a: Sandaconda\n|-damage|p2a: Sandaconda|242/258\n|-damage|p2a: Sandaconda|224/258\n|-crit|p2a: Sandaconda\n|-damage|p2a: Sandaconda|196/258\n|-damage|p2a: Sandaconda|177/258\n|-damage|p2a: Sandaconda|161/258\n|-damage|p2a: Sandaconda|143/258\n|-crit|p2a: Sandaconda\n|-damage|p2a: Sandaconda|118/258\n|-damage|p2a: Sandaconda|102/258\n|-damage|p2a: Sandaconda|86/258\n|-damage|p2a: Sandaconda|70/258\n|-hitcount|p2a: Sandaconda|10\n|move|p2a: Sandaconda|Earthquake|p1a: Maushold\n|-crit|p1a: Maushold\n|-damage|p1a: Maushold|1/100\n|\n|-heal|p2a: Sandaconda|86/258|[from] item: Leftovers\n|upkeep\n|turn|13\n|inactive|Time left: 300 sec this turn | 300 sec total\n|\n|t:|1783551391\n|move|p1a: Maushold|Population Bomb|p2a: Sandaconda\n|-damage|p2a: Sandaconda|70/258\n|-damage|p2a: Sandaconda|54/258\n|-damage|p2a: Sandaconda|38/258\n|-damage|p2a: Sandaconda|22/258\n|-damage|p2a: Sandaconda|3/258\n|-damage|p2a: Sandaconda|0 fnt\n|faint|p2a: Sandaconda\n|-hitcount|p2: Sandaconda|6\n|\n|upkeep\n|inactive|Time left: 300 sec this turn | 300 sec total | 5 sec grace\n|\n|t:|1783551392\n|switch|p2a: Rotom|Rotom-Mow, L87|229/229\n|turn|14\n|inactive|Time left: 300 sec this turn | 300 sec total\n|\n|t:|1783551393\n|move|p2a: Rotom|Volt Switch|p1a: Maushold\n|-damage|p1a: Maushold|0 fnt\n|faint|p1a: Maushold\n|inactive|Time left: 300 sec this turn | 300 sec total | 5 sec grace\n|\n|t:|1783551394\n|switch|p2a: Rillaboom|Rillaboom, L79, M|288/288|[from] Volt Switch\n|-fieldstart|move: Grassy Terrain|[from] ability: Grassy Surge|[of] p2a: Rillaboom\n|\n|upkeep\n|\n|t:|1783551395\n|switch|p1a: Haxorus|Haxorus, L77, F|100/100\n|-ability|p1a: Haxorus|Mold Breaker\n|turn|15\n|inactive|Time left: 300 sec this turn | 300 sec total\n|\n|t:|1783551396\n|move|p1a: Haxorus|Swords Dance|p1a: Haxorus\n|-boost|p1a: Haxorus|atk|2\n|move|p2a: Rillaboom|Wood Hammer|p1a: Haxorus\n|-resisted|p1a: Haxorus\n|-damage|p1a: Haxorus|43/100\n|-damage|p2a: Rillaboom|241/288|[from] Recoil\n|\n|-heal|p1a: Haxorus|49/100|[from] Grassy Terrain\n|-heal|p2a: Rillaboom|259/288|[from] Grassy Terrain\n|upkeep\n|turn|16\n|inactive|Time left: 300 sec this turn | 300 sec total\n|\n|t:|1783551397\n|move|p1a: Haxorus|Scale Shot|p2a: Rillaboom\n|-damage|p2a: Rillaboom|189/288\n|-damage|p2a: Rillaboom|119/288\n|-damage|p2a: Rillaboom|53/288\n|-damage|p2a: Rillaboom|0 fnt\n|faint|p2a: Rillaboom\n|-hitcount|p2: Rillaboom|4\n|-unboost|p1a: Haxorus|def|1\n|-boost|p1a: Haxorus|spe|1\n|\n|-heal|p1a: Haxorus|55/100|[from] Grassy Terrain\n|upkeep\n|inactive|Time left: 300 sec this turn | 300 sec total | 5 sec grace\n|\n|t:|1783551398\n|switch|p2a: Terapagos|Terapagos-Terastal, L77, F|273/273\n|turn|17\n|inactive|Time left: 300 sec this turn | 300 sec total\n|\n|t:|1783551399\n|-terastallize|p1a: Haxorus|Steel\n|move|p1a: Haxorus|Swords Dance|p1a: Haxorus\n|-boost|p1a: Haxorus|atk|2\n|move|p2a: Terapagos|Tera Starstorm|p1a: Haxorus\n|-resisted|p1a: Haxorus\n|-damage|p1a: Haxorus|27/100\n|\n|-heal|p1a: Haxorus|33/100|[from] Grassy Terrain\n|upkeep\n|turn|18\n|inactive|Time left: 300 sec this turn | 300 sec total\n|\n|t:|1783551401\n|switch|p2a: Rotom|Rotom-Mow, L87|229/229\n|move|p1a: Haxorus|Scale Shot|p2a: Rotom\n|-damage|p2a: Rotom|154/229\n|-damage|p2a: Rotom|79/229\n|-damage|p2a: Rotom|0 fnt\n|faint|p2a: Rotom\n|-hitcount|p2: Rotom|3\n|-unboost|p1a: Haxorus|def|1\n|-boost|p1a: Haxorus|spe|1\n|\n|-heal|p1a: Haxorus|39/100|[from] Grassy Terrain\n|-fieldend|move: Grassy Terrain\n|upkeep\n|inactive|Time left: 300 sec this turn | 300 sec total | 5 sec grace\n|\n|t:|1783551401\n|switch|p2a: Terapagos|Terapagos-Terastal, L77, F|273/273\n|turn|19\n|inactive|Time left: 300 sec this turn | 300 sec total\n|\n|t:|1783551402\n|move|p1a: Haxorus|Scale Shot|p2a: Terapagos\n|-damage|p2a: Terapagos|182/273\n|-damage|p2a: Terapagos|103/273\n|-damage|p2a: Terapagos|15/273\n|-damage|p2a: Terapagos|0 fnt\n|faint|p2a: Terapagos\n|-hitcount|p2: Terapagos|4\n|\n|win|p0x1051cb63", "uploadtime": 1783551402, "views": 0, "rating": 0, "private": 0, "password": null, "_winner": "p0x1051cb63", "_our_name": "p0y1051d362"}