{"id": "battle-gen9randombattle-1952", "formatid": "gen9randombattle", "format": "[Gen 9] Random Battle", "players": ["p0x1952c70e", "p0y1952e85a"], "log": "|init|battle\n|title|p0x1952c70e vs. p0y1952e85a\n|j|\u2606p0x1952c70e\n|j|\u2606p0y1952e85a\n|t:|1783561834\n|gametype|singles\n|player|p1|p0x1952c70e|170|\n|player|p2|p0y1952e85a|2|\n|gen|9\n|tier|[Gen 9] Random Battle\n|rule|Species Clause: Limit one of each Pok\u00e9mon\n|rule|HP Percentage Mod: HP is shown in percentages\n|rule|Sleep Clause Mod: Limit one foe put to sleep\n|rule|Illusion Level Mod: Illusion disguises the Pok\u00e9mon's true level\n|\n|t:|1783561834\n|teamsize|p1|6\n|teamsize|p2|6\n|start\n|switch|p1a: Misdreavus|Misdreavus, L90, F|254/254\n|switch|p2a: Oranguru|Oranguru, L92, F|100/100\n|turn|1\n|inactive|Battle timer is ON: inactive players will automatically lose when time's up. (requested by p0x1952c70e)\n|\n|t:|1783561836\n|move|p1a: Misdreavus|Calm Mind|p1a: Misdreavus\n|-boost|p1a: Misdreavus|spa|1\n|-boost|p1a: Misdreavus|spd|1\n|move|p2a: Oranguru|Nasty Plot|p2a: Oranguru\n|-boost|p2a: Oranguru|spa|2\n|\n|upkeep\n|turn|2\n|inactive|Time left: 300 sec this turn | 300 sec total\n|inactive|p0y1952e85a also wants the timer to be on.\n|\n|t:|1783561837\n|move|p1a: Misdreavus|Calm Mind|p1a: Misdreavus\n|-boost|p1a: Misdreavus|spa|1\n|-boost|p1a: Misdreavus|spd|1\n|move|p2a: Oranguru|Psychic|p1a: Misdreavus\n|-damage|p1a: Misdreavus|191/254\n|\n|upkeep\n|turn|3\n|inactive|Time left: 300 sec this turn | 300 sec total\n|\n|t:|1783561838\n|move|p1a: Misdreavus|Calm Mind|p1a: Misdreavus\n|-boost|p1a: Misdreavus|spa|1\n|-boost|p1a: Misdreavus|spd|1\n|move|p2a: Oranguru|Nasty Plot|p2a: Oranguru\n|-boost|p2a: Oranguru|spa|2\n|\n|upkeep\n|turn|4\n|inactive|Time left: 300 sec this turn | 300 sec total\n|\n|t:|1783561839\n|move|p1a: Misdreavus|Draining Kiss|p2a: Oranguru\n|-damage|p2a: Oranguru|78/100\n|-heal|p1a: Misdreavus|244/254|[from] drain|[of] p2a: Oranguru\n|move|p2a: Oranguru|Psychic|p1a: Misdreavus\n|-damage|p1a: Misdreavus|168/254\n|\n|-heal|p2a: Oranguru|84/100|[from] item: Leftovers\n|upkeep\n|turn|5\n|inactive|Time left: 300 sec this turn | 300 sec total\n|\n|t:|1783561840\n|move|p1a: Misdreavus|Draining Kiss|p2a: Oranguru\n|-damage|p2a: Oranguru|63/100\n|-heal|p1a: Misdreavus|218/254|[from] drain|[of] p2a: Oranguru\n|move|p2a: Oranguru|Psychic|p1a: Misdreavus\n|-damage|p1a: Misdreavus|128/254\n|-unboost|p1a: Misdreavus|spd|1\n|\n|-heal|p2a: Oranguru|69/100|[from] item: Leftovers\n|upkeep\n|turn|6\n|inactive|Time left: 300 sec this turn | 300 sec total\n|\n|t:|1783561841\n|-terastallize|p1a: Misdreavus|Fairy\n|move|p1a: Misdreavus|Draining Kiss|p2a: Oranguru\n|-damage|p2a: Oranguru|30/100\n|-heal|p1a: Misdreavus|220/254|[from] drain|[of] p2a: Oranguru\n|move|p2a: Oranguru|Psychic|p1a: Misdreavus\n|-damage|p1a: Misdreavus|118/254\n|\n|-heal|p2a: Oranguru|36/100|[from] item: Leftovers\n|upkeep\n|turn|7\n|inactive|Time left: 300 sec this turn | 300 sec total\n|\n|t:|1783561842\n|switch|p2a: Ho-Oh|Ho-Oh, L71|100/100\n|move|p1a: Misdreavus|Draining Kiss|p2a: Ho-Oh\n|-resisted|p2a: Ho-Oh\n|-damage|p2a: Ho-Oh|76/100\n|-heal|p1a: Misdreavus|167/254|[from] drain|[of] p2a: Ho-Oh\n|\n|upkeep\n|turn|8\n|inactive|Time left: 300 sec this turn | 300 sec total\n|\n|t:|1783561843\n|move|p1a: Misdreavus|Draining Kiss|p2a: Ho-Oh\n|-resisted|p2a: Ho-Oh\n|-damage|p2a: Ho-Oh|51/100\n|-heal|p1a: Misdreavus|217/254|[from] drain|[of] p2a: Ho-Oh\n|move|p2a: Ho-Oh|Sacred Fire|p1a: Misdreavus\n|-damage|p1a: Misdreavus|136/254\n|\n|upkeep\n|turn|9\n|inactive|Time left: 300 sec this turn | 300 sec total\n|\n|t:|1783561844\n|switch|p2a: Oranguru|Oranguru, L92, F|36/100\n|move|p1a: Misdreavus|Shadow Ball|p2a: Oranguru\n|-immune|p2a: Oranguru\n|\n|-heal|p2a: Oranguru|42/100|[from] item: Leftovers\n|upkeep\n|turn|10\n|inactive|Time left: 300 sec this turn | 300 sec total\n|\n|t:|1783561845\n|switch|p2a: Ho-Oh|Ho-Oh, L71|84/100\n|move|p1a: Misdreavus|Draining Kiss|p2a: Ho-Oh\n|-resisted|p2a: Ho-Oh\n|-damage|p2a: Ho-Oh|60/100\n|-heal|p1a: Misdreavus|185/254|[from] drain|[of] p2a: Ho-Oh\n|\n|upkeep\n|turn|11\n|inactive|Time left: 300 sec this turn | 300 sec total\n|\n|t:|1783561846\n|switch|p2a: Oranguru|Oranguru, L92, F|42/100\n|move|p1a: Misdreavus|Draining Kiss|p2a: Oranguru\n|-damage|p2a: Oranguru|4/100\n|-heal|p1a: Misdreavus|254/254|[from] drain|[of] p2a: Oranguru\n|\n|-heal|p2a: Oranguru|10/100|[from] item: Leftovers\n|upkeep\n|turn|12\n|inactive|Time left: 300 sec this turn | 300 sec total\n|\n|t:|1783561847\n|switch|p2a: Ho-Oh|Ho-Oh, L71|93/100\n|move|p1a: Misdreavus|Draining Kiss|p2a: Ho-Oh\n|-resisted|p2a: Ho-Oh\n|-damage|p2a: Ho-Oh|69/100\n|\n|upkeep\n|turn|13\n|inactive|Time left: 300 sec this turn | 300 sec total\n|\n|t:|1783561848\n|switch|p2a: Vigoroth|Vigoroth, L85, M|100/100\n|move|p1a: Misdreavus|Shadow Ball|p2a: Vigoroth\n|-immune|p2a: Vigoroth\n|\n|upkeep\n|turn|14\n|inactive|Time left: 300 sec this turn | 300 sec total\n|\n|t:|1783561849\n|switch|p2a: Ho-Oh|Ho-Oh, L71|100/100\n|move|p1a: Misdreavus|Draining Kiss|p2a: Ho-Oh\n|-resisted|p2a: Ho-Oh\n|-damage|p2a: Ho-Oh|78/100\n|\n|upkeep\n|turn|15\n|inactive|Time left: 300 sec this turn | 300 sec total\n|\n|t:|1783561850\n|switch|p2a: Oranguru|Oranguru, L92, F|10/100\n|move|p1a: Misdreavus|Shadow Ball|p2a: Oranguru\n|-immune|p2a: Oranguru\n|\n|-heal|p2a: Oranguru|16/100|[from] item: Leftovers\n|upkeep\n|turn|16\n|inactive|Time left: 300 sec this turn | 300 sec total\n|\n|t:|1783561850\n|switch|p2a: Ho-Oh|Ho-Oh, L71|100/100\n|move|p1a: Misdreavus|Draining Kiss|p2a: Ho-Oh\n|-resisted|p2a: Ho-Oh\n|-damage|p2a: Ho-Oh|78/100\n|\n|upkeep\n|turn|17\n|inactive|Time left: 300 sec this turn | 300 sec total\n|\n|t:|1783561851\n|move|p1a: Misdreavus|Shadow Ball|p2a: Ho-Oh\n|-damage|p2a: Ho-Oh|15/100\n|move|p2a: Ho-Oh|Sacred Fire|p1a: Misdreavus\n|-damage|p1a: Misdreavus|181/254\n|\n|upkeep\n|turn|18\n|inactive|Time left: 300 sec this turn | 300 sec total\n|\n|t:|1783561852\n|switch|p2a: Vigoroth|Vigoroth, L85, M|100/100\n|move|p1a: Misdreavus|Draining Kiss|p2a: Vigoroth\n|-damage|p2a: Vigoroth|46/100\n|-heal|p1a: Misdreavus|254/254|[from] drain|[of] p2a: Vigoroth\n|\n|upkeep\n|turn|19\n|inactive|Time left: 300 sec this turn | 300 sec total\n|\n|t:|1783561853\n|switch|p2a: Ho-Oh|Ho-Oh, L71|49/100\n|move|p1a: Misdreavus|Draining Kiss|p2a: Ho-Oh\n|-resisted|p2a: Ho-Oh\n|-damage|p2a: Ho-Oh|24/100\n|\n|upkeep\n|turn|20\n|inactive|Time left: 300 sec this turn | 300 sec total\n|\n|t:|1783561854\n|switch|p2a: Oranguru|Oranguru, L92, F|16/100\n|move|p1a: Misdreavus|Draining Kiss|p2a: Oranguru\n|-damage|p2a: Oranguru|0 fnt\n|faint|p2a: Oranguru\n|\n|upkeep\n|\n|t:|1783561855\n|switch|p2a: Ho-Oh|Ho-Oh, L71|57/100\n|turn|21\n|inactive|Time left: 300 sec this turn | 300 sec total\n|\n|t:|1783561856\n|switch|p2a: Vigoroth|Vigoroth, L85, M|46/100\n|move|p1a: Misdreavus|Shadow Ball|p2a: Vigoroth\n|-immune|p2a: Vigoroth\n|\n|upkeep\n|turn|22\n|inactive|Time left: 300 sec this turn | 300 sec total\n|\n|t:|1783561857\n|switch|p2a: Ho-Oh|Ho-Oh, L71|90/100\n|move|p1a: Misdreavus|Draining Kiss|p2a: Ho-Oh\n|-resisted|p2a: Ho-Oh\n|-damage|p2a: Ho-Oh|67/100\n|\n|upkeep\n|turn|23\n|inactive|Time left: 300 sec this turn | 300 sec total\n|\n|t:|1783561858\n|switch|p2a: Vigoroth|Vigoroth, L85, M|46/100\n|move|p1a: Misdreavus|Shadow Ball|p2a: Vigoroth\n|-immune|p2a: Vigoroth\n|\n|upkeep\n|turn|24\n|inactive|Time left: 300 sec this turn | 300 sec total\n|\n|t:|1783561859\n|switch|p2a: Ho-Oh|Ho-Oh, L71|99/100\n|move|p1a: Misdreavus|Draining Kiss|p2a: Ho-Oh\n|-resisted|p2a: Ho-Oh\n|-damage|p2a: Ho-Oh|75/100\n|\n|upkeep\n|turn|25\n|inactive|Time left: 300 sec this turn | 300 sec total\n|\n|t:|1783561860\n|switch|p2a: Vigoroth|Vigoroth, L85, M|46/100\n|move|p1a: Misdreavus|Shadow Ball|p2a: Vigoroth\n|-immune|p2a: Vigoroth\n|\n|upkeep\n|turn|26\n|inactive|Time left: 300 sec this turn | 300 sec total\n|\n|t:|1783561862\n|switch|p2a: Ho-Oh|Ho-Oh, L71|100/100\n|move|p1a: Misdreavus|Draining Kiss|p2a: Ho-Oh\n|-resisted|p2a: Ho-Oh\n|-damage|p2a: Ho-Oh|79/100\n|\n|upkeep\n|turn|27\n|inactive|Time left: 300 sec this turn | 300 sec total\n|\n|t:|1783561862\n|switch|p2a: Vigoroth|Vigoroth, L85, M|46/100\n|move|p1a: Misdreavus|Shadow Ball|p2a: Vigoroth\n|-immune|p2a: Vigoroth\n|\n|upkeep\n|turn|28\n|inactive|Time left: 300 sec this turn | 300 sec total\n|\n|t:|1783561864\n|move|p1a: Misdreavus|Will-O-Wisp|p2a: Vigoroth\n|-status|p2a: Vigoroth|brn\n|move|p2a: Vigoroth|Slack Off|p2a: Vigoroth\n|-heal|p2a: Vigoroth|96/100 brn\n|\n|-damage|p2a: Vigoroth|90/100 brn|[from] brn\n|upkeep\n|turn|29\n|inactive|Time left: 300 sec this turn | 300 sec total\n|\n|t:|1783561865\n|move|p1a: Misdreavus|Shadow Ball|p2a: Vigoroth\n|-immune|p2a: Vigoroth\n|move|p2a: Vigoroth|Bulk Up|p2a: Vigoroth\n|-boost|p2a: Vigoroth|atk|1\n|-boost|p2a: Vigoroth|def|1\n|\n|-damage|p2a: Vigoroth|83/100 brn|[from] brn\n|upkeep\n|turn|30\n|inactive|Time left: 300 sec this turn | 300 sec total\n|\n|t:|1783561866\n|move|p1a: Misdreavus|Shadow Ball|p2a: Vigoroth\n|-immune|p2a: Vigoroth\n|move|p2a: Vigoroth|Body Slam|p1a: Misdreavus\n|-damage|p1a: Misdreavus|203/254\n|-status|p1a: Misdreavus|par\n|\n|-damage|p2a: Vigoroth|77/100 brn|[from] brn\n|upkeep\n|turn|31\n|inactive|Time left: 300 sec this turn | 300 sec total\n|\n|t:|1783561867\n|move|p2a: Vigoroth|Bulk Up|p2a: Vigoroth\n|-boost|p2a: Vigoroth|atk|1\n|-boost|p2a: Vigoroth|def|1\n|move|p1a: Misdreavus|Calm Mind|p1a: Misdreavus\n|-boost|p1a: Misdreavus|spa|1\n|-boost|p1a: Misdreavus|spd|1\n|\n|-damage|p2a: Vigoroth|71/100 brn|[from] brn\n|upkeep\n|turn|32\n|inactive|Time left: 300 sec this turn | 300 sec total\n|\n|t:|1783561868\n|move|p2a: Vigoroth|Body Slam|p1a: Misdreavus\n|-damage|p1a: Misdreavus|137/254 par\n|move|p1a: Misdreavus|Calm Mind|p1a: Misdreavus\n|-boost|p1a: Misdreavus|spa|1\n|-boost|p1a: Misdreavus|spd|1\n|\n|-damage|p2a: Vigoroth|65/100 brn|[from] brn\n|upkeep\n|turn|33\n|inactive|Time left: 300 sec this turn | 300 sec total\n|\n|t:|1783561869\n|move|p2a: Vigoroth|Body Slam|p1a: Misdreavus\n|-damage|p1a: Misdreavus|65/254 par\n|move|p1a: Misdreavus|Calm Mind|p1a: Misdreavus\n|-boost|p1a: Misdreavus|spa|1\n|-boost|p1a: Misdreavus|spd|1\n|\n|-damage|p2a: Vigoroth|59/100 brn|[from] brn\n|upkeep\n|turn|34\n|inactive|Time left: 300 sec this turn | 300 sec total\n|\n|t:|1783561870\n|move|p2a: Vigoroth|Body Slam|p1a: Misdreavus\n|-crit|p1a: Misdreavus\n|-damage|p1a: Misdreavus|0 fnt\n|faint|p1a: Misdreavus\n|\n|-damage|p2a: Vigoroth|52/100 brn|[from] brn\n|upkeep\n|inactive|Time left: 300 sec this turn | 300 sec total | 5 sec grace\n|\n|t:|1783561871\n|switch|p1a: Primarina|Primarina, L83, F|268/268\n|turn|35\n|inactive|Time left: 300 sec this turn | 300 sec total\n|\n|t:|1783561872\n|move|p2a: Vigoroth|Body Slam|p1a: Primarina\n|-damage|p1a: Primarina|172/268\n|-status|p1a: Primarina|par\n|cant|p1a: Primarina|par\n|\n|-heal|p1a: Primarina|188/268 par|[from] item: Leftovers\n|-damage|p2a: Vigoroth|46/100 brn|[from] brn\n|upkeep\n|turn|36\n|inactive|Time left: 300 sec this turn | 300 sec total\n|\n|t:|1783561873\n|move|p2a: Vigoroth|Slack Off|p2a: Vigoroth\n|-heal|p2a: Vigoroth|96/100 brn\n|move|p1a: Primarina|Moonblast|p2a: Vigoroth\n|-damage|p2a: Vigoroth|55/100 brn\n|-unboost|p2a: Vigoroth|spa|1\n|\n|-heal|p1a: Primarina|204/268 par|[from] item: Leftovers\n|-damage|p2a: Vigoroth|48/100 brn|[from] brn\n|upkeep\n|turn|37\n|inactive|Time left: 300 sec this turn | 300 sec total\n|\n|t:|1783561874\n|move|p2a: Vigoroth|Slack Off|p2a: Vigoroth\n|-heal|p2a: Vigoroth|99/100 brn\n|cant|p1a: Primarina|par\n|\n|-heal|p1a: Primarina|220/268 par|[from] item: Leftovers\n|-damage|p2a: Vigoroth|92/100 brn|[from] brn\n|upkeep\n|turn|38\n|inactive|Time left: 300 sec this turn | 300 sec total\n|\n|t:|1783561875\n|move|p2a: Vigoroth|Body Slam|p1a: Primarina\n|-damage|p1a: Primarina|124/268 par\n|cant|p1a: Primarina|par\n|\n|-heal|p1a: Primarina|140/268 par|[from] item: Leftovers\n|-damage|p2a: Vigoroth|86/100 brn|[from] brn\n|upkeep\n|turn|39\n|inactive|Time left: 300 sec this turn | 300 sec total\n|\n|t:|1783561876\n|move|p2a: Vigoroth|Body Slam|p1a: Primarina\n|-damage|p1a: Primarina|44/268 par\n|move|p1a: Primarina|Draining Kiss|p2a: Vigoroth\n|-damage|p2a: Vigoroth|64/100 brn\n|-heal|p1a: Primarina|89/268 par|[from] drain|[of] p2a: Vigoroth\n|\n|-heal|p1a: Primarina|105/268 par|[from] item: Leftovers\n|-damage|p2a: Vigoroth|58/100 brn|[from] brn\n|upkeep\n|turn|40\n|inactive|Time left: 300 sec this turn | 300 sec total\n|\n|t:|1783561877\n|move|p2a: Vigoroth|Body Slam|p1a: Primarina\n|-damage|p1a: Primarina|5/268 par\n|move|p1a: Primarina|Draining Kiss|p2a: Vigoroth\n|-damage|p2a: Vigoroth|34/100 brn\n|-heal|p1a: Primarina|55/268 par|[from] drain|[of] p2a: Vigoroth\n|\n|-heal|p1a: Primarina|71/268 par|[from] item: Leftovers\n|-damage|p2a: Vigoroth|28/100 brn|[from] brn\n|upkeep\n|turn|41\n|inactive|Time left: 300 sec this turn | 300 sec total\n|\n|t:|1783561878\n|move|p2a: Vigoroth|Body Slam|p1a: Primarina\n|-damage|p1a: Primarina|0 fnt\n|faint|p1a: Primarina\n|\n|-damage|p2a: Vigoroth|22/100 brn|[from] brn\n|upkeep\n|inactive|Time left: 300 sec this turn | 300 sec total | 5 sec grace\n|\n|t:|1783561879\n|switch|p1a: Suicune|Suicune, L82|298/298\n|-ability|p1a: Suicune|Pressure\n|turn|42\n|inactive|Time left: 300 sec this turn | 300 sec total\n|\n|t:|1783561880\n|move|p2a: Vigoroth|Slack Off|p2a: Vigoroth\n|-heal|p2a: Vigoroth|72/100 brn\n|move|p1a: Suicune|Calm Mind|p1a: Suicune\n|-boost|p1a: Suicune|spa|1\n|-boost|p1a: Suicune|spd|1\n|\n|-damage|p2a: Vigoroth|66/100 brn|[from] brn\n|upkeep\n|turn|43\n|inactive|Time left: 300 sec this turn | 300 sec total\n|\n|t:|1783561881\n|move|p2a: Vigoroth|Body Slam|p1a: Suicune\n|-damage|p1a: Suicune|226/298\n|-status|p1a: Suicune|par\n|move|p1a: Suicune|Calm Mind|p1a: Suicune\n|-boost|p1a: Suicune|spa|1\n|-boost|p1a: Suicune|spd|1\n|\n|-heal|p1a: Suicune|244/298 par|[from] item: Leftovers\n|-damage|p2a: Vigoroth|60/100 brn|[from] brn\n|upkeep\n|turn|44\n|inactive|Time left: 300 sec this turn | 300 sec total\n|\n|t:|1783561882\n|move|p2a: Vigoroth|Slack Off|p2a: Vigoroth\n|-heal|p2a: Vigoroth|100/100 brn\n|move|p1a: Suicune|Scald|p2a: Vigoroth\n|-damage|p2a: Vigoroth|48/100 brn\n|\n|-heal|p1a: Suicune|262/298 par|[from] item: Leftovers\n|-damage|p2a: Vigoroth|42/100 brn|[from] brn\n|upkeep\n|turn|45\n|inactive|Time left: 300 sec this turn | 300 sec total\n|\n|t:|1783561883\n|move|p2a: Vigoroth|Slack Off|p2a: Vigoroth\n|-heal|p2a: Vigoroth|92/100 brn\n|cant|p1a: Suicune|par\n|\n|-heal|p1a: Suicune|280/298 par|[from] item: Leftovers\n|-damage|p2a: Vigoroth|86/100 brn|[from] brn\n|upkeep\n|turn|46\n|inactive|Time left: 300 sec this turn | 300 sec total\n|\n|t:|1783561884\n|move|p2a: Vigoroth|Bulk Up|p2a: Vigoroth\n|-boost|p2a: Vigoroth|atk|1\n|-boost|p2a: Vigoroth|def|1\n|move|p1a: Suicune|Scald|p2a: Vigoroth\n|-damage|p2a: Vigoroth|33/100 brn\n|\n|-heal|p1a: Suicune|298/298 par|[from] item: Leftovers\n|-damage|p2a: Vigoroth|27/100 brn|[from] brn\n|upkeep\n|turn|47\n|inactive|Time left: 300 sec this turn | 300 sec total\n|\n|t:|1783561885\n|move|p2a: Vigoroth|Slack Off|p2a: Vigoroth\n|-heal|p2a: Vigoroth|77/100 brn\n|move|p1a: Suicune|Scald|p2a: Vigoroth\n|-damage|p2a: Vigoroth|27/100 brn\n|\n|-damage|p2a: Vigoroth|21/100 brn|[from] brn\n|upkeep\n|turn|48\n|inactive|Time left: 300 sec this turn | 300 sec total\n|\n|t:|1783561886\n|move|p2a: Vigoroth|Slack Off|p2a: Vigoroth\n|-heal|p2a: Vigoroth|71/100 brn\n|move|p1a: Suicune|Ice Beam|p2a: Vigoroth\n|-damage|p2a: Vigoroth|31/100 brn\n|\n|-damage|p2a: Vigoroth|25/100 brn|[from] brn\n|upkeep\n|turn|49\n|inactive|Time left: 300 sec this turn | 300 sec total\n|\n|t:|1783561887\n|move|p2a: Vigoroth|Body Slam|p1a: Suicune\n|-damage|p1a: Suicune|220/298 par\n|move|p1a: Suicune|Scald|p2a: Vigoroth\n|-damage|p2a: Vigoroth|0 fnt\n|faint|p2a: Vigoroth\n|\n|-heal|p1a: Suicune|238/298 par|[from] item: Leftovers\n|upkeep\n|\n|t:|1783561888\n|switch|p2a: Medicham|Medicham, L86, M|100/100\n|turn|50\n|inactive|Time left: 300 sec this turn | 300 sec total\n|\n|t:|1783561889\n|-terastallize|p2a: Medicham|Fighting\n|move|p2a: Medicham|Close Combat|p1a: Suicune\n|-damage|p1a: Suicune|0 fnt\n|-unboost|p2a: Medicham|def|1\n|-unboost|p2a: Medicham|spd|1\n|faint|p1a: Suicune\n|\n|upkeep\n|inactive|Time left: 300 sec this turn | 300 sec total | 5 sec grace\n|\n|t:|1783561891\n|switch|p1a: Dragonite|Dragonite, L74, F|257/257\n|turn|51\n|inactive|Time left: 300 sec this turn | 300 sec total\n|\n|t:|1783561892\n|move|p2a: Medicham|Close Combat|p1a: Dragonite\n|-resisted|p1a: Dragonite\n|-damage|p1a: Dragonite|161/257\n|-unboost|p2a: Medicham|def|1\n|-unboost|p2a: Medicham|spd|1\n|move|p1a: Dragonite|Dragon Dance|p1a: Dragonite\n|-boost|p1a: Dragonite|atk|1\n|-boost|p1a: Dragonite|spe|1\n|\n|upkeep\n|turn|52\n|inactive|Time left: 300 sec this turn | 300 sec total\n|\n|t:|1783561893\n|switch|p2a: Minior|Minior-Orange, L79|100/100\n|-formechange|p2a: Minior|Minior-Meteor||[from] ability: Shields Down\n|move|p1a: Dragonite|Outrage|p2a: Minior\n|-damage|p2a: Minior|18/100\n|\n|-formechange|p2a: Minior|Minior-Orange||[from] ability: Shields Down\n|upkeep\n|turn|53\n|inactive|Time left: 300 sec this turn | 300 sec total\n|\n|t:|1783561894\n|move|p1a: Dragonite|Outrage|p2a: Minior|[from] lockedmove\n|-damage|p2a: Minior|0 fnt\n|faint|p2a: Minior\n|-start|p1a: Dragonite|confusion|[fatigue]\n|\n|upkeep\n|\n|t:|1783561895\n|switch|p2a: Medicham|Medicham, L86, M, tera:Fighting|100/100\n|turn|54\n|inactive|Time left: 300 sec this turn | 300 sec total\n|\n|t:|1783561896\n|-activate|p1a: Dragonite|confusion\n|-damage|p1a: Dragonite|112/257|[from] confusion\n|move|p2a: Medicham|Close Combat|p1a: Dragonite\n|-resisted|p1a: Dragonite\n|-damage|p1a: Dragonite|0 fnt\n|-unboost|p2a: Medicham|def|1\n|-unboost|p2a: Medicham|spd|1\n|faint|p1a: Dragonite\n|\n|upkeep\n|inactive|Time left: 300 sec this turn | 300 sec total | 5 sec grace\n|\n|t:|1783561897\n|switch|p1a: Solgaleo|Solgaleo, L74|325/325\n|turn|55\n|inactive|Time left: 300 sec this turn | 300 sec total\n|\n|t:|1783561898\n|move|p2a: Medicham|Close Combat|p1a: Solgaleo\n|-damage|p1a: Solgaleo|0 fnt\n|-unboost|p2a: Medicham|def|1\n|-unboost|p2a: Medicham|spd|1\n|faint|p1a: Solgaleo\n|\n|upkeep\n|inactive|Time left: 300 sec this turn | 300 sec total | 5 sec grace\n|\n|t:|1783561899\n|switch|p1a: Cacturne|Cacturne, L92, F|278/278\n|turn|56\n|inactive|Time left: 300 sec this turn | 300 sec total\n|\n|t:|1783561899\n|move|p2a: Medicham|Close Combat|p1a: Cacturne\n|-supereffective|p1a: Cacturne\n|-damage|p1a: Cacturne|0 fnt\n|-unboost|p2a: Medicham|def|1\n|-unboost|p2a: Medicham|spd|1\n|faint|p1a: Cacturne\n|\n|win|p0y1952e85a", "uploadtime": 1783561899, "views": 0, "rating": 0, "private": 0, "password": null, "_winner": "p0y1952e85a", "_our_name": "p0x1952c70e"}