{"id": "battle-gen9randombattle-1395", "formatid": "gen9randombattle", "format": "[Gen 9] Random Battle", "players": ["p0x1395ecfd", "p0y139549a8"], "log": "|init|battle\n|title|p0x1395ecfd vs. p0y139549a8\n|j|\u2606p0x1395ecfd\n|j|\u2606p0y139549a8\n|t:|1783556215\n|gametype|singles\n|player|p1|p0x1395ecfd|101|\n|player|p2|p0y139549a8|266|\n|gen|9\n|tier|[Gen 9] Random Battle\n|rule|Species Clause: Limit one of each Pok\u00e9mon\n|rule|HP Percentage Mod: HP is shown in percentages\n|rule|Sleep Clause Mod: Limit one foe put to sleep\n|rule|Illusion Level Mod: Illusion disguises the Pok\u00e9mon's true level\n|\n|t:|1783556215\n|teamsize|p1|6\n|teamsize|p2|6\n|start\n|switch|p1a: Garganacl|Garganacl, L80, F|100/100\n|switch|p2a: Tatsugiri|Tatsugiri, L87, F|260/260\n|turn|1\n|inactive|Battle timer is ON: inactive players will automatically lose when time's up. (requested by p0x1395ecfd)\n|inactive|Time left: 300 sec this turn | 300 sec total | 60 sec grace\n|inactive|p0y139549a8 also wants the timer to be on.\n|\n|t:|1783556217\n|move|p2a: Tatsugiri|Surf|p1a: Garganacl\n|-supereffective|p1a: Garganacl\n|-damage|p1a: Garganacl|21/100\n|move|p1a: Garganacl|Salt Cure|p2a: Tatsugiri\n|-damage|p2a: Tatsugiri|212/260\n|-start|p2a: Tatsugiri|Salt Cure\n|\n|-heal|p1a: Garganacl|28/100|[from] item: Leftovers\n|-damage|p2a: Tatsugiri|147/260|[from] Salt Cure\n|upkeep\n|turn|2\n|inactive|Time left: 300 sec this turn | 300 sec total\n|\n|t:|1783556218\n|move|p2a: Tatsugiri|Surf|p1a: Garganacl\n|-supereffective|p1a: Garganacl\n|-damage|p1a: Garganacl|0 fnt\n|faint|p1a: Garganacl\n|\n|-damage|p2a: Tatsugiri|82/260|[from] Salt Cure\n|upkeep\n|\n|t:|1783556219\n|switch|p1a: Oricorio|Oricorio-Sensu, L85, F|100/100\n|turn|3\n|inactive|Time left: 300 sec this turn | 300 sec total\n|\n|t:|1783556220\n|switch|p2a: Abomasnow|Abomasnow, L84, F|287/287\n|-weather|Snowscape|[from] ability: Snow Warning|[of] p2a: Abomasnow\n|move|p1a: Oricorio|Quiver Dance|p1a: Oricorio\n|-boost|p1a: Oricorio|spa|1\n|-boost|p1a: Oricorio|spd|1\n|-boost|p1a: Oricorio|spe|1\n|\n|-weather|Snowscape|[upkeep]\n|upkeep\n|turn|4\n|inactive|Time left: 300 sec this turn | 300 sec total\n|\n|t:|1783556221\n|-terastallize|p2a: Abomasnow|Water\n|move|p1a: Oricorio|Hurricane|p2a: Abomasnow|[miss]\n|-miss|p1a: Oricorio|p2a: Abomasnow\n|move|p2a: Abomasnow|Aurora Veil|p2a: Abomasnow\n|-sidestart|p2: p0y139549a8|move: Aurora Veil\n|\n|-weather|Snowscape|[upkeep]\n|upkeep\n|turn|5\n|inactive|Time left: 300 sec this turn | 300 sec total\n|\n|t:|1783556222\n|move|p1a: Oricorio|Quiver Dance|p1a: Oricorio\n|-boost|p1a: Oricorio|spa|1\n|-boost|p1a: Oricorio|spd|1\n|-boost|p1a: Oricorio|spe|1\n|move|p2a: Abomasnow|Blizzard|p1a: Oricorio\n|-supereffective|p1a: Oricorio\n|-damage|p1a: Oricorio|49/100\n|\n|-weather|Snowscape|[upkeep]\n|upkeep\n|turn|6\n|inactive|Time left: 300 sec this turn | 300 sec total\n|\n|t:|1783556223\n|move|p1a: Oricorio|Roost|p1a: Oricorio\n|-heal|p1a: Oricorio|99/100\n|-singleturn|p1a: Oricorio|move: Roost\n|move|p2a: Abomasnow|Blizzard|p1a: Oricorio\n|-damage|p1a: Oricorio|72/100\n|\n|-weather|Snowscape|[upkeep]\n|upkeep\n|turn|7\n|inactive|Time left: 300 sec this turn | 300 sec total\n|\n|t:|1783556224\n|move|p1a: Oricorio|Quiver Dance|p1a: Oricorio\n|-boost|p1a: Oricorio|spa|1\n|-boost|p1a: Oricorio|spd|1\n|-boost|p1a: Oricorio|spe|1\n|move|p2a: Abomasnow|Blizzard|p1a: Oricorio\n|-supereffective|p1a: Oricorio\n|-damage|p1a: Oricorio|30/100\n|\n|-weather|none\n|upkeep\n|turn|8\n|inactive|Time left: 300 sec this turn | 300 sec total\n|\n|t:|1783556225\n|-terastallize|p1a: Oricorio|Fighting\n|move|p1a: Oricorio|Roost|p1a: Oricorio\n|-heal|p1a: Oricorio|80/100\n|move|p2a: Abomasnow|Wood Hammer|p1a: Oricorio\n|-damage|p1a: Oricorio|22/100\n|-damage|p2a: Abomasnow|236/287|[from] Recoil\n|\n|upkeep\n|turn|9\n|inactive|Time left: 300 sec this turn | 300 sec total\n|\n|t:|1783556226\n|move|p1a: Oricorio|Roost|p1a: Oricorio\n|-heal|p1a: Oricorio|72/100\n|move|p2a: Abomasnow|Wood Hammer|p1a: Oricorio\n|-damage|p1a: Oricorio|19/100\n|-damage|p2a: Abomasnow|189/287|[from] Recoil\n|\n|upkeep\n|turn|10\n|inactive|Time left: 300 sec this turn | 300 sec total\n|\n|t:|1783556227\n|move|p1a: Oricorio|Roost|p1a: Oricorio\n|-heal|p1a: Oricorio|69/100\n|move|p2a: Abomasnow|Wood Hammer|p1a: Oricorio\n|-damage|p1a: Oricorio|13/100\n|-damage|p2a: Abomasnow|139/287|[from] Recoil\n|\n|upkeep\n|turn|11\n|inactive|Time left: 300 sec this turn | 300 sec total\n|\n|t:|1783556228\n|move|p1a: Oricorio|Roost|p1a: Oricorio\n|-heal|p1a: Oricorio|63/100\n|move|p2a: Abomasnow|Wood Hammer|p1a: Oricorio\n|-crit|p1a: Oricorio\n|-damage|p1a: Oricorio|0 fnt\n|faint|p1a: Oricorio\n|-damage|p2a: Abomasnow|84/287|[from] Recoil\n|\n|-sideend|p2: p0y139549a8|move: Aurora Veil\n|upkeep\n|\n|t:|1783556229\n|switch|p1a: Florges|Florges, L85, F|100/100\n|turn|12\n|inactive|Time left: 300 sec this turn | 300 sec total\n|\n|t:|1783556230\n|switch|p2a: Munkidori|Munkidori, L79, M|269/269\n|move|p1a: Florges|Moonblast|p2a: Munkidori\n|-resisted|p2a: Munkidori\n|-damage|p2a: Munkidori|227/269\n|\n|upkeep\n|turn|13\n|inactive|Time left: 300 sec this turn | 300 sec total\n|\n|t:|1783556231\n|move|p2a: Munkidori|Sludge Wave|p1a: Florges\n|-supereffective|p1a: Florges\n|-damage|p1a: Florges|43/100\n|move|p1a: Florges|Calm Mind|p1a: Florges\n|-boost|p1a: Florges|spa|1\n|-boost|p1a: Florges|spd|1\n|\n|-heal|p1a: Florges|49/100|[from] item: Leftovers\n|upkeep\n|turn|14\n|inactive|Time left: 300 sec this turn | 300 sec total\n|\n|t:|1783556232\n|move|p2a: Munkidori|Sludge Wave|p1a: Florges\n|-supereffective|p1a: Florges\n|-damage|p1a: Florges|10/100\n|move|p1a: Florges|Synthesis|p1a: Florges\n|-heal|p1a: Florges|60/100\n|\n|-heal|p1a: Florges|66/100|[from] item: Leftovers\n|upkeep\n|turn|15\n|inactive|Time left: 300 sec this turn | 300 sec total\n|\n|t:|1783556233\n|move|p2a: Munkidori|Sludge Wave|p1a: Florges\n|-supereffective|p1a: Florges\n|-damage|p1a: Florges|34/100\n|move|p1a: Florges|Synthesis|p1a: Florges\n|-heal|p1a: Florges|84/100\n|\n|-heal|p1a: Florges|90/100|[from] item: Leftovers\n|upkeep\n|turn|16\n|inactive|Time left: 300 sec this turn | 300 sec total\n|\n|t:|1783556234\n|move|p2a: Munkidori|Sludge Wave|p1a: Florges\n|-supereffective|p1a: Florges\n|-damage|p1a: Florges|56/100\n|-status|p1a: Florges|psn\n|move|p1a: Florges|Calm Mind|p1a: Florges\n|-boost|p1a: Florges|spa|1\n|-boost|p1a: Florges|spd|1\n|\n|-heal|p1a: Florges|62/100 psn|[from] item: Leftovers\n|-damage|p1a: Florges|50/100 psn|[from] psn\n|upkeep\n|turn|17\n|inactive|Time left: 300 sec this turn | 300 sec total\n|\n|t:|1783556236\n|move|p2a: Munkidori|Psychic Noise|p1a: Florges\n|-crit|p1a: Florges\n|-damage|p1a: Florges|19/100 psn\n|-start|p1a: Florges|move: Heal Block\n|cant|p1a: Florges|move: Heal Block|Synthesis\n|\n|-damage|p1a: Florges|7/100 psn|[from] psn\n|upkeep\n|turn|18\n|inactive|Time left: 300 sec this turn | 300 sec total\n|\n|t:|1783556237\n|move|p2a: Munkidori|U-turn|p1a: Florges\n|-resisted|p1a: Florges\n|-damage|p1a: Florges|0 fnt\n|faint|p1a: Florges\n|inactive|Time left: 300 sec this turn | 300 sec total | 5 sec grace\n|\n|t:|1783556238\n|switch|p2a: Abomasnow|Abomasnow, L84, F, tera:Water|84/287|[from] U-turn\n|-weather|Snowscape|[from] ability: Snow Warning|[of] p2a: Abomasnow\n|\n|-weather|Snowscape|[upkeep]\n|upkeep\n|\n|t:|1783556239\n|switch|p1a: Stantler|Stantler, L92, M|100/100\n|-ability|p1a: Stantler|Intimidate|boost\n|-unboost|p2a: Abomasnow|atk|1\n|turn|19\n|inactive|Time left: 300 sec this turn | 300 sec total\n|\n|t:|1783556240\n|move|p1a: Stantler|Body Slam|p2a: Abomasnow\n|-damage|p2a: Abomasnow|0 fnt\n|faint|p2a: Abomasnow\n|\n|-weather|Snowscape|[upkeep]\n|upkeep\n|inactive|Time left: 300 sec this turn | 300 sec total | 5 sec grace\n|\n|t:|1783556240\n|switch|p2a: Flamigo|Flamigo, L82, M|269/269\n|turn|20\n|inactive|Time left: 300 sec this turn | 300 sec total\n|\n|t:|1783556242\n|move|p1a: Stantler|Body Slam|p2a: Flamigo\n|-damage|p2a: Flamigo|139/269\n|move|p2a: Flamigo|Close Combat|p1a: Stantler\n|-supereffective|p1a: Stantler\n|-damage|p1a: Stantler|0 fnt\n|-unboost|p2a: Flamigo|def|1\n|-unboost|p2a: Flamigo|spd|1\n|faint|p1a: Stantler\n|\n|-weather|Snowscape|[upkeep]\n|upkeep\n|\n|t:|1783556242\n|switch|p1a: Thundurus|Thundurus, L80, M|100/100\n|turn|21\n|inactive|Time left: 300 sec this turn | 300 sec total\n|\n|t:|1783556244\n|switch|p2a: Munkidori|Munkidori, L79, M|227/269\n|move|p1a: Thundurus|Thunderbolt|p2a: Munkidori\n|-damage|p2a: Munkidori|149/269\n|\n|-weather|Snowscape|[upkeep]\n|upkeep\n|turn|22\n|inactive|Time left: 300 sec this turn | 300 sec total\n|\n|t:|1783556245\n|move|p2a: Munkidori|Fake Out|p1a: Thundurus\n|-damage|p1a: Thundurus|91/100\n|cant|p1a: Thundurus|flinch\n|\n|-weather|none\n|upkeep\n|turn|23\n|inactive|Time left: 300 sec this turn | 300 sec total\n|\n|t:|1783556246\n|move|p1a: Thundurus|Thunderbolt|p2a: Munkidori\n|-damage|p2a: Munkidori|70/269\n|move|p2a: Munkidori|Sludge Wave|p1a: Thundurus\n|-damage|p1a: Thundurus|42/100\n|-status|p1a: Thundurus|tox|[from] ability: Toxic Chain|[of] p2a: Munkidori\n|\n|-damage|p1a: Thundurus|35/100 tox|[from] psn\n|upkeep\n|turn|24\n|inactive|Time left: 300 sec this turn | 300 sec total\n|\n|t:|1783556248\n|switch|p2a: Persian|Persian, L92, F|269/269\n|move|p1a: Thundurus|Thunderbolt|p2a: Persian\n|-damage|p2a: Persian|152/269\n|\n|-damage|p1a: Thundurus|23/100 tox|[from] psn\n|upkeep\n|turn|25\n|inactive|Time left: 300 sec this turn | 300 sec total\n|\n|t:|1783556249\n|move|p2a: Persian|Double-Edge|p1a: Thundurus\n|-damage|p1a: Thundurus|0 fnt\n|faint|p1a: Thundurus\n|-damage|p2a: Persian|133/269|[from] Recoil\n|\n|upkeep\n|\n|t:|1783556250\n|switch|p1a: Volbeat|Volbeat, L90, M|100/100\n|turn|26\n|inactive|Time left: 300 sec this turn | 300 sec total\n|\n|t:|1783556251\n|move|p1a: Volbeat|Thunder Wave|p2a: Persian\n|-immune|p2a: Persian|[from] ability: Limber\n|move|p2a: Persian|Double-Edge|p1a: Volbeat\n|-damage|p1a: Volbeat|31/100\n|-damage|p2a: Persian|72/269|[from] Recoil\n|\n|upkeep\n|turn|27\n|inactive|Time left: 300 sec this turn | 300 sec total\n|\n|t:|1783556252\n|move|p1a: Volbeat|Roost|p1a: Volbeat\n|-heal|p1a: Volbeat|81/100\n|-singleturn|p1a: Volbeat|move: Roost\n|move|p2a: Persian|Double-Edge|p1a: Volbeat\n|-crit|p1a: Volbeat\n|-damage|p1a: Volbeat|0 fnt\n|faint|p1a: Volbeat\n|-damage|p2a: Persian|2/269|[from] Recoil\n|\n|win|p0y139549a8", "uploadtime": 1783556252, "views": 0, "rating": 0, "private": 0, "password": null, "_winner": "p0y139549a8", "_our_name": "p0y139549a8"}