{"id": "battle-gen9randombattle-1637", "formatid": "gen9randombattle", "format": "[Gen 9] Random Battle", "players": ["p0x1637fc78", "p0y16377748"], "log": "|init|battle\n|title|p0x1637fc78 vs. p0y16377748\n|j|\u2606p0x1637fc78\n|j|\u2606p0y16377748\n|t:|1783558921\n|gametype|singles\n|player|p1|p0x1637fc78|170|\n|player|p2|p0y16377748|101|\n|gen|9\n|tier|[Gen 9] Random Battle\n|rule|Species Clause: Limit one of each Pok\u00e9mon\n|rule|HP Percentage Mod: HP is shown in percentages\n|rule|Sleep Clause Mod: Limit one foe put to sleep\n|rule|Illusion Level Mod: Illusion disguises the Pok\u00e9mon's true level\n|\n|t:|1783558921\n|teamsize|p1|6\n|teamsize|p2|6\n|start\n|switch|p1a: Gengar|Gengar, L81, M|230/230\n|switch|p2a: Drednaw|Drednaw, L81, F|100/100\n|turn|1\n|inactive|Battle timer is ON: inactive players will automatically lose when time's up. (requested by p0x1637fc78)\n|inactive|p0y16377748 also wants the timer to be on.\n|\n|t:|1783558923\n|move|p1a: Gengar|Focus Blast|p2a: Drednaw\n|-supereffective|p2a: Drednaw\n|-damage|p2a: Drednaw|0 fnt\n|faint|p2a: Drednaw\n|\n|upkeep\n|\n|t:|1783558924\n|switch|p2a: Hoopa|Hoopa, L85|100/100\n|turn|2\n|inactive|Time left: 300 sec this turn | 300 sec total\n|\n|t:|1783558925\n|switch|p1a: Blastoise|Blastoise, L80, F|258/258\n|move|p2a: Hoopa|Nasty Plot|p2a: Hoopa\n|-boost|p2a: Hoopa|spa|2\n|\n|upkeep\n|turn|3\n|inactive|Time left: 300 sec this turn | 300 sec total\n|\n|t:|1783558926\n|switch|p1a: Fezandipiti|Fezandipiti, L82, M|278/278\n|move|p2a: Hoopa|Psyshock|p1a: Fezandipiti\n|-supereffective|p1a: Fezandipiti\n|-damage|p1a: Fezandipiti|0 fnt\n|faint|p1a: Fezandipiti\n|-damage|p2a: Hoopa|91/100|[from] item: Life Orb\n|\n|upkeep\n|inactive|Time left: 300 sec this turn | 300 sec total | 5 sec grace\n|\n|t:|1783558927\n|switch|p1a: Ceruledge|Ceruledge, L78, M|245/245\n|turn|4\n|inactive|Time left: 300 sec this turn | 300 sec total\n|\n|t:|1783558928\n|-terastallize|p2a: Hoopa|Fighting\n|move|p1a: Ceruledge|Poltergeist|p2a: Hoopa\n|-activate|p2a: Hoopa|move: Poltergeist|Life Orb\n|-damage|p2a: Hoopa|35/100\n|move|p2a: Hoopa|Shadow Ball|p1a: Ceruledge\n|-supereffective|p1a: Ceruledge\n|-damage|p1a: Ceruledge|0 fnt\n|faint|p1a: Ceruledge\n|-damage|p2a: Hoopa|25/100|[from] item: Life Orb\n|\n|upkeep\n|inactive|Time left: 300 sec this turn | 300 sec total | 5 sec grace\n|\n|t:|1783558929\n|switch|p1a: Gengar|Gengar, L81, M|230/230\n|turn|5\n|inactive|Time left: 300 sec this turn | 300 sec total\n|\n|t:|1783558930\n|move|p1a: Gengar|Sludge Wave|p2a: Hoopa\n|-damage|p2a: Hoopa|0 fnt\n|faint|p2a: Hoopa\n|\n|upkeep\n|\n|t:|1783558931\n|switch|p2a: Skeledirge|Skeledirge, L79, M|100/100\n|turn|6\n|inactive|Time left: 300 sec this turn | 300 sec total\n|\n|t:|1783558932\n|switch|p1a: Blastoise|Blastoise, L80, F|258/258\n|move|p2a: Skeledirge|Torch Song|p1a: Blastoise\n|-resisted|p1a: Blastoise\n|-damage|p1a: Blastoise|217/258\n|-boost|p2a: Skeledirge|spa|1\n|\n|upkeep\n|turn|7\n|inactive|Time left: 300 sec this turn | 300 sec total\n|\n|t:|1783558933\n|move|p1a: Blastoise|Hydro Pump|p2a: Skeledirge\n|-supereffective|p2a: Skeledirge\n|-damage|p2a: Skeledirge|20/100\n|move|p2a: Skeledirge|Will-O-Wisp|p1a: Blastoise\n|-status|p1a: Blastoise|brn\n|\n|-damage|p1a: Blastoise|201/258 brn|[from] brn\n|upkeep\n|turn|8\n|inactive|Time left: 300 sec this turn | 300 sec total\n|\n|t:|1783558934\n|move|p1a: Blastoise|Hydro Pump|p2a: Skeledirge\n|-supereffective|p2a: Skeledirge\n|-damage|p2a: Skeledirge|0 fnt\n|faint|p2a: Skeledirge\n|\n|-damage|p1a: Blastoise|185/258 brn|[from] brn\n|upkeep\n|\n|t:|1783558935\n|switch|p2a: Cinccino|Cinccino, L83, M|100/100\n|turn|9\n|inactive|Time left: 300 sec this turn | 300 sec total\n|\n|t:|1783558936\n|switch|p1a: Appletun|Appletun, L92, M|352/352\n|move|p2a: Cinccino|Bullet Seed|p1a: Appletun\n|-resisted|p1a: Appletun\n|-damage|p1a: Appletun|346/352\n|-resisted|p1a: Appletun\n|-damage|p1a: Appletun|340/352\n|-resisted|p1a: Appletun\n|-damage|p1a: Appletun|334/352\n|-resisted|p1a: Appletun\n|-damage|p1a: Appletun|328/352\n|-hitcount|p1a: Appletun|4\n|\n|-heal|p1a: Appletun|350/352|[from] item: Leftovers\n|upkeep\n|turn|10\n|inactive|Time left: 300 sec this turn | 300 sec total\n|\n|t:|1783558938\n|move|p2a: Cinccino|Triple Axel|p1a: Appletun\n|-supereffective|p1a: Appletun\n|-damage|p1a: Appletun|306/352\n|-supereffective|p1a: Appletun\n|-damage|p1a: Appletun|226/352\n|-supereffective|p1a: Appletun\n|-damage|p1a: Appletun|94/352\n|-hitcount|p1a: Appletun|3\n|move|p1a: Appletun|Apple Acid|p2a: Cinccino\n|-damage|p2a: Cinccino|48/100\n|-unboost|p2a: Cinccino|spd|1\n|\n|-heal|p1a: Appletun|116/352|[from] item: Leftovers\n|upkeep\n|turn|11\n|inactive|Time left: 300 sec this turn | 300 sec total\n|\n|t:|1783558939\n|-terastallize|p1a: Appletun|Steel\n|move|p2a: Cinccino|Tail Slap|p1a: Appletun\n|-resisted|p1a: Appletun\n|-damage|p1a: Appletun|96/352\n|-resisted|p1a: Appletun\n|-damage|p1a: Appletun|78/352\n|-resisted|p1a: Appletun\n|-damage|p1a: Appletun|59/352\n|-resisted|p1a: Appletun\n|-damage|p1a: Appletun|40/352\n|-hitcount|p1a: Appletun|4\n|move|p1a: Appletun|Recover|p1a: Appletun\n|-heal|p1a: Appletun|216/352\n|\n|-heal|p1a: Appletun|238/352|[from] item: Leftovers\n|upkeep\n|turn|12\n|inactive|Time left: 300 sec this turn | 300 sec total\n|\n|t:|1783558940\n|switch|p2a: Carbink|Carbink, L90|100/100\n|move|p1a: Appletun|Apple Acid|p2a: Carbink\n|-supereffective|p2a: Carbink\n|-damage|p2a: Carbink|45/100\n|-unboost|p2a: Carbink|spd|1\n|\n|-heal|p1a: Appletun|260/352|[from] item: Leftovers\n|upkeep\n|turn|13\n|inactive|Time left: 300 sec this turn | 300 sec total\n|\n|t:|1783558941\n|move|p2a: Carbink|Body Press|p1a: Appletun\n|-supereffective|p1a: Appletun\n|-damage|p1a: Appletun|82/352\n|move|p1a: Appletun|Apple Acid|p2a: Carbink\n|-supereffective|p2a: Carbink\n|-damage|p2a: Carbink|0 fnt\n|faint|p2a: Carbink\n|\n|-heal|p1a: Appletun|104/352|[from] item: Leftovers\n|upkeep\n|\n|t:|1783558942\n|switch|p2a: Avalugg|Avalugg, L88, F|100/100\n|turn|14\n|inactive|Time left: 300 sec this turn | 300 sec total\n|\n|t:|1783558943\n|move|p1a: Appletun|Apple Acid|p2a: Avalugg\n|-damage|p2a: Avalugg|54/100\n|-unboost|p2a: Avalugg|spd|1\n|move|p2a: Avalugg|Rapid Spin|p1a: Appletun\n|-resisted|p1a: Appletun\n|-damage|p1a: Appletun|81/352\n|-boost|p2a: Avalugg|spe|1\n|\n|-heal|p1a: Appletun|103/352|[from] item: Leftovers\n|upkeep\n|turn|15\n|inactive|Time left: 300 sec this turn | 300 sec total\n|\n|t:|1783558944\n|move|p2a: Avalugg|Recover|p2a: Avalugg\n|-heal|p2a: Avalugg|100/100\n|move|p1a: Appletun|Apple Acid|p2a: Avalugg\n|-damage|p2a: Avalugg|28/100\n|-unboost|p2a: Avalugg|spd|1\n|\n|-heal|p1a: Appletun|125/352|[from] item: Leftovers\n|upkeep\n|turn|16\n|inactive|Time left: 300 sec this turn | 300 sec total\n|\n|t:|1783558945\n|move|p2a: Avalugg|Body Press|p1a: Appletun\n|-supereffective|p1a: Appletun\n|-damage|p1a: Appletun|0 fnt\n|faint|p1a: Appletun\n|\n|upkeep\n|inactive|Time left: 300 sec this turn | 300 sec total | 5 sec grace\n|\n|t:|1783558946\n|switch|p1a: Gengar|Gengar, L81, M|230/230\n|turn|17\n|inactive|Time left: 300 sec this turn | 300 sec total\n|\n|t:|1783558947\n|move|p1a: Gengar|Sludge Wave|p2a: Avalugg\n|-damage|p2a: Avalugg|0 fnt\n|faint|p2a: Avalugg\n|\n|upkeep\n|\n|t:|1783558948\n|switch|p2a: Cinccino|Cinccino, L83, M|48/100\n|turn|18\n|inactive|Time left: 300 sec this turn | 300 sec total\n|\n|t:|1783558948\n|move|p2a: Cinccino|Triple Axel|p1a: Gengar\n|-damage|p1a: Gengar|202/230\n|-damage|p1a: Gengar|146/230\n|-start|p2a: Cinccino|Disable|Triple Axel|[from] ability: Cursed Body|[of] p1a: Gengar\n|-damage|p1a: Gengar|66/230\n|-hitcount|p1a: Gengar|3\n|move|p1a: Gengar|Sludge Wave|p2a: Cinccino\n|-damage|p2a: Cinccino|0 fnt\n|faint|p2a: Cinccino\n|\n|win|p0x1637fc78", "uploadtime": 1783558948, "views": 0, "rating": 0, "private": 0, "password": null, "_winner": "p0x1637fc78", "_our_name": "p0x1637fc78"}