{"id": "battle-gen9randombattle-2982", "formatid": "gen9randombattle", "format": "[Gen 9] Random Battle", "players": ["p0x298298c1", "p0y2982b559"], "log": "|init|battle\n|title|p0x298298c1 vs. p0y2982b559\n|j|\u2606p0x298298c1\n|j|\u2606p0y2982b559\n|t:|1783573322\n|gametype|singles\n|player|p1|p0x298298c1|2|\n|player|p2|p0y2982b559|265|\n|gen|9\n|tier|[Gen 9] Random Battle\n|rule|Species Clause: Limit one of each Pok\u00e9mon\n|rule|HP Percentage Mod: HP is shown in percentages\n|rule|Sleep Clause Mod: Limit one foe put to sleep\n|rule|Illusion Level Mod: Illusion disguises the Pok\u00e9mon's true level\n|\n|t:|1783573322\n|teamsize|p1|6\n|teamsize|p2|6\n|start\n|switch|p1a: Ho-Oh|Ho-Oh, L71|268/268\n|switch|p2a: Donphan|Donphan, L84, F|100/100\n|turn|1\n|inactive|Battle timer is ON: inactive players will automatically lose when time's up. (requested by p0x298298c1)\n|\n|t:|1783573324\n|move|p1a: Ho-Oh|Sacred Fire|p2a: Donphan\n|-damage|p2a: Donphan|71/100\n|-status|p2a: Donphan|brn\n|move|p2a: Donphan|Stealth Rock|p1a: Ho-Oh\n|-sidestart|p1: p0x298298c1|move: Stealth Rock\n|\n|-heal|p2a: Donphan|78/100 brn|[from] item: Leftovers\n|-damage|p2a: Donphan|71/100 brn|[from] brn\n|upkeep\n|turn|2\n|inactive|Time left: 300 sec this turn | 300 sec total\n|inactive|p0y2982b559 also wants the timer to be on.\n|\n|t:|1783573325\n|move|p1a: Ho-Oh|Sacred Fire|p2a: Donphan|[miss]\n|-miss|p1a: Ho-Oh|p2a: Donphan\n|move|p2a: Donphan|Knock Off|p1a: Ho-Oh\n|-damage|p1a: Ho-Oh|224/268\n|-enditem|p1a: Ho-Oh|Heavy-Duty Boots|[from] move: Knock Off|[of] p2a: Donphan\n|\n|-heal|p2a: Donphan|78/100 brn|[from] item: Leftovers\n|-damage|p2a: Donphan|71/100 brn|[from] brn\n|upkeep\n|turn|3\n|inactive|Time left: 300 sec this turn | 300 sec total\n|\n|t:|1783573326\n|move|p1a: Ho-Oh|Sacred Fire|p2a: Donphan\n|-damage|p2a: Donphan|45/100 brn\n|move|p2a: Donphan|Rapid Spin|p1a: Ho-Oh\n|-damage|p1a: Ho-Oh|199/268\n|-boost|p2a: Donphan|spe|1\n|\n|-heal|p2a: Donphan|52/100 brn|[from] item: Leftovers\n|-damage|p2a: Donphan|45/100 brn|[from] brn\n|upkeep\n|turn|4\n|inactive|Time left: 300 sec this turn | 300 sec total\n|\n|t:|1783573327\n|switch|p1a: Scrafty|Scrafty, L83, M|244/244\n|-damage|p1a: Scrafty|229/244|[from] Stealth Rock\n|-ability|p1a: Scrafty|Intimidate|boost\n|-unboost|p2a: Donphan|atk|1\n|move|p2a: Donphan|Knock Off|p1a: Scrafty\n|-resisted|p1a: Scrafty\n|-damage|p1a: Scrafty|224/244\n|-enditem|p1a: Scrafty|Leftovers|[from] move: Knock Off|[of] p2a: Donphan\n|\n|-heal|p2a: Donphan|52/100 brn|[from] item: Leftovers\n|-damage|p2a: Donphan|45/100 brn|[from] brn\n|upkeep\n|turn|5\n|inactive|Time left: 300 sec this turn | 300 sec total\n|\n|t:|1783573329\n|move|p2a: Donphan|Rapid Spin|p1a: Scrafty\n|-damage|p1a: Scrafty|213/244\n|-boost|p2a: Donphan|spe|1\n|move|p1a: Scrafty|Dragon Dance|p1a: Scrafty\n|-boost|p1a: Scrafty|atk|1\n|-boost|p1a: Scrafty|spe|1\n|\n|-heal|p2a: Donphan|52/100 brn|[from] item: Leftovers\n|-damage|p2a: Donphan|45/100 brn|[from] brn\n|upkeep\n|turn|6\n|inactive|Time left: 300 sec this turn | 300 sec total\n|\n|t:|1783573330\n|move|p2a: Donphan|Earthquake|p1a: Scrafty\n|-damage|p1a: Scrafty|177/244\n|move|p1a: Scrafty|Dragon Dance|p1a: Scrafty\n|-boost|p1a: Scrafty|atk|1\n|-boost|p1a: Scrafty|spe|1\n|\n|-heal|p2a: Donphan|52/100 brn|[from] item: Leftovers\n|-damage|p2a: Donphan|45/100 brn|[from] brn\n|upkeep\n|turn|7\n|inactive|Time left: 300 sec this turn | 300 sec total\n|\n|t:|1783573331\n|move|p1a: Scrafty|Drain Punch|p2a: Donphan\n|-damage|p2a: Donphan|5/100 brn\n|-heal|p1a: Scrafty|236/244|[from] drain|[of] p2a: Donphan\n|move|p2a: Donphan|Rapid Spin|p1a: Scrafty\n|-damage|p1a: Scrafty|224/244\n|-boost|p2a: Donphan|spe|1\n|\n|-heal|p2a: Donphan|11/100 brn|[from] item: Leftovers\n|-damage|p2a: Donphan|5/100 brn|[from] brn\n|upkeep\n|turn|8\n|inactive|Time left: 300 sec this turn | 300 sec total\n|\n|t:|1783573332\n|move|p2a: Donphan|Earthquake|p1a: Scrafty\n|-damage|p1a: Scrafty|191/244\n|move|p1a: Scrafty|Dragon Dance|p1a: Scrafty\n|-boost|p1a: Scrafty|atk|1\n|-boost|p1a: Scrafty|spe|1\n|\n|-heal|p2a: Donphan|11/100 brn|[from] item: Leftovers\n|-damage|p2a: Donphan|5/100 brn|[from] brn\n|upkeep\n|turn|9\n|inactive|Time left: 300 sec this turn | 300 sec total\n|\n|t:|1783573333\n|move|p1a: Scrafty|Dragon Dance|p1a: Scrafty\n|-boost|p1a: Scrafty|atk|1\n|-boost|p1a: Scrafty|spe|1\n|move|p2a: Donphan|Earthquake|p1a: Scrafty\n|-damage|p1a: Scrafty|158/244\n|\n|-heal|p2a: Donphan|11/100 brn|[from] item: Leftovers\n|-damage|p2a: Donphan|5/100 brn|[from] brn\n|upkeep\n|turn|10\n|inactive|Time left: 300 sec this turn | 300 sec total\n|\n|t:|1783573334\n|move|p1a: Scrafty|Drain Punch|p2a: Donphan\n|-damage|p2a: Donphan|0 fnt\n|-heal|p1a: Scrafty|164/244|[from] drain|[of] p2a: Donphan\n|faint|p2a: Donphan\n|\n|upkeep\n|\n|t:|1783573335\n|switch|p2a: Meowstic|Meowstic-F, L89, F|100/100\n|turn|11\n|inactive|Time left: 300 sec this turn | 300 sec total\n|\n|t:|1783573336\n|move|p1a: Scrafty|Knock Off|p2a: Meowstic\n|-supereffective|p2a: Meowstic\n|-damage|p2a: Meowstic|0 fnt\n|-enditem|p2a: Meowstic|Life Orb|[from] move: Knock Off|[of] p1a: Scrafty\n|faint|p2a: Meowstic\n|\n|upkeep\n|\n|t:|1783573337\n|switch|p2a: Annihilape|Annihilape, L76, M|100/100\n|turn|12\n|inactive|Time left: 300 sec this turn | 300 sec total\n|\n|t:|1783573338\n|switch|p2a: Lilligant|Lilligant-Hisui, L79, F|100/100\n|move|p1a: Scrafty|Knock Off|p2a: Lilligant\n|-resisted|p2a: Lilligant\n|-damage|p2a: Lilligant|30/100\n|-enditem|p2a: Lilligant|Wide Lens|[from] move: Knock Off|[of] p1a: Scrafty\n|\n|upkeep\n|turn|13\n|inactive|Time left: 300 sec this turn | 300 sec total\n|\n|t:|1783573339\n|move|p1a: Scrafty|Drain Punch|p2a: Lilligant\n|-crit|p2a: Lilligant\n|-damage|p2a: Lilligant|0 fnt\n|-heal|p1a: Scrafty|200/244|[from] drain|[of] p2a: Lilligant\n|faint|p2a: Lilligant\n|\n|upkeep\n|\n|t:|1783573340\n|switch|p2a: Serperior|Serperior, L79, M|100/100\n|turn|14\n|inactive|Time left: 300 sec this turn | 300 sec total\n|\n|t:|1783573341\n|move|p1a: Scrafty|Knock Off|p2a: Serperior\n|-damage|p2a: Serperior|0 fnt\n|-enditem|p2a: Serperior|Leftovers|[from] move: Knock Off|[of] p1a: Scrafty\n|faint|p2a: Serperior\n|\n|upkeep\n|\n|t:|1783573342\n|switch|p2a: Ambipom|Ambipom, L84, F|100/100\n|turn|15\n|inactive|Time left: 300 sec this turn | 300 sec total\n|\n|t:|1783573343\n|move|p1a: Scrafty|Knock Off|p2a: Ambipom\n|-damage|p2a: Ambipom|0 fnt\n|-enditem|p2a: Ambipom|Choice Band|[from] move: Knock Off|[of] p1a: Scrafty\n|faint|p2a: Ambipom\n|\n|upkeep\n|\n|t:|1783573343\n|switch|p2a: Annihilape|Annihilape, L76, M|100/100\n|turn|16\n|inactive|Time left: 300 sec this turn | 300 sec total\n|\n|t:|1783573344\n|move|p1a: Scrafty|Knock Off|p2a: Annihilape\n|-damage|p2a: Annihilape|0 fnt\n|-enditem|p2a: Annihilape|Chesto Berry|[from] move: Knock Off|[of] p1a: Scrafty\n|faint|p2a: Annihilape\n|\n|win|p0x298298c1", "uploadtime": 1783573344, "views": 0, "rating": 0, "private": 0, "password": null, "_winner": "p0x298298c1", "_our_name": "p0x298298c1"}