{"id": "battle-gen9randombattle-2657", "formatid": "gen9randombattle", "format": "[Gen 9] Random Battle", "players": ["p0x26572ef6", "p0y2657273b"], "log": "|init|battle\n|title|p0x26572ef6 vs. p0y2657273b\n|j|\u2606p0x26572ef6\n|j|\u2606p0y2657273b\n|t:|1783569653\n|gametype|singles\n|player|p1|p0x26572ef6|266|\n|player|p2|p0y2657273b|2|\n|gen|9\n|tier|[Gen 9] Random Battle\n|rule|Species Clause: Limit one of each Pok\u00e9mon\n|rule|HP Percentage Mod: HP is shown in percentages\n|rule|Sleep Clause Mod: Limit one foe put to sleep\n|rule|Illusion Level Mod: Illusion disguises the Pok\u00e9mon's true level\n|\n|t:|1783569653\n|teamsize|p1|6\n|teamsize|p2|6\n|start\n|switch|p1a: Dusknoir|Dusknoir, L89, M|100/100\n|switch|p2a: Regieleki|Regieleki, L79|256/256\n|-item|p2a: Regieleki|Magnet|[from] ability: Frisk|[of] p1a: Dusknoir\n|turn|1\n|inactive|Battle timer is ON: inactive players will automatically lose when time's up. (requested by p0x26572ef6)\n|inactive|Time left: 300 sec this turn | 300 sec total | 60 sec grace\n|inactive|p0y2657273b also wants the timer to be on.\n|\n|t:|1783569655\n|move|p2a: Regieleki|Volt Switch|p1a: Dusknoir\n|-damage|p1a: Dusknoir|67/100\n|inactive|Time left: 300 sec this turn | 300 sec total | 65 sec grace\n|\n|t:|1783569656\n|switch|p2a: Sandslash|Sandslash, L89, F|278/278|[from] Volt Switch\n|move|p1a: Dusknoir|Earthquake|p2a: Sandslash\n|-damage|p2a: Sandslash|213/278\n|\n|-heal|p2a: Sandslash|230/278|[from] item: Leftovers\n|-heal|p1a: Dusknoir|73/100|[from] item: Leftovers\n|upkeep\n|turn|2\n|inactive|Time left: 300 sec this turn | 300 sec total\n|\n|t:|1783569658\n|move|p2a: Sandslash|Knock Off|p1a: Dusknoir\n|-supereffective|p1a: Dusknoir\n|-crit|p1a: Dusknoir\n|-damage|p1a: Dusknoir|0 fnt\n|-enditem|p1a: Dusknoir|Leftovers|[from] move: Knock Off|[of] p2a: Sandslash\n|faint|p1a: Dusknoir\n|\n|-heal|p2a: Sandslash|247/278|[from] item: Leftovers\n|upkeep\n|\n|t:|1783569659\n|switch|p1a: Frosmoth|Frosmoth, L82, M|100/100\n|turn|3\n|inactive|Time left: 300 sec this turn | 300 sec total\n|\n|t:|1783569660\n|move|p2a: Sandslash|Stone Edge|p1a: Frosmoth|[miss]\n|-miss|p2a: Sandslash|p1a: Frosmoth\n|move|p1a: Frosmoth|Ice Beam|p2a: Sandslash\n|-supereffective|p2a: Sandslash\n|-damage|p2a: Sandslash|0 fnt\n|faint|p2a: Sandslash\n|\n|upkeep\n|inactive|Time left: 300 sec this turn | 300 sec total | 5 sec grace\n|\n|t:|1783569661\n|switch|p2a: Grafaiai|Grafaiai, L86, F|249/249\n|turn|4\n|inactive|Time left: 300 sec this turn | 300 sec total\n|\n|t:|1783569662\n|move|p2a: Grafaiai|Gunk Shot|p1a: Frosmoth\n|-damage|p1a: Frosmoth|28/100\n|-status|p1a: Frosmoth|psn\n|move|p1a: Frosmoth|Quiver Dance|p1a: Frosmoth\n|-boost|p1a: Frosmoth|spa|1\n|-boost|p1a: Frosmoth|spd|1\n|-boost|p1a: Frosmoth|spe|1\n|\n|-damage|p1a: Frosmoth|16/100 psn|[from] psn\n|upkeep\n|turn|5\n|inactive|Time left: 300 sec this turn | 300 sec total\n|\n|t:|1783569662\n|switch|p1a: Magearna|Magearna, L77|100/100\n|move|p2a: Grafaiai|Knock Off|p1a: Magearna\n|-resisted|p1a: Magearna\n|-damage|p1a: Magearna|88/100\n|-enditem|p1a: Magearna|Leftovers|[from] move: Knock Off|[of] p2a: Grafaiai\n|\n|upkeep\n|turn|6\n|inactive|Time left: 300 sec this turn | 300 sec total\n|\n|t:|1783569663\n|move|p2a: Grafaiai|Parting Shot|p1a: Magearna\n|-unboost|p1a: Magearna|atk|1\n|-unboost|p1a: Magearna|spa|1\n|inactive|Time left: 300 sec this turn | 300 sec total | 5 sec grace\n|\n|t:|1783569664\n|switch|p2a: Whiscash|Whiscash, L88, M|337/337|[from] Parting Shot\n|move|p1a: Magearna|Shift Gear|p1a: Magearna\n|-boost|p1a: Magearna|spe|2\n|-boost|p1a: Magearna|atk|1\n|\n|upkeep\n|turn|7\n|inactive|Time left: 300 sec this turn | 300 sec total\n|\n|t:|1783569665\n|switch|p1a: Misdreavus|Misdreavus, L90, F|100/100\n|move|p2a: Whiscash|Dragon Dance|p2a: Whiscash\n|-boost|p2a: Whiscash|atk|1\n|-boost|p2a: Whiscash|spe|1\n|\n|upkeep\n|turn|8\n|inactive|Time left: 300 sec this turn | 300 sec total\n|\n|t:|1783569666\n|move|p2a: Whiscash|Liquidation|p1a: Misdreavus\n|-damage|p1a: Misdreavus|48/100\n|-damage|p2a: Whiscash|304/337|[from] item: Life Orb\n|move|p1a: Misdreavus|Will-O-Wisp|p2a: Whiscash\n|-status|p2a: Whiscash|brn\n|\n|-damage|p2a: Whiscash|283/337 brn|[from] brn\n|upkeep\n|turn|9\n|inactive|Time left: 300 sec this turn | 300 sec total\n|\n|t:|1783569667\n|move|p2a: Whiscash|Dragon Dance|p2a: Whiscash\n|-boost|p2a: Whiscash|atk|1\n|-boost|p2a: Whiscash|spe|1\n|move|p1a: Misdreavus|Draining Kiss|p2a: Whiscash\n|-damage|p2a: Whiscash|237/337 brn\n|-heal|p1a: Misdreavus|62/100|[from] drain|[of] p2a: Whiscash\n|\n|-damage|p2a: Whiscash|216/337 brn|[from] brn\n|upkeep\n|turn|10\n|inactive|Time left: 300 sec this turn | 300 sec total\n|\n|t:|1783569668\n|move|p2a: Whiscash|Liquidation|p1a: Misdreavus\n|-damage|p1a: Misdreavus|30/100\n|-damage|p2a: Whiscash|183/337 brn|[from] item: Life Orb\n|move|p1a: Misdreavus|Draining Kiss|p2a: Whiscash\n|-damage|p2a: Whiscash|139/337 brn\n|-heal|p1a: Misdreavus|43/100|[from] drain|[of] p2a: Whiscash\n|\n|-damage|p2a: Whiscash|118/337 brn|[from] brn\n|upkeep\n|turn|11\n|inactive|Time left: 300 sec this turn | 300 sec total\n|\n|t:|1783569669\n|move|p2a: Whiscash|Liquidation|p1a: Misdreavus\n|-damage|p1a: Misdreavus|5/100\n|-damage|p2a: Whiscash|85/337 brn|[from] item: Life Orb\n|move|p1a: Misdreavus|Shadow Ball|p2a: Whiscash\n|-damage|p2a: Whiscash|0 fnt\n|faint|p2a: Whiscash\n|\n|upkeep\n|inactive|Time left: 300 sec this turn | 300 sec total | 5 sec grace\n|\n|t:|1783569670\n|switch|p2a: Raikou|Raikou, L81|278/278\n|-ability|p2a: Raikou|Pressure\n|turn|12\n|inactive|Time left: 300 sec this turn | 300 sec total\n|\n|t:|1783569670\n|switch|p1a: Raikou|Raikou, L81|100/100\n|-ability|p1a: Raikou|Pressure\n|move|p2a: Raikou|Calm Mind|p2a: Raikou\n|-boost|p2a: Raikou|spa|1\n|-boost|p2a: Raikou|spd|1\n|\n|upkeep\n|turn|13\n|inactive|Time left: 300 sec this turn | 300 sec total\n|\n|t:|1783569671\n|move|p2a: Raikou|Calm Mind|p2a: Raikou\n|-boost|p2a: Raikou|spa|1\n|-boost|p2a: Raikou|spd|1\n|move|p1a: Raikou|Calm Mind|p1a: Raikou\n|-boost|p1a: Raikou|spa|1\n|-boost|p1a: Raikou|spd|1\n|\n|upkeep\n|turn|14\n|inactive|Time left: 300 sec this turn | 300 sec total\n|\n|t:|1783569672\n|move|p1a: Raikou|Calm Mind|p1a: Raikou\n|-boost|p1a: Raikou|spa|1\n|-boost|p1a: Raikou|spd|1\n|move|p2a: Raikou|Scald|p1a: Raikou\n|-damage|p1a: Raikou|80/100\n|-status|p1a: Raikou|brn\n|\n|-damage|p1a: Raikou|74/100 brn|[from] brn\n|upkeep\n|turn|15\n|inactive|Time left: 300 sec this turn | 300 sec total\n|\n|t:|1783569673\n|move|p2a: Raikou|Scald|p1a: Raikou\n|-damage|p1a: Raikou|53/100 brn\n|move|p1a: Raikou|Calm Mind|p1a: Raikou\n|-boost|p1a: Raikou|spa|1\n|-boost|p1a: Raikou|spd|1\n|\n|-damage|p1a: Raikou|47/100 brn|[from] brn\n|upkeep\n|turn|16\n|inactive|Time left: 300 sec this turn | 300 sec total\n|\n|t:|1783569674\n|move|p1a: Raikou|Calm Mind|p1a: Raikou\n|-boost|p1a: Raikou|spa|1\n|-boost|p1a: Raikou|spd|1\n|move|p2a: Raikou|Scald|p1a: Raikou\n|-damage|p1a: Raikou|34/100 brn\n|\n|-damage|p1a: Raikou|27/100 brn|[from] brn\n|upkeep\n|turn|17\n|inactive|Time left: 300 sec this turn | 300 sec total\n|\n|t:|1783569674\n|move|p1a: Raikou|Scald|p2a: Raikou\n|-damage|p2a: Raikou|198/278\n|-status|p2a: Raikou|brn\n|move|p2a: Raikou|Scald|p1a: Raikou\n|-damage|p1a: Raikou|15/100 brn\n|\n|-damage|p2a: Raikou|181/278 brn|[from] brn\n|-damage|p1a: Raikou|8/100 brn|[from] brn\n|upkeep\n|turn|18\n|inactive|Time left: 300 sec this turn | 300 sec total\n|\n|t:|1783569675\n|move|p2a: Raikou|Scald|p1a: Raikou\n|-damage|p1a: Raikou|0 fnt\n|faint|p1a: Raikou\n|\n|-damage|p2a: Raikou|164/278 brn|[from] brn\n|upkeep\n|\n|t:|1783569676\n|switch|p1a: Regieleki|Regieleki, L79|100/100\n|turn|19\n|inactive|Time left: 300 sec this turn | 300 sec total\n|\n|t:|1783569677\n|move|p1a: Regieleki|Explosion|p2a: Raikou\n|-crit|p2a: Raikou\n|-damage|p2a: Raikou|0 fnt\n|faint|p1a: Regieleki\n|faint|p2a: Raikou\n|\n|upkeep\n|inactive|Time left: 300 sec this turn | 300 sec total | 5 sec grace\n|\n|t:|1783569678\n|switch|p1a: Magearna|Magearna, L77|88/100\n|switch|p2a: Regieleki|Regieleki, L79|256/256\n|turn|20\n|inactive|Time left: 300 sec this turn | 300 sec total\n|\n|t:|1783569679\n|move|p2a: Regieleki|Thunderbolt|p1a: Magearna\n|-damage|p1a: Magearna|38/100\n|move|p1a: Magearna|Calm Mind|p1a: Magearna\n|-boost|p1a: Magearna|spa|1\n|-boost|p1a: Magearna|spd|1\n|\n|upkeep\n|turn|21\n|inactive|Time left: 300 sec this turn | 300 sec total\n|\n|t:|1783569680\n|-terastallize|p2a: Regieleki|Electric\n|move|p2a: Regieleki|Thunderbolt|p1a: Magearna\n|-damage|p1a: Magearna|0 fnt\n|faint|p1a: Magearna\n|\n|upkeep\n|\n|t:|1783569681\n|switch|p1a: Frosmoth|Frosmoth, L82, M|16/100 psn\n|turn|22\n|inactive|Time left: 300 sec this turn | 300 sec total\n|\n|t:|1783569682\n|move|p2a: Regieleki|Thunderbolt|p1a: Frosmoth\n|-damage|p1a: Frosmoth|0 fnt\n|faint|p1a: Frosmoth\n|\n|upkeep\n|\n|t:|1783569683\n|switch|p1a: Misdreavus|Misdreavus, L90, F|5/100\n|turn|23\n|inactive|Time left: 300 sec this turn | 300 sec total\n|\n|t:|1783569684\n|-terastallize|p1a: Misdreavus|Fairy\n|move|p2a: Regieleki|Thunderbolt|p1a: Misdreavus\n|-damage|p1a: Misdreavus|0 fnt\n|faint|p1a: Misdreavus\n|\n|win|p0y2657273b", "uploadtime": 1783569684, "views": 0, "rating": 0, "private": 0, "password": null, "_winner": "p0y2657273b", "_our_name": "p0y2657273b"}