{"id": "battle-gen9randombattle-1112", "formatid": "gen9randombattle", "format": "[Gen 9] Random Battle", "players": ["p0x1112794e", "p0y111284d3"], "log": "|init|battle\n|title|p0x1112794e vs. p0y111284d3\n|j|\u2606p0x1112794e\n|j|\u2606p0y111284d3\n|t:|1783552053\n|gametype|singles\n|player|p1|p0x1112794e|2|\n|player|p2|p0y111284d3|265|\n|gen|9\n|tier|[Gen 9] Random Battle\n|rule|Species Clause: Limit one of each Pok\u00e9mon\n|rule|HP Percentage Mod: HP is shown in percentages\n|rule|Sleep Clause Mod: Limit one foe put to sleep\n|rule|Illusion Level Mod: Illusion disguises the Pok\u00e9mon's true level\n|\n|t:|1783552054\n|teamsize|p1|6\n|teamsize|p2|6\n|start\n|switch|p1a: Dragonite|Dragonite, L74, F|100/100\n|switch|p2a: Malamar|Malamar, L82, M|275/275\n|turn|1\n|inactive|Battle timer is ON: inactive players will automatically lose when time's up. (requested by p0y111284d3)\n|inactive|p0x1112794e also wants the timer to be on.\n|\n|t:|1783552055\n|move|p2a: Malamar|Superpower|p1a: Dragonite\n|-resisted|p1a: Dragonite\n|-damage|p1a: Dragonite|93/100\n|-boost|p2a: Malamar|atk|1\n|-boost|p2a: Malamar|def|1\n|move|p1a: Dragonite|Dragon Dance|p1a: Dragonite\n|-boost|p1a: Dragonite|atk|1\n|-boost|p1a: Dragonite|spe|1\n|\n|upkeep\n|turn|2\n|inactive|Time left: 300 sec this turn | 300 sec total\n|\n|t:|1783552056\n|move|p1a: Dragonite|Outrage|p2a: Malamar\n|-damage|p2a: Malamar|133/275\n|move|p2a: Malamar|Superpower|p1a: Dragonite\n|-resisted|p1a: Dragonite\n|-damage|p1a: Dragonite|69/100\n|-boost|p2a: Malamar|atk|1\n|-boost|p2a: Malamar|def|1\n|\n|-heal|p2a: Malamar|150/275|[from] item: Leftovers\n|upkeep\n|turn|3\n|inactive|Time left: 300 sec this turn | 300 sec total\n|\n|t:|1783552057\n|move|p1a: Dragonite|Outrage|p2a: Malamar|[from] lockedmove\n|-damage|p2a: Malamar|56/275\n|move|p2a: Malamar|Knock Off|p1a: Dragonite\n|-damage|p1a: Dragonite|0 fnt\n|-enditem|p1a: Dragonite|Heavy-Duty Boots|[from] move: Knock Off|[of] p2a: Malamar\n|faint|p1a: Dragonite\n|\n|-heal|p2a: Malamar|73/275|[from] item: Leftovers\n|upkeep\n|\n|t:|1783552058\n|switch|p1a: Meloetta|Meloetta, L82|100/100\n|turn|4\n|inactive|Time left: 300 sec this turn | 300 sec total\n|\n|t:|1783552060\n|move|p1a: Meloetta|Hyper Voice|p2a: Malamar\n|-damage|p2a: Malamar|0 fnt\n|faint|p2a: Malamar\n|\n|upkeep\n|inactive|Time left: 300 sec this turn | 300 sec total | 5 sec grace\n|\n|t:|1783552061\n|switch|p2a: Ariados|Ariados, L95, M|287/287\n|turn|5\n|inactive|Time left: 300 sec this turn | 300 sec total\n|\n|t:|1783552062\n|move|p1a: Meloetta|Hyper Voice|p2a: Ariados\n|-damage|p2a: Ariados|107/287\n|move|p2a: Ariados|Sticky Web|p1a: Meloetta\n|-sidestart|p1: p0x1112794e|move: Sticky Web\n|\n|upkeep\n|turn|6\n|inactive|Time left: 300 sec this turn | 300 sec total\n|\n|t:|1783552063\n|-terastallize|p2a: Ariados|Ghost\n|move|p1a: Meloetta|Hyper Voice|p2a: Ariados\n|-immune|p2a: Ariados\n|move|p2a: Ariados|Megahorn|p1a: Meloetta\n|-supereffective|p1a: Meloetta\n|-damage|p1a: Meloetta|0 fnt\n|faint|p1a: Meloetta\n|\n|upkeep\n|\n|t:|1783552064\n|switch|p1a: Delphox|Delphox, L84, F|100/100\n|turn|7\n|inactive|Time left: 300 sec this turn | 300 sec total\n|\n|t:|1783552065\n|switch|p2a: Pelipper|Pelipper, L86, M|243/243\n|-weather|RainDance|[from] ability: Drizzle|[of] p2a: Pelipper\n|move|p1a: Delphox|Fire Blast|p2a: Pelipper|[miss]\n|-miss|p1a: Delphox|p2a: Pelipper\n|\n|-weather|RainDance|[upkeep]\n|upkeep\n|turn|8\n|inactive|Time left: 300 sec this turn | 300 sec total\n|\n|t:|1783552067\n|move|p1a: Delphox|Psyshock|p2a: Pelipper\n|-damage|p2a: Pelipper|164/243\n|move|p2a: Pelipper|Weather Ball|p1a: Delphox\n|-supereffective|p1a: Delphox\n|-damage|p1a: Delphox|0 fnt\n|faint|p1a: Delphox\n|\n|-weather|RainDance|[upkeep]\n|upkeep\n|\n|t:|1783552068\n|switch|p1a: Bombirdier|Bombirdier, L85, F|100/100\n|turn|9\n|inactive|Time left: 300 sec this turn | 300 sec total\n|\n|t:|1783552068\n|switch|p2a: Stonjourner|Stonjourner, L91, F|330/330\n|move|p1a: Bombirdier|Stone Edge|p2a: Stonjourner\n|-damage|p2a: Stonjourner|255/330\n|\n|-weather|RainDance|[upkeep]\n|upkeep\n|turn|10\n|inactive|Time left: 300 sec this turn | 300 sec total\n|\n|t:|1783552069\n|switch|p1a: Sandaconda|Sandaconda, L84, M|100/100\n|-activate|p1a: Sandaconda|move: Sticky Web\n|-unboost|p1a: Sandaconda|spe|1\n|move|p2a: Stonjourner|Stone Edge|p1a: Sandaconda\n|-resisted|p1a: Sandaconda\n|-damage|p1a: Sandaconda|73/100\n|-damage|p2a: Stonjourner|222/330|[from] item: Life Orb\n|\n|-weather|RainDance|[upkeep]\n|-heal|p1a: Sandaconda|80/100|[from] item: Leftovers\n|upkeep\n|turn|11\n|inactive|Time left: 300 sec this turn | 300 sec total\n|\n|t:|1783552070\n|switch|p2a: Pelipper|Pelipper, L86, M|164/243\n|move|p1a: Sandaconda|Earthquake|p2a: Pelipper\n|-immune|p2a: Pelipper\n|\n|-weather|none\n|-heal|p1a: Sandaconda|86/100|[from] item: Leftovers\n|upkeep\n|turn|12\n|inactive|Time left: 300 sec this turn | 300 sec total\n|\n|t:|1783552071\n|-terastallize|p1a: Sandaconda|Dragon\n|move|p2a: Pelipper|Hydro Pump|p1a: Sandaconda\n|-resisted|p1a: Sandaconda\n|-damage|p1a: Sandaconda|44/100\n|move|p1a: Sandaconda|Stone Edge|p2a: Pelipper\n|-supereffective|p2a: Pelipper\n|-damage|p2a: Pelipper|16/243\n|\n|-heal|p1a: Sandaconda|50/100|[from] item: Leftovers\n|upkeep\n|turn|13\n|inactive|Time left: 300 sec this turn | 300 sec total\n|\n|t:|1783552072\n|move|p2a: Pelipper|Hydro Pump|p1a: Sandaconda\n|-resisted|p1a: Sandaconda\n|-damage|p1a: Sandaconda|12/100\n|move|p1a: Sandaconda|Rest|p1a: Sandaconda\n|-status|p1a: Sandaconda|slp|[from] move: Rest\n|-heal|p1a: Sandaconda|100/100 slp|[silent]\n|\n|upkeep\n|turn|14\n|inactive|Time left: 300 sec this turn | 300 sec total\n|\n|t:|1783552073\n|move|p2a: Pelipper|Hydro Pump|p1a: Sandaconda\n|-resisted|p1a: Sandaconda\n|-damage|p1a: Sandaconda|59/100 slp\n|cant|p1a: Sandaconda|slp\n|\n|-activate|p1a: Sandaconda|ability: Shed Skin\n|-curestatus|p1a: Sandaconda|slp|[msg]\n|-heal|p1a: Sandaconda|65/100|[from] item: Leftovers\n|upkeep\n|turn|15\n|inactive|Time left: 300 sec this turn | 300 sec total\n|\n|t:|1783552074\n|move|p2a: Pelipper|Hydro Pump|p1a: Sandaconda\n|-resisted|p1a: Sandaconda\n|-damage|p1a: Sandaconda|22/100\n|move|p1a: Sandaconda|Rest|p1a: Sandaconda\n|-status|p1a: Sandaconda|slp|[from] move: Rest\n|-heal|p1a: Sandaconda|100/100 slp|[silent]\n|\n|-activate|p1a: Sandaconda|ability: Shed Skin\n|-curestatus|p1a: Sandaconda|slp|[msg]\n|upkeep\n|turn|16\n|inactive|Time left: 300 sec this turn | 300 sec total\n|\n|t:|1783552075\n|move|p2a: Pelipper|Hydro Pump|p1a: Sandaconda\n|-resisted|p1a: Sandaconda\n|-damage|p1a: Sandaconda|59/100\n|move|p1a: Sandaconda|Earthquake|p2a: Pelipper\n|-immune|p2a: Pelipper\n|\n|-heal|p1a: Sandaconda|65/100|[from] item: Leftovers\n|upkeep\n|turn|17\n|inactive|Time left: 300 sec this turn | 300 sec total\n|\n|t:|1783552076\n|move|p2a: Pelipper|Hydro Pump|p1a: Sandaconda\n|-resisted|p1a: Sandaconda\n|-damage|p1a: Sandaconda|25/100\n|move|p1a: Sandaconda|Rest|p1a: Sandaconda\n|-status|p1a: Sandaconda|slp|[from] move: Rest\n|-heal|p1a: Sandaconda|100/100 slp|[silent]\n|\n|upkeep\n|turn|18\n|inactive|Time left: 300 sec this turn | 300 sec total\n|\n|t:|1783552077\n|move|p2a: Pelipper|Hydro Pump|p1a: Sandaconda\n|-resisted|p1a: Sandaconda\n|-damage|p1a: Sandaconda|57/100 slp\n|cant|p1a: Sandaconda|slp\n|\n|-heal|p1a: Sandaconda|64/100 slp|[from] item: Leftovers\n|upkeep\n|turn|19\n|inactive|Time left: 300 sec this turn | 300 sec total\n|\n|t:|1783552078\n|move|p2a: Pelipper|Hydro Pump|p1a: Sandaconda\n|-resisted|p1a: Sandaconda\n|-damage|p1a: Sandaconda|24/100 slp\n|cant|p1a: Sandaconda|slp\n|\n|-heal|p1a: Sandaconda|30/100 slp|[from] item: Leftovers\n|upkeep\n|turn|20\n|inactive|Time left: 300 sec this turn | 300 sec total\n|\n|t:|1783552079\n|switch|p2a: Victreebel|Victreebel, L90, M|290/290\n|-curestatus|p1a: Sandaconda|slp|[msg]\n|move|p1a: Sandaconda|Rest|p1a: Sandaconda\n|-status|p1a: Sandaconda|slp|[from] move: Rest\n|-heal|p1a: Sandaconda|100/100 slp|[silent]\n|\n|upkeep\n|turn|21\n|inactive|Time left: 300 sec this turn | 300 sec total\n|\n|t:|1783552080\n|move|p2a: Victreebel|Swords Dance|p2a: Victreebel\n|-boost|p2a: Victreebel|atk|2\n|cant|p1a: Sandaconda|slp\n|\n|upkeep\n|turn|22\n|inactive|Time left: 300 sec this turn | 300 sec total\n|\n|t:|1783552081\n|move|p2a: Victreebel|Poison Jab|p1a: Sandaconda\n|-damage|p1a: Sandaconda|25/100 slp\n|-damage|p2a: Victreebel|261/290|[from] item: Life Orb\n|cant|p1a: Sandaconda|slp\n|\n|-heal|p1a: Sandaconda|31/100 slp|[from] item: Leftovers\n|upkeep\n|turn|23\n|inactive|Time left: 300 sec this turn | 300 sec total\n|\n|t:|1783552083\n|move|p2a: Victreebel|Poison Jab|p1a: Sandaconda\n|-damage|p1a: Sandaconda|0 fnt\n|faint|p1a: Sandaconda\n|-damage|p2a: Victreebel|232/290|[from] item: Life Orb\n|\n|upkeep\n|\n|t:|1783552084\n|switch|p1a: Bombirdier|Bombirdier, L85, F|100/100\n|turn|24\n|inactive|Time left: 300 sec this turn | 300 sec total\n|\n|t:|1783552085\n|move|p1a: Bombirdier|Brave Bird|p2a: Victreebel\n|-supereffective|p2a: Victreebel\n|-damage|p2a: Victreebel|0 fnt\n|faint|p2a: Victreebel\n|-damage|p1a: Bombirdier|71/100|[from] Recoil\n|\n|upkeep\n|inactive|Time left: 300 sec this turn | 300 sec total | 5 sec grace\n|\n|t:|1783552085\n|switch|p2a: Stonjourner|Stonjourner, L91, F|222/330\n|turn|25\n|inactive|Time left: 300 sec this turn | 300 sec total\n|\n|t:|1783552086\n|switch|p1a: Klawf|Klawf, L90, M|100/100\n|-activate|p1a: Klawf|move: Sticky Web\n|-unboost|p1a: Klawf|spe|1\n|move|p2a: Stonjourner|Stone Edge|p1a: Klawf\n|-crit|p1a: Klawf\n|-damage|p1a: Klawf|13/100\n|-damage|p2a: Stonjourner|189/330|[from] item: Life Orb\n|\n|upkeep\n|turn|26\n|inactive|Time left: 300 sec this turn | 300 sec total\n|\n|t:|1783552088\n|switch|p1a: Bombirdier|Bombirdier, L85, F|71/100\n|move|p2a: Stonjourner|Heat Crash|p1a: Bombirdier\n|-damage|p1a: Bombirdier|4/100\n|-damage|p2a: Stonjourner|156/330|[from] item: Life Orb\n|\n|upkeep\n|turn|27\n|inactive|Time left: 300 sec this turn | 300 sec total\n|\n|t:|1783552089\n|move|p1a: Bombirdier|Stone Edge|p2a: Stonjourner|[miss]\n|-miss|p1a: Bombirdier|p2a: Stonjourner\n|move|p2a: Stonjourner|Heat Crash|p1a: Bombirdier\n|-damage|p1a: Bombirdier|0 fnt\n|faint|p1a: Bombirdier\n|-damage|p2a: Stonjourner|123/330|[from] item: Life Orb\n|\n|upkeep\n|\n|t:|1783552089\n|switch|p1a: Klawf|Klawf, L90, M|46/100\n|-activate|p1a: Klawf|move: Sticky Web\n|-unboost|p1a: Klawf|spe|1\n|turn|28\n|inactive|Time left: 300 sec this turn | 300 sec total\n|\n|t:|1783552090\n|move|p2a: Stonjourner|Earthquake|p1a: Klawf\n|-supereffective|p1a: Klawf\n|-damage|p1a: Klawf|0 fnt\n|faint|p1a: Klawf\n|-damage|p2a: Stonjourner|90/330|[from] item: Life Orb\n|\n|win|p0y111284d3", "uploadtime": 1783552090, "views": 0, "rating": 0, "private": 0, "password": null, "_winner": "p0y111284d3", "_our_name": "p0y111284d3"}