{"id": "battle-gen9randombattle-1495", "formatid": "gen9randombattle", "format": "[Gen 9] Random Battle", "players": ["p0x1495e6ed", "p0y1495590f"], "log": "|init|battle\n|title|p0x1495e6ed vs. p0y1495590f\n|j|\u2606p0x1495e6ed\n|j|\u2606p0y1495590f\n|t:|1783556486\n|gametype|singles\n|player|p1|p0x1495e6ed|266|\n|player|p2|p0y1495590f|265|\n|gen|9\n|tier|[Gen 9] Random Battle\n|rule|Species Clause: Limit one of each Pok\u00e9mon\n|rule|HP Percentage Mod: HP is shown in percentages\n|rule|Sleep Clause Mod: Limit one foe put to sleep\n|rule|Illusion Level Mod: Illusion disguises the Pok\u00e9mon's true level\n|\n|t:|1783556486\n|teamsize|p1|6\n|teamsize|p2|6\n|start\n|switch|p1a: Gastrodon|Gastrodon-East, L86, F|331/331\n|switch|p2a: Krookodile|Krookodile, L79, F|100/100\n|-ability|p2a: Krookodile|Intimidate|boost\n|-unboost|p1a: Gastrodon|atk|1\n|turn|1\n|inactive|Battle timer is ON: inactive players will automatically lose when time's up. (requested by p0x1495e6ed)\n|inactive|p0y1495590f also wants the timer to be on.\n|\n|t:|1783556488\n|move|p2a: Krookodile|Earthquake|p1a: Gastrodon\n|-damage|p1a: Gastrodon|204/331\n|move|p1a: Gastrodon|Surf|p2a: Krookodile\n|-supereffective|p2a: Krookodile\n|-damage|p2a: Krookodile|10/100\n|\n|-heal|p1a: Gastrodon|224/331|[from] item: Leftovers\n|upkeep\n|turn|2\n|inactive|Time left: 300 sec this turn | 300 sec total\n|\n|t:|1783556489\n|switch|p1a: Lurantis|Lurantis, L87, F|264/264\n|move|p2a: Krookodile|Earthquake|p1a: Lurantis\n|-resisted|p1a: Lurantis\n|-damage|p1a: Lurantis|216/264\n|\n|-heal|p1a: Lurantis|232/264|[from] item: Leftovers\n|upkeep\n|turn|3\n|inactive|Time left: 300 sec this turn | 300 sec total\n|\n|t:|1783556490\n|switch|p2a: Okidogi|Okidogi, L77, M|100/100\n|move|p1a: Lurantis|Leaf Storm|p2a: Okidogi\n|-resisted|p2a: Okidogi\n|-damage|p2a: Okidogi|74/100\n|-boost|p1a: Lurantis|spa|2\n|\n|-heal|p2a: Okidogi|80/100|[from] item: Leftovers\n|-heal|p1a: Lurantis|248/264|[from] item: Leftovers\n|upkeep\n|turn|4\n|inactive|Time left: 300 sec this turn | 300 sec total\n|\n|t:|1783556492\n|-terastallize|p1a: Lurantis|Fighting\n|move|p2a: Okidogi|Gunk Shot|p1a: Lurantis\n|-damage|p1a: Lurantis|128/264\n|-status|p1a: Lurantis|tox|[from] ability: Toxic Chain|[of] p2a: Okidogi\n|move|p1a: Lurantis|Superpower|p2a: Okidogi\n|-resisted|p2a: Okidogi\n|-damage|p2a: Okidogi|56/100\n|-boost|p1a: Lurantis|atk|1\n|-boost|p1a: Lurantis|def|1\n|\n|-heal|p2a: Okidogi|62/100|[from] item: Leftovers\n|-heal|p1a: Lurantis|144/264 tox|[from] item: Leftovers\n|-damage|p1a: Lurantis|128/264 tox|[from] psn\n|upkeep\n|turn|5\n|inactive|Time left: 300 sec this turn | 300 sec total\n|\n|t:|1783556493\n|move|p2a: Okidogi|Gunk Shot|p1a: Lurantis\n|-damage|p1a: Lurantis|41/264 tox\n|move|p1a: Lurantis|Synthesis|p1a: Lurantis\n|-heal|p1a: Lurantis|173/264 tox\n|\n|-heal|p2a: Okidogi|68/100|[from] item: Leftovers\n|-heal|p1a: Lurantis|189/264 tox|[from] item: Leftovers\n|-damage|p1a: Lurantis|157/264 tox|[from] psn\n|upkeep\n|turn|6\n|inactive|Time left: 300 sec this turn | 300 sec total\n|\n|t:|1783556494\n|move|p2a: Okidogi|Gunk Shot|p1a: Lurantis\n|-damage|p1a: Lurantis|72/264 tox\n|move|p1a: Lurantis|Synthesis|p1a: Lurantis\n|-heal|p1a: Lurantis|204/264 tox\n|\n|-heal|p2a: Okidogi|75/100|[from] item: Leftovers\n|-heal|p1a: Lurantis|220/264 tox|[from] item: Leftovers\n|-damage|p1a: Lurantis|172/264 tox|[from] psn\n|upkeep\n|turn|7\n|inactive|Time left: 300 sec this turn | 300 sec total\n|\n|t:|1783556495\n|move|p2a: Okidogi|Drain Punch|p1a: Lurantis\n|-damage|p1a: Lurantis|120/264 tox\n|-heal|p2a: Okidogi|84/100|[from] drain|[of] p1a: Lurantis\n|move|p1a: Lurantis|Synthesis|p1a: Lurantis\n|-heal|p1a: Lurantis|252/264 tox\n|\n|-heal|p2a: Okidogi|91/100|[from] item: Leftovers\n|-heal|p1a: Lurantis|264/264 tox|[from] item: Leftovers\n|-damage|p1a: Lurantis|200/264 tox|[from] psn\n|upkeep\n|turn|8\n|inactive|Time left: 300 sec this turn | 300 sec total\n|\n|t:|1783556495\n|move|p2a: Okidogi|Knock Off|p1a: Lurantis\n|-resisted|p1a: Lurantis\n|-damage|p1a: Lurantis|175/264 tox\n|-enditem|p1a: Lurantis|Leftovers|[from] move: Knock Off|[of] p2a: Okidogi\n|move|p1a: Lurantis|Superpower|p2a: Okidogi\n|-resisted|p2a: Okidogi\n|-damage|p2a: Okidogi|55/100\n|-boost|p1a: Lurantis|atk|1\n|-boost|p1a: Lurantis|def|1\n|\n|-heal|p2a: Okidogi|61/100|[from] item: Leftovers\n|-damage|p1a: Lurantis|95/264 tox|[from] psn\n|upkeep\n|turn|9\n|inactive|Time left: 300 sec this turn | 300 sec total\n|\n|t:|1783556496\n|move|p2a: Okidogi|Bulk Up|p2a: Okidogi\n|-boost|p2a: Okidogi|atk|1\n|-boost|p2a: Okidogi|def|1\n|move|p1a: Lurantis|Synthesis|p1a: Lurantis\n|-heal|p1a: Lurantis|227/264 tox\n|\n|-heal|p2a: Okidogi|67/100|[from] item: Leftovers\n|-damage|p1a: Lurantis|131/264 tox|[from] psn\n|upkeep\n|turn|10\n|inactive|Time left: 300 sec this turn | 300 sec total\n|\n|t:|1783556497\n|move|p2a: Okidogi|Drain Punch|p1a: Lurantis\n|-damage|p1a: Lurantis|70/264 tox\n|-heal|p2a: Okidogi|79/100|[from] drain|[of] p1a: Lurantis\n|move|p1a: Lurantis|Leaf Storm|p2a: Okidogi\n|-resisted|p2a: Okidogi\n|-damage|p2a: Okidogi|27/100\n|-boost|p1a: Lurantis|spa|2\n|\n|-heal|p2a: Okidogi|33/100|[from] item: Leftovers\n|-damage|p1a: Lurantis|0 fnt|[from] psn\n|faint|p1a: Lurantis\n|upkeep\n|inactive|Time left: 300 sec this turn | 300 sec total | 5 sec grace\n|\n|t:|1783556498\n|switch|p1a: Milotic|Milotic, L83, M|293/293\n|turn|11\n|inactive|Time left: 300 sec this turn | 300 sec total\n|\n|t:|1783556499\n|move|p1a: Milotic|Scald|p2a: Okidogi\n|-damage|p2a: Okidogi|0 fnt\n|faint|p2a: Okidogi\n|\n|upkeep\n|\n|t:|1783556500\n|switch|p2a: Drednaw|Drednaw, L81, M|100/100\n|turn|12\n|inactive|Time left: 300 sec this turn | 300 sec total\n|\n|t:|1783556501\n|move|p2a: Drednaw|Shell Smash|p2a: Drednaw\n|-unboost|p2a: Drednaw|def|1\n|-unboost|p2a: Drednaw|spd|1\n|-boost|p2a: Drednaw|atk|2\n|-boost|p2a: Drednaw|spa|2\n|-boost|p2a: Drednaw|spe|2\n|-enditem|p2a: Drednaw|White Herb\n|-clearnegativeboost|p2a: Drednaw|[silent]\n|move|p1a: Milotic|Dragon Tail|p2a: Drednaw\n|-damage|p2a: Drednaw|90/100\n|drag|p2a: Slither Wing|Slither Wing, L81|100/100\n|\n|upkeep\n|turn|13\n|inactive|Time left: 300 sec this turn | 300 sec total\n|\n|t:|1783556502\n|move|p1a: Milotic|Scald|p2a: Slither Wing\n|-crit|p2a: Slither Wing\n|-damage|p2a: Slither Wing|57/100\n|move|p2a: Slither Wing|U-turn|p1a: Milotic\n|-damage|p1a: Milotic|202/293\n|\n|t:|1783556504\n|-end|p2a: Slither Wing|Protosynthesis|[silent]\n|switch|p2a: Drednaw|Drednaw, L81, M|90/100|[from] U-turn\n|\n|-heal|p1a: Milotic|220/293|[from] item: Leftovers\n|upkeep\n|turn|14\n|inactive|Time left: 300 sec this turn | 300 sec total\n|\n|t:|1783556505\n|move|p1a: Milotic|Scald|p2a: Drednaw\n|-damage|p2a: Drednaw|48/100\n|-status|p2a: Drednaw|brn\n|move|p2a: Drednaw|Shell Smash|p2a: Drednaw\n|-unboost|p2a: Drednaw|def|1\n|-unboost|p2a: Drednaw|spd|1\n|-boost|p2a: Drednaw|atk|2\n|-boost|p2a: Drednaw|spa|2\n|-boost|p2a: Drednaw|spe|2\n|\n|-heal|p1a: Milotic|238/293|[from] item: Leftovers\n|-damage|p2a: Drednaw|42/100 brn|[from] brn\n|upkeep\n|turn|15\n|inactive|Time left: 300 sec this turn | 300 sec total\n|\n|t:|1783556506\n|move|p2a: Drednaw|Stone Edge|p1a: Milotic\n|-damage|p1a: Milotic|121/293\n|move|p1a: Milotic|Scald|p2a: Drednaw\n|-damage|p2a: Drednaw|0 fnt\n|faint|p2a: Drednaw\n|\n|-heal|p1a: Milotic|139/293|[from] item: Leftovers\n|upkeep\n|\n|t:|1783556507\n|switch|p2a: Rotom|Rotom-Heat, L83|100/100\n|turn|16\n|inactive|Time left: 300 sec this turn | 300 sec total\n|\n|t:|1783556508\n|switch|p1a: Gastrodon|Gastrodon-East, L86, F|224/331\n|move|p2a: Rotom|Thunderbolt|p1a: Gastrodon\n|-immune|p1a: Gastrodon\n|\n|-heal|p1a: Gastrodon|244/331|[from] item: Leftovers\n|upkeep\n|turn|17\n|inactive|Time left: 300 sec this turn | 300 sec total\n|\n|t:|1783556509\n|switch|p2a: Gyarados|Gyarados, L79, M|100/100\n|-ability|p2a: Gyarados|Intimidate|boost\n|-unboost|p1a: Gastrodon|atk|1\n|move|p1a: Gastrodon|Surf|p2a: Gyarados\n|-resisted|p2a: Gyarados\n|-damage|p2a: Gyarados|84/100\n|\n|-heal|p1a: Gastrodon|264/331|[from] item: Leftovers\n|upkeep\n|turn|18\n|inactive|Time left: 300 sec this turn | 300 sec total\n|\n|t:|1783556510\n|move|p2a: Gyarados|Dragon Dance|p2a: Gyarados\n|-boost|p2a: Gyarados|atk|1\n|-boost|p2a: Gyarados|spe|1\n|move|p1a: Gastrodon|Sludge Bomb|p2a: Gyarados\n|-damage|p2a: Gyarados|63/100\n|\n|-heal|p1a: Gastrodon|284/331|[from] item: Leftovers\n|upkeep\n|turn|19\n|inactive|Time left: 300 sec this turn | 300 sec total\n|\n|t:|1783556511\n|move|p2a: Gyarados|Dragon Dance|p2a: Gyarados\n|-boost|p2a: Gyarados|atk|1\n|-boost|p2a: Gyarados|spe|1\n|move|p1a: Gastrodon|Sludge Bomb|p2a: Gyarados\n|-damage|p2a: Gyarados|40/100\n|\n|-heal|p1a: Gastrodon|304/331|[from] item: Leftovers\n|upkeep\n|turn|20\n|inactive|Time left: 300 sec this turn | 300 sec total\n|\n|t:|1783556512\n|move|p2a: Gyarados|Earthquake|p1a: Gastrodon\n|-damage|p1a: Gastrodon|127/331\n|move|p1a: Gastrodon|Sludge Bomb|p2a: Gyarados\n|-damage|p2a: Gyarados|17/100\n|\n|-heal|p1a: Gastrodon|147/331|[from] item: Leftovers\n|upkeep\n|turn|21\n|inactive|Time left: 300 sec this turn | 300 sec total\n|\n|t:|1783556513\n|move|p2a: Gyarados|Earthquake|p1a: Gastrodon\n|-damage|p1a: Gastrodon|0 fnt\n|faint|p1a: Gastrodon\n|\n|upkeep\n|inactive|Time left: 300 sec this turn | 300 sec total | 5 sec grace\n|\n|t:|1783556514\n|switch|p1a: Garganacl|Garganacl, L80, M|291/291\n|turn|22\n|inactive|Time left: 300 sec this turn | 300 sec total\n|\n|t:|1783556515\n|move|p2a: Gyarados|Waterfall|p1a: Garganacl\n|-supereffective|p1a: Garganacl\n|-damage|p1a: Garganacl|15/291\n|cant|p1a: Garganacl|flinch\n|\n|-heal|p1a: Garganacl|33/291|[from] item: Leftovers\n|upkeep\n|turn|23\n|inactive|Time left: 300 sec this turn | 300 sec total\n|\n|t:|1783556516\n|move|p2a: Gyarados|Waterfall|p1a: Garganacl\n|-supereffective|p1a: Garganacl\n|-damage|p1a: Garganacl|0 fnt\n|faint|p1a: Garganacl\n|\n|upkeep\n|inactive|Time left: 300 sec this turn | 300 sec total | 5 sec grace\n|\n|t:|1783556517\n|switch|p1a: Salazzle|Salazzle, L83, F|249/249\n|turn|24\n|inactive|Time left: 300 sec this turn | 300 sec total\n|\n|t:|1783556519\n|move|p1a: Salazzle|Protect|p1a: Salazzle\n|-singleturn|p1a: Salazzle|Protect\n|move|p2a: Gyarados|Earthquake|p1a: Salazzle\n|-activate|p1a: Salazzle|move: Protect\n|\n|upkeep\n|turn|25\n|inactive|Time left: 300 sec this turn | 300 sec total\n|\n|t:|1783556519\n|move|p1a: Salazzle|Protect||[still]\n|-fail|p1a: Salazzle\n|move|p2a: Gyarados|Earthquake|p1a: Salazzle\n|-supereffective|p1a: Salazzle\n|-damage|p1a: Salazzle|0 fnt\n|faint|p1a: Salazzle\n|\n|upkeep\n|inactive|Time left: 300 sec this turn | 300 sec total | 5 sec grace\n|\n|t:|1783556520\n|switch|p1a: Camerupt|Camerupt, L91, F|275/275\n|turn|26\n|inactive|Time left: 300 sec this turn | 300 sec total\n|\n|t:|1783556521\n|switch|p1a: Milotic|Milotic, L83, M|139/293\n|move|p2a: Gyarados|Waterfall|p1a: Milotic\n|-resisted|p1a: Milotic\n|-damage|p1a: Milotic|45/293\n|\n|-heal|p1a: Milotic|63/293|[from] item: Leftovers\n|upkeep\n|turn|27\n|inactive|Time left: 300 sec this turn | 300 sec total\n|\n|t:|1783556522\n|move|p2a: Gyarados|Waterfall|p1a: Milotic\n|-resisted|p1a: Milotic\n|-damage|p1a: Milotic|0 fnt\n|faint|p1a: Milotic\n|\n|upkeep\n|inactive|Time left: 300 sec this turn | 300 sec total | 5 sec grace\n|\n|t:|1783556523\n|switch|p1a: Camerupt|Camerupt, L91, F|275/275\n|turn|28\n|inactive|Time left: 300 sec this turn | 300 sec total\n|\n|t:|1783556524\n|-terastallize|p2a: Gyarados|Flying\n|move|p2a: Gyarados|Waterfall|p1a: Camerupt\n|-supereffective|p1a: Camerupt\n|-damage|p1a: Camerupt|0 fnt\n|faint|p1a: Camerupt\n|\n|win|p0y1495590f", "uploadtime": 1783556524, "views": 0, "rating": 0, "private": 0, "password": null, "_winner": "p0y1495590f", "_our_name": "p0x1495e6ed"}