{"id": "battle-gen9randombattle-1908", "formatid": "gen9randombattle", "format": "[Gen 9] Random Battle", "players": ["p0x1908ea43", "p0y19084ad9"], "log": "|init|battle\n|title|p0x1908ea43 vs. p0y19084ad9\n|j|\u2606p0x1908ea43\n|j|\u2606p0y19084ad9\n|t:|1783562080\n|gametype|singles\n|player|p1|p0x1908ea43|1|\n|player|p2|p0y19084ad9|1|\n|gen|9\n|tier|[Gen 9] Random Battle\n|rule|Species Clause: Limit one of each Pok\u00e9mon\n|rule|HP Percentage Mod: HP is shown in percentages\n|rule|Sleep Clause Mod: Limit one foe put to sleep\n|rule|Illusion Level Mod: Illusion disguises the Pok\u00e9mon's true level\n|\n|t:|1783562080\n|teamsize|p1|6\n|teamsize|p2|6\n|start\n|switch|p1a: Quaquaval|Quaquaval, L79, M|100/100\n|switch|p2a: Basculin|Basculin-Blue-Striped, L86, F|261/261\n|turn|1\n|inactive|Battle timer is ON: inactive players will automatically lose when time's up. (requested by p0y19084ad9)\n|inactive|p0x1908ea43 also wants the timer to be on.\n|\n|t:|1783562082\n|move|p2a: Basculin|Wave Crash|p1a: Quaquaval\n|-resisted|p1a: Quaquaval\n|-damage|p1a: Quaquaval|46/100\n|-damage|p2a: Basculin|213/261|[from] Recoil\n|move|p1a: Quaquaval|Aqua Step|p2a: Basculin\n|-resisted|p2a: Basculin\n|-damage|p2a: Basculin|163/261\n|-boost|p1a: Quaquaval|spe|1\n|\n|-heal|p1a: Quaquaval|52/100|[from] item: Leftovers\n|upkeep\n|turn|2\n|inactive|Time left: 300 sec this turn | 300 sec total\n|\n|t:|1783562083\n|move|p1a: Quaquaval|Close Combat|p2a: Basculin\n|-damage|p2a: Basculin|0 fnt\n|-unboost|p1a: Quaquaval|def|1\n|-unboost|p1a: Quaquaval|spd|1\n|faint|p2a: Basculin\n|-ability|p1a: Quaquaval|Moxie|boost\n|-boost|p1a: Quaquaval|atk|1\n|\n|-heal|p1a: Quaquaval|58/100|[from] item: Leftovers\n|upkeep\n|inactive|Time left: 300 sec this turn | 300 sec total | 5 sec grace\n|\n|t:|1783562084\n|switch|p2a: Wigglytuff|Wigglytuff, L96, M|424/424\n|turn|3\n|inactive|Time left: 300 sec this turn | 300 sec total\n|\n|t:|1783562085\n|move|p1a: Quaquaval|Aqua Step|p2a: Wigglytuff\n|-damage|p2a: Wigglytuff|243/424\n|-boost|p1a: Quaquaval|spe|1\n|move|p2a: Wigglytuff|Dazzling Gleam|p1a: Quaquaval\n|-supereffective|p1a: Quaquaval\n|-damage|p1a: Quaquaval|0 fnt\n|faint|p1a: Quaquaval\n|\n|-heal|p2a: Wigglytuff|269/424|[from] item: Leftovers\n|upkeep\n|\n|t:|1783562086\n|switch|p1a: Heatran|Heatran, L79, F|100/100\n|-item|p1a: Heatran|Air Balloon\n|turn|4\n|inactive|Time left: 300 sec this turn | 300 sec total\n|\n|t:|1783562087\n|switch|p2a: Dondozo|Dondozo, L78, F|362/362\n|move|p1a: Heatran|Heavy Slam|p2a: Dondozo\n|-resisted|p2a: Dondozo\n|-damage|p2a: Dondozo|346/362\n|\n|-heal|p2a: Dondozo|362/362|[from] item: Leftovers\n|upkeep\n|turn|5\n|inactive|Time left: 300 sec this turn | 300 sec total\n|\n|t:|1783562088\n|move|p1a: Heatran|Stealth Rock|p2a: Dondozo\n|-sidestart|p2: p0y19084ad9|move: Stealth Rock\n|move|p2a: Dondozo|Wave Crash|p1a: Heatran\n|-supereffective|p1a: Heatran\n|-damage|p1a: Heatran|29/100\n|-enditem|p1a: Heatran|Air Balloon\n|-damage|p2a: Dondozo|298/362|[from] Recoil\n|\n|-heal|p2a: Dondozo|320/362|[from] item: Leftovers\n|upkeep\n|turn|6\n|inactive|Time left: 300 sec this turn | 300 sec total\n|\n|t:|1783562089\n|move|p1a: Heatran|Lava Plume|p2a: Dondozo\n|-resisted|p2a: Dondozo\n|-damage|p2a: Dondozo|258/362\n|-status|p2a: Dondozo|brn\n|move|p2a: Dondozo|Wave Crash|p1a: Heatran\n|-supereffective|p1a: Heatran\n|-damage|p1a: Heatran|0 fnt\n|faint|p1a: Heatran\n|-damage|p2a: Dondozo|232/362 brn|[from] Recoil\n|\n|-heal|p2a: Dondozo|254/362 brn|[from] item: Leftovers\n|-damage|p2a: Dondozo|232/362 brn|[from] brn\n|upkeep\n|\n|t:|1783562090\n|switch|p1a: Lanturn|Lanturn, L89, M|100/100\n|turn|7\n|inactive|Time left: 300 sec this turn | 300 sec total\n|\n|t:|1783562091\n|move|p1a: Lanturn|Thunderbolt|p2a: Dondozo\n|-supereffective|p2a: Dondozo\n|-damage|p2a: Dondozo|8/362 brn\n|move|p2a: Dondozo|Rest|p2a: Dondozo\n|-status|p2a: Dondozo|slp|[from] move: Rest\n|-heal|p2a: Dondozo|362/362 slp|[silent]\n|\n|upkeep\n|turn|8\n|inactive|Time left: 300 sec this turn | 300 sec total\n|\n|t:|1783562092\n|switch|p2a: Chansey|Chansey, L85, F|564/564\n|-damage|p2a: Chansey|494/564|[from] Stealth Rock\n|move|p1a: Lanturn|Thunderbolt|p2a: Chansey\n|-damage|p2a: Chansey|442/564\n|\n|upkeep\n|turn|9\n|inactive|Time left: 300 sec this turn | 300 sec total\n|\n|t:|1783562093\n|switch|p1a: Gouging Fire|Gouging Fire, L74|100/100\n|move|p2a: Chansey|Seismic Toss|p1a: Gouging Fire\n|-damage|p1a: Gouging Fire|70/100\n|\n|upkeep\n|turn|10\n|inactive|Time left: 300 sec this turn | 300 sec total\n|\n|t:|1783562094\n|move|p1a: Gouging Fire|Dragon Dance|p1a: Gouging Fire\n|-boost|p1a: Gouging Fire|atk|1\n|-boost|p1a: Gouging Fire|spe|1\n|move|p2a: Chansey|Soft-Boiled|p2a: Chansey\n|-heal|p2a: Chansey|564/564\n|\n|upkeep\n|turn|11\n|inactive|Time left: 300 sec this turn | 300 sec total\n|\n|t:|1783562095\n|switch|p2a: Dondozo|Dondozo, L78, F|362/362 slp\n|-damage|p2a: Dondozo|317/362 slp|[from] Stealth Rock\n|move|p1a: Gouging Fire|Dragon Dance|p1a: Gouging Fire\n|-boost|p1a: Gouging Fire|atk|1\n|-boost|p1a: Gouging Fire|spe|1\n|\n|-heal|p2a: Dondozo|339/362 slp|[from] item: Leftovers\n|upkeep\n|turn|12\n|inactive|Time left: 300 sec this turn | 300 sec total\n|\n|t:|1783562096\n|move|p1a: Gouging Fire|Outrage|p2a: Dondozo\n|-damage|p2a: Dondozo|248/362 slp\n|cant|p2a: Dondozo|slp\n|move|p2a: Dondozo|Sleep Talk|p2a: Dondozo\n|move|p2a: Dondozo|Wave Crash|p1a: Gouging Fire|[from] move: Sleep Talk\n|-damage|p1a: Gouging Fire|32/100\n|-damage|p2a: Dondozo|213/362 slp|[from] Recoil\n|\n|-heal|p2a: Dondozo|235/362 slp|[from] item: Leftovers\n|upkeep\n|turn|13\n|inactive|Time left: 300 sec this turn | 300 sec total\n|\n|t:|1783562097\n|move|p1a: Gouging Fire|Outrage|p2a: Dondozo|[from] lockedmove\n|-damage|p2a: Dondozo|144/362 slp\n|cant|p2a: Dondozo|slp\n|move|p2a: Dondozo|Sleep Talk|p2a: Dondozo\n|move|p2a: Dondozo|Wave Crash|p1a: Gouging Fire|[from] move: Sleep Talk\n|-damage|p1a: Gouging Fire|0 fnt\n|faint|p1a: Gouging Fire\n|-end|p1a: Gouging Fire|Protosynthesis|[silent]\n|-damage|p2a: Dondozo|116/362 slp|[from] Recoil\n|\n|-heal|p2a: Dondozo|138/362 slp|[from] item: Leftovers\n|upkeep\n|\n|t:|1783562098\n|switch|p1a: Ambipom|Ambipom, L84, F|100/100\n|turn|14\n|inactive|Time left: 300 sec this turn | 300 sec total\n|\n|t:|1783562099\n|move|p1a: Ambipom|Double-Edge|p2a: Dondozo\n|-damage|p2a: Dondozo|0 fnt\n|faint|p2a: Dondozo\n|-damage|p1a: Ambipom|83/100|[from] Recoil\n|\n|upkeep\n|inactive|Time left: 300 sec this turn | 300 sec total | 5 sec grace\n|\n|t:|1783562100\n|switch|p2a: Honchkrow|Honchkrow, L86, F|312/312\n|turn|15\n|inactive|Time left: 300 sec this turn | 300 sec total\n|\n|t:|1783562101\n|move|p2a: Honchkrow|Sucker Punch|p1a: Ambipom\n|-damage|p1a: Ambipom|38/100\n|move|p1a: Ambipom|Double-Edge|p2a: Honchkrow\n|-damage|p2a: Honchkrow|35/312\n|-damage|p1a: Ambipom|4/100|[from] Recoil\n|\n|upkeep\n|turn|16\n|inactive|Time left: 300 sec this turn | 300 sec total\n|\n|t:|1783562102\n|switch|p1a: Lanturn|Lanturn, L89, M|100/100\n|move|p2a: Honchkrow|Sucker Punch||[still]\n|-fail|p2a: Honchkrow\n|\n|upkeep\n|turn|17\n|inactive|Time left: 300 sec this turn | 300 sec total\n|\n|t:|1783562103\n|move|p2a: Honchkrow|U-turn|p1a: Lanturn\n|-damage|p1a: Lanturn|78/100\n|inactive|Time left: 300 sec this turn | 300 sec total | 5 sec grace\n|\n|t:|1783562103\n|switch|p2a: Chansey|Chansey, L85, F|564/564|[from] U-turn\n|-damage|p2a: Chansey|494/564|[from] Stealth Rock\n|move|p1a: Lanturn|Thunderbolt|p2a: Chansey\n|-damage|p2a: Chansey|442/564\n|\n|-heal|p1a: Lanturn|84/100|[from] item: Leftovers\n|upkeep\n|turn|18\n|inactive|Time left: 300 sec this turn | 300 sec total\n|\n|t:|1783562105\n|move|p1a: Lanturn|Scald|p2a: Chansey\n|-damage|p2a: Chansey|397/564\n|move|p2a: Chansey|Seismic Toss|p1a: Lanturn\n|-damage|p1a: Lanturn|61/100\n|\n|-heal|p1a: Lanturn|67/100|[from] item: Leftovers\n|upkeep\n|turn|19\n|inactive|Time left: 300 sec this turn | 300 sec total\n|\n|t:|1783562106\n|move|p1a: Lanturn|Ice Beam|p2a: Chansey\n|-damage|p2a: Chansey|365/564\n|-status|p2a: Chansey|frz\n|-curestatus|p2a: Chansey|frz|[msg]\n|move|p2a: Chansey|Seismic Toss|p1a: Lanturn\n|-damage|p1a: Lanturn|44/100\n|\n|-heal|p1a: Lanturn|50/100|[from] item: Leftovers\n|upkeep\n|turn|20\n|inactive|Time left: 300 sec this turn | 300 sec total\n|\n|t:|1783562107\n|move|p1a: Lanturn|Scald|p2a: Chansey\n|-damage|p2a: Chansey|319/564\n|move|p2a: Chansey|Seismic Toss|p1a: Lanturn\n|-damage|p1a: Lanturn|26/100\n|\n|-heal|p1a: Lanturn|32/100|[from] item: Leftovers\n|upkeep\n|turn|21\n|inactive|Time left: 300 sec this turn | 300 sec total\n|\n|t:|1783562108\n|move|p1a: Lanturn|Thunder Wave|p2a: Chansey\n|-status|p2a: Chansey|par\n|move|p2a: Chansey|Soft-Boiled|p2a: Chansey\n|-heal|p2a: Chansey|564/564 par\n|\n|-heal|p1a: Lanturn|38/100|[from] item: Leftovers\n|upkeep\n|turn|22\n|inactive|Time left: 300 sec this turn | 300 sec total\n|\n|t:|1783562109\n|switch|p1a: Ambipom|Ambipom, L84, F|4/100\n|move|p2a: Chansey|Seismic Toss|p1a: Ambipom\n|-damage|p1a: Ambipom|0 fnt\n|faint|p1a: Ambipom\n|\n|upkeep\n|\n|t:|1783562110\n|switch|p1a: Lanturn|Lanturn, L89, M|38/100\n|turn|23\n|inactive|Time left: 300 sec this turn | 300 sec total\n|\n|t:|1783562111\n|move|p1a: Lanturn|Scald|p2a: Chansey\n|-crit|p2a: Chansey\n|-damage|p2a: Chansey|494/564 par\n|move|p2a: Chansey|Seismic Toss|p1a: Lanturn\n|-damage|p1a: Lanturn|15/100\n|\n|-heal|p1a: Lanturn|21/100|[from] item: Leftovers\n|upkeep\n|turn|24\n|inactive|Time left: 300 sec this turn | 300 sec total\n|\n|t:|1783562111\n|move|p1a: Lanturn|Ice Beam|p2a: Chansey\n|-damage|p2a: Chansey|461/564 par\n|move|p2a: Chansey|Seismic Toss|p1a: Lanturn\n|-damage|p1a: Lanturn|0 fnt\n|faint|p1a: Lanturn\n|\n|upkeep\n|\n|t:|1783562112\n|switch|p1a: Uxie|Uxie, L83|100/100\n|turn|25\n|inactive|Time left: 300 sec this turn | 300 sec total\n|\n|t:|1783562113\n|move|p1a: Uxie|Psychic Noise|p2a: Chansey\n|-damage|p2a: Chansey|421/564 par\n|-start|p2a: Chansey|move: Heal Block\n|move|p2a: Chansey|Thunder Wave|p1a: Uxie\n|-status|p1a: Uxie|par\n|\n|upkeep\n|turn|26\n|inactive|Time left: 300 sec this turn | 300 sec total\n|\n|t:|1783562114\n|cant|p1a: Uxie|par\n|move|p2a: Chansey|Seismic Toss|p1a: Uxie\n|-damage|p1a: Uxie|68/100 par\n|\n|-heal|p1a: Uxie|74/100 par|[from] item: Leftovers\n|-end|p2a: Chansey|move: Heal Block\n|upkeep\n|turn|27\n|inactive|Time left: 300 sec this turn | 300 sec total\n|\n|t:|1783562115\n|cant|p1a: Uxie|par\n|move|p2a: Chansey|Seismic Toss|p1a: Uxie\n|-damage|p1a: Uxie|41/100 par\n|\n|-heal|p1a: Uxie|47/100 par|[from] item: Leftovers\n|upkeep\n|turn|28\n|inactive|Time left: 300 sec this turn | 300 sec total\n|\n|t:|1783562116\n|move|p1a: Uxie|U-turn|p2a: Chansey\n|-damage|p2a: Chansey|324/564 par\n|move|p2a: Chansey|Seismic Toss|p1a: Uxie\n|-damage|p1a: Uxie|15/100 par\n|\n|-heal|p1a: Uxie|21/100 par|[from] item: Leftovers\n|upkeep\n|turn|29\n|inactive|Time left: 300 sec this turn | 300 sec total\n|\n|t:|1783562117\n|move|p1a: Uxie|Yawn||[still]\n|-fail|p1a: Uxie\n|move|p2a: Chansey|Seismic Toss|p1a: Uxie\n|-damage|p1a: Uxie|0 fnt\n|faint|p1a: Uxie\n|\n|win|p0y19084ad9", "uploadtime": 1783562117, "views": 0, "rating": 0, "private": 0, "password": null, "_winner": "p0y19084ad9", "_our_name": "p0y19084ad9"}