{"id": "battle-gen9randombattle-15", "formatid": "gen9randombattle", "format": "[Gen 9] Random Battle", "players": ["p0x015f0d3", "p0y015e5ef"], "log": "|init|battle\n|title|p0x015f0d3 vs. p0y015e5ef\n|j|\u2606p0x015f0d3\n|j|\u2606p0y015e5ef\n|t:|1783533440\n|gametype|singles\n|player|p1|p0x015f0d3|169|\n|player|p2|p0y015e5ef|101|\n|gen|9\n|tier|[Gen 9] Random Battle\n|rule|Species Clause: Limit one of each Pok\u00e9mon\n|rule|HP Percentage Mod: HP is shown in percentages\n|rule|Sleep Clause Mod: Limit one foe put to sleep\n|rule|Illusion Level Mod: Illusion disguises the Pok\u00e9mon's true level\n|\n|t:|1783533440\n|teamsize|p1|6\n|teamsize|p2|6\n|start\n|switch|p1a: Salazzle|Salazzle, L83, F|249/249\n|switch|p2a: Calyrex|Calyrex-Shadow, L64|100/100\n|-ability|p2a: Calyrex|As One\n|-ability|p2a: Calyrex|Unnerve\n|turn|1\n|inactive|Battle timer is ON: inactive players will automatically lose when time's up. (requested by p0x015f0d3)\n|inactive|p0y015e5ef also wants the timer to be on.\n|\n|t:|1783533441\n|move|p1a: Salazzle|Fire Blast|p2a: Calyrex|[miss]\n|-miss|p1a: Salazzle|p2a: Calyrex\n|move|p2a: Calyrex|Psyshock|p1a: Salazzle\n|-supereffective|p1a: Salazzle\n|-damage|p1a: Salazzle|0 fnt\n|faint|p1a: Salazzle\n|-ability|p2a: Calyrex|Grim Neigh|boost\n|-boost|p2a: Calyrex|spa|1\n|-damage|p2a: Calyrex|91/100|[from] item: Life Orb\n|\n|upkeep\n|inactive|Time left: 300 sec this turn | 300 sec total | 65 sec grace\n|\n|t:|1783533442\n|switch|p1a: Cyclizar|Cyclizar, L84, F|255/255\n|turn|2\n|inactive|Time left: 300 sec this turn | 300 sec total\n|\n|t:|1783533443\n|move|p1a: Cyclizar|Knock Off|p2a: Calyrex\n|-supereffective|p2a: Calyrex\n|-damage|p2a: Calyrex|0 fnt\n|-enditem|p2a: Calyrex|Life Orb|[from] move: Knock Off|[of] p1a: Cyclizar\n|faint|p2a: Calyrex\n|\n|upkeep\n|\n|t:|1783533444\n|switch|p2a: Magearna|Magearna-Original, L77|100/100\n|turn|3\n|inactive|Time left: 300 sec this turn | 300 sec total\n|\n|t:|1783533445\n|move|p1a: Cyclizar|Shed Tail|p1a: Cyclizar\n|-start|p1a: Cyclizar|Substitute|[from] move: Shed Tail\n|-damage|p1a: Cyclizar|127/255\n|inactive|Time left: 300 sec this turn | 300 sec total | 5 sec grace\n|\n|t:|1783533445\n|switch|p1a: Scizor|Scizor, L79, F|240/240|[from] Shed Tail\n|move|p2a: Magearna|Shift Gear|p2a: Magearna\n|-boost|p2a: Magearna|spe|2\n|-boost|p2a: Magearna|atk|1\n|\n|upkeep\n|turn|4\n|inactive|Time left: 300 sec this turn | 300 sec total\n|\n|t:|1783533447\n|move|p2a: Magearna|Calm Mind|p2a: Magearna\n|-boost|p2a: Magearna|spa|1\n|-boost|p2a: Magearna|spd|1\n|move|p1a: Scizor|Swords Dance|p1a: Scizor\n|-boost|p1a: Scizor|atk|2\n|\n|upkeep\n|turn|5\n|inactive|Time left: 300 sec this turn | 300 sec total\n|\n|t:|1783533448\n|move|p1a: Scizor|Bullet Punch|p2a: Magearna\n|-damage|p2a: Magearna|36/100\n|-damage|p1a: Scizor|216/240|[from] item: Life Orb\n|move|p2a: Magearna|Flash Cannon|p1a: Scizor\n|-resisted|p1a: Scizor\n|-end|p1a: Scizor|Substitute\n|\n|-heal|p2a: Magearna|42/100|[from] item: Leftovers\n|upkeep\n|turn|6\n|inactive|Time left: 300 sec this turn | 300 sec total\n|\n|t:|1783533449\n|switch|p2a: Heatran|Heatran, L79, F|100/100\n|-item|p2a: Heatran|Air Balloon\n|move|p1a: Scizor|Bullet Punch|p2a: Heatran\n|-resisted|p2a: Heatran\n|-crit|p2a: Heatran\n|-damage|p2a: Heatran|79/100\n|-enditem|p2a: Heatran|Air Balloon\n|-damage|p1a: Scizor|192/240|[from] item: Life Orb\n|\n|upkeep\n|turn|7\n|inactive|Time left: 300 sec this turn | 300 sec total\n|\n|t:|1783533450\n|move|p2a: Heatran|Lava Plume|p1a: Scizor\n|-supereffective|p1a: Scizor\n|-damage|p1a: Scizor|0 fnt\n|faint|p1a: Scizor\n|\n|upkeep\n|inactive|Time left: 300 sec this turn | 300 sec total | 5 sec grace\n|\n|t:|1783533451\n|switch|p1a: Cetitan|Cetitan, L82, M|412/412\n|turn|8\n|inactive|Time left: 300 sec this turn | 300 sec total\n|\n|t:|1783533452\n|switch|p2a: Weezing|Weezing, L88, M|100/100\n|move|p1a: Cetitan|Belly Drum|p1a: Cetitan\n|-damage|p1a: Cetitan|206/412\n|-setboost|p1a: Cetitan|atk|6|[from] move: Belly Drum\n|-enditem|p1a: Cetitan|Sitrus Berry|[eat]\n|-heal|p1a: Cetitan|309/412|[from] item: Sitrus Berry\n|\n|upkeep\n|turn|9\n|inactive|Time left: 300 sec this turn | 300 sec total\n|\n|t:|1783533453\n|-terastallize|p2a: Weezing|Steel\n|move|p1a: Cetitan|Ice Spinner|p2a: Weezing\n|-resisted|p2a: Weezing\n|-damage|p2a: Weezing|48/100\n|move|p2a: Weezing|Pain Split|p1a: Cetitan\n|-sethp|p1a: Cetitan|216/412|[from] move: Pain Split|[silent]\n|-sethp|p2a: Weezing|84/100|[from] move: Pain Split\n|\n|-heal|p2a: Weezing|90/100|[from] item: Leftovers\n|upkeep\n|turn|10\n|inactive|Time left: 300 sec this turn | 300 sec total\n|\n|t:|1783533454\n|move|p1a: Cetitan|Ice Spinner|p2a: Weezing\n|-resisted|p2a: Weezing\n|-damage|p2a: Weezing|39/100\n|move|p2a: Weezing|Sludge Bomb|p1a: Cetitan\n|-crit|p1a: Cetitan\n|-damage|p1a: Cetitan|3/412\n|\n|-heal|p2a: Weezing|45/100|[from] item: Leftovers\n|upkeep\n|turn|11\n|inactive|Time left: 300 sec this turn | 300 sec total\n|\n|t:|1783533455\n|switch|p2a: Heatran|Heatran, L79, F|79/100\n|move|p1a: Cetitan|Ice Spinner|p2a: Heatran\n|-resisted|p2a: Heatran\n|-damage|p2a: Heatran|50/100\n|\n|upkeep\n|turn|12\n|inactive|Time left: 300 sec this turn | 300 sec total\n|\n|t:|1783533456\n|move|p2a: Heatran|Heavy Slam|p1a: Cetitan\n|-supereffective|p1a: Cetitan\n|-damage|p1a: Cetitan|0 fnt\n|faint|p1a: Cetitan\n|\n|upkeep\n|inactive|Time left: 300 sec this turn | 300 sec total | 5 sec grace\n|\n|t:|1783533458\n|switch|p1a: Hariyama|Hariyama, L87, F|392/392\n|turn|13\n|inactive|Time left: 300 sec this turn | 300 sec total\n|\n|t:|1783533458\n|move|p2a: Heatran|Lava Plume|p1a: Hariyama\n|-damage|p1a: Hariyama|352/392\n|move|p1a: Hariyama|Close Combat|p2a: Heatran\n|-supereffective|p2a: Heatran\n|-damage|p2a: Heatran|0 fnt\n|-unboost|p1a: Hariyama|def|1\n|-unboost|p1a: Hariyama|spd|1\n|faint|p2a: Heatran\n|\n|upkeep\n|\n|t:|1783533460\n|switch|p2a: Kommo-o|Kommo-o, L77, M|100/100\n|turn|14\n|inactive|Time left: 300 sec this turn | 300 sec total\n|\n|t:|1783533461\n|move|p2a: Kommo-o|Clangorous Soul|p2a: Kommo-o\n|-boost|p2a: Kommo-o|atk|1\n|-boost|p2a: Kommo-o|def|1\n|-boost|p2a: Kommo-o|spa|1\n|-boost|p2a: Kommo-o|spd|1\n|-boost|p2a: Kommo-o|spe|1\n|-damage|p2a: Kommo-o|68/100\n|-enditem|p2a: Kommo-o|Throat Spray\n|-boost|p2a: Kommo-o|spa|1|[from] item: Throat Spray\n|move|p1a: Hariyama|Close Combat|p2a: Kommo-o\n|-damage|p2a: Kommo-o|29/100\n|-unboost|p1a: Hariyama|def|1\n|-unboost|p1a: Hariyama|spd|1\n|\n|upkeep\n|turn|15\n|inactive|Time left: 300 sec this turn | 300 sec total\n|\n|t:|1783533462\n|switch|p1a: Brambleghast|Brambleghast, L88, F|240/240\n|move|p2a: Kommo-o|Drain Punch|p1a: Brambleghast\n|-immune|p1a: Brambleghast\n|\n|upkeep\n|turn|16\n|inactive|Time left: 300 sec this turn | 300 sec total\n|\n|t:|1783533463\n|move|p2a: Kommo-o|Clanging Scales|p1a: Brambleghast\n|-damage|p1a: Brambleghast|18/240\n|-unboost|p2a: Kommo-o|def|1\n|move|p1a: Brambleghast|Rapid Spin|p2a: Kommo-o\n|-damage|p2a: Kommo-o|12/100\n|-boost|p1a: Brambleghast|spe|1\n|\n|upkeep\n|turn|17\n|inactive|Time left: 300 sec this turn | 300 sec total\n|\n|t:|1783533464\n|move|p1a: Brambleghast|Rapid Spin|p2a: Kommo-o\n|-damage|p2a: Kommo-o|0 fnt\n|-boost|p1a: Brambleghast|spe|1\n|faint|p2a: Kommo-o\n|\n|upkeep\n|\n|t:|1783533465\n|switch|p2a: Weezing|Weezing, L88, M, tera:Steel|45/100\n|turn|18\n|inactive|Time left: 300 sec this turn | 300 sec total\n|\n|t:|1783533466\n|move|p1a: Brambleghast|Poltergeist|p2a: Weezing\n|-activate|p2a: Weezing|move: Poltergeist|Leftovers\n|-damage|p2a: Weezing|5/100\n|move|p2a: Weezing|Sludge Bomb|p1a: Brambleghast\n|-damage|p1a: Brambleghast|0 fnt\n|faint|p1a: Brambleghast\n|\n|-heal|p2a: Weezing|11/100|[from] item: Leftovers\n|upkeep\n|inactive|Time left: 300 sec this turn | 300 sec total | 5 sec grace\n|\n|t:|1783533468\n|switch|p1a: Cyclizar|Cyclizar, L84, F|212/255\n|turn|19\n|inactive|Time left: 300 sec this turn | 300 sec total\n|\n|t:|1783533469\n|move|p1a: Cyclizar|Knock Off|p2a: Weezing\n|-damage|p2a: Weezing|0 fnt\n|-enditem|p2a: Weezing|Leftovers|[from] move: Knock Off|[of] p1a: Cyclizar\n|faint|p2a: Weezing\n|\n|upkeep\n|\n|t:|1783533470\n|switch|p2a: Victreebel|Victreebel, L90, M|100/100\n|turn|20\n|inactive|Time left: 300 sec this turn | 300 sec total\n|\n|t:|1783533471\n|move|p1a: Cyclizar|Shed Tail|p1a: Cyclizar\n|-start|p1a: Cyclizar|Substitute|[from] move: Shed Tail\n|-damage|p1a: Cyclizar|84/255\n|inactive|Time left: 300 sec this turn | 300 sec total | 5 sec grace\n|\n|t:|1783533472\n|switch|p1a: Hariyama|Hariyama, L87, F|352/392|[from] Shed Tail\n|move|p2a: Victreebel|Sludge Wave|p1a: Hariyama\n|-end|p1a: Hariyama|Substitute\n|-damage|p2a: Victreebel|90/100|[from] item: Life Orb\n|\n|upkeep\n|turn|21\n|inactive|Time left: 300 sec this turn | 300 sec total\n|\n|t:|1783533473\n|-terastallize|p1a: Hariyama|Steel\n|move|p2a: Victreebel|Sleep Powder|p1a: Hariyama\n|-status|p1a: Hariyama|slp|[from] move: Sleep Powder\n|cant|p1a: Hariyama|slp\n|\n|upkeep\n|turn|22\n|inactive|Time left: 300 sec this turn | 300 sec total\n|\n|t:|1783533474\n|move|p2a: Victreebel|Knock Off|p1a: Hariyama\n|-crit|p1a: Hariyama\n|-damage|p1a: Hariyama|128/392 slp\n|-enditem|p1a: Hariyama|Assault Vest|[from] move: Knock Off|[of] p2a: Victreebel\n|-damage|p2a: Victreebel|80/100|[from] item: Life Orb\n|-curestatus|p1a: Hariyama|slp|[msg]\n|move|p1a: Hariyama|Heavy Slam|p2a: Victreebel\n|-damage|p2a: Victreebel|11/100\n|\n|upkeep\n|turn|23\n|inactive|Time left: 300 sec this turn | 300 sec total\n|\n|t:|1783533475\n|switch|p1a: Cyclizar|Cyclizar, L84, F|169/255\n|move|p2a: Victreebel|Knock Off|p1a: Cyclizar\n|-damage|p1a: Cyclizar|36/255\n|-enditem|p1a: Cyclizar|Heavy-Duty Boots|[from] move: Knock Off|[of] p2a: Victreebel\n|-damage|p2a: Victreebel|1/100|[from] item: Life Orb\n|\n|upkeep\n|turn|24\n|inactive|Time left: 300 sec this turn | 300 sec total\n|\n|t:|1783533476\n|move|p1a: Cyclizar|Knock Off|p2a: Victreebel\n|-damage|p2a: Victreebel|0 fnt\n|-enditem|p2a: Victreebel|Life Orb|[from] move: Knock Off|[of] p1a: Cyclizar\n|faint|p2a: Victreebel\n|\n|upkeep\n|\n|t:|1783533477\n|switch|p2a: Magearna|Magearna-Original, L77|42/100\n|turn|25\n|inactive|Time left: 300 sec this turn | 300 sec total\n|\n|t:|1783533477\n|move|p1a: Cyclizar|Taunt|p2a: Magearna\n|-start|p2a: Magearna|move: Taunt\n|cant|p2a: Magearna|move: Taunt|Calm Mind\n|\n|-heal|p2a: Magearna|48/100|[from] item: Leftovers\n|upkeep\n|turn|26\n|inactive|Time left: 300 sec this turn | 300 sec total\n|\n|t:|1783533478\n|move|p1a: Cyclizar|Knock Off|p2a: Magearna\n|-resisted|p2a: Magearna\n|-damage|p2a: Magearna|37/100\n|-enditem|p2a: Magearna|Leftovers|[from] move: Knock Off|[of] p1a: Cyclizar\n|move|p2a: Magearna|Fleur Cannon|p1a: Cyclizar\n|-supereffective|p1a: Cyclizar\n|-damage|p1a: Cyclizar|0 fnt\n|-unboost|p2a: Magearna|spa|2\n|faint|p1a: Cyclizar\n|-ability|p2a: Magearna|Soul-Heart|boost\n|-boost|p2a: Magearna|spa|1\n|\n|upkeep\n|inactive|Time left: 300 sec this turn | 300 sec total | 5 sec grace\n|\n|t:|1783533479\n|switch|p1a: Hariyama|Hariyama, L87, F, tera:Steel|128/392\n|turn|27\n|inactive|Time left: 300 sec this turn | 300 sec total\n|\n|t:|1783533480\n|move|p2a: Magearna|Fleur Cannon|p1a: Hariyama\n|-resisted|p1a: Hariyama\n|-damage|p1a: Hariyama|71/392\n|-unboost|p2a: Magearna|spa|2\n|move|p1a: Hariyama|Close Combat|p2a: Magearna\n|-damage|p2a: Magearna|0 fnt\n|-unboost|p1a: Hariyama|def|1\n|-unboost|p1a: Hariyama|spd|1\n|faint|p2a: Magearna\n|\n|win|p0x015f0d3", "uploadtime": 1783533480, "views": 0, "rating": 0, "private": 0, "password": null, "_winner": "p0x015f0d3", "_our_name": "p0x015f0d3"}