{"id": "battle-gen9randombattle-2764", "formatid": "gen9randombattle", "format": "[Gen 9] Random Battle", "players": ["p0x2764c1db", "p0y276438d0"], "log": "|init|battle\n|title|p0x2764c1db vs. p0y276438d0\n|j|\u2606p0x2764c1db\n|j|\u2606p0y276438d0\n|t:|1783571848\n|gametype|singles\n|player|p1|p0x2764c1db|170|\n|player|p2|p0y276438d0|170|\n|gen|9\n|tier|[Gen 9] Random Battle\n|rule|Species Clause: Limit one of each Pok\u00e9mon\n|rule|HP Percentage Mod: HP is shown in percentages\n|rule|Sleep Clause Mod: Limit one foe put to sleep\n|rule|Illusion Level Mod: Illusion disguises the Pok\u00e9mon's true level\n|\n|t:|1783571848\n|teamsize|p1|6\n|teamsize|p2|6\n|start\n|switch|p1a: Charizard|Charizard, L85, F|271/271\n|switch|p2a: Walking Wake|Walking Wake, L79|100/100\n|turn|1\n|inactive|Battle timer is ON: inactive players will automatically lose when time's up. (requested by p0y276438d0)\n|inactive|Time left: 300 sec this turn | 300 sec total | 60 sec grace\n|\n|t:|1783571850\n|switch|p1a: Hariyama|Hariyama, L87, F|392/392\n|move|p2a: Walking Wake|Hydro Steam|p1a: Hariyama\n|-damage|p1a: Hariyama|232/392\n|-damage|p2a: Walking Wake|91/100|[from] item: Life Orb\n|\n|-status|p1a: Hariyama|brn|[from] item: Flame Orb\n|upkeep\n|turn|2\n|inactive|Time left: 300 sec this turn | 300 sec total\n|inactive|p0x2764c1db also wants the timer to be on.\n|\n|t:|1783571851\n|move|p1a: Hariyama|Fake Out|p2a: Walking Wake\n|-damage|p2a: Walking Wake|71/100\n|cant|p2a: Walking Wake|flinch\n|\n|-damage|p1a: Hariyama|208/392 brn|[from] brn\n|upkeep\n|turn|3\n|inactive|Time left: 300 sec this turn | 300 sec total\n|\n|t:|1783571852\n|switch|p1a: Decidueye|Decidueye-Hisui, L87, M|295/295\n|move|p2a: Walking Wake|Draco Meteor|p1a: Decidueye\n|-damage|p1a: Decidueye|116/295\n|-unboost|p2a: Walking Wake|spa|2\n|-damage|p2a: Walking Wake|61/100|[from] item: Life Orb\n|\n|-heal|p1a: Decidueye|134/295|[from] item: Leftovers\n|upkeep\n|turn|4\n|inactive|Time left: 300 sec this turn | 300 sec total\n|\n|t:|1783571854\n|-end|p2a: Walking Wake|Protosynthesis|[silent]\n|switch|p2a: Iron Valiant|Iron Valiant, L78|100/100\n|move|p1a: Decidueye|Knock Off|p2a: Iron Valiant\n|-resisted|p2a: Iron Valiant\n|-damage|p2a: Iron Valiant|91/100\n|-enditem|p2a: Iron Valiant|Life Orb|[from] move: Knock Off|[of] p1a: Decidueye\n|\n|-heal|p1a: Decidueye|152/295|[from] item: Leftovers\n|upkeep\n|turn|5\n|inactive|Time left: 300 sec this turn | 300 sec total\n|\n|t:|1783571855\n|switch|p1a: Charizard|Charizard, L85, F|271/271\n|move|p2a: Iron Valiant|Spirit Break|p1a: Charizard\n|-resisted|p1a: Charizard\n|-damage|p1a: Charizard|222/271\n|-unboost|p1a: Charizard|spa|1\n|\n|upkeep\n|turn|6\n|inactive|Time left: 300 sec this turn | 300 sec total\n|\n|t:|1783571856\n|move|p2a: Iron Valiant|Swords Dance|p2a: Iron Valiant\n|-boost|p2a: Iron Valiant|atk|2\n|move|p1a: Charizard|Hurricane|p2a: Iron Valiant|[miss]\n|-miss|p1a: Charizard|p2a: Iron Valiant\n|\n|upkeep\n|turn|7\n|inactive|Time left: 300 sec this turn | 300 sec total\n|\n|t:|1783571857\n|-terastallize|p2a: Iron Valiant|Dark\n|move|p2a: Iron Valiant|Knock Off|p1a: Charizard\n|-damage|p1a: Charizard|0 fnt\n|-enditem|p1a: Charizard|Heavy-Duty Boots|[from] move: Knock Off|[of] p2a: Iron Valiant\n|faint|p1a: Charizard\n|\n|upkeep\n|inactive|Time left: 300 sec this turn | 300 sec total | 5 sec grace\n|\n|t:|1783571857\n|switch|p1a: Sandaconda|Sandaconda, L84, F|258/258\n|turn|8\n|inactive|Time left: 300 sec this turn | 300 sec total\n|\n|t:|1783571858\n|move|p2a: Iron Valiant|Knock Off|p1a: Sandaconda\n|-damage|p1a: Sandaconda|92/258\n|-enditem|p1a: Sandaconda|Leftovers|[from] move: Knock Off|[of] p2a: Iron Valiant\n|move|p1a: Sandaconda|Glare|p2a: Iron Valiant\n|-status|p2a: Iron Valiant|par\n|\n|upkeep\n|turn|9\n|inactive|Time left: 300 sec this turn | 300 sec total\n|\n|t:|1783571859\n|move|p1a: Sandaconda|Earthquake|p2a: Iron Valiant\n|-damage|p2a: Iron Valiant|41/100 par\n|move|p2a: Iron Valiant|Spirit Break|p1a: Sandaconda\n|-damage|p1a: Sandaconda|0 fnt\n|faint|p1a: Sandaconda\n|\n|upkeep\n|inactive|Time left: 300 sec this turn | 300 sec total | 5 sec grace\n|\n|t:|1783571860\n|switch|p1a: Decidueye|Decidueye-Hisui, L87, M|152/295\n|turn|10\n|inactive|Time left: 300 sec this turn | 300 sec total\n|\n|t:|1783571861\n|move|p1a: Decidueye|Triple Arrows|p2a: Iron Valiant\n|-supereffective|p2a: Iron Valiant\n|-damage|p2a: Iron Valiant|0 fnt\n|faint|p2a: Iron Valiant\n|-end|p2a: Iron Valiant|Quark Drive|[silent]\n|\n|-heal|p1a: Decidueye|170/295|[from] item: Leftovers\n|upkeep\n|\n|t:|1783571862\n|switch|p2a: Glaceon|Glaceon, L94, M|100/100\n|turn|11\n|inactive|Time left: 300 sec this turn | 300 sec total\n|\n|t:|1783571863\n|-terastallize|p1a: Decidueye|Steel\n|move|p2a: Glaceon|Freeze-Dry|p1a: Decidueye\n|-resisted|p1a: Decidueye\n|-damage|p1a: Decidueye|114/295\n|move|p1a: Decidueye|Triple Arrows|p2a: Glaceon\n|-supereffective|p2a: Glaceon\n|-damage|p2a: Glaceon|39/100\n|-unboost|p2a: Glaceon|def|1\n|\n|-heal|p1a: Decidueye|132/295|[from] item: Leftovers\n|upkeep\n|turn|12\n|inactive|Time left: 300 sec this turn | 300 sec total\n|\n|t:|1783571864\n|move|p2a: Glaceon|Freeze-Dry|p1a: Decidueye\n|-resisted|p1a: Decidueye\n|-damage|p1a: Decidueye|84/295\n|move|p1a: Decidueye|Roost|p1a: Decidueye\n|-heal|p1a: Decidueye|232/295\n|\n|-heal|p1a: Decidueye|250/295|[from] item: Leftovers\n|upkeep\n|turn|13\n|inactive|Time left: 300 sec this turn | 300 sec total\n|\n|t:|1783571865\n|move|p2a: Glaceon|Freeze-Dry|p1a: Decidueye\n|-resisted|p1a: Decidueye\n|-damage|p1a: Decidueye|198/295\n|move|p1a: Decidueye|Triple Arrows|p2a: Glaceon\n|-supereffective|p2a: Glaceon\n|-damage|p2a: Glaceon|0 fnt\n|faint|p2a: Glaceon\n|\n|-heal|p1a: Decidueye|216/295|[from] item: Leftovers\n|upkeep\n|\n|t:|1783571866\n|switch|p2a: Iron Thorns|Iron Thorns, L83|100/100\n|-enditem|p2a: Iron Thorns|Booster Energy\n|-activate|p2a: Iron Thorns|ability: Quark Drive|[fromitem]\n|-start|p2a: Iron Thorns|quarkdriveatk\n|turn|14\n|inactive|Time left: 300 sec this turn | 300 sec total\n|\n|t:|1783571867\n|switch|p1a: Brute Bonnet|Brute Bonnet, L80|309/309\n|move|p2a: Iron Thorns|Earthquake|p1a: Brute Bonnet\n|-resisted|p1a: Brute Bonnet\n|-damage|p1a: Brute Bonnet|257/309\n|\n|-heal|p1a: Brute Bonnet|276/309|[from] item: Leftovers\n|upkeep\n|turn|15\n|inactive|Time left: 300 sec this turn | 300 sec total\n|\n|t:|1783571868\n|move|p2a: Iron Thorns|Stone Edge|p1a: Brute Bonnet\n|-crit|p1a: Brute Bonnet\n|-damage|p1a: Brute Bonnet|11/309\n|move|p1a: Brute Bonnet|Spore|p2a: Iron Thorns\n|-status|p2a: Iron Thorns|slp|[from] move: Spore\n|\n|-heal|p1a: Brute Bonnet|30/309|[from] item: Leftovers\n|upkeep\n|turn|16\n|inactive|Time left: 300 sec this turn | 300 sec total\n|\n|t:|1783571869\n|-end|p2a: Iron Thorns|Quark Drive|[silent]\n|switch|p2a: Ogerpon|Ogerpon-Cornerstone, L76, F|100/100\n|move|p1a: Brute Bonnet|Seed Bomb|p2a: Ogerpon\n|-damage|p2a: Ogerpon|59/100\n|\n|-heal|p1a: Brute Bonnet|49/309|[from] item: Leftovers\n|upkeep\n|turn|17\n|inactive|Time left: 300 sec this turn | 300 sec total\n|\n|t:|1783571870\n|-end|p1a: Brute Bonnet|Protosynthesis|[silent]\n|switch|p1a: Decidueye|Decidueye-Hisui, L87, M, tera:Steel|216/295\n|move|p2a: Ogerpon|Ivy Cudgel|p1a: Decidueye|[anim] Ivy Cudgel Rock\n|-resisted|p1a: Decidueye\n|-crit|p1a: Decidueye\n|-damage|p1a: Decidueye|122/295\n|\n|-heal|p1a: Decidueye|140/295|[from] item: Leftovers\n|upkeep\n|turn|18\n|inactive|Time left: 300 sec this turn | 300 sec total\n|\n|t:|1783571871\n|move|p2a: Ogerpon|Superpower|p1a: Decidueye\n|-supereffective|p1a: Decidueye\n|-damage|p1a: Decidueye|0 fnt\n|-unboost|p2a: Ogerpon|atk|1\n|-unboost|p2a: Ogerpon|def|1\n|faint|p1a: Decidueye\n|\n|upkeep\n|inactive|Time left: 300 sec this turn | 300 sec total | 5 sec grace\n|\n|t:|1783571872\n|switch|p1a: Hariyama|Hariyama, L87, F|208/392 brn\n|turn|19\n|inactive|Time left: 300 sec this turn | 300 sec total\n|\n|t:|1783571873\n|move|p2a: Ogerpon|Superpower|p1a: Hariyama\n|-damage|p1a: Hariyama|120/392 brn\n|-unboost|p2a: Ogerpon|atk|1\n|-unboost|p2a: Ogerpon|def|1\n|move|p1a: Hariyama|Facade|p2a: Ogerpon\n|-resisted|p2a: Ogerpon\n|-damage|p2a: Ogerpon|0 fnt\n|faint|p2a: Ogerpon\n|\n|-damage|p1a: Hariyama|96/392 brn|[from] brn\n|upkeep\n|\n|t:|1783571874\n|switch|p2a: Barraskewda|Barraskewda, L81, M|100/100\n|turn|20\n|inactive|Time left: 300 sec this turn | 300 sec total\n|\n|t:|1783571875\n|switch|p1a: Brute Bonnet|Brute Bonnet, L80|49/309\n|move|p2a: Barraskewda|Waterfall|p1a: Brute Bonnet\n|-resisted|p1a: Brute Bonnet\n|-damage|p1a: Brute Bonnet|0 fnt\n|faint|p1a: Brute Bonnet\n|-end|p1a: Brute Bonnet|Protosynthesis|[silent]\n|\n|upkeep\n|inactive|Time left: 300 sec this turn | 300 sec total | 5 sec grace\n|\n|t:|1783571876\n|switch|p1a: Jolteon|Jolteon, L84, M|246/246\n|turn|21\n|inactive|Time left: 300 sec this turn | 300 sec total\n|\n|t:|1783571877\n|switch|p2a: Iron Thorns|Iron Thorns, L83|100/100 slp\n|move|p1a: Jolteon|Thunderbolt|p2a: Iron Thorns\n|-resisted|p2a: Iron Thorns\n|-damage|p2a: Iron Thorns|82/100 slp\n|\n|upkeep\n|turn|22\n|inactive|Time left: 300 sec this turn | 300 sec total\n|\n|t:|1783571878\n|move|p1a: Jolteon|Calm Mind|p1a: Jolteon\n|-boost|p1a: Jolteon|spa|1\n|-boost|p1a: Jolteon|spd|1\n|cant|p2a: Iron Thorns|slp\n|\n|upkeep\n|turn|23\n|inactive|Time left: 300 sec this turn | 300 sec total\n|\n|t:|1783571879\n|move|p1a: Jolteon|Substitute|p1a: Jolteon\n|-start|p1a: Jolteon|Substitute\n|-damage|p1a: Jolteon|185/246\n|cant|p2a: Iron Thorns|slp\n|\n|-heal|p1a: Jolteon|200/246|[from] item: Leftovers\n|upkeep\n|turn|24\n|inactive|Time left: 300 sec this turn | 300 sec total\n|\n|t:|1783571880\n|move|p1a: Jolteon|Calm Mind|p1a: Jolteon\n|-boost|p1a: Jolteon|spa|1\n|-boost|p1a: Jolteon|spd|1\n|-curestatus|p2a: Iron Thorns|slp|[msg]\n|move|p2a: Iron Thorns|Earthquake|p1a: Jolteon\n|-supereffective|p1a: Jolteon\n|-end|p1a: Jolteon|Substitute\n|\n|-heal|p1a: Jolteon|215/246|[from] item: Leftovers\n|upkeep\n|turn|25\n|inactive|Time left: 300 sec this turn | 300 sec total\n|\n|t:|1783571881\n|move|p1a: Jolteon|Substitute|p1a: Jolteon\n|-start|p1a: Jolteon|Substitute\n|-damage|p1a: Jolteon|154/246\n|move|p2a: Iron Thorns|Earthquake|p1a: Jolteon\n|-supereffective|p1a: Jolteon\n|-end|p1a: Jolteon|Substitute\n|\n|-heal|p1a: Jolteon|169/246|[from] item: Leftovers\n|upkeep\n|turn|26\n|inactive|Time left: 300 sec this turn | 300 sec total\n|\n|t:|1783571882\n|move|p1a: Jolteon|Substitute|p1a: Jolteon\n|-start|p1a: Jolteon|Substitute\n|-damage|p1a: Jolteon|108/246\n|move|p2a: Iron Thorns|Earthquake|p1a: Jolteon\n|-supereffective|p1a: Jolteon\n|-end|p1a: Jolteon|Substitute\n|\n|-heal|p1a: Jolteon|123/246|[from] item: Leftovers\n|upkeep\n|turn|27\n|inactive|Time left: 300 sec this turn | 300 sec total\n|\n|t:|1783571883\n|move|p1a: Jolteon|Substitute|p1a: Jolteon\n|-start|p1a: Jolteon|Substitute\n|-damage|p1a: Jolteon|62/246\n|move|p2a: Iron Thorns|Earthquake|p1a: Jolteon\n|-supereffective|p1a: Jolteon\n|-end|p1a: Jolteon|Substitute\n|\n|-heal|p1a: Jolteon|77/246|[from] item: Leftovers\n|upkeep\n|turn|28\n|inactive|Time left: 300 sec this turn | 300 sec total\n|\n|t:|1783571884\n|move|p1a: Jolteon|Substitute|p1a: Jolteon\n|-start|p1a: Jolteon|Substitute\n|-damage|p1a: Jolteon|16/246\n|move|p2a: Iron Thorns|Earthquake|p1a: Jolteon\n|-supereffective|p1a: Jolteon\n|-end|p1a: Jolteon|Substitute\n|\n|-heal|p1a: Jolteon|31/246|[from] item: Leftovers\n|upkeep\n|turn|29\n|inactive|Time left: 300 sec this turn | 300 sec total\n|\n|t:|1783571885\n|move|p1a: Jolteon|Thunderbolt|p2a: Iron Thorns\n|-resisted|p2a: Iron Thorns\n|-damage|p2a: Iron Thorns|46/100\n|move|p2a: Iron Thorns|Earthquake|p1a: Jolteon\n|-supereffective|p1a: Jolteon\n|-damage|p1a: Jolteon|0 fnt\n|faint|p1a: Jolteon\n|\n|upkeep\n|inactive|Time left: 300 sec this turn | 300 sec total | 5 sec grace\n|\n|t:|1783571887\n|switch|p1a: Hariyama|Hariyama, L87, F|96/392 brn\n|turn|30\n|inactive|Time left: 300 sec this turn | 300 sec total\n|\n|t:|1783571888\n|move|p1a: Hariyama|Fake Out|p2a: Iron Thorns\n|-resisted|p2a: Iron Thorns\n|-damage|p2a: Iron Thorns|39/100\n|cant|p2a: Iron Thorns|flinch\n|\n|-damage|p1a: Hariyama|72/392 brn|[from] brn\n|upkeep\n|turn|31\n|inactive|Time left: 300 sec this turn | 300 sec total\n|\n|t:|1783571889\n|move|p2a: Iron Thorns|Wild Charge|p1a: Hariyama\n|-crit|p1a: Hariyama\n|-damage|p1a: Hariyama|0 fnt\n|faint|p1a: Hariyama\n|-damage|p2a: Iron Thorns|33/100|[from] Recoil\n|\n|win|p0y276438d0", "uploadtime": 1783571889, "views": 0, "rating": 0, "private": 0, "password": null, "_winner": "p0y276438d0", "_our_name": "p0x2764c1db"}