{"id": "battle-gen9randombattle-161", "formatid": "gen9randombattle", "format": "[Gen 9] Random Battle", "players": ["p0x161fdf5", "p0y1616e5b"], "log": "|init|battle\n|title|p0x161fdf5 vs. p0y1616e5b\n|j|\u2606p0x161fdf5\n|j|\u2606p0y1616e5b\n|t:|1783541426\n|gametype|singles\n|player|p1|p0x161fdf5|265|\n|player|p2|p0y1616e5b|2|\n|gen|9\n|tier|[Gen 9] Random Battle\n|rule|Species Clause: Limit one of each Pok\u00e9mon\n|rule|HP Percentage Mod: HP is shown in percentages\n|rule|Sleep Clause Mod: Limit one foe put to sleep\n|rule|Illusion Level Mod: Illusion disguises the Pok\u00e9mon's true level\n|\n|t:|1783541426\n|teamsize|p1|6\n|teamsize|p2|6\n|start\n|switch|p1a: Golurk|Golurk, L87|100/100\n|switch|p2a: Meloetta|Meloetta, L82|298/298\n|turn|1\n|inactive|Battle timer is ON: inactive players will automatically lose when time's up. (requested by p0y1616e5b)\n|inactive|p0x161fdf5 also wants the timer to be on.\n|\n|t:|1783541428\n|move|p2a: Meloetta|Psyshock|p1a: Golurk\n|-damage|p1a: Golurk|51/100\n|move|p1a: Golurk|Dynamic Punch|p2a: Meloetta\n|-damage|p2a: Meloetta|158/298\n|-start|p2a: Meloetta|confusion\n|-damage|p1a: Golurk|41/100|[from] item: Life Orb\n|\n|upkeep\n|turn|2\n|inactive|Time left: 300 sec this turn | 300 sec total\n|\n|t:|1783541429\n|switch|p1a: Iron Treads|Iron Treads, L77|100/100\n|-activate|p2a: Meloetta|confusion\n|-damage|p2a: Meloetta|130/298|[from] confusion\n|\n|upkeep\n|turn|3\n|inactive|Time left: 300 sec this turn | 300 sec total\n|\n|t:|1783541430\n|move|p1a: Iron Treads|Earthquake|p2a: Meloetta\n|-damage|p2a: Meloetta|7/298\n|-end|p2a: Meloetta|confusion\n|move|p2a: Meloetta|Psyshock|p1a: Iron Treads\n|-resisted|p1a: Iron Treads\n|-damage|p1a: Iron Treads|77/100\n|\n|upkeep\n|turn|4\n|inactive|Time left: 300 sec this turn | 300 sec total\n|\n|t:|1783541431\n|switch|p2a: Oinkologne|Oinkologne-F, L92, F|361/361\n|move|p1a: Iron Treads|Earthquake|p2a: Oinkologne\n|-damage|p2a: Oinkologne|244/361\n|\n|-heal|p2a: Oinkologne|266/361|[from] item: Leftovers\n|upkeep\n|turn|5\n|inactive|Time left: 300 sec this turn | 300 sec total\n|\n|t:|1783541432\n|move|p1a: Iron Treads|Earthquake|p2a: Oinkologne\n|-damage|p2a: Oinkologne|158/361\n|move|p2a: Oinkologne|High Horsepower|p1a: Iron Treads\n|-supereffective|p1a: Iron Treads\n|-damage|p1a: Iron Treads|29/100\n|\n|-heal|p2a: Oinkologne|180/361|[from] item: Leftovers\n|upkeep\n|turn|6\n|inactive|Time left: 300 sec this turn | 300 sec total\n|\n|t:|1783541433\n|move|p1a: Iron Treads|Iron Head|p2a: Oinkologne\n|-damage|p2a: Oinkologne|89/361\n|cant|p2a: Oinkologne|flinch\n|\n|-heal|p2a: Oinkologne|111/361|[from] item: Leftovers\n|upkeep\n|turn|7\n|inactive|Time left: 300 sec this turn | 300 sec total\n|\n|t:|1783541434\n|move|p1a: Iron Treads|Earthquake|p2a: Oinkologne\n|-damage|p2a: Oinkologne|8/361\n|move|p2a: Oinkologne|High Horsepower|p1a: Iron Treads\n|-supereffective|p1a: Iron Treads\n|-damage|p1a: Iron Treads|0 fnt\n|faint|p1a: Iron Treads\n|-end|p1a: Iron Treads|Quark Drive|[silent]\n|\n|-heal|p2a: Oinkologne|30/361|[from] item: Leftovers\n|upkeep\n|\n|t:|1783541435\n|switch|p1a: Ariados|Ariados, L95, F|100/100\n|turn|8\n|inactive|Time left: 300 sec this turn | 300 sec total\n|\n|t:|1783541436\n|move|p2a: Oinkologne|Body Slam|p1a: Ariados\n|-damage|p1a: Ariados|63/100\n|move|p1a: Ariados|Sticky Web|p2a: Oinkologne\n|-sidestart|p2: p0y1616e5b|move: Sticky Web\n|\n|-heal|p2a: Oinkologne|52/361|[from] item: Leftovers\n|upkeep\n|turn|9\n|inactive|Time left: 300 sec this turn | 300 sec total\n|\n|t:|1783541437\n|move|p2a: Oinkologne|Body Slam|p1a: Ariados\n|-damage|p1a: Ariados|26/100\n|-status|p1a: Ariados|par\n|move|p1a: Ariados|Knock Off|p2a: Oinkologne\n|-damage|p2a: Oinkologne|0 fnt\n|-enditem|p2a: Oinkologne|Leftovers|[from] move: Knock Off|[of] p1a: Ariados\n|faint|p2a: Oinkologne\n|\n|upkeep\n|inactive|Time left: 300 sec this turn | 300 sec total | 5 sec grace\n|\n|t:|1783541438\n|switch|p2a: Arceus|Arceus-Ground, L70|284/284\n|-activate|p2a: Arceus|move: Sticky Web\n|-unboost|p2a: Arceus|spe|1\n|turn|10\n|inactive|Time left: 300 sec this turn | 300 sec total\n|\n|t:|1783541439\n|move|p2a: Arceus|Dragon Dance|p2a: Arceus\n|-boost|p2a: Arceus|atk|1\n|-boost|p2a: Arceus|spe|1\n|move|p1a: Ariados|Megahorn|p2a: Arceus|[miss]\n|-miss|p1a: Ariados|p2a: Arceus\n|\n|upkeep\n|turn|11\n|inactive|Time left: 300 sec this turn | 300 sec total\n|\n|t:|1783541440\n|move|p2a: Arceus|Earthquake|p1a: Ariados\n|-damage|p1a: Ariados|0 fnt\n|faint|p1a: Ariados\n|\n|upkeep\n|\n|t:|1783541441\n|switch|p1a: Barraskewda|Barraskewda, L81, F|100/100\n|turn|12\n|inactive|Time left: 300 sec this turn | 300 sec total\n|\n|t:|1783541442\n|-terastallize|p2a: Arceus|Steel\n|move|p1a: Barraskewda|Waterfall|p2a: Arceus\n|-damage|p2a: Arceus|157/284\n|move|p2a: Arceus|Earthquake|p1a: Barraskewda\n|-damage|p1a: Barraskewda|3/100\n|\n|upkeep\n|turn|13\n|inactive|Time left: 300 sec this turn | 300 sec total\n|\n|t:|1783541443\n|move|p1a: Barraskewda|Waterfall|p2a: Arceus\n|-damage|p2a: Arceus|33/284\n|move|p2a: Arceus|Earthquake|p1a: Barraskewda\n|-damage|p1a: Barraskewda|0 fnt\n|faint|p1a: Barraskewda\n|\n|upkeep\n|\n|t:|1783541444\n|switch|p1a: Slither Wing|Slither Wing, L81|100/100\n|turn|14\n|inactive|Time left: 300 sec this turn | 300 sec total\n|\n|t:|1783541445\n|move|p1a: Slither Wing|Flare Blitz|p2a: Arceus\n|-supereffective|p2a: Arceus\n|-damage|p2a: Arceus|0 fnt\n|faint|p2a: Arceus\n|-damage|p1a: Slither Wing|96/100|[from] Recoil\n|\n|upkeep\n|inactive|Time left: 300 sec this turn | 300 sec total | 5 sec grace\n|\n|t:|1783541446\n|switch|p2a: Haxorus|Haxorus, L77, F|244/244\n|-activate|p2a: Haxorus|move: Sticky Web\n|-unboost|p2a: Haxorus|spe|1\n|-ability|p2a: Haxorus|Mold Breaker\n|turn|15\n|inactive|Time left: 300 sec this turn | 300 sec total\n|\n|t:|1783541447\n|move|p1a: Slither Wing|Flare Blitz|p2a: Haxorus\n|-resisted|p2a: Haxorus\n|-damage|p2a: Haxorus|185/244\n|-damage|p1a: Slither Wing|89/100|[from] Recoil\n|move|p2a: Haxorus|Scale Shot|p1a: Slither Wing\n|-damage|p1a: Slither Wing|76/100\n|-damage|p1a: Slither Wing|64/100\n|-damage|p1a: Slither Wing|51/100\n|-damage|p1a: Slither Wing|39/100\n|-hitcount|p1a: Slither Wing|4\n|-unboost|p2a: Haxorus|def|1\n|-boost|p2a: Haxorus|spe|1\n|\n|upkeep\n|turn|16\n|inactive|Time left: 300 sec this turn | 300 sec total\n|\n|t:|1783541448\n|move|p1a: Slither Wing|Flare Blitz|p2a: Haxorus\n|-resisted|p2a: Haxorus\n|-damage|p2a: Haxorus|108/244\n|-damage|p1a: Slither Wing|30/100|[from] Recoil\n|move|p2a: Haxorus|Scale Shot|p1a: Slither Wing\n|-damage|p1a: Slither Wing|16/100\n|-damage|p1a: Slither Wing|3/100\n|-damage|p1a: Slither Wing|0 fnt\n|faint|p1a: Slither Wing\n|-end|p1a: Slither Wing|Protosynthesis|[silent]\n|-hitcount|p1: Slither Wing|3\n|-unboost|p2a: Haxorus|def|1\n|-boost|p2a: Haxorus|spe|1\n|\n|upkeep\n|\n|t:|1783541449\n|switch|p1a: Lapras|Lapras, L87, F|100/100\n|turn|17\n|inactive|Time left: 300 sec this turn | 300 sec total\n|\n|t:|1783541450\n|move|p2a: Haxorus|Close Combat|p1a: Lapras\n|-supereffective|p1a: Lapras\n|-damage|p1a: Lapras|49/100\n|-unboost|p2a: Haxorus|def|1\n|-unboost|p2a: Haxorus|spd|1\n|move|p1a: Lapras|Freeze-Dry|p2a: Haxorus\n|-supereffective|p2a: Haxorus\n|-damage|p2a: Haxorus|0 fnt\n|faint|p2a: Haxorus\n|\n|upkeep\n|inactive|Time left: 300 sec this turn | 300 sec total | 5 sec grace\n|\n|t:|1783541451\n|switch|p2a: Exeggutor|Exeggutor, L89, F|312/312\n|-activate|p2a: Exeggutor|move: Sticky Web\n|-unboost|p2a: Exeggutor|spe|1\n|turn|18\n|inactive|Time left: 300 sec this turn | 300 sec total\n|\n|t:|1783541452\n|switch|p2a: Magearna|Magearna, L77|250/250\n|-activate|p2a: Magearna|move: Sticky Web\n|-unboost|p2a: Magearna|spe|1\n|move|p1a: Lapras|Freeze-Dry|p2a: Magearna\n|-resisted|p2a: Magearna\n|-damage|p2a: Magearna|216/250\n|\n|-heal|p2a: Magearna|231/250|[from] item: Leftovers\n|upkeep\n|turn|19\n|inactive|Time left: 300 sec this turn | 300 sec total\n|\n|t:|1783541453\n|move|p1a: Lapras|Sparkling Aria|p2a: Magearna\n|-damage|p2a: Magearna|153/250\n|move|p2a: Magearna|Flash Cannon|p1a: Lapras\n|-damage|p1a: Lapras|28/100\n|\n|-heal|p2a: Magearna|168/250|[from] item: Leftovers\n|upkeep\n|turn|20\n|inactive|Time left: 300 sec this turn | 300 sec total\n|\n|t:|1783541454\n|move|p1a: Lapras|Freeze-Dry|p2a: Magearna\n|-resisted|p2a: Magearna\n|-damage|p2a: Magearna|135/250\n|move|p2a: Magearna|Aura Sphere|p1a: Lapras\n|-supereffective|p1a: Lapras\n|-damage|p1a: Lapras|0 fnt\n|faint|p1a: Lapras\n|-ability|p2a: Magearna|Soul-Heart|boost\n|-boost|p2a: Magearna|spa|1\n|\n|-heal|p2a: Magearna|150/250|[from] item: Leftovers\n|upkeep\n|\n|t:|1783541455\n|switch|p1a: Golurk|Golurk, L87|41/100\n|turn|21\n|inactive|Time left: 300 sec this turn | 300 sec total\n|\n|t:|1783541456\n|switch|p2a: Exeggutor|Exeggutor, L89, F|312/312\n|-activate|p2a: Exeggutor|move: Sticky Web\n|-unboost|p2a: Exeggutor|spe|1\n|-terastallize|p1a: Golurk|Ghost\n|move|p1a: Golurk|Earthquake|p2a: Exeggutor\n|-resisted|p2a: Exeggutor\n|-damage|p2a: Exeggutor|222/312\n|-damage|p1a: Golurk|31/100|[from] item: Life Orb\n|\n|upkeep\n|turn|22\n|inactive|Time left: 300 sec this turn | 300 sec total\n|\n|t:|1783541457\n|switch|p2a: Meloetta|Meloetta, L82|7/298\n|-activate|p2a: Meloetta|move: Sticky Web\n|-unboost|p2a: Meloetta|spe|1\n|move|p1a: Golurk|Poltergeist|p2a: Meloetta\n|-immune|p2a: Meloetta\n|\n|upkeep\n|turn|23\n|inactive|Time left: 300 sec this turn | 300 sec total\n|\n|t:|1783541457\n|switch|p2a: Magearna|Magearna, L77|150/250\n|-activate|p2a: Magearna|move: Sticky Web\n|-unboost|p2a: Magearna|spe|1\n|move|p1a: Golurk|Poltergeist|p2a: Magearna\n|-activate|p2a: Magearna|move: Poltergeist|Leftovers\n|-damage|p2a: Magearna|0 fnt\n|faint|p2a: Magearna\n|-damage|p1a: Golurk|21/100|[from] item: Life Orb\n|\n|upkeep\n|inactive|Time left: 300 sec this turn | 300 sec total | 5 sec grace\n|\n|t:|1783541458\n|switch|p2a: Meloetta|Meloetta, L82|7/298\n|-activate|p2a: Meloetta|move: Sticky Web\n|-unboost|p2a: Meloetta|spe|1\n|turn|24\n|inactive|Time left: 300 sec this turn | 300 sec total\n|\n|t:|1783541458\n|switch|p2a: Exeggutor|Exeggutor, L89, F|222/312\n|-activate|p2a: Exeggutor|move: Sticky Web\n|-unboost|p2a: Exeggutor|spe|1\n|move|p1a: Golurk|Dynamic Punch|p2a: Exeggutor\n|-resisted|p2a: Exeggutor\n|-damage|p2a: Exeggutor|164/312\n|-start|p2a: Exeggutor|confusion\n|-damage|p1a: Golurk|12/100|[from] item: Life Orb\n|\n|upkeep\n|turn|25\n|inactive|Time left: 300 sec this turn | 300 sec total\n|\n|t:|1783541459\n|switch|p2a: Meloetta|Meloetta, L82|7/298\n|-activate|p2a: Meloetta|move: Sticky Web\n|-unboost|p2a: Meloetta|spe|1\n|move|p1a: Golurk|Stealth Rock|p2a: Meloetta\n|-sidestart|p2: p0y1616e5b|move: Stealth Rock\n|\n|upkeep\n|turn|26\n|inactive|Time left: 300 sec this turn | 300 sec total\n|\n|t:|1783541460\n|switch|p2a: Exeggutor|Exeggutor, L89, F|164/312\n|-activate|p2a: Exeggutor|move: Sticky Web\n|-unboost|p2a: Exeggutor|spe|1\n|-damage|p2a: Exeggutor|125/312|[from] Stealth Rock\n|-enditem|p2a: Exeggutor|Sitrus Berry|[eat]\n|-heal|p2a: Exeggutor|203/312|[from] item: Sitrus Berry\n|move|p1a: Golurk|Stealth Rock||[still]\n|-fail|p1a: Golurk\n|\n|-item|p2a: Exeggutor|Sitrus Berry|[from] ability: Harvest\n|upkeep\n|turn|27\n|inactive|Time left: 300 sec this turn | 300 sec total\n|\n|t:|1783541460\n|move|p1a: Golurk|Poltergeist|p2a: Exeggutor\n|-activate|p2a: Exeggutor|move: Poltergeist|Sitrus Berry\n|-supereffective|p2a: Exeggutor\n|-damage|p2a: Exeggutor|0 fnt\n|faint|p2a: Exeggutor\n|-damage|p1a: Golurk|2/100|[from] item: Life Orb\n|\n|upkeep\n|inactive|Time left: 300 sec this turn | 300 sec total | 5 sec grace\n|\n|t:|1783541461\n|switch|p2a: Meloetta|Meloetta, L82|7/298\n|-activate|p2a: Meloetta|move: Sticky Web\n|-unboost|p2a: Meloetta|spe|1\n|-damage|p2a: Meloetta|0 fnt|[from] Stealth Rock\n|faint|p2a: Meloetta\n|\n|win|p0x161fdf5", "uploadtime": 1783541461, "views": 0, "rating": 0, "private": 0, "password": null, "_winner": "p0x161fdf5", "_our_name": "p0y1616e5b"}