{"id": "battle-gen9randombattle-2864", "formatid": "gen9randombattle", "format": "[Gen 9] Random Battle", "players": ["p0x28643bf0", "p0y2864587d"], "log": "|init|battle\n|title|p0x28643bf0 vs. p0y2864587d\n|j|\u2606p0x28643bf0\n|j|\u2606p0y2864587d\n|t:|1783572040\n|gametype|singles\n|player|p1|p0x28643bf0|101|\n|player|p2|p0y2864587d|1|\n|gen|9\n|tier|[Gen 9] Random Battle\n|rule|Species Clause: Limit one of each Pok\u00e9mon\n|rule|HP Percentage Mod: HP is shown in percentages\n|rule|Sleep Clause Mod: Limit one foe put to sleep\n|rule|Illusion Level Mod: Illusion disguises the Pok\u00e9mon's true level\n|\n|t:|1783572040\n|teamsize|p1|6\n|teamsize|p2|6\n|start\n|switch|p1a: Bastiodon|Bastiodon, L89, F|100/100\n|switch|p2a: Scream Tail|Scream Tail, L84|330/330\n|turn|1\n|inactive|Battle timer is ON: inactive players will automatically lose when time's up. (requested by p0y2864587d)\n|inactive|p0x28643bf0 also wants the timer to be on.\n|\n|t:|1783572041\n|move|p2a: Scream Tail|Dazzling Gleam|p1a: Bastiodon\n|-resisted|p1a: Bastiodon\n|-damage|p1a: Bastiodon|92/100\n|move|p1a: Bastiodon|Iron Defense|p1a: Bastiodon\n|-boost|p1a: Bastiodon|def|2\n|\n|upkeep\n|turn|2\n|inactive|Time left: 300 sec this turn | 300 sec total\n|\n|t:|1783572042\n|move|p2a: Scream Tail|Thunder Wave|p1a: Bastiodon\n|-status|p1a: Bastiodon|par\n|move|p1a: Bastiodon|Body Press|p2a: Scream Tail\n|-resisted|p2a: Scream Tail\n|-damage|p2a: Scream Tail|287/330\n|\n|-heal|p2a: Scream Tail|307/330|[from] item: Leftovers\n|upkeep\n|turn|3\n|inactive|Time left: 300 sec this turn | 300 sec total\n|\n|t:|1783572043\n|move|p2a: Scream Tail|Dazzling Gleam|p1a: Bastiodon\n|-resisted|p1a: Bastiodon\n|-damage|p1a: Bastiodon|84/100 par\n|move|p1a: Bastiodon|Body Press|p2a: Scream Tail\n|-resisted|p2a: Scream Tail\n|-damage|p2a: Scream Tail|265/330\n|\n|-heal|p2a: Scream Tail|285/330|[from] item: Leftovers\n|upkeep\n|turn|4\n|inactive|Time left: 300 sec this turn | 300 sec total\n|\n|t:|1783572044\n|move|p2a: Scream Tail|Wish|p2a: Scream Tail\n|move|p1a: Bastiodon|Rest|p1a: Bastiodon\n|-status|p1a: Bastiodon|slp|[from] move: Rest\n|-heal|p1a: Bastiodon|100/100 slp|[silent]\n|-enditem|p1a: Bastiodon|Chesto Berry|[eat]\n|-curestatus|p1a: Bastiodon|slp|[msg]\n|\n|-heal|p2a: Scream Tail|305/330|[from] item: Leftovers\n|upkeep\n|turn|5\n|inactive|Time left: 300 sec this turn | 300 sec total\n|\n|t:|1783572045\n|move|p2a: Scream Tail|Thunder Wave|p1a: Bastiodon|[miss]\n|-miss|p2a: Scream Tail|p1a: Bastiodon\n|move|p1a: Bastiodon|Body Press|p2a: Scream Tail\n|-resisted|p2a: Scream Tail\n|-damage|p2a: Scream Tail|264/330\n|\n|-heal|p2a: Scream Tail|330/330|[from] move: Wish|[wisher] Scream Tail\n|upkeep\n|turn|6\n|inactive|Time left: 300 sec this turn | 300 sec total\n|\n|t:|1783572046\n|move|p2a: Scream Tail|Thunder Wave|p1a: Bastiodon\n|-status|p1a: Bastiodon|par\n|cant|p1a: Bastiodon|par\n|\n|upkeep\n|turn|7\n|inactive|Time left: 300 sec this turn | 300 sec total\n|\n|t:|1783572047\n|move|p2a: Scream Tail|Dazzling Gleam|p1a: Bastiodon\n|-resisted|p1a: Bastiodon\n|-damage|p1a: Bastiodon|92/100 par\n|move|p1a: Bastiodon|Body Press|p2a: Scream Tail\n|-resisted|p2a: Scream Tail\n|-damage|p2a: Scream Tail|282/330\n|\n|-heal|p2a: Scream Tail|302/330|[from] item: Leftovers\n|upkeep\n|turn|8\n|inactive|Time left: 300 sec this turn | 300 sec total\n|\n|t:|1783572048\n|move|p2a: Scream Tail|Dazzling Gleam|p1a: Bastiodon\n|-resisted|p1a: Bastiodon\n|-crit|p1a: Bastiodon\n|-damage|p1a: Bastiodon|80/100 par\n|move|p1a: Bastiodon|Body Press|p2a: Scream Tail\n|-resisted|p2a: Scream Tail\n|-damage|p2a: Scream Tail|255/330\n|\n|-heal|p2a: Scream Tail|275/330|[from] item: Leftovers\n|upkeep\n|turn|9\n|inactive|Time left: 300 sec this turn | 300 sec total\n|\n|t:|1783572049\n|move|p2a: Scream Tail|Wish|p2a: Scream Tail\n|cant|p1a: Bastiodon|par\n|\n|-heal|p2a: Scream Tail|295/330|[from] item: Leftovers\n|upkeep\n|turn|10\n|inactive|Time left: 300 sec this turn | 300 sec total\n|\n|t:|1783572050\n|move|p2a: Scream Tail|Dazzling Gleam|p1a: Bastiodon\n|-resisted|p1a: Bastiodon\n|-damage|p1a: Bastiodon|72/100 par\n|move|p1a: Bastiodon|Rest|p1a: Bastiodon\n|-status|p1a: Bastiodon|slp|[from] move: Rest\n|-heal|p1a: Bastiodon|100/100 slp|[silent]\n|\n|-heal|p2a: Scream Tail|330/330|[from] move: Wish|[wisher] Scream Tail\n|upkeep\n|turn|11\n|inactive|Time left: 300 sec this turn | 300 sec total\n|\n|t:|1783572051\n|move|p2a: Scream Tail|Dazzling Gleam|p1a: Bastiodon\n|-resisted|p1a: Bastiodon\n|-crit|p1a: Bastiodon\n|-damage|p1a: Bastiodon|89/100 slp\n|cant|p1a: Bastiodon|slp\n|\n|upkeep\n|turn|12\n|inactive|Time left: 300 sec this turn | 300 sec total\n|\n|t:|1783572052\n|move|p2a: Scream Tail|Dazzling Gleam|p1a: Bastiodon\n|-resisted|p1a: Bastiodon\n|-crit|p1a: Bastiodon\n|-damage|p1a: Bastiodon|77/100 slp\n|cant|p1a: Bastiodon|slp\n|\n|upkeep\n|turn|13\n|inactive|Time left: 300 sec this turn | 300 sec total\n|\n|t:|1783572053\n|move|p2a: Scream Tail|Dazzling Gleam|p1a: Bastiodon\n|-resisted|p1a: Bastiodon\n|-damage|p1a: Bastiodon|68/100 slp\n|-curestatus|p1a: Bastiodon|slp|[msg]\n|move|p1a: Bastiodon|Body Press|p2a: Scream Tail\n|-resisted|p2a: Scream Tail\n|-damage|p2a: Scream Tail|289/330\n|\n|-heal|p2a: Scream Tail|309/330|[from] item: Leftovers\n|upkeep\n|turn|14\n|inactive|Time left: 300 sec this turn | 300 sec total\n|\n|t:|1783572054\n|move|p2a: Scream Tail|Dazzling Gleam|p1a: Bastiodon\n|-resisted|p1a: Bastiodon\n|-damage|p1a: Bastiodon|59/100\n|move|p1a: Bastiodon|Body Press|p2a: Scream Tail\n|-resisted|p2a: Scream Tail\n|-damage|p2a: Scream Tail|262/330\n|\n|-heal|p2a: Scream Tail|282/330|[from] item: Leftovers\n|upkeep\n|turn|15\n|inactive|Time left: 300 sec this turn | 300 sec total\n|\n|t:|1783572055\n|move|p2a: Scream Tail|Thunder Wave|p1a: Bastiodon\n|-status|p1a: Bastiodon|par\n|move|p1a: Bastiodon|Body Press|p2a: Scream Tail\n|-resisted|p2a: Scream Tail\n|-damage|p2a: Scream Tail|241/330\n|\n|-heal|p2a: Scream Tail|261/330|[from] item: Leftovers\n|upkeep\n|turn|16\n|inactive|Time left: 300 sec this turn | 300 sec total\n|\n|t:|1783572056\n|move|p2a: Scream Tail|Wish|p2a: Scream Tail\n|move|p1a: Bastiodon|Body Press|p2a: Scream Tail\n|-resisted|p2a: Scream Tail\n|-damage|p2a: Scream Tail|216/330\n|\n|-heal|p2a: Scream Tail|236/330|[from] item: Leftovers\n|upkeep\n|turn|17\n|inactive|Time left: 300 sec this turn | 300 sec total\n|\n|t:|1783572057\n|move|p2a: Scream Tail|Thunder Wave|p1a: Bastiodon\n|-fail|p1a: Bastiodon|par\n|move|p1a: Bastiodon|Rest|p1a: Bastiodon\n|-status|p1a: Bastiodon|slp|[from] move: Rest\n|-heal|p1a: Bastiodon|100/100 slp|[silent]\n|\n|-heal|p2a: Scream Tail|330/330|[from] move: Wish|[wisher] Scream Tail\n|upkeep\n|turn|18\n|inactive|Time left: 300 sec this turn | 300 sec total\n|\n|t:|1783572058\n|-end|p2a: Scream Tail|Protosynthesis|[silent]\n|switch|p2a: Oranguru|Oranguru, L92, F|315/315\n|cant|p1a: Bastiodon|slp\n|\n|upkeep\n|turn|19\n|inactive|Time left: 300 sec this turn | 300 sec total\n|\n|t:|1783572059\n|move|p2a: Oranguru|Focus Blast|p1a: Bastiodon\n|-supereffective|p1a: Bastiodon\n|-damage|p1a: Bastiodon|0 fnt\n|faint|p1a: Bastiodon\n|\n|upkeep\n|\n|t:|1783572060\n|switch|p1a: Mesprit|Mesprit, L85|100/100\n|turn|20\n|inactive|Time left: 300 sec this turn | 300 sec total\n|\n|t:|1783572061\n|move|p1a: Mesprit|Knock Off|p2a: Oranguru\n|-supereffective|p2a: Oranguru\n|-damage|p2a: Oranguru|173/315\n|-enditem|p2a: Oranguru|Choice Specs|[from] move: Knock Off|[of] p1a: Mesprit\n|move|p2a: Oranguru|Focus Blast|p1a: Mesprit|[miss]\n|-miss|p2a: Oranguru|p1a: Mesprit\n|\n|upkeep\n|turn|21\n|inactive|Time left: 300 sec this turn | 300 sec total\n|\n|t:|1783572062\n|move|p1a: Mesprit|Knock Off|p2a: Oranguru\n|-supereffective|p2a: Oranguru\n|-damage|p2a: Oranguru|79/315\n|move|p2a: Oranguru|Hyper Voice|p1a: Mesprit\n|-damage|p1a: Mesprit|64/100\n|\n|-heal|p1a: Mesprit|71/100|[from] item: Leftovers\n|upkeep\n|turn|22\n|inactive|Time left: 300 sec this turn | 300 sec total\n|\n|t:|1783572064\n|switch|p2a: Rhydon|Rhydon, L85, F|317/317\n|move|p1a: Mesprit|Knock Off|p2a: Rhydon\n|-damage|p2a: Rhydon|278/317\n|-enditem|p2a: Rhydon|Eviolite|[from] move: Knock Off|[of] p1a: Mesprit\n|\n|-heal|p1a: Mesprit|77/100|[from] item: Leftovers\n|upkeep\n|turn|23\n|inactive|Time left: 300 sec this turn | 300 sec total\n|\n|t:|1783572065\n|move|p1a: Mesprit|Psychic Noise|p2a: Rhydon\n|-damage|p2a: Rhydon|133/317\n|-start|p2a: Rhydon|move: Heal Block\n|move|p2a: Rhydon|Megahorn|p1a: Mesprit\n|-supereffective|p1a: Mesprit\n|-damage|p1a: Mesprit|11/100\n|\n|-heal|p1a: Mesprit|18/100|[from] item: Leftovers\n|upkeep\n|turn|24\n|inactive|Time left: 300 sec this turn | 300 sec total\n|\n|t:|1783572066\n|switch|p2a: Scream Tail|Scream Tail, L84|330/330\n|move|p1a: Mesprit|Psychic Noise|p2a: Scream Tail\n|-resisted|p2a: Scream Tail\n|-damage|p2a: Scream Tail|296/330\n|-start|p2a: Scream Tail|move: Heal Block\n|\n|-heal|p1a: Mesprit|24/100|[from] item: Leftovers\n|upkeep\n|turn|25\n|inactive|Time left: 300 sec this turn | 300 sec total\n|\n|t:|1783572068\n|move|p2a: Scream Tail|Thunder Wave|p1a: Mesprit\n|-status|p1a: Mesprit|par\n|move|p1a: Mesprit|Knock Off|p2a: Scream Tail\n|-damage|p2a: Scream Tail|225/330\n|-enditem|p2a: Scream Tail|Leftovers|[from] move: Knock Off|[of] p1a: Mesprit\n|\n|-heal|p1a: Mesprit|30/100 par|[from] item: Leftovers\n|-end|p2a: Scream Tail|move: Heal Block\n|upkeep\n|turn|26\n|inactive|Time left: 300 sec this turn | 300 sec total\n|\n|t:|1783572069\n|move|p2a: Scream Tail|Wish|p2a: Scream Tail\n|cant|p1a: Mesprit|par\n|\n|-heal|p1a: Mesprit|36/100 par|[from] item: Leftovers\n|upkeep\n|turn|27\n|inactive|Time left: 300 sec this turn | 300 sec total\n|\n|t:|1783572070\n|move|p2a: Scream Tail|Dazzling Gleam|p1a: Mesprit\n|-damage|p1a: Mesprit|16/100 par\n|cant|p1a: Mesprit|par\n|\n|-heal|p2a: Scream Tail|330/330|[from] move: Wish|[wisher] Scream Tail\n|-heal|p1a: Mesprit|22/100 par|[from] item: Leftovers\n|upkeep\n|turn|28\n|inactive|Time left: 300 sec this turn | 300 sec total\n|\n|t:|1783572071\n|move|p2a: Scream Tail|Dazzling Gleam|p1a: Mesprit\n|-damage|p1a: Mesprit|2/100 par\n|move|p1a: Mesprit|Knock Off|p2a: Scream Tail\n|-damage|p2a: Scream Tail|286/330\n|\n|-heal|p1a: Mesprit|8/100 par|[from] item: Leftovers\n|upkeep\n|turn|29\n|inactive|Time left: 300 sec this turn | 300 sec total\n|\n|t:|1783572073\n|switch|p1a: Floatzel|Floatzel, L86, M|100/100\n|move|p2a: Scream Tail|Dazzling Gleam|p1a: Floatzel\n|-damage|p1a: Floatzel|69/100\n|\n|upkeep\n|turn|30\n|inactive|Time left: 300 sec this turn | 300 sec total\n|\n|t:|1783572074\n|move|p1a: Floatzel|Wave Crash|p2a: Scream Tail\n|-damage|p2a: Scream Tail|81/330\n|-damage|p1a: Floatzel|45/100|[from] Recoil\n|move|p2a: Scream Tail|Wish|p2a: Scream Tail\n|\n|upkeep\n|turn|31\n|inactive|Time left: 300 sec this turn | 300 sec total\n|\n|t:|1783572075\n|move|p2a: Scream Tail|Protect|p2a: Scream Tail\n|-singleturn|p2a: Scream Tail|Protect\n|move|p1a: Floatzel|Wave Crash|p2a: Scream Tail\n|-activate|p2a: Scream Tail|move: Protect\n|\n|-heal|p2a: Scream Tail|246/330|[from] move: Wish|[wisher] Scream Tail\n|upkeep\n|turn|32\n|inactive|Time left: 300 sec this turn | 300 sec total\n|\n|t:|1783572076\n|move|p1a: Floatzel|Wave Crash|p2a: Scream Tail\n|-damage|p2a: Scream Tail|39/330\n|-damage|p1a: Floatzel|21/100|[from] Recoil\n|move|p2a: Scream Tail|Dazzling Gleam|p1a: Floatzel\n|-damage|p1a: Floatzel|0 fnt\n|faint|p1a: Floatzel\n|\n|upkeep\n|\n|t:|1783572077\n|switch|p1a: Veluza|Veluza, L85, F|100/100\n|turn|33\n|inactive|Time left: 300 sec this turn | 300 sec total\n|\n|t:|1783572078\n|move|p1a: Veluza|Psycho Cut|p2a: Scream Tail\n|-resisted|p2a: Scream Tail\n|-crit|p2a: Scream Tail\n|-damage|p2a: Scream Tail|0 fnt\n|faint|p2a: Scream Tail\n|-end|p2a: Scream Tail|Protosynthesis|[silent]\n|\n|upkeep\n|inactive|Time left: 300 sec this turn | 300 sec total | 5 sec grace\n|\n|t:|1783572078\n|switch|p2a: Weavile|Weavile, L79, F|240/240\n|turn|34\n|inactive|Time left: 300 sec this turn | 300 sec total\n|\n|t:|1783572079\n|switch|p1a: Mightyena|Mightyena, L96, F|100/100\n|-ability|p1a: Mightyena|Intimidate|boost\n|-unboost|p2a: Weavile|atk|1\n|move|p2a: Weavile|Swords Dance|p2a: Weavile\n|-boost|p2a: Weavile|atk|2\n|\n|upkeep\n|turn|35\n|inactive|Time left: 300 sec this turn | 300 sec total\n|\n|t:|1783572080\n|move|p2a: Weavile|Triple Axel|p1a: Mightyena\n|-damage|p1a: Mightyena|88/100\n|-damage|p1a: Mightyena|64/100\n|-damage|p1a: Mightyena|28/100\n|-hitcount|p1a: Mightyena|3\n|move|p1a: Mightyena|Super Fang|p2a: Weavile\n|-damage|p2a: Weavile|120/240\n|\n|upkeep\n|turn|36\n|inactive|Time left: 300 sec this turn | 300 sec total\n|\n|t:|1783572081\n|switch|p1a: Mesprit|Mesprit, L85|8/100 par\n|move|p2a: Weavile|Triple Axel|p1a: Mesprit\n|-damage|p1a: Mesprit|0 fnt\n|faint|p1a: Mesprit\n|-hitcount|p1: Mesprit|1\n|\n|upkeep\n|\n|t:|1783572082\n|switch|p1a: Veluza|Veluza, L85, F|100/100\n|turn|37\n|inactive|Time left: 300 sec this turn | 300 sec total\n|\n|t:|1783572083\n|switch|p2a: Jumpluff|Jumpluff, L87, M|271/271\n|move|p1a: Veluza|Aqua Cutter|p2a: Jumpluff\n|-resisted|p2a: Jumpluff\n|-damage|p2a: Jumpluff|205/271\n|\n|upkeep\n|turn|38\n|inactive|Time left: 300 sec this turn | 300 sec total\n|\n|t:|1783572084\n|move|p1a: Veluza|Aqua Cutter|p2a: Jumpluff\n|-resisted|p2a: Jumpluff\n|-damage|p2a: Jumpluff|139/271\n|move|p2a: Jumpluff|Strength Sap|p1a: Veluza\n|-unboost|p1a: Veluza|atk|1\n|-heal|p2a: Jumpluff|271/271\n|\n|upkeep\n|turn|39\n|inactive|Time left: 300 sec this turn | 300 sec total\n|\n|t:|1783572085\n|move|p1a: Veluza|Aqua Cutter|p2a: Jumpluff\n|-resisted|p2a: Jumpluff\n|-damage|p2a: Jumpluff|225/271\n|move|p2a: Jumpluff|Acrobatics|p1a: Veluza\n|-damage|p1a: Veluza|68/100\n|\n|upkeep\n|turn|40\n|inactive|Time left: 300 sec this turn | 300 sec total\n|\n|t:|1783572085\n|move|p1a: Veluza|Aqua Cutter|p2a: Jumpluff\n|-resisted|p2a: Jumpluff\n|-damage|p2a: Jumpluff|178/271\n|move|p2a: Jumpluff|Sleep Powder|p1a: Veluza\n|-status|p1a: Veluza|slp|[from] move: Sleep Powder\n|\n|upkeep\n|turn|41\n|inactive|Time left: 300 sec this turn | 300 sec total\n|\n|t:|1783572086\n|switch|p1a: Mightyena|Mightyena, L96, F|28/100\n|-ability|p1a: Mightyena|Intimidate|boost\n|-unboost|p2a: Jumpluff|atk|1\n|move|p2a: Jumpluff|Strength Sap|p1a: Mightyena\n|-unboost|p1a: Mightyena|atk|1\n|-heal|p2a: Jumpluff|271/271\n|\n|upkeep\n|turn|42\n|inactive|Time left: 300 sec this turn | 300 sec total\n|\n|t:|1783572087\n|switch|p2a: Rhydon|Rhydon, L85, F|133/317\n|move|p1a: Mightyena|Super Fang|p2a: Rhydon|[miss]\n|-miss|p1a: Mightyena|p2a: Rhydon\n|\n|upkeep\n|turn|43\n|inactive|Time left: 300 sec this turn | 300 sec total\n|\n|t:|1783572088\n|switch|p1a: Spiritomb|Spiritomb, L89, M|100/100\n|move|p2a: Rhydon|Earthquake|p1a: Spiritomb\n|-damage|p1a: Spiritomb|50/100\n|\n|-heal|p1a: Spiritomb|56/100|[from] item: Leftovers\n|upkeep\n|turn|44\n|inactive|Time left: 300 sec this turn | 300 sec total\n|\n|t:|1783572089\n|move|p2a: Rhydon|Earthquake|p1a: Spiritomb\n|-damage|p1a: Spiritomb|4/100\n|move|p1a: Spiritomb|Foul Play|p2a: Rhydon\n|-damage|p2a: Rhydon|21/317\n|\n|-heal|p1a: Spiritomb|10/100|[from] item: Leftovers\n|upkeep\n|turn|45\n|inactive|Time left: 300 sec this turn | 300 sec total\n|\n|t:|1783572090\n|move|p1a: Spiritomb|Shadow Sneak|p2a: Rhydon\n|-damage|p2a: Rhydon|0 fnt\n|faint|p2a: Rhydon\n|\n|-heal|p1a: Spiritomb|16/100|[from] item: Leftovers\n|upkeep\n|inactive|Time left: 300 sec this turn | 300 sec total | 5 sec grace\n|\n|t:|1783572091\n|switch|p2a: Weavile|Weavile, L79, F|120/240\n|turn|46\n|inactive|Time left: 300 sec this turn | 300 sec total\n|\n|t:|1783572092\n|move|p2a: Weavile|Knock Off|p1a: Spiritomb\n|-damage|p1a: Spiritomb|0 fnt\n|-enditem|p1a: Spiritomb|Leftovers|[from] move: Knock Off|[of] p2a: Weavile\n|faint|p1a: Spiritomb\n|\n|upkeep\n|\n|t:|1783572093\n|switch|p1a: Mightyena|Mightyena, L96, F|28/100\n|-ability|p1a: Mightyena|Intimidate|boost\n|-unboost|p2a: Weavile|atk|1\n|turn|47\n|inactive|Time left: 300 sec this turn | 300 sec total\n|\n|t:|1783572094\n|switch|p1a: Veluza|Veluza, L85, F|68/100 slp\n|move|p2a: Weavile|Triple Axel|p1a: Veluza\n|-resisted|p1a: Veluza\n|-damage|p1a: Veluza|65/100 slp\n|-resisted|p1a: Veluza\n|-damage|p1a: Veluza|59/100 slp\n|-resisted|p1a: Veluza\n|-damage|p1a: Veluza|52/100 slp\n|-hitcount|p1a: Veluza|3\n|\n|upkeep\n|turn|48\n|inactive|Time left: 300 sec this turn | 300 sec total\n|\n|t:|1783572095\n|switch|p1a: Mightyena|Mightyena, L96, F|28/100\n|-ability|p1a: Mightyena|Intimidate|boost\n|-unboost|p2a: Weavile|atk|1\n|move|p2a: Weavile|Knock Off|p1a: Mightyena\n|-resisted|p1a: Mightyena\n|-damage|p1a: Mightyena|18/100\n|-enditem|p1a: Mightyena|Assault Vest|[from] move: Knock Off|[of] p2a: Weavile\n|\n|upkeep\n|turn|49\n|inactive|Time left: 300 sec this turn | 300 sec total\n|\n|t:|1783572096\n|move|p2a: Weavile|Triple Axel|p1a: Mightyena\n|-damage|p1a: Mightyena|14/100\n|-damage|p1a: Mightyena|5/100\n|-damage|p1a: Mightyena|0 fnt\n|faint|p1a: Mightyena\n|-hitcount|p1: Mightyena|3\n|\n|upkeep\n|\n|t:|1783572097\n|switch|p1a: Veluza|Veluza, L85, F|52/100 slp\n|turn|50\n|inactive|Time left: 300 sec this turn | 300 sec total\n|\n|t:|1783572098\n|-terastallize|p1a: Veluza|Dark\n|-terastallize|p2a: Weavile|Dark\n|cant|p1a: Veluza|slp\n|move|p2a: Weavile|Knock Off|p1a: Veluza\n|-resisted|p1a: Veluza\n|-damage|p1a: Veluza|36/100 slp\n|-enditem|p1a: Veluza|Choice Scarf|[from] move: Knock Off|[of] p2a: Weavile\n|\n|upkeep\n|turn|51\n|inactive|Time left: 300 sec this turn | 300 sec total\n|\n|t:|1783572099\n|move|p2a: Weavile|Low Kick|p1a: Veluza\n|-supereffective|p1a: Veluza\n|-damage|p1a: Veluza|12/100 slp\n|cant|p1a: Veluza|slp\n|\n|upkeep\n|turn|52\n|inactive|Time left: 300 sec this turn | 300 sec total\n|\n|t:|1783572099\n|move|p2a: Weavile|Low Kick|p1a: Veluza\n|-supereffective|p1a: Veluza\n|-damage|p1a: Veluza|0 fnt\n|faint|p1a: Veluza\n|\n|win|p0y2864587d", "uploadtime": 1783572099, "views": 0, "rating": 0, "private": 0, "password": null, "_winner": "p0y2864587d", "_our_name": "p0y2864587d"}